4082 6194
533 291 672 350 H79

1485 290 1693 349 HENR.
1731 289 2090 350 DODWELLI
2121 290 2434 352 ‘DISSERT.
2472 290 2786 352 CYPRIAN.
2828 288 2921 346 III.

3695 291 3806 350 MBO

537 418 672 476 dem
721 417 890 474 simul
942 416 1209 488 collectis,
1259 416 1580 475 asserimus.
1632 421 1772 477 Cum
1819 421 1972 475 enim
2017 419 2158 475 illud
2199 477 2213 494 ι
2257 437 2408 489 mur,
2450 437 2581 494 quia
2622 417 2961 477 secundaria
3002 413 3386 472 immersionis
3432 417 3618 472 nostra:
3657 434 3809 476 emer-

537 513 853 570 dixerimus
879 511 1231 583 praecipuum
1257 512 1528 584 baptismi
1558 514 1738 580 fuisse
1770 514 2071 568 consilium
2097 519 2160 569 ut

535 607 744 663 Christi
785 605 1086 662 morientis
1125 608 1590 678 resurgentisque
1636 607 1944 678 imaginem
1978 608 2048 662 ad
2073 608 2157 662 vi-

534 717 668 756 vum
717 705 1214 773 reprmsentemus,
1261 701 1394 757 inde
1438 702 1613 758 etiam
1655 701 1915 757 beneficii
1952 702 2162 774 baptis-

533 795 702 850 malis
745 811 904 867 spem
957 812 1192 851 omnem
1238 795 1308 851 ab
1361 813 1430 850 ea
1474 797 1595 867 ipsa
1645 795 2160 868 repraesentatione

533 905 916 960 arcessamus;
963 889 1222 962 sequitur
1261 890 1503 961 proinde
1554 896 1614 946 ut
1673 907 1787 962 qua
1827 891 1941 945 vita
1990 894 2162 962 atque

532 987 717 1039 morte
758 984 1044 1040 Christum
1083 984 1502 1040 accuratissime
1539 984 1932 1056 exprimimus,
1961 985 2022 1040 in
2052 984 2162 1040 illis

533 1078 871 1150 primarium
916 1078 1184 1150 baptismi
1225 1079 1526 1134 consilium
1567 1079 2033 1134 constituendum
2071 1079 2160 1147 sit,

537 1172 606 1228 ab
634 1171 840 1228 iisdem
885 1171 1154 1244 baptismi
1197 1173 1370 1228 etiam
1415 1173 1696 1228 beneﬁcia
1735 1173 1850 1228 sint
1878 1172 2164 1245 praecipue

539 1265 912 1338 expectanda.
946 1266 1113 1338 Atqui
1145 1283 1434 1338 corporeae
1475 1274 1642 1324 erant
1677 1267 1790 1322 illas
1816 1267 2020 1325 Christi
2047 1272 2164 1323 tam

538 1377 695 1415 mors
737 1376 910 1432 quam
953 1362 1311 1430 resurrectio,
1342 1362 1546 1434 quibus
1593 1379 1694 1416 nos
1736 1363 2070 1434 proﬁtemur
2104 1362 2165 1417 in

537 1455 825 1526 baptismo
857 1455 1201 1518 conformes,
1235 1462 1291 1511 et
1316 1473 1560 1530 quarum
1596 1474 1698 1512 nos
1735 1455 1946 1512 ibidem
1973 1459 2163 1528 porte-

539 1565 670 1602 mus
695 1547 993 1619 imagines,
1028 1554 1088 1604 ut
1119 1549 1177 1604 in
1206 1567 1496 1622 corporea).
1530 1550 1960 1606 resurrectionis
1998 1567 2167 1615 causa

543 1643 584 1714 (l
615 1642 757 1705 Cor.,
792 1642 880 1714 xv)
908 1643 1164 1715 loquitur
1192 1644 1370 1700 etiam
1398 1645 1720 1717 Apostolus.
1750 1645 1978 1716 Mystica
2009 1644 2166 1699 enim

537 1737 878 1792 resurrectio
951 1736 997 1790 si
1067 1737 1185 1793 sola
1262 1739 1325 1792 in
1401 1738 1680 1810 baptismo
1748 1739 2162 1810 sponderetur,

2260 514 2551 587 sionisque
2598 515 2659 570 in
2701 513 2987 585 baptismo
3027 508 3437 582 signiﬁcatione
3476 509 3811 571 denotantur:

2261 615 2319 664 et
2349 615 2629 680 quatenus
2657 609 2780 664 haec
2818 607 3022 662 eadem
3059 604 3318 677 symbola
3343 620 3440 675 pro
3471 604 3653 660 Christi
3677 607 3816 664 etiam

2260 706 2425 776 parte
2450 703 2819 772 adhibentur,
2850 701 2896 756 is
2937 717 3055 756 una
3095 699 3339 771 spondet
3363 714 3432 753 ne
3459 715 3605 754 suam
3628 701 3817 771 quidem

2257 814 2500 870 operam
2525 797 2690 854 nobis
2717 797 3067 852 defuturam.
3105 797 3188 850 Ita
3213 795 3432 850 constat
3455 795 3749 864 martyrium
3773 796 3818 853 in

2262 891 2538 964 primaria
2564 891 2834 963 baptismi
2873 888 3292 962 signiﬁcatione
3328 887 3611 943 contineri.
3633 889 3820 946 Constat

2264 985 2469 1042 deinde
2497 986 2575 1042 ita
2599 1003 2633 1040 a
2662 986 2823 1042 nobis
2849 984 3239 1057 interpositam
3269 983 3416 1038 hanc
3436 983 3670 1054 martyrii
3688 1000 3822 1054 spon-

2265 1079 2507 1148 sionem,
2548 1083 2610 1134 ut
2636 1080 2710 1134 sit
2735 1080 2989 1135 conditio
3025 1096 3092 1134 ex
3134 1083 3331 1133 nostra
3372 1081 3524 1147 parte
3555 1077 3821 1146 praastanda

2265 1173 2418 1230 unde
2460 1174 2746 1245 pendeant
2783 1174 3012 1246 .reliqua
3055 1171 3323 1244 baptismi
3365 1170 3641 1226 beneﬁcia.
3667 1173 3734 1226 Ita
3757 1189 3821 1226 se-

2263 1269 2460 1340 quitur
2489 1285 2559 1324 ex
2585 1268 2738 1340 pacti
2767 1268 2941 1339 hujus
2963 1269 3113 1339 jure,
3145 1265 3417 1338 martyrio
3445 1263 3628 1318 saltem
3650 1264 3700 1318 in
3721 1268 3821 1320 voto

2259 1362 2460 1418 deberi
2496 1363 2692 1419 omnia
2739 1362 3012 1434 baptismi
3049 1360 3352 1416 beneﬁcia.
3391 1357 3635 1430 Sequitur
3674 1358 3742 1414 ita
3768 1359 3820 1413 ad

2259 1456 2538 1527 baptismi
2578 1456 3142 1514 consummationem
3181 1459 3436 1527 spectare
3462 1453 3758 1525 martyrium
3780 1459 3825 1508 ut

2265 1551 2610 1622 martyrium
2637 1551 2708 1606 de
2736 1551 2886 1606 facto
2926 1550 3246 1622 praestitum
3277 1550 3492 1620 spectat
3527 1547 3590 1603 ad
3618 1564 3826 1604 consum-

2254 1645 2587 1700 .mationem
2611 1645 2868 1718 martyrii
2898 1645 3176 1702 duntaxat
3203 1644 3264 1700 in
3294 1647 3442 1698 voto.

540 1835 659 1886 tota
727 1831 826 1886 illa
881 1831 1137 1902 Apostoli
1189 1833 1614 1905 argumentatio
1671 1833 2011 1889 concideret.
2071 1835 2242 1919 EstB
2337 1831 2370 1903 §
2415 1833 2502 1887 31.
2549 1861 2617 1873 -οι
2659 1832 2743 1888 .Ne
2786 1848 2921 1888 vero
2969 1831 3186 1886 nimius
3239 1830 3436 1886 videar
3482 1830 3541 1884 in
3593 1830 3825 1902 captandis

540 1924 774 1996 quidem
804 1924 1280 1982 verisimillimum
1315 1927 1447 1982 inde
1481 1931 1672 1984 ortum
1711 1944 1832 1984 esse
1875 1943 2162 1984 resurrec-

541 2018 756 2074 tionem
795 2019 1132 2092 negantium
1186 2038 1444 2077 errorem
1492 2023 1646 2094 quod
1687 2023 2164 2078 resurrectionem

541 2113 700 2170 illam
729 2113 1000 2185 baptismi
1019 2115 1395 2186 symbolicam
1420 2116 1489 2172 de
1512 2116 1686 2173 solius
1703 2116 1910 2171 animm
1933 2117 2166 2188 mystica

539 2207 974 2278 resurrectione,
999 2225 1116 2264 non
1145 2209 1284 2264 item
1313 2211 1564 2282 corporis
1589 2211 2004 2283 intelligerent.
2023 2213 2165 2268 Cum

539 2303 730 2358 autem
762 2319 832 2358 ex
864 2303 1123 2358 universa
1163 2303 1264 2359 illa
1294 2305 1537 2376 apostoli
1574 2306 1960 2378 disputatione
1988 2305 2167 2360 mani~

538 2395 750 2452 festum
779 2397 874 2467 sit,
907 2397 1048 2453 illud
1087 2397 1262 2454 fuisse
1300 2399 1658 2471 praecipuum
1687 2399 1952 2471 baptismi
1986 2398 2167 2456 consi-

541 2490 687 2546 lium
715 2497 793 2561 ut,
821 2492 890 2547 de
931 2509 1043 2564 quo
1080 2494 1368 2566 praecipue
1407 2493 1556 2549 illius
1597 2493 1780 2550 aetatis
1823 2490 1966 2548 ﬁdes
1995 2494 2164 2549 vacil-

539 2585 705 2655 laret,
736 2586 805 2640 de
845 2602 912 2642 eo
941 2587 1442 2660 interponerentur
1479 2588 1886 2660 promissiones
1913 2589 1973 2643 in
2001 2593 2166 2660 pacto

540 2678 863 2750 baptismali
927 2681 1188 2737 omnium
1239 2683 1610 2753 certissimae;
1673 2683 1842 2754 plane
1910 2682 2166 2754 sequitur

541 2774 750 2830 Christi
773 2776 1271 2848 resurrectionem,
1295 2793 1413 2832 non
1440 2777 1610 2832 aliam
1637 2794 1808 2850 quam
1828 2794 2167 2850 corpoream

531 2867 600 2924 .in
649 2868 931 2941 baptismo
984 2871 1262 2941 exhiberi,
1313 2872 1407 2927 cui
1464 2875 1522 2927 et
1579 2877 1774 2928 nostra
1825 2873 2168 2944 respondeat

545 2965 890 3018 resurrectio
917 2966 1203 3037 praecipue
1233 2982 1524 3038 corporea.
1557 2967 1715 3034 Quod
1742 2983 1874 3022 vero
1905 2967 1976 3022 ad
2007 2983 2164 3021 mor-

543 3062 665 3112 tem
707 3060 1309 3133 resurrectionemque
1356 3061 1622 3132 mysticas
1672 3061 1893 3130 attinet,
1944 3065 2166 3116 tantum

543 3151 706 3208 abest
761 3158 821 3208 ut
865 3169 972 3225 per
1017 3154 1143 3209 illas
1185 3155 1470 3226 possimus
1514 3155 1720 3213 Christi
1767 3167 1931 3234 φορεῖν
1976 3159 2160 3226 εἰκόνα,

2261 1924 2626 1997 .baptismalis
2673 1926 2821 1998 pacti
2879 1925 3168 1997 minutiis,
3222 1925 3428 1998 colligo
3479 1923 3694 1996 septimo
3738 1941 3824 1978 non

2266 2019 2440 2074 modo
2483 2036 2555 2075 ex
2596 2020 2748 2076 illius
2796 2021 2947 2093 pacti
2993 2020 3144 2091 lege,
3193 2020 3291 2075 sed
3340 2035 3471 2074 vero
3521 2035 3586 2075 ex
3625 2019 3822 2088 ejusdem

2269 2113 2442 2168 etiam
2473 2114 2764 2186 mquitate,
2794 2114 3071 2170 vindicari
3101 2131 3268 2187 posse
3317 2115 3378 2169 in
3410 2114 3694 2186 sanguineo
3715 2113 3823 2183 bap-

2266 2207 2436 2265 tismo
2497 2210 2693 2264 omnia
2748 2208 3027 2264 beneﬁcia
3080 2226 3114 2264 a
3159 2208 3386 2265 Christo
3440 2226 3539 2280 pro
3584 2225 3672 2262 sua
3714 2207 3826 2278 pacti

2263 2301 2619 2374 baptismalis
2677 2308 2839 2374 parte
2885 2304 3230 2376 praestanda,
3283 2320 3361 2360 ne
3411 2303 3546 2376 quid
3589 2318 3827 2374 superesse

2265 2395 2548 2467 videatur,
2583 2414 2684 2452 cur
2712 2397 3040 2452 dubitemus
3070 2402 3293 2454 rectene
3324 2399 3447 2454 haec
3473 2402 3528 2452 et
3550 2413 3644 2468 pro
3668 2395 3829 2453 Christi

2263 2494 2460 2546 mente
2491 2495 2710 2547 veteres
2737 2491 3091 2564 collegerint.
3119 2493 3264 2549 Cum
3291 2492 3450 2548 enim
3472 2492 3587 2564 jam
3615 2490 3828 2546 ostende-

2267 2585 2450 2641 rimus
2494 2585 2884 2642 conditionem
2930 2605 2965 2642 a
3002 2587 3167 2642 nobis
3212 2586 3612 2658 praestandam,
3641 2601 3735 2656 qua
3760 2584 3830 2654 jus

2267 2679 2407 2734 illud
2455 2697 2870 2753 consequamur
2913 2682 2984 2736 ad
3022 2680 3297 2753 promissa
3348 2680 3549 2736 Christi
3591 2677 3829 2743 beneﬁcia,

2266 2773 2413 2829 hanc
2437 2774 2624 2846 ipsam
2657 2791 2778 2830 esse
2811 2776 3067 2847 corporis
3111 2775 3288 2831 nostri
3329 2792 3435 2848 pro
3475 2775 3677 2832 Christo
3707 2773 3835 2827 devo-

2266 2867 2521 2938 tionem;
2577 2869 2732 2940 quod
2784 2870 3164 2925 nihilominus
3213 2886 3419 2926 recens
3467 2869 3729 2941 baptizatis
3773 2867 3833 2921 in-

2267 2969 2507 3018 cruenta
2562 2967 2747 3019 morte
2801 2963 3039 3019 sublatis
3083 2965 3358 3020 concedat
3402 2967 3589 3019 tamen
3630 2962 3832 3019 Christus

2265 3056 2538 3128 baptismi
2567 3057 2869 3126 beneﬁcia,
2902 3059 3048 3114 ratio
3071 3075 3188 3114 non
3215 3062 3306 3114 est
3331 3059 3484 3130 quod
3509 3057 3832 3115 conditionem

2267 3150 2428 3206 illam
2457 3152 2826 3224 praestiterint
2867 3153 2960 3208 cui
3003 3153 3279 3209 debentur
3324 3171 3393 3210 ex
3437 3153 3582 3225 pacti
3617 3151 3831 3223 aaquitate

540 3258 606 3309 ut
632 3271 705 3308 ne
735 3221 885 3308 vere—
913 3254 1147 3325 quidem
1185 3221 1442 3311 Christus
1486 3271 1554 3310 eo
1599 3221 1784 3310 sensu.
1799 3221 1873 3310 sit
1913 3221 2242 3328 unquamC
2269 3221 2530 3318 θᾶυδάέω
2561 3247 2856 3318 beneﬁCia.
2887 3249 2988 3306 38d
3031 3265 3145 3320 quo
3187 3249 3387 3320 Ρτίωδ
3429 3221 3576 3320 133‘“
3612 3221 3832 3302 δθίὶθθείδ

541 3352 808 3402 mortuus
843 3353 941 3402 aut
986 3349 1385 3404 resurrexerit.
1426 3348 1566 3406 Mori
1614 3348 1709 3403 ille
1761 3353 1996 3420 peccato
2050 3367 2167 3406 non

541 3442 727 3514 potuit
754 3443 853 3512 qui
878 3459 1182 3514 nunquam
1228 3442 1281 3499 ei
1306 3443 1542 3500 vixerat.
1574 3443 1905 3499 Mortiﬁcare
1941 3460 2168 3500 carnem

541 3553 656 3591 non
687 3553 828 3608 opus
871 3536 1070 3592 habuit
1093 3536 1188 3608 qui
1230 3537 1445 3593 nullam
1486 3554 1738 3609 unquam
1783 3538 1953 3593 sensit
1984 3538 2167 3594 carnis

539 3631 938 3686 rebellionem.
966 3632 1080 3686 Nec
1106 3631 1420 3687 resurrexit
1447 3631 1540 3686 ille
1568 3632 1642 3687 ad
1673 3649 1875 3687 novam
1908 3633 2168 3704 spiritua-

538 3725 767 3796 lemque
812 3724 984 3780 vitam
1017 3725 1118 3796 qui
1162 3729 1552 3797 praeterquam
1596 3727 1953 3798 spiritualem
1995 3727 2167 3782 vitam

540 3819 711 3873 aliam
740 3819 960 3874 nullam
985 3836 1248 3891 unquam
1278 3820 1540 3876 duxerat.
1583 3820 1810 3892 Mystica
1841 3838 1981 3892 ergo
2015 3837 2167 3876 mors

539 3915 716 3985 atque
756 3915 1103 3970 resurrectio
1146 3915 1506 3970 secundarias
1546 3914 1718 3970 fuisse
1763 3919 2006 3986 oportet,
2050 3932 2167 3971 non

541 4008 824 4080 primariae
876 4009 936 4064 in
979 4009 1264 4080 baptismo
1301 4009 1842 4080 repraesentationis,
1888 4015 2167 4081 quatenus

542 4107 598 4157 et
637 4102 770 4169 illm,
813 4119 1148 4174 quanquam
1185 4103 1402 4158 nullam
1433 4120 1565 4158 cum
1592 4104 1814 4160 Christo
1855 4103 2166 4159 conformi-

539 4198 713 4250 tatem
765 4195 901 4266 ipsae
948 4197 1239 4265 denotent,
1299 4197 1601 4268 disponant
1651 4198 1850 4252 saltem
1895 4198 1965 4254 ad
2007 4198 2166 4254 illam

541 4289 864 4346 animarum
901 4293 1225 4346 nostrarum
1255 4307 1385 4346 cum
1428 4291 1652 4348 Christo
1679 4291 2164 4360 conformitatem,

543 4399 718 4454 quam
753 4388 810 4439 et
834 4384 1018 4455 ipsam
1047 4384 1273 4441 Christo
1295 4385 1492 4440 .fateor
1521 4401 1642 4440 esse
1669 4385 2076 4457 gratissimam.

611 4478 759 4550 §30.
787 4508 856 4520 —-
885 4479 1025 4535 Cum
1067 4479 1262 4551 itaque
1305 4479 1504 4534 mortis
1543 4479 1667 4534 haec
1710 4479 2163 4535 resurrectionis-

2269 3340 2448 3412 gratis
2473 3342 2865 3398 concedantur
2893 3348 2950 3398 et
2986 3342 3108 3397 sine
3138 3342 3252 3398 ulla
3282 3359 3516 3415 prorsus
3544 3341 3830 3406 conditione,

2266 3436 2589 3506 prmsertim
2619 3435 2732 3491 illis
2776 3436 2874 3508 qui
2901 3438 3160 3493 nondum
3195 3439 3407 3494 actuali
3439 3436 3744 3508 obligationi
3761 3439 3833 3488 aut

2267 3529 2577 3584 conditioni
2644 3531 2716 3585 de
2777 3531 2928 3586 facto
2996 3533 3342 3602 prasstandaa
3408 3531 3628 3587 obnoxii
3671 3533 3829 3595 essent,

2266 3630 2501 3695 propter
2535 3624 2969 3696 incapacitatem
2997 3626 3264 3697 subjecti.
3303 3626 3632 3683 Adultorum
3661 3624 3749 3679 alia
3770 3624 3833 3677 est

2268 3719 2506 3774 omnino
2564 3719 2731 3774 ratio.
2771 3720 2949 3784 Quam
2992 3720 3149 3775 enim
3195 3721 3583 3776 conditionem
3625 3718 3829 3774 nondum

2265 3817 2535 3883 praestare
2557 3819 2960 3884 possunt,eam
2987 3815 3130 3870 velle
3149 3816 3349 3871 saltem
3375 3819 3650 3888 poterant,
3669 3811 3831 3868 utfacti

2265 3905 2388 3961 loco
2417 3907 2571 3977 apud
2598 3908 2779 3962 Deum
2807 3908 3088 3965 habeatur
3114 3909 3261 3964 illud
3286 3911 3477 3982 ipsum
3509 3914 3703 3964 votum.
3724 3906 3832 3960 Sunt

2268 4003 2463 4055 autem
2493 4000 2650 4056 inter
2675 4017 2734 4057 se
2761 4002 3073 4058 admodum
3101 4003 3345 4060 diversa:
3373 4005 3483 4060 illa:
3504 4001 3752 4076 aequitatis
3773 4015 3832 4054 ra-

2265 4094 2449 4150 tiones
2477 4112 2589 4167 qua
2619 4096 2746 4166 quis
2787 4103 3087 4152 excusatur
3113 4115 3146 4152 a
3179 4100 3504 4170 praestanda
3529 4098 3665 4170 pacti
3689 4093 3831 4150 condi-

2266 4188 2420 4244 tione
2446 4193 2502 4244 et
2531 4206 2644 4261 qua
2671 4190 2797 4262 quis
2827 4192 3089 4247 eamdem
3117 4192 3262 4265 legis
3289 4194 3664 4249 conditionem
3689 4203 3832 4245 cense-

2265 4288 2359 4338 tur
2389 4283 2731 4355 implevisse,
2767 4284 2813 4339 si
2855 4287 3048 4341 minus
3087 4287 3158 4342 ad
3199 4287 3453 4343 litteram
3497 4287 3652 4358 legis,
3675 4287 3724 4338 at
3753 4296 3830 4354 pro

2264 4377 2612 4449 legislatoris
2655 4380 2969 4447 sententia,
3007 4380 3054 4435 si
3095 4397 3294 4453 aequus
3339 4382 3509 4438 modo
3552 4379 3833 4436 adhibeatur

2263 4471 2408 4543 legis
2439 4472 2743 4544 interpres.
2789 4474 2870 4528 lta
2913 4474 3092 4546 igitur
3136 4476 3480 4547 martyrium
3506 4475 3566 4530 in
3595 4477 3706 4528 voto
3735 4484 3830 4524 cum

539 4588 650 4644 quo
689 4572 750 4628 in
792 4572 1077 4644 baptismo
1120 4573 1548 4645 repraesentatio
1589 4574 1660 4629 ad
1700 4590 1934 4645 corpora
1972 4577 2244 4670 nostraD
2267 4566 2343 4670 sit
2369 4582 2471 4637 pro
2497 4566 2640 4638 legis
2671 4567 2864 4622 littera
2899 4567 3089 4638 reipsa
3124 4569 3302 4639 aliud,
3336 4570 3492 4624 idem
3535 4573 3713 4625 tamen
3739 4581 3834 4665 ceu-

539 4667 729 4739 primo
755 4667 1059 4724 referenda
1087 4684 1210 4724 esse
1247 4668 1686 4740 probaverimus
1715 4685 1729 4723 :
1767 4669 2022 4740 sequitur
2049 4668 2164 4740 pri-

538 4761 786 4817 marium
812 4762 1079 4834 baptismi
1121 4762 1422 4818 consilium
1459 4779 1580 4818 esse
1612 4767 1674 4818 ut
1701 4779 1941 4834 corpora
1972 4766 2166 4818 nostra

537 4855 762 4910 Christo
814 4856 1216 4925 devoveamus,
1263 4873 1478 4929 nosque
1531 4861 1825 4928 promptos
1873 4858 2158 4929 spondea-

535 4966 664 5006 mus
692 4953 1034 5022 paratosque
1079 4956 1143 5006 ut
1178 4951 1386 5009 Christi
1423 4968 1590 5008 causa
1633 4955 1881 5007 mortem
1925 4957 2160 5024 oppeta-

536 5062 683 5112 mus,
712 5061 1018 5117 corporum
1046 5044 1323 5101 videlicet.
1350 5046 1485 5102 lude
1513 5045 1867 5117 reliquorum
1894 5046 2164 5116 baptismi

533 5137 949 5195 beneﬁciorum
977 5156 1140 5211 spem
1182 5139 1542 5212 concipimus
1583 5140 2006 5213 accipimusque
2037 5157 2159 5196 om-

535 5232 700 5290 nium
731 5234 1128 5290 certissimam.
1153 5234 1438 5307 Imprimis
1459 5235 1531 5290 de
1558 5235 1724 5290 beata
1750 5235 2162 5291 resurrectione

538 5327 792 5398 corporis
839 5329 1114 5386 nimirum
1165 5330 1283 5397 illa,
1335 5345 1462 5401 quae
1513 5329 1762 5400 corporis
1808 5329 2163 5401 passionibus

543 5421 958 5478 accuratissime
987 5423 1315 5495 respondet.
1344 5425 1594 5496 Quasque
1634 5426 1698 5478 ut
1730 5423 2016 5496 praecipua
2043 5429 2165 5480 erat

534 5515 824 5589 plerisque
855 5517 999 5572 ratio
1023 5517 1487 5589 Christianitatis,
1521 5535 1588 5574 ea
1623 5518 1946 5591 prmaertim
1973 5523 2159 5589 astate,

533 5611 903 5684 recipiendae,
947 5610 1024 5665 ita
1066 5611 1286 5668 creditu
1336 5618 1458 5668 erat
1498 5613 1757 5670 omnium
1801 5614 2161 5687 difﬁcillima,

533 5705 595 5758 ut
628 5699 876 5774 proinde
917 5707 1368 5761 consentaneum
1406 5710 1557 5762 esset
1593 5721 1720 5762 eam
1752 5705 2162 5775 commendari

522 5795 880 5868 argumentis
908 5796 1142 5857 omnino
1181 5798 1533 5859 certissimis.
1568 5801 1715 5855 Tum
1756 5805 1815 5856 et
1859 5801 2162 5873 mysticam

523 5901 749 5964 quoque
801 5886 960 5948 illam
997 5893 1246 5952 mortem
1285 5889 1888 5965 resurrectionemque
1925 5891 2160 5967 pollice-

2265 4659 2484 4715 sebitur
2510 4677 2639 4716 cum
2678 4661 2952 4733 martyrio
2978 4662 3050 4717 de
3077 4663 3226 4719 facto
3271 4681 3377 4736 pro
3405 4655 3830 4735 interpretationis

2265 4755 2551 4826 equitate.
2593 4757 2681 4812 lta
2706 4756 2804 4811 ﬁet
2830 4761 2895 4811 ut
2937 4758 3130 4812 omnia
3165 4758 3446 4830 baptismi
3486 4755 3730 4814 beneﬁcia
3755 4750 3831 4807 soli

2265 4849 2588 4931 debeantur
2613 4853 2911 4922 martyrio,
2941 4851 3141 4907 saltem
3172 4852 3232 4906 in
3269 4860 3416 4909 voto.
3455 4853 3607 4918 Quod
3631 4852 3675 4906 si
3697 4847 3830 4904 etiam

2264 4943 2323 4998 in
2347 4943 2640 5015 baptizatis
2674 4960 2789 4999 non
2831 4946 3199 5018 martyribus,
3229 4948 3338 5003 soli
3386 4954 3574 5004 tamen
3613 4940 3830 5013 martyrio

2263 5037 2322 5092 in
2349 5045 2476 5095 voto
2504 5038 2785 5094 debeatur
2803 5039 2899 5110 jus
2936 5039 3075 5095 illud
3115 5057 3286 5097 omne
3330 5043 3484 5115 quod
3514 5036 3769 5096 consecuti
3789 5034 3830 5088 in

2263 5132 2548 5204 baptismo
2589 5136 2724 5188 sunt
2757 5134 2828 5188 ad
2869 5134 3142 5207 baptismi
3174 5136 3486 5205 beneﬁcia;
3522 5136 3642 5209 quis
3666 5126 3832 5201 estqui

2262 5242 2381 5281 non
2403 5227 2593 5282 videat
2607 5227 2813 5299 potiori
2840 5228 3059 5284 ratione
3081 5229 3452 5286 tribuendum
3475 5245 3590 5285 esse
3609 5221 3828 5296 martyrio

2262 5321 2516 5377 actuali?
2545 5323 2642 5378 Est
2671 5322 2829 5378 enim
2868 5323 2991 5378 haec
3017 5324 3160 5396 legis
3192 5325 3315 5398 ipsa
3342 5323 3608 5391 conditio,
3633 5337 3737 5378 non
3760 5332 3830 5372 au-

2262 5419 2382 5472 tem
2407 5415 2562 5472 aliud
2587 5416 2726 5489 quid
2751 5417 2900 5490 quod
2928 5434 3095 5491 aequo
3124 5425 3289 5492 egeat
3315 5421 3458 5492 legis
3481 5417 3766 5489 interprete
3785 5409 3830 5464 ut

2263 5526 2366 5583 pro
2411 5509 2538 5583 ipsa
2576 5511 2926 5582 conditione,
2973 5518 3293 5570 censeatur.
3335 5514 3662 5587 Quanquam
3692 5506 3831 5580 igitur

2262 5621 2550 5678 nusquam
2603 5606 2837 5663 aliunde
2890 5610 3208 5680 constaret,
3266 5609 3486 5666 disertis
3539 5602 3830 5675 evangelica

2263 5700 2404 5772 legis
2436 5700 2625 5756 verbis
2654 5702 2932 5776 martyrio
2960 5703 3156 5762 deberi
3192 5703 3458 5778 baptismi
3500 5698 3769 5762 beneﬁcia;
3789 5691 3831 5748 id

2262 5798 2458 5851 tamen
2501 5795 2673 5852 facile
2723 5814 2794 5855 ex
2838 5799 2958 5872 ipsa
3013 5799 3273 5874 ejusdem
3323 5797 3595 5858 ratiocinii
3639 5788 3828 5866 sequela

2262 5887 2680 5966 collegerimus.
