4082 6194
233 169 363 227 1181

1312 168 1399 228 DE
1437 167 1744 231 SECUNDO
1780 171 2105 232 MARTYRII
2154 176 2507 235 BAPTISMO.

3480 187 3616 241 “8?

306 297 338 368 §
369 299 457 352 32.
486 324 557 335 —
584 296 680 352 Est
706 294 863 351 enim
903 313 967 351 ea
1010 295 1069 351 in
1118 297 1295 367 omni,
1326 297 1582 353 humana
1614 315 1864 372 quoque,
1891 312 1949 387 Α
1970 305 2211 371 standas,
2242 321 2309 359 eo
2342 306 2712 378 consequitur
2755 306 3139 381 accressitque
3184 308 3344 364 nobis
3387 312 3484 383 jus
3539 313 3612 367 ad

236 389 656 463 legumlatione
687 390 929 462 probata
970 392 1390 463 argumentatio
1426 410 1538 465 qua
1569 395 1761 465 legum
1796 412 1885 450 ca-

233 487 391 541 sibus
445 484 668 539 omissis
727 502 756 539 e
822 485 1108 540 ratiocinii
1172 487 1415 558 paritate
1479 488 1879 560 prospicimus.

1986 398 2311 453 mercedem
2344 416 2377 454 a
2406 400 2520 455 Deo
2547 403 2928 472 praestandam
2954 403 3194 458 validius
3224 422 3237 472 ;
3268 422 3334 459 eo
3365 411 3421 460 et
3450 406 3613 460 vicis-

1984 492 2087 546 sim
2118 493 2302 563 major
2330 494 2437 548 erit
2465 494 2639 566 ipsius
2676 496 2773 551 Dei
2804 498 2877 551 ad
2914 498 3257 566 mercedem,
3289 516 3463 570 quam
3492 502 3612 571 pol-

232 581 347 636 lllis
391 596 601 651 nempe
651 580 964 634 canonibus
1009 580 1372 652 generalibus
1417 583 1679 654 oriunda,
1732 585 1881 655 quod
1981 585 2168 640 licitus
2197 592 2300 654 est,
2345 589 2756 658 praestandam,
2787 590 3106 663 obligatio:
3146 610 3212 647 eo
3253 594 3427 648 etiam
3466 594 3614 649 favo-

232 681 417 737 causis
446 679 712 734 omnibus
758 679 1079 735 consultum
1113 688 1385 753 cuperent
1426 684 1876 755 legumlatores;

1979 696 2105 734 rem
2154 681 2247 735 Dei
2289 698 2614 752 possumus,
2645 699 2750 755 pro
2796 685 2949 755 pacti
2996 685 3241 753 ratione,
3272 688 3611 759 ampliorem

234 776 391 848 quod
426 776 711 830 rationem
745 774 953 846 ubique
984 774 1191 829 ducem
1236 777 1393 848 sequi
1433 778 1685 844 vellent;
1727 780 1879 850 quod
1981 774 2140 828 nobis
2189 776 2511 831 vendicare.
2561 776 2708 840 Quin
2760 780 2835 845 et,
2885 779 3057 832 missa
3104 780 3250 851 pacti
3288 783 3609 837 considera-

232 870 478 942 denique
509 886 681 941 quam
712 868 993 923 rationem
1029 868 1087 923 in
1138 886 1247 924 una
1288 886 1457 925 causa
1497 872 1874 943 probassent;

237 964 499 1019 eamdem
527 968 718 1018 essent
742 966 799 1018 et
824 963 883 1017 in
926 962 1047 1017 aliis
1078 962 1343 1018 similiter
1380 965 1697 1035 probaturi.
1736 967 1875 1022 Inde

232 1059 517 1129 contingit
558 1062 623 1112 ut
667 1074 795 1129 quae
842 1058 924 1112 ita
970 1057 1277 1112 constituta
1319 1058 1551 1129 fuerint,
1606 1076 1721 1115 non
1769 1078 1872 1132 pro

232 1153 609 1225 prudentium
661 1152 830 1207 modo
871 1152 1119 1207 consiliis
1166 1152 1501 1224 habeantur,
1545 1154 1639 1209 sed
1676 1155 1873 1226 legum

232 1248 403 1303 etiam
423 1246 537 1301 vim
559 1246 876 1302 obtineant.
895 1247 1031 1301 Inde
1059 1246 1335 1319 sequitur,
1358 1246 1403 1301 si
1430 1248 1518 1302 vel
1552 1264 1655 1319 pro
1676 1250 1871 1321 legum

230 1342 617 1397 humanarum
667 1342 926 1413 exemplo
972 1341 1166 1396 divina
1199 1342 1369 1396 etiam
1409 1342 1687 1414 legislatio
1727 1349 1872 1401 esset

226 1436 589 1491 instituenda
644 1435 876 1491 rationis
907 1437 1212 1507 paritatem
1241 1454 1347 1509 pro
1380 1436 1569 1492 divina
1597 1454 1718 1494 esse
1746 1439 1870 1510 lege

225 1530 686 1601 intelligendam.
718 1529 887 1601 Atqui
933 1531 1117 1601 major
1158 1534 1311 1586 certe
1338 1536 1423 1587 est
1452 1531 1593 1587 ratio
1639 1548 1740 1587 cur
1779 1549 1869 1588 va-

225 1624 344 1679 lere
376 1624 436 1678 in
465 1624 654 1680 divina
683 1624 1041 1695 legislatione
1073 1625 1278 1680 debeat
1298 1626 1421 1680 haec
1441 1627 1865 1697 argumentatio

1978 869 2153 936 tione,
2192 869 2444 924 favorem
2481 870 2705 940 saltem,
2738 888 2913 943 quem
2959 873 3095 941 dixi,
3126 876 3226 931 Dei
3256 875 3415 930 illum
3456 880 3611 931 tanto

1975 963 2179 1036 majori
2229 978 2360 1018 cum
2414 963 2629 1020 ﬁducia
2679 982 2977 1038 possumus
3024 972 3344 1040 expectare,
3393 976 3608 1042 quanto

1974 1062 2231 1113 nostram
2286 1075 2480 1115 versus
2536 1061 2717 1114 Deum
2760 1060 3227 1117 benevolentiam
3268 1064 3609 1119 luculentius

1972 1156 2243 1208 testatum
2304 1154 2561 1209 facimus.
2610 1154 2717 1220 Qui
2781 1160 2976 1210 autem
3045 1158 3390 1229 sanguinem
3441 1176 3607 1214 suum

1972 1264 2077 1319 pro
2107 1248 2222 1303 Deo
2254 1248 2590 1319 profuderit,
2622 1248 2773 1303 hunc
2803 1266 2976 1304 nemo
3005 1250 3230 1305 dubitet
3257 1252 3427 1323 longe
3455 1256 3607 1315 certe

1972 1343 2321 1397 testatiorem
2365 1343 2559 1399 fecisse
2602 1360 2763 1397 suam
2801 1361 2991 1399 versus
3034 1345 3212 1400 Deum
3251 1346 3605 1403 benevolen-

1970 1437 2126 1507 tiam,
2155 1454 2327 1509 quam
2358 1438 2455 1510 qui
2484 1442 2755 1511 prompto
2787 1438 2962 1494 fuerit
2999 1439 3272 1495 duntaxat
3307 1442 3603 1513 expedito-

1968 1548 2077 1604 que
2139 1531 2210 1586 ad
2274 1532 2745 1604 profundendum
2805 1534 3021 1589 animo.
3080 1536 3148 1589 Et
3212 1552 3343 1590 cum
3405 1537 3607 1606 gratias

1968 1625 2197 1697 speciali
2244 1626 2565 1682 tribuamus
2604 1628 2650 1682 si
2700 1626 2827 1700 quis
2880 1645 2983 1699 pro
3041 1628 3190 1683 facto
3249 1629 3603 1685 voluntatem

228 1735 402 1790 quam
430 1719 489 1773 in
516 1719 791 1773 humana.
822 1720 1116 1775 Falluntur
1142 1719 1297 1775 enim
1324 1720 1383 1775 in
1415 1721 1531 1775 suis
1556 1694 1941 1777 ratiociniis/B
1964 1719 2135 1775 fuerit
2182 1720 2607 1792 interpretatus,
2652 1722 2886 1793 signum
2944 1727 3029 1777 est
3079 1723 3333 1794 profecto
3388 1724 3601 1777 factum

223 1818 464 1873 humani
516 1817 688 1872 etiam
745 1818 1144 1890 legislatorcs,
1195 1836 1300 1874 nec
1346 1822 1609 1892 sequeIas
1666 1839 1864 1879 omnes

226 1911 566 1984 praevident,
598 1911 773 1966 etiam
800 1912 1122 1983 legitimas;
1154 1916 1215 1967 ut
1255 1914 1500 1985 proinde
1531 1916 1701 1971 etiam
1730 1934 1862 1971 cum

224 2012 379 2061 recte
425 2009 896 2077 argumentamur
938 2024 1009 2061 ex
1060 2023 1260 2062 eorum
1306 2009 1621 2082 principiis,
1668 2010 1862 2067 adhuc

230 2108 435 2159 tamen
492 2103 756 2157 dubitare
806 2104 973 2158 liceat
1034 2106 1301 2159 essentne
1356 2108 1544 2160 tamen
1601 2106 1685 2161 illi
1737 2124 1862 2162 nos-

224 2203 339 2253 tras
406 2198 661 2269 sequelas
741 2198 1056 2268 probaturi.
1127 2199 1271 2253 Deus
1338 2204 1531 2255 tamen
1609 2218 1717 2257 nec
1796 2202 1857 2257 in

206 2291 523 2364 principiis
571 2292 932 2362 hallucinari,
982 2308 1087 2347 nec
1126 2289 1189 2350 in
1232 2293 1500 2365 sequelis,
1543 2299 1747 2366 potest.
1776 2299 1860 2353 Ita

221 2396 442 2446 certum
476 2390 586 2446 erit
612 2408 780 2462 quam
816 2391 1106 2446 rationem
1140 2391 1197 2444 in
1224 2408 1537 2448 unavcausa
1573 2395 1852 2465 probarit,

222 2488 283 2542 in
332 2488 457 2542 aliis
507 2488 679 2542 etiam
730 2504 849 2542 esse
908 2490 1261 2559 agniturum.
1316 2492 1549 2546 Certum
1615 2492 1763 2558 erit,
1811 2492 1858 2545 si

222 2580 485 2652 martyrii
510 2597 675 2636 causa
721 2584 881 2635 tanta
917 2581 1199 2636 beneficia
1236 2582 1293 2637 in
1339 2583 1623 2653 baptismo
1653 2600 1854 2640 conce-

221 2680 339 2748 dat,
382 2679 487 2750 ipsi
515 2680 790 2751 martyrio
830 2680 998 2749 longe
1037 2680 1244 2751 potiori
1296 2682 1519 2736 ratione
1557 2698 1855 2737 concessu-

219 2790 374 2828 rum.
407 2774 637 2829 Certum
666 2774 713 2827 si
750 2773 1004 2845 martyrii
1034 2776 1120 2829 vel
1153 2779 1343 2829 votum
1390 2781 1548 2830 tanta
1580 2778 1769 2831 tamen
1802 2782 1858 2832 et

219 2875 341 2923 tam
372 2867 595 2937 c0piosa
641 2868 904 2922 mercede
951 2874 1304 2940 compenset,
1334 2870 1481 2924 nihil
1530 2886 1651 2925 esse
1698 2870 1854 2942 quod

219 2966 548 3016 metuamus
605 2962 789 3015 soluto
840 2965 966 3015 voto
1021 2963 1285 3018 eamdem
1340 2964 1663 3018 mercedem
1731 2981 1854 3019 esse

1966 1815 2151 1886 ipsum
2179 1816 2250 1870 ad
2269 1816 2505 1887 justitiae
2525 1816 2809 1871 rationem
2838 1816 3102 1888 proprius
3127 1817 3600 1890 accedere,longe

1963 1913 2113 1964 certe
2158 1910 2346 1965 adhuc
2392 1909 2625 1982 propius
2652 1910 2927 1982 siquando
2954 1910 3102 1982 pacti
3129 1912 3302 1966 etiam
3336 1912 3598 1967 conside-

1962 2005 2103 2060 ratio
2136 2004 2546 2059 intercesserit.
2580 2006 2679 2061 Est
2729 2005 2925 2077 itaque
2959 2010 3181 2061 naturae
3225 2005 3393 2078 pacti,
3431 2011 3512 2062 est
3543 2011 3601 2061 et

1961 2104 2126 2154 rectm
2156 2099 2387 2167 rationi,
2416 2115 2650 2171 prorsus
2679 2104 3235 2169 consentaneum,ut
3263 2117 3433 2172 quam
3464 2117 3596 2171 pec-

1963 2196 2224 2248 catorum
2280 2193 2701 2265 indulgentiam
2758 2193 3073 2264 plenariam
3113 2193 3401 2264 baptismo
3460 2210 3598 2249 con-

1960 2292 2237 2363 cedimus,
2287 2309 2415 2348 eam
2462 2310 2565 2348 nec
2614 2292 2890 2364 martyrio
2934 2292 3264 2364 negandam
3311 2293 3596 2349 existime-

1959 2408 2109 2446 IDUS.

2029 2486 2060 2557 §
2102 2487 2190 2541 34.
2230 2515 2299 2525 —-
2339 2485 2480 2554 Quid
2532 2485 2686 2558 quod
2737 2485 2879 2541 illud
2932 2486 3133 2555 etiam,
3186 2503 3290 2558 pro
3349 2487 3595 2560 receptis

1954 2584 2257 2652 pactorum
2294 2579 2570 2648 moribus,
2622 2596 2824 2635 omnes
2874 2597 3105 2660 aequum
3148 2586 3487 2653 agnoscant,
3532 2588 3599 2639 ut

1956 2674 2244 2746 siquando
2278 2674 2645 2745 stipulatione
2674 2674 3286 2747 primuminterposita
3304 2677 3594 2733 nonnullas

1955 2768 2179 2839 praemii
2220 2768 2486 2839 primitias
2531 2768 2856 2839 stipulatori
2900 2769 2961 2823 in
3006 2786 3210 2825 manus
3256 2770 3590 2842 tradantur;

1956 2868 2015 2917 at
2058 2866 2208 2918 certe
2253 2863 2425 2918 fidem
2467 2863 2849 2935 stipulationis
2892 2864 3212 2934 liberatam,
3252 2866 3595 2938 praestitam-

1955 2973 2067 3029 que
2100 2957 2251 3027 pacti
2274 2958 2660 3012 conditionem
2688 2964 2915 3014 maneat
2938 2960 3158 3031 praemii
3186 2960 3505 3031 plenitudo,
3523 2978 3592 3017 eo

216 3062 587 3128 negaturum.
628 3056 869 3111 Certum
919 3056 1172 3128 denique
1220 3057 1480 3128 proinde,
1525 3058 1567 3111 si
1623 3059 1931 3147 plenamC
1961 3052 2249 3123 copiosior
2300 3069 2414 3123 quo
2476 3057 2533 3107 et
2575 3053 2669 3107 ille
2723 3053 2938 3108 fuerint
2991 3054 3316 3126 ampliores.
3355 3057 3595 3111 Arrham

215 3151 593 3221 numerisque
629 3150 747 3203 suis
795 3151 1061 3205 omnibus
1118 3152 1435 3206 absolutam
1488 3158 1848 3223 peccatorum

210 3244 616 3299 remissionem
661 3252 1087 3316 consequantur
1127 3245 1418 3315 baptizati,
1444 3246 1568 3301 fore
1613 3247 1854 3303 omnino

211 3343 278 3393 ut
308 3338 576 3394 eamdem
607 3342 1035 3410 consequantur
1060 3342 1361 3410 martyres.

286 3434 434 3504 §33.
465 3463 534 3472 —
561 3432 717 3487 Addo
746 3432 900 3487 enim
949 3437 1147 3488 octavo
1187 3450 1299 3487 non
1347 3433 1426 3488 ita
1467 3449 1589 3487 esse
1637 3434 1845 3489 intelli-

214 3527 468 3599 gendum
499 3527 605 3580 hoc
632 3543 933 3581 commune
953 3527 1219 3599 baptismi
1239 3528 1337 3599 jus
1360 3532 1534 3598 atque
1563 3530 1842 3599 martyrii,

210 3628 273 3675 ut
299 3622 360 3674 in
390 3619 671 3691 baptismo
698 3621 1066 3676 remittantur
1096 3624 1324 3693 peccata
1355 3622 1561 3675 virtute
1609 3623 1849 3693 quidem

213 3715 363 3769 illius
403 3716 463 3768 in
507 3718 641 3769 voto
680 3715 940 3786 martyrii
986 3717 1137 3787 quod
1180 3715 1526 3787 proﬁtemur
1569 3716 1629 3770 in
1677 3717 1854 3787 bapti-

214 3826 362 3875 smo,
396 3810 512 3863 sola
542 3812 734 3863 tamen
768 3809 861 3863 illa
888 3826 1015 3880 qua:
1043 3810 1393 3881 baptismum
1433 3811 1849 3881 praecesserint,

210 3920 328 3958 non
374 3903 510 3958 item
558 3920 626 3958 ea
654 3920 780 3975 quas
811 3903 959 3959 inter
985 3904 1333 3975 baptismum
1361 3905 1607 3959 admissa
1637 3906 1851 3960 fuerint

210 4004 383 4069 atque
430 3998 797 4069 martyrium.
846 3998 1025 4053 Aliter
1071 4001 1295 4052 veteres
1341 3998 1453 4054 hoc
1511 4000 1686 4054 etiam
1735 4001 1856 4072 ipso

207 4093 366 4164 paria
396 4093 584 4147 facere
617 4096 959 4147 censuerunt
990 4109 1119 4147 cum
1155 4094 1440 4164 baptismo
1488 4095 1850 4166 martyrium,

206 4187 362 4258 quod
401 4191 463 4241 ut
511 4186 568 4241 in
609 4186 900 4257 baptismo
945 4192 1177 4257 peccata
1215 4188 1411 4241 omnia
1448 4187 1841 4255 remittuntur,

206 4282 394 4352 ipsum
425 4297 631 4352 nempe
684 4281 1032 4353 baptismum
1074 4281 1478 4351 praecedentia,
1510 4298 1626 4336 non
1676 4282 1849 4353 origi-

205 4377 341 4430 nale
389 4375 681 4442 duntaxat,
710 4391 907 4429 verum
947 4375 1119 4429 etiam
1163 4374 1429 4438 actualia.
1458 4375 1613 4430 idem
1656 4376 1727 4430 sit
1777 4376 1847 4431 de

1956 3152 2193 3207 tradunt
2218 3152 2277 3206 in
2322 3168 2526 3207 manus
2555 3156 2720 3223 pacta
2748 3153 3045 3225 nuptialia,
3087 3158 3147 3209 at
3189 3155 3449 3209 nondum
3491 3155 3590 3209 do-

1960 3249 2074 3301 tem
2105 3246 2215 3300 nisi
2248 3252 2648 3301 consummato
2677 3247 3075 3302 matrimonio.
3111 3248 3271 3303 ldem
3298 3253 3355 3303 et
3382 3249 3440 3302 in
3470 3249 3593 3303 aliis

1957 3357 2084 3413 quas
2136 3341 2206 3395 ad
2251 3340 2405 3395 bona
2458 3342 2865 3412 passionesque
2914 3344 3174 3413 spectant
3224 3344 3403 3413 pactis
3448 3344 3594 3398 solet

1959 3434 2238 3488 obtinere.
2271 3436 2484 3489 Verum
2516 3436 2623 3489 hoc
2648 3436 2709 3489 in
2737 3435 2847 3489 illis
2879 3436 3165 3507 praecipue
3201 3437 3380 3507 pactis
3407 3438 3595 3492 elucet

1957 3544 2083 3598 quae
2120 3529 2373 3583 nondum
2405 3529 2738 3583 adultorum
2774 3530 3008 3583 nomine
3053 3530 3398 3601 stipulantur
3442 3534 3589 3586 tuto-

1956 3638 2065 3676 res.
2101 3623 2372 3677 Inchoato
2404 3623 2658 3694 quodam
2680 3624 2811 3693 jure
2844 3623 3012 3678 vestit
3040 3624 3163 3693 ipsa
3200 3624 3293 3677 illa
3321 3625 3592 3680 inchoata

1957 3715 2268 3786 stipulatio.
2306 3718 2492 3770 Donec
2521 3720 2711 3770 tamen
2741 3717 2923 3771 adulti
2964 3716 3198 3783 fuerint,
3231 3722 3287 3770 et
3314 3717 3387 3770 ad
3413 3734 3595 3773 annos

1956 3809 2349 3864 conditionum
2382 3810 2834 3880 prmstandarum
2888 3825 3119 3880 capaces
3155 3809 3424 3880 provecti,
3465 3827 3594 3882 pac-

1954 3906 2193 3974 tumque
2225 3920 2326 3957 suo
2356 3919 2584 3974 quoque
2626 3902 2864 3974 proprio
2908 3902 3141 3957 nomine
3186 3919 3589 3958 consumman-

1954 3997 2113 4064 dum,
2145 3998 2398 4053 nondum
2442 3998 2606 4069 pleno
2641 3998 2771 4068 jure
2810 4002 2985 4069 atque
3029 4002 3427 4053 consummato
3462 4015 3591 4070 quas

1942 4094 2069 4165 jam
2124 4092 2410 4147 consecuti
2444 4098 2577 4146 sunt
2630 4090 2920 4163 possidere
2974 4098 3308 4162 censentur,
3356 4092 3577 4147 nedum

1952 4192 2014 4242 ut
2032 4189 2128 4258 jus
2156 4187 2406 4241 habeant
2430 4192 2547 4241 tam
2575 4186 2805 4241 ﬁrmum
2837 4185 2912 4241 ad
2928 4186 3121 4241 futura
3144 4187 3297 4257 pacti
3324 4186 3583 4257 praemia.

1950 4282 2232 4345 Quorsum
2262 4280 2399 4335 illud
2428 4281 2487 4334 ni
2516 4281 2723 4350 majori
2754 4280 2811 4335 in
2846 4281 3029 4351 pretio
3064 4280 3419 4335 haberentur
3448 4298 3587 4336 con-

1953 4374 2201 4429 ditiones
2220 4375 2341 4445 jam
2386 4375 2675 4445 praestitze,
2705 4391 2876 4445 quam
2903 4379 3179 4444 susceptas
3212 4376 3490 4430 duntaxat
3529 4378 3587 4430 et

206 4470 479 4541 martyrio
525 4486 753 4541 quoque
787 4469 1176 4539 sentiendum,
1221 4469 1413 4524 delere
1467 4470 1677 4525 scilicet
1713 4472 1924 4551 uni-D
1948 4469 2060 4523 fide
2088 4472 2622 4540 quantumcumque
2650 4469 2820 4523 ﬁrma
2860 4468 3251 4539 praestandae?
3289 4470 3371 4522 Ita
3410 4469 3586 4538 igitur

205 4581 381 4618 versa:
408 4564 537 4618 vita:
568 4564 809 4634 flagitia,
847 4564 991 4618 nihil
1038 4570 1099 4617 ut
1130 4568 1423 4634 praeterea
1469 4565 1712 4635 supersit
1756 4582 1845 4619 ex-

204 4658 505 4729 piandum.
568 4658 739 4711 Recte
795 4657 1029 4728 quidem
1092 4658 1172 4712 illi
1227 4674 1257 4712 e
1313 4658 1617 4729 principiis
1673 4660 1846 4713 modo

205 4751 523 4823 explicatis.
554 4751 608 4806 Si
651 4751 810 4805 enim
857 4755 1095 4823 propter
1141 4751 1284 4805 illud
1331 4752 1598 4823 martyrii
1647 4755 1845 4807 votum

201 4846 549 4901 concedatur
587 4846 1408 4916 peccatorumprmtcritorum
1452 4847 1622 4916 plena
1654 4845 1842 4900 indul-

201 4940 440 5011 gentia;
468 4955 662 5010 parem
688 4940 887 5009 utique
917 4940 1338 5011 indulgentiam
1368 4939 1579 5011 potius,
1610 4943 1675 4994 ut
1706 4940 1842 5008 dixi,

203 5034 686 5104 exspectabimus,
725 5033 933 5088 eodem
967 5038 1097 5089 voto
1123 5035 1248 5105 jam
1278 5034 1486 5089 soluto.
1520 5036 1591 5088 At
1616 5050 1721 5105 par
1751 5034 1846 5089 illa

198 5131 573 5202 indulgentia
606 5148 729 5186 esse
757 5132 959 5203 nequit
987 5132 1033 5185 si
1056 5147 1423 5203 quocumque
1445 5133 1676 5187 tandem
1704 5135 1845 5185 tem-

198 5243 338 5297 pore
372 5228 664 5297 susceptus
690 5226 1010 5297 baptismus
1051 5233 1283 5296 peccata
1310 5230 1526 5281 tamen
1557 5226 1845 5296 praeterita

206 5321 477 5375 universa
504 5320 711 5388 deleat,
744 5337 843 5375 nec
872 5326 1064 5375 tamen
1086 5321 1195 5375 alia
1215 5322 1272 5375 in
1304 5321 1579 5392 martyrio
1608 5320 1840 5375 delean-

197 5422 501 5487 tnrquam
543 5431 671 5487 quas
702 5414 1052 5487 baptismum
1088 5414 1508 5486 przeoesserint,
1540 5420 1699 5470 tanto
1728 5414 1840 5469 uti-

196 5526 313 5582 que
378 5509 678 5564 interva-llo
736 5526 769 5563 a
821 5526 881 5563 se
929 5508 1207 5577 dissitum,
1257 5510 1351 5564 cui
1414 5515 1477 5565 et
1546 5509 1842 5564 intervallo

193 5608 563 5677 peccatorum
595 5603 855 5658 nondum
894 5603 1269 5658 remissorum
1301 5603 1470 5675 c0pia
1513 5602 1838 5661 necessario

196 5698 581 5771 responderit.
621 5700 729 5753 Pro
789 5698 937 5769 pacti
988 5701 1139 5753 certe
1186 5699 1472 5769 aequitate,
1518 5716 1639 5771 quo
1663 5699 1843 5771 magis

196 5794 556 5853 conditiones
585 5797 923 5867 praestamus
948 5809 1053 5865 pro
1081 5794 1275 5850 nostra
1306 5793 1459 5867 pacti
1494 5799 1657 5866 parte
1688 5810 1838 5867 pras-

1946 4562 2325 4617 consummati
2366 4562 2423 4617 in
2465 4564 2745 4634 martyrio
2788 4562 3057 4633 baptismi
3100 4562 3423 4632 pleniorem
3465 4561 3589 4616 fore

1945 4674 2117 4729 quam
2149 4657 2399 4712 inchoati
2432 4656 2850 4728 indulgentiam
2894 4661 3347 4710 consentaneum
3381 4659 3487 4710 est.
3521 4656 3590 4709 Ut

1945 4750 2207 4822 proinde,
2239 4750 2286 4804 si
2312 4754 2540 4822 peccata
2566 4750 2864 4821 praeterita
2895 4752 3166 4806 cluantur
3200 4751 3257 4804 in
3292 4749 3575 4820 baptismo

1946 4861 2153 4916 aqueo,
2185 4844 2327 4899 nihil
2365 4845 2437 4899 sit
2475 4861 2577 4899 cur
2618 4844 2945 4899 dubitemus
2973 4845 3093 4900 fore
3125 4844 3300 4899 etiam
3346 4843 3589 4899 eluenda

1946 4940 2003 4993 in
2029 4939 2316 5009 baptismo
2346 4939 2692 5011 sanguineo.

2016 5033 2158 5105 §35.
2189 5065 2257 5073 —
2307 5034 2463 5098 Quod
2506 5034 2661 5087 enim
2711 5033 2893 5104 spatio
2922 5033 3197 5104 temporis
3245 5033 3584 5106 interposito

1944 5128 2290 5199 baptismum
2336 5145 2587 5199 aqueum
2618 5134 2887 5200 sequatur
2933 5127 3305 5198 sanguineus,
3337 5144 3456 5183 non
3501 5132 3589 5183 est

1944 5221 2143 5293 utique
2167 5222 2318 5293 quod
2350 5238 2382 5274 a
2406 5220 2679 5292 baptismi
2701 5226 2902 5276 natura
2929 5221 3184 5277 alienum
3219 5237 3576 5277 censeamus.

1894 5316 2231 5382 'Distinxit,
2306 5321 2366 5370 ut
2427 5315 2694 5383 vidimus,
2758 5315 3067 5387 Apostolus
3132 5320 3246 5369 tres
3313 5315 3584 5387 baptismi

1944 5419 2155 5486 partes,
2186 5430 2420 5486 aquam,
2452 5414 2729 5485 Spiritum
2761 5418 2814 5468 et
2841 5414 3205 5485 sanguinem.
3232 5417 3347 5471 Nec
3384 5419 3579 5469 tamen

1945 5508 2043 5580 qui
2086 5507 2373 5578 baptismo
2423 5524 2606 5579 aqueo
2660 5508 3059 5577 lnstrarentur,
3109 5525 3342 5580 semper
3388 5515 3587 5561 tamen

1946 5618 2060 5657 uno
2088 5601 2406 5673 eodemque
2438 5605 2698 5673 tempore
2727 5602 2988 5673 spiritum
3021 5603 3190 5657 etiam
3223 5600 3599 5672 accipiebant

1944 5697 2369 5769 baptismalem,
2407 5700 2467 5749 ut
2495 5697 2630 5751 alibi
2675 5698 3063 5768 probavimus.
3099 5694 3369 5767 Apostoli
3416 5705 3618 5757 nqueo

1945 5791 2255 5864 baptismo,
2298 5793 2605 5864 superstite
2652 5793 2839 5850 adhuc
2890 5790 3129 5851 Domino
3168 5784 3433 5863 pel-{usi
3472 5787 3625 5836 sunt.
