4144 6192
559 323 694 379 “83

1516 314 1722 372 HENR.
1765 311 2126 370 DODWELLI
2161 306 2466 366 DISSERT.
2507 302 2817 362 CYPRIAN.
2858 301 2947 356 III.

3728 263 3839 356 usi

559 463 690 504 cum
719 451 912 502 tamen
939 442 1213 516 Spiritum
1245 457 1442 508 nemo,
1472 440 1581 494 nisi
1633 441 1764 511 post
1805 437 2060 510 ejusdem
2091 452 2185 490 re-
2211 432 2639 520 Acrederetur,
2690 443 2795 483 nec
2856 425 2916 479 in
2973 423 3294 494 martyrum
3340 418 3557 491 propria
3616 419 3848 477 duntaxat

562 540 972 597 surrectionem
999 538 1303 609 acciperet.
1335 534 1724 590 Samaritanos
1765 549 1912 603 aqua
1946 528 2192 602 expiavit
2211 513 2269 520 ﬂ
2295 525 2595 582 commoda
2623 521 2872 589 cessisse,
2901 518 3002 573 sed
3030 533 3162 571 vero
3193 515 3251 569 in
3281 513 3531 568 Ecclesiae
3556 515 3725 586 potius
3750 515 3850 570 uni-

564 635 855 705 Philippus
901 631 1214 698 diaconus;
1273 628 1550 701 Spiritum
1601 643 1770 681 nemo
1815 630 2039 697 poterat
2094 624 2191 679 iis-

563 728 695 783 dem
761 725 1018 781 conferre
1093 726 1302 796 praeter
1373 721 1683 794 apostolus.
1752 720 1891 788 Quid
1970 718 2193 790 igitur,

2294 637 2494 676 versae.
2525 621 2655 675 [Iaso
2695 634 2725 671 e
2755 620 3013 670 veterum
3047 609 3329 666 sententia
3358 607 3483 661 alibi
3524 608 3849 679 probavimus,

2297 719 2354 770 et
2401 713 2541 768 illud
2590 710 2805 784 pariter
2860 705 3218 762 ostendimus
3271 717 3441 774 quam
3486 717 3590 754 non
3634 707 3790 757 essent
3828 718 3854 756 a

563 837 802 894 aquaeue
869 819 972 873 soli
1037 818 1356 872 tribuemus
1423 816 1538 871 vim
1602 815 1758 870 illam
1830 817 2195 885 peccatorum
2298 807 2601 880 Scripturis
2646 817 3053 872 sacrorumque
3103 797 3453 868 Scriptorum
3496 795 3748 866 principiis
3783 796 3858 850 ab-

562 915 990 991 przeteritorum
1056 911 1477 983 expiatricem?
1541 911 1621 964 lta
1684 909 1848 964 ﬁeret
1928 912 1990 963 ut
2053 923 2198 961 nova

563 1027 705 1082 Opus
762 1014 907 1064 esset
960 1007 1289 1079 expiatione
1345 1006 1719 1076 peccatorum
1763 1019 2007 1074 aqueum
2059 1001 2198 1074 bap-

567 1105 802 1158 tismum
879 1106 1336 1158 consecutorum.
1412 1098 1570 1162 Sicut
1651 1097 1804 1151 enirn
1881 1097 1939 1150 in
2009 1095 2197 1168 genti-

566 1197 707 1252 lium
754 1195 1042 1268 mysteriis
1097 1196 1387 1250 elementa
1446 1197 1728 1270 καθαρτικοὶ
1785 1191 1937 1247 viam
1988 1192 2200 1245 τελειώ-

567 1319 647 1354 σει
679 1312 882 1370 parare
926 1292 1330 1359 credebantur,
1366 1308 1438 1344 ne
1476 1290 1615 1364 quid
1656 1291 1977 1360 superesset
2013 1288 2203 1359 impu-

568 1411 701 1449 rum
732 1409 860 1447 cum
896 1391 1179 1445 sanctiora
1228 1389 1577 1444 commercia
1611 1387 1893 1441 ambirent
1924 1402 1936 1440 :
1969 1385 2045 1439 ita
2084 1384 2207 1456 Spi-

573 1599 646 1638 ne
681 1597 796 1652 qua
822 1579 972 1634 vasis
999 1579 1300 1649 impuritas
1341 1577 1588 1632 obstaret
1635 1593 1749 1648 quo
1796 1575 1987 1629 minus
2017 1578 2210 1644 posset

568 1693 672 1748 pro
717 1674 996 1747 dignitate
1041 1689 1142 1727 sua
1173 1671 1370 1742 recipi.
1417 1673 1652 1725 Prorsus
1703 1669 1894 1740 itaque
1946 1668 2199 1724 alienum

572 1773 698 1824 erat
727 1769 797 1822 ab
828 1769 949 1839 ejus
972 1766 1270 1821 sanctitate
1299 1770 1363 1819 ut
1392 1765 1518 1836 quis
1563 1764 1724 1819 illum
1763 1763 2027 1835 impurus
2073 1761 2211 1817 acci-

2300 901 2612 958 horrentia.
2645 901 2772 954 Haec
2801 897 3004 967 itaque
3036 894 3083 947 si
3124 891 3526 958 concedantur,
3551 889 3657 959 jam
3695 889 3859 945 intelli-

2303 1014 2501 1071 gemus
2530 1011 2699 1067 quam
2729 991 2905 1046 solide
2934 989 3014 1044 illi
3047 987 3478 1060 prudenterque
3506 999 3714 1037 omnem
3747 984 3858 1038 hanc

2301 1095 2575 1167 baptismi
2605 1089 2912 1162 sanguinei
2942 1087 3253 1142 efﬁcaciam
3282 1100 3312 1138 e
3355 1082 3635 1154 Scriptura
3672 1081 3860 1152 college-

2302 1191 2438 1246 rint.
2467 1187 2674 1244 Christi
2703 1185 2856 1240 enim
2890 1180 3160 1252 sanguini
3189 1194 3361 1233 nemo
3391 1177 3600 1242 dubitat
3621 1176 3862 1230 convenire

2305 1286 2456 1340 hanc
2498 1284 2865 1355 peccatorum
2906 1275 3315 1347 expiationem.
3346 1270 3550 1327 Christi
3591 1275 3758 1322 autem
3792 1285 3864 1322 no-

2309 1584 2436 1621 rum
2467 1562 2854 1636 purgatricem
2881 1559 3105 1613 Christo
3140 1557 3218 1610 ita
3256 1553 3542 1610 intellecto
3573 1551 3869 1605 asseramus?

2310 1661 2460 1716 Nihil
2497 1664 2581 1712 est
2630 1656 2906 1728 profecto,
2937 1669 3038 1707 cur
3078 1650 3304 1722 quoties
3349 1646 3551 1703 Christi
3598 1643 3871 1715 sanguinem

2313 1755 2545 1827 peccata
2570 1755 2761 1806 nostra
2787 1749 2976 1803 lavare
3006 1751 3176 1817 atque
3207 1758 3458 1816 purgare
3491 1739 3704 1794 tradunt
3741 1754 3874 1791 sacra

571 1869 754 1937 peret.
797 1823 1043 1916 Proinde
1088 1823 1475 1915 necessarium
1521 1861 1643 1913 erat
1690 1861 1754 1913 ut
1803 1823 1924 1930 ipse
1972 1823 2539 1928 SpiritusBlitterae,
2570 1846 2639 1901 de
2684 1842 2973 1916 personali
3007 1841 3128 1911 ejus
3175 1836 3456 1909 sanguine
3500 1835 3616 1937 illas
3653 1832 3874 1937 duntaxat

573 1957 755 2012 vicem
784 1972 949 2026 aquae
992 1955 1288 2027 suppleret
1329 1970 1432 2025 pro
1477 1957 1841 2024 peccatorum
1888 1949 2211 2023 expiatione

573 2049 857 2121 baptismo
885 2065 1071 2120 aqueo
1101 2048 1512 2103 recentiorum.
1544 2047 1706 2111 Quod
1739 2046 1785 2099 si
1818 2045 2062 2117 Spiritui
2098 2045 2212 2098 vim

573 2144 733 2199 illam
759 2143 1161 2210 concedamus,
1192 2159 1307 2197 non
1339 2141 1449 2195 erit
1480 2141 1676 2213 utique
1720 2157 1822 2194 cur
1856 2157 1888 2193 a
1932 2139 2213 2212 sanguine

577 2238 833 2293 alienum
862 2252 1219 2292 censeamus.
1267 2237 1375 2291 Pro
1407 2235 1561 2307 pacti
1605 2234 1827 2289 ratione
1861 2251 1894 2288 a
1930 2232 2213 2305 sanguine

574 2332 764 2405 potius
794 2331 1149 2402 expectanda
1178 2334 1320 2401 erat,
1356 2329 1513 2402 quod
1550 2329 1642 2384 ille
1687 2329 1758 2384 ad
1787 2328 2042 2383 ofﬁcium
2072 2343 2207 2381 nos-

579 2430 734 2480 trum
775 2425 1325 2496 dispositionemque
1355 2425 1576 2496 spectat
1613 2439 1862 2495 quorum
1897 2422 2083 2492 major
2110 2421 2216 2476 ha-

579 2519 704 2575 beri
740 2520 883 2574 solet
915 2519 974 2573 in
1003 2521 1300 2590 pactorum
1336 2518 1468 2588 jure
1517 2517 1665 2572 ratio
1707 2533 1885 2588 quam
1936 2516 2218 2570 donorum

577 2613 675 2670 Dei
742 2613 1144 2685 gratuitorum.
1206 2613 1376 2666 Favet
1435 2627 1607 2682 porro
1677 2610 1830 2682 quod
1899 2626 2004 2682 pro
2076 2609 2223 2664 illius

582 2708 685 2763 aevi
732 2707 1099 2778 dogmatibus
1137 2705 1443 2761 Platonici:
1493 2705 1548 2775 (e
1598 2704 1808 2776 quibus
1859 2703 2052 2758 omnis
2102 2702 2225 2756 haec

579 2801 870 2873 theologia
896 2801 1206 2872 symbolica
1243 2800 1482 2855 omnino
1517 2798 1855 2870 explicanda
1885 2798 1991 2868 est)
2038 2813 2166 2851 cum
2193 2813 2226 2849 a

578 2897 892 2967 prototypis
918 2895 1102 2949 omnis
1129 2895 1228 2949 illa
1258 2894 1650 2966 symbolarum
1680 2893 1796 2947 sive
1825 2893 2227 2963 antityporum

581 2991 759 3046 virtus
789 2989 1125 3045 deducenda
1171 2989 1534 3057 crederetur;
1583 2989 1660 3042 ita
1699 2993 1895 3042 tamen
1940 2985 2226 3058 symbolo-

584 3101 715 3140 rum
745 3085 1050 3140 efﬁcaciam
1089 3083 1474 3155 explicabant,
1509 3087 1572 3137 ut
1597 3082 1831 3154 quidem
1873 3081 1997 3152 ipsa
2039 3096 2142 3150 per
2172 3095 2230 3132 se

2311 1941 2718 2012 intelligamus.
2742 1940 2810 1993 Et
2838 1952 2970 1992 vero
3001 1932 3248 1989 nominis
3271 1931 3418 1986 ratio
3443 1928 3633 1983 suadet
3657 1926 3806 1998 potius
3824 1929 3871 1978 ut

2313 2038 2388 2093 sit
2412 2037 2589 2090 virtus
2626 2035 2751 2089 haec
2795 2031 3020 2089 Christo
3063 2044 3195 2083 cum
3247 2025 3511 2097 ejusdem
3546 2021 3753 2093 mystico
3792 2036 3876 2073 cor-

2313 2147 2472 2205 pore,
2489 2127 2830 2184 communis.
2852 2124 3012 2190 Quod
3042 2123 3197 2178 enim
3220 2137 3441 2175 nomen
3469 2133 3626 2172 suum
3642 2115 3877 2170 nobiscum

2316 2223 2722 2292 communicet,
2755 2221 2812 2276 id
2840 2220 2937 2274 illo
2966 2233 3177 2288 nempe
3210 2213 3454 2270 consilio
3487 2211 3614 2267 fecit
3640 2213 3696 2264 ut
3720 2209 3880 2279 etjura

2317 2319 2540 2377 nomini
2570 2313 2978 2389 respondentia
3013 2310 3410 2384 intelligantur
3436 2323 3555 2363 esse
3591 2302 3870 2360 communia.

2319 2417 2392 2472 Ut
2415 2416 2474 2470 in
2505 2408 2918 2468 matrimoniali
2947 2395 3159 2462 unitate
3191 2406 3391 2477 (quam
3413 2403 3518 2470 ,hic
3545 2398 3752 2455 adhibet
3771 2399 3882 2466 Apo-

2321 2509 2497 2565 stolus
2527 2508 2598 2562 ad
2624 2504 2830 2562 Christi
2872 2502 3167 2574 mysticam
3213 2513 3350 2561 cum
3387 2495 3625 2551 Ecclesia
3658 2492 3883 2548 unitatem

2325 2606 2738 2680 explicandam)
2776 2616 3083 2658 commune
3125 2599 3249 2654 viro
3279 2603 3455 2669 atque
3486 2593 3700 2649 feminae
3722 2606 3883 2644 nomen

2325 2701 2658 2759 communia
2683 2699 2853 2754 etiam
2883 2697 3183 2766 utriusque
3211 2693 3269 2748 in
3299 2694 3431 2762 lege
3449 2691 3575 2761 jura
3601 2685 3738 2742 facit.
3761 2685 3823 2737 ita
3847 2688 3886 2737 et

2327 2819 2458 2858 cum
2500 2804 2824 2871 martyrum
2874 2796 3104 2866 sanguis
3142 2809 3247 2864 pro
3285 2789 3497 2848 Christi
3537 2786 3779 2857 sanguine
3811 2783 3883 2835 ha-

2326 2897 2511 2963 betur,
2542 2895 3000 2948 consentaneum
3030 2892 3115 2943 est
3147 2887 3208 2941 id
3236 2885 3453 2940 idcirco
3483 2882 3600 2937 ﬁeri
3629 2886 3684 2934 ut
3714 2887 3761 2933 et
3787 2879 3887 2947 jura

2328 2991 2630 3060 utriusque
2657 2984 2952 3056 sanguinis
2977 2983 3118 3038 ﬁant
3154 2979 3401 3035 invicem
3430 2973 3754 3032 communia.
3779 2969 3888 3024 Nihil

2331 3088 2526 3139 autem
2554 3087 2636 3137 est
2663 3080 2817 3152 quod
2850 3077 3180 3133 dubitemus
3207 3072 3450 3146 quodvis
3490 3067 3683 3128 Christi
3716 3064 3888 3137 symbo-

584 3180 732 3234 nihil
772 3181 842 3234 ad
889 3179 1158 3234 effectum
1201 3179 1554 3242 conferrent,
1586 3177 1909 3230 indicarent
1945 3175 2220 3230 duntaxat
2241 3193 2297 3268 ρ
2319 3180 2441 3256 lum
2467 3196 2499 3232 a
2520 3193 2652 3232 vero
2680 3179 2873 3229 tamen
2901 3170 3160 3243 ejusdem
3189 3171 3367 3239 atque
3396 3163 3653 3237 originali
3671 3157 3888 3230 sanguine

585 3275 674 3329 cui
724 3278 1166 3345 prototyporum
1215 3273 1312 3326 illa
1365 3273 1554 3326 nativa
1612 3271 1790 3325 virtus
1847 3273 1996 3325 esset
2043 3268 2221 3340 appli-

585 3369 784 3434 canda,
819 3369 898 3421 ita
925 3373 988 3422 ut
1010 3367 1078 3421 ab
1120 3366 1255 3438 ipsis
1285 3365 1602 3437 prototypis
1647 3365 1835 3418 omnis
1879 3364 1977 3418 illa
2022 3363 2218 3431 virtus,

589 3479 690 3517 seu
729 3461 1006 3515 naturalis
1054 3461 1150 3514 illa
1207 3463 1375 3530 esset,
1430 3476 1529 3514 seu
1572 3460 1718 3531 juris
1765 3459 1942 3513 etiam
2000 3457 2219 3528 legalis,

589 3559 738 3611 esset
766 3554 1138 3627 expectanda.
1171 3557 1239 3610 Et
1267 3571 1398 3608 cum
1442 3570 1607 3625 aequa
1643 3569 1763 3608 esse
1795 3552 2006 3606 debeat
2049 3551 2224 3622 pacis-

586 3649 838 3705 centium
869 3647 1118 3703 conditio
1146 3665 1260 3720 qua
1283 3648 1430 3719 juris
1458 3648 1555 3701 illo
1596 3647 2030 3718 conjunguntur
2074 3644 2226 3699 inter

591 3761 650 3800 se
694 3743 1073 3798 commercio:
1123 3759 1443 3815 congruum
1501 3742 1759 3814 profecto
1810 3744 1894 3795 est
1937 3745 2002 3795 ut
2049 3755 2228 3811 quam

592 3839 710 3893 vim
740 3837 1015 3908 symbolis
1055 3836 1259 3891 divinis
1303 3853 1408 3908 pro
1438 3836 1539 3890 Dei
1581 3835 1933 3906 obligatione
1961 3833 2226 3887 concedi-

591 3949 740 4001 mus,
770 3931 1037 3988 eamdem
1069 3931 1283 3985 nostris
1323 3947 1427 4002 pro
1465 3934 1658 3985 nostra
1687 3929 2038 4000 obligatione
2071 3925 2228 3981 vicis-

595 4027 705 4083 sim
753 4026 1172 4094 concedamus;
1222 4031 1276 4080 et
1317 4042 1432 4096 quo
1482 4025 1629 4096 pacti
1669 4024 1798 4095 jure
1853 4023 1997 4077 Deus
2048 4021 2228 4076 delin-

596 4125 838 4193 quentes
877 4119 1052 4174 afﬁcit
1091 4119 1395 4190 supplicio,
1432 4119 1634 4174 eodem
1675 4118 1806 4188 jure
1845 4119 2112 4170 teneatur
2157 4115 2228 4169 ad

595 4213 916 4270 mercedem
937 4213 1068 4279 illis,
1099 4213 1197 4284 qui
1223 4211 1610 4266 conditionem
1637 4209 2026 4282 praestiterint,
2059 4207 2226 4263 retri-

589 4307 901 4363 'buendam.
927 4307 986 4362 Si
1010 4306 1202 4378 itaque
1235 4305 1497 4378 martyrii
1526 4306 1612 4360 vel
1639 4305 1932 4377 professio,
1965 4301 2229 4374 martyrii

594 4402 845 4456 absentis
874 4401 1078 4456 virtute
1117 4400 1521 4455 remissionem
1557 4405 1928 4472 peccatorum
1974 4402 2225 4469 praestet,

595 4497 855 4553 eamdem
898 4499 1051 4550 certe
1097 4495 1414 4550 necessario
1464 4497 1711 4566 oportet,
1756 4494 1968 4564 ipsum,
2000 4490 2228 4563 quando

2322 3272 2596 3345 superari.
2648 3269 2861 3324 Eodem
2928 3272 3127 3322 tamen
3178 3261 3513 3318 rediturum
3566 3257 3782 3314 diximus
3820 3268 3890 3305 seu

2321 3371 2641 3439 martyrum
2679 3363 3017 3434 sanguinem
3048 3376 3148 3431 pro
3197 3374 3297 3412 suo
3339 3355 3590 3412 Christus
3627 3347 3886 3423 agnoverit;

2323 3481 2423 3518 seu
2467 3477 2570 3533 per
2621 3457 2924 3530 mysticam
2984 3454 3285 3523 utriusque
3334 3448 3624 3521 sanguinis
3675 3442 3889 3500 unionem

2324 3556 2542 3630 prOprii
2601 3554 2773 3608 etiam
2819 3547 3111 3620 sanguinis
3157 3547 3438 3601 virtutem
3478 3559 3577 3614 per
3619 3535 3890 3608 martyrium

2325 3647 2684 3723 applicuerit.
2747 3645 2847 3700 llla
2904 3649 3059 3698 certe
3119 3642 3239 3712 ipsa
3292 3639 3386 3692 vel
3443 3633 3725 3708 applicatio
3773 3631 3891 3684 tanto

2329 3743 2612 3800 efﬁcacior
2640 3757 2763 3795 esse
2813 3736 3008 3793 debuit
3035 3752 3144 3807 quo
3189 3732 3403 3787 Christi
3447 3729 3761 3801 sanguinem
3796 3737 3891 3793 pro-

2326 3841 2452 3911 pius
2481 3835 2733 3907 attingit,
2765 3832 3064 3903 magisque
3089 3828 3214 3884 viva
3260 3822 3747 3899 repraesentatione
3772 3815 3892 3872 exhi-

2327 3934 2444 3988 bet.

2400 4028 2546 4098 §37.
2578 4055 2645 4064 ——
2682 4026 2892 4095 Estque
2925 4019 3112 4075 adhuc
3159 4035 3228 4073 eo
3281 4015 3470 4088 magis
3512 4012 3891 4069 consentaneum

2328 4125 2479 4177 recte
2503 4122 2746 4187 veteres,
2781 4122 2838 4171 et
2865 4132 2968 4188 pro
2994 4129 3177 4168 causa:
3215 4112 3487 4183 aequitate
3526 4107 3614 4162 hic
3641 4121 3749 4160 esse
3770 4115 3893 4170 argu-

2328 4219 2631 4281 mentatos,
2659 4211 2812 4284 quod
2836 4209 3057 4264 decimo
3077 4224 3193 4263 non
3216 4203 3569 4278 quibuslibet
3593 4199 3811 4256 ﬁdelium
3824 4206 3895 4247 seu

2328 4308 2704 4382 passionibus,
2753 4322 2853 4360 seu
2908 4303 3190 4358 mortibus
3243 4302 3462 4354 tantam
3507 4297 3755 4351 virtutem
3793 4286 3893 4342 assi-

2330 4379 2580 4476 gnarint,
2611 4401 2712 4456 sed
2744 4400 2853 4454 illis
2884 4397 3160 4452 duntaxat
3185 4395 3396 4467 quibus
3419 4393 3490 4448 ad
3517 4387 3711 4447 Christi
3750 4379 3898 4440 mortis

2330 4497 2656 4569 exemplum
2699 4492 2938 4566 pr0pius
2984 4487 3376 4556 accessissent,
3430 4501 3562 4541 cum
3611 4495 3794 4550 nempe
3821 4489 3896 4546 pu-

593 4593 771 4661 adest,
813 4594 1085 4662 praestare
1132 4589 1498 4661 martyrium.
1552 4587 1950 4658 Convenitque
1997 4571 2474 4648 accura-Dblica
2522 4588 2783 4645 Ecclesiae
2825 4588 3188 4656 fratrumque
3226 4599 3396 4638 causa
3443 4596 3565 4635 sese
3606 4571 3895 4633 obtulissent.

593 4687 834 4751 tissime,
866 4685 1022 4757 quod
1070 4684 1336 4755 superius
1385 4684 1498 4749 huc
1547 4682 1866 4748 retulimus,
1897 4696 2027 4734 cum
2060 4679 2230 4734 stolas

595 4797 723 4834 suas
753 4786 1032 4850 martyres
1061 4779 1120 4833 in
1151 4778 1304 4848 Agni
1337 4776 1620 4847 sanguine
1663 4775 1866 4830 lavisse
1899 4778 2232 4828 narrantur.

592 4875 705 4929 Nec
736 4873 891 4928 enim
919 4873 975 4928 id
1003 4873 1073 4926 de
1101 4871 1371 4943 baptismi
1399 4872 1625 4924 lavacro
1658 4869 1739 4924 ita
1798 4868 2098 4922 commode
2131 4883 2230 4937 po-

593 4971 744 5025 terat
791 4967 1051 5036 intelligi,
1101 4966 1252 5038 quod
1307 4965 1567 5020 omnium
1619 4962 1877 5017 ﬁdelium
1925 4976 2235 5017 commune

593 5064 798 5128 fuerat,
833 5061 930 5117 sed
967 5061 1036 5116 de
1066 5061 1291 5115 lavacro
1339 5057 1679 5132 patientium
1725 5055 1989 5128 proprio;
2021 5071 2124 5110 nec
2166 5055 2235 5110 de

595 5157 823 5211 illorum
851 5157 1129 5212 duntaxat
1156 5159 1519 5225 peccatorum
1532 5151 1847 5223 expiatione
1870 5166 2001 5222 quas
2021 5152 2236 5204 tantam

596 5250 756 5306 illam
783 5250 1218 5305 tribulationem
1248 5249 1696 5314 antecesserant,
1726 5245 1784 5299 in
1813 5244 2096 5316 baptismo
2129 5242 2234 5296 sci-

596 5345 726 5399 licet
752 5361 936 5416 aqueo
963 5344 1212 5415 expiata,
1244 5343 1339 5398 sed
1369 5341 1599 5396 illorum
1615 5355 1844 5412 quoque
1873 5353 2001 5410 quas
2033 5337 2091 5392 in
2115 5336 2236 5408 ipsa

595 5439 692 5494 illa
712 5439 1092 5508 tribulatione
1127 5443 1320 5494 essent
1349 5435 1655 5508 expianda.

665 5561 810 5634 §36.
841 5590 910 5599 —
940 5561 1130 5630 Neque
1183 5576 1312 5614 vero
1356 5558 1467 5614 erit
1512 5559 1663 5629 quod
1707 5557 1985 5612 miremur
2015 5557 2236 5609 tantam

595 5657 813 5706 veteres
841 5648 1126 5721 baptismo
1180 5652 1499 5720 martyrum
1540 5647 1866 5719 sanguineo
1905 5645 2019 5700 vim
2063 5644 2238 5716 assig-

594 5757 776 5812 nasse,
807 5738 854 5793 si
880 5745 936 5795 et
978 5738 1127 5793 illud
1164 5740 1482 5794 recolamus
1521 5753 1672 5793 nono
1725 5741 2041 5807 martyrum
2071 5735 2238 5789 illum

593 5831 940 5904 sanguinem
966 5827 1186 5885 Christo
1216 5827 1322 5900 ipsi
1363 5845 1399 5884 a
1443 5826 1732 5885 veteribus
1761 5825 1939 5881 fuisse
1985 5823 2227 5880 attribu-

591 5919 748 5998 tum;
779 5922 843 5978 et
871 5917 1109 5993 quidem
1132 5919 1217 5978 ita
1242 5919 1467 5981 Christo
1499 5923 1565 5980 ut
1596 5931 1669 5977 ne
1699 5918 2026 5990 martyrum
2051 5914 2232 5976 fuisse

2332 4688 2430 4741 Est
2460 4683 2691 4756 quidem
2715 4686 3044 4737 sanctorum
3093 4677 3356 4733 omnium
3405 4679 3466 4729 in
3515 4672 3792 4741 conspectu
3824 4663 3895 4716 Do-

2334 4779 2476 4836 mini
2505 4795 2656 4833 mors
2686 4775 2964 4848 quaelibet
3003 4773 3273 4845 pretiosa.
3315 4771 3416 4824 Est
3443 4773 3502 4824 et
3537 4767 3714 4822 adhuc
3741 4756 3896 4833 pretia

2335 4875 2448 4929 sior
2476 4870 2895 4939 innocentium,
2929 4884 3131 4922 eorum
3161 4865 3377 4921 scilicet
3405 4879 3549 4936 quos
3576 4861 3654 4915 vis
3686 4848 3896 4927 oppressit

2335 4969 2669 5040 iniquorum
2719 4963 3043 5018 hominum.
3085 4961 3198 5016 Sed
3252 4966 3308 5015 et
3359 4959 3520 5013 illam
3575 4957 3683 5010 Deo
3723 4951 3897 5040 charaut

2336 5033 2457 5118 esse
2502 5060 2646 5115 nihil
2690 5063 2776 5113 est
2814 5056 2969 5128 quod
3014 5055 3338 5110 dubitemus
3385 5069 3499 5124 qua
3544 5042 3845 5104 occumbunt
3873 5033 3898 5086 ii

2336 5157 2539 5229 quibus
2563 5152 2750 5209 ofﬁcia
2780 5168 2884 5205 sua
2909 5150 3185 5221 qumlibet
3218 5148 3329 5202 vita
3370 5151 3504 5200 sunt
3532 5145 3652 5215 ipsa
3679 5134 3896 5229 chariora,

2339 5228 2438 5323 qui
2469 5253 2713 5304 mortem
2740 5262 2860 5318 prae
2888 5247 3123 5316 peccato
3155 5244 3399 5314 eligunt.
3428 5243 3635 5310 Estque
3654 5233 3802 5290 etiam
3815 5228 3896 5323 hac

2337 5318 2460 5417 ipsa
2511 5359 2667 5398 mors
2704 5339 3040 5412 baptismali
3093 5337 3278 5392 ofﬁcio
3315 5335 3530 5403 afﬁnis,
3579 5347 3648 5386 ne
3697 5325 3758 5381 ab
3797 5318 3900 5417 illi“5

2337 5415 2592 5513 prmmiis
2654 5433 3102 5508 privilegiisquc,
3167 5433 3400 5503 putetur
3465 5439 3686 5500 prorsus
3747 5415 3901 5472 aliena-

2337 5536 2452 5591 Nec
2478 5533 2571 5587 illa
2600 5529 2805 5604 procul
2837 5527 3011 5583 dubio
3041 5528 3158 5581 Deo
3184 5527 3414 5597 ingrata
3445 5537 3610 5588 mors,
3641 5529 3796 5589 quam
3819 5514 3903 5604 tan:

2337 5630 2408 5686 tis
2439 5598 2650 5684 ethnici
2680 5623 2925 5680 efferunt
2971 5619 3298 5694 praeconiis,
3331 5633 3445 5691 qua
3483 5615 3605 5688 quis
3641 5606 3820 5682 patria:
3853 5598 3904 5651 τί·

2340 5727 2455 5778 tam
2467 5739 2624 5776 suam
2647 5717 2951 5790 impendit,
2972 5733 3023 5770 m
3035 5716 3407 5785 ultorumque
3429 5713 3640 5766 mortes
3659 5698 3904 5759 unamorte

2337 5815 2589 5886 redimit,
2620 5831 2726 5870 nec
2772 5814 2870 5869 illa
2915 5810 3090 5867 etiam
3133 5826 3166 5865 a
3205 5807 3412 5865 Christi
3455 5801 3709 5872 exemplo
3744 5794 3904 5886 85?”:

2337 5913 2534 5988 Longe
2574 5878 2780 5974 tamen
2839 5905 3101 5968 omnium
3150 5903 3410 5980 proxime
3454 5899 3526 5958 ad
3577 5890 3763 5954 Christi
3799 5878 3908 5943 illud
