4096 6186
242 227 388 285 1185

1329 223 1414 279 DE
1455 222 1765 283 SECUNDO
1804 224 2130 283 MARTYRII
2170 225 2515 285 BAPTISMO.

3479 237 3613 293 1186

242 354 699 411 illustrissimum
726 354 944 409 accedit
981 354 1340 425 exemplum,
1387 355 1434 409 si
1464 359 1519 409 ot
1559 354 1880 409 animarum
1906 368 1963 441 Α
1987 358 2241 411 Immane
2270 359 2464 427 procul
2496 357 2668 413 dubio
2698 358 2941 428 facinus,
2974 360 3022 415 si
3052 376 3179 433 quae
3228 378 3262 417 a
3284 362 3396 418 Deo
3421 368 3613 418 essent

244 468 413 505 causa
439 449 585 520 quis,
610 452 666 502 et
693 449 987 504 communi
1026 448 1257 519 quidem
1302 449 1395 503 illa
1423 450 1758 516 multorum,
1794 451 1881 503 vel

244 544 425 599 etiam
455 544 715 598 omnium
745 543 1088 613 ubicumque
1119 543 1394 611 fidelium,
1426 550 1670 598 mortem
1702 561 1878 615 Oppe-

242 643 356 701 tat;
387 640 432 692 si
465 639 590 709 quis
634 655 737 709 pro
782 636 1065 691 communi
1103 638 1235 704 fide,
1270 655 1371 708 pro
1410 638 1703 693 communi
1747 638 1881 693 ﬁde-

244 734 389 787 lium
443 750 697 803 corpore,
756 749 860 804 pro
911 731 1205 785 communi
1256 733 1473 786 unitate
1528 732 1878 803 unitatisque

246 827 543 882 communi
581 827 829 893 vinculo,
868 830 929 879 ut
973 844 1174 896 corpus
1224 826 1431 881 Christi
1471 826 1772 896 mysticum
1821 826 1878 879 in

243 939 344 976 sua
390 922 719 991 integritate
755 922 1070 985 conservet,
1116 926 1170 973 et
1210 937 1353 973 nova
1396 920 1625 989 insuper
1650 920 1878 991 resipis-

246 1017 500 1071 centium
525 1014 838 1069 accessione
892 1014 1219 1085 locupletet.
1252 1015 1361 1068 Hoc
1406 1018 1488 1067 est
1510 1013 1646 1067 ferri
1666 1020 1733 1070 τὰ
1774 1022 1879 1068 αὺ-

243 1126 312 1175 τὰ
338 1132 438 1175 τῶν
470 1123 804 1194 παθημάτων,
841 1119 946 1172 hoc
989 1124 1071 1172 est
1117 1117 1345 1183 Christi,
1400 1124 1455 1171 et
1493 1116 1727 1188 quidem
1782 1134 1879 1187 pas

247 1222 461 1287 tientis,
498 1230 664 1277 εἰκὸνα
704 1224 963 1292 portare;
1008 1220 1113 1275 hoc
1145 1223 1227 1274 est
1273 1220 1539 1291 supplere
1584 1237 1709 1290 quas
1751 1220 1878 1274 dee-

244 1332 383 1380 rant
431 1324 637 1379 Christi
664 1341 767 1395 pro
818 1323 1056 1378 Ecclesia
1097 1323 1481 1395 passionibus;
1515 1323 1617 1377 hoc
1649 1340 1780 1376 cum
1813 1340 1878 1377 eo

246 1420 417 1485 mori,
448 1418 719 1489 crucifigi,
753 1417 1003 1489 sepeliri,
1035 1434 1164 1471 cum
1203 1428 1259 1472 et
1290 1418 1488 1471 eadem
1522 1418 1790 1487 patimur,
1822 1420 1880 1470 et

247 1514 451 1569 eadem
497 1512 669 1567 etiam
704 1512 773 1566 de
811 1529 996 1581 causa,
1032 1528 1163 1566 cum
1203 1515 1259 1565 et
1286 1511 1605 1582 passionem
1641 1514 1697 1564 et
1748 1528 1875 1582 pas-

245 1607 426 1661 sionis
446 1624 672 1661 causam
712 1606 989 1660 habemus
1037 1622 1164 1660 cum
1210 1606 1432 1660 Christo
1489 1622 1873 1660 communem.

242 1702 413 1755 Plane
442 1701 685 1755 innuunt
709 1701 831 1754 haec
859 1699 1055 1754 omnia
1073 1716 1190 1755 esse
1218 1699 1508 1771 mysticam
1538 1699 1869 1771 quamdam,

241 1795 301 1849 in
340 1796 446 1849 hac
512 1795 634 1865 ipsa
690 1794 1013 1865 passionum
1073 1810 1241 1847 causa
1290 1809 1654 1847 communem
1710 1764 1948 1846 nobisB

240 1906 375 1943 cum
422 1889 642 1943 Christo
687 1888 986 1954 unitatem,
1014 1892 1074 1941 ut
1118 1887 1355 1957 proinde
1394 1888 1461 1941 ad
1507 1904 1677 1941 unam
1708 1890 1875 1940 utrae-

240 2000 353 2055 que
383 1982 760 2053 eamdemque
790 1982 1121 2052 passionum
1160 1980 1557 2035 collectionem
1588 1981 1875 2051 pertinere

240 2082 602 2131 censeantur.
638 2079 699 2131 In
726 2076 815 2130 his
840 2080 1034 2130 autem
1084 2075 1153 2129 de
1194 2075 1416 2129 unitate
1440 2075 1672 2145 mystica
1695 2074 1870 2128 ratio-

242 2171 408 2225 ciniis
435 2171 494 2223 id
536 2187 715 2241 genus
764 2186 1031 2237 canones,
1061 2175 1117 2223 et
1154 2169 1388 2240 quidem
1431 2169 1776 2222 universales
1804 2168 1872 2221 il-

239 2264 347 2331 los,
406 2264 664 2335 agnoscit
706 2265 1045 2334 Apostolus:
1096 2263 1249 2330 Quod
1294 2266 1467 2331 capiti
1513 2265 1775 2328 convenit,
1818 2263 1876 2315 id

240 2366 289 2413 et
358 2360 609 2413 membris
664 2374 768 2412 esse
825 2373 1135 2423 commune;
1202 2358 1347 2426 quod
1394 2358 1654 2426 primitis,
1715 2357 1774 2409 id
1825 2362 1873 2409 et

238 2468 430 2509 massa:
476 2454 757 2505 universae.
796 2452 862 2504 Ni
900 2451 1237 2505 universales
1282 2450 1522 2503 fuissent
1567 2450 1669 2515 illi,
1730 2466 1873 2519 quos

241 2547 513 2613 diximus,
543 2561 803 2609 canones,
838 2544 1073 2598 omnino
1115 2544 1464 2614 subjungere
1496 2542 1691 2596 debuit
1716 2546 1870 2612 Apo-

238 2640 414 2693 stolus
467 2656 567 2693 cur
612 2640 672 2693 in
722 2638 815 2693 illa
871 2638 1058 2708 potius
1110 2654 1286 2709 quam
1342 2638 1399 2690 in
1461 2636 1569 2690 alia
1624 2636 1873 2706 qualibet

238 2751 409 2788 causa
439 2739 624 2787 essent
652 2732 1020 2804 agnoscendi.
1055 2732 1516 2802 Argumentantis
1549 2730 1703 2784 enim
1739 2747 1868 2800 per-

235 2845 443 2882 sonam
498 2828 588 2881 hic
623 2827 896 2881 sustinuit
934 2826 1263 2897 Apostolus,
1313 2842 1425 2878 non
1468 2830 1661 2878 autem
1720 2824 1870 2879 illius

235 2924 335 2994 qui
366 2940 469 2993 pro
491 2938 590 2975 sua
619 2921 892 2975 duntaxat
934 2920 1267 2974 auctoritate
1290 2919 1545 2973 dictaret.
1581 2921 1664 2972 Ita
1694 2918 1871 2989 igitur

236 3033 371 3087 quae
416 3018 781 3087 peccatorum
823 3014 1065 3085 expiatio
1100 3013 1288 3084 capiti,
1317 3013 1521 3067 eadem
1570 3018 1626 3067 et
1683 3028 1866 3066 mem-

236 3110 395 3179 bris;
449 3126 574 3180 quae
628 3110 797 3179 hujus
861 3108 1154 3178 sanguinis
1203 3106 1490 3178 primitiis,
1557 3107 1758 3160 eadem
1814 3112 1943 3209 etCl

235 3220 444 3259 massae
496 3204 815 3257 conveniet.
869 3205 953 3257 Ita
1022 3202 1235 3255 scilicet
1302 3218 1405 3255 nos
1470 3200 1707 3255 incitare
1769 3219 1865 3255 vo-

234 3298 344 3352 luit
387 3297 663 3352 Dominus
720 3298 789 3351 ad
844 3302 1092 3351 mortem
1152 3313 1253 3366 pro
1318 3295 1590 3349 fratribus
1648 3295 1866 3350 lubenti

234 3392 434 3446 animo
481 3391 876 3461 constantique
921 3389 1262 3459 obeundum,
1308 3392 1371 3443 ut
1412 3389 1558 3443 sicut
1600 3389 1722 3460 ipse
1761 3406 1865 3460 pro

233 3482 401 3536 nobis
450 3482 622 3535 vitam
669 3480 877 3550 posuit,
920 3484 976 3534 et
1040 3496 1141 3532 nos
1198 3495 1300 3549 pro
1374 3478 1641 3533 fratribus
1690 3478 1863 3533 vitam

232 3587 587 3642 poneremus
640 3571 661 3623 Ι
718 3570 903 3638 Joan.,
952 3585 1030 3629 ιιι.
1089 3571 1171 3623 l6.
1222 3571 1303 3622 Ita
1349 3568 1522 3621 vitam
1574 3584 1679 3638 pro
1724 3572 1866 3638 Apo-

234 3665 384 3719 stolo
429 3680 645 3736 ponere
686 3664 876 3734 parati
911 3667 1076 3717 erant
1130 3662 1409 3732 discipuli,
1441 3662 1561 3732 ipse
1617 3662 1865 3716 vicissim

233 3775 339 3830 pro
384 3758 692 3829 discipulis.
736 3760 816 3812 lta
857 3758 1106 3828 lgnatius
1150 3756 1434 3829 ἀντ-ἰψυχος
1489 3772 1688 3810 eorum
1742 3772 1864 3809 esse

234 3861 411 3914 voluit
436 3859 532 3931 qui
580 3859 853 3930 episcopis
906 3859 1281 3927 adhaererent,
1306 3859 1454 3930 quod
1510 3859 1722 3913 scilicet
1774 3876 1864 3914 eo-

233 3975 363 4013 rum
416 3959 589 4031 ψυχὰς
620 3959 765 4034 ψυχῇ
794 3974 915 4025 sua,
961 3958 1103 4011 vitas
1140 3972 1347 4027 nempe
1403 3957 1535 4023 vita,
1575 3956 1863 4011 redimere

234 4061 504 4115 voluerit.
538 4061 672 4115 lnde
700 4062 894 4115 tantus
916 4060 1008 4113 ille
1049 4060 1504 4116 Christianorum
1533 4060 1591 4112 in
1636 4077 1695 4113 se
1722 4060 1863 4113 invi-

231 4172 359 4209 cem
385 4171 547 4209 amor
590 4171 700 4225 quo
745 4154 989 4208 illustres
1036 4154 1164 4209 illos
1200 4159 1257 4208 et
1302 4153 1637 4223 conspicuos
1689 4154 1860 4207 fuisse

230 4266 333 4306 sua
368 4248 546 4303 etiam
566 4252 731 4303 aetate
765 4254 1051 4303 memorat
1073 4247 1466 4303 Tertullianus.
1506 4248 1778 4302 Damonis
1807 4252 1863 4301 ot

227 4344 449 4415 Pythias
488 4344 728 4398 Historia
763 4343 915 4414 apud
960 4342 1362 4413 Pythagoricos
1394 4343 1562 4412 longe
1605 4342 1857 4396 celeber-

228 4439 380 4492 rima
402 4442 504 4492 est.
538 4439 649 4491 Hos
673 4436 924 4491 aemulati
950 4436 1283 4491 Judaaorum
1326 4443 1458 4489 sunt
1492 4436 1704 4502 Esseni,
1735 4436 1861 4490 illos

228 4531 566 4601 Christiani,
595 4548 735 4603 quos
768 4534 964 4585 tamen
1009 4548 1208 4585 omnes
1237 4531 1410 4601 longo
1448 4530 1747 4584 intervallo
1773 4547 1859 4583 su-

228 4630 531 4698 perarunt.
584 4629 668 4681 Ita
714 4625 1087 4681 conveniebat
1136 4626 1483 4679 adamussim
1535 4642 1665 4680 cum
1710 4624 1861 4679 hisce

230 4720 529 4791 principiis
546 4720 737 4791 praxis
758 4720 929 4774 etiam
956 4720 1358 4789 primaevorum
1383 4720 1857 4791 Christianorum.

228 4816 310 4869 Ita
358 4815 578 4884 praxim
629 4814 787 4868 illam
855 4814 1356 4885 generosissimam
1403 4813 1860 4884 prudentissimis

227 4909 405 4963 etiam
432 4908 724 4979 principiis
752 4909 1244 4964 fulcivitDominus
1282 4908 1575 4979 legislator
1601 4910 1859 4965 omnium

228 4998 399 5068 longe
432 4998 827 5068 peritissimus.

300 5143 333 5213 §
373 5146 459 5198 38.
492 5174 561 5183 —
589 5143 726 5207 Quae
746 5160 874 5199 cum
904 5144 986 5199 ita
1020 5162 1079 5199 se
1130 5145 1397 5210 habeant,
1432 5146 1548 5218 jam
1581 5146 1744 5201 facile
1774 5147 1860 5201 in-

227 5236 544 5307 telligimus
592 5238 733 5292 nihil
786 5255 904 5293 esse
970 5256 1071 5293 cur
1115 5220 1263 5295 male
1322 5240 1578 5309 audiant,
1634 5242 1741 5295 hac
1798 5242 1859 5295 in

223 5346 415 5399 causa,
445 5332 701 5402 primaevi
742 5334 1068 5389 Christiani.
1120 5335 1391 5405 Baptismi
1430 5335 1591 5389 titulo
1641 5342 1853 5407 myste-

222 5426 378 5481 rium
437 5426 843 5497 insignierunt.
895 5430 1006 5483 Nec
1062 5433 1275 5484 temere
1331 5428 1404 5497 id,
1442 5446 1549 5484 nec
1604 5447 1707 5501 pro
1753 5448 1855 5486 suo

221 5520 502 5575 duntaxat
546 5521 781 5576 arbitrio
803 5522 1089 5578 Christum
1124 5524 1401 5578 nimirum
1424 5524 1610 5595 ipsum
1635 5525 1853 5579 habue-

221 5621 365 5671 runt
397 5632 571 5687 quem
602 5623 978 5688 sequerentur
1015 5625 1332 5674 auctorem.
1367 5620 1476 5675 Sed
1519 5637 1647 5674 cum
1694 5620 1856 5675 titulo

214 5710 356 5782 jura
397 5710 568 5766 etiam
614 5710 885 5783 baptismi
931 5714 1205 5785 martyrio
1259 5714 1599 5782 tribuerunt,
1632 5718 1689 5768 et
1734 5714 1858 5787 qui-

223 5804 360 5881 dem
411 5806 841 5891 sacramentalis
880 5807 1150 5884 baptismi
1189 5824 1221 5865 a
1262 5810 1380 5867 Deo
1424 5808 1548 5883 ipso
1587 5808 1852 5867 instituti.

748 5921 757 5927 .
812 5901 821 5927 ι

1983 446 2042 499 in
2076 450 2236 516 pacto
2266 448 2663 501 sacramentali
2698 450 3037 519 praestanda,
3070 468 3132 505 ea
3154 452 3266 505 suis
3294 453 3612 508 adiuventis

1984 545 2325 606 assererent,
2383 542 2538 594 nullo
2570 546 2760 596 tamen
2806 543 2922 597 nixi
2957 544 3057 599 Dei
3099 546 3399 615 promisso,
3454 548 3611 601 nullo

1984 634 2079 686 Dei
2104 633 2362 703 legitimo
2400 633 2607 688 vicario
2636 636 2731 706 qui
2763 637 2854 690 Dei
2878 653 3178 707 personam
3208 656 3380 710 agere
3409 642 3611 695 saltem

1982 730 2192 797 posset,
2216 733 2273 781 et
2299 728 2399 781 Dei
2444 729 2685 782 nomine
2730 746 2799 783 ea
2828 731 3084 801 polliceri
3114 750 3241 803 quae
3288 734 3431 788 Deus
3467 734 3608 805 ipse,

1981 825 2213 891 propter
2243 822 2559 891 legitimam
2614 822 3031 894 delegationem
3074 831 3343 895 praestare
3384 832 3612 883 tenero-

1982 918 2091 969 tur.
2148 915 2258 968 Sed
2312 916 2481 986 longe
2532 916 2769 970 aberant
2812 918 2879 971 ab
2924 935 2990 972 eo
3043 921 3255 973 scelere
3299 925 3518 977 veteres
3550 928 3610 977 ut

1983 1008 2079 1061 Dei
2132 1026 2362 1076 nomen,
2425 1009 2543 1064 sine
2580 1010 2769 1065 divina
2825 1017 3020 1065 tamen
3072 1014 3431 1083 auctoritate,
3493 1019 3608 1073 suis

1980 1102 2253 1156 institutis
2313 1109 2716 1174 praetexerent.
2768 1109 2835 1160 At
2884 1106 3126 1176 impium
3184 1109 3440 1177 profecto
3490 1128 3607 1165 non

1982 1196 2089 1249 fuit
2113 1196 2157 1248 si
2189 1198 2540 1251 conditiones
2570 1214 2601 1251 a
2630 1199 2744 1253 Deo
2784 1200 2906 1269 ipso
2955 1203 3303 1269 praestandae
3346 1211 3606 1273 expecta-

1982 1296 2107 1344 rent
2145 1290 2203 1343 in
2232 1294 2390 1359 pacto
2412 1292 2736 1361 baptismali
2776 1294 2845 1346 ab
2889 1292 3011 1363 ipso
3044 1295 3323 1351 instituto.
3357 1298 3606 1368 Impium

1980 1400 2093 1437 non
2132 1384 2239 1437 fuit
2294 1402 2323 1437 o
2370 1385 2635 1455 baptismi
2677 1388 3105 1441 sacramentalis
3154 1392 3393 1445 consilio
3448 1393 3604 1447 colli-

1981 1493 2114 1546 gere
2160 1478 2204 1530 si
2242 1478 2377 1548 quid
2427 1494 2597 1549 porro
2643 1478 2701 1532 in
2742 1484 2903 1549 pacto
2943 1480 3271 1551 baptismali
3314 1485 3607 1541 videretur

1979 1570 2279 1625 inclusum.
2316 1572 2563 1642 Impium
2595 1590 2711 1628 non
2741 1574 2848 1628 fuit
2881 1574 2988 1628 hoc
3017 1574 3205 1645 ipsum
3229 1577 3297 1631 de
3328 1580 3604 1649 martyrio

1977 1663 2241 1733 colligere
2267 1665 2311 1717 si
2351 1684 2462 1737 qua
2512 1671 2741 1737 possent
2776 1667 3037 1739 legitima
3076 1677 3605 1726 saeramentorum~

1975 1774 2083 1827 qua
2112 1758 2338 1829 propria
2365 1761 2877 1831 argumentatione.
2914 1763 3164 1833 Impium
3216 1764 3463 1835 denique
3492 1784 3605 1821 non

1975 1848 2102 1915 fuit,
2156 1849 2201 1901 si
2243 1853 2299 1903 et
2362 1852 2666 1921 martyrio,
2710 1851 2804 1905 ubi
2832 1852 2889 1905 id
2941 1852 3291 1920 probassent,
3350 1860 3405 1908 et
3466 1856 3602 1925 jura

1976 1958 2205 2013 quoque
2271 1943 2625 2013 baptismalia
2692 1950 3028 1999 assererent.
3095 1946 3265 2016 Atqui
3321 1947 3607 2016 baptismo

1976 2035 2312 2106 martyrium
2344 2054 2456 2090 non
2498 2039 2799 2092 conferunt
2830 2038 3020 2105 modo,
3055 2039 3153 2092 sed
3194 2040 3369 2094 etiam
3397 2042 3611 2096 antefe-

1975 2136 2126 2183 runt.
2174 2130 2318 2185 Malo
2354 2131 2587 2201 quidem
2636 2131 2709 2200 id,
2753 2132 2803 2185 si
2846 2133 2969 2202 jam
3021 2133 3361 2188 constitisset
3398 2151 3501 2189 sua
3544 2136 3603 2190 ni

1974 2224 2187 2277 mirum
2242 2224 2494 2278 humana
2544 2225 2799 2280 instituta
2842 2242 2972 2279 cum
3023 2226 3228 2280 divinis
3277 2244 3441 2281 ausos
3483 2244 3604 2283 esse

1976 2318 2343 2372 contendere.
2400 2319 2509 2373 Sed
2570 2335 2702 2372 vero
2746 2320 2909 2373 aliter
2960 2336 3019 2373 se
3093 2337 3219 2374 rem
3275 2320 3486 2377 habere
3534 2340 3604 2378 ex

1976 2412 2135 2465 dictis
2182 2416 2419 2466 constat.
2473 2414 2612 2467 Cum
2667 2414 2725 2465 in
2778 2416 2946 2483 pacto
3010 2413 3334 2483 baptismali
3388 2416 3604 2471 includi

1975 2506 2313 2574 martyrium
2344 2506 2637 2575 probarint
2668 2510 2909 2575 veteres,
2944 2508 3233 2561 immerito
3267 2526 3401 2563 sane
3446 2527 3601 2564 mar-

1973 2599 2186 2669 tyrium
2252 2599 2521 2653 humanis
2572 2600 2845 2653 institutis
2900 2608 3206 2655 accensent
3266 2603 3598 2660 adversarii.

1971 2696 2097 2747 Jam
2116 2709 2228 2746 non
2252 2694 2499 2746 humana
2528 2709 2659 2747 cum
2685 2693 2890 2747 divinis
2919 2695 3183 2748 instituta
3224 2697 3595 2764 contendunt,

1973 2787 2068 2841 sed
2107 2786 2296 2840 divina
2318 2804 2450 2840 cum
2496 2787 2719 2854 divinis,
2770 2788 2858 2841 vel
2889 2805 3063 2842 unam
3112 2790 3355 2843 fortasse
3408 2791 3597 2860 potius

1970 2880 2143 2934 divini
2185 2881 2428 2935 instituti
2464 2887 2690 2952 partem
2735 2898 2866 2935 eum
2904 2882 3013 2936 alia
3059 2883 3320 2953 ejusdem
3353 2884 3597 2939 instituti

1972 2979 2154 3045 parte.
2210 2975 2363 3028 Nihil
2421 2981 2615 3029 autem
2661 2980 2812 3029 vetat
2856 2993 2967 3047 quo
3012 2977 3201 3030 minus
3268 2978 3595 3032 divinorum

1974 3068 2361 3123 institutorum
2418 3070 2663 3123 alterum
2699 3071 2877 3126 altero
2928 3070 3110 3141 possit
3158 3087 3279 3125 esse
3327 3077 3597 3142 praestan-

1971 3163 2076 3216 dus
2108 3181 2119 3215 :
2159 3164 2294 3234 quin
2331 3162 2388 3217 id
2417 3164 2605 3234 potius
2639 3180 2875 3218 necesse
2919 3170 3003 3218 est
3055 3166 3282 3235 quoties
3320 3166 3395 3220 ad
3439 3183 3598 3220 eum-

1969 3257 2100 3311 dem
2149 3259 2326 3312 ﬁnem
2364 3258 2712 3326 referuntur,
2757 3274 2889 3312 cum
2926 3258 3115 3329 aliqua
3161 3264 3356 3314 tamen
3403 3260 3597 3315 subor-

1969 3354 2286 3409 dinatione.
2329 3353 2493 3418 Quod
2525 3354 2681 3409 enim
2709 3355 2887 3409 ﬁnem
2922 3354 3100 3420 ,illum
3140 3355 3377 3427 propius
3419 3357 3593 3412 attin-

1969 3448 2070 3519 git,
2135 3448 2193 3503 id
2247 3448 2562 3503 necessario
2615 3449 2752 3519 erit,
2792 3449 2853 3503 in
2904 3448 3083 3503 medii
3157 3450 3400 3520 ratione,
3450 3467 3597 3523 prae-

1967 3542 2225 3597 stantius.
2264 3544 2337 3597 At
2384 3542 2564 3614 pactis
2601 3543 2947 3614 symbolycis
2998 3543 3205 3615 (qualia
3239 3552 3592 3602 sacramenta

1967 3653 2088 3691 esse
2142 3653 2338 3692 omnes
2384 3638 2723 3709 agnoscunt)
2750 3638 2976 3708 sejungi
3028 3640 3230 3709 nequit
3277 3639 3595 3695 istiusmodi

1966 3731 2367 3787 subordinatio.
2408 3733 2549 3786 Cum
2579 3731 2731 3785 enim
2780 3731 3043 3801 symbola
3086 3732 3471 3787 adhibeantur
3514 3734 3590 3788 ad

1965 3825 2077 3879 alia
2117 3830 2307 3879 tamen
2346 3825 2531 3879 officia
2563 3841 2596 3878 a
2649 3824 2927 3895 symbolis
2971 3824 3354 3880 diversissima
3384 3843 3592 3897 reprae-

1964 3921 2259 3987 sentanda,
2304 3918 2542 3989 ipsaque
2576 3919 2720 3972 adeo
2751 3918 2845 3971 illa
2869 3919 3370 3989 repraesentatione
3421 3935 3591 3989 spon-

1966 4013 2179 4075 deuda,
2248 4019 2308 4066 ut
2364 4012 2603 4082 proinde
2682 4012 3005 4066 mediorum
3089 4017 3332 4084 utraque
3406 4013 3591 4069 vicem

1964 4107 2275 4177 impleant;
2332 4108 2556 4159 constat
2612 4110 2803 4160 tamen
2876 4105 3046 4160 officii
3104 4122 3278 4177 quam
3346 4106 3590 4179 symboli

1962 4201 2131 4271 longe
2154 4200 2432 4272 potiorem
2460 4217 2578 4255 esse
2605 4201 2912 4270 rationem,
2925 4201 3134 4272 jusque
3159 4201 3231 4255 ad
3255 4202 3587 4257 mercedem

1962 4312 1994 4348 a
2051 4296 2161 4349 Deo
2198 4294 2530 4365 promissam
2579 4297 2839 4350 conferre
2897 4296 3067 4366 longe
3133 4296 3353 4350 auctius
3414 4300 3589 4368 atque

1964 4388 2216 4443 validius.
2248 4388 2360 4443 Dici
2389 4394 2580 4443 tamen
2609 4390 2855 4460 denique
2882 4392 3068 4461 potest
3094 4393 3213 4445 tam
3262 4392 3588 4462 symbolum

1880 4514 1939 4585 D
1965 4486 2173 4538 nostra:
2204 4484 2262 4537 in
2289 4483 2571 4554 baptismo
2593 4483 2981 4555 professionis,
3006 4500 3177 4554 quam
3206 4485 3587 4539 conditionem

1964 4595 2137 4649 quam
2170 4594 2236 4631 eo
2270 4578 2524 4649 symbolo
2564 4579 2909 4649 spondemus
2940 4595 2972 4631 a
3003 4584 3194 4632 nostra
3231 4579 3375 4649 pacti
3406 4578 3587 4649 bapti-

1962 4672 2155 4726 smalis
2176 4677 2334 4742 parte
2363 4673 2765 4743 praestandam,
2795 4688 3125 4743 quanquam
3145 4672 3205 4725 in
3220 4677 3387 4742 pacto
3414 4689 3447 4726 a
3468 4674 3581 4727 Deo

1963 4768 2194 4838 quidem
2231 4765 2486 4821 instituto
2522 4766 2926 4835 adhibeantur,
2975 4765 3050 4820 ad
3094 4766 3345 4820 humana
3384 4770 3583 4822 tamen

1960 4862 2163 4930 ofﬁcia,
2200 4864 2540 4932 partemque
2558 4862 2706 4931 pacti
2736 4861 2893 4915 illam
2921 4877 3049 4932 qua:
3071 4860 3327 4915 homines
3346 4866 3581 4931 spectat,

1961 4956 2223 5011 attinere.
2256 4959 2340 5010 Ita
2367 4972 2481 5009 non
2520 4971 2653 5009 cum
2678 4956 2942 5009 humanis
2974 4955 3168 5010 divina
3195 4954 3581 5023 conferentur,

1961 5052 2054 5106 sed
2077 5067 2207 5105 cum
2236 5050 2501 5104 humanis
2541 5050 2742 5104 ofﬁciis
2768 5050 2879 5104 alia
2919 5050 3106 5104 officia
3135 5054 3191 5105 et
3225 5049 3317 5103 illa
3356 5065 3583 5121 quoque

1960 5144 2172 5216 pariter
2197 5144 2468 5211 humana,
2502 5148 2563 5198 ut
2609 5144 2721 5197 alia
2751 5144 2874 5197 aliis
2900 5145 3133 5198 meliora
3162 5144 3503 5211 habeantur,
3524 5147 3582 5198 et

1961 5241 2073 5293 Deo
2128 5239 2397 5310 gratiora.
2427 5241 2625 5293 Fateor
2651 5238 2917 5310 equidem
2935 5238 3141 5291 horum
3155 5238 3475 5292 ofﬁciorum
3490 5238 3585 5308 jus

1958 5334 2028 5387 ad
2072 5334 2399 5388 mercedem
2420 5336 2584 5403 pacto
2605 5332 3063 5403 institutionique
3081 5331 3287 5387 divinas
3310 5334 3495 5387 totum
3519 5349 3585 5387 ac

1958 5432 2178 5499 captam
2209 5444 2328 5482 esse
2373 5427 2758 5482 referendum.
2796 5428 2857 5482 Id
2913 5433 3107 5483 tamen
3138 5426 3213 5482 ita
3249 5444 3446 5483 verum
3501 5430 3585 5482 est

1961 5528 2020 5576 ut
2048 5538 2373 5593 quanquam
2406 5527 2638 5593 propter
2682 5538 2855 5593 opera
2887 5523 3034 5577 Deus
3062 5522 3387 5577 mercedem
3418 5522 3581 5577 retri-

1956 5616 2111 5683 buat,
2176 5622 2233 5670 at
2283 5616 2603 5670 secundum
2651 5632 2825 5688 opera
2875 5616 2976 5670 fiat
3026 5616 3125 5671 illa
3160 5615 3481 5684 retributio,
3524 5616 3586 5669 ut

1957 5710 2194 5782 proinde
2228 5710 2287 5764 in
2318 5710 2519 5765 ofﬁciis
2561 5710 2771 5765 nostris
2824 5727 2937 5783 quo
2976 5728 3077 5766 suo
3129 5726 3368 5783 quaeque
3412 5709 3471 5763 in
3524 5725 3586 5763 se

1956 5806 2350 5881 prastantiora
2380 5811 2438 5863 et
2476 5808 2592 5865 Deo
2621 5806 2896 5881 gratiora,
2942 5822 3009 5866 eo
3053 5807 3355 5882 exigantur
3397 5820 3432 5860 a
3471 5804 3587 5866 Deo
