4144 6192
559 266 695 323 1187

1910 269 2088 326 EDlT.
2129 270 2166 326 Ο

2265 267 2328 326 Ν.
2371 267 2585 328 ΝΟΤᾸΞ.
2983 292 2990 298 ’
3717 285 3832 344 1188

555 397 877 468 paciscente
913 394 1281 468 dilligentius,
1311 400 1369 453 et
1389 399 1652 454 mercede
1682 398 1990 472 copiosiori
2020 415 2174 454 coro-
2209 410 2269 484 Α
2289 401 2520 455 consilio
2549 417 2780 472 prorsus
2809 408 3219 474 consentanea,
3252 420 3370 476 qua:
3388 405 3454 461 de
3480 411 3704 481 martyrii
3730 430 3846 484 pra:-

560 496 788 546 nentur.

626 584 765 656 §39.
791 615 859 626 —-
885 586 1224 660 Quanquam
1267 593 1457 644 autem
1498 589 1766 661 baptismi
1820 590 1988 646 solius
2017 591 2186 647 ratio-

553 695 689 734 nem
722 680 781 734 in
812 681 917 735 hac
945 685 1138 736 nostra
1167 682 1567 739 dissertatione
1599 685 1974 740 habuerimus
1999 703 2011 740 :
2035 688 2185 758 quod

554 777 748 828 tamen
800 775 870 830 de
933 775 1218 848 baptismo
1259 779 1631 846 asseruimus,
1688 779 1844 834 idem
1895 781 1964 835 de
2001 781 2183 837 altero

551 868 918 924 Eucharistiae
956 875 1310 926 sacramento
1357 889 1608 928 asserere
1672 879 2026 944 poteramus,
2087 893 2178 931 re-

551 970 900 1033 praesentare
954 965 1234 1020 nimirum
1285 966 1410 1036 hic,
1469 970 1640 1038 atque
1688 969 1829 1022 adeo
1890 970 2183 1040 sponderi,

554 1061 809 1111 nostrum
842 1075 945 1128 pro
980 1058 1202 1114 Christo
1241 1061 1602 1132 martyrium,
1645 1067 1704 1116 ut
1742 1063 1985 1132 proinde
2015 1064 2184 1134 hujus

553 1150 728 1205 etiam
778 1151 1130 1208 Eucharistia
1168 1153 1316 1224 pacti
1375 1156 1614 1225 praemia
1657 1156 1876 1226 possint
1907 1174 1939 1211 a
1963 1163 2182 1228 marty-

552 1243 708 1299 ribus
751 1244 1044 1301 vindicari.
1096 1249 1205 1301 Nec
1251 1249 1406 1303 enim
1458 1250 1619 1305 aliter
1663 1252 1721 1305 in
1771 1269 1916 1322 pane
1970 1253 2183 1306 Eucha-

489 1351 496 1356 '
549 1337 740 1393 ristico
763 1338 938 1393 fracto
970 1345 1413 1412 reprzesentatur
1439 1361 1644 1416 corpus
1677 1345 1898 1401 Domini
1922 1364 2096 1419 quam
2119 1351 2184 1402 ut

548 1449 805 1504 passum,
843 1435 1104 1502 fractum,
1158 1437 1517 1508 cruciﬁxum;
1547 1455 1650 1494 nec
1702 1441 1867 1495 aliter
1914 1442 1971 1496 in
2002 1443 2180 1499 effuso

549 1526 679 1582 vino
709 1527 938 1599 sanguis
970 1545 1143 1600 quam
1174 1536 1236 1585 ut
1277 1531 1396 1602 ipse
1445 1533 1617 1588 etiam
1659 1535 1890 1590 effusus.
1927 1536 2063 1600 Quis
2096 1541 2180 1591 est

548 1621 644 1692 qui
674 1638 789 1676 non
818 1621 1007 1676 videat
1045 1640 1218 1695 quam
1264 1625 1380 1681 sint
1421 1627 1543 1682 haec
1579 1629 1884 1684 manifesto
1940 1629 2012 1684 ad
2041 1648 2172 1703 pas-

550 1714 736 1770 siones
784 1717 989 1771 Christi
1047 1719 1390 1775 referenda?
1436 1723 1578 1778 Cum
1629 1723 1821 1795 itaque
1873 1740 1974 1795 per
2004 1742 2180 1780 unum

2286 495 2415 549 miis
2446 495 2736 568 hucusque
2779 496 3212 568 disputavimus,
3237 515 3368 554 cum
3412 517 3473 556 eo
3515 503 3739 577 utrisque
3773 524 3844 563 sa-

2286 590 2569 644 cramenti
2597 596 2755 662 pacta
2776 590 3082 648 collineare
3115 593 3430 649 videamus.

2358 682 2387 755 §
2415 685 2503 738 40.
2541 716 2606 724 -
2659 685 3002 758 Quanquam
3033 687 3208 742 etiam
3233 688 3461 744 unicum
3476 689 3600 746 illud
3624 693 3847 753 hactenus

2286 779 2712 841 tractaverimus
2757 780 3028 852 baptismi
3084 781 3426 838 beneficium
3498 785 3646 857 (quod
3707 791 3848 846 etiam

2286 871 2471 944 ipsum
2524 875 2809 946 privatum
2857 874 2964 946 est)
3009 880 3386 947 peccatorum
3447 879 3638 935 scilicet
3685 884 3846 940 remis-

2287 969 2523 1035 sionem,
2579 969 2731 1025 unde
2765 970 2942 1025 etiam
2990 972 3246 1042 sequitur
3298 972 3620 1044 impunitas,
3669 983 3715 1032 et
3756 979 3850 1050 ipsa

2289 1061 2466 1117 etiam
2505 1064 2807 1134 privativa;
2861 1069 3066 1120 nonest
3117 1069 3312 1120 tamen
3341 1067 3472 1123 inde
3505 1073 3563 1123 ut
3598 1077 3846 1141 propterea

2283 1173 2562 1227 negemus
2609 1159 2700 1228 jus
2769 1175 2890 1213 esse
2965 1160 3308 1232 martyribus
3387 1161 3457 1214 ad
3513 1164 3721 1233 positiva
3767 1166 3850 1221 ba-

2285 1250 2481 1322 ptismi
2532 1251 2835 1307 beneﬁcia.
2880 1252 2938 1308 Si
3000 1254 3154 1308 enim
3199 1272 3328 1309 cum
3361 1255 3574 1310 Christo
3623 1259 3848 1328 patimur,

2284 1362 2417 1400 cum
2454 1347 2657 1401 eodem
2685 1346 2859 1401 etiam
2902 1348 3298 1419 regnabimus.
3354 1350 3437 1404 Ita
3475 1357 3855 1423 argumentatur

2282 1440 2582 1510 Apostolus
2625 1457 2656 1494 e
2691 1458 2904 1496 canone
2948 1442 3152 1497 harum
3193 1443 3550 1514 mysticarum
3595 1462 3850 1517 argumen-

2282 1535 2569 1590 tationum
2598 1535 2848 1607 proprio.
2885 1538 2968 1590 Ita
2990 1537 3164 1591 etiam
3196 1543 3250 1592 et
3275 1543 3498 1592 veteres
3551 1556 3669 1594 cum
3687 1542 3853 1611 prima-

2281 1628 2434 1682 rium
2476 1630 2837 1700 martyribus,
2868 1636 2929 1685 ut
2957 1631 3324 1700 ostendimus,
3375 1631 3434 1686 in
3477 1648 3643 1703 regno
3666 1634 3844 1703 Christi,

2289 1739 2630 1778 concessum
2672 1728 3015 1780 assererent.
3066 1727 3134 1780 Et
3179 1725 3388 1781 merito
3439 1726 3656 1798 quidem
3698 1728 3779 1782 illi.
3810 1730 3853 1784 Si

548 1808 711 1864 illum
738 1827 949 1880 panem
980 1827 1161 1868 unum
1207 1831 1307 1868 nos
1351 1831 1481 1869 cum
1523 1816 1743 1872 Christo
1776 1834 1983 1888 corpus
2003 1820 2179 1890 profi-
2208 1789 2266 1863 B
2292 1818 2448 1873 enim
2478 1819 2699 1876 Christo
2725 1836 2960 1890 passuro
2992 1836 3212 1875 merces
3256 1821 3548 1892 proposita
3587 1826 3686 1890 est;
3715 1823 3850 1878 debe-

546 1906 793 1973 teantur,
852 1907 873 1960 Ι
919 1908 1070 1976 Cor.,
1117 1925 1170 1976 x,
1222 1911 1306 1976 l7,
1358 1909 1418 1963 in
1468 1911 1636 1981 plane
1686 1928 1790 1982 pro
1867 1913 2182 1984 symbolice

550 1998 871 2069 spondendi
912 2002 1049 2071 ritu,
1083 2003 1451 2074 spondemus,
1485 2021 1599 2059 non
1627 2006 1686 2060 in
1739 2024 1981 2078 corpore
2011 2009 2182 2064 modo

549 2109 673 2159 nos,
707 2094 804 2148 sed
828 2095 888 2149 in
914 2095 1052 2166 ipsis
1080 2113 1308 2168 quoque
1353 2100 1604 2169 corporis
1648 2101 2004 2172 passionibus
2051 2120 2180 2158 cum

547 2187 766 2242 Christo
795 2187 919 2242 fore
965 2190 1510 2259 communicaturos,
1543 2199 1607 2247 ut
1641 2199 1698 2248 et
1750 2195 1858 2266 ipsi
1887 2213 1990 2250 nos
2019 2213 2180 2267 para-

545 2286 635 2337 tos
687 2287 1028 2353 praestemus
1059 2291 1119 2339 ut
1147 2302 1276 2340 cum
1317 2302 1384 2340 eo
1415 2286 1704 2357 patiamur
1745 2294 1914 2361 atque
1955 2292 2179 2346 crucifi-

549 2393 778 2449 gamur.
809 2379 951 2433 Cum
985 2379 1160 2434 etiam
1211 2379 1418 2435 dicitur
1447 2381 1540 2436 hic
1567 2383 1805 2453 sanguis
1844 2401 1953 2455 pro
1984 2385 2180 2440 multis

546 2472 772 2541 effusus,
802 2473 861 2526 id
890 2490 1061 2544 porro
1090 2474 1448 2545 pollicemur,
1483 2493 1583 2530 nos
1643 2478 1834 2546 etiam,
1873 2495 1975 2550 pro
2012 2480 2174 2534 Chri-

542 2568 613 2622 sti
660 2568 944 2640 exemplo,
1001 2585 1066 2623 eo
1109 2570 1456 2640 promptiori
1505 2571 1700 2627 animo
1731 2573 1804 2627 ad
1843 2573 2174 2643 patiendum

541 2679 864 2718 accessuros
918 2679 1030 2734 quo
1056 2663 1308 2734 plurium
1357 2665 1597 2720 salutem
1620 2667 1993 2738 intelligimus
2044 2686 2174 2724 nos-

539 2761 630 2813 tra
676 2757 798 2813 fore
840 2761 1027 2814 morte
1078 2760 1547 2830 promovendam.
1599 2763 1676 2816 Ita
1725 2762 1883 2816 enim
1938 2763 2058 2818 fore
2117 2770 2175 2819 ut

542 2851 752 2908 Christi
794 2852 1065 2924 patientis
1135 2853 1681 2926 exemplummagis
1741 2856 1812 2910 ad
1839 2855 2028 2912 vivum
2081 2873 2170 2912 re-

540 2949 977 3018 prmsentemus.
1034 2948 1281 3006 Proinde
1331 2948 1656 3004 verisimilia
1701 2955 1834 3006 sunt
1883 2955 1939 3007 et
1983 2951 2173 3008 divino

2283 1913 2455 1968 batur
2505 1919 2656 1969 certe
2710 1913 2810 1983 illi,
2866 1915 3118 1986 praistita
3155 1915 3301 1985 pacti
3360 1915 3688 1984 conditione,
3731 1922 3853 1973 tanta

2283 2008 2381 2062 illa
2434 2025 2675 2063 merces.
2735 2008 2790 2064 Si
2839 2011 2898 2062 et
2949 2025 3054 2064 nos
3097 2009 3366 2064 eamdem
3399 2010 3597 2066 Christi
3642 2011 3853 2082 patientis

2283 2118 2587 2174 personam
2622 2103 2681 2157 in
2716 2105 2914 2158 nostra
2944 2119 3175 2174 quoque
3221 2105 3482 2174 passione
3519 2105 3850 2174 sustineamns,

2285 2202 2343 2252 et
2372 2197 2608 2269 quidem
2660 2214 2726 2252 eo
2775 2198 2899 2267 ipso
2954 2197 3336 2252 sustiueamus
3387 2199 3614 2254 consilio
3659 2203 3715 2254 ut
3754 2217 3851 2271 quae

2274 2291 2406 2363 jura
2459 2291 2680 2347 Christo
2725 2291 2966 2363 patienti
3009 2309 3114 2365 pro
3154 2298 3316 2364 pacto
3365 2293 3551 2349 divino
3607 2311 3854 2349 accresce-

2279 2385 2438 2454 bant,
2469 2391 2524 2441 et
2564 2386 2730 2440 nobis
2757 2403 2986 2459 quoque
3035 2387 3299 2443 similiter
3349 2388 3678 2459 patientibus
3710 2405 3854 2444 accre-

2279 2484 2500 2535 scerent
2525 2498 2542 2550 ;
2590 2481 2849 2554 sequitur
2912 2487 2968 2536 et
3007 2482 3170 2537 nobis
3230 2481 3573 2552 patientibus
3612 2483 3853 2555 ingentem

2275 2575 2434 2629 illam
2491 2575 2800 2646 repositam
2863 2593 2982 2632 esse
3028 2576 3381 2644 mercedem,
3434 2583 3642 2633 tantam
3685 2579 3853 2632 scilicet

2277 2674 2490 2740 quanta
2515 2668 2762 2733 Christo,
2808 2687 2910 2741 pro
2976 2670 3146 2742 hujus
3201 2672 3356 2743 pacti
3395 2672 3526 2743 jure
3569 2671 3851 2733 debebatur,

2277 2769 2334 2818 et
2365 2764 2599 2835 quidem
2643 2781 2707 2818 ex
2763 2764 3021 2834 ejusdem
3079 2766 3226 2836 pacti
3277 2765 3484 2821 eodem
3541 2767 3698 2821 etiam
3731 2767 3850 2836 jure.

2275 2860 2352 2912 lta
2378 2858 2477 2912 fiet
2508 2864 2571 2913 ut
2601 2858 2861 2913 universa
2905 2859 3184 2930 baptismi
3237 2860 3538 2929 beneficia,
3582 2865 3689 2915 tam
3714 2877 3852 2930 nega-

2273 2953 2402 3022 tiva,
2447 2970 2622 3026 quam
2677 2953 2853 3008 etiam
2883 2953 3141 3026 positive,
3181 2955 3532 3028 martyribus
3571 2954 3850 3010 debeantur.

1001 3381 2264 3556 OXONIENSIS
2401 3385 3478 3560 EDITIONIS

1607 3705 1724 3797 IN
1790 3705 2446 3800 CYPRIANUM
2492 3705 2832 3800 ΝΟΤιίΕ

1033 4215 1386 4270 EPISTOLA
1420 4217 1661 4269 PRIMA.

596 4363 1028 4420 Consi'uentibus.
1111 4363 1374 4414 Formula
1447 4362 1569 4414 11ch
1646 4362 1852 4425 smpius
1922 4360 2161 4412 occurrit

533 4438 590 4488 et
614 4436 739 4501 plus
769 4436 874 4488 sibi
905 4435 1050 4487 velle
1077 4435 1296 4485 videtur
1325 4449 1494 4499 quam
1528 4437 1589 4483 ut
1617 4433 1932 4497 designaret
1965 4433 2158 4483 fratres

530 4510 626 4572 qui
654 4508 854 4558 Furnis
879 4508 1116 4567 fuerant,
1153 4511 1248 4556 aut
1275 4507 1373 4570 qui
1407 4507 1774 4556 consisterent
1803 4517 1931 4554 cum
1957 4504 2159 4554 asside-

528 4583 649 4628 rent
681 4579 1006 4643 presbyteri.
1041 4577 1120 4627 Ea
1149 4579 1336 4641 potius
1378 4580 1563 4626 mente
1603 4579 1913 4639 appositam
1961 4576 2156 4627 creda-

527 4663 674 4712 mus,
705 4665 815 4715 qua
846 4651 989 4704 infra
1029 4651 1225 4702 fratres
1265 4653 1466 4699 stantes
1503 4652 1561 4699 et
1600 4648 1934 4698 consistentes
1960 4647 2158 4712 appel-

525 4721 730 4780 lantur,
760 4728 1038 4786 quatenus
1063 4720 1133 4772 ab
1161 4720 1458 4775 ἀποστάσαις
1485 4724 1540 4770 et
1571 4720 1756 4783 lapsis,
1784 4718 2156 4771 schismaticis

522 4796 688 4857 atque
713 4793 993 4844 hazreticis
1023 4793 1404 4854 distingueret.
1972 4797 1976 4806 '

581 4865 810 4929 Collegae
855 4865 954 4913 mei
1000 4866 1093 4928 qui
1129 4868 1424 4927 praesentes.
1455 4861 1810 4914 Eminentiss.
1862 4862 2152 4922 Baronius,

520 4935 838 4998 Penelius,
881 4937 1092 5001 quique
1140 4949 1320 4999 nuper
1366 4934 1604 4986 concilia
1649 4933 1980 4999 ediderunt,
2028 4933 2147 4997 epi-

518 5007 717 5056 stolam
748 5007 893 5058 hanc
928 5009 985 5056 in
1023 5006 1238 5071 synodo
1291 5006 1530 5071 quadam
1578 5009 1703 5069 post
1757 5005 1994 5055 reditum
2040 5004 2150 5067 Cy-

516 5079 695 5140 priani
735 5093 802 5128 ex
854 5091 1080 5130 secessu
1136 5079 1404 5142 scriptam
1445 5078 1656 5127 volunt.
1709 5075 1820 5129 Sed
1863 5089 1893 5127 e
1935 5081 2150 5136 contra,

517 5149 769 5200 solemne
817 5150 932 5200 fere
977 5154 1062 5200 est
1107 5148 1388 5214 Cypriane
1440 5149 1498 5198 in
1559 5149 1807 5212 epistolis
1863 5148 2150 5211 synodicis

519 5221 748 5270 nomina
797 5223 1194 5285 episcoporum
1245 5233 1560 5286 apponere;
1623 5220 1772 5272 unde
1815 5223 1948 5272 satis
1997 5219 2148 5270 veri-

516 5290 696 5342 simile
757 5292 977 5346 videtur
1031 5294 1322 5358 episcopos
1379 5292 1448 5342 de
1519 5292 1725 5355 quibus
1785 5291 1878 5342 hic
1940 5292 2147 5342 mentio

515 5363 774 5423 occurrit,
805 5377 874 5414 ex
909 5379 1078 5415 causa
1117 5365 1306 5414 minus
1335 5362 1572 5414 solemni
1608 5367 1917 5426 praesentes
1954 5363 2144 5424 fuisse,

512 5446 624 5497 quo
669 5437 914 5498 tempore
954 5436 1350 5499 designationis
1397 5435 1555 5484 istius
1601 5449 1631 5483 a
1683 5434 1904 5485 Victore
1960 5436 2144 5495 factm,

508 5505 740 5555 nuntius
775 5505 1084 5558 accederet.
1128 5506 1291 5558 Certe
1339 5507 1398 5556 in
1443 5506 1677 5570 epistola
1713 5506 1792 5566 3t,
1837 5505 1908 5555 ad
1955 5506 2146 5556 Pame-

505 5576 566 5626 lii
611 5591 875 5630 numeros
917 5591 1124 5641 xxvm,
1165 5579 1376 5630 mentio
1408 5578 1644 5628 habetur
1678 5577 2003 5642 Collegarum
2049 5579 2145 5640 qui

2186 4231 2241 4305 c
2264 4217 2563 4305 emuss-
2605 4217 2704 4305 Phi
2743 4217 2986 4305 σθαξίιξίί
3035 4233 3070 4305 ρ
3115 4218 3319 4302 Famis
3347 4213 3838 4305 ,τξρφεξδέειξὲξιξεξ

2265 4288 2418 4339 hunc
2455 4289 2714 4340 eumdem
2752 4289 3053 4342 credebant
3091 4291 3195 4340 viri
3227 4289 3431 4341 eruditi
3470 4302 3597 4340 cum
3635 4281 3841 4337 Geminio

2259 4360 2503 4422 Victore,
2537 4364 2592 4412 et
2615 4361 2846 4433 proinde
2874 4361 3029 4433 illum
3053 4375 3082 4413 e
3109 4363 3251 4433 vivis
3277 4363 3586 4413 excessisse
3609 4355 3840 4433 aliquanto

2258 4435 2382 4496 post
2404 4433 2568 4482 istam
2591 4432 2888 4497 synodum.
2919 4431 3032 4484 Sed
3067 4432 3256 4484 minus
3285 4433 3556 4488 credibile
3579 4434 3655 4482 est
3691 4427 3841 4478 Gemi-

2257 4505 2415 4554 nium
2441 4502 2594 4555 bunc
2621 4504 2940 4568 episc0pum
2969 4505 3164 4565 fuisse,
3194 4509 3313 4555 tum
3344 4504 3418 4555 ob
3439 4504 3568 4554 facti
3594 4500 3747 4564 ipsius
3768 4507 3838 4568 no-

2256 4579 2387 4637 tam,
2420 4582 2538 4625 tum
2559 4565 2726 4626 etiam
2754 4565 2903 4640 quod
2921 4575 3140 4627 fratrem
3163 4589 3310 4638 eum,
3336 4590 3450 4626 non
3475 4573 3741 4644 collegam,
3760 4565 3838 4644 CF”-

2255 4648 2484 4712 prianus
2531 4647 2786 4712 appellet.
2839 4646 2948 4698 Sed
2997 4651 3116 4698 esto
3160 4648 3456 4699 Geminius
3500 4647 3679 4695 Victor
3711 4640 3836 4712 fuerit

2257 4711 2566 4782 episcopus,
2593 4731 2779 4769 nonne
2812 4719 3016 4782 pariter
3043 4719 3328 4782 probabile
3358 4717 3676 4772 Geminium
3703 4711 3835 4762 Faus-

2254 4791 2433 4840 tinum
2453 4791 2618 4840 etiam
2645 4791 2965 4854 episcopum
2982 4791 3182 4852 fuisse;
3201 4796 3254 4840 et
3278 4791 3376 4855 qui
3397 4803 3466 4843 eo
3488 4794 3716 4851 tempore
3738 4793 3834 4832 cum

2255 4865 2583 4911 testamento
2623 4862 2850 4912 alterius
2886 4861 3127 4914 Geminii
3172 4867 3398 4913 curator
3439 4857 3832 4911 constitueretur,

2252 4931 2680 4983 Furnitanorum
2741 4933 2994 5006 ecclesias
3055 4937 3168 5006 erat
3235 4932 3560 4996 presbyter;
3607 4926 3836 5006 deincep’

2252 5007 2306 5054 et
2349 5005 2636 5068 speciatim
2681 5005 2906 5054 concilii
2949 5005 3200 5068 praedicti
3243 5009 3514 5069 tempore,
3557 5001 3624 5051 ad
3666 5001 3835 5070 epist)?

2249 5063 2442 5139 patu-m
2496 5076 2676 5127 fuerat
2728 5063 3060 5140 promotus?
3121 5075 3269 5138 Quin
3331 5063 3453 5124 istis
3505 5070 3628 5122 addi
3677 5063 3833 5140 poterit

2248 5136 2306 5196 in
2355 5147 2570 5211 synodo
2619 5136 2748 5208 illa;
2783 5160 2853 5198 ex
2897 5146 3008 5198 fide
3045 5136 3450 5197 nonnullorum
3503 5141 3760 5211 codicum.
3797 5136 3833 5183 θί

2249 5209 2413 5268 etiam
2456 5219 2522 5268 D.
2579 5219 2916 5282 Augustini:
2954 5217 3063 5268 non
3098 5217 3412 5278 Geminius,
3453 5214 3552 5266 sed
3591 5209 3836 5282 Geminus.

2247 5290 2682 5340 Furnitanorum
2744 5290 3041 5354 episc0pus
3097 5288 3441 5352 perhibetur.
3513 5283 3657 5354 Sed,
3686 5283 3831 5354 missa

2247 5361 2352 5413 hac
2403 5363 2472 5412 de
2528 5363 2751 5412 nomine
2779 5352 3192 5422 controversia,
3244 5361 3516 5411 rationem
3576 5352 3828 5406 reddamus

2244 5434 2519 5484 immutati
2580 5434 2793 5484 ordinis
2847 5439 2901 5484 et
2961 5446 3134 5497 quare
3187 5433 3479 5506 epistolam
3549 5427 3686 5506 hanc
3730 5429 3830 5506 p93

2245 5507 2366 5568 post
2421 5505 2661 5556 reditum
2709 5519 2779 5557 ex
2831 5518 3078 5567 secessu,
3136 5503 3286 5570 quod
3338 5505 3499 5578 viris
3533 5500 3830 5578 ἀφοῐῇεδιζιξξδ

2245 5577 2473 5640 placuit,
2522 5579 2784 5642 scriptam
2839 5590 3211 5637 censeamus;
3261 5575 3358 5626 sed
3417 5573 3520 5624 sub
3570 5571 3693 5634 ipsis
3736 5576 3829 5642 ePl‘

500 5625 1143 5714 segnissimi
1166 5625 1645 5702 asseasse“:
1684 5625 2218 5726 “agamagam
2241 5625 2796 5726 Scepatdséy’ﬁr'i’ani
2833 5625 3324 5726 initiis,_l’_hili’ppis
3355 5645 3538 5726 adhuc
3572 5625 3826 5726 rhapsqu

504 5706 625 5774 esse
670 5724 936 5790 suspicio.
989 5706 1354 5777 Occasionem
1397 5725 1730 5789 conjectum
1773 5721 1842 5772 de
1892 5706 2137 5785 tempore
2239 5706 2635 5781 retinentibus;
2681 5725 2980 5783 exaratam,
3012 5706 3108 5772 'Et
3157 5706 3420 5784 primum,
3471 5711 3700 5790 Victoris
3731 5706 3828 5790 ἲαξτ

499 5799 724 5863 scripta;
764 5795 1018 5864 epistol.
1061 5796 1284 5856 videtur
1314 5797 1545 5852 dedisse
1589 5796 1750 5849 locus
1785 5794 1881 5846 ille
1913 5793 2139 5850 concilii

500 5863 958 5941 Carthaginensis
1041 5873 1105 5928 87
1181 5871 1572 5941 episcoporum
1645 5866 1716 5922 de
1792 5863 2139 5933 baptizandis

2237 5795 2361 5846 tum.
2381 5793 2538 5858 pacis
2581 5774 2679 5844 illa
2719 5774 2978 5858 tempora.
2999 5805 3129 5859 qua
3157 5774 3482 5858 Cyprianus
3524 5787 3579 5859 19
3617 5774 3825 5859 ωξποέίξ

2238 5854 2423 5932 ιαῃῶ
2470 5864 2753 5932 describit,
2780 5854 3059 5935 respicere
3098 5854 3342 5929 videtur;
3373 5855 3611 5934 quando,
3635 5854 3690 5907 ut
3726 5854 3821 5915 et“

3987 5494 3991 5612 l
