4144 6192
234 184 365 241 1189

227 307 410 359 verbis
458 306 599 365 utar,
643 319 675 353 «
718 316 832 355 non
881 303 938 354 in
980 304 1360 357 sacerdotibus
1394 307 1588 371 religio
1635 309 1853 367 devota,

225 392 337 429 non
398 380 455 427 in
506 376 769 426 ministris
824 376 963 426 ﬁdes
1016 378 1248 441 integra,
1314 392 1424 428 non
1482 380 1535 428 in
1599 382 1857 444 operibus

222 450 618 509 misericordia,
649 462 757 497 non
788 449 845 496 in
864 449 1112 498 moribus
1135 450 1446 513 disciplina,
1480 453 1704 514 quando
1740 456 1856 517 epi-

223 522 375 587 scopi
428 520 671 585 plurimi,
719 532 859 582 quos
913 524 967 569 et
1018 520 1365 571 hortamento
1420 536 1540 572 esse
1584 528 1859 587 Oporteret

220 593 441 646 caateris
472 596 527 640 et
570 591 843 653 exemplo,
875 590 1063 640 divina
1102 594 1492 654 procuratione
1523 598 1853 658 contempta,

214 666 605 729 procuratores
640 674 826 711 rerum
851 662 1208 711 saecularium
1234 663 1447 713 fierent.
1480 682 1507 709 ιο
1536 665 1605 714 Et
1630 666 1855 728 quidem

219 750 331 786 non
358 735 492 783 satis
517 746 667 783 same
705 734 907 782 mentis
945 732 1223 783 videretur
1256 734 1562 797 Geminius,
1590 738 1635 785 si
1667 750 1857 801 supre-

218 808 325 856 mis
352 805 559 856 tabulis
597 806 837 853 tutorem
878 804 1188 867 scripsisset
1215 805 1592 857 Christianum
1621 809 1857 872 presby—

216 885 397 931 terum
441 877 547 927 sub
592 878 852 927 Decianaa
905 879 1305 940 persecutionis
1354 882 1511 941 aestu,
1560 884 1654 929 aut
1710 887 1855 934 certe

218 951 312 999 illo
363 947 615 998 nondum
676 945 1041 1009 deﬂagrante;
1096 949 1367 1012 illumque
1418 950 1617 999 alienae
1664 953 1855 1001 salutis

217 1019 500 1069 vindicem
535 1016 884 1080 assignasset,
917 1020 1014 1081 qui
1044 1017 1111 1068 de
1138 1022 1317 1083 capite
1340 1034 1443 1069 suo
1474 1022 1529 1069 in
1560 1020 1679 1070 dies
1709 1026 1857 1073 esset

216 1090 577 1155 periclitatus.
632 1089 799 1138 Porro
845 1103 976 1139 cum
1023 1089 1335 1153 Cyprianus
1375 1091 1481 1141 hac
1522 1093 1577 1140 in
1624 1094 1853 1155 epistola

213 1173 473 1225 expresse
500 1160 646 1209 dicat
670 1172 940 1209 canonem
967 1160 1123 1209 illum
1152 1164 1247 1225 qui
1275 1162 1530 1225 prohibet
1560 1177 1630 1213 ne
1662 1165 1853 1220 clerici

215 1248 246 1283 a
273 1232 524 1281 ﬁdelium
561 1244 918 1294 quocumque
964 1235 1171 1282 tutores
1207 1235 1583 1294 nominentur,
1629 1235 1698 1285 ab
1742 1241 1853 1301 epi-

212 1306 381 1368 scopis
432 1301 839 1351 antecessoribus
883 1303 994 1351 suis
1041 1304 1349 1366 sancitum,
1395 1309 1450 1354 et
1495 1310 1681 1355 tamen
1741 1308 1853 1371 for-

213 1390 351 1425 mam
409 1387 529 1423 eam
584 1386 759 1434 nuper
812 1372 1027 1433 datam;
1084 1374 1163 1422 rei
1212 1374 1345 1425 huic
1404 1380 1575 1439 gestas
1621 1380 1853 1430 minime

212 1444 564 1509 quadrabunt
639 1446 884 1492 extrema
966 1444 1318 1508 episcopatus
1393 1450 1511 1510 ejus
1580 1453 1849 1513 tempora.

213 1516 334 1566 Non
388 1520 470 1564 est
526 1513 989 1587 dissimulandum
1035 1514 1217 1587 dicere
1266 1518 1434 1567 etiam
1484 1518 1847 1587 Cyprianum,

212 1589 318 1637 Hoc
354 1589 471 1650 jam
520 1586 725 1649 pridem
787 1586 845 1634 in
906 1586 1126 1636 concilio
1182 1588 1348 1649 fuisse
1400 1594 1659 1640 statutum
1723 1608 1734 1641 :
1794 1598 1849 1643 at

210 1672 375 1709 voces
429 1658 557 1718 illas,
615 1669 685 1728 ex
737 1655 1002 1720 Cypriani
1054 1658 1317 1722 loquendi
1384 1673 1566 1722 more,
1628 1666 1847 1728 tempus

209 1728 600 1778 brevissimum
657 1726 959 1790 denotant,
1016 1729 1165 1791 quod
1226 1730 1366 1779 infra
1422 1726 1759 1785 videbimus
1788 1738 1844 1786 in

210 1801 368 1862 epist.
397 1800 476 1861 37,
527 1797 597 1847 ad
645 1797 874 1847 Pamelii
918 1811 1181 1849 numeros
1228 1802 1310 1862 54,
1342 1802 1441 1852 ubi
1482 1808 1675 1855 auctor
1713 1821 1846 1857 nos-

209 1874 289 1920 ter
324 1884 442 1921 rem
471 1873 597 1919 ante
635 1882 843 1917 annum
875 1871 968 1919 vix
1008 1875 1219 1933 gestam
1242 1872 1560 1936 jampridem
1592 1879 1845 1926 statutam

208 1942 382 1991 fuisse
421 1941 514 1989 ait.
548 1938 658 1989 Sed
700 1938 769 1989 de
811 1939 932 1989 istis
976 1940 1273 1991 videantur
1303 1944 1567 2005 Annales,
1599 1958 1687 1994 an.
1726 1946 1841 2009 249,

212 2012 313 2075 gs.

269 2105 569 2169 Presbyteri
597 2106 692 2169 qui
722 2105 871 2155 nobis
906 2106 1224 2157 assidebant.
1264 2107 1351 2158 Ex
1390 2112 1625 2174 utraque
1666 2114 1838 2175 parte,

206 2180 324 2229 scil.
359 2177 602 2241 Ignatius
644 2177 717 2226 ad
753 2180 983 2242 Magnes.
1016 2180 1144 2229 illos
1182 2181 1407 2240 salutat,
1436 2184 1553 2243 μετὰ
1591 2178 1674 2228 τοῦ
1712 2182 1835 2237 ἀξιο-

203 2266 525 2315 πρεπεστατου
552 2249 835 2310 ἐπισκόπου,
870 2251 951 2298 καὶ
973 2250 1293 2313 πνευματικοῦ
1318 2254 1547 2315 στεφάνου
1575 2251 1660 2300 τοῦ
1693 2270 1836 2317 πρεσ-

207 2322 443 2385 ϐυτερίου.
468 2321 764 2382 Theodor.,
791 2322 826 2369 l.
849 2335 902 2382 V,
940 2335 986 2371 c.
1019 2324 1067 2382 3,
1097 2323 1259 2373 docet
1290 2325 1439 2387 quod
1468 2324 1493 2371 ὁ
1522 2324 1665 2385 μέσος
1690 2324 1841 2381 Οῶκος

201 2396 269 2443 ad
322 2406 644 2456 episcopum
684 2393 970 2455 pertineat.
1018 2394 1133 2441 lmo
1180 2396 1280 2443 viri
1322 2394 1524 2444 eruditi
1570 2396 1640 2444 ad
1688 2395 1839 2445 hunc

204 2466 452 2528 episcopi
482 2466 539 2512 in
566 2464 700 2513 cleri
726 2463 909 2513 medio
938 2462 1171 2514 sedendi
1200 2479 1432 2528 morem,
1466 2467 1689 2516 tradunt
1718 2481 1838 2530 qua:

202 2536 482 2587 habentur
513 2537 684 2597 Apoc.
720 2547 777 2595 v,
800 2534 847 2583 2.

280 2629 577 2678 Geminium
626 2628 943 2677 Faustinum
991 2628 1356 2692 presbyterum
1411 2634 1661 2681 tutorem.
1722 2631 1834 2683 Ob-

202 2700 541 2750 servandum
593 2698 701 2748 hoc
764 2700 909 2759 loco,
962 2713 1032 2749 ex
1080 2702 1205 2762 jure
1261 2702 1541 2763 Romano,
1605 2703 1835 2752 tutelam

199 2772 561 2835 pupillorum,
612 2782 711 2832 pro
774 2782 1006 2820 munere
1062 2772 1289 2834 publico
1349 2774 1630 2835 habitam,
1694 2788 1835 2823 onus

196 2846 371 2893 fuisse
397 2856 428 2907 a
456 2855 567 2905 quo
597 2842 857 2907 nonnisi
896 2854 970 2890 ex
1008 2845 1195 2904 certis,
1239 2846 1420 2907 iisque
1461 2847 1832 2907 gravissimis,

200 2907 389 2956 causis
411 2903 535 2967 lege
579 2903 819 2953 deﬁnitis
861 2908 1148 2955 excusatio
1184 2903 1599 2957 Cone—edebatur
1635 2923 1645 2955 :
1694 2903 1833 2971 quas

199 2979 297 3041 qui
340 2977 483 3026 scire
528 2975 712 3035 vellet,
752 2975 917 3025 adeat
961 2977 1055 3025 lib.
1098 2991 1115 3025 1
1152 2978 1339 3039 1nstit.,
1387 2981 1464 3028 tit.
1634 2979 1832 3041 Quan-

198 3062 371 3113 quam
437 3060 567 3097 vero
628 3048 868 3139 minime.
925 3049 1380 3139 exspectandum.
1425 3052 1909 3139 ut‘privilegioc

195 3122 385 3183 aliquo
441 3123 551 3167 tam
605 3120 901 3181 peculiari,
948 3134 1018 3170 ex
1078 3121 1421 3185 indulgentia
1478 3123 1828 3174 ethnicorum

194 3193 595 3256 imperatorum
635 3193 947 3241 fruerentur
988 3193 1306 3243 sacerdotes
1348 3193 1650 3244 Christiani
1690 3210 1700 3242 :
1745 3200 1827 3244 ta-

194 3276 323 3313 men
365 3275 439 3313 ex
485 3266 679 3312 mutuo
721 3264 866 3313 inter
906 3276 967 3314 se
1012 3277 1309 3326 consensu,
1352 3270 1404 3314 et
1448 3266 1502 3315 vi
1549 3279 1829 3316 canonum

193 3335 381 3385 caveri
444 3336 623 3397 potuit
699 3348 772 3383 ne
840 3335 1189 3385 Christianus
1258 3337 1461 3400 aliquis
1528 3338 1584 3387 id
1647 3339 1830 3388 oneris

194 3408 462 3470 cuiquam
489 3406 557 3456 de
584 3405 735 3455 clero
770 3406 939 3456 vellet
978 3408 1278 3470 imponere,
1319 3410 1490 3472 idque
1516 3409 1622 3459 sub
1651 3411 1830 3472 pcenis

192 3480 395 3528 iisdem
456 3478 764 3528 canonibus
823 3482 1112 3529 contentis.
1186 3480 1580 3531 Constantinus
1642 3494 1830 3531 revera

186 3550 521 3613 imperator,
574 3563 761 3599 rerum
815 3552 1045 3613 potitus,
1102 3551 1244 3600 nihil
1291 3554 1574 3616 antiquius
1632 3553 1831 3602 habuit

192 3635 367 3685 quam
427 3626 488 3670 ut
544 3622 926 3672 immunitates
988 3624 1135 3672 clero
1196 3623 1516 3674 Christiano
1569 3626 1825 3688 privatim

189 3697 386 3755 factas,
433 3694 728 3756 multiplici
780 3694 1025 3743 auctario
1070 3695 1402 3757 cumulatas,
1440 3696 1661 3758 legibus
1703 3698 1831 3746 latis

191 3768 452 3815 muniret.
492 3767 619 3815 Huc
663 3766 794 3815 facit
831 3768 1159 3828 rescriptum
1196 3767 1346 3829 quod
1384 3767 1662 3817 Eusebius
1712 3786 1827 3826 me-

188 3842 372 3889 morat
422 3838 490 3886 ad
541 3838 869 3896 Anulinum,
920 3839 1313 3900 proconsulem
1355 3840 1580 3897 Africa),
1631 3841 1727 3892 lib.
1772 3859 1828 3907 χ,

190 3925 243 3962 c.
278 3912 331 3973 7,
359 3910 621 3974 quodque
651 3915 707 3960 et
750 3912 867 3973 ipse
894 3911 1179 3959 Anulinus
1224 3912 1447 3974 respicit
1484 3913 1541 3961 in
1580 3912 1829 3977 Epistola

188 3997 294 4034 sua
320 3986 394 4033 ad
428 3983 850 4043 Constantinum,
883 3994 1166 4046 quamque
1210 3983 1404 4033 laudat
1440 3984 1506 4032 D.
1552 3986 1827 4049 Augusti-

186 4068 320 4117 nus,
352 4054 507 4117 epist.
541 4054 604 4103 68
652 4053 722 4102 ad
756 4052 900 4113 Jan.,
940 4057 995 4103 et
1042 4054 1252 4104 habent
1293 4059 1417 4105 acta
1464 4055 1651 4105 collat.
1694 4058 1828 4109 Car-

186 4126 537 4190 thaginensis
588 4124 677 4175 die
728 4129 775 4186 3,
831 4138 984 4174 num.
1054 4126 1148 4174 2-16
1200 4129 1255 4174 et
1306 4126 1415 4175 220.
1475 4126 1601 4177 Huc
1660 4131 1827 4179 etiam

183 4202 403 4262 spectat
437 4195 527 4245 lex
568 4195 663 4243 illa
704 4208 828 4257 qua:
874 4194 1010 4257 prid.
1057 4195 1293 4245 Kalend.
1342 4197 1477 4246 Nov.
1529 4197 1823 4249 Constant.

180 4273 333 4334 Aug.
374 4280 431 4318 ιιι
465 4272 521 4317 et
564 4267 774 4317 Licinio
816 4279 874 4315 ιιι
930 4280 1094 4330 coss,
1135 4267 1245 4318 hoc
1293 4273 1378 4317 est
1424 4282 1570 4318 anno
1618 4270 1829 4321 Christi

178 4342 297 4401 313,
340 4338 486 4389 edita
519 4352 530 4385 :
576 4356 603 4383 «
630 4338 1034 4387 Haereticorum
1073 4338 1149 4387 ait
1196 4340 1349 4401 imp,
1386 4340 1626 4390 factione
1666 4355 1827 4391 com-

178 4414 452 4477 perimus,
487 4410 755 4460 Ecclesiaa
795 4410 1087 4512 catholicae
1130 4411 1362 4512 clericos
1391 4413 1477 4512 lita
1522 4415 1727 4512 vexari,
1760 4420 1898 4512 utD

178 4483 656 4512 nnminaﬁnnihna
713 4496 809 4512 eo“
861 4484 1195 4512 mucnoninni
1244 4496 1307 4512 nn
1356 4497 1381 4512 η
1412 4484 1521 4512 inn:
1552 4498 1633 4512 mn
1683 4500 1818 4512 "nm.

178 4483 659 4533 nominationibus
712 4496 815 4531 seu
860 4483 1309 4546 susceptionibus
1355 4483 1636 4546 aliquibus
1682 4500 1821 4547 quas

176 4555 446 4619 publicus
491 4566 611 4602 mos
644 4555 895 4617 exponit,
950 4560 1140 4604 contra
1188 4555 1402 4603 indulta
1451 4555 1556 4604 sibi
1598 4557 1820 4618 privile-

177 4629 270 4692 gia
305 4629 733 4688 prtegraventur.
768 4625 945 4689 quue
970 4627 1169 4689 placet,
1198 4628 1433 4689 siquem
1461 4631 1553 4675 tua
1580 4631 1821 4691 gravitas

177 4702 461 4751 invenerit
504 4702 578 4749 ita
622 4704 906 4762 vexatum,
958 4701 1138 4750 eidem
1192 4702 1363 4749 alium
1409 4703 1716 4766 subrogari,
1768 4710 1823 4755 et

178 4773 447 4835 deinceps
511 4786 542 4820 a
601 4772 931 4835 supradictae
992 4774 1274 4836 religionis
1332 4774 1657 4823 hominibus
1715 4776 1820 4826 hu-

173 4844 427 4908 jusmodi
470 4844 698 4905 injurias
727 4845 1027 4907 prohiberi.
1058 4863 1085 4891 »
1125 4845 1243 4893 Imo
1283 4850 1338 4894 et
1381 4846 1516 4894 alias
1560 4847 1822 4912 deinceps

176 4919 340 4981 leges
391 4916 616 4965 extorsit
667 4917 1083 4966 Donatistarum
1134 4918 1482 4979 importunus
1532 4917 1698 4967 furor.
1750 4922 1823 4969 At

178 5000 321 5038 vero
376 4986 573 5036 eodem
620 4988 735 5037 fere
790 4990 1017 5047 saeculo,
1073 5002 1208 5052 pace
1260 4989 1527 5039 Ecclesiae
1591 4990 1819 5053 reddita,

180 5066 237 5109 et
274 5059 431 5122 pacis
473 5060 653 5122 longa:
694 5060 854 5109 malis
892 5060 1435 5123 suppullulantibus;
1479 5075 1605 5111 cum
1647 5065 1822 5127 turpis

176 5130 331 5180 lucri
402 5143 573 5179 causa
654 5133 1017 5182 saecularibus
1087 5134 1233 5183 curis
1308 5146 1368 5183 se
1447 5136 1825 5189 immiscerent

177 5201 416 5262 clerici,
483 5205 862 5253 necessarium
937 5206 1217 5254 duxerunt
1290 5206 1650 5269 imperatores
1728 5212 1823 5273 qui

175 5278 597 5335 successerant,
643 5288 746 5327 nec
811 5290 923 5327 non
976 5278 1192 5341 synodi,
1247 5282 1311 5327 ut
1370 5291 1481 5327 non
1534 5280 1822 5346 privilegio

175 5347 436 5396 excusati
486 5351 689 5409 essent,
740 5350 838 5398 sed
890 5350 1106 5414 legibus
1164 5350 1287 5399 latis
1331 5350 1535 5401 exinde
1582 5352 1824 5417 depelle-

174 5421 392 5468 rentur.
427 5417 521 5468 Sic
569 5420 711 5470 inter
758 5424 860 5471 tria
910 5424 1092 5486 capita
1121 5435 1152 5471 a
1194 5423 1474 5473 Marciano
1518 5423 1821 5483 Chalcedo,

174 5490 346 5541 nensi
388 5489 599 5555 synodo
644 5494 940 5559 proposita,
984 5500 1039 5544 et
1075 5508 1197 5545 can.
1230 5497 1262 5545 3
1290 5494 1512 5545 decreta
1560 5502 1823 5549 occurrit-

177 5583 368 5649 μηδένα
406 5582 491 5633 τοῦ
530 5580 720 5641 λοιποῦ,
764 5574 831 5641 μή
866 5574 1142 5659 ἐπίσκξὶπονν
1188 5569 1253 5633 μὴ
1289 5568 1538 5659 κληρίξιᾷν,
1565 5570 1640 5655 ,μὴ
1674 5572 1820 5659 μονά-

175 5643 340 5719 ζοντα,
370 5662 399 5719 ἢ
428 5655 713 5723 μισθοῦσθαι
739 5653 973 5718 κτήματά,
1000 5648 1030 5707 ἣ
1053 5660 1326 5714 πραγματα,
1357 5643 1387 5700 ἢ
1417 5643 1681 5708 ἐπεισάγειν
1710 5648 1821 5701 έαυ.

173 5734 261 5786 τὸν
296 5739 553 5805 κοσμικαῖς
588 5732 862 5794 hominum).
901 5732 1109 5786 Pariter
1144 5732 1443 5785 Justinian.
1485 5724 1665 5782 Nocet.
1712 5730 1821 5798 123,

1584 182 1756 242 EDlT.
1797 184 1996 246 OXON.
2037 186 2254 247 NOTAE.

1867 1692 1924 1765 B
1948 1672 2282 1765 reponendus
2329 1688 2340 1721 :

3450 208 3591 269 1190

1959 325 2076 399 cap.
2129 314 2178 372 6,
2232 317 2487 399 prohibet
2532 321 2589 370 in
2642 323 2791 399 clero
2831 328 3179 389 constitutos,
3224 344 3286 380 ea:
3324 332 3441 383 ulla
3485 334 3591 399 lege

1958 389 2173 466 tutores,
2209 393 2304 436 aut
2338 396 2608 442 curatores
2650 397 3020 462 cujuscumque
3048 414 3281 463 personae
3311 404 3447 466 ﬁeri,
3479 389 3586 457 etc.

2018 457 2079 504 In
2135 457 2331 507 honore
2372 457 2780 524 sportulantium
2838 457 3089 529 fratrum.
3152 457 3393 525 Dona'ria
3432 457 3585 527 satis

1958 532 2114 599 erant
2167 529 2471 582 honoriﬁca
2521 549 2646 597 quae
2692 541 3066 599 sportularum
3117 546 3343 596 nomine
3390 561 3586 599 cense-

1955 597 2160 680 bantur
2204 615 2215 647 :
2274 597 2738 681 talia_nimirumﬂ
2784 624 2908 674 quaa
2966 617 3171 664 summi
3233 597 3585 681 magistratus

1957 671 2219 749 accipere
2254 688 2365 749 non
2410 671 2818 730 detrectabant.—
2849 683 3005 734 Unde
3053 686 3173 749 lege
3224 671 3355 738 lata“
3386 692 3586 741 modus

1956 741 2092 826 ipsis
2121 746 2469 826 statuebatur
2502 763 2512 796 :
2543 750 2618 799 ita
2658 756 2720 801 ut
2756 754 3020 817 rescripto
3060 741 3359 809 Theodosii
3399 764 3587 826 magni

1956 819 2183 864 cautum
2237 831 2250 890 ι
2301 836 2329 863 ‹‹
2383 820 2649 884 Exceptis
2706 826 3032 875 consulibus
3080 829 3386 890 ordinariis,
3446 819 3585 884 nulli

1956 900 2181 950 prorsus
2207 889 2363 938 alteri
2394 904 2617 942 auream
2655 896 2958 957 sportulam
2993 898 3161 949 dandi
3201 902 3268 951 sit
3298 904 3532 954 facultas
3571 921 3583 957 :

1956 972 2084 1008 cum
2131 959 2352 1020 publica
2400 975 2531 1038 vero
2578 964 2935 1015 celebrantur
2978 969 3177 1032 officia,
3220 973 3291 1021 sit
3327 977 3585 1038 sportulis

1954 1043 2219 1079 nummus
2249 1037 2562 1093 argenteus,
2595 1048 2699 1085 nec
2741 1039 3004 1099 majorem
3050 1037 3372 1103 argenteum
3414 1060 3587 1095 num-

1954 1113 2109 1150 mum
2166 1101 2250 1150 fas
2304 1104 2756 1178 sit_expendere,
2799 1122 2965 1172 quam
3012 1101 3377 1174 qui—formari
3426 1117 3583 1178 solet,

1956 1186 2084 1222 cum
2131 1175 2340 1236 argenti
2366 1174 2586 1251 _1ibram
2637 1191 2805 1227 unam
2862 1181 2919 1229 in
2958 1188 3246 1246 argenteos
3295 1174 3585 1251 sexaginta

1954 1243 2270 1318 dividimus.
2302 1263 2330 1289 »
2364 1245 2489 1295 Huc
2509 1252 2767 1318 rspectare
2802 1243 3061 1302 videntur
3089 1268 3216 1318 quas
3244 1255 3313 1307 de
3343 1243 3585 1308 honora-

1953 1316 2049 1391 riis
2089 1314 2451 1365 decurionum
2496 1317 2671 1391 habet
2714 1320 2876 1379 Plin.,
2916 1314 3124 1385 lib.'x,-
3157 1328 3314 1390 epist.
3372 1331 3480 1391 114,
3531 1334 3586 1381 et

1953 1389 2118 1438 etiam
2150 1392 2466 1449 occurrunt,
2495 1390 2593 1439 lil).
2635 1404 2691 1451 v,
2723 1392 2753 1455 §
2795 1393 2897 1443 ult.
2928 1394 2983 1443 ﬂ‘.
3020 1396 3082 1445 de
3118 1389 3248 1447 Don.
3295 1401 3435 1450 inter
3470 1389 3581 1453 civ.

1954 1458 2062 1509 Sed
2103 1460 2160 1507 in
2190 1472 2296 1508 usu
2330 1459 2618 1523 Ecclesiae,
2665 1468 2950 1526 respectus
2986 1480 3097 1516 non
3142 1469 3323 1520 solum
3358 1472 3583 1523 habitus

1951 1530 2171 1580 videtur
2223 1531 2292 1579 ad
2351 1530 2725 1582 Romanorum
2771 1537 3063 1598 sportulas,
3116 1540 3215 1591 sed
3258 1542 3325 1591 ad
3372 1557 3583 1595 morem

1951 1601 2218 1652 Ecclesia:
2257 1601 2529 1663 judaicaa;
2572 1604 2720 1666 apud
2759 1620 2927 1669 quam
2971 1609 3281 1662 oblationes
3327 1616 3582 1665 canistris

2387 1679 2450 1723 ut
2498 1674 2685 1749 videre
2727 1681 2808 1726 est
2858 1679 3020 1729 Deut.
3072 1696 3237 1744 xxvr,
3288 1686 3336 1734 2.
3396 1685 3578 1749 Certe,

1947 1745 2015 1821 ad
2041 1758 2281 1821 canones
2323 1747 2696 1821 apostolorum
2719 1749 2749 1799 3
2780 1753 2836 1800 et
2867 1752 2914 1808 4,
2946 1752 3044 1803 ubi
3072 1755 3398 1818 prohibetur
3420 1745 3578 1821 plebs

1947 1815 2280 1877 Christiana,
2323 1817 2453 1878 mel,
2505 1819 2609 1879 lac,
2658 1824 2755 1869 aut
2804 1815 3231 1888 siceram,_etc.,
3287 1828 3357 1877 ad
3409 1815 3579 1881 altare

1945 1888 2158 1950 offerre,
2190 1888 2287 1938 sed
2311 1890 2379 1938 ad
2415 1892 2706 1955 episcopos
2730 1897 2788 1943 et
2810 1896 3160 1960 presbyteros
3198 1900 3426 1951 domum
3452 1906 3581 1952 mit-

1944 1964 2058 2009 tere
2099 1960 2346 2023 jubetur,
2399 1961 2692 2013 Balsamon
2740 1970 2969 2015 annotat
3015 1968 3139 2020 hinc
3183 1971 3406 2021 κανίσκια
3459 1974 3576 2024 sive

1942 2033 2219 2095 Sportulas
2249 2032 2532 2095 appellari.

2010 2104 2287 2167 Tanquam
2347 2104 2573 2155 decimas
2633 2120 2699 2157 ea;
2761 2106 3019 2169 fructibus
3084 2114 3409 2177 accipientes.
3465 2116 3578 2166 De-

1942 2174 2120 2249 cimaa,
2170 2189 2404 2249 quarum
2461 2178 2757 2249 pensitatio
2808 2179 2989 2244 legem
3046 2174 3345 2236 Mosaicam
3393 2187 3573 2249 longis

1940 2248 2254 2307 temporum
2286 2247 2591 2296 intervallis
2614 2256 2995 2312 przecesserat,
3024 2255 3253 2306 minime
3290 2258 3382 2319 jus
3407 2247 3573 2307 suum

1940 2329 1972 2363 a
2017 2315 2144 2392 lege
2192 2317 2285 2365 illa
2311 2323 2605 2392 accersunt
2643 2333 2653 2366 :
2690 2320 2783 2369 sed
2815 2315 3579 2392 quemadmodumvtemporis

1938 2386 2100 2435 nobis
2168 2390 2417 2437 concessi
2486 2391 2777 2461 septimam
2852 2398 3063 2455 partem
3131 2400 3394 2461 tanquam
3430 2386 3577 2450 -Deo

1939 2456 2182 2506 debitam
2238 2472 2419 2521 usque
2474 2458 2742 2522 dicamus,
2805 2462 2879 2511 ita
2942 2456 3266 2517 facultatum
3332 2470 3576 2520 decimas

1938 2529 2133 2578 merito
2166 2531 2469 2601 etiamnum
2510 2532 2797 2582 solvimus.
2839 2534 3029 2585 Serius
3074 2540 3300 2601 quidem
3342 2542 3576 2593 decimas

1937 2614 2001 2649 ea:
2070 2600 2324 2661 fructibus
2406 2603 2752 2666 accipiebant
2830 2600 3150 2659 sacerdotes
3235 2611 3576 2673 Christiani,

1937 2672 2066 2734 quia
2090 2674 2231 2721 ruris
2261 2673 2478 2736 incolae,
2516 2675 2724 2738 quique
2770 2679 3170 2740 agriculturam
3209 2672 3573 2748 exercebant,

1936 2756 2049 2791 non
2079 2744 2185 2792 nisi
2215 2757 2338 2793 sero
2379 2746 2448 2795 ad
2492 2745 2660 2796 fidem
2705 2752 2860 2820 erant
2895 2753 3185 2813 conversi;
3227 2753 3377 2804 unde
3409 2744 3574 2820 puga;

1933 2826 2122 2863 norum
2152 2828 2353 2865 nomen
2400 2816 2639 2890 ethnicis
2681 2818 2931 2869 adhaesit.
2975 2820 3046 2870 Et
3091 2816 3571 2890 etiamnum—apud

1932 2898 2054 2947 nos,
2088 2886 2183 2935 ubi
2226 2887 2458 2939 decimas
2496 2889 2707 2953 ubique
2741 2890 3053 2954 solvuntur,
3082 2895 3310 2946 urbium
3343 2886 3572 2961 parochi

1933 2969 2001 3006 ex
2049 2956 2427 3009 oblationibus
2472 2961 2588 3011 sive
2634 2963 2898 3025 sportulis
2929 2965 3282 3026 potissimum
3321 2956 3567 3018 aluntur.

1932 3028 2104 3102 Igitur
2127 3042 2240 3078 non
2285 3032 2418 3081 satis
2464 3037 2773 3096 Opportune
2810 3034 3155 3086 decimarum
3192 3040 3568 3102 pensitationi,

1931 3100 2205 3175 invidiam
2227 3102 2319 3175 hic
2343 3102 2448 3175 loci
2473 3103 2693 3154 videtur
2723 3105 2906 3155 facere
2941 3100 3353 3161 eruditissimus
3382 3100 3571 3175 Rigal-L

1928 3181 2055 3230 tius.
2102 3172 2211 3225 Sed
2238 3174 2308 3224 de
2336 3174 2443 3225 hac
2485 3188 2543 3225 re
2587 3175 2769 3225 fusius
2806 3177 2990 3242 agitur
3029 3179 3135 3230 sub
3177 3183 3391 3235 calcem
3430 3172 3479 3231 ΙΪ
3509 3182 3573 3233 de

1936 3249 2074 3299 Unit.
2107 3244 2367 3298 Ecclesia.

2484 3373 2841 3426 EPISTOLA
2868 3376 2937 3426 II.

1992 3482 2052 3529 In
2092 3481 2228 3530 artis
2271 3494 2377 3529 sua
2408 3477 2677 3551 dedecore.
2722 3478 2982 3551 Tertull.,
3021 3481 3084 3531 de
3114 3482 3365 3549 Spectat.,
3397 3499 3445 3538 c.
3482 3485 3567 3551 22,

1931 3553 2073 3602 dicit
2102 3552 2204 3601 has
2250 3554 2392 3600 artes
2431 3550 2707 3613 professos
2754 3550 3009 3601 damnari
3048 3554 3339 3617 ignominia
3384 3563 3429 3607 et
3472 3550 3569 3609 ca?-

1936 3624 2061 3687 pitis
2104 3623 2410 3683 minutione,
2448 3622 2625 3693 arceri
2662 3622 2836 3693 curia,
2882 3624 3089 3687 rostris,
3129 3633 3334 3688 senatu,
3377 3632 3567 3693 equite,

1936 3696 2245 3757 caeterisque
2288 3692 2572 3742 honoribus
2617 3692 2887 3756 omnibus;
2934 3695 3093 3745 simul
3139 3703 3186 3745 et
3232 3692 3557 3751 ornamentis

1931 3767 2264 3831 quibusdam.
2322 3764 2532 3814 Pariter
2580 3765 2852 3827 AugusL,
2899 3765 2962 3815 de
3008 3767 3158 3817 Civit.
3205 3770 3299 3818 Dei
3338 3770 3377 3819 1.
3417 3784 3473 3833 Ii,
3514 3784 3572 3822 c.

1929 3840 2011 3900 14,
2056 3843 2259 3888 actores
2306 3836 2631 3899 poeticarum
2667 3834 2981 3896 fabularum
3030 3842 3289 3889 removeri
3322 3855 3357 3890 a
3402 3844 3566 3892 socie-

1931 3916 2034 3961 tate
2074 3909 2317 3969 ciritatis,
2361 3912 2408 3957 et
2437 3907 2503 3956 ab
2545 3906 2831 3961 honoribus
2877 3908 3118 3960 omnibus
3156 3911 3361 3975 repelli.
3404 3913 3565 3965 Unde

1929 3981 2194 4034 Laberius
2254 3992 2383 4029 cum
2448 3993 2479 4027 a
2545 3979 2765 4031 Caesare
2836 3984 3060 4033 coactus
3128 3986 3274 4032 esset
3330 3985 3563 4036 mimum

1930 4067 2109 4118 agere,
2160 4057 2429 4114 tanquam
2474 4052 2801 4113 gravissima
2845 4054 3045 4116 injuria
3096 4051 3347 4116 affectus,
3398 4058 3563 4121 quin-

1929 4130 2095 4189 genta
2163 4122 2401 4172 millium
2466 4122 2639 4185 pretio
2712 4127 3090 4189 nequicquam
3164 4127 3561 4191 intercedente,

1929 4196 2184 4253 indoluit,
2229 4193 2418 4243 dicens
2466 4207 2476 4241 :
2524 4212 2551 4240 «
2593 4195 2779 4259 Eques
2818 4198 3106 4247 Romanus
3153 4198 3267 4249 lare
3306 4212 3561 4263 egressus

1928 4284 2070 4330 meo,
2129 4268 2356 4316 domum
2412 4271 2685 4316 reVertam
2736 4270 2963 4328 inimus;
3011 4270 3249 4320 nimium
3298 4272 3407 4323 hoc
3449 4274 3559 4335 die,

1927 4356 2043 4393 uno
2071 4340 2196 4403 plus
2223 4338 2353 4398 vixi,
2382 4337 2518 4386 mihi
2549 4353 2717 4403 quam
2754 4340 3061 4391 vivendum
3094 4342 3219 4391 fuit.
3254 4360 3282 4388 »
3311 4343 3381 4393 Et
3411 4348 3560 4396 certe

1923 4413 2173 4467 Ecclesia
2231 4411 2433 4460 castior
2489 4424 2657 4474 quam
2716 4412 2929 4462 civitas.
2997 4413 3185 4462 Inanis
3250 4426 3379 4477 ergo
3445 4419 3561 4465 erat

1924 4484 2209 4539 excusatio
2275 4481 2425 4545 quod
2480 4482 2675 4532 histrio
2740 4482 2823 4532 hic
2888 4497 2921 4532 α
2975 4484 3175 4534 theatro
3241 4491 3561 4544 cessaverat,

1924 4565 1977 4613 et
2042 4556 2298 4623 privatim
2352 4554 2591 4604 doceret.
2658 4554 2877 4617 Quibus
2939 4569 3052 4605 non
3119 4557 3253 4608 licet
3315 4560 3559 4623 cogitare

1923 4632 2073 4697 quod
2121 4628 2330 4679 malum
2368 4632 2478 4686 est,
2528 4626 2758 4677 minime
2801 4627 2993 4677 licebit
3051 4630 3310 4693 privatim
3364 4643 3559 4695 perpe-

1924 4709 2085 4754 trare.

1984 4777 2047 4825 In
2099 4775 2206 4839 lege
2256 4771 2641 4838 prohibeantur
2688 4772 2809 4821 riri.
2873 4772 3127 4833 Tertull.,
3180 4774 3242 4825 de
3303 4776 3560 4840 Spectac.,

1923 4863 1969 4899 c.
1999 4848 2081 4907 23,
2117 4850 2191 4895 ait
2217 4862 2227 4896 :
2264 4866 2289 4890 «
2319 4845 2461 4895 Cum
2484 4844 2539 4893 in
2564 4844 2685 4906 lege
2712 4844 3021 4907 praescribit
3047 4846 3409 4898 maledictum
3437 4861 3560 4898 esse

1924 4920 2022 4985 qui
2052 4916 2417 4968 muliebribus
2454 4917 2734 4977 vestiatur,
2776 4914 2911 4979 quid
2942 4916 3011 4966 de
3046 4920 3387 4982 pantomimo
3406 4917 3556 4983 judi«

1924 4993 2087 5052 cabit,
2117 4991 2213 5053 qui
2245 4990 2411 5038 etiam
2435 4987 2806 5037 muliebribus
2839 4990 3064 5038 curatur
3082 4990 3110 5037 ‘I
3134 5006 3163 5037 ›>

1987 5062 2206 5113 Salario
2263 5074 2317 5111 se
2359 5072 2463 5109 esse
2510 5058 2888 5109 redimendum.
2944 5059 3232 5124 Σιτηρεσίοις
3280 5064 3335 5111 et
3391 5058 3559 5111 lautis

1924 5133 2371 5191 conditionibus;
2409 5145 2536 5195 quae
2563 5130 2800 5181 tribunis
2825 5131 3174 5194 militaribus,
3204 5133 3559 5199 ducibusque

1923 5221 1993 5258 ex
2043 5204 2270 5269 publico
2314 5204 2713 5268 pendebantur.
2761 5204 2840 5252 Ita
2897 5203 3129 5265 Plinius,
3158 5205 3194 5254 1.
3242 5218 3321 5267 ιιι,
3370 5219 3416 5255 c.
3469 5208 3498 5255 7
3542 5219 3554 5254 :

1925 5276 2307 5329 «Honoribus
2353 5276 2681 5340 militiaeque
2725 5276 3115 5339 interponitur,
3162 5276 3388 5327 Salariis
3429 5276 3558 5327 inde

1924 5351 2104 5401 dictis.
2134 5368 2161 5395 »
2186 5350 2350 5398 Porro
2388 5348 2596 5398 locutio
2639 5347 2761 5397 haec
2797 5360 2978 5411 usque
3028 5348 3099 5397 ad
3143 5352 3335 5411 gentes
3369 5349 3559 5399 Orien-

1924 5434 2061 5485 tales
2098 5430 2419 5507 permeavit,
2456 5429 2595 5507 Nam
2637 5427 2793 5480 Ezraa
2826 5442 2900 5489 rv,
2944 5430 3023 5494 14,
3056 5425 3205 5505 DV):
3262 5424 3555 5507 nymnnn

1924 5508 2009 5559 est
2033 5505 2175 5555 aulas
2202 5503 2437 5552 Persicae
2466 5501 2743 5551 alumnus.

1985 5576 2184 5629 Poterit
2231 5587 2285 5623 se
2335 5572 2407 5621 ad
2456 5586 2551 5623 nos
2606 5572 2919 5637 transferre.
2969 5573 3273 5625 Encratius
3323 5574 3384 5623 in
3431 5584 3560 5622 con-

1924 5649 2052 5701 cilio
2116 5646 2379 5697 Africano
2456 5646 2515 5695 87
2585 5647 2991 5712 episcoporum,
3053 5645 3381 5700 Thenarum
3428 5652 3564 5712 pra?

1924 5722 2011 5777 sul
2044 5732 2169 5776 esse
2195 5718 2419 5783 dicitur,
2446 5730 2574 5784 qua
2606 5709 2741 5774 urbs
2775 5709 3099 5789 Byzacene,
3136 5720 3194 5771 et
3239 5720 3307 5778 in
3341 5714 3434 5767 via
3458 5709 3565 5762 mt—
