4144 6192
260 186 400 252 “93

255 338 403 397 loco,
447 337 925 403 quemadmodum
976 342 1032 393 et
1069 342 1218 404 alibi,
1273 346 1606 401 confessoris
1650 354 1705 401 et
1749 366 1895 404 mar—

256 408 398 472 tyris
434 410 765 479 nominibus
812 413 1126 475 promiscue
1170 416 1275 479 uti,
1332 431 1464 469 cum
1514 422 1764 473 strictius
1802 425 1893 474 lo—

263 477 508 554 quendo,
534 479 616 528 illi
651 480 834 554 solum
860 489 1132 554 martyres
1158 477 1383 537 dicendi
1424 489 1521 552 qui
1555 504 1653 554 pro
1694 491 1901 543 Christi

260 548 491 596 nomine
528 550 688 624 passi
734 550 957 612 fuerint,
1028 557 1373 609 confessores
1418 548 1575 610 vero'
1608 562 1704 624 qui
1766 564 1902 613 citra

260 630 485 693 pmnas_
525 619 902 685 insequentes,
957 637 1018 675 se
1079 626 1425 680 Christianos
1468 644 1568 693 pro
1623 619 1901 683 tribunali

259 688 686 751 proﬁtebantur.

484 761 635 839 apud
680 763 999 839 con/asseres
1047 765 1290 831 o/l‘erunt.
1345 773 1661 836 Antequam
1706 777 1901 839 primm

260 830 486 911 pietatis
543 832 1246 911 ardores_deferbuerunt,
1307 830 1612 895 Christi-ani
1661 830 1902 911 singulis

265 900 512 978 diebus,
537 973 550 978 _
577 908 671 952 aut
727 906 923 956 saltem
997 900 1307 962 Dominicis
1336 951 1350 975 ,
1408 928 1567 965 sacra
1638 900 1903 978 mysteria

264 973 689 1053 participabant.
743 979 1012 1053 Martyres
1074 995 1205 1032 vero
1236 1052 1243 1053 ί
1275 973 1369 1048 qui
1434 986 1541 1036 sub
1605 973 1719 1039 ictu
1781 1005 1903 1053 pas-

265 1042 442 1121 sionis
479 1048 749 1121 perpetuo
785 1048 1167 1121 versabantur,
1196 1052 1253 1102 id
1291 1042 1535 1106 maxime
1579 1042 1905 1121 satagebant

266 1114 333 1189 ut
359 1126 666 1189 nunquam
696 1117 888 1189 divino
928 1119 1025 1169 illo
1065 1122 1265 1173 viatico
1299 1129 1568 1176 carerent.
1599 1114 1743 1189 Quive
1773 1142 1903 1180 vero

266 1183 330 1265 in
355 1183 476 1232 istis
518 1186 886 1265 solemni-bus,
930 1192 1220 1265 Oportebat
1255 1199 1319 1244 ut
1364 1183 1642 1247 diaconus
1682 1202 1907 1265 presby-

271 1257 390 1303 tero
425 1255 721 1327 assisteret.
750 1260 826 1309 ita
873 1264 937 1309 ut
968 1262 1257 1327 presbyter
1298 1267 1452 1316 solus
1488 1255 1753 1321 accedere
1790 1255 1902 1322 non

268 1326 535 1387 potuerit,
585 1334 772 1379 monet
824 1329 1136 1394 Cyprianus
1190 1338 1249 1383 ut
1290 1337 1379 1385 isti
1424 1352 1519 1400 per
1557 1341 1691 1391 vices
1734 1342 1906 1391 alter-

270 1399 420 1457 nent,
473 1402 525 1446 et
575 1401 939 1452 vicissitudine
982 1399 1706 1461 convenientium’minuant
1762 1414 1908 1463 invi-

273 1466 438 1545 diam.
469 1466 640 1545 Quid_
652 1472 724 1545 sit
752 1472 899 1535 apud
941 1475 1290 1526 confessores
1316 1476 1534 1541 oﬁerre,
1562 1494 1593 1529 a
1625 1482 1906 1545 Cypriano

277 1536 550 1587 discimus
597 1540 772 1605 Epist.
824 1555 1037 1604 xxxrv,
1082 1546 1151 1595 ad
1198 1548 1429 1599 Pamelii
1480 1536 1744 1603 numeros
1794 1554 1903 1604 28:

273 1620 314 1680 ¢_
349 1607 565 1680 Integra
612 1616 668 1661 et
710 1625 843 1662 cum
890 1615 1185 1678 disciplina
1214 1618 1445 1680 fecistis,
1476 1622 1671 1673 fratres
1700 1625 1908 1674 charis-

269 1677 419 1758 sim-i,
450 1680 603 1742 quod
650 1684 906 1758 coynsilioi
927 1677 1269 1758 collegarum
1317 1677 1571 1741 meorum
1617 1696 1712 1758 qui
1756 1708 1907 1758 pras—

264 1753 455 1825 sentes
483 1757 658 1814 erant,
691 1754 848 1818 Gaio,
882 1757 1151 1808 Diddensi
1194 1760 1539 1825 presbytero,

267 1821 424 1899 ejus,_
459 1826 753 1899 censuistis
795 1840 914 1899 non
957 1821 1486 1882 communicandum
1522 1821 1543 1881 V:
1597 1838 1691 1899 qui
1746 1851 1901 1887 com-

268 1892 609 1945 municando
639 1909 767 1946 cum
793 1898 981 1962 lapsis,
1027 1904 1084 1949 et
1116 1901 1399 1953 oﬁerendo
1447 1892 1756 1957 oblationes
1804 1922 1907 1958 eo-

268 1973 412 2040 rum,
444 1965 505 2040 in
529 1968 712 2028 pravis
729 1969 1008 2019 erroribus
1037 1971 1361 2034 frequenter
1381 1974 1777 2040 deprehensi,»
1795 1983 1899 2029 etc.

269 2031 379 2113 Phi
406 2034 597 2113 ,obiter
642 2040 951 2091 notandum
1000 2031 1300 2106 aliquando
1341 2031 1679 2110 presbyteris
1723 2031 1898 2113 pecu-

267 2103 433 2183 liares
498 2108 764 2183 diaconos
826 2115 923 2177 qui
986 2103 1119 2176 ipsis
1175 2103 1525 2167 assisterent'
1563 2103 1894 2183 assignatos.

266 2174 673 2247 communicare
723 2174 862 2232 cumw
894 2174 1209 2247 aliquibus,
1267 2191 1314 2235 et
1359 2187 1651 2240 oblationes
1678 2174 1891 2242 “eorum

265 2244 476 2309 o/I‘erre,
508 2263 594 2324 res
623 2252 853 2315 quidem
878 2244 1025 2304 inter
1054 2268 1116 2306 se
1153 2244 1387 2308 diversas
1415 2275 1428 2318 ;
1476 2260 1592 2321 sed,
1627 2264 1898 2324 quoniam

269 2329 439 2393 nemo
494 2320 564 2369 de
625 2323 798 2373 sacris
857 2326 1145 2388 mysteriis
1200 2320 1587 2392 participabat,
1630 2320 1727 2393 qui
1788 2346 1900 2381 non

269 2389 425 2464 prius
468 2402 677 2464 munus
719 2393 837 2443 Deo
880 2395 1099 2457 obtulit,
1153 2389 1418 2449 alterutra
1454 2389 1591 2451 voce
1633 2389 1900 2464 apposita,

271 2462 452 2536 totum
502 2461 609 2536 hoc
651 2476 869 2514 sacrum
906 2466 1153 2516 ofﬁcium
1203 2470 1509 2532 smpissime
1557 2461 1899 2536 intelligitur.

271 2529 502 2605 Pariter,
548 2533 699 2593 licet,
739 2536 890 2598 quod
935 2538 1013 2586 ait
1062 2538 1129 2585 D.
1181 2529 1406 2600 Paulus,
1437 2540 1627 2601 Hebr.,
1654 2529 1773 2604 xui,
1822 2544 1901 2605 10,

270 2600 582 2676 habeamus
612 2607 799 2669 altare,
828 2612 1014 2657 tamen
1048 2609 1322 2660 sacriﬁcia
1366 2600 1698 2661 Christianas
1728 2600 1902 2676 piata;

272 2674 363 2733 tis,
395 2686 426 2722 a
465 2676 717 2739 gentium
761 2683 818 2728 et
857 2679 1183 2730 Judasorum
1227 2682 1704 2733 immolationibus
1728 2674 1902 2744 ipror-

277 2756 378 2793 sus
404 2745 735 2809 abhorrent;
785 2753 841 2799 et
882 2764 1173 2813 perperam
1220 2752 1496 2813 nonnulli,
1535 2752 1723 2802 audito
1764 2753 1903 2802 alta-

280 2814 358 2864 ris
391 2849 405 2875 ,
459 2816 754 2868 oblationis
782 2855 796 2880 ,
848 2824 947 2870 aut
996 2821 1253 2872 sacriﬁcii
1302 2823 1563 2883 nomine,
1619 2822 1903 2873 victimam

275 2889 564 2936 cruentam
615 2894 784 2952 atque
843 2890 1082 2941 hostiam
1134 2905 1338 2942 caesam
1391 2894 1706 2956 importune
1751 2894 1903 2957 inge-

270 2962 403 3028 runt
461 2972 473 3005 :
532 2972 770 3023 quarum
816 2964 1067 3011 omnium
1134 2964 1400 3013 invidiam
1462 2965 1730 3028 apologiis
1788 2964 1902 3013 suis

272 3027 463 3078 Patres
486 3032 701 3095 antiqui
730 3036 955 3082 strenue
985 3034 1406 3083 amoliebantur.

344 3099 680 3163 Temporibus
708 3105 926 3152 servire.
954 3104 1139 3153 Lectio
1184 3104 1308 3154 haec
1356 3118 1471 3154 non
1517 3105 1683 3155 modo
1726 3105 1899 3167 pluri-

273 3183 494 3222 morum
521 3186 657 3223 mss.
690 3175 949 3225 codicum
975 3175 1251 3240 suffragiis
1283 3177 1532 3236 munita;
1578 3178 1676 3225 sed
1712 3182 1768 3226 et
1801 3190 1885 3226 an-

274 3244 529 3306 tiquitate
577 3246 967 3296 commendata
1006 3251 1106 3297 est.
1162 3247 1258 3297 Sic
1312 3248 1462 3297 enim
1515 3261 1627 3297 non
1686 3252 1901 3297 tantum

275 3313 542 3378 Origenes
593 3318 647 3366 in
703 3317 990 3377 Comment,
1021 3322 1077 3367 et
1130 3319 1344 3368 Auctor
1399 3322 1584 3368 noster
1636 3318 1729 3369 hic
1774 3319 1898 3380 loci,

271 3385 374 3435 sed
407 3391 463 3437 et
487 3387 736 3449 lgnatius
763 3389 822 3437 in
852 3388 952 3451 Ep.
981 3388 1053 3439 ad
1076 3389 1249 3451 Polyc.
1288 3387 1507 3438 videtur
1536 3389 1750 3453 legisse.
1779 3389 1903 3440 Ab-

270 3455 587 3509 breviatura
637 3475 743 3522 κω,
769 3472 879 3522 ,pro
925 3458 1075 3522 κυρίῳ
1121 3464 1178 3509 et
1230 3459 1382 3523 καιρῷ
1431 3472 1502 3509 ex
1542 3472 1705 3523 mquo
1742 3460 1901 3524 poni-

274 3531 395 3589 tur;
426 3528 574 3581 unde
602 3529 850 3581 fortassis
878 3532 1031 3580 varia
1056 3530 1227 3581 lectio
1261 3535 1446 3581 ortum
1472 3529 1709 3580 duxerit.

844 3640 1200 3693 EPISTULA
1235 3640 1328 3692 VI.

331 3736 569 3800 Epistola
618 3737 885 3801 Cypriani
928 3737 1001 3788 ad
1047 3742 1330 3799 martyres.
1361 3736 1485 3788 Non
1533 3736 1775 3786 multum
1811 3748 1900 3786 re-

271 3808 377 3858 fert
396 3809 547 3871 quod
576 3809 831 3858 nonnulli
860 3809 1083 3859 codices
1108 3821 1242 3857 mss.
1285 3820 1390 3858 nec
1418 3820 1529 3857 non
1554 3811 1611 3858 et
1650 3806 1901 3871 impressi

268 3879 499 3943 legant:
543 3880 624 3930 Ad
668 3880 1020 3943 Rogatianum
1054 3880 1326 3941 juniorem
1364 3884 1411 3927 et
1459 3883 1666 3929 exteros
1698 3878 1902 3940 confes-

268 3962 429 4000 sOres.
456 3950 627 3999 Tituli
654 3953 804 4001 enim
849 3951 938 4000 isti
972 3950 1323 4000 librariorum
1375 3962 1525 4001 curae
1561 3954 1616 4000 et
1662 3950 1901 4012 ingeniis

271 4020 567 4079 debentur,
603 4021 809 4084 quibus
854 4023 1029 4075 lector
1071 4022 1189 4071 sine
1237 4020 1527 4083 dispendio
1570 4021 1900 4084 plerumque

271 4103 461 4141 carere
517 4093 732 4155 poterit.
793 4092 1068 4143 Putabant
1116 4092 1197 4141 illi
1241 4092 1593 4155 Rogatianum
1635 4091 1900 4154 presbyte—

269 4174 412 4223 rum,
467 4162 753 4224 gloriosum
796 4177 988 4224 senem,
1034 4162 1127 4226 qui
1165 4163 1429 4225 ewcipiens
1469 4161 1761 4224 ferocientis
1804 4174 1899 4224 po-

270 4231 404 4296 puli
456 4239 721 4296 impetum,
762 4236 991 4297 primum
1011 4233 1288 4297 hospitium
1331 4234 1389 4282 in
1431 4244 1641 4282 carcere
1682 4244 1900 4295 praepa—

274 4303 440 4365 ravit,
485 4309 530 4352 et
581 4310 804 4355 metator
854 4303 1236 4369 quodammodo
1298 4305 1589 4364 antecessit,
1635 4303 1898 4366 martyrio

269 4374 443 4423 fuisse
473 4379 833 4436 coronatum;
865 4378 919 4427 et
943 4376 1176 4439 proinde
1204 4374 1325 4425 ﬁeri
1372 4387 1483 4423 non
1526 4386 1687 4437 posse
1718 4379 1781 4422 ut
1828 4373 1898 4422 ad

1626 196 1803 258 EDIT.
1840 203 2040 263 OXON.
2080 207 2296 267 ΝΟΤΕ.

3499 226 3637 285 1194

1998 339 2054 416 in
2088 349 2190 416 sua
2221 339 2498 403 theologia
2528 342 2597 393 de
2625 344 2818 416 osculo
2860 346 3120 409 Domini;
3158 352 3213 399 et
3241 350 3319 400 ita
3366 352 3557 405 Mosen
3598 372 3630 408 θ

2003 410 2147 457 vivis
2212 416 2518 463 excessisse
2569 415 2913 476 proﬁtentur.
2972 418 3046 467 Et
3107 419 3406 486 siquidem,
3443 425 3628 486 Deut.,

1998 508 2210 561 xxxrv,
2244 500 2291 559 5,
2321 504 2565 552 occurrit
2594 504 2743 566 quod
2781 510 3032 555 mortuus
3067 512 3149 557 est
3188 510 3368 561 Moses
3396 482 3472 562 ὃν
3501 482 3629 560 mni

2000 570 2076 621 ’73
2106 576 2523 669 aiunt-Rabbini
2552 578 2640 629 ΠΒ
2677 580 2907 658 ΠΡἿΨΞΞ
2935 585 3082 635 ἾῸἿΞ
3105 585 3254 637 ΞῺἾἼ
3281 587 3439 667 ΠΞΡΠ
3470 590 3631 669 ἽΡΨΞ

2003 659 2141 738 illi?!
2171 658 2386 738 amas.
2422 669 2484 717 In
2510 669 2618 721 hoc
2641 684 2771 722 vero
2800 674 2964 738 longe
2997 676 3205 727 abeunt
3234 693 3264 728 a
3296 658 3629 733 Christianis

2001 733 2400 810 {udmi,_quod_
2439 738 2527 789 his
2576 756 2724 793 mors
2770 733 2959 808 quieta
3006 751 3059 795 et
3104 748 3319 810 placida
3374 752 3630 801 osculum

2001 803 2227 883 Domini
2253 807 2549 859 videbatur
2572 826 2585 871 ;
2615 803 2821 863 nostris
2850 828 2998 875 vero,
3032 803 3259 867 cruenta
3287 823 3342 868 et
3366 821 3633 883 violenta,

2001 873 2320 949 beatissima
2350 883 2403 927 et
2427 884 2668 933 maxime
2694 873 3003 949 expetenda
3034 894 3311 937 censetur.

2064 947 2307 996 Metator.
2354 949 2616 1013 Vegetius
2658 956 2732 1003 ait
2765 947 2818 1003 Ἰ.
2859 969 2915 1015 li,
2953 970 2999 1006 c.
3044 960 3071 1005 7
3107 973 3123 1005 :
3162 976 3191 1005 (ς
3238 959 3527 1010 Metatores
3574 964 3631 1012 in

2004 1018 2199 1090 castris
2250 1019 2543 1083 dicuntur,
2596 1026 2691 1088 qui
2754 1026 3126 1090 praecedentes
3183 1029 3374 1079 locum
3430 1034 3626 1081 castris

2004 1088 2268 1138 idoneum
2297 1091 2522 1155 eligunt.
2560 1110 2591 1141 »
2620 1096 2698 1145 ita
2726 1088 3091 1160 Caesarianus,
3120 1099 3267 1162 apud
3298 1101 3587 1151 Lucanum
3612 1118 3622 1150 :

2180 1163 2460 1225 Hesperios
2486 1166 2655 1215 audax
2678 1167 2885 1217 veniam
2920 1172 3142 1218 metator
3171 1171 3225 1218 in
3254 1185 3424 1232 agros.

2004 1229 2162 1281 Unde
2213 1234 2522 1285 rectissime
2574 1237 2643 1287 de
2688 1239 2992 1303 Rogatiano
3040 1243 3095 1289 et
3136 1229 3481 1291 Felicissimo
3519 1242 3632 1293 dic-

2004 1306 2141 1363 tum,
2178 1305 2327 1368 quod
2361 1307 2418 1356 in
2444 1320 2724 1359 carcerem
2749 1311 2910 1373 primi
2941 1312 3103 1374 quasi
3127 1316 3424 1366 metatores
3450 1328 3636 1367 acces-

2007 1376 2195 1423 serint.

2564 1470 2919 1524 EPISTOLA
2942 1473 3063 1523 VII.

2068 1574 2332 1636 Dignatus
2370 1576 2530 1638 fuerit
2570 1578 2828 1629 Dominus
2862 1580 3141 1629 ostendere.
3179 1581 3398 1644 Smpius
3438 1584 3508 1633 ad
3548 1598 3635 1635 re-

2007 1644 2310 1713 velationes
2334 1648 2441 1696 sibi
2465 1648 2639 1697 factas
2676 1655 2938 1712 provocat
2968 1650 3317 1713 Cyprianus;
3354 1653 3410 1702 id
3444 1659 3630 1704 autem

1713 1766 1721 1775 Ι
1756 1708 1902 1758 pras—

2008 1708 2308 1777 facit,'non
2370 1724 2431 1767 ut
2481 1717 2613 1768 ﬁdei
2671 1708 2927 1784 dogmata
2975 1708 3098 1771 aliis
3148 1708 3484 1786 obtruderet,
3534 1726 3634 1776 sed

1579 1769 1636 1814 θι
1670 1766 2163 1845 ᾀίεοοηουευδαί
2218 1766 2597 1838 innocentiam
2644 1766 2962 1840 abwiﬁvwidﬁis
3005 1792 3319 1843 lacessitam
3357 1766 3628 1845 iuvaretur

2006 1856 2272 1908 Secessus
2299 1860 2418 1921 ejus
2448 1864 2732 1923 tamquam
2758 1863 2932 1924 turpis
2976 1862 3105 1925 fuga
3150 1864 3293 1913 male
3341 1865 3631 1926 audiebat;

2005 1928 2243 1977 ostendit
2268 1943 2396 1993 ergo
2427 1944 2486 1980 se
2517 1932 2697 1995 gregis
2740 1934 2825 1981 sui
2862 1947 3029 1983 causa
3080 1938 3295 1984 tantum
3341 1942 3629 1997 metuere;

2002 2013 2108 2049 nec
2132 2002 2316 2050 animo
2342 2016 2444 2051 suo
2482 2002 2580 2052 sed
2622 2003 2880 2053 mandato
2916 2004 3106 2054 divino
3132 2019 3341 2055 morem
3376 2009 3631 2069 gessisse,

2004 2071 2173 2121 Porro
2202 2073 2307 2135 ipsi
2358 2073 2505 2136 apud
2532 2074 2743 2124 clerum
2773 2079 2828 2124 et
2852 2074 3073 2137 plebem
3100 2081 3217 2125 erat
3241 2076 3632 2137 honoriﬁcum,

2004 2142 2151 2207 quod
2192 2143 2343 2192 Deus
2388 2146 2568 2207 ipsum
2604 2147 2721 2194 suis
2763 2145 3079 2209 colloquiis,
3111 2149 3168 2196 et
3208 2160 3392 2196 rerum
3419 2150 3632 2198 futura-

2003 2227 2126 2261 rum
2169 2215 2484 2277 cognitione
2523 2216 2860 2280 dignaretur.
2889 2217 3011 2266 Hoc
3055 2222 3241 2267 autem
3272 2219 3329 2267 in
3374 2220 3634 2269 Africana

2004 2284 2254 2333 Ecclesia
2282 2286 2620 2347 peculiarius
2646 2285 2902 2347 obtinuit,
2930 2286 3028 2335 ubi
3058 2287 3325 2348 haeretici,
3348 2294 3401 2339 et
3427 2292 3636 2352 Specia-

2002 2356 2100 2402 tim
2124 2355 2435 2414 Montanus,
2466 2357 2778 2419 prophetias
2807 2361 2861 2404 et
2889 2357 3251 2408 revelationes
3277 2372 3477 2423 magna
3506 2374 3634 2411 cum

2002 2439 2202 2488 pompa
2230 2425 2571 2488 ingerebant.

2069 2497 2292 2546 Credere
2338 2497 2503 2546 voluit
2557 2503 2603 2547 et
2659 2510 2901 2548 crescere.
2958 2498 3295 2564 Carthagine
3346 2502 3633 2565 nimirum,

2001 2565 2098 2614 ubi
2152 2567 2222 2614 ad
2277 2566 2444 2616 ﬁdem
2492 2580 2795 2618 conversus
2842 2572 2977 2628 erat,
3027 2572 3080 2617 et
3131 2572 3201 2619 ad
3253 2571 3631 2634 episcopatum

2000 2641 2326 2699 promotus:
2380 2638 2499 2687 sedi
2546 2639 2628 2689 illi
2679 2643 2944 2702 tanquam
2986 2641 3122 2690 actis
3169 2640 3449 2691 radicibus
3508 2644 3630 2692 afﬁ-

2003 2722 2129 2757 1118.

2069 2779 2373 2840 Quantitate
2408 2792 2525 2829 mea
2564 2782 2811 2843 propria.
2840 2779 2981 2830 Vide
3017 2794 3143 2844 quas
3186 2783 3440 2845 superius
3484 2784 3631 2834 dicta

2003 2849 2070 2899 de
2104 2851 2480 2900 oblationibus
2512 2851 2568 2898 in
2613 2855 2722 2901 tres
2767 2856 2947 2915 partes
2994 2851 3202 2914 divisis,
3241 2868 3476 2916 quarum
3520 2870 3631 2906 una

2004 2921 2265 2983 episcopo
2308 2922 2491 2970 cessit.
2532 2920 2669 2969 Nam
2701 2922 2851 2984 quod
2899 2922 2969 2972 ad
3009 2936 3071 2972 ea
3103 2936 3227 2987 quae
3262 2925 3393 2973 olim
3444 2926 3635 2975 ethni—

2003 3004 2103 3040 cus
2149 2992 2487 3054 possederat,
2532 2991 2760 3041 Pontius
2799 3007 2901 3043 nos
2939 2993 3100 3043 docet
3141 2993 3290 3056 quod
3339 2998 3630 3059 quampri-

2000 3076 2154 3111 mum
2192 3063 2323 3111 ﬁdei
2364 3062 2692 3112 Christianm
2737 3077 2793 3113 se
2835 3062 3136 3124 addixerat,
3165 3065 3435 3115 distractis
3478 3067 3631 3116 rebus

2001 3135 2109 3182 suis
2142 3133 2212 3181 ad
2259 3134 2598 3194 indigentium
2645 3146 2941 3197 pauperum
2986 3137 3404 3198 sustentandum,
3434 3142 3479 3186 et
3522 3142 3631 3187 tota

2000 3204 2205 3267 praedia
2246 3204 2573 3266 dispensans,
2635 3204 2776 3254 nihil
2818 3205 3095 3268 reliquum
3149 3206 3255 3255 sibi
3306 3207 3437 3257 fecit
3480 3209 3629 3271 quod

2004 3276 2189 3324 denuo
2211 3275 2455 3324 donaret.

2062 3345 2381 3395 Acoluthum.
2444 3343 2760 3408 Hesychius
2814 3346 2905 3393 ait.
2975 3345 3275 3405 Ἀκόλουθος,
3338 3348 3363 3394 ὁ
3408 3348 3634 3412 νεώτερος

2000 3420 2111 3470 παῖς
2144 3415 2390 3479 Θεράπων,
2428 3415 2455 3463 ὁ
2491 3416 2597 3479 περὶ
2641 3415 2695 3462 τὸ
2738 3415 2897 3477 σῶμα.
2948 3417 3152 3467 Munus
3205 3421 3336 3478 erat,
3387 3420 3432 3467 si
3481 3421 3633 3483 quod

2002 3487 2172 3550 aliud,
2202 3500 2313 3550 iper
2356 3490 2524 3535 totam
2563 3485 2899 3547 Ecclesiam,
2932 3487 3039 3537 hoc
3079 3489 3287 3538 smculo
3325 3492 3635 3553 receptissi-

2001 3571 2174 3607 mum.
2230 3556 2393 3619 Quod
2453 3555 2759 3608 Orientales
2813 3558 3023 3619 attinet,
3078 3572 3285 3609 nomen
3335 3573 3367 3609 a
3422 3561 3633 3612 Graecis

2002 3628 2265 3678 haustum
2295 3628 2532 3677 ostendit
2558 3628 2704 3690 apud
2748 3626 2873 3676 illos
2922 3629 2977 3676 in
3014 3643 3122 3677 usu
3167 3630 3353 3677 fuisse.
3400 3631 3480 3679 De
3522 3632 3631 3682 Ro-

2001 3714 2168 3750 mana
2201 3700 2472 3760 Ecclesia,
2509 3699 2705 3748 litterm
2744 3696 2986 3747 Cornelii
3038 3699 3105 3747 ad
3149 3698 3384 3749 Fabium
3427 3702 3630 3750 Antio-

2002 3770 2283 3833 chensem,
2318 3783 2457 3834 quas
2503 3769 2643 3818 infra
2693 3768 2968 3818 laudaturi
3017 3782 3232 3829 sumus,
3282 3769 3338 3817 id
3397 3770 3623 3819 abunde

2003 3845 2288 3891 testantur.
2322 3842 2402 3889 De
2441 3840 2720 3901 Africana,
2746 3839 2997 3902 locuples
3036 3840 3203 3888 fuerit
3232 3840 3386 3888 testis
3422 3841 3630 3889 Auctor

2002 3917 2187 3963 noster
2211 3913 2268 3961 in
2298 3910 2565 3974 Epistolis
2592 3911 2813 3974 passim.
2844 3908 2954 3960 Sed
2979 3908 3048 3959 de
3085 3910 3171 3960 his
3201 3910 3359 3974 plura
3400 3910 3628 3961 videan-

2002 3987 2090 4035 tur
2118 3986 2175 4033 in
2204 3985 2448 4034 annotat.
2478 3981 2547 4032 ad
2576 3982 2675 4045 Ep.
2703 3984 3051 4045 sequentem.

2549 4110 2901 4163 EPISTOLA
2934 4111 3073 4161 VIII.

2064 4223 2204 4276 Cleri
2254 4222 2486 4274 Romani.
2512 4222 2850 4286 Quanquam
2875 4221 3046 4273 verba
3090 4221 3213 4273 haec
3255 4222 3324 4273 ad
3362 4215 3625 4287 Epistolas

1999 4297 2168 4359 hujus
2214 4294 2439 4344 titulum
2488 4294 2821 4356 pertineant,
2849 4295 2947 4357 qui
2993 4308 3023 4343 a
3061 4294 3286 4344 librario
3333 4307 3432 4359 pro
3461 4300 3627 4357 captu

1999 4380 2100 4417 suo
2129 4366 2430 4429 appositus,
2462 4364 2674 4414 nullius
2702 4364 2967 4428 ponderis
3000 4370 3097 4415 aut
3134 4367 3475 4415 auctoritatis
3508 4378 3629 4416 esse

269 4445 431 4494 illum
461 4445 658 4497 littera:
706 4435 1098 4511 dirigerentur,
1135 4451 1302 4510 atque
1340 4444 1463 4495 ideo
1501 4435 1673 4495 alium
1720 4439 1977 4511 Roga-D
1998 4440 2225 4511 poterit,
2275 4436 2683 4511 eruditissimus
2747 4435 3023 4511 Rigaltius
3082 4437 3467 4511 occasionem_
3491 4435 3625 4511 hinc

271 4517 507 4578 tianum,
561 4518 728 4580 priori
779 4517 1127 4578 dissimilem,
1185 4520 1458 4580 quantum
1512 4515 1641 4566 ﬁeri
1696 4516 1896 4579 potuit,

271 4588 392 4637 scil.
438 4589 731 4651 juniorem,
785 4590 1191 4652 excogitabant.
1248 4588 1359 4639 Sed
1408 4587 1768 4637 manifestum
1819 4590 1903 4636 est

271 4658 415 4709 nihil
451 4658 519 4710 de
569 4660 872 4723 Rogatiano
902 4673 1035 4711 sene
1082 4660 1174 4711 hic
1202 4659 1331 4719 dici,
1359 4658 1466 4707 nisi
1514 4657 1664 4722 quod
1701 4670 1770 4707 ex
1814 4661 1901 4706 tu-

280 4731 462 4781 multu
515 4734 769 4794 populari
821 4732 1029 4783 carceri
1087 4731 1283 4781 fuisset
1337 4730 1721 4792 mancipatus;
1790 4729 1902 4778 imo

272 4801 463 4864 potius
509 4804 767 4853 innuitur
817 4804 976 4854 illum
1024 4802 1085 4852 in
1133 4801 1451 4865 exemplum
1505 4812 1815 4862 superesse,
1855 4804 1903 4848 et

271 4872 411 4923 hunc
465 4885 672 4937 quoque
716 4875 1038 4933 antecedere,
1072 4872 1297 4935 quando
1351 4872 1452 4921 ista
1508 4870 1899 4922 scriberentur.

272 4942 390 4992 Nec
424 4956 633 4993 novum
665 4948 853 5006 estut,
886 4957 1016 4996 cum
1050 4943 1249 4994 litterae
1275 4941 1530 5007 pluribus
1559 4941 1903 5004 conjunctim

271 5014 611 5078 scribuntur,
662 5030 733 5067 ex
776 5019 1073 5068 occasione
1102 5016 1250 5077 data,
1275 5014 1343 5063 de
1391 5014 1611 5063 illorum
1652 5026 1765 5063 uno
1806 5024 1903 5075 pe-

272 5087 499 5137 culiaris
540 5090 749 5138 mentio
796 5089 1082 5140 habeatur.
1137 5089 1323 5147 Porro,
1365 5087 1412 5136 si
1455 5086 1791 5147 conjectura)
1834 5096 1904 5133 ex

272 5159 498 5207 nomine
522 5159 733 5223 aliquid
772 5162 1013 5221 valeant,
1042 5161 1269 5211 omnino
1304 5157 1645 5220 Rogatianus
1674 5156 1769 5218 qui
1808 5154 1903 5204 hic

270 5228 623 5291 describitur,
659 5231 752 5280 ille
784 5233 901 5295 ipse
931 5233 1101 5281 fuerit
1139 5230 1208 5279 de
1252 5242 1365 5292 quo
1412 5228 1618 5278 mentio
1665 5225 1904 5276 habetur

269 5301 503 5364 epistola
528 5307 815 5365 sequente,
851 5306 878 5353 7
923 5304 1207 5363 nimirum,
1243 5300 1311 5350 ad
1359 5298 1571 5349 Pameli
1636 5308 1900 5346 numeros

272 5371 356 5433 36,
386 5372 486 5436 Ep.
534 5374 611 5435 14,
651 5373 720 5423 ad
764 5374 993 5424 Pamelii
1038 5385 1302 5423 numeros
1338 5371 1406 5431 6;
1453 5373 1506 5420 et
1552 5371 1631 5426 ii,
1673 5367 1742 5418 ad
1793 5368 1903 5416 Pa-

273 5443 430 5493 melii
457 5457 719 5495 numeros
750 5446 831 5495 38.
865 5446 947 5495 De
980 5449 1224 5508 tempore
1255 5442 1478 5507 quando
1508 5439 1739 5504 epistola
1783 5438 1904 5488 haec

274 5515 445 5567 missa
473 5522 609 5579 erat,
655 5518 913 5570 consulat
946 5518 1119 5567 lector
1151 5530 1279 5580 qum
1329 5513 1751 5577 diligentissime
1794 5510 1904 5560 dis-

272 5589 469 5654 putata
508 5591 644 5639 sunt
695 5602 728 5647 a
773 5588 1138 5639 reverendiss.
1185 5586 1448 5648 episcopo
1492 5582 1798 5635 Cestriensi
1845 5581 1903 5631 in

273 5659 574 5715 Annalibus
602 5659 882 5724 Cypriani,
913 5659 1064 5723 Operi
1098 5659 1232 5709 huic
1260 5656 1575 5721 pramissis.

343 5731 590 5787 Osculum
632 5730 863 5785 Domini.
916 5729 1091 5791 Multa
1136 5727 1636 5790 commisnicuntur
1681 5725 1904 5781 Hebrmi
1973 5780 1981 5787 ,

601 5822 875 5897 Parnm“
922 5820 1028 5892 IV.

2001 4509 2191 4573 arripit
2231 4511 2293 4557 ut
2334 4506 2586 4557 ostendat
2631 4508 2761 4557 cleri
2795 4520 2992 4556 vocem
3038 4520 3323 4570 perperam
3370 4506 3512 4556 trahi
3559 4505 3628 4555 ad

2001 4592 2266 4645 personas
2310 4578 2745 4638 ecclesiasticas,
2786 4578 3155 4640 hominesque
3202 4577 3374 4627 sacris
3415 4576 3625 4625 ordini-

2000 4653 2106 4702 bus
2150 4651 2393 4699 initiatos
2432 4648 2823 4713 designandos.
2872 4650 2934 4697 ln
2978 4649 3170 4711 primis
3223 4650 3316 4709 ait,
3366 4665 3395 4693 «
3441 4647 3625 4711 Κλῆρος

2000 4725 2103 4772 tria
2128 4720 2423 4784 signiﬁcat,
2455 4720 2781 4770 sorticulam
2808 4732 2919 4781 qua
2962 4720 3174 4768 utimur
3212 4720 3270 4768 in
3306 4719 3618 4768 sortiendo:

2001 4795 2301 4844 sortionem
2330 4792 2445 4841 sive
2482 4792 2753 4853 sortitum,
2784 4794 3060 4840 actionem
3103 4792 3280 4854 ipsam
3319 4789 3583 4840 sortiendi
3610 4803 3624 4848 ;

2000 4868 2055 4914 et
2095 4863 2243 4926 quod
2284 4864 2482 4911 sortitu
2519 4862 2725 4926 cuique
2769 4860 3042 4910 accidit.»
3093 4861 3393 4924 Subjungit
3442 4874 3624 4923 porro,

2000 4951 2030 4982 α
2053 4935 2260 4985 Rerum
2291 4932 2690 4982 Hebraicarum
2721 4932 3018 4994 scriptores
3061 4931 3307 4990 Graecos,
3338 4932 3407 4981 ab
3443 4932 3625 4996 iisque

2001 5008 2167 5058 etiam
2208 5005 2425 5065 latinos,
2464 5005 2677 5054 clerum
2714 5002 2921 5052 dixisse
2967 5002 3115 5067 quod
3167 5017 3234 5053 ex
3284 5003 3626 5066 amplissimo

2002 5077 2097 5126 illo
2148 5080 2419 5124 terrarum
2476 5078 2675 5134 tractu,
2729 5073 2902 5122 Josua
2950 5073 3201 5137 jubente,
3256 5074 3313 5123 in
3363 5073 3626 5124 undecim

2002 5148 2181 5198 tribus
2218 5146 2582 5196 Hebraeorum
2628 5144 2824 5206 diviso,
2861 5156 2959 5207 per
2985 5146 3286 5194 sortionem
3321 5146 3628 5210 unicuique

2003 5219 2376 5280 contigerat.»
2430 5217 2567 5266 Rem
2613 5214 2760 5265 hanc
2809 5216 3072 5263 instantia
3096 5216 3335 5278 explicat
3363 5231 3374 5265 :
3405 5232 3435 5263 (ς
3480 5217 3625 5266 Ben—

1996 5292 2192 5354 jamini
2218 5290 2395 5339 tribus
2424 5288 2587 5338 cleris
2617 5288 2677 5336 in
2715 5299 2913 5335 urnam
2952 5288 3235 5349 conjectis,
3273 5300 3413 5336 urna
3454 5293 3623 5349 mota,

2002 5363 2098 5426 qui
2154 5362 2335 5412 clerus
2396 5360 2605 5409 exierat
2663 5357 2925 5407 sortiente
2981 5357 3288 5419 Benjamini
3348 5358 3515 5418 tribu,
3571 5359 3627 5409 id

2003 5436 2184 5484 clerus
2230 5431 2536 5492 Benjamini
2588 5429 2896 5480 dicebatur.
2939 5429 3125 5493 Atque
3166 5430 3243 5480 ita
3296 5430 3366 5481 de
3413 5432 3628 5481 creteris

2002 5503 2263 5555 undecim
2310 5502 2555 5551 tribuum
2631 5500 2994 5563 portionibus.
3066 5519 3095 5546 ιι
3156 5500 3293 5551 Inde
3353 5498 3631 5563 prOgredi-

2004 5578 2129 5623 tur:
2163 5590 2188 5621 α
2225 5574 2528 5635 Postquam
2555 5570 2749 5633 ﬁguris
2778 5571 3035 5645 Mosaicis
3077 5576 3279 5645 veritas
3317 5570 3637 5645 Christiana

2002 5644 2295 5705 successit,
2373 5646 2446 5704 et,
2507 5642 2655 5692 male
2720 5641 3085 5693 merentibus
3135 5640 3413 5699 Hebraeis,
3464 5640 3645 5699 gratia

2003 5719 2191 5772 divina
2239 5716 2309 5769 ad
2366 5715 2581 5769 Gentes
2625 5728 2893 5768 conversa
2949 5718 3046 5777 est,
3105 5712 3261 5779 quod
3324 5708 3661 5766 Hellenisms

3243 5807 3350 5877 38
