4144 6192
557 289 692 352 “9‘3

1909 293 2087 351 EDIT.
2127 287 2326 351 OXON.
2365 284 2580 352 NOTAE.

3749 299 3862 358 “96

557 423 810 508 dixerant
833 421 1164 508 Ecclesiam,
1199 421 1459 508 dixerunt
1492 423 1657 472 etiam
1697 423 1925 505 clerum.
1960 439 1988 468 »
2031 423 2182 508 liful-.-
2205 423 2566 508 Aipsiusque
2627 422 2889 486 Cypriani
2941 422 3559 508 epistolaa‘sequentes'
3584 425 3866 508 declarant;

555 496 629 544 tis
697 493 1054 556 interpositis,
1120 493 1322 556 quibus
1394 496 1577 542 tamen
1648 495 1878 543 minime
1954 494 2179 543 conﬁcit

559 565 883 615 hellenistas
927 577 1024 627 pro
1066 564 1297 613 Ecclesia
1327 562 1645 613 denotanda
1695 563 1889 612 clerum
1921 567 2188 627 tanquam

557 648 933 698 synonymum
977 634 1322 696 adhibuisse,
1351 636 1666 698 periochen]
1693 636 1758 685 D.
1792 635 1937 684 Petri
1963 635 2193 685 adducit

555 708 640 755 vir
668 707 865 755 doctus
894 705 1085 756 dicens
1120 706 1270 769 quod
1297 723 1325 751 «
1367 721 1534 769 prava
1571 706 1890 756 mortalium
1938 707 2182 765 caecitas,

557 776 871 827 Christiana
928 777 1283 840 simplicitate
1341 778 1612 842 neglecta,
1675 777 2046 842 pharisaicam
2090 791 2188 825 su-

555 848 805 912 perbiam
843 847 1081 909 reduxit,
1131 852 1186 897 et
1229 847 1413 896 obruit
1455 849 1704 898 cmlestia
1754 849 2003 897 terrenis.
2043 846 2192 897 Cleri

558 919 895 969 vocabulum
937 918 1006 968 ad
1054 932 1142 968 res
1190 918 1304 968 Chr
1324 921 1550 981 stianas,
1589 920 1798 983 primus
1845 921 2192 969 transtulisse

556 991 779 1040 videtur
823 991 1034 1049 Petrus,
1079 990 1327 1053 Epistola
1362 1005 1460 1040 sua
1511 993 1783 1041 canonica
1826 992 2022 1054 prima.
2052 992 2195 1040 Hor-

560 1065 708 1112 tatur
766 1060 1118 1124 presbyteros
1180 1061 1298 1124 ipse
1357 1062 1792 1125 compresbyter,
1851 1066 1914 1111 ut
1965 1075 2192 1126 gregem

565 1145 733 1196 quem
809 1130 1085 1180 commisit
1165 1131 1233 1178 iis
1307 1131 1456 1180 Deus
1537 1137 1770 1194 pascant
1839 1133 2195 1196 providentes

567 1201 783 1262 ovibus,
840 1214 950 1249 non
1012 1201 1188 1264 turpis
1251 1201 1393 1252 lucri
1452 1203 1735 1266 cupidine,
1801 1203 1896 1252 sed
1960 1205 2128 1267 gratis
2179 1218 2189 1251 :

566 1286 748 1335 neque
791 1273 854 1320 ut
899 1272 1248 1322 dominantes
1276 1273 1332 1321 in
1381 1273 1562 1334 cleris,
1613 1288 1642 1319 »
1706 1274 1761 1322 id
1829 1278 1913 1323 est
1974 1274 2195 1337 plebem

571 1343 960 1395 Christianam.
999 1342 1256 1403 Queritur
1286 1343 1510 1392 demum
1542 1343 1689 1407 quod
1721 1345 1999 1408 siquidem
2019 1363 2046 1390 «
2085 1345 2196 1407 Ipsi

571 1419 818 1479 pastores
842 1426 1048 1463 nomen
1080 1414 1213 1464 cieri
1261 1415 1410 1476 quod
1453 1420 1569 1464 erat
1610 1417 1800 1465 ovium
1845 1416 2197 1466 universitati

572 1501 903 1547 commune,
961 1487 1043 1537 sic
1098 1501 1375 1550 proprum
1427 1488 1533 1537 sibi
1589 1489 1857 1550 fecerunt,
1919 1494 1979 1538 ut
2030 1491 2196 1539 etiam

573 1573 778 1611 nomen
808 1560 989 1622 ipsum
1015 1558 1192 1619 ovilis,
1229 1558 1286 1606 in
1328 1559 1517 1621 populi
1554 1559 1670 1609 sive
1707 1560 1885 1623 plebis
1926 1564 1977 1608 et
2020 1561 2198 1609 laico-

574 1645 698 1682 rum
741 1629 1112 1693 appellatione
1153 1628 1459 1678 vilesceret.
1510 1629 1657 1679 Hinc
1706 1635 1894 1680 exorta
1931 1632 2045 1693 jam
2080 1643 2199 1679 sevo

577 1701 904 1753 Tertulliani
963 1703 1018 1749 et
1065 1698 1373 1762 Cypriani,
1421 1700 1566 1749 inter
1611 1701 1843 1750 clericos
1918 1705 1971 1751 et
2029 1702 2199 1751 laicos

576 1773 887 1824 differentia
931 1773 1112 1869 1tanta,
1155 1775 1233 1869 (ut
1284 1771 1418 1869 llaiii
1457 1784 1569 1869 no?
1619 1772 2054 1834 intelligerentur
2104 1786 2277 1869 ap-B

576 1845 872 1869 ..ΑΠηΗΑν-ιη
898 1855 926 1869 η
954 1842 1029 1869 Λνιῖ
1095 1855 1124 1869 ιχ
1207 1842 1284 1869 κει
1330 1843 1370 1869 οἶ
1419 1842 1430 1869 εἳ
1464 1856 1529 1869 πη
1559 1843 1593 1869 ξι
1640 1843 1722 1869 υἷι.
1748 1843 1992 1869 ηπηιιὲιηα
2036 1843 2197 1869 ἱηιηηη

575 1845 873 1909 pellatione
897 1841 1049 1891 cleri.
1095 1855 1125 1887 >>
1155 1841 1302 1902 Quid
1329 1841 1434 1890 sibi
1464 1842 1598 1890 velit
1640 1843 1722 1891 vir
1747 1843 1994 1892 eruditus
2036 1843 2201 1906 longa

578 1917 684 1966 hac
710 1913 1112 1975 disceptatione
1143 1925 1254 1961 non
1279 1912 1443 1962 facile
1473 1916 1555 1961 est
1594 1913 1888 1975 conjicere.
1926 1914 2012 1962 An
2060 1915 2204 1963 male

579 1988 763 2050 ipsum
791 1983 960 2032 habet
985 1981 1217 2045 quodin
1263 1982 1515 2032 Ecclesia
1557 1983 1665 2032 sint
1709 1984 1950 2046 episcopi
1991 1987 2044 2034 et
2084 1998 2206 2047 pas—

581 2057 770 2106 tores?
822 2053 882 2103 Id
937 2066 1047 2102 non
1104 2052 1340 2114 videtur,
1395 2053 1675 2116 siquidem
1727 2059 1994 2118 agnoscat
2046 2055 2206 2104 adhi-

583 2129 752 2176 buisse
803 2125 1082 2174 Dominum
1112 2122 1244 2172 ovili
1277 2137 1372 2172 suo
1404 2129 1644 2186 pastore:
1678 2127 1854 2188 utique
1887 2125 2203 2189 complures.

583 2200 653 2249 Et
678 2200 826 2246 certe
874 2208 1056 2244 rerum
1102 2194 1396 2243 diversitas
1431 2208 1633 2244 vocum
1677 2195 2050 2245 diversitatem
2095 2210 2207 2246 non

584 2269 824 2319 admittit
863 2265 1047 2326 modo,
1080 2265 1178 2314 sed
1211 2267 1375 2315 etiam
1415 2266 1601 2328 exigit.
1635 2268 1719 2314 An
1759 2266 2208 2330 quandoquidem

583 2341 651 2390 D.
719 2339 911 2386 Petrus
962 2335 1310 2399 presbyteros
1365 2334 1820 2398 compresbyteros
1873 2337 2207 2400 compellat,

587 2412 690 2462 erit
736 2407 1005 2457 indicium
1047 2407 1316 2469 neglectis
1366 2407 1736 2469 simplicitatis
1785 2408 2114 2468 christianm,
2158 2412 2211 2456 et

586 2478 913 2544 pharisaicaa
962 2475 1256 2538 superbiae,
1315 2477 1361 2524 si
1409 2477 1712 2538 Apostolus
1765 2482 1862 2526 aut
1920 2479 2212 2540 episcopus

583 2556 675 2615 jus
729 2553 784 2600 et
828 2551 1153 2612 potestatem
1207 2549 1264 2596 in
1327 2548 1539 2598 clerum
1597 2549 2042 2598 ecclesiasticum
2106 2548 2213 2598 sibi

586 2620 878 2669 vindicet?
907 2623 961 2668 et
1001 2618 1151 2680 quod
1182 2619 1248 2666 D.
1283 2619 1488 2668 Paulus
1525 2619 1788 2669 admonet
1835 2620 1856 2667 Ι
1884 2619 2052 2678 Tim.,
2077 2632 2135 2678 v,
2169 2622 2213 2680 i,

587 2690 906 2754 πρεσϐύτερον
961 2688 1186 2750 ἐπιπλήξῃ
1211 2725 1223 2746 ,
1286 2689 1383 2738 sed
1454 2689 1647 2739 eodem
1719 2690 1898 2752 capite
1966 2703 2041 2749 v,
2117 2688 2214 2749 20,

591 2761 947 2825 presbyteros
1015 2759 1351 2820 ﬂagitiorum
1417 2764 1732 2823 compertos
1765 2796 1779 2819 ,
1831 2760 2093 2822 Apostolo
2163 2759 2219 2806 id

592 2834 774 2895 ipsum
846 2829 1169 2890 mandante,
1227 2830 1504 2892 oportebit
1570 2831 1769 2878 ἐνώπιον
1840 2830 2026 2877 πάντων
2091 2829 2219 2891 ἐλέγ-

590 2903 683 2957 ξας.
718 2903 805 2951 An
834 2913 965 2950 vero
994 2900 1052 2948 in
1091 2913 1156 2950 eo
1181 2905 1461 2963 peccatur,
1492 2902 1640 2964 quod
1681 2901 1903 2965 quando
1944 2901 2071 2950 cleri
2113 2914 2219 2950 vox

596 2987 790 3024 omnes
854 2972 1197 3022 Christianos
1259 2973 1555 3036 aliquando
1617 2971 2083 3036 comprehendat,
2151 2972 2220 3021 ad

594 3044 750 3094 verbi
797 3044 963 3092 etiam
1014 3043 1296 3092 ministros
1347 3043 1646 3107 aliquando
1699 3042 2101 3093 contrahatur?
2150 3043 2224 3092 At

594 3118 654 3166 in
677 3127 784 3164 usu
819 3113 1100 3163 communi
1127 3113 1181 3161 id
1200 3113 1410 3177 ubique
1441 3115 1670 3164 obtinet.
1699 3115 1820 3163 Non
1865 3113 2030 3163 modo
2069 3127 2220 3163 sum-

595 3157 784 3235 ἱὲιὶὲῖ
795 3157 1181 3243 Ῑκῑιίξῌᾶιῖεζέεῐ
1207 3157 1676 3246 ξιᾞέεἶξιῖεἷιῌέ
1700 3157 1820 3233 ’ὧῖ
1846 3157 2217 3247 ιιίἷρἑιὶωἱῖιῆ
2241 3157 2294 3231 C

599 3261 655 3306 et
702 3257 895 3318 Apoc.,
924 3268 976 3314 v,
1031 3254 1110 3314 16,
1167 3267 1360 3305 omnes
1409 3255 1602 3304 ﬁdeles
1644 3268 1787 3317 reges
1835 3259 1880 3303 et
1934 3254 2224 3304 sacerdotes

602 3326 872 3384 audiunt;
913 3337 1080 3374 nemo
1110 3327 1296 3375 tamen
1339 3325 1537 3374 dixerit
1581 3327 1862 3388 principes
1910 3326 2223 3385 sreculares,

602 3401 659 3447 et
708 3397 882 3446 sacris
937 3399 1229 3457 Operantes
1281 3398 1671 3460 cujuscunque
1718 3395 1948 3454 ordinis,
2001 3397 2228 3445 nomina

603 3468 698 3517 illa
759 3479 858 3530 per
907 3465 1062 3514 nefas
1111 3465 1215 3514 sibi
1265 3465 1566 3515 vindicare.
1626 3465 1997 3528 Agnoscimus
2052 3467 2228 3514 sortes

602 3538 851 3588 tribuum
899 3535 1328 3585 Israeliticarum
1365 3535 1528 3586 cteros
1574 3536 1725 3586 dici:
1772 3535 1869 3585 sed
1914 3536 2228 3584 Levitarum

606 3622 638 3659 a
692 3608 922 3672 reliquis
974 3605 1232 3656 tribubus
1275 3607 1439 3656 aliam
1491 3607 1656 3670 longe
1717 3607 1888 3655 fuisse
1941 3607 2229 3666 rationem,

605 3681 724 3744 ipse
749 3692 906 3728 sacer
936 3680 1118 3726 textus
1134 3689 1234 3726 nos
1260 3676 1422 3727 docet
1447 3691 1457 3724 :
1487 3678 1664 3739 Num.,
1691 3689 1852 3738 xvm,
1879 3677 1956 3736 20,
1996 3676 2072 3725 Ἐν
2089 3679 2145 3738 τῇ
2170 3680 2230 3737 γῇ

604 3750 760 3799 αὐτῶν
783 3749 838 3796 οὐ
866 3749 1257 3812 κληρονομησεις,
1297 3748 1379 3795 καὶ
1409 3745 1537 3811 μερίς
1573 3747 1662 3795 οὐκ
1698 3747 1832 3795 ἔσται
1869 3763 1948 3795 σοι
1981 3747 2026 3794 ἐν
2050 3747 2229 3806 αὐτοῖς,

605 3823 677 3870 ὅτι
716 3821 810 3882 ἐγὼ
856 3819 985 3883 μερίς
1025 3834 1133 3878 σου,
1175 3819 1257 3866 καὶ
1289 3818 1579 3883 κληρονομία
1610 3835 1699 3866 σου
1733 3818 1782 3866 ἐν
1819 3818 1953 3880 μέσω
1985 3819 2077 3866 τῶν
2115 3818 2232 3866 υἱῶν

619 3892 826 3957 Ἰσραήλ.
863 3894 987 3942 Alia
1013 3894 1160 3941 certe
1181 3903 1267 3940 res
1295 3893 1378 3939 est
1405 3893 1467 3939 ut
1485 3895 1645 3940 terra)
1673 3890 1952 3953 portiones
1977 3886 2235 3937 tribubus

608 3967 900 4028 assignatas
955 3963 1178 4012 illorum
1225 3960 1356 4011 cleri
1402 3961 1694 4020 dicantur;
1746 3964 1801 4011 et
1844 3959 1995 4024 quod
2031 3959 2235 4009 Levitae

608 4036 733 4099 ipsi,
784 4047 924 4097 quos
971 4033 1242 4082 Dominus
1293 4045 1390 4094 pro
1443 4035 1591 4082 sorte
1640 4045 1740 4081 sua
1791 4030 2060 4095 agnoscit,
2113 4030 2236 4091 ejus

612 4107 783 4156 clerus
808 4105 1078 4153 dicantur.
1096 4104 1218 4152 Non
1241 4102 1544 4152 diffitemur
1563 4103 1629 4152 D.
1657 4103 1880 4152 Petrum
1908 4103 1964 4150 in
1989 4099 2236 4163 Epistola

614 4175 762 4226 suaI
793 4186 985 4224 omnes
1015 4171 1357 4222 Christianos
1391 4174 1605 4223 Domini
1645 4172 1844 4222 clerum
1890 4171 2234 4234 appellasse;

615 4247 715 4298 sed
743 4244 837 4294 ille
883 4245 1001 4306 ipse
1044 4245 1257 4304 Petrus,
1285 4245 1426 4306 Act.,
1458 4257 1494 4302 ι,
1541 4245 1618 4305 17,
1645 4257 1850 4293 munus
1875 4242 2240 4305 apostolicum

615 4317 790 4379 κλῆρον
815 4312 1051 4366 διακονίας
1078 4325 1278 4362 vocare
1301 4325 1414 4362 non
1442 4313 1676 4362 dubitat.
1709 4313 1914 4363 Ultimo
1938 4313 1994 4360 in
2020 4312 2164 4372 loco,
2191 4311 2239 4359 si

619 4400 734 4437 non
777 4384 1018 4434 sufﬁciat
1067 4383 1305 4447 Rigaltio
1346 4384 1601 4446 Cypriani
1635 4390 1680 4433 et
1718 4385 1874 4433 etiam
1929 4381 2241 4433 Tertulliani

621 4458 807 4512 saeculo
841 4459 979 4507 inter
1012 4457 1227 4508 clericos
1249 4461 1302 4506 et
1337 4457 1499 4508 laicos
1537 4457 1884 4522 differentiam
1912 4458 2081 4520 fuisse
2120 4462 2239 4506 tan-

2293 500 2366 556 et,
2397 497 2440 544 si
2470 508 2662 545 verum
2687 507 2958 554 amamus,
2995 494 3143 544 haud
3171 493 3320 543 aliud
3355 496 3525 556 magis
3549 495 3646 544 ista
3663 497 3869 550 Romani

2293 566 2426 615 cleri
2452 569 2563 614 tam
2597 570 2988 629 argumentosa
3021 578 3192 628 quam
3234 565 3511 614 incondita
3547 571 3868 620 commonitio

2292 636 2599 698 proscribit.
2656 636 2976 685 Fortissima
3036 641 3120 686 est
3184 636 3279 684 illa
3333 633 3588 698 Cypriani
3635 637 3867 698 defensio,

2293 707 2442 769 quod
2497 707 2599 756 Dei
2645 709 2803 768 nutu,
2856 707 2967 756 imo
3012 709 3171 771 jussu
3223 706 3527 756 secesserit.
3575 706 3702 756 Nam
3755 709 3868 773 quid

2295 778 2536 840 apertius
2591 777 2849 826 mandato
2906 777 3095 826 divino
3154 791 3252 840 per
3305 777 3584 827 Christum
3627 779 3868 841 Apostolis

2295 847 2532 897 tradito?
2589 847 2731 898 Cum
2785 852 3186 912 persequentur
3241 861 3339 897 vos
3398 848 3456 896 in
3513 848 3718 897 civitate
3768 850 3870 910 ista,

2294 920 2468 982 fugite
2492 919 2548 967 in
2579 919 2744 968 aliam
2778 933 2789 965 :
2819 935 2847 963 «
2871 918 3034 979 Quod
3055 920 3102 967 si
3132 918 3458 968 mandatum
3487 917 3554 966 ad
3578 919 3702 968 alios
3731 933 3869 982 quam

2295 989 2588 1054 Apostolos
2632 990 2968 1052 pertinuisse
3013 991 3320 1053 negaveris,
3378 989 3506 1051 quis
3556 1002 3585 1036 a
3635 989 3869 1052 Cypriane

2291 1062 2431 1124 jussi
2481 1061 2784 1122 Dominici,
2825 1059 3061 1123 Spiritus
3103 1062 3298 1120 sancti,
3344 1059 3517 1108 divini
3563 1072 3681 1123 erga
3721 1063 3870 1122 ipsum

2295 1146 2520 1196 quoque
2567 1131 2856 1194 speciatim
2906 1132 3109 1181 favoris
3159 1135 3358 1181 testem
3417 1131 3638 1193 exigat?
3689 1128 3784 1180 Sed
3827 1136 3870 1181 et

2298 1204 2612 1266 complures
2656 1202 2918 1252 humanae
2961 1202 3273 1265 prudentia
3311 1201 3551 1250 rationes
3589 1201 3737 1249 amici
3767 1215 3872 1250 cau-

2298 1275 2402 1323 sati
2442 1278 2588 1323 sunt.
2630 1274 2761 1322 Erat
2808 1286 3046 1336 persona
3098 1273 3348 1336 insignis.
3398 1272 3552 1321 Unus
3601 1270 3869 1334 Cyprianus

2298 1344 2606 1394 Ecclesiam
2641 1344 3056 1394 demonstrabat
3087 1359 3099 1391 :
3130 1356 3198 1392 eo
3227 1343 3470 1399 sublato,
3501 1345 3610 1412 tota
3635 1345 3871 1405 pessumi-

2297 1415 2393 1465 bat
2451 1416 2784 1465 fraternitas.
2840 1414 3017 1465 Unius
3068 1414 3330 1478 Cypriani
3385 1414 3672 1477 prasentia
3720 1414 3872 1462 inimi-

2299 1500 2394 1536 cas
2481 1487 2695 1536 nomini
2775 1485 3090 1536 Christiano
3167 1488 3472 1548 potestates
3543 1483 3870 1546 exasperabat.

2300 1557 2485 1607 Unum
2533 1557 2837 1619 prmsertim
2878 1555 3219 1619 Cyprianum
3266 1555 3507 1618 populus
3549 1553 3778 1604 efferatus
3817 1555 3873 1604 ad

2299 1629 2519 1677 leonem
2581 1627 3036 1690 depostulaverat.
3106 1626 3187 1675 Eo
3245 1625 3639 1689 aliquantisper
3695 1629 3870 1685 amoto,

2301 1697 2482 1747 rabies
2526 1696 2705 1746 sedari
2743 1709 2904 1760 posse
2950 1695 3260 1746 videbatur.
3311 1695 3559 1758 Denique
3599 1693 3777 1744 absens
3806 1695 3873 1744 ni-

2301 1768 2604 1818 hilominus
2658 1779 2755 1830 per
2805 1771 3191 1830 procuratores
3248 1770 3344 1814 aut
3407 1766 3654 1826 vicarios,
3707 1779 3875 1828 perque

2303 1840 2514 1889 litteras
2590 1838 2993 1900 frequentiores
3076 1836 3346 1886 Ecclesia
3427 1849 3543 1885 sum
3614 1836 3876 1885 necessaria

2304 1913 2506 1959 cuncta
2551 1907 2892 1970 providebat,
2937 1905 3284 1970 suggerebat.
3333 1905 3452 1954 Has
3494 1908 3634 1956 certe
3671 1918 3878 1955 secessus

2305 1992 2522 2039 causas,
2559 1983 2698 2027 tunc
2736 1977 2896 2026 valde
2939 1977 3273 2040 probabiles,
3303 1977 3663 2040 sequentibus
3701 1977 3880 2025 saeculis

2307 2050 2561 2114 exemplo
2595 2051 2769 2099 fuisse
2817 2051 2997 2114 arguit
3046 2049 3313 2112 praeclara
3358 2049 3651 2111 Augustini
3691 2049 3750 2096 ad
3784 2048 3880 2097 Ho-

2307 2129 2563 2173 noratum
2593 2121 2844 2185 epistola,
2890 2133 3017 2184 quas
3055 2127 3108 2170 et
3147 2121 3381 2171 consilia
3421 2121 3625 2184 praebet
3667 2119 3880 2170 adversus

2309 2199 2538 2245 cunctas
2592 2194 2751 2241 istius
2793 2193 3055 2242 humanm
3106 2192 3422 2254 prudentiae
3467 2193 3776 2242 subtilitates
3813 2206 3880 2240 sa-

2309 2267 2627 2316 luberrima.
2697 2264 3130 2326 Strategicorum
3203 2265 3502 2327 scriptores
3570 2264 3880 2328 quaestionem

2310 2341 2547 2388 tractant
2600 2336 2735 2385 huic
2789 2339 2990 2384 nostrae
3044 2334 3196 2383 haud
3265 2335 3581 2384 absimilem
3632 2350 3642 2382 :
3705 2336 3780 2383 An
3829 2335 3881 2380 sit

2312 2407 2626 2458 laudandus
2678 2408 2734 2455 in
2785 2405 2934 2454 bello
2985 2405 3117 2466 dux,
3167 2418 3334 2468 quem
3390 2419 3505 2454 non
3555 2407 3722 2468 pigeat
3753 2407 3882 2466 caput

2315 2493 2480 2529 suum
2505 2479 2707 2541 passim
2738 2477 2950 2526 fortiter
2989 2489 3055 2525 ac
3083 2481 3307 2525 strenue
3337 2475 3600 2539 periculis
3638 2476 3881 2538 objectare.

2317 2551 2456 2612 Quae
2508 2562 2595 2599 res
2642 2548 2785 2597 hanc
2837 2547 3218 2596 deﬁnitionem
3270 2547 3560 2596 admittit:
3611 2545 3884 2595 Habendam

2315 2622 2372 2670 in
2420 2621 2612 2683 primis
2662 2631 2783 2667 esse
2831 2619 3098 2666 rationem
3144 2617 3322 2678 ducis,
3359 2631 3473 2680 quo
3516 2616 3734 2677 sublato,
3771 2614 3886 2663 salus

2316 2690 2507 2753 pOpuli
2535 2687 2892 2737 subvertatur
2919 2700 3147 2738 necesse
3171 2691 3271 2749 est,
3304 2693 3444 2738 tunc
3473 2691 3616 2738 enim
3642 2687 3801 2750 πρῶτον
3827 2685 3883 2745 ἑρ-

2318 2776 2401 2821 γον
2430 2759 2595 2823 ἀρετῆς
2645 2758 2784 2815 εἶναι,
2826 2757 2993 2812 σώζειν
3029 2757 3111 2803 τὸν
3157 2758 3342 2805 ἅπαντα
3378 2757 3432 2804 τ’
3463 2760 3583 2806 ἄλλα
3618 2758 3814 2811 σώζοντα.
3834 2755 3888 2802 At

2319 2831 2418 2880 ubi
2468 2830 2536 2878 de
2584 2829 2838 2891 exemplo
2881 2828 3039 2878 ducis
3089 2833 3202 2878 tota
3241 2828 3451 2892 pendet
3492 2829 3749 2879 exercitus
3782 2836 3893 2874 con-

2318 2903 2547 2960 stantia,
2570 2904 2690 2949 tum
2720 2913 2869 2961 vero,
2900 2912 3084 2963 neque
3133 2900 3400 2950 manibus
3433 2913 3608 2964 neque
3628 2899 3776 2962 capiti
3799 2907 3888 2944 esse

2320 2972 2678 3036 parcendum.
2723 2971 2846 3020 Hoc
2891 2973 3169 3034 sapienter
3214 2971 3534 3022 observavit
3577 2973 3631 3020 in
3675 2965 3888 3031 Pel0pida

2325 3043 2676 3094 Plutarchus.
2707 3060 2735 3088 »

2383 3179 2412 3207 «
2441 3162 2490 3210 A
2519 3157 2845 3210 Clementia.
2882 3157 3029 3207 Infra
3055 3158 3284 3221 epistola
3309 3158 3565 3222 prOxime
3586 3171 3694 3220 seq.
3722 3175 3747 3201 ν

2388 3247 2735 3299 Subdiacono.
2784 3249 3054 3296 Causatur
3098 3247 3370 3311 Rigaltius
3416 3247 3568 3311 quod
3610 3263 3637 3292 ‹‹
3683 3247 3753 3295 sic
3790 3255 3890 3306 pau-

2325 3322 2519 3380 latim,
2580 3321 2746 3381 atque
2797 3317 2866 3366 ab
2921 3318 3198 3378 minimis,
3260 3319 3490 3368 intravit
3539 3320 3595 3367 in
3639 3316 3888 3367 Ecclesiam

2326 3404 2560 3455 regnum
2611 3394 2664 3438 et
2725 3388 3049 3437 dominandi
3116 3389 3306 3439 libido.
3379 3389 3626 3453 Apostoli
3682 3387 3889 3455 diaconos

2328 3453 2546 3513 tantum
2597 3460 2867 3509 dixerant.
2923 3460 3072 3508 Etas
3113 3459 3378 3522 Cypriani
3431 3460 3781 3510 subdiaconos
3815 3453 3890 3503 ad-

2329 3535 2514 3591 misit;
2544 3544 2787 3595 sequens
2813 3531 3249 3592 archidiaconos,
3287 3544 3355 3580 ac
3378 3532 3639 3593 deinceps
3668 3525 3890 3587 archiepi-

2330 3617 2527 3667 scopos
2572 3607 2626 3651 et
2679 3601 3036 3665 patriarchas.
3083 3602 3336 3664 Apostoli
3382 3606 3668 3666 episcopos
3701 3604 3750 3650 et
3777 3607 3889 3661 pres-

2330 3677 2554 3740 byteros
2607 3677 2822 3723 tantum
2872 3672 3145 3723 dixerant.
3205 3674 3589 3724 Tertullianus
3644 3671 3771 3722 dixit
3809 3667 3892 3740 cpi:

2333 3737 2565 3810 scopum
2592 3757 2714 3794 esse
2755 3756 3038 3792 summum
3083 3744 3450 3794 sacerdotem.
3487 3763 3516 3791 »
3558 3746 3690 3794 Pace
3725 3737 3892 3810 Rigaltii

2336 3807 2683 3877 crediderim,
2709 3827 2821 3863 non
2854 3814 2925 3863 ad
2961 3815 3186 3875 fastum,
3223 3816 3296 3864 ad
3325 3829 3543 3879 regnum
3571 3821 3615 3865 et
3645 3807 3892 3864 dominandi

2338 3890 2640 3947 libidinem,
2697 3885 3156 3936 subdiacouatum
3208 3887 3466 3951 aliosque
3516 3893 3626 3936 tam
3668 3882 3892 3934 inferiores

2335 3975 2504 4026 quam
2531 3959 2841 4021 superiores
2866 3957 2923 4005 in
2962 3956 3112 4007 clero
3153 3957 3359 4021 gradus
3385 3957 3650 4007 Ecclesiae
3679 3956 3891 4026 invectos.

2335 4023 2433 4083 sed
2476 4029 2544 4080 ad
2590 4028 2930 4079 necessarios
2969 4028 3186 4090 pietatis
3227 4027 3550 4078 christiana
3597 4039 3723 4076 usus
3766 4023 3891 4070 fuisse

2336 4101 2631 4153 adhibitos.
2662 4099 2810 4161 Quid
2846 4103 3023 4162 magis
3056 4100 3234 4160 potuit
3272 4099 3343 4148 ad
3385 4100 3656 4148 Africanas
3695 4091 3891 4145 ecclesia

2336 4173 2628 4231 unitatem,
2657 4176 2712 4219 et
2742 4171 2848 4218 alia
2881 4169 3125 4233 publica,
3155 4170 3452 4220 commoda
3484 4169 3738 4227 conferre,
3768 4171 3892 4237 {plan}

2338 4249 2403 4294 ut
2435 4255 2630 4292 omnes
2665 4240 2875 4302 Africa,
2916 4242 3194 4300 Numidiae,
3242 4247 3288 4290 et
3326 4241 3668 4291 Mauritania
3700 4238 3892 4299 episcopi,

2342 4313 2606 4377 Cypriani
2643 4313 2813 4360 unius
2853 4312 3106 4375 regimini
3145 4312 3439 4362 subessent
3461 4313 3488 4359 ?
3517 4311 3583 4360 Et
3611 4322 3675 4360 ex
3699 4305 3892 4377 adverso.

2341 4374 2544 4448 gradus
2598 4383 2882 4432 inferiores
2923 4374 3078 4446 quod
3129 4385 3339 4445 attinet,
3389 4383 3436 4432 si
3493 4383 3616 4446 quis
3664 4374 3894 4448 primitias

2340 4447 2609 4505 Ecclesia:
2645 4457 2850 4503 statum
2891 4453 3258 4517 perpenderit,
3287 4453 3356 4503 ad
3396 4457 3702 4504 conventus
3737 4447 3896 4517 soletn—

629 4540 758 4595 tam,
785 4538 843 4583 ut
868 4533 991 4582 laici
1018 4545 1125 4582 non
1155 4514 1723 4596 intelligerentur'coce
1743 4532 1886 4589 cleri,
1912 4514 1970 4581 id
1997 4518 2318 4594 Aposto—D
2341 4539 2440 4576 nes
2499 4525 2702 4574 viritim
2747 4514 2940 4596 omnes
2987 4514 3397 4585 convocandos,
3438 4529 3498 4596 et
3539 4536 3645 4573 non
3697 4521 3798 4596 sine
3830 4514 3896 4563 de-

625 4607 808 4658 lorum
838 4617 958 4654 mvo
983 4603 1290 4655 obtinuisse
1323 4603 1616 4654 testabitur
1655 4603 1917 4654 Clemens
1964 4603 2247 4652 Romanus

624 4683 681 4732 in
709 4679 953 4743 Epistola
979 4678 1046 4727 ad
1072 4678 1404 4741 Corinthios,
1438 4680 1532 4743 qui
1561 4680 1638 4729 ait
1671 4693 1682 4726 :
1727 4677 1959 4742 Ἀρχιέρεῖ
1996 4677 2114 4724 ἴδιαι
2150 4678 2245 4725 λει-

621 4754 834 4818 τουργίατ
863 4752 1106 4815 δεδομεναι
1128 4753 1238 4812 εὶσὶ,
1260 4753 1340 4800 καὶ
1377 4758 1477 4808 τοῖς
1497 4752 1699 4818 ἱερεῦσιν
1725 4753 1845 4807 ἴδιος
1869 4753 1895 4799 ὁ
1928 4751 2070 4814 τόμος
2096 4767 2248 4815 προσ-

625 4830 863 4887 τέτακται,
905 4828 954 4874 al
999 4827 1205 4882 λευΐταις
1237 4827 1356 4876 ἴδιαι
1401 4827 1634 4875 διακονίαι
1679 4827 1935 4877 ὲπίκεινται
1973 4842 1984 4853 °
2028 4827 2054 4872 ὁ
2087 4826 2250 4882 λαῐκὸς

627 4904 872 4969 ἄνθρωπος
893 4905 996 4956 τοῖς
1013 4903 1196 4956 λαῐκοῖς
1232 4901 1593 4966 προστάγμασιν
1640 4903 1838 4962 δέδεται,
1883 4906 1988 4953 etc.
2036 4899 2146 4952 Sed
2180 4900 2249 4952 de

628 4979 717 5030 his
738 4978 866 5041 plus
892 4977 1040 5026 satis.

694 5148 986 5198 Didicimus
1041 5147 1304 5197 secessisse
1356 5145 1676 5196 benedictum
1748 5147 1950 5210 Papam
2014 5145 2250 5209 Cypriu-

630 5238 772 5274 num.
819 5224 966 5276 Dicit
1013 5221 1282 5286 Rigaltius
1336 5237 1365 5267 ‹‹
1412 5234 1694 5272 secessum
1744 5221 1913 5270 istum
1968 5219 2248 5284 Cypriani,

634 5300 782 5362 fugae
823 5297 1021 5361 probro
1073 5297 1301 5346 minime
1354 5297 1600 5346 caruisse
1659 5295 1807 5358 apud
1857 5295 2130 5359 quosdam
2185 5293 2252 5342 de

637 5372 949 5424 Christiana
989 5371 1347 5432 fraternitate,
1389 5370 1485 5434 qui
1523 5369 1846 5419 Tertulliani
1891 5371 1953 5419 de
2001 5371 2151 5433 Fuga
2197 5369 2254 5416 in

633 5446 988 5512 persecutione
1055 5445 1481 5508 disputationem
1551 5445 1811 5508 legerant.
1878 5445 1992 5495 Nec
2061 5444 2253 5495 dubito

636 5523 772 5588 quin
820 5521 938 5584 ipsa
992 5520 1126 5568 tanti
1179 5520 1425 5584 magistri
1471 5521 1738 5571 severitas
1792 5520 2049 5584 discipuli
2102 5533 2257 5569 men-

635 5600 744 5648 tem
777 5594 916 5645 adeo
949 5590 1262 5650 suffuderit.
1293 5594 1385 5644 vel
1415 5593 1603 5658 aliquo
1634 5595 1828 5644 saltem
1873 5595 2137 5657 scrupulo
2174 5596 2254 5645 sic

629 5667 943 5737 pupugerit,
983 5667 1048 5715 ut
1088 5667 1235 5731 fugas
1276 5669 1650 5732 suspicionem
1684 5668 1996 5734 Cyprianus
2040 5668 2256 5719 amoliri

621 5747 721 5797 abs
778 5756 843 5798 se
898 5754 1096 5806 magno
1139 5741 1326 5794 studio
1374 5743 1747 5796 contenderet.
1804 5743 1926 5794 Hoc
1971 5747 2026 5793 et
2078 5743 2257 5795 Pontii

604 5816 907 5878 familiaris
949 5815 1040 5872 sui
1081 5817 1222 5872 satis
1275 5818 1530 5874 intricata
1584 5816 1854 5870 sedulitas
1903 5817 2201 5884 persuadet
2237 5831 2254 5874 :

2346 4597 2495 4647 lectu
2525 4599 2579 4645 et
2620 4594 2871 4645 excubiis
2915 4599 3105 4658 postea
3147 4595 3531 4645 admittendo:
3577 4592 3782 4643 nuntios
3815 4598 3896 4658 non

2348 4667 2513 4718 modo
2560 4667 2617 4715 in
2657 4656 3179 4730 regiones—vicinas,
3210 4667 3309 4716 sed
3361 4668 3526 4730 longe
3573 4665 3773 4714 dissitas
3799 4656 3896 4730 sub-

2348 4738 2477 4790 inde
2524 4728 2894 4801 ablegandos;
2949 4751 3248 4801 regrorum,
3311 4728 3646 4802 pauperum,
3691 4728 3897 4802 catechu:

2348 4795 2679 4866 manorum:
2724 4795 3040 4871 lapsorum:
3091 4795 3444 4873 martyrum;
3494 4795 3809 4864 vinctorum,
3850 4795 3896 4846 ad

2348 4880 2574 4932 metalla
2607 4880 2991 4929 damnatorum
3016 4917 3029 4942 ,
3078 4885 3134 4929 et
3181 4880 3408 4931 domum
3453 4884 3772 4950 mortuorum
3809 4881 3896 4950 ΡΨ

2348 4958 2573 5016 petuam
2610 4950 2922 5001 habendam
2964 4965 3087 5002 esse
3135 4965 3365 5002 curam:
3417 4966 3530 5003 non
3575 4948 3826 5020 mirabitur
3858 4948 3897 5020 in

2350 5026 2430 5072 tot
2463 5023 2698 5085 negotiis
2737 5026 2847 5071 tam
2879 5022 3088 5085 spissis,
3132 5026 3246 5071 tam
3292 5024 3476 5085 variis,
3519 5026 3626 5071 tam
3669 5017 3895 5085 laboriosis

2352 5099 2408 5144 et
2470 5083 2717 5158 periculo
2777 5083 2973 5156 plenis,
3027 5094 3295 5156 plurimos
3351 5083 3469 5158 qui
3499 5107 3562 5144 ea
3605 5083 3896 5157 procurarent

2352 5165 2521 5213 fuisse
2573 5163 2958 5213 adhibendos:
3003 5170 3058 5214 et
3104 5170 3226 5227 post
3278 5167 3579 5230 episcopos,
3617 5161 3897 5227 presbyteros

2353 5239 2406 5286 et
2450 5234 2728 5297 diaconos,
2768 5235 3158 5298 subdiaconos,
3197 5237 3448 5300 lectores,
3497 5236 3745 5297 acolytos,
3776 5229 3897 5278 ostia

2354 5309 2462 5357 rios
2510 5309 2566 5356 in
2618 5307 3009 5358 sollicitudinis
3060 5309 3457 5359 ecclesiasticas
3509 5313 3708 5372 partem
3747 5300 3898 5372 διώξο-

2354 5383 2488 5444 gari.
2547 5380 2858 5443 Cornelius,
2906 5380 3014 5431 hoc
3065 5383 3188 5444 ipso
3235 5386 3481 5446 tempore
3509 5370 3775 5430 Romanis
3820 5370 3899 5446 _EC°

2355 5441 2537 5501 clesiaa
2595 5441 2910 5515 episcopus,
2965 5441 3108 5514 quot
3150 5453 3207 5501 in
3262 5441 3398 5503 urbe
3445 5452 3642 5502 fuerint
3692 5448 3742 5496 in
3793 5441 3899 5492 clero

2356 5524 2680 5585 constituti,
2739 5525 2798 5572 in
2847 5524 3083 5587 epistola
3139 5525 3211 5575 ad
3261 5525 3480 5576 Fabium
3533 5519 3899 5592 Αηϋοσὶιᾳνιεεῇιι

2355 5608 2482 5659 qua:
2533 5595 2769 5645 habetur
2821 5585 2971 5658 apud
3026 5597 3253 5659 Euseb.,
3318 5597 3352 5646 l.
3412 5610 3487 5658 vr,
3537 5608 3646 5658 cap.
3699 5591 3768 5650 43,
3817 5585 3903 5665 (υἷ’

2355 5670 2526 5718 tincte
2574 5666 2737 5718 tradit
2772 5683 2784 5718 :
2821 5667 3019 5718 Fuisse
3064 5669 3329 5720 nimirum
3365 5665 3692 5734 πρεσϐυτέρους

2355 5754 2498 5787 κοντα
2562 5739 2610 5797 ἐξ
2652 5759 2668 5772 ·
2733 5740 2979 5798 διακόνους
3041 5744 3157 5792 ἑπτα
3220 5731 3554 5797 ὑποδιωιόνους
3610 5735 3716 5788 ἑπτά
3760 5752 3774 5768 ⁸
3816 5731 3902 5798 ἀκοέ

2356 5811 2553 5874 λούθονς
2631 5813 2717 5866 δύο
2794 5818 2875 5870 καὶ
2953 5797 3305 5887 τεσσαράκοντα
3368 5837 3382 5850 ο
3442 5813 3688 5887 tioth
3749 5807 3790 5859 δὲ
3841 5797 3902 5853 καλ
