4144 6192
314 168 453 229 1197

298 296 610 376 ᾇναγνώο-τοιςλ
638 301 740 365 ἅμα
763 304 1001 370 πυλωροῐς
1025 305 1110 356 δύο
1136 309 1218 356 καὶ
1240 310 1542 369 πεντήκοντα.
1573 313 1792 376 Quibus
1809 316 1943 366 sub-

296 374 479 436 jungit
534 374 706 449 fuisse
766 376 917 449 χήρας
972 378 1431 449 ὠνᾷθλιϐομένοις,
1491 374 1611 448 ὑπὲρ
1653 387 1736 441 τὰς
1784 387 1939 449 χιλίας

298 442 630 520 πεντᾳκοσίςις,
654 444 737 499 οὓς
763 446 937 501 πάντας
965 447 1100 520 ἡῗτοῦ
1134 450 1380 499 Δεσπότου
1409 452 1545 517 χάρις
1579 442 1661 503 sal
1686 442 1937 520 φιλάνθρω-

296 513 665 589 ’δεῖσε-διατρέφει.
700 517 945 589 Demum
975 519 1045 569 de
1084 523 1360 572 universis
1391 513 1704 589 concludit,
1731 513 1937 576 τοσοῧτο

297 585 475 660 πλῆθος
526 589 613 660 κοιὶΔ
664 586 815 660 οὕτως
856 588 1112 660 ἀναγκαῖον
1159 592 1207 639 ἐν
1246 598 1303 654 τῇ
1347 595 1577 660 ἐκκλησίᾳ
1612 585 1695 646 διὸί
1726 601 1808 659 τῆς
1851 598 1935 647 τοῦ

300 655 425 733 Θεοῦ
447 657 671 733 ίπρονοίας
690 658 921 733 πλούσιός
943 677 992 708 τε
1012 663 1093 710 καὶ
1115 664 1336 720 πληθύων
1360 655 1693 731 ἅριθμὸξμετὰ
1712 655 1938 733 μενῶ-του

298 728 382 799 θεαὶ
437 728 759 799 ᾀναριθμῄτου
806 730 946 782 λαοῦ.
1003 733 1074 783 Et
1136 737 1364 799 quidem
1398 728 1621 791 'Romaa
1678 728 1939 792 aemulam

301 796 733 871 Carthaginem,
796 815 901 853 nec
974 804 1032 854 in
1108 796 1175 856 iis
1247 821 1374 871 qum
1447 810 1515 859 ad
1577 811 1938 863 christianam

294 869 561 990 pietatem
588 879 843 935 spectant
870 877 1113 927 multum
1143 869 1398 941 cessisse,
1435 882 1662 933 credere
1695 898 1793 948 par
1821 886 1941 935 fue-

301 954 350 989 1‘1
382 979 393 989 .

301 954 393 989 τη.

365 1039 523 1113 Certa
561 1053 844 1113 exAcausa,
877 1044 1019 1106 quod
1054 1046 1237 1109 utique
1269 1053 1405 1098 recte
1448 1049 1643 1113 fecerit.
1677 1053 1816 1104 Haec
1862 1054 1938 1104 ita

300 1109 684 1187 continuanda
709 1126 831 1163 esse
862 1114 997 1187 dicit
1021 1115 1315 1187 rRigaltius
1350 1134 1362 1167 :
1393 1135 1423 1168 «
1449 1109 1611 1172 Certa
1643 1136 1711 1173 ex
1737 1137 1937 1187 causa;

301 1179 455 1259 quod
483 1182 678 1259 utique
707 1186 855 1234 recte
891 1185 1086 1259 fuerit;
1114 1179 1245 1237 cum
1271 1190 1341 1239 sit
1370 1204 1605 1253 persona
1638 1195 1871 1259 insignis
1886 1179 1942 1243 et

300 1251 629 1302 imminente
676 1267 871 1316 agone.
922 1254 1064 1316 Quae
1108 1251 1389 1309 videntun
1420 1276 1542 1313 esse
1590 1251 1778 1315 verba“
1807 1266 1942 1316 cleri

301 1319 754 1401 carthaginensis
775 1324 832 1373 in
849 1327 1081 1401 gratiam
1103 1332 1157 1378 et
1178 1330 1425 1382 favorem
1449 1333 1713 1398 Cypriani
1735 1338 1942 1401 scripta

300 1388 372 1438 ad
405 1393 791 1443 excusandum
829 1398 948 1458 ejus
984 1411 1288 1450 secessum.
1323 1419 1354 1451 »

368 1459 529 1543 1X0“:
554 1464 665 1543 qui.
688 1464 933 1543 videmur
954 1482 1084 1543 esse
1102 1473 1412 1543 praepositi.
1443 1476 1595 1527 Dicit
1624 1478 1893 1543 Rigaltius
1924 1494 1937 1528 :

303 1546 336 1579 α
371 1532 513 1611 Cum
558 1533 783 1611 abiisset
830 1550 860 1587 e
914 1538 1056 1588 vivis
1101 1532 1401 1606 Fabianus,
1450 1532 1765 1611 Cyprianus
1812 1564 1942 1601 vero

304 1604 665 1678 secessisset,
717 1611 956 1678 utraque
1021 1611 1183 1661 sedes
1243 1604 1827 1678 vacabat,-Romana
1890 1624 1944 1671 et

305 1672 776 1737 Carthaginensis.
837 1678 1140 1744 Utrobique
1196 1683 1364 1747 igitur
1421 1672 1602 1738 clerus
1670 1690 1940 1741 Ecclesia:

303 1756 422 1793 sum
478 1758 670 1794 curam
721 1754 1060 1813 susceperat,
1110 1757 1166 1803 et
1222 1755 1430 1807 litteras
1490 1759 1560 1808 ad
1626 1759 1941 1812 Romanum

304 1812 533 1895 dederat
573 1812 1236 1895 Carthaginensis'super
1274 1826 1371 1875 illo
1411 1840 1636 1880 secessu
1681 1830 1943 1895 Cypriani

303 1885 425 1956 sui;
486 1885 771 1937 Romanus
842 1885 1268 1956 Carthaginiensi
1338 1899 1651 1951 rescribens
1708 1885 1941 1953 :HCum

302 1955 599 2037 incumbat
659 1960 840 2022 nobis,
900 1955 1111 2037 inquit,
1160 1968 1267 2037 qui
1334 1969 1590 2020 videmur
1661 1975 1945 2037 praepositi

304 2032 508 2109 esseet
549 2030 671 2109 vice
709 2035 942 2109 pastoris
980 2036 1259 2109 custodire
1300 2053 1543 2104 gregem,
1570 2043 1616 2091 si
1655 2030 1941 2109 negligen-

303 2102 830 2175 tes_inveniamur,
888 2105 1106 2156 dicetur
1174 2108 1363 2171 nobis,
1406 2102 1526 2163 ietc.
1583 2102 1757 2175 Quae-
1780 2102 1942 2165 nbbis

301 2169 473 2221 verba
538 2185 670 2249 cum
715 2175 848 2249 sint
916 2180 1275 2242 communia,
1343 2169 1397 2231 et
1466 2169 1625 2233 curre.
1680 2186 1942 2249 utrinque

302 2244 635 2304 communis,
678 2245 899 2295 civilem
943 2250 1120 2311 magis
1158 2254 1213 2300 et
1245 2254 1617 2304 verecundam
1660 2244 1942 2306 sollicitu—

304 2312 491 2393 dinem
535 2314 787 2365 charitati
830 2316 1150 2371 christiana;
1196 2326 1789 2377 convenientissimum
1821 2330 1942 2393 sig—

301 2385 566 2462 niﬁcant,
632 2402 801 2452 quam
866 2392 1103 2456 alicujus
1174 2395 1392 2459 imperii
1463 2400 1580 2448 sive
1650 2385 1940 2462 potestatis

302 2457 636 2533 superbiam.
708 2479 763 2533 »_
819 2462 1045 2513 Minoris
1113 2457 1276 2528 (imo;
1336 2470 1561 2532 majoris
1634 2457 1787 2533 Edd.)
1857 2476 1941 2521 est

301 2531 568 2577 momenti
618 2531 769 2594 quod
808 2534 1105 2596 subnectit,
1146 2538 1297 2599 quod
1346 2554 1376 2587 (ς
1415 2531 1577 2589 nemo
1628 2531 1798 2591 sanus
1833 2555 1940 2592 ne-

302 2603 511 2673 gaverit
550 2603 897 2673 pmcipuum
939 2606 1055 2667 jam
1104 2606 1239 2657 olim
1285 2622 1350 2658 ac
1390 2611 1715 2673 primarium
1766 2614 1939 2663 fuisse

300 2668 565 2719 Romanae
608 2672 755 2720 sedis
796 2673 1084 2725 honorem.
1117 2677 1255 2727 Nam
1296 2683 1349 2727 et
1390 2668 1466 2729 ab
1514 2681 1663 2731 clero
1700 2682 1938 2732 Cartha-

300 2742 519 2818 ginensi
559 2741 809 2818 dataa‘ad
847 2746 1161 2818 Romanum
1204 2763 1371 2813 super
1404 2766 1630 2802 secessu
1675 2755 1937 2818 Cypriani

298 2812 516 2882 littera,
563 2813 724 2875 quasi
778 2816 1049 2867 rationem
1111 2812 1388 2882 reddunt;
1447 2828 1501 2873 et
1556 2812 1936 2876 Romanorum

298 2881 621 2959 verba-qua}
651 2883 742 2934 hic
769 2893 1094 2959 sequuntur
1127 2904 1137 2937 :
1179 2881 1449 2943 Nolumus
1491 2908 1619 2959 ergo
1652 2911 1750 2947 vos
1790 2911 1934 2947 mer-

299 2953 550 3029 cenarios
593 2954 862 3033 invenire,
900 2960 1002 3033 etsi
1043 2960 1346 3012 hortatoria
1388 2966 1502 3014 sint
1537 2953 1722 3030 potius
1767 2984 1935 3033 quam

1675 180 1851 245 EDIT.
1891 190 2090 249 OXON.
2129 197 2345 256 ΝΟΤᾹΞ.

3524 216 3658 268 1198

1964 328 2661 407 An'egaturusnascendit.
2718 328 2925 407 Canon‘
2968 333 3037 407 βξ)
3098 336 3293 407 conci].
3346 335 3595 407 E1iberit..
3658 355 3669 388 :

2045 393 2123 443 Ne
2167 400 2293 460 quis
2350 398 2694 450 Christianus
2754 403 2821 451 ad
2874 402 3085 453 idolum
3148 405 3402 467 Capitolii
3458 409 3671 457 sacriﬁ-

2038 467 2201 516 candi
2248 483 2417 520 causa
2463 472 2745 521 ascendat.
2793 490 2822 519 ››
2867 474 3070 523 Latinii
3123 476 3301 526 codex
3349 490 3462 526 rem
3511 478 3670 529 aliter

2036 541 2310 601 proponit,
2352 542 2501 612 quod
2541 543 2800 591 nimirum
2835 544 3100 596 Ecclesiae
3131 548 3397 598 Romanas
3424 550 3666 612 presby-

2037 610 2156 669 teri,
2201 611 2547 662 attendentes
2594 612 2663 661 ad
2708 614 2817 663 hoc
2872 616 3025 678 quod
3080 618 3285 667 infirmi
3342 610 3675 681 Christiani,

2038 684 2189 728 metu
2232 681 2473 745 impulsi,
2506 683 2575 732 ad
2618 683 2952 747 Capitolium
2996 688 3373 747 escenderent,
3414 691 3665 740 animum

2034 749 2107 798 iis
2152 750 2418 803 addentes
2469 756 2694 804 monitis
2755 760 3081 819 opportunis
3145 767 3540 811 revocaverant
3598 763 3670 813 ad

2038 819 2368 897 Ecclesiam.
2406 825 2570 887 Quod
2600 828 2743 877 infra
2788 830 2844 877 in
2886 831 3167 892 impressis
3205 832 3430 892 dicitur,
3472 847 3667 897 appre-

2040 890 2221 943 henso:
2249 897 2428 945 timore
2468 899 2733 947 hominum
2774 890 3061 960 revertisse,
3098 900 3166 949 ad
3202 890 3668 955 contextum-non

2041 963 2259 1015 videtur
2287 968 2638 1030 respondere.

2103 1036 2390 1087 Ecclesium
2416 1040 2569 1088 istam
2599 1040 2812 1102 fortiter
2845 1044 2902 1090 in
2925 1042 3039 1106 ﬁde.
3072 1043 3395 1092 Lectionem
3440 1045 3672 1095 Pamelii

2041 1107 2287 1157 retinens
2334 1110 2604 1172 Rigaltius
2652 1111 2880 1161 adnotat
2922 1111 3072 1176 quod
3113 1129 3141 1157 «
3180 1112 3285 1161 hac
3332 1113 3672 1164 fortitudinis

2042 1191 2160 1229 sua)
2182 1182 2448 1242 jactantia
2471 1182 2705 1232 Romani
2740 1184 2951 1233 faciunt
2974 1182 3241 1232 invidiam
3272 1182 3674 1244 Carthaginem-

2042 1249 2215 1301 sibus.
2244 1251 2314 1300 Et
2339 1252 2607 1303 Romamn
2634 1254 2862 1315 quidem
2901 1253 3033 1303 fidei
3069 1255 3496 1316 praerogativum
3534 1253 3676 1301 Ter-

2042 1322 2309 1371 tullianus
2348 1325 2467 1386 ipse
2511 1323 2962 1388 Carthaginensis
2997 1325 3261 1387 prdicat
3301 1324 3394 1373 lib.
3436 1325 3499 1373 de
3536 1330 3676 1373 Prae-

2040 1393 2410 1455 scriptionibus
2449 1408 2466 1441 :
2527 1394 2585 1445 Si
2655 1399 2840 1444 autem
2902 1395 3076 1444 Italiae
3134 1394 3388 1457 adjaces,
3446 1394 3678 1456 inquit,

2042 1462 2214 1513 habes
2244 1464 2495 1527 Romam,
2526 1465 2677 1515 unde
2719 1466 2879 1515 nobis
2924 1478 3149 1529 quoque
3195 1466 3494 1514 auctoritas
3523 1478 3673 1526 prae-

2042 1538 2122 1585 sto
2147 1537 2249 1586 est.
2278 1536 2386 1585 Ista
2427 1550 2594 1600 quam
2634 1537 2769 1586 felix
2812 1537 3081 1597 Ecclesia,
3113 1537 3205 1586 cui
3249 1540 3421 1584 totam
3464 1535 3669 1585 doctri-

2041 1619 2171 1655 nam
2213 1608 2463 1670 Apostoli
2509 1621 2638 1657 cum
2686 1609 2957 1672 sanguine
3000 1620 3102 1656 suo
3150 1606 3547 1668 profuderunt!
3598 1606 3670 1655 Et

2043 1677 2184 1727 libro
2231 1678 2436 1726 advers.
2490 1679 2810 1729 Marcinnem
2864 1684 3062 1742 quarto
3112 1693 3122 1726 :
3177 1677 3479 1726 Videamus
3533 1677 3668 1740 quid

2043 1749 2209 1797 etiam
2236 1747 2471 1798 Romani
2506 1749 2573 1798 de
2601 1752 2853 1811 proximo
2880 1754 3094 1799 sonent.
3128 1766 3155 1793 »
3188 1747 3296 1798 Sed
3320 1748 3518 1797 Latinii
3551 1748 3671 1797 for-

2042 1818 2293 1868 titudinis
2334 1818 2576 1881 laudem,
2610 1833 2721 1870 non
2757 1820 3021 1871 Romanis
3062 1819 3350 1879 Ecclesire,
3382 1819 3479 1868 sed
3518 1819 3668 1869 clero

2045 1889 2254 1939 tribuit.

2105 1961 2162 2010 Si
2192 1974 2295 2024 quo
2320 1961 2466 2009 modo
2497 1962 2883 2025 indulgentiam
2910 1966 3187 2025 potuerunt
3208 1962 3454 2023 recipere.
3491 1960 3673 2023 Rigal-

2042 2033 2155 2081 tius
2200 2034 2276 2081 ait
2323 2030 2699 2096 indulgentiam
2742 2034 3067 2096 paenitentiae.
3111 2033 3277 2081 Porro
3330 2045 3493 2081 voces
3538 2032 3668 2093 illae,

2042 2102 2109 2152 ab
2137 2117 2192 2153 eo
2215 2104 2306 2166 qui
2327 2108 2491 2167 potest
2510 2110 2778 2166 praestare,
2810 2104 3232 2163 subnectuntur,
3264 2104 3395 2167 quia
3420 2103 3668 2152 nondum

2042 2183 2292 2233 Ecclesia
2336 2183 2652 2233 idololatras
2698 2184 2920 2233 decreto
2957 2184 3145 2247 aliquo
3187 2183 3257 2231 ad
3290 2183 3670 2245 paenitentiam

2042 2255 2298 2314 admisit;
2330 2255 2459 2305 licet
2486 2255 2670 2303 statim
2704 2254 2756 2303 id
2783 2254 2989 2304 fecerit.

2104 2327 2225 2374 Sive
2262 2326 2447 2387 vidum,
2490 2327 2597 2374 sive
2643 2325 2956 2374 thlibomeni.
3006 2324 3277 2388 Rigaltius
3320 2326 3394 2373 ait
3434 2339 3445 2371 :
3497 2342 3524 2369 α
3556 2325 3669 2374 Pri-

2040 2411 2165 2446 mus
2202 2397 2347 2446 hanc
2389 2397 2677 2459 epistolam
2717 2396 2888 2445 edidit
2933 2396 3079 2446 Guil.
3123 2395 3421 2456 Morellius,
3454 2409 3557 2444 nec
3585 2398 3671 2443 in-

2042 2470 2246 2519 dicavit
2295 2467 2443 2516 unde
2500 2467 2758 2516 habuerit
2825 2466 3123 2529 exemplar.
3194 2466 3316 2515 Non
3389 2468 3670 2515 invenitur

2040 2543 2228 2587 autem
2269 2551 2400 2585 mss.
2449 2536 2735 2586 codicibus
2776 2536 3125 2595 Pamelianis,
3182 2547 3290 2583 nec
3337 2535 3393 2583 in
3440 2535 3668 2595 Italicis,

2038 2623 2221 2673 neque
2276 2610 2333 2658 in
2378 2608 2733 2658 nostratibus.
2790 2609 2857 2656 Et
2913 2610 3097 2656 tamen
3151 2606 3310 2654 valde
3352 2605 3522 2668 proba
3565 2610 3668 2666 est,

2038 2693 2143 2730 nec
2173 2684 2284 2728 tam
2330 2684 2507 2729 scatet
2535 2679 2751 2729 mendis
2778 2692 2945 2742 quam
2983 2676 3335 2727 existimabat
3368 2676 3667 2737 Pamelius,

2038 2750 2321 2801 Morellius
2369 2751 2535 2812 igitur
2585 2750 2693 2799 hoc
2746 2752 2866 2799 loco
2913 2748 3088 2798 edidit
3136 2746 3466 2808 clydomeni,
3516 2748 3669 2809 quod

2036 2820 2365 2870 mendosum
2410 2834 2532 2871 esse
2576 2821 2912 2879 inﬁciamur;
2954 2820 3066 2869 imo
3113 2831 3299 2868 veram
3347 2830 3469 2866 esse
3518 2818 3668 2866 arbi-

2037 2895 2247 2940 tramur
2280 2892 2507 2941 Pamelii
2536 2890 2939 2953 conjecturam,
2967 2891 3022 2939 in
3050 2890 3372 2939 authentica
3398 2889 3671 2951 scriptum

2036 2962 2207 3011 fuisse
2254 2964 2547 3011 clinomem'.
2598 2963 2794 3025 quue
2836 2962 3029 3025 magis,
3072 2960 3195 3009 haec
3232 2959 3418 3021 Opinio
3461 2958 3670 3008 ﬁrmari

300 3019 669 3100 ῘΞΡΡθνδίοτίεὶ,
702 3028 753 3075 8t
784 3028 1018 3078 consilia
1060 3033 1236 3094 magis
1276 3047 1444 3097 quam
1480 3019 1654 3100 jussa,
1687 3019 1821 3089 satis
1852 3042 1944 3090 in-
1965 3061 2017 3100 ,η
2044 3034 2283 3093 videtur,
2316 3033 2466 3096 quod
2517 3034 2662 3083 inter
2702 3019 2854 3082 illius
2899 3019 3390 3100 aevi-Christianus
3436 3028 3673 3091 probro—

299 3091 488 3173 dicant
532 3095 845 3173 Romanum
898 3101 1012 3163 jam
1066 3091 1218 3153 nunc
1264 3091 1430 3155 etiam
1478 3091 1610 3157 sede
1641 3091 1941 3173 'pontiﬂcia

300 3163 477 3215 fuisse
510 3168 802 3229 potiorem.
839 3188 867 3216 »

358 3247 784 3328 antecessoribus
842 3252 1054 3302 nostris.
1118 3253 1443 3306 Judaeorum
1509 3261 1915 3328 sacerdotibus,

298 3315 386 3387 {id
410 3319 578 3369 verba
603 3332 731 3384 qua
757 3326 1093 3385 sequuntur,
1128 3325 1415 3375 Errantem
1444 3341 1554 3378 non
1593 3315 1936 3387 correximus-

297 3385 572 3470 Rigaltius
594 3392 672 3441 ait
698 3408 710 3441 :
744 3409 773 3441 ς
803 3394 1190 3470 Tertullianus
1203 3398 1284 3448 sic
1314 3399 1498 3451 reddit
1524 3416 1535 3449 :
1570 3405 1720 3466 quod
1744 3385 1939 3470 expul-

297 3470 424 3509 sum
454 3464 538 3511 est
564 3475 678 3512 non
709 3467 1080 3516 convertistis.
1112 3468 1278 3519 Libro
1308 3472 1372 3520 de
1398 3464 1685 3524 Pudicitia.
1710 3495 1740 3524 »

368 3542 647 3595 Claudum.
676 3543 951 3608 Rigaltius
984 3547 1075 3596 ait.
1123 3549 1337 3600 Tertull.
1383 3555 1754 3605 comminutum
1788 3556 1941 3608 LXX

292 3614 684 3679 συντετριμμένον
716 3616 803 3665 Ps.
835 3625 993 3669 CXLV
1022 3631 1033 3665 :
1065 3619 1169 3680 Qui
1195 3624 1358 3671 sanat
1384 3622 1713 3686 inﬁrmitate:
1736 3640 1937 3687 eorum,

298 3692 347 3737 et
369 3686 566 3749 alligat
589 3687 929 3738 contritiones
954 3702 1148 3739 eorum.

358 3768 444 3817 Ea:
496 3770 617 3816 actu
679 3766 789 3829 ipso
850 3781 953 3832 quo
1016 3771 1180 3821 cessit.
1246 3772 1519 3835 Rigaltius
1572 3776 1649 3825 ait
1700 3790 1712 3824 :
1759 3793 1789 3823 «
1843 3777 1932 3827 Ex

294 3837 445 3887 facto
502 3837 682 3897 Petri,
744 3838 878 3901 qui,
939 3841 1283 3904 apprehenso
1340 3858 1373 3893 a
1420 3844 1633 3897 Judaais
1684 3846 1937 3904 Christo,

294 3922 411 3958 non
480 3908 698 3981 proprie
752 3908 941 3981 fugit,
1020 3910 1117 3960 sed
1186 3914 1371 3975 cessit,
1445 3917 1564 3967 sive
1631 3916 1937 3981 abscessit,

294 3982 393 4052 aut
449 3978 691 4052 recessit.
751 3979 920 4041 Nam,
952 3985 1043 4052 _ut
1098 3986 1181 4032 est
1236 3984 1292 4032 in
1345 3985 1684 4050 Evangelia,
1732 3978 1941 4052 seque;

294 4049 459 4123 batur
515 4048 816 4123 Christum,
870 4050 989 4123 sed
1019 4051 1184 4116 longo
1229 4048 1542 4120 intervallo,
1592 4048 1743 4122 quOd
1793 4048 1939 4123 fugae

292 4122 539 4193 speciem
607 4120 872 4183 praebuit,
925 4121 1182 4187 adeoque
1248 4126 1308 4175 in
1376 4120 1684 4191 Evangelio
1740 4120 1941 4193 legitur

293 4191 597 4253 discipulos
651 4204 889 4263 omnes,
947 4193 1141 4244 relicto
1204 4194 1459 4257 Christo,
1509 4200 1737 4263 fugisse.
1800 4191 1941 4251 Haec

292 4267 483 4311 autem
553 4263 685 4335 cieri
755 4262 991 4335 Romani
1056 4265 1290 4328 epistola
1348 4262 1595 4318 Petrum’
1629 4284 1696 4320 eo
1763 4272 1940 4335 magis

291 4346 525 4383 onerare
554 4332 773 4382 videtur
796 4333 949 4396 quod
983 4335 1059 4384 ait
1098 4350 1111 4384 :
1140 4336 1210 4386 Et
1253 4340 1438 4388 caeteri
1483 4339 1748 4403 discipuli
1776 4332 1939 4391 simi—

291 4405 421 4479 1_iter
467 4405 737 4479 fecerunt.
800 4406 975 4467 Quasi
1006 4407 1101 4479 _ad
1155 4412 1475 4474 exemplum
1536 4414 1698 4463 Petri.
1754 4416 1937 4479 Atque

291 4476 527 4527 Romani
569 4480 829 4540 torquent
878 4479 935 4527 in
992 4477 1257 4543 Cypriani
1304 4496 1612 4545 secessum,
1669 4499 1780 4536 non
1816 4476 1938 4536 sine

291 4546 589 4625 opprobrio
627 4548 794 4625 fugae.
840 4548 959 4599 Sub
1000 4552 1197 4625 eadem
1245 4555 1453 4606 invidia
1501 4556 1652 4621 fugae
1694 4558 1938 4625 nomine,

291 4630 391 4690 per
426 4617 534 4667 hoc
565 4620 748 4681 ipsum
782 4622 1003 4683 tempus
1051 4623 1360 4687 laborabat,
1391 4617 1679 4690 dignitatis
1722 4632 1778 4677 et
1815 4617 1939 4677 stu;

292 4688 851 4761 diorumiparticeps,
895 4694 1103 4754 grande
1144 4696 1367 4761 Egypti
1412 4688 1604 4759 decus,
1636 4698 1939 4761 Dionysius

291 4760 737 4833 Alexandrinus;
777 4765 823 4811 is
853 4776 986 4813 vero
1028 4760 1233 4828 pariter
1280 4782 1339 4818 se
1382 4772 1592 4827 tuetur,
1630 4760 1940 4833 quod’voce

293 4830 484 4880 divina
532 4831 851 4881 admonitus
894 4833 1137 4885 latebras
1191 4838 1440 4900 petiisset
1491 4852 1503 4886 :
1562 4830 1690 4900 Ἐγῶ
1754 4840 1805 4889 δὲ
1858 4840 1939 4888 καὶ

295 4900 496 4974 ὲνῴπιον
519 4900 624 4974 rei»,
647 4901 773 4974 Θεοῦ
804 4906 952 4969 λαλῶ,
990 4906 1073 4954 καὶ
1114 4907 1255 4968 αὐτὸ)
1292 4909 1416 4958 οἶδεν
1458 4909 1530 4957 ὅτι
1573 4910 1629 4957 οὐ
1680 4911 1936 4974 ψεύδομαι,

292 4971 520 5046 οὐδεμίαν
556 4973 629 5020 ἐπ’
666 4973 874 5036 ἐμαυτοῦ
922 4978 1209 5041 βαλλόμενος
1246 4979 1357 5028 οὐδὲ
1396 4981 1522 5029 ἀθεεὶ
1563 4971 1936 5046 inminuat-inv

292 5043 474 5107 φυγήν;
533 5047 586 5095 et
639 5046 799 5108 plura
854 5049 912 5098 in
965 5049 1112 5100 hanc
1173 5056 1416 5102 mentem
1470 5053 1568 5104 lib.
1615 5067 1673 5105 v1
1723 5043 1933 5105 Euseb.

293 5128 343 5165 c.
378 5115 457 5165 40.

355 5213 696 5264 Ascendentes
739 5216 810 5266 ad
854 5218 944 5269 hoc
992 5220 1133 5283 quod
1175 5221 1632 5285 compellabantur.
1689 5221 1934 5273 Facinus

285 5283 471 5358 ipsum
528 5287 735 5358 apertis
791 5289 1025 5339 vocibus
1082 5290 1248 5342 eﬂ'ere
1285 5283 1603 5356 refugiunt.
1657 5293 1934 5358 Rigaltius

292 5353 369 5403 ait
421 5357 743 5408 ascendisse
797 5360 854 5408 in
900 5378 928 5406 ‹‹
975 5361 1333 5425 Capitolium,
1376 5353 1829 5427 ut‘imponerEut
1875 5366 1931 5414 in

292 5438 538 5477 acerram
576 5429 757 5481 thura.
802 5431 896 5482 Sic
945 5432 1040 5482 lib.
1078 5435 1141 5483 de
1179 5436 1360 5498 Lapsis
1384 5451 1401 5484 :
1428 5437 1548 5487 Non
1579 5441 1933 5500 exspectave-

291 5502 415 5547 rant
449 5500 647 5550 saltem
687 5505 747 5551 ut
788 5503 1159 5556 ascenderant
1193 5506 1545 5569 apprehensi,
1585 5513 1649 5557 ut
1692 5509 1929 5558 interro-

290 5571 736 5644 gatinegarent.
782 5573 856 5624 Et
904 5576 1073 5639 paulo
1114 5582 1240 5641 post
1286 5592 1297 5625 :
1345 5579 1543 5630 Nonne
1595 5578 1820 5644 quando
1860 5578 1930 5629 ad

294 5640 630 5716 Capitolium
659 5648 858 5716 sponte
900 5640 1131 5699 ventum
1171 5651 1273 5710 est,
1312 5649 1521 5701 labavit
1562 5640 1831 5716 gressus?
1859 5650 1931 5701 Et

292 5713 493 5772 eodem
534 5714 677 5770 libro
711 5730 722 5768 :
759 5715 918 5771 Unus
956 5729 1033 5773 ex
1071 5718 1161 5773 his
1199 5720 1297 5791 qui
1344 5725 1541 5789 sponte
1568 5713 1928 5789 Capitolium

2003 3073 2017 3088 η
2058 3073 2257 3083 .-.......-
2360 3073 2466 3082 ηε.
2517 3073 2653 3083 ...ω
2704 3073 2854 3082 ...._..
2899 3073 3003 3081 νυ.-
3047 3073 3386 3081 -_--_-_____
3436 3073 3627 3091 Γπ--

1965 3073 2020 3133 (Α
2045 3117 2163 3154 sam
2192 3073 2359 3166 vuig;
2386 3104 2557 3154 fuisse
2601 3108 2819 3153 constat
2858 3102 3287 3166 appellationem
3322 3099 3671 3157 clinicorum,

2042 3177 2137 3239 qui
2202 3174 2603 3225 decumbentes
2673 3176 2731 3224 in
2795 3174 3027 3232 lectulo,
3094 3176 3316 3235 prepter
3374 3172 3673 3219 imminens

2040 3246 2233 3295 mortis
2251 3245 2578 3313 periculum
2619 3258 2763 3308 aqua
2805 3241 3392 3313 perfusibaptismum
3438 3254 3674 3313 accepe-

2042 3313 2180 3358 rant.
2241 3304 2415 3369 Quasi
2470 3320 2583 3356 non
2647 3304 2867 3369 propr—ie
2914 3305 3205 3368 baptizati,
3251 3306 3379 3366 quia
3426 3304 3668 3365 perfusi.

2040 3393 2151 3429 non
2190 3380 2386 3438 mersi;
2433 3377 2501 3427 de
2549 3378 2753 3442 quibus
2800 3378 2982 3440 agitur
3027 3377 3081 3424 in
3130 3375 3357 3438 epistola
3409 3374 3674 3437 Cypriani

2040 3452 2109 3501 ad
2149 3453 2409 3514 Magnum.
2463 3449 2659 3499 Clarus
2704 3461 2835 3513 ergo
2880 3447 3184 3501 Romanus,
3229 3446 3461 3493 istorum
3504 3445 3670 3494 etiam

2041 3523 2365 3573 clinicorum
2398 3534 2585 3570 curam
2611 3521 2943 3583 suscipiens,
2975 3516 3235 3567 vocabuli
3263 3517 3544 3565 tristitiam
3566 3517 3671 3565 mi-

2040 3595 2189 3657 tigat,
2234 3606 2299 3642 ac
2331 3591 2547 3641 deﬂexa
2596 3590 3004 3649 terminatione,
3038 3586 3331 3647 κλινομένοις
3375 3587 3512 3635 dicit
3557 3599 3670 3636 non

2037 3664 2277 3718 κλινικοῖς.
2327 3661 2618 3725 Ejusmodi
2673 3663 2839 3712 etiam
2895 3660 3238 3722 benignitate
3295 3658 3670 3707 Tertullianus

2042 3736 2095 3782 in
2141 3734 2489 3797 Apologetico,
2533 3732 2878 3783 Christianos
2920 3730 3074 3794 gravi
3113 3729 3268 3778 senio
3317 3740 3485 3789 prope
3534 3742 3671 3776 con-

2039 3806 2213 3856 fectos
2253 3805 2433 3854 noluit
2479 3803 2758 3867 appellare
2806 3803 3038 3858 clinicns,
3064 3798 3162 3847 sed
3199 3800 3316 3857 iam
3367 3797 3672 3846 domesticos

2037 3891 2190 3926 senes.
2244 3893 2273 3923 »
2335 3874 2500 3936 Quod
2548 3874 2618 3922 ad
2666 3872 2913 3936 epistola
2963 3870 3132 3920 ﬁdem
3178 3871 3412 3931 spectat,
3468 3873 3669 3930 praeter

2037 3947 2237 3998 Latinii
2265 3948 2506 4005 codices,
2538 3944 2634 4008 qui
2675 3945 2854 4007 ipsam
2885 3944 3200 4005 agnoscunt
3234 3940 3293 3988 in
3335 3938 3668 3989 Bodleiano-

2038 4031 2160 4067 rum
2192 4030 2304 4065 uno
2346 4015 2597 4064 habetur.
2627 4013 2792 4075 Quod
2838 4011 2902 4065 ad
2941 4024 3134 4061 vocem
3173 4013 3505 4073 praesentem
3543 4010 3668 4059 atti-

2036 4092 2150 4149 net,
2192 4087 2423 4152 probata
2468 4086 2636 4135 lectio
2684 4088 2769 4135 est
2817 4084 2912 4133 illa
2948 4096 3117 4147 quam
3161 4080 3531 4142 adhibemus;
3576 4081 3669 4131 cui

2038 4159 2207 4209 fidem
2236 4159 2367 4209 facit
2404 4157 2653 4220 Epistola
2682 4156 2924 4207 Cornelii
2950 4156 3023 4205 ad
3059 4153 3274 4205 Fabium
3309 4166 3477 4217 quam
3503 4166 3670 4216 supra

2038 4235 2417 4293 laudavimus;
2446 4232 2543 4282 ubi
2578 4244 2647 4281 ex
2687 4230 2961 4281 consimili
3000 4230 3291 4279 occasione
3328 4229 3536 4277 mentio
3576 4228 3671 4276 ha-

2038 4306 2200 4356 betur
2223 4305 2384 4368 χηρῶν
2411 4304 2493 4350 καὶ
2533 4302 2838 4365 θλιϐομένων.
2876 4303 2940 4351 Se
2963 4300 3212 4359 exhibere,
3238 4312 3360 4349 esse
3395 4299 3464 4349 ad
3498 4299 3670 4349 vitam

2038 4377 2350 4427 necessaria
2386 4375 2493 4424 sibi
2537 4374 2907 4439 suppeditare.
2948 4372 3293 4423 ostendimus
3334 4371 3430 4421 lib.
3471 4384 3548 4433 ni,
3579 4372 3665 4421 ad.

1957 4424 2015 4496 D
2040 4424 2345 4509 animo.
2377 4446 2456 4495 δι.

2104 4518 2497 4571 Cathechumeni
2541 4517 2741 4581 decepti
2786 4529 2891 4566 esse
2930 4528 3029 4565 non
3082 4513 3353 4563 debebunt.
3399 4513 3670 4577 Rigaltius

2041 4592 2116 4639 ait
2142 4606 2153 4639 :
2188 4610 2215 4636 «
2242 4591 2377 4639 Nam
2399 4590 2521 4639 haec
2546 4590 2602 4638 in
2633 4590 2822 4652 primis
2842 4586 3143 4636 audiebant
3171 4585 3240 4634 ab
3270 4585 3527 4647 episcopo
3550 4583 3669 4634 sive

2039 4662 2379 4726 presbytero,
2421 4674 2695 4709 summam
2740 4672 2861 4709 esse
2904 4657 3050 4721 apud
3093 4655 3435 4707 Christianos
3476 4668 3668 4705 curam

2040 4734 2323 4784 charitalis
2367 4732 2484 4782 sive
2531 4731 2872 4789 dilectionis;
2913 4734 2969 4779 et
3009 4728 3277 4792 conqueri
3317 4730 3573 4790 poterant
3609 4739 3670 4776 se

2040 4804 2315 4867 deceptos,
2343 4803 2390 4853 si
2417 4802 2742 4866 contigisset
2760 4814 2854 4852 eos
2876 4801 2933 4850 in
2959 4800 3077 4865 ipso
3107 4798 3509 4863 persecutionis
3530 4801 3666 4848 aestu

2038 4876 2233 4926 deseri.
2260 4890 2291 4922 »

2615 5023 2967 5075 EPISTOLA
2997 5024 3090 5074 IX.

2099 5142 2427 5208 Presbyteris
2477 5146 2525 5191 et
2591 5141 2889 5190 diaconibus
2953 5141 3136 5190 Rome.
3193 5139 3469 5203 Rigaltius
3521 5140 3598 5190 ait
3657 5153 3669 5190 :

2035 5236 2065 5264 «
2095 5218 2240 5268 Cum
2274 5216 2464 5265 exorta
2494 5212 2602 5262 sub
2630 5212 2806 5262 Decio
2850 5211 3069 5263 Caesare
3105 5211 3372 5263 adversus
3408 5212 3675 5263 Christia-

2033 5301 2137 5338 nos
2176 5287 2396 5338 vexatio
2434 5284 2745 5334 Fabianum
2788 5283 3058 5333 Ecclesiae
3107 5284 3373 5333 Romanae
3414 5284 3674 5348 praeposi-

2032 5364 2171 5420 tum,
2222 5359 2573 5422 peremisset,
2626 5354 2827 5405 Clerus
2875 5355 3161 5405 Romanus
3206 5355 3274 5405 ad
3325 5356 3675 5421 Cyprianum

2032 5431 2379 5495 Carthaginis
2442 5431 2797 5493 episcopum,
2852 5427 3058 5478 litteras
3120 5443 3218 5493 per
3277 5429 3671 5489 Clementium,

2033 5504 2443 5554 subdiaconum
2496 5501 2668 5560 misit,
2716 5514 2782 5549 ac
2837 5499 2905 5549 de
2955 5501 3194 5564 glorioso
3247 5501 3477 5552 Fabiani
3520 5500 3674 5549 exitu

2031 5575 2324 5626 certiorem
2377 5572 2525 5622 fecit.
2575 5571 2703 5621 Mox
2749 5570 2945 5621 eadem
3000 5572 3248 5634 pernicie
3290 5585 3387 5638 per
3433 5569 3679 5619 Africam

2067 5648 2339 5705 rassante,
2372 5642 2702 5708 Cyprianus,
2733 5656 2862 5694 cum
2896 5644 3011 5706 jam
3051 5643 3121 5693 ad
3155 5644 3387 5697 leonem
3424 5640 3687 5699 depostu-

2067 5662 2339 5705 rassante,
2372 5662 2702 5708 Cyprianus,
2733 5662 2862 5694 cum
2896 5662 3011 5706 jam
3051 5662 3121 5693 ΒΟ.
3155 5662 3387 5697 leonem
3424 5662 3687 5699 υυμυδιιι·

2029 5662 2240 5774 isaretur
2277 5754 2292 5781 ,
2318 5717 2439 5772 Deo
2490 5717 2573 5772 sic
2618 5720 2889 5780 annuent,
2927 5716 3188 5779 secessit;
3222 5728 3345 5774 nec
3373 5712 3443 5765 de
3476 5719 3711 5766 secessu
