4144 6192
566 278 699 341 1199

1916 272 2089 339 EDIT.
2130 276 2324 340 OXON.
2369 274 2582 342 NOTAE.

3744 283 3857 344 ιιοο

557 424 674 492 suo
704 407 1004 492 quicquam
1041 400 1314 492 F‘cclesim
1358 399 1631 492 .Ron‘ianm
1679 405 2030 492 signiﬁcavit.
2077 406 2186 457 Sed
2207 417 2268 492 Α
2289 407 2435 468 torti,
2461 406 2902 492 perseverabant.
2929 404 3206 492 lidartyres
3253 402 3417 492 igitur
3449 418 3627 492 omnes
3675 411 3868 461 confes-

561 478 911 547 postmodum
947 475 1402 547 Carthaginensis
1444 475 1647 547 clerus,
1689 476 1831 547 datis
1875 477 1944 526 ad
1982 477 2186 529 Roma-

559 545 699 603 num
742 548 957 607 litteris,
994 546 1127 610 quid
1169 546 1275 596 sibi
1319 545 1535 595 consilii
1578 545 1898 608 Cyprianus
1933 549 2189 610 cepisset,

559 622 792 686 aperuit.
845 621 929 668 Ac
979 617 1221 667 subinde
1287 617 1571 667 Romanus
1628 615 2056 681 Carthaginensi
2111 631 2195 667 re-

558 693 798 756 scripsit,
827 703 887 739 se
929 701 1042 738 non
1086 688 1320 738 minimo
1366 687 1554 738 dolore
1594 687 1764 750 tangi,
1800 687 1952 751 quod
1990 693 2191 752 pastor,

559 765 764 816 ovibus
803 760 1099 821 derelictis,
1143 759 1383 809 latebras
1431 758 1694 822 petiisset.
1745 759 1866 808 Hoc
1913 771 2044 808 vero
2082 760 2195 821 agi-

554 840 647 887 tur
683 832 914 897 epistola
957 829 1297 894 precedenti,
1340 842 1509 892 quam
1554 829 1802 879 Morellio
1850 829 2039 879 deberi
2093 834 2198 879 tes-

555 909 705 956 tatur
747 901 1044 962 Pamelius,
1098 906 1154 950 et
1192 902 1533 963 ipsissimam
1575 913 1697 950 esse
1745 913 1914 962 quam
1963 901 2198 963 Cypria-

553 990 662 1027 nus
705 977 763 1024 in
802 986 1004 1023 manus
1047 985 1179 1021 suas
1222 984 1334 1020 non
1372 971 1494 1020 sine
1532 971 1718 1034 aliqua
1760 972 1971 1021 fraudis
2013 973 2197 1034 suspi-

557 1048 722 1097 cione
746 1043 1067 1107 pervenisse
1096 1045 1440 1104 conquestus
1469 1045 1579 1102 est,
1619 1045 1674 1089 et
1715 1042 1927 1090 remisit
1963 1042 2197 1092 Romam

556 1116 901 1183 presbyteris
930 1127 996 1164 ac
1038 1113 1302 1173 diaconis,
1332 1118 1397 1161 ut
1433 1117 1898 1174 recognoscerent
1937 1126 2007 1162 an
2051 1118 2199 1162 esset

559 1190 658 1239 illa
706 1187 911 1237 clerica
959 1197 1061 1235 sua
1097 1197 1267 1247 quam
1312 1183 1623 1232 Clementio
1665 1183 2050 1244 perferendam
2087 1187 2196 1233 tra-

563 1259 835 1309 diderant.
890 1255 1042 1318 Quid
1089 1260 1277 1304 autem
1331 1253 1568 1302 Romani
1625 1255 2028 1316 rescripserint,
2085 1267 2196 1304 non

563 1330 856 1379 habemus.
909 1328 1031 1376 Hoc
1083 1329 1296 1374 tantum
1340 1325 1561 1387 assequi
1606 1326 1928 1386 conjectura
1976 1326 2056 1374 fas
2114 1328 2200 1374 est

571 1400 858 1465 epistolam
905 1411 1064 1447 suam
1101 1397 1392 1460 agnovisse
1435 1396 1733 1446 Romanos.
1777 1396 1915 1444 Eam
1948 1408 2078 1446 vero
2117 1397 2198 1446 sic

571 1473 876 1536 pupugisse
917 1470 1162 1517 animam
1209 1467 1487 1530 Cypriani,
1534 1471 1598 1516 ut
1641 1480 1871 1516 necesse
1921 1467 2028 1516 sibi
2075 1479 2198 1516 esse

572 1544 799 1592 duxerit
839 1541 1052 1589 litteras
1076 1537 1145 1586 ad
1170 1551 1264 1586 eos
1290 1539 1492 1598 facere,
1529 1537 1734 1600 quibus
1766 1542 1819 1587 et
1841 1542 1999 1588 actus
2027 1541 2116 1590 sui
2145 1541 2200 1588 et

566 1612 872 1676 disciplinas
924 1615 978 1658 et
1036 1609 1344 1673 diligentiae
1417 1610 1556 1658 ratio
1624 1608 1967 1659 redderetur.
2037 1609 2200 1670 Quod

568 1695 703 1732 sane
735 1681 993 1745 praestitit
1026 1681 1258 1743 epistola
1286 1693 1414 1743 quin
1454 1679 1561 1730 hac
1589 1681 1832 1730 editione
1854 1681 2072 1744 (Oxon)
2102 1681 2200 1730 ha-

568 1753 732 1804 betur
757 1753 837 1802 2t).
866 1767 896 1800 »

2292 491 2444 528 sores
2475 481 2647 540 erant,
2675 478 2772 529 sed
2815 478 3161 528 confessores
3197 476 3446 527 nondum
3481 482 3739 541 martyres,
3769 484 3861 531 nisi

2292 553 2352 598 ut
2375 549 2654 611 eleganter
2685 549 3063 600 Tertullianus
3091 551 3271 608 vocat,
3312 549 3467 597 initio
3501 547 3589 597 lib.
3615 549 3677 599 ad
3708 552 3866 612 Mart,

2293 621 2581 684 designati,
2614 624 2668 670 et
2697 622 2851 684 alibi,
2880 620 3163 671 candidati
3191 620 3455 682 martyrii.
3481 639 3508 665 »

2356 691 2618 753 Confessio
2675 698 2845 742 tamen
2884 705 3131 755 praesens.
3181 691 3498 741 Persecutio
3548 704 3576 739 a
3617 694 3871 756 magistra-

2293 762 2442 812 tibus
2484 763 2776 814 ordinariis
2823 765 3109 822 intentata,
3153 763 3224 812 ad
3273 761 3527 812 exsilium
3569 763 3872 816 solummodo

2294 835 2578 897 processit.
2607 834 2911 885 Proconsul
2943 833 3237 895 accedens,
3284 835 3552 882 tormenta
3589 836 3639 882 et
3677 840 3873 885 mortem

2297 904 2525 954 addidit.

2361 976 2598 1036 Quodam
2629 977 2750 1038 jam
2797 976 3027 1038 comperi
3067 978 3364 1025 coronatos.
3403 971 3635 1034 Quinam
3681 973 3751 1023 illi
3783 975 3876 1026 fue-

2295 1051 2427 1096 runt
2471 1047 2740 1096 discimus
2786 1061 2855 1096 ex
2899 1046 3129 1096 Luciani
3175 1044 3407 1108 epistola
3437 1058 3455 1091 :
3502 1045 3691 1093 Bassus
3735 1045 3873 1092 nimi-

2297 1132 2439 1178 rum,
2483 1118 2842 1181 Mappalicus,
2882 1118 3166 1178 Fortunio,
3210 1115 3437 1176 Paulus,
3481 1113 3725 1174 Fortuna,
3766 1115 3876 1164 Vic-

2298 1191 2526 1250 torinus,
2554 1190 2756 1240 Victor.
2799 1190 3094 1249 Herenius,
3137 1186 3430 1246 Credulus,
3471 1186 3697 1244 Herena,
3729 1185 3875 1235 Dona-

2299 1266 2417 1322 tus,
2472 1263 2709 1323 Firmus,
2767 1263 3008 1323 Ventus,
3061 1260 3330 1320 Fructus,
3386 1257 3566 1318 Julia,
3617 1257 3870 1317 Martialis,

2298 1333 2502 1382 Aristo.

2372 1405 2496 1453 Voce
2519 1401 2701 1453 libera.
2731 1403 2854 1465 Qua
2897 1417 2957 1454 se
2993 1402 3340 1453 Christianos
3374 1412 3474 1462 pro
3507 1397 3750 1448 tribunali
3774 1411 3881 1460 pro-

2298 1473 2613 1524 ﬁtebantur.

2361 1547 2510 1595 Dans
2538 1545 2863 1594 credentibus
2891 1550 3109 1604 tantum,
3139 1546 3401 1609 quantum
3428 1555 3482 1592 se
3509 1540 3664 1590 credit
3690 1539 3880 1601 accipere

2300 1617 2396 1680 qui
2427 1617 2601 1666 sumit.
2639 1615 2734 1666 Sic
2753 1629 2921 1680 supra
2946 1616 3041 1666 lib.
3072 1616 3143 1666 ad
3174 1617 3372 1665 Donat.
3405 1628 3416 1661 :
3445 1631 3474 1660 α
3499 1613 3757 1674 Quantum
3774 1611 3876 1660 ﬁdei

2300 1687 2518 1749 capacis
2552 1684 2851 1747 atferimus,
2887 1689 3102 1735 tantum
3151 1685 3341 1749 gratias
3387 1681 3694 1732 mundantis
3730 1680 3881 1730 hauri-

2304 1770 2448 1806 mus.
2482 1773 2512 1805 )>

636 1789 968 1874 Binan-ibus.
1009 1820 1288 1885 Rigaltius
1321 1823 1399 1872 ait
1439 1837 1509 1870 ;<‹
1547 1823 1807 1886 Antiquae
1848 1826 1979 1871 sunt
2019 1789 2282 1872 inﬂec~B
2306 1789 2512 1877 “32in;
2532 1831 2748 1890 prastat
2788 1839 3030 1890 agonem.
3075 1826 3202 1876 Vid.
3248 1837 3378 1890 quin
3412 1837 3576 1888 supra
3617 1822 3714 1872 hac
3749 1820 3807 1870 de
3838 1833 3884 1870 re

569 1896 752 1945 tiones
776 1896 915 1955 istae,
945 1893 1208 1943 diacones
1249 1899 1304 1942 et
1337 1893 1688 1943 diaconibus.
1719 1895 1791 1943 Et
1825 1899 2011 1943 tamen
2041 1893 2208 1944 habe-

571 1967 711 2016 bant
756 1964 1086 2028 Apostolum
1134 1967 1191 2012 in
1239 1964 1516 2024 manibus,
1550 1964 1698 2026 apud
1747 1978 1908 2027 quem
1948 1965 2150 2027 legitur
2191 1979 2201 2011 :

573 2035 784 2084 διάκονοι
809 2040 866 2085 et
901 2034 1134 2088 διακόνοις
1167 2038 1222 2084 et
1245 2035 1508 2089 διακόνους.
1542 2036 1612 2084 Et
1641 2038 1698 2084 in
1741 2037 1914 2085 veteri
1953 2036 2207 2084 versione

575 2107 792 2168 Latina,
842 2107 1079 2166 diaconi,
1131 2105 1390 2156 diaconos
1432 2111 1486 2156 et
1524 2107 1806 2156 diaconos.
1854 2107 2053 2156 Nescio
2097 2118 2206 2169 quo

582 2181 745 2240 pacto
802 2176 1102 2226 maluerint
1167 2177 1349 2226 dicere
1425 2176 1688 2226 diacones
1745 2182 1799 2227 et
1863 2176 2206 2226 diaconibus.

581 2249 728 2298 Sane
775 2247 1113 2296 vocabulum
1159 2249 1548 2310 episcoporum
1605 2249 1952 2298 reverentius
1999 2247 2210 2296 habue-

579 2325 727 2371 runt.
789 2318 898 2379 Qui
967 2323 1150 2367 autem
1209 2323 1498 2382 episcopus
1566 2319 1795 2380 dixere,
1850 2333 1962 2368 non
2021 2318 2212 2367 dixere

580 2393 861 2450 diaconas,
909 2388 1008 2436 sed
1053 2389 1410 2438 diaconissas.
1453 2407 1480 2433 »
1525 2390 1828 2438 Justiniani
1868 2390 2096 2438 Novella
2132 2401 2210 2447 ιιι,

581 2462 741 2526 quasi
766 2463 1018 2522 epiccnno
1043 2471 1262 2522 genere,
1299 2459 1546 2513 διακόνους
1577 2459 1775 2522 ἁῤῥευας
1811 2460 1995 2519 ἑκατὸν,
2034 2475 2208 2507 τεσσα-

581 2532 786 2597 ράκοντα
813 2532 863 2577 δὲ
890 2530 1092 2587 θηλείας.

648 2605 774 2652 Cum
800 2603 864 2650 de
892 2617 1089 2651 excessu
1129 2600 1250 2650 boni
1277 2603 1379 2651 viri
1403 2602 1610 2665 collega:
1647 2604 1764 2651 mei.
1793 2603 2063 2666 Rigaltius
2089 2603 2166 2653 ait
2199 2615 2210 2650 :

583 2676 892 2728 Excessum
947 2686 1068 2723 esse
1118 2677 1382 2735 mortem,
1437 2687 1565 2737 quae
1615 2688 1747 2724 mox
1807 2675 2215 2724 consummatio

584 2751 802 2800 dicitur.
850 2749 1041 2799 Mortis
1075 2761 1278 2798 nomen
1321 2753 1592 2812 quantum
1635 2755 1890 2813 poterant
1937 2749 2218 2800 evitabant

587 2821 910 2882 Christiani,
953 2821 1024 2870 ob
1069 2833 1226 2882 spem
1268 2823 1690 2871 resurrectionis
1733 2826 1788 2870 et
1828 2823 1956 2870 vitae
1999 2821 2215 2882 sempi—

587 2900 778 2944 ternae.
807 2893 1001 2954 Itaque
1029 2904 1128 2954 pro
1156 2896 1395 2952 mortuo,
1426 2895 1805 2954 praemissum;
1833 2895 1888 2941 et
1906 2905 2005 2954 pro
2027 2894 2219 2948 morte,

589 2964 806 3014 obitum
835 2965 888 3010 et
913 2974 1205 3010 excessum
1234 2961 1512 3011 dicebant.
1545 2963 1842 3024 Ductoque
1873 2964 1942 3011 de
1971 2965 2086 3012 arte
2111 2959 2221 3011 cal-

590 3032 861 3085 culatoria
888 3031 1181 3093 vocabulo,
1214 3037 1663 3082 consummatum
1689 3040 1742 3083 et
1776 3033 2222 3084 consummatio-

589 3117 720 3154 nem
750 3117 1044 3164 annorum,
1085 3102 1320 3162 dierum,
1356 3103 1732 3167 horarumque
1772 3105 1925 3153 velut
1953 3115 2221 3153 nummo-

591 3188 716 3226 rum
741 3187 974 3224 numero
1006 3152 1064 3222 in
1093 3152 1412 3235 supremam
1437 3152 1712 3224 summam
1741 3176 1972 3226 collecto
2002 3186 2224 3236 compu-
2242 3152 2298 3226 C

591 3251 838 3366 tesque.
876 3245 1077 3308 Qualia
1109 3257 1260 3306 saepe
1293 3245 1440 3307 apud
1479 3247 1886 3296 'l‘ertullianum
1926 3247 2226 3296 occurrunt

592 3332 653 3366 sc
699 3321 905 3366 emata.
927 3334 955 3362 »

592 3321 876 3369 schemata
894 3352 905 3364 .
927 3334 955 3362 »

658 3388 1042 3441 Consummalio
1097 3387 1302 3436 honesta
1357 3389 1681 3451 processerit.
1752 3387 2026 3452 Rigaltius
2078 3387 2151 3436 ait
2210 3401 2220 3433 :

593 3458 841 3511 Φαὸιανοῦ
886 3459 962 3505 ἐπὶ
1026 3458 1209 3520 Ῥώμης
1253 3461 1494 3523 pampini
1535 3460 1873 3515 τελειωθέντας.
1919 3459 2101 3510 Euseb.
2152 3472 2224 3520 VI,

589 3535 685 3650 39.ί
717 3531 957 3593 Ruf/inus
1001 3545 1019 3578 :
1062 3529 1300 3578 Fabiano
1336 3533 1390 3578 in
1433 3531 1556 3579 urbe
1598 3533 1754 3581 Roma
1796 3534 2050 3594 martyrio
2085 3543 2228 3579 coro-

594 3617 661 3650 na
689 3617 736 3650 ο.

594 3617 736 3652 nato.

663 3673 936 3737 Praepositi
959 3672 1276 3720 memoriam.
1313 3670 1588 3733 Rigaltius
1617 3671 1694 3720 ait
1723 3685 1735 3719 :
1785 3687 1812 3716 «
1837 3670 2070 3720 Fabiani
2112 3670 2228 3734 epi-

601 3747 758 3811 scopi
801 3745 958 3794 Rom.
1004 3754 1175 3806 quem
1217 3741 1384 3789 etiam
1431 3741 1790 3804 priapositum
1838 3745 2000 3790 vocat
2049 3741 2232 3790 clerus

601 3822 760 3871 Rom.
788 3814 1021 3879 epistola
1050 3814 1418 3876 praecedente,
1442 3818 1498 3861 et
1526 3813 1724 3862 eodem
1749 3813 1973 3862 nomine
2003 3817 2232 3862 caeteros

600 3899 826 3954 quoque
899 3883 1303 3954 Ecclesiarumr
1332 3887 1615 3954 rectores
1647 3883 1906 3946 appellat,
1957 3883 2234 3946 προεστῶτα

602 3952 813 4010 dixerat
839 3956 1111 4006 Justinus.
1140 3952 1537 4003 Prmsidentem
1578 3953 1976 4014 Tertullianus,
2013 3955 2229 4017 Apolog.

601 4037 656 4086 ls
679 4038 763 4085 est
790 4033 1086 4094 episcopus
1114 4031 1210 4092 qui
1240 4033 1295 4078 et
1327 4041 1582 4078 summus
1621 4027 1883 4079 sacerdos
1926 4028 1997 4078 ab
2035 4028 2234 4078 eodem

602 4104 946 4156 Tertulliano
977 4101 1197 4149 dicitur.
1226 4113 1256 4146 ››

665 4177 790 4236 Legi
812 4174 968 4221 etiam
996 4172 1136 4218 alias
1174 4170 1402 4220 litteras.
1436 4171 1712 4235 Rigaltius
1741 4172 1818 4221 ait
1845 4185 1856 4218 :
1887 4186 1918 4219 ς
1945 4171 2236 4222 Assentior

604 4244 871 4304 Pamelio,
893 4254 1005 4290 non
1037 4241 1172 4290 alias
1203 4241 1374 4292 fuisse
1399 4256 1565 4306 quam
1583 4242 1964 4306 praecedentes
1989 4241 2236 4307 epistola

607 4314 874 4370 secundm
899 4313 1150 4376 paginas.
1182 4329 1212 4359 »

670 4390 729 4438 In
753 4384 934 4450 quibus
975 4398 1061 4432 nec
1097 4385 1189 4447 qui
1223 4386 1545 4447 scripserint,
1593 4401 1680 4436 nec
1715 4387 1787 4435 ad
1829 4401 1950 4452 quos
1987 4387 2237 4448 scriptum

606 4463 698 4510 sit.
735 4457 1006 4521 Rigaltiu’s
1029 4457 1107 4506 ait
1139 4471 1150 4504 :
1187 4474 1215 4503 α
1264 4457 1577 4509 Dicendum
1603 4461 1774 4523 igitur
1811 4463 1868 4509 in
1916 4459 2239 4509 authentico

608 4533 878 4584 omissum
903 4529 1076 4579 fuisse
1111 4529 1348 4578 titulum.
1380 4529 1521 4591 Quae
1553 4531 1691 4581 forte
1725 4546 1796 4582 an
1824 4533 1990 4582 fuerit
2029 4533 2232 4583 Roma-

607 4616 809 4654 norum
833 4601 1018 4651 cautio
1041 4600 1162 4650 sive
1191 4599 1502 4662 prudentia,
1531 4603 1676 4652 inter
1704 4603 1954 4666 pericula
1974 4603 2236 4654 Decianus

607 4673 1031 4740 persecutionis.
1061 4691 1089 4717 »

671 4746 919 4796 Eamdem
950 4743 1021 4793 ad
1045 4756 1124 4792 vos
1154 4744 1320 4806 Epist.
1347 4745 1702 4795 authenticam
1733 4746 1931 4794 remisi.
1963 4745 2242 4809 Rigaltius

613 4819 690 4868 ait
721 4831 732 4866 :
764 4832 796 4865 ‹‹
823 4815 1216 4865 Authenticam
1242 4814 1394 4877 dicit,
1432 4816 1499 4864 de
1531 4819 1693 4880 cujus
1724 4822 1908 4867 tamen
1937 4816 2048 4867 ﬂde
2076 4818 2240 4868 dubi-

612 4894 792 4953 tabat;
850 4891 947 4941 sed
992 4889 1360 4940 nihilominus
1404 4891 1810 4956 authenticam,
1875 4906 2003 4943 cum
2047 4894 2242 4945 eadem

614 4968 842 5019 omnino
887 4967 1035 5013 esset
1097 4974 1223 5024 quia
1286 4962 1451 5012 allata
1511 4964 1693 5014 fuerat
1750 4979 1782 5015 a
1839 4964 2164 5016 Clementia.
2212 4981 2242 5013 ι)

611 5037 836 5101 Duplici
875 5035 1100 5085 nomine
1147 5034 1376 5097 epistola
1418 5037 1539 5087 haec
1575 5037 1778 5087 clerica
1816 5037 2072 5100 dicenda,
2111 5041 2244 5102 quia

613 5114 734 5164 scil.
781 5127 813 5162 a
863 5112 1011 5163 clero
1063 5111 1314 5160 Romano
1369 5110 1438 5161 ad
1492 5110 1988 5176 Carthaginensem
2046 5113 2244 5179 dirige-

613 5188 798 5244 retur;
825 5189 945 5234 tum
975 5184 1161 5244 etiam,
1182 5182 1350 5246 idque
1377 5185 1676 5247 praecipue,
1707 5187 1838 5248 quia
1865 5198 1962 5248 per
1984 5187 2244 5236 nuntium

615 5259 788 5307 sacris
832 5257 1122 5307 ordinibus
1155 5257 1436 5306 initiatum
1483 5257 1651 5306 missa
1697 5257 1879 5306 fuerit.
1922 5257 2005 5307 De
2051 5258 2244 5308 ordine

613 5328 816 5379 harum
856 5329 1232 5392 epistolarum,
1272 5327 1633 5379 cousulantur
1671 5329 1802 5378 anni
1850 5329 1960 5380 250.
2002 5331 2244 5393 Annales,

615 5402 647 5465 §
672 5413 783 5452 vni.

1206 5501 1559 5552 EPISTOLA
1587 5501 1655 5552 X.

679 5580 1000 5645 Maris/ribus
1033 5585 1082 5630 et
1112 5581 1511 5642 Canfessoribus.
1555 5581 1814 5632 Nicolaus
1851 5582 2028 5634 Faber
2072 5583 2246 5634 adno-

614 5657 695 5707 tat
722 5653 876 5722 quod
904 5668 935 5701 a
959 5653 1302 5704 confessores
1338 5653 1471 5703 dicti
1503 5657 1637 5705 sunt
1675 5655 1791 5719 qui,
1823 5666 2009 5706 coram
2033 5655 2246 5719 judici-

611 5730 722 5784 bus
755 5728 1098 5794 interrogati,
1143 5728 1426 5782 Christum
1456 5730 1689 5795 professi
1730 5735 1886 5782 erant
1925 5745 1936 5779 :
1975 5736 2248 5796 martyres

607 5803 703 5872 qui
749 5803 1046 5863 Christum
1093 5801 1325 5870 professi
1366 5806 1424 5860 et
1457 5809 1762 5870 praeterea,
1808 5807 1872 5857 ut
1911 5802 2247 5872 abnegarent

2305 1898 2582 1949 habentur
2609 1899 2643 1948 l.
2675 1912 2732 1959 ιι,
2761 1900 2882 1948 adv.
2911 1898 3114 1948 Judaeos
3148 1911 3194 1948 c.
3223 1898 3271 1946 9.

2369 1981 2423 2028 In
2475 1978 2716 2028 omnibus
2763 1979 3032 2028 continens
3089 1983 3180 2027 est.
3225 1975 3502 2039 Rigaltius
3551 1975 3626 2023 ait
3675 1987 3685 2018 :
3728 1970 3886 2020 Paulus

2307 2050 2380 2098 ad
2425 2049 2543 2099 Cor.
2599 2049 2652 2108 Ι,
2694 2047 2848 2096 πάντα
2898 2047 3248 2111 ἐγκρατεύεται.
3305 2048 3369 2095 Et
3427 2043 3650 2106 Vulgata
3696 2041 3837 2090 vei-sio
3878 2055 3886 2086 ;

2309 2122 2379 2171 ab
2417 2120 2678 2170 omnibus
2726 2133 2785 2170 se
2819 2121 3077 2170 abstinet.
3123 2117 3346 2180 Quibus
3375 2115 3654 2166 subnectit
3690 2113 3888 2162 Priorius

2309 2192 2460 2256 quod
2492 2210 2521 2239 «
2555 2192 2766 2242 confert
2797 2191 2889 2241 hic
2919 2204 3156 2256 agonem
3182 2188 3565 2239 Christianum
3605 2199 3723 2236 cum
3747 2187 3887 2256 certa-

2310 2255 2554 2313 minibus
2591 2263 2904 2326 gentilium,
2953 2255 3050 2325 qui
3088 2261 3389 2324 diligenter
3430 2256 3772 2308 observabant
3794 2255 3886 2326 vic-

2312 2340 2430 2384 tum
2461 2338 2515 2383 et
2566 2325 3000 2383 exercitationes
3041 2332 3310 2396 pugilum,
3356 2329 3563 2393 quibus
3605 2339 3707 2376 non
3745 2325 3888 2374 omnis

2312 2406 2505 2464 cibus,
2583 2404 2680 2454 sed
2777 2403 3131 2466 ἀναγιιοφαγία,
3209 2407 3275 2452 ιιι
3354 2406 3519 2450 vocat
3595 2396 3888 2454 Aristoteles,

2312 2474 2721 2538 imponebatur.
2779 2476 2946 2524 Panis
3004 2487 3195 2524 eorum
3266 2471 3574 2534 coliphium
3624 2466 3891 2517 vocabatur.

2314 2546 2685 2598 Abstinebant
2721 2549 2905 2596 autem
2947 2560 2977 2594 a
3013 2543 3397 2607 voluptatibus
3435 2539 3686 2590 omnibus
3717 2541 3892 2601 pr0pter

2316 2620 2769 2670 exercitationem
2809 2618 3073 2681 corporis,
3113 2619 3176 2666 ut
3205 2617 3389 2664 innuit
3424 2614 3676 2664 Clemens
3698 2610 3887 2681 Alexan-

2317 2691 2526 2751 drinus,
2574 2692 2767 2740 Strom.
2809 2679 2925 2748 iu;—
2945 2690 3119 2748 Plato,
3164 2689 3261 2736 lib.
3317 2699 3376 2736 ιιι
3433 2686 3498 2735 de
3544 2681 3737 2746 Repub.,
3777 2679 3892 2751 idem

2314 2750 2554 2811 habet:
2617 2758 2772 2809 Τοῦτο
2825 2762 2907 2823 μὲν
2955 2761 3040 2808 καὶ
3090 2762 3133 2806 οἱ
3190 2759 3327 2807 ἄλλοι
3390 2757 3592 2814 ἀσκηταὶ
3651 2756 3790 2801 ἴσασιν
3814 2821 3820 2823 _
3840 2750 3893 2796 im

2316 2833 2384 2894 τῷ
2457 2832 2670 2894 μέλλοντι
2733 2821 2921 2893 σώματι
2990 2829 3042 2878 εὖ
3119 2829 3233 2884 ἐξειν
3303 2828 3500 2890 ἀφετέον
3565 2826 3653 2873 τῶν
3715 2821 3894 2870 τοιούτων

2318 2903 2555 2951 ἁπάντων.
2587 2903 2914 2966 Voluptates
2950 2901 3210 2963 intelligit
3245 2904 3299 2949 et
3336 2900 3538 2949 noxias
3576 2894 3846 2966 illecebras.
3875 2910 3894 2937 ο

2321 2975 2422 3024 His
2449 2975 2575 3023 addi
2601 2978 2832 3036 possunt
2863 2987 2988 3037 quae
3018 2973 3399 3022 Tertullianus
3428 2971 3596 3020 habet
3632 2971 3685 3016 in
3719 2965 3893 3037 Exhort.

2321 3046 2394 3095 ad
2436 3048 2666 3108 Martyr.
2703 3059 2714 3091 :
2755 3059 2784 3091 α
2815 3036 3058 3093 Athletas
3105 3046 3466 3105 segregantur
3507 3038 3574 3088 ad
3619 3036 3894 3108 strictiorein

2323 3105 2708 3179 disciplinam,
2756 3120 2819 3164 ut
2865 3115 3048 3164 robori
3087 3113 3423 3165 aedificando
3466 3115 3659 3162 vacent
3700 3124 3710 3156 :
3755 3105 3893 3157 conti~

2323 3193 2527 3237 nentur
2553 3200 2584 3236 a
2610 3185 2846 3246 luxuria,
2876 3199 2908 3234 a
2937 3184 3077 3235 cibis
3105 3183 3465 3244 lautioribus,
3503 3195 3533 3231 a
3573 3182 3698 3242 potu
3732 3180 3890 3241 jucun-

2325 3259 2498 3318 diore,
2525 3277 2554 3304 »
2577 3261 2680 3308 etc.

2384 3338 2766 3401 Assumption-is
2798 3349 2940 3386 mese.
2969 3335 3124 3398 Legit
3151 3335 3455 3397 ἀναλήψεως,
3488 3333 3544 3382 in
3573 3330 3758 3381 nostris
3781 3325 3892 3401 cod!-

2326 3412 2488 3462 cibus
2536 3398 2810 3463 ἀθαλύσεως
2861 3408 3133 3466 occurrit;
3185 3405 3295 3455 vid.
3349 3405 3448 3454 lib.
3494 3417 3568 3464 ιιι,
3616 3403 3685 3452 ad
3732 3398 3894 3461 Quiriti.

2327 3496 2444 3545 cap.
2474 3481 2562 3539 16;
2588 3479 2840 3542 Tertull.,
2869 3480 2926 3527 in
2961 3478 3245 3540 Scorpiac.,
3272 3475 3463 3536 habet,
3490 3475 3698 3536 Tempus
3719 3470 3895 3533 αἰείαηὺ

2331 3554 2505 3602 tionis.

2393 3630 2600 3693 Plangit
2625 3629 2808 3678 ruinas
2841 3632 2890 3677 et
2912 3625 3096 3688 funera
3120 3625 3499 3689 plurimorum.
3527 3617 3864 3693 Rigaltius_sit
3887 3629 3896 3661 :

2329 3718 2362 3750 «
2395 3701 2489 3751 Sic
2514 3691 2742 3764 epistola
2766 3697 3107 3762 praecedenti
3139 3711 3150 3746 :
3183 3698 3332 3747 Inter
3354 3695 3722 3759 plangentium
3735 3691 3894 3764 ruinas.

2332 3759 2707 3823 Ruinas_dicit
2735 3759 2966 3818 fratrum
2996 3770 3301 3831 lapsorum,
3329 3780 3476 3830 quos
3503 3766 3755 3815 tormenta
3778 3759 3896 3831 dejej

2333 3846 2544 3903 cerunt,
2563 3854 2629 3891 ac
2647 3852 2744 3904 per
2770 3840 3040 3890 saevitiam
3055 3829 3494 3899 tormentorum,
3518 3837 3672 3886 thura
3692 3829 3897 3884 dederant

2331 3912 2517 3974 idolis,
2558 3917 2654 3961 aut
2696 3911 2982 3962 Christum
3020 3915 3376 3973 negaverant.
3425 3909 3620 3960 Ruina:
3656 3907 3895 3967 lapsorum.

2332 3984 2528 4033 funera
2551 3986 2896 4046 negatorum.
2922 3999 2953 4028 »

2396 4067 2511 4115 Pam
2545 4063 2903 4128 supervenerit
2947 4063 3222 4128 Rigaltius
3261 4061 3340 4111 ait
3378 4075 3390 4109 :
3439 4077 3468 4106 α
3493 4061 3575 4110 De
3615 4069 3715 4121 qua
3754 4055 3897 4128 pater-

2333 4136 2571 4187 familias
2611 4121 2677 4183 in
2721 4134 2970 4197 Epistola
3018 4121 3296 4198 sequente
3353 4144 3453 4194 per
3491 4132 3737 4192 juvenem
3778 4121 3895 4171 illum

2335 4207 2564 4256 anxium
2607 4206 2984 4266 mandaverat,
3037 4204 3125 4253 his
3175 4203 3362 4254 verbis
3399 4217 3410 4250 :
3462 4202 3565 4251 Dic
3608 4199 3683 4249 illi
3719 4202 3898 4246 securus

2333 4280 2423 4340 sit,
2451 4278 2584 4341 quia
2607 4290 2716 4341 pax
2747 4280 2979 4326 ventura
3004 4279 3102 4326 est.
3138 4292 3169 4323 »

2398 4362 2609 4420 Accepto
2672 4361 2789 4421 post
2858 4355 3090 4420 gloriam
3166 4355 3470 4404 commeatu.
3536 4347 3783 4414 Rigaltius
3836 4342 3901 4399 ait,

2339 4447 2367 4476 «
2404 4432 2530 4480 Post
2572 4429 2804 4492 gloriam
2853 4427 3065 4478 scilicet
3113 4427 3416 4476 voluntatis
3457 4423 3763 4492 integraret
3801 4426 3900 4492 con-

2258 4515 2318 4588 D
2340 4488 2600 4588 scientia;
2615 4500 2867 4582 gloriosa:
2909 4512 3058 4588 quae)
3075 4511 3179 4588 n‘os
3218 4496 3558 4588 coratheo
3600 4488 3900 4588 facitnn‘iaa'r'tz:

2342 4587 2447 4635 res,
2474 4573 2577 4623 etsi
2617 4585 2716 4636 per
2747 4572 2923 4635 ipsius
2967 4568 3369 4634 indulgentiam
3409 4567 3514 4616 Dei
3545 4576 3651 4636 pax
3680 4567 3899 4636 supeer

2340 4627 2486 4696 ner'it
2509 4627 2963 4706 non-exspectata
2998 4655 3104 4692 nec
3129 4627 3372 4705 sperata,
3405 4627 3716 4703 quernobis
3747 4627 3901 4706 tribuat

2341 4718 2712 4766 commeatum
2750 4696 3115 4776 permanendi
3149 4696 3334 4760 adhuc
3360 4696 3653 4759 vin-saeculo
3682 4703 3798 4776 etin
3826 4696 3900 4776 Et:-

2341 4787 2513 4838 clesia
2546 4783 2713 4834 laude
2753 4771 3036 4843 ilorentes,
3069 4783 3189 4846 ipso
3223 4785 3335 4845 jam
3381 4778 3590 4830 saeculo
3625 4771 3899 4846 procul-cat0-

2341 4858 2438 4910 Sic
2481 4857 2642 4919 alibi,
2684 4857 2734 4906 si
2771 4859 2978 4920 accepta
3025 4841 3154 4918 pace
3201 4841 3511 4903 commeatus
3560 4865 3590 4897 a
3634 4849 3730 4920 Deo
3770 4841 3897 4890 dum:

2339 4927 2448 4978 hoc
2485 4932 2588 4985 est,
2637 4927 2685 4976 si
2725 4919 2918 4976 fratres
2967 4927 3026 4973 in
3067 4924 3313 4989 periculo
3357 4923 3566 4982 mortis,
3611 4919 3723 4982 post
3747 4921 3902 4989 accf!"

2341 5003 2454 5049 tam
2501 4981 2583 5048 ab—
2627 4997 2882 5048 Ecclesia
2926 4981 3150 5060 pacein,
3193 4996 3313 5045 Deo
3373 4981 3902 5060 volente,7periculum

2343 5069 2595 5130 evadant,
2645 5055 3068 5118 concesso—illis
3121 5081 3152 5116 a
3197 5067 3315 5116 Deo
3358 5063 3580 5114 vivendi
3627 5055 3899 5130 commeatu,

2342 5129 2709 5190 nihilominus
2737 5152 2878 5202 pace
2917 5138 3188 5198 fruantur,
3222 5149 3391 5199 quam
3428 5133 3673 5184 Ecclesia
3707 5129 3901 5202 contem-

2344 5212 2586 5274 platione
2626 5193 2820 5258 mortis
2861 5193 3352 5272 appropinquantis
3381 5205 3689 5254 indulserat.
3712 5199 3771 5248 Et
3800 5193 3902 5243 libro

2344 5285 2407 5332 de
2430 5280 2758 5332 Mortalitate
2792 5295 2809 5328 :
2845 5282 2974 5332 Cum
3008 5279 3230 5342 quidam
3259 5279 3320 5328 de
3349 5275 3558 5340 collegis
3599 5279 3642 5323 et
3680 5275 3900 5342 consaceff

2344 5352 2553 5403 dotibus
2572 5353 2764 5402 nostris
2787 5337 3093 5416 inﬁrmitate
3111 5350 3341 5412 defessus
3364 5353 3410 5398 et
3433 5337 3495 5397 de
3509 5337 3901 5416 appropinqu

2344 5428 2514 5475 morte
2540 5423 2792 5473 sollicitus
2833 5412 3173 5472 commeatum
3213 5420 3314 5468 sibi
3343 5422 3657 5490 precaretur,
3695 5412 3744 5462 id
3781 5412 3904 5490 ξεῐνξ

2345 5497 2462 5546 Deo
2495 5499 2706 5559 peteret
2741 5493 3017 5558 indulgeri
3059 5493 3188 5552 sibi,
3224 5495 3288 5542 ut
3332 5482 3515 5541 adhuc
3542 5482 3901 5551 aliquamdiuin

2347 5569 2488 5618 vivis
2517 5570 2881 5632 permaneret.
2913 5581 2942 5614 »

2411 5656 2484 5708 0b
2509 5657 2736 5722 gloriam
2759 5659 3056 5709 coronetur.
3088 5655 3405 5708 Gloriosum
3429 5654 3710 5708 certamen,
3735 5640 3902 5722 scilicet

2348 5719 2748 5795 temperantia,
2779 5729 3067 5791 castitatis,
3094 5727 3316 5793 pietatis
3343 5727 3398 5776 in
3431 5736 3580 5790 pace,
3612 5719 3900 5775 constantia.

2347 5804 2633 5874 patientiae
2663 5808 2719 5858 et
2745 5802 2879 5857 ﬁdei
2907 5802 2966 5854 in
2995 5803 3404 5868 congressione.
