4144 6192
292 185 419 249 4201

881 336 1231 391 EPISTOLA
1266 340 1358 392 XI.

351 476 660 552 Quanquam
706 480 887 529 sciam.
927 481 1199 546 Rigaltius
1225 485 1339 533 ait:
1382 502 1410 531 ‹‹
1446 487 1683 552 August.
1726 490 1819 540 lib.
1848 504 1929 540 1v,

286 548 531 626 de_B‘apt.
572 554 777 626 contra_
812 552 1143 626 Donatistae,
1189 548 1564 608 mentionem'
1584 560 1717 610 facit
1760 562 1930 626 hujus

288 618 537 694 epistola
586 633 716 669 cum
744 621 873 694 hoc
924 624 1123 673 titulo:
1156 627 1237 675 Ad
1278 627 1499 678 clericos
1542 629 1605 679 de
1657 618 1929 694 precando

288 690 411 737 Deo.
446 688 645 765 _Quem
717 691 939 742 titulum
997 697 1245 755 agnoscit
1317 701 1581 761 tanquam
1657 688 1929 765 Cypriani

289 761 710 824 genuinum;et
765 765 925 826 quasi
979 765 1044 814 ad
1099 767 1333 817 clericos
1394 770 1561 819 verba
1611 761 1823 823 faciens
1868 788 1928 825 se

290 844 525 907 quoque
567 832 748 907 ipsum
803 833 1204 897 alloqueretur,
1258 840 1688 902 transﬁgurans,
1746 845 1929 907 inquit

290 903 661 978 Augustinus,
695 904 752 952 in
795 917 854 954 se
879 910 939 953 ut
984 911 1206 957 sanctus
1234 909 1431 960 Daniel
1458 917 1685 974 peccata
1734 903 1926 978 populi

292 985 399 1022 sui.
436 990 464 1018 »

355 1044 558 1093 Sat:qu
615 1044 784 1095 verbis
842 1047 967 1096 solis
1033 1055 1081 1098 et
1129 1063 1234 1098 non
1294 1051 1453 1114 [actis
1505 1057 1924 1107 renuntiantes:

291 1132 323 1159 «
366 1114 535 1164 Addit
600 1118 946 1178 Augustinus
990 1131 1061 1168 ex
1114 1120 1286 1183 Epist.
1350 1123 1505 1172 Pauli
1561 1125 1628 1173 ad
1682 1127 1917 1177 Titum:

293 1184 615 1246 Conﬁtentur
645 1188 783 1235 enim
812 1200 956 1237 nosse
979 1202 1031 1237 se
1057 1191 1237 1249 Deum,
1261 1190 1423 1251 factis
1438 1195 1615 1243 autem
1636 1202 1847 1258 negant.
1892 1213 1924 1245 »

295 1258 464 1306 Porro
491 1258 676 1307 locum
727 1258 878 1309 hunc
904 1260 1150 1310 laudat].
1202 1264 1265 1312 de
1301 1264 1430 1313 Fide
1475 1269 1525 1313 et
1569 1267 1839 1329 Operibus,
1870 1282 1917 1318 c.

292 1328 395 1378 ult.
447 1330 678 1391 epistola
731 1331 886 1391 89,9,
937 1335 962 1379 Io
1027 1333 1192 1382 etiam
1231 1334 1334 1385 1.11
1382 1334 1563 1385 Contr.
1610 1328 1812 1400 Cresa,
1870 1353 1917 1390 c.

358 1469 634 1518 Tormenta
676 1470 789 1520 sine
841 1470 942 1533 fine
981 1474 1214 1531 tortoris,
1249 1474 1367 1523 sine
1424 1476 1565 1525 exitu
1612 1477 1917 1530 damnatio-

290 1542 388 1599 nis,
425 1541 537 1590 sine
581 1541 766 1590 solatio
820 1544 1018 1592 mortis.
1068 1544 1341 1607 Rigaltius
1388 1547 1465 1595 ait
1509 1562 1519 1594 :
1557 1565 1585 1593 «
1620 1549 1919 1600 Tertullia-

287 1624 395 1661 nus
422 1611 493 1659 ad
522 1612 702 1671 Mart,
731 1625 892 1662 omne
930 1614 1206 1664 carniﬁcis
1253 1617 1542 1679 ingenium
1586 1619 1641 1667 in
1675 1624 1917 1671 tormen-

288 1683 358 1731 tis
393 1682 694 1732 :Rufﬁnus
744 1683 999 1733 versione
1051 1686 1286 1734 Historiae
1336 1688 1528 1737 Ecclus.
1582 1688 1915 1742 Eusebiana

286 1752 429 1802 libro
463 1766 535 1813 vr,
570 1753 669 1801 ubi
696 1753 764 1801 de
811 1753 1061 1818 Origenis
1098 1758 1393 1808 vexatione
1440 1759 1545 1809 sub
1596 1761 1768 1811 Decio
1797 1778 1808 1810 :
1842 1765 1917 1813 Ita

286 1828 342 1872 ut
368 1822 514 1871 mille
539 1823 793 1873 mortibus
832 1828 1051 1875 vexatus
1079 1826 1165 1886 sit,
1203 1840 1294 1877 nec
1324 1834 1497 1878 tamen
1525 1844 1639 1880 una
1683 1833 1732 1881 ei
1755 1846 1917 1896 quam

282 1893 567 1956 exoptabat
635 1894 906 1951 accideret,
975 1903 1299 1958 persecutore
1364 1914 1563 1950 summo
1635 1893 1808 1952 studio
1860 1906 1920 1953 id

279 1969 490 2028 gerente
530 1970 709 2014 utnec
756 1966 999 2015 interitus
1052 1973 1419 2030 prestaretur,
1470 1985 1560 2021 nec
1603 1986 1759 2035 paena
1808 1987 1916 2024 ces-

282 2042 442 2087 serat.
538 2037 819 2088 Eusebius
900 2042 1115 2089 tantum
1196 2043 1488 2106 scripserat
1570 2058 1581 2091 :
1674 2045 1918 2108 Μηδαμῶς

284 2108 427 2158 αὐτὸν
496 2108 673 2156 ἀνελεῖν
750 2109 884 2157 παντὶ
965 2111 1115 2159 αθένει
1174 2112 1257 2160 τοῦ
1334 2114 1563 2162 δικασκοῦ
1636 2117 1919 2178 φιλονείκως

284 2179 553 2235 ὲνστὰντος.
605 2198 633 2225 ››
666 2180 832 2231 Recte
856 2181 1079 2231 adnotat
1137 2185 1413 2235 Pamelius
1467 2186 1596 2236 hinc
1646 2188 1915 2238 indicium

285 2264 410 2300 sum
437 2251 567 2314 quoi
589 2254 833 2314 tempore
859 2253 1061 2315 scripta
1092 2254 1160 2302 sit
1187 2254 1311 2305 hac
1353 2258 1602 2319 epistola.

349 2322 593 2379 Quandiu
620 2322 887 2386 dejiciant.
920 2323 1106 2386 Usque
1141 2325 1292 2373 dum.
1335 2327 1543 2376 Donec.

346 2394 490 2441 Inter
538 2393 655 2457 ipsa
709 2394 1067 2444 cruciamenta
1110 2396 1364 2458 defecerit.
1400 2398 1558 2447 Hanc
1615 2399 1914 2450 lectionem

287 2463 531 2512 maxime
586 2465 887 2526 genuinam
932 2466 1222 2527 existimo;
1256 2468 1353 2530 qui
1391 2469 1541 2517 enim
1580 2470 1636 2517 in
1662 2474 1915 2521 tormen-

287 2533 358 2582 tis
383 2534 758 2596 exspiraverit,
822 2539 970 2585 recte
1021 2536 1226 2586 dicitur
1272 2538 1494 2600 adeptus
1542 2538 1771 2602 gloriam
1808 2554 1915 2592 non

286 2607 511 2654 termino
539 2607 807 2669 supplicii,
842 2607 929 2655 sed
956 2607 1219 2657 celeritate
1248 2610 1519 2660 moriendi.

352 2678 557 2726 Dictum
584 2683 656 2725 est
688 2679 744 2724 in
785 2677 995 2726 visione.
1046 2678 1317 2741 Rigaltius
1358 2682 1433 2729 ait
1475 2694 1486 2728 :
1538 2700 1566 2727 α
1620 2682 1914 2731 Visionum

288 2749 539 2811 exempla
576 2750 718 2797 sacri
764 2750 1051 2811 utriusque
1097 2750 1449 2801 bibliotheca
1501 2751 1740 2809 codices,
1790 2754 1914 2803 Mo-

284 2820 419 2867 saici
466 2819 677 2868 scilicet
743 2824 799 2868 et
874 2819 1192 2881 Christiani,
1247 2826 1586 2883 suggerunt;
1655 2837 1783 2873 nam
1860 2830 1915 2875 et

287 2890 464 2938 multa
504 2889 611 2938 sibi
658 2888 923 2939 divinitus
985 2892 1225 2941 revelata
1295 2894 1620 2955 patriarcha
1669 2900 1909 2955 narrant,

285 2962 507 3009 narrant
558 2960 859 3022 propheta.
908 2960 1061 3010 Vidit
1110 2963 1300 3014 Petrus
1358 2964 1659 3015 demissum
1705 2966 1809 3015 sibi
1844 2967 1911 3016 de

285 3031 427 3081 calo
469 3043 565 3079 vas
612 3031 823 3093 ingens,
891 3036 945 3080 et
992 3032 1131 3082 vidit
1176 3034 1381 3083 Paulus
1432 3049 1558 3098 qua
1610 3050 1715 3086 nec
1764 3040 1911 3087 auris

280 3114 525 3164 unquam
549 3100 847 3160 audiverat,
885 3115 988 3151 nec
1016 3103 1228 3152 viderat
1257 3107 1471 3155 oculus.
1527 3107 1669 3156 Dein
1707 3106 1910 3157 Chris-

283 3173 447 3219 tiana
499 3171 681 3219 Patres
709 3170 973 3221 Ecclesia
1008 3173 1268 3236 pleraque
1315 3174 1423 3224 sibi
1451 3176 1506 3223 in
1558 3178 1770 3225 somnis
1798 3178 1908 3241 sig-

280 3242 500 3291 niﬁcata
548 3241 742 3305 litteris
770 3242 1120 3292 mandavere.
1159 3244 1225 3293 Et
1260 3245 1541 3295 visionum
1593 3248 1909 3297 testimonia

284 3312 660 3361 Tertullianus
694 3313 827 3361 citat
856 3326 966 3361 non
1006 3315 1195 3364 semel.
1239 3315 1392 3365 Adeo
1427 3317 1482 3365 in
1538 3317 1645 3366 hac
1672 3318 1911 3368 Deciana

284 3382 585 3433 Christiani
646 3383 834 3445 populi
882 3386 1196 3447 vexatione,
1235 3385 1546 3449 Cyprianus
1591 3402 1709 3437 rem
1756 3389 1906 3450 facit,

281 3454 542 3516 episcopo
586 3453 1189 3504 convenientissimam.
1240 3457 1355 3519 qui,
1411 3452 1736 3520 tempestate
1803 3472 1910 3508 sa-

280 3525 484 3584 viente,
544 3528 606 3571 ut
651 3525 859 3585 peritus
927 3529 1200 3575 astrorum
1272 3527 1622 3589 gubernator,
1703 3529 1908 3579 calum

284 3593 709 3655 contemplatur,
750 3597 803 3642 et
834 3595 1091 3644 mandata
1130 3595 1234 3644 sibi
1280 3596 1349 3645 de
1404 3598 1547 3648 calo
1596 3600 1910 3650 vectoribus

279 3664 398 3713 suis
432 3663 696 3724 inculcat,
743 3664 1012 3713 suadendi
1056 3678 1256 3727 genere
1294 3667 1704 3730 efﬁcacissimo,
1740 3671 1907 3719 visio-

278 3748 352 3784 ne
412 3734 596 3783 oblata
656 3734 764 3783 sibi
832 3734 1116 3791 divinitus.
1168 3738 1388 3800 negotio
1464 3739 1617 3803 quod
1669 3741 1911 3803 agitabat

276 3805 576 3876 aptissima.
607 3804 766 3854 Hanc
794 3818 922 3855 vero
959 3806 1229 3857 visionem
1254 3809 1313 3856 in
1339 3810 1550 3858 somnis
1612 3812 1908 3876 contigisse

279 3875 586 3925 declarabit
610 3875 840 3937 epistola
871 3876 949 3937 16,
978 3876 1075 3925 ubi
1101 3876 1168 3928 de
1198 3879 1420 3928 exstasi.
1458 3895 1487 3925 ιι

350 3947 413 3994 Ut
458 3958 555 4007 pro
600 3945 917 4008 quibusdam
971 3950 1208 4010 personis
1268 3950 1552 4012 designatis
1611 3950 1713 4000 sibi
1762 3956 1909 4013 pete-

280 4022 414 4066 rent.
447 4015 722 4078 Rigaltius
764 4017 879 4066 ait:
913 4033 941 4065 «
980 4017 1142 4079 Quod
1190 4021 1514 4069 memoriam
1552 4020 1683 4069 facti
1733 4022 1908 4071 alicu-

275 4090 369 4151 jus
412 4085 629 4137 rel‘ricat
670 4086 738 4136 de
789 4088 1157 4149 quorumdam
1220 4090 1501 4152 lapsorum
1563 4091 1904 4154 panitentia,

278 4160 429 4210 circa
454 4171 621 4221 quam
647 4158 868 4207 dissona
885 4159 1101 4208 fuerant
1129 4160 1359 4209 fratrum
1386 4159 1664 4223 suffragia.
1691 4177 1720 4210 ››

346 4228 642 4280 Secundum
680 4241 855 4291 pacem
903 4242 1063 4290 quam
1115 4229 1259 4279 nobis
1313 4232 1567 4280 Dominus
1614 4231 1772 4281 dedit.
1811 4232 1907 4282 Ri-

277 4301 480 4365 galtius
510 4300 587 4349 ait
617 4314 628 4347 :
656 4314 685 4347 «
729 4299 881 4349 Dixit
913 4299 1196 4362 apostolus
1253 4301 1403 4363 apud
1435 4302 1733 4363 Joannem,
1783 4316 1904 4363 xxv,

276 4373 339 4421 27
386 4372 621 4420 :Pacem
664 4383 832 4419 meam
878 4368 943 4417 do
999 4370 1160 4420 vobis.
1207 4372 1325 4419 Non
1389 4372 1647 4434 quomodo
1677 4373 1906 4423 mundus

1649 198 1824 262 EDIT.
1866 204 2066 267 OXON.
2108 207 2323 272 NOTIE.

1958 343 2269 420 Aperfusi,
2330 348 2534 412 jaculo,
2605 350 2963 420 ὰμφιϐλήστρῳ,

1938 1706 1994 1778 Β

1932 3066 1985 3139 C

3526 228 3543 284 l
3559 228 3660 288 202

3053 354 3239 407 funda.
3301 355 3526 412 Servius
3596 364 3667 416 ad

2037 415 2190 489 Ψιιςί⁸
2219 418 2370 482 Virg.
2401 422 2581 485 Georg.
2644 415 2704 460 -έ-
2742 415 2958 475 Funda'
2970 427 3091 489 jam
3143 428 3381 480 verberat
3435 447 3659 486 amnem.

2032 487 2247 568 Eunda,
2278 491 2486 568 inquit,
2542 506 2727 568 genus
2753 500 2833 568 est
2882 487 3031 556 retis,
3064 500 3274 550 dictum
3297 516 3325 550 a
3354 503 3660 568 fundendo,

2032 554 2082 639 id
2138 563 2243 639 est”
2269 554 2567 639 jaculumf
2584 566 2734 639 quod
2767 567 2970 617 dicitur
3010 554 3165 626 ϐὀὶος
3184 571 3527 635 Compositio
3556 554 3657 639 igi:

2029 628 2119 702 tur
2145 630 2366 680 retiario
2413 647 2539 681 cum
2587 635 2800 685 Thraco
2830 643 2923 687 aut
2974 628 3344 702 myrmillone-
3370 650 3461 693 aut
3487 628 3655 695 secti-

2027 701 2161 755 tore,
2201 714 2286 749 ars
2336 707 2652 756 certaminis
2689 711 2804 757 erat
2843 713 2904 758 ut
2958 701 3210 761 retiarius
3252 714 3489 766 eﬂ‘usum
3543 724 3656 769 rete

2028 772 2176 853 tanta
2195 774 2471 853 "agilitate
2528 778 2875 853 contraheret
2906 784 2967 829 ut
3005 783 3378 834 adversarium
3418 790 3657 853 corripe-

2026 844 2147 918 I_'et._
2192 843 2637 918 Contra‘ctionem
2700 850 2851 899 illam
2927 853 3044 903 sive
3103 843 3652 918 comprehensionem

2027 912 2406 991 Tertullianus
2442 920 2759 991 ‘spongiam
2807 921 2965 979 dixit,
3024 924 3163 974 libro
3230 912 3294 977 de
3369 930 3653 991 Spectacu-

2027 980 2107 1061 lis,
2167 983 2387 1035 deﬁxus
2438 987 2495 1037 in
2530 980 2748 1040 morsus
2776 1003 3053 1056 ursorum,
3087 997 3139 1044 et
3186 980 3446 1062 spongias
3487 980 3651 1051 retia-

2021 1063 2253 1104 rtorum.

2091 1125 2153 1173 Ut
2182 1139 2267 1176 vos
2296 1128 2861 1182 vemaret.Toi'iawtaaat
2880 1134 3156 1186 Intellexit
3178 1137 3234 1186 in
3260 1141 3485 1191 notione
3498 1144 3651 1192 vocis

2024 1197 2330 1258 communi,
2360 1200 2623 1250 nimirum
2659 1208 2721 1252 ut
2760 1205 3038 1266 signiﬁcet
3068 1224 3368 1272 κακουργειν,
3403 1212 3663 1277 βλάπτειν,

2021 1277 2131 1344 1109
2163 1272 2348 1318 autem
2384 1275 2565 1331 σεῖσαι,
2593 1274 2920 1335 nominabo-at,
2940 1277 3008 1327 de
3037 1278 3241 1340 quibus
3272 1272 3518 1344 Hesych.

2084 1338 2241 1387 Pater
2289 1354 2383 1411 nos
2418 1348 2465 1392 et
2515 1346 2730 1408 corrigit
2784 1349 2941 1397 Hanc
2975 1338 3272 1411 genuinam
3309 1338 3429 1402 esse
3466 1355 3657 1407 lectio-

2020 1418 2148 1484 nem
2192 1409 2427 1484 suadent
2462 1426 2587 1476 qua
2630 1418 2959 1478 sequuntur,
2983 1409 3041 1465 et
3099 1416 3303 1469 Christo
3347 1423 3455 1483 ejus
3476 1423 3653 1484 ﬁrmi-

2019 1479 2110 1551 t_er_
2142 1477 2467 1531 adhaerentes
2497 1497 2512 1531 :
2548 1497 2668 1546 qua
2713 1477 2878 1536 certe
2935 1487 3103 1537 verba
3138 1477 3519 1551 {praecedentia
3576 1497 3647 1546 ad

2020 1545 2237 1629 Patrem
2270 1545 2653 1629 determinant.
2693 1555 2877 1605 Altera
2929 1571 3059 1607 vero
3094 1545 3258 1609 lectio
3292 1576 3419 1625 qua
3460 1564 3648 1629 habet,

2016 1622 2222 1699 pariter
2248 1636 2344 1673 nos
2370 1629 2430 1699 _et
2456 1627 2675 1699 corrigit
2722 1632 2771 1676 et
2810 1632 3007 1689 tuetur,
3050 1631 3273 1691 respicit
3310 1622 3436 1695 qua
3478 1622 3646 1699 supra

2017 1694 2293 1744 habentur
2354 1694 2422 1745 de
2470 1697 2593 1746 Jesu
2660 1698 2859 1750 Christo
2921 1701 3145 1751 Domino
3173 1706 3223 1751 et
3267 1694 3372 1753 Deo
3424 1694 3602 1756 nostra
3629 1724 3648 1756 .-

2018 1778 2145 1829 qua
2166 1765 2393 1815 minime
2418 1768 2706 1829 quadrent.

2082 1838 2141 1884 In
2187 1835 2380 1885 dilictis
2428 1838 2542 1888 licet
2589 1841 2842 1902 plurimis
2890 1843 3236 1891 constitutum.
3292 1844 3353 1893 In
3388 1847 3643 1898 eamdem

2016 1911 2259 1981 mentem
2313 1908 2684 1959 Tertullianus
2718 1910 2752 1959 1.
2788 1911 2850 1960 de
2900 1913 3209 1963 Panitentia
3251 1915 3496 1979 seipsum
3545 1932 3643 1981 ap-

2015 1980 2182 2044 pellat
2211 1985 2525 2040 peccatorem
2552 1982 2781 2031 omnium
2806 1988 3076 2033 notarum.

2078 2051 2175 2100 Dic
2206 2048 2309 2111 illi,
2362 2050 2556 2114 inquit,
2581 2064 2796 2103 securus
2837 2056 2926 2115 sit,
2958 2057 3089 2118 quia
3118 2068 3231 2118 pass
3270 2063 3498 2108 uentura
3549 2064 3637 2109 est.

2016 2120 2291 2183 Rigaltius
2330 2121 2407 2170 ait
2442 2138 2452 2169 :
2498 2139 2524 2166 «
2568 2124 2756 2187 Itaque
2814 2124 2918 2173 sub
2966 2124 3135 2176 ﬁnem
3169 2127 3416 2189 epistola
3456 2129 3591 2178 dicit
3626 2145 3638 2178 :

2020 2195 2267 2255 Rogemus
2318 2204 2496 2252 pacem
2544 2196 2809 2244 maturius
2881 2196 3066 2254 reddi,
3112 2199 3212 2247 cito
3255 2198 3471 2249 latebris
3511 2213 3643 2249 nos-

2016 2264 2115 2313 tris
2176 2266 2225 2309 et
2286 2263 2537 2322 periculis
2589 2263 2872 2314 subveniri.
2928 2265 3177 2329 Hujusce
3247 2273 3435 2317 autem
3474 2270 3642 2318 visio-

2015 2334 2102 2383 nis
2163 2334 2419 2383 meminit
2484 2336 2642 2399 epist.
2698 2337 2728 2385 4
2790 2340 2843 2385 et
2890 2337 2962 2386 16.
3019 2338 3338 2401 Alloquitur
3403 2341 3640 2402 paterfa-

2014 2405 2199 2453 milias
2237 2405 2519 2466 juvenem,
2572 2407 2661 2455 cui
2727 2420 2890 2468 supra
2938 2410 3191 2469 apparuit
3260 2409 3537 2472 Cypriano
3582 2411 3640 2459 in

2015 2480 2225 2528 somnis
2285 2479 2482 2529 anxius
2529 2481 2583 2526 et
2652 2477 2952 2528 subtristis.
2986 2479 3091 2529 Dic
3136 2479 3236 2539 illi,
3283 2480 3339 2529 id
3392 2484 3474 2529 est
3529 2480 3639 2543 Cy-

2013 2560 2224 2609 priano.
2261 2568 2290 2596 »

2076 2619 2238 2670 Nemo
2269 2626 2409 2669 retro
2422 2618 2710 2668 attendens.
2743 2619 2925 2669 Etiam
2960 2620 3147 2670 Graca
3173 2619 3429 2684 quadam
3453 2634 3637 2671 exem-

2013 2687 2185 2750 plaria
2223 2693 2413 2742 ordine
2438 2692 2543 2739 isto
2578 2690 2741 2740 verba
2760 2690 2968 2753 legunt.

2079 2760 2221 2819 Quod
2281 2764 2523 2811 evaserat
2601 2761 2853 2823 perdidit.
2924 2763 3033 2811 Iter
3085 2775 3249 2812 omne
3300 2762 3438 2812 illud
3487 2763 3637 2826 quod

2017 2843 2244 2881 emensa
2270 2834 2446 2882 fuerat
2496 2834 2553 2881 in
2605 2833 2819 2881 irritum
2863 2834 3048 2882 cessit.
3078 2834 3161 2884 De
3189 2834 3297 2884 hoc
3331 2847 3438 2883 usu
3480 2834 3635 2885 vocis

2015 2899 2182 2963 hujus
2207 2905 2354 2967 apud
2378 2904 2740 2967 Cyprianum,
2772 2917 2937 2967 supra
2971 2905 3202 2967 egimus.

2074 2972 2468 3036 Languentium.
2500 2974 2819 3037 Lapsorum.

2075 3043 2363 3104 Lapsorum
2412 3045 2715 3107 paenitentia
2759 3044 3091 3106 reformatur.
3149 3045 3434 3107 Regaltius
3482 3046 3557 3094 ait
3615 3060 3628 3093 :

2012 3134 2040 3163 (ι
2084 3114 2163 3162 Ne
2197 3116 2494 3178 recipiatur
2532 3116 2722 3177 cruda,
2758 3129 2998 3179 pracox,
3043 3119 3100 3166 et
3146 3116 3487 3181 imperfecta,
3539 3120 3633 3165 aut

2010 3200 2205 3252 parum
2230 3186 2461 3238 sincera.
2496 3204 2523 3233 υ

2560 3381 2911 3433 EPISTOLA
2958 3384 3079 3433 XII.

2073 3523 2155 3573 Ad
2209 3536 2394 3572 curam
2455 3521 2589 3573 desit
2645 3524 2728 3572 iis.
2784 3524 3011 3574 Tertull.
3055 3527 3127 3576 ad
3149 3528 3380 3591 Martyr.
3416 3546 3443 3574 «
3482 3529 3633 3580 Nihil

2012 3593 2198 3644 adhuc
2222 3593 2347 3642 dico
2395 3593 2463 3643 de
2497 3595 2725 3656 pramio
2766 3596 2834 3644 ad
2864 3596 3011 3659 quod
3053 3598 3204 3647 Deus
3256 3603 3525 3663 martyres
3550 3602 3632 3650 in-

2010 3666 2165 3715 vitat.
2198 3665 2377 3727 Ipsam
2402 3665 2620 3714 interim
2668 3668 3146 3717 conversationem
3191 3670 3383 3719 saculi
3413 3674 3467 3720 et
3516 3684 3632 3720 car-

2010 3736 2152 3785 ceris
2188 3748 2592 3798 comparemus,
2633 3736 2680 3783 si
2721 3749 2832 3784 non
2872 3737 2998 3798 plus
3044 3738 3101 3786 in
3142 3751 3363 3789 carcere
3404 3742 3631 3803 spiritus

2009 3805 2265 3869 acquirit,
2319 3820 2487 3869 quam
2533 3818 2658 3854 caro
2711 3806 2910 3854 amittit
2949 3822 2959 3853 :
3018 3808 3186 3856 immo
3236 3812 3446 3872 etquae
3480 3813 3628 3873 justa

2008 3881 2137 3925 sunt
2165 3890 2292 3925 caro
2318 3890 2426 3925 non
2458 3876 2653 3925 amittit
2680 3889 2777 3938 per
2805 3888 2994 3925 curam
3018 3877 3304 3928 Ecclesia.
3333 3897 3362 3924 »

2069 3947 2193 3995 Dies
2247 3959 2424 3994 eorum
2484 3944 2668 4009 quibus
2735 3946 2993 3995 excedunt
3061 3952 3336 3998 annotate.
3394 3950 3624 3999 Tertull.

2008 4016 2043 4065 l.
2092 4016 2154 4064 de
2183 4017 2407 4075 Corona,
2455 4014 2836 4064 Christianum
2887 4017 2968 4065 sic
3008 4017 3312 4081 alloquitur
3344 4034 3354 4067 :
3386 4037 3413 4065 «
3444 4020 3629 4070 Habes

2008 4090 2131 4137 tuos
2179 4099 2393 4144 sensus,
2456 4090 2579 4135 tuos
2623 4086 2793 4136 fastos
2843 4102 2853 4135 :
2896 4087 3034 4138 nihil
3082 4088 3179 4139 tibi
3230 4103 3358 4139 cum
3413 4091 3629 4155 gaudiis

2008 4157 2248 4216 saculi;
2292 4158 2403 4205 imo
2460 4158 2796 4207 contrarium
2846 4158 3032 4208 debes.
3084 4177 3111 4204 »
3154 4160 3302 4209 Libri
3354 4163 3629 4211 rationum

2009 4229 2103 4292 qui
2136 4228 2494 4278 continebant
2528 4241 2796 4291 expensas
2849 4230 2905 4279 in
2949 4232 3285 4295 pauperibus
3331 4233 3631 4283 sublevan-

2009 4299 2092 4347 dis
2116 4300 2487 4354 factas.erant
2528 4300 2818 4350 censuales
2855 4301 3105 4352 ﬁdelium
3159 4303 3378 4353 tabula.
3428 4305 3631 4365 Marty-

2008 4371 2233 4432 rologia,
2266 4384 2456 4419 eorum
2495 4371 2636 4420 fasti.
2686 4372 2808 4423 Hoc
2860 4372 2974 4422 fere
3019 4374 3282 4438 tempore,
3316 4375 3422 4425 sub
3463 4375 3634 4424 initiis

276 4443 389 4501 dat,
420 4454 507 4504 ego
535 4440 598 4489 do
624 4439 778 4490 vobis.
807 4441 984 4490 Dabat
1007 4442 1154 4490 enim
1191 4430 1572 4504 pacem—inter
1621 4456 1751 4493 suos
1782 4430 1985 4506 apo-D
2008 4430 2164 4490 Decii
2198 4460 2208 4485 :
2256 4457 2285 4485 «
2319 4441 2599 4491 Fabianus
2646 4443 2837 4493 Romae
2891 4449 3103 4507 septem
3132 4430 3448 4495 instituisse
3498 4446 3634 4494 dici-

281 4514 456 4563 stolos
486 4516 757 4562 mutuam.
795 4512 872 4561 Ita
904 4514 1073 4563 sensit
1102 4512 1550 4576 Chrysostomus,
1588 4515 1720 4575 Ἐγὼ
1739 4515 1908 4578 δίδωμι

274 4584 520 4643 τοιαῦτην,
598 4582 723 4630 ὣστε
802 4582 904 4644 μετ’
971 4584 1214 4646 ἀλλήλων,
1288 4583 1540 4648 εἰρηνεύειν
1613 4584 1731 4643 δηεα
1787 4587 1910 4649 ὑμᾶς

285 4655 626 4718 ίσχυροτέαουζ
659 4657 803 4701 ποιεῖ.
835 4672 863 4699 ››

340 4727 397 4774 In
424 4738 586 4775 unum
616 4724 929 4785 fraternitas
954 4726 1212 4775 animata.
1248 4726 1581 4788 Ομοθυμαδον.

347 4800 465 4848 Rete
483 4795 747 4859 portabat.
800 4796 1063 4859 Rigaltius
1087 4800 1164 4847 ait
1208 4812 1219 4845 :
1265 4815 1292 4843 «
1334 4799 1471 4849 Hac
1517 4800 1655 4849 visio
1709 4800 1907 4850 diabo-

280 4871 401 4919 lum
458 4867 685 4918 exhibet
736 4867 793 4915 in
838 4873 1116 4917 armatura
1172 4869 1405 4930 retiarii;
1457 4872 1553 4933 qui
1601 4875 1766 4930 recte,
1814 4874 1908 4934 ja-

281 4941 411 4992 culo
437 4944 490 4989 et
508 4938 748 4989 tridente
788 4951 887 4988 seu
919 4940 1135 4991 fuscina
1161 4941 1458 5004 pugnabat.
1496 4957 1526 4990 >>

350 5013 414 5059 Ut
447 5010 868 5058 circumstantem
916 5011 1172 5073 populum
1216 5018 1439 5074 Cuperet.
1487 5013 1758 5075 Rigaltius
1786 5015 1860 5064 ait
1892 5029 1903 5061 ε

275 5097 308 5128 (ς
358 5078 610 5129 Emulus
652 5078 857 5129 Christi
914 5082 1171 5131 diabolus
1250 5083 1502 5134 homines
1578 5086 1725 5148 capit
1766 5085 1906 5134 dolis

281 5155 336 5202 et
358 5149 665 5200 fraudibus.
722 5152 795 5200 At
842 5150 1093 5202 Christus
1141 5153 1209 5201 ad
1271 5155 1589 5216 piscatores,
1624 5155 1905 5206 Simonem

279 5226 335 5272 et
380 5220 679 5279 Andream,
732 5222 1016 5284 capiendis
1087 5224 1330 5287 piscibus
1374 5227 1631 5276 intentos.
1686 5227 1903 5289 Venite,

277 5293 479 5355 inquit,
532 5290 730 5341 faciam
794 5305 893 5341 vos
947 5294 1247 5356 piscatores
1313 5295 1621 5346 hominum.
1680 5297 1749 5346 Et
1806 5310 1904 5359 pro

278 5363 490 5414 retibus
541 5364 595 5410 et
653 5374 855 5424 sagena
906 5364 1054 5414 dedit
1098 5366 1177 5415 eis
1244 5366 1504 5417 mandata
1568 5367 1669 5417 Dei
1731 5368 1904 5417 Patris

280 5432 677 5495 omnipotentis
747 5432 814 5481 ad
874 5435 1111 5485 salutem
1184 5438 1444 5487 aternam
1498 5438 1906 5498 efﬁcacissima,

278 5505 488 5567 quibus
552 5503 631 5551 illi
691 5506 981 5568 praeceptis
1040 5508 1156 5557 sive
1212 5508 1501 5571 mandatis,
1576 5510 1828 5561 homines
1874 5525 1905 5560 a

280 5575 503 5625 diabolo
542 5575 599 5623 in
669 5578 903 5625 mortem
984 5577 1263 5643 deceptos,
1326 5579 1395 5629 ad
1472 5581 1641 5631 vitam
1692 5583 1902 5646 recipe-

280 5650 420 5698 rent.
455 5663 483 5693 »

342 5718 503 5773 Jactu
555 5717 657 5773 reti
715 5720 962 5783 operiret.
1024 5720 1296 5788 Rigaltius
1356 5722 1434 5774 ait
1496 5737 1569 5771 :«
1614 5722 1765 5777 Betis
1806 5735 1900 5775 su-

2010 4516 2099 4561 tur
2122 4511 2513 4572 subdiaconos,
2574 4515 2668 4576 qui
2719 4518 2932 4575 septem
2982 4517 3210 4565 notariis
3260 4517 3629 4566 imminerent.

2009 4586 2062 4632 et
2104 4585 2253 4644 gesta
2297 4588 2602 4646 martyrum
2646 4584 2700 4632 in
2748 4586 2958 4647 integro
3002 4585 3339 4648 colligerent.
3391 4604 3418 4633 »
3462 4587 3630 4636 Porro

2008 4655 2312 4716 martyrum
2364 4654 2650 4716 passiones
2697 4658 2752 4704 et
2813 4654 2929 4703 dies
2967 4657 3341 4705 anniversaria
3387 4670 3631 4707 comme-

2008 4724 2311 4773 moratione
2365 4737 2460 4785 per
2502 4725 2743 4774 Africam
2805 4724 3088 4787 celebrari,
3134 4725 3270 4775 dicit
3323 4726 3632 4789 Cyprianus

2008 4794 2171 4857 epist.
2201 4796 2277 4844 39.
2330 4795 2398 4843 Et
2424 4795 2647 4858 quidem
2690 4796 2759 4845 de
2808 4796 3077 4857 singulari
3118 4798 3317 4860 prisca
3365 4798 3633 4848 Ecclesia

2011 4864 2310 4914 Orientalis
2340 4865 2448 4915 hoc
2487 4866 2544 4914 in
2592 4866 2810 4929 negotio
2852 4866 3154 4929 diligentia,
3196 4868 3409 4917 illustre
3442 4881 3634 4918 monu-

2008 4938 2260 4983 mentum
2304 4939 2510 4995 exstat,
2565 4938 2728 4997 cujus
2782 4939 2993 4998 partem
3053 4937 3290 4987 servavit
3339 4938 3539 4987 Euseb.
3596 4939 3635 4988 l.

2006 5017 2087 5066 Ix,
2134 5017 2180 5054 c.
2237 5006 2309 5066 15,
2378 5006 2765 5055 Reverendiss.
2821 5018 2951 5055 vero
3002 5007 3257 5057 Usserius
3293 5010 3634 5072 nuperinte-

2004 5089 2163 5137 grum
2203 5075 2489 5136 exhibuit;
2520 5076 2765 5138 intelligo
2799 5077 3091 5138 epistolam
3133 5079 3401 5129 Ecclesia
3450 5080 3636 5143 Smyr-

2005 5148 2198 5197 nensis
2232 5148 2298 5196 ad
2317 5148 2602 5198 Ecciesias
2645 5148 2804 5196 Ponti
2843 5150 3223 5211 perscriptum,
3262 5150 3331 5199 de
3368 5153 3632 5215 martyrio

2007 5219 2314 5283 Polycarpi.
2363 5219 2443 5268 lbi
2480 5220 2773 5282 postquam
2818 5221 2943 5268 acta
2968 5220 3213 5282 martyrii
3258 5224 3375 5285 ejus
3411 5236 3632 5285 percur-

2005 5291 2223 5349 rissent,
2278 5288 2553 5352 spondent
2599 5290 2793 5339 fratres
2845 5304 2904 5340 se
2952 5291 3168 5340 favente
3210 5293 3443 5341 numine
3489 5292 3638 5341 ἐπιτε-

2005 5362 2105 5409 λεῖν
2177 5361 2258 5417 τήν
2330 5358 2413 5408 τοῦ
2490 5359 2747 5424 μαρτυρίου
2809 5359 2954 5409 αὑτοῦ
3022 5360 3199 5425 ἡμέραν
3268 5363 3500 5422 γενέθλιον
3525 5400 3537 5422 ,
3595 5373 3639 5415 εἶ

2004 5448 2052 5481 τε
2092 5432 2186 5479 τῶν
2232 5430 2599 5495 προηθληχότων
2658 5431 2859 5493 μνήπην,
2909 5432 2989 5479 καὶ
3037 5448 3129 5478 των
3183 5433 3456 5495 μελλόντων
3506 5434 3633 5487 ἄσκη

2004 5506 2077 5554 σίν
2162 5521 2211 5552 τε
2289 5506 2367 5552 καὶ
2445 5505 2737 5567 ἐτοιμασίαν.
2827 5504 3149 5555 Passionem
3229 5512 3414 5557 autem
3494 5507 3635 5555 inci-

2004 5577 2151 5626 disse
2206 5577 2387 5625 ferunt
2445 5575 2592 5638 μηθεὸς
2650 5575 2881 5625 Eam:th
2957 5577 3149 5642 δευτέρᾳ
3214 5578 3488 5641 ἱσταμένου,
3544 5581 3637 5639 πρὸ

2004 5650 2120 5698 ἑπτὰ
2181 5651 2425 5699 καλανδῶν
2486 5650 2714 5712 μαρτίων,
2760 5651 2987 5700 σαϐϐάτῶ
3038 5652 3227 5715 μεγάλῳ
3246 5691 3261 5716 ,
3316 5654 3419 5714 ὥρᾳ
3469 5650 3620 5714 ὀγδόῃ

2010 5719 2274 5785 σ’ῠνελήφθη
2345 5722 2439 5772 ὑπὸ
2522 5721 2740 5788 Ἡρώδου
2816 5724 3128 5791 εἰρηνάρχου,
3209 5726 3311 5778 ὑπὸ
3391 5720 3653 5782 ἀρχιερέωι
