4144 6192
316 295 506 379 timius
566 295 877 352 benedictis
930 300 1038 354 illis
1097 302 1165 355 ad
1228 308 1559 372 martyrium
1631 311 1935 379 designatis

316 388 457 439 quos
488 377 545 426 in
579 379 699 442 ipso
743 394 963 432 carcere
997 397 1027 433 a
1068 384 1287 436 diabolo
1322 390 1560 441 tentatos
1602 377 1774 444 fuisse
1801 394 1936 446 dicit

314 447 523 496 vilibus
564 450 771 510 scidiis,
828 452 1237 512 affectionibus,
1285 463 1377 508 aut
1416 461 1560 511 inter
1610 477 1669 513 se
1717 465 1937 516 dissen—

313 518 584 597 sionibus.
612 520 746 582 Quae
774 537 905 574 sane
937 526 1109 575 multa
1136 529 1281 578 mala
1314 530 1586 582 dederunt
1616 536 1936 597 reipublicaa

318 589 664 666 Christianas.
728 596 965 658 Ineptias
1018 598 1109 648 hic
1169 599 1322 661 dicit,
1372 616 1498 666 quas
1562 589 1937 659 Tertullianus

314 662 455 711 viles
474 664 675 724 scidas,
705 670 797 715 aut
825 668 954 717 vilia
984 669 1173 719 scidia.
1209 690 1239 715 »

377 736 489 814 Αά.
524 737 596 814 id
628 751 747 814 vero
796 741 957 814 quod;
988 743 1308 814 scripserunt
1362 746 1493 795 mihi
1543 750 1938 814 compresbyteri

313 808 509 886 nostri.
537 808 803 886 Rigaltius
843 811 959 886 ait:
998 829 1027 856 «
1067 813 1148 863 De
1186 814 1353 877 lapsis
1392 808 1666 871 videlicet
1692 822 1761 871 ad
1802 808 1937 886 pce-

311 879 606 927 nitentiam
637 881 984 943 recipiendis.
1019 900 1049 929 »

378 948 519 999 Nihil
564 950 678 999 sine
736 952 949 1002 consilio
994 957 1157 1005 vostro
1213 960 1262 1005 et
1324 972 1559 1008 consensu
1611 960 1788 1023 plebis.
1842 963 1937 1014 Ri-

312 1021 517 1084 galtius
551 1024 626 1071 ait
680 1037 759 1070 :«
792 1024 915 1074 Hoc
971 1030 1053 1075 est
1109 1040 1239 1077 cum
1292 1033 1406 1078 tota
1465 1021 1737 1089 Ecclesia,
1791 1034 1938 1085 sicut

314 1093 546 1165 apostoli
584 1094 849 1165 fecerant,
882 1096 1057 1158 prima
1104 1098 1193 1149 illa
1234 1100 1467 1162 synodo,
1504 1115 1630 1165 quin
1668 1102 1934 1154 describi-

315 1165 403 1211 tur
452 1163 507 1211 in
564 1164 749 1213 Actor.
815 1179 916 1228 xv,
968 1167 1031 1216 22
1078 1184 1089 1215 :
1144 1170 1274 1217 Tunc
1331 1163 1537 1231 placuit
1596 1175 1840 1234 apostolis
1885 1179 1934 1225 et

313 1234 598 1281 senioribus
620 1250 733 1283 cum
764 1239 904 1285 omni
936 1239 1174 1287 Ecclesia.
1214 1240 1375 1296 Ἔδοξε
1398 1247 1497 1297 τοῖς
1522 1244 1826 1301 Ἀποστόλοις
1853 1247 1933 1294 καὶ

312 1309 412 1359 τοῖς
438 1306 769 1369 πρεσϐυτέροις
791 1309 878 1355 σὺν
909 1309 994 1371 ὅλῃ
1023 1315 1078 1371 τῇ
1105 1312 1377 1375 Ἐκκλησὶᾳ.
1407 1314 1493 1362 Ad
1527 1328 1655 1364 eum
1704 1330 1833 1366 vero
1858 1318 1936 1367 lo-

317 1388 445 1424 cum
488 1378 750 1438 prteclare
810 1378 1239 1443 Chrysostomus
1289 1398 1300 1431 :
1349 1384 1494 1431 Ὥστε
1548 1386 1692 1440 δεῖξαι
1752 1386 1822 1434 bet
1877 1390 1932 1436 οὔ

313 1448 615 1509 τυραννικῶς,
642 1450 713 1496 ὅτι
752 1454 871 1498 πᾶσι
900 1451 1049 1513 ταῦτᾳ
1086 1452 1234 1511 δοκεῖ,
1260 1457 1315 1503 et
1361 1455 1524 1517 paulo
1570 1460 1695 1517 post
1732 1472 1743 1504 :
1785 1457 1935 1514 οὕτως

318 1517 473 1571 οὐδεὶς
512 1524 655 1581 τῦφος
692 1520 748 1581 ἦν
788 1522 839 1569 ὲυ
878 1526 933 1583 τῇ
978 1524 1253 1579 Ἐκκλησία.
1312 1524 1404 1575 Sic
1442 1526 1663 1588 ipsimet
1700 1527 1934 1578 Romani

314 1587 455 1637 infra
490 1591 643 1652 epist.
674 1591 705 1640 3
734 1607 744 1639 :
785 1592 1093 1644 Collatione
1140 1587 1503 1645 consiliorum
1551 1610 1681 1647 cum
1716 1600 1934 1661 episco-

311 1661 417 1721 pis,
446 1662 797 1725 presbyteris,
847 1664 1114 1727 diaconis,
1167 1667 1578 1718 confessoribus
1619 1671 1820 1733 pariter
1872 1686 1935 1723 ac

312 1732 586 1806 stantibus
612 1735 784 1806 laicis.
808 1751 836 1781 ››
870 1734 1047 1799 Supra
1070 1739 1384 1787 monuimus
1407 1732 1669 1803 sategisse
1700 1742 1932 1806 Cypria-

312 1814 449 1851 num
479 1804 747 1853 invidiam
778 1807 995 1856 amoliri
1034 1807 1161 1857 :hic
1196 1822 1328 1859 vero
1363 1809 1500 1859 dicit
1531 1824 1591 1860 se
1615 1804 1759 1862 nihil
1784 1804 1933 1876 quod

316 1872 384 1921 ad
426 1872 733 1938 disciplinas
782 1877 1173 1928 ecclesiasticas
1210 1881 1456 1931 rationes
1492 1886 1705 1944 spectat
1746 1872 1934 1935 incon-

311 1944 456 1992 sulta
490 1945 651 2007 plebe
698 1950 953 1997 statuere.
1005 1949 1224 1999 Etenim
1254 1964 1382 2000 cum
1428 1954 1666 2003 exterior
1704 1953 1935 2005 eﬂectus

311 2017 598 2077 potestatis
646 2017 885 2089 clavium
922 2020 979 2068 in
1016 2019 1123 2069 hoc
1145 2021 1257 2070 fere
1295 2023 1637 2087 versabatur,
1674 2030 1733 2074 ut
1776 2026 1934 2089 plebs

313 2098 564 2137 censurae
597 2088 873 2152 subjectos
899 2105 997 2155 pro
1039 2092 1364 2143 ethnicis-et
1399 2095 1714 2157 publicanis
1760 2088 1934 2148 habe-

312 2162 423 2216 ret;
456 2162 603 2208 certe
638 2173 750 2209 non
777 2166 893 2211 erat
922 2164 1355 2226 exspectandum
1388 2168 1449 2214 ut
1473 2167 1701 2225 amicos,
1735 2181 1932 2217 neces-

312 2230 503 2289 sarios,
532 2228 727 2281 fratres
743 2235 1335 2284 excommunicationis
1359 2236 1593 2287 fulmine
1618 2251 1932 2300 percussos,

310 2298 624 2350 desererent
653 2304 930 2362 universi;
958 2308 1053 2354 aut
1082 2305 1218 2354 alios
1259 2320 1399 2369 quos
1428 2298 1705 2370 ejecerant
1745 2310 1931 2360 denuo

310 2370 862 2431 admitterent,donec
883 2375 950 2423 de
968 2389 1156 2425 eorum
1184 2378 1523 2439 criminibus,
1553 2384 1647 2428 aut
1672 2382 1936 2443 paeniten-

310 2441 404 2500 tia,
436 2442 568 2504 ipsis
607 2443 769 2493 fuerit
796 2448 1158 2498 satisfactum.
1180 2449 1347 2498 Porro
1376 2448 1470 2499 hic
1506 2441 1931 2512 observandum,

309 2512 365 2560 in
392 2513 673 2575 lapsorum
708 2529 875 2565 causa
899 2531 1010 2567 non
1042 2532 1111 2568 ex
1147 2520 1383 2582 receptis
1412 2521 1468 2569 in
1499 2521 1746 2571 Ecclesia
1770 2524 1934 2572 mori-

308 2583 434 2644 bus,
462 2585 559 2635 sed
601 2599 729 2636 cum
774 2588 998 2639 lenitate
1036 2603 1101 2639 eo
1146 2604 1323 2653 usque
1358 2591 1607 2641 inaudita
1642 2598 1851 2652 actum,
1880 2599 1936 2644 et

309 2656 541 2718 proinde
582 2659 759 2722 magis
811 2673 842 2709 e
901 2674 959 2711 re
1010 2665 1143 2723 erat,
1174 2666 1239 2711 ut
1286 2663 1533 2713 innovati
1585 2665 1755 2714 moris
1798 2666 1932 2715 ratio

311 2727 645 2779 redderetur.

864 2968 1215 3022 EPISTOLA
1259 2972 1378 3023 XV.

368 3150 706 3209 Honoriﬁcam
761 3152 1056 3213 petitionem
1110 3153 1308 3202 Statim
1346 3154 1587 3217 appellat
1638 3158 1931 3219 martyrum

306 3219 585 3269 desideria.
637 3221 920 3286 Quidquid
976 3226 1243 3286 martyres
1294 3224 1350 3273 in
1381 3227 1613 3288 gratiam
1650 3228 1931 3289 lapsorum

304 3294 626 3354 praestitere,
679 3298 795 3343 erat
838 3295 893 3344 id
930 3298 1108 3344 totum
1155 3310 1251 3359 per
1295 3297 1523 3347 modum
1583 3299 1930 3349 intercessio-

304 3364 421 3422 nis;
454 3379 579 3428 quse
619 3366 846 3428 quidem
874 3368 1153 3430 honoriﬁca
1191 3367 1510 3425 admodum,
1539 3374 1591 3419 et
1623 3385 1733 3419 non
1768 3371 1930 3420 facile

302 3436 531 3499 insuper
589 3437 881 3498 habenda;
939 3440 1127 3501 petitio
1200 3444 1382 3488 tamen
1434 3455 1615 3505 usque
1693 3443 1816 3503 fuit,
1877 3446 1931 3491 et

303 3508 493 3569 gratiae
556 3508 737 3556 solum
795 3511 1167 3570 praerogativis
1216 3511 1476 3573 pollebat.
1540 3512 1675 3562 Rem
1742 3513 1930 3561 multis

303 3577 624 3639 exsequitur
667 3578 978 3642 Cyprianus
1016 3582 1071 3629 in
1104 3581 1198 3629 lib.
1239 3581 1303 3629 de
1346 3584 1537 3644 Lapsis,
1566 3598 1616 3645 p.
1662 3585 1742 3643 92,
1766 3584 1929 3646 hujus

303 3647 577 3709 editionis,
623 3654 678 3699 et
717 3650 979 3714 deinceps
1014 3667 1025 3699 :
1062 3669 1090 3699 «
1126 3652 1408 3708 Mandant,
1450 3654 1631 3717 inquit
1665 3656 1777 3717 ille,
1827 3657 1925 3709 ali-

304 3717 440 3781 quid
465 3723 734 3782 martyres
763 3721 918 3771 ﬁeri?
950 3724 994 3771 si
1020 3724 1189 3784 justa,
1223 3724 1266 3771 si
1306 3724 1475 3782 licita,
1502 3726 1549 3773 si
1595 3740 1707 3775 non
1738 3735 1929 3781 contra

302 3790 486 3851 ipsum
530 3791 828 3841 Dominum
882 3807 913 3840 a
964 3794 1065 3843 Dei
1115 3794 1401 3844 sacerdote
1462 3796 1714 3847 facienda
1766 3807 1927 3863 sunt;

306 3858 741 3932 obtemperantis
768 3864 946 3913 facilis
993 3868 1047 3914 et
1071 3878 1244 3927 prona
1276 3867 1588 3926 consensio,
1618 3869 1662 3917 si
1690 3858 1929 3932 petentis

301 3930 470 3979 fuerit
518 3931 771 3996 religiosa
818 3934 1142 3994 moderatio,
1202 3952 1229 3980 »
1284 3938 1383 3985 etc.
1436 3937 1600 3999 Apud
1628 3930 1930 3998 iDeumin-

304 4003 665 4052 tercessiones
714 4008 1022 4067 martyrum
1079 4005 1382 4068 plurimum
1437 4008 1619 4058 valere
1662 4012 1931 4073 putaban-

302 4077 413 4131 tur,
453 4076 583 4136 quia
627 4076 785 4125 amici
817 4077 917 4125 Dei
960 4076 1224 4139 peculiari
1269 4078 1481 4128 ratione
1531 4079 1663 4129 dicti
1707 4087 1762 4131 et
1802 4097 1929 4134 crer-

303 4142 403 4191 diti
470 4148 615 4192 sunt.
671 4145 731 4192 In
796 4145 1049 4195 Ecclesia
1107 4148 1531 4211 praerogativam
1593 4150 1926 4214 habuerunt,

307 4213 441 4277 quia
482 4216 525 4262 si
554 4215 693 4278 lapsi
749 4216 929 4266 eidem
974 4216 1241 4266 scandalo
1291 4218 1528 4278 luerant,
1582 4225 1852 4285 martyres
1898 4238 1927 4274 e

302 4287 493 4335 contra
519 4286 740 4336 laudem
779 4292 835 4339 et
867 4288 1037 4337 decus
1080 4287 1257 4338 eidem
1297 4288 1730 4351 faenerabantur,
1765 4298 1930 4356 atque

302 4356 685 4407 cumulabunt.
730 4360 801 4408 At
862 4359 1163 4409 verisimile
1207 4359 1446 4419 videtur,
1486 4359 1578 4410 hic
1628 4362 1757 4423 loci,
1812 4378 1929 4413 mo-

302 4427 520 4481 destum
551 4433 603 4480 et
652 4431 896 4480 sobrium
950 4430 1200 4480 libellum
1234 4444 1399 4493 quem
1440 4432 1617 4493 primo
1665 4424 2007 4495 miserantD

302 4506 591 4568 Martyres,
653 4502 784 4565 ipsis
840 4502 1062 4564 dignam
1109 4506 1161 4551 et
1214 4502 1545 4564 honoriﬁcam
1602 4506 1921 4568 petitionem,

300 4576 571 4641 peculiari
638 4574 849 4623 ratione
906 4573 1185 4636 appellari.
1252 4573 1674 4623 Observandum
1746 4590 1927 4639 porro,

303 4647 455 4713 quod
489 4646 655 4697 etiam
697 4646 829 4694 alibi
875 4646 1282 4700 annotavimus,
1329 4645 1484 4695 aliter
1515 4646 1676 4711 longe
1726 4654 1931 4712 marty-

302 4733 427 4769 rum
455 4720 608 4781 jussa
651 4718 1013 4768 obtinuerunt
1040 4720 1136 4781 qui
1174 4718 1421 4767 coronati
1452 4732 1481 4768 e
1508 4719 1649 4769 vivis
1682 4734 1933 4771 excesse-

302 4792 453 4848 rant;
498 4792 551 4838 et
577 4802 769 4838 eorum
800 4790 894 4852 qui
926 4789 1232 4838 etiamnum
1264 4789 1606 4852 superstites,
1634 4791 1704 4840 de
1729 4805 1932 4842 corona

302 4865 357 4911 et
402 4873 538 4923 pace
587 4874 687 4910 sua
722 4860 833 4923 ipsi
873 4860 1345 4922 periclitabantur.
1396 4861 1579 4910 Prisca
1625 4866 1932 4926 martyrum

297 4932 627 4995 simplicitas
669 4932 807 4979 vivis
859 4930 1139 4981 coloribus
1168 4931 1504 4995 :depingitur
1545 4931 1614 4980 ab
1678 4933 1933 4984 Ecclesia

300 5003 662 5067 Lugdunensi
700 5006 752 5052 et
796 5002 1121 5064 Viennensi,
1174 5003 1367 5051 litteris
1418 5017 1556 5066 quas
1599 5005 1936 5067 scripserunt

307 5076 379 5125 de
439 5075 695 5138 passione
748 5078 1051 5137 martyrum
1113 5073 1217 5122 sub
1262 5074 1331 5122 M.
1384 5075 1629 5132 Aurelio,
1669 5075 1935 5125 Ecclesiis

303 5147 454 5197 Asiae
502 5150 556 5195 et
594 5144 849 5209 Phrigyaa
882 5159 891 5191 :
920 5144 1029 5206 Οὐχ
1074 5143 1195 5198 ἅπαξ
1238 5143 1349 5190 οὒδὲ
1396 5144 1482 5203 δὶς,
1540 5144 1660 5190 ana
1712 5144 1937 5200 ποὶλάκις

314 5233 707 5281 μᾳρτυρησαντες,
744 5217 826 5264 καὶ
862 5216 915 5263 ἐκ
953 5214 1123 5279 Θηρίων
1174 5215 1306 5270 αὐθις
1356 5214 1714 5276 αναληφθέντες,
1767 5216 1848 5262 καὶ
1878 5217 1936 5263 τὰ

306 5306 556 5354 καυτηρια,
605 5290 686 5336 καὶ
751 5304 861 5343 τους
905 5289 1159 5350 μωλωπας,
1208 5288 1290 5334 καὶ
1346 5288 1404 5334 τὰ
1446 5288 1691 5351 τραὺματα
1748 5287 1937 5350 ἔχοντες

300 5360 619 5425 περικείμενα,
646 5359 743 5407 οὒτ’
784 5359 919 5406 αὐτοὶ
963 5358 1197 5421 μάρτυρας
1225 5358 1422 5412 ἑαυτοὺς
1464 5357 1804 5420 ὰυεκῄρυττου,
1830 5359 1937 5406 οὓτε

306 5434 395 5495 μὴν
420 5434 534 5493 ᾐμῖν
571 5431 820 5495 ἐπέτρεπον
844 5430 996 5478 τούτώ
1029 5429 1096 5476 τῶ
1120 5429 1313 5492 ὀνόματι
1343 5427 1719 5477 παοσαλοὸεὺειυ
1748 5429 1938 5486 αυτοὺς,

308 5508 412 5553 etc.
447 5504 614 5553 Porro
644 5506 831 5566 lapsos
850 5514 962 5551 non
995 5502 1156 5565 quasi
1181 5500 1484 5550 missilibus
1520 5506 1574 5549 et
1606 5499 1847 5549 donariis
1883 5502 1937 5549 in

304 5574 556 5623 medium
609 5574 873 5638 projectis
913 5572 1348 5636 locupletabunt,
1374 5572 1437 5621 et'
1460 5584 1685 5621 securos
1730 5571 1941 5623 beatos-

303 5661 410 5709 que
440 5660 561 5696 esse
591 5648 882 5710 jusserunt
911 5646 1102 5709 optimi
1144 5648 1450 5707 martyres;
1487 5643 1584 5694 sed
1622 5644 1847 5693 monitis
1888 5647 1941 5692 et

302 5719 555 5771 sollicitas
604 5719 826 5787 pietatis
885 5718 1085 5772 ofﬁciis
1132 5717 1202 5769 ad
1254 5716 1459 5768 bonam
1504 5717 1719 5781 frugem
1778 5714 1942 5768 resti-

1666 183 1844 244 ΕΜΓ.
1883 185 2084 247 ΟΧΟΝ.
2124 190 2339 254 NOT/E.

3538 216 3669 281 i206

1957 330 2015 404 Α
2036 322 2254 404 tuentes
2270 327 2539 404 curabant
2573 330 2678 380 τοὺ
2703 332 2793 397 γὰρ
2830 334 3001 385 ἔλαϐον
3041 336 3275 404 καύχημα
3314 344 3434 395 κατὰ
3452 346 3544 396 τῶν
3577 366 3672 399 πεπ

2035 393 2272 486 Emittit-inv,
2295 397 2395 445 ἀλλ’
2422 400 2467 445 ἐν
2498 404 2569 456 οῐς
2597 406 2879 455 επλεὸνασον
2902 408 3054 469 αυτοὶ,
3082 410 3223 460 τοῦτο
3248 420 3351 471 τοῖς
3366 418 3682 486 ὲνδεεστέροις

2036 462 2268 547 ἐπήρκουν
2289 472 2491 533 μητρικὰ
2518 475 2766 538 σπλάλχνα
2801 478 3002 542 ἔχοντες,
3042 483 3123 529 καὶ
3175 486 3330 533 πολλά
3371 492 3479 553 περὶ
3516 462 3671 540 αύζων

2036 533 2199 596 ὲκχέον
2222 540 2476 622 ἰ-Ξςδὰκρυα
2493 533 2707 607 πρὸςξτόν
2723 533 2916 612 πατέρα,
2944 533 3045 602 etc.
3066 554 3294 618 Euseb,
3321 558 3355 606 Ι.
3371 573 3422 622 v,
3512 564 3556 612 Ξ.
3589 566 3673 615 De

2036 619 2198 686 mum
2220 608 2638 686 Cyprianushac
2673 619 2729 666 in
2751 608 3002 681 epistola,
3032 631 3154 686 post
3180 608 3672 686 mehtioﬁéhi'rECZ

2038 680 2152 726 tam
2165 680 2467 755 honori/leas
2500 689 2768 747 petitionis
2788 680 3088 755 martyrum
3120 711 3133 744 :
3165 682 3361 749 transit
3392 680 3669 755 adi—actam

2036 751 2389 835 ptenitentiam
2430 771 2450 835 ἐ
2490 756 2621 835 dein
2661 751 3329 830 recenset'exomologesin
3367 751 3672 835 gravissimi“

2037 822 2438 899 atque‘extremi
2464 827 2661 885 delicti,
2696 832 2959 882 nimirum
2986 822 3325 891 idololatriae.
3356 822 3668 899 f’oSteame—Z

2039 895 2233 981 mprat,
2250 908 2436 981 Amjanus
2459 900 2521 944 ab
2536 901 2762 963 episcopo
2788 906 2838 981 et
2866 902 2999 951 clero
3026 906 3083 954 in
3127 913 3478 970 paenitentiam
3502 895 3670 981 impo-

2038 962 2185 1039 sitas,
2216 967 2269 1011 et
2284 964 2504 1039 demum
2530 962 2709 1031 pacem
2750 970 2978 1021 oblatam
3003 962 3181 1039 lapsis,
3208 985 3257 1027 et
3287 962 3669 1039 Eucharistigzm

2040 1030 2231 1111 datam.
2266 1037 2447 1087 refert.
2506 1030 2723 1100 Quibus
2782 1044 2983 1103 verbis,
3033 1030 3318 1110 quaa'fere

2039 1102 2271 1183 epistola
2315 1111 2606 1183 proxima,
2656 1116 2818 1175 typus
2874 1102 3170 1169 exhibetur
3230 1102 3669 1183 totiué"€éi6r'i§

2039 1173 2433 1265 ecclesiasticas
2470 1173 2806 1245 disciplinae.
2855 1186 3073 1265 Ifrimus
3117 1192 3185 1240 ad
3216 1173 3436 1246 veniam

2041 1256 2162 1324 cem
2199 1248 2400 1324 gradus
2429 1256 2559 1311 erat,
2583 1255 2629 1302 si
2660 1268 2787 1304 reus
2823 1256 2889 1304 ad
2919 1261 3304 1320 pcnnitentiam
3348 1248 3668 1324 admittere-

2043 1316 2161 1399 tur;
2192 1318 2340 1396 quod
2370 1334 2478 1370 non
2495 1324 2615 1373 sine
2651 1316 3322 1399 manuum—impositione,
3357 1316 3671 1393 etei—(omo-

2036 1382 2214 1465 logesi
2276 1402 2375 1465 seu
2437 1394 2783 1445 confessione
2845 1382 3666 1465 expediebaturlv’Secundum

2036 1460 2333 1547 complevit
2378 1464 3064 1547 plcenitent‘iaeuimpositaa,
3107 1487 3211 1547 per
3254 1481 3434 1529 varias
3480 1460 3665 1547 tle—tus,

2036 1527 2352 1607 auditionis,
2372 1539 2426 1584 et
2454 1538 2824 1589 consistentia)
2853 1527 3147 1605 periodos,
3183 1527 3458 1601 decursus
3480 1527 3667 1607 ’-ἷξτῖ

2038 1597 2187 1678 tium
2232 1603 2363 1654 fecit
2422 1608 2825 1672 exomologesis
2874 1597 3072 1674 altera,
3115 1597 3231 1666 sive
3272 1597 3557 1675 Vsa—amnis
3574 1597 3665 1678 “et

2036 1668 2429 1753 publica_post
2490 1668 2768 1741 peractam
2827 1668 3207 1745 paenitentiam
3268 1668 3665 1753 péééaTi{"Eo£I

2034 1743 2217 1822 fessio.
2263 1745 2410 1797 Huic
2462 1754 2670 1822 quarto
2719 1753 2778 1801 in
2828 1743 2954 1804 loco
2999 1743 3287 1822 successit:
3346 1743 3664 1820 man—usﬂab

2034 1816 2291 1890 episcopo
2325 1820 2379 1867 et
2429 1819 2594 1879 clero,
2643 1821 2826 1873 denuo
2862 1825 2917 1873 in
2959 1829 3224 1878 tesseram
3267 1816 3667 1890 reconciliatio:

2032 1888 2122 1963 n_is
2161 1900 2463 1949 concessas,
2498 1892 2793 1954 impositio.
2837 1896 2937 1945 His
2989 1898 3090 1947 rite
3136 1904 3388 1963 peractis,
3437 1909 3506 1957 ad

2035 1957 2310 2031 charistiae
2349 1963 2607 2023 mysteria
2651 1963 2875 2014 tandem
2918 1957 3263 2029 pandebatur
3307 1957 3502 2026 aditus.
3552 1957 3663 2031 ἐξά

2034 2030 2175 2113 miro
2200 2031 2773 2113 viarumcompendio
2822 2036 2876 2085 id
2906 2051 3057 2088 nunc
3100 2043 3337 2103 agebant
3373 2030 3665 2113 martyres,

2033 2104 2090 2147 ut
2117 2100 2257 2161 lapsi
2283 2103 2576 2163 morti/eros
2604 2104 2862 2154 idolorum
2892 2109 3022 2156 crbos
3063 2100 3227 2160 adhuc
3286 2129 3417 2177 pene
3459 2100 3665 2170 ructan:

2037 2177 2126 2235 tes,
2182 2175 2541 2225 exhalantibus
2592 2181 2749 2227 etiam
2805 2195 2933 2229 nunc
2978 2183 3142 2231 scelus
3192 2175 3340 2237 suum
3402 2194 3661 2253 faucibus.

2034 2248 2082 2293 et
2154 2249 2389 2308 contagia
2452 2248 2661 2308 funesta
2730 2251 3096 2302 redolentibus.
3139 2248 3411 2317 protinus.
3455 2265 3669 2315 Domini

2033 2330 2212 2378 corpus
2264 2317 2578 2367 invaderent.
2635 2321 2817 2370 Verba
2884 2327 3017 2372 sunt
3079 2323 3362 2389 Cypriani,
3429 2332 3525 2384 lib.
3602 2338 3668 2386 de

2032 2388 2228 2469 Lapsis,
2286 2402 2360 2471 p‘.‘
2385 2390 2461 2471 9%.
2505 2390 2776 2471 suffragia
2822 2399 3126 2471 martyrum
3166 2388 3223 2447 in
3265 2414 3433 2453 causa
3487 2407 3667 2471 lapso-

2034 2472 2158 2506 rum
2207 2460 2262 2507 in
2316 2460 2564 2511 Ecclesia
2620 2463 2752 2511 olim
2807 2464 3136 2529 obtinuisse,
3189 2483 3257 2519 ex
3321 2460 3664 2532 Tertulliano

2035 2529 2399 2601 ostendimus,
2449 2547 2501 2595 p.
2562 2533 2732 2595 hujus
2784 2536 2965 2597 operis
3007 2537 3086 2597 93,
3134 2540 3284 2591 unde
3337 2549 3487 2596 recte
3522 2529 3664 2601 infra

2034 2600 2275 2650 dicitur:
2321 2618 2351 2650 <<
2386 2603 2585 2665 Qualia
2632 2606 2689 2653 in
2742 2608 3084 2668 praeteritum
3120 2614 3499 2667 antecessores
3537 2600 3662 2672 ves;

2032 2673 2102 2721 tri
2155 2676 2418 2736 martyres
2464 2680 2856 2747 concesserint.
2917 2697 2945 2724 »
2995 2680 3228 2731 Paulum
3288 2698 3442 2747 vero,
3487 2688 3665 2740 Aure-

2031 2742 2188 2801 lium,
2241 2747 2294 2792 et
2349 2759 2461 2808 pres
2515 2746 2763 2810 reliquis,
2821 2750 3151 2808 Lucianum,
3198 2766 3293 2824 eos
3344 2742 3513 2809 fuisse
3567 2764 3666 2824 qui

2032 2813 2089 2863 in
2142 2814 2345 2869 libellis
2396 2822 2602 2867 temere
2665 2820 3037 2870 concedendis
3109 2822 3337 2874 modum
3398 2813 3665 2881 excessis-

2030 2895 2174 3011 ;gnt,
2233 2889 2474 2940 ostendit
2538 2888 2869 2954 Cyprianus,
2921 2893 3023 2956 Ep.
3074 2894 3158 2957 27,
3212 2896 3282 2944 ad
3310 2898 3454 2949 Pam.
3504 2915 3655 2953 num.

1952 3056 2006 3130 C
2095 3070 2401 3119 Gravissimi
2449 3072 2602 3133 atque
2651 3071 2871 3118 extremi
2922 3071 3123 3133 delicti,
3182 3073 3455 3138 Rigaltius
3520 3080 3596 3128 ait
3644 3096 3656 3129 :

2030 3157 2061 3189 «
2094 3139 2242 3212 Alibi
2296 3140 2477 3189 dixit:
2518 3140 2727 3189 Eterni
2766 3142 2998 3202 peccati.
3031 3142 3399 3196 idololatriam
3447 3149 3662 3212 signiﬁ-

2031 3214 2135 3261 cat.
2188 3210 2383 3273 Ingens
2437 3212 2489 3281 et
2518 3222 2683 3273 supra
2741 3212 2926 3260 omnia
2980 3216 3295 3275 peccatum.
3352 3210 3661 3281 Principale

2030 3283 2241 3331 crimen
2294 3280 2509 3343 generis
2574 3281 2822 3330 humani.
2878 3282 3144 3334 Summus
3198 3288 3390 3337 saeculi
3449 3280 3659 3340 reatus.

2033 3354 2171 3402 Tota
2197 3366 2363 3402 causa
2388 3349 2600 3413 judicii.
2639 3351 2959 3400 Tertullian.
2994 3371 3023 3399 »

2096 3459 2289 3522 Offerre
2314 3471 2407 3519 pro
2434 3457 2570 3530 illis.
2608 3456 2823 3530 Verior
2844 3462 2990 3509 certe
3032 3460 3155 3511 haec
3194 3462 3377 3524 lectio,
3408 3470 3463 3515 et
3493 3480 3660 3530 quam

2030 3532 2132 3593 Ep.
2174 3530 2204 3578 Ξ
2244 3532 2449 3584 tuetur,
2478 3527 2576 3576 ubi
2623 3526 2827 3577 decreti
2864 3530 3117 3591 synodici
3151 3530 3387 3583 habetur
3429 3526 3658 3592 mentio,

2030 3615 2099 3651 ne
2136 3598 2259 3664 quid
2295 3599 2468 3659 frater
2512 3597 2750 3645 excedens
2792 3598 2861 3645 ad
2910 3601 3126 3649 tutelam
3171 3604 3249 3650 vel
3289 3619 3465 3653 curam
3508 3607 3661 3654 cleri-

2029 3686 2140 3720 cum
2179 3670 2515 3719 nominaverit
2546 3684 2563 3715 :
2606 3683 2664 3715 ac
2705 3670 2753 3715 si
2792 3670 2909 3731 quis
2952 3670 3041 3719 hoc
3075 3672 3295 3731 fecisset,
3331 3688 3434 3722 non
3482 3677 3660 3738 offere-

2033 3746 2119 3790 tur
2139 3753 2234 3803 pro
2280 3754 2350 3786 eo.
2395 3738 2487 3788 Sic
2529 3737 2776 3800 Epistola
2815 3745 3084 3802 sequente
3126 3756 3138 3789 :
3183 3743 3412 3805 O/fertur
3452 3737 3659 3795 nomine

2028 3827 2200 3861 eorum
2217 3827 2233 3873 ;
2280 3815 2352 3865 et,
2406 3810 2784 3872 prohibeantur
2848 3811 3047 3871 o/ferre.
3099 3812 3184 3861 Ex
3244 3814 3416 3864 altera
3482 3822 3654 3880 parte,

2030 3884 2216 3946 offerre
2234 3896 2425 3945 pacem,
2453 3893 2566 3929 non
2587 3881 2661 3929 ita
2689 3880 2977 3930 commode
3007 3881 3222 3932 dicitur.

2092 3982 2269 4043 Lapsis
2307 3978 2512 4044 quidem
2560 3980 2726 4041 potest
2766 3980 2822 4025 in
2881 3979 2971 4027 hoc
3027 3980 3171 4029 venia
3208 3982 3430 4032 concedi.
3480 3983 3662 4049 Rigal-

2029 4054 2140 4103 tius
2160 4052 2235 4100 ait
2268 4065 2331 4098 :«
2365 4051 2424 4098 In
2469 4050 2577 4098 hoc
2620 4050 2849 4111 scilicet,
2896 4052 3047 4113 quod
3081 4057 3336 4114 urgeant;
3364 4054 3513 4117 quod
3555 4057 3661 4105 fes-

2031 4133 2245 4189 tinent;
2300 4130 2449 4194 quod
2518 4130 2822 4192 anticipare
2882 4130 3052 4180 velint
3108 4133 3450 4194 paenitentiae
3508 4138 3656 4187 tem-

2028 4216 2177 4266 pora.
2217 4216 2247 4249 »

2091 4305 2261 4352 Mater
2295 4303 2443 4364 prior
2486 4305 2674 4350 sumat.
2720 4300 2995 4365 Rigaltius
3024 4302 3099 4350 ait
3152 4317 3219 4349 :«
3247 4303 3349 4366 Ep.
3380 4317 3497 4368 seq.
3542 4307 3658 4356 Ma—

2030 4380 2113 4425 ter
2144 4376 2331 4423 nostra
2374 4372 2644 4423 Ecclesia.
2679 4373 2903 4422 Tertull.
2943 4372 3082 4422 libro
3126 4373 3195 4421 ad
3228 4376 3501 4437 Martyres,
3551 4379 3658 4427 Do-

2032 4448 2181 4497 mina
2251 4449 2429 4494 mater
2493 4444 2770 4493 Ecclesia.
2844 4442 3267 4493 Consultissime
3327 4445 3656 4509 Cyprianus,

2033 4517 2303 4568 desideria
2342 4518 2645 4577 martyrum
2685 4526 2851 4576 super
2893 4526 3029 4575 pace
3069 4514 3236 4576 lapsis
3284 4516 3656 4576 concedenda,

2033 4591 2089 4638 in
2128 4588 2266 4637 illud
2315 4591 2532 4648 tempus
2571 4587 2780 4642 servat,
2829 4598 2953 4633 cum
3001 4585 3115 4646 ipsa
3186 4588 3360 4632 mater
3411 4586 3659 4635 Ecclesia

2032 4673 2170 4724 pace
2210 4657 2488 4721 gaudebit.
2514 4657 2591 4706 Ne
2640 4656 2853 4705 scilicet
2888 4658 3025 4703 mstu
3062 4656 3461 4715 persecutionis
3504 4658 3659 4708 inca-

2033 4735 2295 4792 lescente,
2325 4744 2355 4779 a
2403 4729 2561 4778 ruina
2596 4731 2865 4787 recentes,
2902 4727 3307 4791 confestimque
3348 4728 3416 4776 ad
3464 4744 3659 4792 pacem

2035 4802 2279 4860 admissi,
2338 4800 2615 4848 stantibus
2666 4799 2880 4849 caeteris
2936 4799 3190 4861 exemplo
3251 4811 3352 4847 suo
3402 4805 3658 4859 noceant,

2036 4876 2220 4923 minus
2283 4875 2601 4921 constanter
2645 4871 2701 4918 in
2754 4881 2928 4932 agone
2986 4870 3295 4928 certaturis,
3337 4868 3659 4921 blandiente

2036 4947 2167 5008 ipsis
2196 4948 2317 5007 post
2342 4943 2560 5006 lapsum
2590 4945 2642 4991 et
2665 4941 2904 5000 ruinam,
2929 4953 3026 5004 pro
3050 4953 3111 4990 se
3141 4953 3365 5004 quoque
3400 4942 3660 5003 sperandi

2038 5014 2348 5065 dulcedine.
2385 5030 2414 5060 »

2098 5104 2325 5167 Abrupte
2361 5107 2410 5151 et
2474 5102 2687 5165 indigne
2726 5100 2811 5149 vel
2856 5116 2887 5149 a
2919 5100 3055 5148 vobis
3086 5099 3414 5163 promissum.
3464 5101 3657 5165 Rigal—

2040 5179 2147 5227 tius
2202 5177 2275 5224 ait
2316 5191 2327 5223 :
2381 5192 2408 5220 «
2456 5174 2526 5225 Ut
2557 5172 2701 5235 apud
2738 5175 3030 5234 martyres,
3073 5171 3324 5220 censoria
3352 5171 3520 5221 verba
3580 5174 3661 5223 sic

2039 5248 2340 5313 praemittit,
2383 5248 2444 5295 ut
2496 5243 2788 5308 temperari
2834 5243 3050 5306 possint
3102 5242 3467 5304 sequentibus
3521 5244 3661 5299 istis.

2038 5320 2127 5369 vel
2160 5334 2188 5368 a
2216 5318 2374 5367 nobis
2388 5318 2618 5368 factum.
2653 5332 2681 5359 »

2100 5426 2255 5489 Apud
2281 5424 2499 5489 gentiles
2515 5436 2707 5487 quoque
2737 5423 2866 5484 ipsos
2900 5419 3133 5470 Ecclesia
3176 5422 3351 5468 nostra
3381 5420 3664 5469 erubescere

2044 5499 2276 5560 incipiat.
2326 5496 2597 5571 Rigaltius
2618 5496 2715 5571 ait,
2742 5509 2811 5571 :_«
2843 5493 2935 5571 Sic
2964 5506 3173 5571 supra,
3196 5562 3209 5571 ‘
3228 5490 3297 5541 de
3347 5503 3458 5571 quo
3513 5493 3663 5571 post-

2041 5569 2269 5619 modum
2298 5580 2407 5615 non
2449 5566 2723 5617 erubescit
2759 5565 3032 5642 Ecclesia,
3068 5562 3233 5642 apud
3257 5562 3491 5642 gentiles
3542 5560 3668 5642 scil-

2040 5642 2185 5690 licet.
2237 5639 2579 5691 Erubescere
2636 5644 2822 5690 autem
2885 5636 3248 5710 contingebat
3260 5635 3365 5710 Δοὶ)
3433 5629 3673 5710 dissolu-

2040 5715 2126 5762 tos
2160 5710 2529 5775 quorumdam
2571 5724 2769 5772 mores,
2804 5711 2893 5762 vel
2935 5709 3007 5762 ob
3054 5705 3415 5772 disciplinam
3451 5705 3682 5752 minime
