4144 6192
561 218 696 275 1207

1941 217 2120 279 EDIT.
2159 221 2354 283 OXON.
2391 227 2607 286 NOTAE.
3714 245 3821 307 l208

558 351 834 438 servatam
890 344 1001 398 ﬁde
1058 345 1289 410 turpiter
1333 357 1525 398 eversa
1575 345 1698 413 ipso
1754 347 1939 400 statim
1997 349 2190 413 agonia
2211 362 2400 438 Anus
2440 363 2609 416 habet
2641 375 2672 413 ει
2722 363 2999 438 magistro,
3038 372 3156 413 suo,
3207 360 3394 438 φιλίῳ
3443 360 3570 418 mm
3605 367 3661 420 de
3702 371 3834 423 ρωπ-

560 425 851 490 principio.
890 439 920 469 ›

625 499 874 546 Personas
919 493 1242 557 accipientes.
1301 493 1576 557 Rigaltius
1634 494 1710 544 ait
1765 509 1776 541 :
1838 511 1863 540 «
1899 496 2188 546 Mattbaus

556 573 611 618 et
635 568 852 617 Marcus
885 565 1091 616 dixere
1133 565 1319 629 βλέπειν
1341 563 1407 619 εἰς
1456 580 1728 628 προσωπον.
1757 578 1901 627 xxu,
1959 567 2036 627 16,
2085 579 2185 625 xu,

563 640 640 688 14.
677 639 884 698 Lucas,
911 651 1016 692 xx,
1043 639 1125 697 21,
1156 637 1409 698 λαμϐὰνειν
1428 637 1703 699 πρόσωπον.
1765 635 1867 685 Cui
1895 638 2194 699 opponitur

559 709 630 758 ἐπ’
656 709 875 766 ἁληοεῖας
895 709 982 760 τὴν
1036 707 1143 756 οδὸν
1192 708 1274 756 τοὺ
1324 704 1448 755 Θεοῦ
1493 706 1744 755 διδάοκειν.
1775 707 1929 757 Deus
1969 720 2082 757 non
2107 711 2192 757 est

554 783 985 847 προσωποληπτπς.
1019 796 1048 828 «

616 856 972 915 Aucupantur.
1025 849 1302 912 Rigaltius
1355 848 1432 898 ait
1481 863 1492 895 :
1545 865 1572 894 «
1607 849 1789 912 Quam
1851 849 1997 900 fada
2033 849 2190 898 labes

555 923 722 973 etiam
779 922 928 970 illius
993 921 1258 970 Ecclesia
1331 922 1603 982 martyres
1670 923 1980 982 prostravit.
2046 921 2186 970 Nam

559 993 668 1043 hoc
699 993 978 1056 signiﬁcat
1003 991 1334 1054 Cyprianus,
1371 993 1538 1039 etiam
1567 991 1711 1040 inter
1758 996 2026 1055 martyres
2083 1005 2189 1042 ex-

558 1065 766 1114 stitisse
797 1063 894 1126 qui
945 1062 1170 1111 venales
1200 1061 1466 1111 haberent
1494 1063 1646 1123 pacis
1683 1060 1917 1110 libellos.
1950 1077 1980 1109 ››
2037 1062 2189 1110 Tur-

559 1135 687 1198 pius
716 1138 901 1183 autem
935 1133 1126 1193 multo,
1175 1133 1219 1180 si
1263 1133 1367 1195 ipsi
1400 1132 1697 1182 Pontiﬁces
1744 1132 2016 1182 mercium
2048 1133 2191 1182 ista-

559 1219 686 1254 rum
712 1206 992 1254 institores
1021 1204 1132 1252 sint
1153 1207 1205 1251 et
1242 1203 1504 1266 propolae.

619 1275 706 1324 Ad
727 1277 933 1327 (Iterum
958 1281 1003 1323 et
1035 1274 1102 1322 ad
1132 1272 1344 1334 plebem.
1376 1274 1513 1322 Haec
1551 1273 1718 1321 simul
1763 1273 1970 1334 scripta
1995 1273 2188 1330 fuisse,

559 1360 689 1397 cum
740 1345 955 1395 duabus
1006 1344 1369 1407 sequentibus
1438 1344 1572 1394 hinc
1642 1344 1971 1394 ostenditur.
2028 1342 2189 1406 Quod

556 1417 687 1467 licet
727 1429 916 1466 earum
967 1414 1060 1464 hic
1106 1415 1419 1463 meminerit
1477 1415 1806 1477 Cyprianus,
1853 1416 2021 1465 etiam
2063 1416 2189 1464 vice

556 1500 715 1538 versa
742 1484 1062 1536 earumdem
1101 1485 1158 1533 in
1195 1485 1304 1533 illis
1349 1487 1690 1536 mentionem
1716 1486 1904 1535 faciat.
1936 1485 2059 1535 Vid.
2097 1498 2186 1547 ep.

559 1570 663 1608 xvr
683 1560 738 1606 et
767 1568 888 1607 xvu
913 1554 1018 1605 sub
1049 1554 1238 1604 ﬁnem.

1102 1719 1456 1770 EPISTOLA
1504 1719 1651 1769 XVI.

626 1848 726 1896 Diu
757 1844 1074 1910 patientiam
1118 1858 1283 1892 meam
1328 1845 1487 1891 tenui.
1526 1843 1721 1893 Plures
1768 1849 1932 1894 antea
1973 1856 2041 1893 ex
2089 1856 2186 1892 se—

559 1913 721 1970 cessu
766 1917 986 1979 scripsit
1037 1916 1297 1978 epistolas
1344 1919 1540 1964 auctor
1604 1919 1792 1964 noster
1850 1915 2192 1978 presbyteris

561 1995 618 2038 et
660 1986 1018 2044 diaconibus;
1077 1987 1133 2034 in
1178 1999 1347 2035 causa
1391 1999 1519 2034 vero
1571 1986 1871 2049 lapsorum,
1931 1993 2056 2049 post
2099 1997 2190 2034 ac-

561 2067 778 2126 ceptam
819 2061 1041 2120 Donati,
1088 2060 1396 2117 Fortunati,
1442 2060 1639 2108 Novati
1689 2063 1742 2108 et
1800 2059 1987 2110 Gordii
2037 2060 2189 2109 inso-

559 2135 764 2183 lentem
814 2131 1261 2194 postulationem.
1311 2131 1399 2178 cui
1445 2130 1863 2179 satisfacturum
1905 2143 1964 2178 se
2000 2143 2193 2192 spera-

562 2208 738 2263 verat,
766 2216 895 2253 cum
941 2201 1008 2251 de
1067 2213 1132 2250 ea
1177 2213 1354 2264 usque
1380 2200 1450 2248 ad
1486 2199 1724 2250 reditum
1767 2213 1934 2250 suum
1991 2201 2185 2263 ampli-

565 2275 775 2323 andum
835 2272 1094 2330 dixisset;
1171 2283 1322 2320 nunc
1372 2271 1615 2332 primum
1675 2270 1888 2321 litteras
1940 2271 2009 2320 ad
2062 2271 2192 2320 illos

567 2346 719 2395 facit.

621 2416 801 2478 Aliqui
848 2413 912 2462 de
973 2411 1305 2475 presbyteris.
1358 2411 1582 2461 Scilicet
1606 2411 1890 2474 superiore
1949 2411 2186 2474 epistola

558 2485 847 2543 nominati,
877 2486 1018 2534 inter
1053 2497 1194 2546 quos
1230 2483 1484 2532 nonnulli
1528 2482 1608 2530 illi
1648 2482 1753 2544 ipsi
1783 2495 1906 2532 esse
1931 2495 2184 2532 noscun—

566 2562 675 2618 tur,
710 2557 806 2619 qui
843 2555 1103 2616 deinceps
1140 2554 1419 2616 Cypriane
1470 2557 1658 2602 nostro
1700 2553 1903 2601 infensi
1941 2553 2189 2611 fuerunt;

571 2633 627 2679 et
681 2630 931 2692 quinque
986 2625 1434 2690 presbyterorum
1482 2624 1641 2673 titulo
1711 2624 1956 2685 insigniti
2016 2627 2188 2672 sunt:

563 2713 704 2764 quos
759 2702 945 2749 tamen
975 2702 1035 2746 ut
1098 2696 1372 2756 deliniret,
1444 2693 1920 2758 compresbyteros
1988 2692 2192 2757 appel-

564 2771 658 2820 lat.

633 2843 739 2893 Nec
793 2840 901 2888 loci
944 2838 1028 2887 sui
1067 2850 1327 2885 memores.
1398 2834 1668 2898 Rigaltius
1724 2834 1835 2883 ait:
1892 2850 1922 2880 «
1979 2831 2196 2884 Gradus

564 2908 977 2974 presbyteralis,
1029 2908 1125 2970 qui
1153 2905 1411 2956 subditus
1447 2909 1527 2954 est
1567 2904 1881 2967 episcopali.
1927 2903 2090 2974 Nam_
2114 2903 2195 2952 sic

561 2972 675 3031 erat
718 2979 853 3028 ordo
891 2978 1304 3028 ecclesiasticus
1340 2975 1446 3024 sub
1497 2975 1795 3037 Cypriano,
1837 2977 2005 3036 atque
2041 2972 2193 3021 idem

564 3052 791 3100 omnino
814 3051 928 3111 jam
953 3049 1135 3096 fuerat
1181 3060 1300 3095 avo
1361 3045 1704 3094 Tertulliani.
1740 3045 1879 3093 Nam
1920 3044 2016 3092 ubi
2073 3043 2188 3091 dis-

560 3123 690 3172 serit
737 3122 804 3172 de
858 3121 1117 3170 facultate
1182 3117 1351 3167 dandi
1398 3116 1693 3179 baptismi;
1747 3114 1914 3163 dandi
1961 3113 2196 3176 quidem

559 3194 757 3257 inquit,
813 3191 979 3240 habet
1004 3193 1095 3252 jus
1125 3200 1378 3237 summus
1411 3185 1688 3245 sacerdos,
1723 3187 1818 3247 qui
1861 3187 1945 3234 est
1986 3185 2203 3247 episco-

563 3256 685 3326 pus,
725 3263 852 3311 dein
906 3260 1212 3323 presbyteri
1253 3262 1309 3308 et
1368 3256 1630 3306 diaconi:
1666 3269 1778 3304 non
1830 3260 2016 3305 tamen
2079 3257 2200 3305 sine

569 3334 813 3396 episcopi
875 3333 1218 3390 auctoritate,
1286 3332 1509 3391 pr0pter
1577 3327 1843 3375 Ecclesia
1900 3327 2197 3396 honorem;

570 3395 681 3468 quo
736 3404 909 3462 salvo,
959 3402 1112 3452 salva
1157 3413 1267 3462 pax
1319 3402 1468 3448 est.»
1526 3397 1644 3468 Imo
1684 3397 1730 3444 is
1777 3399 1893 3444 erat
1949 3395 2114 3455 ordo;
2170 3409 2202 3444 a

579 3467 772 3539 primis
827 3473 1156 3524 Christiana
1208 3470 1431 3532 pietatis
1475 3467 1672 3525 initiis;
1725 3467 1920 3539 saltem
1964 3479 2032 3515 ex
2091 3479 2200 3539 quo

573 3537 923 3609 presbyteros
974 3543 1030 3591 in
1087 3545 1298 3604 partem
1359 3552 1620 3589 curarum
1667 3537 2023 3609 admiserunt
2077 3537 2204 3599 epi-

574 3608 750 3678 scopi.
803 3613 961 3665 Unde
1020 3613 1157 3662 dicit
1193 3610 1343 3674 quod
1383 3610 1492 3658 hoc
1534 3608 1983 3673 presbyterorum
2021 3612 2201 3656 atten-

571 3690 746 3735 tatum
798 3698 1056 3748 nunquam
1107 3683 1316 3730 omnino
1362 3679 1452 3728 sub
1507 3678 1905 3728 antecesseribus
1963 3678 2197 3739 factum.

569 3757 816 3819 Ignatius
839 3756 932 3811 ait,
959 3755 1126 3804 licere
1166 3753 1306 3814 μηδὲν
1334 3752 1444 3798 ἄνευ
1481 3750 1670 3813 γνώμης
1718 3749 1978 3798 ἐπισκόπου
2007 3753 2198 3812 ιποιεῖν,

573 3828 681 3876 οὒτε
748 3826 1002 3890 βαπτίζειν,
1069 3825 1177 3874 οὔτε
1248 3823 1544 3886 προσφέρειν,
1613 3822 1722 3870 οὔτε
1797 3821 1965 3870 Θυσίαν
2047 3836 2202 3884 προσ-

569 3898 798 3961 κομίζείν.

629 3970 946 4031 Contemptu
975 3965 1253 4029 ρνωροείεί
1295 3967 1458 4014 totum
1498 3962 1601 4013 sibi
1637 3961 1913 4012 vindicent.
1958 3963 2076 4012 Non
2107 3962 2200 4011 in-

570 4043 652 4089 tra
682 4037 968 4102 petitionis
1016 4037 1222 4085 limites
1267 4035 1593 4095 consistant,
1648 4033 1785 4083 adeo
1819 4036 1880 4082 ut
1909 4033 2050 4082 nihil
2091 4033 2202 4095 epi-

569 4123 738 4173 scopo
762 4109 1099 4171 relinquant,
1140 4107 1247 4155 nisi
1278 4106 1533 4170 obsequii
1557 4105 1810 4170 gloriam,
1851 4107 1948 4153 aut
1973 4103 2203 4168 parendi

574 4179 989 4230 necessitatem.

633 4251 753 4298 Sine
790 4251 996 4298 ratione
1046 4245 1383 4296 restituendas
1452 4246 1661 4296 salutis.
1726 4246 1996 4309 Rigaltius
2059 4245 2136 4294 ait
2185 4259 2197 4294 :

572 4320 693 4369 «Id
747 4323 851 4381 est,
897 4317 1325 4378 communionis,
1375 4319 1532 4366 extra
1578 4329 1746 4381 quam
1802 4329 1915 4366 non
1969 4319 2054 4366 est
2107 4329 2206 4365 sa-

643 4461 820 4511 Omnia
871 4463 1078 4524 peccata
1131 4459 1472 4508 remittantur
1499 4457 1634 4521 ﬁliis
1686 4457 1967 4506 hominum.
2024 4443 2290 4519 Rigal-D

580 4533 690 4582 tius
745 4531 820 4580 ait
891 4544 902 4576 :
963 4547 993 4578 ‹‹
1061 4529 1230 4579 Marci
1295 4528 1462 4578 verba
1541 4533 1675 4578 sunt
1733 4541 1849 4591 cap.
1919 4540 1995 4588 III,
2062 4527 2213 4575 πάντα

572 4603 866 4666 ὰφεθῄσεται
893 4602 952 4650 τὰ
1001 4601 1315 4664 ἀμαρ.ᾐματα
1335 4600 1432 4654 τοῖς
1455 4600 1558 4654 υοῖς
1592 4599 1684 4646 τῶν
1732 4598 2031 4662 ἁντθρώπων.
2065 4597 2213 4659 Quo-

579 4689 700 4724 rum
750 4673 1043 4723 verborum
1082 4672 1414 4720 sententiam
1467 4670 1719 4732 Vulgata
1749 4670 2016 4720 versionis
2077 4682 2209 4720 auc-

581 4749 666 4794 tor
715 4744 1034 4808 ambiguam
1086 4743 1220 4792 fecit
1253 4741 1683 4804 transpositione
1735 4741 1906 4802 verbi,
1956 4743 2213 4790 remitten-

582 4819 689 4871 tur,
739 4828 907 4877 quam
947 4813 1064 4876 _hic
1115 4812 1355 4862 servavit
1431 4811 1742 4875 Cyprianus
1817 4813 1892 4861 At
1939 4809 2082 4860 libro
2139 4809 2212 4858 ad

582 4885 848 4948 Quirinum
929 4896 983 4933 ill
1068 4883 1415 4948 apertissime
1503 4882 1652 4932 dixit
1713 4896 1826 4931 non
1898 4894 2063 4945 posse
2153 4881 2212 4928 in

581 4955 834 5007 Ecclesia
916 4954 1118 5004 remitti
1201 4955 1269 5015 ei,
1334 4954 1431 5017 qui
1505 4955 1561 5002 in
1634 4954 1815 5004 Deum
1887 4951 2162 5015 delquerii
2194 4965 2207 5010 ;

582 5027 785 5076 deinde
828 5026 960 5076 citat
1000 5039 1069 5075 ex
1097 5025 1403 5088 Evangelio
1445 5023 1568 5071 κατὰ
1605 5023 1848 5071 Ματθαῖον
1890 5037 1900 5071 :
1931 5024 2031 5083 Qui
2069 5021 2212 5070 dixe-

587 5100 662 5144 rit
732 5095 938 5146 verbum
1011 5095 1254 5144 adversus
1332 5095 1532 5145 Filium
1609 5095 1844 5156 hominis,
1916 5095 2214 5141 remittetur

588 5167 722 5215 illi:
748 5168 839 5229 qui
884 5169 1059 5215 autem
1111 5166 1305 5214 dixerit
1347 5166 1592 5215 adversus
1647 5166 1905 5228 Spiritum
1951 5167 2206 5222 sanctum,

584 5250 687 5285 non
735 5235 1034 5285 remittetur
1083 5237 1189 5298 illi,
1244 5251 1401 5301 neque
1459 5238 1512 5284 in
1561 5235 1670 5297 hoc,
1719 5249 1874 5300 neque
1930 5237 1980 5283 in
2027 5234 2211 5296 futuro

578 5306 780 5356 scwulo.
823 5307 891 5356 Et
947 5307 1135 5356 statim
1183 5307 1412 5371 apponit
1463 5319 1532 5355 ex
1581 5307 1808 5356 Marco:
1863 5305 2047 5354 Omnia
2099 5315 2211 5368 pec-

576 5381 694 5427 cata
724 5379 1053 5426 remittentur
1096 5378 1230 5441 ﬁliis
1279 5379 1566 5435 hominum,
1618 5382 1669 5426 at
1712 5376 2055 5439 blasphemia,
2102 5378 2210 5426 etc.

582 5449 671 5498 Ex
691 5446 898 5510 quibus
942 5449 1470 5514 manifestissimum,
1537 5447 1660 5500 hac
1708 5447 1938 5510 epistola
1979 5449 2032 5497 et
2069 5445 2210 5496 libro

581 5519 652 5569 ad
683 5519 974 5580 Quirinum,
1017 5518 1162 5570 hanc
1192 5533 1312 5570 esse
1353 5519 1616 5584 Cypriani
1677 5523 1949 5580 mentem;
2003 5518 2211 5569 remitti

579 5591 769 5643 omnia
817 5595 1048 5656 peccata
1093 5605 1219 5657 qua
1275 5592 1542 5645 adversus
1598 5593 1744 5644 ﬁlios
1801 5592 2112 5654 hominum,
2152 5590 2210 5640 id

569 5667 675 5724 est,
703 5662 972 5715 adversus
1010 5660 1286 5721 homines,
1309 5676 1434 5726 quis
1472 5663 1844 5723 commiserit;
1875 5677 1988 5714 non
2022 5666 2210 5712 autem

573 5747 704 5808 qua
728 5737 998 5792 adversus
1025 5731 1294 5808 Spiritum
1318 5740 1592 5800 sanctum.
1625 5736 1748 5799 Hoc
1781 5748 1931 5802 vero,
1975 5733 2205 5810 Cypria~

2289 443 2417 490 citia
2464 455 2476 490 :
2529 439 2797 496 Dimittis,
2849 437 3046 501 inquit,
3097 439 3160 486 ut
3215 435 3509 487 dimittatur
3549 439 3688 492 tibia
3721 446 3831 498 Deo.

2287 515 2501 564 Delicta
2532 511 2830 561 mundetur
2853 523 2978 574 qua
3029 509 3180 581 quis
3205 508 3263 556 in
3297 507 3523 581 fratrem,
3551 525 3646 562 non
3670 515 3832 581 Deum,

2289 585 2592 634 admiserit.
2647 581 3004 632 Debitoribus
3054 579 3295 641 denique
3337 578 3632 633 dimissuros
3661 600 3746 636 nos
3789 578 3832 638 in

2288 656 2535 704 oratione
2590 653 2928 716 proﬁtemur.
2989 650 3182 700 Procul
3207 648 3394 723 tdubio
3441 651 3679 705 intellexit
3725 658 3835 723 Sep-

2288 726 2477 776 timius
2509 741 2521 774 :
2579 723 2906 774 Debitor-ibus
2944 724 3150 781 nostris,
3196 733 3306 770 non
3351 722 3465 772 Dei.
3499 741 3526 769 »
3567 726 3695 777 Bona
3732 722 3834 782 cum

2289 797 2451 846 venia
2517 795 2748 857 Bigaltii,
2808 793 2934 842 talis
3003 804 3198 841 sensus
3262 790 3349 839 his
3415 793 3580 843 verbis
3624 797 3835 860 Cypriani

2290 867 2555 930 assignari
2584 865 2766 916 debet.
2825 865 2921 927 qui
2961 877 3090 914 cum
3137 864 3262 925 ejus
3311 862 3550 914 instituto
3595 870 3835 921 consistam

2288 942 2511 1005 poterit.
2573 941 2780 990 Locum
2829 939 2983 988 hunc
3019 937 3209 986 laudat
3262 940 3326 986 ut
3366 939 3616 1001 ostendat,
3662 944 3836 995 veniam

2287 1027 2402 1062 non
2461 1016 2668 1062 temere
2724 1011 2893 1074 lapsis
2961 1008 3414 1068 concedendam;
3467 1011 3534 1059 ita
3596 1016 3750 1064 tamen
3791 1021 3838 1065 ut

2289 1084 2483 1135 eadem
2524 1081 2926 1146 pauitantibus
2961 1093 3072 1132 non
3109 1080 3428 1144 denegetur.
3462 1081 3733 1133 Dicendum
3757 1086 3836 1136 ita-

2289 1169 2398 1220 que
2465 1160 2620 1219 puto,
2663 1158 2945 1205 auctorem
3020 1155 3270 1201 nostrum
3321 1152 3553 1202 censisse
3620 1154 3836 1218 blasphe-

2288 1239 2440 1275 mare
2501 1225 2770 1287 Spiritum
2835 1226 3109 1284 sanctum,
3171 1223 3318 1272 idem
3385 1237 3594 1285 prorsus
3649 1240 3748 1278 esse
3790 1243 3837 1278 ac

2289 1296 2575 1346 Christum
2619 1295 2910 1357 abnegare.
2956 1295 3026 1342 Et
3066 1307 3257 1343 revera
3300 1295 3430 1343 Luc.
3470 1308 3546 1344 xu
3597 1309 3736 1347 voces
3771 1298 3838 1348 his

2289 1367 2607 1417 immediate
2632 1366 3045 1415 subnectuntur
3087 1365 3210 1413 istis
3236 1380 3247 1412 :
3288 1382 3311 1407 ‹
3351 1363 3538 1415 Omnis
3558 1367 3840 1430 quicumque

2291 1438 2581 1488 confessus
2641 1438 2807 1487 fuerit
2871 1450 2960 1486 me
3020 1449 3206 1486 coram
3258 1435 3589 1496 hominibus,
3633 1441 3680 1486 et
3725 1437 3839 1487 illius

2289 1508 2532 1557 hominis
2566 1507 2923 1558 confitebitur
2981 1520 3108 1557 eum
3160 1518 3348 1556 coram
3408 1505 3605 1568 angelis
3650 1507 3758 1567 Dei;
3800 1513 3840 1557 et

2290 1580 2387 1642 qui
2407 1591 2497 1628 me
2515 1578 2800 1641 negaverit
2822 1590 3008 1627 coram
3027 1576 3370 1635 hominibus,
3397 1576 3666 1640 negabitur
3695 1591 3839 1627 coram

2293 1650 2502 1712 angelis
2529 1649 2631 1698 Dei
2665 1666 2693 1693 »
2735 1647 2902 1697 Porro
2943 1647 3044 1697 ubi
3068 1649 3315 1698 occurrit
3356 1647 3498 1696 idem
3518 1648 3712 1696 Domini
3753 1648 3842 1697 dic-

2289 1723 2409 1770 tum
2450 1720 2642 1769 Matth.
2672 1732 2755 1769 xu
2783 1722 2840 1768 et
2879 1719 3043 1769 Marc.
3090 1732 3165 1779 ιη,
3199 1718 3267 1767 ad
3325 1717 3656 1780 blasphemos
3678 1718 3726 1765 in
3745 1731 3845 1767 eum

2292 1791 2559 1854 dirigitur.
2614 1789 2736 1838 Vid.
2770 1803 2897 1852 qua
2926 1789 3184 1839 adnotata
3220 1790 3277 1838 in
3311 1789 3349 1838 l.
3398 1801 3457 1838 III
3501 1786 3564 1836 ad
3610 1789 3776 1848 Quirin.
3804 1802 3840 1838 c.

2291 1862 2353 1911 28
2409 1861 2724 1910 :Remissam
2778 1860 2822 1907 is
2875 1872 2974 1907 non
3011 1858 3236 1908 habebit.
3308 1858 3452 1921 Quia
3516 1858 3733 1908 Ecclesia
3775 1858 3848 1920 eji-

2294 1931 2524 1982 ciendus
2563 1934 2663 1990 est,
2717 1942 2822 1980 nec
2856 1930 2963 1979 nisi
3010 1943 3106 1992 per
3143 1930 3537 1988 pauitantiam,
3571 1941 3680 1991 qua
3718 1929 3846 1978 unica

2291 2007 2416 2067 post
2442 2002 2792 2064 naufragium
2817 2001 3026 2062 tabula,
3056 2001 3272 2050 restitui
3301 2003 3497 2062 potest.

2353 2074 2561 2124 Eterni
2612 2073 2824 2135 peccati.
2878 2071 2971 2122 Sic
3025 2071 3220 2122 Graca
3271 2069 3526 2134 quadam
3575 2068 3849 2131 exemplaria

2292 2145 2483 2207 legunt
2538 2143 2784 2208 ἁμαρτίας.
2817 2143 2921 2192 Per
2982 2145 3251 2192 atemum
3294 2143 3597 2204 peccatum,
3647 2139 3850 2201 intelligit

2293 2227 2574 2264 summum
2617 2213 2754 2263 illud
2784 2213 2940 2263 nefas
2987 2212 3332 2272 idololatria,
3365 2209 3512 2274 quod
3547 2210 3610 2260 ab
3652 2210 3848 2260 Ecclesia

2293 2288 2636 2338 exterminat.

2360 2358 2485 2407 Plus
2513 2356 2711 2405 cadent.
2743 2356 3017 2421 Rigaltius
3071 2356 3146 2404 ait
3179 2370 3189 2403 :
3227 2372 3257 2400 α
3283 2354 3394 2417 Qui
3441 2356 3547 2417 jam
3589 2352 3851 2402 exciderunt

2296 2428 2364 2477 de
2392 2428 2503 2477 ﬁde
2537 2427 2686 2477 dicta
2723 2426 2960 2483 Christo,
3001 2439 3152 2477 nunc
3205 2427 3376 2476 etiam
3408 2424 3659 2476 excidunt
3695 2423 3751 2472 de
3794 2421 3852 2470 di-

2293 2499 2527 2562 sciplina
2547 2499 2813 2547 Ecclesia
2839 2497 3060 2547 Christi.
3097 2514 3126 2542 »

2358 2570 2415 2618 1η
2457 2569 2740 2618 minoribus
2782 2571 3019 2632 peccatis.
3059 2567 3266 2618 Saltem
3318 2570 3565 2630 respects
3602 2565 3762 2614 habito
3801 2563 3852 2612 ad

2295 2641 2648 2702 apostasiam,
2679 2640 2936 2700 intelligit
2977 2640 3128 2689 enim
3157 2639 3300 2689 inter
3344 2639 3451 2688 alia
3482 2636 3775 2687 adulterium
3813 2637 3853 2683 et

2293 2710 2678 2760 homicidium.
2702 2710 2972 2761 Eamdem
2988 2710 3458 2772 comparationem
3473 2708 3692 2758 instituit
3705 2705 3852 2768 Cypm

2297 2796 2383 2845 ep.
2413 2785 2690 2846 proxima.

2360 2852 2583 2915 O/fertur
2643 2867 2822 2903 nomen
2888 2868 3078 2902 eorum.
3129 2853 3403 2917 Rigaltius
3454 2853 3528 2902 ait
3589 2865 3601 2898 :
3668 2867 3692 2895 «κ
3743 2850 3855 2898 Inter

2297 2925 2605 2972 orationum
2667 2924 2941 2974 sacriﬁcia
2998 2925 3374 2974 nominantur.
3447 2922 3714 2974 Orationes
3767 2921 3855 2966 sive

2297 3007 2488 3058 preces
2513 3009 2610 3058 pro
2646 2996 2725 3045 eis
2774 2995 3104 3052 nominatim
3143 2995 3458 3059 allegantur
3501 2995 3613 3044 Deo
3639 3005 3722 3055 per
3760 3002 3857 3052 pre-

2216 3081 2271 3156 Ω
2297 3065 2568 3128 sbyteros.
2615 3064 2853 3156 Oﬁ‘ertur
2886 3079 3091 3156 nomen
3123 3079 3319 3156 eorum
3351 3079 3465 3156 uLna
3495 3078 3615 3156 cum
3639 3059 3859 3156 ‘precibus

2303 3149 2428 3198 qua
2488 3149 2586 3199 pro
2625 3138 2705 3186 eis
2753 3137 3078 3187 offeruntur.
3122 3136 3286 3199 Quod
3341 3136 3596 3187 observat
3639 3131 3856 3199 Panelius,

2303 3207 2361 3255 in
2396 3206 2553 3257 libris
2600 3208 2994 3272 manuscriptis
3046 3198 3318 3259 canonem
3380 3207 3453 3256 ita
3499 3203 3720 3266 concipit
3751 3198 3860 3247 :Lie-

2300 3281 2486 3339 mento,
2545 3279 2756 3327 Domine
2816 3279 3139 3339 famularum
3209 3277 3625 3340 famularumque
3683 3277 3855 3328 tuarum,

2301 3349 2545 3410 nomina,
2590 3349 2673 3399 sic
2715 3349 2948 3414 intelligi
2995 3349 3160 3399 debet
3193 3353 3255 3398 nt
3301 3352 3430 3411 post
3465 3361 3527 3397 ea
3583 3343 3729 3395 verba
3781 3341 3859 3388 lte-

2302 3423 2494 3480 mento,
2556 3421 2771 3469 Domine
2822 3421 3151 3482 famulorum
3202 3419 3622 3482 famularumque
3677 3418 3855 3468 tuarum:

2303 3491 2573 3552 scriptum
2627 3491 2793 3542 fuerit
2867 3490 3228 3555 pracipiendi
3289 3490 3461 3540 modo
3500 3486 3727 3543 nomina;
3771 3492 3860 3555 _qu_0

2304 3551 2518 3610 scilicet
2565 3551 2926 3611 admoneatur
2973 3551 3259 3625 presbyter
3289 3562 3387 3624 qui
3417 3573 3515 3624 pro
3542 3555 3726 3622 populo
3762 3551 3860 3601 facit

2301 3633 2644 3682 mentionem
2677 3632 2785 3683 hoc
2815 3633 2940 3684 loco
2973 3633 3288 3684 habendam
3330 3645 3457 3683 esse
3489 3634 3736 3682 certarum
3774 3636 3862 3689 per-

2304 3717 2567 3754 sonarum
2593 3706 2938 3755 nominatim.
2975 3721 3006 3754 »

2369 3785 2728 3848 Emomologesi
2789 3786 2957 3846 facta.
3017 3786 3303 3837 Publicam
3367 3783 3747 3837 confessionem
3793 3775 3861 3848 hic

2303 3854 2536 3919 intelligi
2571 3868 2737 3918 supra
2778 3855 2837 3904 in
2863 3855 2960 3906 lib.
3004 3856 3069 3905 de
3111 3858 3306 3919 Lapsis,
3349 3855 3673 3906 monuimus.
3716 3850 3775 3898 ita
3809 3847 3860 3919 in

2305 3918 2533 3992 epistola
2583 3927 2658 3976 ad
2684 3929 2982 3978 Antoniam.
3018 3947 3046 3974 «
3076 3918 3291 3978 PlaCuit
3325 3926 3660 3978 sacriﬁcatus
3681 3923 3728 3970 in
3749 3918 3863 3968 exitu

2304 3997 2610 4055 subveniri,
2677 3997 2806 4060 quia
2878 3997 3287 4060 exomologesis
3356 3996 3505 4062 apud
3557 3993 3738 4062 inferos
3779 3998 3862 4062 non

2304 4073 2414 4128 est;
2465 4084 2496 4114 >>
2547 4067 2646 4118 ubi
2707 4068 2935 4117 omnino
2987 4073 3206 4120 constat
3257 4061 3429 4118 verba
3475 4067 3569 4116 illa
3620 4061 3865 4134 Psalmistte

2303 4139 2565 4190 laudari:
2620 4137 2679 4186 In
2726 4139 2934 4200 inferno
2978 4141 3097 4204 quis
3142 4139 3469 4202 conﬁebittur
3503 4135 3657 4204 tibi?_
3685 4131 3865 4204 Disertis

2303 4224 2465 4275 porro
2511 4205 2700 4259 verbis
2750 4199 3086 4272 ﬁSubjicitur;
3143 4225 3175 4258 <<
3207 4199 3278 4258 Et
3338 4209 3471 4272 quia
3525 4202 3674 4275 apud;
3708 4199 3865 4275 inferos

2305 4272 2578 4333 confessio
2603 4291 2717 4327 non
2748 4284 2850 4341 est,
2901 4293 3008 4331 nec
3045 4279 3451 4343 exomologesis
3501 4277 3609 4327 illic
3649 4272 3753 4343 ﬁeri
3793 4278 3864 4330 p0-

2304 4356 2427 4402 test.
2462 4369 2491 4397 »
2522 4349 2614 4401 Sic
2637 4349 2714 4399 lib
2769 4350 2833 4400 de
2875 4352 3086 4415 Lapsis:
3123 4366 3153 4399 <‹
3177 4342 3400 4411 Quanto
3426 4353 3478 4400 et
3500 4347 3641 4420 ﬁde“
3661 4342 3865 4420 majorcft

2313 4429 2366 4476 et
2394 4427 2588 4475 timore
2622 4425 2881 4475 meliores
2919 4407 3068 4485 sunt,
3117 4407 3494 4487 quiquamvis
3534 4418 3678 4470 nullo
3714 4407 3870 4462 sacriﬁ-

2312 4497 2401 4556 cii,
2435 4500 2529 4546 aut
2565 4495 2740 4547 libelli
2788 4495 3031 4544 facinore
3081 4495 3393 4552 constricti;
3447 4491 3696 4557 quoniam
3733 4489 3868 4557 tanien

2310 4551 2510 4618 devhoc
2545 4568 2631 4617 vel
2657 4567 3059 4630 cogitaverunt,
3100 4565 3208 4615 hoc
3249 4551 3433 4628 ipsum
3464 4551 3634 4627 -apud
3663 4551 3871 4607 sacerdo-

2312 4643 2393 4688 tes
2420 4640 2523 4689 Dei
2551 4638 2799 4688 dolenter
2847 4641 2904 4687 et
2951 4637 3278 4700 simpliciter
3317 4635 3652 4692 conﬁtentes,
3696 4636 3872 4679 exomo-

2309 4710 2521 4773 logesin
2570 4709 2929 4760 conscientia
2978 4709 3206 4770 faciunt,
3244 4708 3418 4757 animi
3452 4707 3536 4756 sui
3561 4701 3762 4773 pondus
3805 4705 3870 4744 ex-

2309 4771 2539 4844 ponunt.
2575 4798 2604 4828 »
2629 4781 2701 4830 Et
2723 4780 2910 4829 statim
2950 4779 3019 4831 de
3059 4780 3233 4830 tribus
3280 4780 3466 4843 pueris
3489 4779 3596 4827 ait:
3623 4791 3651 4823 α
3689 4771 3874 4844 Egon]?-

2310 4841 2523 4914 logesin
2575 4851 2852 4901 faciebant
2899 4851 3017 4902 Deo
3076 4851 3133 4900 in
3185 4841 3370 4901 medio
3425 4848 3582 4912 ignis.
3633 4861 3661 4891 »
3692 4841 3775 4914 Et
3819 4846 3874 4914 Δδιο

2310 4909 2512 4973 ωἷιὶιθι·
2567 4922 2637 4972 de
2684 4921 2914 4972 Daniele
2972 4922 3068 4980 ait,
3123 4938 3153 4970 ς
3196 4909 3620 4982 Exomologesin
3679 4909 3872 4961 dolenter

2311 4993 2540 5054 faciens,
2596 5009 2625 5039 »
2649 4992 2795 5042 dixit
2834 5005 2846 5040 ε
2887 4995 3116 5054 Domine,
3165 4993 3309 5042 Deus
3361 5003 3593 5054 magnus,
3618 4989 3714 5037 etc.
3741 4982 3876 5030 Pecca-

2307 5065 2494 5126 vimus,
2517 5063 2733 5125 facinus
2754 5061 3084 5114 admisimus.
3115 5065 3223 5115 etc.

2373 5155 2553 5204 Servo:
2596 5153 2693 5204 Dei
2727 5167 2839 5202 cum
2900 5153 2999 5202 Dei
3051 5153 3307 5205 sacerdote
3371 5147 3698 5204 committunt.
3735 5131 3875 5200 Μεθ’

2310 5227 2419 5276 tius
2445 5226 2518 5276 ait
2545 5240 2563 5274 :
2596 5241 2625 5270 «
2659 5223 2721 5274 Id
2741 5227 2843 5286 est,
2864 5237 2993 5274 cum
3041 5226 3318 5290 episcopo.
3349 5224 3445 5275 Sic
3483 5221 3634 5285 epist.
3683 5213 3738 5290 53
3768 5218 3875 5290 con:

2311 5297 2564 5348 stitutum
2601 5296 2792 5346 Roma
2821 5279 2922 5346 Dei
2959 5279 3316 5347 sacerdotem.
3364 5279 3874 5348 Animadvertendum

2309 5345 2745 5420 hic—Deiservos
2788 5345 3062 5418 committi
3107 5345 3255 5420 cum,
3289 5345 3400 5420 Dei
3459 5360 3740 5417 sacerdote.

2309 5441 2629 5491 meminisse
2675 5437 2840 5490 debet
2893 5440 2996 5491 Dei
3030 5438 3290 5490 sacerdos
3334 5451 3454 5490 esse
3504 5449 3562 5487 se
3603 5431 3752 5484 etiam
3797 5421 3873 5471 Dei

2309 5524 2550 5563 servum.
2587 5527 2616 5557 »

2371 5592 2618 5642 Memora:
2664 5591 2769 5642 loci
2813 5591 2996 5641 nostri.
3031 5590 3308 5656 Rigaltius
3342 5592 3416 5641 ait
3472 5605 3484 5639 :
3529 5579 3872 5656 «Episcopalis

2313 5665 2364 5714 et
2408 5662 2636 5728 quidem
2704 5653 3160 5727 Carthaginensis
3221 5662 3507 5723 Ecclesia,
3557 5667 3672 5723 qua:
3731 5653 3871 5728 prima

2309 5725 2611 5808 provinciae
2671 5732 2834 5794 sedes
2883 5725 3134 5805 adeoque
3205 5733 3497 5792 multarum
3549 5725 3868 5792 Ecclesium!
