4144 6192
261 158 396 217 1209

255 299 447 339 curam
476 282 804 337 sustinebat.
844 284 938 339 Sic
975 283 1034 338 in
1077 286 1199 340 cod.
1250 287 1467 342 Eccles.
1502 292 1669 343 Afric.
1703 292 1879 342 Aure—

254 359 368 409 lius
394 357 747 421 Carthaginis
774 360 1069 424 episcopus
1105 378 1115 410 :
1148 363 1266 424 Ego
1306 366 1633 413 cunctarum
1677 362 1882 412 Eccle-

252 433 464 481 siarum
494 430 813 494 dignatione
837 436 960 494 Dei,
994 440 1054 486 ut
1089 440 1260 498 scitis,
1302 439 1514 496 fratres,
1548 433 1885 487 sollicitudi-

252 518 381 555 nem
451 505 719 554 sustineo.
783 506 1015 568 lbidem,
1074 510 1371 560 Numidius
1445 512 1741 575 episcOpus
1792 502 1883 552 ‘ad

252 576 542 626 Aurelium
574 591 584 624 :
619 577 743 625 Fuit
783 590 1002 641 semper
1030 580 1153 631 baac
1194 582 1421 632 licentia
1450 582 1584 633 huic
1620 580 1754 640 sedi,
1783 586 1882 639 pro

252 648 530 698 desiderio
581 650 855 713 cujusque
908 650 1169 702 Ecclesia
1234 654 1490 704 ordinare
1539 655 1879 718 episcopum.

253 720 564 782 Epigonius
614 720 746 770 item
792 722 1004 785 episc.:
1056 724 1294 775 Necesse
1352 725 1525 775 habes
1570 731 1629 775 tu
1688 740 1883 777 omnes

253 793 537 842 Ecclesiae
556 792 866 843 suffulcire.
906 796 1103 858 Itaque
1129 797 1246 859 ipse
1277 795 1603 860 Cyprianus,
1650 799 1883 861 epistola

246 865 315 913 15
362 865 442 914 sic
490 865 683 928 incipit
741 881 754 913 :
805 865 1138 917 Sollicitudo
1188 868 1314 919 loco
1366 871 1559 934 nostri,
1610 875 1664 920 et
1718 871 1884 921 timor

255 935 484 985 Domini
511 935 811 998 compellit.
840 954 868 982 »

313 1009 416 1057 Per
440 1007 549 1056 dies
570 1020 779 1071 quoque
817 1008 1071 1072 impletur
1117 1009 1264 1073 apud
1303 1022 1401 1059 nos
1453 1010 1652 1072 Spiritu
1699 1016 1882 1061 sancto

244 1090 534 1141 puerorum
582 1079 830 1128 innocens
873 1084 1019 1137 aetas,
1065 1095 1180 1143 quas
1233 1083 1291 1129 in
1340 1081 1538 1130 exstasi
1583 1081 1737 1131 videt.
1788 1083 1883 1133 Ri-

246 1148 451 1210 galtius
480 1148 555 1196 ait
585 1162 648 1195 :«
680 1149 802 1198 Non
832 1160 908 1198 ex
946 1150 1178 1199 somniis
1213 1152 1456 1211 tantum,
1488 1164 1683 1201 verum
1716 1154 1883 1202 etiam

248 1232 321 1268 ex
382 1218 586 1277 furore,
640 1218 827 1267 divina
892 1220 1171 1270 variorum
1238 1226 1543 1271 eventuum
1615 1224 1884 1285 praesagia

250 1302 555 1352 concepere
598 1290 700 1338 viri
751 1288 1065 1340 Christiana
1114 1293 1319 1355 pietate
1371 1293 1757 1343 laudatissimi.
1796 1294 1886 1344 IEt

250 1362 594 1411 somniorum
636 1361 861 1425 quidem
898 1365 1169 1427 exempla,
1215 1378 1342 1427 quas
1385 1363 1652 1416 Cascilius
1685 1368 1879 1416 noster

250 1433 520 1483 Ecclesia)
566 1446 684 1484 suae
722 1434 1054 1497 presbyteris
1098 1440 1300 1492 narrat,
1328 1451 1493 1500 supra
1524 1439 1875 1487 'notavimus.

251 1506 373 1554 Hac
405 1505 634 1569 epistola
676 1519 773 1568 per
816 1508 1111 1557 exstaticos
1144 1521 1441 1571 puerorum
1482 1510 1878 1560 innocentium

252 1575 455 1625 effatus
522 1578 730 1626 monita
786 1578 1041 1640 quaedam
1108 1579 1226 1628 sive
1286 1579 1547 1629 mandata
1610 1580 1876 1630 inculcat.

253 1647 359 1696 Per
388 1647 524 1706 dies,
549 1648 748 1711 inquit,
780 1648 1040 1712 impletur
1081 1650 1228 1713 apud
1273 1664 1375 1699 nos
1419 1650 1629 1714 Spiritu
1674 1655 1870 1703 sancte
1904 1696 1907 1703 .

251 1732 550 1781 puerorum
578 1720 846 1770 innocens
872 1723 1021 1779 aetas,
1053 1735 1176 1783 qua;
1198 1723 1255 1770 in
1272 1722 1472 1772 exstasi
1498 1722 1649 1772 videt
1670 1724 1869 1785 oculis,

252 1792 310 1839 et
337 1789 490 1838 audit
517 1792 571 1839 et
604 1790 904 1853 alloquitur
945 1805 1012 1841 ea
1049 1792 1252 1855 quibus
1283 1806 1387 1843 nos
1431 1794 1707 1843 Dominus
1740 1808 1869 1843 mo-

251 1874 386 1910 nere
434 1865 489 1910 et
525 1862 795 1912 instruere
831 1862 1107 1926 dignatur.
1143 1864 1328 1924 Recte,
1371 1865 1427 1913 in
1473 1865 1696 1914 exstasi.
1732 1866 1872 1915 Nam

253 1929 560 1980 adventans
605 1933 662 1980 in
706 1945 906 1994 pueros
958 1934 1042 1983 vis
1089 1934 1263 1985 divini
1318 1935 1576 1998 Spiritus,
1630 1936 1887 1986 elocabat

254 2000 524 2064 quidquid
561 2003 616 2051 in
647 2004 757 2053 illis
782 2009 901 2054 erat
924 2007 1128 2055 mentis
1162 2007 1449 2070 inquilinus
1493 2008 1611 2056 sive
1642 2007 1886 2058 domes—

251 2072 381 2121 ticas
413 2087 423 2119 :
466 2073 541 2122 ita
568 2077 629 2122 ut
663 2075 920 2138 quisque,
952 2090 1063 2125 non
1091 2078 1203 2137 jam
1231 2077 1347 2126 suis
1390 2090 1639 2139 compos,
1673 2090 1883 2140 magno

251 2142 349 2192 illo
384 2142 688 2195 habitatore
727 2146 941 2207 plenus,
973 2147 1113 2197 nihil
1149 2152 1350 2210 praeter
1385 2148 1657 2209 hospitem
1718 2162 1887 2198 suum

253 2215 500 2273 sentiret,
541 2229 645 2266 nec
690 2217 915 2278 videret,
946 2232 1051 2269 nec
1088 2219 1424 2280 loqueretur.
1466 2220 1651 2280 Quam
1715 2231 1887 2282 prope

253 2286 601 2348 exploratum
666 2287 861 2337 habuit
934 2288 1078 2338 hanc
1134 2290 1307 2338 divini
1379 2290 1582 2338 furoris
1648 2290 1888 2353 gratiam

256 2358 619 2417 Aristoteles,
673 2358 813 2408 libro
861 2360 924 2406 de
983 2359 1327 2408 Divinatione
1379 2373 1477 2422 per
1526 2360 1733 2408 insom.
1789 2359 1888 2407 ubi

254 2428 464 2475 fatetur
496 2428 791 2478 exstaticos
827 2430 1012 2479 futura
1050 2430 1385 2492 quandoque
1420 2431 1756 2491 prospicere.
1787 2428 1887 2477 Τοῦ

254 2498 307 2545 δὲ
334 2497 504 2555 ἐνίους,
531 2499 729 2561 inquit,
746 2500 838 2546 τῶν
863 2500 1123 2547 έκσταικῶν
1142 2506 1348 2564 προορᾶν
1369 2500 1517 2548 αἴσιον
1546 2501 1617 2548 ὅτι
1641 2502 1690 2549 αἱ
1716 2500 1889 2548 οἰκεῖαι

254 2568 464 2624 κινήσεις
502 2569 592 2615 οὐκ
638 2568 933 2631 ἐνοχλοῦσιν,
980 2570 1081 2618 ἀλλ’
1122 2569 1537 2633 ἀπορῤαπίζονται,
1564 2572 1659 2619 τῶν
1702 2571 1889 2627 ξενικῶν

256 2640 343 2687 οὖν
374 2641 577 2703 μάλιστα
603 2641 919 2689 αἰσθάνονται.
954 2643 1112 2693 Unde
1139 2647 1323 2693 autem
1351 2644 1445 2691 illa
1474 2645 1646 2705 ξενικὰ,
1674 2646 1780 2693 nisi
1820 2643 1889 2693 ab

258 2714 356 2763 illo
382 2715 571 2764 divino
599 2715 817 2778 hospite
846 2716 995 2765 illata
1023 2720 1077 2765 et
1119 2717 1346 2766 invecta
1366 2717 1394 2764 Ῡ
1428 2718 1701 2767 Praeclare
1732 2717 1889 2767 Philo

257 2788 643 2838 dissertatione
675 2802 775 2837 sua
800 2803 811 2835 :
843 2788 981 2850 Quis
1010 2788 1322 2838 divinorum
1365 2790 1543 2840 haeres
1566 2794 1593 2840 ‘I
1622 2791 1890 2847 ἐξοικίζεται

257 2861 340 2920 μὲν
366 2860 455 2923 γὰρ
482 2860 528 2907 ἐν
552 2862 665 2921 ἡμῖν
694 2861 721 2906 ὁ
748 2856 857 2913 νοῦς
877 2859 1001 2920 ματα
1030 2860 1112 2916 τὴν
1141 2859 1226 2908 τοῦ
1260 2861 1389 2908 θείου
1422 2862 1698 2925 Πνεύματος
1721 2864 1888 2924 ἄφιξιν.

255 2931 402 2991 Θέμις
425 2932 515 2994 γὰρ
539 2932 629 2978 οὐκ
650 2932 751 2978 ἐστι
778 2931 939 2987 Θνητὸν
968 2932 1185 2994 ἀθανάτῳ
1215 2933 1519 2991 συνοικῆσαι.
1550 2934 1641 2981 Διὰ
1677 2930 1819 2980 τοῦτο
1860 2933 1891 2988 ἠ

258 3001 391 3056 δύσις
406 3000 489 3049 τοῦ
512 3003 644 3061 λογισ
652 2999 743 3063 μοῦ
773 3002 854 3049 καὶ
895 3001 948 3048 τὸ
986 3002 1091 3064 περὶ
1134 3002 1192 3049 αὐ
1200 3002 1278 3048 τὸν
1315 3002 1502 3059 σκότος,
1545 3003 1766 3050 ἔκστασιν
1810 3002 1892 3048 καὶ

260 3071 540 3105 acM/ama“
598 3073 771 3105 ιιηυῖηυ
842 3072 1058 3105 ἓνένυνιηε
1168 3072 1317 3105 Idam
1396 3078 1588 3105 n11n§nr
1672 3074 1892 3105 hunth
1908 3032 1968 3105 (Ζ

260 3071 540 3135 θεοφόρητον
598 3073 771 3133 μανίαν
841 3072 1077 3131 ἐγέννησε.
1167 3072 1320 3122 Idem
1396 3078 1588 3123 auctor
1672 3074 1893 3123 huncce

260 3143 501 3191 furorem
556 3143 691 3191 dicit
738 3156 857 3193 esse
900 3143 1054 3190 ἔνθεον
1098 3144 1425 3205 κατοχωτικήν
1474 3161 1524 3191 τε
1572 3143 1757 3205 μανίαν.
1814 3145 1895 3192 Ac

260 3217 550 3276 prepterea
597 3215 980 3264 Tertullianus
1038 3216 1302 3265 adversus
1352 3216 1729 3275 Marcionem,
1786 3214 1895 3264 hoc

263 3285 427 3333 etiam
479 3285 742 3345 defendit,
791 3288 980 3348 gratias
1032 3287 1296 3347 exstasin,
1344 3286 1400 3335 id
1451 3290 1551 3347 est,
1594 3286 1893 3336 amentiam

262 3358 580 3406 convenire.
612 3358 672 3405 In
706 3358 915 3419 'spiritu
943 3359 1094 3406 enim
1116 3359 1286 3407 homo
1312 3360 1671 3416 constitutus,
1691 3357 1891 3421 inquit,

262 3439 497 3476 necesse
538 3430 621 3477 est
653 3428 872 3477 excidat
900 3441 1088 3476 sensu.
1118 3429 1313 3491 Itaque
1362 3429 1419 3476 in
1459 3428 1739 3477 exstaticis
1786 3427 1894 3475 ali—

268 3498 594 3560 quantisper
637 3499 909 3560 sapientia
955 3499 1207 3547 moritur.
1239 3499 1512 3547 Nimirum
1546 3498 1747 3547 divinae
1792 3511 1893 3545 su-

260 3570 527 3630 perventu
584 3568 826 3616 humana
868 3567 949 3616 sic
973 3566 1277 3616 oﬂ‘uscatur
1320 3572 1375 3617 et
1424 3568 1791 3627 inumbratur,
1832 3571 1895 3616 ut

262 3638 569 3688 excessisse
619 3639 841 3687 interim
878 3637 1147 3687 videatur.
1193 3638 1645 3701 Chrysostomus,
1683 3639 1779 3688 ubi
1826 3639 1895 3688 de

261 3709 496 3767 visione,
525 3722 633 3770 qua
666 3708 858 3758 Petrus
884 3722 982 3757 vas
1012 3710 1207 3770 ingens
1237 3710 1380 3759 cmlo
1419 3708 1725 3759 demissum
1762 3722 1894 3758 con-

261 3780 443 3840 spexit
489 3794 499 3826 :
541 3778 778 3837 ἔκστασις,
816 3783 1110 3841 πνευματική
1156 3779 1328 3843 θεωρία
1371 3779 1561 3840 γέγονεν
1606 3780 1735 3842 αὐτῷ
1760 3796 1770 3807 ·
1806 3776 1890 3826 τοῦ

261 3848 500 3911 σώματος,
531 3851 596 3905 ὠς
619 3852 675 3899 ἄν
701 3852 825 3901 εἰποι
847 3868 934 3910 τις,
959 3852 1119 3909 ἐξέστη
1148 3854 1178 3909 ἠ
1203 3852 1353 3915 ψυχὴ.
1387 3872 1411 3895 υ

810 4039 1122 4093 EISTOLA
1158 4040 1330 4092 XVII.

324 4169 386 4217 In
408 4168 550 4231 plebe
574 4168 989 4219 consistentibus.
1028 4168 1151 4218 Vid.
1182 4183 1309 4233 quae
1336 4167 1483 4220 dicta
1515 4168 1583 4218 ad
1608 4181 1692 4233 ep.
1724 4172 1767 4217 1.

326 4238 515 4300 Quibus
576 4245 759 4302 potens
820 4246 892 4289 est
944 4240 1134 4289 divina
1195 4239 1560 4289 misericordia
1634 4238 1887 4288 medelam

259 4311 411 4362 dare.
438 4312 498 4360 In
530 4310 622 4360 illa
664 4314 821 4360 erant
866 4312 1138 4361 sententia
1187 4310 1352 4361 etiam
1391 4310 1639 4361 Montani
1681 4314 1735 4359 et
1778 4311 1882 4361 No-

262 4382 470 4431 vatiani
518 4395 806 4444 sequaces,
863 4382 1313 4443 gravissimorum
1352 4380 1690 4444 ﬂagitiorum
1743 4394 1888 4431 com—

258 4457 464 4517 pertos,
511 4451 641 4501 licet
710 4451 779 4501 ab
848 4451 1103 4501 Ecclesia
1150 4452 1369 4501 veniam
1418 4464 1531 4500 non
1583 4450 1889 4511 obtineant,

262 4538 290 4572 a
320 4524 438 4572 Deo
468 4527 653 4571 tamen
708 4530 869 4589 posse
911 4522 1161 4572 obtinere
1195 4536 1206 4569 :
1261 4521 1329 4571 lis
1363 4534 1491 4584 ergo
1536 4534 1648 4570 non
1682 4520 1737 4568 in
1785 4519 1892 4570 hoc

268 4591 617 4653 vertebatur;
665 4598 719 4641 et
761 4596 907 4641 recte
945 4594 1135 4641 auctor
1201 4596 1390 4640 noster
1444 4590 1553 4641 hoc
1598 4591 1890 4641 sufﬂamen

260 4664 489 4727 opponit
513 4664 681 4726 lapsis
699 4663 793 4726 qui
821 4662 888 4711 ad
918 4676 1111 4724 pacem
1139 4663 1480 4723 festinarent,
1506 4661 1656 4725 quod
1678 4675 1789 4710 non
1821 4662 1891 4712 de

258 4748 451 4785 eorum
480 4735 659 4784 salute
688 4734 1097 4784 conclamatum
1126 4734 1216 4794 sit,
1245 4733 1448 4797 quibus
1473 4738 1601 4786 ante
1622 4735 1891 4798 paeniten-

257 4810 352 4861 tiae
386 4808 685 4860 decursum
711 4808 849 4857 mori
878 4809 1234 4869 contingeret.

788 4985 1141 5037 EPISTOLA
1172 4984 1370 5034 XVIII.

316 5114 566 5163 dictatam
621 5114 854 5178 coepisse.
930 5112 1205 5163 Lavandae
1277 5111 1585 5175 disciplina
1666 5124 1888 5163 causam

254 5188 423 5238 aliam
486 5187 807 5250 suppeditat
883 5186 1115 5251 epistola
1181 5187 1463 5243 vicesima,
1538 5186 1607 5235 ad
1679 5184 1884 5235 Pamel.

252 5271 520 5308 numeros
574 5260 649 5308 15.
712 5257 873 5320 Quod
917 5260 1183 5308 nimirum
1228 5271 1339 5307 non
1393 5256 1560 5307 modo
1624 5256 1783 5319 lapsi,
1832 5257 1887 5304 et

257 5329 487 5393 plurimi
548 5342 617 5378 ex
676 5329 1013 5393 presbyteris
1071 5327 1639 5392 Carthaginensibus,
1678 5327 1779 5378 sed
1832 5328 1886 5378 et

257 5402 509 5453 Romana
542 5400 797 5451 Ecclesia
837 5400 1181 5464 indulgentia
1221 5399 1493 5450 utendum
1536 5398 1882 5453 censuisset:

258 5476 318 5521 et
344 5471 542 5521 durum
587 5472 815 5521 omnino
857 5475 1018 5531 esset,
1061 5485 1174 5521 non
1210 5484 1440 5521 suorum
1486 5469 1669 5531 modo,
1698 5468 1796 5520 sed
1834 5471 1887 5523 et

260 5542 462 5591 vicinas
491 5541 782 5602 Ecclesia,
805 5540 952 5604 apud
978 5553 1145 5604 quem
1174 5553 1431 5592 secessus
1468 5542 1586 5603 ejus
1616 5542 1730 5603 jam
1766 5542 1886 5588 tum

258 5613 408 5741 magis
458 5611 736 5665 audiebat.
780 5612 946 5668 simul
998 5614 1055 5669 et
1104 5612 1280 5669 semel
1339 5610 1605 5668 invidiam
1676 5614 1732 5669 et
1777 5611 1887 5665 iras

261 5697 291 5741 β
375 5694 469 5741 ire.

261 5684 469 5743 subire.

1561 158 1734 218 EDIT.
1774 159 1972 221 OXON.
2011 158 2228 221 NOTAE.

3476 162 3609 223 l2l0

2043 293 2198 359 Apud
2243 295 2512 347 diaconum
2567 308 2759 364 quoque
2822 292 3201 361 exomologesiu
3284 291 3481 358 facere.
3533 293 3605 345 Ri

1982 366 2184 427 galtius
2219 368 2337 418 ait:
2378 386 2407 416 ‹‹
2442 368 2539 419 Est
2578 369 2727 418 enim
2775 368 2941 418 etiam
2985 366 3043 415 in
3092 366 3384 415 diaconatu
3436 377 3618 415 sacer-

1983 436 2212 487 dotium.
2269 458 2296 485 »
2354 439 2448 489 Sic
2503 441 2663 502 epist.
2722 440 2784 489 20
2833 455 2843 488 :
2905 458 2931 484 «
2985 440 3123 488 Item
3173 437 3508 501 presbyteris
3566 441 3620 486 et

1983 506 2313 559 diaconibus
2344 524 2455 559 non
2489 511 2666 559 defuit
2694 510 2989 561 sacerdotii
3037 511 3209 574 vigor.
3247 530 3272 556 »
3316 509 3492 561 Caute
3527 507 3620 558 hic

1982 579 2257 642 legendus
2320 585 2405 631 est
2455 582 2729 645 Rigaltius
2780 581 2911 632 dum
2959 582 3031 631 ait
3090 596 3192 631 esse
3234 585 3283 630 in
3342 581 3616 629 diaconum

1980 652 2344 702 sacerdotium.
2396 653 2783 716 Quacumque
2850 655 3158 704 necessitas
3216 654 3382 715 cogit,
3452 651 3615 699 etiam

1982 721 2076 771 illa
2134 723 2399 785 defendit,
2456 724 2551 773 sed
2600 724 2870 787 tantisper
2917 724 3049 774 dum
3102 724 3440 774 incubuerit.
3478 722 3615 772 Nota

1984 797 2063 843 est
2117 794 2347 845 historia
2398 795 2543 857 apud
2590 794 2794 845 Euseb.
2836 795 2872 843 l.
2911 809 2990 853 vx,
3034 809 3082 845 c.
3118 795 3195 853 44,
3242 794 3612 845 Ευοὶιαι-ἱειίω

1981 876 2082 925 per
2126 879 2358 928 puerum
2416 865 2701 929 Serapioni
2755 866 3130 915 transmissae:
3191 880 3356 916 nemo
3414 869 3600 914 tamen

1982 932 2186 985 dixerit
2232 937 2315 985 fas
2359 949 2481 987 esse
2532 938 2719 1000 pueris
2769 950 2925 987 sacra
2968 938 3060 986 illa
3112 937 3373 999 mysteria
3428 936 3611 985 distri-

1984 1005 2173 1057 buere.
2202 1007 2388 1070 Longe
2439 1012 2624 1058 autem
2664 1009 2709 1057 is
2757 1024 2787 1057 a
2827 1021 2957 1058 vero
3005 1007 3136 1065 abit,
3172 1021 3302 1057 cum
3350 1008 3405 1056 in
3437 1006 3611 1056 dicto-

1983 1091 2108 1129 rum
2137 1091 2363 1127 suorum
2390 1078 2558 1129 ﬁdem
2586 1079 2770 1129 adduc
2789 1080 2833 1128 it
2872 1078 3043 1128 verba
3067 1090 3195 1141 quae
3225 1077 3368 1126 infra
3403 1075 3611 1126 haben-

1982 1154 2112 1199 tur:
2144 1167 2171 1197 «
2220 1150 2566 1212 Presbyteris
2608 1155 2663 1201 et
2689 1151 2937 1201 diaconis
2980 1164 3090 1199 non
3135 1148 3311 1199 defuit
3357 1147 3615 1198 sacerdo-

1983 1222 2043 1269 tii
2096 1220 2266 1283 vigor.
2318 1238 2346 1266 ››
2398 1221 2662 1286 Intelligit
2706 1222 2854 1271 enim
2906 1220 3021 1270 illic
3071 1220 3399 1283 Cyprianus,
3454 1230 3610 1266 suam

1982 1294 2309 1355 potestatem
2362 1293 2417 1341 in
2468 1294 2617 1356 ipsos
2665 1292 3071 1354 delinquentes,
3117 1293 3237 1340 sive
3293 1288 3605 1351 presbyteri

1986 1367 2172 1412 essent
2216 1363 2335 1412 sive
2369 1362 2590 1413 diaconi
2631 1377 2740 1413 non
2785 1363 3069 1412 defuisse:
3114 1360 3392 1424 siquidem
3434 1363 3612 1409 utros—

1986 1446 2095 1496 que
2143 1434 2539 1484 admonuisset.
2595 1435 2813 1485 Dicitur
2882 1446 3042 1496 porro
3107 1432 3254 1495 apud
3311 1430 3611 1480 diaconum

1986 1506 2392 1568 exomologesis
2448 1506 2611 1565 facta,
2684 1518 2797 1555 non
2873 1504 3031 1566 quasi
3108 1504 3155 1551 is
3238 1502 3389 1550 solus
3465 1498 3613 1549 esset

1987 1575 2237 1640 ejusdem
2286 1576 2588 1636 conscius;
2642 1575 2963 1639 poenitentia
3008 1574 3155 1623 enim
3209 1572 3296 1621 vel
3344 1575 3613 1633 aegrotan-

1986 1649 2147 1708 tium,
2197 1651 2471 1710 quantum
2524 1647 2643 1697 ﬂeri
2694 1646 2873 1709 potuit
2918 1645 3037 1693 istis
3096 1642 3335 1703 saeculis,
3385 1641 3612 1705 publica

1989 1724 2133 1775 erat;
2169 1719 2267 1768 sed
2296 1720 2425 1782 quia
2452 1717 2679 1768 absente
2705 1716 3049 1781 presbytero,
3075 1715 3141 1764 ad
3196 1727 3361 1777 quem
3405 1726 3611 1763 munus

1986 1789 2127 1839 illud
2172 1789 2443 1851 imprimis
2492 1788 2792 1851 spectabat,
2834 1786 3049 1835 diaconi
3103 1784 3395 1847 prmsentia
3447 1784 3614 1834 habe-

1986 1861 2149 1911 batur
2208 1873 2430 1924 prorsus
2489 1860 2831 1919 necessaria,
2900 1861 3280 1919 quotcumque
3344 1869 3375 1904 e
3450 1855 3613 1918 plebe

1988 1932 2183 1981 adesse
2233 1931 2593 1993 contingeret.
2646 1930 2788 1979 Cum
2835 1928 2983 1979 enim
3027 1927 3278 1977 Ecclesia
3343 1926 3493 1976 clero
3558 1928 3614 1974 et

1989 2002 2149 2065 plebe
2184 2001 2581 2059 contineretur,
2607 2014 2704 2063 par
2729 2002 2845 2050 erat
2871 2003 2933 2049 ut
2975 1996 3199 2061 quando
3242 2009 3340 2059 per
3383 2007 3605 2045 exomo-

1989 2076 2199 2140 logesin
2258 2074 2439 2126 eidem
2490 2074 2813 2134 satisﬁeret,
2864 2073 3123 2124 adessent
3179 2070 3274 2133 qui
3322 2070 3616 2132 utriusque

1989 2152 2172 2210 partes
2234 2149 2590 2197 sustinerent.
2665 2147 2847 2195 Forma
2923 2159 2955 2193 a
3023 2143 3298 2206 Cypriane
3359 2142 3615 2203 episcopo

1988 2219 2115 2267 data
2142 2219 2280 2269 fuit:
2333 2219 2706 2268 conditionem
2748 2216 3013 2265 nimirum
3067 2213 3171 2262 sub
3222 2227 3330 2275 qua
3379 2212 3515 2275 lapsi
3557 2213 3615 2261 in

1988 2290 2301 2339 Ecclesiam
2328 2290 2704 2352 reciperentur
2736 2289 2783 2337 is
2811 2285 3165 2348 praescripsit,
3197 2283 3346 2347 quod
3388 2296 3457 2332 ex
3499 2283 3613 2345 epi-

1990 2361 2126 2409 stola
2178 2362 2283 2410 huc
2330 2364 2384 2408 et
2435 2362 2723 2421 sequente,
2784 2356 3151 2419 plurimisque
3211 2354 3336 2402 aliis
3394 2352 3617 2401 abunde

1990 2435 2221 2481 constat.
2272 2433 2471 2481 Farmaa
2507 2431 2622 2478 sive
2670 2427 3003 2476 conditionis
3052 2425 3312 2487 impletae,
3351 2424 3615 2473 Ecclesia)

1989 2504 2216 2552 nomine
2262 2506 2428 2552 testes
2470 2505 2523 2550 et
2570 2498 2757 2548 arbitri
2807 2500 2961 2546 erant
3010 2496 3278 2545 diaconus
3323 2497 3378 2543 et
3420 2495 3615 2542 fratres

1990 2572 2118 2621 laici
2171 2573 2226 2620 in
2283 2571 2429 2620 hanc
2481 2584 2592 2618 rem
2662 2568 2845 2617 acciti.
2896 2567 3032 2615 Haec
3073 2565 3255 2627 prisca
3305 2563 3615 2627 disciplinm

1991 2642 2387 2692 ecclesiasticae
2429 2641 2584 2698 ratio,
2613 2655 2643 2686 α
2683 2641 2748 2687 ut
2785 2636 3071 2701 praepositi
3114 2648 3244 2684 cum
3290 2634 3438 2683 clero
3482 2646 3612 2683 con-

1989 2714 2292 2771 venientes,
2348 2712 2619 2773 praaseute
2660 2713 2715 2758 et
2768 2708 3031 2758 stantium
3077 2706 3260 2769 plebe,
3310 2704 3515 2767 quibus
3562 2706 3618 2752 et

1992 2787 2127 2848 ipsis
2156 2801 2253 2849 pro
2300 2786 2412 2835 ﬁde
2449 2788 2503 2834 et
2549 2784 2743 2832 timore
2790 2794 2893 2831 suo
2940 2781 3119 2829 honor
3172 2777 3465 2827 habendus
3516 2779 3616 2838 est,

1992 2856 2286 2920 disponant
2333 2855 2551 2914 omnia,
2603 2854 2823 2903 consilii
2870 2851 3182 2901 communis
3232 2849 3513 2911 religione.
3573 2863 3603 2895 >>

1990 2934 2083 2983 Sic
2146 2933 2198 2980 in
2252 2943 2532 2980 sacrorum
2586 2928 2843 2977 ordinum
2909 2925 3240 2981 collatione,
3313 2922 3602 2977 κατάστασις

1993 3004 2059 3053 ad
2119 3004 2442 3066 episcopos,
2510 2998 2849 3054 συνευδόκησις
2911 2996 2980 3044 ad
3036 2994 3255 3057 plebem
3296 2994 3611 3066 _Spectabat.

1996 3074 2117 3122 Vid.
2152 3064 2257 3136 Ep.
2282 3084 2440 3122 vau
2473 3084 2579 3120 nec
2602 3082 2715 3119 non
2753 3068 3057 3119 Clementis
3102 3066 3198 3128 Ep.
3240 3064 3309 3112 ad
3356 3067 3494 3114 Rom.
3522 3078 3615 3129 pa-

1994 3147 2260 3263 maxim
2299 3212 2470 3277 plebis
2520 3228 2630 3275 qua:
2674 3211 2819 3272 lapsa
2869 3212 2960 3257 est.
3018 3208 3080 3256 In
3134 3206 3379 3257 secunda
3432 3206 3609 3257 classe

1994 3290 2149 3337 erant
2174 3286 2313 3349 lapsi
2356 3285 2528 3333 nullis
2558 3286 2861 3344 martyrum
2910 3278 3184 3341 suﬂ‘ragiis
3226 3277 3617 3349 commendati,

1992 3362 2087 3407 aut
2130 3347 2296 3407 etiam
2341 3356 2592 3405 nondum
2649 3353 2717 3403 ad
2766 3352 3148 3415 pcnnitentiam
3197 3348 3462 3409 admissi;
3509 3347 3607 3397 sed

1994 3434 2196 3479 terrore
2254 3427 2446 3476 mortis
2508 3424 2817 3489 ingruentis
2880 3422 2949 3472 de
3009 3421 3256 3484 periculo
3328 3419 3618 3479 admoniti,

1993 3499 2271 3561 supplices
2311 3500 2373 3546 ut
2420 3496 2487 3544 ad
2531 3508 2724 3558 pacem
2774 3491 2989 3541 admitti
3038 3494 3280 3552 possent.
3326 3490 3396 3538 Hi
3450 3502 3622 3552 quan-

1994 3584 2161 3632 quam
2222 3582 2332 3618 non
2379 3569 2581 3631 pariter
2625 3564 2794 3628 recipi
2838 3563 3123 3619 deberent,
3178 3561 3381 3609 divina)
3433 3564 3619 3610 tamen

1992 3644 2387 3694 misericordias
2431 3645 2587 3691 erant
2635 3635 3103 3691 commendandi;
3148 3635 3311 3696 cujus
3362 3634 3622 3696 praesidio

1993 3728 2185 3764 eorum
2236 3713 2427 3769 animi,
2486 3710 2754 3772 tantisper
2814 3706 2993 3756 donec
3050 3705 3305 3753 uberiora
3371 3704 3616 3752 remedia

1992 3785 2275 3848 procurari
2347 3785 2592 3846 possent,
2668 3781 2825 3828 erant
2887 3773 3171 3848 fulciendi.
3255 3772 3438 3848 Hunc
3497 3783 3619 3848 esse

1994 3843 2290 3907 verborum
2348 3843 2592 3914 sensum,
2653 3866 2721 3902 ex
2784 3847 3017 3914 epistola
3079 3846 3333 3910 sequenti
3404 3843 3617 3907 liquido

1993 3932 2398 4047 agminibus
2440 3993 2614 4043 etiam.
2649 3991 2867 4042 Tertius
2902 3988 3035 4039 ordo
3070 3991 3153 4038 est
3193 3985 3619 4037 catechumeno-

1993 4084 2146 4130 rum;
2179 4069 2273 4134 qui
2305 4080 2434 4118 cum
2464 4064 2714 4115 nondum
2738 4062 2904 4112 ﬁdem
2931 4060 3151 4111 Christo
3170 4058 3616 4134 obstrinxissent,

1994 4141 2173 4190 levius
2196 4130 2427 4204 reliquis
2450 4137 2591 4200 lapsi
2630 4135 2994 4193 videbantur;
3033 4135 3088 4183 et
3116 4130 3347 4195 proinde
3380 4130 3618 4195 paratio-

1992 4229 2109 4266 rem
2138 4215 2356 4265 veniam
2383 4214 2701 4276 exspectare
2728 4211 3001 4274 poterant.

2550 4394 2902 4446 EPISTULA
2937 4391 3061 4441 XX.

2053 4526 2205 4575 Actus
2250 4526 2415 4573 nostri
2460 4522 2613 4571 ralia.
2666 4520 2938 4586 Rigaltius
2985 4518 3101 4567 ait:
3133 4534 3158 4562 α
3207 4517 3412 4566 Actum
3461 4516 3614 4572 dicit,

1992 4600 2387 4659 ministerium,
2468 4596 3020 4647 administrationem.
3100 4590 3472 4653 disciplinam.
3552 4588 3623 4638 Et

1990 4672 2097 4722 sub
2126 4671 2297 4721 ﬁnem
2340 4670 2500 4718 istius
2528 4668 2684 4731 epist.
2728 4668 2901 4715 Actus
2948 4665 3155 4720 noster,
3182 4661 3301 4731 iiqui
3347 4660 3620 4731 adunatus

1989 4754 2113 4792 esse
2142 4745 2194 4791 et
2220 4740 2530 4790 consentire
2559 4738 2707 4787 circa
2736 4736 2923 4784 omnia
2953 4732 3131 4783 debet.
3173 4730 3268 4781 Sic
3290 4730 3454 4779 etiam
3478 4730 3620 4791 epist

1987 4814 2067 4874 26,
2102 4814 2276 4862 Actus
2300 4824 2433 4860 suos
2469 4807 2791 4858 desiderant
2816 4805 2981 4856 etiam
3015 4803 3086 4853 ab
3115 4802 3248 4866 ipsis
3291 4802 3409 4851 suis
3444 4801 3620 4851 fratri-

1992 4888 2099 4937 bus
2131 4885 2501 4947 comprobari.
2523 4900 2551 4928 ››

2052 4963 2198 5010 Sicut
2250 4959 2458 5009 Domini
2485 4956 2735 5005 mandata
2781 4955 3061 5003 instruunt.
3109 4951 3383 5000 Nimirum
3427 4950 3618 4999 Matth.

1988 5048 2048 5096 x,
2097 5039 2175 5095 23,
2238 5034 2329 5084 cui
2382 5032 2511 5082 addi
2564 5034 2746 5093 potest
2791 5032 2848 5078 et
2898 5029 3020 5090 ejus
3062 5025 3407 5087 exemplum,
3470 5024 3620 5088 quod

1992 5108 2253 5158 mandato
2308 5104 2647 5169 aaquipollet.
2699 5104 2973 5162 Luc.,1v,
3030 5100 3089 5148 30
3141 5102 3195 5150 et
3253 5097 3401 5149 alibi.
3460 5097 3619 5148 Unde

1991 5182 2212 5244 Origen.
2265 5181 2322 5229 in
2366 5180 2547 5235 Joan.,
2614 5190 2784 5234 xvur,
2836 5177 2916 5232 12,
2971 5175 3045 5225 ait
3091 5171 3346 5223 εδιδάωιει
3397 5174 3522 5235 ἡμᾶς
3576 5173 3622 5220 ἐν

1980 5254 2216 5313 διωγμοῖς
2236 5252 2318 5300 καὶ
2345 5254 2448 5306 ταῖς
2472 5249 2575 5298 καθ’
2604 5248 2738 5309 ἡμῶν
2773 5246 3049 5301 ἐπιϐουλαῖς
3083 5244 3363 5307 ἀναχωρενῖ.
3393 5244 3452 5293 In
3484 5244 3626 5293 hanc

1984 5328 2229 5374 mentem
2258 5322 2518 5373 Clemens
2552 5318 2817 5370 Alexand.
2854 5316 2972 5368 Stro
2993 5332 3060 5366 m.
3094 5330 3171 5376 IV,
3205 5315 3475 5365 rationem
3505 5316 3623 5363 red-

1982 5394 2124 5445 dens
2169 5407 2340 5457 quare
2384 5392 2657 5442 Dominus
2696 5391 2889 5451 fugere
2926 5387 3106 5451 jussit,
3155 5385 3343 5457 dicit:
3389 5385 3622 5457 Βούλεται

1986 5466 2111 5527 ἡμᾶς
2140 5454 2302 5526 μήδενὶ
2344 5462 2525 5516 αἰτίους
2564 5463 2683 5523 μηδὲ
2722 5458 2992 5513 συναιτίους
3030 5455 3182 5509 κακοῦ
3237 5471 3361 5511 τινος
3392 5454 3621 5527 γὶνεσθαι,

1983 5523 2111 5597 φίσιν
2144 5523 2207 5581 ’τε
2245 5533 2426 5591 αὐτοῖς,
2467 5530 2583 5595 πρὸς
2605 5532 2672 5590 δὲ,
2697 5532 2861 5595 καὶτῷ
2888 5529 3104 5579 διώκοντι
3131 5528 3291 5592 καὶτῷ
3320 5523 3618 5597 ἀναιροῦντν.

1985 5593 2171 5668 Τρόπσν
2212 5603 2303 5668 γάρ
2346 5620 2450 5653 τινα
2493 5593 2845 5666 τιροσαγγὲλλει
2869 5602 3051 5660 ξέαυτὸν
3107 5600 3436 5663 περὶπασθαι.
3479 5598 3538 5639 ‘0
3562 5593 3625 5669 *δε

1979 5661 2290 5751 move."
2328 5661 2559 5750 τολμηρὸξ
2606 5661 2702 5727 καῖ
2729 5674 3072 5750 ῥιψοκίνοννοςο
3116 5661 3181 5730 Ei
3235 5670 3284 5725 δὲ
3330 5672 3359 5728 ό
3425 5661 3625 5732 «versa:
