4144 6192
307 196 442 260 1213

1644 204 1817 263 EDIT.
1858 200 2055 264 ΟΧΟΝ.
2095 201 2309 263 NOTAE.

3518 198 3657 263 1214

298 325 463 378 locus
518 326 845 417 pqrruptus,1
883 337 990 377 nec
1054 322 1576 417 quidquamuhowni‘
1611 342 1810 381 sensus
1862 343 1930 380 ex
1951 334 2149 417 Aeas)
2200 332 2454 417 amatqres
2484 326 2656 417 “ﬁdei:
2706 328 2777 414 Et
2824 326 3042 413 zelotypi
3097 326 3388 393 disciplinae
3437 329 3659 417 Christi,

302 397 665 462 sequentibus
719 397 885 449 facile
936 399 1156 462 exculpi
1202 400 1418 462 poterit.
1453 401 1615 452 Forte
1658 415 1924 465 reponen-

301 471 435 520 dum
466 470 665 519 amicus
693 471 805 526 Dei,
831 468 939 519 hoc
964 471 1116 519 enim
1146 470 1329 535 elogio
1356 476 1626 535 martyres
1660 476 1928 536 perpetuo

299 542 595 591 donantur.

364 615 494 674 Quia
544 627 638 676 pro
690 627 742 661 se
791 612 929 661 dona
979 615 1295 671 numeravit,
1338 629 1399 663 ne
1454 615 1791 678 sacriﬁcaret.
1840 616 1930 665 Ri-

296 686 500 749 galtius
556 686 632 733 ait
690 699 701 732 :
755 700 786 731 α
834 683 1200 734 Sacriﬁcandi
1248 686 1635 735 necessitatem
1682 687 1928 735 nummis

295 757 623 807 redemerat.
661 754 754 805 Sic
800 754 1053 818 plerique
1100 755 1371 811 solebant,
1403 757 1499 819 qui
1542 757 1657 806 suis
1698 758 1766 806 ad
1801 770 1926 821 per-

293 827 519 877 ferenda
563 830 840 877 tormenta
879 826 1093 875 viribus
1127 827 1472 877 difﬁdebant.
1506 828 1698 892 Itaque
1742 828 1924 891 pacis-

293 900 561 950 cebantur
622 912 751 948 cum
806 896 1072 955 delatore,
1125 899 1211 947 vel
1255 898 1450 958 milite,
1492 900 1579 949 vel
1629 899 1923 949 furunculo

292 972 482 1034 aliquo
532 969 778 1033 praeside.
828 970 971 1032 Erga
1023 970 1155 1018 istos
1201 969 1462 1020 Caecilius
1516 974 1704 1019 noster
1747 969 1923 1018 multo

288 1042 396 1091 fuit
429 1040 727 1090 humanior
765 1054 830 1090 ac
877 1040 1173 1104 benignior
1202 1040 1561 1101 Tertulliano,
1594 1041 1691 1103 qui
1734 1052 1922 1103 perse-

289 1112 571 1162 cutionem
614 1124 801 1174 neque
856 1123 981 1161 esse
1037 1110 1357 1175 fugiendam
1418 1112 1673 1171 censuit,
1731 1123 1921 1174 neque

286 1180 689 1231 redimendam.
746 1182 992 1231 Pretium
1044 1181 1292 1243 interest,
1347 1183 1529 1246 inquit
1579 1197 1592 1231 :
1649 1186 1917 1232 castarum

286 1252 437 1302 sicut
489 1253 617 1315 fuga
672 1252 979 1315 redemptio
1030 1253 1267 1315 gratuita
1323 1258 1427 1315 est,
1479 1254 1555 1303 ita
1612 1253 1918 1316 redemptio

282 1325 595 1373 nummaria
642 1324 773 1387 fuga
817 1327 915 1373 est.
963 1341 990 1368 »
1042 1324 1427 1373 Pecuniariam
1484 1325 1795 1374 vexationis
1832 1338 1919 1374 re-

285 1394 663 1458 demptionem
694 1408 804 1445 non
836 1398 1311 1457 excusattantum,
1335 1396 1433 1446 sed
1454 1395 1699 1447 defendit
1723 1397 1919 1446 Petrus

283 1466 557 1517 Alexand.
600 1480 720 1516 can.
776 1480 876 1527 xu,
928 1468 1183 1530 exemplo
1222 1468 1458 1529 Jasonis,
1495 1468 1630 1527 Act,
1654 1480 1794 1528 xvu,
1822 1467 1918 1531 qui

285 1538 430 1587 datis
453 1539 709 1601 pecuniis
742 1538 1160 1599 dimittebatur;
1193 1544 1252 1590 et
1283 1539 1405 1589 loco
1450 1539 1545 1588 illo
1581 1538 1636 1589 S.
1666 1538 1917 1601 Scriptu-

282 1622 362 1660 rae
408 1625 419 1658 :
479 1611 709 1659 Pretium
768 1610 1137 1673 redemptionis
1174 1612 1360 1659 animae
1401 1610 1628 1659 hominis
1673 1611 1901 1671 propriae

281 1680 506 1729 divitiae.
547 1682 626 1730 De
666 1681 778 1730 illis
823 1686 969 1731 certe
1017 1681 1112 1744 qui
1164 1682 1247 1731 sic
1294 1682 1591 1744 pecuniam
1642 1680 1915 1732 dederunt

282 1751 487 1802 diserte
514 1752 607 1811 ait,
636 1751 742 1799 Οὐκ
770 1752 895 1800 ἔστιν
924 1752 1141 1815 ἔγκλημα
1169 1752 1441 1817 προσάγειν.

348 1823 624 1886 Sexaginta
695 1825 929 1887 quinque.
994 1823 1253 1873 Extorres
1312 1823 1660 1874 habebantur
1724 1834 1916 1873 omnes

281 1894 381 1957 qui
444 1897 567 1956 post
628 1893 1033 1944 confessionem
1093 1896 1422 1958 proscripti,
1484 1895 1617 1944 licet
1673 1894 1905 1943 Romam

279 1968 590 2028 pergerent.
634 1965 750 2014 Nec
790 1966 1021 2014 tutiores
1060 1966 1239 2025 ullibi,
1279 1980 1445 2029 quam
1492 1966 1548 2014 in
1592 1964 1732 2014 urbe
1778 1964 1914 2014 late-

280 2034 414 2084 bras.
446 2034 555 2095 Qui
588 2034 719 2099 fuga
764 2039 1062 2099 antequam
1090 2036 1157 2085 ad
1191 2036 1427 2087 tribunal
1459 2036 1916 2100 pertrahebantur

281 2106 388 2154 sibi
441 2107 861 2169 consuluerunt,
918 2108 1138 2172 profugi
1178 2107 1493 2157 audiebant.
1536 2109 1656 2157 Non
1700 2108 1914 2171 vulgari

280 2177 391 2226 hac
444 2177 711 2239 impensa,
765 2182 818 2228 et
878 2179 1102 2241 profusa
1163 2180 1451 2241 largitione
1512 2193 1639 2243 erga
1697 2184 1912 2227 tantum

283 2247 663 2297 confessorum
715 2261 1029 2309 numerum,
1094 2249 1249 2298 nefas
1303 2252 1589 2313 peractum
1642 2248 1911 2300 redimere

278 2317 620 2369 conabantur
648 2318 767 2368 istm
802 2332 1037 2369 sorores.

809 2470 1162 2522 EPISTOLA
1197 2470 1369 2521 XXII.

343 2600 404 2650 Si
460 2599 650 2663 dignus
702 2601 853 2663 fuero
913 2604 1085 2652 vocari
1142 2602 1363 2666 collega.
1423 2601 1697 2665 Rigaltius
1761 2602 1839 2651 ait
1894 2619 1904 2652 :

276 2671 564 2732 Scripserat
606 2672 870 2724 Celerinus
921 2675 1136 2722 Luciano
1164 2689 1180 2720 :
1224 2689 1250 2718 (ι
1296 2673 1367 2723 Ut
1416 2673 1516 2722 tibi
1557 2686 1785 2736 quoque
1838 2674 1908 2724 de

272 2741 469 2791 inﬁmo
514 2747 643 2790 tuus
686 2742 772 2791 vel
813 2744 978 2793 frater
1006 2743 1173 2803 dicat,
1206 2744 1252 2793 si
1300 2746 1455 2793 fuero
1500 2744 1701 2807 dignus
1749 2742 1908 2794 Cele-

277 2815 435 2861 rinus
482 2812 690 2862 audire.
724 2813 927 2863 Reddit
964 2816 1134 2876 igitur
1185 2814 1467 2863 Lucianus
1512 2813 1766 2864 Celerino
1816 2829 1910 2865 vo-

276 2897 369 2933 ces
393 2898 542 2945 suas,
573 2884 806 2946 pulchro
842 2884 1172 2935 Christiana)
1217 2885 1548 2934 humilitatis
1585 2886 1905 2947 certamine,

279 2954 429 3017 quod
464 2954 771 3017 explicabit
812 2956 930 3018 ipsa
972 2969 1101 3004 mox
1147 2955 1400 3018 episcola,
1449 2968 1561 3004 non
1604 2956 1910 3020 elegantior

281 3023 635 3085 praecedenti,
669 3023 766 3074 sed
795 3038 907 3073 non
932 3026 1119 3074 minus
1146 3026 1464 3075 christiana.
1494 3043 1523 3073 »

1936 1710 1994 1781 B

2030 402 2203 453 fuisse
2258 402 2425 452 verba
2483 402 2721 453 Celerini
2770 416 2955 453 coram
3002 403 3353 465 imperatore,
3403 416 3530 452 cum
3588 402 3657 453 de

2029 473 2471 523 Christianorum
2513 474 2683 524 rebus
2727 474 3171 538 interrogaretur.
3206 472 3300 523 Sic
3349 474 3537 535 itaque
3569 486 3660 535 pe~

2029 545 2220 595 riodus
2269 546 2639 609 concipienda
2680 547 2884 595 fuerit:
2918 565 2945 592 «
2990 547 3127 595 Nam
3174 550 3232 594 tu
3275 546 3393 594 Deo
3439 544 3659 594 volente

2027 616 2210 679 ipsum
2277 630 2515 679 anguem
2586 619 2891 680 majorem,
2944 620 3267 666 metatorem
3346 614 3656 663 antichristi

2026 686 2209 748 ipsum
2263 690 2475 735 tantum
2527 686 2814 735 confessus
2870 686 3217 745 deterruisti;
3272 683 3368 733 sed
3423 682 3656 733 vocibus

2026 756 2137 806 illis
2166 762 2219 806 et
2257 757 2440 807 verbis
2479 756 2725 816 deiﬁcis;
2783 757 3004 819 quibus,
3039 758 3145 805 scio
3187 760 3451 805 amatores
3486 754 3653 817 ﬁdei;

2025 830 2097 887 et,
2144 827 2369 892 zelotypi
2405 827 2700 891 disciplina!
2742 829 2943 879 Christi
2990 829 3067 886 (in
3104 843 3212 892 qua
3261 827 3465 877 tenoris
3507 826 3654 874 vivav

2024 899 2187 948 citate
2230 899 2432 948 versari
2467 904 2519 948 te
2574 898 2808 961 gaudeo)
2856 899 3056 948 vicisti.
3083 917 3110 944 »
3156 898 3517 947 Confessione
3551 908 3653 943 sua

2021 970 2257 1019 Decium
2305 969 2587 1031 deterruit,
2621 970 2874 1033 apologia
2922 974 3106 1020 autem
3151 970 3300 1019 vicit.
3331 971 3444 1017 Aut
3482 966 3650 1017 etiam

2022 1040 2311 1101 scribatur,
2368 1039 2552 1102 quibus
2601 1042 2705 1090 scio
2754 1040 2929 1105 qualis
2983 1042 3250 1088 animator
3294 1053 3345 1087 es
3396 1038 3556 1099 ﬁdei;
3603 1038 3655 1083 et

2020 1110 2278 1173 zelotypus
2305 1111 2596 1173 disciplinae
2617 1111 2819 1163 Christi
2840 1115 2903 1160 ut
2931 1110 3099 1161 verba
3127 1110 3238 1159 sint
3267 1109 3514 1159 Luciani.
3540 1105 3651 1158 Sed

2020 1182 2141 1231 istis
2166 1183 2398 1232 rectiora
2423 1182 2635 1231 dabunt
2664 1182 2913 1231 fortassis
2936 1182 3051 1231 aliii

2082 1255 2199 1302 Post
2241 1256 2620 1303 arcessitionem
2676 1268 2878 1302 meam.
2930 1253 3201 1316 Rigaltius
3247 1252 3366 1300 ait:
3414 1268 3442 1296 «
3494 1250 3646 1299 Post-

2019 1338 2184 1388 quam
2220 1339 2309 1375 me
2338 1326 2614 1375 Dominus
2644 1325 2940 1374 vocaverit.
2979 1324 3208 1374 Mortem
3236 1323 3420 1372 dicere
3448 1321 3651 1371 nolunt

2019 1394 2356 1458 Christiani,
2413 1397 2645 1447 minime
2704 1400 2889 1446 autem
2950 1399 3254 1459 martyres,
3306 1393 3510 1457 quibus
3568 1396 3651 1444 est

2018 1480 2221 1517 corona
2250 1471 2467 1531 praesto.
2495 1486 2525 1514 »

2079 1539 2141 1585 Si
2170 1540 2286 1602 quis
2343 1538 2431 1586 abs
2472 1541 2518 1587 te
2564 1552 2736 1601 pacem
2782 1538 3013 1600 petierit,
3049 1536 3137 1585 des
3180 1537 3232 1584 in
3276 1534 3477 1583 nomine
3516 1548 3641 1583 meo.

2018 1606 2291 1671 Rigaltius
2320 1610 2434 1659 ait:
2472 1626 2501 1656 «ι
2528 1610 2644 1659 Imo
2688 1610 2744 1658 in
2779 1608 3003 1659 nomine
3043 1607 3246 1658 Christi
3290 1604 3405 1655 dari
3454 1604 3646 1654 debuit

2018 1680 2065 1729 si
2119 1679 2237 1729 dari
2284 1680 2655 1744 expediebat:
2706 1693 2818 1729 non
2880 1681 2935 1728 in
2992 1679 3217 1728 nomine
3268 1676 3423 1727 Pauli
3474 1675 3642 1737 illius,

2018 1752 2272 1815 quamvis
2324 1751 2601 1802 benedicti
2654 1751 2923 1813 martyris.
2975 1752 3056 1800 Ac
3107 1752 3393 1813 propterea
3446 1748 3643 1795 merito

2016 1822 2327 1886 Cyprianus
2388 1823 2619 1872 Luciani
2690 1821 3141 1871 inverecundiam
3200 1822 3357 1868 notat
3414 1816 3646 1879 epistola

2014 1894 2265 1957 proxime
2319 1895 2614 1957 sequenti,
2673 1894 2836 1957 plena
2887 1892 3170 1957 gravitatis
3229 1894 3282 1940 et
3332 1889 3643 1953 prudentiae

2015 1964 2361 2015 Christianas.
2389 1981 2418 2010 »

2076 2038 2226 2086 Bassi
2274 2037 2325 2083 in
2368 2036 2627 2097 peti-ario.
2668 2034 2937 2097 Rigaltius
2984 2033 3060 2081 ait
3095 2048 3106 2081 :
3149 2048 3176 2077 α
3223 2030 3541 2080 Videndum
3584 2029 3641 2077 in

2015 2106 2333 2169 exemplari,
2384 2120 2453 2155 an
2505 2107 2690 2170 aliqua
2738 2108 2955 2155 exstent
3020 2103 3250 2165 vestigia
3308 2104 3633 2164 scripturas:

2013 2177 2070 2226 in
2127 2178 2386 2240 petrario,
2447 2177 2597 2241 quod
2656 2180 2801 2226 esset
2859 2176 2915 2224 in
2970 2174 3213 2224 metallo.
3272 2190 3298 2216 »
3362 2171 3646 2222 Consultis

2015 2248 2300 2298 codicibus
2359 2261 2491 2297 mss.
2552 2247 2831 2311 siquidem
2872 2246 3010 2295 alter
3058 2246 3190 2307 legit
3233 2244 3460 2307 perario,
3506 2241 3644 2291 alter

2008 2320 2267 2381 pegrario,
2316 2318 2583 2381 impressa
2628 2318 2911 2382 pejerario,
2956 2316 3112 2365 nullo
3159 2328 3385 2379 prorsus
3431 2325 3640 2370 sensu;

2012 2390 2242 2439 minime
2303 2388 2668 2438 dubitandum
2732 2401 2919 2438 veram
2987 2388 3284 2436 lectionem
3337 2398 3458 2433 esse
3519 2396 3641 2432 eam

2012 2473 2180 2522 quam
2230 2459 2503 2508 dedimus.
2561 2460 2828 2508 Latomim
2872 2470 3065 2507 vocem
3113 2457 3259 2519 apud
3312 2455 3537 2505 Graecos
3588 2456 3644 2502 et

2010 2530 2238 2580 Latinos
2269 2532 2562 2594 scriptores
2602 2542 2900 2590 carcerem,
2929 2530 3049 2578 sive
3083 2527 3302 2577 metalla
3332 2524 3640 2587 signiﬁcare

2012 2602 2144 2651 satis
2188 2606 2376 2650 notum
2423 2605 2523 2651 est.
2580 2600 2805 2649 Plautus
2847 2600 2904 2648 in
2958 2597 3168 2662 Captiv.
3204 2611 3216 2644 :
3250 2595 3349 2644 Ibis
3391 2607 3545 2658 porro
3587 2596 3639 2641 in

2013 2671 2064 2719 la
2073 2673 2256 2720 tomius
2286 2671 2598 2734 lapidarias.

2072 2741 2231 2789 Pauli
2273 2756 2304 2789 a
2332 2742 2607 2805 quastione.
2658 2739 2928 2803 Rigaltius
2981 2740 3096 2789 ait:
3150 2738 3236 2787 Sic
3282 2738 3338 2785 in
3384 2735 3513 2784 actis
3557 2747 3638 2797 sy-

2008 2812 2281 2861 nodalibus
2328 2813 2557 2862 collectis
2623 2811 2684 2860 ab
2742 2812 2946 2860 Hilario
3006 2810 3327 2871 Pictaviensi,
3409 2806 3643 2859 Liberius

2007 2883 2073 2932 de
2109 2885 2315 2933 exsilio.
2362 2884 2471 2935 Sed
2509 2897 2637 2933 cum
2684 2884 2898 2933 dicatur
2938 2881 3278 2946 Mappalicus
3330 2878 3638 2929 decessisse

2008 2956 2065 3004 in
2095 2957 2426 3019 quaestione,
2455 2956 2663 3005 Paulus
2694 2969 2724 3003 a
2760 2954 3104 3017 quaestione:
3150 2951 3451 3003 verisimile
3481 2948 3636 2998 vide-
3685 3008 3688 3012 t

2008 3033 2099 3078 tur
2138 3030 2369 3079 alterum
2420 3030 2562 3079 inter
2597 3031 2889 3087 tormenta,
2917 3027 3149 3077 alterum
3190 3028 3314 3089 post
3359 3025 3634 3073 tormenta

342 3096 527 3157 Accepi
571 3074 780 3144 litteras
832 3100 948 3143 tuas
998 3098 1050 3143 in
1083 3096 1263 3161 quibus
1298 3112 1375 3145 me
1422 3100 1621 3145 tantum
1656 3100 1904 3161 gravasti.
1930 3074 1983 3149 Ο

277 3166 551 3229 Rigaltius
589 3168 705 3216 ait:
734 3183 763 3213 α
805 3167 977 3216 Valde
1013 3167 1149 3216 dura
1192 3171 1273 3217 est
1323 3171 1376 3217 et
1423 3168 1705 3232 incompta
1744 3169 1909 3219 dictio

278 3237 447 3299 hujus
515 3239 763 3301 epistolis
843 3239 1011 3287 totius
1045 3276 1058 3299 ,
1131 3239 1229 3288 sed
1310 3240 1528 3288 initium
1606 3242 1910 3302 priesertim

278 3308 759 3358 intricatissimum
817 3324 829 3356 :
908 3323 1066 3359 mens
1145 3323 1274 3359 vero
1335 3310 1495 3373 digna
1567 3311 1715 3361 bono
1776 3326 1910 3362 con-

281 3380 488 3429 fessore
537 3377 761 3429 Christi.
814 3379 1121 3442 ReSpondit
1173 3381 1452 3431 Lucianus
1503 3381 1699 3432 litteris
1750 3382 1909 3433 Cele-

277 3452 386 3499 rini
416 3456 582 3515 atque
624 3452 691 3500 iis
732 3455 881 3500 tanto
924 3465 983 3501 se
1026 3451 1236 3514 pudore
1272 3456 1558 3502 oneratum
1594 3455 1765 3504 fuisse
1814 3456 1907 3515 ait,

276 3522 445 3571 simul
492 3535 557 3572 ac
596 3522 730 3586 legit
764 3535 828 3571 ea
877 3520 1118 3572 Celerini
1152 3523 1319 3573 verba
1348 3539 1366 3571 :
1397 3522 1454 3574 Si
1500 3524 1703 3588 dignus
1754 3526 1908 3575 fuero

272 3594 441 3643 frater
474 3597 604 3642 tuus
635 3592 844 3652 audire,
876 3598 939 3642 ut
968 3597 1232 3656 perpetuo
1268 3594 1396 3643 dein
1441 3595 1651 3658 pudore
1703 3610 1898 3661 grava-

274 3667 364 3712 tus
411 3678 552 3726 pene
602 3664 870 3714 exciderit
918 3664 1139 3728 gaudio,
1188 3665 1337 3728 quod
1383 3667 1694 3716 maximum
1746 3681 1911 3731 cepe—

273 3738 359 3782 rat
404 3747 472 3783 ex
519 3735 714 3785 litteris
757 3749 893 3798 Quas
941 3736 1329 3800 optabat'post
1383 3741 1597 3787 tantum
1646 3740 1909 3802 temporis

276 3804 480 3875 legere.
520 3805 872 3867 Exultabam,
902 3807 1103 3868 inquit,
1149 3808 1296 3858 lecta
1339 3810 1620 3859 mentione
1648 3811 1760 3859 mei
1805 3810 1907 3859 ho-

272 3876 775 3932 noriﬁcentissime,
810 3877 910 3927 sed
951 3891 1049 3940 pro
1096 3882 1245 3928 tanto
1277 3883 1388 3929 tuae
1436 3880 1765 3930 humilitatis
1809 3881 1906 3930 be-

273 3947 498 4009 neﬁcio,
530 3961 640 4011 quo
681 3953 791 3997 tam
827 3948 1068 3999 demisse
1104 3949 1172 3999 de
1221 3954 1273 4000 te
1314 3953 1411 4000 aut
1456 3954 1567 4000 tam
1612 3951 1907 4015 magniﬁce

275 4018 345 4067 de
387 4032 475 4068 me
518 4020 709 4080 sentis,
754 4024 817 4068 ut
870 4020 1121 4069 dixeris:
1158 4020 1216 4070 Si
1271 4020 1474 4084 dignus
1524 4022 1682 4073 fuero
1740 4023 1907 4072 frater

272 4090 549 4138 nominari
610 4093 758 4146 tuus,
813 4092 870 4140 in
914 4090 1175 4141 ruborem
1236 4092 1376 4143 adeo
1428 4106 1551 4142 sum
1607 4093 1786 4151 datus,
1845 4098 1908 4143 ut

274 4161 455 4209 omnis
512 4174 635 4209 mea
685 4161 877 4211 laetitia
948 4164 1181 4211 confusa
1236 4177 1378 4226 pene
1435 4165 1716 4213 corruerit.
1767 4165 1905 4214 Nam

274 4231 412 4294 quid
452 4244 575 4280 mea
621 4232 767 4294 apud
812 4233 1076 4294 pusillum
1122 4234 1567 4295 magistratulum
1607 4235 1904 4295 confessio,

270 4315 385 4365 prae
428 4301 523 4351 illa
566 4304 675 4362 tua,
705 4315 832 4365 quin
877 4303 1085 4353 Christi
1112 4317 1316 4354 nomen
1358 4305 1614 4355 confessa
1660 4308 1759 4365 est,
1788 4319 1901 4354 non

276 4377 490 4422 tantum
540 4386 723 4423 coram
784 4375 975 4435 milite,
1034 4379 1128 4425 aut
1175 4389 1360 4426 coram
1408 4376 1595 4439 aliquo
1647 4376 1900 4439 praeside,

2070 3172 2319 3232 Exposita
2374 3183 2526 3218 causa
2586 3167 2724 3230 apud
2780 3168 3093 3230 episc0pum.
3148 3166 3428 3216 Pamelius
3481 3165 3557 3215 ait
3607 3176 3618 3210 :

2009 3254 2039 3282 ‹‹
2096 3239 2265 3289 Vides
2324 3240 2418 3289 hic
2472 3254 2503 3289 a
2580 3240 2824 3288 Luciano
2889 3240 3248 3302 quantumvis
3319 3237 3633 3298 indiscrete,

2008 3314 2193 3359 tamen
2244 3310 2597 3360 observatum
2637 3308 2775 3358 illud
2817 3309 2966 3373 quod
3008 3310 3170 3358 toties
3201 3310 3258 3357 in
3302 3309 3637 3372 presbyteris

2009 3379 2361 3442 reprehendit
2405 3380 2734 3443 Cyprianus,
2765 3384 2827 3428 ut
2875 3393 3058 3429 causae
3106 3379 3252 3443 apud
3294 3382 3635 3443 episcopum,

2010 3456 2065 3499 et
2120 3452 2521 3514 exomologesis
2582 3452 3085 3514 praemitterentur,
3156 3454 3451 3514 antequam
3526 3464 3632 3514 pax

2010 3521 2249 3583 daretur,
2280 3523 2443 3571 etiam
2479 3521 2546 3571 ad
2595 3535 2785 3584 preces
2818 3528 3150 3584 martyrum.
3186 3541 3213 3566 »
3261 3522 3415 3571 Licet
3454 3535 3637 3585 perse—

2010 3593 2159 3641 cutio
2204 3592 2389 3643 adhuc
2432 3594 2799 3643 intentaretur
2841 3593 3041 3642 saltem
3086 3596 3139 3641 in
3177 3606 3271 3643 eos
3315 3595 3411 3657 qui
3452 3598 3635 3643 custo-

2009 3663 2113 3712 dia:
2144 3666 2457 3728 mancipati,
2501 3670 2681 3714 tamen
2717 3678 2803 3714 res
2845 3665 2911 3713 ad
2954 3678 3148 3727 pacem
3196 3669 3443 3727 spectare
3482 3663 3636 3714 vide-

2007 3734 2243 3795 bantur;
2278 3742 2339 3784 ut
2383 3736 2645 3798 deinceps
2685 3734 2983 3785 Christiani
3028 3749 3138 3783 non
3180 3736 3632 3797 inquirerentur;

2009 3805 2145 3855 adeo
2196 3806 2475 3855 Lucianus
2535 3807 2674 3868 petit
2722 3806 2893 3868 lapsis
2946 3818 3141 3868 pacem
3212 3806 3325 3867 jam
3380 3805 3632 3865 concedi,

2007 3892 2117 3924 cum
2180 3879 2422 3925 Dominus
2472 3878 2721 3938 ceperit,
2786 3878 2886 3937 ipsi
2946 3876 3182 3923 Ecclesiae
3237 3889 3418 3938 pacem
3470 3875 3637 3936 dare;

2008 3961 2121 3997 non
2174 3950 2491 4010 eXSpectato
2557 3946 2675 3995 scil.
2750 3947 2997 4010 plenario
3060 3948 3181 4009 ejus
3248 3946 3520 4009 appulsu,
3580 3950 3637 3995 et

2008 4018 2187 4067 reditu
2270 4018 2517 4081 episcopi
2592 4022 2647 4066 et
2730 4018 3131 4068 confessorum.
3214 4017 3389 4066 Aliter
3480 4014 3636 4064 nulla

2008 4088 2284 4151 Cypriano
2332 4101 2462 4137 cum
2513 4088 2756 4138 Luciano
2801 4089 2868 4137 lis
2910 4086 3309 4146 intercederet;
3355 4086 3500 4151 quod
3541 4084 3636 4134 ille

2006 4159 2219 4209 reddita
2264 4159 2533 4210 Ecclesiae
2578 4172 2715 4224 pace
2762 4158 3133 4210 restituendos
3172 4158 3359 4222 lapsos
3410 4160 3634 4207 conten-

2007 4229 2174 4279 deret.

2525 4352 2878 4403 EPISTOLA
2914 4351 3112 4401 XXIII.

274 4443 375 4493 sed
411 4457 595 4493 coram
630 4445 749 4508 ipso
778 4434 1013 4504 Caesare,
1037 4450 1204 4509 atque
1228 4446 1338 4496 hoc
1363 4434 1595 4496 vocibus
1617 4434 1981 4511 generosisD
2068 4446 2204 4508 Quid
2248 4449 2365 4509 post
2420 4448 2742 4495 commissum
2805 4446 3019 4509 egerint.
3075 4444 3183 4506 Qui
3242 4443 3308 4493 ad
3362 4443 3632 4506 pceniten-

274 4514 435 4563 illum
493 4517 794 4577 majorem,
861 4520 1189 4566 metatorem
1253 4518 1583 4567 antichristi.
1652 4518 1723 4568 Et
1792 4519 1903 4569 hoc

272 4585 500 4649 quidem
554 4587 686 4646 scio,
715 4601 824 4650 qua
868 4587 1072 4637 ﬁducia
1122 4589 1307 4638 sciunt
1352 4593 1627 4638 amatores
1673 4589 1802 4639 ﬁdei
1848 4596 1904 4640 et

275 4656 515 4719 zelotypi
546 4656 853 4720 disciplinae
891 4657 1137 4707 Christi:
1184 4659 1241 4707 in
1285 4673 1393 4723 qua
1442 4661 1648 4709 tenoris
1693 4660 1901 4711 vivaci-

269 4731 383 4776 tate
407 4727 612 4776 versari
644 4730 693 4777 te
723 4729 886 4776 etiam
918 4733 1084 4792 atque
1114 4730 1281 4778 etiam
1308 4730 1478 4779 laetor.
1501 4744 1531 4777 ιν

331 4798 633 4846 luctatorem
681 4799 996 4848 antichristi.
1058 4800 1328 4862 Rigaltius
1381 4801 1509 4850 ait:
1565 4819 1594 4848 «
1642 4802 1779 4851 Nam
1833 4815 1903 4851 ex

270 4867 462 4917 verbis
512 4869 663 4919 Pauli
715 4870 783 4918 ad
836 4870 1378 4933 Thessalonicenses,
1436 4887 1467 4921 a
1519 4872 1631 4923 ﬁne
1687 4872 1901 4936 imperii

268 4939 524 5000 Romani,
580 4942 958 4992 antichristus.
1012 4944 1161 4994 Scito
1216 4948 1400 4993 autem
1455 4944 1590 4994 dicit
1642 4957 1901 5007 anguem,

266 5012 429 5075 quasi
480 5012 684 5062 lineam
730 5028 830 5064 seu
883 5016 1195 5065 funiculum
1244 5016 1547 5065 metatoris.
1577 5016 1902 5078 Alluditque

267 5082 340 5131 ad
393 5081 697 5143 diabolum,
733 5098 901 5148 quem
946 5100 1117 5137 sacrae
1164 5087 1358 5135 littera:
1406 5091 1716 5150 serpentem
1763 5099 1902 5135 nun-

266 5158 499 5216 cupant.
548 5174 576 5200 »
614 5155 803 5205 Potius
850 5162 1084 5209 metator
1128 5158 1435 5208 antichristi
1485 5162 1568 5207 est
1601 5160 1722 5220 ejus
1765 5171 1901 5221 prm-

267 5238 480 5281 cursor,
539 5226 1006 5289 quemadmodum
1066 5233 1364 5278 metatores
1412 5229 1693 5279 exercitus
1746 5231 1901 5292 praei-

263 5293 402 5364 bant
446 5300 508 5343 ut
556 5296 678 5346 loca
721 5300 915 5347 castris
968 5298 1241 5362 ponendis
1277 5298 1476 5349 idonea
1528 5300 1895 5364 designarent.

265 5363 390 5412 Vid.
419 5378 545 5427 qum
574 5365 720 5416 dicta
750 5368 821 5417 ad
847 5370 1010 5431 epist.
1039 5370 1086 5419 6.

330 5435 602 5495 Confessus
665 5437 986 5489 deterruisti.
1056 5441 1226 5491 Ulcus
1299 5441 1749 5503 immedicabile,
1807 5442 1901 5492 cui

262 5505 539 5555 medetam
577 5521 683 5559 nec
724 5509 1016 5573 Vaticana,
1059 5525 1165 5562 nec
1214 5513 1525 5563 Bodleiana
1564 5513 1901 5564 bibliotheca

261 5582 565 5640 priestant;
618 5580 765 5643 apud
819 5596 958 5645 quas
1006 5584 1172 5645 solas,
1212 5583 1382 5647 hujus
1429 5588 1483 5635 et
1528 5585 1899 5649 praecedentis

265 5649 514 5712 epistolae
596 5651 931 5715 exemplaria
1007 5655 1332 5717 reperimus.
1414 5654 1473 5706 Si
1558 5658 1899 5720 conjectum

264 5721 425 5773 locus
480 5721 661 5786 detur,
699 5723 1026 5777 crediderim
1065 5738 1232 5778 voces
1278 5725 1401 5778 illas
1445 5728 1547 5777 scio
1593 5729 1744 5795 quasi
1784 5730 1902 5789 (aut

2004 4519 2137 4567 tiam
2180 4518 2407 4567 admissi
2455 4519 2509 4566 in
2558 4518 2649 4566 illa
2698 4519 2771 4567 ita
2816 4529 2874 4565 se
2929 4518 3239 4579 gesserunt,
3271 4518 3330 4563 ut
3374 4516 3631 4576 episcopo

2005 4594 2059 4639 et
2112 4589 2373 4639 ﬁdelibus
2418 4588 2687 4639 offensam
2733 4602 2845 4637 non
2907 4585 3180 4646 dederint,
3236 4585 3365 4634 licet
3413 4589 3631 4646 tempus

2003 4660 2135 4723 ipsis
2186 4661 2533 4722 assignatum
2583 4661 2812 4708 minime
2882 4658 3328 4720 complevissent,
3386 4655 3634 4718 protinus

2002 4732 2353 4793 recipiantur.
2431 4730 2603 4793 quue
2664 4744 2777 4779 non
2846 4732 3062 4779 tantum
3131 4727 3484 4790 Carthagine,
3534 4726 3632 4775 sed

2002 4802 2211 4866 ubique
2240 4815 2336 4865 per
2364 4803 2627 4851 Africam.

2067 4874 2310 4934 Optamus
2362 4876 2409 4920 te
2458 4886 2572 4920 cum
2617 4872 2809 4919 sanctis
2848 4869 3168 4933 martyribus
3208 4884 3384 4932 pacem
3431 4867 3631 4918 habere.

2003 4944 2186 4995 Verba
2238 4943 2362 4993 haec
2438 4943 2945 4993 interminationem
2998 4943 3300 4992 continent.
3360 4941 3631 4990 Nimirum

2000 5014 2048 5061 si
2094 5012 2218 5062 11330
2265 5014 2452 5062 minus
2498 5018 2783 5076 priestaret
2830 5012 3162 5075 Cyprianus,
3192 5015 3463 5075 martyres
3503 5024 3633 5061 cum

2001 5084 2121 5145 ipso
2151 5097 2262 5132 non
2293 5087 2843 5143 communicaturos;
2890 5084 3050 5148 quasi
3092 5096 3262 5145 penes
3294 5084 3446 5144 ipsos
3493 5086 3637 5133 esset

2002 5168 2115 5204 non
2166 5158 2383 5204 tantum
2430 5157 2884 5206 communionem
2940 5154 3229 5220 quibusvis
3278 5155 3626 5215 concedere;

2000 5226 2098 5277 sed
2131 5226 2200 5276 ab
2228 5228 2500 5291 episcopis
2525 5229 2657 5291 ipsis
2691 5229 2916 5291 eripere.

2066 5301 2318 5347 Prwsente
2386 5299 2451 5347 de
2524 5300 2676 5347 clero.
2734 5299 2855 5348 Non
2907 5299 3026 5347 sine
3091 5311 3310 5348 summo
3389 5297 3635 5362 periculo

2001 5372 2338 5421 commercia
2414 5370 2853 5420 Christianorum
2949 5371 3082 5419 olim
3178 5369 3630 5434 peragebantur;

2001 5442 2242 5505 ideoque
2270 5443 2599 5492 clericorum
2626 5441 2753 5490 ﬁdei
2800 5446 3065 5505 perpetuo
3103 5442 3441 5492 concredita:
3484 5442 3637 5490 erant

2000 5512 2200 5564 litterae
2250 5527 2462 5569 eorum,
2506 5527 2629 5577 quae
2677 5513 2878 5563 exinde
2931 5517 2985 5562 et
3040 5512 3259 5564 clericm
3302 5513 3631 5577 appellatze:

2001 5584 2141 5635 adeo
2166 5588 2228 5634 ut
2266 5598 2495 5636 necesse
2538 5584 2799 5635 habuerit
2838 5584 3152 5649 Cyprianus
3196 5584 3464 5634 lectorem
3495 5579 3639 5627 ordi-

2000 5668 2152 5711 nare,
2201 5656 2258 5705 in
2330 5655 2485 5706 hunc
2548 5657 2731 5719 ipsum
2796 5656 2969 5707 ﬁnem
3027 5660 3091 5705 ut
3147 5656 3360 5706 litteras
3410 5654 3641 5701 Romam

1999 5730 2257 5794 portaret.
2308 5726 2434 5779 Vid.
2484 5728 2643 5795 epist.
2701 5729 2777 5782 39.
2827 5727 3111 5781 Lucianus
3161 5738 3294 5778 vero
3338 5728 3403 5776 ut.
3452 5724 3644 5771 aucto-
