4144 6192
249 224 386 288 iit?

770 356 1115 416 EPISTULA
1150 362 1353 414 XXIX.

315 453 562 513 Quoniam
611 459 847 517 Oportuit
887 474 965 508 me
1018 472 1108 520 per
1152 457 1360 505 clericos
1407 457 1643 508 soribere.
1698 460 1887 525 Rigal-

250 524 363 571 tius
419 525 493 572 ait
548 540 559 571 :
620 541 649 572 «
711 527 845 577 Tam
907 536 1227 581 reverenter
1286 528 1598 579 Christiana
1667 524 1888 594 negotia

248 594 679 657 peragebantur,
726 602 787 647 ut
836 600 904 649 ad
945 601 1157 651 clerum
1198 615 1310 651 non
1356 601 1622 649 scriberet
1674 604 1888 664 episco—

249 677 356 727 pus
403 667 507 714 nisi
554 681 652 728 per
698 669 946 719 clericos.
1004 671 1426 723 Observandum
1478 684 1606 720 vero
1668 676 1773 734 est,
1818 675 1887 723 ab

251 749 318 785 eo
354 737 467 798 jam
514 741 761 800 tempore
818 755 929 804 quo
973 742 1132 805 plebs
1177 744 1477 793 christiana
1534 743 1695 791 smul
1759 757 1887 793 cum

250 807 474 857 clericis
521 807 591 857 de
637 809 802 859 rebus
837 812 1109 862 Ecclesia
1145 813 1451 877 judicabat,
1490 812 1626 861 adeo
1673 826 1887 876 separa-

252 882 339 926 tos
390 892 422 928 a
476 878 694 929 clericis
738 882 931 943 laicos,
994 888 1058 933 ut
1109 885 1354 948 episcopi
1404 884 1616 932 litteras
1661 885 1886 933 nonnisi

252 949 444 998 clerici
480 949 805 1011 perferrent.
846 953 917 1002 Et
960 952 1067 1003 hoc
1106 957 1316 1004 fortean
1363 954 1694 1016 prudenter;
1737 961 1799 1004 ut
1840 957 1887 1004 si

248 1020 421 1066 totius
453 1020 750 1077 videretur,
793 1024 959 1072 etiam
1006 1025 1177 1074 verbo
1226 1026 1491 1073 mandata
1538 1025 1818 1074 referrent.
1857 1041 1886 1071 »

254 1088 687 1140 Observavimus
719 1106 904 1156 supra,
944 1109 1139 1158 parum
1178 1094 1415 1144 candide
1460 1095 1758 1159 Rigaltium
1791 1110 1884 1145 su-

253 1160 448 1223 gillare
480 1160 896 1214 distinctionem
925 1166 1081 1216 laica
1117 1166 1294 1229 plebis
1318 1171 1369 1215 et
1398 1165 1547 1215 cleri.
1583 1165 1885 1216 Videantur

254 1243 383 1294 qua
412 1232 525 1280 illic
555 1231 720 1283 dicta.

320 1303 470 1353 Clero
491 1307 777 1364 proximos.
816 1305 1087 1370 Rigaltius
1118 1310 1191 1357 ait
1230 1323 1240 1355 :
1276 1326 1301 1352 «
1333 1308 1465 1357 Erat
1499 1308 1663 1371 igitur
1701 1309 1885 1372 aliqua

255 1372 515 1436 dignitas,
547 1377 890 1437 proximatus
934 1379 1102 1439 clero,
1144 1384 1195 1428 et
1242 1380 1377 1428 forte
1422 1392 1491 1427 an
1531 1380 1884 1442 melloproxi-

254 1447 458 1492 matus.
486 1445 570 1492 Ad
596 1459 831 1510 eamque
857 1448 1183 1511 dignitatem
1209 1450 1310 1498 etsi
1335 1449 1621 1498 minimam
1649 1450 1884 1513 Cypria-

254 1526 363 1562 nus
398 1515 716 1565 assumebat
740 1521 1022 1567 communi
1048 1520 1301 1569 consilio.
1334 1520 1574 1568 Proximi
1603 1522 1694 1569 isti
1719 1522 1884 1578 clero,

247 1585 383 1634 facti
430 1585 499 1633 ad
551 1589 875 1651 exemplum
920 1603 1108 1639 eorum
1153 1592 1244 1640 cui
1289 1592 1437 1640 circa
1481 1592 1786 1654 principem
1826 1592 1885 1641 in

250 1657 424 1705 sacris
456 1657 675 1707 scriniis
709 1660 1037 1709 militabant.
1078 1662 1145 1710 Et
1184 1665 1269 1711 est
1304 1661 1443 1710 libro
1482 1675 1563 1712 xu
1605 1661 1663 1712 C.
1706 1662 1786 1712 tit.
1815 1665 1885 1713 De

238 1727 505 1789 proximis
520 1740 786 1777 sacrorum
810 1732 1146 1779 scrim‘orum.
1188 1749 1215 1777 »
1241 1732 1324 1780 Ex
1354 1731 1599 1797 episcopi
1624 1733 1883 1782 mandato

247 1796 477 1859 publice
504 1798 560 1845 in
590 1799 839 1848 Ecclesia
867 1801 1067 1864 legere,
1114 1806 1229 1851 erat
1269 1796 1642 1852 solemnis'ad
1678 1817 1883 1854 munus

249 1865 472 1915 lectoris
513 1868 837 1931 designatio.
870 1870 1013 1933 Ergo
1056 1873 1244 1920 statim
1281 1872 1503 1935 subjicit
1538 1887 1550 1920 :
1593 1889 1621 1920 ‹‹
1659 1874 1809 1924 Nihil
1853 1889 1884 1924 a

249 1950 341 1986 me
365 1936 521 1986 vobis
554 1939 880 1989 absentibus
910 1942 1117 1990 factum
1148 1946 1250 1991 est.
1279 1961 1306 1987 »

314 2006 418 2053 Aut
451 2018 568 2053 cum
609 2006 962 2070 presbyteris.
1004 2007 1277 2059 Videntur
1314 2011 1538 2074 quidam
1581 2012 1648 2063 de
1701 2013 1880 2076 Clero,

254 2074 595 2138 Cyprianum
629 2076 686 2124 in
722 2090 948 2127 secessu
980 2079 1202 2141 adiisse,
1246 2085 1297 2130 et
1332 2085 1616 2133 communi
1655 2074 1884 2133 consilio

255 2159 383 2210 qua
410 2146 480 2195 ad
510 2146 779 2196 Ecclesia
815 2152 1018 2197 statum
1053 2154 1293 2200 maxime
1324 2155 1677 2215 pertinebant
1706 2159 1883 2203 trans-

255 2219 451 2279 egisse.
483 2217 747 2267 Saturum
776 2220 842 2267 ad
869 2220 1089 2269 lectoris
1120 2236 1320 2271 munus
1341 2226 1663 2287 jampridem
1702 2225 1883 2286 desig-

253 2292 449 2335 natum
475 2288 628 2347 dicit,
662 2290 924 2352 Optatum
954 2305 1083 2341 vero
1115 2292 1396 2354 lectorem,
1428 2296 1593 2345 modo
1623 2296 1883 2345 catechu-

254 2370 545 2407 menorum
566 2361 897 2409 institutioni
920 2362 1220 2424 addictum,
1245 2369 1299 2413 et
1325 2367 1687 2415 confessionis
1715 2368 1885 2429 gloria

255 2430 486 2490 clarum,
518 2430 968 2493 hypodiaconum
996 2436 1110 2495 jam
1136 2437 1533 2485 renuntiatum.
1568 2438 1713 2486 Inter
1736 2450 1885 2499 pres-

254 2499 479 2561 byteros
518 2508 758 2551 rectores
783 2506 836 2551 et
860 2502 1113 2553 doctores
1142 2506 1274 2555 olim
1310 2507 1635 2557 distinxisse
1666 2508 1885 2558 videtur

257 2570 419 2618 divus
448 2571 654 2620 Paulus
685 2574 845 2634 epist.
875 2574 986 2622 Iad
1014 2575 1154 2623 Tim.
1186 2590 1233 2625 c.
1266 2590 1340 2638 Iv,
1372 2579 1448 2625 17.

318 2640 458 2711 Inter
488 2642 693 2690 lectores
729 2644 1003 2693 doctorum
1052 2647 1406 2696 audientium.
1440 2648 1713 2711 Rigaltius
1754 2651 1828 2699 ait
1870 2666 1880 2699 :

257 2725 287 2755 ‹‹
322 2710 513 2773 Itaque
558 2716 706 2773 tunc,
751 2715 913 2762 etiam
963 2717 1021 2763 in
1065 2716 1359 2765 lectoribus
1403 2710 1636 2768 eruditio
1673 2725 1728 2769 et
1757 2720 1885 2769 doc-

258 2780 402 2829 trina
438 2797 468 2827 »
501 2782 570 2831 Et
605 2784 797 2833 merito
839 2785 894 2833 id
934 2786 1180 2847 quidem,
1228 2788 1506 2851 siquidem
1548 2790 1884 2840 institutioni

258 2852 788 2904 catechumenorum
818 2857 1283 2918 praeficiebantur.

787 2972 1141 3024 EPISTULA
1175 2975 1351 3024 XXX.

324 3055 663 3115 Nefariorum
702 3057 1001 3107 libellorum
1040 3061 1391 3121 professione.
1430 3062 1701 3124 Rigaltius
1750 3064 1824 3112 ait
1870 3080 1880 3111 :

262 3101 474 3197 tatas
499 3101 1153 3189 épé‘c'i'es'iib'éiiéierﬂﬁi'
1169 3101 1411 3181 agitagit
1432 3101 1841 3197 saviata;
1870 3101 1964 3182 EC
1989 3102 2084 3197 ““;
2098 3111 2141 3197 ff

265 3195 442 3245 Unam
462 3210 655 3247 eorum
688 3201 783 3262 qui
814 3202 1040 3250 nomina
1083 3215 1184 3251 sua
1214 3203 1417 3252 libellis
1454 3195 1889 3268 perscripserunt

261 3268 416 3316 Jovis
466 3274 518 3317 et
563 3270 771 3331 Martis,
820 3275 876 3321 et
918 3278 1247 3323 caterorum
1297 3276 1616 3338 hujusmodi
1658 3279 1889 3328 deorum

263 3338 474 3413 cultum
504 3340 932 3402 proﬁtentibus:
974 3345 1200 3394 alteram
1246 3357 1459 3403 eorum,
1491 3349 1585 3411 qui
1628 3364 1740 3401 non
1784 3352 1889 3413 ipsi

264 3410 487 3483 quidem
526 3413 864 3474 professione
912 3429 1014 3465 sua
1054 3416 1276 3467 libellos
1315 3410 1554 3469 ethnicis
1598 3410 1888 3483 potestati-

262 3479 369 3529 bus
394 3482 730 3545 obtulerant,
767 3484 865 3533 sed
909 3500 1005 3548 per
1046 3488 1205 3549 alios,
1247 3502 1311 3538 ac
1344 3503 1443 3551 per
1488 3479 1633 3553 ipsa—3
1680 3494 1891 3542 fortean

261 3557 560 3617 potestates
617 3555 925 3606 submissos
980 3565 1343 3621 acceperant,
1406 3564 1459 3609 et
1516 3564 1887 3626 signaverant.

263 3624 515 3673 Tertium
553 3638 683 3674 vero
722 3628 827 3676 fuit
868 3628 1247 3679 libellatorum
1282 3644 1460 3693 genus
1491 3646 1503 3680 :
1550 3624 1743 3683 eorum
1784 3636 1891 3684 sci-

264 3693 394 3765 licet
445 3696 540 3757 qui
592 3696 780 3746 libello
848 3699 977 3748 dato
1036 3707 1336 3763 acceptove
1381 3703 1784 3765 profitebantur
1833 3719 1893 3755 se

267 3764 611 3836 Christianos
639 3780 779 3826 esse,
810 3782 875 3819 ac
915 3784 1014 3832 per
1046 3771 1171 3832 hoc,
1216 3772 1273 3820 in
1323 3772 1659 3836 Capitolium
1698 3789 1890 3826 ascen-

268 3835 397 3885 dere
426 3840 521 3886 aut
544 3840 878 3899 sacriﬁcare,
904 3842 1010 3891 sibi
1052 3856 1163 3891 non
1208 3835 1525 3899 licere.rsed
1564 3847 1694 3897 dare
1740 3860 1799 3898 se
1824 3848 1894 3896 ad

264 3905 376 3955 hoc
413 3909 719 3971 pramium,
759 3924 830 3960 ne
860 3913 1009 3975 quod
1047 3927 1161 3963 non
1203 3914 1353 3977 licet,
1398 3916 1620 3967 faciant.
1658 3919 1740 3969 De
1788 3919 1894 3968 hoc

267 3989 470 4052 genere
515 3979 885 4031 libellatorum
933 3985 1153 4034 dicetur
1198 3985 1266 4035 ad
1307 3988 1462 4048 epist.
1514 3988 1777 4052 Cypriani
1824 3990 1893 4039 ad

267 4049 664 4121 antonianum.
691 4070 720 4098 »
770 4053 1072 4105 Videantur
1116 4069 1179 4106 ea
1226 4070 1352 4121 quae
1396 4049 1641 4111 diximus
1682 4062 1778 4112 lib.
1831 4062 1894 4111 de

265 4118 468 4180 Lapsis,
494 4133 547 4182 p.
1242 4118 1261 4121 ”
1686 4132 1689 4137 “

335 4190 478 4249 Quod
509 4193 672 4265 ipsum
695 4198 969 4246 contestati
991 4198 1221 4260 fuerant.
1264 4199 1536 4265 Rigaltius
1561 4204 1637 4252 ait
1662 4219 1673 4251 :
1706 4219 1735 4251 <<
1765 4203 1894 4254 Sci-

266 4259 503 4337 licetse
548 4263 615 4337 ad
661 4266 899 4317 nefarias
942 4259 1062 4318 aras
1105 4259 1421 4321 accessisse.
1466 4273 1619 4323 Unde
1667 4279 1895 4337 apparet

268 4330 420 4380 istud
448 4332 818 4387 libellatorum
850 4353 1025 4401 genus
1084 4341 1365 4391 diversum
1409 4344 1580 4394 fuisse
1620 4330 1794 4395 ab'i-is
1828 4348 1894 4394 de

269 4401 475 4466 quibus
505 4406 684 4468 agitur
712 4409 769 4457 in
801 4412 1034 4473 epistola
1057 4414 1127 4462 ad
1159 4415 1557 4464 Antonianum.
1586 4434 1614 4460 »

1602 228 1779 297 EDlT.
1820 240 2015 301 exon.
2055 234 2268 303 Nam.

1896 382 1955 453 Α
2026 370 2272 453 fallaciis
2300 374 2358 423 in
2387 377 2722 453 excusa-tione
2760 373 3061 453 praestigias
3094 380 3302 442 qum-it.
3341 380 3613 445 Rigaltius

3479 250 3615 314 1218

1989 442 2064 490 ait
2096 456 2107 489 ε
2140 459 2167 489 α
2202 444 2315 492 Has
2344 447 2651 509 prastigias
2682 449 2910 499 damnat
2943 449 3142 498 Psalm.
3172 461 3303 501 CXL.
3337 470 3365 496 »

2049 512 2339 576 lutercepta
2377 518 2702 577 pazuitentia.
2734 520 3007 581 Rigaltius
3034 520 3107 568 ait
3146 535 3157 567 :
3190 538 3217 565 «
3247 522 3615 585 Interceptam

1988 585 2372 656 panitentiam
2403 585 2556 645 dicit,
2591 590 2752 649 cujus
2776 594 3023 652 tempora
3058 590 3343 653 presbyter
3371 606 3615 656 praepos-

1988 657 2102 701 tera
2135 655 2513 726 misericordia
2540 662 2829 719 contraxit,
2860 674 2964 709 nec
2991 663 3287 722 procedere
3312 655 3507 726 passus
3529 668 3616 715 est

1988 736 2280 786 quousque
2302 725 2585 775 debuerat.
2612 744 2639 774 »
2662 730 2841 778 Etiam
2864 735 2926 779 ut
2946 734 3187 793 corporis
3212 725 3389 784 morbi
3420 749 3616 785 curen-

1988 798 2095 853 tur,
2128 796 2451 857 pcnnitentia
2482 812 2621 861 opus
2656 804 2755 849 est.
2793 801 3086 852 Crudelem
3111 804 3389 855 medicum
3420 807 3617 855 intem-

1986 877 2185 926 perans
2215 879 2361 928 ager
2384 868 2531 917 facit.

2050 935 2430 1009 Con/essorum,
2473 953 2603 1003 quos
2652 942 2736 991 hic
2774 945 2947 999 adhuc
2991 950 3041 997 in
3082 960 3337 998 carcerem
3382 946 3613 1009 dignitas

1985 1017 2091 1053 sua
2120 1006 2455 1082 con/pssimi:
2488 1011 2711 1082 inclusit.
2750 1016 3023 1082 Rigaltius
3054 1023 3129 1068 ait
3165 1035 3175 1067 :
3210 1035 3238 1065 α
3271 1006 3495 1066 Juvabit
3523 1018 3615 1066 hic

1986 1076 2157 1125 semel
2197 1076 2408 1141 aliquid
2455 1081 2776 1136 observasse
2822 1076 2891 1139 de
2940 1093 3164 1141 nomine
3211 1090 3611 1139 confessorum.

1988 1146 2111 1224 _Qua
2144 1147 2320 1224 forma
2345 1150 2483 1209 juris
2508 1159 2765 1205 auctores
2790 1158 2844 1206 in
2884 1163 3193 1224 quastione
3225 1158 3291 1207 de
3323 1158 3613 1207 Servituti-

1985 1216 2531 1294 bus__confessoriam
2576 1227 2845 1277 actionem
2900 1216 3114 1294 dicunt,
3165 1244 3275 1293 qua
3326 1229 3430 1278 sibi
3488 1229 3613 1291 quis

1986 1287 2224 1364 vindicat
2258 1291 2610 1364 servitutem;
2639 1301 2693 1345 et
2737 1287 3112 1364 negatoriam,
3137 1287 3245 1364 qua
3290 1287 3612 1349 servitutem

1987 1359 2110 1420 quis
2139 1359 2373 1422 denegat
2399 1363 2717 1415 vindicanti.
2757 1359 2964 1421 Eadem
3000 1359 3174 1421 forma
3206 1372 3393 1420 Patres
3423 1369 3612 1419 Chris-

1987 1430 2141 1502 tiani,
2179 1430 2251 1502 in
2309 1436 2614 1493 quastione
2664 1438 2812 1502 fidei,
2871 1444 3215 1492 confessores
3259 1440 3451 1490 dicunt
3498 1454 3612 1501 eos,

1986 1501 2113 1575 qui
2161 1500 2255 1575 (ᾆξ’⁸
2298 1502 2409 1575 ﬁde
2479 1511 2575 1555 aut
2649 1500 2915 1573 religione
2980 1512 3334 1575 interrogati,
3408 1500 3616 1561 nomen

1987 1570 2191 1643 Christi
2232 1572 2442 1622 fortiter
2484 1570 2777 1643 asserunt;
2798 1588 2854 1632 et
2892 1597 2951 1633 se
2991 1597 3113 1633 esse
3159 1570 3502 1632 Christianos
3531 1582 3611 1629 af-

1985 1642 2242 1717 firmant;
2285 1650 2574 1707 negatores
2621 1663 2749 1700 vero
2796 1666 2891 1702 eos
2935 1656 3032 1716 qui
3080 1652 3289 1717 perﬁde
3332 1652 3614 1702 Christum

1986 1713 2284 1774 deserunt;
2333 1720 2387 1764 et
2441 1730 2501 1766 se
2556 1732 2679 1770 esse
2731 1713 3099 1773 Christianos'
3128 1723 3478 1773 dissimulant
3520 1727 3616 1771 aut

1985 1789 2205 1856 negant.
2251 1803 2279 1831 »
2326 1785 2551 1837 Interim
2598 1790 2791 1841 ludere
2838 1793 3059 1845 videtur
3109 1795 3163 1843 in
3225 1793 3472 1853 vocibus,
3516 1793 3613 1856 qui

1986 1855 2210 1928 aliunde
2237 1858 2567 1928 confessoris
2597 1875 2800 1914 nomen
2846 1866 3095 1927 accersit,
3128 1878 3296 1928 quam
3334 1878 3364 1913 a
3394 1855 3615 1913 Domini

1984 1927 2159 1975 nostri
2188 1927 2371 1977 verbis
2394 1929 2585 1980 Matth.
2618 1946 2680 1982 x.

2046 2006 2292 2077 piguitas
2318 2008 2673 2069 confessionis.
2701 2013 2975 2077 Rigaltius
2998 2014 3105 2063 ait:
3138 2013 3364 2064 Florida:
3386 2012 3576 2062 scilicet
3602 2027 3612 2060 :

1984 2092 2013 2124 cz
2047 2076 2168 2126 Hoc
2193 2084 2276 2127 est
2307 2083 2631 2137 constantis,
2658 2076 2916 2147 robusta,
2958 2089 3012 2135 et
3046 2085 3117 2134 ad
3157 2084 3474 2147 exemplum
3512 2097 3613 2146 ge-

1983 2161 2216 2221 nerosa,
2242 2149 2348 2210 vel,
2375 2155 2435 2200 ut
2460 2165 2590 2202 mox
2621 2156 2889 2218 sequitur,
2914 2156 3186 2221 gloriosa.
3218 2155 3396 2216 Quam
3424 2153 3617 2218 digna-

1983 2221 2060 2269 tio
2096 2219 2281 2269 divina
2324 2221 2392 2270 ad
2444 2227 2659 2273 tantum
2710 2227 2899 2289 gloria
2925 2219 3171 2277 chlmen
3214 2228 3414 2276 evexit.
3458 2224 3617 2274 Hanc

1984 2292 2375 2353 dignationem,
2421 2295 2588 2356 paulo
2630 2302 2755 2359 post
2804 2298 2927 2348 hac
2970 2298 3215 2362 Epistola
3251 2298 3614 2359 nuncupavit,

1985 2362 2229 2411 divinam
2260 2364 2677 2427 indulgentiam.
2708 2387 2735 2414 »

2050 2444 2283 2492 Custodit
2320 2445 2375 2492 in
2418 2459 2475 2494 co
2507 2460 2577 2495 ea:
2609 2460 2710 2510 quo
2751 2447 2883 2498 illud
2917 2450 3159 2513 possidet.
3200 2450 3425 2499 Dixerat
3453 2460 3619 2511 snpra

1984 2514 2295 2631 Eyprianus
2332 2517 2738 2568 confessoribus
2773 2535 2839 2567 :«
2865 2521 2997 2570 Illos
3035 2534 3105 2571 ex
3139 2519 3441 2582 Evangelio
3478 2532 3621 2567 mar-

2013 2595 2207 2631 vres.»

2048 2598 2151 2631 res.
2178 2598 2207 2630 λὺ

2006 2598 2079 2711 yA
2092 2662 2393 2713 avocatione
2419 2664 2727 2728 fungantur.
2766 2667 3040 2731 Rigaltius
3065 2669 3140 2718 ait
3166 2682 3178 2716 :
3205 2682 3234 2716 (ς
3263 2668 3347 2717 Ad
3372 2669 3615 2729 veniam,

1984 2733 2053 2783 ad
2078 2734 2513 2785 misericordiam
2550 2739 2993 2801 promerendam,
3030 2742 3146 2790 sive
3184 2739 3612 2802 impetrandam,

1984 2805 2221 2868 gemitus
2251 2808 2304 2854 et
2337 2805 2502 2857 ﬂetus
2546 2810 2717 2859 amari
2758 2810 3061 2874 fungantur
3101 2808 3493 2859 advocatorum
3529 2811 3612 2859 vi-

1990 2888 2130 2925 cem.
2154 2892 2182 2921 »

2045 2954 2160 3003 Nisi
2192 2955 2323 3015 quia
2348 2957 2563 3018 majoris
2592 2963 2665 3008 est
2704 2973 2919 3010 rursum
2960 2963 3013 3007 et
3037 2958 3263 3023 periculi
3295 2964 3341 3008 et
3372 2958 3619 3021 pudoris.

1984 3025 2255 3087 Rigaltius
2285 3026 2399 3075 ait:
2445 3046 2473 3073 «
2500 3029 2726 3079 Tertull.
2768 3030 2875 3080 sub
2917 3030 3085 3080 ﬁnem
3130 3030 3227 3080 lib.
3265 3029 3328 3080 de
3372 3030 3620 3079 Paeniten-

2049 3174 2318 3224 Auxilium
2348 3176 2499 3239 pacis
2535 3191 2642 3228 non
2673 3179 2895 3242 petiisse.
2939 3179 3210 3243 Rigaltius
3254 3180 3330 3230 ait
3368 3194 3379 3227 :
3418 3180 3521 3230 Hoc
3544 3184 3620 3230 est

1987 3246 2150 3297 veniae
2176 3246 2283 3295 sive
2314 3247 2668 3309 indulgentiae.

2051 3326 2152 3375 Sed
2209 3324 2298 3375 hoc
2362 3331 2519 3376 totum
2585 3329 2637 3377 in
2708 3335 3057 3381 sacramento.
3122 3329 3395 3395 Rigaltius
3466 3330 3545 3380 ait
3604 3354 3622 3395 ι

1990 3417 2020 3449 ‹‹
2053 3398 2195 3446 Sunt
2246 3397 2395 3446 enim
2448 3401 2640 3464 signa,
2695 3403 2991 3464 mysteria,
3042 3404 3095 3452 et
3140 3405 3486 3451 sacramenta
3533 3402 3625 3453 do-

1990 3465 2159 3515 lentis
2201 3479 2267 3516 ac
2314 3480 2443 3517 vere
2497 3471 2816 3532 paenitentis
2868 3472 3067 3530 animi,
3115 3472 3305 3534 petitio
3352 3471 3623 3530 modesta,

1991 3537 2288 3598 postulatio
2332 3541 2659 3596 verecunda,
2706 3542 2994 3592 humilitas
3028 3544 3366 3603 necessaria,
3408 3544 3622 3605 patien-

1992 3608 2067 3655 tia
2099 3621 2211 3656 non
2256 3609 2452 3672 otiosa,
2494 3612 2791 3662 excubatio
2838 3612 2908 3660 ad
2954 3617 3260 3662 castrorum
3308 3613 3621 3663 caelestium

1991 3683 2193 3741 portas,
2238 3680 2385 3742 quod
2429 3684 2511 3730 est
2549 3682 2721 3731 limen
2771 3684 3055 3732 Ecclesia.
3105 3682 3302 3733 Omnia
3329 3683 3619 3745 ὲξυμολογή-

1991 3765 2114 3803 σεως
2171 3757 2519 3801 sacramenta
2573 3754 2837 3815 praclare
2890 3754 3153 3804 describit
3214 3755 3622 3814 Tertullianus,

1992 3820 2087 3869 lib.
2154 3820 2215 3869 de
2270 3822 2602 3873 Pwnitenlia.
2666 3825 2861 3887 Itaque
2922 3825 3327 3887 exomologesis
3387 3830 3625 3886 proster-

1992 3890 2161 3939 nendi
2190 3896 2243 3941 et
2286 3892 2693 3943 humiliﬁcandi
2731 3895 2973 3944 hominis
3013 3896 3305 3957 disciplina
3343 3900 3443 3956 est,
3490 3907 3623 3944 con-

1993 3963 2359 4011 versationem
2388 3965 2685 4028 injungens
2713 3967 3108 4017 misericordia
3143 3967 3364 4016 illicem.
3390 3967 3473 4016 De
3502 3966 3621 4028 ipso

1995 4047 2218 4097 quoque
2253 4034 2446 4083 habitu
2486 4040 2651 4099 atque
2692 4039 2842 4088 victu
2872 4037 3117 4100 mandat,
3156 4050 3318 4088 sacco
3353 4041 3408 4086 et
3449 4038 3623 4087 cineri

1992 4106 2274 4169 incubare,
2308 4120 2508 4171 corpus
2548 4108 2806 4159 sordibus
2849 4110 3169 4171 obscurare,
3204 4111 3452 4159 animum
3485 4122 3622 4158 ma-

1993 4176 2211 4227 roribus
2257 4177 2509 4241 dejicere,
2556 4179 2650 4229 illa
2690 4183 2787 4244 qui
2824 4184 3075 4245 peccavit
3117 4182 3255 4231 tristi
3298 4181 3624 4230 tractatione

1993 4253 2227 4298 mutare.
2286 4250 2565 4301 Caterum
2618 4260 2837 4316 pastum
2894 4259 2947 4304 et
2996 4256 3186 4318 potum
3241 4266 3379 4316 pura
3427 4263 3625 4313 nosse,

1990 4321 2217 4383 jejuniis
2258 4334 2451 4383 preces
2497 4324 2666 4382 alere,
2710 4326 3091 4390 ingemiscere,
3142 4323 3456 4387 lacrymari,
3501 4336 3626 4371 mu-

1994 4394 2107 4455 gire
2151 4392 2268 4442 dies
2308 4401 2612 4459 noctesque
2655 4396 2726 4446 ad
2773 4398 3093 4459 Dominum,
3136 4396 3471 4460 presbyteris
3518 4394 3624 4443 ad-

332 4474 433 4522 Sed
499 4464 659 4526 etiam
704 4464 948 4529 adversus
1015 4485 1141 4533 illo:
1210 4487 1300 4549 qui
1375 4492 1576 4549 accepta
1641 4464 2173 4551 fecissent.DZ°lv§[
2206 4466 2499 4551 ffhchﬂris:
2544 4467 2645 4517 Dei
2691 4465 3085 4551 εξςὶεθρὶουιδτίε
3132 4466 3390 4551 {minibus
3444 4465 3625 4551 Ϊτξξῖξξ*

269 4544 541 4619 Rigaltius
567 4550 643 4599 ait
674 4565 685 4597 ε
717 4568 744 4595 ‹‹
773 4554 893 4603 Hoc
916 4559 1017 4613 est,
1050 4556 1145 4619 qui
1171 4544 1718 4609 submissos-libellos
1744 4573 1898 4609 acce-

269 4618 615 4695 pissent,_-sic
657 4624 805 4671 enim
842 4618 1083 4695 accepto
1112 4631 1164 4676 et
1217 4634 1334 4677 rato
1383 4628 1693 4680 habuerant
1733 4632 1899 4695 quic—

271 4687 409 4750 quid
456 4689 565 4738 illis
611 4687 1011 4745 continebatur.
1068 4697 1476 4749 Continebatur
1516 4705 1699 4751 autem
1741 4687 1899 4751 illum

270 4758 369 4831 illo
395 4758 483 4809 die
514 4762 571 4809 in
607 4764 947 4826 Capitolium
992 4770 1330 4831 ascendisse,
1370 4785 1436 4820 ac
1476 4771 1695 4822 dedisse
1740 4773 1900 4822 thura

272 4830 398 4906 Jovi
425 4846 436 4878 :
466 4833 613 4906 quod
644 4837 745 4885 etsi
777 4838 870 4887 ille
902 4853 1014 4888 non
1046 4844 1271 4904 fecerat,
1312 4830 1553 4893 attamen
1590 4844 1815 4906 fecerat,
1842 4848 1901 4893 ut

271 4913 333 4950 se
371 4901 569 4975 fecisse
607 4907 831 4969 publice
874 4910 1192 4975 legeretur:
1242 4901 1413 4963 Lecto
1454 4916 1668 4965 scilicet
1712 4901 1901 4965 libello

272 4974 607 5049 quovideri
654 4979 828 5028 voluit
874 4984 1166 5045 propositis
1217 4985 1482 5035 adversus
1535 4986 1900 5049 Evangelium

272 5044 473 5118 edictis
496 5048 854 5114 satisfecisse,
886 5044 1039 5116 quod
1074 5059 1209 5118 erat,
1249 5056 1418 5107 fidem
1457 5056 1676 5108 Christo
1696 5044 1902 5108 vdatam

274 5114 606 5167 deseruisse.
636 5140 663 5166 »

340 5187 522 5265 _Toluhm
566 5190 693 5265 ﬁdei
734 5201 1139 5247 sacramentum.
1191 5199 1466 5265 Rigaltius
1510 5203 1587 5251 ait
1636 5216 1647 5249 :
1695 5218 1723 5247 «
1766 5201 1903 5250 Tota

274 5256 416 5336 fides
448 5259 778 5336 Christiana.
813 5266 905 5318 Sic
932 5256 1343 5321 sacramentum
1374 5273 1685 5336 adoptionis
1708 5271 1902 5322 Chris—

273 5329 456 5393 tiana,
509 5333 861 5397 adoptionem
909 5340 1017 5390 dici
1063 5356 1242 5405 posse,
1297 5345 1370 5393 ait
1410 5329 1703 5395 Fa—cundus
1755 5346 1903 5395 Her-

271 5406 578 5480 manensis,
607 5407 747 5457 libro
773 5422 833 5460 ix
868 5412 936 5460 ad
974 5413 1349 5465 Justinianum
1382 5417 1511 5480 imp.
1541 5434 1569 5463 »
1592 5417 1671 5465 Ita
1709 5420 1763 5466 et
1787 5417 1902 5479 ipse

273 5472 586 5553 Cyprianus
621 5482 852 5545 epistola
882 5486 938 5534 51
979 5487 1097 5535 ait:
1129 5488 1227 5548 Qui
1270 5488 1417 5552 pn‘us
1455 5472 1684 5553 copulati
1726 5472 1905 5537 sacra-

276 5552 445 5596 mento
500 5556 869 5604 unanimitatis
918 5559 1120 5619 fuerint
1180 5575 1189 5607 :
1244 5560 1350 5611 hoc
1398 5552 1904 5611 estiunanimitate

270 5620 470 5697 juncti.
504 5623 667 5697 Nulla
686 5640 793 5677 vox
820 5631 963 5694 apud
990 5636 1205 5683 veteres
1236 5634 1443 5697 sapius
1469 5634 1743 5695 occurrit;
1772 5637 1825 5683 et
1846 5633 1901 5683 in

276 5692 432 5743 nulla
478 5696 654 5762 magis
696 5699 802 5750 sibi
850 5692 1157 5767 indulgent.
1196 5704 1278 5753 De
1316 5692 1429 5756 hac
1471 5707 1654 5757 statim
1701 5692 1903 5758 iterum

277 5767 490 5833 agetur,
519 5767 624 5822 sub
658 5769 830 5823 ﬁnem
853 5772 1023 5838 hujus
1048 5774 1313 5840 epistola.

1998 4534 2104 4584 bus
2127 4535 2429 4599 legationes
2467 4537 2869 4601 deprecationis
2911 4550 3029 4587 sua
3073 4539 3380 4600 injungere.
3416 4554 3445 4582 »
3490 4535 3626 4585 Rec-

2001 4607 2112 4654 tius
2142 4608 2336 4656 fecerit
2384 4610 2479 4672 qui
2526 4623 2626 4672 per
2666 4613 3054 4659 sacramentum
3099 4609 3424 4671 simpliciter
3463 4606 3627 4655 intel-

2000 4677 2197 4726 lexerit
2238 4678 2417 4740 legem
2457 4678 2849 4741 Christianam,
2897 4692 3023 4741 qua
3069 4677 3190 4741 ﬁdei
3239 4681 3626 4727 sacramentum

2001 4762 2166 4811 supra
2211 4751 2377 4799 audit.
2432 4750 2555 4812 Qua
2596 4750 2783 4816 phrasi
2826 4752 2998 4800 utitur
3040 4750 3208 4799 etiam
3253 4748 3627 4799 Tertullianus

2000 4824 2062 4873 de
2111 4824 2324 4885 Anima,
2374 4829 2427 4874 et
2486 4826 2617 4875 alibi
2669 4826 2891 4890 passim.
2945 4825 3028 4873 Ita
3077 4824 3257 4887 legem
3309 4822 3625 4883 Mosaicam,

2000 4901 2389 4947 suoramentum
2433 4898 2712 4948 Iudaicum
2769 4897 3011 4962 appellat
3060 4896 3208 4945 idem
3256 4895 3627 4945 Tertullianus

2001 4968 2058 5016 in
2085 4968 2258 5030 Apot,
2298 4981 2345 5019 c.
2389 4971 2463 5032 19,
2506 4972 2599 5020 cui
2644 4971 2872 5034 opponit
2913 4973 3165 5027 nostrum,
3202 4968 3321 5019 sive
3365 4965 3627 5016 Christia-

2002 5052 2154 5088 num.

2065 5125 2192 5174 Acta
2252 5123 2575 5174 Pamitentia.
2643 5122 2997 5187 Quamquam
3057 5120 3127 5171 ab
3179 5118 3431 5170 Ecclesia
3488 5125 3630 5169 can—-

2006 5199 2140 5255 tum,
2199 5198 2259 5245 ut
2302 5208 2468 5245 nemo
2514 5196 2637 5245 sine
2684 5208 2820 5258 pace
2866 5192 3194 5253 excederet,
3248 5190 3631 5254 requirebatur

2004 5271 2189 5316 tamen
2226 5266 2409 5329 aliqua
2442 5266 2638 5316 saltem
2684 5272 2799 5315 acta
2824 5265 3143 5329 pcenileniia,
3183 5266 3230 5310 et
3262 5263 3492 5325 professa
3525 5263 3633 5323 fre-

2003 5342 2212 5403 quenter
2238 5351 2451 5387 suorum
2485 5338 2761 5387 detestatio
2802 5338 3088 5399 factorum,
3129 5334 3367 5397 lacrymw
3408 5336 3633 5397 insuper,

2003 5416 2053 5459 et
2090 5413 2314 5474 gemitus
2376 5414 2425 5458 et
2469 5410 2644 5471 ﬂetus,
2683 5424 2793 5473 qua:
2829 5409 3054 5457 dolentis
3095 5420 3156 5455 ac
3194 5420 3311 5455 vere
3342 5407 3633 5468 paenitentis

2003 5484 2169 5531 animi
2189 5496 2337 5544 signa
2369 5480 2728 5543 prodiderunt,
2755 5484 2809 5531 et
2838 5480 3065 5531 demum
3088 5476 3403 5556 languidus,
3428 5476 3632 5556 divina

2004 5552 2396 5603 misericordia
2454 5552 2885 5617 relinquendus,
2940 5556 3044 5604 Deo
3104 5556 3213 5618 ipso
3270 5554 3463 5601 sciente
3509 5547 3634 5613 quid

2004 5625 2066 5674 de
2086 5623 2279 5673 talibus
2307 5624 2489 5687 faciat,
2517 5631 2562 5675 et
2595 5627 2834 5691 qualiter
2857 5628 3057 5693 judicii
3077 5631 3161 5677 sui
3195 5626 3466 5675 examinet
3498 5630 3638 5682 μονμ

2002 5695 2152 5745 dera.
2184 5696 2310 5747 Istis
2333 5698 2553 5751 saculis
2582 5702 2838 5754 sacerdos
2868 5700 3116 5754 nondum
3148 5698 3323 5764 judex
3359 5701 3475 5746 erat
3503 5702 3644 5740 con‘

2004 5767 2245 5821 stitutus.
