4144 6192
632 273 768 336 1219

683 402 982 456 Beatissimo
1031 413 1094 449 ac
1149 391 1524 461 gloriosissime
1574 395 1735 460 Papa.
1784 395 2058 461 Rigaltius
2104 398 2182 447 ait
2227 411 2239 444 :

620 491 650 524 α
687 476 778 526 Sic
819 474 1103 523 Romanus
1129 469 1314 520 clerus
1352 467 1594 531 appellat
1630 468 1972 531 Cyprianum
2010 467 2243 519 Cartha—

620 548 767 611 ginis
795 545 1134 608 episcopum.
1161 557 1191 589 ν

1137 660 1486 713 EPISTOLA
1519 660 1724 711 XXXI.

688 756 748 806 Et
773 754 949 804 caeteri
971 751 1710 814 confessoremRigaltiusrait
1741 764 1756 814 :_
1783 766 1810 798 e
1844 749 2055 799 Horum
2087 763 2247 814 Vmen-

623 819 831 868 tionem
855 817 1034 866 facere
1055 812 1274 863 videtur
1304 812 1532 862 Eusebii
1564 812 1794 862 Historia
1823 817 1969 861 sexta
1996 825 2042 862 c.
2069 813 2148 872 43,
2180 824 2250 861 ex

625 887 864 940 Cornelii
892 884 1129 950 quadam
1159 883 1227 932 ad
1269 884 1498 934 Fabium
1535 884 1784 947 epistola.
1831 885 1923 933 Ait
1958 883 2248 943 Novatum,

621 957 892 1022 quosdam
937 956 1005 1006 de
1039 955 1450 1006 confessoribus
1496 956 1645 1003 vivos
1687 954 1926 1016 Optimos
1955 955 2096 1003 inter
2134 955 2252 1017 ipsa

623 1030 781 1078 initia
824 1027 928 1077 sibi
975 1025 1340 1088 assumpsisse
1387 1039 1398 1073 :
1448 1028 1502 1075 et
1544 1026 1599 1074 in
1642 1025 1709 1072 iis
1749 1024 1919 1074 fuisse
1950 1024 2252 1075 Maximum

626 1099 895 1150 Ecclesiae
949 1097 1214 1148 Romanae
1275 1096 1677 1159 presbyterum,
1723 1099 1777 1144 et
1825 1093 2106 1144 Urbanum
2156 1096 2252 1158 qui

623 1170 870 1221 secundo
895 1170 1238 1219 confessores
1275 1169 1614 1218 exstiterant.
1644 1167 1754 1217 Sed
1794 1169 1849 1216 et
1881 1165 2170 1216 Sidonium
2200 1170 2254 1217 et

625 1242 963 1301 Celerinum,
1012 1241 1107 1303 qui
1157 1239 1311 1289 valde
1359 1239 1493 1288 clari
1538 1239 1593 1287 in
1629 1236 2037 1288 confessoribus
2083 1237 2253 1287 habe-

624 1314 846 1370 bantur,
873 1325 940 1362 eo
969 1309 1116 1374 quod
1148 1310 1333 1360 omnia
1364 1312 1763 1358 tormentorum
1795 1320 1995 1370 genera
2029 1320 2255 1371 supera-

625 1386 835 1434 verant.
882 1379 1276 1433 Observandus
1322 1380 1415 1430 hic
1453 1379 1645 1428 titulus
1682 1378 1908 1428 honoris
1955 1378 2250 1430 Christiani

625 1455 923 1505 confessor.
952 1468 982 1500 ιι

684 1525 765 1574 Ad
797 1529 1056 1574 certamen
1095 1522 1295 1573 inimici
1332 1537 1396 1572 ea:
1437 1521 1545 1572 illis
1586 1534 1694 1571 non
1734 1522 1865 1572 satis
1900 1525 2094 1585 pastos.
2143 1521 2255 1572 Nec

623 1594 955 1659 gladiatores
983 1595 1038 1643 in
1067 1607 1310 1656 arenam,
1331 1607 1436 1644 nec
1461 1593 1518 1642 in
1540 1593 1717 1644 aciem
1737 1593 1958 1655 milites,
1990 1592 2256 1656 impransi

622 1665 959 1717 descendere
984 1663 1255 1714 solebant.

687 1735 896 1786 Caeleste
929 1748 1152 1798 regnum
1193 1735 1307 1784 sine
1345 1733 1459 1783 ulla
1502 1735 1836 1784 cunctatione
1864 1733 2104 1783 retinere.
2135 1733 2256 1784 Hoc

623 1813 933 1871 martyrum
969 1806 1321 1870 privilegium
1353 1808 1621 1869 perpetuo
1656 1805 2189 1856 inculcantveteres.

689 1882 870 1929 Patres
904 1891 1104 1928 eorum.
1138 1877 1418 1927 Pamelius
1448 1877 1542 1936 ait,
1580 1894 1610 1922 «
1649 1875 1836 1928 Oratio
1875 1876 2255 1926 consarcinata

623 1965 691 2001 ex
725 1949 969 2000 Matthwi
1005 1954 1061 1998 et
1109 1949 1274 1999 Lucm
1310 1947 1648 2010 Evangeliis.
1686 1947 1824 1997 Nam
1866 1946 2032 1996 verba
2082 1947 2206 1998 haec
2241 1962 2253 1995 :

623 2023 708 2072 Sic
763 2022 899 2070 enim
953 2017 1214 2080 faciebant
1255 2019 1522 2082 prophetis
1579 2022 1754 2081 patres
1817 2031 1991 2067 eorum
2007 2053 2022 2078 ,
2086 2018 2253 2069 Lucae

621 2095 786 2150 sunt;
816 2089 962 2153 apud
996 2089 1316 2138 Matthaaum
1346 2103 1484 2138 vero
1513 2093 1642 2138 sunt
1678 2089 1780 2137 ista
1811 2103 1822 2136 :
1857 2088 1940 2138 Sic
1977 2089 2108 2136 enim
2141 2103 2253 2151 per-

620 2163 776 2211 secuti
810 2164 927 2209 sunt
954 2160 1232 2223 prophetas
1253 2161 1345 2224 qui
1376 2158 1726 2221 fueruntante
1750 2173 1846 2207 vos.
1880 2175 1906 2205 ι)

686 2235 785 2282 Pro
825 2246 880 2280 eo
921 2233 1013 2294 qui
1055 2245 1143 2279 nos
1187 2230 1403 2280 detexit.
1449 2230 1572 2280 Vid.
1625 2243 1750 2294 quae
1795 2229 1939 2280 dicta
1983 2228 2050 2278 ad
2093 2229 2130 2278 l.
2173 2242 2250 2292 ιιι,

624 2303 766 2365 Quir.
794 2317 836 2351 c.
871 2303 948 2352 18.
1717 2306 1722 2310 ’

685 2372 1022 2435 Presbyteris,
1051 2371 1370 2434 diaconibus,
1393 2371 1763 2434 confessoribus
1783 2375 1832 2421 et
1857 2372 1980 2434 ipsis
1998 2371 2254 2421 stantibus

625 2446 794 2494 laicis.
826 2443 1096 2506 Rigaltius
1134 2445 1208 2492 ait
1239 2458 1250 2492 :
1291 2461 1320 2489 «
1350 2445 1519 2493 Erant
1557 2442 1820 2506 Cypriani
1864 2457 1985 2494 sevo
2024 2443 2251 2492 subdia-

619 2518 747 2566 coni
777 2519 830 2566 et
859 2516 1113 2565 lectores.
1146 2516 1233 2563 An
1259 2513 1351 2564 hic
1376 2515 1720 2572 omittuntur,
1748 2516 1878 2578 quia
1907 2514 2012 2564 sub
2027 2515 2251 2565 nomine

621 2587 981 2636 diaconorum
1040 2585 1462 2648 intelligantur?
1513 2585 1582 2634 Et
1627 2585 1759 2649 quid
1809 2585 2056 2635 diaconis
2110 2585 2251 2634 sub—

613 2659 798 2723 jungit
826 2657 985 2721 quasi
1028 2656 1276 2706 ordinem
1318 2657 1716 2718 confessorum,
1763 2656 1986 2720 quando
2014 2659 2069 2706 et
2110 2670 2250 2706 con—

620 2731 855 2780 fessores
895 2728 1061 2778 etiam
1112 2727 1258 2777 inter
1310 2727 1663 2791 presbyteros
1720 2731 1773 2778 et
1819 2727 2085 2777 diaconos
2137 2730 2252 2776 erat

617 2799 894 2863 reperire?
923 2801 1008 2847 An
1039 2797 1144 2846 fuit
1173 2797 1306 2846 satis
1344 2799 1481 2848 tales
1519 2799 1866 2848 confessores
1904 2799 2048 2847 inter
2095 2810 2249 2861 prcs-

617 2869 842 2933 byteros
903 2873 956 2918 et
1007 2867 1272 2918 diaconos
1333 2869 1504 2918 fuisse
1563 2868 1943 2932 spectabiles?
2003 2868 2248 2918 Caeteros

616 2940 685 2989 de
733 2940 890 2989 laicis
939 2939 1124 2988 eximi.
1179 2943 1397 2988 tantum
1453 2940 1674 2989 virtutis
1727 2952 1917 2988 eorum
1963 2939 2248 3001 signanda:

596 3011 811 3076 'gratia!
869 3013 930 3059 ut
980 3011 1092 3072 jam
1147 3009 1389 3073 denique
1440 3014 1651 3060 stantes
1702 3009 1829 3060 laici
1881 3010 2138 3060 dicantur
2184 3023 2248 3058 ea

613 3095 740 3146 pars
773 3081 1040 3131 Ecclesiae
1065 3093 1195 3142 quae
1227 3093 1460 3130 numero
1485 3083 1700 3130 constat
1730 3080 1998 3142 ﬁdelium,
2031 3094 2100 3130 ex
2131 3080 2247 3142 qui-

1971 263 2146 329 EDlT.
2185 267 2383 331 OXON.
2424 264 2642 331 NOTAE.

3801 274 3920 339 4220

2406 398 2689 448 Granditer
2731 399 2948 461 operati.
2997 395 3269 460 Rigaltius
3316 397 3410 466 ait,
3447 415 3476 441 κ
3513 397 3806 462 Magniﬁce,
3842 418 3923 466 pro

2345 469 2632 530 majestate
2681 481 2740 516 ac
2778 466 3071 530 disciplina
3123 467 3253 516 ﬁdei
3298 465 3636 518 Christianae.
3683 469 3768 522 Sic
3811 465 3928 523 Mar-

2344 539 2490 587 tialis
2544 539 2602 586 in
2656 537 2826 588 rebus
2876 539 3072 588 seculi
3131 537 3372 594 dixerat,
3423 538 3622 602 grande
3674 553 3834 604 opus,
3880 549 3926 594 et

2347 608 2573 671 grandia
2629 609 2818 660 verba.
2872 609 3090 660 Glossse
3134 613 3388 670 veteres,
3444 610 3754 673 μεγαλοεᾳγῶς
3797 627 3926 677 mag-

2347 694 2552 743 nopere
2581 680 2912 745 μεγαλοεργία,
2939 681 3340 745 magnificium.
3378 681 3735 731 Tertullianus
3757 685 3926 748 grande

2348 752 2616 802 officium.
2671 753 2978 814 Juvenalis,
3041 753 3249 814 grande
3303 765 3546 813 carmen,
3597 766 3689 816 pro
3735 755 3926 818 tragico.

2350 823 2558 873 Tertul.
2637 823 2958 887 grandiores
3030 823 3252 873 fabulae.
3323 823 3698 874 Granditatem
3759 826 3927 876 verbo-

2351 909 2494 957 rum,
2544 893 2660 946 Cic.
2719 895 2786 944 de
2845 897 2976 944 clar.
3031 896 3118 944 0r.
3185 895 3282 946 ubi
3359 895 3428 945 de
3498 895 3925 959 grandiloquentia

2351 965 2758 1016 Demosthenis.
2797 965 2921 1029 Ipse
2953 964 3265 1028 Cyprianus
3298 966 3442 1014 infra
3473 966 3626 1028 epist.
3654 967 3712 1016 33
3739 981 3750 1013 :
3778 967 3925 1017 Verba

2353 1036 2615 1086 sublimia
2660 1035 2816 1097 dixit,
2866 1049 2993 1101 quae
3046 1036 3376 1087 Christianas
3426 1035 3557 1085 ﬁdei
3604 1038 3924 1087 testimonium

2353 1107 2632 1157 dixerunt.
2658 1124 2687 1153 ιι

2415 1178 2637 1228 Domino
2669 1179 3072 1242 imputaverunt.
3103 1177 3387 1244 Quidquid
3420 1178 3563 1229 bene
3601 1178 3666 1228 ab
3693 1180 3808 1242 ipsis
3829 1192 3923 1242 ges-

2354 1253 2472 1298 tum
2501 1247 2701 1298 divinas
2731 1249 2922 1311 gratiae
2957 1254 3248 1314 acceptum
3286 1249 3612 1301 referebant.
3641 1251 3744 1299 Aut
3771 1253 3812 1299 si
3835 1251 3924 1300 lec-

2353 1321 2429 1370 tio
2481 1318 2687 1370 codicis
2734 1318 3018 1369 Bodleiani
3073 1320 3437 1382 admittenda,
3487 1334 3597 1370 non
3646 1320 3774 1371 bene
3822 1321 3922 1371 olim

2354 1391 2502 1440 facta
2533 1389 2711 1452 lapsui
2737 1403 2840 1438 suo
2870 1395 3267 1453 opposuerunt.
3306 1393 3389 1442 Ac
3428 1393 3477 1442 si
3510 1392 3656 1442 Deus
3680 1391 3744 1440 ob
3770 1394 3924 1441 merita

2354 1461 2549 1510 fuisset
2573 1461 2753 1511 venias
2785 1459 3017 1512 debitor.

2419 1533 2517 1593 Qui
2540 1531 2787 1595 dignatus
2809 1534 2881 1580 est
2916 1531 3196 1583 ostendere.
3237 1533 3514 1598 Rigaltius
3541 1533 3614 1584 ait
3640 1548 3652 1582 :
3680 1549 3709 1581 e
3733 1533 3786 1582 In
3810 1547 3924 1584 som-

2353 1603 2459 1652 nis.
2489 1603 2589 1653 Per
2616 1603 2816 1652 visum.
2849 1602 2910 1652 In
2941 1603 3176 1656 visione.
3201 1619 3231 1651 »
3265 1605 3445 1668 Supra
3470 1606 3626 1668 epist.
3654 1607 3697 1653 7.

2419 1674 2552 1734 Quas
2595 1673 2805 1722 litteras
2845 1687 2958 1723 cum
2995 1689 3156 1738 nuper
3193 1677 3492 1738 acceperim.
3539 1675 3792 1726 Pamelius
3826 1676 3921 1725 ait:

2275 1771 2331 1843 Β
2356 1743 2806 1843 «ADesiderantur
2829 1748 2952 1843 ta‘m‘
2976 1744 3064 1795 has
3103 1746 3300 1827 litterae
3330 1747 3629 1843 lapsorum,
3653 1761 3816 1843 ‘quam.
3822 1746 3922 1843 211:?

2354 1815 2422 1866 ad
2471 1828 2610 1879 quas
2661 1816 2974 1879 respondet,
3025 1830 3152 1880 quas
3205 1817 3253 1867 si
3306 1821 3605 1879 exstarent,
3645 1819 3748 1880 jam
3786 1816 3923 1866 libelli

2353 1891 2657 1951 martyrum
2683 1887 2861 1938 forma
2888 1886 3051 1938 nobis
3084 1891 3218 1938 nota
3245 1888 3403 1940 foret.
3433 1904 3462 1936 δ
3493 1889 3608 1939 Imo
3637 1892 3755 1939 nota
3785 1892 3923 1938 estex

2353 1960 2511 2024 epist.
2543 1957 2623 2009 23.

2849 2079 3200 2132 EPISTOLA
3233 2081 3495 2132 XXXIV.

2417 2179 2543 2230 Gaio
2572 2175 2841 2228 Diddensi.
2877 2178 3158 2230 Pamelius
3195 2180 3272 2230 ait
3303 2195 3316 2229 :
3348 2198 3376 2226 ‹‹
3419 2179 3480 2230 Si
3521 2177 3652 2243 quid
3689 2178 3740 2227 in
3778 2189 3826 2226 re
3855 2176 3918 2224 in-

2353 2254 2500 2299 certa
2544 2249 2795 2300 divinare
2839 2248 3004 2310 licet,
3057 2250 3120 2298 ﬁt
3174 2249 3311 2300 mihi
3363 2250 3686 2304 verisimile,
3731 2247 3918 2298 Diddam

2352 2333 2556 2384 pagum
2587 2319 2906 2382 quempiam
2949 2320 3122 2369 fuisse
3165 2321 3223 2369 in
3268 2320 3495 2372 ὀίωοθεὶ
3537 2317 3916 2382 Carthaginensi,

2352 2395 2406 2441 et
2445 2391 2647 2441 Gaium
2702 2390 2855 2440 hunc
2900 2391 3069 2440 fuisse
3115 2391 3266 2440 illius
3311 2392 3423 2442 loci
3475 2391 3840 2456 presbyterum,
3879 2386 3918 2433 id

2353 2465 2435 2512 est
2473 2475 2640 2525 quem
2692 2475 2845 2512 nunc
2895 2475 3160 2512 vocamus
3204 2467 3484 2526 pastorem
3539 2463 3650 2512 sive
3697 2463 3915 2516 curatum,

2350 2535 2519 2600 idque
2559 2536 2688 2599 quia
2735 2533 2952 2585 diaconi
2991 2536 3143 2585 illius
3185 2538 3533 2587 mentionem
3575 2537 3713 2586 facit.
3741 2552 3765 2578 »
3789 2533 3916 2581 Porro

2352 2607 2537 2656 locum
2568 2605 2869 2654 admodum
2909 2605 3210 2656 obscurum
3254 2607 3427 2658 fuisse
3461 2607 3595 2656 hinc
3639 2607 3754 2655 licet
3782 2602 3917 2664 conji~

2350 2690 2492 2735 cere,
2520 2677 2650 2740 quia
2682 2689 2794 2726 non
2829 2676 2960 2727 alibi
2991 2676 3058 2727 de
3085 2691 3150 2728 eo
3173 2680 3417 2728 occurrit
3445 2678 3666 2728 mentio.

2415 2745 2678 2810 O/Terendo
2719 2747 3001 2795 oblationes
3026 2761 3221 2797 eorum.
3257 2749 3532 2812 Rigaltius
3557 2749 3631 2798 ait
3661 2761 3672 2793 :
3698 2764 3723 2792 «
3746 2743 3914 2794 Etenim

2348 2817 2656 2881 presbyteri
2705 2822 2760 2866 et
2805 2817 3050 2876 diaconi,
3092 2820 3482 2883 intempestive
3529 2831 3594 2868 ac
3645 2818 3915 2880 praemature

2349 2902 2477 2938 cum
2529 2888 2699 2950 lapsis
2747 2889 3235 2949 communicando,
3273 2890 3585 2940 oblationes
3628 2901 3814 2945 eorum,
3839 2885 3915 2933 hoc

2347 2964 2432 3008 est
2459 2960 2734 3008 orationes
2783 2963 2839 3008 et
2875 2960 3275 3024 eleemosynas,
3304 2960 3681 3024 paenitentiam
3719 2958 3913 3007 nondum

2346 3030 2517 3094 probe
2566 3032 2966 3094 consignatam,
3005 3034 3207 3082 crudas
3250 3034 3444 3084 adhuc
3491 3033 3832 3096 operationes,
3867 3038 3913 3074 ac

2346 3115 2445 3165 per
2472 3103 2580 3152 hoc
2605 3102 2809 3152 divina:
2833 3105 3106 3166 majestati
3141 3105 3370 3154 minime
3395 3108 3595 3169 gratas,
3626 3102 3912 3163 allegassent.

614 3129 1333 3238 hus‘ﬁerentnconiessores,
1365 3155 1419 3200 et
1456 3150 1805 3211 subdiaconi,
1841 3155 1896 3201 et
1927 3129 2164 3211 diaconi,
2193 3156 2246 3201 et
2267 3129 2320 3204 Ο
2347 3129 3113 3236 ᾕῖξηῖξῖξξηωὲἓξιῒξίξξξαὲἱ
3141 3129 3595 3238 ῖξξξζιξιξξίξωξί
3626 3129 3911 3221 ῖξξὲξξῖξυέξ

612 3223 918 3290 presbyteri
936 3223 963 3271 ?
993 3241 1020 3268 »

675 3297 742 3345 Et
799 3296 988 3343 iterum
1043 3293 1298 3342 Fortasse
1345 3293 1520 3356 magis
1571 3292 1800 3356 probata
1854 3294 2022 3343 altera
2078 3294 2242 3344 lectio

590 3381 743 3431 :quae
773 3366 961 3424 habet,
993 3378 1100 3414 non
1128 3364 1282 3414 semel
1311 3369 1541 3424 tantum,
1571 3366 1658 3414 sed
1689 3371 1735 3414 et
1761 3367 1966 3414 iterum.
1997 3370 2069 3415 At
2092 3379 2240 3427 vero,

615 3439 745 3502 quia
781 3449 978 3499 magna
1021 3446 1146 3497 pars
1183 3434 1370 3483 cultus
1405 3435 1753 3494 idololatrici,
1783 3438 1838 3484 in
1875 3439 2038 3500 justis
2081 3439 2241 3487 fune-

610 3507 806 3558 bribus
829 3511 883 3555 et
907 3507 1062 3555 luctu
1096 3504 1448 3564 versabatur;
1481 3505 1618 3555 nihil
1645 3507 2055 3558 immutandum
2087 3508 2238 3558 duxi.

611 3578 683 3629 Ut
705 3591 900 3628 sensus
928 3576 1114 3634 fuerit,
1136 3575 1232 3638 qui
1257 3576 1388 3624 olim
1411 3575 1557 3626 idola
1583 3577 1804 3628 ﬂetibus
1822 3579 2239 3644 prosequeban-

612 3653 722 3711 tur,
755 3662 906 3698 nunc
927 3649 1152 3710 peccata
1182 3646 1405 3697 tandem
1434 3647 1680 3712 lugeant.

674 3721 780 3770 Sua
805 3723 986 3782 sponte
1022 3717 1241 3781 quaesita
1270 3720 1584 3768 necessitate.
1626 3720 1901 3784 Rigaltius
1926 3722 2000 3772 ait
2028 3737 2040 3770 :
2069 3722 2239 3784 Quae-

610 3791 713 3841 sita
769 3790 1072 3840 necessitas
1127 3801 1241 3839 non
1299 3794 1382 3838 est
1441 3791 1762 3854 necessitas,
1813 3793 1912 3844 sed
1973 3795 2240 3857 quaesitus

611 3863 762 3914 color
788 3867 844 3912 et
871 3864 1172 3926 prmtextus
1203 3861 1567 3925 necessitatis,
1593 3863 1722 3914 ﬁcta
1763 3868 1818 3915 et
1852 3866 2112 3914 simulata
2143 3878 2239 3916 ne-

611 3935 856 3988 cessitas.
885 3951 914 3980 ››

1114 4021 1466 4074 EPISTOLA
1500 4024 1729 4076 XXXII.

672 4126 746 4175 De
799 4121 1095 4188 peregrinis
1149 4124 1416 4187 episcopis.
1476 4125 1738 4189 Rigaltius
1792 4127 1868 4176 ait
1918 4142 1929 4176 :
1983 4143 2013 4176 α
2059 4127 2237 4177 Etiam

608 4195 917 4262 peregrinis
965 4195 1240 4258 episcopis
1297 4194 1568 4246 honorem
1628 4197 1823 4257 habet,
1891 4201 1945 4248 et
1998 4197 2239 4262 collegas

607 4280 740 4318 suos
781 4269 962 4325 vocat,
1008 4269 1064 4315 et
1107 4278 1322 4315 canone
1364 4267 1672 4316 Arelatensi
1718 4281 1841 4329 XIX,
1887 4268 2044 4319 locus
2077 4268 2239 4318 sacri-

607 4337 816 4389 ficandi
863 4335 1042 4385 datur.
1093 4335 1281 4386 Placet
1334 4338 1413 4386 eis
1478 4337 1663 4388 locum
1715 4339 1831 4388 dari
1881 4344 1942 4388 ut
1989 4339 2234 4390 offerant.

606 4408 941 4460 Praeclarum
975 4409 1059 4456 est
1091 4407 1234 4456 Aviti
1261 4407 1596 4458 Viennensis
1622 4409 1691 4460 de
1731 4411 2064 4460 Maximiano
2101 4425 2238 4474 quo-

2345 3243 2604 3294 omnibus
2636 3243 2898 3294 fratribus
2926 3245 3228 3308 legationes
3257 3245 3702 3310 deprecationum
3734 3251 3911 3291 suarum

2343 3315 2728 3381 injungebant,
2767 3321 2832 3366 ut
2877 3317 2954 3367 ait
3005 3317 3330 3367 Tertullian.
3380 3318 3480 3368 lib.
3533 3317 3598 3367 de
3631 3316 3858 3366 Penitent.
3889 3327 3909 3353 ι

2343 3387 2648 3437 Videantur
2674 3399 2802 3450 quae
2841 3387 2986 3438 dicta
3031 3389 3088 3437 in
3131 3389 3279 3438 notis
3324 3388 3396 3438 ad
3435 3388 3594 3452 epist.
3617 3389 3664 3438 5.
3692 3387 3763 3436 De
3794 3381 3909 3432 obla-

2344 3459 2493 3508 tione
2552 3471 2683 3508 vero
2744 3471 2843 3520 pro
2900 3459 3136 3509 mortuis
3189 3473 3317 3523 quae
3377 3459 3658 3510 habentur
3707 3458 3756 3506 in
3801 3453 3908 3523 notis

2342 3527 2411 3577 ad
2449 3529 2604 3592 epist.
2632 3529 2682 3577 2.
2711 3528 2877 3579 Porro
2916 3522 3413 3594 observari’potest
3441 3530 3591 3595 quod
3620 3530 3671 3577 in
3696 3527 3830 3588 epist.
3853 3522 3905 3579 16,

2341 3599 2440 3649 ubi
2487 3599 2692 3663 passim
2736 3601 2793 3649 in
2841 3600 3251 3664 exemplaribus
3310 3601 3553 3666 legitur,
3609 3598 3908 3666 Oﬂ‘ertur‘uo-

2340 3683 2452 3718 men
2509 3682 2724 3731 eorum,
2782 3671 3015 3722 Latinus
3080 3673 3329 3723 Latinius
3373 3664 3685 3736 vlegendum
3731 3664 3905 3721 suadet,

2340 3742 2394 3790 et
2439 3739 2646 3790 codicis
2689 3741 2975 3803 cujusdam
3017 3743 3272 3794 Vaticani
3313 3742 3486 3793 ﬁdem
3520 3741 3758 3807 appellat,
3793 3736 3907 3807 Offer-

2342 3815 2430 3859 tur
2455 3826 2654 3862 nomine
2680 3825 2854 3862 earum
2874 3850 2887 3875 ,
2925 3827 3051 3879 quae
3075 3815 3304 3878 quidem
3337 3815 3506 3866 lectio
3547 3806 3747 3864 videtur
3776 3806 3905 3872 magis

2339 3885 2606 3946 apposita.

2402 3953 2670 4015 Lacrymis
2719 3953 3056 4003 intercedunt.
3093 3953 3323 4006 Obicem
3363 3955 3476 4006 illis
3519 3955 3736 4020 ponunt.
3769 3951 3903 4012 Impe-

2341 4023 2518 4073 diunt.
2552 4023 2845 4086 Quomodo
2867 4024 3074 4075 tribuni
3103 4026 3567 4087 intercesserunt;
3590 4027 3690 4076 hoc
3714 4026 3786 4075 est
3803 4032 3900 4079 rem.

2337 4107 2437 4158 pro
2467 4095 2829 4160 magistratus
2854 4099 3149 4160 potestate,
3173 4097 3600 4161 impediverunt.

2399 4166 2528 4216 Cum
2567 4157 2744 4215 'multi
2795 4157 2981 4217 adhuc.
3029 4157 3278 4230 Quaestio
3319 4169 3444 4220 hac
3487 4182 3598 4219 non
3639 4169 3822 4218 tantum
3852 4157 3898 4211 ad

2339 4234 2754 4298 Philumenum,
2799 4237 3184 4300 Fortunatam,
3219 4244 3277 4290 et
3319 4241 3671 4299 Favorinum,
3711 4236 3896 4301 spectat:

2337 4305 2435 4358 sed
2479 4307 2746 4370 plurimos
2782 4309 2921 4359 alios
2966 4311 3063 4374 qui
3106 4311 3245 4361 forte
3290 4312 3544 4375 graviore
3581 4323 3732 4374 paena
3771 4303 3896 4368 digni.

2338 4378 2617 4488 siqqidem
2644 4393 2736 4430 nec
2764 4381 2932 4430 locum
2955 4395 3105 4430 suum
3133 4382 3211 4430 vel
3247 4395 3361 4432 sero
3399 4380 3724 4446 repetendum
3741 4380 3898 4442 putare

2374 4455 2438 4488 un
2471 4477 2482 4488 .

2374 4455 2482 4489 unt.

781 4479 1458 4570 aﬂuswfﬂf’ﬂﬁgmjfi
1857 4482 2315 4570 β-τ-θξξξφξξθξηι)
2399 4504 2618 4553 Interim
2681 4518 2733 4552 se
2793 4519 2829 4554 α
2893 4503 3142 4554 divisione
3197 4519 3473 4556 mensurna
3535 4508 3722 4554 tantum
3781 4498 3894 4548 conti-

605 4554 764 4616 epist.
823 4553 870 4600 9.
936 4547 1296 4611 Quantalibet
1347 4551 1434 4600 vel
1489 4555 1798 4615 temporum
1857 4552 2233 4615 longitudine,

603 4628 696 4674 vet
722 4622 937 4672 itineris
980 4621 1255 4681 vastitate,
1297 4621 1554 4682 genitalis
1593 4623 1788 4686 patrias
1823 4624 2042 4688 linquat
2076 4623 2236 4673 habi-

606 4695 872 4752 taculum,
923 4692 1248 4754 peregrinus
1295 4692 1557 4742 sacerdos
1605 4693 1714 4744 dici
1749 4708 1863 4744 non
1901 4698 2096 4758 potest,
2138 4693 2236 4743 ubi

605 4765 878 4816 catholica
929 4761 1157 4824 reperiri
1200 4760 1451 4812 Ecclesia
1495 4770 1693 4828 potest.
1742 4765 1866 4826 Quo
1913 4778 2082 4814 sensu
2125 4764 2236 4814 dici

603 4838 771 4886 etiam
819 4835 1039 4898 poterit,
1079 4833 1309 4884 minime
1352 4848 1474 4885 esse
1508 4837 1828 4899 probrosam
1868 4839 2234 4900 nuncupatio-

601 4921 732 4959 nem
796 4903 1058 4969 Episc0pi
1108 4905 1408 4969 peregrini,
1469 4919 1636 4970 quem
1700 4907 1950 4958 Ecclesia
2011 4910 2236 4959 sortitur

601 4976 829 5030 aliunde
886 4988 1054 5039 quam
1107 4987 1173 5024 ex
1219 4977 1437 5038 praprio
1480 4977 1842 5040 presbyterio,
1880 4978 1966 5028 vel
2015 4981 2233 5043 propria

600 5051 792 5116 patria.
850 5065 879 5094 ››
937 5047 1230 5110 Peregrina
1292 5049 1613 5098 communio
1688 5047 1758 5100 de
1823 5063 1932 5113 qua
1989 5063 2232 5102 canones

597 5122 926 5184 loquuntur,
954 5117 1096 5168 adeo
1130 5131 1326 5180 parum
1350 5119 1456 5167 fuit
1486 5118 1811 5178 honoriﬁca,
1835 5125 1898 5170 ut
1922 5122 1978 5171 in
2009 5135 2232 5186 poenam

601 5191 836 5242 cederet.
885 5189 996 5240 Sed
1032 5189 1126 5240 hic
1169 5189 1298 5251 loci,
1341 5202 1504 5239 voces
1538 5190 1667 5251 illm,
1708 5191 1771 5240 de
1805 5193 2104 5256 Percgrinis
2129 5197 2234 5258 epi-

598 5263 788 5325 scopis,
818 5262 957 5312 tales
981 5261 1334 5311 solummodo
1359 5261 1624 5313 denotare
1649 5262 1928 5325 videntur,
1952 5266 2048 5329 qui
2075 5271 2231 5316 extra

601 5335 901 5385 dicacesem
927 5346 1086 5382 suam
1115 5337 1433 5392 versantur;
1466 5335 1680 5385 scilicet
1705 5335 1800 5398 qui
1840 5335 2229 5400 Carthaginem

599 5406 806 5470 negotii
832 5405 1062 5468 alicujus
1087 5416 1274 5468 causa,
1306 5405 1534 5458 fortasse
1561 5407 1940 5471 ecclesiastici,
1971 5411 2230 5460 accessis.

599 5481 740 5530 sem'
1114 5543 1467 5598 EPISTOLA
1498 5547 1720 5599 xxxn.

665 5637 725 5690 Ut
778 5634 1020 5689 Ecclesia
1073 5637 1285 5688 nomine
1339 5637 1542 5689 litteras
1591 5638 1844 5704 facerent.
1890 5641 2070 5694 Voces
2128 5641 2230 5694 has

589 5713 745 5780 prius
791 5709 1153 5836 desideratas,
1193 5709 1420 5764 omnino
1454 5713 1633 5764 textui
1673 5713 1841 5768 insert
1880 5713 2103 5778 debere,
2142 5729 2230 5769 res

589 5797 691 5836 usa
721 5795 898 5836 mone

587 5797 691 5854 ραι
721 5795 898 5840 mone

2335 4577 2504 4622 neunt.
2556 4573 2829 4638 Rigaltius
2883 4576 2959 4624 ait
3011 4590 3023 4624 :
3069 4591 3099 4624 e
3141 4573 3235 4626 Sic
3287 4576 3458 4626 edidit
3509 4574 3768 4626 Pamelius
3805 4578 3895 4620 cum

2336 4648 2498 4717 antea
2539 4644 2812 4708 legeretur
2840 4646 2896 4696 in
2935 4644 3090 4696 libris
3132 4645 3360 4710 quidem
3403 4649 3698 4711 impressis,
3725 4658 3752 4692 a
3789 4639 3894 4717 divi-

2335 4715 2491 4763 sione
2529 4718 3014 4766 mensurnantium
3047 4731 3059 4765 :
3099 4717 3156 4766 in
3201 4719 3593 4781 manuscriptis
3621 4721 3787 4766 autem
3808 4715 3892 4774 qut-

2335 4782 2591 4850 busdam,
2645 4802 2675 4836 a
2718 4788 2926 4839 ditione
2959 4802 2971 4837 :
3011 4789 3067 4838 in
3111 4789 3252 4849 aliis,
3293 4789 3557 4840 editione.
3601 4792 3668 4839 At
3709 4789 3757 4836 in
3797 4792 3893 4831 non-

2333 4857 2502 4908 nullis
2549 4872 2618 4910 ex
2675 4863 2910 4924 utraque
2954 4860 3190 4912 conﬂata
3245 4868 3328 4912 est
3380 4863 3572 4924 tertia,
3619 4872 3768 4924 quam
3808 4863 3890 4904 e558

2333 4927 2568 4978 arbitror
2601 4943 2806 4981 veram.
2856 4932 3078 4982 Interim
3124 4947 3184 4982 se
3230 4946 3262 4982 a
3309 4932 3552 4984 dictione
3597 4935 3889 4982 mansitman-

2333 4999 2473 5049 tium
2514 5003 2857 5052 contineant.
2905 5002 3026 5053 Hoc
3070 5007 3172 5066 est,
3214 5017 3325 5054 non
3361 5003 3551 5055 dicant
3596 5015 3653 5053 se
3693 5007 3890 5051 mensur-

2331 5074 2544 5133 nantes,
2585 5086 2698 5123 non
2746 5073 3056 5124 habeantur
3105 5076 3160 5124 in
3205 5089 3440 5126 numero
3480 5068 3887 5126 mensurnantium

2331 5141 2475 5191 nihil
2517 5144 2738 5207 capiant
2792 5159 2861 5196 ex
2911 5143 3276 5196 divisionibus
3328 5146 3667 5203 mensurnis,
3712 5146 3887 5205 quarum

2331 5211 2429 5262 ﬁet
2477 5216 2684 5265 mentio
2727 5217 2884 5279 epist.
2929 5217 3006 5268 39.
3061 5216 3209 5267 Sane
3256 5217 3483 5268 Pamelii
3525 5217 3811 5279 conjectura
3844 5216 3886 5279 ω

2331 5285 2517 5335 minus
2578 5278 2805 5338 ferenda
2869 5294 2993 5351 est,
3057 5289 3208 5353 quod
3283 5278 3636 5354 apertissime
3683 5278 3886 5358 τθρυειξιι

2330 5359 2572 5409 auctoris
2622 5363 2809 5410 menti.
2848 5361 2987 5411 Nam
3029 5360 3136 5411 hoc
3177 5362 3232 5410 in
3285 5362 3477 5424 primis
3523 5363 3674 5411 cavet
3714 5354 3885 5426 CYPIPQ'

2329 5440 2455 5488 nus,
2491 5443 2561 5481 ne
2596 5431 2729 5495 quid
2779 5433 3009 5484 absente
3052 5446 3112 5484 se
3160 5419 3490 5483 decernatur
3525 5433 3581 5482 in
3617 5439 3764 5480 causa

2328 5502 2574 5563 lumeni,
2629 5501 2956 5565 Fortunati,
3013 5507 3066 5554 et
3121 5501 3414 5564 Favorini,
3467 5501 3564 5552 sed
3611 5498 3884 5572 υι-ἱηιεξηξ

2329 5575 2590 5626 omnibus
2637 5573 2717 5627 ad
2774 5564 2948 5626 suum
2999 5574 3236 5626 reditum
3285 5574 3619 5626 differantur.
3674 5564 3884 5619 Pamelius

2328 5650 2538 5708 contra,
2592 5649 2652 5697 ut
2712 5659 2773 5697 se
2825 5647 3044 5698 interim
3096 5661 3128 5698 a
3169 5646 3441 5698 divisione
3486 5652 3759 5696 mensuras
3798 5639 3883 5708 ωξ·

2327 5722 2447 5770 tum
2507 5702 2844 5771 abstineant.
2900 5717 3216 5784 Cyprianus
3274 5731 3370 5772 eos
3422 5715 3495 5769 ab
3554 5710 3789 5786 Ecclesia

2329 5788 2598 5856 abstinet,
2648 5793 2710 5844 ut
2759 5803 2866 5846 nec
2920 5778 3351 5854 mensurnantes
3412 5789 3525 5844 dici
3572 5786 3709 5844 velit.
3755 5778 3881 5844 Gul"
