4144 6192
252 260 380 313 1221

1567 244 1740 311 seu.
1781 240 1981 311 0on.
2023 250 2236 311 NOT/E.

3466 250 3601 319 i222

251 380 641 469 appellptipnis
687 389 849 461 aque
895 392 959 431 ac
1002 378 1444 469 ξφοιίῑιιιῗηιιὶιιξιῖι⁸
1483 391 1603 469 rara
1643 382 1771 469 εαξη
1826 378 1881 426 in
1905 396 1963 469 Α
1985 381 2181 469 ωειωῶ
2203 376 2447 469 Copsule
2478 375 2595 427 tibi.
2628 378 2723 429 llis
2757 376 2989 469 v‘ocLibu‘s
3018 378 3181 469 amici
3206 385 3281 469 ‘et
3310 384 3607 447 prepinqui

249 453 407 501 libris
436 451 601 501 hodie
648 452 905 514 vestigia.
943 469 970 497 »
1002 450 1349 514 Conjectura
1382 449 1602 511 Rigaltii
1644 449 1883 511 refraga-

253 528 345 571 tur
400 537 514 571 non
558 522 722 571 modo
779 524 944 585 epist.
1010 523 1097 579 37,
1158 522 1252 570 sed
1300 526 1355 570 et
1411 521 1651 583 optimus
1703 520 1881 569 codex

252 594 607 644 Bodleiamus
651 596 877 656 primus,
927 595 1021 656 qui
1052 605 1311 654 expresse
1342 592 1525 652 habet,
1558 606 1590 641 a
1624 592 1883 639 divisione

251 678 554 715 mensurna.
585 666 749 713 Porro
784 678 889 713 nec
915 664 1100 713 locum
1122 662 1287 711 habet
1320 663 1518 711 Latinii
1537 664 1880 724 conjectura,

251 738 351 799 qui
386 736 681 798 legendum
715 734 909 784 suadet
956 734 1226 784 additione
1258 735 1729 790 mensurnantium,
1760 734 1878 781 scil.

251 821 283 854 a
330 805 731 856 consuetudine
786 808 1112 854 caterorum
1166 805 1627 867 presbyterorum.
1666 803 1885 853 Tertul-

252 877 388 927 liani
435 890 553 927 avo
586 892 597 924 :
631 894 659 921 «
707 875 979 926 Modicam
1036 876 1425 937 unusquisque
1474 874 1672 936 stipem
1724 888 1883 922 men-

255 952 411 997 strua
445 947 552 1005 die,
604 946 933 1010 apponebat.
963 962 991 992 »
1045 946 1225 1007 Quam
1276 946 1359 994 sic
1403 945 1693 1002 collatam,
1729 945 1885 1007 depo-

253 1020 414 1069 situm
464 1020 675 1081 pietatis
735 1018 1011 1081 appellat,
1058 1016 1322 1080 Apologet.
1359 1030 1407 1065 c.
1458 1016 1538 1065 39.
1617 1015 1886 1064 Videntur

254 1091 347 1138 isti
408 1090 624 1152 fugitivi
678 1103 930 1139 censura
990 1088 1384 1137 ecclesiastica
1445 1086 1703 1149 subjecti,
1757 1099 1882 1149 qua

257 1160 461 1209 dicitur
494 1161 785 1221 suspensio
816 1173 845 1207 a
908 1158 1197 1208 beneﬁcio.
1234 1157 1343 1206 Sed
1375 1170 1541 1206 causa
1584 1156 1707 1205 hac
1748 1170 1886 1204 cau—

256 1233 369 1279 tius
423 1230 719 1280 videbatur
779 1229 1163 1293 petractanda,
1214 1229 1344 1291 quia
1404 1228 1523 1290 ipse
1571 1226 1883 1291 Cyprianus

258 1302 333 1351 ob
354 1315 633 1351 secessum
654 1315 838 1363 suum,
869 1300 1032 1349 simili
1064 1299 1270 1348 invidia
1300 1298 1666 1361 premebatur.

774 1429 1123 1480 EPISTOLA
1157 1429 1388 1478 XXXV.

330 1527 599 1589 Prospectu
644 1524 943 1574 temeritate.
977 1522 1307 1573 Deliberata.
1357 1522 1580 1572 Terlull.
1638 1522 1695 1571 in
1755 1522 1892 1586 Apo-

264 1595 419 1658 loget.
470 1609 516 1645 c.
577 1595 609 1643 6
675 1609 687 1642 :
746 1612 774 1639 α
840 1594 1015 1642 Etiam
1063 1593 1209 1642 circa
1276 1591 1423 1653 ipsos
1481 1591 1615 1640 deos
1681 1594 1892 1641 vestros

267 1680 397 1730 qua
456 1668 744 1729 prospecte
806 1665 1163 1714 decreverant
1228 1666 1409 1726 patres
1455 1663 1652 1723 vestri,

264 1750 365 1785 vos
391 1735 878 1800 obsequentissimi
908 1733 1228 1783 rescidistis.
1264 1748 1292 1775 »

1724 1661 1892 1710 iidem

332 1772 1422 1868 EJJWFJQQK"mélégiffivimirum
1491 1802 1640 1865 quod
1700 1772 1969 1851 Matth.B

266 1892 429 1939 xvm,
468 1880 545 1939 l7,
573 1878 777 1927 dicitur
807 1891 816 1924 :
853 1877 910 1925 Si
943 1876 1225 1925 Ecclesium
1261 1887 1370 1923 non
1420 1874 1669 1930 audierit,
1694 1875 1765 1923 sit
1800 1874 1893 1924 tibi

267 1951 405 1998 sicut
433 1949 664 1997 ethnicus
697 1953 743 1996 ct
760 1946 1090 2010 publicanus.

332 2020 413 2069 Ad
438 2008 777 2082 indulgentiae
802 2017 1154 2081 privilegium.
1189 2017 1466 2067 Pamelius
1498 2016 1573 2065 ait
1610 2031 1619 2064 :
1660 2033 1688 2059 «
1726 2008 1897 2065 Vides

270 2091 363 2141 hic
389 2090 475 2140 bis
499 2092 780 2149 usitatam,
810 2088 1124 2139 Christiane
1159 2089 1345 2150 lector,
1380 2102 1575 2137 vocem
1607 2087 1897 2149 indulgen-

272 2163 385 2221 tia,
437 2163 496 2210 in
559 2160 752 2210 eadem
820 2173 1042 2222 prorsus
1097 2159 1518 2223 signiﬁcatione,
1570 2172 1678 2221 qua
1743 2172 1899 2207 nunc

273 2233 522 2282 utimur:
558 2230 731 2280 habes
775 2230 1027 2279 eamdem
1074 2243 1239 2293 supra
1286 2230 1369 2278 bis
1421 2230 1709 2292 repetitam
1739 2228 1896 2291 epist.

275 2302 358 2363 20,
388 2306 441 2352 et
468 2302 699 2365 epistola
724 2314 945 2364 quoque
975 2302 1245 2364 sequenti.
1276 2318 1303 2345 ››

770 2426 1120 2477 EPISTOLA
1160 2426 1415 2476 XXXVI.

342 2521 419 2570 Ad
450 2522 743 2583 episcopum
796 2521 911 2570 illos
966 2523 1251 2571 remittunt.
1297 2520 1565 2584 Rigaltius
1601 2520 1677 2568 ait
1716 2534 1727 2566 :
1780 2537 1808 2564 «
1842 2520 1903 2567 In

283 2604 348 2642 eo
378 2604 607 2641 nervum
652 2592 956 2654 disciplina
1000 2593 1226 2654 infringi
1259 2591 1521 2641 censebat
1566 2591 1637 2639 B.
1679 2587 1903 2651 Martyr,

284 2661 433 2724 quod
480 2676 510 2709 a
553 2662 885 2725 martyribus
924 2663 1092 2712 libelli
1154 2666 1588 2724 corrogarentur,
1645 2674 1774 2709 cum
1824 2666 1907 2708 ta-

284 2746 411 2782 men
466 2734 502 2781 ii
546 2746 736 2793 pacem
797 2734 927 2784 dare
977 2738 1337 2797 nonpossent
1382 2731 1479 2782 sed
1502 2732 1571 2781 ad
1620 2735 1908 2795 episc0pos

286 2817 417 2854 suos
446 2817 903 2867 unumquemque
934 2806 1148 2854 mittere
1176 2805 1429 2853 solerent.
1464 2820 1493 2848 »

356 2876 426 2923 Tu
457 2880 630 2923 tamen
664 2874 851 2936 frater.
883 2875 1155 2938 Rigaltius
1192 2876 1268 2923 ait
1301 2890 1311 2921 :
1353 2892 1381 2922 (ι
1415 2874 1658 2923 Fratrem
1708 2875 1911 2922 vocant

290 2947 612 3009 episcopum
642 2945 1010 3009 Carthaginis,
1043 2959 1209 3009 quem
1258 2946 1413 2994 initio
1440 2945 1685 3007 epistola
1708 2944 1910 3006 Papam

290 3022 702 3079 nuncuparunt.
741 3035 767 3061 »

354 3089 601 3137 Novimus
638 3087 1069 3150 Carthagiucnsis
1111 3088 1353 3137 Ecclesia
1400 3086 1569 3150 fidem.
1638 3086 1912 3149 Rigaltius

1984 463 2094 497 non
2120 448 2439 507 Christiani,
2476 462 2700 499 monere
2748 454 2801 499 et
2850 451 3053 500 hortari
3086 452 3339 501 solebant
3395 456 3603 504 amicos

1982 520 2099 567 sive
2131 519 2489 581 propinquos,
2513 533 2581 569 ne
2607 521 2847 582 perirent
2867 523 2986 571 sine
3010 523 3299 573 causa.Sic
3334 524 3412 572 illi
3443 524 3604 574 Chri-

1982 590 2177 637 stiana
2199 590 2443 637 veritatis
2471 594 2526 637 et
2580 590 2892 639 cmlestium
2919 593 3110 654 ignari.
3140 594 3275 643 Nam
3316 594 3607 657 disciplina

1984 660 2210 723 quidem
2233 659 2453 708 vetabat
2500 673 2570 709 ne
2598 662 2721 723 quis
2744 661 2886 710 ultro
2934 675 2993 711 se
3043 662 3276 713 otferret.
3308 665 3427 715 Hoc
3456 667 3607 716 enim

1985 734 2066 779 est
2098 731 2395 793 pracipitis
2415 734 2467 778 et
2498 731 2818 792 parabolani
2853 746 2863 778 :
2901 731 3093 782 eadem
3141 747 3271 784 vero
3318 735 3609 799 disciplina

1985 806 2245 861 cavetur,
2295 814 2366 850 ne
2396 802 2520 864 quis
2557 803 2793 850 animam
2840 816 2999 851 suam
3042 805 3124 854 sic
3179 810 3343 867 amet,
3406 814 3468 857 ut
3510 823 3609 871 pro

1987 872 2193 921 Christi
2249 874 2477 921 nomine
2523 886 2729 936 ponere
2776 887 2896 922 eam
2927 874 3081 923 nolit.
3138 876 3258 939 Ipse
3311 880 3609 941 proconsul

1987 943 2353 1007 Cyprianum,
2405 958 2572 1007 quem
2616 946 2729 1007 jam
2782 946 3179 1008 imperatorum
3245 947 3422 997 edicta
3482 948 3611 998 duci

1980 1018 2281 1079 jusserunt,
2341 1014 2603 1064 hortatur.
2657 1017 2955 1065 Jusserunt
3011 1022 3065 1066 te
3131 1018 3409 1080 principes
3452 1032 3613 1069 cere-

1987 1088 2239 1135 moniari.
2292 1086 2599 1149 Respondit
2633 1088 2742 1135 ille.
2782 1088 2903 1136 Non
2955 1088 3116 1137 facio.
3160 1089 3465 1139 Proconsul
3518 1090 3614 1139 ad-

1986 1159 2193 1220 jecitet
2239 1158 2343 1206 ait:
2385 1156 2629 1207 Consule
2677 1157 2792 1207 tibi.
2843 1158 3210 1221 Augustinus,
3252 1159 3315 1209 de
3366 1158 3615 1210 Passione

1989 1230 2043 1279 S.
2076 1231 2201 1291 Cyp.
2229 1234 2386 1277 mart.
2418 1246 2447 1275 »

2056 1300 2410 1348 Transmeavit
2458 1303 2653 1361 tempus
2702 1298 2987 1347 hibernum.
3046 1298 3388 1350 Crediderim
3441 1301 3617 1351 verio-

1987 1382 2103 1417 rem
2131 1382 2249 1419 esse
2276 1370 2570 1418 lectionem
2608 1384 2774 1432 quam
2825 1369 3049 1432 plurimi
3078 1370 3299 1421 codices
3338 1384 3617 1422 commen-

1990 1440 2141 1499 dant,
2195 1440 2535 1488 trunsmeavit
2581 1439 2874 1488 hibernum.
2935 1440 3025 1489 Sic
3068 1441 3211 1491 Tert.
3254 1442 3375 1491 adv.
3424 1445 3614 1502 Mam,

1989 1510 2025 1558 1.
2055 1522 2072 1558 I
2112 1525 2122 1557 :
2161 1530 2187 1556 «
2217 1508 2389 1559 Totus
2414 1523 2595 1559 annus
2636 1509 3005 1561 hibernum.»
3047 1510 3212 1561 Porro
3260 1512 3329 1562 de
3360 1526 3495 1563 voce
3522 1512 3617 1564 illa

1992 1594 2158 1643 supra
2189 1582 2423 1642 egimus.

2054 1652 2333 1714 Hospitium
2377 1653 2609 1701 carceris
2645 1651 2903 1701 horreum.
2942 1650 3186 1701 Priorius
3224 1654 3298 1702 ait
3353 1668 3364 1700 :
3395 1670 3423 1701 α
3482 1654 3617 1704 Ter-

1996 1722 2281 1779 tullianus,
2345 1721 2505 1784 capit.
2562 1722 2610 1781 2,
2673 1722 2739 1770 ad
2806 1721 3070 1784 Martyres
3143 1723 3339 1773 eodem
3393 1725 3616 1788 eloquio

1994 1792 2219 1842 detonet
2240 1795 2302 1840 ut
2341 1797 2614 1854 martyres
2652 1792 2969 1841 adhortetur
3018 1792 3088 1842 ad
3135 1794 3410 1844 vincenda
3456 1797 3619 1845 etiam

1994 1864 2229 1914 carceris
2293 1862 2636 1923 discrimina,
2684 1863 3031 1925 squalorem,
3064 1867 3383 1928 egestatem.
3409 1864 3619 1916 Custo-

1995 1935 2230 1984 diarium
2270 1938 2456 1983 autem
2483 1938 2645 1984 vocat
2683 1933 2761 1983 ibi
2796 1946 3089 1983 carcerem.
3126 1951 3153 1980 ι)

2059 2006 2139 2055 Ad
2169 2004 2493 2068 complexum
2530 2010 2575 2053 et
2616 2003 2850 2053 osculum
2892 2005 3117 2053 Domini.
3174 2005 3449 2070 Rigaltius
3500 2007 3616 2055 ait:

1998 2092 2026 2124 ‹‹
2061 2075 2145 2125 Ad
2192 2077 2644 2139 propagationem
2682 2076 2925 2124 nominis
2982 2074 3309 2138 Christiani,
3356 2080 3498 2127 inter
3543 2081 3625 2127 tot

2000 2152 2225 2210 tamque
2264 2152 2477 2197 atroces
2514 2148 2961 2210 persecutionum
2999 2147 3285 2210 procellas,
3347 2162 3473 2212 qua
3511 2161 3625 2197 non

2000 2232 2121 2269 raro
2156 2218 2394 2280 plebem,
2435 2222 2598 2281 atque
2632 2219 2795 2268 etiam
2850 2218 2999 2281 plebi
3051 2219 3273 2282 regendi
3303 2221 3627 2283 prapositos

2001 2290 2336 2349 evertebant,
2391 2289 2650 2339 omnibus
2689 2289 2869 2339 modis
2927 2289 3344 2339 allaborandum
3377 2292 3482 2340 fuit
3510 2292 3627 2353 epi-

2003 2376 2191 2424 scopo,
2228 2364 2290 2409 ut
2314 2360 2583 2423 populum
2613 2364 2665 2409 et
2689 2360 2897 2409 clerum
2920 2359 3149 2409 haberet
3179 2362 3395 2411 devota
3414 2361 3627 2411 Christo

2002 2432 2129 2481 ﬁdei
2164 2432 2673 2481 retinentissimum.
2708 2429 2871 2491 Quod
2906 2444 3036 2479 cum
3052 2429 3241 2493 perﬁci
3262 2430 3420 2480 nullo
3450 2432 3628 2494 magis

2006 2503 2237 2553 consilio
2269 2505 2473 2564 posset,
2502 2515 2669 2564 quam
2695 2501 2971 2563 proposita
2993 2501 3403 2550 confessoribus
3428 2501 3631 2551 Christi

2006 2573 2268 2621 felicitate
2322 2572 2767 2635 prasentissima,
2820 2584 3030 2619 moram
3091 2573 3209 2633 ejus
3258 2570 3630 2634 adipiscenda

2006 2644 2254 2703 abrogari
2280 2656 2439 2705 posse
2475 2655 2714 2703 omnem,
2746 2642 2957 2704 placuit
2978 2642 3226 2705 martyrii
3252 2643 3629 2707 prarogativa.

2010 2717 2087 2765 Ne
2115 2716 2250 2764 forte
2274 2714 2426 2763 illius
2464 2713 2775 2763 obtinenda
2814 2727 2941 2776 spes
2979 2714 3035 2762 in
3063 2713 3261 2776 judicii
3292 2715 3409 2763 sive
3442 2726 3633 2763 resur-

2010 2786 2271 2835 rectionis
2302 2790 2519 2847 tempus
2570 2784 2737 2833 dilata
2777 2787 2963 2833 minus
3014 2789 3271 2834 strenuos
3296 2784 3502 2834 milites
3545 2785 3635 2834 fa-

2011 2860 2173 2906 ceret.
2203 2856 2391 2918 Itaque
2439 2858 2707 2917 martyres
2744 2856 2930 2903 statim
2970 2869 3001 2903 a
3039 2856 3344 2904 certamine
3374 2854 3443 2903 ad
3473 2868 3635 2904 coro-

2012 2941 2160 2987 nam,
2208 2926 2316 2975 hoc
2355 2929 2437 2975 est
2501 2924 2569 2973 ad
2613 2925 2835 2974 Domini
2872 2925 3229 2988 complexum
3284 2931 3339 2974 et
3381 2926 3637 2976 osculum

2014 2999 2183 3047 missi.
2218 2998 2428 3046 Interea
2457 3009 2582 3045 vero
2625 2997 2790 3045 etiam
2830 3002 2955 3045 ante
2996 2997 3241 3060 martyrii
3281 3010 3636 3047 consumma-

2015 3070 2222 3119 tionem
2262 3066 2672 3117 confessoribus
2717 3068 2940 3129 optimis
2988 3068 3288 3130 indultum,
3334 3071 3395 3116 ut
3442 3081 3639 3131 pacem

294 3132 370 3209 ait
383 3132 423 3204 ἐ’
440 3132 627 3220 nisi
642 3132 907 3209 “assa
920 3132 1593 3220 'aaan"¢aa;gaea‘s
1641 3132 1913 3206 assae

2020 3141 2182 3203 lapsis
2230 3140 2601 3201 impetrarent,
2634 3152 2801 3201 quam
2848 3152 2960 3187 non
3003 3140 3112 3188 nisi
3156 3152 3253 3202 per
3300 3140 3641 3189 tristissimas

298 3230 548 3281 laudant.
584 3246 614 3276 »

356 3302 418 3349 In
443 3306 488 3349 te
525 3312 622 3363 per
668 3299 953 3364 Epistolam
992 3302 1213 3363 injecta.
1271 3300 1684 3351 Contumeliose
1718 3299 1914 3349 adver-

296 3387 391 3423 sus
420 3372 583 3421 dicta.

360 3442 508 3504 Quod
536 3446 706 3490 autem
756 3443 978 3505 pertinet
1019 3443 1091 3492 ad
1143 3444 1419 3491 Privatum
1472 3440 1915 3493 Lambesitanum.

297 3514 568 3577 Rigaltius
594 3514 667 3562 ait
703 3528 714 3561 :
743 3530 771 3561 «
804 3514 969 3563 Hunc
994 3514 1317 3563 hareticum
1340 3514 1498 3576 epist.
1535 3515 1613 3574 45,
1660 3514 1716 3562 in
1758 3516 1919 3562 Lam-

299 3584 551 3635 besitana
589 3584 806 3634 colonia
841 3584 911 3634 ob
956 3585 1129 3633 multa
1162 3591 1217 3635 et
1269 3585 1457 3649 gravia
1498 3584 1701 3634 delicta
1740 3598 1920 3633 nona—

300 3658 455 3720 ginta
498 3656 880 3719 episcoporum
952 3658 1224 3705 sententia
1272 3655 1704 3705 condemnatum
1751 3654 1921 3702 fuisse

302 3728 466 3777 dicet.
525 3744 551 3773 »
606 3728 865 3777 videatur
920 3727 1144 3777 concilii
1214 3726 1664 3789 Carthaginensis
1726 3724 1923 3773 suifra-

302 3800 458 3863 gium
489 3810 666 3847 Lxxv.

370 3870 487 3918 Rem
542 3867 691 3917 nobis
745 3866 1043 3917 sollicitam.
1102 3868 1183 3917 De
1236 3882 1345 3931 qua
1406 3868 1652 3917 maxime
1704 3866 1926 3916 solliciti

303 3943 572 3997 tenemur,
622 3938 833 3987 unitate
874 3938 1089 3987 scilicet
1134 3938 1426 3999 Ecclesia;
1481 3938 1630 3989 unde
1673 3951 1803 3988 cum
1859 3949 1928 3985 ex

309 4010 676 4061 conciliorum
744 4008 976 4059 decretis
1024 4010 1369 4073 contingeret
1429 4010 1715 4059 haereticos
1776 4021 1922 4057 com-

308 4085 574 4135 munione
624 4083 844 4146 privari,
888 4084 1073 4132 statim
1121 4084 1318 4133 vicina
1362 4083 1628 4134 Ecclesia
1673 4084 1930 4133 certiores

311 4153 699 4205 reddebantur.

378 4226 478 4274 Pro
511 4237 729 4286 corpore
777 4225 934 4273 totius
980 4223 1218 4272 Ecclesiae
1242 4224 1391 4285 cujus
1424 4237 1524 4286 per
1555 4224 1741 4273 varias
1776 4236 1935 4287 quaso

313 4310 416 4362 que
448 4297 751 4359 provincias
807 4293 1038 4343 membra
1066 4294 1266 4357 digesta
1332 4300 1471 4343 sunt.
1508 4294 1781 4357 Rigaltius
1812 4294 1886 4342 ait
1918 4308 1929 4341 :

312 4384 345 4416 «
396 4367 533 4416 Hinc
581 4367 855 4429 pertinent
891 4365 960 4414 ad
1015 4363 1444 4415 sollicitudinem
1493 4362 1756 4427 Cypriani
1808 4377 1935 4427 erga

315 4450 511 4488 omnes
539 4435 821 4487 Ecclesias
864 4440 917 4485 et
977 4437 1045 4485 ad
1099 4450 1274 4485 unum
1331 4435 1490 4483 illum
1534 4438 1933 4499 episcopatum,

2014 3211 2161 3274 longi
2237 3210 2496 3273 temporis
2556 3211 2925 3271 austeritatesi,
2985 3210 3294 3261 secundum
3371 3210 3642 3260 Ecclesia

2016 3281 2360 3343 disciplinam
2406 3292 2627 3342 Sperare
2672 3283 2997 3344 potuissent.
3031 3283 3168 3331 Hac
3205 3281 3373 3345 igitur
3409 3282 3641 3345 epistola

2018 3352 2329 3416 Cyprianus
2394 3351 2739 3413 paratissima
2799 3352 3077 3402 felicitatis
3149 3358 3372 3402 aterna
3439 3352 3643 3417 gaudia

2018 3422 2427 3474 confessoribus
2477 3422 2730 3481 exhibet,
2780 3426 2841 3471 ut
2885 3436 3078 3473 eorum
3121 3424 3377 3486 exemplo
3416 3428 3645 3473 cateros

2020 3494 2088 3543 ad
2126 3494 2371 3556 martyrii
2407 3496 2777 3542 constantiam
2824 3495 3002 3558 erigat
3051 3495 3453 3557 accendatque.
3496 3512 3525 3539 »
3560 3494 3645 3545 De

2021 3562 2211 3613 osculo
2231 3563 2454 3612 Domini
2496 3564 2751 3626 superius
2792 3567 2996 3614 actum.
3052 3566 3343 3627 Negotium
3379 3564 3527 3615 istud
3570 3567 3649 3615 ita

2021 3634 2260 3697 explicat
2311 3634 2598 3697 Rigaltius,
2650 3648 2715 3683 ac
2762 3636 2810 3684 si
2870 3638 3259 3699 episcoporum
3308 3638 3541 3685 consilio
3593 3639 3648 3685 et

2023 3705 2295 3767 artificio,
2329 3706 2604 3768 proposita
2643 3709 2783 3754 esset
2828 3706 3236 3756 confessoribus
3272 3706 3476 3757 Christi
3518 3706 3650 3757 feli-

2024 3778 2161 3827 citas
2196 3778 2635 3840 prasentissima.
2670 3776 3003 3838 Opinionem
3044 3778 3192 3827 hanc
3231 3778 3313 3826 illi
3338 3792 3407 3827 ex
3455 3778 3649 3827 sacriis

2022 3847 2220 3896 litteris
2266 3846 2572 3895 hauserunt
2615 3860 2627 3893 :
2670 3847 2803 3895 Luc.
2833 3859 2997 3908 XXIII,
3055 3848 3135 3905 43,
3184 3846 3424 3910 Philipp.
3476 3860 3512 3908 ι,
3550 3847 3641 3907 23;

2026 3921 2199 3981 Apoc.
2226 3930 2347 3977 xxv,
2374 3919 2451 3978 14,
2479 3922 2535 3966 et
2556 3916 2686 3965 alibi
2707 3921 2929 3979 passim.

2101 3990 2204 4038 Vox
2266 3988 2361 4037 illa
2433 3987 2795 4051 purificatione
2855 3986 3187 4048 confessionis
3255 3987 3506 4051 illustris,
3558 3988 3649 4040 Ri-

2030 4060 2231 4124 galtius
2252 4058 2328 4107 ait
2359 4074 2369 4106 :
2406 4074 2437 4106 si
2474 4058 2819 4108 Christianus
2850 4073 2991 4108 sum.
3026 4058 3407 4109 Tertullianus
3430 4058 3648 4124 Apolog.

2031 4129 2099 4179 ad
2132 4134 2424 4192 tyrannum
2455 4129 2746 4193 prasidem
2788 4145 2799 4177 :
2834 4130 3178 4180 Vociferatur
3207 4130 3372 4180 homo
3409 4146 3419 4180 :
3456 4130 3655 4181 Chris-

2033 4204 2215 4252 tianus
2266 4216 2407 4264 sum,
2464 4202 2613 4267 quod
2670 4203 2840 4252 dicit:
2892 4206 2951 4251 tu
2985 4203 3074 4253 vis
3108 4202 3298 4253 audire
3346 4203 3496 4268 quod
3542 4216 3657 4253 non

2033 4279 2132 4323 est.
2168 4274 2990 4333 Puriﬁcationemconfessionis
3016 4274 3152 4325 dicit
3171 4274 3501 4339 Cyprianus,
3525 4276 3657 4339 quia

2035 4346 2281 4407 martyrii
2346 4345 2654 4408 baptismo,
2717 4347 2834 4394 sive
2913 4345 3133 4396 lavacro
3197 4348 3487 4410 sanguinis
3556 4360 3655 4409 pro

2043 4416 2261 4467 Christo
2292 4418 2399 4465 fusi
2437 4418 2623 4466 omnia
2660 4416 2863 4466 delicta
2892 4422 3213 4481 purgantur.
3271 4418 3479 4469 Vocem
3531 4418 3658 4466 illu«

316 4486 479 4571 cuius
507 4486 717 4572 partem
750 4522 781 4557 a
823 4507 1057 4570 singulis
1081 4507 1356 4570 episcopis
1396 4507 1452 4555 in
1497 4486 1741 4555 solidum
1766 4510 1916 4556 tener

2043 4491 2210 4572 strem
2271 4487 2401 4537 dicit
2424 4487 2963 4572 ,“quemadmodum
3016 4487 3309 4572 Celerinus
3361 4490 3530 4572 epist.
3588 4486 3658 4572 ad

318 4581 417 4642 ait,
440 4579 582 4629 libro
611 4580 676 4629 de
698 4580 905 4629 Unitate
937 4578 1196 4628 Ecclesiae.

785 4698 1137 4750 EPISTOLA
1181 4698 1463 4750 XXXVII.

386 4792 595 4842 Divina
618 4792 1012 4857 dignationibus
1036 4795 1381 4844 hortamenta.
1416 4793 1519 4841 Pro
1559 4791 1681 4840 istis
1702 4790 1949 4853 reposuit

324 4863 598 4926 Rigaltius
625 4869 977 4913 ornamenta:
1019 4864 1118 4915 sed
1165 4878 1293 4915 cum
1342 4863 1485 4912 dicat
1531 4859 1861 4925 Cyprianus,
1890 4874 1949 4910 se

328 4937 386 4984 in
442 4933 667 4987 Celerini
722 4936 1044 4986 sermonibus
1110 4941 1370 4995 martyres
1417 4934 1706 4994 audivisse,
1772 4933 1949 4997 magis

326 5006 397 5056 ad
420 5020 533 5056 rem
576 5006 709 5056 facit
735 5011 796 5056 ut
842 5007 1005 5056 addat
1043 5020 1102 5057 se
1147 5007 1477 5057 hortamenta
1523 5018 1638 5055 cum
1676 5003 1783 5055 illis
1825 5017 1952 5055 sen-

330 5080 446 5127 tire.
479 5092 645 5141 quam
675 5084 1008 5128 ornamenta.

392 5149 601 5198 Precem
666 5163 781 5199 cum
844 5148 1087 5213 pluribus
1140 5148 1390 5212 facimus.
1449 5145 1720 5213 Rigaltius
1800 5146 1877 5197 ait
1939 5159 1950 5194 :

330 5239 359 5268 «
395 5220 717 5271 Orationum
747 5221 1011 5271 sacrificia
1040 5221 1247 5271 ﬂebant
1286 5236 1317 5270 a
1362 5220 1685 5284 presbytero
1732 5221 1829 5282 qui
1856 5232 1954 5281 pro

328 5292 536 5355 populo
592 5291 844 5354 faciebat,
890 5291 997 5342 hoc
1040 5296 1147 5354 est,
1200 5293 1389 5355 populi
1440 5303 1631 5355 preces
1686 5290 1955 5354 allegabat

329 5366 466 5415 Deo.
504 5382 531 5409 »
567 5363 801 5413 Perinde
843 5369 927 5413 est
970 5378 1034 5413 ac
1063 5364 1109 5412 si
1158 5364 1407 5427 dixisset,
1459 5364 1630 5413 Prece
1686 5361 1956 5412 Ecclesia

333 5434 574 5499 publica,
599 5439 651 5484 et
677 5440 863 5485 nostra
893 5437 1128 5498 privata.

398 5507 806 5569 Spirantesjam
834 5507 943 5557 sola
981 5506 1231 5557 caelestia.
1292 5504 1560 5570 Eigaltius
1617 5507 1693 5554 ait
1750 5520 1761 5553 :
1807 5503 1959 5555 Libro

337 5577 399 5628 de
430 5578 765 5629 Mortalitate
798 5593 808 5627 :
842 5595 870 5625 ‹‹
904 5579 1122 5629 Positus
1147 5578 1205 5627 in
1240 5578 1565 5629 coelestibus
1599 5577 1794 5628 castris
1820 5574 1960 5625 divi-

337 5664 409 5700 na
428 5650 541 5713 jam
566 5648 750 5712 spirat.
786 5664 815 5696 ››

407 5720 653 5783 Quotiens
704 5721 878 5784 rogati
941 5725 998 5771 ut
1056 5720 1119 5771 de
1175 5732 1385 5771 carcere
1448 5717 1719 5769 recedatis.
1778 5716 1963 5782 Rigal-

340 5793 453 5848 tius
496 5792 571 5844 ait
610 5807 621 5845 :
679 5809 708 5839 «
753 5791 1005 5859 Rogandi
1052 5791 1289 5845 formula
1325 5792 1458 5855 fuit,
1513 5788 1685 5843 Serva
1722 5790 1963 5842 animam

2042 4559 2369 4621 Lucianum,
2417 4558 2567 4619 dicit,
2622 4558 2873 4608 ﬂoridam
2921 4559 3359 4610 confessionem.
3414 4560 3535 4611 Hoc
3578 4561 3662 4608 est

2044 4641 2397 4693 purpuream,
2425 4630 2799 4692 sanguineam.
2830 4648 2859 4676 »

2110 4702 2275 4762 Super
2313 4705 2516 4763 petram
2552 4699 2763 4750 robusta
2803 4699 2936 4750 mole
2985 4699 3206 4763 fundati.
3255 4700 3525 4766 Rigaltius
3545 4702 3665 4752 ait:

2047 4788 2076 4820 α
2112 4771 2204 4821 Sic
2250 4773 2406 4834 epist.
2457 4783 2650 4835 graves
2682 4771 2844 4832 viros,
2904 4774 2958 4821 et
3004 4772 3178 4823 semel
3228 4786 3397 4836 supra
3442 4776 3666 4836 petram

2048 4842 2221 4893 solida
2248 4841 2549 4891 stabilitate
2577 4842 2851 4891 fundatos.
2888 4860 2918 4889 »

2517 5010 2871 5065 EPISTOLA
2905 5010 3213 5062 XXXVIII.

2115 5135 2177 5183 In
2215 5132 2633 5183 ordinationibus
2674 5133 2893 5184 clericis.
2950 5134 3222 5197 Rigaltius
3255 5134 3332 5184 ait
3383 5147 3395 5181 :
3433 5150 3464 5184 α
3512 5131 3676 5187 Οτάίε

2056 5217 2206 5262 nare,
2270 5206 2586 5269 praepositos
2644 5205 2855 5266 facere;
2930 5206 3240 5270 Lampridio
3289 5222 3299 5255 :
3359 5206 3676 5258 Alexander

2058 5276 2297 5327 Severus
2322 5276 2417 5326 ubi
2462 5276 2678 5341 aliquos
2708 5278 2973 5327 voluisset
2994 5278 3081 5326 vel
3114 5281 3352 5328 rectores
3378 5280 3679 5342 provinciis

2059 5347 2207 5409 dare,
2233 5348 2321 5397 vel
2356 5354 2741 5412 procuratores
2778 5353 2873 5399 aut
2918 5350 3213 5400 rationales
3266 5350 3541 5413 ordinare,
3572 5364 3681 5400 no-

2059 5420 2208 5468 mina
2268 5430 2462 5469 eorum
2524 5421 2888 5484 preponebat,
2922 5421 3255 5486 dicebatque
3305 5436 3477 5487 grave
3540 5434 3682 5483 esse,

2061 5504 2190 5540 cum
2250 5490 2307 5539 id
2346 5490 2645 5541 Christiani
2681 5492 2931 5543 facerent
2973 5494 3030 5542 in
3088 5494 3454 5557 praedicandis
3496 5506 3681 5542 sacer-

2061 5562 2303 5685 dotibus;
2312 5565 2406 5627 qui
2424 5564 2716 5616 ordinandi
2740 5570 2885 5630 sunt,
2912 5580 3024 5617 non
3048 5567 3167 5618 fieri
3195 5569 3249 5618 in
3268 5567 3684 5633 provinciarum

2063 5635 2263 5685 rectori
2306 5648 2390 5685 us.
2417 5654 2446 5682 »

2063 5635 2390 5685 rectoribus.
2417 5654 2446 5682 »

2126 5708 2400 5784 Communi
2435 5708 2658 5784 concilio
2695 5710 3014 5775 ponderare,
3058 5709 3326 5784 Rigaltius
3367 5712 3488 5765 ait:
3520 5724 3550 5753 ‹‹
3583 5704 3699 5784 ξηι-

2074 5793 2185 5850 prs.
2219 5779 2381 5849 Quod
2427 5782 2757 5851 jampridem
2810 5783 3097 5840 communi
3155 5782 3399 5843 consilio
3458 5779 3720 5837 omnium
