4144 6192
585 289 720 354 i223

1919 269 2087 337 EDIT.
2129 275 2328 338 OXON.
2366 267 2582 336 NOTAE}.

3762 277 3880 338 4124

588 420 840 470 nostrum
895 412 1150 476 caperet,
1195 403 1525 459 necessitate
1587 407 1852 470 urgente,
1897 406 2206 468 promotum
2231 405 2558 490 Amentum
2593 414 2708 490 quo
2747 401 2940 490 pedes.
2964 395 3405 452 Christianorum
3432 403 3504 490 ‘et
3545 413 3694 490 crura
3720 401 3885 465 alliga-

595 492 827 608 mitiget:
851 553 1118 606 sublimia.
1179 550 1452 616 Rigaltius
1495 548 1571 597 ait
1608 561 1618 594 :
1666 563 1695 595 <<
1726 544 2212 609 Quemadmodum

594 629 813 680 Persius
833 626 987 686 dixit,
1015 623 1238 689 grandia
1273 623 1438 671 verba
1487 620 1736 669 morituri
1767 617 2007 668 Catonis.
2033 616 2214 665 Verba

598 699 887 758 sublimia,
931 709 1056 761 quin
1096 694 1412 745 sublimiter
1455 691 1730 761 Christum
1779 690 2029 761 confessa
2063 691 2212 761 sunt.

595 769 794 832 Qualia
853 756 985 818 sunt
1024 767 1117 816 illa
1161 764 1393 816 Romani
1439 760 1720 824 martyris,
1766 757 1914 823 apud
1971 756 2217 806 Pruden-

597 845 758 891 tium.
795 855 825 888 »

659 913 742 962 Ad
793 910 1052 975 pulpitum
1090 913 1202 971 post
1256 908 1521 956 catastam
1569 903 1764 975 venire.
1811 899 2085 975 Rigaltius
2145 898 2220 947 ait

600 997 612 1032 :
659 1001 687 1028 «
746 971 950 1044 martyr
1002 980 1096 1029 ille
1159 978 1467 1033 Romanus,
1511 973 1711 1044 Audite
1772 972 1982 1030 cuncti,
2035 971 2213 1044 clamo

597 1053 780 1117 longe,
805 1039 1066 1114 praedico,
1126 1050 1316 1097 emitto
1364 1058 1556 1117 vocem
1612 1043 1679 1092 de
1729 1045 1936 1092 catasta
1999 1039 2217 1117 celsior.

600 1109 840 1181 Catasta,
869 1133 1068 1184 pegma
1098 1118 1427 1182 plerumque
1481 1115 1746 1184 ligneum,
1785 1123 1995 1184 vocem
2018 1109 2220 1184 Roma-

599 1207 731 1244 nam
775 1179 914 1252 esse,
942 1179 1018 1239 ait
1068 1179 1444 1246 Casaubonus,
1495 1183 1590 1232 sed
1630 1183 1852 1242 Graecae,
1913 1180 2002 1228 vel
2044 1179 2227 1242 potius

601 1263 805 1314 Siculas
849 1250 1090 1324 originis,
1131 1258 1198 1307 ad
1252 1255 1388 1305 illud
1437 1253 1607 1304 Persii
1646 1266 1731 1324 ne
1765 1250 2227 1324 sitpraastantior

600 1335 766 1393 alter,
797 1322 1152 1394 Cappadocas
1207 1327 1383 1391 rigida
1421 1328 1655 1389 pingues
1685 1322 1956 1386 plausisse
1998 1323 2224 1369 catasta.

608 1403 877 1454 Martialis
944 1401 1095 1458 dixit,
1156 1398 1417 1448 tabulata.
1451 1396 1689 1446 Catastse
1727 1394 1917 1444 ferreae
1966 1395 2234 1454 martyres

600 1473 862 1536 impositi,
893 1469 1008 1519 illic
1032 1473 1187 1518 erant
1217 1467 1506 1530 conspicui
1538 1464 1832 1536 gentilium
1863 1460 2229 1536 multitudini.

604 1534 762 1594 Un‘de
801 1541 1257 1604 gloriosissimum
1307 1539 1412 1586 fuit
1469 1535 1712 1596 Aurelio,
1762 1534 1831 1583 ab
1870 1534 2230 1604 illa_catasta.

604 1614 704 1663 ubi
747 1601 1029 1663 Christum
1081 1610 1380 1660 fortissime
1426 1608 1721 1657 confessus
1765 1607 1898 1664 erat,
1929 1601 1998 1651 ad
2053 1601 2234 1651 consi-

607 1683 799 1734 milem
831 1684 889 1730 in
944 1680 1198 1730 Ecclesia
1242 1677 1560 1728 machinam
1619 1675 1853 1733 venisse,
1889 1676 1952 1720 ut
1998 1673 2055 1720 in
2101 1683 2236 1720 con-

607 1757 804 1818 spectu
867 1752 1100 1800 fratrum
1145 1748 1361 1797 divinas
1423 1747 1689 1818 lectiones
1746 1744 2086 1818 personaret.
2137 1739 2239 1818 Le-

609 1781 804 1818 nycuuu
867 1781 1100 1800 “unum
1145 1781 1361 1797 u-uuua
1423 1781 1689 1796 ιυυιινμνυ
1747 1781 2086 1806 τνιυν----ν--
2137 1781 2213 1790 -ν
2397 1781 2563 1810 "NH",
2615 1781 2642 1809 ,1

609 1829 791 1874 ctores
817 1822 874 1870 in
909 1818 1161 1870 Ecclesia
1209 1828 1392 1866 sacras
1437 1814 1705 1864 lectiones
1743 1813 1814 1861 de
1851 1811 2066 1883 pulpito
2101 1781 2315 1883 reci-B
2341 1819 2520 1883 Supra
2574 1818 2652 1867 ait

609 1894 818 1956 tabant,
853 1893 970 1942 sive
1005 1891 1074 1941 de
1105 1889 1362 1940 ambone.
1391 1887 1538 1936 Hinc
1568 1887 1757 1956 etiam,
1787 1884 1883 1956 illa
1917 1881 2066 1945 apud
2096 1881 2241 1956 Sicri-

606 1953 812 2031 ptores'
843 1965 1058 2015 Eccles.
1087 1961 1381 2021 καθὶσταται,
1422 1960 1478 2031 ἑν-
1505 1957 1692 2031 ᾅμᾷωνι
1737 1955 1784 2002 ἐν
1825 1955 2074 2031 ὀςειτξτηρὶῳ
2107 1953 2240 2016 Epi-

611 2026 753 2088 stola
811 2049 925 2098 seq.
979 2034 1144 2094 dicet,
1167 2034 1223 2082 in
1252 2032 1375 2081 loco
1434 2029 1612 2078 altiori
1671 2026 1935 2077 constitui
1975 2026 2241 2098 gloriosos

608 2108 818 2168 vultus,
851 2095 1240 2156 Cbnfessorum
1295 2101 1524 2161 scilicet,
1558 2098 1743 2148 adhuc
1783 2098 1840 2145 in
1887 2097 2078 2146 ordine
2126 2095 2239 2144 lec-

607 2181 808 2231 torum.
842 2193 874 2226 ›>

676 2253 742 2302 Et
778 2249 1028 2314 quoniam
1091 2259 1293 2309 semper
1345 2242 1600 2307 gaudium
1651 2242 1924 2314 properat.
1970 2237 2240 2314 Rigaltius

616 2324 690 2374 ait
719 2337 730 2370 :
767 2311 800 2368 ᾇ
829 2320 967 2382 Qum
998 2317 1199 2367 dehinc
1224 2318 1578 2378 _sequuntur;
1632 2311 2084 2382 depravatissima
2111 2311 2243 2356 sunt

614 2395 674 2444 in
703 2379 943 2442 editione
985 2387 1230 2437 Pamelii.
1262 2385 1700 2435 Emendavimus
1728 2395 1796 2431 ex
1854 2379 2158 2430 Veronensi
2188 2383 2242 2428 et

619 2461 948 2515 Corbeiensi
976 2475 988 2508 :
1017 2461 1087 2510 Et
1119 2459 1384 2522 quoniam
1416 2467 1635 2518 semper
1679 2452 1946 2518 gaudium
1968 2456 2240 2516 properat,

613 2549 722 2587 nec
741 2537 918 2597 potest
942 2542 1123 2580 moras
1145 2530 1286 2578 ferre
1311 2528 1524 2587 laetitia,
1546 2524 1998 2597 Dominicolegit
2022 2522 2241 2597 interim

616 2593 798 2666 nobis,
832 2603 888 2652 id
913 2610 1017 2662 est,
1069 2600 1389 2662 auspicatus
1431 2601 1515 2647 est
1560 2607 1775 2666 pacem,
1835 2594 1969 2666 dum
2025 2593 2243 2642 dedicat

616 2676 930 2726 lectionem.
964 2673 1101 2722 Haec
1127 2682 1256 2720 vero
1274 2681 1431 2718 mens
1456 2665 1732 2730 Cypriani.
1753 2665 2012 2714 Aurelius
2037 2667 2239 2724 noster,

619 2747 904 2797 ordinatus
939 2757 969 2792 a
1003 2741 1164 2792 nobis
1215 2741 1407 2800 lector,
1451 2750 1656 2786 munus
1701 2735 1839 2784 illud
1877 2749 2042 2784 suum
2097 2734 2243 2797 apud

619 2817 930 2869 Ecclesiam
977 2812 1250 2876 auspicari
1314 2810 1624 2859 debuisset.
1677 2806 1882 2856 Verum
1953 2818 2080 2855 cum
2131 2806 2242 2853 huc

621 2886 897 2951 appulerit
927 2898 959 2933 a
988 2875 1250 2946 martyrio
1304 2885 1415 2929 tam
1465 2878 1702 2942 gloriose
1747 2889 2017 2935 reversus,
2063 2875 2243 2937 excipi

620 2947 750 3009 sane
777 2957 972 3008 debuit
1012 2969 1044 3004 a
1092 2953 1254 3003 nobis
1305 2964 1524 3001 summa
1557 2948 1940 3008 cum,lmtitia.
1995 2947 2057 2995 Et
2107 2959 2243 3009 quo-

619 3031 772 3081 niam
830 3039 1045 3090 semper
1087 3025 1352 3089 gaudium
1403 3025 1815 3090 properat,nec
1847 3021 2028 3082 potest
2063 3030 2244 3066 moras

619 3103 763 3152 ferre
817 3099 1026 3159 laetitia,
1053 3097 1264 3145 interea
1298 3093 1431 3142 dum
1469 3104 1592 3142 sese
1616 3089 1773 3139 vobis
1817 3091 1908 3138 ille
1949 3102 2078 3138 cum
2108 3101 2243 3152 pace

621 3143 1220 3224 Béb’rﬁBﬁiE'sisiét,‘
1249 3163 1544 3213 dominicis
1578 3161 1776 3210 diebus
1815 3159 1906 3210 hic
1959 3143 2128 3222 apud-
2145 3172 2245 3208 nos
2267 3143 2321 3218 C

623 3243 788 3306 leget.
828 3241 948 3290 Hoc
1003 3243 1104 3300 est,
1132 3240 1256 3300 aget
1285 3234 1434 3298 apud
1454 3247 1556 3283 nos
1588 3233 1737 3295 quod
1771 3230 1922 3306 apud
1944 3232 2252 3306 Ecclesiam

624 3304 901 3378 agendum
928 3310 1008 3359 illi
1033 3309 1228 3368 fuerat,
1259 3309 1501 3378 siipace‘
1532 3306 1834 3361 frueretur,
1871 3304 2133 3353 nimirum
2168 3315 2250 3352 se-

627 3375 772 3434 datis
819 3381 1266 3445 persecutionum
1313 3375 1609 3425 furoribus.
1651 3376 1990 3438 Auspicatus
2032 3379 2114 3424 est
2158 3387 2253 3422 au-

623 3461 739 3506 tem
768 3444 1166 3516 optatissimam
1214 3448 1482 3497 Ecclesia:
1525 3459 1719 3509 pacem
1768 3446 1913 3509 apud
1972 3457 2088 3506 nos,
2116 3444 2250 3493 dum

628 3524 776 3589 apud
806 3515 907 3573 nos
931 3535 1095 3572 suum
1125 3519 1262 3570 illud
1289 3519 1563 3568 novitium
1590 3517 1809 3581 legendi
1840 3529 2040 3565 munus
2061 3515 2250 3566 Eccle-

627 3600 725 3650 sine
757 3595 1046 3646 dedicavit.
1083 3607 1113 3638 »

693 3667 802 3717 Cito
853 3664 989 3729 plebi
1038 3676 1145 3712 suae
1201 3665 1247 3710 et
1310 3658 1623 3709 sacerdotem
1674 3658 1862 3708 reddat
1924 3656 2248 3708 incolumem.

628 3738 898 3804 Rigaltius
939 3738 1014 3786 ait
1049 3749 1060 3783 :
1099 3752 1127 3780 «
1166 3733 1251 3784 Me
1292 3731 1526 3804 scilicet
1551 3730 1892 3804 Cyprianum
1930 3732 2250 3804 episcopum

627 3815 683 3862 et
704 3801 1072 3858 'sacerdotem
1139 3809 1408 3854 vestrum.
1475 3801 1721 3852 Modesta
1776 3802 2120 3851 sacerdotem
2192 3814 2252 3850 se

629 3887 848 3932 tantum
906 3880 1208 3941 nuncupat.
1252 3891 1282 3924 »
1312 3875 1397 3924 Ex
1449 3873 1709 3937 Cypriani
1748 3878 1934 3924 autem
1986 3871 2251 3936 loquendi

629 3965 801 4015 more,
832 3949 1090 4002 sacerdos
1118 3952 1204 3997 est
1229 3947 1534 4009 episcopus.

1119 4068 1470 4122 EPISTOLA
1505 4067 1763 4117 XXXIX.

696 4167 1045 4221 Commeatum
1097 4161 1273 4212 dando
1339 4159 1483 4210 bonis
1534 4155 1938 4221 coufessoribus.
1982 4155 2253 4220 Rigaltius

635 4240 743 4289 ait:
771 4253 801 4285 α
835 4235 1216 4286 Commeatum
1253 4232 1614 4296 permanendi
1643 4230 1825 4279 adhuc
1859 4228 2254 4292 aliquantiSper

633 4312 694 4360 in
715 4309 942 4368 saeculo,
985 4310 1045 4354 ut
1069 4317 1234 4366 supra
1261 4308 1488 4367 accepto
1517 4307 1641 4365 post
1670 4301 1898 4364 gloriam
1941 4303 2252 4350 commeatu

635 4381 694 4430 in
722 4379 990 4430 Ecclesia:
1018 4376 1179 4425 laude
1208 4373 1421 4423 ﬂorere.
1464 4373 1549 4422 Ad
1576 4373 1681 4422 hoc
1706 4385 1737 4420 a
1783 4371 2022 4420 Domino
2051 4371 2118 4421 de
2145 4383 2256 4420 me-

637 4452 724 4502 dia
748 4453 924 4500 morte
952 4447 1280 4506 subtractos,
1317 4450 1378 4493 ut
1406 4446 1564 4506 infra,
1589 4444 1693 4492 hac
1723 4443 1878 4506 epist.
1917 4459 1944 4489 ››

2312 474 2474 535 bant;
2513 478 2629 523 erat
2675 475 2863 522 autem
2906 472 3172 537 ligneum,
3229 475 3287 521 et
3336 470 3523 520 multis
3562 471 3887 522 foraminibus

2313 548 2646 608 separatum,
2674 549 2738 594 ut
2776 544 2995 596 facilius
3043 543 3288 593 membra
3329 546 3714 604 torquerentur,
3759 543 3889 591 tanta

2316 616 2528 666 scilicet
2553 617 2607 665 vi
2633 620 2697 664 ut
2751 616 3080 680 plerumque
3126 615 3468 663 luxarentur.
3510 611 3814 661 Plutarchus
3839 613 3890 660 de

2318 690 2422 737 Deo
2442 687 2607 749 Socr.,
2634 687 2754 742 τοὺς·
2773 686 2920 742 πόδας
2943 687 2991 734 ὲν
3035 686 3104 748 τῷ
3137 685 3261 748 ξὸλῳ
3285 682 3537 745 δεδεμένοι,
3558 682 3730 746 alligat
3750 681 3892 744 pedes

2319 773 2374 809 1n
2391 772 2578 809 DBI‘VO.
2611 775 2639 804 »

2383 827 2659 891 Sacri/icta
2703 841 2802 892 pro
2845 829 2916 879 eis
2969 842 3186 893 semper.
3223 826 3492 890 Rigaltius
3531 825 3604 874 ait
3648 838 3658 871 :
3698 822 3894 873 «Graeci

2319 900 2658 964 panegyrica
2713 899 3066 950 celebravere
3124 899 3322 948 honori
3367 897 3619 945 virorum
3671 894 3896 954 fortium;

2323 972 2419 1035 qui
2441 975 2736 1035 tyrannum
2789 971 3143 1032 sustulerant,
3167 973 3264 1018 aut
3306 967 3444 1017 alias
3473 979 3568 1027 pro
3604 965 3758 1028 patria
3799 966 3895 1014 fell.

2323 1045 2458 1093 citer
2485 1045 2882 1105 pugnaverant,
2911 1045 2972 1090 ut
3004 1041 3112 1090 hoc
3169 1039 3430 1101 exemplo
3480 1049 3696 1085 suorum
3721 1036 3895 1085 animos

2325 1113 2396 1163 ad
2439 1113 2704 1175 praeclara
2753 1112 3000 1162 facinora
3065 1112 3353 1174 erigerent.
3428 1106 3713 1158 Christiani
3759 1107 3899 1156 sacris

2327 1184 2714 1234 anniversariis
2773 1182 2966 1233 laudes
3041 1184 3160 1232 Deo
3220 1182 3437 1240 dicunt,
3508 1178 3899 1228 commemoratis

2328 1267 2520 1304 eorum
2561 1253 2883 1302 nominibus
2925 1254 3020 1316 qui
3063 1267 3162 1317 pro
3205 1251 3316 1301 ﬁde
3371 1250 3590 1301 Christo
3621 1247 3742 1297 dicit
3781 1261 3897 1294 mar-

2329 1325 2536 1388 tyrium
2609 1324 2820 1374 fortiter
2879 1324 3158 1374 obierunt.
3221 1322 3354 1372 Vid.
3410 1322 3580 1371 Notas
3652 1317 3715 1367 ad
3770 1318 3899 1380 epist'

2330 1387 2581 1443 Forsitan
2612 1395 2724 1444 huc
2747 1398 3002 1458 spectant
3029 1395 3122 1444 illa
3170 1407 3296 1458 qum
3339 1391 3709 1442 Tertullianus
3749 1387 3899 1448 habet,

2332 1466 2393 1514 de
2427 1469 2638 1518 Corona
2682 1467 2886 1517 militis.

2394 1539 2696 1599 Martyrum
2724 1539 3014 1600 passiones.
3050 1537 3294 1587 Priorius
3333 1536 3414 1585 ait
3470 1549 3481 1582 :
3533 1550 3560 1578 α
3591 1531 3785 1582 Natalia
3823 1543 3903 1579 vo-

2335 1611 2424 1657 cat
2478 1607 2870 1671 Tertullianus,
2937 1608 3084 1658 diem
3131 1608 3394 1658 nimirum
3445 1601 3781 1668 intelligendo
3821 1613 3907 1664 qua

2337 1679 2478 1729 caelo
2501 1677 2616 1727 nati
2661 1682 2809 1727 sunt.
2846 1694 2876 1724 ‹‹

2397 1747 2564 1810 Ipsius
2615 1748 2708 1809 qui
2734 1760 2788 1796 se
2817 1752 3116 1810 persecutus
3156 1746 3350 1808 fuerat.
3414 1745 3648 1795 Decium
3679 1741 3900 1806 intellige.

2697 1832 2708 1865 :
2753 1833 2783 1865 «
2843 1817 2988 1869 Cum
3044 1819 3165 1881 ipso
3211 1816 3582 1868 infestationis
3629 1815 3847 1878 principe
3868 1817 3908 1862 et

2340 1893 2567 1940 auctore
2587 1900 2934 1950 congressus.
2969 1906 2998 1934 »

2403 1963 2626 2011 Luorum
2666 1964 2805 2008 secta
2851 1963 2901 2008 et
2945 1960 3292 2009 conversatio.
3342 1957 3620 2022 Rigaltius
3665 1955 3762 2004 ait:
3791 1972 3815 1999 ex
3841 1953 3906 2002 Ab

2339 2035 2686 2083 antecessore
2742 2031 2861 2080 sive
2920 2034 3262 2094 praeceptore
3313 2031 3553 2080 sectator
3604 2030 3653 2077 et
3704 2027 3849 2084 secta,
3883 2036 3908 2072 a

2341 2103 2566 2152 doctore
2627 2099 2954 2164 discipulus,
3004 2106 3059 2151 et
3108 2101 3406 2164 disciplina
3460 2113 3494 2149 a
3536 2097 3775 2162 magistro
3833 2095 3909 2144 mi-

2340 2174 2514 2224 nister
2537 2175 2591 2222 et
2623 2172 3013 2222 ministerium.
3047 2187 3077 2220 ››

2406 2243 2644 2306 Quadam
2697 2245 3074 2292 resurrectione
3131 2243 3277 2292 circa
3337 2254 3423 2292 eos
3484 2239 3640 2302 facta.
3688 2236 3908 2302 Rigaltius

2340 2315 2414 2364 ait
2457 2329 2467 2362 :
2518 2312 2866 2364 Reviviscere
2941 2313 3202 2362 videntur
3254 2312 3350 2376 qui
3417 2312 3730 2373 resurgunt,
3779 2308 3909 2370 evigi-

2340 2388 2518 2436 lantes
2551 2399 2583 2434 a
2629 2397 2843 2445 somno,
2902 2385 2989 2434 vel
3036 2384 3445 2434 revalescentes
3475 2395 3506 2431 a
3553 2379 3749 2439 morbo,
3793 2391 3909 2440 pris-

2340 2457 2529 2506 sertim
2557 2454 2790 2504 difﬁcili.
2825 2469 2855 2502 »

2405 2525 2701 2574 Divisiones
2736 2536 3061 2574 mensurnas.
3115 2522 3385 2588 Rigaltius
3417 2523 3532 2572 ait:
3582 2539 3610 2566 α
3657 2521 3730 2571 De
3774 2530 3910 2588 quan-

2342 2598 2504 2646 titate
2565 2596 2780 2645 scilicet
2831 2597 3117 2644 communi
3164 2595 3335 2644 totius
3363 2592 3628 2643 Ecclesim
3674 2587 3912 2649 Carthagi-

2342 2668 2533 2716 nensis
2568 2666 2876 2727 erogationi
2923 2665 3254 2715 contributa.
3316 2664 3489 2713 Extra
3541 2661 3678 2710 hanc
3713 2669 3912 2710 commu-

2342 2751 2470 2786 nem
2495 2740 2612 2786 erat
2636 2738 2745 2784 alia
2775 2735 2842 2785 de
2864 2737 3173 2798 quantitate
3199 2733 3404 2798 Cypria
3430 2735 3487 2782 in
3513 2731 3663 2794 epist.
3692 2727 3761 2778 30.
3792 2743 3817 2774 »

2405 2808 2462 2856 In
2520 2805 2670 2856 nullo
2726 2807 2918 2856 minor.
2986 2807 3162 2856 Minor
3227 2810 3392 2863 natu,
3470 2804 3570 2866 qui
3637 2799 3912 2866 vicesimum

2343 2882 2599 2944 quintum
2625 2879 2806 2927 sistatis
2829 2891 3039 2926 annum
3061 2876 3313 2927 nondum
3354 2865 3639 2937 attegerat,
3666 2876 3714 2920 et
3731 2865 3914 2932 proinde

2345 2943 2412 3001 ex
2453 2950 2722 3000 Ecclesiae
2771 2947 3040 3010 moribus,
3067 2948 3238 2998 sacris
3293 2946 3591 2996 ordinibus
3618 2943 3911 3010 immaturus.

2345 3023 2437 3072 Sic
2493 3034 2614 3082 sup.
2663 3021 2816 3081 epist.
2881 3020 2944 3068 38
2996 3007 3175 3068 Minor
3217 3032 3229 3065 :
3280 3017 3335 3066 in
3381 3017 3564 3065 aetatis
3597 3026 3708 3063 suae
3750 3007 3911 3060 indole.

2345 3111 2374 3140 α
2420 3093 2490 3143 Et
2537 3092 2660 3141 haec
2706 3090 2863 3153 epist.
2892 3106 2922 3137 α
2962 3091 3075 3140 Nec
3097 3090 3276 3139 minor
3317 3090 3550 3151 poterat.
3587 3103 3614 3131 »

2901 3194 3256 3247 EPISTOLA
3306 3195 3423 3244 XL.

2412 3289 2549 3339 Nam
2605 3285 2897 3336 admonitos
2949 3297 3044 3334 nos
3093 3288 3139 3333 et
3190 3284 3484 3334 instructos
3538 3279 3710 3330 sciatis
3761 3275 3914 3336 digna-

2352 3364 2496 3412 tione
2525 3359 2726 3409 divina.
2789 3357 3058 3418 Rigaltius
3082 3358 3198 3406 ait:
3236 3371 3265 3403 (κ
3312 3353 3408 3404 Sic
3461 3352 3602 3402 solet
3641 3347 3914 3418 Cyprianufl.

2351 3432 2503 3498 quod
2528 3431 2755 3480 absente
2795 3412 2944 3477 claro
2998 3441 3095 3490 per
3139 3440 3200 3476 se
3249 3428 3369 3489 ipse
3438 3424 3620 3473 facere
3664 3412 3914 3498 ordinando

2351 3486 2659 3559 videbatur,
2700 3499 2770 3548 ad
2823 3499 2925 3548 Dei
2978 3486 3539 3546 monitum—referre.
3589 3493 3768 3554 Itaque
3810 3486 3916 3533 infra

2350 3577 2505 3634 dicit,
2544 3571 2760 3622 interim
2781 3569 2930 3632 quod
2965 3568 3278 3618 ostenditur
3303 3567 3418 3616 ﬁat.
3451 3567 3546 3616 Sic
3575 3560 3787 3626 epistola
3813 3566 3915 3634 prie-

2352 3627 2590 3704 cedenti,
2644 3627 2846 3689 divinae
2911 3639 3244 3704 dignationis
3315 3638 3608 3688 admonitu
3665 3627 3916 3690 suscepisse

2352 3719 2486 3768 dicit
2513 3714 2828 3764 Celerinum
2883 3712 3105 3760 lectoris
3140 3710 3428 3770 ofﬁcium;
3485 3705 3707 3768 epistola
3741 3707 3916 3770 quoque

2351 3767 2431 3848 32,
2508 3786 2858 3849 praecessisse
2928 3783 3338 3832 ordinationem
3413 3767 3644 3830 'Aurelii
3709 3767 3916 3848 suffragia

2352 3841 2556 3908 divina.
2589 3856 2736 3905 llinc
2767 3853 2966 3916 collige
3012 3867 3125 3902 non
3161 3853 3442 3916 profanas,
3497 3849 3596 3898 sed
3645 3855 3808 3895 sacras
3833 3841 3918 3916 iatn

2352 3931 2483 3979 olim
2525 3928 2742 3977 habitas
2799 3908 3179 3975 ordinationes
3239 3908 3591 3981 clericorum,
3640 3929 3742 3966 non
3793 3908 3918 3981 modo

2352 4000 2884 4064 hypodiaconorum,
2947 3995 3329 4057 diaconorum,
3382 3978 3918 4061 presby'terorum,_sed

2352 4055 2411 4123 et
2431 4055 2750 4130 dectorum,
2797 4055 2976 4130 usque
3030 4067 3165 4116 adeo
3215 4071 3276 4116 ut
3318 4055 3457 4115 fere
3509 4067 3660 4125 signa
3697 4055 3918 4130 quaepiam

2353 4145 2620 4195 divinitus
2650 4129 2775 4190 ante
2810 4129 3218 4189 ordinationem
3246 4139 3470 4187 illorum
3515 4129 3918 4192 contingerent.»

2417 4215 2723 4265 Numidicus
2798 4211 3071 4274 Presbyter
3143 4209 3470 4260 ascribatur.
3537 4206 3790 4274 Baronius
3836 4195 3918 4274 ait»

2354 4308 2384 4338 ς(
2426 4285 2766 4336 Nimidicum
2816 4270 2975 4332 nullo
3025 4281 3190 4331 modo
3237 4295 3269 4331 a
3324 4278 3603 4344 Cypriano
3659 4270 3919 4344 ordinatum

2353 4359 2755 4426 presbyterum,
2803 4354 2900 4404 sed
2955 4367 3086 4404 cum
3147 4355 3262 4416 jam
3339 4339 3570 4400 alterius
3647 4339 3910 4426 cujuspiam

2355 4411 2607 4483 ecclesiae
2651 4411 2938 4492 presbyter
2983 4411 3163 4486 esset,
3205 4429 3318 4472 tam
3363 4423 3630 4486 praeclaro
3681 4411 3918 4492 exsatiate

697 4479 724 4502 α
749 4479 924 4500 ωυλιῠ
952 4479 1262 4498 ῠυυυιαυινυ
1321 4479 1378 4493 μυ
1406 4479 1544 4493 Δμιιυ
1589 4479 1693 4492 ιιυιν
1724 4479 1750 4490 υ
1793 4479 1878 4492 ..δυο
1917 4479 1943 4489 ι.
2363 4479 2499 4483 --νίν
2651 4479 2672 4492 ⁸
2818 4479 2839 4490 ⁷
3134 4479 3144 4486 .
3364 4479 3384 4486 _

697 4522 983 4584 Referimue
1008 4520 1077 4568 ad
1131 4531 1239 4569 vos.
1267 4481 1392 4584 ’Quo
1447 4481 1618 4565 sensu
1656 4479 1858 4565 rei‘elrre
1901 4513 1968 4566 ad
2001 4503 2614 4582 senatumDmartyrio
2666 4513 2731 4548 eo
2786 4499 2995 4547 honore
3045 4497 3278 4562 dignum
3345 4486 3836 4584 [existimatumpul
3865 4479 3914 4584 2

2429 4579 2432 4583 .
2567 4575 2575 4581 -
2649 4576 2658 4584 .
2708 4575 2736 4584 ιι
2792 4582 2807 4584 Α
2858 4571 2872 4584 Α
2898 4570 3042 4584 9;-..
3078 4567 3318 4584 IJA-|__:-
3395 4569 3470 4584 --Δ
3521 4562 3771 4584 nni—danai
3835 4565 3862 4584 n
3900 4583 3903 4584 ,

636 4595 852 4646 dicitur.
908 4591 1178 4640 Nimirum
1208 4591 1266 4638 ut
1301 4588 1451 4652 quod
1488 4589 1695 4638 factum
1726 4591 1826 4646 est,
1857 4590 2034 4637 vestro
2063 4585 2257 4634 suifra-

636 4669 725 4732 gio
749 4670 928 4714 ratum
949 4661 1232 4711 habeatur.
1271 4658 1472 4710 Saltem
1513 4658 1696 4722 quoad
1742 4659 1987 4710 muneris
2033 4656 2120 4706 sui
2150 4658 2258 4705 uti-

637 4739 708 4788 lis
733 4737 1057 4787 exercitum.

609 4805 615 4813 '
704 4807 798 4867 Qui
857 4819 969 4855 cum
1027 4806 1322 4854 consentire
1372 4803 1664 4852 dubitaret.
1719 4800 1992 4864 Rigaltius
2049 4800 2176 4848 ait:
2230 4816 2258 4845 »

639 4877 949 4942 Cyprianus
971 4876 1132 4926 exsul
1163 4875 1230 4923 ad
1274 4875 1541 4924 Ecclesiae
1583 4886 1700 4924 suae
1742 4872 2117 4936 presbyteros,
2149 4870 2259 4920 dia-

642 4962 814 5001 conos
843 4952 895 4997 et
921 4947 1139 5009 plebem
1170 4944 1382 5002 scribit,
1425 4956 1484 4992 se
1528 4957 1638 4991 una
1688 4956 1818 4992 cum
1865 4944 1980 4990 suis
2017 4942 2257 5003 collegis,

639 5026 737 5089 qui
773 5029 906 5073 tunc
936 5023 1074 5072 forte
1125 5020 1374 5080 aderant,
1431 5019 1717 5067 ordinasse
1739 5017 2015 5089 lectorem
2058 5014 2260 5065 Celeri-

639 5087 776 5144 num
831 5094 1022 5142 multis
1074 5091 1374 5141 virtutibus
1429 5090 1661 5140 clarum.
1723 5087 1980 5138 Celerino
2023 5100 2125 5149 pro
2154 5099 2262 5135 nio-

639 5166 812 5214 destia
861 5178 927 5214 ac
981 5163 1188 5227 pudore
1227 5175 1330 5212 suo
1375 5174 1580 5209 munus
1622 5158 1869 5209 oblatum
1915 5159 2259 5218 detrectanti,

643 5235 1224 5299 hiesitantique,visam
1250 5236 1306 5284 in
1323 5233 1531 5284 somnis
1545 5232 1868 5291 Ecclesiam,
1888 5243 2010 5293 quae
2025 5229 2264 5292 compelc

642 5307 802 5368 leret,
844 5322 917 5358 ne
969 5309 1182 5356 diutius
1211 5307 1447 5371 obsequi
1476 5305 1753 5368 Cypriano
1777 5305 2033 5352 suadenti
2097 5314 2264 5351 cunc-

643 5381 866 5428 taretur.
923 5381 1016 5428 Ait
1049 5381 1213 5442 igitur
1265 5377 1596 5440 Cyprianus,
1658 5389 1828 5424 suasu
1901 5374 2127 5437 quidem
2162 5385 2264 5421 suo

643 5462 703 5499 se
758 5448 1076 5498 Celerinum
1145 5449 1435 5513 ad0ptasse
1486 5462 1558 5497 an
1640 5447 1873 5506 clerum,
1955 5445 2264 5494 Ecclesium

640 5533 792 5584 vero,
854 5523 1013 5584 cujus
1066 5525 1366 5570 auctoritas
1415 5521 1608 5583 major,
1647 5518 1983 5582 compulisse
2027 5520 2080 5566 et
2138 5527 2264 5564 coe-

641 5594 803 5657 gisse.
851 5591 1102 5644 Notanda
1158 5591 1252 5642 hic
1320 5591 1487 5641 etiam
1546 5596 1598 5640 et
1653 5588 1922 5640 industria
1981 5586 2264 5652 Cypriani,

639 5665 914 5716 visionem
951 5663 1199 5714 efﬁcacia
1223 5665 1332 5711 tam
1372 5664 1620 5712 suaviter
1653 5662 1876 5711 utentis.
1913 5679 1940 5707 »

701 5738 870 5804 Ligati
916 5748 1072 5786 nervo
1123 5733 1295 5800 pedes.
1339 5734 1582 5784 Priorius
1619 5734 1694 5783 ait
1747 5748 1820 5782 :«
1878 5733 2105 5785 Memini
2144 5747 2264 5785 mo-

636 5812 823 5870 nuisse
858 5823 951 5866 me
992 5807 1292 5880 aliquando
1331 5821 1562 5864 nervum
1592 5821 1714 5863 esse
1765 5811 2035 5862 tortorum
2073 5807 2266 5864 instru-

2355 4555 2614 4641 primaria
2647 4575 2814 4620 totius
2843 4570 3048 4641 Africae
3073 4555 3325 4641 Ecclesia
3345 4555 3794 4641 Carthaginiensi,
3834 4561 3919 4641 p13:

2357 4621 2598 4710 gbyterio
2633 4645 2969 4705 fungeretur.
3000 4639 3250 4689 Suadent
3292 4638 3442 4686 enim
3471 4637 3529 4710 id
3556 4621 3658 4683 illa
3678 4621 3920 4710 verba;

2359 4693 2686 4770 Numidicus
2713 4693 3003 4776 presbyter
3039 4711 3346 4760 ascribatur
3368 4706 3800 4776 presbyterorum
3822 4693 3919 4771 Cer-

2359 4773 2788 4852 thaginieusium
2827 4773 3090 4843 numero;
3143 4787 3199 4831 at
3230 4781 3299 4830 de
3326 4794 3470 4832 nova
3516 4773 3835 4852 ordinatione
3863 4776 3921 4852 φῖ

2359 4837 2487 4911 sius
2520 4873 2591 4909 ne
2613 4859 2842 4908 verbum
2868 4837 3114 4919 quidem,
3147 4858 3210 4903 ut
3245 4853 3314 4901 de
3364 4849 3666 4900 lectoribus
3711 4837 3919 4919 ordinan

2360 4945 2536 4997 nuper
2569 4931 2822 4994 pluribus
2872 4913 3068 4977 fecisse
3102 4913 3405 4974 yidemus:
3443 4931 3674 4984 magnus

2361 4973 2692 5055 cerisebatur
2752 5000 2948 5061 honos,
2999 5002 3059 5047 ut
3095 5011 3220 5048 cum
3254 4999 3515 5060 episc0po
3537 4973 3627 5040 "in
3676 4973 3918 5061 cathedffl}

2363 5076 2598 5127 ecclesia
2623 5076 2762 5122 inter
2785 5053 3138 5135 presbyteros
3164 5053 3398 5118 sede-ret.
3439 5053 3765 5135 Dicebantur

2361 5149 2512 5198 modi
2547 5148 2628 5195 sic
2673 5118 2972 5206 auagandi:
3032 5140 3401 5204 incardinari;
3427 5143 3595 5202 atque
3631 5130 3784 5206 etiam
3805 5118 3918 5206 astili

2364 5218 2687 5270 cardinales.
2735 5231 2764 5262 ιο
2783 5199 2923 5265 ’δθᾱ
2962 5199 3027 5262 id
3056 5226 3277 5276 semper
3304 5199 3421 5274 agit
3451 5199 3917 5276 ilt‘ustrissimuerilll'

2364 5291 2564 5342 nalista
2585 5293 2646 5338 ut
2693 5288 2894 5337 veteris
2926 5271 3198 5336 Ecclesia;
3246 5271 3444 5341 mores,
3486 5278 3556 5328 ad
3595 5271 3848 5340 praesentis
3869 5271 3918 5342 si:

2365 5365 2475 5415 culi
2503 5362 2696 5426 praxin
2716 5333 3117 5410 accommodet.
3147 5333 3258 5408 sed
3276 5369 3386 5404 non
3405 5333 3544 5403 adeo
3575 5333 3919 5426 ῐῖΓίῗΨΡίξξῬ-θξξ

2365 5400 2589 5485 credere
2619 5447 2629 5480 :
2659 5431 2930 5482 Ecclesia
2959 5430 3228 5481 Romana:
3257 5400 3626 5492 presbyteros,
3651 5400 3918 5492 ita-allatis?

2365 5507 2618 5558 adscitos.
2642 5509 2701 5554 ut
2738 5505 2940 5553 exinde
2976 5515 3172 5553 omnes
3206 5482 3511 5551 cardinales
3560 5482 3916 5556 appellarentur.

2431 5579 2763 5645 Refocillatus
2789 5592 2822 5627 a
2845 5575 3130 5627 comitibus.
3163 5574 3234 5624 Et
3264 5577 3602 5622 mortuorum
3645 5565 3821 5612 acervo
3855 5558 3919 5598 81‘

2367 5659 2592 5715 tractus,
2616 5656 2666 5702 et
2695 5651 2847 5700 fatali
2873 5649 2970 5697 illo
3001 5659 3166 5696 onere
3192 5646 3408 5696 levatus
3575 5710 3590 5715 Δ
3653 5709 3662 5715 ⁸

2432 5690 2966 5779 ὶῖἑιῖιᾘηῖέὶ“ι⁷ιῖἑ›ἐιἰἓῖ
2985 5690 3269 5785 signa;
3287 5690 3402 5782 is;
3442 5732 3472 5766 α
3495 5709 3726 5774 indicto;
3744 5699 3833 5756 sibi
3852 5690 3916 5746 ad-

2367 5805 2480 5860 hue
2505 5800 2572 5856 ad
2596 5799 2836 5856 Domino
2861 5798 2918 5852 in
2953 5808 3120 5854 came
3153 5797 3478 5852 commeatu.
3503 5810 3534 5844 »
