4144 6192
581 262 725 351 ιὲρλῖΓ

1967 246 2156 356 seu.
2187 288 2381 357 exos.
2419 242 2634 357 Nora.

3769 248 3907 348 se

577 422 869 511 gniﬁcatos
907 433 1029 473 esse
1075 420 1153 511 ait
1199 434 1298 487 per
1337 420 1466 511 illos
1500 422 1750 511 quinque
1776 424 2066 511 jprimorels
2111 424 2209 506 qui
2231 425 2617 511 AVincentiij
2640 418 2985 511 Thibaritani
3020 416 3115 511 ﬁat
3164 417 3389 511 mantia.
3440 433 3469 465 s
3519 415 3893 511 Snp‘ra‘obser-

578 496 997 557 magistratuum
1036 494 1305 543 adversus
1338 493 1684 545 Christianos
1734 495 1915 545 edicto
1955 496 2211 546 subscri-

577 570 818 630 pserant,
859 578 923 615 ac
968 565 1200 629 proinde
1244 567 1495 630 quinque
1533 567 1658 616 illos
1699 567 2051 631 presbyteros
2098 581 2210 617 non

579 639 793 686 minore
832 635 1028 699 dignos
1076 637 1223 698 odio,
1251 651 1418 702 quam
1472 638 1597 689 illos
1642 639 1892 703 quinque
1943 639 2213 702 primores

577 707 980 771 persecutionis
1008 708 1271 758 fautores.
1300 722 1331 755 ››

1198 845 1335 883 ANN.
1372 843 1581 884 DCCLXI.

1125 933 1478 987 EPISTOLA
1510 936 1647 986 LIV.

644 1023 947 1087 Cyprianus
990 1024 1241 1073 Maximo.
1296 1024 1543 1088 Epistola
1591 1024 1714 1075 hac
1761 1024 2012 1075 ordinem
2060 1024 2215 1076 ducit

580 1096 723 1145 inter
745 1108 839 1145 eas
880 1107 1006 1158 qua
1036 1108 1181 1144 anno
1222 1094 1321 1145 Ch.
1359 1096 1453 1145 253
1482 1095 1889 1158 scribebantur,
1915 1102 1971 1147 et
1996 1096 2215 1147 videtur

580 1166 685 1216 sub
712 1165 895 1228 ipsum
928 1166 1059 1215 anni
1089 1166 1427 1230 principium
1454 1168 1640 1215 missa.

649 1239 819 1286 Unam
854 1250 959 1287 esse
983 1237 1283 1287 Ecclesium.
1315 1239 1436 1287 Hoc
1478 1240 1628 1288 enim
1669 1238 1725 1287 in
1770 1236 1901 1289 ﬁdei
1947 1238 2213 1303 Symbolo

577 1309 899 1374 proﬁtemur
923 1307 1057 1356 dum
1085 1307 1326 1357 dicimus
1354 1319 1547 1359 caeno
1578 1319 1908 1360 sccassum
1935 1320 2213 1361 annou-

576 1393 717 1432 CAM.
747 1381 818 1431 Et
841 1379 913 1430 ob
942 1379 1086 1429 hanc
1112 1392 1336 1429 causam
1368 1380 1579 1429 Nicani
1612 1380 1801 1429 Patres
1832 1380 2052 1430 disertis
2085 1394 2214 1431 ver-

580 1452 669 1503 bis
702 1454 886 1501 aiunt:
912 1461 1102 1501 (ΖΒΕΟο
1128 1464 1295 1501 UNAM
1318 1461 1695 1502 CATHOLICAM
1710 1464 1785 1501 ET
1806 1464 2214 1503 APOSTOLICAM

580 1534 925 1573 ECCLESIAM.

644 1595 927 1656 Postquam
972 1605 1063 1642 vos
1115 1592 1178 1641 de
1225 1605 1439 1643 carcere
1496 1593 1808 1657 prodeuntes
1853 1593 2215 1644 schimaticus

578 1672 626 1717 et
665 1666 935 1715 haereticus
984 1677 1137 1713 error
1189 1666 1403 1727 excepit.
1452 1665 1722 1729 Rigaltius
1789 1666 1859 1714 ait
1936 1680 1947 1713 :
1994 1683 2023 1711 α
2076 1665 2215 1716 Hac

580 1735 749 1787 verba
798 1736 933 1785 satis
973 1738 1211 1799 arguunt
1252 1749 1453 1785 vanam
1502 1750 1625 1786 esse
1672 1737 1898 1786 Pamelii
1947 1736 2216 1787 observa-

580 1804 1178 1882 tionem,_Cy_prianum
1214 1806 1308 1882 hic
1334 1812 1389 1856 et
1406 1807 1542 1882 aliis
1563 1806 1887 1882 hujusmodi
1918 1807 2080 1882 locis,
2100 1821 2217 1882 non
2236 1810 2294 1882 B

585 1889 708 1927 esse
750 1876 1178 1939 intelligendum
1226 1877 1295 1927 de
1343 1878 1718 1929 schismaticis
1774 1882 1871 1928 aut
1920 1878 2217 1939 hareticis,

582 1948 681 1997 sed
722 1948 791 1997 de
826 1948 949 1997 aliis
986 1948 1253 2011 improbis
1293 1949 1617 1999 hominibus
1668 1950 1738 2000 Et
1784 1962 1911 2012 qua
1942 1950 2011 1999 de
2059 1951 2219 2000 libris

585 2020 882 2083 Augustini
930 2020 1207 2069 Pamelius
1252 2021 1504 2083 adducit,
1548 2022 1657 2070 hoc
1700 2024 1919 2071 tantum
1963 2020 2216 2083 probant,

582 2090 992 2139 sanctissimum
1038 2089 1341 2150 doctorem,
1382 2105 1478 2154 pro
1518 2092 1686 2141 variis
1729 2105 2022 2141 causarum
2066 2091 2219 2155 ﬁgu-

582 2162 657 2210 ris
686 2160 903 2210 diversa
934 2174 964 2208 a
1004 2159 1282 2223 Cypriaao
1316 2164 1557 2212 sensisse
1598 2163 1665 2213 de
1705 2162 2003 2226 puniendis
2031 2162 2219 2212 hare—

581 2233 724 2282 ticis.
756 2248 783 2278 ››
830 2231 959 2280 Loci
1004 2231 1173 2294 hujus
1210 2233 1463 2282 meminit
1507 2236 1571 2283 D.
1620 2236 1854 2298 August.
1882 2233 1917 2282 l.
1951 2247 2006 2294 II,
2036 2238 2219 2283 contra

582 2305 748 2353 Cresc.
787 2304 1101 2362 Grammat.,
1130 2316 1178 2352 c.
1207 2302 1271 2352 3t
1299 2306 1352 2352 et
1385 2304 1464 2352 37.
1501 2304 1572 2353 Et
1609 2304 1784 2367 Epist.
1825 2304 1939 2365 256,
1979 2304 2052 2353 ad
2102 2305 2221 2353 Μα-

580 2373 816 2423 crobium
864 2374 1218 2423 Donatistam.
1258 2373 1574 2424 Adducitur
1614 2377 1781 2425 etiam
1811 2374 1903 2425 hic
1948 2373 2109 2425 locus
2160 2375 2217 2424 in

582 2444 781 2495 Collat.
810 2442 1065 2505 Carthag.

653 2517 791 2564 Vasa
844 2513 1030 2577 ﬁctilia
1085 2513 1416 2578 confringere
1465 2516 1566 2566 soli
1620 2515 1726 2579 ﬁlio
1778 2530 2073 2567 concessum
2125 2521 2217 2566 est.

586 2586 854 2649 Rigaltius
884 2587 977 2644 ait,
1001 2603 1029 2629 «
1061 2586 1200 2635 Mox
1232 2586 1367 2636 dicit
1394 2602 1405 2635 :
1438 2587 1552 2637 Nec
1577 2590 1875 2651 quisquam
1910 2589 2034 2651 sibi,
2066 2587 2218 2652 quod

586 2658 690 2707 soli
724 2656 839 2705 ﬁlio
863 2659 1019 2719 pater
1054 2656 1265 2719 tribuit,
1301 2657 1591 2708 vindicare
1609 2662 1802 2722 potest.
1829 2677 1858 2705 »

644 2727 831 2776 Palam
863 2726 1007 2788 ferre
1047 2740 1117 2777 se.
1151 2727 1281 2776 Pala
1328 2731 1413 2777 est
1459 2730 1893 2780 instrumentum
1935 2730 2209 2779 rusticum

577 2799 753 2849 latum
815 2801 871 2848 et
921 2797 1331 2861 aliquantulum
1394 2812 1616 2855 cavum.
1687 2801 1757 2851 de
1814 2814 1926 2866 quo
1982 2801 2215 2862 Plinius,

582 2872 618 2921 l.
668 2884 831 2931 xvm,
875 2883 924 2920 c.
954 2872 1032 2919 6:
1089 2886 1117 2915 ‹‹
1156 2870 1437 2919 Juncosus
1484 2885 1615 2934 ager
1666 2873 1806 2921 verti
1858 2872 1981 2936 pala
2034 2872 2216 2933 debet,

584 2956 649 2993 ac
674 2954 905 2992 saxosus
943 2940 1282 2997 bidentibus.
1314 2960 1343 2987 ››
1378 2942 1500 2992 Hoc
1531 2944 1963 2994 instrumentum
1992 2941 2219 2992 adhibi-

586 3016 705 3063 tum
753 3013 821 3063 ad
863 3013 1203 3062 frumentum
1252 3013 1646 3077 purgandum:
1693 3028 1758 3065 ac
1800 3027 1981 3064 errare
2024 3013 2218 3064 viden-

585 3090 675 3134 tur
722 3086 818 3148 qui
858 3084 1231 3133 ventilabrum
1279 3097 1399 3133 esse
1447 3088 1658 3148 putant.
1706 3085 1980 3150 Propheta
2026 3085 2216 3147 Isaias,

590 3170 722 3251 cap‘.‘
743 3167 891 3251 xxi,
928 3168 1067 3204 vers.
1100 3155 1180 3214 24,
1208 3156 1266 3204 in
1298 3159 1453 3205 textu
1492 3156 1752 3220 Hebrao,
1790 3157 1973 3221 palam
2007 3170 2038 3205 a
2082 3170 2215 3205 ven-
2236 3176 2291 3251 C

590 3228 681 3251 ιιι,-
730 3241 785 3251 ..Α
880 3227 1124 3251 ἔηθῧηιιηςῖο
1203 3230 1251 3251 nl
1310 3231 1547 3251 ςεΙκΛι-...Α
1605 3229 1940 3251 1⁸........Α.-ιιη.-.
1995 3228 2211 3251 ν...-.ι-η-3

588 3227 787 3277 tilabro
839 3226 1146 3289 distinguit,
1201 3230 1257 3276 et
1310 3231 1549 3290 utroque
1605 3229 1943 3279 frumentum
1995 3228 2215 3291 purgari

591 3298 753 3347 docet
784 3311 795 3344 :
822 3300 1059 3352 ΠἾΤῚΟΣΠ
1092 3302 1254 3351 no‘t'tJ
1284 3301 1391 3352 rm
1420 3297 1543 3360 pala
1589 3299 1643 3345 et
1680 3296 1988 3346 ventilabro
2031 3297 2217 3346 venti-

584 3370 778 3418 latum.
831 3369 896 3417 D.
944 3368 1288 3430 Augustinus
1330 3369 1387 3417 in
1438 3367 1686 3429 Epistola
1734 3380 1836 3417 sua
1890 3365 1964 3415 ad
2008 3368 2215 3416 Macro-

584 3438 744 3499 bium,
768 3439 951 3487 locum
990 3438 1071 3487 sic
1110 3438 1278 3500 legit:
1309 3454 1338 3485 ‹‹
1380 3437 1449 3488 Ut
1487 3450 1547 3487 se
1581 3440 1738 3499 putat
1780 3440 1876 3487 aut
1910 3436 1980 3486 ad
2031 3450 2216 3487 aream

586 3509 963 3561 ventilandam
1006 3511 1060 3558 et
1099 3508 1461 3571 purgandum,
1513 3508 1697 3571 palam
1747 3511 1803 3560 et
1847 3507 2216 3559 ventilabrum

585 3582 753 3633 etiam
778 3580 919 3631 ferre
949 3591 1130 3643 posse.
1151 3596 1180 3625 »

1128 3704 1482 3757 EPISTOLA
1515 3704 1651 3755 LVI.

647 3806 892 3873 Capsensi
946 3804 1173 3855 ciuitate.
1234 3804 1375 3855 Urbs
1446 3808 1530 3854 est
1588 3804 1913 3867 Byzacena,
1967 3806 2037 3857 de
2106 3820 2217 3870 qua

585 3880 794 3931 mentio
825 3879 880 3927 in
910 3876 1174 3940 suffragio
1202 3876 1266 3927 69
1310 3876 1533 3927 concilii
1577 3874 2071 3942 Carthaginiensis.
2111 3878 2219 3930 Hic

586 3950 831 4002 thesauri
856 3948 1148 4012 Jugurtha
1183 3952 1341 3998 erant
1369 3946 1660 3997 reconditi.

653 4020 963 4071 Violentiam
1016 4019 1376 4080 magistratus.
1426 4017 1577 4067 Alibi
1624 4016 1975 4067 observatum
2029 4018 2213 4069 Decia-

584 4105 717 4143 nam
772 4089 1221 4155 persecutionem
1294 4089 1472 4152 primo
1542 4093 1755 4138 motam
1834 4102 1865 4138 a
1928 4090 2217 4140 civitatum

584 4164 910 4227 magistratu
940 4164 995 4210 et
1020 4160 1275 4223 populari
1312 4159 1610 4221 tumultu;
1652 4158 1781 4209 dein
1828 4162 2217 4224 proconsulem

586 4233 951 4298 quastionem
982 4232 1291 4295 graviorem
1316 4232 1650 4281 exercuisse.

648 4306 767 4354 Non
794 4300 1081 4363 voluntate,
1116 4302 1209 4351 sed
1242 4303 1550 4352 necessitate
1592 4308 1904 4366 susceptum.
1949 4302 2218 4365 Rigaltius

586 4376 663 4425 ait
691 4389 702 4421 :
735 4391 763 4419 «
790 4373 1117 4423 Necessitati
1148 4374 1387 4436 imputat
1415 4374 1528 4423 vim
1554 4377 1976 4436 tormentorum,
1996 4374 2218 4438 longam

581 4447 928 4498 iterationem
954 4445 1325 4495 cruciatuum.
1356 4461 1385 4491 »

647 4520 749 4568 Per
771 4517 865 4567 hoc
894 4517 1193 4565 triennium.
1220 4516 1385 4579 Quod
1430 4518 1642 4581 justum
1694 4518 2036 4582 panitentia
2070 4521 2219 4569 tem-

584 4605 690 4656 pus
710 4590 962 4654 proxime
996 4589 1265 4652 attingere
1291 4588 1527 4639 videtur.

649 4664 844 4714 Nomen
892 4659 1147 4723 confessos
1201 4672 1322 4709 esse.
1386 4660 1656 4725 Rigaltius
1707 4662 1800 4723 ait,
1857 4678 1885 4707 «
1943 4661 2066 4712 Hoc
2118 4665 2220 4720 est,

582 4734 766 4799 palam
819 4736 875 4782 et
922 4731 1136 4796 liquido
1188 4733 1599 4795 pronuntiasse,
1654 4730 1955 4783 Christiani
2006 4746 2217 4782 sumus.

586 4806 681 4856 Sic
724 4804 973 4867 Epistola
1024 4802 1264 4866 praced.
1315 4803 1498 4854 Occisi
1540 4817 1639 4867 pro
1686 4805 1913 4854 nomine
1962 4803 2223 4854 videlicet

586 4875 835 4927 Christi:
882 4878 1202 4925 constanter
1246 4874 1618 4925 vociferantes
1665 4887 1726 4925 se
1777 4887 1899 4924 esse
1942 4873 2221 4925 Christia-

583 4960 703 4998 ηοξ.
740 4964 770 4992 >>

645 5020 748 5069 Nec
775 5016 928 5082 prius
950 5028 1140 5081 pugna
1167 5014 1409 5078 defuisse.
1439 5015 1714 5079 Rigaltius
1736 5017 1827 5077 ait,
1854 5034 1884 5062 «
1908 5017 2086 5080 Prius,
2110 5016 2220 5068 hoc

584 5095 683 5153 est,
716 5094 1014 5153 antequam
1044 5101 1270 5139 carnem
1296 5091 1572 5138 tormenta
1605 5087 1945 5151 fatigassent.
1968 5107 1997 5136 ιο

642 5161 725 5210 Ad
762 5175 843 5209 me
884 5160 1059 5210 venire
1106 5160 1372 5223 caperint.
1417 5159 1511 5209 Bis
1561 5161 1859 5223 quotannis
1900 5164 2058 5211 stata
2110 5159 2219 5210 ha-

583 5232 862 5284 bebantur
886 5231 1089 5294 synodi
1121 5245 1135 5291 ;
1162 5235 1287 5295 post
1318 5230 1537 5280 Pascha
1571 5235 1626 5281 et
1655 5234 1901 5295 tempore
1927 5232 2178 5281 autumni
2202 5245 2215 5279 :

583 5316 712 5369 qua
742 5316 811 5353 ex
852 5303 980 5353 data
1017 5305 1313 5353 occasione
1357 5306 1673 5366 protracta,
1722 5306 1819 5352 aut
1867 5303 2217 5366 frequentius

578 5374 803 5427 habita.

618 5475 623 5480 ‘
1103 5462 1458 5516 EPISTOLA
1492 5462 1679 5514 LVIII.

640 5563 791 5616 Plebi
860 5561 1079 5613 Thibari
1135 5564 1455 5613 consistenti.
1514 5562 1748 5614 Videtur
1817 5562 1950 5615 urbs
2016 5562 2213 5629 Zeugi-

580 5643 744 5691 tana.
796 5634 1075 5688 Pamelius
1113 5636 1235 5684 ait:
1278 5652 1307 5679 «
1346 5634 1488 5685 Cum
1534 5634 1709 5685 soleat
1751 5634 1819 5684 ad
1860 5636 2096 5698 majores
2137 5635 2215 5686 ci-

574 5712 776 5762 vitates
827 5706 1081 5759 scribens
1144 5711 1262 5756 tum
1316 5706 1464 5757 clero
1522 5710 1641 5757 tum
1702 5706 1851 5770 plebi
1904 5705 2210 5757 inscribere

572 5782 883 5848 epistolam,
914 5778 1119 5830 mirum
1159 5782 1246 5830 est
1288 5778 1437 5843 quod
1476 5779 1579 5831 soli
1625 5778 1775 5843 plebi
1823 5777 1971 5829 hanc
1998 5779 2213 5843 episto—

588 5866 677 5905 am
711 5854 940 5917 scribat,
969 5851 1281 5923 prasertim
1311 5864 1443 5904 cum
1488 5850 1636 5904 inter
1668 5850 1957 5915 episcopos
2003 5849 2207 5904 Africa

2312 502 2503 547 vatum
2555 495 2623 545 ad
2683 493 2987 558 Epistolam
3043 491 3115 541 ad
3166 490 3465 543 Carnclium
3516 488 3582 538 de
3629 488 3896 553 Polycarpo

2311 568 2695 627 Adrumetino,
2726 565 2997 615 omissum
3036 562 3284 626 episcopi
3318 573 3521 611 nomen
3564 558 3754 609 indicio
3793 574 3895 611 esse

2312 639 2621 689 Ecclesiam
2655 636 2970 701 scriptionis
2998 638 3246 697 tempore
3290 634 3549 696 episcopo
3587 644 3771 681 carere.
3797 632 3899 682 Hoc

2313 724 2443 761 vero
2470 709 2691 771 inloco,
2720 709 3015 771 episcopus
3040 710 3096 755 et
3129 704 3291 769 plebs
3327 704 3494 753 simul
3520 702 3763 766 prateriti
3793 702 3895 753 ideo

2312 782 2592 842 videntur,
2627 778 2777 844 quod
2808 776 2988 841 plebis
3030 774 3417 825 Thiburitana
3463 772 3735 823 desideriis
3769 774 3896 835 prius

2312 853 2383 903 ad
2415 852 2778 915 Cyprianum,
2803 852 2898 899 aut
2930 847 3125 897 litteris
3153 850 3250 896 aut
3274 845 3481 915 nuntio
3525 844 3717 906 sapius
3748 846 3895 891 trans-

2313 914 2518 985 missis,
2550 933 2880 986 responsum
2919 919 3015 969 hic
3064 916 3344 968 reddatur.
3377 914 3488 967 Sed
3516 926 3600 965 res
3639 926 3767 986 nova
3803 925 3895 961 non

2313 998 2413 1057 est,
2443 999 2506 1043 ut
2536 984 2848 1057 Cyprianus
2893 989 3044 1054 plebi
3086 989 3319 1040 seorsim
3361 1002 3394 1038 a
3440 986 3586 1037 clero
3636 984 3891 1045 scriberet;

2313 1064 2371 1115 id
2396 1066 2545 1115 enim
2571 1077 2758 1129 supra,
2788 1062 2949 1125 epist.
2980 1062 3055 1122 l7,
3086 1060 3326 1111 factum.

2376 1138 2433 1186 Si
2466 1127 2659 1186 rerum‘
2686 1136 2827 1184 ratio
2853 1146 2917 1182 ac
2958 1133 3207 1195 temporis
3248 1130 3500 1181 conditio.
3532 1127 3779 1193 Rigaltius
3816 1127 3893 1189 ait,

2312 1226 2343 1257 ‹‹
2370 1208 2463 1260 Sic
2487 1207 2799 1271 Cyprianus
2826 1205 2993 1256 etiam
3035 1204 3275 1254 Domino
3316 1201 3582 1262 serviens,
3608 1212 3711 1249 non
3742 1197 3894 1271 prohi-

2312 1281 2431 1332 beri
2462 1294 2522 1332 se
2536 1270 2708 1344 putat
2736 1278 2970 1341 tempori
3000 1289 3226 1340 quoque
3258 1274 3559 1339 prudenter
3583 1272 3788 1328 servire,
3809 1270 3892 1344 hoc

2314 1356 2438 1409 est,
2496 1342 2569 1401 ut'
2609 1363 2768 1399 servo
2822 1349 2925 1399 Dei
2988 1348 3294 1411 congruit,
3347 1343 3586 1394 δουλεύειν
3652 1359 3786 1407 χαιρῳ
3831 1342 3893 1389 ut

2316 1422 2503 1487 Κυρίῳ,
2534 1422 2696 1472 Rom.
2724 1433 2826 1483 xu,
2864 1420 2940 1469 11.
2973 1435 3002 1465 ››

2376 1509 2645 1558 Pressurz
2689 1506 2845 1565 diem,
2910 1517 3155 1555 occasum
3204 1501 3400 1565 saeculi,
3457 1497 3754 1552 Antichristi
3796 1502 3893 1546 tem-

2312 1590 2431 1641 pus.
2478 1576 2752 1642 Rigaltius
2795 1575 2890 1636 ait,
2929 1590 2956 1619 ‹‹
2995 1574 3121 1624 Jam
3155 1572 3370 1623 dixerat
3419 1572 3657 1622 Paulus:
3697 1570 3895 1632 Tempus

2313 1662 2439 1700 esse
2486 1648 2545 1697 in
2604 1646 2857 1707 collecto,
2908 1648 2966 1696 et
3015 1645 3463 1708 appropinquare
3513 1647 3744 1693 extrema
3786 1644 3895 1689 tem-

2314 1732 2465 1783 pora.
2494 1719 2616 1782 Ipse
2665 1716 2979 1781 Cyprianus
3016 1715 3123 1765 hac
3169 1716 3327 1779 epist.
3379 1728 3513 1764 mox
3551 1712 3709 1772 dicet,
3740 1714 3893 1761 novis-

2317 1792 2474 1841 simis
2503 1790 2863 1853 temporibus.
2894 1787 3045 1837 Int‘ra
3077 1785 3226 1837 dicet
3268 1785 3421 1837 diem
3462 1785 3849 1848 nequissimum.
3870 1798 3894 1831 ι

2318 1863 2440 1913 Hoc
2494 1860 2635 1910 illud
2679 1862 2861 1924 ipsum
2913 1860 2999 1908 est
3046 1856 3197 1921 quod
3256 1855 3633 1907 Tertullianus
3674 1857 3815 1904 vocat
3851 1853 3895 1924 in

2322 1932 2585 1997 Apologet.
2627 1922 2747 1994 cap.
2774 1930 2837 1980 32
2870 1942 2883 1977 :
2917 1946 2946 1975 α
2992 1925 3121 1977 Vim
3166 1927 3472 1976 maximam
3524 1926 3777 1997 universo,
3802 1922 3895 1973 orbi

2317 1995 2719 2062 imminentem,
2755 2002 3043 2065 ipsamque
3066 1998 3379 2048 clausulam
3408 1998 3602 2048 saculi
3618 1995 3894 2046 acerbitates

2318 2074 2622 2125 horrendas
2656 2074 3111 2123 comminantem.
3152 2084 3181 2117 »
3211 2068 3282 2118 Et
3327 2070 3392 2119 de
3432 2070 3705 2119 Resurrect.
3733 2066 3893 2115 carnis.

2319 2159 2367 2195 c.
2398 2145 2457 2194 27
2492 2160 2504 2193 :
2536 2163 2565 2190 «
2606 2143 2772 2193 Fines
2798 2142 3013 2204 saculi,
3050 2140 3155 2191 sub
3185 2140 3385 2190 ultima
3415 2140 3512 2189 ira.
3534 2154 3564 2187 »
3605 2137 3794 2189 Deinde
3827 2136 3894 2185 di-

2318 2221 2462 2267 serte
2496 2216 2604 2266 ait:
2638 2232 2667 2263 ‹‹
2701 2215 2828 2263 Post
2861 2212 3189 2264 Antichristi
3226 2212 3660 2262 eradicationem
3700 2207 3889 2271 agitabi-

2319 2295 2407 2341 tur
2435 2289 2785 2341 resurrectio.
2810 2305 2839 2336 ι

2379 2363 2456 2411 De
2496 2361 2684 2412 saeculo
2703 2362 2825 2424 jam
2864 2362 3131 2411 moriente.
3164 2357 3441 2421 Rigaltius
3476 2357 3569 2415 ait,
3598 2373 3624 2403 α
3648 2352 3802 2418 Supra
3819 2350 3884 2401 di-

2317 2434 2398 2483 xit
2426 2448 2665 2484 occasum
2691 2431 2885 2483 saculi.
2922 2450 2949 2478 »

2381 2516 2650 2565 Pressuris
2713 2512 3040 2575 augentibus.
3114 2511 3389 2576 Rigaltius
3463 2511 3573 2572 ait,
3632 2527 3660 2559 ι
3724 2509 3889 2559 Paulus

2318 2592 2373 2640 in
2405 2590 2452 2638 II
2487 2587 2555 2637 ad
2581 2586 2705 2637 Cor.
2735 2584 3020 2646 Θλιὸὀμενοι,
3049 2582 3151 2631 ἀλλ’
3179 2583 3235 2630 οὺ
3249 2580 3693 2646 στενοχωρούμενοι.
3720 2580 3890 2631 Glosste

2317 2666 2551 2719 veteres,
2617 2657 2788 2721 angit,
2847 2655 3011 2715 Θλὶϐει,
3060 2670 3347 2718 στενοχωρε,
3394 2653 3553 2716 ἆγχεί,
3612 2656 3765 2715 πνῖγει.
3807 2654 3889 2704 Hic

2316 2734 2483 2797 igitur
2517 2730 2664 2793 angi,
2694 2728 2809 2777 sive
2834 2726 3156 2789 angustiari,
3181 2727 3307 2788 plus
3328 2729 3415 2775 est
3443 2739 3608 2784 quam
3632 2738 3892 2797 pressuram

2318 2796 2447 2870 pati,
2483 2806 2545 2852 ut
2574 2800 2723 2865 apud
2748 2800 2983 2851 Paulum
3012 2797 3207 2847 Esdra
3240 2811 3318 2848 1v.
3357 2798 3506 2847 Justi
3541 2799 3714 2870 autem
3752 2796 3893 2870 ferent

2318 2867 2566 2938 angusta,
2633 2876 2921 2935 sperantes
2979 2870 3239 2933 spatiosa.
3306 2869 3453 2919 Psal.
3524 2881 3599 2929 iv,
3672 2867 3715 2915 ἐν
3772 2867 3890 2929 ϐλέψει

2316 2946 2573 2999 ἐπλάτννάς
2599 2959 2698 3005 μοι.
2735 2942 2858 3005 Ipse
2887 2940 3219 3004 Cyprianus,
3247 2941 3414 3004 epist.
3442 2941 3524 3001 58,
3556 2939 3712 3001 dicet,
3738 2952 3892 3003 pecca-

2316 3018 2386 3067 tis
2409 3013 2740 3078 angentibus
2773 3012 3142 3075 premebatur.
3173 3030 3200 3057 ››

2379 3086 2553 3138 Nolite
2605 3086 2802 3134 mirari
2860 3084 3106 3134 ardorem
3158 3082 3496 3133 occidentem.
3536 3081 3783 3146 Rigaltius
3818 3080 3891 3141 ait;

2316 3176 2345 3203 «
2377 3159 2520 3207 Petri
2546 3170 2580 3217 Ι,
2603 3158 2652 3217 4,
2694 3155 2778 3211 Μὴ
2816 3153 3067 3209 ξενιζεοθαι
3110 3157 3168 3214 τῇ
3208 3153 3255 3200 ἐν
3300 3153 3419 3215 ὑμῖν
3454 3152 3675 3216 πυρώσει.
3714 3152 3892 3201 Tertul-

2314 3230 2499 3279 lianus
2544 3229 2603 3277 in
2652 3226 2815 3289 Scop.
2869 3225 3090 3286 Dilecti,
3119 3237 3191 3274 ne
3242 3225 3624 3287 expavescatis
3666 3225 3890 3274 ustionem

2317 3315 2444 3365 qua
2488 3301 2667 3364 agitur
2710 3300 2769 3347 in
2819 3297 2978 3347 vobis
3010 3298 3067 3346 in
3116 3298 3508 3358 tentationem,
3540 3298 3690 3360 quasi
3727 3307 3891 3344 novum

2317 3370 2534 3423 accidat
2585 3369 2763 3420 vobis.
2821 3369 3038 3433 Ignium
3100 3380 3264 3432 pana
3325 3380 3563 3429 summa,
3610 3365 3890 3416 Tertulliano

2315 3444 2409 3493 lib.
2446 3444 2518 3492 ad
2553 3442 2867 3503 Martyras:
2902 3443 2958 3489 et
3002 3439 3325 3502 Apostolus,
3378 3443 3443 3488 ut
3485 3436 3727 3488 ostendat
3768 3449 3889 3485 sum-

2316 3529 2471 3565 mum
2500 3512 2636 3563 ﬁdei
2669 3512 3000 3563 Christiana
3026 3513 3501 3575 experimentum,
3536 3511 3614 3557 καὶ
3632 3509 3705 3557 ἐὰν
3731 3507 3888 3571 παραδῶ

2314 3587 2371 3636 τὸ
2428 3584 2571 3647 σῶμά
2626 3598 2718 3646 μου
2774 3582 2853 3629 ἴνα
2907 3581 3227 3645 καυθήρομαι,
3275 3581 3535 3645 adeoque
3581 3580 3888 3630 damnationis

2317 3665 2543 3714 aterna
2567 3658 2842 3706 tormenta
2870 3654 3253 3718 signiﬁcantur
3286 3654 3346 3703 in
3381 3654 3635 3717 gehenna
3659 3653 3797 3717 ignis.
3820 3667 3844 3698 ι

2379 3744 2455 3793 Ne
2486 3736 2764 3789 excidatis.
2795 3735 3019 3799 Legisse
3052 3734 3273 3785 videtur
3300 3734 3423 3797 μηδὲ
3456 3732 3684 3789 ἐξίστασθε
3721 3732 3888 3788 actim

2315 3816 2429 3882 ὑμῖν
2457 3809 2818 3882 συμϐαίνοντος,

2383 3889 2525 3938 Tunc
2574 3879 2901 3943 martyribus
2939 3882 3123 3941 patent
3171 3877 3304 3929 cali.
3352 3878 3623 3942 Rigaltius
3658 3880 3740 3940 ait,
3761 3895 3787 3923 α
3821 3876 3890 3926 Δι-

2316 3960 2462 4012 ludit
2504 3954 2573 4005 ad
2624 3952 2762 4003 illud
2811 3950 3119 4013 Stephani:
3159 3951 3316 3999 Video
3354 3950 3512 4000 catos
3544 3955 3747 4014 apertos.
3781 3949 3887 3998 Ter-

2317 4032 2414 4082 tul.
2471 4030 2608 4078 Tota
2664 4022 2905 4088 paradisi
2966 4022 3141 4072 clavis
3194 4024 3429 4087 sanguis
3483 4026 3609 4072 tuus
3660 4026 3749 4071 est.
3797 4021 3887 4083 Ipse

2318 4102 2651 4168 Cyprianus,
2677 4095 2910 4168 epistola
2956 4094 3208 4168 N:_Qui
3258 4095 3587 4158 martyrium
3626 4094 3768 4154 tollit,
3789 4104 3887 4140 ssn-

2317 4164 2485 4239 guine
2530 4182 2631 4219 suo
2676 4166 3001 4239 baptizatur.
3235 4169 3353 4239 erat
3384 4178 3620 4239 summa
3674 4172 3881 4239 curarunt

2319 4231 2593 4311 cpiscopis
2639 4243 2695 4291 et
2749 4236 3229 4311 presby_teris,__ut
3286 4236 3513 4311 plebem
3558 4238 3790 4311 iacerent

2318 4306 2609 4367 subeunda
2658 4322 2757 4374 pro
2817 4308 3044 4358 nomine
3094 4306 3299 4358 Christi
3343 4309 3603 4372 martyris
3644 4308 3812 4357 fortem
3843 4307 3883 4352 et

2319 4388 2686 4439 constantem.
2721 4397 2748 4427 ι

2384 4470 2514 4519 Cum
2570 4461 2827 4529 populum
2881 4462 3122 4510 nostrum
3175 4458 3362 4523 fugari
3422 4458 3733 4523 conspexerit
3779 4459 3882 4505 metu

2319 4536 2707 4603 persecutionis.
2741 4532 3011 4595 Rigaltius
3040 4533 3131 4594 ait,
3160 4549 3190 4578 α
3218 4532 3431 4597 Fugam
3466 4535 3523 4583 in
3559 4530 3881 4603 persecutione

2322 4602 2433 4660 non
2472 4607 2749 4665 abhorret,
2778 4604 3122 4653 Tertulliano
3164 4604 3353 4653 mitior
3396 4608 3453 4654 et
3500 4604 3717 4654 facilior.
3751 4602 3882 4650 »Ιωο

2322 4680 2619 4732 defendere
2647 4675 2837 4736 debet;
2874 4674 3031 4725 aliter
3052 4675 3298 4739 seipsum
3329 4676 3791 4727 condemnaturus.

2382 4755 2482 4804 Nec
2509 4753 2790 4801 tractantes
2819 4748 3090 4810 episcopus
3113 4747 3319 4796 audiat.
3349 4747 3618 4811 Rigaltius
3641 4748 3725 4808 ait,
3751 4761 3775 4794 ‹
3794 4742 3881 4794 Hoc

2321 4829 2423 4885 est,
2471 4822 2751 4881 docentes,
2783 4817 3132 4868 disserentes.
3167 4818 3290 4881 Ipse
3337 4819 3511 4883 Epist.
3546 4819 3613 4869 ad
3653 4816 3878 4869 Antonia—

2319 4909 2493 4945 num:
2546 4893 2691 4957 Ergo
2743 4891 2897 4955 prius
2948 4889 3205 4951 legeram,
3259 4892 3315 4939 et
3360 4891 3618 4955 episcOpo
3668 4890 3879 4938 tractante

2320 4976 2708 5030 cognoveram,
2758 4973 2872 5011 non
2915 4958 3345 5010 sacriﬁcandum
3389 4960 3567 5011 idolis.
3615 4961 3810 5011 Pontius
3841 4958 3879 5030 in

2318 5026 2429 5086 vita
2477 5035 2780 5099 Cypriani:
2828 5032 2873 5083 Ο
2927 5031 3152 5081 beatum
3212 5031 3483 5082 Ecclesia
3521 5032 3780 5097 populum,
3810 5026 3879 5092 qui

2318 5109 2581 5173 episcopo
2602 5120 2705 5156 suo
2735 5108 3005 5155 tractante
3033 5115 3251 5167 semper
3280 5104 3547 5154 audierat.
3573 5120 3602 5153 ν

2383 5192 2580 5256 Quibus
2625 5191 2853 5242 occidere
2894 5202 3003 5239 non
3050 5188 3179 5238 licet.
3238 5189 3510 5252 Rigaltius
3560 5190 3648 5251 ait,
3691 5205 3718 5237 ‹
3750 5189 3875 5237 Arma

2317 5264 2759 5317 Christianorum
2796 5260 2989 5326 preces
3015 5264 3068 5310 et
3104 5260 3381 5324 lacryma,
3410 5260 3727 5326 quandoque
3752 5258 3874 5320 fuga:

2315 5338 2625 5402 sapissime
2672 5338 2861 5383 autem
2919 5332 3077 5382 fortis
3137 5333 3419 5395 patientia
3476 5332 3759 5402 constantia
3805 5336 3875 5390 pro

2314 5410 2541 5459 nomine
2586 5405 2809 5458 Christi.
2863 5404 3245 5454 Tertullianus
3288 5404 3345 5454 in
3382 5405 3531 5469 Apol.
3571 5401 3719 5467 Apud
3754 5401 3875 5450 istam

2315 5479 2669 5543 disciplinam
2698 5476 2875 5541 magis
2902 5474 3083 5525 occidi
3110 5474 3241 5525 licet
3260 5488 3430 5539 quam
3461 5475 3713 5526 occidere.
3735 5470 3875 5543 Chris-

2316 5541 2781 5613 tusfexarmato
2844 5548 3005 5597 Petro
3031 5584 3044 5609 ,
3103 5559 3331 5597 omnem
3391 5546 3745 5598 Christianum
3791 5541 3874 5613 disj

2317 5610 2515 5674 cinxit.
2580 5622 2770 5686 Itaque
2835 5619 3083 5684 Epistola
3161 5620 3414 5684 sequenti
3483 5618 3765 5683 Cyprianus
3804 5610 3874 5686 ad

2312 5694 2637 5747 Cornelium
2671 5684 2749 5744 ait
2778 5707 2789 5743 :
2819 5691 3021 5744 Milites
3052 5689 3260 5743 Christi
3288 5690 3513 5757 vigilare
3546 5692 3655 5756 jam
3689 5684 3871 5744 sobrios.

2316 5772 2373 5820 et
2413 5770 2654 5820 armatos
2704 5764 2775 5818 ad
2822 5764 3081 5834 pralium
3141 5766 3319 5827 stare;
3371 5764 3516 5816 vinci
3564 5775 3670 5814 non
3715 5767 3871 5834 posse;

2311 5841 2455 5895 mori
2490 5857 2672 5913 posse.
2701 5842 2775 5899 Et
2818 5825 2928 5899 hoc
2969 5842 3090 5911 ipso
3141 5825 3385 5899 invictos
3433 5854 3569 5906 esse,
3614 5825 3732 5906 quia
3764 5825 3872 5886 mori
