4144 6192
280 198 422 306 i229

1635 237 1816 307 EDIT.
1854 238 2051 307 OXON.
2089 240 2305 305 NOT/E.

3519 216 3655 305 i230

274 386 393 423 non
447 371 665 460 timent,
719 383 827 453 nec
886 382 1195 460 repugpare
1245 374 1439 423 contra
1494 373 1913 460 i‘tnpug'nantes,
1938 387 2041 460 Α,
2080 367 2603 460 Subddiditnomina
2636 363 2992 460 singulatim.
3024 367 3419 460 Eigaltiusnait,
3468 386 3497 416 «
3528 371 3647 460 hicn

280 458 413 496 cum
458 442 717 494 occidere
761 443 1154 494 innocentibus
1193 457 1299 494 nec
1327 448 1622 495 nocentem
1662 445 1845 495 liceat.
1886 463 1915 491 »

343 517 548 566 Harum
580 514 940 565 tenebrarum.
998 516 1368 579 TranSpositis
1424 516 1661 566 vocibus
1716 516 1917 580 legisse

286 588 527 649 videtur,
603 586 730 651 πρὸς
797 587 918 644 τοὺς
979 587 1377 652 mancupem-apag
1435 586 1525 635 τοῦ
1583 588 1764 645 αἰῶνος·
1831 586 1916 636 τοῦ

288 660 502 716 σκὸτους·
523 658 714 708 τοὺτου.

344 732 407 780 In
430 731 515 781 die
548 728 888 793 nequissimo.
914 729 1192 794 ngaltius
1218 731 1315 780 ait.
1334 729 1565 793 Scilicet,
1583 730 1917 793 Antichristi,

278 817 366 850 του
392 817 622 866 πονηρου.

354 872 419 919 Ut
484 874 687 935 signum
729 871 845 922 Dei.
905 869 1053 921 Inter
1105 870 1368 936 baptismi
1422 870 1693 924 solemnia
1739 872 1921 923 fronte

281 945 638 1005 impressum.

346 1014 706 1064 Eucharistiae
769 1026 987 1073 memor,
1042 1026 1160 1078 quae
1215 1014 1429 1063 Domini
1474 1028 1665 1077 corpus
1698 1016 1915 1077 accepit.

280 1086 556 1149 Rigaltius
598 1086 693 1147 ait,
720 1102 749 1131 α
784 1084 1115 1134 Ambrosius
1171 1084 1248 1135 lib
1306 1099 1379 1145 iv,
1436 1085 1499 1135 de
1545 1087 1918 1147 Sam-amentis,

283 1170 404 1220 cap.
433 1160 481 1205 ι.
539 1156 688 1207 Dicit
722 1155 822 1205 tibi
862 1155 1122 1206 sacerdos
1169 1170 1181 1204 :
1236 1155 1451 1219 Corpus
1499 1155 1725 1217 Christi,
1768 1161 1825 1207 et
1859 1159 1919 1205 tu

283 1229 421 1278 dicis
455 1243 467 1275 :
500 1228 698 1289 Amen,
726 1228 835 1277 hoc
870 1231 972 1289 est,
1008 1227 1231 1277 Verum.
1277 1226 1443 1288 Quod
1473 1228 1777 1278 conﬁtetur
1804 1228 1921 1277 lin-

283 1312 420 1364 gua,
483 1301 665 1349 teneat
715 1296 975 1349 allectus.
1026 1313 1056 1346 »
1102 1299 1345 1348 Priorius
1397 1298 1505 1355 ait,
1562 1314 1591 1344 «
1651 1298 1919 1362 Loquitur

284 1370 377 1419 hic
428 1369 741 1420 secundum
798 1369 963 1419 ritum
1016 1383 1129 1433 quo
1195 1369 1546 1419 Eucharistia
1607 1369 1662 1418 in
1720 1383 1918 1419 manus

283 1442 555 1492 laicorum
607 1440 1008 1504 porrigebatur,
1052 1454 1166 1490 non
1219 1442 1277 1490 in
1313 1454 1393 1500 os;
1454 1440 1604 1491 unde
1654 1441 1918 1491 Trullana

288 1513 561 1577 synodus,
630 1524 752 1562 can.
823 1511 922 1569 28,
987 1511 1058 1561 de
1119 1511 1448 1576 Presbytero
1503 1527 1514 1560 :
1578 1513 1694 1574 μήτε
1762 1512 1920 1560 τοὶνυν

288 1584 498 1647 δημοσὶᾳ
546 1582 663 1645 μὴτε
700 1582 797 1645 ὶδὶᾳ
826 1583 1101 1644 εὐλογεὶτω,
1152 1584 1270 1646 μήτε
1308 1584 1363 1631 τὸ
1407 1584 1551 1647 σῶμα
1591 1581 1675 1632 τοῦ
1711 1582 1916 1648 Χριστοῦ

285 1655 588 1717 amni-rm
638 1653 852 1718 ἑτέροις.
912 1653 1231 1705 Concilium
1281 1655 1459 1706 Tolet.
1522 1669 1569 1716 ι,
1626 1669 1746 1719 cap.
1798 1658 1860 1706 14
1901 1671 1913 1706 :

289 1727 348 1777 Si
403 1726 531 1791 quis
580 1730 765 1776 autem
834 1731 1120 1789 acceptam
1185 1740 1216 1775 a
1274 1726 1562 1777 sacerdote
1609 1726 1916 1777 Eucharis-

289 1798 421 1847 tiam
490 1809 603 1846 non
686 1797 1019 1860 sumpserit,
1075 1795 1230 1846 velut
1304 1797 1607 1861 sacrilegus
1696 1799 1915 1862 propel-

284 1867 448 1918 latur.
482 1868 550 1917 Et
578 1881 702 1919 can.
740 1870 787 1919 3.
835 1868 1004 1920 Couc.
1060 1868 1492 1933 Caesar-August
1519 1885 1530 1917 :
1561 1869 1667 1920 Ubi
1719 1873 1915 1920 adver-

288 1940 521 1989 tendum
547 1939 719 1990 laicos
747 1952 913 1989 manu
964 1941 1237 2003 accipere.
1264 1954 1357 1990 ore
1398 1944 1584 1990 autem
1612 1954 1849 1990 sumere.
1886 1957 1916 1989 ιδ

287 2009 539 2061 Romana
602 2010 874 2072 Ecclesia,
927 2024 1057 2075 quas
1115 2025 1325 2062 morem
1375 2011 1528 2064 hunc
1579 2013 1913 2071 immutavit,

288 2081 590 2132 credidisse
652 2082 870 2133 videtur
920 2097 1120 2134 manus
1177 2083 1447 2134 laicorum
1501 2097 1595 2135 ore
1671 2084 1916 2148 ipsorum

285 2154 459 2217 magis
482 2166 604 2204 esse
628 2154 905 2218 profanas.

908 2277 1045 2315 ANN.
1088 2274 1276 2315 CCLIII.

802 2352 1157 2404 EPISTOLA
1211 2354 1377 2404 LXII.

349 2448 479 2498 Cum
517 2444 750 2494 maximo
795 2445 962 2494 animi
1000 2446 1169 2495 nostri
1213 2444 1423 2509 gemitu.
1473 2444 1722 2508 Epistola
1771 2446 1914 2508 haec,

287 2531 458 2582 quam
481 2517 783 2580 genuinam
818 2530 939 2567 esse
977 2518 1208 2567 minime
1262 2516 1602 2577 dubitamus,
1631 2517 1688 2565 in
1729 2532 1919 2568 exem-

291 2587 541 2653 plaribus
588 2600 720 2637 mss.
778 2588 1055 2637 rarissime
1101 2588 1371 2647 occurrit;
1422 2599 1605 2651 neque
1660 2589 1809 2637 enim
1858 2590 1916 2639 in

286 2660 546 2710 omnibus
570 2660 691 2708 istis
715 2671 954 2721 quorum
997 2658 1154 2721 copia
1186 2658 1321 2707 mihi
1362 2658 1506 2707 facta
1553 2661 1653 2719 est,
1683 2659 1915 2709 unicum

284 2730 400 2781 vidi
440 2729 585 2794 quod
643 2742 767 2779 eam
811 2729 1291 2792 complecteretur.
1351 2729 1761 2779 Alienissimam
1820 2732 1918 2779 Pa-

283 2802 437 2852 melii
480 2803 879 2864 conjecturam,
912 2802 1008 2871 qui
1039 2802 1203 2850 Afros
1250 2802 1388 2851 istos
1436 2815 1466 2850 a
1498 2800 1693 2851 Gothis
1728 2806 1917 2864 captos

282 2875 552 2932 autumat,
582 2872 831 2922 refutare
876 2885 987 2921 non
1031 2876 1112 2921 est
1139 2884 1297 2935 opus.
1350 2872 1463 2921 Nec
1516 2876 1667 2922 certe
1726 2874 1917 2923 Africa

282 2948 657 2995 monstrorum
706 2942 1067 3004 feracissima,
1113 2942 1254 2993 adeo
1314 2942 1536 2993 exculta
1591 2947 1647 2992 et
1694 2948 1916 3006 pacata,

281 3019 347 3066 ut
400 3014 587 3064 nullos
624 3012 888 3063 barbaros
924 3012 1096 3062 aleret
1151 3027 1163 3061 :
1196 3012 1295 3063 sed
1348 3014 1405 3062 in
1443 3013 1679 3063 adverso
1722 3014 1915 3063 mundi

282 3085 511 3138 cardine
552 3097 675 3135 esse
737 3083 1073 3148 requirendi.
1126 3086 1241 3135 Hac
1290 3083 1360 3134 de
1425 3096 1485 3135 re
1551 3084 1916 3135 consulantur

280 3158 517 3211 Annales
549 3157 879 3220 Cyprianici.

344 3232 423 3280 De
448 3228 649 3279 diaboli
676 3226 921 3290 faucibus
949 3228 1109 3277 exuit.
1143 3227 1413 3292 Rigaltius
1444 3228 1529 3278 Sic
1559 3228 1652 3290 ait,
1682 3230 1830 3292 epist.
1863 3234 1910 3291 Δ,

278 3301 410 3353 dicit
441 3315 457 3350 :
488 3299 747 3350 Exuenda
767 3304 840 3349 est
867 3299 930 3347 de
965 3300 1207 3349 incendio
1236 3300 1476 3349 sarcina.

342 3371 583 3423 Membra
622 3370 833 3423 Christo
873 3370 1071 3420 dicata.
1108 3372 1296 3420 Animi
1332 3371 1589 3421 instituto
1624 3369 1693 3420 ad
1742 3370 1915 3434 pudi—

284 3445 471 3494 citiam
523 3442 841 3505 composito.
902 3441 1023 3491 Non
1086 3442 1237 3491 enim
1291 3442 1399 3491 illm
1458 3446 1592 3491 tunc
1650 3443 1914 3505 temporis

281 3514 539 3569 claustris
574 3512 825 3563 inclusae.
867 3512 1148 3563 Pamelius
1201 3512 1278 3563 ait
1308 3528 1318 3561 :
1357 3512 1592 3562 Similem
1624 3513 1687 3562 de
1716 3513 1914 3563 sanctis

280 3584 577 3647 virginibus
639 3582 865 3646 phrasin
919 3582 1077 3634 habes
1125 3588 1234 3633 tum
1295 3584 1463 3647 Epist.
1524 3582 1597 3633 ad
1654 3584 1910 3647 Pompan.

282 3662 393 3708 tum
428 3655 596 3713 lib,de
623 3654 844 3719 Diseipl.
875 3660 921 3704 et
945 3654 1076 3705 Hab.
1120 3654 1411 3719 Virginum.

344 3730 597 3790 Captivus
647 3725 744 3789 fui,
771 3731 818 3776 et
868 3726 1161 3777 redemistis
1224 3740 1319 3775 me.
1371 3724 1697 3789 Redemptio
1736 3725 1911 3789 capti-

278 3814 477 3850 vorum
540 3811 759 3862 semper
814 3800 870 3847 in
938 3797 1189 3848 Ecclesia
1258 3799 1401 3847 inter
1472 3798 1729 3861 primaria
1778 3796 1912 3847 cha-

280 3873 458 3929 ritatis
512 3870 699 3920 ofﬁcia
744 3870 851 3919 fuit
904 3870 1189 3934 repulata;
1241 3883 1273 3918 a
1333 3869 1619 3919 Lactantio
1664 3882 1911 3933 magnum

281 3946 329 3991 et
358 3940 677 4003 praeclarum
710 3940 943 4003 justitias
986 3954 1179 3991 munus
1231 3941 1450 3991 dicitur.
1498 3941 1829 3991 Ambrosius
1852 3941 1911 3991 in

281 4010 385 4061 hos
429 4025 564 4061 usus
619 4025 753 4062 vasa
813 4012 1083 4062 Ecclesiae
1146 4012 1311 4062 etiam
1366 4012 1580 4062 initiata
1624 4013 1910 4076 confregit,

278 4082 317 4132 1.
349 4096 387 4133 ιι
447 4082 609 4147 0fﬁc.,
636 4096 686 4133 c.
724 4084 803 4133 28.
845 4084 1208 4147 Augustinus,
1255 4086 1396 4135 teste
1448 4084 1715 4145 Possidio,
1763 4083 1911 4135 idem

280 4156 539 4216 praestitit
599 4169 611 4202 :
677 4158 729 4206 et
780 4155 1127 4219 Deogratias,
1184 4155 1453 4207 Narraute
1524 4155 1744 4206 Victore
1806 4154 1911 4205 Vi-

279 4228 443 4287 tensi,
472 4227 506 4275 l.
538 4239 574 4276 ι.

341 4301 584 4353 Misimus
629 4305 802 4351 autem
842 4302 1139 4352 sestertium
1170 4306 1373 4353 centum
1400 4301 1577 4353 millia
1619 4316 1906 4352 nummum.

278 4371 556 4434 Rigaltius
582 4374 655 4422 ait
690 4387 701 4420 :
735 4391 762 4418 α
806 4372 1136 4425 Rectissime
1184 4375 1401 4424 monuit
1443 4375 1527 4424 Jo.
1584 4374 1910 4425 Fredericus

278 4441 611 4504 Gronovius,
652 4443 747 4493 lib.
797 4445 867 4494 de
901 4443 1202 4508 Sestertiis,
1242 4460 1397 4495 num.
1440 4446 1516 4503 t8,
1553 4446 1753 4495 frustra
1797 4446 1906 4495 Pa-

1936 1759 1991 1833 Β

2017 444 2243 503 frustra,
2270 454 2376 491 nec
2408 454 2811 505 superavacue.
2859 442 2999 491 Nam
3043 442 3099 491 in
3144 444 3429 494 sacriﬁciis
3453 443 3652 493 oratio-

2018 530 2154 565 num
2200 512 2579 563 offerebantur
2608 514 2835 562 nomina
2885 526 3099 575 eorum,
3124 516 3218 578 qui
3258 516 3325 565 ad
3380 516 3485 566 hoc
3508 531 3648 581 opus

2017 590 2129 637 tam
2201 584 2583 636 necessarium
2658 588 2907 647 prompte
2988 599 3053 634 ac
3123 586 3361 638 libenter
3443 593 3651 651 operati

2021 661 2196 711 erant.
2243 675 2271 701 λι
2334 658 2381 706 A
2432 655 2723 719 privilegio
2765 655 2873 704 hoc
2908 656 3157 717 excludi,
3213 672 3392 721 pasnaa
3438 662 3649 721 gravis-

2019 730 2175 779 simas
2202 728 2326 778 loco
2368 726 2645 785 habitum,
2677 738 2863 788 supra
2898 725 3242 778 ostendimus
3289 730 3357 779 ad
3411 732 3575 793 Epist.
3608 748 3645 786 ι.

2535 844 2893 897 EPISTOLA
2943 845 3132 896 LXIII.

2082 951 2403 1013 Quanquam
2421 947 2604 997 sciam.
2639 947 2760 997 Non
2786 944 2892 995 hac
2937 945 3095 1008 epist.
3121 945 3431 1009 Cyprianus
3458 953 3644 1016 Aqua-

2017 1022 2148 1082 rios,
2209 1023 2325 1071 sive
2373 1017 2894 1082 Hydroparastalas,
2952 1016 3339 1068 Ebionitarum
3399 1035 3644 1087 germen,

2019 1097 2159 1144 teste
2211 1090 2511 1156 Epiphan.,
2587 1089 2783 1138 haeres.
2840 1088 2922 1146 30,
2990 1092 3085 1137 aut
3143 1088 3617 1153 Encratitas,Ta-

2018 1166 2152 1215 tiani
2228 1174 2526 1227 sequaces,
2592 1160 2825 1219 refellit;
2875 1172 3114 1223 quorum
3183 1174 3332 1211 error
3403 1163 3457 1211 in
3541 1166 3649 1217 hoc

2018 1236 2260 1286 maxime
2298 1233 2620 1284 versabatur
2655 1230 2807 1295 quod
2858 1232 3048 1279 vinum
3095 1232 3253 1295 quasi
3306 1246 3422 1283 rem
3471 1240 3648 1299 profa-

2017 1322 2148 1358 nam
2186 1312 2241 1357 et
2308 1301 2734 1355 abominandam
2785 1306 3198 1362 aversarentur,
3256 1307 3317 1352 ut
3379 1308 3451 1355 ait
3506 1308 3647 1371 Em-

2016 1379 2278 1443 phanius,
2349 1374 2620 1423 διαὸολικὸν
2708 1372 2984 1434 φάσκοντες,
3072 1371 3325 1423 fabulosa
3400 1382 3645 1432 vanitate

2019 1450 2088 1500 de
2116 1449 2323 1500 Satana
2359 1453 2413 1498 et
2453 1452 2593 1496 terra
2628 1444 2969 1509 germinasse
2998 1448 3309 1494 asserentes
3364 1449 3522 1500 vites.
3557 1454 3641 1504 Ex

2019 1521 2328 1585 ignorantia
2397 1522 2494 1567 aut
2551 1515 2906 1578 simplicitate
2975 1513 3184 1578 deliqui
3218 1529 3277 1566 se
3326 1518 3459 1569 istos
3509 1523 3644 1576 dicit

2018 1584 2211 1643 auctor
2243 1594 2447 1641 noster.
2481 1588 2551 1638 Et
2580 1589 2711 1649 quia
2753 1584 3103 1635 antelucanis
3161 1586 3310 1637 horis
3363 1590 3642 1645 Euchari-

2018 1665 2179 1712 stiam
2208 1660 2524 1719 sumebant,
2552 1671 2663 1721 quo
2689 1660 2936 1719 tempore
2961 1656 3100 1704 nulli
3140 1658 3338 1708 vinum
3366 1660 3638 1727 biberent,

2018 1735 2287 1785 referente
2352 1729 2637 1795 Apostolo,
2692 1731 2800 1776 Act.
2853 1740 2917 1785 ll,
2964 1728 3038 1783 t5,
3089 1728 3355 1781 credibile
3424 1740 3508 1784 est
3544 1752 3639 1789 eos

2015 1819 2219 1869 aquam
2262 1809 2528 1867 tanquam
2575 1800 2864 1872 honestius
2918 1798 3031 1872 poti
3080 1812 3304 1872 genus,
3351 1808 3406 1853 et
3463 1811 3643 1872 suspi-

2015 1868 2269 1927 cionibus
2320 1876 2508 1923 minus
2558 1870 2872 1921 obnoxium
2911 1868 3642 1935 substituisse;praasertim

2014 1961 2144 1999 cum
2172 1960 2241 1997 ex
2268 1947 2381 1995 vini
2422 1944 2590 1994 odore
2636 1942 2893 2003 detegere
2939 1943 3219 2004 potuerint
3261 1943 3487 2008 ethnici,
3547 1964 3644 2002 eos

2014 2021 2111 2085 qui
2146 2020 2339 2068 vinum
2362 2016 2585 2067 olebant
2616 2026 2736 2087 esse
2780 2012 3159 2087 Christianos;
3192 2026 3301 2077 qua
3336 2015 3403 2065 de
3444 2032 3501 2068 re
3526 2026 3646 2087 agi-

2016 2083 2106 2141 tur
2153 2092 2209 2140 in
2248 2090 2362 2140 ﬁne
2391 2088 2559 2150 hujus
2598 2084 2863 2147 epistolas.
2906 2083 3112 2133 Mentio
3164 2090 3349 2135 autem
3378 2083 3644 2144 solemnis

2014 2162 2265 2226 epistolas
2305 2162 2463 2210 istius
2509 2158 2654 2207 facta
2696 2160 2779 2205 est
2821 2168 2852 2203 a
2887 2155 2951 2203 D.
3000 2156 3315 2217 Augustino
3352 2158 3449 2209 lib.
3493 2175 3553 2213 IV
3580 2166 3644 2215 de

2015 2236 2255 2283 Doctrin.
2336 2231 2662 2281 Christiana.
2713 2240 2831 2289 cap.
2883 2226 2961 2287 21,
3005 2226 3101 2275 ubi
3176 2242 3303 2291 qua)
3361 2234 3550 2284 statim
3608 2252 3640 2287 a

2015 2305 2291 2368 principio
2357 2304 2688 2359 occurrunt,
2756 2299 2812 2346 iu
2883 2298 3201 2360 exemplum
3287 2301 3645 2357 adducuntur

2013 2376 2259 2426 submissi
2297 2374 2503 2423 dicendi
2533 2370 2755 2435 generis.

2077 2449 2317 2496 Humana
2403 2449 2447 2494 et
2517 2440 2722 2492 novella
2787 2440 3137 2513 institutione.
3221 2442 3489 2506 Rigaltius
3549 2450 3639 2513 ait,

2014 2534 2044 2567 α
2075 2518 2167 2569 Sic
2200 2518 2367 2581 paulo
2425 2520 2542 2579 post
2580 2513 2755 2570 dicet,
2798 2515 2982 2560 nostra
3026 2518 3079 2561 et
3129 2512 3371 2565 humana
3403 2512 3647 2571 conseri.

2014 2590 2165 2641 bere.
2225 2588 2528 2638 Videantur
2580 2597 2705 2649 quas
2761 2597 2925 2645 supra
2970 2584 3387 2637 observavimus
3428 2590 3493 2640 de
3538 2592 3642 2642 hu-

2015 2674 2178 2709 mana
2220 2660 2501 2716 Ecclesia;
2546 2656 2725 2719 deque
2774 2654 3016 2702 humana
3066 2655 3407 2721 credulitate,
3457 2667 3511 2712 et
3540 2670 3642 2715 ira-

2016 2732 2222 2781 ditione
2248 2732 2489 2780 humana
2506 2727 2573 2777 ad
2604 2728 2761 2789 epist.
2799 2727 2857 2773 57
2888 2730 2939 2774 et
2968 2726 3046 2774 08.

2080 2803 2223 2864 Quod
2268 2800 2526 2863 sacriﬁcii
2555 2798 2711 2861 ItUJUS
2758 2802 2945 2845 auctor
2980 2802 3026 2844 et
3072 2796 3251 2848 doctor
3299 2800 3419 2861 fecit
3464 2811 3510 2854 et
3545 2807 3640 2857 do-

2016 2878 2138 2924 cuit.
2194 2873 2465 2935 Rigaltius
2512 2871 2605 2920 ait.
2653 2867 2883 2942 {Quid
2936 2868 3141 2942 iecerit,
3198 2872 3332 2934 quid
3372 2874 3642 2942 docuerit,

2016 2946 2314 3008 Evangelia
2374 2944 2609 2992 narrant.
2663 2939 2775 2989 Nec
2817 2940 2965 2987 aliud
3012 2939 3316 2992 Corinthiis
3377 2948 3494 2995 suis
3531 2939 3640 2999 tra;

2016 3017 2156 3067 didit
2208 3016 2430 3066 Paulus.
2506 3012 2666 3074 Quod
2712 3013 2797 3083 fin
2843 3023 3001 3060 caana
3076 3010 3330 3083 Christus
3383 3017 3639 3083 instituit,

2018 3089 2317 3140 Christiani
2377 3086 2506 3135 dein
2551 3082 2888 3133 sacriﬁcium
2946 3082 3312 3146 appellavere,
3360 3094 3415 3138 et
3469 3082 3641 3143 sacrm

1934 3127 1989 3201 Ο
2014 3174 2189 3213 coenae
2220 3158 2500 3207 ministros
2531 3153 2861 3205 sacerdotes.
2888 3168 2919 3199 »

2075 3234 2253 3294 Neque
2308 3227 2456 3277 aliud
2502 3226 2594 3290 ﬁat
2639 3240 2671 3274 a
2731 3225 2895 3283 nobis,
2955 3237 3115 3287 quam
3172 3227 3314 3290 quod
3337 3243 3437 3293 pro
3492 3233 3643 3285 nobis

2015 3305 2267 3352 Dominus
2319 3300 2474 3364 prior
2517 3298 2713 3360 fecerit.
2761 3295 3034 3359 Rigaltius
3070 3296 3161 3345 ait.
3220 3315 3249 3345 α
3287 3300 3405 3350 Hac
3448 3304 3641 3355 eadem

2014 3374 2262 3439 Epistola
2312 3372 2487 3421 dicit:
2536 3368 2699 3431 Quod
2740 3369 2819 3416 sic
2866 3380 2971 3416 nec
3000 3368 3227 3417 minime
3258 3369 3324 3420 de
3369 3376 3643 3426 mandatis

2012 3445 2307 3495 dominicis
2344 3443 2472 3491 licet
2520 3442 2755 3511 solvere,
2784 3442 2990 3511 quanto
3020 3440 3194 3503 magis
3254 3446 3366 3491 tam
3422 3459 3640 3511 magna,

2013 3521 2124 3566 tam
2152 3514 2397 3579 grandia,
2457 3518 2568 3563 tam
2615 3510 2683 3560 ad
2726 3511 2900 3574 ipsius
2962 3509 3257 3560 dominicae
3295 3518 3564 3576 passionis
3590 3509 3645 3569 et

2012 3593 2216 3637 nostra:
2283 3584 2675 3647 redemptionis
2722 3586 3131 3631 sacramentum
3193 3588 3519 3645 pertinentia
3562 3591 3646 3639 fas

2011 3672 2123 3709 non
2146 3663 2230 3709 est
2280 3658 2702 3719 iufringere,aut
2744 3654 2800 3701 in
2857 3652 3007 3701 aliud
3051 3667 3217 3715 quam
3263 3658 3412 3718 quod
3449 3659 3645 3711 divini-

2013 3734 2101 3780 tus
2135 3730 2451 3779 institutum
2483 3728 2556 3775 sit
2579 3726 2822 3774 humana
2860 3723 3151 3773 traditione
3173 3730 3422 3777 mutare?

2076 3805 2178 3853 Nec
2230 3805 2395 3865 potest
2426 3798 2602 3848 vederi
2654 3796 2871 3858 sanguis
2921 3796 3030 3856 ejus
3080 3808 3185 3843 esse
3229 3798 3285 3843 in
3332 3799 3506 3847 calice.
3547 3802 3640 3852 Ri-

2049 3864 2243 3923 altius’
2273 3872 2369 3931 ait,
2437 3888 2466 3917 «
2514 3869 2608 3919 Sic
2661 3865 3079 3931 Tertullianus,_
3109 3864 3212 3931 lib.
3272 3867 3363 3931 de;
3388 3872 3638 3922 Oratione

2061 3950 2228 3999 orpus
2285 3926 2403 3997 ejus
2431 3933 2489 3981 in
2540 3942 2682 3994 pane
2728 3932 3001 3999 censetur.
3035 3926 3106 3975 Et
3161 3930 3279 3990 ipse
3327 3929 3637 3994 Cyprianus

2011 3998 2161 4068 mox,
2185 4004 2333 4056 calix
2388 4018 2498 4068 quo
2555 4000 2757 4053 Christi
2807 3998 3033 4061 sanguis
3075 4000 3387 4050 ostenditur
3419 4003 3512 4053 ubi
3543 4006 3635 4056 de-t

2011 4092 2173 4143 aqua,
2230 4090 2358 4141 quae
2415 4074 2622 4125 Christi
2675 4070 3006 4136 sanguinem
3076 4084 3187 4143 non
3235 4074 3408 4135 possit
3451 4080 3634 4140 expri-

2010 4142 2180 4199 mere.
2210 4163 2239 4195 »
2271 4146 2507 4209 Quando
2537 4145 2699 4194 toties
2751 4143 2952 4205 ingerit
2990 4146 3052 4190 ut
3108 4142 3253 4192 calix
3282 4145 3353 4192 sit
3405 4150 3635 4210 mistus;

2010 4222 2066 4270 id
2090 4220 2441 4283 potissimum
2489 4217 2616 4280 agit,
2692 4228 2755 4263 ne
2802 4215 2979 4261 vinum
3034 4213 3166 4263 desit
3215 4215 3387 4265 calici.
3444 4218 3636 4281 Quau-

2012 4307 2179 4357 quam
2230 4292 2378 4341 enim
2450 4289 2519 4339 ad
2560 4286 2941 4338 conciliandos
2974 4286 3346 4357 Aquariorum
3400 4294 3634 4353 animos,

2011 4356 2065 4414 et
2089 4366 2375 4426 receptum
2408 4363 2463 4410 in
2500 4359 2750 4409 Ecclesia
2786 4370 2995 4406 morem
3018 4356 3399 4416 asserendum,
3430 4374 3634 4423 aquam

2012 4436 2070 4483 in
2110 4434 2461 4483 Eucharistia
2511 4433 2611 4481 rite
2668 4428 2919 4505 adhiberi
2978 4434 3242 4491 agnoscat
3302 4430 3635 4505 Cyprianus,

278 4514 510 4564 melium
557 4499 914 4566 addubitasse
957 4516 1027 4567 de
1075 4499 1211 4567 vitio
1254 4499 1510 4581 vulgatae.
1559 4518 1719 4567 istius
1769 4511 2120 4583 θοή-Πρωὶ
2157 4506 2315 4583 ΡῙβΡΒ
2350 4505 2679 4583 ﬁbris“???
2732 4499 3119 4583 θέμιιὲιξΐθῑυιξὶ
3148 4505 3213 4581 ,θι
3260 4504 3517 4565 Opinalus
3560 4499 3634 4555 sit

277 4591 475 4649 pturaa.
520 4586 743 4637 Etenim
782 4588 1035 4639 Latinam
1068 4603 1179 4639 non
1210 4602 1350 4651 esse,
1405 4603 1510 4640 nec
1550 4589 1722 4639 ullam
1748 4602 1907 4638 sum-

276 4671 426 4707 mam
458 4656 649 4709 Latine
677 4659 906 4723 quidem
927 4661 1261 4725 signiﬁcare.
1293 4662 1487 4725 Itaque
1514 4660 1708 4724 procul
1736 4660 1907 4710 dubio

278 4728 657 4789 scribendam,
711 4733 1027 4781 sestertium
1084 4734 1331 4783 centium
1371 4732 1542 4782 millia
1593 4745 1905 4781 nummum.

283 4800 423 4862 Quae
462 4801 734 4864 scriptura
775 4816 1052 4852 summam
1111 4804 1371 4854 conﬁciet
1430 4806 1743 4851 nostrarum
1800 4802 1908 4851 ho-

279 4871 371 4921 die
429 4870 694 4922 librarum
750 4872 946 4935 25,000.
1000 4892 1028 4920 ιο
1091 4873 1420 4925 Lombertus
1483 4874 1628 4923 hanc
1686 4874 1907 4935 Rigaltii

278 4944 705 4994 aestimationem
767 4944 836 4995 ad
897 4948 1109 5009 septem
1157 4946 1311 4995 mille
1376 4945 1691 5010 quingintas
1736 4946 1908 4995 libras

277 5014 505 5079 gallicas
556 5016 788 5067 reducit.
840 5014 1103 5079 Capellus
1140 5017 1303 5067 aliter
1377 5020 1642 5079 supputat
1688 5020 1747 5066 ut
1796 5017 1909 5065 sint

276 5099 483 5137 novem
530 5087 702 5149 mille,
757 5101 856 5138 sex
906 5091 1176 5148 centum,
1223 5088 1443 5150 triginta
1478 5100 1677 5136 novem
1731 5086 1907 5150 librae,

278 5157 690 5221 septemdecem
720 5159 904 5219 solidi,
948 5158 1144 5209 decem
1184 5158 1413 5209 denarii.
1458 5157 1519 5209 Si
1562 5158 1631 5207 ad
1668 5164 1907 5209 monetaa

279 5227 611 5292 Anglicanas
668 5230 885 5281 ratione
940 5230 1191 5280 calculos
1247 5230 1521 5288 ineamus,
1561 5230 1793 5279 fortasse
1840 5228 1909 5278 ad

278 5300 357 5350 rei
410 5301 699 5350 veritatem
747 5302 999 5364 proxime
1050 5299 1277 5352 accedet
1344 5300 1441 5365 qui
1492 5298 1711 5361 dixerit,
1747 5313 1909 5349 sum-

278 5384 428 5420 mam
486 5370 580 5421 hic
642 5371 987 5436 designatam
1050 5372 1327 5424 conﬁcere
1391 5371 1561 5422 libras
1615 5372 1909 5437 sterlingas

277 5443 644 5506 septingintas
667 5446 948 5507 octoginta
995 5450 1050 5496 et
1088 5459 1279 5506 unam,
1315 5448 1367 5503 et
1402 5444 1610 5496 solidos
1638 5444 1906 5507 quinque.

279 5513 633 5565 Manifestum
658 5514 868 5566 librarii
899 5529 1142 5567 errorem
1175 5516 1245 5565 ad
1289 5517 1495 5582 linguae
1533 5516 1739 5565 Latium
1769 5528 1907 5563 ana-

278 5582 483 5646 logiam
512 5586 886 5647 restituimus;
919 5590 1055 5638 satis
1105 5588 1254 5637 enim
1293 5592 1507 5637 certum
1541 5591 1627 5637 est
1678 5584 1907 5650 Cypria-

278 5670 419 5708 num
470 5671 714 5723 congrue
744 5660 996 5713 locutum
1024 5676 1035 5711 :
1064 5674 1170 5712 nec
1219 5661 1380 5711 nobis
1413 5662 1598 5725 placet
1647 5661 1911 5711 solemnis

280 5728 604 5789 criticorum
644 5731 965 5794 methodus,
1006 5735 1100 5798 qui
1143 5734 1201 5784 in
1256 5736 1411 5784 textu
1454 5732 1765 5797 sphalmata
1813 5744 1909 5784 re-

277 5799 522 5871 linquat,
548 5806 613 5857 nt
640 5803 700 5858 tn
724 5800 874 5859 notis
889 5805 1007 5860 suis
1040 5816 1271 5874 operose
1301 5804 1594 5870 corrigunt.

2008 4572 2138 4628 vino
2189 4578 2398 4628 cibario
2439 4580 2493 4625 et
2546 4574 2723 4622 diluto
2760 4572 3040 4623 Christum
3081 4572 3251 4621 fuisse
3299 4587 3484 4635 usum,
3514 4590 3636 4625 om-

2008 4652 2099 4700 nia
2130 4654 2314 4699 tamen
2341 4647 2409 4697 ad
2439 4646 2748 4697 Dominicaa
2794 4644 3158 4692 institutionis
3200 4657 3451 4694 normam
3482 4662 3631 4710 pror.

2008 4735 2103 4771 sus
2150 4720 2421 4785 exigenda
2491 4717 2792 4778 contendit,
2852 4719 2911 4764 ut
2954 4716 3007 4764 id
3074 4717 3287 4766 scilicet
3346 4718 3441 4768 ﬁat
3493 4723 3631 4784 quod

2006 4794 2156 4843 Jesus
2216 4792 2453 4841 Christus
2512 4790 2767 4839 Dominus
2826 4794 2871 4837 et
2934 4790 3069 4838 Deus
3140 4794 3329 4851 noster,
3383 4793 3635 4855 sacrificii

2009 4871 2195 4913 auctor
2245 4869 2290 4913 et
2316 4864 2518 4917 doctor,
2552 4874 2663 4910 non
2720 4864 2935 4908 tantum
2974 4858 3109 4919 fecit,
3141 4860 3234 4909 sed
3268 4862 3458 4910 docuit.
3495 4863 3631 4925 Qui-

2008 4938 2114 4986 bus
2143 4937 2343 4985 similia
2401 4935 2604 4997 passim
2665 4932 2878 4995 repetit,
2932 4930 3143 4981 addens
3188 4933 3443 4995 imagines
3462 4938 3634 4987 sacri-

2007 5008 2114 5071 ﬁcii
2147 5006 2338 5056 Christi
2357 5018 2497 5068 pane
2512 5009 2561 5051 et
2580 5004 2705 5053 vino
2727 5004 2989 5052 constitui.

2072 5081 2180 5129 Noe
2220 5092 2401 5128 vinum
2454 5076 2646 5125 bibens.
2703 5076 2986 5137 imaginem
3041 5074 3328 5124 Dominicw
3361 5079 3635 5139 passionis

2010 5150 2337 5213 expresserit.
2400 5147 2671 5212 Rigaltius
2722 5148 2793 5196 ait
2828 5161 2890 5194 :«
2940 5144 3115 5194 Valde
3153 5146 3507 5197 indulserunt
3552 5152 3636 5199 in-

2009 5222 2171 5286 genio
2200 5233 2302 5271 suo
2344 5222 2549 5281 Patres,
2585 5219 2909 5280 ubicunque
2962 5218 3019 5266 in
3050 5216 3349 5280 Scripturis
3396 5220 3554 5282 panis
3582 5226 3637 5271 et

2008 5294 2203 5343 vinum
2268 5292 2524 5342 occurrit.
2590 5308 2618 5335 »
2687 5287 3003 5341 Nocacham
3078 5288 3475 5353 redemptionis
3538 5306 3637 5356 per

2010 5364 2295 5415 Christum
2340 5367 2507 5426 parta:
2550 5366 2745 5425 typum
2800 5360 3034 5424 gessisse
3078 5373 3147 5410 ex
3193 5361 3215 5409 Ι
3257 5362 3398 5412 Petr.
3436 5377 3513 5425 Ill,
3549 5366 3634 5425 21,

2010 5435 2228 5499 liquido
2280 5438 2529 5496 constat;
2575 5437 2627 5483 et
2671 5447 2703 5481 a
2758 5431 3082 5495 cataclysmi
3138 5434 3298 5494 aquis
3339 5438 3635 5497 superstes,

2009 5508 2185 5569 magis
2224 5506 2493 5555 salutares
2536 5504 2798 5566 baptismi
2839 5503 3018 5553 undas
3062 5501 3442 5555 adumbrasse.
3489 5503 3637 5565 Quid

2010 5592 2140 5642 ergo
2195 5577 2416 5638 mirum,
2468 5577 2515 5625 si
2560 5575 2629 5625 ad
2690 5576 2923 5626 alterum
2996 5576 3163 5625 etiam
3226 5581 3637 5627 sacramentum

2009 5649 2294 5710 Ecclesiae,
2346 5647 2547 5711 gradus
2608 5649 3015 5714 priestruatur?
3053 5652 3106 5697 et
3147 5648 3447 5711 siquidem,
3505 5646 3641 5696 vino

2010 5725 2191 5786 epoto,
2232 5718 2605 5782 edormiverit,
2640 5719 3024 5785 prmﬁgurasse
3096 5720 3335 5773 calicem
3385 5714 3649 5786 euchari-

2009 5785 2231 5858 sticum,
2281 5797 2335 5845 et
2385 5793 2739 5847 Domintcam
2803 5796 3036 5845 Incitem
3093 5790 3319 5846 dicatur-
3398 5785 3667 5843 lntcr’iuﬁ
