4144 6192
567 283 700 348 1231.

559 416 622 464 ut
645 411 763 480 typi
790 410 927 461 ratio
966 407 1266 496 consistat;
1295 418 1524 496 necesse
1541 407 1655 496 test
1695 405 1891 456 vinum
1915 419 2029 456 non
2084 407 2186 456 mi-
2212 421 2271 496 Α

561 475 996 538 Πυέῡοωὶῑιιιω
1024 492 1192 542 quam
1221 475 1511 528 Noachum
1541 475 1768 527 bibisse.

625 551 1003 609 Melchisedech,
1033 564 1133 600 rem
1197 548 1389 609 Solem,
1453 547 1677 612 protulit
1750 562 1940 609 panem
2009 555 2056 599 et
2113 551 2194 598 vi-

562 641 707 678 uum.
754 622 1025 687 Rigaltius
1070 621 1148 670 ait
1186 635 1198 669 :
1233 636 1261 665 ο.
1315 619 1668 682 Septuaginta
1729 618 2004 680 Interpret.
2065 620 2192 669 Gen.

560 711 662 748 xxv
683 733 700 755 ,
751 695 832 742 καὶ
887 691 1182 755 Μελχισεδὲκ
1237 690 1458 754 βασιλεὺς
1511 689 1675 751 Σαλήμ
1725 689 1962 750 ἐξήνεγκεν
2025 689 2196 752 ἄρτους

557 769 640 816 καὶ
694 770 837 814 οἶνον.
892 763 1074 813 Editio
1135 761 1416 825 Complut.
1478 759 1718 820 ἐξήνεγκεν
1773 759 1930 807 αὑτῶν
1987 760 2192 824 ἄρτους,

564 837 843 904 quomodo
880 836 1046 885 etiam
1087 835 1278 884 citavit
1326 833 1675 904 Ambrosius,
1712 831 1806 881 lib.
1845 845 1881 893 ι,
1917 831 2194 904 ᾱεῨνΑὸναέ

561 902 727 958 homo.
772 908 843 958 Et
897 903 1336 966 Melchisedech,
1389 917 1486 953 rex
1541 902 1759 963 Salem,
1815 903 2043 966 protulit
2089 903 2195 966 ipsi

561 993 733 1046 panes
792 981 846 1028 et
890 976 1100 1024 vinum.
1161 973 1543 1046 Tertulliaﬁnus
1598 977 1784 1022 autem
1843 972 2194 1036 apertissime

562 1043 777 1104 dixerat
831 1047 1096 1098 adversus
1142 1046 1270 1096 Jud.
1340 1044 1746 1096 Melchisedech
1803 1044 1908 1107 ipsi
1955 1043 2195 1094 Abrahae

561 1121 857 1175 revertenti
887 1119 956 1168 de
981 1117 1172 1182 prselio
1214 1129 1414 1180 panem
1454 1120 1507 1166 et
1547 1117 1743 1165 vinum
1782 1113 2001 1164 obtulit.
2027 1114 2196 1163 Jose—

561 1197 727 1260 phus,
792 1208 859 1254 τῳ
910 1188 1184 1252 Ἀϐραάμου
1235 1203 1467 1260 στρατῳ,Δ
1506 1190 1559 1236 et
1610 1200 1710 1250 pro
1758 1199 1934 1260 pane_
1960 1189 2012 1234 et
2067 1185 2194 1234 vino

561 1257 740 1322 ξῖολὶὴν
802 1261 1023 1326 ἀφθονίαν
1094 1260 1186 1307 τῶν
1263 1257 1554 1315 ἐπιτηδείων.
1620 1261 1831 1308 Auctor
1893 1257 2196 1307 Commen-

562 1340 828 1389 tariorum
883 1336 940 1382 in
997 1331 1273 1391 Genesin,
1334 1342 1460 1393 quae
1510 1329 1830 1379 tribuuntur
1879 1327 2192 1390 Eucherio,

561 1411 660 1461 lib.
690 1422 771 1469 x1,
795 1419 952 1456 num.
983 1406 1040 1453 l7
1075 1418 1086 1451 :
1115 1420 1144 1451 (ς
1177 1403 1292 1452 Nec
1327 1414 1450 1451 esse
1478 1402 1681 1450 mirum
1709 1402 1754 1451 si
1786 1399 2194 1450 Melchisedech

561 1479 757 1532 victori
787 1475 1067 1526 Abraham
1092 1474 1427 1538 processerit
1453 1473 1692 1534 obviam,
1721 1476 1775 1523 et
1806 1474 1863 1522 in
1894 1473 2195 1523 refectione

561 1559 674 1604 tam
721 1549 894 1614 ipsius
936 1561 1105 1611 quam
1150 1549 1524 1609 pugnatorum
1569 1547 1692 1608 ejus
1731 1557 1937 1608 panem
1975 1545 2196 1594 vinum-

561 1637 670 1688 que
725 1619 1029 1685 protulerit.
1086 1617 1228 1679 Quae
1295 1619 1480 1666 autem
1536 1616 1593 1664 in
1653 1616 1852 1665 iisdem
1902 1628 2195 1666 commen-

563 1693 716 1744 tariis
761 1691 866 1740 hac
906 1689 974 1739 de
1020 1688 1250 1737 historia
1300 1691 1638 1750 sequuntur,
1681 1691 1923 1750 arguunt
1965 1699 2195 1736 manum

560 1761 983 1826 interpolatoris.
1035 1760 1280 1809 Joannes
1324 1759 1604 1809 Mercerus
1660 1763 1717 1809 et
1757 1759 1922 1822 Hugo
1969 1758 2194 1809 Grotius

560 1837 801 1886 fatentur
855 1845 968 1882 non
1022 1829 1444 1894 improbabilem
1508 1842 1630 1879 esse
1686 1833 2018 1880 sententiam
2077 1829 2194 1878 exi-

559 1905 923 1965 stimantium,
949 1903 1153 1952 factum
1180 1902 1289 1952 hoc
1317 1902 1488 1951 fuisse
1500 1901 1772 1952 sacriﬁcio
1798 1899 2196 1964 praecedente.»

624 1979 710 2026 Ea:
744 1988 964 2039 persona
1001 1974 1196 2022 Patris.
1237 1972 1522 2022 Psalmum
1553 1971 1706 2021 hunc
1740 1985 1854 2020 non
1893 1970 2060 2020 modo
2091 1970 2197 2019 sibi

561 2048 757 2099 asserit
792 2045 1066 2094 Dominus
1101 2047 1309 2104 noster,
1350 2042 1561 2104 Matth,
1602 2055 1748 2102 XXII,
1795 2043 1871 2103 44,
1921 2045 1976 2092 et
2025 2040 2193 2102 alibi;

561 2119 660 2171 sed
707 2116 888 2167 Judmi
923 2115 977 2165 id
1021 2116 1230 2178 passim
1278 2119 1608 2177 agnoscunt.
1653 2114 1834 2164 Moses
1871 2113 2194 2178 Haddarisan

558 2192 617 2240 in
647 2190 784 2241 Gen.
825 2173 1166 2247 xxxvrf,12.
1210 2173 1415 2234 Midras
1459 2184 1721 2234 Tehillim
1758 2185 1815 2233 in
1847 2185 1987 2234 Psal.
2032 2173 2100 2233 ιώ
2130 2185 2192 2235 R.

561 2261 723 2314 Saad.
745 2259 902 2310 Gaon
929 2259 987 2307 in
1013 2257 1231 2316 Daniel,
1258 2269 1350 2320 vn,
1380 2259 1458 2308 13.
1488 2257 1664 2306 Talm.
1697 2260 1852 2307 tract.
1881 2256 2192 2317 Beracoth.,

561 2347 608 2384 c.
644 2334 691 2383 5.

621 2403 986 2468 Apostolorum
1008 2399 1202 2463 faciens
1225 2402 1559 2450 mentionem.
1582 2402 1687 2452 Per
1713 2414 1888 2450 servos
1916 2400 2012 2465 qui
2036 2398 2194 2450 missi

560 2477 842 2534 dicuntur,
869 2472 1131 2536 intelligit
1160 2472 1474 2536 Apostolos.

621 2548 703 2597 Ad
726 2549 996 2596 craterem.
1036 2541 1347 2592 Videantur
1378 2541 1526 2592 dicta
1556 2541 1624 2592 ad
1657 2543 1755 2592 lib.
1787 2555 1825 2592 ιι
1856 2541 1928 2592 ad
1959 2541 2190 2603 Quirin.,

561 2633 680 2683 cap.
713 2619 759 2666 2.
792 2617 940 2666 Dum
989 2615 1125 2664 dicit
1164 2627 1346 2663 vinum
1392 2615 1667 2664 miscuisse.
1710 2614 1976 2664 Jansenio
2019 2615 2190 2662 inter-

557 2693 728 2756 prete,
760 2687 816 2736 id
847 2687 1031 2736 solum
1058 2685 1294 2749 intelligi
1325 2684 1509 2746 debet,
1545 2687 1876 2736 ministrasse
1901 2689 1956 2735 et
1974 2697 2192 2748 praepa-

556 2775 620 2811 ra
626 2775 719 2812 836.

621 2832 777 2882 Pleni
825 2834 873 2879 et
913 2827 1212 2892 percalcati.
1267 2841 1389 2878 Lxx
1436 2828 1663 2892 habent,
1717 2827 1926 2892 πλήρους
1981 2841 2189 2874 καταπε-

555 2913 842 2977 πατημένης.
883 2911 1157 2961 Nimirum
1207 2903 1352 2958 ΠΞἾΞ
1400 2909 1552 2972 quod
1597 2909 1872 2959 torculare
1913 2907 2192 2972 signiﬁcat

556 3000 658 3050 pro
692 2997 829 3034 voce
870 2981 1119 3046 ejusdem
1157 2981 1270 3030 fere
1315 2981 1526 3042 formae,
1571 2995 1698 3045 quae
1743 2992 1927 3029 rerum
1971 2979 2189 3041 cOpiam

555 3061 611 3109 et
655 3070 723 3107 ex
770 3054 1044 3104 fructibus
1083 3051 1395 3103 ubertatem
1436 3052 1739 3116 signiﬁcat,
1787 3063 2066 3113 accepere.
2117 3050 2184 3098 D.

556 3132 706 3181 Hier.
736 3127 806 3178 ad
840 3126 1062 3177 Hebraei
1088 3128 1271 3174 textus
1300 3129 1545 3175 mentem
1578 3124 1712 3188 legit
1740 3137 1750 3170 :
1779 3121 2024 3171 Torcular
2047 3119 2187 3168 solus

557 3201 774 3252 ealcavi.

620 3272 818 3328 Nolite,
850 3271 1038 3334 inquit,
1065 3269 1246 3332 priora
1287 3268 1602 3318 meminisse.
1646 3266 1777 3316 ΗίΒο
1814 3264 1882 3314 de
1916 3263 2188 3327 baptismo

557 3344 811 3396 similiter
830 3342 1236 3404 interpretatur,
1268 3339 1304 3388 l.
1333 3353 1350 3388 ι
1378 3339 1450 3388 ad
1482 3339 1686 3400 Quirin.
1715 3351 1764 3387 c.
1798 3337 1875 3385 12.

622 3414 854 3467 Christus
877 3412 967 3474 qui
991 3414 1066 3459 est
1102 3414 1275 3472 petra.
1308 3409 1583 3473 Rigaltius
1608 3409 1682 3456 ait
1713 3423 1724 3455 :
1756 3422 1784 3455 ς
1812 3406 1991 3468 Super
2018 3417 2187 3468 quam

558 3483 857 3537 aediﬁcavit
885 3481 1195 3531 Ecclesiam
1232 3493 1394 3529 suam
1437 3479 1709 3530 Christus.
1738 3477 1806 3526 Et
1841 3481 2024 3526 tamen
2062 3476 2188 3539 ple—

557 3559 745 3621 risque
768 3553 902 3603 locis
927 3550 1239 3614 Cyprianus
1270 3562 1408 3621 quin
1427 3549 1494 3599 de
1529 3554 1681 3621 petra
1719 3548 1982 3621 dicuntur
2008 3550 2186 3621 trans-

557 3617 684 3679 tulit
712 3624 780 3675 ad
811 3622 1114 3682 Simonem,
1147 3621 1239 3670 cui
1281 3619 1535 3670 Christus
1579 3618 1650 3669 ob
1691 3622 1906 3669 rectum
1947 3617 2015 3668 de
2045 3617 2186 3666 Filio

555 3701 658 3753 Dei
684 3695 930 3756 effatum,
960 3705 1163 3742 nomen
1192 3692 1324 3741 fecit
1354 3691 1531 3740 Petro.
1560 3708 1588 3736 »

619 3770 846 3824 Calicem
893 3765 1124 3814 docuerit
1177 3762 1416 3825 exemplo
1471 3761 1766 3826 magisterii
1811 3760 1913 3822 sui,
1971 3760 2087 3809 vini
2135 3761 2188 3808 et

553 3857 703 3909 aqua
754 3837 1116 3902 conjunctione
1169 3834 1389 3909 misceri.
1448 3834 1598 3884 Dicit
1646 3833 1789 3909 intra
1841 3831 2184 3894 Cyprianus,

553 3903 728 3968 e-non
771 3907 1053 3961 observari
1096 3920 1128 3956 a
1169 3905 1332 3956 nobis
1374 3905 1526 3969 quod
1562 3903 1887 3954 mandatum
1923 3907 2025 3963 est,
2076 3903 2186 3952 nisi

553 3988 744 4040 eadem
789 3993 916 4046 qua:
964 3979 1237 4029 Dominus
1279 3977 1430 4038 fecit,
1471 3989 1574 4027 nos
1621 3988 1847 4039 quoque
1893 3973 2184 4046 faciamus,

554 4065 609 4111 et
637 4043 869 4108 calicem
908 4050 1132 4102 Domini
1169 4050 1287 4113 pari
1332 4050 1544 4098 ratione
1577 4049 1896 4107 miscentes,
1927 4059 1958 4094 a
1996 4043 2184 4094 divino

554 4125 870 4192 magisterio
903 4134 1016 4170 non
1059 4121 1406 4170 recedamus.
1449 4137 1477 4165 »
1514 4118 1588 4168 Et
1632 4117 1740 4168 hoc
1776 4116 2038 4174 deinceps
2067 4115 2184 4164 for-

551 4187 677 4252 tius
707 4196 926 4248 videtur
976 4205 1192 4256 urgere.
1239 4192 1405 4241 Porro
1449 4190 1658 4242 veteris
1703 4188 1972 4239 Ecclesiae
2013 4187 2184 4250 scrip-

553 4279 702 4324 tores
749 4267 998 4332 plerique
1048 4263 1424 4324 consentiunt,
1463 4263 1761 4312 Dominum
1800 4261 1854 4308 in
1894 4271 2054 4309 ccena
2081 4271 2185 4308 sua

549 4329 768 4395 vinum_
790 4351 934 4402 aqua
976 4334 1216 4384 dilutum
1263 4335 1603 4398 prepinasse.
1648 4333 1730 4382 Ita
1771 4331 1973 4381 Justin.
2019 4329 2181 4392 Apol.

551 4427 608 4478 Il,
654 4412 913 4464 Clemens
937 4406 1196 4478 Alex.,l.
1233 4419 1270 4455 11
1311 4404 1523 4478 Paedag.
1563 4418 1610 4478 c.
1654 4404 1700 4453 2.
1745 4403 2181 4478 Morem__accer-_-

553 4471 686 4536 sunt
740 4482 932 4531 Patres
992 4477 1244 4527 Trullani
1303 4491 1334 4526 a
1392 4476 1712 4537 traditione,
1771 4487 1894 4524 can.
1942 4473 2036 4534 33,
2083 4471 2183 4522 sed

547 4556 716 4620 hujus
764 4552 842 4602 rei
900 4550 1208 4600 certissima
1281 4547 1485 4621 indicia
1544 4562 1610 4598 ex
1671 4545 1996 4596 Judaaorum
2062 4544 2258 4621 r_iti-D

547 4616 655 4678 bus
709 4626 842 4675 sunt.
881 4621 1244 4672 desumenda.
1293 4619 1535 4670 Credere
1579 4619 1729 4668 enim
1776 4630 1901 4680 pars
1942 4619 2027 4665 est
2072 4616 2182 4664 Do-

2213 1799 2272 1873 B

2206 3174 2260 3248 C

547 4700 762 4750 minum
794 4699 1046 4746 nostrum
1082 4694 1151 4744 ad
1182 4698 1434 4758 receptos
1470 4695 1528 4743 in
1558 4693 1813 4743 Ecclesia
1857 4703 2038 4740 mores
2070 4689 2178 4739 hac

547 4785 623 4823 ex
656 4774 807 4833 parte
835 4781 894 4818 se
921 4766 1389 4818 accommodasse.
1419 4766 1490 4816 Ut
1518 4766 1665 4815 enim
1692 4763 1858 4814 lectio
1894 4761 2178 4812 Paschalis

545 4848 704 4927 t‘t‘l‘]i"t
735 4851 851 4927 sive
882 4848 1232 4927 annuntiatip
1266 4847 1501 4927 dicitur,
1520 4846 1590 4894 ita
1629 4845 1900 4927 jubentur
1925 4841 2177 4906 Apostoli

545 4918 867 4976 ann'untiare
916 4925 1131 4971 mortem
1184 4918 1624 4980 Domini,donec
1677 4920 1899 4968 venerit.
1955 4921 2177 4980 Agnum

539 5015 861 5080 paschalem
905 5011 1257 5076 appellabant
1304 4979 1471 5059 nDDL)
1525 5003 1652 5058 wn:
1691 5020 1892 5080 corpus
1945 5004 2177 5069 pascha-

545 5079 631 5149 tis,
669 5090 744 5136 ita
787 5086 1060 5135 Dominus
1108 5083 1176 5132 de
1207 5095 1349 5146 pane
1384 5080 1766 5130 Eucharistico
1799 5079 1914 5128 ait:
1958 5079 2066 5127 Hoc
2103 5081 2175 5127 est

539 5171 722 5222 corpus
769 5170 958 5206 meum.
1007 5154 1496 5217 Quemadmodum
1535 5153 1700 5202 etiam
1736 5156 1890 5215 pater
1935 5149 2174 5222 familias

539 5250 598 5298 in
625 5211 904 5311 paschatis
926 5211 1294 5297 celebratione
1318 5236 1465 5318 31H:
1486 5238 1550 5318 τι
1569 5236 1722 5318 ἾΠΝἸΑ
1736 5211 1932 5318 ᾗτιιῇ
1952 5211 2173 5318 ῺῚΒΨῸ

537 5321 793 5370 absoluta
853 5317 1245 5368 benedictione
1308 5315 1545 5378 frangit;
1612 5316 1815 5378 pariter
1879 5315 2174 5372 Dominus,

536 5395 766 5453 accepto
811 5403 973 5452 pane,
1023 5394 1290 5454 postquam
1341 5388 1548 5451 gratias
1603 5387 1801 5448 egisset,
1855 5384 2033 5446 fregit.
2090 5384 2171 5432 De

535 5465 666 5512 vino
701 5466 889 5512 autem
937 5461 1158 5511 Hebraai
1195 5461 1450 5510 doctores
1494 5457 1708 5514 dicunt,
1733 5455 1963 5520 perinde
2000 5454 2172 5504 fuisse

534 5543 582 5595 si
627 5544 821 5593 vinum
855 5539 1180 5590 adhibeatur
1213 5543 1308 5590 aut
1357 5553 1591 5592 merum.
1634 5541 1730 5588 aut
1768 5536 2007 5588 dilutum
2047 5531 2170 5581 ‘D'D

533 5628 679 5713 ξῚἾξἹ
712 5628 786 5712 πη
834 5627 896 5713 τη
941 5625 1167 5713 “illi”:
1205 5626 1337 5713 una
1366 5632 1428 5680 ut
1471 5629 1710 5713 traditur
1754 5624 2166 5713 ignTos‘epl-ios‘.

531 5706 692 5760 Unde
719 5700 883 5758 'recte
924 5700 1178 5770 Aquinas
1222 5706 1361 5767 part.
1409 5714 1485 5764 Ill,
1536 5703 1734 5767 quaest.
1783 5701 1862 5762 74,
1908 5703 2008 5749 art.
2043 5700 2072 5749 7
2115 5701 2171 5748 et

522 5784 729 5847 quaret.
757 5779 840 5837 83,
865 5781 965 5830 art.
994 5776 1045 5838 6,
1069 5775 1138 5827 ad
1164 5774 1213 5838 4,
1239 5776 1296 5827 et
1317 5774 1705 5847 Bonaventura
1731 5773 1789 5847 in
1818 5785 1878 5824 1v
1909 5772 2167 5847 Sentent.,

520 5842 773 5907 distinct.
833 5852 926 5917 11,
990 5851 1131 5917 part.
1199 5847 1264 5913 2,
1335 5849 1534 5916 quaest.
1591 5845 1658 5911 3,
1721 5845 1921 5908 dicunt
1981 5842 2169 5896 admi-

1919 272 2090 346 EDIT.
2131 278 2324 346 OXON.
2369 276 2584 350 ΝΟΤΕ,

3733 287 3840 370 1232

2291 407 2528 459 stionem
2553 419 2714 472 aquai
2741 419 2854 458 non
2882 418 3005 479 esse
3039 404 3458 479 de_necessitate
3483 410 3564 461 vel
3591 412 3845 479 integritate

2292 479 2645 529 sacramenti.
2699 478 2952 529 Armenii
3000 477 3227 542 quidem
3285 478 3340 528 in
3393 492 3455 529 ea
3508 488 3645 534 erant
3684 477 3846 542 limi-esi

2293 564 2494 614 aquam
2518 564 2550 599 a
2578 551 2713 600 vino
2755 550 2812 598 in
2854 548 3205 598 Eucharistia
3243 549 3436 600 abesse
3461 556 3659 605 omnino
3681 557 3844 611 debere

2294 623 2390 685 qui
2432 635 2461 671 a
2500 620 2714 685 synodo
2755 621 3079 684 quinisexta
3119 620 3369 670 damnati
3401 621 3626 675 Ecclesia
3650 627 3849 683 Romana

2294 706 2612 756 quanquam
2674 692 2970 743 decernere
3035 692 3290 743 videatur
3357 693 3560 743 calicem
3623 704 3849 762 sanguini:

2295 762 2494 835 Christi
2533 764 2750 812 Domini
2781 777 2882 835 non
2925 765 2976 811 in
3011 776 3147 826 pura
3189 776 3348 827 aqua,
3380 776 3469 813 nec
3515 765 3562 812 in
3602 781 3715 829 puro
3737 773 3847 835 vino,

2292 845 2380 882 seu
2402 834 2510 882 sine
2542 845 2714 896 aqua;
2739 834 2830 883 sed
2859 832 2918 882 in
2952 835 3074 883 vino
3108 847 3247 898 aqua
3285 835 3443 884 misto
3473 847 3568 884 esse
3598 832 3849 891 consecras;

2294 903 2458 952 dum:
2491 906 2674 952 tamen
2714 905 2762 953 si
2813 917 2900 954 res
2943 908 3154 954 attente
3189 909 3485 969 spectetur,
3523 907 3575 955 in
3616 909 3716 957 solo
3750 912 3848 962 vino

2295 972 2734 1023 consecrandum
2787 975 3013 1036 volunt;
3059 980 3290 1026 monent
3340 975 3516 1037 enim,
3551 980 3606 1026 ut
3647 993 3764 1042 aqua
3808 984 3850 1033 in

2294 1045 2455 1095 valde
2483 1045 2682 1108 exigua
2712 1048 3040 1110 quantitate,
3066 1048 3306 1112 Eugenii
3332 1047 3526 1108 verbis,
3546 1049 3847 1115 modicissima,

2296 1121 2628 1179 apponatur;
2682 1121 2736 1168 et
2792 1131 2948 1168 mora
3001 1119 3189 1182 aliqua
3247 1119 3547 1170 intercedat
3590 1120 3711 1172 inter
3752 1126 3851 1174 mis-

2295 1188 2502 1236 tionem
2565 1191 2620 1238 et
2684 1188 3203 1248 consecrationem,
3257 1193 3322 1238 ut
3397 1202 3535 1252 aqua
3596 1191 3646 1239 in
3702 1194 3850 1244 vinum

2295 1258 2520 1309 demum
2567 1259 2639 1308 sit
2680 1272 2964 1309 conversa.
2997 1259 3266 1310 Videatur
3312 1259 3512 1312 Catech.
3551 1263 3678 1310 Rom.
3717 1275 3755 1311 c.
3795 1277 3850 1325 iv,

2296 1343 2476 1394 parag.
2536 1331 2614 1389 17,
2667 1334 2721 1380 et
2767 1331 3103 1381 Sacerdotale
3149 1333 3316 1394 Rom.,
3360 1335 3497 1396 part.
3549 1344 3583 1391 ι,
3627 1335 3760 1382 tract.
3793 1336 3851 1396 t9,

2295 1415 2416 1464 cap.
2443 1404 2492 1451 2.
2523 1401 2593 1451 Et
2619 1402 2676 1450 in
2703 1402 2813 1453 hoc
2849 1403 3076 1466 negotio
3120 1402 3324 1453 adduci
3362 1402 3501 1452 solet
3542 1403 3857 1457 testimonium

2295 1473 2610 1523 Aristotelis
2651 1473 2686 1522 1.
2738 1488 2773 1536 I,
2821 1475 2886 1524 de
2937 1476 3176 1524 Generat.
3224 1477 3273 1522 et
3323 1474 3582 1536 Porrupt.,
3633 1485 3735 1536 cap.
3779 1476 3855 1525 ult.

2295 1544 2400 1594 Ubi
2427 1543 2562 1594 dicit
2595 1544 2786 1594 vinum
2831 1547 2887 1596 in
2932 1546 3162 1597 minima
3207 1546 3516 1610 quantitate
3557 1557 3698 1608 aqua:
3733 1546 3860 1608 injec-

2293 1617 2432 1675 tum,
2482 1615 2540 1664 in
2588 1629 2789 1680 aquam
2855 1619 3117 1677 transire;
3173 1616 3455 1680 μεταϐάλλει
3505 1615 3678 1679 θάτερον
3725 1617 3778 1670 εἰς
3818 1617 3859 1664 τὸ

2293 1685 2496 1750 κρατοῦν
2519 1704 2531 1714 ο
2578 1691 2681 1734 οῖον
2733 1689 3003 1750 σταλαγμὸς
3057 1690 3189 1738 οἳνου
3251 1685 3585 1753 μυριοχοεῦσιν
3630 1686 3772 1740 ὕδατος
3815 1687 3858 1734 οὐ

2295 1758 2512 1819 μίγνυται
2532 1772 2544 1784 ο
2585 1759 2745 1807 λυεται
2793 1759 2885 1823 γὰρ
2922 1759 2977 1808 τὸ
3014 1760 3136 1816 εἶδος
3182 1761 3264 1809 καὶ
3306 1758 3584 1822 μεταϐάλλει
3621 1757 3681 1812 είς
3715 1758 3761 1805 τὸ
3791 1761 3863 1806 πᾶν

2294 1832 2440 1896 ὕδωρ.
2498 1832 2576 1882 Ita
2622 1832 2875 1884 Ecclesia
2931 1834 3181 1886 Romana
3240 1848 3354 1885 non
3406 1835 3623 1884 unicam
3671 1835 3862 1881 tantum-

2296 1904 2463 1953 modo
2539 1903 3216 1958 transsubstantiationem
3278 1907 3336 1956 in
3402 1904 3742 1963 Eucharistia,
3789 1902 3864 1954 sed

2297 1974 2579 2037 duplicem
2629 1976 2898 2038 agnoscit.
2968 1977 3136 2027 Porro
3198 1975 3539 2027 observanda
3598 1976 3730 2025 venit
3782 1973 3860 2024 Bc-

2297 2047 2480 2096 clesiaa
2527 2045 2733 2096 Greece:
2782 2048 3002 2110 praxis,
3053 2047 3122 2098 de
3176 2061 3286 2111 qua
3331 2047 3468 2096 dicit
3516 2044 3743 2095 Balsamo
3793 2043 3862 2106 πρὸ

2293 2113 2377 2164 τοῦ
2424 2117 2708 2176 ἀγιασθῆναι
2741 2117 2796 2165 τὸ
2839 2118 2977 2180 ἅγιον
3015 2119 3260 2183 ποτήριον,
3291 2119 3349 2166 οὔ
3384 2116 3601 2180 βάλλεται
3633 2116 3681 2162 τὸ
3711 2114 3794 2170 ζέον
3816 2115 3864 2170 εἰς

2292 2187 2376 2245 τήν
2405 2187 2592 2250 ἐνωοιν,
2615 2188 2735 2236 ἀλλὰ
2751 2190 2868 2251 μετὰ
2897 2189 2978 2237 τὸν
3005 2189 3264 2251 ἁγιασμόν.
3293 2188 3364 2238 Et
3387 2187 3630 2252 proinde,
3651 2199 3785 2250 aqua,
3808 2197 3864 2234 ex

2294 2271 2487 2308 eorum
2516 2263 2806 2321 sententia,
2833 2274 3055 2312 sacrum
3085 2262 3235 2311 istud
3276 2261 3598 2324 mysterium
3623 2257 3864 2321 consequi.

2294 2331 2399 2391 tur,
2433 2343 2546 2379 non
2577 2330 2900 2394 ingreditur.

2354 2401 2684 2464 E/fundetur.
2717 2403 2893 2454 Favet
2929 2404 3233 2468 Cyprianus
3259 2402 3492 2454 lectioni
3516 2400 3715 2451 illorum
3745 2394 3866 2450 codi-

2293 2486 2420 2522 cum
2449 2475 2541 2536 qui
2573 2474 2784 2524 habent
2809 2475 3209 2539 ἐκχυθησόμενον.

2359 2544 2618 2594 Creatura
2645 2546 2789 2608 vitis,
2823 2548 3111 2610 γεννήματος
3136 2548 3218 2606 τῆς
3243 2545 3481 2608 ἀμπέλου.
3514 2543 3704 2594 Vocem
3729 2543 3866 2605 ipsam

2292 2616 2519 2665 retinuit
2554 2619 2736 2667 versio
2772 2619 3010 2682 Vulgata
3045 2634 3056 2667 :
3093 2622 3213 2671 Non
3252 2617 3424 2667 bibam
3465 2631 3496 2665 a
3540 2614 3680 2666 modo
3712 2622 3764 2664 ae
3795 2611 3866 2661 two

2289 2688 2552 2749 genimine
2579 2689 2720 2738 vitis.

2353 2761 2659 2809 Convertere
2697 2760 3043 2824 Evangelium
3070 2759 3269 2812 Christi
3307 2757 3638 2821 μεταστρέψαι.
3674 2753 3866 2804 Ambro-

2290 2829 2424 2891 sius,
2465 2830 2843 2895 Hieronymus
2888 2835 2943 2882 et
2983 2832 3335 2896 Augustinus
3375 2829 3628 2880 similiter
3669 2839 3727 2877 ea
3762 2836 3866 2874 voce

2289 2903 2538 2950 utuntur.

2349 2973 2508 3024 Galla:
2565 2975 2684 3023 tuus
2745 2973 3034 3024 inebrians.
3093 2972 3278 3034 LXX,
3333 2971 3557 3036 ποτηριὸν
3619 2985 3700 3018 σου
3757 2965 3866 3029 μεθύ-

2287 3061 2402 3093 οκον
2427 3081 2441 3104 ,
2505 3045 2624 3093 ὡσεὶ
2681 3044 2950 3108 κράτιστον.
3017 3044 3338 3102 Inebrians,
3401 3049 3660 3108 tanquam
3711 3040 3867 3088 vinum

2287 3126 2794 3190 generosissimum.
2840 3127 2904 3175 In
2933 3125 3170 3176 Hebraeo
3205 3130 3292 3175 est
3324 3119 3472 3171 'DTD
3507 3129 3562 3175 et
3594 3123 3790 3173 Hieron.
3814 3118 3870 3168 ad

2287 3189 2502 3247 Suniam
2547 3197 2619 3247 ad
2661 3197 2946 3246 Fretellam
3000 3196 3138 3246 dicit
3175 3195 3328 3246 LXX
3370 3195 3652 3259 scripsisse
3688 3189 3868 3253 ποτ-ἤρων

2288 3285 2398 3332 μου.

2347 3342 2386 3391 Α
2417 3353 2594 3404 sapore
2620 3339 2724 3389 isto
2753 3337 3011 3388 saeculari.
3040 3336 3315 3402 Rigaltius
3336 3337 3447 3387 ait:
3471 3354 3500 3382 «
3521 3335 3763 3400 Saporem
3779 3331 3870 3380 vini

2287 3411 2604 3463 communis
2627 3414 2682 3460 et
2721 3411 2936 3474 profani
2961 3409 3094 3460 dicit
3127 3422 3248 3460 esse
3291 3421 3547 3472 saporem
3578 3405 3868 3461 saecularem,

2287 3485 2380 3536 cui
2407 3483 2638 3546 Opponit
2665 3481 3012 3531 intellectum
3039 3481 3312 3542 divinum,
3343 3484 3410 3530 ut
3434 3482 3548 3544 jam
3570 3492 3676 3528 non
3700 3477 3870 3534 vinum,

2286 3554 2379 3606 sed
2404 3553 2630 3617 sanguis
2656 3553 2880 3602 Domini
2911 3552 3278 3616 intelligatur.
3307 3571 3336 3597 »

2359 3629 2483 3676 Vino
2521 3616 2639 3676 isto
2697 3626 2958 3676 communi
3009 3639 3153 3675 mens
3200 3624 3444 3675 solvitur.
3506 3620 3757 3688 Rigaltius
3797 3616 3868 3688 ait,

2284 3715 2314 3748 ς
2347 3699 2554 3748 Vinum
2581 3709 2880 3747 commune
2911 3696 3065 3756 dicit,
3102 3695 3253 3760 quod
3277 3695 3536 3745 nondum
3561 3687 3639 3743 eet
3668 3687 3872 3740 sanctiﬁ-

2285 3774 2471 3822 catum
2495 3770 2613 3818 sive
2649 3772 3040 3818 consecratum
3081 3768 3136 3816 in
3176 3769 3513 3831 sanguinem
3553 3763 3757 3815 Christi.
3784 3760 3871 3808 Ita-

2285 3853 2395 3904 que
2442 3853 2572 3890 mox
2624 3843 2755 3890 vino
2812 3839 2917 3888 isto
2965 3839 3250 3889 communi
3302 3839 3547 3901 opponet
3595 3832 3874 3898 sanguian

2283 3912 2525 3962 Domini.
2553 3912 2678 3961 Jam
2708 3925 2822 3961 non
2850 3915 3014 3962 vocat
3041 3913 3254 3966 vinum,
3285 3911 3385 3958 sed
3406 3907 3738 3971 sanguinem.
3762 3919 3787 3950 ι

2351 3985 2589 4034 Tristitia
2643 3985 2809 4033 omnis
2863 3986 3166 4046 exponitur.
3225 3981 3447 4046 Saapius
3501 3978 3872 4031 admonuimus.

2284 4068 2471 4119 exponi
2524 4055 2673 4104 idem
2735 4067 2859 4105 esse
2914 4045 3061 4118 apud
3119 4053 3495 4118 Cyprianum,
3545 4063 3610 4102 ac
3658 4063 3687 4100 e
3727 4045 3874 4098 medio

2283 4127 2418 4178 tolli.

2347 4197 2573 4249 Peccatis
2607 4198 2917 4262 augentibus
2939 4197 3290 4264 premebatur.
3318 4195 3597 4260 Rigaltius
3623 4193 3695 4264 ait
3719 4206 3729 4239 :
3757 4207 3783 4237 ε
3801 4187 3874 4239 Sic

2283 4284 2449 4334 supra
2471 4269 2628 4333 epist.
2654 4270 2736 4331 56,
2765 4268 2904 4318 dixit
2942 4283 2953 4316 :
2988 4269 3270 4320 Pressuris
3297 4266 3632 4330 augentibus
3664 4263 3877 4324 frequen-

2285 4347 2366 4391 ter
2396 4341 2600 4405 urgeri.
2629 4357 2658 4388 »

2353 4400 2594 4461 Videmus
2631 4413 2689 4460 in
2730 4425 2875 4475 aqua
2907 4410 3158 4476 populum
3195 4408 3448 4474 intelligi.
3496 4408 3797 4458 Bertramus
3833 4400 3877 4450 in

2282 4485 2424 4534 libro
2471 4484 2537 4532 de
2581 4486 2808 4547 Corpore
2851 4487 2902 4533 et
2945 4484 3217 4546 Sanguine
3263 4481 3498 4540 Domini,
3537 4480 3634 4543 qui
3678 4476 3877 4537 scriptus

2282 4556 2427 4606 circa
2456 4555 2703 4604 medium
2732 4556 2867 4604 noni
2914 4555 3126 4615 saeculi,
3161 4565 3231 4603 ex
3275 4553 3363 4602 his
3398 4551 3585 4601 verbis
3627 4549 3703 4598 sic
3740 4556 3876 4615 arguj

2279 4630 2556 4678 mentatur
2609 4641 2619 4674 :
2669 4613 3150 4678 Considerandum
3213 4637 3441 4689 quoque
3495 4621 3711 4684 (inquit)
3758 4613 3877 4681 quod

2277 4699 2335 4747 in
2366 4711 2510 4762 pane
2549 4698 2646 4748 illo
2690 4710 2803 4748 non
2847 4697 3028 4748 solum
3065 4709 3268 4760 corpus
3307 4694 3540 4752 Christi,
3568 4703 3751 4742 verum
3774 4699 3877 4762 cor-

2276 4757 2386 4832 pus
2419 4770 2587 4819 etiam
2636 4770 2691 4817 in
2738 4783 2861 4819 eum
2900 4757 3182 4819 credentis
3217 4766 3409 4830 p0puli
3447 4765 3728 4828 ﬁguretur,
3758 4757 3875 4808 unde

2276 4840 2468 4891 multis
2526 4841 2789 4891 frumenti
2857 4839 3043 4904 granis
3122 4838 3454 4896 conﬁcitur;
3524 4835 3654 4899 quia
3709 4840 3877 4904 corpus

2276 4912 2468 4974 populi
2513 4909 2789 4961 credentis
2845 4899 3053 4970 multis,
3098 4922 3198 4972 per
3249 4907 3485 4957 verbum
3534 4904 3733 4956 Christi
3770 4899 3876 4974 ﬁde-

2275 4971 2424 5031 libus
2465 4985 2908 5046 coagmentetur,
2965 4994 3074 5045 qua
3100 4971 3192 5030 ide
3246 4991 3302 5029 re
3351 4979 3505 5028 sicut
3553 4978 3612 5026 in
3652 4971 3876 5046 mysterio

2275 5054 2433 5116 panis
2489 5044 2590 5104 ille-
2633 5053 2840 5104 Christi
2885 5044 3088 5116 corpus
3143 5052 3446 5115 accipitur,
3505 5050 3588 5100 sic
3643 5051 3793 5097 etiam
3834 5044 3874 5091 in

2275 5126 2539 5189 mysterio
2589 5125 2838 5177 membra
2890 5126 3078 5189 populi
3128 5123 3405 5174 credentis
3460 5116 3876 5189 intimanturpet

2274 5185 2419 5247 sicut
2468 5212 2581 5247 non
2628 5185 3006 5261 corporaliter,
3055 5195 3155 5247 sed
3207 5193 3576 5258 spiritualiter
3624 5191 3770 5256 panis
3803 5185 3875 5236 ille

2274 5268 2621 5319 credentium
2657 5281 2858 5331 corpus
2893 5268 3117 5324 dicitur,
3154 5268 3237 5316 sic
3280 5277 3508 5330 quoque
3553 5261 3751 5314 Christi
3777 5268 3875 5331 corf

2271 5352 2378 5403 pus
2427 5353 2540 5389 non
2583 5326 2958 5402 corporaliter,
2993 5337 3090 5388 sed
3141 5326 3507 5402 spiritualiter
3553 5341 3770 5403 necesse
3809 5326 3876 5403 es}

2273 5397 2627 5474 intelligatur.
2658 5397 2750 5461 Sic
2787 5413 2844 5460 et
2879 5397 2954 5459 inv
2981 5411 3129 5472 vino,
3171 5397 3273 5473 qui
3312 5407 3545 5472 sanguis
3579 5402 3774 5474 Christi
3815 5397 3875 5446 di-

2272 5483 2437 5541 citur,
2459 5472 2627 5546 'aqua
2656 5482 2878 5533 misceri
2918 5480 3166 5545 jubetur,
3205 5472 3312 5531 nec
3358 5492 3537 5528 unum
3580 5472 3873 5546 sinesltero

2269 5544 2606 5618 permittitur
2640 5553 2821 5604 offerri
2870 5567 2882 5602 :
2921 5544 3054 5618 quia
3091 5566 3198 5604 nec
3237 5552 3480 5617 populus
3519 5551 3640 5600 sine
3671 5544 3873 5601 Christo.

2269 5638 2376 5675 nec
2406 5623 2659 5676 Christus
2703 5626 2823 5675 sine
2864 5623 3088 5689 pOpulo,
3115 5625 3259 5674 sicut
3298 5635 3401 5674 nec
3437 5624 3606 5687 caput
3636 5619 3760 5689 sine
3778 5625 3874 5665 cor-

2267 5709 2418 5761 pore,
2463 5709 2569 5748 nec
2615 5709 2817 5762 corpus
2863 5688 2986 5746 sine
3014 5697 3193 5761 capite
3229 5693 3378 5747 valet
3413 5694 3696 5745 exsistere.
3720 5688 3872 5762 Aqua

2269 5760 2513 5835 denique
2575 5769 2634 5820 in
2691 5760 3042 5821 sacramento
3107 5766 3303 5832 populi
3357 5768 3540 5832 gestat
3595 5760 3868 5830 originem:

2267 5839 2434 5908 igitur
2457 5841 2505 5896 si
2535 5841 2729 5894 vinum
2761 5838 2902 5894 illud
2941 5839 3350 5895 sanctiﬁcatum
3382 5849 3482 5912 per
3523 5835 3868 5891 ministram
