4144 6192
285 253 422 316 1233

282 456 449 515 titur;
512 468 657 519 aqua
714 468 939 519 quoque
998 470 1124 519 qua:
1177 457 1381 519 pariter
1428 456 1659 507 admista
1713 461 1814 515 est,
1868 458 1923 506 in

279 527 613 590 sanguinem
670 527 860 590 populi
911 526 1184 577 credentis
1230 542 1455 579 necesse
1502 534 1581 577 est
1619 529 1926 590 corporali-

279 602 365 648 ter
407 601 777 649 convertatur.
822 598 923 648 Ubi
964 612 1208 662 namque
1253 612 1363 649 una
1414 600 1781 651 sanctiﬁcatio
1824 604 1923 660 est,

280 682 393 718 una
452 670 861 733 consequenter
908 670 1188 732 Operatio;
1235 674 1289 721 et
1340 671 1436 721 ubi
1478 686 1574 734 par
1619 671 1776 729 ratio,
1828 684 1927 734 par

281 754 511 804 quoque
578 741 938 805 consequitur
998 742 1349 803 mysterium.
1414 744 1487 791 At
1547 741 1804 791 videmus
1868 742 1924 790 in

277 824 425 875 aqua
463 812 774 862 secundum
819 825 1021 876 corpus
1062 812 1201 861 nihil
1244 825 1362 862 esse
1406 825 1752 871 conversum,
1782 824 1923 861 con-

276 888 583 947 sequenter
625 897 753 945 ergo
795 888 849 934 et
898 884 954 932 in
993 884 1123 933 vino
1160 884 1301 933 nihil
1347 884 1704 947 corporaliter
1740 886 1922 932 osten-

276 968 420 1004 sum.
476 956 761 1018 Accipitur
811 955 1185 1017 spiritualiter,
1244 954 1521 1018 quidquid
1564 956 1622 1003 in
1665 968 1807 1018 aqua
1858 953 1926 1002 de

272 1026 466 1090 pOpuli
503 1039 727 1088 corpore
766 1024 1131 1089 signiﬁcatur;
1173 1026 1506 1089 :cccipiatur
1531 1038 1659 1089 ergo
1701 1036 1927 1075 necesse

280 1103 366 1149 est
398 1097 770 1161 spiritualiter,
797 1095 1066 1160 quidquid
1098 1098 1153 1145 in
1190 1099 1318 1147 vino
1340 1097 1409 1148 de
1431 1097 1633 1148 Christi
1656 1099 1927 1161 sanguine

278 1170 585 1219 intimatur.
611 1182 642 1215 »

342 1241 404 1289 In
444 1240 568 1289 vino
610 1252 731 1287 vero
775 1238 996 1287 ostendit
1028 1238 1339 1301 sanguinem
1387 1239 1598 1291 Christi.
1646 1239 1927 1303 Rigaltius

284 1313 361 1362 ait
395 1328 405 1360 :
434 1328 463 1359 ‹‹
502 1310 680 1373 Supra
724 1309 831 1359 hac
865 1310 1021 1371 epist.
1057 1309 1264 1358 Vinum
1314 1324 1424 1373 quo
1460 1310 1663 1360 Christi
1705 1311 1928 1373 sanguis

285 1382 613 1434 ostenditur.
643 1381 713 1430 Et
740 1379 832 1430 hic
863 1380 1031 1442 paulo
1061 1384 1204 1443 post,
1236 1379 1332 1429 ubi
1369 1380 1437 1430 de
1475 1395 1620 1444 aqua
1655 1396 1666 1428 :
1701 1395 1813 1445 quo
1872 1386 1927 1430 et

287 1458 406 1520 ipso
442 1456 789 1503 sacramento
833 1451 1071 1514 pOpulus
1110 1451 1421 1501 ostenditur
1470 1452 1762 1501 adunalus.
1817 1452 1925 1503 Os—

283 1524 550 1581 tenditur,
597 1537 662 1573 eo
715 1536 883 1573 sensu
926 1535 1037 1585 quo
1088 1522 1227 1571 dixit
1273 1522 1381 1573 hoc
1430 1524 1551 1587 ipso
1603 1524 1725 1574 loco
1775 1539 1785 1572 :
1842 1526 1925 1573 vi-

286 1597 485 1647 demus
542 1596 597 1645 in
640 1608 785 1659 aqua
827 1594 1094 1658 populum
1145 1594 1395 1658 intelligi.
1452 1595 1719 1645 Videatur
1762 1596 1921 1660 epist.

286 1670 365 1720 69.
390 1685 416 1714 ι)

348 1738 610 1799 Quomodo
669 1751 761 1787 nec
809 1738 989 1787 uinum
1040 1734 1206 1786 solum
1259 1742 1439 1800 potest.
1494 1737 1749 1789 Manente
1802 1738 1919 1788 scil.

287 1816 507 1875 recepto
554 1812 614 1859 in
674 1810 926 1861 Ecclesia
984 1822 1110 1858 usu.
1175 1807 1285 1858 Sed
1345 1809 1755 1871 annotandum,
1811 1823 1923 1858 non

286 1896 505 1946 semper
547 1881 689 1931 illud
734 1881 881 1946 quod
934 1880 1259 1944 mysterium
1304 1881 1363 1929 in
1406 1895 1465 1931 se
1514 1882 1799 1931 continere
1842 1880 1925 1929 di-

287 1955 448 2015 citur,
478 1956 745 2017 perpetuo
776 1956 956 2002 ratum
988 1956 1365 2015 sanctumque
1408 1953 1463 2001 in
1507 1951 1759 2002 Ecclesia
1807 1964 1929 2013 per-

286 2028 489 2076 manet.
550 2025 693 2075 Olim
741 2037 884 2087 pane
940 2024 1333 2087 grandiusculo
1380 2022 1681 2072 utebantur
1731 2022 1926 2071 ﬁdeles

287 2097 342 2145 in
368 2095 741 2156 Eucharistia,
772 2100 836 2145 ut
882 2098 1157 2158 quotquot
1200 2094 1453 2157 ejusdem
1490 2094 1788 2158 participes
1818 2092 1926 2142 ﬁe-

281 2172 427 2227 rent,
467 2180 614 2216 unus
659 2167 819 2230 panis
865 2166 1293 2215 ostenderentur
1335 2179 1476 2226 esse,
1509 2170 1563 2214 et
1604 2165 1759 2215 fracti
1808 2177 1927 2213 cor-

281 2239 432 2302 poris
491 2238 715 2287 Domini
766 2236 1160 2286 communione
1222 2235 1432 2284 donati.
1487 2235 1764 2297 Deinceps
1818 2247 1924 2281 usu

283 2311 437 2358 venit
503 2315 565 2358 ut
627 2308 962 2371 placentulaa
1030 2306 1461 2366 adhiberentur,
1522 2306 1620 2357 sed
1674 2304 1925 2355 nondum

286 2381 451 2444 periit
498 2381 857 2443 mysterium;
906 2379 1018 2428 illaa
1056 2380 1206 2428 enim
1245 2377 1569 2427 nummulos
1616 2389 1927 2439 repraesen-

284 2455 421 2511 tant,
471 2450 751 2501 Dominici
799 2450 1047 2512 corporis
1098 2450 1354 2511 pretium.
1402 2449 1483 2497 Ita
1544 2447 1649 2497 hac
1696 2449 1815 2509 ipsa
1869 2446 1924 2494 in

289 2522 523 2584 epistola
564 2522 729 2571 refert
778 2525 970 2571 auctor
1019 2525 1235 2579 noster,
1290 2518 1701 2568 Eucharistiam
1750 2518 1926 2581 primo

285 2607 317 2643 a
351 2594 592 2643 Domino
627 2596 796 2642 noctu
833 2590 1187 2650 celebratam,
1220 2590 1319 2639 sed
1344 2604 1448 2639 nec
1483 2590 1591 2639 hoc
1623 2591 1741 2639 sine
1773 2602 1922 2651 mys-

284 2665 455 2723 terio,
506 2680 535 2708 «
581 2668 644 2712 ut
691 2663 826 2712 hora
868 2664 986 2726 ipsa
1044 2661 1304 2711 sacriﬁcii
1366 2661 1683 2711 ostenderet
1732 2672 1925 2722 veSpe-

286 2748 404 2785 ram
443 2734 659 2795 mundi,
704 2734 850 2783 sicut
894 2736 951 2782 in
990 2732 1185 2782 Exodo
1226 2733 1497 2796 scriptum
1539 2736 1624 2782 est
1666 2746 1676 2778 :
1718 2730 1788 2780 Et
1832 2742 1927 2778 oc-

284 2804 473 2855 cident
506 2805 664 2853 illum
709 2817 871 2853 omne
911 2804 1114 2866 vulgus
1154 2816 1451 2867 synagogas
1482 2802 1727 2852 ﬁliorum
1760 2799 1929 2849 Israel

286 2876 355 2925 ad
380 2889 687 2939 vesperam.
715 2890 745 2921 »
787 2874 989 2925 Subdit
1027 2888 1189 2937 porro
1228 2890 1240 2921 :
1284 2894 1311 2919 «
1353 2876 1463 2924 Nos
1509 2882 1698 2924 autem
1742 2884 1927 2921 resur-

284 2948 590 2998 rectionem
639 2947 861 2996 Domini
912 2959 1079 2995 mane
1134 2945 1511 3003 celebramus;
1559 2944 1711 2997 unde
1757 2944 1926 2992 etiam

283 3019 512 3083 patebit,
557 3018 707 3082 quod
750 3036 777 3063 «
830 3019 886 3067 in
929 3018 1138 3066 lumine
1190 3016 1397 3067 Christi
1442 3016 1728 3066 ambulare
1772 3014 1929 3063 volu-

284 3104 428 3140 mus.
483 3109 509 3135 »
574 3091 774 3147 Porro,
834 3103 980 3153 aqua
1033 3089 1260 3138 decreto
1326 3088 1566 3151 Eugenii
1636 3085 1924 3136 Pontiﬁcis

1642 244 1821 316 EDIT.
1862 252 2062 314 OXON.
2103 250 2318 312 NOTIE.

278 380 558 466 ofﬁcium,
586 380 644 433 in
682 379 889 435 Christi
932 381 1260 448 sanguinem
1281 382 1652 466 corporali-ter
1693 397 1924 466 conver-
1949 391 2004 466 Α
2030 377 2384 466 ᾳῃίᾼᾶρῐοῌοίο
2406 375 2515 466 ait
2559 392 2570 466 ξ

1946 1771 1999 1843 Β

3524 257 3658 315 1234

2617 376 2810 443 Neque
2856 376 3005 429 aliud
3056 378 3148 430 ﬁat
3195 394 3222 430 a
3277 380 3438 432 nobis
3490 396 3659 449 quam

2031 450 2179 514 quod
2228 463 2324 512 pro
2357 449 2520 498 nobis
2562 449 2835 499 Dominus
2880 453 3027 513 prior
3060 452 3265 501 fecerit.
3298 454 3367 502 Et
3410 454 3515 505 hoc
3542 457 3661 519 ipso

2029 522 2152 571 loco
2200 535 2211 568 :
2265 520 2473 569 Nostrae
2520 519 2913 582 redemptionis
2968 528 3374 572 sacramentum
3426 526 3506 574 fas
3551 541 3661 576 non

2030 597 2111 644 est
2160 593 2481 655 infringere,
2529 595 2624 639 aut
2673 592 2728 639 in
2774 591 2925 640 aliud
2972 606 3141 655 quam
3199 596 3346 657 quod
3395 596 3664 647 divinitus

2029 664 2348 713 institutum
2417 663 2523 723 sit,
2583 662 2829 710 humana
2892 664 3179 714 traditione
3238 672 3469 717 mutare.
3522 670 3593 719 Et
3653 684 3664 717 :

2030 736 2222 799 Neque
2253 735 2401 785 enim
2442 734 2685 783 hominis
2728 736 3187 785 consuetudinem
3231 740 3387 801 sequi
3429 746 3661 803 oportet,

2029 807 2128 856 sed
2176 807 2276 856 Dei
2324 806 2630 855 veritatem.
2679 806 2939 855 Attamen
2987 808 3133 855 idem
3176 809 3291 871 ipse
3331 810 3661 874 Cyprianus,

2027 879 2134 928 hac
2180 879 2453 941 ipsissima
2498 878 2743 941 Epistola
2790 878 2975 928 dicet:
3020 880 3088 928 At
3130 883 3277 929 enim
3319 897 3429 932 non
3478 900 3663 946 mane,

2028 951 2125 1001 sed
2169 954 2293 1014 post
2331 964 2547 1001 caenam
2586 951 2811 999 mistum
2862 951 3094 1001 calicem
3142 952 3339 1002 obtulit
3370 956 3663 1018 Dominus,

2028 1020 2311 1085 Numquid
2364 1034 2492 1083 ergo
2544 1021 2903 1070 Dominicum
2952 1026 3076 1084 post
3119 1036 3335 1074 caenam
3387 1027 3665 1079 celebrare

2029 1093 2346 1143 debemus?
2404 1092 2729 1141 Tertulliani
2799 1092 2865 1141 de
2937 1098 3145 1144 (for-ana
3196 1096 3337 1145 liber
3400 1097 3667 1149 adversus

2027 1163 2330 1227 Psychicos
2372 1168 2429 1213 et
2469 1162 2767 1213 Gnosticos
2814 1165 3057 1227 scriptus
3110 1170 3208 1215 est.
3259 1167 3473 1217 Horum
3526 1171 3663 1221 illud

2028 1239 2145 1285 erat
2190 1236 2355 1285 etiam
2409 1236 2464 1284 in
2511 1235 2821 1284 traditionis
2883 1236 3116 1287 obtentu
3160 1239 3490 1303 exigendam
3542 1256 3664 1293 esse

2028 1307 2410 1355 auctoritatem
2465 1306 2743 1369 scriptam.
2801 1307 2995 1370 Itaque
3052 1310 3317 1359 adversus
3364 1312 3501 1361 istos
3557 1314 3666 1364 hoc

2026 1381 2262 1427 tractare
2295 1378 2504 1441 incipit,
2542 1378 2808 1439 plurimas
2849 1379 3173 1429 traditiones
3216 1381 3426 1445 absque
3464 1390 3668 1435 aucto-

2025 1449 2186 1497 ritate
2230 1448 2452 1510 scripta,
2501 1452 2557 1499 et
2608 1450 2753 1498 circa
2800 1449 3090 1512 baptisma,
3135 1456 3189 1502 et
3238 1453 3385 1503 circa
3438 1456 3665 1506 Eucha-

2025 1520 2235 1568 ristiam
2284 1523 2535 1589 receptas
2586 1520 2773 1577 fuisse,
2829 1521 3034 1584 quibus
3092 1522 3279 1574 deberi
3334 1524 3665 1589 obsequium

2024 1590 2240 1639 fatetur.
2290 1588 2383 1639 Sic
2426 1589 2672 1653 opinioni
2722 1594 2777 1639 et
2822 1604 3006 1642 causa;
3045 1607 3162 1643 suaa
3205 1595 3443 1659 quisque
3486 1588 3661 1648 velifi-

2024 1664 2129 1711 cat.
2158 1675 2186 1706 »

2085 1740 2147 1787 In
2179 1738 2459 1798 sacriﬁciis
2497 1741 2786 1791 matutinis.
2835 1742 3109 1804 Rigaltius
3144 1745 3221 1794 ait
3257 1760 3270 1794 :
3312 1764 3338 1793 ‹‹
3367 1748 3661 1799 Tertullia-

2025 1824 2152 1871 nus,
2193 1811 2362 1861 etiam
2407 1811 2753 1861 antelucanis
2792 1814 3050 1865 ccetibus.
3106 1815 3270 1866 Horis
3318 1819 3666 1871 antelucanis

2023 1882 2432 1932 Eucharistiam
2480 1882 2868 1943 celebrabant,
2916 1887 3045 1949 quia
3100 1888 3146 1936 si
3208 1889 3552 1940 distulissent
3607 1893 3664 1941 in

2024 1967 2199 2005 οωῡω
2246 1958 2493 2016 tempus,
2537 1954 2695 2017 plebs
2739 1955 2806 2004 ad
2856 1958 3172 2007 convivium
3221 1963 3513 2011 convocari
3554 1976 3665 2012 non
3724 2004 3727 2013 λ

2023 2026 2311 2088 potuisset.
2343 2024 2463 2074 Hoc
2488 2026 2730 2075 innuunt
2773 2028 2829 2076 in
2870 2027 3147 2091 Cypriano
3174 2032 3464 2094 sequentia
3494 2034 3661 2096 paulo

2024 2103 2163 2160 post.
2195 2097 2565 2146 Tertullianus
2595 2102 2779 2148 autem
2806 2113 2933 2149 cum
2962 2101 3400 2153 aitantelucanis
3424 2105 3663 2156 ccntibus

2025 2168 2432 2219 Eucharistiam
2491 2169 2774 2226 celebrari,
2831 2170 3033 2221 fatetur
3082 2174 3245 2222 etiam
3302 2174 3359 2223 in
3418 2180 3663 2239 tempore

2026 2240 2208 2289 victus
2244 2239 2576 2289 celebratam
2609 2239 2803 2291 fuisse.
2833 2256 2862 2287 »

2089 2312 2189 2359 Per
2232 2325 2467 2373 saporem
2497 2311 2624 2361 vini.
2673 2313 3053 2363 Tertullianus
3094 2315 3152 2364 in
3188 2316 3284 2365 lib.
3330 2330 3368 2367 η
3406 2319 3479 2367 ad
3520 2320 3664 2369 Uxo-

2025 2394 2155 2439 rem,
2196 2394 2244 2430 c.
2286 2383 2337 2437 5,
2378 2395 2494 2430 rem
2536 2385 2705 2430 totam
2746 2385 3070 2447 exsequitur
3113 2400 3124 2433 :
3171 2404 3199 2430 «
3244 2386 3463 2447 Quanto
3503 2404 3661 2440 cura-

2027 2453 2171 2500 veris
2232 2465 2295 2501 ea
2354 2452 2672 2513 occultare,
2734 2457 2885 2503 tanto
2936 2457 3276 2518 suspectiora
3332 2459 3562 2520 feceris,
3614 2466 3667 2512 et

2026 2524 2202 2585 magis
2230 2522 2499 2586 captanda
2534 2524 2725 2586 gentili
2765 2526 3090 2576 curiositati.
3119 2527 3410 2579 Latebisne
3438 2534 3497 2579 tu
3535 2546 3664 2582 cum

2027 2594 2312 2653 lectulum,
2345 2608 2473 2643 cum
2516 2597 2909 2659 corpusculum
2954 2602 3110 2647 tuum
3153 2600 3355 2662 signos,
3392 2615 3519 2652 cum
3562 2604 3663 2652 ali-

2027 2664 2161 2728 quid
2204 2665 2555 2714 immundum
2604 2667 2801 2716 stantis
2849 2668 3123 2731 explodis,
3176 2684 3307 2719 cum
3352 2673 3515 2722 etiam
3568 2688 3666 2737 per

2026 2738 2549 2809 noctemgexsurgis
2603 2741 2866 2787 oratum?
2915 2744 2967 2789 et
3028 2754 3140 2789 non
3196 2744 3392 2805 magiaa
3448 2745 3660 2809 aliquid

2028 2806 2304 2857 videberis
2352 2810 2608 2870 Operari‘?
2652 2810 2773 2859 Non
2818 2810 2956 2860 sciet
2998 2812 3227 2860 maritus
3267 2814 3399 2876 quid
3451 2806 3660 2865 secreto

2028 2880 2153 2927 ante
2201 2892 2424 2927 omnem
2464 2880 2649 2929 cibum
2694 2884 2926 2943 gustes?
2977 2886 3031 2931 et
3081 2884 3126 2931 si
3173 2885 3395 2934 sciverit
3439 2901 3660 2949 panem,

2026 2962 2138 2998 non
2170 2949 2329 2998 illum
2370 2951 2549 3001 credit
2590 2966 2709 3002 esse
2745 2954 2843 3016 qui
2887 2953 3129 3003 dicitur?
3154 2973 3181 3001 »
3222 2956 3432 3007 Revera
3473 2964 3664 3010 matu-

2027 3021 2470 3095 tina,_jentacula
2510 3022 2719 3095 ﬁebant
2762 3038 2830 3073 ex
2866 3026 3001 3075 meri
3045 3026 3269 3087 haustu,
3306 3028 3456 3079 unde
3503 3032 3665 3095 ἀκρα-

2025 3090 2431 3165 τίζεσθαιᾘθρυᾶ
2498 3094 2723 3143 Griecos
2805 3099 2889 3145 est
2950 3098 3205 3157 jentare,
3265 3102 3319 3149 et
3390 3090 3663 3165 ἀμράτιομα

281 3161 441 3211 Rom.
480 3160 708 3224 jubetur
751 3140 1043 3210 admisceri
1086 3159 1247 3209 calici
1291 3140 1673 3235 consecrando
1718 3158 1775 3206 in
1818 3140 2000 3214 mo-C
2022 3162 2289 3224 jentaculi
2320 3140 2605 3227 ‘sumptio;
2652 3166 2749 3215 sed
2789 3167 2914 3216 hwc
2950 3140 3023 3216 ad
3070 3140 3663 3235 reuni'nas'nSE'EBéE:

280 3232 400 3282 dica
432 3234 767 3296 quantitate;
801 3232 872 3280 ita
913 3244 1010 3293 per
1055 3243 1350 3281 excessum
1396 3231 1508 3279 vini
1551 3243 1716 3292 supra
1751 3240 1923 3291 quan-

282 3306 497 3354 titatem
542 3318 722 3369 aquae,
768 3316 1031 3353 excessus
1082 3304 1410 3352 meritorum
1458 3301 1663 3352 Christi
1705 3298 1922 3348 Domini

283 3379 339 3425 et
370 3374 655 3439 dignitatis
682 3376 805 3437 ejus
833 3387 999 3436 supra
1034 3376 1287 3422 naturam
1321 3373 1643 3430 humanam,
1675 3373 1729 3420 et
1756 3380 1922 3431 supra

279 3451 508 3509 peccata
539 3447 758 3509 generis
794 3444 1027 3493 humani
1065 3445 1428 3507 signiﬁcatur.
1460 3444 1570 3494 Sed
1598 3456 1711 3492 non
1738 3442 1924 3489 minus

282 3518 535 3578 feliciter,
589 3531 742 3569 mero
798 3516 1071 3577 adhibito,
1122 3530 1225 3565 nos
1279 3517 1414 3567 solis
1460 3515 1667 3566 Christi
1712 3511 1924 3563 meritis

280 3594 336 3639 et
406 3591 675 3652 sanguine
746 3589 947 3639 salvari
1014 3587 1346 3639 ostenditur.
1415 3587 1682 3637 Similiter
1756 3584 1925 3633 etiam

287 3661 467 3712 Graeci
498 3663 802 3711 ferventem
837 3673 1041 3723 aquam
1069 3660 1228 3709 calici
1245 3664 1573 3710 consecrato
1603 3654 1920 3707 infundunt.

278 3732 351 3782 ad
416 3731 868 3796 signiﬁcandum,
926 3732 1227 3793 interprete
1284 3730 1638 3790 Balsamone,
1692 3730 1749 3777 in
1797 3737 1919 3776 can.

277 3805 342 3855 32
394 3806 615 3855 concilii
648 3803 930 3863 Trullani,
980 3801 1065 3851 τοῦ
1121 3802 1239 3850 εἶναι
1312 3802 1525 3857 ζωοποιὰ
1572 3802 1632 3849 τὰ
1685 3800 1780 3849 ἀπὸ
1838 3801 1922 3859 τῆς

278 3876 418 3937 ἁγίας
478 3877 683 3939 πλευρᾶς
745 3871 829 3923 τοῦ
899 3874 1082 3938 Κυρίου
1130 3873 1264 3935 ἡμῶν
1328 3871 1489 3930 Ἰησοῦ
1552 3870 1756 3935 Χριστοῦ
1814 3872 1918 3935 ῥεύ-

278 3964 443 3996 σαντα.
511 3947 734 4012 Frigida
780 3950 1013 3995 utuntur
1059 3945 1259 4005 Latini,
1313 3950 1376 3994 ut
1423 3948 1697 3995 testentur
1740 3943 1922 3993 Chris-

282 4024 402 4069 tum
447 4032 575 4069 vere
618 4020 789 4068 fuisse
834 4023 1136 4077 mortuum,
1173 4021 1227 4066 et
1271 4029 1383 4065 non
1429 4016 1539 4064 nisi
1582 4021 1758 4065 morte
1799 4016 1922 4076 ejus

282 4104 387 4139 nos
419 4090 635 4148 salvari,
673 4090 880 4139 Pariter
916 4089 973 4137 in
1009 4088 1283 4150 baptismo
1314 4086 1518 4137 accidit
1554 4100 1565 4132 :
1606 4085 1740 4134 olim
1783 4087 1922 4134 trina

280 4163 563 4212 immersio
597 4162 1002 4225 requirebatur,
1049 4164 1110 4209 ut.
1155 4158 1211 4209 S.
1260 4160 1546 4210 Trinitatis
1596 4160 1736 4209 ratio
1781 4173 1922 4209 con-

275 4236 482 4293 staret;
535 4232 665 4281 dein
721 4234 886 4282 unica
948 4232 1245 4292 successit,
1303 4236 1366 4281 ut
1412 4232 1594 4281 Deum
1656 4245 1837 4280 unum
1891 4246 1922 4281 a

276 4304 441 4353 nobis
486 4304 735 4367 agnitum
787 4302 1187 4367 proﬁteremur.
1256 4303 1549 4352 Immersio
1607 4304 1773 4352 etiam
1829 4316 1923 4353 ne-

276 4374 515 4423 cessaria
545 4374 858 4433 videbatur,
884 4378 947 4423 ut
971 4373 1247 4437 baptismo
1278 4374 1479 4435 sepulti
1522 4385 1655 4422 cum
1701 4372 1921 4423 Christo

276 4446 597 4496 videremur
656 4459 668 4492 :
721 4444 849 4493 dein
905 4459 1049 4508 aqua
1112 4446 1491 4506 aspergimur,
1559 4448 1623 4493 ut
1674 4446 1908 4507 sangui~

275 4518 365 4567 nis
425 4518 546 4580 ejus
600 4517 919 4581 aspersione
958 4504 1191 4579 purgati
1253 4504 1674 4579 cognoscamur.
1729 4504 1985 4576 SiiniliD

276 4588 461 4649 modo,
502 4589 665 4638 lactis
708 4593 764 4639 et
811 4589 993 4638 mellis
1045 4587 1341 4637 concordia
1390 4602 1551 4650 aqum
1596 4588 1915 4651 baptismali

278 4660 606 4720 addebatur,
640 4673 766 4724 quae
816 4660 942 4710 ideo
988 4660 1059 4709 ad
1102 4660 1271 4708 altare
1314 4672 1439 4708 cum
1486 4660 1616 4708 vino
1658 4664 1713 4709 et
1750 4659 1917 4722 Spicis

278 4731 688 4789 offerebantur;
717 4745 844 4796 quae
872 4736 1055 4781 tamen
1091 4735 1281 4794 postea
1309 4744 1377 4780 ex
1409 4744 1691 4779 canonum
1727 4729 1916 4779 decre-

280 4805 352 4853 tis
393 4804 449 4853 in
480 4804 909 4855 desuetudinem
944 4803 1109 4863 ivere,
1135 4804 1292 4854 salvo
1322 4803 1542 4851 interim
1587 4800 1919 4851 sacramenti

280 4875 565 4937 mysterio.

344 4948 406 4996 In
471 4945 734 5007 sacriﬁcio
801 4946 942 5009 quod
1010 4944 1248 4995 Christus
1313 4943 1579 4994 obtulerit.
1651 4944 1919 5007 Rigaltius

281 5020 376 5078 ait,
405 5034 435 5065 ‹‹
472 5019 534 5067 In
584 5018 858 5068 sacriﬁcio
900 5018 1155 5068 Christus
1196 5018 1560 5079 semetipsum
1598 5016 1797 5065 obtulit
1826 5017 1921 5064 Pa-

284 5090 383 5149 tri;
434 5090 492 5138 in
543 5088 801 5139 sacriﬁcii
858 5090 944 5137 sui
992 5092 1342 5137 sacramento
1386 5098 1586 5150 panem
1632 5091 1686 5135 et.
1728 5089 1920 5135 vinum

284 5173 486 5222 corpus
524 5174 699 5209 suum
740 5160 891 5220 fecit,
930 5158 1203 5223 deditque
1234 5158 1520 5221 discipulis
1546 5158 1664 5207 suis
1692 5171 1919 5208 caenan-

285 5231 451 5280 tibus.
500 5250 530 5277 »
574 5231 775 5281 Ratum
820 5232 969 5280 enim
1018 5230 1157 5279 illud
1208 5230 1355 5293 quod
1404 5229 1545 5278 dixit
1594 5230 1916 5278 Dominus:

286 5306 424 5353 Caro
458 5317 571 5352 mea
600 5316 721 5351 vero
767 5306 844 5351 est
881 5302 1047 5360 cibus,
1074 5308 1121 5352 et
1158 5303 1379 5364 sanguis
1419 5314 1561 5349 meus
1595 5315 1718 5350 vero
1742 5305 1917 5365 polus.

286 5374 559 5423 Nimirum
588 5372 871 5437 siquidem
896 5373 1063 5437 digne
1103 5373 1587 5424 communicantes
1630 5386 1726 5436 per
1754 5372 1920 5421 ﬁdem

284 5444 582 5508 participes
608 5444 809 5494 ﬁerent
839 5445 1085 5508 corporis
1120 5448 1172 5494 et
1207 5443 1515 5508 sanguinis,
1563 5444 1699 5507 ejus,
1736 5446 1789 5493 et
1814 5443 1921 5493 ale-

284 5518 477 5565 rentur
503 5516 560 5564 in
590 5516 761 5565 vitam
794 5520 1076 5566 aeternam.

351 5588 469 5634 Non
518 5588 625 5637 nisi
680 5587 921 5639 Christus
973 5587 1265 5651 sequendus
1312 5592 1401 5636 est.
1458 5587 1623 5637 Solus
1664 5585 1921 5637 Christus

287 5656 604 5708 audiendus
656 5664 755 5709 est.
797 5658 1069 5723 Rigaltius
1115 5659 1210 5718 ait,
1251 5674 1280 5705 (ς
1329 5658 1629 5708 Tutissima
1676 5658 1920 5708 traditio-

286 5742 423 5780 num
470 5730 959 5780 custodiendarum
1003 5729 1220 5792 regula,
1264 5742 1432 5793 quam
1485 5728 1795 5793 Cyprianus
1839 5731 1921 5778 in-

286 5801 465 5858 culcat
524 5801 660 5857 locis
714 5802 821 5853 hac
868 5800 1103 5869 epistola
1162 5800 1442 5868 plerisque
1498 5816 1510 5851 :
1563 5801 1700 5854 Nam
1760 5797 1921 5857 initio

2026 3232 2236 3292 tabant,
2280 3234 2484 3297 quibus
2525 3237 2698 3285 instar
2739 3238 2970 3287 sceleris
3015 3241 3265 3301 capitalis
3312 3248 3427 3291 erat
3472 3232 3662 3295 vinum

2024 3303 2360 3368 degustasse.
2424 3306 2610 3357 Lectio
2675 3309 2730 3356 in
2794 3323 2905 3371 qua
2966 3309 3188 3360 codices
3250 3313 3625 3374 probatissimi

2024 3375 2467 3448 Lambethanus,
2521 3379 2918 3441 Eboracensis,
2971 3381 3308 3432 Bodleianus
3360 3387 3663 3448 secundus,

2024 3447 2449 3509 Lincolniensis,
2506 3451 2925 3509 Benedictinus,
2991 3457 3045 3502 et
3100 3454 3469 3506 Laudinensis
3526 3447 3665 3508 con?

2023 3520 2286 3575 sentiunt,
2336 3521 2567 3571 minime
2612 3522 2831 3572 videtur
2877 3525 3311 3586 contemnenda;
3358 3533 3661 3590 praesertim

2024 3602 2183 3661 cumi
2212 3589 2280 3639 ad
2331 3592 2654 3642 Tertulliani
2703 3599 2948 3644 mentem
3007 3598 3247 3647 maxime
3313 3589 3665 3661 respondeat.

2027 3660 2191 3721 Quod
2246 3661 2361 3711 illic
2416 3664 2648 3724 inﬁdelis
2706 3668 3026 3716 conscientia
3075 3666 3305 3728 dicitur,
3355 3660 3660 3732 Séptimius

2022 3732 2255 3794 posuit,
2324 3733 2547 3783 alterius
2625 3738 2991 3786 conscientiam
3065 3739 3263 3787 mariti.
3337 3740 3446 3790 Sed
3519 3741 3660 3791 nihil

2023 3806 2197 3852 muto.

2087 3898 2215 3946 Cum
2258 3897 2333 3967 ad
2372 3899 2683 3948 ccenandum
2725 3901 2974 3962 venimus,
3028 3901 3238 3950 mistum
3280 3901 3493 3952 calicem
3535 3903 3661 3967 olfa-

2023 3967 2203 4015 rimus.
2238 3966 2469 4018 Constat
2508 3970 2639 4019 hinc
2683 3973 2942 4035 aquarios
2981 3972 3152 4022 hosce
3190 3986 3303 4022 non
3352 3966 3661 4025 Manichae—

2023 4050 2218 4098 orum,
2288 4039 2682 4103 Tatianorum,
2764 4047 2859 4092 aut
2937 4043 3345 4094 Helcasitarum
3421 4060 3660 4097 errorem

2023 4106 2328 4171 imbibisse,
2388 4114 2451 4159 ut
2501 4114 2768 4163 sentirent
2822 4115 3053 4175 vinum,
3110 4128 3214 4165 ceu
3273 4116 3479 4167 diaboli
3533 4132 3661 4167 san-

2023 4178 2280 4241 guinem,
2338 4196 2565 4245 prorsus
2623 4198 2742 4235 esse
2794 4185 3268 4247 abominandum;
3332 4189 3455 4239 hinc
3515 4190 3660 4240 enim

2023 4250 2079 4298 in
2114 4263 2306 4302 eorum
2341 4268 2573 4318 persona
2613 4258 2896 4320 dicuntur,
2924 4260 3021 4323 qui
3046 4260 3224 4323 primo
3269 4264 3484 4310 tantum
3511 4274 3664 4311 mane

2023 4333 2171 4383 aqua
2220 4324 2335 4374 sola
2379 4327 2685 4390 o/fercbant.
2736 4329 2968 4380 Constat
3027 4332 3196 4380 etiam
3246 4331 3656 4383 Eucharistiam

2024 4392 2155 4441 licet
2181 4395 2325 4445 horis
2364 4400 2699 4450 antelucanis
2739 4404 3035 4464 sumptam,
3066 4415 3297 4464 vespere
3334 4404 3497 4452 etiam
3545 4404 3657 4452 dis-

2027 4464 2193 4515 tribui
2237 4471 2481 4529 solitam;
2540 4474 2702 4535 cujus
2746 4475 2822 4522 rei
2868 4474 3117 4537 locuples
3167 4474 3322 4522 testis
3365 4474 3657 4523 Tertullia-

2011 4545 2141 4598 Ilus,
2189 4540 2283 4589 lib.
2332 4542 2394 4588 de
2445 4542 2681 4598 Corona,
2732 4557 2777 4593 c.
2828 4545 2858 4593 3
2904 4558 2914 4591 :
2963 4544 3308 4593 Eucharistiae
3356 4557 3658 4594 sacramen-

2018 4615 2127 4659 tum
2169 4616 2393 4674 tempore
2427 4619 2596 4663 victus
2637 4615 2699 4663 de
2736 4614 3127 4676 praesidentium
3172 4628 3337 4664 manu
3386 4616 3657 4665 sumimus.

2020 4682 2087 4730 Et
2119 4682 2249 4732 alibi
2286 4689 2473 4734 monet
2502 4690 2563 4734 ut
2602 4685 2779 4735 finitis
2827 4686 3160 4736 stationibus
3202 4691 3470 4736 sumatur.
3504 4686 3661 4737 Con-

2018 4754 2254 4803 suetudo
2302 4759 2422 4817 post
2469 4770 2685 4807 ccenam
2725 4758 3179 4808 communicandi
3221 4756 3318 4806 diu
3352 4758 3568 4807 duravit
3599 4759 3657 4807 in

2018 4824 2302 4889 Ecclesia;
2368 4826 2626 4877 Socrates
2687 4830 2836 4878 enim
2900 4828 2967 4877 ad
3025 4830 3060 4878 l.
3108 4843 3172 4889 v,
3232 4842 3277 4878 c.
3322 4828 3414 4887 ‘22;
3466 4828 3665 4889 Αἰγύποι

2018 4902 2109 4933 τιοι
2135 4887 2337 4947 γείτονες
2361 4889 2489 4944 ὄντες
2528 4889 2888 4954 Ἀλεξανδρέων..
2913 4893 2994 4939 καὶ
3030 4892 3074 4938 οἱ
3100 4887 3183 4947 τήν
3213 4891 3432 4947 Θηϐαῖδα
3470 4887 3656 4939 οἰδὲοὒν-

2018 4974 2109 5016 τες,
2162 4960 2210 5007 ἐν
2249 4960 2476 5024 σαϐϐάτῳ
2519 4961 2601 5023 μέν
2636 4961 2882 5010 ποιοῦνται
2935 4963 3161 5018 συνάξεις.
3204 4962 3313 5025 Οὐχ
3363 4968 3427 5017 ὡς
3477 4963 3580 5018 ἔθος
3612 4963 3662 5010 δὲ

2019 5036 2309 5094 χριστιανοῖς
2360 5034 2451 5079 τῶν
2501 5034 2772 5096 μυστητ-ίων
2824 5035 3254 5096 μεταλαμϐάνουσι.
3308 5034 3442 5081 Μετὰ
3482 5035 3571 5098 γὰρ
3608 5034 3664 5081 τὸ

2021 5103 2354 5165 εὐωχηθῆναι,
2402 5106 2483 5153 καὶ
2540 5104 2773 5153 παντοίων
2824 5106 3093 5167 ἐδεσμάτων
3154 5106 3505 5168 ἐμφορηφῆναι,
3558 5108 3663 5170 περὶ

2022 5176 2222 5239 ἑσπέραν
2247 5177 2601 5241 προσφὲροντες,
2622 5178 2715 5225 τῶν
2743 5176 2999 5241 μυστηρίον
3030 5177 3464 5239 μέταλαμὸἀνουσι.

3314 5297 3342 5325 ‹‹
3415 5280 3661 5331 Calicem

2022 5350 2245 5401 mistum
2294 5355 2348 5399 et
2395 5352 2736 5400 fraternitate
2778 5351 2930 5401 omni
2969 5356 3257 5415 praesente.
3305 5350 3373 5401 Ut
3412 5354 3493 5402 sic
3536 5364 3665 5401 vere

2022 5422 2386 5472 observemus
2428 5422 2612 5471 omnia
2652 5436 2779 5487 qua:
2819 5421 3071 5473 Christus
3105 5422 3342 5485 tradidit,
3381 5422 3662 5473 ollerendo

2024 5493 2255 5544 calicem
2284 5494 2530 5555 mistum,
2558 5498 2612 5544 et
2647 5494 2703 5543 in
2735 5498 2981 5557 tempore
3004 5494 3207 5556 victus,
3229 5498 3284 5545 et
3318 5494 3657 5545 fraternitate

2024 5565 2173 5614 omni
2202 5569 2490 5628 praesente.
2524 5580 2553 5613 ››

2084 5660 2151 5708 At
2196 5659 2338 5707 cnim
2388 5672 2490 5708 non
2532 5672 2704 5717 mane,
2753 5660 2843 5709 scd
2893 5665 3011 5724 post
3058 5674 3259 5711 caenam
3312 5659 3527 5724 mistum
3568 5667 3670 5701 ca-

2026 5729 2173 5779 licem
2221 5728 2413 5801 obtulit
2472 5732 2793 5809 Dominicus.
2831 5722 3113 5809 Numquid
3143 5743 3267 5809 ergo
3314 5722 3683 5809 Βοτηὶηίοξξπξ,

2018 5804 2134 5870 post
2197 5796 2411 5865 ,εωθιοηὶ
2481 5802 2746 5859 celebrare
2812 5800 3100 5855 debemus?
3143 5794 3457 5868 'Rigaluus
3535 5794 3616 5844 ait
3648 5794 3696 5847 ἰ

2085 5279 2419 5329 Sacramenti
2462 5281 2754 5330 veritatem.
2808 5280 3081 5343 Rigaltius
3120 5281 3195 5329 ait
3247 5296 3257 5327 :
