4144 6192
572 243 706 306 1235
1913 237 2084 302 amr.
2125 235 2328 303 exon.
2365 233 2584 306 sora,
3745 243 3853 322 ius

573 396 603 452 ‹ς
635 375 837 452 Supra-
863 371 1001 423 dixit
1051 370 1216 452 ηθτδε,
1250 381 1370 422 esse
1419 366 1495 452 ad.
1533 369 1714 452 ipsam
1745 368 2070 452 ,ορξηίηίεεθ
2114 380 2202 452 ονῖ
2226 361 2614 452 Atinia???
2633 352 3199 452 .5?:‘.ﬁl‘.9f£l°1’3f3:
3237 355 3862 452 ﬁt‘ib..lta_°2‘§°°2tts

572 429 871 502 diust-iouis
915 448 1318 496 sacramentum
1360 429 1689 507 pertinentia
1740 445 2058 508 infringere,
2110 443 2204 492 aut
2226 429 2285 452 ﬂ
2308 434 2598 498 privatus:
2632 430 2804 514 {uisse
2839 433 3026 514 autem
3071 443 3223 514 eum.
3247 433 3301 514 et
3337 429 3595 514 factionis
3620 429 3858 492 Novatianl

571 525 630 574 in
665 520 813 572 aliud
837 531 1003 584 quam
1030 516 1180 582 quod
1206 501 1475 566 divinitus
1500 517 1817 567 institutum
1841 501 1939 576 sit:
1962 501 2208 565 humana
2306 501 2778 584 exnsequentipvs
2813 503 3046 584 constet
3094 519 3123 547 ι
3159 501 3374 584 {Dicitur
3403 515 3496 566 pro
3533 505 3705 584 integro
3739 523 3862 573 agere

575 573 870 644 traditione
935 573 1168 640 mut-are.
1227 589 1333 639 Hic
1391 603 1528 640 vero
1591 601 1791 640 causas
1852 573 1927 639 et.
1968 588 2208 637 rationes

2310 575 2462 660 velle,
2495 588 2561 660 ac
2589 574 2646 660 si
2665 573 2855 660 lapsus
2884 573 3424 660 postjp‘cenitentia'm
3461 580 3707 660 peractam
3735 592 3862 630 com-

573 665 858 727 ingeniose
927 661 1403 720 comminiscitur,
1476 674 1577 710 cur
1649 661 2006 711 Dominicum
2084 661 2210 723 post

2310 646 2560 698 munioni
2602 645 2870 727 Ecclesiae
2910 644 3188 727 redditus;
3243 645 3320 694 ita
3361 645 3418 726 in
3462 646 3705 711 integrum
3741 653 3864 702 τεειί.

572 716 790 789 οάέήθη]
837 734 1115 786 celebrare
1160 746 1272 781 non
1318 716 1640 790 debeamus,
1671 732 1774 781 etsi
1817 735 1944 795 post
1992 716 2208 782 caenam

2310 723 2467 801 tutus
2518 721 2709 800 esset,
2779 719 2875 766 aut
2947 716 3199 801 ejusdem
3264 717 3503 801 (regimen
3529 753 3548 801 ,_
3601 720 3864 801 postliminil

569 785 845 861 Dominus
914 805 1229 854 instituerit.
1299 803 1461 853 Dicet
1537 785 1770 866 aliquis,
1821 785 2032 852 lcausas
2092 803 2209 852 sive
2309 791 2470 866 quasi
2510 791 2967 866 ᾶυτθρερςεεθτθ
3013 786 3233 866 “canit:
3264 785 3373 837 Se‘d
3415 787 3615 838 νίάθίιπ
3646 790 3864 866 Formm-

573 882 815 932 rationes
853 890 993 942 quas
1037 875 1349 938 Cyprianus
1384 873 1539 924 affert
1569 887 1690 924 esse
1732 874 2007 938 spiritales
2043 877 2210 937 atque

572 953 790 1002 divinas
851 965 862 997 :
917 960 1155 1010 nempe.
1214 945 1499 996 Christum
1562 947 1881 995 memoriam
1940 945 2210 1008 passionis

574 1039 711 1085 suta,
753 1035 876 1085 quae
913 1020 981 1070 ad
1012 1032 1298 1081 vesperam
1327 1017 1436 1067 diei
1468 1019 1716 1079 contigit,
1749 1019 2059 1067 instituisse
2089 1019 2212 1080 post

572 1108 900 1158 vesperam;
941 1105 1045 1141 nos
1091 1095 1279 1140 autem
1333 1091 1800 1139 resurrectionem
1829 1089 2050 1138 Domini
2091 1102 2210 1137 ma—

580 1168 762 1218 tutino
829 1169 1076 1226 tempore
1129 1161 1198 1210 ab
1251 1162 1370 1224 ipso
1423 1161 1662 1210 Domino
1716 1164 1985 1224 patratam
2047 1172 2210 1210 mane

580 1238 879 1295 celebrare,
917 1247 981 1284 ac
1007 1231 1236 1296 proinde
1265 1231 1414 1294 quod
1447 1230 1712 1280 divinitus
1747 1232 2060 1280 institutum
2089 1231 2209 1289 fuit,
2309 1230 2413 1296 ηρη
2442 1230 2759 1301 feriare-tur
2783 1285 2798 1301 ‘
2819 1230 2928 1301 etsi
2967 1230 3077 1301 ξιοη
3130 1230 3483 1301 αρεοιυςηιυνν
3539 1230 3592 1262 ου
3621 1288 3629 1297 ,

575 1285 911 1358 ἧοῆήνίἀθίπὶ
956 1285 1200 1353 humana
1256 1285 1552 1351 traditione
1604 1302 1720 1352 sive
1782 1285 2213 1364 prmsumptione

2310 1287 2500 1343 αὓτούς.
2539 1288 2748 1338 Textus
2783 1285 2877 1336 hic
2909 1285 3015 1335 sub
3078 1286 3273 1337 eadem
3309 1287 3479 1336 forma
3512 1288 3696 1350 sacpius
3724 1287 3871 1339 lauda-

577 1383 867 1430 mutatum.
923 1377 1060 1425 Evo
1113 1376 1225 1436 jam
1290 1374 1620 1424 Tertulliani
1675 1363 1951 1422 mutatum
2002 1363 2212 1435 aliquid
2310 1363 2417 1436 ῑιιιςτ

581 1427 880 1501 ciiicarhoc
932 1427 1344 1496 sacramentum
1399 1445 1571 1494 fuisse
1622 1444 1930 1506 colligitur,
1990 1449 2043 1493 et
2095 1427 2208 1492 non

2331 1431 2478 1506 -Ne__
2524 1429 2660 1492 forte
2710 1427 3095 1506 Aderelinquat.
3182 1428 3344 1506 LXX.
3399 1428 3625 1506 legunt_

577 1499 756 1571 solum
788 1531 1039 1582 vespere,
1085 1517 1139 1565 in
1185 1522 1432 1579 tempore
1477 1516 1678 1575 victus,
1711 1499 1806 1565 sed
1847 1499 2013 1564 etiam
2056 1513 2209 1563 horis
2317 1500 2534 1582 [ἕεξυίιθ.
2577 1500 2754 1582 ξτεείε
2800 1499 2869 1582 8C}
2914 1503 3156 1582 Inepti?!)
3205 1499 3347 1582 sac‘ri
3395 1502 3573 1582 textus
3611 1499 3870 1582 hab-etuas:

2308 863 2457 912 tiano
2525 860 2908 924 paenitentiam
2971 870 3083 907 non
3155 858 3328 908 fuisse
3400 871 3724 924 concessam,
3778 863 3864 914 imo

2308 947 2421 982 non
2479 931 2811 993 expetitam;
2868 933 3087 978 tantum
3140 928 3330 979 aberat
3386 934 3446 978 ut
3505 935 3635 981 esset
3676 939 3863 995 peracta.

2311 1005 2483 1064 Super
2535 1003 2642 1052 haec
2690 1015 2814 1063 ergo
2860 1013 2968 1050 non
3026 1000 3353 1064 indignabor
3408 1001 3552 1051 LXX
3605 1002 3767 1066 legunt
3807 1005 3865 1053 isi

2308 1075 2492 1130 τούτοις
2518 1073 2886 1139 ὀργισθήσομαι,
2921 1072 3127 1122 omisso
3154 1076 3292 1120 πᾶσι.

2373 1148 2492 1196 Non
2539 1144 2728 1194 laxabo
2784 1143 2912 1193 illis.
2962 1144 3235 1208 Rigaltius
3283 1145 3378 1204 ait,
3430 1143 3684 1194 Manebant
3739 1145 3867 1208 ligati,

2309 1230 2413 1266 non
2463 1217 2759 1266 remittetur
2819 1214 2912 1274 eis,
2967 1228 3077 1264 non
3130 1214 3483 1276 absolventur,
3539 1217 3592 1262 ob
3640 1217 3695 1278 μὴ
3743 1217 3867 1274 ἀνήσω

575 1593 943 1643 antelucanis.
1023 1589 1445 1638 Sacramentum
1504 1587 1748 1649 corporis
1802 1585 2007 1637 Christi
2059 1586 2205 1635 cele-

573 1663 792 1713 bratum
829 1663 994 1712 fuisse
1036 1663 1275 1724 arguunt
1315 1658 1437 1708 haec
1479 1657 1664 1718 verba,
1711 1658 1807 1707 lib.
1849 1659 1911 1707 dc
1957 1658 2209 1708 Corona:

572 1731 940 1784 Eucharistiaa
989 1734 1398 1784 sacramentum
1446 1731 1500 1824 ip
1547 1733 1794 1824 tempo‘re
1839 1730 2018 1778 victus
2060 1739 2289 1824 man-B

580 1805 752 1824 .I_AA__
790 1819 812 1824 Α
848 1803 1083 1824 “-_.:..-
1144 1801 1304 1824 ,αξη-ν.
1345 1803 1467 1824 nn‘n
1493 1801 1686 1824 ..ΛΑ-ης,-
1774 1799 1880 1824 ιιι-ρει.
1911 1801 2183 1824 η--νν-ιῖηηηη

575 1805 758 1856 datum
789 1819 817 1854 a
848 1803 1105 1859 Domino,
1142 1801 1307 1851 etiam
1344 1801 1688 1849 antelucanis
1731 1799 1882 1848 horis
1911 1801 2202 1848 sumimus.

575 1875 836 1926 Nondum
862 1877 1047 1923 tamen
1089 1871 1335 1920 humana
1362 1872 1723 1934 praesumptio
1753 1872 1833 1920 sic
1877 1870 2204 1927 invaluerat,

571 1951 633 1996 ut
677 1960 788 1996 non
837 1947 1002 1994 etiam
1061 1944 1116 1992 in
1174 1945 1420 2005 tempore
1473 1942 1651 1990 victus
1709 1946 2039 1990 sumeretur.
2095 1939 2204 1990 Sed

574 2020 739 2083 paulo
781 2022 904 2082 post
959 2017 1189 2066 omnino
1241 2014 1544 2064 invaluisse
1588 2013 1947 2062 manifestum
1987 2016 2087 2074 est,
2137 2025 2205 2062 ex

572 2092 661 2142 his
701 2104 829 2156 quae
873 2089 1038 2140 tradit
1084 2087 1208 2136 haec
1260 2085 1489 2148 epistola
1539 2086 1867 2148 Cyprianus.
1924 2085 2040 2135 Imo
2087 2084 2208 2147 pla-

575 2165 758 2213 cuisse
798 2160 1026 2225 Spiritui
1081 2161 1270 2208 sancto
1315 2158 1390 2206 ait
1435 2158 1799 2217 Augustinus,
1839 2170 1944 2207 nec
1985 2161 2208 2220 propter

575 2248 669 2285 eas
716 2247 850 2296 quas
891 2231 1201 2294 Cyprianus
1243 2228 1425 2277 attulit
1470 2229 1732 2286 rationes,
1765 2228 1862 2277 sed
1903 2232 1966 2276 ut
2010 2228 2066 2277 in
2109 2227 2210 2276 ho-

573 2319 766 2355 norem
828 2303 964 2353 tanti
1031 2301 1400 2357 sacramenti,
1459 2299 1515 2348 in
1579 2312 1638 2348 os
1691 2298 1989 2348 Christiani
2054 2299 2208 2362 prius

574 2376 933 2428 Dominicum
964 2386 1164 2436 corpus
1203 2373 1448 2428 intraret,
1478 2384 1644 2433 quam
1677 2369 1864 2420 caeteri
1905 2369 2032 2421 cibi.
2068 2371 2207 2420 Nam

575 2447 720 2505 ideo,
771 2445 969 2508 inquit,
1014 2457 1113 2506 per
1153 2442 1479 2490 universum
1523 2441 1712 2490 orbem
1769 2455 1891 2491 mos
1945 2442 2048 2492 iste
2091 2455 2206 2492 ser-

573 2520 751 2566 vatur.
787 2515 858 2565 Et
886 2519 1068 2564 tamen
1109 2512 1256 2562 idem
1297 2511 1570 2570 observat,
1598 2512 1899 2561 nonnullos
1934 2510 2206 2574 probabili

575 2588 813 2653 quadam
875 2587 1085 2636 ratione
1143 2583 1420 2642 delectari,
1474 2587 1537 2632 ut
1594 2596 1708 2632 uno
1762 2587 1911 2632 certo
1969 2583 2058 2632 die
2111 2596 2208 2646 per

575 2673 782 2709 annum
816 2671 928 2721 quo
958 2657 1130 2720 ipsam
1175 2667 1391 2704 caenam
1431 2654 1705 2703 Dominus
1746 2653 1915 2713 dedit,
1942 2658 2206 2718 tanquam

576 2731 644 2780 ad
672 2730 1033 2792 insigniorem
1054 2727 1661 2786 commemorationem,
1690 2728 1815 2788 post
1843 2726 1997 2775 cibos
2023 2725 2206 2775 offerri

2309 1572 2460 1636 κόψῃ,
2485 1572 2540 1623 et
2582 1570 2953 1634 Symmachus
2988 1569 3244 1634 meum,
3282 1571 3488 1620 Vocem
3528 1570 3661 1622 hanc
3698 1571 3874 1628 LXXI

2315 1644 2446 1708 Reg.
2508 1655 2647 1703 xxv,
2703 1642 2780 1702 l0,
2829 1655 2927 1706 per
2984 1641 3246 1705 ἀναχωρέω
3292 1643 3726 1706 interpretantur;
3775 1641 3876 1692 alibi

2314 1715 2516 1779 passim
2548 1726 2644 1778 per
2679 1712 2938 1773 διακόπτω,
2971 1713 3207 1777 καθαιρέω
3245 1717 3299 1764 et
3326 1713 3494 1764 verba
3520 1714 3602 1763 bis
3629 1727 3878 1778 synonyma

2313 1789 2618 1850 exponunt.

2369 1855 2549 1906 Altare
2615 1855 2816 1905 Sancti.
2887 1853 3039 1904 LXX

3103 1869 3115 1902 :
3176 1855 3294 1919 πρὸς
3346 1855 3403 1903 τὸ
3461 1855 3764 1919 θυσιαστήριον
3815 1853 3878 1904 τῶ

2305 1927 2474 1989 ἁγίου,
2595 1926 2678 1974 καὶ
2764 1927 2856 1973 οὒκ
2967 1924 3212 1980 ἐπάξονται
3326 1927 3591 1990 ἐφ’ἑαντοὺς
3694 1928 3875 1991 ἁμαρτία

2303 2000 2383 2047 ἵνα
2472 1998 2538 2062 μὴ
2625 1997 2919 2046 ἀποθάνωσι.
3006 1996 3262 2048 Editores
3348 1999 3463 2049 huc
3519 2012 3686 2064 usque
3739 1997 3875 2049 Exod.

2305 2081 2455 2127 xxx,
2512 2069 2593 2131 20,
2645 2067 2923 2133 designari
2969 2068 3259 2132 putabant,
3324 2071 3424 2136 qui
3475 2084 3622 2122 error
3665 2071 3781 2121 alios
3813 2083 3882 2135 pe-

2307 2141 2469 2204 perit.

2373 2209 2641 2273 Quamvis.
2678 2210 2990 2274 Utrumque
3029 2211 3176 2272 licet,
3217 2212 3292 2262 sic
3333 2212 3677 2276 quorumdam
3716 2217 3882 2276 pectora

2307 2281 2645 2332 tenebrarum
2674 2281 3037 2345 ingruentium
3060 2281 3335 2344 profunda
3363 2284 3535 2349 caligo
3562 2287 3772 2343 cat-eant;
3793 2283 3888 2333 nul-

2307 2353 2425 2403 lum
2457 2353 2606 2404 enim
2632 2353 2726 2402 hic
2757 2352 3094 2402 redditivum
3125 2355 3401 2405 succedit.

2371 2425 2541 2487 Stipes
2591 2429 2636 2473 et
2693 2423 2988 2473 oblationes
3044 2429 3091 2473 et
3160 2423 3312 2476 lucra
3375 2426 3687 2477 desiderant.
3734 2425 3886 2488 Rigal-

2309 2496 2422 2546 tius
2459 2496 2554 2552 ait,
2593 2512 2620 2538 «
2665 2495 2860 2558 Itaque
2885 2497 3001 2559 jam
3036 2494 3304 2558 Cypriani
3341 2497 3556 2548 saeculo
3596 2497 3713 2547 mali
3743 2510 3885 2546 sacer-

2307 2566 2467 2616 dotes
2513 2569 2791 2632 qumstum
2851 2566 2970 2614 sive
3019 2570 3309 2628 capturum
3356 2581 3431 2618 ex
3473 2568 3809 2618 oblationibus
3842 2565 3887 2615 ti-

2307 2639 2517 2689 delium
2563 2640 2987 2702 usurpaverant.
3037 2639 3277 2704 August.
3324 2639 3424 2690 lib.
3473 2652 3534 2691 xv
3578 2641 3642 2690 de
3676 2640 3888 2704 Baptism

2306 2716 2488 2759 contra
2530 2709 2722 2757 Donat.
2771 2707 2936 2758 Hanc
2981 2720 3113 2758 vero
3159 2710 3311 2759 luem
3357 2709 3707 2761 fwdissimam
3746 2713 3888 2772 poste-

2306 2793 2396 2830 ros
2447 2780 2716 2829 invasisse
2783 2777 3134 2842 apertissime
3200 2785 3549 2844 conquestus
3609 2784 3688 2830 est
3743 2777 3888 2840 Sulpi-

2307 2852 2418 2902 tius
2460 2851 2720 2910 Severus,
2748 2850 2881 2899 Hist.
2912 2848 2951 2898 l.
2997 2861 3014 2898 1
3058 2865 3070 2899 :
3098 2867 3127 2896 α
3156 2850 3461 2913 Sedentes,
3492 2853 3689 2915 inquit.
3713 2861 3894 2900 munera

2306 2927 2631 2986 exspectant
2660 2925 2827 2985 atque
2852 2933 3018 2971 omne
3046 2921 3175 2972 vita:
3211 2921 3386 2974 decus
3432 2921 3681 2972 mercede
3708 2931 3892 2980 corrup-

2305 2999 2423 3045 tum
2458 2994 2688 3052 habent,
2719 2993 2851 3044 dum
2879 2993 3039 3058 quasi
3066 2992 3320 3044 venalem
3344 2995 3644 3059 pmferunt
3674 2991 3886 3043 sanctita-

2307 3070 2436 3117 tem.
2473 3084 2502 3113 »

2369 3140 2570 3202 Lapsus
2616 3137 2794 3188 laicos.
2836 3135 3129 3187 Laicorum
3163 3135 3370 3201 lapsus.
3414 3136 3624 3188 Sensus
3655 3135 3786 3187 enim
3815 3133 3892 3182 ista

2312 3208 2381 3258 ad
2411 3222 2525 3259 rem
2549 3208 2812 3272 Cypriani
2840 3207 3018 3271 magis
3043 3206 3190 3257 facit.

2375 3279 2582 3330 Oblatio
2635 3279 2975 3344 sanctiﬁcari.
3024 3276 3298 3340 Rigaltius
3349 3281 3428 3330 ait
3484 3295 3498 3330 :

2311 3355 2403 3402 tur
2453 3350 2694 3412 oblatio,
2744 3364 2873 3402 cum
2923 3349 2986 3399 fit
3031 3361 3236 3413 corpus
3292 3350 3522 3413 Christi,
3580 3349 3716 3416 quod
3768 3347 3893 3397 abso-

2310 3424 2427 3474 lute
2469 3422 2738 3474 Sanctum
2786 3422 3007 3474 dicitur.
3061 3420 3498 3474 Observavimus
3548 3422 3686 3488 apud
3729 3417 3892 3470 Tertnl.

2310 3494 2406 3544 lib.
2467 3495 2530 3544 de
2580 3495 2846 3544 Oratione.
2901 3495 2986 3546 Ex
3042 3509 3135 3548 ore
3178 3509 3291 3559 quo
3343 3498 3528 3546 Amen
3571 3495 3626 3544 in
3676 3492 3892 3543 Sanctum

2309 3567 2624 3630 protuleris.
2669 3566 2742 3616 Et
2784 3565 2880 3616 lib.
2939 3567 3003 3616 de
3053 3569 3268 3618 Praescr.
3323 3565 3618 3616 haereticor.
3663 3565 3734 3616 Ne
3774 3571 3895 3611 sanc-

2311 3641 2432 3687 tum
2463 3636 2697 3686 canibus
2729 3638 2977 3700 jactaret.
3017 3638 3214 3689 Postea
3245 3649 3376 3687 vero
3402 3637 3639 3687 invaluit
3660 3648 3747 3700 pro
3770 3643 3896 3682 sanc-

2311 3707 2617 3758 tiﬁcatione
2666 3708 2777 3758 dici
2826 3710 3332 3770 consecrationem,
3397 3708 3573 3773 vulgo
3623 3709 3700 3756 sic
3747 3701 3895 3754 existi-

2312 3783 2501 3829 mante
2547 3779 2803 3830 sacrandi
2861 3780 3139 3831 vocabulo
3185 3779 3402 3844 aliquid
3457 3777 3744 3844 signiﬁcari
3776 3785 3898 3824 sane-

2313 3851 2616 3902 tiﬂcatione
2681 3852 3054 3914 pmstantius.
3111 3867 3143 3899 »
3207 3851 3501 3913 Quatenus
3559 3851 3804 3902 elementa
3855 3845 3896 3892 in

2311 3923 2665 3973 Eucharistia
2717 3923 2923 3974 Christi
2982 3937 3186 3988 corpus
3235 3924 3346 3974 sint
3403 3928 3462 3974 et
3511 3923 3779 3978 dicantur,
3815 3927 3899 3966 I8-

2311 3996 2438 4060 pius
2465 3995 2727 4045 diximus.

2376 4076 2598 4140 Quando
2647 4090 2714 4126 ne
2759 4075 2960 4127 oblatio
3006 4077 3334 4141 sanctiﬁcari
3387 4076 3502 4127 illic
3536 4076 3710 4140 possit,
3754 4067 3897 4141 Rigalj

2311 4135 2423 4198 tius
2471 4147 2545 4197 ait
2600 4161 2613 4196 :
2661 4167 2688 4194 α
2736 4146 3036 4198 Sententia:
3089 4135 3353 4214 Cypriani
3400 4135 3680 4198 Pamelius
3721 4135 3900 4214 opponit

2310 4219 2640 4270 sententiam
2675 4220 2970 4282 Augustini
2987 4212 3280 4270 statuentis
3301 4225 3656 4270 sacramenta
3680 4212 3899 4276 abimpiis

2309 4295 2363 4341 et
2413 4291 2697 4340 sceleratis
2743 4292 3021 4354 episcopis
3067 4293 3185 4342 sive
3229 4291 3578 4356 presbyteris
3624 4289 3896 4342 ministrata,

575 2806 629 2852 et
657 2802 834 2864 accipi
867 2801 1032 2849 liceat
1053 2811 1253 2860 corpus
1284 2800 1338 2846 et
1362 2798 1690 2858 sanguinem
1721 2796 1963 2846 Domini.
1989 2797 2204 2848 Deinde

575 2873 1002 2936 disputationem
1025 2883 1184 2918 suam
1211 2869 1295 2916 vir
1320 2868 1704 2917 sanctissimus
1733 2869 1892 2931 quasi
1920 2867 2124 2917 dubius
2150 2872 2205 2918 et

574 2947 819 2994 incertus
859 2943 932 2992 ita
980 2940 1267 2990 concludit
1303 2955 1313 2988 :
1352 2939 1705 3002 Quapropter
1733 2941 2014 2988 neminem
2059 2939 2204 3004 cogi-

572 3028 699 3064 mus
747 3015 872 3062 ante
920 3012 1269 3062 Dominicam
1313 3010 1461 3058 illam
1509 3022 1728 3059 cmnam
1771 3009 2058 3072 prandere,
2107 3008 2207 3060 sed

572 3086 712 3136 nulli
759 3085 923 3134 etiam
976 3083 1354 3133 contradicere
1397 3081 1685 3130 audemus.
1727 3081 1976 3131 Habetur
2018 3086 2280 3148 autem”

574 3172 638 3208 ea
673 3155 972 3220 disputatio
1012 3153 1246 3217 epistola
1283 3154 1390 3212 118,
1424 3151 1518 3200 ubi
1554 3152 1660 3201 hoc
1707 3152 1870 3200 etiam
1914 3151 2207 3202 observare
2229 3135 2284 3193 υ

573 3234 676 3286 est,
716 3240 780 3276 eo
805 3227 893 3276 die
930 3239 1041 3289 quo
1072 3226 1248 3287 ipsam
1289 3236 1501 3272 omnem
1531 3223 1812 3271 Dominus
1843 3221 2010 3283 dedit,
2042 3236 2212 3286 prope

573 3312 767 3346 omnes
797 3299 853 3344 in
879 3297 1160 3358 plerisque
1184 3295 1321 3343 locis
1347 3294 1578 3343 locasse.
1611 3293 1804 3355 Itaque
1831 3291 1978 3342 addit
1996 3295 2213 3355 Augus-

574 3370 726 3417 tinus
756 3382 766 3415 :
801 3367 867 3416 Et
897 3368 1030 3429 quia
1059 3365 1316 3414 nonnulli
1347 3365 1512 3413 etiam
1550 3364 1823 3426 jejunium
1871 3364 2209 3422 custodiunt,

575 3451 737 3487 mane
769 3436 998 3485 oti'ertur
1027 3439 1248 3498 prepler
1273 3432 1628 3496 prandentes,
1652 3433 1780 3495 quia
1809 3434 2018 3496 jejunia
2046 3432 2213 3482 simul

553 3514 632 3557 'et
659 3508 881 3556 lavacra
914 3505 1147 3554 tolerare
1177 3517 1290 3553 non
1321 3508 1551 3567 possunt
1586 3519 1596 3552 :
1633 3503 1700 3552 ad
1735 3516 2020 3567 vesperam
2057 3517 2210 3566 vero,

573 3582 795 3643 propter
823 3578 1152 3640 jejunantes.
1188 3593 1215 3619 »

549 3669 560 3682 -
639 3649 821 3699 Passio
855 3653 928 3698 est
967 3648 1102 3697 enim
1141 3647 1364 3696 Domini.
1400 3647 1553 3696 Illius
1592 3645 1870 3709 ἀνάμνησις.
1902 3646 2034 3697 Luc.
2065 3659 2209 3710 xxu,

576 3723 671 3779 19;
704 3721 723 3770 Ι
755 3719 879 3769 Cor.
908 3733 986 3779 x1,
1022 3719 1102 3773 ‘24,
1125 3718 1202 3768 25.

635 3793 696 3842 Si
742 3793 859 3855 quis
913 3789 1223 3854 simpliciter
1271 3803 1378 3839 non
1432 3789 1527 3839 hoc
1574 3787 1884 3838 observavit.
1938 3789 2211 3853 Rigaltius

572 3865 649 3914 ait
689 3878 700 3912 :
745 3882 772 3908 «
815 3862 910 3913 Sic
947 3863 1087 3912 infra
1130 3862 1236 3911 sub
1281 3861 1448 3912 ﬁnem
1495 3861 1757 3925 Epistolas
1800 3860 1945 3911 dicet
1992 3875 2004 3908 :
2041 3860 2205 3923 Quod

567 3935 895 3998 simpliciter
921 3933 1242 3984 erravimus.
1269 3949 1299 3980 »

637 4006 906 4056 Secundus
934 4006 1047 4066 ejus
1077 4007 1334 4054 aduentus
1363 4004 1776 4068 appmpinquat.
1807 4004 2080 4067 Rigaltius
2099 4005 2206 4062 ait.

574 4095 604 4126 ς
630 4078 808 4140 Supra
838 4076 998 4133 dixit,
1031 4088 1292 4126 occasum
1324 4075 1536 4124 saeculi.
1564 4076 1738 4138 Epist.
1763 4077 1843 4126 58.
1870 4093 1899 4121 »

636 4149 808 4212 Magis
851 4147 1142 4196 illuminat.
1180 4147 1302 4196 Non
1349 4159 1444 4209 per
1474 4147 1718 4197 Montani
1755 4152 1808 4197 et
1845 4147 2212 4212 Hypoplieta-

576 4234 698 4269 rum
736 4221 854 4279 ejus
883 4219 1180 4279 insomnia,
1214 4216 1363 4280 quod
1410 4217 1639 4268 dixisset
1681 4219 2081 4279 Tertullianus;
2113 4219 2210 4269 sed

573 4303 672 4354 per
713 4288 918 4340 Christi
967 4293 1020 4339 et
1064 4288 1440 4351 apostolorum
1483 4291 1691 4339 monita
1728 4288 1975 4340 studiose
2012 4289 2210 4340 obser-

575 4367 716 4411 vata.
2310 4363 2424 4412 imo
2451 4365 2506 4412 et
2533 4361 2862 4425 baptismata
2899 4362 2969 4413 ab
2992 4363 3272 4414 haereticis
3301 4363 3509 4414 collata
3531 4362 3726 4412 valere.
3754 4358 3896 4408 Tract

642 4431 966 4483 Traditionis
986 4429 1260 4480 dominicas
1284 4429 1872 4495 ueritatem.Riga1tius
1902 4431 2272 4497 ait:Supra_
2310 4435 2360 4493 ὅ,
2412 4435 2470 4482 in
2518 4435 2677 4484 Joan.
2729 4438 2783 4485 et
2835 4434 2930 4484 lib.
2980 4449 3057 4496 Vt,
3111 4440 3168 4486 et
3217 4448 3316 4497 vu,
3379 4440 3579 4485 contra
3631 4431 3898 4484 Donatista!-

572 4506 715 4555 dixit
735 4503 1054 4554 sacramenti
1094 4504 1385 4552 veritatem.
1423 4501 1486 4551 Id
1523 4503 1642 4553 scil.
1676 4492 1856 4566 ipsum
1903 4503 2054 4568 quod
2097 4492 2452 4568 Do-DQuaa
2503 4519 2591 4556 res
2637 4506 2849 4570 indiget
2913 4492 3271 4559 distinctione
3305 4492 3466 4558 'facti
3535 4509 3592 4557 in
3641 4507 3902 4557 controver-

575 4579 762 4627 minus
787 4574 980 4625 docuit
1001 4578 1057 4625 et
1085 4574 1233 4625 fecit.
2309 4578 2451 4626 siam
2505 4577 2751 4628 deducti.
2811 4579 2950 4629 Nam
3002 4579 3110 4630 hoc
3164 4579 3288 4630 loco
3340 4579 3660 4644 Cyprianus
3711 4577 3810 4640 agit
3851 4571 3901 4644 de

2310 4646 2709 4697 Fortunatiano
2777 4648 3022 4712 quodam
3098 4640 3449 4700 Assurarum‘
3509 4649 3790 4712 episcopo,
3830 4640 3901 4706 qui

2308 4731 2408 4782 per
2459 4718 2829 4768 idololatriam
2873 4719 3156 4770 exciderat
3198 4720 3327 4782 fide,
3374 4720 3634 4784 adeoque
3674 4718 3904 4782 episcopa-

2313 4793 2388 4849 tu,
2441 4788 2770 4851 sacerdotio,
2817 4790 3090 4848 Ecclesia,
3132 4805 3240 4843 nec
3281 4793 3397 4856 jam
3441 4791 3799 4845 Christianus,
3836 4795 3904 4833 ne-

2311 4860 2440 4910 dum
2505 4859 2795 4924 presbyter
2856 4865 2952 4912 aut
3021 4863 3312 4925 sacerdos,
3378 4863 3594 4914 nedum
3661 4861 3903 4926 episcopus

2311 4931 2662 4982 censebatur.
2702 4935 2784 4983 Ac
2827 4947 2927 4997 pro
2979 4933 3278 4998 disciplina
3329 4948 3458 5000 quae
3509 4933 3762 4999 Cypriani
3800 4934 3904 4979 tem-

2311 5015 2445 5068 pore
2494 5003 2742 5068 vigebat,
2797 5004 2844 5054 si
2900 5005 3246 5068 paenitentia:
3305 5008 3526 5070 tempus
3572 5000 3902 5068 impetrasset.

2311 5089 2378 5126 eo
2425 5078 2669 5140 peracto,
2719 5079 2845 5139 post
2885 5077 3321 5128 satisfactionem
3375 5079 3704 5143 legitimam,
3737 5072 3904 5139 potent

2314 5147 2542 5212 quidem
2593 5146 2766 5211 recipi
2824 5147 2893 5197 ad
2945 5149 3520 5201 communicationem
3577 5148 3903 5200 christianum,

2312 5219 2544 5269 minime
2586 5222 2774 5269 autem
2829 5218 2897 5269 ad
2943 5220 3362 5284 episcopatum,
3417 5234 3610 5282 neque
3653 5217 3720 5268 ad
3773 5214 3903 5284 ullius

2313 5291 2372 5340 in
2421 5289 2674 5340 Ecclesia
2721 5283 3018 5340 sacerdotii
3061 5283 3311 5355 gradum.
3357 5291 3714 5342 Reddebatur
3750 5283 3906 5338 Eccle'

2312 5361 2395 5411 sia
2427 5361 2602 5425 lapso,
2632 5373 2745 5410 non
2785 5361 2961 5422 locus,
2996 5375 3110 5412 non
3153 5361 3382 5427 gradus.
3423 5363 3568 5413 Nam
3611 5362 3784 5411 locum
3819 5356 3907 5427 sive

2315 5424 2548 5496 gradum
2587 5431 2917 5496 perdiderat.
2969 5424 3179 5498 Itaque
3209 5433 3278 5484 ad
3319 5433 3547 5498 plebem
3587 5433 3702 5483 sive
3735 5427 3798 5480 ad
3831 5424 3906 5474 lsi-

2316 5517 2414 5554 cos
2437 5505 2518 5554 sic
2549 5502 2948 5563 retrahebatur,
2988 5508 3051 5554 ut
3084 5515 3258 5569 penes
3297 5519 3426 5556 eum
3475 5505 3667 5555 nullus
3706 5507 3908 5552 remane-

2317 5579 2397 5624 ret
2437 5575 2731 5625 sacerdotii
2770 5574 3061 5626 character
3103 5588 3288 5641 neque
3329 5580 3594 5640 potestas.
3651 5575 3710 5624 In
3748 5571 3904 5641 διῄρε·

2317 5645 2540 5696 cemodi
2589 5650 2776 5696 autem
2844 5639 3408 5708 idololatrias—causa,
3456 5646 3766 5712 Cyprianus
3813 5639 3907 5692 Fer-

2319 5717 2690 5780 tunatianum,
2734 5715 2805 5767 ab
2859 5717 3150 5769 idololatra
3201 5717 3649 5780 schismaticum,
3696 5717 3784 5781 qui
3822 5721 3905 5760 non

2318 5788 2615 5864 impetrata
2680 5789 3012 5862 pcnnitentia
3084 5789 3320 5858 gradum
3390 5789 3505 5845 sibi
3580 5784 3904 5862 episcopalem

3553 3295 3583 3329 α
3628 3276 3894 3330 Sanctiﬁca-

1096 4692 1448 4746 EPISTOLA
1482 4695 1677 4746 LXIV.

643 4799 776 4850 Fido
821 4799 1006 4861 fratri.
1050 4797 1328 4848 Pamelius
1372 4798 1446 4847 ait
1489 4814 1501 4847 ε
1553 4814 1582 4846 α
1617 4799 1742 4861 Quo
1784 4799 1842 4848 in
1879 4799 2004 4849 loco
2046 4799 2211 4849 fuerit

574 4873 872 4935 episcopus
911 4869 1100 4923 Fidus.
1140 4883 1248 4918 non
1288 4874 1522 4928 constat;
1577 4870 1855 4920 versimile
1899 4875 2082 4920 tamen
2127 4873 2212 4921 est

573 4945 748 4994 fuisse
775 4942 1023 4992 vicinum
1058 4943 1400 5005 episcopatui
1442 4942 1738 5008 Therapin,
1776 4944 1872 5008 qui
1907 4944 1963 4992 in
1999 4943 2212 5006 synodo

575 5016 1008 5077 cognominatur
1033 5029 1063 5065 a
1094 5014 1251 5064 Bulla
1280 5029 1291 5061 ε
1320 5015 1426 5064 vid.
1459 5014 1694 5081 Suﬂ'rag.
1723 5015 1777 5066 6t
1815 5015 2041 5066 concilii
2077 5015 2212 5066 Car-

574 5087 960 5151 thaginiensis.
986 5101 1014 5133 »

1111 5187 1468 5240 EPISTOLA
1504 5189 1668 5239 LXV.

636 5287 888 5350 Epicteto.
941 5287 1218 5338 Pamelius
1275 5289 1352 5339 ait
1399 5303 1411 5336 :
1467 5307 1496 5333 «
1545 5287 1742 5340 Fuisse
1794 5289 1948 5339 hunc
1998 5290 2214 5354 episco-

571 5373 707 5424 pum
757 5359 1164 5421 Assuritanum,
1230 5360 1530 5410 verisimile
1585 5365 1700 5420 est;
1756 5360 2213 5425 quandoquidem

576 5435 762 5480 autem
810 5430 866 5479 in
911 5431 1126 5493 synodo
1175 5433 1507 5482 sententiam
1557 5432 1694 5482 dixit
1740 5431 1881 5482 alius
1923 5432 2215 5482 Assurita-

573 5518 681 5554 nus
728 5504 1045 5567 episcOpus,
1097 5503 1289 5555 Victor
1343 5505 1590 5563 nomine,
1646 5503 1946 5554 defunctus
1997 5503 2215 5554 videtur

573 5575 864 5638 Epictetus
935 5578 1061 5623 ante
1138 5574 1436 5637 synodum.
1519 5575 1632 5624 Vid.
1699 5574 1937 5641 Suﬂ‘rag.
2007 5575 2209 5626 concil.

571 5645 758 5696 Carth.
786 5647 866 5696 68.
899 5663 927 5691 »

627 5719 1081 5769 Fortunatianum
1144 5716 1416 5788 qugndam
1497 5717 1648 5782 apud
1721 5731 1811 5768 vos
1881 5717 2214 5788 episcopum,

557 5787 839 5845 Pamelius
906 5789 984 5843 ait
1041 5801 1061 5842 ε
1123 5806 1155 5840 α
1205 5785 1414 5846 Fuerat
1485 5787 1709 5860 quidem
1785 5785 2218 5844 Fortunatianus
