4144 6192
298 219 440 281 I237

1622 193 1800 261 EDIT,
1840 192 2040 255 ΟΧΟΝ.
2080 197 2299 261 ΝΟΊῈ.

3524 208 3657 269 i238

292 348 633 412 vindicabat,
666 366 731 404 ,ο
764 344 1117 417 plebeculam
1164 342 1497 422 superbe_et
1533 324 1940 422 contumafiitf:
1961 327 2395 422 At'IIIAPASpi-ritus
2417 336 2644 422 sanctus
2678 348 2775 400 per
2811 334 3019 422 Isaiam
3050 333 3378 422 prophetam
3421 336 3612 391 dicens
3644 352 3656 389 :

297 402 952 491 collegerat,'oblationes
978 422 1121 473 ullas
1149 402 1267 471 sive
1293 418 1571 470 orationes
1594 411 1715 491 sive
1737 402 1942 491 preces

296 476 650 552 έέίιείίέιοείιεθ
675 502 842 563 negat
866 498 1129 562 ροιηίεεθ.
1160 495 1303 557 om.
1330 476 1929 563 εοίιίοθιριέςεξεειοιθ·

295 574 438 624 siam
472 575 558 625 sic
591 576 725 629 erat,
750 553 817 622 ἶλι
855 553 972 635 ,Ῐεω
1013 583 1127 620 non
1156 553 1455 633 pertineret
1508 559 1576 611 ad
1620 553 1926 635 Christum:

299 659 468 709 quem
546 622 723 695 idolis,
791 622 1176 693 sacriﬁcando‘
1242 636 1603 709 negaverat,
1651 622 1928 709 deraserat

299 696 678 768 characterem
729 714 955 773 Christi,
1007 696 1347 776 superductiv
1384 706 1705 760 charactere
1751 696 1924 776 Jovig,

699 760 1390 845 A‘hmeadyemﬁrdisciplina
1450 777 1604 851 venit
1623 765 1803 851 51110.d

299 860 581 913 haereticis
605 864 701 911 aut
726 857 1100 910 schismaticis
1129 854 1413 919 bapizatos
1442 850 1591 901 idem
1616 845 1926 919 Cypt‘itm}ls

299 912 578 999 baptisma
621 932 826 984 Christi
873 930 1182 992 suscepisse
1206 912 1437 999 -negat._
1463 922 1553 999 Ait
1598 917 1749 999 enim
1787 912 1925 999 tales

300 985 781 1058 sacramentorum
837 985 1127 1052 ministros
1185 985 1339 1049 extra
1394 991 1705 1045 Ecclesiam
1759 985 1896 1034 mini

302 1083 563 1139 strantes,
630 1074 777 1125 nihil
846 1073 1180 1129 ministrare,
1254 1069 1362 1118 hoc
1444 1062 1708 1139 nimirum
1761 1065 1921 1136 argu.

300 1154 510 1207 mento,
551 1133 706 1213 quod
748 1160 876 1197 cum
925 1143 1173 1194 Ecclesia
1204 1140 1276 1190 sit
1309 1152 1442 1213 una,
1463 1136 1535 1213 in
1566 1133 1660 1182 illa
1685 1142 1795 1213 una
1828 1133 1925 1213 qui

300 1199 418 1273 Eo};
445 1199 591 1272 sint‘
619 1222 675 1270 in
720 1217 875 1268 nulla
932 1216 1059 1273 sint,
1121 1226 1226 1264 nec
1270 1207 1638 1275 aptitudinem
1685 1199 1927 1275 habeant

298 1271 492 1354 ullam,
516 1306 627 1357 qua
657 1290 872 1354 possint
896 1287 965 1338 ab
991 1271 1085 1337 illa
1110 1299 1223 1334 una
1240 1271 1374 1357 quid
1393 1280 1642 1357 accipe}:e
1658 1271 1927 1357 (ῙιξοάξΫ

301 1345 990 1429 ceptum-communicent
1026 1362 1122 1408 aut
1165 1345 1468 1429 conferant.
1502 1348 1655 1429 r{italia
1697 1345 1925 1429 dogma-

296 1412 508 1497 ta:va
531 1436 865 1499 potestatum
887 1429 1241 1481 saecularium
1268 1420 1657 1499 venationibus
1685 1420 1741 1468 et
1760 1412 1924 1499 mini-

300 1488 550 1559 strorum.
586 1503 859 1556 Ecclesia
915 1500 1248 1552 factionibus
1298 1493 1681 1549 afflictissimo,
1753 1488 1925 1539 stabi-

299 1581 403 1632 Iire
467 1593 533 1630 ac
589 1578 807 1628 sancire
858 1576 1043 1624 visum
1095 1571 1394 1634 Cypriano,
1448 1565 1776 1626 caeterisque
1828 1574 1926 1624 per

302 1653 568 1708 Africam,
620 1647 936 1698 Numidiam
985 1659 1051 1696 ac
1101 1640 1488 1694 Mauritaniam
1536 1634 1922 1708 coepiscopis,

298 1707 641 1791 presbyteris
683 1724 738 1772 et
769 1719 1039 1791 diaconis,
1080 1729 1192 1791 quo
1230 1713 1338 1764 sibi
1384 1708 1651 1791 populum
1680 1707 1924 1791 facer‘ent

299 1775 431 1847 fidei
468 1775 805 1845 Christiana
855 1775 1035 1853 magis
1072 1775 1344 1844 tenacem,
1391 1781 1787 1853 ministros-que
1823 1775 1923 1824 ha-

300 1868 497 1919 berent
550 1865 706 1929 pacis
745 1868 801 1914 et
842 1850 1074 1912 unitatis
1104 1854 1497 1929 ecclesiasticae
1536 1850 1714 1913 magis
1731 1859 1928 1929 ‘aman:

301 1918 402 1990 tes.
478 1918 584 1988 m2:
633 1947 764 1998 ergo
816 1932 922 1983 fuit
970 1943 1194 1993 scopus.
1250 1928 1309 1977 in
1362 1938 1529 1990 quem
1590 1918 1925 1998 sanctissimi

301 2011 491 2061 Patres
539 1994 726 2058 omnia
775 2008 910 2055 tunc
961 2001 1371 2065 Scripturarum
1422 1994 1643 2059 ingenia
1704 1994 1925 2065 contor-

298 2096 440 2133 sere.
492 2079 745 2130 Proxima
793 2076 922 2125 dein
978 2063 1102 2123 illis
1139 2074 1328 2129 aetate,
1384 2071 1450 2117 ut
1502 2066 1588 2115 vel
1637 2063 1924 2119 meliores,

299 2152 553 2204 ethnicos
592 2147 809 2207 habuit,
853 2146 961 2195 hoc
1006 2146 1090 2194 est
1135 2140 1345 2191 nomini
1388 2136 1700 2189 Christiano
1740 2133 1927 2207 minus

299 2203 549 2279 infestos,
579 2220 667 2271 vel
709 2203 987 2268 ministros
1026 2213 1276 2265 Ecclesia
1311 2210 1505 2261 sortita
1546 2211 1628 2258 est
1667 2203 1926 2279 meliores

297 2272 470 2347 laxari
521 2272 813 2356 disciplina
856 2289 1041 2352 ccepit,
1078 2285 1455 2356 paulatimque
1489 2272 1926 2356 argumentandi

300 2346 579 2417 subtilitas
620 2346 745 2413 εὖΠὶ
802 2346 1049 2411 studiosa
1078 2346 1338 2406 'nominis
1386 2349 1677 2403 Catholici.
1732 2346 1925 2417 Itaque

299 2416 406 2487 sub
429 2434 745 2497 Augustino
764 2430 973 2495 placuit
991 2428 1289 2478 humanior
1302 2422 1596 2497 sententia,
1614 2430 1742 2497 qum
1762 2416 1927 2497 longe

299 2487 575 2557 diversam
620 2503 690 2553 ab
718 2487 1020 2552 id'ololatris
1049 2510 1274 2548 causam
1320 2493 1605 2546 constituit
1627 2487 1928 2539 haeretico-

299 2590 424 2628 rum
445 2576 562 2625 sive
585 2571 1086 2624 schismaticorum.
1104 2568 1243 2618 Nam
1260 2565 1328 2615 ab
1348 2562 1634 2615 Catholico
1656 2569 1822 2607 sensu
1839 2568 1926 2628 re:

300 2622 676 2702 éécTtheéjb
703 2640 952 2691 Ecclesia
976 2637 1200 2702 quidem
1224 2632 1438 2698 praecisi
1462 2628 1806 2702 dicebantur,
1828 2622 1926 2702 sed

300 2694 361 2769 in
375 2694 441 2768 eo
457 2694 642 2766 tamen
665 2715 829 2771 statu,
848 2714 911 2760 ut
925 2694 1150 2765 siIfacta
1167 2694 1322 2771 pace,
1342 2703 1411 2753 ad
1433 2694 1928 2771 Catholicam_redi-

298 2767 441 2848 rent,
461 2786 617 2851 quasi
629 2767 951 2849 postliminii
961 2782 1103 2844 jure,
1118 2767 1409 2842 nunquam
1422 2770 1741 2851 abcessisse
1758 2767 1928 2831 ﬁnge-

298 2840 509 2919 rentur,
532 2861 587 2907 et
607 2840 690 2906 sic
712 2840 1007 2918 pristinum
1022 2840 1334 2919 reciperent
1350 2848 1405 2919 in
1422 2842 1675 2895 Ecclesia
1698 2840 1920 2889 locum:

301 2932 466 2994 cujus
498 2917 765 2979 Ecclesia:
799 2925 985 2994 caput,
1030 2932 1235 2994 nempe
1273 2917 1598 2994 Christumt
1622 2922 1733 2960 non
1763 2919 1929 2994 nega:

298 2981 512 3058 verant,
555 2981 1027 3062 quemadmodum
1070 2981 1375 3062 idololatraa
1413 3002 1431 3062 εΔ
1446 2986 1847 3062 proptereaque
1876 2981 1930 3029 et

299 3056 646 3134 baptismata,
701 3079 828 3130 qum
872 3065 928 3113 in
956 3063 1259 3114 schismate
1298 3056 1768 3134 ministraverapt,
1811 3063 1925 3134 non

298 3133 511 3195 ﬁebant
560 3140 726 3189 irrita.
760 3136 907 3187 Hinc
957 3136 1123 3197 igitur
1155 3133 1249 3183 illa

300 3214 601 3264 sceleratos
653 3222 775 3259 esse
824 3196 1151 3263 haereticos;
1208 3203 1307 3253 sed
1360 3198 1608 3251 haeretici
1654 3196 1927 3259 baptisma

300 3286 507 3339 Christi
560 3281 850 3333 dederunt.
905 3280 976 3330 Et
1037 3292 1047 3326 :
1109 3277 1201 3329 Sic
1244 3288 1375 3339 ergo
1426 3284 1567 3336 quos
1627 3266 1928 3332 baptizavit

301 3358 569 3414 ebriosus,
615 3366 759 3418 quos
798 3350 1098 3414 baptizavit
1144 3338 1448 3418 homicida,
1500 3356 1642 3418 quos
1679 3338 1927 3418 baptiza-

298 3429 380 3477 vit
446 3411 678 3485 adulter,
744 3423 791 3473 si
843 3411 1150 3485 baptismus
1206 3416 1410 3469 Christi
1475 3417 1607 3474 erat,
1673 3411 1927 3461 Christus

298 3498 613 3563 baptizavit.
656 3496 727 3545 Et
777 3510 787 3543 :
835 3492 997 3555 Quod
1044 3492 1454 3563 sacramentum
1492 3490 1624 3563 "tam
1674 3486 1928 3563 sanctum

301 3552 407 3629 est,
450 3571 511 3617 ut
550 3580 659 3617 nec
710 3552 994 3615 homicida
1026 3562 1371 3611 monstrante
1418 3557 1715 3621 polluatur.
1775 3552 1928 3629 Idem

300 3626 651 3704 Augustinus
698 3637 853 3700 epist.
919 3635 1024 3693 166,
1098 3633 1231 3683 citat
1277 3629 1538 3704 in__hanc
1596 3626 1929 3704 sententiam

299 3694 459 3761 suain
509 3709 679 3760 verba
732 3694 1100 3759 Constantini.
1161 3701 1473 3762 Attendite,
1524 3701 1735 3763 inquit,
1795 3694 1932 3760 quid

299 3783 543 3833 habeant
588 3779 756 3830 verba
800 3778 1104 3842 principis;
1135 3786 1267 3824 nam
1315 3772 1361 3821 si
1392 3772 1449 3821 in
1496 3772 1577 3820 eis
1622 3770 1930 3842 qui_primo

298 3854 501 3905 initiati
549 3855 698 3911 sunt,
750 3840 1199 3909 id'circo’religio
1252 3842 1597 3907 baptismatis
1651 3840 1932 3905 judicatur

300 3924 541 3984 inﬁrma,
582 3920 734 3987 quod
781 3920 819 3970 ii
854 3934 885 3969 a
914 3917 1120 3982 quibus
1154 3915 1446 3979 accipitur,
1478 3916 1932 3987 peccatorespuf

301 4000 491 4047 tentur
509 3982 535 4056 ;’
596 3982 755 4044 toties
827 3990 1088 4053 indignus
1156 3988 1323 4038 fuerit
1396 3987 1664 4037 inventus
1744 3982 1931 4034 collati

299 4066 647 4131 baptismatis
700 4063 1131 4121 administrator,
1159 4063 1215 4110 et
1267 4058 1407 4108 ﬁdes
1456 4060 1655 4131 nostra
1695 4069 1809 4105 non
1862 4067 1933 4131 ex

301 4126 509 4190 nostra:
559 4135 865 4186 voluntatis
894 4132 1141 4191 arbitrio,
1171 4143 1355 4194 neque
1384 4142 1453 4179 ex
1486 4127 1661 4178 divini
1686 4126 1933 4176 muneris

301 4211 500 4275 gratia,
558 4208 656 4259 sed
709 4221 783 4259 ex
834 4206 1049 4257 meritis
1102 4202 1456 4254 sacerdotum
1512 4204 1567 4251 et
1600 4198 1933 4251 clericorum

299 4282 567 4349 qualitate
588 4278 867 4345 pendebit.
895 4295 925 4326 »

914 4415 1073 4455 ANNO
1111 4412 1297 4454 CCLIV.

887 4505 1107 4558 EPIST.
1152 4504 1345 4555 LXVI.

370 4622 663 4687 Cyprianus
706 4620 798 4684 qui
838 4622 889 4669 et
942 4619 1197 4670 Thascius.
1226 4617 1505 4669 Pamelius
1549 4617 1623 4666 ait
1657 4629 1668 4663 :
1698 4613 1932 4687 egVide-

303 4686 578 4746 turmihi
617 4705 743 4743 cum
788 4690 1041 4741 Cretensi
1090 4690 1335 4739 voluisse
1382 4689 1642 4739 cretizare
1702 4686 1933 4752 Cypria-

303 4780 411 4816 nus
443 4780 455 4815 :
488 4768 543 4815 et
589 4777 717 4814 cum
742 4763 1056 4813 Florentius
1085 4772 1290 4808 nomen
1332 4772 1497 4808 suum
1546 4771 1675 4808 cum
1720 4770 1933 4821 pramo-

305 4840 458 4890 mine
510 4836 855 4901 praﬁxisset,
909 4833 1151 4897 idipsum
1198 4832 1436 4881 fecisset.
1488 4832 1810 4901 Pramomen
1840 4842 1936 4877 au-

305 4916 420 4962 tem
475 4898 625 4959 istud
676 4909 861 4971 ipsum
916 4905 1154 4968 reperire
1215 4905 1297 4953 est
1343 4902 1399 4951 in
1458 4898 1935 4971 Actispassionis

307 4984 449 5045 ejus,
479 4984 532 5031 et
561 4969 716 5044 apud
739 4978 995 5027 Pontium
1031 4976 1348 5045 diaconum.
1380 4990 1407 5018 »
1439 4970 1780 5045 Crediderim
1807 4969 1932 5035 qui-

310 5042 437 5103 dem
483 5042 797 5115 Pupianum
848 5046 1111 5097 invidisse
1151 5044 1425 5109 Cypriano
1456 5042 1668 5094 Caecilii
1708 5054 1933 5096 nomen,

308 5123 460 5190 quod
490 5138 519 5172 a
551 5112 713 5173 bonae
752 5120 1031 5171 memoriae
1076 5116 1419 5181 presbytero,
1464 5128 1495 5163 a
1522 5128 1633 5178 quo
1671 5113 1740 5162 ad
1768 5112 1935 5190 ﬁdem

308 5184 429 5245 erat
474 5205 793 5254 conversus,
842 5190 1092 5254 accepit;
1129 5192 1181 5238 et
1228 5201 1324 5252 per
1364 5189 1744 5249 contemptum
1794 5184 1936 5234 Tha-

309 5266 412 5317 scii
460 5266 623 5316 titulo
674 5265 981 5323 salutasse,
1031 5273 1143 5326 quo
1191 5259 1335 5310 inter
1384 5258 1619 5325 gentiles
1672 5256 1936 5307 nosceba-

312 5343 420 5388 tur.

371 5410 484 5473 Ego
531 5412 597 5467 te,
648 5407 836 5467 frater.
886 5404 1159 5469 Rigaltlns
1196 5405 1273 5453 ait
1335 5417 1346 5451 :
1397 5418 1424 5449 α
1453 5401 1795 5452 Florentium
1836 5399 1937 5449 etsi

307 5484 425 5545 jam
500 5477 918 5529 schismaticum
987 5474 1353 5525 nihilominus
1426 5476 1589 5524 vocat
1677 5473 1936 5531 fratrem,

316 5544 791 5615 quemadmodum
839 5547 1074 5611 Optatus
1118 5547 1458 5605 Donatistas,
1504 5544 1804 5607 objurgans
1844 5555 1939 5591 eos

316 5620 470 5686 quod
517 5620 620 5684 ipsi
673 5618 989 5672 Catholicos
1040 5617 1254 5668 nollent
1304 5629 1511 5667 vocare
1554 5615 1749 5666 fratres
1788 5628 1800 5662 :
1835 5615 1941 5666 No-

312 5695 453 5751 lunt,
508 5691 707 5757 inquit,
762 5705 821 5742 se
866 5690 976 5740 dici
1032 5690 1228 5740 fratres
1274 5692 1493 5739 nostros
1549 5703 1561 5737 :
1614 5691 1795 5738 tamen
1839 5699 1942 5736 nos

310 5762 577 5821 recedere
604 5777 640 5821 a
679 5763 877 5821 timore
913 5761 1018 5820 Dei
1052 5764 1169 5817 neu
1200 5773 1517 5829 possumus,
1575 5772 1716 5828 quos
1765 5757 1945 5815 horta-

1946 1732 2004 1805 B
2024 1732 2265 1815 ἕτὶσῗτᾶξῖζ

2049 399 2526 483 voslqu-intimctis
2573 399 2754 483 nomen
2802 399 3275 483 [lambin—audite
3321 423 3509 459 nomen
3559 413 3662 462 Do-

2027 475 2207 543 mini:
2250 475 2313 523 Hi
2362 478 2459 539 qui
2504 490 2595 527 vos
2654 478 2774 527 odio
2833 477 3020 528 habent
3079 484 3125 529 et
3181 486 3556 543 exsecrantur,
3612 488 3659 533 et

2026 541 2212 593 nolunt
2254 559 2308 596 se
2347 548 2457 596 dici
2478 548 2687 608 fratres
2718 554 2947 607 nostros,
2982 563 3075 600 vos
3125 554 3303 600 tamen
3328 551 3485 602 dicite
3534 541 3608 603 eis
3642 566 3659 601 .·

2026 614 2241 666 Fratres
2284 620 2455 669 nostri
2513 620 2649 669 estis.
2688 620 2833 669 Sunt
2869 621 3037 685 igitur
3073 622 3193 671 sine
3235 623 3408 672 dubio
3438 625 3655 685 fratres,

2028 689 2282 749 quamvis
2324 704 2437 740 non
2488 690 2640 741 boni.
2688 692 2901 741 Nomen
2953 694 3313 743 fraternitatis
3342 707 3449 745 nec
3483 696 3653 745 inter-

2026 761 2284 811 veniente
2313 767 2543 826 peccato
2574 762 2887 827 deponitur.
2925 782 2953 808 »

2090 834 2342 896 Martyrii
2385 836 2465 883 tui
2491 835 2746 899 dignitas.
2791 836 3064 899 Rigaltius
3097 838 3173 886 ait
3210 853 3221 885 :
3256 855 3284 883 ‹‹
3318 839 3463 889 Ante
3496 839 3657 889 schi-

2026 916 2145 985 sma
2198 907 2665 985 communicabat
2688 908 3015 985 .Florentius
3068 920 3196 957 cum
3254 908 3549 972 Cypriano,
3599 916 3653 960 et

2028 978 2099 1057 in.
2139 978 2527 1057 persecutione
2573 978 2799 1042 quidem
2840 978 2907 1027 ad
2952 991 3228 1027 summam
3273 982 3521 1042 martyrii
3557 995 3659 1030 su—

2026 1044 2355 1166 ?Ilifmitatem
2434 1053 2729 1112 provectus
2800 1050 3011 1111 fuerat,
3090 1049 3274 1115 inquit
3345 1050 3659 1114 Cyprianus

2113 1131 2185 1166 ra.
2220 1136 2247 1163 »

2025 1128 2185 1166 intra.
2220 1136 2247 1163 »

2087 1186 2299 1251 Indigni
2351 1193 2397 1238 et
2434 1190 2633 1239 incesti.
2682 1189 2957 1251 Rigaltius
3015 1190 3092 1239 ait
3152 1206 3163 1239 :
3222 1205 3253 1238 ‹‹
3293 1191 3430 1241 Ηωο
3483 1193 3655 1244 verba

2027 1259 2163 1307 satis
2199 1258 2445 1310 indicant
2485 1260 2671 1324 qualia
2713 1260 3027 1310 Florentius
3066 1261 3124 1309 in
3178 1260 3519 1325 Cyprianum
3556 1276 3663 1328 op-

2026 1330 2246 1393 probria
2308 1332 2545 1392 fuderat,
2608 1331 2835 1381 infanda
2902 1336 2956 1381 et
3006 1332 3205 1395 turpia,
3264 1336 3430 1397 atque
3492 1335 3659 1386 etiam

2026 1401 2287 1465 gentibus
2308 1403 2665 1453 exsecranda.
2697 1419 2725 1447 ››

2086 1473 2149 1522 In
2185 1473 2654 1536 praedicationibus
2699 1475 2914 1523 nostris.
2950 1474 3224 1537 Rigaltius
3262 1475 3337 1525 ait
3379 1490 3390 1523 :
3432 1492 3462 1523 ‹
3510 1477 3653 1527 Cum

2027 1544 2095 1594 de
2158 1544 2321 1595 nobis
2372 1545 2585 1609 aliquid
2655 1545 2759 1608 ipsi
2834 1544 3205 1607 praedicamus
3257 1559 3324 1596 ac
3387 1546 3651 1609 dicimus,

2026 1616 2167 1666 alius
2220 1618 2292 1666 sit
2344 1618 2698 1680 prmdicator,
2762 1617 2905 1666 alius
2967 1616 3137 1667 testis.
3195 1617 3316 1667 Non
3380 1617 3526 1668 idem
3588 1620 3659 1669 sit

2027 1687 2357 1750 prmdicator
2409 1692 2465 1739 et
2524 1689 2678 1739 testis
2724 1703 2735 1738 :
2788 1687 2959 1743 Οὺδεῖς
3017 1689 3172 1751 ἑαυτῷ
3233 1690 3479 1753 μαρτυρῶν
3526 1690 3653 1746 ἀξιό-

2094 1829 2462 1881 Testimonium
2490 1844 2658 1879 mm
2706 1843 2809 1880 non
2854 1834 2928 1881 est
2972 1843 3173 1880 verum.
3223 1829 3497 1895 Rigaltius
3530 1834 3653 1883 ait:

2025 1920 2055 1947 α
2107 1902 2227 1951 Non
2290 1905 2372 1952 est
2434 1901 2780 1965 legitimum,
2834 1914 3019 1966 neque
3074 1902 3305 1964 justum.
3359 1903 3656 1967 Horatius,

2026 1971 2204 2023 Metiri
2245 1986 2304 2023 se
2370 1984 2652 2038 quemque
2708 1986 2810 2022 suo
2859 1971 3089 2022 modulo
3133 1985 3199 2023 ac
3267 1973 3410 2036 pede
3461 1987 3657 2025 verum

2027 2046 2125 2093 est.
2159 2058 2188 2090 ›

2090 2114 2176 2164 Sic
2237 2114 2411 2165 insitis
2480 2115 2534 2164 in
2608 2113 2946 2164 sacerdotem.
3023 2114 3106 2164 De
3171 2115 3280 2166 hac
3352 2115 3408 2166 S.
3472 2120 3659 2168 textus

2026 2186 2288 2249 periocha
2323 2191 2378 2237 et
2419 2186 2572 2236 vocis
2623 2186 2817 2235 incitas
2864 2186 3167 2246 notatione,
3213 2188 3420 2251 saepius
3449 2193 3654 2240 actum.

2026 2258 2195 2307 Porro
2243 2258 2663 2308 observavimus
2705 2256 2956 2306 solemne
3004 2270 3127 2307 esse
3157 2257 3436 2322 Cypriano
3474 2259 3660 2325 Scrip-

2026 2332 2274 2379 turarum
2325 2329 2662 2389 testimonia,
2730 2331 2996 2392 tanquam
3068 2342 3136 2379 ex
3211 2335 3660 2396 armamentario,

2026 2401 2376 2520 glotnggratim
2461 2400 2802 2463 depromere.
2880 2398 3018 2448 Vide
3100 2414 3227 2464 quae
3295 2400 3441 2451 dicta
3494 2405 3657 2466 epist.

2077 2484 2106 2520 e
2219 2507 2229 2518 .

2077 2474 2129 2521 et
2149 2474 2229 2520 59.

2088 2540 2337 2605 Episcopi
2389 2540 2831 2592 Christianorum.
2893 2540 3169 2604 Rigaltius
3224 2543 3300 2591 ait
3349 2557 3360 2590 :
3411 2558 3440 2590 «
3492 2544 3663 2607 Supra

2028 2615 2185 2676 epist.
2237 2613 2300 2662 59
2345 2610 2508 2672 dixit,
2556 2611 2831 2674 applicato
2889 2615 2943 2661 et
2991 2612 3252 2675 adjuncto
3309 2614 3660 2678 episcopatus

2027 2684 2113 2733 sui
2164 2684 2407 2733 nomine.
2464 2684 2659 2746 Itaque
2715 2683 3076 2746 proscriptus,
3152 2685 3286 2745 quia
3342 2685 3658 2747 episc0pus.

2028 2757 2258 2818 Propter
2304 2754 2415 2804 hoc
2462 2758 2700 2811 tantum,
2746 2767 2860 2802 non
2900 2756 3189 2816 propterea
3236 2753 3387 2816 quod
3435 2755 3661 2817 episco-

2028 2841 2135 2890 pus
2185 2826 2554 2888 Carthaginis,
2604 2824 2703 2875 sed
2751 2825 2883 2890 quia
2940 2824 3386 2875 Christianorum
3438 2826 3660 2890 episco-

2026 2912 2149 2963 pus.
2173 2913 2203 2945 ι

2089 2972 2194 3022 Nec
2234 2968 2339 3019 haec
2377 2970 2548 3031 jacio,
2585 2967 2672 3016 sed
2722 2967 2910 3017 dolens
2950 2968 3189 3030 profero.
3226 2968 3503 3033 Rigaltius
3544 2970 3661 3020 ait:

2029 3058 2058 3087 «
2110 3042 2284 3106 Epist.
2332 3042 2396 3091 59
2444 3040 2631 3090 :Dico
2676 3040 2825 3089 enim
2876 3043 3222 3104 provocatus,
3274 3039 3399 3090 dico
3449 3040 3658 3103 dolens,

1655 3099 1927 3175 Concedo
1946 3099 2003 3175 C
2029 3099 2534 3195 dice'compul'sus,
2563 3115 2671 3161 etc.
2694 3128 2721 3157 λδ

2088 3186 2265 3234 Novus
2304 3183 2626 3232 credentium
2672 3180 2916 3245 populus.
2949 3180 3175 3231 Ethnici
3213 3183 3281 3231 ad
3326 3182 3496 3233 ﬁdem
3527 3198 3660 3233 con-

2026 3255 2173 3305 versi
2239 3253 2446 3318 quibus
2503 3253 2816 3316 baptismus
2869 3265 2981 3301 non
3039 3252 3477 3312 concedebatur,
3538 3255 3658 3302 ἄνευ

2025 3326 2216 3389 γνώμης
2243 3325 2525 3387 ἐπισκόπου,
2560 3324 2833 3373 referente
2860 3322 3093 3386 Ignatio.

2088 3399 2221 3458 Apes
2276 3396 2463 3446 habent
2518 3408 2701 3459 regem.
2756 3394 3030 3457 Rigaltius
3091 3395 3165 3443 ait
3219 3410 3229 3443 :
3280 3411 3308 3440 «
3364 3396 3536 3457 Idem,
3568 3396 3665 3447 lib.

2030 3468 2092 3517 de
2127 3467 2367 3517 Idototat.
2418 3468 2538 3517 Rex
2582 3479 2729 3515 unus
2781 3470 2863 3515 est
2918 3465 3134 3528 apibus,
3168 3469 3220 3514 et
3255 3465 3368 3516 dux
3414 3480 3563 3516 unus
3606 3468 3663 3516 in

2029 3540 2308 3603 gregibus,
2358 3542 2411 3587 et
2459 3540 2515 3586 in
2555 3538 2824 3587 armentis
2867 3541 3047 3587 rector
3093 3550 3260 3585 unus.
3305 3538 3467 3587 Tales
3502 3552 3665 3600 argu-

2030 3612 2123 3660 tiae
2184 3610 2410 3661 tractari
2463 3609 2643 3659 solent
2694 3610 2752 3657 in
2788 3608 3016 3668 scholis,
3070 3610 3127 3658 et
3172 3607 3241 3658 de
3291 3613 3664 3673 ortygometra

2030 3681 2174 3731 duce
2219 3680 2454 3744 agminis
2500 3682 2771 3744 cujusque
2817 3680 3192 3739 coturnicum,
3227 3683 3283 3728 et
3312 3678 3381 3727 de
3409 3680 3662 3743 gruibus.

2030 3752 2168 3803 Nam
2217 3756 2272 3803 et
2322 3752 2525 3801 ducem
2588 3752 2802 3814 eligunt
2850 3763 3018 3814 quem
3073 3752 3395 3813 sequantur,
3452 3751 3664 3813 quique

2030 3828 2215 3874 erecto
2261 3823 2403 3873 collo
2462 3822 2773 3886 provident,
2831 3827 2887 3871 et
2934 3826 3136 3871 caetera
3182 3820 3524 3885 hujusmodi.
3576 3821 3662 3871 Ex

2031 3893 2237 3959 quibus
2284 3894 2393 3943 hoc
2424 3894 2723 3958 colligitur,
2769 3892 3007 3957 singulis
3048 3892 3243 3950 alveis,
3278 3892 3517 3954 singulis
3546 3904 3665 3956 gre-

2031 3966 2214 4032 gibus,
2263 3965 2498 4029 singulis
2556 3965 2854 4026 armentis,
2908 3962 3224 4028 agminibus
3292 3964 3529 4027 singulis
3578 3977 3667 4013 re-

2032 4051 2178 4158 gerlrli,
2230 4036 2452 4098 ducem,
2509 4040 2783 4087 rectorem
2827 4047 2948 4086 esse
3010 4048 3195 4097 suum,
3247 4036 3665 4087 (Bcumenicum

2032 4122 2109 4158 nu
2158 4121 2327 4157 um.»

2032 4121 2272 4159 nllllllm.
2299 4126 2327 4152 »

2095 4183 2350 4231 Latrones
2410 4179 2662 4243 mancipi.
2712 4178 2989 4241 Rigaltius
3037 4178 3113 4227 ait
3161 4193 3173 4226 :
3220 4193 3250 4227 α
3299 4179 3349 4228 Α
3397 4192 3508 4242 quo
3537 4182 3667 4230 sunt

2033 4251 2299 4304 conducti
2352 4249 2420 4300 ad
2463 4251 2681 4300 facinus
2728 4248 2973 4314 aliquod.
3001 4250 3311 4315 Mancipem
3362 4254 3520 4301 vocat
3552 4252 3666 4303 fac-

2032 4325 2198 4373 tionis
2225 4323 2571 4388 magistrum.
2606 4340 2634 4368 »

2095 4396 2177 4446 Ad
2236 4399 2562 4457 conspectum
2638 4394 2751 4443 Dei.
2821 4392 2907 4443 Ex
2975 4392 3225 4456 martyrii
3276 4394 3663 4459 prierogativa,

1948 4468 2009 4542 D
2033 4466 2235 4542 de_qua
2265 4466 2396 4542 alibi
2426 4466 2660 4542 dictum.

2094 4540 2222 4590 Cum
2276 4536 2338 4585 de
2392 4536 2559 4584 medio
2623 4534 2940 4584 recederent.
2988 4534 3262 4597 Rigaltius
3312 4536 3389 4584 ait
3432 4550 3443 4583 :
3482 4550 3512 4584 α
3567 4535 3666 4600 Sy-

2031 4609 2179 4660 nodo
2225 4608 2425 4668 soluta,
2489 4610 2613 4671 post
2678 4606 2997 4670 impositam
3042 4605 3180 4654 mihi
3231 4619 3461 4655 manum
3516 4621 3668 4658 rece-

2033 4683 2249 4736 dentes.
2286 4696 2315 4727 >>
2351 4679 2460 4731 Sed
2490 4677 2768 4743 siquidem
2814 4691 2923 4740 pax
2962 4678 3017 4725 in
3058 4677 3309 4727 Ecclesia
3348 4679 3528 4741 viguit
3555 4692 3667 4742 quo

2033 4758 2280 4818 tempore
2339 4750 2653 4814 Cyprianus
2720 4750 2790 4799 ad
2861 4750 3242 4813 episcopatum
3294 4751 3666 4813 promoveba-

2035 4830 2141 4884 tur,
2197 4824 2384 4887 potius
2439 4822 2561 4872 haec
2612 4821 2847 4885 intelligi
2908 4819 3114 4870 debent
3168 4819 3236 4871 de
3280 4822 3669 4885 persecutione

2033 4896 2297 4946 Deciana.

2099 4965 2428 5028 Con/essores
2461 4965 2817 5030 quaestionati.
2863 4963 3135 5028 Rigaltius
3169 4965 3246 5013 ait
3300 4979 3311 5013 :
3362 4981 3391 5010 α
3436 4966 3484 5015 Α
3515 4980 3666 5030 quee-

2035 5040 2230 5089 stione.
2290 5037 2383 5087 Sic
2452 5037 2734 5087 Lucianus
2808 5039 3018 5100 martyr
3088 5036 3245 5099 epist.
3320 5036 3402 5096 Si,
3459 5036 3602 5087 dixit
3654 5054 3666 5087 :

2037 5109 2273 5160 Paulum
2336 5124 2366 5158 a
2420 5109 2748 5172 quaestione.
2812 5106 3238 5158 Observandum
3291 5106 3385 5158 hic
3442 5108 3668 5159 confes-

2038 5194 2190 5232 sores
2230 5180 2338 5230 dici
2382 5182 2624 5244 primum
2667 5180 3087 5242 quaestionatos,
3115 5178 3317 5229 deinde
3346 5183 3536 5229 tortos.
3570 5181 3664 5231 Et-

2038 5254 2205 5314 enim,
2251 5251 2567 5315 cognitione
2629 5249 2776 5307 data,
2824 5250 3063 5300 habetur
3109 5251 3345 5314 quaestio
3398 5252 3668 5314 primum,

2038 5324 2166 5375 dein
2186 5326 2458 5374 tormenta
2482 5321 2830 5373 adhibentur.
2859 5340 2888 5367 »

2102 5405 2412 5470 EpiscOpum
2442 5403 2498 5452 in
2526 5402 2761 5453 Ecclesia
2784 5417 2909 5463 esse,
2944 5408 2991 5452 et
3027 5402 3310 5453 Ecclesium
3356 5403 3412 5451 in
3456 5402 3671 5466 Episco-

2038 5490 2122 5541 po.
2161 5474 2244 5524 Ad
2294 5475 2561 5524 unitatem
2598 5473 2863 5524 Ecclesiae
2906 5474 3135 5525 omnino
3173 5474 3323 5536 facit,
3371 5476 3433 5522 ut
3465 5473 3674 5535 episco-

2040 5560 2145 5612 pus
2175 5559 2279 5596 nec
2305 5558 2400 5609 per
2429 5546 2669 5595 hmresin
2699 5559 2804 5597 nec
2848 5559 2945 5610 per
2974 5544 3341 5596 idololatriam
3367 5544 3438 5592 sit
3466 5544 3674 5604 lapsus,

2043 5622 2139 5666 aut
2180 5616 2251 5665 ob
2286 5616 2449 5665 aliam
2502 5630 2707 5666 noxam
2762 5617 3174 5668 communionis
3205 5618 3332 5679 jure
3372 5613 3678 5664 exclusus?

2041 5688 2111 5740 Et
2145 5689 2209 5737 ut
2249 5688 2406 5752 plebs
2441 5689 2646 5753 pariter
2680 5691 2943 5754 episcopo
2995 5703 3098 5738 suo
3144 5688 3451 5754 adhaereat,
3505 5682 3681 5754 siqui-

2044 5758 2177 5817 dem
2199 5757 2294 5830 qui
2311 5771 2429 5816 cum
2450 5752 2702 5830 episcopo
2716 5752 2834 5814 non
2874 5752 2970 5827 Est,
2997 5760 3192 5829 utique
3220 5759 3283 5813 in
3326 5752 3565 5815 Ecclesia
3593 5766 3700 5808 non
