4144 6192
506 310 640 366 i239

1803 265 1977 362 mm.
2017 301 2215 362 OXON.
2255 303 2472 364 NOTAE.

3705 273 3868 360 '1240

503 443 596 518 est,
643 455 746 518 nec
778 453 894 518 cum
949 437 1190 518 Christo.‘
1220 435 1360 502 Quin
1391 434 1617 503 quidem
1658 435 1727 488 ab
1761 436 1975 501 Ignatio
2024 434 2128 484 Oso-
2152 434 2326 518 ΑΨ).
2382 449 2459 518 iv,
2503 433 2832 518 Numidiam
2879 431 3095 485 nullius
3119 432 3218 518 rei,
3261 451 3291 518 ς(
3333 432 3533 517 praeter
3575 430 3874 482 marmoris

504 510 624 575 φὸρφ
657 512 918 562 videntur
941 511 1248 575 desumpta.

568 585 708 634 Puro
737 590 897 648 atque
938 584 1278 634 immaculato
1320 594 1429 641 ore,
1480 580 1743 644 sacriﬁcia
1776 579 2133 630 indesinenter

503 655 681 720 o/fero.
730 657 1006 721 Rigaltius
1050 657 1126 706 ait
1181 672 1192 705 :
1243 673 1270 699 α
1318 655 1517 706 Preces
1574 652 1643 704 de
1695 653 1860 704 corde
1894 653 2129 712 sincero,

504 725 572 777 de
599 729 943 778 conscientia
971 742 1111 792 pura
1146 732 1198 777 et
1228 730 1396 777 casta.
1428 742 1455 770 »

563 799 775 847 Memini
841 801 979 848 enim
1041 799 1172 862 quid
1217 810 1334 862 1am
1387 795 1512 845 mihi
1569 795 1636 845 sit
1700 800 1982 846 ostensum.
2035 794 2131 844 Ri—

503 868 705 930 galtius
747 870 824 918 ait
876 884 888 916 :
939 888 967 913 «
1019 869 1124 918 Hic
1171 869 1338 917 etiam
1391 868 1566 916 utitur
1613 865 2025 915 ostensionibus
2081 867 2135 914 et

502 940 832 1002 visionibus,
901 941 1010 990 telo
1077 939 1144 988 ad
1211 937 1580 988 conterendos
1644 936 2012 996 adversaaios,
2073 937 2132 985 in

504 1025 672 1061 manu
709 1014 1009 1074 praesertim
1056 1010 1338 1074 Cypriani,
1380 1010 1482 1058 viri
1523 1009 1714 1072 optimi
1748 1013 1911 1072 atque
1939 1008 2132 1066 divini,

502 1084 884 1133 valentissimo
928 1098 939 1131 :
983 1083 1119 1132 alias
1160 1095 1303 1130 vano
1349 1095 1412 1129 ac
1471 1080 1632 1128 futili.
1685 1080 1824 1128 Nam
1870 1082 1925 1128 et
1968 1078 2133 1128 calli-

504 1153 611 1202 dus
656 1153 860 1209 rhetor,
905 1158 960 1203 et
1008 1153 1256 1215 sophista
1312 1152 1477 1212 vafer,
1534 1149 1851 1213 hujusmodi
1901 1150 2015 1198 visa
2063 1149 2133 1198 ad

504 1239 734 1276 causam
797 1239 954 1274 suam
1017 1224 1422 1287 oppositissima
1490 1222 1691 1284 poterit
1765 1221 2132 1278 comminisci,

505 1299 561 1346 et
612 1297 800 1346 fallere
852 1297 1103 1346 incautos
1157 1299 1210 1344 et
1263 1294 1570 1357 simplices.
1612 1309 1642 1340 »
1693 1292 1802 1344 Sed
1860 1291 2133 1356 siquidem

503 1368 824 1417 rumoribus
876 1366 1043 1416 fidem
1102 1365 1477 1415 adhibendam
1541 1361 1860 1415 credideras
1943 1364 2136 1426 Pupia-

503 1452 630 1499 nus,
691 1453 914 1502 aequum
981 1441 1063 1487 est
1117 1443 1178 1487 ut
1251 1436 1532 1501 Cypriano
1599 1436 1830 1486 somniis
1886 1433 2136 1484 credenti

505 1522 619 1560 non
662 1510 1006 1559 irasceretur.

569 1582 633 1630 Et
687 1580 985 1630 somniatur
1047 1584 1242 1643 postea.
1315 1578 1557 1642 Respicit
1626 1578 1791 1628 verba
1867 1576 2139 1626 insultan-

506 1652 646 1700 tium
711 1651 962 1707 fratrum,
1023 1654 1157 1702 tune
1216 1650 1510 1715 apparebit
1583 1650 1712 1714 quid
1786 1648 1868 1698 illi
1935 1648 2140 1711 prosint

504 1735 713 1772 εοτηηια
734 1737 851 1772 sua.

565 1795 634 1886 In.
682 1795 804 1886 ldis.
849 1793 1042 1886 juding
1097 1799 1242 1886 rents
1300 1793 1568 1886 .tribun‘al
1602 1793 1840 1886 “Christi
1901 1797 2216 1886 utraequeB

505 1863 894 1913 recitabantur.
963 1865 1048 1914 Ex
1097 1864 1344 1914 Platonis
1398 1866 1710 1923 sententia,
1759 1877 1994 1927 magnus
2046 1877 2139 1911 an-

508 1948 618 1984 nus
665 1936 796 1984 olim
848 1936 904 1984 in
955 1941 1223 1986 terrarum
1291 1936 1423 1986 orbe
1471 1940 1623 2001 gesta
1672 1937 1921 1985 restituet
1976 1949 1988 1984 :
2042 1934 2140 1984 sed

508 2019 699 2056 revera
775 2006 892 2056 dies
942 2007 1156 2057 Domini
1226 2021 1448 2072 magnus
1503 2013 1549 2057 et
1603 2006 1934 2068 manifestus.
1993 2007 2140 2064 Act,

509 2087 566 2136 II,
641 2076 719 2134 20,
812 2077 1062 2126 omnium
1143 2081 1292 2127 retro
1381 2077 1654 2127 factorum
1740 2077 2139 2126 ἁποκατᾶιστασου

510 2147 832 2210 reportabit,
893 2150 1039 2210 Act,
1071 2161 1147 2209 ω,
1201 2149 1280 2198 2|.
1333 2149 1464 2198 Ideo
1511 2149 1579 2199 ad
1632 2163 1866 2199 examen
1910 2153 2020 2198 tam
2057 2149 2140 2198 di-

512 2220 787 2280 strictum,
852 2220 1006 2270 mille
1063 2234 1240 2270 annos
1296 2221 1504 2284 requiri
1561 2220 1913 2270 crediderunt
1968 2221 2139 2284 pluri-

513 2289 589 2337 mi
646 2289 750 2340 viri
801 2290 1018 2342 eruditi.
1085 2290 1195 2341 Sed
1252 2295 1542 2354 utcunque
1621 2290 1689 2341 de
1759 2292 1997 2342 lectione
2050 2292 2140 2341 lit-

508 2362 749 2410 terarum
825 2363 1055 2412 istarum
1120 2375 1207 2412 res
1270 2362 1551 2421 ceciderit,
1608 2362 1986 2412 certissimum
2061 2366 2141 2412 est

509 2435 872 2497 utrarumque
963 2434 1239 2484 rationem
1301 2432 1680 2493 reddendam;
1744 2433 2018 2498 siquidem
2077 2433 2143 2482 de

511 2503 656 2552 omni
711 2505 868 2555 verba
921 2506 1108 2566 otioso,
1174 2506 1229 2555 id
1305 2504 1502 2556 dixerit
1574 2505 1868 2567 Dominus,
1948 2504 2139 2556 Matth.

513 2586 636 2638 xm,
665 2575 746 2628 36.

1145 2720 1282 2756 ΔΝΝ.
1321 2716 1508 2756 CCLVI.

999 2813 1352 2866 EPISTOLA
1375 2814 1676 2865 LXXXVI.

573 2923 898 2974 Nemesiano.
951 2923 1166 2973 Horum
1214 2923 1465 2972 omnium
1509 2924 1898 2987 episcoporum
1950 2922 2143 2974 Numi-

515 2995 710 3045 darum
755 2995 1000 3055 nomina,
1054 2995 1110 3043 in
1157 2993 1376 3058 synodo
1427 2993 1875 3058 Carthaginiensi
1927 3007 2146 3057 compa-

494 3072 657 3115 ‘rent.
710 3067 1072 3117 Nemesianus
1120 3080 1149 3114 a
1199 3066 1500 3116 Thubunis
1548 3065 1767 3128 dicitur,
1817 3065 2040 3129 suﬂ‘rag.
2095 3067 2144 3114 5.

514 3139 670 3190 Felix
731 3155 761 3190 a
813 3140 977 3202 Bagai
1032 3139 1286 3199 habetur,
1347 3138 1471 3188 suti‘.
1538 3139 1626 3196 i2;
1691 3139 1761 3189 ab
1812 3142 2120 3189 Amaccura

513 3209 638 3260 suﬂ‘.
678 3212 773 3269 33;
816 3211 909 3259 alii
953 3210 1181 3273 quidem
1224 3210 1302 3259 ibi
1341 3213 1471 3258 sunt
1513 3209 1746 3271 Felices,
1784 3211 1882 3260 sed
1931 3211 2027 3274 qui
2074 3208 2142 3258 ad

514 3284 863 3348 Byzacenam
929 3281 1304 3344 pertinebant,
1353 3281 1451 3345 qui
1499 3294 1611 3329 non
1657 3285 1787 3330 sunt
1833 3280 1999 3344 hujus
2036 3280 2145 3329 loci

514 3355 716 3404 Lucius
745 3353 1096 3404 memoratur'
1120 3351 1244 3402 suﬁ'.
1275 3354 1327 3413 7,
1358 3367 1380 3400 ι·
1399 3365 1464 3402 ec
1493 3365 1605 3400 non
1651 3351 1731 3412 3i,
1767 3354 1998 3416 utrique
2037 3351 2148 3400 Nu-

516 3426 716 3484 midae;
753 3425 846 3473 alii
885 3425 1045 3473 istius
1084 3423 1327 3472 nominis
1353 3423 1421 3471 ad
1463 3423 1821 3487 Zeugitanam
1851 3423 2142 3486 pertinent.

514 3497 725 3548 Litteus
776 3496 1016 3546 occurrit
1056 3493 1181 3544 suit".
1228 3494 1330 3553 82;
1375 3494 1667 3543 Polianum
1711 3493 1984 3545 habemus
2019 3493 2142 3542 sui)“.

518 3569 616 3626 15;
648 3567 743 3629 qui
776 3580 806 3614 a
830 3565 994 3614 Mileo
1025 3564 1248 3626 dicitur,
1284 3563 1408 3614 suit“.
1440 3566 1519 3614 78.
1551 3565 1833 3614 Victorem
1868 3564 1938 3614 ab
1986 3564 2147 3615 Octa-

517 3652 589 3688 vo
638 3637 930 3687 Numidam
984 3635 1218 3686 exhibet
1272 3651 1284 3685 :
1335 3635 1471 3684 alter
1519 3650 1550 3686 a
1603 3636 1716 3687 Gor
1771 3650 1879 3685 non
1929 3637 2147 3687 videtur

518 3709 688 3772 hujus
754 3709 880 3758 loci.
956 3707 1122 3758 Jader
1192 3722 1223 3757 a
1295 3707 1480 3757 Midila
1555 3709 1798 3759 occurrit
1865 3707 1992 3758 suii‘.
2065 3709 2144 3757 45.

517 3781 752 3832 Dativus
809 3779 1034 3830 demum
1080 3793 1109 3828 a
1158 3779 1327 3829 Badis
1368 3783 1706 3830 memoratur
1756 3778 1878 3828 διιεῖ.
1930 3780 2008 3828 15.
2065 3781 2147 3830 De

518 3853 853 3903 Nemesiano
879 3852 998 3901 solo
1028 3851 1274 3901 dubitari
1303 3853 1501 3914 poterit
1526 3864 1660 3900 num
1703 3851 1944 3900 Numida
1981 3851 2149 3900 fuerit

518 3938 590 3973 an
628 3924 890 3982 Maurus;
938 3923 1046 3972 nisi
1101 3921 1252 3985 quod
1297 3920 1552 3970 Tubiana
1591 3925 1844 3972 occurrat
1878 3922 1934 3970 in
1961 3921 2150 3970 Numi-

522 3995 613 4045 dia
648 4008 761 4044 non
807 3995 994 4043 minus
1031 4007 1199 4057 quam
1233 3993 1290 4041 in
1319 3992 1684 4054 Mauritania;
1713 3996 1775 4041 ut
1812 4006 1877 4043 ex
1905 3992 2151 4042 collatio-

518 4079 589 4116 ne
636 4065 1080 4122 Carthaginiensi
1125 4067 1366 4127 apparet,
1413 4068 1469 4113 et
1513 4063 1556 4113 N
1583 4063 1713 4112 ititia
1755 4063 1884 4126 imp.
1935 4066 1988 4112 et
2017 4063 2150 4126 qui—

2233 507 2535 569 Numidici,
2570 507 2925 570 ferarumque
2955 511 3229 570 proventu
3259 507 3559 570 insignem.
3584 519 3616 551 ι

2299 580 2735 630 Transversariis.
2769 579 3044 643 Rigaltius
3080 580 3174 640 ait,
3205 596 3234 626 α
3269 575 3694 628 Transversaria
3735 573 3876 624 dicit

2233 665 2360 716 quae
2395 650 2653 712 ἐκπλαγίου
2691 651 2956 701 cohibent
2993 652 3161 714 atque
3200 649 3530 713 impediunt.
3561 647 3877 707 Vitruvius,

2232 724 2328 774 lib.
2365 737 2482 784 vm,
2510 737 2628 787 cap.
2663 724 2712 782 6,
2739 726 2795 773 et
2828 735 2886 784 x,
2916 735 3035 786 cap.
3072 724 3148 772 ii.
3187 740 3216 767 ››
3256 721 3502 781 Catenae,
3537 717 3764 769 annulis
3804 730 3875 766 ex

2234 795 2440 860 quibus
2461 797 2737 855 constant,
2754 793 2823 843 ad
2846 798 3059 844 motum
3077 806 3300 843 omnem
3327 805 3386 844 se
3404 788 3838 842 accommodant
3859 804 3870 837 :

2235 867 2626 917 transversaria
2675 868 2864 915 autem
2911 865 3242 915 ferramenta
3287 862 3657 928 compedibus
3701 862 3874 910 inter-

2232 939 2428 1002 posita,
2455 936 2825 988 numellarum
2858 937 3030 985 instar
3060 939 3335 1000 torquent.

2297 1013 2570 1063 Semitonsi
2617 1013 2807 1076 capitis
2849 1009 3080 1075 capillus
3131 1009 3406 1060 horrescit.
3453 1008 3732 1072 Rigaltius
3777 1007 3874 1066 ait,

2233 1099 2263 1131 α
2315 1085 2675 1134 Det‘ormitate
2733 1097 2834 1132 sua
2892 1082 3178 1131 horrorem
3239 1081 3405 1130 infert
3464 1077 3874 1144 spectantibus.

2233 1153 2408 1216 Epist.
2463 1167 2619 1217 seqq.
2677 1153 2996 1202 semitonsis
3047 1153 3242 1216 capitis
3286 1152 3672 1215 capillaturam
3716 1147 3878 1197 adae—

2235 1225 2435 1287 quasti.
2460 1225 2741 1285 Horatius,
2767 1222 3030 1274 Curtatus
3048 1223 3312 1287 inaequali
3330 1225 3553 1272 tonsore
3575 1220 3833 1284 capillos.
3853 1233 3882 1263 ι

2236 1296 2315 1346 Ita
2345 1295 2412 1345 ad
2443 1309 2624 1346 remos
2649 1295 2892 1345 damnati
2921 1294 3206 1349 raduntur.
3237 1298 3298 1343 ut
3325 1295 3368 1343 si
3396 1294 3526 1357 fuga
3549 1292 3696 1344 elabi
3729 1304 3883 1355 quee-

2236 1370 2384 1426 runt,
2416 1368 2628 1430 possint
2653 1365 2905 1430 dignosci
2930 1369 2984 1414 et
3019 1365 3242 1415 retrahi.

2297 1438 2545 1486 Facultas
2573 1450 2672 1486 non
2695 1437 2862 1485 datur
2887 1435 3156 1500 afferendi.
3186 1433 3519 1497 Martyribus
3544 1435 3602 1484 in
3634 1432 3884 1483 Deciana

2235 1506 2622 1571 persecutione
2679 1511 2967 1571 utcunque
3017 1504 3228 1554 duriter
3276 1505 3484 1554 habitis
3530 1503 3882 1554 beneﬁcium

2237 1576 2345 1626 hoc
2373 1591 2486 1626 non
2515 1577 2869 1642 denegatum.
2904 1575 3030 1624 Vid.
3063 1577 3222 1638 epist.
3258 1575 3303 1624 b.

2301 1649 2672 1698 Praemeditari
2717 1661 2990 1698 excusare.
3035 1648 3335 1710 Προμελετᾷν
3362 1645 3743 1708 ἀπολογηθῆναι.
3798 1645 3884 1695 De

2241 1721 2347 1772 hac
2375 1722 2630 1772 versione
2658 1721 2793 1770 alibi
2816 1723 3023 1770 actum.

2302 1792 2718 1857 Sexagenarium
2762 1791 3014 1854 fructum.
3058 1791 3140 1840 De
3185 1789 3506 1840 centenario
3549 1791 3885 1851 martyrum,

2239 1865 2598 1930 sexagenario
2647 1863 2929 1928 virginum
2976 1864 3272 1926 proventu,
3317 1861 3375 1910 in
3413 1859 3509 1909 lib.
3559 1860 3631 1910 de
3677 1858 3881 1908 Habitu

2251 1937 2370 1999 Virg
2383 1937 2455 1984 in.
2490 1938 2685 1984 actum.

2302 2007 2458 2056 Stare
2485 2006 2556 2056 ad
2595 2006 2910 2070 promissum
2943 2003 3039 2054 Dei
3082 2004 3377 2068 praemium.
3404 2002 3554 2052 Huic
3580 2001 3756 2052 statui
3782 2014 3884 2065 0p-

2238 2079 2462 2141 ponitur
2492 2079 2549 2128 in
2588 2077 2686 2127 lib.
2729 2076 2792 2125 de
2818 2076 3018 2139 ,lapsis,
3044 2092 3074 2121 si
3103 2074 3171 2123 ad
3196 2075 3415 2124 veniam
3445 2079 3612 2123 stare.
3651 2091 3678 2118 ιι
3710 2072 3885 2121 Porro

2239 2149 2446 2211 saepius
2480 2147 2917 2207 observavimus,
2949 2159 3016 2195 ex
3046 2146 3252 2195 veteris
3285 2145 3554 2195 Ecclesiae
3584 2144 3883 2200 sententia,

2240 2224 2512 2282 martyres
2567 2218 2835 2282 peculiari
2886 2216 3196 2280 privilegio,
3245 2229 3358 2265 non
3407 2219 3734 2279 exspectato
3793 2213 3884 2264 die

2235 2290 2434 2354 judicii
2465 2289 2856 2340 consummari.
2881 2287 3040 2339 Unde
3075 2286 3216 2336 infra
3263 2287 3416 2348 dicit,
3442 2303 3471 2334 ς
3503 2289 3727 2349 paratos
3754 2298 3885 2334 om-

2238 2379 2337 2415 nes
2362 2365 2430 2415 ad
2460 2366 2706 2415 divinam
2739 2368 2790 2414 et
2817 2363 3103 2415 caelestem
3131 2362 3381 2425 gloriam,
3409 2380 3437 2407 »
3487 2361 3758 2410 nimirum
3813 2358 3886 2409 ad

2241 2439 2588 2501 martyrium.

2302 2510 2416 2558 Has
2444 2509 2630 2559 mundi
2658 2507 2913 2558 tenebras.
2946 2507 3086 2570 Quae
3115 2505 3366 2556 fortassis
3394 2503 3498 2554 sub
3527 2502 3620 2552 dio
3650 2507 3709 2552 et
3739 2501 3883 2550 ruti-

2241 2579 2393 2632 laute
2418 2582 2534 2632 sole
2562 2597 2573 2631 :
2615 2583 2894 2645 graviores
2933 2580 3020 2638 iis,
3049 2592 3190 2643 quas
3221 2577 3292 2627 ad
3333 2575 3557 2625 metalla
3601 2573 3882 2634 damnati,

2243 2654 2297 2702 et
2329 2652 2473 2701 intra
2502 2656 2662 2702 terrm
2686 2651 2901 2701 viscera
2932 2649 3158 2711 defossi,
3187 2649 3454 2698 sentiunt.

2305 2726 2504 2776 Contra
2547 2722 2910 2772 haereticorum
2959 2720 3206 2784 injurias.
3261 2719 3325 2768 In
3378 2730 3546 2768 causa
3610 2715 3889 2778 baptismi

2242 2796 2648 2856 hmreticorum,
2679 2807 2811 2844 cum
2848 2791 3128 2856 Cypriano
3160 2792 3219 2840 in
3249 2789 3486 2841 concilio
3511 2788 3740 2838 stetisse
3786 2785 3890 2835 hos

2243 2865 2538 2925 Numidas,
2561 2878 2729 2930 supra
2755 2863 3109 2914 observatum
3139 2866 3239 2913 est.

2868 2993 3006 3031 ΔΝΝ.
3046 2991 3258 3031 CCLVII.

2729 3069 3088 3121 EPISTOLA
3123 3067 3397 3118 LXXVII.

2162 3179 2218 3254 ρ
2305 3175 2656 3254 Sacramenta
2679 3168 2878 3222 occulta
2916 3167 3135 3254 nudare.
3187 3166 3463 3254 Itigalltius
3488 3165 3893 3254 aitEaMS‘ac‘r-a-

2247 3259 2372 3297 rum
2433 3244 2845 3306 Scripturarum
2918 3253 3152 3299 arcana,
3215 3239 3512 3302 mysteria,
3569 3237 3885 3287 difﬁculta-

2246 3321 2350 3377 tes,
2411 3327 2614 3366 sensus
2658 3311 2908 3363 abditos:
2963 3312 3178 3361 incerta
3225 3313 3280 3360 et
3326 3309 3548 3360 occulta
3600 3309 3895 3374 sapientia

2249 3386 2475 3436 divinae.
2511 3401 2542 3433 »

2307 3457 2389 3508 Ad
2423 3453 2783 3507 credulitatem
2806 3454 3063 3506 accedere.
3099 3454 3372 3518 Rigaltius
3398 3452 3493 3515 ait,
3522 3467 3554 3500 ς
3581 3451 3674 3501 Ad
3711 3451 3889 3502 ﬁdem

2247 3529 2648 3581 Christianam.
2668 3544 2697 3572 »

2305 3599 2641 3652 Alterutrum
2669 3598 2956 3662 adjutores.
2985 3597 3256 3660 Rigaltius
3283 3596 3378 3657 ait,
3410 3615 3437 3640 α
3467 3594 3722 3646 Invicem
3756 3594 3895 3645 alter

2246 3673 2576 3722 alterutrum
2616 3669 2962 3734 adjuvantes.
2997 3667 3197 3732 Supra,
3235 3668 3395 3732 epist.
3434 3667 3518 3729 δι,
3544 3666 3891 3718 alterutrum

2248 3743 2314 3793 ad
2347 3756 2409 3794 se
2435 3742 2744 3793 venientes.
2770 3758 2800 3788 »

2741 3842 3096 3894 EPISTOLA
3130 3839 3429 3891 LXXVIII.

2312 3933 2606 3984 Secundum
2637 3931 2968 3982 latitudinem
2997 3932 3130 3994 ejus.
3176 3929 3450 3994 Rigaltius
3483 3925 3584 3990 ait,
3613 3945 3644 3975 α
3683 3930 3888 3979 Latitu-

2248 4007 2437 4058 dinem
2462 4007 2699 4070 pectoris
2728 4005 2861 4056 dicit
2891 4005 2960 4055 de
2986 4009 3209 4069 pectore
3231 4003 3334 4052 viri
3367 4005 3566 4064 sancti,
3590 4002 3748 4066 quod
3776 4016 3896 4053 esse

2249 4079 2392 4130 solet
2421 4079 2477 4128 in
2511 4077 2614 4128 Dei
2645 4077 2840 4128 laudes
2881 4081 2936 4126 et
2964 4076 3140 4127 bonas
3179 4075 3529 4140 operationes
3569 4073 3888 4126 fecundum

520 4138 647 4212 dem
694 4137 872 4212 eisin;
912 4137 1167 4212 JPtoiom.
1223 4137 1337 4212 huc
1357 4135 1669 4212 feferenda
1704 4131 1964 4212 videtur;
2022 4135 2153 4212 licet
2251 4155 2304 4202 et
2329 4149 2710 4212 magniﬁcum_
2743 4168 2770 4194 ,,

523 4209 682 4257 aliter
723 4207 780 4256 in
829 4208 973 4256 notis
1003 4207 1071 4256 ad
1114 4207 1316 4257 concil.
1351 4205 1538 4256 Carth.
1571 4206 1878 4254 statuerim.
1910 4206 2151 4256 Praedic-

522 4283 610 4328 tos
679 4278 968 4341 episcopos
1026 4277 1094 4326 ad
1142 4281 1252 4327 tres
1299 4277 1513 4326 fodinas
1565 4277 1798 4326 seorsim
1859 4277 2150 4326 damnatos

521 4351 710 4399 fuisse.
767 4362 836 4398 ex
885 4349 1087 4412 triplici
1143 4361 1334 4398 eorum
1380 4361 1647 4410 responso
1704 4351 1964 4411 apparet;
2022 4348 2153 4398 licet

521 4421 804 4485 quodnam
830 4420 901 4470 sit
946 4419 1220 4483 Siguense
1262 4419 1546 4469 Metellum
1588 4419 1744 4483 epist.
1791 4421 1853 4468 78
1883 4431 2149 4469 memora-

521 4498 660 4552 tum,
692 4505 807 4541 non
848 4492 1158 4542 conveniat.
1188 4491 1349 4540 Littei
1403 4502 1607 4539 nomen
1649 4490 1705 4538 in
1753 4491 2032 4553 responsis
2062 4489 2151 4540 de-

520 4551 830 4622 sideratur;
886 4562 1036 4614 unde
1085 4563 1363 4626 conjicere
1413 4561 1622 4622 licebit,
1679 4551 1916 4611 illumfe
1969 4551 2230 4624 medioD

521 4634 847 4686 excessisse.

583 4705 839 4770 Prwﬁniti
901 4704 1000 4755 loci
1067 4705 1279 4754 termini
1349 4707 1652 4754 coercerent.
1707 4702 1981 4766 Rigaltius
2037 4704 2146 4765 ait,

520 4793 549 4825 ‹‹
583 4778 777 4839 Itaque
821 4776 1054 4839 epistola
1088 4777 1136 4834 4,
1184 4779 1240 4825 et
1280 4775 1360 4835 81,
1394 4779 1623 4824 excusat
1644 4786 1702 4824 se
1732 4773 1803 4823 ob
1829 4773 1936 4823 loci
1962 4774 2149 4825 condi-

517 4848 754 4905 tionem;
782 4860 948 4910 quem
976 4845 1195 4896 scilicet
1216 4843 1472 4907 praeﬁniti
1501 4844 1721 4894 termini
1749 4843 2094 4894 coercebant.
2119 4859 2148 4890 ν

580 4917 920 4968 Exsecranda
968 4915 1114 4967 nobis
1168 4917 1270 4965 ista
1316 4929 1398 4964 res
1447 4929 1550 4964 non
1602 4920 1690 4964 est.
1742 4915 2010 4978 Rigaltius
2054 4917 2146 4973 ait,

521 5009 549 5036 «
602 4990 758 5040 Adeo
801 4988 964 5038 nobis
1017 4987 1361 5038 exsecranda
1413 5001 1526 5036 non
1575 4991 1678 5045 est,
1719 4990 1779 5037 ut
1828 5001 1927 5051 pro
1954 4987 2150 5037 salutis

518 5068 741 5113 aeternis
763 5063 1110 5111 sacramento
1138 5059 1316 5123 accipi
1349 5057 1564 5109 debeat.
1598 5077 1626 5105 »

584 5135 744 5196 Cujus
788 5139 866 5183 est
909 5146 1024 5196 spes
1061 5131 1232 5181 omnis
1268 5131 1321 5178 in
1353 5130 1513 5192 ligno.
1557 5131 1826 5193 Rigaltius
1857 5131 1948 5190 ait,
1975 5147 2003 5176 «
2031 5131 2153 5181 Hoc

520 5209 621 5263 est,
673 5206 729 5254 in
780 5203 1022 5265 Christo,
1074 5203 1170 5267 qui
1211 5215 1312 5266 pro
1361 5200 1752 5265 peccatoribus
1803 5201 2065 5266 pependit
2094 5203 2150 5251 in

518 5276 686 5337 ligno.
735 5275 829 5326 Sic
874 5275 1081 5324 Paulus
1133 5273 1398 5339 gloriatur
1453 5275 1508 5322 in
1556 5286 1741 5332 cruce,
1783 5273 1890 5323 hoc
1934 5278 2040 5336 est,
2092 5273 2150 5322 in

518 5347 759 5398 Domino
790 5347 1077 5396 cruciﬁxo.
1108 5363 1136 5390 »

584 5421 985 5470 Sacramentvm
1027 5420 1216 5469 salutis
1267 5424 1476 5469 nostris.
1535 5417 1808 5482 Rigaltius
1863 5418 1956 5480 ait,
2013 5437 2042 5465 «
2072 5419 2153 5468 Eo

521 5505 692 5544 sensu
743 5491 928 5540 omnia
983 5504 1108 5553 quae
1159 5490 1420 5540 Christus
1454 5491 1622 5553 gessit
1660 5489 1716 5538 in
1752 5503 1939 5552 carne,
1975 5503 2155 5541 sacra-

519 5567 698 5614 menta
730 5567 861 5612 sunt
885 5566 1089 5611 nostrae
1119 5562 1328 5610 salutis.
1362 5577 1391 5608 »

581 5639 822 5697 Locaque
868 5647 983 5698 quae
1027 5646 1238 5682 aurum.
1296 5632 1522 5682 Minime
1561 5646 1794 5684 necesse
1839 5638 1924 5684 est
1970 5636 2033 5683 ut
2086 5633 2155 5684 ad

517 5708 636 5756 auri
679 5707 765 5757 vel
831 5704 1043 5769 argenti
1113 5703 1334 5752 fodinae
1400 5703 1642 5754 damnati
1700 5718 1822 5756 esse
1879 5707 2157 5756 confesso-

521 5793 644 5837 res;
676 5776 905 5839 sufﬁcit,
936 5775 1090 5840 quod
1121 5788 1191 5826 ex
1223 5775 1339 5824 istis
1373 5779 1531 5826 terrae
1561 5777 1878 5828 visceribus
1920 5777 2014 5827 illa
2044 5791 2158 5827 ma-

479 5865 481 5868 ‘
514 5847 697 5901 lorum
736 5848 1083 5902 irritamenta
1127 5845 1346 5900 soleant
1396 5845 1577 5900 effodi.
1615 5847 1778 5902 Certe
1804 5848 2039 5915 Plinius,
2083 5850 2157 5902 sit

2311 4221 2614 4285 Accepimus
2661 4219 2717 4270 id
2760 4219 2902 4284 quod
2949 4233 2982 4270 a
3024 4219 3246 4280 Quirino
3285 4220 3331 4266 et
3379 4231 3415 4268 α
3453 4222 3499 4266 te
3538 4217 3650 4281 ipso
3694 4218 3896 4268 misisti

2249 4297 2585 4361 sacriﬁcium.
2639 4297 2724 4346 De
2777 4309 2888 4360 quo
2937 4296 3148 4344 mentio
3205 4293 3442 4343 habetur
3496 4293 3553 4343 in
3601 4295 3893 4356 superiore

2251 4368 2502 4432 epistola,
2528 4371 2583 4418 et
2611 4367 2839 4417 fortasse
2864 4367 2921 4416 in
2949 4366 3104 4416 libris
3141 4364 3375 4427 Quirino
3402 4363 3701 4427 inscriptis.

2317 4441 2479 4503 Opere
2518 4438 2731 4488 mundo.
2766 4437 3032 4489 Creatura
3073 4449 3174 4487 seu
3217 4437 3443 4487 animali
3497 4436 3732 4486 mundo.
3785 4437 3888 4489 Pro

2249 4514 2436 4563 πάντων
2513 4515 2606 4562 τῶν
2673 4515 2875 4574 κτηνῶν,
2942 4514 3142 4578 legisse
3211 4512 3426 4564 videtur
3451 4549 3464 4574 ,
3549 4511 3646 4560 ἀπὸ
3740 4513 3898 4571 πάσης

2251 4587 2470 4642 κτίσεως.

2309 4662 2390 4710 Ita
2419 4663 2465 4708 et
2504 4658 2562 4707 in
2605 4663 2831 4708 vestrum
2876 4656 3142 4720 respiciat.
3183 4656 3458 4721 Rigaltius
3502 4655 3598 4717 ait,
3645 4673 3674 4701 α
3714 4656 3893 4722 Epist.

2247 4744 2364 4796 seq.
2400 4730 2470 4781 Et
2499 4729 2605 4781 erit
2637 4729 2694 4779 in
2725 4733 2975 4793 tempore
3001 4733 3291 4793 respectus
3314 4727 3551 4777 illorum.
3579 4741 3613 4774 s

2747 4827 2955 4879 EPIST
2965 4827 3106 4880 OLA
3138 4825 3389 4877 LXXIX.

2311 4921 2613 4984 Accepimus
2659 4918 2947 4969 oblationis
2994 4919 3210 4969 nomine
3265 4918 3624 4982 quantitatem.
3689 4919 3894 4987 Rigal-

2249 4993 2363 5042 tius
2400 4991 2515 5042 ait:
2553 5009 2582 5036 α
2634 4990 2895 5041 Pecunia
2937 5002 3214 5039 summam
3267 5001 3435 5053 quam
3472 4987 3540 5039 de
3580 5002 3688 5039 suo
3731 4993 3894 5055 quis-

2250 5077 2361 5128 que
2404 5063 2761 5114 contulerat:
2806 5062 2897 5114 vel
2945 5074 3113 5126 quam
3152 5059 3222 5110 de
3272 5060 3491 5124 propria
3530 5073 3634 5109 sua
3675 5065 3898 5125 quanti~

2251 5138 2364 5185 tate
2394 5135 2707 5199 Cyprianus
2733 5133 3085 5184 submiserat.
3102 5131 3536 5183 Observavimus
3552 5131 3622 5182 ad
3652 5133 3895 5197 pmced.

2253 5207 2536 5271 epistolas.

2314 5276 2467 5328 Felix
2508 5277 2713 5342 scripsi.
2745 5276 2884 5328 Haec
2927 5276 3096 5327 lectio
3149 5275 3377 5325 omnino
3425 5273 3781 5326 admittenda
3819 5278 3898 5326 vi-

2253 5349 2444 5410 detur;
2471 5362 2600 5399 nam
2630 5353 2694 5398 ut
2728 5349 2886 5400 Felix
2930 5349 3026 5412 qui
3061 5348 3274 5411 primus
3317 5347 3375 5396 in
3425 5347 3679 5410 epistolae
3715 5349 3899 5398 fronte

2253 5423 2554 5485 comparet,
2603 5421 2833 5470 omnino
2893 5420 2951 5469 in
3005 5418 3259 5483 ejusdem
3313 5417 3466 5468 calce
3511 5421 3900 5481 praetereatur,

2254 5491 2325 5542 ab
2349 5505 2457 5542 usu
2500 5491 2788 5542 communi
2822 5489 3070 5540 alienum
3102 5493 3202 5540 est.
3233 5487 3384 5552 Quin
3426 5489 3539 5538 imo
3582 5493 3649 5538 ut
3686 5490 3899 5539 mentio

2254 5563 2599 5628 reliquorum
2631 5563 2810 5622 ﬁeret,
2837 5561 2934 5626 qui
2977 5564 3071 5611 aut
3119 5560 3570 5623 subscripserant
3599 5563 3697 5609 aut
3742 5559 3900 5624 lege-

2254 5638 2414 5684 rant:
2445 5635 2538 5684 illo
2569 5637 2666 5698 qui
2701 5634 2997 5698 scripserat
3034 5634 3260 5692 omisso,
3295 5632 3527 5681 minime
3566 5644 3900 5682 accommoo

2255 5707 2391 5757 dum
2418 5706 2654 5756 videtur.
2690 5705 2831 5770 Quis
2875 5707 2948 5756 sit
2990 5705 3374 5769 Eutychianus
3418 5716 3585 5768 quem
3631 5704 3900 5755 Polanius

2256 5778 2553 5842 episcopus
2614 5777 2904 5828 dominum
2956 5777 3199 5842 appellet
3243 5788 3355 5826 non
3419 5777 3746 5839 promptum
3818 5779 3899 5826 est

2218 5843 2950 5916 '"conjicere.-Salutationis-
2980 5847 3240 5900 formata“
3262 5846 3398 5898 satis
3437 5845 3647 5898 usitata
3694 5850 3784 5898 est
3823 5844 3884 5898 ut
