4144 6192
344 172 473 239 1241

1703 204 1881 265 EDIT.
1922 204 2123 267 OXON.
2161 210 2376 271 NOT/E.

3563 207 3583 266 l
3596 204 3699 267 242

327 312 457 378 quis
481 308 726 368 dominus
748 312 927 381 [ναίον
953 318 1183 377 dicatur.
1207 326 1333 379 Vid.
1365 330 1524 395 epist.
1553 334 1631 398 77,
1658 338 1715 387 et
1746 336 1897 389 alibi.
1982 348 2041 424 Α
2062 343 2132 424 ad
2164 345 2339 424 magis
2366 344 2674 424 probatam,
2697 342 2935 424 ascripti.
2964 342 3113 398 Satis
3139 342 3333 424 notum
3360 342 3440 394 est
3467 350 3535 424 ex
3554 340 3697 424 juris

842 457 1194 516 EPISTOLA
1228 466 1451 520 LXXX.

391 553 495 641 ἶςρρ
526 554 636 641 ista
669 558 867 641 egenis.
901 558 1173 641 liigaltius
1216 566 1293 617 ait
1327 584 1339 617 :
1371 586 1399 615 α
1432 569 1679 635 Epistola
1708 578 1961 641 sequenti

327 622 499 687 dicet,
539 626 657 678 Sub
687 628 783 679 illo
813 622 1176 686 confessionis
1205 622 1504 692 momento:
1528 662 1559 690 ››

393 699 728 762 Rescripsisse
813 703 1159 756 Valerianum
1228 711 1300 760 ad
1365 720 1623 766 senatum.
1698 718 1962 771 Mirabilis

321 765 950 852 baaclerum‘m‘utatio‘
972 790 1082 852 non
1112 780 1341 832 videtur
1372 786 1590 837 silentio
1614 765 1961 852 print—creua:

322 841 565 923 dan-Hic
606 847 701 923 est
730 846 824 896 ille
846 848 1181 923 Yalerianus
1208 856 1340 919 imp.
1388 857 1455 908 de
1502 873 1612 923 quo
1632 841 1960 914 ‘Trebellius

327 913 504 963 Pollio
544 917 709 995 refert
749 934 760 995 ς
790 936 819 966 α
845 920 1059 995 Nobilis
1106 913 1325 989 genere,
1370 913 1534 992 patre.
1560 932 1795 995 Valerio,
1829 913 1958 988 ceu;

327 998 419 1066 sor
470 990 661 1066 antea,
708 994 785 1066 et_
810 1004 907 1053 per
957 992 1289 1066 dignitatum
1335 990 1527 1050 omnes
1579 990 1793 1066 gradus
1840 1008 1958 1057 suis

326 1059 673 1121 temporibus
720 1060 788 1109 ad
832 1065 1137 1114 maximum
1183 1068 1239 1116 in
1284 1071 1443 1121 terris
1494 1059 1718 1125 culmen
1764 1089 1956 1127 ascen-

325 1128 483 1191 dens,
531 1132 695 1192 cujus
744 1146 843 1196 per
884 1148 1060 1185 annos
1104 1138 1183 1199 70,
1231 1141 1338 1190 vita
1387 1143 1683 1196 laudabilis
1728 1148 1785 1197 in
1834 1161 1955 1198 eam

325 1203 728 1253 conscenderat
778 1206 1031 1269 gloriam,
1080 1213 1143 1258 ut
1188 1216 1309 1274 post
1370 1227 1562 1267 omnes
1608 1218 1845 1269 honores
1902 1224 1956 1271 et

324 1274 698 1355 magistratus
746 1277 1047 1355 insigniter
1113 1288 1324 1346 gestes,
1399 1287 1698 1352 imperator
1759 1291 1953 1355 ﬁeret;

322 1358 459 1425 non,
510 1351 571 1396 ut
619 1348 797 1425 solet,
844 1352 1207 1425 tumultuario
1255 1359 1445 1421 populi
1478 1348 1793 1425 concursu,
1842 1348 1953 1414 non

322 1416 564 1498 militum
590 1422 867 1498 strepitu,
911 1422 1008 1471 sed
1047 1426 1172 1498 jure
1210 1416 1531 1481 meritorum
1584 1437 1640 1483 et
1674 1416 1830 1498 quasi
1874 1439 1954 1485 to-

322 1487 433 1536 tius
465 1489 633 1564 _orbis
687 1505 798 1542 una
858 1497 1149 1545 sententia.
1213 1499 1466 1564 Denique
1522 1505 1567 1553 si
1629 1487 1755 1555 data
1810 1512 1954 1559 esset

323 1559 873 1643 omnibusupot‘estas
916 1568 1206 1628 promendi
1250 1559 1459 1622 arbitrii
1504 1588 1670 1639 quem
1716 1579 1952 1643 impera-

322 1634 497 1681 torem
529 1634 753 1693 vellent,
792 1637 930 1687 alter
958 1652 1070 1688 non
1102 1644 1247 1691 esset
1276 1644 1500 1695 electus.
1520 1634 1611 1697 ⁷Ει
1647 1652 1712 1698 ut
1748 1634 1953 1701 sciatur

322 1706 654 1797 quint-alis
701 1707 1087 1797 in‘Valeriano
1127 1712 1449 1797 meritorum
1490 1716 1657 1797 fuerit
1701 1720 2030 1797 publico-B

320 1785 467 1832 rum,
498 1789 699 1837 ponam
734 1776 1240 1843 senatusconsulta,
1269 1785 1475 1848 quibus
1518 1776 1955 1843 animadvertant

322 1857 532 1927 omnes,
562 1848 719 1927 quid
742 1849 811 1899 de
845 1850 941 1927 illo
976 1866 1199 1927 semper
1235 1857 1613 1920 amplissimus
1650 1863 1784 1912 ordo
1808 1864 1955 1927 judi-

320 1919 552 1992 caverit.
576 1920 811 1992 Duobus
854 1923 1039 1974 Deciis
1080 1938 1221 1975 coss.
1271 1919 1340 1979 vr
1372 1929 1491 1979 Kal.
1531 1919 1950 1992 Novembfdie,

322 1999 451 2037 cum
503 1989 574 2039 ob
610 1990 990 2054 imperatorias
1028 1995 1234 2048 litteras
1273 2000 1329 2049 in
1373 2002 1494 2053 aede
1537 2003 1829 2056 Castorum
1872 1989 1953 2058 se-

320 2062 485 2109 natus
526 2062 842 2142 haberetur,
892 2067 1178 2132 ireturque
1230 2085 1329 2134 per
1360 2077 1662 2127 sententias
1701 2079 1950 2142 singulo-

319 2145 441 2180 rum
498 2135 590 2183 cui
648 2134 871 2188 deberet
929 2152 1163 2190 censura
1232 2142 1431 2195 deferri
1486 2148 1634 2207 (nam
1686 2149 1741 2199 id
1791 2134 1949 2203 Decii

315 2210 617 2285 posuerant
671 2208 731 2285 in
792 2214 1019 2285 senatus
1073 2214 1400 2285 amplissimi
1466 2223 1795 2285 potestate),
1853 2224 1949 2274 ubi

316 2274 556 2357 primum
601 2283 802 2357 praeter
843 2281 1014 2357 edixit
1056 2298 1068 2332 :
1113 2274 1258 2347 Quid
1304 2274 1827 2354 vobis-videtur,lP.
1863 2294 1946 2357 C.,

315 2344 383 2429 de
410 2358 642 2429 censore
671 2349 1011 2429 deligendo?
1038 2344 1206 2419 atque
1237 2370 1364 2407 cum
1407 2361 1503 2422 qui
1542 2366 1658 2411 erat
1692 2344 1949 2429 princeps

314 2418 451 2466 tunc
490 2424 717 2470 senatus
756 2426 1087 2474 sententiam
1120 2418 1391 2491 rogasset,
1425 2418 1666 2485 absente
1694 2418 1947 2487 'Valeria-

313 2499 389 2535 no
419 2490 566 2547 (nam
611 2492 704 2542 ille
739 2494 795 2543 in
838 2497 1129 2569 procinctu
1165 2513 1267 2549 suo
1306 2514 1435 2551 cum
1474 2503 1646 2553 Decio
1689 2505 1944 2569 agebat):

314 2570 509 2635 omnes
541 2574 651 2635 una
684 2576 823 2635 voce
859 2563 1134 2628 dixerunt,
1162 2569 1466 2635 interrupto
1501 2587 1654 2624 more
1696 2563 1946 2626 dicenda:

314 2633 642 2693 sententiae,
711 2634 991 2686 Valeriani
1060 2640 1170 2689 vita
1241 2633 1473 2691 censura
1543 2649 1644 2694 est.
1711 2646 1811 2695 Ille
1879 2646 1947 2697 de

316 2701 579 2753 omnibus
618 2704 829 2767 judicet
889 2710 984 2772 qui
1029 2714 1113 2760 est
1162 2713 1422 2763 omnibus
1474 2716 1688 2766 melior.
1732 2717 1832 2768 Ille
1878 2718 1947 2769 de

315 2777 513 2823 senatu
567 2776 777 2837 judicet
828 2781 925 2843 qui
977 2783 1196 2832 nullum
1246 2785 1414 2836 habet
1460 2788 1685 2838 crimen.
1735 2787 1832 2840 Ille
1878 2790 1947 2840 de

317 2843 429 2923 vita
456 2850 641 2923 nostra
678 2852 1011 2901 sententiam
1052 2855 1204 2915 ferat,
1240 2858 1329 2906 cui
1369 2857 1508 2907 nihil
1544 2863 1723 2922 potest
1761 2861 1943 2923 objici.

315 2914 646 2989 Valerianus
708 2935 738 2970 a
798 2924 977 2985 prima
1038 2929 1277 2989 pueritia
1344 2914 1563 2980 censor-
1597 2933 1720 2981 fuit.
1786 2914 1945 2984 vale-

312 2987 504 3038 rianus
545 2991 602 3039 in
652 2994 762 3041 tota
799 2993 912 3044 vita
952 2987 1052 3046 sua
1094 2998 1196 3048 fuit
1235 3013 1447 3051 censor.
1494 3002 1741 3053 Prudens
1783 3018 1946 3055 sena-

314 3062 417 3118 tor,
460 3061 746 3115 modestus
789 3071 1027 3129 senator,
1068 3070 1250 3131 gravis
1288 3076 1524 3122 senator.
1574 3074 1805 3125 Amicus
1846 3076 1945 3125 bo-

310 3144 546 3205 norum,
602 3134 863 3186 inimicus
924 3141 1318 3201 tyrannorum,
1376 3142 1552 3193 hostis
1609 3146 1943 3205 criminum,

310 3201 486 3279 hostis
527 3205 802 3279 vitiorum.
843 3208 1008 3258 Hunc
1049 3224 1337 3261 censorem
1375 3227 1572 3263 omnes
1620 3201 1945 3279 accipimus,

310 3274 466 3351 hunc
496 3278 698 3351 imitari
736 3292 929 3329 omnes
957 3281 1237 3332 volumus.
1272 3284 1486 3335 Primus
1520 3274 1945 3351 genere,_nobi-;

308 3347 379 3421 lis
417 3350 709 3411 sanguine,
755 3352 1085 3402 emendatus
1125 3356 1253 3413 vita,
1299 3347 1550 3407 doctrina
1590 3347 1790 3421 clarus,
1832 3375 1947 3412 mo-

308 3418 463 3468 ribus
505 3420 824 3484 singularis,
866 3426 1182 3488 exemplum
1228 3429 1593 3492 antiquitatis.
1632 3418 1787 3493 Quasi
1814 3446 1945 3482 cum

310 3495 495 3568 essent
534 3494 741 3557 saepius
782 3494 948 3556 dicta,
985 3497 1334 3561 addiderunt,
1367 3514 1559 3552 omnes
1595 3518 1607 3551 :
1652 3508 1821 3568 atque
1868 3506 1942 3554 ita

312 3560 629 3639 discessum,
675 3569 778 3616 est.
831 3586 859 3613 s
918 3569 1152 3620 Accedit
1203 3570 1270 3620 ad
1324 3571 1546 3623 laudem
1602 3560 1942 3639 viri'hujus,

314 3635 464 3696 quod
503 3635 834 3689 Christianis
871 3639 1121 3703 impense
1164 3642 1392 3699 faveret,
1432 3644 1508 3694 ita
1546 3647 1627 3704 ut,
1672 3635 1943 3698 referente

308 3704 576 3782 Dionysm
676 3708 1089 3782 Alexandrino,
1157 3712 1295 3770 ἤπιος
1366 3715 1450 3762 καὶ
1521 3715 1755 3779 φιλόφρων
1828 3719 1943 3782 πρὸς

305 3777 415 3838 τρὺς
466 3778 741 3843 ἀνθρώπους
796 3780 880 3829 τοῦ
928 3780 1053 3830 Θεοῦ
1110 3818 1123 3832 .
1173 3785 1284 3832 οὐδε
1336 3801 1427 3849 γαρ
1476 3777 1618 3842 ἄλλος
1644 3777 1750 3843 ητις
1816 3777 1942 3837 οὕτω

304 3848 399 3895 τῶν
466 3850 558 3914 πρὸ
631 3849 779 3900 αὐτοῦ
851 3854 1084 3914 βασιλέων
1161 3856 1375 3917 εὐμενῶς
1404 3848 1412 3849 7
1446 3858 1528 3904 καὶ
1597 3858 1755 3914 δεξιῶς
1827 3860 1943 3925 πρὸς

307 3920 480 3995 αὐτοὺς
549 3922 757 3983 διετέοη;
810 3924 922 3972 οὐδ’
974 3927 1019 3972 οἱ
1080 3926 1319 3989 λεχθέντες
1393 3928 1655 3989 ἀναφανδὸν
1716 3920 1935 3995 Χριστὶα-

311 3992 386 4039 νοὶ
436 3995 677 4055 γεγονέναι
730 3997 794 4051 ὡς
844 3996 1021 4052 ἐκεῖνος
1066 3997 1335 4047 οἰκειότατα
1387 3998 1433 4046 ἐν
1480 3999 1604 4063 ἀρχῇ
1659 3992 1935 4066 καῖπροσ-

307 4064 563 4123 φιλέστατα
618 4067 813 4130 φανερὸς
882 4066 938 4128 ᾖν
994 4070 1165 4117 αὐτου)
1232 4069 1583 4133 ἀποδεχόμενος
1641 4088 1653 4099 α
1711 4073 1791 4120 καὶ
1830 4064 1941 4128 ήπᾶς

305 4139 332 4184 ὁ
385 4141 516 4192 οἶκος
567 4134 716 4184 αὺτοῦ
764 4138 999 4186 Oeam-:6th
1046 4141 1370 4205 πεμλήρωται,
1421 4143 1502 4189 καὶ
1561 4141 1617 4200 ἧν
1684 4143 1942 4201 Ἐκκλησία

303 4206 448 4257 Θεοῦ.
514 4207 621 4257 Sed
694 4213 819 4272 post
892 4209 1016 4259 haec
1086 4211 1273 4260 omnia
1359 4212 1610 4263 consiliis
1676 4213 1939 4264 Macriani

304 4280 460 4342 impii
536 4279 778 4328 hominis
834 4283 889 4329 et
962 4281 1139 4344 magis
1206 4283 1261 4330 in
1321 4286 1695 4334 transversum
1760 4289 1939 4345 actus,

298 4366 429 4402 cum
492 4350 561 4399 ad
615 4352 1046 4413 oppugnandam
1117 4352 1432 4404 Ecclesiam
1498 4368 1559 4405 se
1625 4359 1936 4419 convertit;

302 4422 523 4471 Persico
562 4421 708 4471 bello
758 4422 1095 4485 implicatus,
1135 4426 1190 4473 et
1230 4423 1299 4473 ab
1339 4424 1433 4473 illo
1482 4426 1603 4489 ipso
1638 4427 1936 4488 Macriano,

302 4492 663 4542 consiliorum
703 4492 969 4543 adversus
1014 4494 1323 4544 Ecclesiam
1367 4501 1613 4558 auctore,
1652 4498 1938 4561 proditus;

304 4564 359 4612 in
402 4563 621 4613 barbari
669 4564 848 4613 hostis
885 4569 1217 4628 potestatem
1254 4567 1420 4625 venit,
1468 4567 1656 4632 ibique
1700 4570 1940 4619 miserri-

302 4649 451 4684 mam
506 4637 753 4685 serviens
806 4638 1162 4698 servitutem,
1207 4638 1458 4701 quandiu
1504 4640 1657 4701 vixit,
1708 4640 1939 4691 scabelli

301 4707 483 4755 vicem
541 4707 711 4769 gessit
754 4721 765 4754 :
817 4706 886 4755 ab
939 4708 1241 4770 impotente
1284 4708 1495 4758 victore
1538 4710 1805 4769 calcatus,
1848 4712 1939 4761 cui

299 4777 594 4826 incurvato
639 4776 819 4839 dorso,
857 4783 909 4827 et
958 4780 1014 4827 in
1058 4779 1275 4829 cervice
1315 4781 1433 4842 ejus
1466 4780 1609 4843 pede
1655 4784 1854 4845 posito,
1892 4782 1940 4831 is

302 4862 512 4910 equum
563 4862 971 4900 conscensurus
1024 4864 1083 4900 se
1130 4851 1349 4900 levabat
1395 4866 1406 4899 :
1457 4864 1563 4901 nec
1616 4852 1938 4903 intercessio

301 4930 495 4982 regum
553 4921 649 4984 qui
704 4921 884 4972 Persae
928 4921 1287 4981 assistebant;
1350 4936 1456 4974 nec
1512 4928 1695 4974 metus
1748 4926 1938 4989 populi

302 4989 557 5048 Romani,
591 4996 647 5040 et
686 4991 925 5042 ﬁliorum
965 4994 1265 5053 Valeriani,
1298 4995 1394 5058 qui
1437 4996 1495 5045 in
1538 4996 1771 5059 imperio
1808 5010 1937 5046 suc-

303 5061 599 5123 cedebant,
635 5063 940 5128 quidquam
980 5066 1271 5129 profuere;
1314 5066 1424 5115 imo
1465 5081 1693 5130 prorsus
1724 5067 1937 5117 inultus

300 5132 573 5195 periisset,
610 5135 714 5183 nisi
753 5136 1039 5186 Udenatus
1080 5136 1465 5199 Palmyrenus,
1506 5139 1739 5188 collecto
1774 5152 1937 5188 exer-

301 5204 417 5253 citu
454 5204 776 5256 ferocientis
807 5207 1025 5257 barbari
1067 5209 1335 5271 impetum
1376 5209 1659 5272 fregisset;
1687 5213 1743 5260 et
1781 5210 1937 5259 insu-

297 5290 395 5337 per
420 5275 648 5325 familiaa
677 5277 941 5328 Marciani
970 5281 1200 5329 miseras
1228 5280 1509 5344 reliquias,
1536 5281 1631 5344 qui
1660 5280 1730 5330 ab
1766 5280 1938 5331 Aure-

299 5345 373 5395 lio
406 5359 615 5408 cacus,
648 5349 895 5411 stirpitus
920 5350 1232 5400 delevisset.

360 5417 421 5464 1η
451 5416 741 5467 continenti
769 5420 1281 5469 animadvertuntur.
1315 5420 1590 5484 Rigaltius
1619 5422 1693 5471 ait
1722 5436 1733 5471 :
1765 5440 1793 5467 «
1818 5422 1937 5472 Ali-

298 5486 525 5550 quando
568 5488 687 5539 dies
728 5491 985 5556 negandi,
1013 5491 1122 5541 hoc
1170 5496 1254 5542 est
1303 5491 1524 5542 Christo
1562 5493 1935 5554 renuntiandi,

295 5559 777 5621 praestituebatur;
814 5567 875 5613 ut
910 5563 1005 5613 lib.
1042 5563 1105 5613 de
1138 5563 1337 5625 Lapsis,
1370 5576 1502 5614 cum
1532 5564 1650 5616 dies
1678 5564 1937 5629 neganti-

297 5629 407 5679 bus
437 5633 786 5693 prsestitutus
815 5636 1125 5687 excessit.»

358 5700 421 5750 In
467 5702 805 5757 Caesarianas
844 5708 1196 5771 possessiones
1232 5705 1497 5771 descripti.
1544 5705 1731 5757 Lectio
1775 5705 1936 5756 codi-

296 5771 377 5827 cis
432 5772 771 5829 Veronensis
821 5791 947 5844 quas
989 5778 1179 5843 habet,
1236 5782 1286 5829 et
1344 5778 1560 5844 scripti;
1606 5777 1938 5830 manudueit

1968 3094 2022 3167 C

1959 4460 2018 4534 D

2066 416 2305 469 Caesarei
2363 419 2727 482 scriptoribus
2773 419 2998 485 qualem
3048 417 3317 468 servirent
3371 414 3693 464 servitutem

2063 488 2356 552 escriptitii
2390 490 2584 553 glebis.

2133 560 2444 613 Valerianus
2475 564 2762 627 imperator
2801 564 3041 615 orationi
3081 576 3206 613 suae.
3241 563 3516 629 Rigaltius
3560 563 3635 613 ait
3678 574 3691 611 :

2062 649 2092 677 α
2127 633 2443 685 Orationem
2512 635 2607 686 hic
2665 641 2859 699 vocat,
2912 636 3061 700 quod
3121 650 3287 700 supra
3345 636 3692 699 rescripsisse

2064 702 2340 755 Caesarem
2375 706 2529 756 dixit.
2573 706 2850 758 Caeterum
2889 708 3185 771 imperator
3226 708 3474 758 oratione
3516 707 3573 756 in
3603 718 3691 756 se-

2060 780 2197 825 natu
2257 777 2445 827 habtta
2493 783 2685 829 auctor
2728 783 2843 829 erat
2900 779 3119 828 senatui
3180 777 3475 837 censendi,
3538 775 3689 841 quod

2058 851 2177 899 tum
2229 864 2259 901 e
2305 853 2592 916 republica
2630 866 2752 904 esse
2786 853 3095 903 videbatur.
3139 853 3424 917 Ejusmodi
3466 856 3550 901 est
3596 851 3690 902 illa

2058 923 2326 972 Antonini
2369 924 2437 974 de
2487 925 2893 975 Donationibus
2943 925 3089 975 inter
3134 926 3314 973 virum
3366 928 3422 973 et
3458 936 3691 973 uxorem

2059 995 2252 1053 oratio,
2285 1008 2411 1059 quas
2440 997 2507 1046 ab
2539 997 2777 1060 Ulpiano
2814 997 3063 1046 refertur.
3101 1014 3129 1043 »
3157 995 3518 1058 Quaecunque
3558 1008 3686 1044 cum

2058 1065 2269 1115 oraculi
2297 1070 2680 1131 praerogativa,
2712 1069 2768 1117 in
2796 1072 2994 1119 senatu
3014 1067 3146 1117 olim
3170 1066 3239 1116 ab
3266 1064 3687 1129 imperatoribus

2057 1141 2214 1185 erant
2242 1138 2542 1201 proposita,
2574 1142 2842 1202 tanquam
2880 1138 3203 1203 reipublicae
3244 1139 3301 1186 in
3331 1135 3687 1187 commodum

2057 1219 2300 1268 cessura,
2328 1210 2605 1261 orationes
2632 1210 2960 1259 dicebantur
2987 1224 3000 1257 :
3042 1208 3170 1258 inde
3206 1219 3399 1259 omnes
3428 1207 3691 1257 constitu-

2055 1279 2233 1329 tiones
2256 1280 2533 1344 inscriptae
2561 1281 2631 1332 ad
2656 1286 2929 1341 senatum,
2958 1281 3233 1331 orationes
3257 1279 3572 1343 principum
3608 1276 3688 1324 di-

2055 1350 2339 1401 cebantur.
2375 1352 2453 1401 Ita
2483 1352 2604 1415 lege
2630 1351 2927 1402 Theodosii
2953 1355 3009 1402 et
3034 1351 3283 1401 Valentis
3326 1350 3394 1399 ad
3431 1352 3687 1399 senatum

2055 1422 2256 1472 dicitur
2295 1437 2308 1472 :
2352 1439 2380 1472 «
2409 1424 2529 1474 Hac
2570 1425 2816 1474 oratione
2859 1424 3167 1482 sancimus,
3210 1426 3274 1472 ut
3311 1424 3468 1485 pater
3520 1421 3687 1470 etiam

2054 1494 2361 1544 infantibus
2404 1496 2534 1545 ﬁliis
2563 1497 3000 1555 successionem,
3036 1496 3155 1545 sive
3196 1493 3309 1553 ille,
3349 1495 3525 1542 matre
3570 1494 3689 1555 ejus

2053 1567 2344 1628 moriente,
2372 1566 2643 1618 adeundus
2685 1567 3050 1627 haereditatis;
3084 1566 3173 1616 vel
3214 1564 3469 1629 petendae
3510 1563 3688 1613 bono-

2055 1650 2176 1686 rum
2202 1640 2573 1701 possessionis
2604 1640 2767 1690 fuerit
2796 1644 3098 1691 exsecutus
3127 1637 3394 1697 ofﬁcium,
3426 1636 3543 1686 sive
3580 1636 3686 1684 ista

2053 1709 2378 1772 neglexerit,
2418 1711 2671 1761 morienti
2718 1711 2834 1760 filio
2876 1711 3090 1771 infanti,
3129 1710 3187 1759 in
3227 1709 3475 1774 qualibet
3522 1710 3685 1757 etate

2055 1781 2176 1831 sine
2200 1782 2564 1845 ambiguitate
2590 1782 2872 1833 succedat.
2910 1800 2937 1827 »

2116 1854 2172 1901 In
2246 1855 2556 1903 caemeterio.
2623 1856 2767 1905 Area
2826 1855 3093 1904 nimirum
3151 1853 3249 1904 ubi
3319 1865 3447 1903 cum
3518 1848 3679 1913 plebe

2052 1923 2351 1974 christiana
2401 1925 2469 1975 ad
2523 1926 2740 1976 cultum
2782 1926 2885 1977 Dei
2945 1926 3253 1977 solemnem
3305 1924 3682 1980 convenerat,

2050 1995 2381 2058 imperatore
2432 1996 2730 2048 Valeriano
2790 1998 3169 2061 nequicquam
3227 1996 3480 2053 vetante,
3531 1990 3683 2040 unde

2050 2066 2109 2116 in
2135 2070 2400 2118 terrorem
2434 2072 2697 2133 majorem
2736 2068 3142 2126 incutiendum,
3173 2066 3380 2144 ibidem
3406 2066 3477 2144 in
3520 2063 3681 2144 illum

2051 2139 2613 2191 animadvertebatur.
2686 2140 3139 2205 Martyrologium
3193 2139 3351 2189 Rom.
3402 2136 3577 2205 illum,
3625 2136 3682 2183 in

2051 2213 2370 2287 cmmeterio
2429 2211 2640 2287 Callisti
2690 2225 2916 2287 passum
2964 2211 3147 2271 refert,
3196 2210 3293 2259 ubi
3341 2209 3507 2287 etiam
3553 2204 3684 2287 Cor-

2049 2283 2182 2332 nelii
2228 2285 2552 2347 martyrium
2593 2284 3024 2345 memorabatur,
3063 2295 3168 2332 nec
3196 2294 3308 2330 non
3350 2281 3410 2329 B.
3445 2278 3683 2341 Cypria—

2048 2355 2133 2413 ni;
2168 2354 2316 2417 quod
2360 2354 2485 2404 ideo
2514 2356 2723 2404 factum
2756 2355 2978 2413 dicitur,
3016 2370 3045 2401 α
3083 2366 3152 2402 ne
3196 2352 3375 2402 sancti
3416 2348 3684 2412 praesules

2049 2427 2145 2488 qui
2190 2432 2435 2489 tempore
2460 2427 2722 2477 Decianas
2751 2425 3169 2489 persecutionis,
3210 2424 3335 2472 vitae
3377 2423 3682 2471 sanctimo-

2048 2499 2159 2557 nia,
2210 2498 2383 2546 animi
2444 2499 2659 2559 robore,
2709 2502 2765 2548 et
2818 2495 3202 2561 frequentibus
3244 2494 3492 2559 epistolis
3539 2495 3686 2543 inter

2048 2582 2107 2618 se
2133 2569 2439 2631 conjuncti,
2467 2582 2529 2618 ac
2558 2569 2755 2619 eodem
2783 2568 2872 2618 die
2914 2567 3164 2617 coronati
3204 2568 3439 2627 fuerant,
3470 2568 3526 2616 in
3555 2564 3681 2614 loco

2048 2640 2212 2689 etiam
2266 2641 2639 2689 venerationis
2687 2641 3153 2703 disjungerentur.
3196 2655 3224 2682 »
3270 2638 3451 2688 Verba
3502 2637 3681 2687 refero

2045 2712 2328 2763 Francisci
2360 2712 2547 2762 Maria
2580 2712 2924 2773 Florentinii,
2954 2713 3012 2760 in
3046 2712 3193 2760 notis
3230 2710 3299 2760 ad
3335 2708 3675 2773 Μανίῳ-0109.

2047 2784 2185 2832 Rom.

2110 2857 2173 2905 Et
2203 2869 2317 2905 cum
2356 2856 2528 2905 eodem
2560 2856 2827 2917 Quartum.
2862 2854 3155 2917 Presbyter
3182 2854 3277 2905 hic
3314 2852 3551 2911 videtur,
3582 2853 3681 2900 aut

2045 2928 2289 2976 nominis
2330 2927 2587 2991 alicujus,
2617 2926 2896 2989 siquidem
2935 2925 3090 2975 nullo
3126 2939 3254 2976 cum
3302 2924 3679 2975 additamento

2049 2998 2390 3064 designatur.
2456 2998 2594 3060 Quae
2648 2997 2716 3048 de
2767 2997 2958 3058 Felici,
3010 2999 3289 3061 Agapeto,
3344 2995 3678 3054 Donatiano,

2047 3070 2335 3130 Faustino,
2383 3069 2738 3122 Praetextato.
2783 3069 3103 3129 Laurentio,
3150 3066 3389 3131 Epolito,
3433 3065 3584 3124 Afra,
3625 3066 3679 3112 et

2049 3142 2317 3192 Militibus
2340 3142 2403 3191 65
2426 3141 2554 3191 addi
2587 3141 2787 3201 solent,
2815 3144 3097 3191 auctorem
3128 3139 3370 3203 aliquem
3412 3141 3678 3200 martyre-

2044 3212 2205 3276 logiis
2235 3212 2475 3276 vulgatis
2501 3212 2612 3262 ﬁde
2637 3211 2945 3274 digniorem
2973 3210 3309 3261 desiderant.

2108 3284 2339 3345 Praefecti
2384 3285 2435 3332 in
2492 3282 2640 3333 Urbe.
2697 3283 2956 3334 Praefecti
2998 3282 3152 3332 urbis
3199 3294 3405 3331 munus
3446 3282 3562 3329 erat
3612 3279 3676 3328 il-

2041 3355 2197 3405 licita
2223 3355 2456 3418 collegia
2490 3367 2777 3413 coercere;
2803 3354 2901 3404 sed
2928 3354 3038 3404 hoc
3078 3354 3304 3403 nomine
3348 3367 3377 3401 a
3404 3350 3675 3417 Cypriane

2045 3440 2236 3477 omnes
2265 3426 2358 3476 alii
2384 3425 2737 3490 magistratus
2763 3425 3020 3476 videntur
3039 3424 3295 3489 intelligi.

2534 3546 2888 3599 EPISTOLA
2921 3548 3171 3598 LXXXI.

2106 3639 2498 3687 l'r-umentarios
2543 3652 2648 3687 esse
2697 3652 2878 3687 missos
2921 3640 3017 3702 qui
3050 3652 3130 3686 me
3183 3639 3382 3687 Uticam
3426 3638 3677 3699 perduce-

2042 3713 2173 3759 rent.
2207 3711 2267 3758 In
2307 3710 2503 3760 itinere
2544 3709 2612 3759 ad
2654 3710 2873 3761 Uticam
2913 3708 3210 3773 proconsul
3260 3709 3520 3758 submisit
3556 3711 3672 3759 fru-

2041 3782 2342 3832 mentarios
2418 3795 2549 3831 suos
2621 3782 2717 3846 qui
2780 3780 3255 3844 apprehenderent
3313 3780 3677 3843 Cyprianum,

2041 3854 2189 3903 idem
2231 3854 2412 3903 redux
2453 3853 2519 3902 ad
2566 3852 2958 3915 Carthaginem
2980 3856 3297 3901 ‘stratorum
3342 3864 3507 3913 opera
3553 3854 3673 3901 ute-

2041 3926 2219 3976 batur.
2269 3925 2500 3989 Utrique
2544 3923 2613 3973 ad
2649 3923 2838 3973 feralia
2882 3922 3144 3972 mandata
3192 3921 3431 3971 ministri
3475 3936 3672 3984 oppor-

2041 3997 2178 4047 tuni.
2212 3995 2387 4055 Unde,
2423 4009 2560 4059 pace
2605 3995 2850 4058 Rigaltii,
2898 3996 3033 4043 satis
3074 3994 3387 4043 consistunt
3426 4006 3553 4057 qum
3582 3992 3677 4043 hic

2042 4073 2098 4118 et
2127 4069 2184 4116 in
2228 4068 2385 4117 Actis
2421 4067 2706 4129 leguntur.
2741 4064 3011 4128 Rigaltius
3046 4066 3141 4124 ait,
3187 4082 3216 4110 «
3253 4064 3380 4114 Vita
3412 4064 3676 4128 Cypriani

2043 4152 2168 4202 quae
2211 4139 2383 4188 fertur
2413 4138 2482 4187 ab
2522 4139 2642 4200 ejus
2681 4135 2915 4186 diacono
2948 4136 3144 4186 Pontio
3189 4136 3512 4199 perscripta,
3552 4135 3676 4187 rhe-

2041 4211 2231 4260 toricae
2293 4209 2551 4259 dictionis
2605 4209 2834 4272 gratiam
2896 4208 3072 4271 magis
3129 4221 3297 4271 quam
3346 4208 3675 4257 narrationis

2041 4281 2317 4330 historicas
2347 4280 2689 4342 diligentiam
2727 4279 2965 4342 praefert.
3001 4278 3173 4338 Adeo,
3205 4278 3273 4328 de
3309 4280 3475 4343 gestis
3515 4292 3677 4329 sanc-

2041 4352 2239 4401 tissimi
2265 4351 2385 4411 viri,
2423 4364 2549 4415 qum
2585 4354 2716 4401 sunt
2745 4351 2920 4413 ipsius
2961 4350 3213 4414 epistolis
3251 4350 3671 4415 comprehensa,

2040 4424 2180 4473 nihil
2216 4424 2436 4488 attingit
2482 4438 2493 4470 :
2540 4436 2604 4473 ac
2651 4436 2723 4472 ne
2768 4422 2916 4473 istud
2964 4421 3191 4486 quidem
3232 4422 3301 4472 ad
3344 4424 3673 4485 martyrium

2041 4497 2361 4559 pertinens;
2409 4494 2559 4558 quod
2607 4508 2736 4544 cum
2785 4494 3040 4543 rescisset
3090 4506 3149 4543 se
3189 4493 3258 4543 ab
3300 4493 3676 4542 frumentariis

2042 4567 2268 4631 requiri,
2318 4565 2855 4631 perducendumque
2903 4564 3144 4623 Uticam;
3187 4564 3453 4628 tantisper
3502 4564 3675 4613 latue-

2040 4641 2129 4698 rit,
2176 4652 2247 4688 ne
2296 4638 2414 4686 suis
2463 4635 3023 4699 Carthaginiensibus
3066 4637 3388 4699 eriperetur,
3436 4648 3671 4699 quorum

2041 4711 2097 4759 in
2142 4710 2319 4759 oculis
2360 4708 2687 4770 martyrium
2731 4708 2910 4757 facere
2958 4710 3263 4770 ex0ptaret,
3308 4711 3371 4755 ut
3405 4720 3531 4771 qum
3573 4720 3672 4770 pro

2041 4781 2245 4832 Christi
2294 4780 2517 4829 nomine
2565 4777 2895 4841 perferenda
2951 4778 3304 4828 sermonibus
3353 4782 3407 4826 et
3458 4777 3676 4841 scriptis

2040 4852 2323 4907 docuerat,
2363 4850 2527 4899 etiam
2577 4848 2831 4911 exemplo
2871 4862 2972 4898 suo
3016 4848 3258 4897 moriens
3306 4847 3673 4898 confirmaret.

2039 4924 2224 4974 Latuit
2268 4922 2432 4983 igitur
2470 4921 2525 4968 in
2573 4932 2802 4969 secessu
2843 4918 3048 4969 abdito.
3097 4918 3194 4969 Sic
3238 4920 3388 4970 enim
3434 4922 3509 4968 ait
3555 4921 3674 4984 ipse

2039 4997 2145 5047 hac
2170 4996 2419 5059 epistola.
2449 4994 2558 5045 Sed
2598 4994 2693 5043 ubi
2731 5006 3008 5043 secessum
3045 4994 3319 5053 habuerit,
3351 5006 3461 5043 non
3493 4994 3628 5044 dicit
3656 5009 3667 5043 :

2039 5069 2199 5119 Certe
2230 5067 2547 5130 prudenter.
2576 5066 2768 5128 Neque
2794 5063 2943 5113 enim
2977 5070 3159 5114 tutum
3187 5065 3268 5114 illi
3295 5069 3430 5114 tunc
3454 5066 3671 5115 fuisset.

2039 5142 2112 5191 At
2160 5144 2284 5201 post
2340 5137 2550 5186 obitum
2608 5148 2875 5198 agonem,
2930 5136 3161 5186 Pontius
3218 5135 3523 5199 diaconus,
3578 5139 3674 5200 qui

2039 5213 2201 5262 etiam
2240 5211 2297 5260 in
2336 5208 2533 5259 exsilio
2575 5221 2763 5258 comes
2810 5211 2861 5256 et
2902 5208 3187 5257 familiaris
3227 5208 3307 5257 illi
3348 5210 3468 5268 fuit,
3503 5210 3672 5259 vitam

2038 5283 2282 5346 episcopi
2326 5282 2412 5330 sui
2455 5294 2584 5331 cum
2628 5279 2860 5330 traderet
2905 5280 3167 5343 posteris,
3216 5282 3343 5345 quis
3384 5280 3495 5330 hoc
3542 5294 3671 5329 eum

2036 5358 2195 5419 putet
2242 5358 2353 5403 tam
2414 5353 2603 5417 jejune
2654 5354 2879 5415 tamque
2932 5351 3150 5400 exiliter
3204 5352 3561 5415 prmstitisse,
3611 5356 3675 5399 ut

2040 5438 2207 5489 quem
2250 5426 2307 5473 in
2351 5424 2537 5473 locum
2585 5423 2653 5473 de
2699 5422 2931 5473 consilio
2980 5422 3435 5473 charissimorum
3487 5435 3671 5472 seces-

2005 5496 2171 5545 ‘serit
2226 5507 2337 5544 non
2396 5494 2681 5554 indicarit;
2736 5495 2849 5543 imo
2912 5496 3078 5543 totam
3130 5494 3367 5558 hujusce
3423 5504 3675 5542 secessus

2038 5565 2328 5616 historiam
2375 5564 2824 5628 praetermiserit?
2870 5564 3008 5614 Nam
3048 5564 3199 5628 quod
3238 5565 3525 5616 exsulasse
3555 5561 3676 5609 Cu—

2038 5637 2222 5699 rubin,
2266 5649 2331 5687 eo
2369 5636 2465 5699 qui
2501 5636 2885 5685 circumfertur
2922 5635 3100 5709 Pontii
3138 5638 3381 5689 tractatu
3426 5632 3680 5709 legimus,

2040 5709 2181 5759 nihil
2225 5708 2294 5757 ad
2334 5707 2520 5768 istum,
2565 5706 2632 5757 de
2666 5720 2779 5771 quo
2823 5706 2917 5757 hic
2959 5707 3156 5770 agitur,
3185 5706 3683 5771 secessumperti-

1992 5768 2159 5829 “net:
2202 5777 2608 5831 Necrlatuisse
2660 5768 3051 5831 frumentarios
3097 5776 3399 5839 dicendus
3438 5770 3571 5829 θδτν
3598 5774 3702 5836 ‘3“
