4144 6192
558 261 695 330 ιειθ

553 406 644 458 eo,
679 408 794 461 quo
835 395 1152 450 exsulatum
1187 394 1265 450 ire
1303 399 1500 463 jussus
1543 400 1647 463 est,
1684 399 1956 465 migravit.
2002 400 2185 453 Caste-

556 480 702 529 rum,
732 469 778 518 si
814 471 939 534 quis
977 472 1033 520 in
1068 484 1135 521 eo
1169 470 1238 521 de
1268 471 1383 521 vita
1414 470 1678 536 Cypriani
1709 474 1982 537 opusculo
2015 476 2186 538 scrip-

558 540 693 589 toris
725 539 889 592 ﬁdem
938 546 1034 592 aut
1069 542 1413 608 diligentiam
1460 543 1754 606 desideret,
1780 544 1977 597 eodem
2008 546 2190 610 ipsum

548 610 834 663 desiderio
886 615 1037 678 tangi
1099 628 1335 666 necesse
1393 620 1478 666 est
1541 616 1689 667 circa
1742 617 2015 680 passionis
2067 622 2191 669 acta

557 694 686 744 quas
747 684 943 735 Lazius
1002 690 1059 737 et
1112 686 1398 737 Morellius
1460 688 1771 739 ediderunt.
1820 690 1988 740 Hunc
2040 691 2189 741 enim

557 751 825 817 Cypriani
864 755 935 807 de
987 757 1163 808 hortis
1209 759 1327 809 suis
1369 772 1651 810 secessum
1698 774 1811 811 non
1853 761 2121 811 exhibent
2175 776 2188 810 :

560 823 670 875 hoc
703 828 939 888 tantum,
980 827 1052 878 ab
1091 829 1288 879 exsilio
1324 844 1605 880 reversum
1647 833 1703 881 in
1746 832 1954 892 hortos,
1983 832 2191 883 exinde

562 898 894 949 accersitum
971 899 1415 965 perductumque
1480 902 1548 951 ad
1612 904 2021 967 proconsulem.
2080 904 2192 955 Sed

561 981 749 1032 neque
806 972 1152 1035 Augustinus
1202 973 1687 1024 frumentariorum
1723 974 2009 1036 meminit,
2053 988 2193 1024 mar-

562 1041 831 1104 tyrologia
895 1043 1155 1105 quaedam
1214 1045 1352 1094 actis
1412 1044 1521 1095 illis
1578 1046 1888 1095 consimilia
1948 1050 2189 1097 secutus.

562 1109 702 1161 Nam
752 1112 897 1163 inter
955 1113 1098 1164 duos
1140 1117 1480 1177 apparitores
1530 1116 1599 1167 ad
1651 1119 1968 1181 passionem
2027 1132 2194 1168 curru

561 1185 839 1244 portatum
887 1185 1058 1235 fuisse
1104 1185 1374 1235 tradidit:
1423 1190 1563 1247 acta,
1604 1188 1824 1238 venisse
1872 1188 1942 1238 ad
1980 1192 2194 1252 marty-

562 1265 680 1302 rem
727 1255 1004 1319 principes
1033 1256 1190 1317 duos,
1227 1259 1514 1308 stratorem
1556 1258 1724 1309 ofﬁcii
1772 1263 1827 1309 et
1869 1261 2196 1322 equistrato-

563 1336 699 1373 rem.
734 1324 874 1387 Qum
902 1340 1037 1377 sane
1074 1329 1335 1391 temporis
1371 1329 1520 1379 illius
1557 1331 1887 1394 scriptorum
1928 1333 2195 1394 ignoran-

563 1395 697 1446 tiam
739 1399 855 1449 sive
910 1400 1303 1463 negligentiam
1370 1401 1629 1464 produnt.
1682 1403 1869 1466 Longe
1923 1403 2198 1453 aberravit

565 1478 597 1515 ο
626 1481 812 1533 scopo,
859 1470 956 1534 qui
1000 1485 1099 1534 per
1131 1472 1511 1536 metaphoram
1552 1474 1940 1524 frumentarios
1968 1474 2061 1524 hic
2089 1473 2198 1524 dici

564 1540 910 1609 suspicatur,
954 1542 1177 1593 lictores
1221 1544 1371 1607 ipsos
1411 1544 1509 1609 qui
1556 1544 1899 1596 Christianos
1950 1545 2017 1595 ad
2065 1560 2197 1609 sup-

563 1608 731 1671 plicia
788 1619 1072 1676 raperent,
1132 1616 1293 1677 quasi
1337 1608 1823 1667 frumentariorum
1869 1631 2022 1667 more
2081 1608 2198 1667 fru-

565 1684 755 1732 menta
779 1684 1069 1735 Dominica
1103 1686 1162 1735 in
1202 1685 1460 1737 horreum
1499 1688 1852 1738 Dominicum
1878 1688 2197 1738 conderent.

567 1751 751 1814 Quam
821 1759 1203 1821 conjecturam
1271 1772 1337 1809 eo
1409 1759 1585 1823 magis
1653 1760 1830 1811 rideat
1893 1762 2197 1824 quispiam.

566 1825 794 1895 quando
852 1828 925 1877 sit
970 1833 1121 1879 recta
1173 1830 1571 1894 interpretatio,
1612 1832 1747 1881 satis
1797 1837 1986 1895 aperta
2032 1835 2087 1882 et
2126 1832 2202 1881 fa-

564 1894 689 1967 cilis
723 1910 734 1944 :
776 1910 881 1948 nec
922 1904 1039 1950 erat
1083 1914 1300 1966 magnas
1344 1902 1750 1952 lucubrationis
1792 1894 1977 1967 opera,
2024 1903 2204 1967 pervi-

568 1965 720 2025 dere,
748 1982 861 2020 non
909 1971 1048 2021 alios
1091 1973 1186 2023 hic
1216 1987 1248 2022 a
1292 1972 1570 2037 Cypriano
1613 1965 2006 2024 frumentarios
2027 1965 2202 2023 intel-

565 2038 684 2104 ligi,
717 2055 885 2105 quam
912 2043 967 2094 id
987 2057 1165 2107 genus
1193 2045 1487 2096 hominum
1510 2047 1605 2110 qui
1626 2046 1962 2096 militaribus
2003 2046 2203 2096 ofﬁciis

568 2114 947 2175 annumerati,
1004 2117 1190 2179 specie
1242 2117 1644 2167 frumentorum
1702 2131 1799 2181 per
1850 2118 2028 2167 varias
2082 2130 2205 2181 pro-

569 2183 783 2235 vincias
826 2188 1358 2251 conquirendorum.
1388 2189 1782 2241 auscultabant
1819 2189 2203 2253 explorabant-

570 2267 680 2318 que
724 2256 771 2306 si
823 2258 958 2321 quid
1000 2259 1265 2310 adversus
1308 2261 1542 2312 Cassaris
1583 2263 1681 2311 aut
1722 2263 1914 2325 papuli
1967 2261 2202 2312 Romani

568 2330 926 2391 majestatem
991 2329 1335 2394 turbaretur,
1397 2333 1748 2383 molitionum
1800 2333 2203 2397 turbarumque

567 2405 825 2452 auctores
853 2402 1420 2466 comprehendebant,
1451 2408 1508 2455 et
1545 2418 1657 2468 quo
1692 2406 1833 2468 jussi
1871 2408 2027 2454 erant
2072 2417 2205 2468 per-

569 2471 851 2523 ducebant
910 2478 1010 2523 aut
1065 2475 1231 2525 etiam
1294 2475 1444 2525 illico
1506 2476 1803 2527 necabant.
1860 2476 1959 2527 Est
2013 2481 2202 2527 autem

569 2543 717 2606 apud
769 2544 1112 2605 Eusebium,
1170 2547 1300 2595 Hist.
1354 2546 1452 2596 lib.
1511 2560 1600 2607 vr,
1650 2548 1901 2612 Dionysii
1956 2546 2204 2612 episcopi

569 2614 933 2665 Alexandrini
1010 2617 1286 2680 epistola.
1356 2617 1652 2669 scribentis
1717 2619 1787 2669 ad
1860 2619 2206 2670 Germanum

569 2686 868 2749 quemdam
910 2690 968 2738 in
1016 2689 1141 2740 haec
1190 2690 1357 2740 verba
1400 2706 1412 2739 :
1454 2690 1668 2746 Σαϐῖνος·
1715 2692 1761 2741 is
1815 2690 1921 2740 fuit
1979 2690 2208 2753 praefec-

570 2760 663 2806 tua
725 2758 833 2808 sub
888 2759 1059 2809 Decio
1125 2759 1466 2823 φρουμετάριον
1525 2761 1732 2824 ἐπεμψεν
1788 2761 1855 2815 τίς
1920 2759 2204 2818 ἀναζήτησξν

571 2844 681 2890 μου.
737 2829 819 2878 Λα
871 2830 1154 2893 plerisque
1205 2831 1346 2881 locis
1401 2831 1548 2895 apud
1604 2832 1994 2895 Spartianum,
2043 2831 2204 2880 Lam-

570 2899 813 2963 pridium
856 2904 909 2949 et
939 2900 1313 2965 Capitolinum
1359 2904 1600 2965 reperire
1639 2907 1722 2952 est
1754 2916 1851 2965 per
1892 2904 2208 2953 frumenta—

567 2972 681 3019 rios
754 2972 1057 3033 significari
1139 2973 1545 3037 speculatores,
1621 2973 2018 3038 ἀγγελιαφόρους.
2093 2973 2204 3020 ἐπο-

568 3042 766 3105 πτῆρας,
813 3042 1021 3102 διόπτας,
1072 3043 1333 3108 ἐρεννητὰς,
1379 3044 1727 3102 κατασκόπους.
1782 3046 1976 3109 Itaque
2020 3044 2209 3096 Adria-

569 3126 681 3162 nus
736 3112 879 3165 Caas.
942 3116 1024 3165 sic
1085 3119 1203 3166 erat
1259 3117 1549 3177 curiosus,
1598 3130 1711 3166 non
1767 3116 1950 3166 solum
2010 3116 2207 3166 domus

571 3197 707 3244 sua),
751 3184 849 3236 sed
886 3186 1055 3236 etiam
1104 3189 1429 3249 amicorum,
1458 3189 1533 3238 ita
1579 3192 1644 3237 ut
1685 3200 1782 3250 per
1821 3188 2208 3239 frumentarios

571 3256 793 3305 occulta
840 3258 1027 3308 omnia
1076 3259 1386 3322 exploraret
1424 3274 1436 3308 :
1486 3272 1593 3310 nec
1632 3258 1987 3309 adverterent
2023 3259 2208 3319 amici,

570 3328 700 3377 sciri
757 3326 826 3377 ab
881 3330 1207 3391 imperatore
1259 3344 1417 3379 suam
1476 3330 1667 3387 vitam,
1718 3331 2043 3394 priusquam
2090 3331 2210 3393 ipse

570 3397 681 3447 hoc
724 3398 1021 3462 imperator
1071 3401 1410 3451 ostenderet.
1461 3399 1689 3451 Clarum
1738 3404 1821 3451 est
1864 3401 2001 3451 illud
2045 3401 2209 3465 Capi-

572 3468 733 3518 tolini
776 3469 845 3519 de
890 3470 1200 3521 Maximino
1241 3484 1253 3520 :
1299 3471 1567 3535 scriptum
1610 3474 1698 3522 est
1736 3471 1805 3521 ad
1848 3485 2045 3523 omnes
2081 3486 2209 3536 pro-

573 3539 807 3599 vincias,
858 3541 1046 3590 missis
1110 3541 1518 3604 frumentariis,
1575 3544 1909 3607 jussumque
1968 3547 2031 3593 ut
2088 3545 2209 3608 qui-

573 3621 800 3672 cunque
845 3610 1210 3660 Maximinum
1259 3612 1529 3675 juvisset,
1578 3614 1627 3662 is
1676 3613 1919 3663 hostium
1977 3628 2209 3663 numero

573 3679 889 3731 duceretur.
953 3681 1330 3747 Hieronymus
1400 3684 1458 3733 in
1522 3683 1762 3734 Abdiam
1827 3699 1948 3748 cap.
2009 3697 2045 3733 ι,
2099 3684 2210 3734 Eos

572 3752 722 3801 enim
771 3764 914 3817 quos
960 3766 1116 3804 nunc
1163 3759 1390 3819 agentes
1431 3756 1487 3804 in
1535 3755 1722 3816 rebus,
1764 3755 1852 3805 vel
1898 3754 2211 3805 veredarios

572 3822 885 3886 appellant,
954 3828 1170 3875 veteres
1229 3825 1622 3876 frumentarios
1685 3825 2065 3875 nominabant.
2117 3826 2210 3875 Vi-

573 3893 810 3976 deantur
850 3908 979 3960 quae
1012 3895 1085 3946 ad
1108 3896 1506 3948 Tertullianum
1540 3897 1609 3949 de
1647 3897 1884 3950 curiosis
1911 3896 2210 3948 beneﬁcia-

569 3979 681 4017 rus.
712 3981 742 4015 δ

632 4179 980 4233 Mutilabitur
1036 4178 1217 4230 honor.
1276 4180 1490 4231 Honori
1552 4183 1711 4231 erant
1768 4178 2037 4231 Ecclesiis
2092 4178 2211 4228 suis

570 4254 862 4312 martyres,
892 4252 1100 4314 pariter
1143 4256 1199 4303 et
1240 4252 1345 4316 ipsi
1379 4251 1448 4302 ab
1488 4251 1688 4302 iisdem
1727 4250 2065 4301 honorandi.
2102 4249 2211 4301 Sed

570 4336 671 4386 pro
715 4322 1007 4372 hominum
1048 4323 1293 4386 ingenio,
1334 4323 1540 4387 quibus
1587 4322 1726 4373 nihil
1767 4322 2045 4373 mediocre
2085 4323 2213 4386 pla—

569 4398 679 4453 cet,
737 4392 1069 4457 obsequium
1122 4394 1285 4445 facile
1336 4396 1394 4445 in
1451 4394 1667 4446 cultum
1715 4394 2015 4454 transibat;
2071 4398 2211 4443 adeo

567 4469 633 4515 ut
689 4466 890 4516 animm
951 4466 1057 4517 sub
1122 4466 1283 4517 altari
1334 4468 1620 4532 jacentes,
1676 4466 1945 4517 altaribus
2003 4465 2208 4530 passim

567 4537 1002 4588 admoverentur
1045 4542 1105 4588 et
1145 4511 1355 4604 angeli.
1375 4511 1753 4589 Ecclesiarum
1803 4511 2069 4603 martyrio
2122 4550 2205 4588 co-

2309 4514 2570 4581 apostolis
2650 4526 2901 4597 unquam
2959 4511 3229 4604 laetum,

569 4609 769 4663 renati.
805 4610 1097 4659 civitatum
1140 4622 1367 4659 suarum
1416 4610 1681 4660 tutelares
1719 4610 1903 4674 angeli
1946 4609 2210 4671 deinceps

570 4680 684 4729 sint
731 4678 927 4730 habiti.
982 4680 1065 4731 De
1119 4679 1397 4744 Cypriano
1448 4685 1639 4731 nostro
1686 4679 2210 4744 Carthaginensium

569 4763 802 4799 suorum
880 4750 1135 4812 vindice,
1210 4752 1589 4802 memorabilis
1663 4750 1900 4801 habetur
1970 4750 2212 4799 narratio

569 4821 720 4885 apud
778 4821 1027 4886 Procop.,
1079 4824 1210 4873 Hist.
1267 4823 1509 4882 Vandal.,
1556 4823 1590 4873 1.
1644 4835 1700 4882 ι’,
1750 4836 1797 4873 c.
1839 4823 1885 4872 1.
1932 4818 2211 4885 Κυπριανοῦ

569 4895 617 4944 οἱ
666 4893 885 4943 Βωδίλοι
938 4895 1018 4943 τὸν
1071 4895 1209 4954 νεὼν,
1257 4895 1337 4943 ἐπὶ
1383 4894 1648 4958 Ὀνωρίχου
1702 4893 2053 4957 βασιλεύοντος,
2104 4892 2215 4946 τοὺς

564 4965 879 5029 Χριστιανοὺς
928 4964 1210 5029 βιασάμενοι
1233 5000 1245 5022 ,
1303 4964 1480 5028 ἔσχον.
1533 4966 1616 5012 καὶ
1678 4965 1836 5012 αὐτῶν
1897 4962 2075 5011 ἐνθένδε
2126 4962 2214 5010 σὺν

567 5035 720 5093 πολλῆ
767 5032 935 5098 ἀτιμίᾳ
984 5034 1096 5089 τοὺς
1154 5033 1304 5098 ίερέας
1362 5034 1499 5089 εὐθὺς
1549 5033 1846 5089 ἐξελάσαντες
1866 5071 1880 5093 ,
1934 5032 2073 5080 αὐτοὶ
2122 5030 2214 5078 τῶν

570 5106 710 5168 ιερῶν
754 5104 809 5153 τὸ
864 5105 1028 5153 λοιπὸν
1070 5105 1153 5154 ἅτε
1195 5104 1531 5170 προσηκόντων
1574 5106 1842 5169 Ἀρειανοῖς,
1888 5099 2212 5165 ἐπιμιλοῦντο.

570 5175 928 5238 Ἀσχάλλουσιν
997 5174 1082 5225 οὖν
1156 5176 1236 5225 δία
1310 5175 1461 5225 ταῦτα
1528 5178 1612 5225 καὶ
1676 5176 2065 5238 διαπονουμένοις
2118 5177 2218 5229 τοῖς

568 5246 771 5307 ⁴Αίϐυσι,
822 5248 1049 5305 πολλάκις
1091 5250 1209 5311 φασὶ
1259 5249 1341 5297 τὸν
1387 5248 1659 5313 Κυπριανὸν
1710 5248 1823 5311 ὁναρ
1870 5246 2217 5310 ἐπισκήψαντα,

570 5318 710 5382 φάναι
754 5319 869 5384 ἀμφ’
920 5320 1050 5385 αὐτῷ
1102 5325 1327 5385 μεριμνᾷν
1375 5320 1487 5375 τοὺς
1532 5319 1841 5385 Χριστιανοὺς
1888 5319 2063 5376 ἥκιστα
2106 5316 2223 5381 χρῆο

569 5407 667 5439 ναι.
720 5390 883 5441 Αὐτὸν
934 5392 1024 5457 γὰρ
1065 5393 1130 5455 οἱ,
1170 5395 1421 5456 προῐοντος
1473 5388 1558 5439 τοῦ
1608 5390 1782 5455 χρόνου
1799 5428 1814 5449 ,
1862 5389 2068 5454 τιμωρὸν
2122 5387 2221 5436 ἐσι-

568 5462 696 5512 σΘαι.
760 5460 903 5512 Ἐπεὶ
962 5463 1012 5511 δὲ
1067 5464 1095 5511 ὁ
1144 5463 1284 5524 λόγος
1349 5462 1713 5527 περιφερόμενος
1768 5462 1815 5517 ἐς
1868 5461 1980 5516 τοὺς
2040 5458 2222 5514 Λίϐυας

568 5536 779 5588 ἅπαντας
827 5532 967 5594 ἦλθε,
1016 5534 1299 5597 καραδοκεῖν
1357 5534 1438 5596 μὲν
1490 5534 1690 5591 αὐτοὺς,
1747 5532 1871 5581 τισίν
1922 5531 2038 5580 ποτέ
2088 5547 2220 5592 τινα,

566 5605 663 5673 τῶν
712 5605 852 5669 ιερῶν
907 5603 1087 5652 τούτων
1147 5604 1319 5667 ἓνεκα,
1373 5604 1420 5661 ἐς
1466 5605 1580 5660 τοὺς
1630 5604 1889 5660 Βανδίλους
1957 5600 2218 5667 ἀψίεεσθαι,

567 5676 661 5724 οὐκ
718 5676 847 5740 ἔχειν
912 5675 996 5739 μέν
1061 5690 1134 5724 τοι
1207 5676 1532 5739 τεκμηριῶσαι
1552 5714 1566 5737 ,
1637 5676 1729 5731 ότι-η
1788 5676 1905 5724 ποτὶ
1958 5674 2122 5727 αὐτοῖς
2190 5673 2220 5729 ἡ

562 5744 651 5794 τοῦ
704 5747 893 5815 ὀνείρου
948 5746 1057 5812 όψις
1110 5746 1382 5804 ἐκϐήσεται.
1445 5744 1544 5797 Νῦν
1599 5745 1683 5797 οὖν
1737 5746 1900 5803 ἕπειδή
1948 5746 1995 5802 ὶς
2038 5741 2222 5815 Λιὸρην

1897 270 2073 335 ΕΒΙΤ.
2112 271 2312 336 OXON.
2355 271 2571 336 NOTE.

3740 282 3869 345 1244

2204 413 2265 487 Α
2283 408 2347 487 τῇ
2404 403 2653 487 ιςτεραίφ.
2702 403 2785 487 τὴν
2827 404 3100 487 βανῆγνριν
3154 402 3359 487 imm
3378 404 3654 487 -‘rsllulz
3707 410 3765 487 ei
3809 412 3883 473 μιν

2288 477 2382 524 τῶν
2427 476 2689 541 ’Λρειανῶν
2730 482 2887 544 ἱερεῖς,
2930 479 3105 543 καίπερ
3145 480 3342 543 ἅμματα
3378 480 3612 537 Βανδίλοις
3644 482 3688 538 ὶς
3719 482 3883 545 δέκιμον

2288 548 2596 610 ἡγησαμένου
2640 549 2746 599 τότε
2802 548 2930 614 ἱερὸν
2982 550 3215 615 ἐκάθηραν
3260 550 3415 611 ἁπαν,
3464 552 3545 600 καὶ
3586 554 3673 602 τῶν
3714 554 3885 605 ἐνταῦθα

2289 619 2601 683 ἀναθημάτων
2658 623 2720 671 τὰ
2771 622 3003 672 κάλλιστα
3057 623 3267 687 ἐκρέμων
3322 625 3406 672 καὶ
3455 624 3602 688 λύχνα
3654 626 3697 674 ἐν
3751 643 3880 692 παρα.

2288 696 2436 753 σκευῇ
2493 694 2839 756 ποιησάμενοι,
2888 695 2950 743 τά
2993 711 3045 743 τε
3090 696 3314 758 κειμήλια
3358 694 3663 757 ἐξενεγκόντες
3712 696 3761 746 ἐκ
3802 700 3880 748 τῶν

2287 763 2493 826 ταμιὶων
2513 764 2776 827 ἡτοίμασαν
2808 765 3014 829 ἀκριϐῶς
3040 766 3222 814 ἅπαντα
3245 765 3311 820 ὥς
3342 781 3407 822 πη
3438 766 3590 813 αὐτῶν
3635 767 3811 816 ἕκαστον
3837 770 3879 824 ἐς

2288 835 2371 891 τήν
2398 836 2560 900 χρείαν
2584 836 2694 900 ἔχον
2718 836 2991 893 ἐπιτηδείως
3016 836 3260 899 ἐτύγχανε.
3292 837 3366 885 Τὰ
3391 837 3442 885 δὲ
3467 838 3514 885 ἑν
3542 838 3707 901 δεκιμῳ
3740 840 3882 901 οὕτως,

2290 906 2452 971 ὥσπερ
2471 923 2552 970 μοι
2574 908 2944 972 προδεδήλωται,
2968 907 3183 969 γενέσθαι
3207 906 3374 964 ξυνέϐη
3398 909 3481 955 καὶ
3521 909 3565 955 ot
3603 908 3681 969 μὲν
3715 907 3867 972 Ἀριια-

2290 977 2383 1039 νῷν
2419 979 2574 1043 ἱερεῐς,
2614 979 2859 1041 φεύγοντες
2899 979 3083 1041 ὤχοντο
3109 996 3120 1007 ο
3148 978 3422 1043 Χριστιανοὶ
3458 979 3527 1037 δὲ,
3554 981 3624 1033 οἷς
3658 981 3711 1028 τὰ
3737 979 3777 1035 ἐς
3810 982 3878 1037 τὴν

2292 1046 2426 1103 δόξαν
2450 1049 2597 1113 ὀρθῶς
2617 1050 2837 1111 ᾒσκηται,
2868 1047 3145 1111 ἀφικόμενοι
3173 1049 3238 1102 εὶς
3259 1046 3345 1097 τοῦ
3374 1050 3447 1096 Κυ
3460 1045 3653 1112 πριανοῦ
3689 1049 3759 1097 τὸν
3782 1052 3875 1097 νεὼν

2290 1119 2351 1167 τά
2381 1137 2431 1169 τε
2458 1122 2609 1184 λύχνα
2639 1121 2802 1170 ἔκαιον
2830 1121 3035 1180 ἅπαντα,
3059 1120 3141 1168 καὶ
3164 1120 3258 1167 τῶν
3287 1120 3425 1184 ἱερῶν
3463 1118 3757 1182 ἐπεμελοῦντο
3788 1120 3887 1186 ᾗπερ

2291 1191 2346 1241 ἄν
2391 1197 2492 1248 τοῖς
2509 1191 2666 1241 ταῦτα
2705 1192 2942 1241 τελεῖσθαι
2962 1191 3108 1253 νόμος
3136 1208 3147 1219 ο
3174 1191 3302 1240 οὕτω
3325 1207 3375 1239 τε
3398 1191 3592 1240 ἅπασιν.
3619 1192 3650 1239 ἆ.
3677 1192 3731 1249 δὴ
3763 1195 3883 1255 προῦ-

2289 1264 2421 1323 λεγεν
2455 1266 2486 1322 ἠ
2514 1262 2600 1312 τοῦ
2633 1263 2819 1327 ὀνείρου
2857 1263 2966 1327 ὄψις
2993 1262 3222 1324 ἐγνώσθη.
3251 1264 3335 1314 De
3368 1262 3476 1313 hac
3502 1262 3883 1318 orthodoxomm

2291 1335 2362 1385 ab
2395 1336 2649 1386 ecclesiis
2679 1334 2964 1402 Cypriane
2994 1335 3192 1386 dicatis
3225 1335 3577 1400 expulsiona,
3607 1336 3711 1398 agit
3730 1336 3888 1388 Victor

2296 1406 2560 1456 Vitensis.

2363 1558 2471 1618 Ego
2499 1557 2761 1620 spisCOpus
2786 1556 3015 1605 alterius
3043 1554 3279 1605 Ecclesia
3301 1556 3627 1619 prepositus.
3660 1555 3887 1607 Omnibus

2299 1629 2503 1679 Africa
2543 1628 2812 1678 Ecclesiis
2846 1628 2955 1689 juri
3000 1628 3405 1690 metropolitico
3435 1632 3701 1689 prmerat:
3741 1629 3885 1691 inquit

2299 1700 2451 1750 enim
2475 1699 2635 1762 epist.
2658 1699 2720 1749 46
2751 1713 2762 1746 :
2791 1716 2821 1743 σι
2845 1699 3035 1748 Latius
3062 1696 3264 1747 diﬂ‘usa
3294 1702 3379 1747 est
3402 1701 3591 1747 nostra
3618 1699 3885 1761 provincia;

2299 1770 2468 1823 habet
2513 1773 2662 1822 enim
2692 1770 3008 1822 Numidiam
3050 1774 3105 1821 et
3134 1769 3495 1820 Hauritanias
3523 1768 3659 1819 duas
3692 1769 3782 1819 sibi
3813 1784 3887 1821 co-

2299 1845 2605 1903 haerentes;
2633 1862 2661 1889 »
2681 1842 2779 1893 sed
2805 1844 2898 1906 jus
2938 1841 3252 1904 episcOpale
3293 1839 3520 1891 arctiori
3548 1839 3770 1904 quodam
3794 1842 3887 1891 vin-

2302 1917 2431 1966 culo
2490 1913 2849 1973 innodatum;
2908 1912 3154 1975 episCOpi
3214 1910 3453 1961 vocibus
3522 1924 3706 1973 preces
3757 1912 3890 1961 totius

2301 1986 2571 2039 Ecclesia:
2596 1986 2716 2035 Deo
2745 1988 3062 2047 conceptas;
3088 1984 3208 2046 ejus
3236 1981 3430 2032 itidem
3455 1981 3641 2033 verbis
3661 1983 3889 2032 confessio

2302 2056 2564 2109 solemnis
2620 2057 2867 2106 instituta
2893 2091 2907 2116 ,
2974 2055 3249 2118 praecipue
3307 2067 3441 2117 ergo
3502 2054 3760 2104 confessio
3816 2052 3891 2103 illa

2302 2143 2431 2195 qua:
2459 2127 2733 2192 sanguine
2774 2125 3008 2185 sancite,
3034 2124 3102 2175 ab
3146 2125 3266 2189 ipso
3293 2127 3472 2188 repeti
3502 2124 3678 2175 debet.
3707 2125 3773 2174 Ita
3796 2126 3893 2187 epi-

2302 2202 2444 2253 stola
2468 2199 2532 2250 60
2560 2199 2654 2260 ait,
2681 2196 2832 2263 quod
2856 2198 2914 2247 in
2962 2195 3240 2258 Cornelio,
3271 2195 3506 2246 Ecclesia
3523 2196 3688 2249 omnis
3708 2198 3890 2247 Romam

2302 2272 2538 2335 confessa
2560 2273 2653 2320 est.

2366 2423 2531 2485 Super
2575 2419 2888 2481 confessione
2927 2419 3132 2480 accepta
3173 2416 3449 2465 sententia.
3498 2415 3750 2479 Rigaltius
3791 2416 3888 2466 ait:

2302 2510 2333 2543 α
2368 2494 2490 2544 Hoc
2520 2496 2605 2543 est
2633 2492 2688 2541 in
2717 2490 3071 2542 confessione
3093 2489 3355 2550 nominis,
3385 2501 3592 2553 nempe
3620 2488 3888 2540 Christiani.

2305 2565 2652 2627 Augustinus
2697 2567 2890 2613 contra
2939 2563 3096 2626 epist.
3153 2560 3330 2612 Gaud.
3385 2559 3489 2609 His
3531 2560 3693 2609 sacris
3736 2559 3893 2608 litteris

2304 2636 2556 2687 eruditus
2584 2636 2643 2685 B.
2671 2634 2982 2698 Cyprianus
3010 2634 3067 2683 in
3094 2632 3460 2683 Confessione
3483 2631 3617 2681 dixit
3645 2645 3657 2679 :
3681 2630 3896 2695 Discipli-

2302 2721 2431 2758 nam
2458 2706 2771 2771 prohibere,
2798 2719 2869 2756 ne
2898 2705 3025 2770 quis
3048 2718 3108 2755 se
3132 2702 3345 2755 oﬂ‘erat.
3370 2720 3402 2748 »

2370 2864 2436 2912 Et
2464 2862 2537 2911 ibi
2576 2862 2709 2925 pati.
2742 2859 3016 2923 Rigaltius
3061 2858 3134 2908 ait
3180 2872 3191 2907 :
3240 2874 3269 2903 «
3303 2857 3469 2921 Apud
3512 2870 3627 2920 vos,
3659 2857 3710 2906 in
3753 2855 3895 2907 oculis

2304 2932 2573 2984 Ecclesia
2599 2932 2689 2982 cui
2715 2944 2840 2981 sum
2867 2929 3197 2994 praepositus
3226 2942 3256 2978 a
3286 2930 3423 2980 Deo.
3458 2944 3488 2973 ιο

2370 3088 2472 3139 Nec
2548 3085 2817 3149 quicquam
2893 3088 3117 3132 vestrum
3184 3080 3324 3132 ultro
3398 3094 3452 3131 se
3516 3079 3742 3145 gentibus
3801 3080 3897 3143 0/72-

2227 3151 2411 3226 Crat.
2472 3156 2967 3209 Circumcelliones
3038 3154 3226 3218 potius
3296 3168 3467 3219 quam
3534 3156 3782 3215 martyres
3831 3152 3895 3200 di-

2310 3228 2471 3279 cendi
2524 3232 2688 3287 sunt,
2747 3227 2843 3291 qui
2892 3229 3315 3291 persecutorum
3366 3226 3588 3275 furores
3640 3226 3894 3289 provocant

2310 3304 2363 3351 et
2420 3304 2656 3350 mortem
2715 3298 2822 3348 sibi
2883 3301 3190 3348 accersunt.
3253 3296 3325 3347 Et
3380 3296 3609 3361 quidem
3666 3296 3895 3346 temeritas

2308 3371 2413 3421 ista
2462 3371 2759 3422 infeliciter
2798 3373 2863 3419 ut
2906 3369 3209 3433 plurimum
3253 3367 3442 3418 cessit.
3497 3367 3605 3429 Qui
3654 3366 3719 3415 ad
3757 3369 3895 3415 certa-

2308 3456 2437 3493 men
2496 3442 2806 3493 ineundum
2848 3441 3016 3490 nimis
3064 3440 3324 3503 prompti,
3370 3440 3582 3502 pariter
3620 3437 3684 3487 ad
3728 3436 3897 3486 deti-acc

2309 3515 2540 3565 tandum
2583 3514 2899 3578 praacipites
2938 3513 3123 3571 fuere;
3173 3515 3226 3561 et
3263 3510 3562 3559 festinatus
3610 3509 3707 3558 iste
3739 3517 3895 3578 cursus

2309 3589 2488 3642 solum
2534 3577 2603 3637 ad
2649 3586 2867 3649 lapsum
2917 3581 3278 3647 praestruebat
3315 3581 3580 3646 gradum.
3614 3580 3787 3631 Merito
3818 3577 3896 3641 igi-

2309 3668 2401 3713 tur
2450 3658 2704 3710 Ecclesia
2753 3656 3009 3719 gliscenti
3049 3655 3184 3704 huic
3236 3655 3385 3703 malo
3438 3652 3724 3703 sufﬂamen
3763 3662 3893 3713 oppo-

2309 3732 2453 3790 suit;
2505 3742 2576 3779 ne
2619 3725 2934 3792 prmfervidi
2978 3729 3031 3775 et
3076 3724 3461 3789 superbientes
3510 3723 3754 3774 homines
3799 3732 3895 3792 cum

2308 3802 2523 3869 privata
2566 3790 2725 3851 clade
2770 3796 3050 3862 publicam
3094 3797 3411 3869 miscerent.
3447 3796 3521 3847 Et
3549 3798 3691 3869 recte
3718 3790 3897 3869 quidem

2306 3864 2550 3936 theologi
2596 3873 2871 3925 statuunt,
2915 3881 3030 3919 non
3081 3866 3284 3918 debere
3331 3867 3590 3917 homines
3623 3864 3843 3914 absolute
3872 3875 3899 3936 _a

2307 3948 2449 4005 Deo,
2489 3933 2577 3994 vel
2622 3943 2679 3991 in
2727 3939 2989 4005 precibus
3034 3943 3223 4002 petere
3266 3942 3331 3988 ut
3381 3941 3496 3989 sint
3541 3941 3812 3999 martyres;
3846 3933 3899 4005 sit

2310 4002 2535 4084 quidem
2572 4013 2699 4064 talis
2728 4002 2918 4084 actus,
2956 4011 3077 4061 sine
3120 4011 3451 4084 exceptione
3492 4006 3804 4084 beneplaciti
3836 4002 3900 4084 di:

2308 4077 2445 4147 vini,
2492 4084 2774 4136 videbitur
2811 4083 2984 4132 ﬂuere
3026 4080 3211 4144 potius
3258 4094 3329 4132 ex
3377 4080 3793 4145 prasumptione
3828 4077 3899 4122 aut

2308 4158 2640 4215 temeritate,
2666 4167 2836 4219 quam
2863 4167 2935 4205 ex
2961 4166 3091 4204 vera
3124 4165 3241 4215 spe,
3276 4157 3375 4203 aut
3408 4153 3539 4212 ﬂde,
3567 4156 3660 4201 aut
3684 4147 3898 4200 charitate

2310 4229 2649 4283 Christiana.
2696 4226 2806 4290 Ipsi
2850 4227 3039 4275 Patres
3086 4223 3438 4287 Eliberitani,
3481 4221 3800 4288 imaginibus
3822 4219 3899 4290 mi—

2309 4303 2461 4353 nime
2490 4288 2738 4364 propitii,
2777 4295 3144 4347 decreverunt
3186 4308 3309 4346 can.
3338 4295 3403 4346 60
3444 4309 3460 4344 :
3493 4312 3523 4343 α
3561 4294 3618 4346 Si
3651 4293 3766 4357 quis
3790 4288 3898 4364 idola

2311 4360 2689 4437 fregeritfet
2745 4367 2955 4418 ibidem
3012 4366 3179 4417 fuerit
3240 4368 3497 4427 occisus;
3563 4369 3817 4429 quatenus
3858 4360 3897 4437 in

2312 4430 2616 4509 Evangelio
2654 4442 2925 4505 scriptum
2978 4452 3093 4489 non
3143 4442 3247 4500 est,
3293 4451 3480 4502 neque
3526 4438 3787 4487 invenitur
3821 4430 3898 4481 sub

3301 4511 3514 4575 placuit
3589 4510 3645 4558 in
3712 4515 3897 4556 numero

2311 4575 2439 4638 eum
2491 4599 2604 4635 non
2645 4575 2818 4648 recipi
2864 4587 3191 4647 martyrum.
3233 4599 3273 4653 Α»
3313 4580 3717 4653 Rigaltiushait,
3756 4595 3780 4624 α
3810 4575 3899 4653 Hoc

2311 4658 2650 4722 Cyprianum
2705 4657 2761 4705 in
2809 4655 3163 4706 confessione
3217 4651 3427 4702 dixisse
3483 4651 3649 4702 tradit
3689 4650 3901 4722 augusti-

2310 4721 2437 4789 nus,
2462 4728 2586 4778 loco
2606 4728 2720 4790 jam
2761 4726 2949 4775 citato.
2982 4724 3052 4774 Et
3088 4723 3142 4773 in
3176 4723 3459 4774 veteribus
3490 4723 3644 4773 Actis
3674 4736 3685 4769 :
3715 4721 3899 4794 Paterno

2311 4798 2634 4864 proconsuli
2678 4796 2995 4860 exquirenti
3031 4794 3345 4859 Cyprianus
3375 4794 3514 4845 dixit
3550 4810 3561 4843 :
3596 4794 3730 4845 Cum
3768 4790 3900 4864 disci‘

2310 4863 2465 4935 plina
2527 4868 2819 4933 prohibeat
2869 4880 2940 4917 ne
2988 4868 3115 4938 quis
3157 4880 3217 4938 se
3265 4867 3413 4916 ultro
3466 4865 3680 4938 offerat,
3727 4866 3777 4912 et
3818 4863 3898 4938 tua?

2315 4954 2538 5007 quoque
2577 4952 2829 4991 censurm
2871 4938 2979 4988 hoc
3021 4937 3344 5002 displiceat;
3387 4950 3458 4986 ne
3500 4935 3693 4987 offerre
3725 4944 3784 5008 se
3821 4935 3899 5008 ipsi

2313 5005 2567 5078 possunt,
2599 5011 2698 5062 sed
2746 5025 2776 5060 a
2818 5014 2872 5060 te
2922 5008 3183 5074 exquisiti
3228 5008 3606 5063 invenientur,
3645 5005 3897 5078 scilicetlin

2316 5075 2639 5135 civitatibus
2688 5082 2824 5131 suis.
2878 5082 3093 5131 Horum
3150 5082 3341 5145 itaque
3397 5084 3649 5131 actorum
3705 5075 3899 5125 vetustas

2317 5155 2467 5205 claro
2507 5154 2710 5203 summi
2742 5153 2844 5204 viri
2890 5152 3211 5203 testimonio
3246 5151 3660 5215 comprobatur.
3694 5164 3721 5195 θ
3744 5145 3900 5215 Optan-

2318 5226 2452 5276 dum
2484 5224 2735 5290 quidem,
2762 5228 2823 5274 ut
2848 5237 2975 5288 quas
3003 5223 3233 5289 antiqua
3259 5223 3432 5273 fuisse
3456 5221 3727 5278 novimus,
3751 5214 3900 5275 utitu

2319 5302 2375 5349 et
2400 5298 2618 5349 sincera
2646 5296 3004 5347 haberemus.

2381 5453 2441 5505 In
2495 5463 2754 5501 commune
2821 5448 3174 5513 disponemus.
3232 5445 3499 5510 Rigaltius
3551 5444 3627 5494 ait
3686 5455 3699 5490 :
3746 5455 3773 5487 ι
3802 5434 3901 5513 _Non

2321 5522 2422 5574 abs
2452 5535 2509 5573 re
2536 5521 2647 5574 hoc
2670 5525 2782 5572 tam
2821 5509 3018 5571 sedulo
3056 5509 3344 5570 inculcat:
3375 5518 3438 5567 In
3463 5525 3770 5568 commune.
3802 5509 3903 5583 Pw:

2324 5594 2549 5645 videbat
2573 5592 2913 5644 monarchim
2939 5590 3094 5652 vitia,
3131 5594 3187 5641 et
3214 5587 3546 5641 abhorrebat
3574 5584 3785 5637 maximi
3808 5574 3900 5628 mali

2324 5665 2589 5715 fomitem.
2619 5682 2646 5710 ››
2672 5663 2898 5714 Interim
2943 5661 3193 5713 fortassis
3232 5660 3327 5712 ille
3368 5660 3476 5711 dici
3506 5660 3687 5723 potest
3723 5655 3773 5704 in
3800 5659 3901 5723 com-

2324 5748 2496 5789 mune
2559 5736 2857 5791 consulere
2882 5773 2897 5802 ,
2957 5736 3055 5804 qui
3109 5733 3344 5787 utilitati
3392 5720 3631 5800 publica:
3671 5726 3755 5780 vel
3797 5720 3903 5775 solut

564 5816 605 5868 ὁ
656 5806 905 5885 ﬂuuios
948 5806 1122 5883 αἰόλος
1182 5816 1377 5888 ἀφίκοιο
1434 5818 1656 5889 (ἐπανιὼν
1707 5817 1798 5887 κὰρ
1846 5816 1947 5881 ita
1990 5818 2022 5872 ὁ
2056 5814 2205 5887 χθόνα

2331 5806 2613 5878 prospicit.
