4144 6192
297 199 436 262 1245

786 336 957 380 CIRCA
991 339 1128 379 ANK.
1167 337 1396 379 CCXLVI.

711 445 810 499 AD
875 444 1228 502 DONATUM
1292 444 1518 499 LIBER.

870 580 946 618 DE
981 578 1198 619 GRATIA
1233 579 1345 618 DEI.

357 678 594 732 Cecilius
635 678 956 741 Cyprianus.
991 677 1143 727 Idem
1183 679 1278 742 qui
1316 676 1565 738 Tascius,
1613 674 1729 725 Vid.
1765 677 1923 740 epist.

290 751 354 800 67
381 755 707 801 numerante
734 750 884 799 Pam.
917 750 998 809 69,
1029 763 1132 800 nec
1161 763 1272 798 non
1315 751 1452 800 Acta
1497 749 1743 812 martyrii
1787 749 1922 812 Cyp.

290 823 453 875 Unde
483 838 677 890 parum
725 823 998 882 consulto,
1036 823 1090 871 in
1123 821 1335 885 synodo
1377 822 1622 871 Romana
1660 834 1780 870 LXX
1811 822 1926 883 epi-

290 909 588 960 scoparum
616 908 741 958 quae
773 893 997 944 Gelasio
1041 893 1321 949 tribuitur,
1351 892 1614 954 Cypriani
1668 892 1928 954 martyris

293 967 557 1029 opuscula
587 966 982 1024 admittuntur;
1016 964 1236 1013 Thascii
1264 976 1394 1012 vero
1425 962 1688 1026 Cypriani
1719 963 1925 1026 scripta

290 1042 559 1102 tanquam
591 1037 908 1101 apocrypha
939 1036 1288 1085 damnantur.

353 1110 435 1158 Ad
496 1112 778 1160 Donatum.
845 1107 1032 1156 Editio
1108 1107 1420 1170 Spirensis,
1480 1106 1584 1155 arti
1663 1109 1922 1168 typogra-

289 1182 470 1244 phicze
519 1182 632 1230 fere
677 1193 882 1238 coaeva,
934 1179 1007 1227 ita
1044 1178 1334 1228 inscribit:
1370 1176 1523 1226 Liber
1555 1177 1812 1241 Cypriani
1854 1176 1927 1225 ad

296 1255 574 1302 Donatum.
608 1253 676 1302 Et
717 1251 942 1315 quidem
975 1251 1199 1313 plurimi
1244 1262 1372 1298 mss.
1419 1249 1643 1300 codices
1689 1261 1924 1298 consen-

292 1326 432 1374 tiunt
471 1340 480 1373 :
513 1323 660 1387 apud
686 1337 826 1386 quos
865 1323 1041 1387 primo
1073 1323 1127 1371 in
1172 1321 1384 1383 limine,
1421 1321 1691 1371 solemnia
1723 1319 1925 1370 Christi

292 1395 582 1457 apostolici
632 1394 816 1453 verba,
861 1399 915 1444 et
972 1393 1169 1443 salutis
1223 1393 1366 1443 datae
1421 1393 1672 1456 praefatio
1719 1393 1926 1456 saepius

295 1466 698 1516 desiderantur.
760 1467 945 1524 Porro,
999 1466 1054 1514 in
1108 1464 1281 1514 nullis
1329 1464 1754 1527 exemplaribus,
1809 1465 1926 1514 sive

293 1539 594 1601 impressis,
623 1539 742 1588 sive
769 1537 1005 1600 scriptis,
1037 1536 1287 1586 clausula
1318 1535 1677 1585 valedictoria
1706 1536 1922 1598 uapiam

292 1610 567 1673 adjicitur.
601 1609 798 1658 Fateor
815 1609 879 1658 D.
910 1609 1306 1671 Augustinum,
1329 1607 1620 1670 epistolam
1644 1606 1922 1670 appellare

292 1681 390 1730 sed
432 1679 705 1731 recordari
745 1678 1023 1744 oportebit
1058 1679 1281 1741 pariter,
1313 1681 1578 1727 tractatus
1607 1679 1669 1726 de
1708 1677 1920 1726 Oratio-

290 1765 374 1812 ne,
411 1752 474 1801 de
502 1751 846 1811 Mortalitate,
874 1751 935 1800 de
967 1751 1128 1811 Opere
1168 1753 1218 1798 et
1253 1749 1608 1812 Etecmosyna,
1636 1749 1698 1798 de
1730 1747 1922 1798 Habitu

290 1823 574 1884 virginum,
605 1828 650 1872 et
676 1824 740 1872 de
787 1823 1074 1881 Patientia,
1108 1821 1302 1870 eodem
1344 1822 1506 1871 titulo
1553 1821 1623 1871 ab
1662 1821 1756 1870 illo
1797 1834 1923 1884 pas-

289 1895 392 1943 sim
469 1895 776 1958 insignitos.
840 1894 1113 1944 Nimirum
1181 1898 1459 1956 quatenus
1547 1895 1716 1943 libros
1793 1895 1925 1942 istos

288 1970 582 2030 postquam
632 1966 1023 2022 scriberentur,
1056 1965 1234 2014 amico
1288 1965 1576 2028 singulari,
1608 1971 1703 2014 aut
1749 1966 1923 2014 totius

290 2037 558 2087 Ecclesia:
604 2038 1012 2095 communitati,
1051 2040 1244 2085 auctor
1290 2037 1721 2095 transmitteret;
1773 2037 1924 2100 quod

296 2111 351 2158 in
401 2110 682 2172 plerisque
725 2110 934 2159 factum
984 2112 1243 2158 constat:
1294 2112 1387 2157 aut
1423 2108 1702 2172 quomodo
1733 2109 1923 2158 brevi-

290 2181 403 2230 culi
463 2186 728 2231 tractatus
792 2185 844 2231 et
899 2181 1093 2241 libelli,
1148 2182 1243 2244 qui
1304 2181 1552 2243 epistola:
1604 2194 1922 2230 mensuram

289 2266 400 2300 non
448 2252 724 2302 excedunt
771 2253 1018 2316 epistola:
1068 2253 1272 2314 passim
1322 2253 1575 2302 audiunt.
1623 2252 1924 2302 Character

291 2325 470 2386 operis
508 2324 678 2387 hujus
718 2324 786 2372 ab
817 2325 1093 2386 epistolari
1136 2335 1360 2386 prorsus
1409 2323 1689 2382 abhorret,
1724 2327 1777 2372 et
1823 2337 1922 2372 re-

291 2408 418 2443 vera
445 2409 512 2444 eo
539 2395 772 2445 consilio
799 2396 906 2444 hoc
948 2396 1218 2456 scriptum
1268 2393 1488 2443 videtur
1531 2407 1642 2456 quo
1685 2394 1918 2444 Tertul-

291 2466 425 2514 liani
476 2466 871 2530 Apologeticus,
926 2469 979 2514 et
1033 2466 1226 2514 Minut.
1289 2466 1486 2514 Felicis
1542 2467 1818 2525 Octavius,
1868 2469 1923 2514 et

293 2537 512 2598 similia,
564 2541 828 2600 tanquam
897 2537 1180 2598 religionis
1249 2536 1577 2587 Christiana:
1634 2536 1918 2586 vindiciis.

294 2606 601 2670 Siquidem,
630 2612 690 2657 ut
737 2612 885 2658 recte
925 2608 1184 2656 observat
1229 2608 1426 2657 doctis.
1477 2608 1766 2670 Rigaltius,
1817 2607 1920 2655 viri

290 2679 619 2728 eruditiores
677 2693 807 2730 cum
855 2681 1093 2742 primum
1148 2679 1292 2742 apud
1351 2679 1662 2729 Ecclesiam
1716 2691 1919 2727 nomen

289 2750 711 2812 profiterentur,
747 2751 1083 2799 concinnare
1125 2751 1270 2798 soliti
1307 2755 1472 2799 sectae
1507 2764 1676 2814 quam
1719 2763 1918 2799 susce-

290 2825 508 2884 perunt,
559 2827 612 2871 et
655 2822 893 2870 instituti
936 2822 1022 2870 sui
1064 2822 1360 2884 apologias.
1401 2821 1561 2883 Quod
1605 2834 1735 2870 vero
1785 2820 1919 2869 sub-

286 2892 409 2954 jicit
441 2892 588 2941 idem
620 2893 702 2940 vir
732 2891 1000 2951 eruditus,
1028 2893 1134 2942 hoc
1166 2907 1305 2956 Opus
1341 2893 1636 2956 Augustini
1673 2897 1919 2954 tempore

291 2963 348 3010 in
406 2963 820 3025 exemplaribus
868 2964 1128 3026 anteponi
1170 2964 1415 3021 solitum,
1457 2962 1623 3025 idque
1667 2977 1734 3013 ex
1779 2963 1919 3011 libro

289 3034 351 3083 de
379 3035 638 3083 Doctrina
674 3035 982 3086 Christiana
1021 3039 1294 3093 constare,
1328 3048 1439 3083 non
1477 3035 1680 3098 pariter
1721 3035 1911 3097 liquet.

290 3106 350 3154 In
377 3107 500 3156 loco
525 3107 675 3154 enim
701 3107 944 3166 laudato,
972 3105 1077 3154 sub
1126 3105 1231 3154 hac
1279 3106 1453 3154 forma
1498 3106 1683 3155 locum
1719 3106 1917 3169 allegat

293 3179 552 3226 sanctiss.
597 3178 775 3237 Pater,
819 3179 874 3223 in
921 3177 1152 3240 quadam
1200 3176 1458 3238 epistola;
1501 3178 1547 3225 si
1600 3181 1784 3226 autem
1830 3191 1918 3225 or-

291 3249 476 3298 dinem
523 3249 791 3309 duxisset,
832 3249 1065 3312 primam
1109 3249 1299 3312 procul
1345 3247 1516 3297 dubio
1568 3249 1914 3312 appellasset.

290 3321 408 3368 lmo
435 3321 512 3369 ita
542 3321 597 3368 in
630 3321 822 3370 ordine
851 3333 1080 3382 operum
1113 3320 1396 3382 scriptoris
1441 3320 1606 3381 hujus
1651 3320 1916 3378 variatur,

287 3396 350 3440 ut
380 3405 485 3442 nec
522 3393 576 3440 in
610 3392 890 3455 impressis
927 3391 1096 3452 libris,
1136 3405 1240 3440 nec
1265 3391 1320 3439 in
1348 3404 1476 3439 mss.
1513 3392 1643 3453 (rem
1675 3403 1898 3452 comper

289 3463 558 3511 tissimam
616 3463 852 3526 loquor),
919 3467 1015 3511 aut
1070 3462 1161 3512 hic
1223 3466 1509 3523 tractatus,
1567 3465 1657 3512 aut
1716 3460 1918 3525 aliquis

289 3533 429 3582 alius
460 3537 669 3583 certum
695 3535 878 3583 locum
909 3534 1173 3583 obtineat.

357 3607 424 3653 De
453 3607 632 3667 gratia
676 3607 787 3654 Dei.
815 3607 1064 3655 Titulum
1095 3605 1248 3655 hunc
1293 3617 1396 3655 ceu
1441 3603 1917 3667 simplicissimum

291 3679 458 3739 atque
509 3676 578 3726 ab
623 3678 742 3741 ipso
792 3677 1070 3741 Cypriano
1117 3677 1356 3740 positum
1409 3677 1758 3724 retinemus:
1806 3673 1916 3723 hoc

289 3748 531 3810 prmfati,
559 3762 626 3798 ex
659 3748 1006 3798 librariorum
1035 3749 1256 3809 ingenio
1282 3747 1434 3797 hunc
1456 3750 1506 3796 et
1542 3746 1785 3809 reliquos
1839 3745 1917 3794 fe-

290 3833 346 3868 re
400 3833 591 3869 omnes
629 3821 927 3883 appositos.
968 3820 1093 3869 Huc
1135 3821 1280 3869 enim
1326 3831 1638 3882 respexnsse
1684 3817 1915 3866 omnino

288 3888 510 3938 videtur
566 3890 811 3950 Pontius,
864 3889 1089 3953 quando
1142 3890 1219 3937 ait
1265 3904 1275 3936 :
1336 3891 1461 3950 Quis
1513 3887 1919 3937 emolumentum

288 3962 477 4024 gratiae
522 3975 616 4023 per
653 3961 804 4025 dem
845 3961 1162 4024 procientis
1197 3961 1533 4010 ostenderet?
1569 3960 1724 4011 Licet
1770 3959 1918 4010 enim

288 4033 335 4080 is
366 4045 430 4082 eo
471 4032 526 4080 in
574 4032 698 4082 loco
743 4033 796 4081 id
842 4037 985 4096 agat,
1027 4036 1088 4081 ut
1137 4045 1234 4096 pro
1285 4045 1508 4082 secessu
1555 4032 1614 4080 .
1663 4031 1919 4093 Martyris

289 4103 596 4164 apologiam
645 4104 977 4160 institueret,
1023 4104 1077 4151 in
1132 4103 1378 4153 medium
1433 4102 1670 4153 aerens
1719 4105 1920 4166 scripta

287 4175 380 4223 illa
411 4169 616 4236 quibus
645 4176 908 4223 caruisset
958 4174 1214 4224 Ecclesia
1258 4175 1380 4229 Dei,
1412 4175 1457 4224 si
1497 4175 1674 4238 primo
1721 4175 1920 4224 Decia-

285 4260 373 4295 nze
404 4247 805 4309 persecutionis
835 4246 1052 4296 turbine
1089 4245 1405 4310 Cyprianus
1433 4247 1629 4296 fuisset
1655 4251 1916 4309 ereptus;

285 4321 471 4366 tamen
522 4331 648 4366 cum
684 4331 750 4366 ex
796 4317 962 4367 rebus
995 4319 1052 4366 in
1098 4329 1325 4367 secessu
1367 4317 1630 4382 deinceps
1678 4332 1774 4380 per
1823 4318 1919 4366 de-

286 4388 548 4438 cennium
596 4389 779 4449 gestis,
831 4390 1036 4452 scripta
1090 4391 1256 4439 etiam
1309 4389 1487 4452 priora
1531 4391 1918 4438 auctoramen-

1643 200 1822 265 EDIT.
1863 201 2063 267 OXON.
2101 205 2320 271 .

2034 333 2240 420 aditum
2269 342 2511 420 face_ret:
2548 345 2701 420 quin
2747 361 2833 411 ea,
2863 349 2994 403 licet
3034 349 3088 402 in
3137 350 3306 404 unico
3352 351 3656 417 exemplari

3517 221 3658 283 4246

2031 415 2263 485 reperta,
2305 428 2333 463 a
2376 416 2640 479 Pamelio,
2693 435 2801 485 qua
2848 428 2966 473 erat
3011 422 3295 484 facilitate,
3349 415 3548 485 dem,
3605 427 3660 473 et

2032 482 2308 566 (-(1111816
2342 488 2576 566 Daronio
2616 482 2837 546 laudem
2881 499 3101 548 meruit.
3141 500 3220 549 Ne
3254 482 3382 549 vero
3407 497 3474 547 de
3507 482 3657 547 frau-

2032 553 2101 604 de
2121 555 2226 637 sibi
2257 557 2397 637 ]
2426 564 2940 637 suspiceturlector,
2965 572 3283 633 apposuisse
3313 583 3424 618 non
3450 568 3658 633 pigebit

2032 631 2313 707 egregium
2345 631 2689 707 Epistolium.
2721 638 2812 688 Sic
2839 654 2967 703 ergo
2997 631 3057 690 se
3087 642 3257 692 habet
3287 656 3298 689 :
3393 631 3571 690 credo
3603 644 3654 688 te

2030 701 2284 774 retinere,
2340 706 2690 758 sanctissime
2733 701 3030 773 Cypriane,
3085 726 3212 774 quae
3273 713 3433 763 nobis
3490 713 3653 762 fuerit

2189 774 2476 851 _0}ali_0nes
2493 769 2794 851 garrulitas
2810 769 2991 831 {unus
3007 769 3223 844 sensus,
3243 798 3352 833 una
3374 783 3652 848 cogitatio,

2028 839 2313 922 individua
2334 839 2522 922 lectio.
2548 849 2734 911 Quare
2765 866 2876 902 non
2909 859 2964 903 et
3002 856 3058 904 in
3086 839 3274 904 divina
3305 839 3544 905 lectione
3582 839 3656 902 ita

2027 916 2640 992 animisroboramur?
2669 924 2781 972 Aut
2822 938 2932 973 non
2979 939 3043 975 ea
3100 939 3318 992 semper
3345 926 3508 976 nobis
3549 923 3654 974 fuit

2028 985 2306 1048 cogitatio,
2337 993 2399 1038 ut
2433 991 2600 1041 simul
2636 995 3036 1047 crederemus?

2089 1063 2729 1149 Indulgentsvindemia.
2769 1076 3105 1140 Quanquam
3158 1079 3298 1128 festa
3342 1077 3647 1128 Gentilium

2027 1149 2125 1222 pro
2159 1142 2344 1222 impiis
2374 1148 2429 1194 et
2454 1148 2717 1222 profanis
2756 1150 3024 1203 baberent
3069 1152 3393 1213 Christiani,
3425 1152 3494 1201 de
3531 1153 3650 1200 vin-

2027 1207 2358 1288 demialibus
2392 1207 2581 1268 mitius
2607 1223 2940 1284 sentiebant,
2966 1228 3156 1287 utpote
3201 1238 3328 1288 qum
3365 1207 3651 1274 levamen-

2027 1283 2146 1359 tum
2194 1287 2316 1347 post
2372 1292 2568 1340 messis
2619 1292 2854 1354 labores,
2904 1283 3079 1358 magis
3130 1283 3301 1359 quam
3353 1297 3651 1345 numinum

2027 1354 2239 1406 cultum
2293 1360 2696 1422 profiterentur.
2726 1366 2798 1415 Et
2842 1367 2968 1417 ideo
3001 1354 3316 1417 'Chri'stiani
3359 1369 3653 1430 imperato-

2027 1436 2132 1484 res,
2164 1440 2292 1501 cum
2329 1431 2436 1480 alia
2471 1433 2775 1498 abolerent,
2820 1437 2943 1488 haec
2985 1439 3354 1487 retinuerunt.
3383 1439 3498 1501 Leg.
3524 1437 3655 1487 Om-

2024 1509 2124 1546 nes
2159 1499 2298 1564 dies,
2325 1517 2372 1552 c.
2405 1503 2472 1554 de
2510 1505 2686 1556 Feriis
2715 1523 2727 1556 :
2827 1509 2958 1557 Illos
2987 1514 3203 1558 tantum
3231 1499 3464 1559 manere
3490 1508 3652 1558 feria-

2023 1582 2146 1618 rum
2183 1571 2302 1623 dies
2351 1576 2432 1624 fas
2470 1578 2589 1638 erit,
2636 1592 2776 1642 quos
2819 1582 3055 1643 geminis
3107 1581 3398 1631 mensibus
3453 1579 3522 1630 ad
3565 1593 3653 1630 re-

2023 1646 2211 1705 quiem
2266 1649 2471 1700 laboris
2531 1652 2908 1718 indulgentior
2955 1670 3137 1706 annus
3176 1656 3398 1720 accipit,
3445 1653 3651 1704 testivis

1943 1715 2001 1789 B
2027 1719 2338 1774 fervoribus
2391 1715 2734 1792 mitigandis,
2771 1733 2826 1780 et
2884 1733 3169 1782 autumnis
3219 1715 3426 1782 fetibus
3465 1729 3655 1782 decer-

2025 1794 2243 1856 pendts,
2275 1801 2363 1847 etc

2089 1866 2427 1917 Studentibus
2476 1870 2694 1931 fabulis.
2725 1873 2760 1923 i.
2805 1887 2851 1924 e.
2893 1875 3140 1925 oratione
3183 1888 3312 1924 cum
3349 1871 3536 1922 studio
3583 1883 3650 1920 ac

2026 1948 2158 2007 cura
2215 1942 2544 2003 composita,
2593 1945 2786 2007 quales
2840 1947 3022 1996 solent
3071 1959 3196 1996 esse
3241 1946 3526 1996 rhetorum
3559 1941 3652 2004 -

2025 2006 2114 2054 .
2171 2010 2315 2058 Infra
2367 2012 2588 2072 dicitur,
2619 2006 2812 2065 studia
2856 2019 2908 2066 in
2955 2031 3107 2067 aures
3140 2018 3372 2074 damus;
3417 2020 3473 2064 et
3522 2014 3653 2064 Ter-

2025 2079 2124 2128 tul.
2180 2082 2253 2129 De
2295 2083 2482 2145 Spect.,
2621 2085 2725 2136 Ubi
2782 2088 3055 2152 voluptas,
3108 2089 3183 2139 ibi
3237 2087 3503 2148 studium,
3555 2097 3653 2148 per

2025 2155 2174 2216 quod
2235 2156 2356 2206 scil.
2421 2159 2674 2222 voluptas
2733 2164 2918 2225 sapit:
2975 2164 3072 2214 ubi
3124 2163 3393 2222 studium,
3457 2162 3533 2211 ibi
3595 2161 3652 2210 et

2023 2230 2322 2289 aemulatio,
2354 2245 2453 2294 per
2494 2247 2660 2297 quam
2692 2238 2935 2287 studium
2985 2239 3144 2301 sapit.
3259 2237 3487 2287 Fabulae
3521 2248 3650 2284 vero

2023 2316 2180 2376 voce,
2226 2308 2468 2357 narratio
2499 2309 2574 2357 rei
2613 2315 2780 2370 gestia
2824 2312 3162 2376 designatur,
3204 2314 3288 2363 sic
3330 2313 3526 2362 Minut.
3551 2309 3653 2359 Fe-

2023 2372 2120 2432 lix,
2214 2377 2319 2426 Iter
2348 2377 2551 2427 fabulis
2578 2379 2903 2432 fallentibus
2934 2372 3274 2447 lcgebamus,
3354 2387 3458 2432 etc.

2084 2447 2319 2496 Pelamu:
2379 2449 2507 2500 hanc
2577 2452 2758 2501 sedem.
2837 2455 3046 2505 Locum
3121 2455 3273 2505 hunc
3350 2452 3506 2502 affert
3581 2452 3646 2502 ).

2021 2519 2370 2584 Augustinus
2433 2525 2487 2572 in
2558 2529 2876 2590 exemplum
2927 2530 3218 2594 picturatas
3269 2527 3552 2582 dictionis,
3596 2529 3649 2575 et

2021 2603 2252 2654 spumea
2297 2595 2589 2646 verborum
2641 2599 2850 2649 ambitu
2888 2601 3210 2650 difuentia.
3238 2599 3504 2663 Depingit
3538 2597 3650 2645 for-

2023 2665 2168 2713 tasse
2199 2665 2324 2717 illos
2355 2672 2502 2733 ipsos
2545 2676 2736 2725 hortos
2779 2684 2920 2736 quos
2950 2673 3181 2721 Pontius
3206 2685 3337 2721 eum
3375 2670 3445 2720 ad
3479 2668 3648 2718 dem

2021 2747 2353 2788 conversum
2405 2745 2723 2794 vendidisse
2761 2749 3051 2804 memorat,
3079 2749 3133 2794 et
3183 2745 3239 2794 in
3285 2755 3426 2807 quos
3478 2739 3647 2805 paulo

2020 2810 2148 2854 ante
2175 2815 2502 2875 martyrium
2533 2831 2593 2867 se
2617 2816 2843 2878 recepit.

2083 2878 2150 2927 II.
2192 2881 2249 2928 In
2291 2889 2465 2944 pectus
2514 2890 2656 2936 tuum
2706 2888 2894 2935 veniat.
2936 2885 3062 2948 Quo
3106 2889 3258 2936 tuam
3302 2882 3645 2935 benevolen-

2019 2948 2153 2998 tiam
2183 2965 2517 3014 promerear.

2087 3022 2322 3093 Divinam
2378 3029 2772 3093 indulgentiam.
2825 3030 3036 3080 Passim
3078 3029 3182 3079 hac
3224 3039 3361 3078 voce
3415 3023 3646 3088 gratiam

2021 3089 2269 3163 divinam
2302 3083 2557 3163 intelligit
2582 3105 2776 3152 auctor
2815 3107 3021 3159 noster,
3054 3105 3117 3150 ut
3155 3104 3210 3150 et
3245 3083 3641 3149 Tertullianus.

2022 3160 2106 3211 Ob
2159 3165 2429 3219 miricos
2485 3160 2538 3221 et
2595 3173 2929 3225 subitaneos
2987 3172 3241 3230 eectus,
3295 3167 3646 3230 compendium

2251 3243 2435 3290 statim
2485 3245 2810 3306 appellatur.
2863 3247 2935 3294 At
2983 3247 3132 3293 totus
3174 3243 3267 3292 hic
3313 3241 3472 3290 locus
3517 3239 3649 3288 Ter-

2021 3305 2256 3357 tulliano
2306 3305 2682 3378 depromptus.
2743 3317 2859 3366 Lib.
2903 3317 2965 3365 de
3015 3319 3264 3378 Baptism.
3310 3327 3320 3361 :
3451 3311 3646 3361 Nonne

2019 3380 2336 3434 mirandum
2375 3387 2594 3439 lavacro
2619 3390 2756 3439 dilui
2788 3392 3112 3441 mortem?
3157 3389 3228 3438 Et
3274 3387 3439 3452 paulo
3484 3388 3643 3449 post:

2097 3453 2206 3502 Nos
2253 3470 2479 3524 quoque
2527 3463 2631 3525 ipsi
2667 3462 2950 3523 miramur,
2996 3461 3094 3511 sed
3138 3461 3268 3524 quia
3325 3457 3642 3508 credimus:

2019 3527 2282 3577 caeterum
2329 3531 2690 3583 incredulitas
2716 3535 2968 3592 miratur,
2998 3547 3109 3582 non
3159 3530 3376 3588 credit;
3415 3529 3648 3578 miratur

2019 3598 2164 3715 sigilli
2218 3600 2489 3663 simplicia
2516 3606 2674 3668 quasi
2706 3619 2866 3666 vana,
2895 3603 3188 3670 magnica
3237 3601 3397 3665 ]

2019 3677 2062 3713 81
2108 3681 2123 3714 1
2151 3683 2219 3715 la.
2310 3677 2416 3715 etc-

2018 3677 2219 3727 SlDllla,
2310 3677 2417 3723 etc.

2083 3739 2390 3802 Eii-poneret.
2451 3746 2766 3809 Deponeret
2825 3762 2836 3796 :
2904 3759 3074 3796 sensu
3141 3742 3288 3807 apud
3363 3744 3647 3792 auctorem

2018 3819 2286 3873 nostrum,
2315 3820 2369 3865 et
2397 3817 2800 3868 Tertullianum
2829 3818 3209 3867 usitatissimo.

2084 3884 2369 3935 Genuinum
2395 3889 2502 3935 situ
2555 3891 2802 3939 materiae.
2836 3891 2978 3940 Mala
3017 3887 3289 3938 naturalia
3317 3897 3445 3950 quae
3483 3882 3645 3946 quasi

2019 3952 2130 4003 situ
2177 3959 2230 4006 et
2272 3958 2532 4008 sordibus
2582 3962 2784 4011 veteris
2833 3960 3076 4010 hominis
3129 3958 3281 4009 unde
3325 3955 3649 4021 prodierunt

2020 4024 2304 4076 obducta:
2356 4029 2564 4093 quibus
2609 4036 2970 4095 opponuntur
3020 4029 3355 4089 voluntaria,
3401 4038 3646 4078 consue-

2022 4097 2214 4147 tudine
2244 4097 2457 4150 diutina
2493 4103 2549 4151 in
2581 4104 2809 4153 alteram
2843 4107 3099 4152 naturam
3148 4099 3492 4163 transcripta,
3519 4109 3646 4161 qua)

2019 4176 2268 4234 usurpata
2319 4175 2560 4238 appellat
2607 4181 2801 4228 auctor
2856 4183 3060 4228 noster.
3119 4175 3239 4226 Non
3286 4174 3431 4224 male
3470 4171 3647 4224 codex

2019 4243 2363 4296 Bodleianus
2415 4250 2629 4310 tertius,
2658 4250 2892 4314 genitum
2934 4249 3124 4314 ponit;
3157 4246 3256 4299 sed
3297 4245 3440 4296 nihil
3481 4243 3643 4295 facile

2021 4321 2193 4366 muto.

2085 4387 2176 4437 III.
2233 4391 2368 4438 More
2422 4392 2522 4441 ista
2570 4394 2867 4443 Criminum.
2907 4393 3222 4457 Baptismus
3259 4389 3378 4440 scil.
3424 4389 3482 4438 in
3533 4399 3647 4450 quo

289 4464 406 4507 tum
448 4463 504 4507 et
547 4458 730 4508 lucem
768 4451 1190 4519 fmaertarentur,
1227 4451 1337 4530 non
1375 4463 1580 4509 temere
1610 4462 1772 4509 etiam
1805 4451 2000 4530 illa,D
2023 4471 2150 4509 cum
2199 4459 2421 4512 Christo
2467 4465 2755 4525 morimur,
2788 4464 2945 4515 Rom.
2988 4451 3070 4525 ,
3105 4465 3166 4522 4
3216 4460 3423 4512 Coloss.
3465 4471 3521 4520 tt,
3558 4461 3644 4516 ts;

287 4530 466 4581 eidem
508 4531 793 4580 successui
826 4535 881 4581 et
929 4532 1094 4580 saluti
1132 4529 1332 4581 exinde
1377 4535 1568 4595 partis,
1605 4532 1918 4596 imputabat

289 4602 547 4651 Pontius.

353 4673 392 4720 .
429 4677 560 4722 Bene
583 4672 846 4721 admones.
883 4673 1144 4723 Ruffinus
1181 4674 1408 4737 prologo
1450 4675 1504 4723 in
1547 4674 1695 4738 Orig.
1722 4675 1915 4724 homil.

289 4746 346 4792 in
403 4746 676 4805 Numeros,
732 4745 836 4793 loci
893 4745 1059 4808 hujus
1109 4747 1362 4795 meminit
1418 4745 1660 4795 dicens:
1789 4745 1921 4796 Utar

287 4814 472 4865 verbis
521 4815 639 4874 tibi,
691 4815 877 4873 frater,
922 4816 1070 4867 beati
1116 4818 1394 4879 martyris,
1447 4816 1588 4868 bene
1636 4817 1917 4880 admones,

286 4888 503 4937 Donate
533 4887 874 4936 charissime.

352 4960 662 5008 Promisisse
719 4973 800 5008 me
855 4962 1089 5009 memini.
1156 4960 1294 5010 Haec
1373 4963 1426 5009 et
1492 4960 1726 5024 plurima
1792 4975 1918 5026 qum

285 5034 597 5092 sequuntur
657 5029 726 5078 ad
785 5035 1036 5080 ornatum
1094 5032 1416 5095 interposita
1494 5032 1786 5092 videntur,
1850 5033 1919 5082 ad

286 5103 606 5165 exemplum
663 5103 996 5166 scriptorum
1056 5104 1301 5153 Platonis
1357 5109 1412 5153 et
1467 5104 1806 5164 Ciceronis;
1867 5109 1920 5154 et

285 5173 591 5235 praesertim
638 5173 855 5222 Minutii
882 5175 1050 5224 Felic.
1082 5177 1136 5224 in
1180 5176 1389 5226 Octavio
1431 5189 1552 5236 suo,
1585 5190 1752 5240 quem
1792 5191 1920 5226 ma-

285 5245 485 5294 nifeste
532 5243 845 5308 Cyprianus
906 5247 961 5295 in
1012 5250 1124 5296 toto
1169 5247 1276 5298 hoc
1327 5252 1593 5311 apparatu
1647 5249 1912 5298 imitatur.

287 5316 593 5366 Varronem
633 5316 702 5366 de
744 5316 851 5366 hoc
897 5317 1178 5368 scribendi
1227 5331 1430 5382 genere
1478 5318 1737 5368 admonet
1784 5319 1920 5369 Tul-

286 5388 428 5448 lius,
494 5391 550 5437 in
607 5391 929 5452 praefatione
1001 5392 1351 5452 Quaestionum
1417 5391 1853 5441 Academicorum
1901 5407 1918 5440 :

347 5459 483 5508 Puto
530 5460 644 5510 fore
692 5465 749 5510 ut
792 5474 922 5511 cum
957 5461 1155 5526 legeris
1202 5464 1402 5513 mirere
1453 5462 1509 5512 id
1551 5477 1655 5513 nos
1701 5463 1920 5514 locutos

287 5530 430 5579 inter
462 5543 582 5588 nos,
630 5531 781 5595 quod
825 5546 1115 5598 nunquam
1162 5535 1338 5585 locuti
1383 5549 1605 5597 sumus,
1635 5533 1733 5585 sed
1773 5536 1918 5586 nosti

287 5613 498 5650 morem
528 5601 894 5667 dialogorum.
997 5606 1188 5669 Inepte
1238 5619 1368 5668 ergo
1418 5607 1625 5656 sciolus
1667 5607 1917 5670 quidam,

287 5685 360 5722 ne
411 5671 550 5722 forte
590 5674 799 5740 aliquid
844 5675 1275 5738 desideraretur,
1314 5689 1415 5726 suo
1445 5677 1646 5726 Donati
1693 5677 1920 5726 nomine

288 5744 584 5811 epistolam
623 5752 976 5800 commentus
1022 5752 1123 5811 est,
1167 5761 1293 5813 qum
1337 5745 1605 5814 Cypriani
1651 5761 1916 5816 responso

2021 4532 2096 4580 ita
2127 4535 2312 4581 tamen
2341 4537 2402 4583 ut
2431 4536 2547 4586 Deo
2576 4541 2626 4586 et
2651 4537 2879 4600 justitim
2911 4538 3034 4598 ejus
3068 4534 3331 4594 deinceps
3352 4531 3606 4578 vivamus
3631 4541 3642 4574 :

2021 4603 2495 4666 quemadmodum
2556 4607 2754 4656 exinde
2808 4607 3109 4669 Apostolus
3167 4604 3223 4652 in
3285 4601 3425 4651 locis
3479 4612 3646 4662 supra

2021 4674 2220 4733 citatis,
2255 4679 2308 4725 et
2342 4676 2474 4725 alibi
2503 4679 2706 4740 passim
2738 4676 3041 4726 concludit.

2086 4747 2305 4807 Cceperit
2340 4762 2444 4798 esse
2465 4748 2610 4811 dei.
2644 4749 2702 4799 Si
2739 4749 2874 4811 quid
2906 4748 3071 4797 laude
3112 4746 3344 4810 dignum
3371 4745 3484 4807 jam
3515 4741 3645 4790 faci-

2021 4831 2146 4866 mus
2189 4819 2378 4880 gratias
2418 4820 2621 4870 divina:
2663 4825 2956 4883 acceptum
2996 4817 3380 4875 referendum;
3422 4815 3468 4863 si
3514 4811 3649 4877 quid

2021 4889 2153 4938 olim
2186 4887 2565 4952 commissum,
2601 4892 2770 4941 errori
2810 4892 3057 4941 humano
3087 4887 3384 4953 imputabit
3410 4886 3650 4936 clemen-

2022 4960 2273 5009 tissimus
2303 4962 2455 5011 Deus
2485 4979 2496 5017 ;
2541 4961 2648 5011 vid.
2682 4963 2806 5012 Act.
2835 4974 2973 5020 xvu,
3007 4961 3104 5020 30;
3193 4960 3332 5009 Tim.
3365 4971 3400 5017 I,
3434 4959 3453 5007 t
3489 4961 3541 5005 et
3565 4955 3646 5005 44.

2083 5030 2317 5092 Infulszt.
2352 5033 2586 5082 Probata
2634 5034 2758 5083 hinc
2804 5034 2985 5094 lectio,
3013 5036 3067 5082 et
3109 5044 3184 5081 ex
3233 5030 3472 5079 dialecto
3507 5026 3649 5077 Afri-

2019 5117 2160 5154 cana
2205 5103 2514 5169 desumpta.
2544 5105 2638 5156 Sic
2688 5107 2894 5156 Tertul.
2929 5105 3028 5156 lib.
3075 5104 3142 5153 de
3189 5104 3394 5154 Anima.
3426 5117 3457 5148 (
3493 5101 3648 5150 Exa

2019 5191 2148 5227 men
2205 5178 2484 5230 Valentini
2554 5193 2744 5230 semen
2800 5179 3012 5242 SOphim
3069 5177 3289 5228 infulsit
3345 5176 3563 5226 animus.

2021 5251 2138 5301 Nec
2192 5255 2377 5304 tamen
2441 5253 2534 5303 illa
2602 5266 2726 5316 qum
2800 5254 3020 5316 inuxit
3089 5250 3354 5314 reposuit,
3425 5259 3648 5313 prorsus

2019 5322 2337 5384 rejicienda.
2367 5324 2498 5373 Min.
2526 5323 2640 5373 Fel.
2673 5341 2683 5372 :
2762 5325 2986 5373 Terram
3008 5322 3357 5372 fundaverint
3383 5319 3644 5384 pondera,

2020 5397 2073 5442 et
2102 5407 2253 5444 mare
2293 5394 2420 5444 licet
2445 5395 2730 5444 inuxerit
2768 5395 2968 5459 liquor,
3069 5399 3173 5446 etc.
3209 5393 3318 5445 Sed
3358 5397 3412 5444 et
3446 5391 3646 5440 inluxit

2022 5463 2133 5513 dici
2169 5469 2397 5528 poterat.

2085 5534 2178 5585 IV.
2224 5536 2422 5599 Illapsa
2472 5538 2747 5600 rmitate.
2804 5536 3021 5592 Stabili.
3065 5541 3266 5597 erecta,
3299 5536 3418 5584 sine
3463 5533 3641 5594 lapsu.

2018 5605 2229 5656 Eadem
2280 5607 2452 5657 forma
2485 5623 2594 5672 qua
2648 5609 2878 5660 Tertull.
2907 5609 3034 5658 adv.
3073 5610 3258 5666 Marc,
3295 5605 3388 5655 lib.
3444 5615 3520 5658 1v,
3553 5601 3647 5672 ait.

2075 5677 2132 5727 Si
2163 5678 2330 5730 frater
2359 5671 2590 5730 illiberis
2620 5681 2939 5733 decesserit.
3026 5680 3178 5730 Voce
3212 5679 3322 5731 hac
3357 5671 3569 5724 videtur
3597 5671 3652 5719 iu

2021 5749 2291 5816 agitium
2332 5751 2561 5820 aliquod
2587 5752 2774 5822 lapsos
2795 5752 3180 5821 perstringere.
