4144 6192
515 266 651 341 m7

1748 275 1922 342 amr.
1962 276 2162 342 exon.
2200 260 2419 343 nam.
2482 257 2487 262 ’

3744 280 3881 342 1248

579 408 666 498 Ag
725 408 986 498 licentiam
1048 406 1222 498 datur.
1301 409 1542 498 Tantum
1580 412 1809 498 ontes‘,
1870 413 2143 498 quantum
2169 412 2534 498 Atransitus.
2582 409 2879 498 Postquam
2930 418 3062 461 vero
3111 404 3328 496 limam.
3378 419 3476 475 pro
3522 408 3725 498 critica
3773 423 3879 498 sua

519 482 716 534 credis.
771 482 862 534 Sic
902 482 1059 533 infra.
1100 498 1129 529 ‹‹
1175 484 1455 547 Acceptus
1499 481 1738 545 Spiritus
1774 482 2000 532 licentia
2045 495 2144 531 sua

517 556 745 618 potitur,
776 574 804 601 ››
835 558 889 605 et
912 554 1064 615 alibi,
1091 569 1121 602 α
1144 555 1295 604 Dans
1336 553 1693 604 credentibus
1722 558 1939 603 tantum
1975 567 2140 618 quan-

522 629 639 673 tum
666 638 725 675 se
766 625 940 675 credit
968 626 1234 689 accipere.
1270 640 1300 673 »
1339 625 1465 675 Vid.
1497 640 1538 675 c.
1580 625 1662 686 42,
1710 625 1742 674 l.
1795 638 1871 689 ιιι,
1915 626 1983 675 ad
2028 626 2147 688 Qui-

518 709 623 747 rm.

581 767 638 816 In
685 768 936 819 medelam
988 768 1289 819 dolentium.
1344 769 1533 820 Lectio
1580 769 1711 819 olim
1764 771 1983 834 recepta
2029 770 2150 819 erat

523 838 575 885 in
625 839 860 891 medulla
923 840 1342 900 adolescentium,
1393 844 1517 903 etc.,
1569 840 1755 905 phrasi
1808 838 2147 898 duriuscula,

523 909 621 958 sed
670 924 797 974 quas
852 912 922 962 ab
978 913 1235 962 Afrorum
1293 912 1533 963 dialecto
1587 913 1816 961 minime
1869 910 2147 969 abhorret,

525 978 735 1031 Sensus
764 988 912 1033 certe
944 984 1385 1033 commodissime
1413 985 1491 1033 sic
1530 982 1874 1047 procederet,
1902 986 1963 1031 ut
2006 980 2152 1030 dicat

525 1058 737 1113 auctor,
765 1056 915 1121 quod
950 1070 978 1105 a
1022 1056 1297 1119 baptismo
1328 1056 1563 1105 facultas
1595 1055 1717 1103 data
1754 1058 1859 1115 est,
1889 1067 1998 1118 qua
2025 1066 2151 1102 exs-

525 1122 809 1187 tinguatur
837 1128 989 1176 virus
1011 1140 1349 1177 venenorum
1374 1140 1403 1175 a
1430 1129 1626 1175 natura
1655 1126 1866 1176 intimis
1891 1124 2151 1175 medullis

519 1191 823 1246 inﬂxorum
852 1212 863 1247 :
892 1202 944 1248 et
972 1203 1238 1262 purgetur
1271 1198 1553 1247 voluntate
1574 1202 1840 1260 concepta
1882 1209 1951 1245 ex
1992 1196 2153 1245 malis

525 1266 775 1317 moribus
799 1270 1107 1319 animorum
1138 1270 1307 1320 labes.
1338 1270 1460 1318 Pari
1489 1272 1672 1319 mente
1694 1282 1803 1331 qua
1825 1281 1989 1331 supra
2017 1268 2154 1317 dici-

527 1338 632 1385 tur.
670 1339 755 1388 Vel
782 1342 1059 1403 genuinum
1084 1344 1191 1389 situ
1226 1343 1478 1400 materiae,
1510 1345 1613 1390 etc.
1653 1339 1764 1390 Sed
1800 1339 1939 1388 nihil
1975 1342 2149 1388 muto.

591 1423 890 1476 Immundas
942 1430 991 1474 et
1039 1426 1287 1475 erraticos
1325 1426 1557 1489 spiritus.
1608 1424 1895 1474 Daemonia
1948 1424 2153 1487 passim

528 1490 798 1543 immundi
837 1496 1058 1559 spiritus
1099 1496 1155 1545 in
1195 1496 1494 1559 Evangelto
1537 1500 1808 1545 vocantur
1840 1509 1851 1542 :
1890 1506 1995 1543 nec
2041 1506 2152 1541 non

526 1566 581 1610 et
604 1566 819 1615 erratici
860 1567 1063 1630 pariter
1100 1566 1351 1626 audiunt,
1382 1566 1508 1626 Job,
1558 1580 1605 1626 ις
1659 1566 1873 1625 Matth,
1912 1578 2013 1623 xu,
2055 1566 2150 1623 48;

527 1632 551 1681 Ι
582 1634 721 1685 Petr.
751 1652 803 1697 v,
830 1638 876 1687 8.
911 1639 981 1688 At
1011 1651 1141 1688 vero
1178 1643 1473 1701 postquam
1506 1651 1571 1687 ex
1616 1637 1842 1687 Domini
1886 1637 2155 1700 promisso

531 1704 701 1757 Marc.
731 1708 829 1758 ult.
855 1711 932 1770 17,
964 1710 1121 1773 signa
1149 1722 1245 1758 eos
1280 1710 1372 1773 qui
1402 1708 1761 1759 crediderunt
1794 1708 1918 1757 haec
1959 1720 2157 1770 seque-

2246 482 2372 533 loco
2406 486 2610 534 arvinae
2639 485 2794 547 roris,
2836 489 3081 535 tororum
3127 484 3437 542 immemor,
3481 483 3687 532 assidui
3722 481 3884 530 nido-

2246 558 2326 605 ris
2359 556 2728 620 apposuisset,
2775 560 2945 620 atque
2996 556 3088 606 alii
3129 555 3340 604 librarii
3383 554 3456 604 ad
3497 555 3711 603 ruinam
3763 567 3884 602 cor-

2245 638 2413 689 poris,
2443 628 2559 691 pari
2602 628 2869 677 felicitate
2912 625 3337 683 emendassent;
3380 624 3725 687 deploratum
3768 624 3884 673 fere

2248 701 2365 748 erat
2416 698 2596 760 ulcus,
2648 704 2703 749 et
2746 699 2855 748 nisi
2902 699 3169 762 inspectis
3226 697 3419 761 primis
3471 694 3886 759 exemplaribus

2248 780 2472 831 prorsus
2500 769 2928 821 immedicabile.

2324 842 2467 889 Veste
2510 843 2756 904 pretiosa.
2788 841 2915 890 Huc
2964 840 3189 902 reSpicit
3244 840 3445 889 Juven.
3502 838 3613 890 Sat.
3658 839 3704 889 3.
3753 838 3884 886 Pin-

2248 911 2435 973 nirapi
2486 912 2649 961 cultos
2688 913 2923 977 juvenes.
2976 912 3061 960 Ad
3112 911 3306 960 luxum
3354 910 3611 970 faciebat,
3656 914 3718 958 ut
3768 921 3881 957 non

2248 981 2497 1033 humano
2552 985 2770 1046 solum,
2829 983 2925 1034 sed
2979 987 3031 1033 et
3088 996 3355 1046 generoso
3405 982 3680 1045 sanguine
3733 978 3883 1029 oculi

2251 1060 2628 1119 pascerentur,
2674 1059 2728 1105 et.
2780 1055 3015 1105 honesta
3072 1054 3184 1103 oris
3232 1054 3425 1115 forma,
3485 1056 3540 1103 et
3594 1049 3885 1117 splendida

2251 1129 2422 1178 vestis
2457 1127 2844 1191 spectaculum
2874 1125 3344 1175 commendarent.
3379 1126 3547 1175 Porro
3592 1130 3746 1175 veste
3778 1122 3882 1170 deo

2252 1199 2342 1249 cui
2374 1198 2489 1247 ludi
2519 1198 2958 1248 instituebantur
2982 1210 3157 1256 sacra,
3193 1196 3483 1245 damnatos
3517 1194 3675 1245 indui
3706 1194 3887 1245 solere

2253 1274 2471 1320 constat
2497 1283 2565 1319 ex
2595 1271 2749 1320 Actis
2775 1269 2943 1319 Felic.
2990 1271 3044 1318 et
3086 1268 3299 1331 Perpet.
3334 1267 3543 1333 quibus
3578 1265 3887 1317 amiculum

2253 1341 2475 1393 Saturni
2508 1342 2852 1405 impositum.

2316 1414 2397 1464 Ad
2422 1414 2608 1463 bestias
2642 1427 2749 1463 non
2778 1412 3016 1461 crimine.
3051 1412 3200 1462 Pam.
3246 1414 3301 1461 et
3336 1410 3456 1475 Rig.
3497 1411 3603 1475 leg.
3647 1413 3891 1476 Pugnant

2254 1486 2327 1537 ad
2353 1486 2540 1535 bestias
2574 1484 2757 1535 bestiae.
2789 1484 2899 1535 Sed
2924 1484 2991 1534 de
3012 1484 3333 1533 hominibus
3360 1485 3471 1547 agit
3498 1488 3716 1541 auctor,
3750 1496 3892 1547 quos

2254 1562 2451 1625 frigide
2496 1564 2550 1610 et
2586 1560 2840 1624 populari
2882 1560 3156 1620 convicio,
3201 1560 3430 1609 minime
3477 1559 3766 1622 putandus
3806 1564 3893 1609 est

2254 1633 2465 1683 bestias
2491 1633 2814 1695 appellasse.

2318 1707 2494 1755 Mater
2523 1710 2569 1754 et
2594 1704 2823 1753 redimit.
2864 1702 3227 1753 Commodam
3254 1702 3439 1753 sedem
3478 1704 3655 1765 pretio
3677 1716 3893 1753 merca-

528 1785 739 1868 rentur,
792 1782 943 1848 quod
994 1785 1062 1868 in‘
1101 1784 1353 1868 nomine.
1376 1783 1816 1868 ejus‘diemonia
1845 1783 2231 1868 .ejicerent,B
2258 1780 2374 1868 Eur:
2408 1776 2751 1868 Spectacula
2783 1776 3025 1868 ‘fortasse
3070 1787 3183 1824 non
3230 1773 3577 1832 interfutura,
3623 1775 3733 1823 nisi
3794 1774 3893 1823 ﬁlii

529 1856 661 1913 etc.,
692 1858 861 1917 atque
894 1854 1153 1904 omnibus
1195 1868 1225 1904 e
1262 1855 1430 1918 vulgo
1470 1854 1803 1906 Christianis
1837 1855 1928 1917 jus
1962 1858 2016 1904 et
2055 1866 2146 1917 po-

529 1927 699 1973 testas
743 1926 834 1975 illa
876 1929 991 1974 rata
1033 1925 1348 1986 haberetur,
1393 1925 1533 1976 adeo
1570 1928 1633 1975 ut
1676 1925 1885 1975 Tertul.
1926 1926 1982 1973 in
2018 1927 2155 1987 Apo-

532 1994 631 2056 log.
675 1996 947 2059 spondere
994 2002 1375 2060 praesumeret,
1406 1997 1453 2046 si
1500 1998 1627 2060 quis
1674 2011 1704 2045 a
1739 1997 1993 2046 daemone
2032 1996 2155 2059 agi—

527 2067 676 2116 tatus
725 2067 1011 2130 juberetur
1070 2082 1101 2117 a
1173 2067 1425 2131 quolibet
1494 2085 1523 2113 «
1590 2066 1906 2117 Christiano
1964 2067 2153 2130 loqui,

528 2138 783 2199 spiritum
833 2140 991 2188 illum
1038 2144 1152 2188 tam
1196 2151 1256 2189 se
1309 2139 1619 2189 daemonem
1648 2139 2035 2188 confessurum
2090 2136 2157 2187 de

527 2221 679 2269 vero,
715 2224 881 2273 quam
907 2210 1039 2261 alibi
1074 2210 1241 2261 deum
1286 2210 1355 2261 de
1392 2211 1562 2269 falso;
1601 2214 1655 2259 et
1697 2211 1806 2259 nisi
1857 2222 1916 2260 se
1955 2209 2158 2260 daemo-

527 2292 630 2329 nes
655 2282 893 2331 confessi
936 2281 1140 2331 fuerint
1175 2280 1490 2330 Christiano
1537 2280 1758 2330 mentiri
1791 2294 1904 2329 non
1947 2280 2157 2329 auden-

530 2353 635 2409 tes,
675 2351 879 2402 ibidem
928 2353 1078 2402 illius
1134 2350 1435 2402 Christiani
1489 2352 1871 2415 procacissimi
1928 2352 2156 2416 sangui-

531 2436 660 2472 nem
694 2423 930 2485 fundite,
964 2441 991 2469 ιο
1018 2422 1149 2472 hinc
1188 2423 1397 2473 factum
1436 2428 1521 2472 est
1560 2427 1639 2483 ut,
1684 2421 2157 2486 quemadmodum

531 2494 679 2556 apud
722 2494 961 2553 Judaaos,
997 2494 1119 2543 Act.
1152 2505 1277 2554 ιιι,
1331 2492 1406 2553 13,
1451 2493 1762 2544 nebulones
1813 2497 1868 2543 et
1901 2496 2159 2557 imposto-

529 2578 618 2616 res
650 2580 710 2617 se
757 2580 856 2630 pro
885 2566 1173 2617 exorcistis
1202 2564 1571 2627 venditarent,
1602 2568 1725 2628 jure
1768 2567 1934 2616 etiam
1964 2565 2159 2616 Cassa-

536 2650 630 2688 reo
688 2640 869 2689 notari
916 2638 971 2687 Η.
1036 2638 1141 2700 leg.
1201 2637 1238 2686 l.
1303 2637 1406 2686 Tit.
1459 2638 1521 2687 de
1578 2638 1862 2687 Extraord.
1920 2638 2157 2701 Cognit.;

534 2724 562 2757 α
603 2708 660 2758 Si
712 2710 1093 2769 incantaverit,
1123 2708 1171 2757 si
1215 2709 1551 2772 imprecatus
1597 2714 1699 2769 est,
1732 2710 1777 2758 si
1826 2709 1904 2771 (ut
1946 2709 2157 2771 vulgari

530 2780 703 2831 verbo
758 2782 1123 2846 impostorum
1177 2783 1319 2838 utar)
1366 2780 1777 2830 exorcizaverit.
1818 2794 1847 2827 ιο
1897 2780 1963 2830 Ut
2011 2781 2157 2830 malo

527 2851 663 2903 huic
705 2856 1105 2911 occurreretur,
1138 2850 1193 2899 id
1228 2852 1341 2914 egit
1386 2851 1639 2901 Ecclesia
1691 2856 1753 2900 ut
1796 2851 2009 2915 probati
2056 2853 2158 2901 viri

529 2923 664 2974 huic
702 2926 918 2974 muneri
956 2923 1215 2984 assignati
1258 2926 1460 2972 essent.
1511 2923 1680 2972 Porro
1730 2922 2005 2986 siquidem
2048 2922 2161 2984 ple-

532 2996 690 3059 rique
735 2995 1087 3046 ethnicorum
1131 2993 1359 3043 nefariis
1408 2994 1688 3056 mysteriis
1730 3006 1789 3044 se
1842 2994 2161 3043 daemonum

530 3070 786 3129 potestati
829 3072 972 3117 totos
1005 3066 1416 3127 mancipassent
1452 3081 1463 3113 :
1506 3066 1727 3115 servitio
1771 3065 1994 3125 Christi,
2032 3079 2159 3129 qum

531 3152 661 3190 vera
703 3140 948 3199 libertas,
981 3151 1093 3187 non
1139 3141 1396 3200 poterant
1442 3137 1735 3195 vindicari,
1766 3137 1944 3187 donec
1985 3140 2159 3201 ejecto

530 3211 692 3261 malm
740 3210 869 3262 fidei
908 3222 1246 3274 possessore,
1283 3208 1496 3258 meliori
1536 3208 1739 3271 hospiti
1788 3209 1948 3258 locus
1986 3208 2159 3257 relin-

529 3287 794 3345 queretur
828 3297 840 3330 :
883 3280 1034 3331 unde
1076 3280 1246 3329 iidem
1274 3280 1371 3342 qui
1413 3279 1831 3330 catechumenis
1876 3281 2158 3329 instruen—

533 3352 619 3401 dis
662 3353 1021 3416 praefuerant,
1067 3351 1465 3400 exorcistarum
1518 3350 1713 3400 itidem
1756 3364 1988 3400 munere
2034 3351 2161 3399 fun-

530 3422 821 3485 gebantur.
854 3421 995 3472 Vide
1020 3434 1143 3472 can.
1179 3435 1221 3471 x
1268 3420 1527 3471 Antioch.
1571 3426 1626 3471 et
1664 3434 1811 3472 xxv:
1851 3422 2034 3481 Laod.,
2064 3421 2162 3471 ubi

536 3493 605 3541 ad
663 3494 951 3544 exorcistm
1028 3492 1371 3541 mentionem
1452 3492 1692 3541 Balsam.
1743 3494 1820 3542 ait
1890 3493 2159 3557 ἐφορκισταδ

529 3565 637 3622 ἦτοι
685 3562 969 3628 κατηχηταί,
1009 3567 1065 3611 et
1122 3562 1245 3616 πνᾶς
1290 3561 1566 3625 επεχείρονν
1613 3562 1885 3626 ὲφοριιίζειν,
1928 3563 2158 3624 τουτέστι,

518 3640 754 3698 πκατγίχεῖν
821 3634 1067 3694 ἀπίστους,
1130 3633 1197 3692 μή
1270 3633 1491 3690 λαϐόντες
1569 3632 1709 3681 τοῦτο
1774 3634 1845 3681 δι’
1905 3634 2165 3693 ἐπισκοπῆς

533 3707 842 3772 χειροθεσίας,
902 3710 1050 3765 etc.;
1101 3706 1307 3769 pariter
1356 3706 1694 3769 Harmenop.
1749 3707 1804 3755 in
1844 3707 1991 3770 Epit.
2038 3720 2161 3757 can.

532 3784 665 3829 sect.
720 3780 761 3837 Ι,
804 3779 887 3828 tit.
931 3778 980 3840 9,
1024 3776 1303 3840 éEopme-ral,
1346 3777 1610 3840 κατηχηταὶ
1652 3777 2055 3840 interpretatur.
2103 3778 2164 3826 In

534 3850 669 3901 Cod.
732 3849 943 3900 Theod.
1007 3848 1114 3913 leg.
1174 3848 1286 3909 lit,
1350 3848 1419 3899 de
1475 3850 1795 3908 Decurion.,
1855 3850 2161 3910 exorcistae,

532 3926 799 3987 tanquam
829 3920 1130 3985 superioris
1157 3920 1344 3969 meriti
1376 3920 1587 3982 clerici,
1621 3921 1884 3970 oneribus
1909 3920 2167 3971 civilibus

533 3995 870 4044 eximuntur.
903 3991 1163 4042 Formula
1197 3990 1568 4041 ordinationis
1602 3992 1892 4042 exorcistm
1931 3992 2166 4042 habetur

533 4066 729 4115 concil.
782 4063 1040 4126 Carthag.
1092 4075 1169 4123 IV,
1209 4075 1255 4112 c.
1306 4064 1352 4111 7.
1405 4064 1572 4113 Porro
1620 4076 1853 4113 munere
1902 4063 2009 4113 hoc
2051 4076 2163 4113 non

532 4140 746 4185 tantum
772 4134 1097 4197 presbyteri,
1123 4132 1221 4183 sed
1254 4134 1423 4183 etiam
1452 4135 1554 4197 ipsi
1585 4135 1830 4197 episc0pi
1860 4134 1984 4184 data
2000 4148 2164 4185 occa-

531 4207 687 4257 sione
717 4206 1087 4267 fungebantur
1114 4219 1126 4252 :
1154 4204 1223 4255 de
1259 4205 1556 4255 Ambrosio
1585 4206 1638 4255 id
1675 4206 1841 4256 refert
1873 4206 2162 4268 Paulinus,

534 4278 603 4329 de
627 4278 938 4341 Augustino
975 4276 1277 4335 Possidius,
1303 4280 1364 4324 ut
1392 4277 1530 4326 alios
1564 4281 1907 4340 preteream.

600 4362 810 4413 Occulta
854 4362 1035 4425 plaga.
1086 4360 1171 4410 Ad
1214 4361 1428 4411 Demet.
1473 4362 1615 4411 infra
1659 4363 1795 4414 dicit
1836 4362 2166 4426 spiritalibus

532 4434 715 4498 flagris
765 4436 821 4483 et
856 4433 918 4482 de
969 4431 1215 4482 Idololat.
1255 4448 1286 4479 α
1331 4431 1663 4495 Operatione
1717 4436 2023 4498 majestatis
2064 4449 2166 4485 oc-

532 4506 700 4556 culta:
729 4505 916 4569 ﬂagris
945 4503 1104 4554 caedi.
1137 4521 1166 4549 »
1194 4503 1273 4553 Ita
1303 4504 1471 4553 etiam
1507 4505 1695 4554 Miuut.
1725 4506 1841 4556 Fel.
1876 4521 1886 4554 :
1922 4524 1950 4552 «
1980 4505 2165 4569 Adju-

530 4578 634 4627 rati
685 4590 783 4641 per
826 4576 1010 4626 Deum
1055 4587 1249 4624 verum
1296 4578 1352 4625 et
1411 4576 1613 4637 solum,
1660 4578 1817 4627 inviti
1866 4582 1921 4627 et
1977 4578 2163 4627 miseri

533 4648 862 4713 corporibus
912 4646 1341 4706 inhorrescunt;
1389 4650 1444 4696 et
1498 4647 1585 4697 vel
1638 4649 1907 4697 exsiliunt
1956 4649 2162 4709 statim,

532 4720 620 4769 vel
655 4722 1000 4769 evanescunt
1028 4717 1318 4780 gradatim,
1348 4721 1511 4780 prout
1537 4716 1674 4768 ﬁdes
1704 4720 1961 4782 patientis
1999 4719 2163 4782 adju-

533 4790 645 4849 vat,
674 4792 769 4837 aut
797 4788 969 4852 gratia
1000 4789 1248 4838 curantis
1278 4789 1499 4851 aspirat.
1532 4804 1561 4835 ››

591 4874 691 4923 Nec
748 4874 874 4921 dum
938 4886 1121 4934 corpus
1186 4878 1233 4921 et
1306 4872 1556 4921 membra.
1619 4874 1832 4924 Interea
1901 4880 2164 4939 temporis

531 4946 856 5010 priusquam
898 4944 1251 4992 mutavimus.
1297 4944 1451 4992 Licet
1488 4946 1735 5008 corporis
1780 4948 1998 4996 sarcina
2041 4962 2166 5010 gra-

529 5016 643 5065 vati
670 5014 855 5065 adhuc
901 5016 1098 5072 simus,
1124 5027 1237 5063 non
1286 5018 1470 5063 tamen
1520 5028 1743 5078 prorsus
1781 5019 1973 5068 seaculi
2014 5020 2164 5070 nube

531 5100 819 5137 careamur.
853 5086 1096 5135 Plurima
1126 5088 1183 5134 in
1234 5085 1483 5133 futurum
1522 5086 1758 5149 spondet
1798 5090 1890 5151 Sp.
1919 5095 2162 5149 sanctus,

529 5155 629 5275 sed
770 5157 1010 5220 plurima
1040 5160 1417 5221 repmsentat.
1462 5156 1763 5220 Speramus
1802 5158 2028 5222 quidem
2067 5161 2165 5212 sed

530 5239 562 5275 e
611 5239 681 5275 no
708 5240 867 5275 imur.

530 5239 587 5277 et
611 5239 867 5289 petimur.

594 5309 657 5381 γ.
694 5311 842 5361 Bella
884 5311 1080 5377 ubique
1119 5312 1309 5362 divisa.
1343 5313 1489 5363 Infra
1523 5313 1618 5376 ait,
1650 5329 1678 5359 «
1718 5314 1847 5365 Post
1889 5315 2164 5381 dispersas

530 5380 663 5431 orbe
692 5384 806 5431 toto
836 5383 1175 5447 multiplices
1210 5397 1446 5448 pugnas.
1480 5401 1507 5429 »

593 5465 686 5516 Vl.
728 5466 978 5529 Impletur
1036 5470 1089 5516 in
1132 5481 1341 5518 succum
1397 5468 1543 5518 Edit.
1600 5468 1816 5533 Spiren.
1864 5474 1920 5521 et
1970 5471 2162 5524 Remb.

528 5538 741 5601 legunt,
771 5554 799 5582 ‹‹
842 5537 1111 5601 Impletur
1142 5540 1197 5587 in
1243 5540 1461 5590 siccum
1495 5540 1636 5590 cibis
1682 5541 2004 5594 fortioribus
2041 5558 2162 5595 eur-

527 5625 650 5674 pus,
688 5614 743 5661 et
779 5610 988 5659 arvinae
1025 5610 1180 5659 roris.
1225 5628 1253 5655 ››
1306 5613 1493 5675 Atque
1532 5612 1746 5662 utinam
1784 5614 1875 5664 alii
1927 5616 2166 5666 editores

530 5688 641 5731 tam
686 5682 1015 5745 simpliciter
1060 5686 1116 5732 et
1156 5681 1400 5744 ingenue
1449 5696 1632 5733 errare
1684 5684 2027 5746 voluissent;
2079 5688 2163 5736 ni-

528 5755 731 5805 mirum
788 5753 1120 5817 apponendo
1167 5753 1316 5817 quod
1353 5754 1409 5803 in
1450 5755 1751 5819 exemplari
1799 5758 2162 5820 invenerunt;

529 5826 979 5896 promptissimus
1015 5824 1165 5880 enim
1192 5824 1322 5880 inde
1353 5824 1472 5880 fore
1522 5826 1592 5881 ad
1642 5838 1829 5880 veram
1868 5827 2166 5885 lectionem

2256 1847 2575 1899 discrimine
2604 1848 2850 1897 invitata.
2874 1850 2883 1855 ’

2318 1919 2435 1968 VII.
2489 1920 2672 1969 Prisca
2717 1918 3011 1969 carminum
3058 1917 3323 1981 facinora.
3356 1916 3562 1966 Pamel.
3614 1921 3671 1967 et
3711 1917 3892 1980 Rigal.

2254 1989 2449 2052 legunt
2480 1989 2663 2038 Prisca
2689 1988 2932 2049 facinora
2958 1988 3209 2046 carmine;
3232 2000 3364 2036 mss.
3392 1986 3672 2051 suffragiis
3697 1988 3897 2047 fultus,

2257 2060 2402 2111 doct.
2452 2059 2737 2111 Gronovio
2789 2059 3155 2122 astipulante;
3209 2057 3279 2108 ab
3327 2058 3462 2121 ipsis
3509 2058 3893 2111 recedendum

2256 2132 2416 2183 duxi.

2320 2204 2531 2253 Incesti:
2564 2216 2732 2253 error.
2768 2202 2909 2253 Pace
2947 2201 3171 2267 Rigaltii
3209 2204 3263 2252 et
3296 2201 3533 2252 aliorum
3572 2203 3672 2267 qui
3703 2202 3898 2253 horror

2258 2277 2645 2338 reposuerunt,
2680 2286 2811 2322 mss.
2848 2286 3051 2337 sequor
3092 2276 3146 2323 et
3173 2272 3417 2325 Gronov.
3458 2275 3597 2325 Nota
3648 2288 3738 2325 res
3783 2279 3895 2333 est;

2257 2345 2537 2395 erroribus
2582 2356 2805 2394 scenam
2858 2350 3187 2409 argumenta
3239 2344 3551 2394 fabularum
3606 2345 3722 2395 fere
3778 2358 3899 2394 om-

2258 2418 2416 2466 nium
2471 2416 2691 2467 debere.
2740 2415 2888 2465 Hinc
2944 2415 3234 2478 Thyesteae
3282 2416 3484 2481 epulae,
3530 2417 3801 2467 Herculis
3846 2421 3901 2465 et

2259 2488 2461 2539 Thesei
2520 2487 2830 2551 parricidia,
2886 2490 2939 2535 et
3015 2488 3129 2551 (qui
3201 2490 3534 2551 tragicorum
3601 2493 3901 2551 utramque

2258 2559 2517 2623 paginam
2564 2558 2775 2621 implet,
2822 2571 3105 2621 quemque
3154 2558 3262 2608 hoc
3312 2560 3368 2607 in
3415 2558 3538 2609 loco
3582 2558 3903 2623 Cyprianus

2258 2630 2523 2692 respicit).
2567 2627 2862 2691 (Edipodis
2905 2628 3169 2678 incestus.
3200 2628 3519 2678 Lectionem
3567 2628 3716 2677 hanc
3753 2642 3902 2678 con-

2259 2700 2437 2750 ﬁrmat
2471 2699 2679 2749 Tertul.
2732 2699 2827 2761 qui
2882 2698 2937 2746 in
2984 2699 3199 2760 Apolog.
3259 2697 3328 2747 de
3370 2698 3476 2748 hac
3517 2700 3636 2761 ipsa
3676 2713 3737 2749 re
3786 2700 3899 2747 ait:

2260 2788 2289 2816 α
2329 2769 2508 2819 Simul
2554 2781 2704 2818 error
2738 2768 3047 2831 impegerit,
3083 2766 3284 2817 exinde
3324 2769 3436 2830 jam
3484 2768 3685 2818 tradux
3722 2768 3904 2832 proﬁ—

2261 2839 2373 2889 ciet
2399 2839 2619 2899 incesti,
2660 2844 2915 2903 serpente
2949 2852 3151 2901 genere
3193 2852 3321 2888 cum
3361 2840 3587 2890 scelere.
3630 2859 3659 2887 »
3708 2843 3896 2904 Atque

2260 2914 2481 2973 iterum,
2535 2911 2616 2961 Ad
2662 2914 2860 2960 nation.
2907 2911 3002 2960 lib.
3055 2910 3124 2961 de
3173 2911 3389 2961 Incesto
3438 2912 3608 2961 verba
3665 2914 3902 2971 faciens,

2261 2980 2476 3031 habet:
2526 2998 2555 3025 «
2606 2981 2799 3045 Neque
2842 2982 3189 3045 ignorantiae,
3243 2994 3425 3045 neque
3466 2984 3658 3044 errori,
3711 2998 3903 3049 neque

2262 3054 2414 3102 casui
2454 3054 2708 3116 opposita
2738 3052 2826 3113 sit,
2852 3070 2880 3097 »
2928 3054 3032 3101 etc.
3066 3050 3175 3101 Sed
3212 3056 3273 3100 ut
3317 3053 3529 3113 horror,
3571 3068 3670 3117 pro
3712 3069 3903 3105 errore

2168 3132 2233 3187 ἠ
2260 3124 2553 3184 scribatur,
2590 3137 2699 3172 non
2728 3128 2811 3172 est
2845 3124 3031 3185 lapsus
3060 3122 3377 3187 singularis.
3411 3123 3658 3187 Spireus.
3696 3126 3902 3176 Pemb.

2182 3166 2237 3241 C
2260 3166 2699 3258 sagatus}:
2717 3166 3391 3257 ιῖεέθὲῖι¹ὲιί“νῖἱὲ⁰ᾗὲἲὸῆὲ
3411 3166 3902 3262 Ἷῖόὲἕᾶξδιὶεζῖἷό

2259 3266 2551 3316 erroribus.

2325 3338 2644 3388 Patientiam
2712 3338 2924 3387 incesta
2989 3336 3352 3402 turpitudinis.
3414 3337 3609 3389 Omnis
3682 3341 3901 3391 nefaria

2262 3408 2640 3470 consuetudo,
2692 3409 2823 3459 licet
2865 3422 2975 3459 non
3021 3424 3150 3460 cum
3194 3410 3549 3474 propinquis,
3589 3411 3667 3461 ita
3713 3415 3903 3477 appel-

2261 3480 2423 3530 latur.
2461 3479 2556 3531 Sic
2589 3481 2837 3542 virgines
2883 3481 3121 3530 vestales
3147 3480 3372 3531 violatas
3417 3484 3665 3531 incestus
3704 3492 3900 3547 postu-

2262 3551 2461 3602 landm.
2494 3553 2569 3600 At
2602 3552 2843 3610 interim,
2862 3553 3000 3600 nulli
3023 3551 3159 3602 adeo
3189 3553 3503 3616 propinqui,
3532 3566 3597 3601 ac
3627 3556 3727 3617 qui
3755 3559 3901 3618 ejus-

2263 3623 2390 3673 dem
2416 3636 2616 3673 sexus:
2659 3624 2716 3672 in
2744 3624 2969 3687 quibus,
3008 3629 3072 3673 ut
3114 3628 3260 3674 recte
3299 3626 3375 3673 ait
3426 3630 3617 3675 auctor
3666 3634 3896 3687 noster;

2263 3699 2453 3746 contra
2470 3696 2564 3758 jus
2584 3698 2635 3745 et
2665 3694 2845 3745 fcedus
2877 3695 3145 3746 nascendi
3173 3700 3452 3759 peccatur.

2327 3766 2469 3815 Vill.
2516 3766 2786 3817 Conscium
2827 3766 3008 3815 credit.
3051 3767 3324 3817 Nimirum
3376 3768 3471 3829 qui
3516 3767 3623 3817 sibi
3677 3773 3901 3819 tantum

2264 3838 2554 3896 conscius;
2583 3849 2751 3900 quem
2784 3836 2996 3887 delator
3023 3838 3079 3887 in
3099 3840 3190 3901 jus
3216 3838 3434 3888 trahere
3464 3852 3572 3889 non
3608 3845 3814 3903 potest.

2325 3912 2455 3961 Cum
2478 3908 2619 3957 vitiis
2634 3907 2845 3971 faciem.
2866 3908 3030 3959 Stans
3050 3923 3083 3959 a
3099 3909 3213 3958 vitii
3238 3908 3505 3972 partibus,
3529 3911 3901 3977 moribusque

2262 3981 2518 4045 pessimis
2546 3979 2730 4042 digna.

2328 4052 2421 4102 IX.
2474 4052 2757 4101 Duodecim
2806 4050 3016 4102 tabulis.
3067 4052 3369 4117 Postquam
3417 4053 3633 4103 colonia
3688 4056 3899 4105 civium

2264 4124 2639 4174 Romanorum
2669 4120 3062 4185 Carthaginem
3088 4122 3477 4183 deduceretur,
3500 4125 3635 4174 urbs
3664 4126 3762 4175 illa
3793 4128 3900 4176 alio

2264 4195 2528 4257 deinceps
2556 4193 2782 4243 nomine
2813 4193 3003 4243 Roma:
3034 4194 3237 4244 aemula
3266 4196 3410 4245 facta
3438 4202 3537 4246 est.
3566 4197 3717 4248 Hinc
3750 4200 3901 4261 pari-

2266 4270 2347 4316 ter
2371 4264 2516 4328 apud
2548 4278 2643 4315 eos
2664 4264 2894 4326 theatra,
2931 4264 3148 4325 balnea,
3171 4266 3306 4327 fora,
3337 4266 3519 4330 legum
3550 4269 3612 4318 12
3644 4269 3901 4330 Tabulas,

2264 4337 2376 4387 imo
2403 4341 2457 4386 et
2485 4334 2817 4399 Capitolium
2840 4351 2853 4395 ;
2880 4349 2933 4386 v.
2964 4336 3061 4385 inf.
3094 4336 3165 4387 de
3194 4337 3332 4401 laps.

2327 4408 2627 4457 Innocentio
2653 4421 2741 4457 nec
2768 4406 2855 4455 illi
2885 4406 2971 4456 ubi
3009 4407 3311 4469 defenditur
3337 4415 3662 4460 reservatur.
3703 4412 3903 4463 Prote-

2202 4502 2229 4543 *_
2265 4480 2428 4543 gitur,
2455 4482 2723 4528 servatur.

2184 4535 2242 4607 Ῐ)
2265 4535 2295 4543 ν
2327 4535 2563 4612 Capituli
2592 4548 2800 4611 fraude.
2830 4548 3026 4610 Qualis
3050 4550 3169 4600 scil.
3210 4552 3484 4616 excipitur
3527 4549 3583 4601 ti“.
3614 4553 3686 4603 de
3738 4554 3899 4603 Edil.

2264 4621 2429 4671 edict.
2484 4621 2652 4670 Porro
2698 4620 2952 4683 capitalis
2992 4633 3155 4684 paena
3203 4628 3304 4683 est,
3355 4637 3482 4687 quin
3530 4631 3773 4675 mortem
3814 4627 3897 4676 vel

2264 4692 2619 4742 amissionem
2646 4692 2889 4742 civitatis
2924 4694 3175 4743 continet
3220 4694 3258 4753 l,
3301 4706 3416 4756 cur,
3458 4695 3527 4745 de
3562 4696 3718 4746 verb.
3760 4700 3901 4761 sign.

2264 4762 2496 4811 Tertull.
2545 4763 2662 4811 adv.
2695 4763 2975 4821 Marciam,
3002 4762 3037 4811 Ι.
3075 4774 3153 4824 IV,
3188 4777 3235 4814 c.
3272 4766 3341 4813 9:
3374 4782 3404 4810 «
3443 4763 3666 4829 Septem
3702 4782 3906 4819 macu-

2263 4833 2346 4883 las
2392 4834 2722 4884 delictorum
2774 4834 3097 4896 capitalium
3140 4854 3168 4879 »
3216 4840 3386 4886 vocat
3427 4854 3456 4881 ‹‹
3504 4836 3904 4899 idololatriam,

2264 4903 2686 4969 blasphemiam,
2742 4902 3129 4967 homicidium,
3189 4905 3556 4966 adulterium,
3616 4914 3902 4973 stuprum,

2264 4974 2464 5023 falsum
2494 4975 2897 5033 testimonium,
2922 4973 3195 5024 fraudem.
3225 4990 3253 5022 ι
3294 4974 3387 5025 Sic
3426 4976 3493 5026 de
3545 4978 3906 5031 Pwnitentia:

2265 5063 2292 5091 α
2340 5044 2606 5096 Graviore
2661 5049 2714 5094 et
2762 5046 2994 5095 exitiosa
3037 5060 3165 5109 quae
3214 5048 3435 5096 veniam
3490 5062 3603 5097 non
3652 5054 3905 5114 capiunt.

2262 5115 2649 5177 homicidium,
2681 5115 3007 5172 idololatria,
3050 5117 3220 5177 fraus,
3253 5120 3489 5181 negatio,
3532 5120 3907 5186 blasphemia,

2264 5188 2461 5251 utique
2486 5191 2541 5237 et
2568 5186 2807 5237 mcechia
2831 5191 2887 5237 et
2914 5188 3230 5249 tornicatio,
3252 5195 3307 5240 et
3335 5192 3381 5239 si
3408 5205 3533 5254 quae
3552 5193 3661 5243 alia
3682 5197 3906 5245 violatio

2264 5259 2452 5322 templi
2479 5260 2597 5309 Dei.
2632 5274 2661 5306 ››
2696 5257 2835 5321 Qua:
2861 5259 3001 5308 nihil
3026 5260 3139 5309 fere
3176 5261 3327 5310 aliud
3367 5267 3499 5312 sunt
3531 5278 3707 5327 quam
3739 5270 3905 5317 trium

2264 5331 2603 5379 famosorum
2629 5330 2928 5379 criminum
2953 5331 3008 5379 in
3030 5332 3211 5382 varios
3233 5346 3415 5383 ramos
3444 5333 3770 5388 distributio
3806 5338 3905 5387 His

2265 5402 2415 5451 enim
2453 5402 2572 5465 ipsa
2594 5401 2851 5453 Ecclesia
2882 5402 3159 5454 catholica
3187 5405 3413 5455 unicam
3438 5409 3692 5470 permisit
3721 5412 3908 5474 paeni-

2265 5474 2517 5523 tentiam.

2327 5544 2661 5595 Mendacium
2725 5545 3021 5595 criminum.
3078 5546 3258 5597 Falsaa
3320 5550 3765 5602 criminationes.
3818 5552 3907 5603 Sic

2266 5615 2592 5667 Tertullian.
2624 5615 2687 5665 de
2733 5618 2922 5669 Coron.
2954 5632 2971 5666 :
3000 5635 3030 5666 α
3074 5617 3133 5669 Si
3181 5619 3537 5671 mendacium
3592 5622 3906 5674 divinitatis

2266 5687 2523 5737 diabolus
2556 5694 2848 5759 operatur,
2896 5690 2955 5739 in
2999 5689 3104 5741 hac
3149 5692 3315 5741 etiam
3360 5694 3546 5757 specie
3596 5709 3629 5744 a
3674 5698 3906 5759 primor-

2265 5759 2357 5831 dio
2408 5758 2668 5831 mendax,
2710 5759 2833 5810 siue
2880 5759 3049 5811 dubio
3101 5765 3156 5812 et
3202 5775 3298 5812 eos
3350 5763 3468 5826 ipse
3524 5758 3903 5831 prospexerat,

2265 5830 2324 5884 in
2388 5829 2595 5899 quibus
2656 5830 2723 5884 in-
2777 5831 3135 5886 mendacium
3202 5833 3507 5888 divinitatis
3558 5829 3839 5903 ageretur.
3881 5857 3907 5885 δ
