4144 6192
230 206 374 276 ιρισ

225 416 440 479 justitia
459 431 473 476 ;

230 489 375 537 tiosi.

292 583 533 631 DesertOr
559 580 753 631 assecla
786 580 1027 643 fwdavit.
1057 580 1281 631 Nudum
1308 581 1549 645 reliquit.

292 676 359 725 Χ.
412 676 737 725 Frustrantis
820 674 1117 737 spectaculi.
1187 674 1520 738 Congiaria,
1570 676 1863 739 Sportulaa,

228 746 499 806 missilia,
562 746 895 795 tributorum
954 746 1346 806 remissiones,
1404 760 1592 797 revera
1662 748 1866 810 populo

229 818 322 866 cui
358 815 641 865 donantur
681 820 912 879 possunt
954 830 965 864 :
998 817 1321 879 spectacula
1362 830 1492 866 vero
1527 818 1710 867 solum
1743 831 1865 867 cor-

228 892 497 951 rumpunt
521 901 533 934 :
559 899 786 949 aequum
814 899 946 950 ergo
970 892 1030 935 ut
1064 888 1118 935 in
1143 887 1471 937 muneribus
1497 889 1616 937 istis
1643 889 1866 952 utrique

228 961 431 1022 pariter
456 958 656 1006 frustra
685 963 898 1016 essent;
920 961 973 1007 et
993 958 1141 1021 quod
1166 960 1404 1021 populus
1430 959 1696 1009 inutiliter
1724 961 1867 1011 acci-

234 1035 407 1094 peret.
434 1030 687 1093 perderet
712 1029 989 1078 honorum
1024 1029 1366 1078 candidatus.

296 1123 443 1173 XIV.
480 1124 686 1171 Domini
713 1136 921 1172 munus.
950 1123 1232 1186 Baptisma
1276 1124 1557 1173 nimirum.
1587 1125 1734 1175 Alibi
1773 1125 1866 1175 hic

232 1196 438 1258 passim
465 1197 697 1244 vocatur
727 1194 922 1243 Gratia
955 1194 1067 1242 Dei.
1111 1193 1282 1253 Infra,
1312 1196 1614 1244 Gratuitum
1660 1196 1723 1245 de
1763 1198 1867 1247 Deo

232 1279 442 1315 munus.

308 1358 504 1407 Viderit
539 1369 657 1420 quae
701 1359 750 1406 in
780 1371 887 1407 nos.
922 1359 1155 1409 Locutio
1189 1360 1405 1410 auctori
1433 1364 1623 1411 nostro
1652 1364 1708 1411 et
1733 1362 1867 1412 Ter-

237 1431 471 1481 tulliano
517 1430 632 1478 fere
681 1433 965 1492 perpetua,
1016 1430 1073 1477 in
1127 1428 1273 1493 Apol.
1312 1447 1340 1474 α
1386 1430 1601 1479 Viderit
1642 1430 1868 1480 habitus

237 1502 371 1553 dum
401 1501 647 1549 materia:
674 1499 911 1563 qualitas
951 1498 1143 1550 eadem
1182 1500 1272 1561 sit,
1303 1500 1505 1551 viderit
1531 1502 1708 1551 forma
1733 1500 1867 1551 dum

237 1573 292 1622 id
318 1573 499 1635 ipsum
534 1571 637 1621 Dei
666 1582 868 1632 corpus
897 1570 987 1619 sit.
1015 1587 1045 1616 »

300 1665 422 1715 XV.
456 1666 643 1714 Oratio
672 1663 909 1725 assidua,
940 1664 1016 1712 vel
1066 1664 1232 1713 lectio.
1272 1664 1573 1729 Sequentia
1603 1666 1870 1715 evincunt

556 419 793 480 pereunt
873 416 1232 474 innocentes,
1325 421 1618 467 servantur
1706 417 1861 481 ﬂagi-

238 1738 536 1789 lectionem
563 1736 619 1787 S.
653 1735 1069 1800 Scripturarum
1094 1736 1345 1802 intelligi.
1380 1738 1573 1802 Neque
1598 1739 1744 1788 enim
1772 1752 1869 1802 per
1888 1730 1945 1803 B

239 1809 336 1859 illa
378 1808 604 1869 saecula,
648 1821 805 1858 sacra
838 1808 936 1857 illa
980 1807 1285 1869 volumina,
1329 1810 1505 1867 laicis,
1548 1810 1661 1859 imo
1704 1809 1868 1860 modo

238 1880 545 1944 baptizatis,
578 1877 887 1929 interdicta.

302 1974 635 2025 Luminemus
659 1971 770 2023 luce
787 1973 1029 2036 justiti—ia.
1061 1972 1285 2024 Accedo
1316 1972 1460 2024 doct.
1484 1974 1747 2036 Gronov.,
1772 1975 1870 2038 qui

240 2047 314 2096 ita
343 2045 642 2111 legendum
673 2048 865 2094 censet
895 2043 1364 2107 adstipulantibus
1404 2058 1533 2094 mss.
1580 2046 1869 2109 exempla-

239 2118 408 2168 ribus.
436 2118 497 2166 ln
522 2116 618 2165 lib.
657 2116 719 2163 de
748 2116 909 2179 Opere
937 2120 983 2164 et
1025 2115 1214 2165 Eleem.
1256 2115 1459 2165 dicitur
1492 2132 1503 2164 :
1534 2116 1623 2167 Sol
1661 2118 1870 2179 radiat,

238 2190 351 2239 dies
379 2188 625 2247 luminat,
657 2186 1126 2250 quemadmodum
1169 2189 1275 2236 hoc
1316 2188 1436 2251 ipso
1474 2190 1533 2237 in
1571 2189 1715 2248 loco,
1741 2196 1869 2241 ante

237 2261 443 2311 lineam
482 2272 651 2308 unam
704 2263 798 2307 aut
846 2258 1096 2318 alteram,
1123 2258 1347 2321 plurimi
1396 2260 1619 2309 codices
1657 2260 1865 2323 legunt.

239 2332 388 2382 Hinc
421 2330 567 2394 apud
587 2329 756 2380 medii
782 2329 975 2379 saeculi
1005 2331 1321 2392 scriptores,
1348 2330 1622 2381 luminare
1647 2338 1732 2381 est
1752 2334 1869 2395 pin-

238 2414 385 2463 gere,
413 2406 467 2449 et
492 2402 549 2449 in
579 2401 873 2450 vernacula
898 2405 1085 2450 nostra
1116 2401 1323 2463 lingua,
1349 2402 1663 2463 luminator,
1691 2405 1870 2465 pictor

238 2471 413 2522 audit.
440 2472 665 2521 Interim
692 2485 804 2521 non
845 2476 927 2521 est
964 2471 1431 2522 dissimulandum
1461 2473 1796 2535 illuminare,
1816 2478 1869 2525 et

238 2544 594 2605 inluminare,
626 2556 774 2607 saepe
803 2545 1009 2607 saepius
1036 2544 1162 2607 legi.

303 2651 450 2701 XVI.
501 2652 570 2700 De
617 2650 848 2701 bonitate
888 2652 1217 2715 patientiam.
1262 2652 1589 2702 Patientiam
1637 2653 1868 2703 bonitati

240 2728 696 2784 consentaneam,
719 2728 774 2773 et
811 2723 881 2773 ab
907 2737 971 2774 ea
998 2723 1385 2787 proﬂuentem,
1413 2724 1696 2774 locutione
1727 2725 1868 2775 Ter-

240 2796 474 2844 tulliano
513 2795 627 2844 fere
656 2798 939 2859 perpetua.
969 2795 1099 2844 Adv.
1129 2796 1318 2853 Nam,
1344 2794 1380 2843 l.
1415 2807 1478 2855 ιι,
1503 2795 1577 2844 ait
1606 2809 1617 2842 :
1648 2810 1678 2842 (ς
1705 2794 1870 2844 Solus

240 2866 391 2915 Deus
441 2865 510 2915 de
551 2865 1086 2929 incorruptibilitatis
1135 2868 1470 2929 prOprietate
1514 2865 1665 2913 felix.
1692 2865 1865 2915 »Lib.

239 2936 305 2984 de
352 2937 572 2985 Patient.
612 2952 629 2985 :
662 2953 691 2985 ‹‹
723 2937 958 2988 Omnem
1001 2938 1287 3001 sapientiai
1334 2938 1755 2987 ostentationem
1798 2938 1867 2989 de

240 3007 504 3070 patientia
552 3012 865 3071 praeservat.
921 3028 950 3055 ››
999 3009 1170 3058 Paulo
1212 3022 1379 3073 supra
1426 3012 1619 3058 auctor
1658 3013 1866 3070 noster,

238 3079 538 3173 gratuitum
589 3080 652 3128 de
692 3082 800 3129 Deo
840 3094 1060 3173 munus:a
1080 3081 1144 3130 D.
1177 3080 1417 3173 Gronnov;
1445 3080 1759 3173 suspicetur
1783 3092 1874 3142 pe-
1893 3100 1949 3173 Ο

240 3150 319 3173 -ζη
363 3162 455 3173 ...ν-
490 3150 568 3173 ..εη
592 3162 709 3173 ,ει-.-Α
738 3152 1021 3173 ΑΑ-ιλὲκζη..
1070 3163 1153 3173 ,ιι-υ.
1182 3164 1192 3173 .
1226 3167 1249 3173 ..
1316 3149 1395 3173 ιιιηὲ
1426 3162 1509 3173 Am
1574 3162 1602 3173 Α
1666 3150 1869 3173 Ληειηιλ

240 3148 459 3197 riodum
490 3150 571 3199 sic
590 3162 710 3199 esse
736 3149 1158 3213 concipiendam
1182 3164 1192 3197 :
1222 3167 1249 3195 «
1270 3148 1513 3198 Facilem
1534 3149 1603 3198 de
1625 3148 1871 3201 bonitate

241 3221 524 3285 patientia
551 3226 815 3283 mentem,
857 3223 913 3270 in
941 3222 1122 3271 Deum
1151 3220 1328 3269 solida
1363 3219 1472 3269 fide
1498 3224 1690 3281 tutam,
1718 3220 1870 3269 salu-

244 3293 374 3342 taris
404 3292 628 3341 auditus
656 3292 917 3342 oblectat.
946 3308 975 3337 »
1002 3292 1173 3354 Cujus
1200 3292 1538 3353 conjecturae
1567 3290 1870 3353 adstipula-

244 3368 334 3412 tur
360 3364 538 3412 codex
568 3363 924 3412 eruditissimi
949 3364 1128 3413 Vossii
1162 3363 1465 3413 secundus.

304 3456 597 3520 Aggredere
640 3457 729 3506 hoc
772 3470 964 3506 munus
1003 3471 1070 3507 ea:
1109 3470 1269 3507 more.
1314 3456 1573 3506 Pluribus
1609 3455 1871 3507 describit

242 3540 451 3578 morem
495 3528 647 3579 hunc
700 3528 1073 3579 Tertullianus
1115 3530 1168 3577 in
1219 3528 1367 3592 Apol.
1406 3541 1423 3575 :
1470 3544 1500 3575 ‹‹
1546 3528 1665 3577 Νοιι
1716 3529 1870 3591 prius

242 3598 611 3649 discumbitur
674 3613 842 3661 quam
895 3601 1066 3650 oratio
1121 3598 1191 3648 ad
1245 3602 1425 3649 Deum
1480 3603 1867 3662 praagustetur,

242 3670 427 3721 editur
466 3675 735 3734 quantum
782 3672 1089 3722 esurientes
1139 3672 1391 3733 cupiunt,
1432 3669 1640 3719 bibitur
1685 3683 1868 3734 quan-

241 3746 362 3791 tum
393 3742 612 3804 pudicis
655 3746 737 3792 est
775 3744 928 3793 utile.
962 3743 1040 3791 Ita
1074 3746 1409 3801 saturantur,
1436 3749 1499 3790 ut.
1538 3742 1634 3804 qui
1678 3742 1871 3791 memi-

243 3815 429 3863 nerint
484 3815 649 3863 etiam
696 3828 793 3879 per
848 3818 1073 3864 noctem
1135 3812 1481 3863 adorandum
1531 3813 1711 3861 Deum
1761 3812 1869 3862 sibi

243 3897 383 3935 esse.
430 3884 511 3934 Ita
557 3886 893 3947 fabulantur,
934 3891 996 3934 ut
1057 3886 1153 3948 qui
1191 3885 1371 3933 sciant
1424 3886 1603 3934 Deum
1659 3886 1865 3934 audire.

243 3956 373 4006 Post
423 3970 626 4020 aquam
676 3960 991 4007 manualem
1040 3966 1092 4006 et
1140 3958 1372 4018 lumina,
1425 3961 1486 4005 ut
1528 3957 1767 4019 quisque
1800 3957 1869 4007 de

243 4026 549 4092 Scripturis
590 4031 813 4091 sanctis,
877 4028 967 4079 vel
1026 4028 1094 4077 de
1140 4029 1361 4091 proprio
1415 4029 1636 4090 ingenio
1672 4032 1868 4091 potest,

240 4105 573 4165 provocatur
611 4101 667 4149 in
708 4100 952 4151 medium
1000 4101 1116 4150 Deo
1157 4112 1374 4151 canere.
1424 4101 1569 4149 Hinc
1608 4099 1871 4162 probatur

242 4169 521 4233 quomodo
569 4170 802 4232 biberit;
832 4185 993 4235 aeque
1021 4174 1195 4222 oratio
1232 4171 1551 4223 convivium
1586 4170 1808 4218 dirimit.
1841 4187 1869 4215 ιι

240 4241 449 4291 Pariter
478 4240 737 4293 Clemens
761 4244 1192 4304 Alexandrinus,
1219 4245 1430 4304 Strom.,
1460 4256 1554 4304 vn,
1586 4240 1655 4291 de
1675 4241 1871 4292 Chris-

239 4313 515 4362 tianorum
557 4315 805 4366 moribus
849 4316 1015 4367 verba
1062 4318 1292 4378 faciens,
1327 4317 1403 4365 ait
1444 4328 1455 4361 :
1509 4314 1670 4369 Ἅπας
1701 4315 1728 4361 ὀ
1771 4314 1872 4376 βίος

241 4381 409 4444 αὑτοῦ,
492 4385 753 4450 πανὴγυρίς
838 4386 971 4449 ἁγία,
1043 4386 1215 4435 αὐτίκα
1309 4385 1473 4441 θυσίας
1551 4385 1632 4447 μὲν
1718 4384 1869 4444 αὐτῶ,

1574 206 1745 277 EDIT.
1785 210 1983 277 OXON.
2024 208 2241 276 NOTIE.

287 347 554 427 Nocentes,
582 356 672 394 nec
701 356 817 394 cum
844 342 1200 426 innocentibus
1236 346 1474 407 pereunt.
1516 344 1740 435 Duplic‘i
1774 347 1859 395 in-
1886 362 1943 435 Α

3462 216 3597 279 1250

2561 358 2697 397 ANN.
2736 356 2987 399 CCXLVII.

2187 451 2283 502 DE
2320 449 2690 503 IDOLORUM
2725 452 3095 504 VANITATE
3130 452 3358 504 LIBER.

2029 561 2103 609 De
2150 560 2411 609 idolorum
2449 562 2706 610 vanitate.
2746 560 2887 623 Qum
2921 562 2978 610 in
3027 561 3309 624 impressis
3354 561 3485 611 olim
3528 562 3597 611 ti-

1964 630 2067 680 tuli
2112 631 2234 681 loco
2300 630 2762 696 praeﬁgebantur,
2812 645 3003 682 revera
3048 636 3435 697 argumentum
3483 635 3599 681 sive

1965 715 2182 751 summa
2218 706 2606 752 contentorum
2645 703 2933 765 sequentis
2962 704 3143 766 operis
3172 702 3281 753 dici
3310 703 3596 753 deberent.

1968 772 2077 821 Nos
2103 772 2196 821 illa
2240 776 2455 821 tantum
2485 773 2813 832 retinemus,
2848 785 2975 835 qua:
3015 773 3084 822 ad
3122 774 3311 837 scripti
3352 774 3601 837 designa-

1965 845 2170 892 tionem
2221 842 2483 893 videntur
2544 844 2786 892 maxime
2852 844 3228 893 accommoda.
3282 844 3599 894 Notandum

1966 927 2148 977 porro,
2190 914 2314 963 illas
2358 915 2505 977 ipsas
2552 915 2795 963 rationes
2840 926 2968 977 quin
3009 913 3262 963 libellum
3302 914 3370 963 ad
3412 915 3600 964 Dona-

1967 990 2086 1035 tum
2131 1000 2161 1034 a
2207 984 2486 1048 Cypriane
2523 986 2709 1034 statim
2758 990 2879 1048 post
2921 988 3207 1047 acceptam
3246 984 3411 1034 ﬁdem
3464 999 3602 1035 con-

1966 1058 2231 1119 scriptum
2284 1058 2456 1106 fuisse
2521 1057 2800 1117 suadent,
2859 1057 3064 1119 pariter
3121 1059 3385 1104 tractatus
3436 1056 3604 1119 hujus

1966 1141 2190 1191 prorsus
2225 1127 2540 1191 Apotogetici
2587 1128 2799 1177 natales
2842 1128 3145 1190 designare.
3190 1126 3427 1176 Proinde
3470 1140 3601 1176 cum

1966 1198 2105 1248 alter
2139 1198 2569 1249 vindemialibus
2598 1199 2764 1259 feriis,
2803 1197 2873 1247 ad
2920 1198 3091 1248 ﬁnem
3131 1197 3262 1247 anni
3302 1198 3396 1247 246
3428 1196 3602 1260 depu-

1968 1275 2139 1330 tetur;
2191 1270 2282 1320 hic
2336 1270 2494 1320 initio
2535 1271 2841 1333 sequentis,
2887 1269 2995 1320 hoc
3041 1273 3121 1319 est
3170 1269 3283 1329 247,
3329 1282 3440 1318 non
3488 1270 3604 1318 im-

1966 1342 2161 1391 merito
2205 1340 2597 1405 assignabitur.
2649 1342 2967 1390 Tractatum
3024 1339 3175 1390 hunc
3225 1340 3282 1391 S.
3331 1340 3606 1403 Hierony-

1966 1425 2108 1469 mus,
2139 1412 2295 1474 epist.
2324 1412 2405 1473 84,
2434 1412 2508 1460 ad
2552 1413 2819 1473 Magnum,
2850 1409 3135 1459 luculento
3179 1414 3339 1459 ornat
3379 1411 3557 1473 elogio
3585 1426 3597 1459 :

1969 1501 1999 1533 α
2030 1481 2342 1546 Cyprianus
2379 1482 2529 1546 quod
2567 1482 2716 1531 idola
2757 1480 2833 1530 dii
2872 1495 2984 1531 non
3019 1482 3127 1530 sint
3167 1494 3276 1545 qua
3313 1480 3601 1543 brevitate,

1968 1568 2077 1619 qua
2124 1554 2480 1603 historiarum
2527 1554 2777 1603 omnium
2823 1553 3073 1611 scientia,
3119 1566 3357 1616 quorum
3405 1553 3602 1602 verbo-

1967 1639 2091 1675 rum
2139 1629 2194 1675 et
2250 1638 2522 1675 sensuum
2574 1623 2865 1687 splendore
2911 1624 3273 1686 perstrinxit?
3306 1641 3333 1667 »
3375 1622 3603 1673 Interim

1967 1708 2079 1745 non
2124 1700 2206 1744 est
2244 1694 2728 1753 dissimulandum,
2771 1692 2920 1751 haud
2956 1707 3133 1756 pauca
3168 1707 3200 1742 a
3239 1693 3604 1755 Tertulliano,

1968 1766 2204 1831 plurima
2248 1781 2279 1816 a
2329 1766 2562 1816 Minutio
2614 1765 2682 1815 ad
2726 1764 2960 1815 verbum
3009 1764 3119 1815 huc
3157 1763 3408 1815 traducta
3449 1780 3461 1813 :
3504 1766 3605 1816 sed

1968 1841 2160 1903 primis
2205 1838 2535 1889 Christianis
2574 1852 2660 1887 cor
2702 1842 2818 1887 erat
2862 1849 3025 1887 unum
3063 1841 3114 1886 et
3154 1838 3333 1887 anima
3375 1850 3508 1901 una,
3559 1843 3607 1888 et

1968 1923 2113 1958 nemo
2166 1922 2351 1959 eorum
2394 1922 2512 1972 quae
2557 1908 2876 1972 possidebat,
2912 1907 3123 1972 aliquid
3166 1922 3319 1959 suum
3373 1923 3479 1960 esse
3523 1910 3606 1959 di-

1967 1980 2135 2041 cebat,
2173 1980 2261 2031 sed
2307 1984 2461 2029 erant
2508 1978 2618 2029 illis
2663 1980 2844 2029 omnia
2876 1980 3195 2041 communia,
3238 1978 3603 2042 quemadmo-

1970 2051 2103 2101 dum
2138 2051 2339 2101 dicitur
2368 2052 2487 2100 Act.
2525 2063 2599 2112 Iv,
2638 2048 2719 2107 32,
2761 2049 2897 2100 adeo
2936 2049 3091 2098 nulla
3135 2050 3203 2099 de
3242 2050 3424 2113 plagio
3458 2048 3602 2098 actio

1970 2135 2091 2173 esse
2146 2123 2341 2186 potuit.
2405 2121 2590 2183 Quare
2637 2121 2835 2170 iisdem
2886 2121 3085 2184 pariter
3131 2122 3300 2170 armis
3356 2121 3605 2171 Athena-

1968 2208 2147 2257 goras,
2182 2194 2455 2252 Justinus,
2488 2192 2764 2254 Clemens,
2810 2192 3092 2253 Tatianus,
3137 2191 3436 2254 Arnobius,
3483 2194 3605 2242 Au-

1969 2267 2245 2330 gustinus,
2290 2270 2345 2315 et
2400 2268 2673 2329 quotquot
2723 2263 2991 2313 adversus
3039 2264 3330 2326 gentilium
3388 2264 3604 2315 cultum

1969 2339 2310 2401 scripserunt
2336 2337 2546 2397 Patres,
2572 2348 2902 2399 pugnavere.
2936 2335 3071 2396 lmo,
3103 2335 3252 2398 quod
3277 2336 3401 2399 quis
3422 2336 3606 2385 minus

1969 2408 2388 2471 exspectaverit,
2438 2408 2637 2456 iisdem
2684 2408 2836 2470 prius
2880 2406 2967 2455 usi
3006 2406 3240 2466 fuerant,
3281 2410 3343 2455 ut
3380 2406 3604 2457 Graecos

1968 2485 2309 2543 praeteream,
2356 2477 2547 2538 Varro,
2594 2476 2788 2527 Cicero
2845 2482 2900 2527 et
2948 2477 3182 2535 Plinius,
3229 2489 3334 2527 nec
3384 2491 3495 2526 non
3548 2482 3604 2529 et

1969 2551 2061 2599 alii
2115 2550 2323 2612 passim
2389 2548 2595 2598 ethnici
2665 2549 2979 2611 scriptores.
3034 2547 3192 2597 Unde
3246 2547 3313 2597 de
3377 2547 3480 2597 hac
3544 2563 3604 2600 re

1967 2620 2137 2671 verba
2181 2620 2389 2669 faciens
2430 2620 2498 2669 D.
2544 2622 2801 2684 August.,
2843 2619 2877 2668 1.
2914 2620 2977 2669 de
3017 2619 3218 2682 Baptis.
3260 2622 3403 2668 cont.
3446 2619 3604 2671 Petil.

1968 2705 2080 2741 non
2132 2695 2337 2740 temere
2382 2692 2587 2740 refert:
2624 2707 2653 2739 ς
2689 2690 3001 2753 Cyprianus
3039 2690 3108 2739 de
3152 2702 3265 2739 uno
3303 2703 3433 2739 vero
3469 2691 3607 2752 Deo,

1968 2762 2234 2811 adversus
2308 2762 2611 2812 multorum
2696 2762 2927 2813 deorum
2998 2762 3237 2811 cultores
3312 2761 3603 2825 disputans

1966 2833 2141 2883 multa
2196 2833 2403 2897 profert
2456 2834 2771 2884 testimonia
2838 2834 2907 2883 de
2972 2834 3128 2883 libris
3188 2846 3412 2894 eorum,
3461 2847 3603 2898 quos

1968 2905 2260 2967 praeclaros
2288 2910 2544 2955 auctores
2578 2905 2804 2955 habent.
2844 2920 2874 2951 »
2909 2904 3057 2966 Quid
3105 2905 3253 2954 enim
3288 2918 3603 2956 accommo-

1967 2976 2149 3024 datius
2177 2975 2243 3025 ad
2278 2976 2649 3026 amoliendam
2680 2976 2944 3026 invidiam
2976 2976 3267 3039 gentilium
3293 2976 3387 3040 qui
3414 2975 3605 3027 Chris-

1972 3047 2151 3096 tianos
2212 3046 2513 3100 atheismh
2544 3047 2979 3108 insimulabant,
3044 3060 3109 3096 eo
3165 3048 3388 3096 nomine
3456 3047 3606 3112 quod

1974 3119 2202 3166 numina
2254 3117 2499 3180 ipsorum
2572 3122 3030 3174 contemnerent,
3092 3131 3261 3181 quam
3323 3117 3606 3181 productis

1970 3190 2026 3237 in
2068 3188 2316 3237 medium
2364 3189 2866 3239 eruditissimorum
2918 3189 3065 3253 apud
3112 3188 3363 3239 ethnicos
3411 3189 3607 3240 suffra-

1970 3260 2091 3323 giis,
2133 3260 2313 3323 palam
2358 3261 2557 3320 facere,
2600 3260 2725 3309 illos
2769 3260 2961 3310 eadem
3005 3273 3135 3310 cum
3179 3258 3503 3310 Christianis
3539 3260 3607 3311 de

1970 3331 2077 3379 diis
2111 3330 2393 3380 sensisse?
2424 3333 2590 3381 Porro
2628 3330 2879 3392 Pontius,
2905 3330 3156 3381 libellum
3193 3330 3348 3381 hunc
3383 3332 3605 3383 indiciis

1970 3404 2103 3450 satis
2127 3402 2435 3451 manifestis
2466 3402 2787 3467 designans,
2821 3404 2897 3452 ait
2927 3416 2937 3450 :
2971 3420 2998 3449 «
3028 3403 3129 3452 Per
3164 3415 3332 3465 quem
3370 3404 3605 3466 gentiles

1969 3473 2276 3536 blasphemi
2304 3476 2644 3536 repercussis
2679 3477 2736 3524 in
2776 3488 2836 3524 se
2874 3476 2941 3524 iis
2986 3488 3112 3539 quae
3150 3474 3308 3524 nobis
3347 3475 3610 3539 ingerunt

1969 3547 2322 3595 vincerentur
2340 3547 2365 3593 γ
2390 3566 2416 3591 υ
2447 3546 2569 3608 Quo
2596 3560 2725 3596 vero
2750 3548 2874 3610 jure
2900 3547 3091 3609 scripti
3121 3545 3305 3610 hujus,
3337 3560 3450 3595 una
3473 3560 3604 3597 cum

1970 3618 2091 3667 aliis
2116 3617 2400 3667 nonnullis
2431 3631 2556 3681 quae
2578 3617 2843 3682 Cypriani
2875 3630 3162 3668 secessum
3186 3622 3601 3681 praecesserant,

1968 3689 2025 3738 in
2059 3689 2182 3739 loco
2208 3702 2432 3752 prorsus
2469 3690 2650 3741 alieno
2697 3691 3013 3741 meminerit
3051 3694 3243 3740 auctor
3280 3689 3391 3751 ille,
3435 3703 3603 3754 supe—-

1970 3761 2085 3810 rius
2116 3760 2379 3810 diximus.

2033 3831 2073 3879 Ι.
2124 3833 2276 3895 Reges
2324 3832 2451 3880 olim
2500 3830 2736 3893 fuerunt.
2792 3833 2908 3882 Aut
2954 3832 3149 3882 saltem
3204 3830 3385 3895 proles
3435 3832 3602 3896 regia.

1971 3902 2065 3954 Sic
2095 3903 2194 3952 Ino
2219 3916 2319 3952 seu
2354 3903 2696 3964 Leucothoe,
2733 3902 2929 3954 Cadmi
2955 3904 3099 3967 regis
3128 3902 3445 3953 Thebarum
3470 3902 3601 3965 ﬁlia;

1971 3974 2328 4037 Tyndaridae,
2358 3974 2459 4023 ﬁlii
2493 3976 2638 4038 regis
2668 3974 2905 4024 (Ebaliaa
2939 3989 2949 4023 :
2984 3974 3256 4025 Hercules
3288 3974 3463 4033 Jovis,
3492 3979 3601 4030 etc.

1971 4064 1999 4091 «
2034 4046 2185 4095 Deus
2223 4050 2304 4094 est
2347 4048 2583 4108 mortali,
2612 4064 2640 4093 »
2673 4048 2854 4112 inquit
2888 4047 3120 4109 Plinius,
3147 4047 3182 4097 l.
3208 4060 3264 4110 ιι,
3301 4060 3349 4097 c.
3377 4048 3426 4109 7,
3452 4063 3481 4092 α
3511 4049 3603 4111 ju-

1970 4129 2100 4166 vare
2147 4116 2455 4179 mortalem,
2505 4122 2559 4167 et
2606 4118 2730 4169 haec
2780 4118 2849 4169 ad
2904 4123 3168 4169 aeternam
3214 4118 3445 4182 gloriam
3494 4121 3598 4171 via.

1971 4188 2091 4238 Hac
2119 4202 2377 4252 proceres
2412 4190 2525 4240 iere
2564 4189 2815 4240 Romani.
2850 4191 2986 4241 Hinc
3022 4204 3174 4240 nunc
3199 4191 3408 4241 cmlesti
3439 4204 3606 4253 passu

1972 4270 2102 4307 cum
2155 4258 2346 4309 liberis
2382 4260 2497 4310 suis
2533 4262 2683 4312 vadit
2722 4264 3001 4312 maximus
3050 4263 3232 4312 omnis
3283 4263 3387 4311 aevi
3427 4267 3608 4313 rector

1972 4328 2347 4393 Vespasianus
2377 4333 2680 4394 Augustus,
2710 4332 2873 4382 fessis
2911 4332 3078 4382 rebus
3112 4332 3467 4382 subveniens.
3498 4334 3607 4383 Hic

1971 4405 2054 4451 est
2091 4402 2501 4451 vetustissimus
2550 4402 2825 4454 referendi
2868 4405 3101 4467 gratiam
3149 4403 3290 4453 bene
3340 4406 3604 4453 merenti-

241 4454 381 4518 εὐχαὶ
439 4471 491 4503 τε
556 4458 637 4504 καὶ
708 4458 859 4523 alvei,
924 4460 1004 4507 καὶ
1075 4460 1191 4524 πρὸς
1247 4462 1329 4520 τῇς
1396 4457 1651 4511 ἐστιασέῶς
1713 4454 1866 4503 meﬁ—

242 4527 330 4547 Β-.-
395 4527 488 4547 -ῗ.μ
568 4531 645 4547 πη
684 4531 726 4547 γ’
891 4533 902 4547 ι
949 4533 965 4547 \
1045 4530 1057 4545 Ι
1152 4546 1159 4547 ,
1227 4530 1305 4547 _,_,\
1370 4528 1501 4547 l‘,..,,-,
1587 4528 1711 4547 ___-.‘.
1786 4527 1866 4547 __\__

1973 4473 2078 4522 bus
2121 4487 2259 4547 mos,
2296 4477 2364 4547 _ut
2410 4474 2735 4547 numinibus
2785 4454 3187 4547 adscribuntur.
3228 4490 3258 4522 »
3290 4475 3369 4547 ita
3420 4478 3475 4524 et
3513 4473 3604 4524 Cl-

240 4527 331 4581 ξεις
394 4527 489 4574 τῶν
567 4531 603 4578 Γ
606 4531 762 4594 ραφῶν
814 4548 825 4558 ⁸
878 4530 1057 4594 ψαλμοί
1116 4546 1165 4577 τε
1225 4530 1307 4575 καὶ
1368 4528 1509 4591 ὕμνοι
1585 4528 1714 4592 παρὰ
1782 4527 1867 4588 τῂν

240 4596 469 4658 ἑστίασιν,
510 4605 615 4649 etc.
664 4601 1154 4663 Quemadmodum
1199 4601 1411 4650 scilicet
1456 4602 1630 4663 pietas
1685 4599 1869 4649 Chris-

241 4670 391 4719 tiana
442 4672 579 4721 ritus
640 4673 781 4724 alios
831 4673 901 4723 ab
972 4674 1207 4725 ecclesia
1268 4671 1503 4720 Judaica
1560 4671 1869 4733 desumpsit

242 4740 397 4791 hunc
438 4744 601 4793 etiam
630 4758 839 4795 morem
880 4746 949 4796 de
992 4746 1165 4796 sacris
1206 4742 1543 4794 lectionibus
1589 4746 1643 4792 et
1684 4744 1870 4805 gratiis

241 4811 312 4861 ad
368 4812 556 4863 cibum
606 4816 928 4867 solemniter
988 4816 1216 4882 agendis
1272 4819 1525 4864 mutuata
1591 4818 1693 4863 est.
1751 4814 1868 4862 Imo

241 4895 375 4934 vero
412 4885 518 4937 hoc
556 4888 737 4952 ipsum
769 4890 1006 4952 publicis
1048 4888 1269 4953 generis
1312 4886 1542 4935 humani
1588 4886 1867 4949 religioni-

239 4955 346 5004 bus
378 4960 673 5020 sancitum,
717 4978 746 5007 ‹‹
775 4963 1089 5025 Antequam
1127 4962 1502 5017 vescerentur,
1548 4956 1653 5007 diis
1695 4956 1870 5007 libare

239 5028 614 5093 instituerunt,
653 5050 681 5077 »
715 5033 898 5095 inquit
938 5033 1295 5083 Censorinus.
1327 5030 1412 5079 Ex
1448 5042 1513 5079 eo
1556 5030 1764 5079 factum
1808 5032 1871 5078 ut

238 5101 531 5163 proverbio
558 5102 702 5166 apud
741 5105 990 5155 ethnicos
1024 5108 1365 5163 notarentur,
1406 5107 1666 5165 tanquam
1713 5100 1869 5162 impii

237 5184 465 5234 prorsus
521 5179 574 5223 et
625 5176 895 5238 scelerati,
956 5176 1104 5225 ἄθυτα
1168 5176 1271 5239 ῑερὰ
1326 5172 1646 5227 κατεσθίοντες
1702 5176 1869 5234 atque

238 5244 486 5292 ἄσπονδοι.
550 5246 622 5295 Et
680 5248 883 5299 exinde
954 5251 1161 5313 passim
1223 5251 1281 5297 in
1338 5250 1585 5297 veterum
1650 5245 1868 5307 scriptis

240 5314 407 5379 ἱερεῖα,
446 5318 816 5369 animantium
864 5334 1059 5372 carnes
1110 5319 1462 5371 denotabant.
1514 5318 1638 5379 Quo
1681 5317 1868 5365 minus

238 5386 455 5437 farendi
482 5393 630 5452 sunt,
664 5394 760 5454 qui
786 5392 939 5441 nulla
980 5394 1246 5443 orationis
1280 5390 1427 5455 apud
1457 5390 1636 5439 Deum
1670 5389 1866 5451 praefa-

239 5460 409 5520 tione,
450 5464 680 5511 caninas
716 5470 887 5527 agunt
934 5466 1159 5529 epulas,
1196 5470 1249 5514 et
1290 5469 1557 5526 tanquam
1607 5461 1868 5522 Harpyia:

238 5529 297 5600 in
322 5530 478 5581 cibos
504 5536 813 5598 propositos
840 5537 1113 5588 involant.
1142 5537 1263 5587 Hoc
1289 5548 1420 5600 ergo
1444 5537 1502 5584 in
1528 5535 1652 5584 loco
1677 5532 1869 5583 critica

240 5599 508 5668 Scaligeri
537 5618 883 5670 supervacua
916 5608 1152 5674 videtur,
1186 5599 1421 5662 dicentis
1456 5606 1747 5673 periodum
1787 5607 1870 5657 sic

239 5676 664 5741 concipiendam
691 5694 703 5731 :
734 5697 765 5731 α
791 5682 1106 5749 Aggredere
1131 5682 1241 5735 hoc
1273 5694 1480 5734 munus
1506 5684 1603 5734 tuo
1634 5692 1728 5733 ore
1750 5693 1867 5731 ma-

239 5751 343 5847 gis.
370 5772 398 5803 »
425 5757 531 5812 Cui
556 5760 791 5812 accessit
815 5759 1119 5825 Morellius.

1971 4558 2117 4605 cero,
2143 4544 2178 4593 l.
2210 4558 2247 4593 ιι
2276 4545 2338 4593 de
2362 4547 2485 4597 Nat.
2527 4546 2741 4595 deorum
2770 4562 2781 4596 :
2815 4562 2841 4593 «
2880 4546 3125 4611 Suscipit
3153 4547 3264 4595 vita
3293 4546 3601 4609 hominum,

1970 4620 2025 4666 et
2062 4616 2408 4666 consuetudo
2453 4619 2785 4681 communis,
2831 4622 2893 4667 ut
2937 4618 3222 4668 beneﬁciis
3270 4617 3605 4667 excellentes

1970 4689 2119 4738 viros
2160 4689 2217 4737 in
2262 4688 2465 4739 ocelum
2513 4690 2657 4738 fama
2702 4694 2755 4739 et
2801 4690 3089 4740 voluntate
3136 4690 3407 4739 tollerent.
3460 4689 3607 4739 Hinc

1972 4759 2259 4821 Hercules,
2306 4760 2437 4811 hinc
2471 4759 2663 4811 Castor
2696 4766 2751 4812 et
2799 4762 3015 4821 Pollux,
3060 4762 3195 4811 hinc
3232 4760 3604 4824 Esculapius,

1970 4831 2103 4881 hinc
2146 4832 2309 4882 Liber
2333 4833 2517 4894 etiam,
2549 4832 2681 4884 hinc
2729 4833 3017 4895 Romulus,
3054 4848 3084 4881 >>
3115 4837 3216 4884 etc.
3260 4832 3473 4883 Similia
3506 4832 3609 4880 ha-

1970 4902 2066 4953 bet
2103 4902 2198 4953 lib.
2245 4903 2413 4953 etiam
2454 4917 2528 4954 lll.
2571 4906 2688 4955 Hos
2722 4919 2853 4969 ergo
2904 4910 3055 4956 recte
3092 4905 3333 4969 appellat
3375 4903 3607 4967 Cypria-

1970 4989 2098 5033 nus,
2148 4976 2292 5034 deos,
2352 4989 2465 5026 non
2522 4991 2664 5041 quos
2721 4980 3033 5041 sapientes,
3079 4977 3193 5041 sed,
3240 4990 3370 5042 quos
3413 4976 3604 5041 vulgus

1969 5047 2111 5097 colit.

2033 5119 2097 5169 II.
2126 5121 2315 5171 Castor
2344 5126 2391 5170 et
2435 5120 2636 5171 Pollux.
2684 5120 2742 5172 Si
2780 5122 2917 5171 tanti
2956 5126 3102 5172 esset
3140 5134 3259 5172 rem
3300 5120 3436 5171 levis
3476 5134 3607 5171 mo-

1969 5192 2140 5241 menti
2180 5196 2412 5253 mutare,
2451 5206 2715 5257 reponere
2758 5193 2850 5244 hic
2889 5197 3165 5257 oporteret
3197 5192 3485 5254 Castores;
3529 5195 3606 5245 ita

1968 5264 2119 5313 enim
2146 5263 2445 5323 Minucius,
2482 5264 2631 5315 unde
2669 5265 2793 5316 haec
2830 5266 3121 5330 desumpta
3160 5265 3437 5327 videntur,
3475 5267 3607 5317 scri-

1968 5332 2077 5394 bit;
2104 5338 2159 5384 et
2184 5349 2316 5385 mss.
2349 5337 2575 5400 plurimi
2598 5335 2986 5401 suffragantur.

2030 5406 2275 5458 Hercules
2305 5413 2360 5457 ut
2390 5408 2653 5458 hominem
2689 5414 2865 5459 exuat.
2903 5410 3017 5460 Non
3050 5408 3216 5469 video,
3252 5408 3432 5473 inquit
3462 5407 3607 5458 idem

1969 5474 2181 5539 Cicero,
2212 5495 2241 5523 α
2267 5492 2380 5542 quo
2411 5483 2576 5543 pacto
2618 5480 2731 5537 ille.
2772 5482 2862 5531 cui
2905 5482 2961 5530 in
3001 5483 3189 5530 monte
3214 5479 3397 5531 (Eteeo
3439 5480 3607 5528 illatas

1966 5547 2253 5612 lampades
2277 5551 2523 5612 fuerunt,
2552 5557 2618 5602 ut
2640 5554 2716 5602 ait
2746 5552 2972 5610 Accius,
2998 5553 3054 5602 in
3082 5552 3312 5603 domum
3342 5555 3609 5603 aeternam

1966 5620 2141 5683 patris
2172 5634 2242 5672 ex
2271 5622 2367 5672 illo
2401 5620 2599 5675 ardore
2626 5624 2957 5690 pervenerit.
2989 5642 3017 5669 »

2029 5692 2254 5743 Antrum
2291 5692 2437 5747 lovis
2481 5696 2539 5746 in
2576 5687 2751 5753 creta.
2794 5716 2822 5747 ‹‹
2876 5697 3014 5761 Tres,
3064 5695 3247 5762 inquit
3282 5694 3476 5748 Cicero
3511 5687 3613 5742 ubi

1967 5772 2113 5832 sup,
2166 5763 2336 5821 Joves
2399 5774 2800 5835 numerantur,
2870 5781 2943 5822 ex
3006 5766 3214 5834 quibus
3284 5764 3499 5837 primus
3558 5764 3626 5823 et
