4144 6192
500 282 631 353 ήδη
645 284 650 291 ’

494 417 781 471 secundus
809 416 926 467 nati
958 415 1015 466 in
1039 411 1309 472 Arcadia:
1340 414 1534 467 tertius
1568 414 1867 475 Cretensis,
1899 415 2127 467 Saturni

496 491 671 552 ﬁlius,
704 490 867 553 cujus
890 488 947 538 in
974 488 1067 538 illa
1094 488 1278 539 insula
1305 488 1625 551 sepulcrum
1649 488 1971 539 ostenditur.
1994 503 2023 535 ο

561 584 787 647 Signare
823 596 1079 633 nummos.
1130 582 1276 632 Tert.
1320 580 1497 645 Apol.,
1546 595 1595 631 c.
1658 582 1713 631 lO
1758 595 1770 629 :
1812 600 1842 628 «
1881 581 1967 631 Ab
2016 582 2135 645 ipso

496 658 740 720 primum
797 655 1036 717 tabula,
1096 658 1151 706 et
1218 656 1459 718 imagine
1529 654 1777 719 signatus
1840 667 2135 713 nummus,

499 731 557 778 et
602 726 733 777 inde
791 728 985 777 arario
1034 726 1306 791 prasidet.
1354 741 1385 774 ›>
1440 726 1658 775 Primus
1710 730 1896 775 tamen
1947 725 2139 775 Roma

500 812 763 921 ggmmos
838 798 1112 863 percussit
1176 796 1407 849 Servius
1492 797 1752 860 Tullius,
1827 796 1873 846 si
1962 795 2141 846 Plinio

585 884 661 921 es.

585 884 661 923 88.

569 956 904 1007 Rusticitatie.
958 954 1139 1015 Ruris,
1189 966 1513 1018 quanquam
1567 953 1763 1016 Papias
1818 951 2141 1014 distinguat.

503 1044 535 1077 α
566 1028 873 1079 Rusticitas
892 1030 976 1078 est
1000 1038 1248 1086 morum;
1283 1024 1567 1075 rusticatio
1584 1029 1666 1075 est
1693 1024 1904 1087 operis;
1927 1023 2145 1074 cultura

504 1106 687 1152 terra.
719 1115 749 1147 >>

571 1184 751 1235 Mauri
775 1196 915 1233 vero.
947 1181 1177 1233 Tertull.
1210 1182 1263 1231 in
1294 1179 1439 1244 Apol.
1472 1195 1490 1228 :
1518 1196 1548 1229 α
1573 1179 1888 1243 Unicuique
1924 1179 2148 1242 provin-

507 1257 610 1306 cia
637 1258 691 1306 et
724 1254 937 1305 civitati
972 1267 1110 1303 suus
1156 1251 1294 1302 deus
1329 1256 1441 1313 est;
1471 1256 1534 1301 ut
1574 1251 1751 1315 Syria
1786 1253 2053 1309 Astartes,
2084 1252 2150 1299 ut

509 1327 731 1378 Arabia
760 1327 1000 1386 Disares,
1042 1329 1107 1373 ut
1140 1324 1360 1374 Noricis
1400 1324 1664 1384 Belenus,
1694 1326 1757 1372 ut
1794 1322 1997 1372 Africa
2029 1320 2151 1372 Ca-

508 1397 684 1458 lestis,
717 1401 782 1446 ut
808 1396 1151 1445 Mauritania
1178 1393 1356 1458 reguli
1384 1393 1487 1443 sui.
1518 1412 1546 1440 »

572 1491 816 1543 Cultura.
848 1489 941 1540 Sic
972 1488 1183 1539 Tertul.
1209 1488 1277 1539 de
1308 1486 1445 1538 Idol.
1477 1487 1867 1549 Idololatriam,
1897 1486 1953 1535 in
1974 1485 2153 1537 homi—

509 1576 601 1614 nes
625 1576 731 1613 esse
756 1560 1049 1611 culturam.

569 1648 675 1698 Hoc
724 1648 800 1696 ita
865 1660 973 1696 esse
1029 1644 1325 1696 Alexander
1371 1645 1443 1695 Μ.
1494 1643 1768 1706 Rigaltius
1828 1641 2155 1699 contendit,

509 1719 635 1771 hac
709 1731 899 1770 revera
963 1717 1032 1767 ad
1101 1717 1337 1768 alterum
1400 1716 1822 1778 Alexandrum,
1889 1716 2154 1764 nimirum

1818 268 1995 349 sum
2036 275 2239 349 otios.
2276 274 2496 348 Nom.
2536 263 2541 269 ’

2230 414 2362 479 quia
2383 413 2546 476 cujus
2571 410 2717 461 esset
2744 406 2957 474 efﬁgies
2984 401 3296 472 ignorabat,
3319 413 3389 454 ex
3416 398 3538 453 loco
3564 397 3645 450 illi
3669 410 3880 448 nomen

2232 486 2511 550 imposuit.
2546 500 2576 533 »
2602 481 2836 544 Arnob.,
2872 481 2907 530 1.
2942 492 2981 529 ι.

2299 540 2550 608 PavOrem
2573 540 2945 619 palloremque.
2977 550 3187 600 Pariter
3216 545 3363 611 apud
3389 544 3643 619 Ciceron.
3676 540 3880 619 diSpu-

2236 633 2401 690 tatur,
2440 628 2477 678 1.
2522 616 2583 677 ni
2622 627 2685 676 de
2723 616 2856 676 Nat.
2893 623 3040 673 deor.
3087 636 3104 671 :
3147 639 3177 667 ‹‹
3215 621 3406 677 Amor,
3452 616 3633 676 dolus,
3673 618 3882 690 metus,

2236 684 2412 759 labor,
2454 698 2781 759 invidentia,
2830 697 3028 754 fatum,
3076 695 3362 749 senectus,
3403 700 3573 759 mors,
3620 684 3883 743 tenebrae,

2238 758 2478 832 miseria,
2525 758 2775 834 querela,
2824 767 3032 832 gratia,
3076 764 3246 822 fraus,
3304 758 3649 834 pertinacia,
3676 767 3883 834 parca,

2239 826 2579 908 hesperides,
2624 826 2854 892 somnia
2892 855 2903 888 :
2948 826 3090 902 quos
3139 846 3337 885 omnes
3374 830 3558 908 Erebo
3601 832 3667 908 et.
3706 826 3886 908 Nocte

2240 898 2401 967 natos
2434 898 2630 964 ferunt.
2663 914 2777 962 Aut
2804 898 3117 975 igitur—hac
3141 908 3389 957 monstra
3422 898 3706 967 probanda
3730 901 3885 957 sunt,

2242 992 2339 1040 aut
2364 987 2540 1052 prima
2568 983 2833 1035 tollenda.
2864 998 2896 1031 »

2308 1040 2384 1110 A5
2417 1055 2742 1107 orbitatibus
2774 1053 3003 1105 Orbonn.
3036 1052 3173 1103 Hac
3202 1048 3388 1098 omnia
3428 1046 3484 1096 in
3514 1057 3646 1094 mss.
3681 1040 3887 1107 proba-

2246 1130 2477 1181 tissimis
2519 1129 2734 1188 desunt,
2776 1129 2833 1176 et
2867 1137 3095 1174 sensum
3137 1118 3499 1185 perturbant:
3538 1120 3721 1166 tamen
3757 1114 3890 1188 quia

2246 1205 2305 1253 in
2339 1184 2752 1254 Beneventano.
2782 1195 3109 1252 Veronensi,
3140 1184 3486 1249 Corbeiensi,
3528 1192 3583 1238 et
3616 1199 3731 1235 uno
3770 1184 3889 1234 sal-

2249 1279 2362 1325 tem
2405 1286 2435 1323 e
2478 1275 2719 1336 quatuor
2747 1268 3035 1318 Vossianis
3068 1264 3409 1336 comparent,
3450 1256 3891 1336 retinemusl-D-e

2251 1345 2474 1397 Orbonn
2496 1328 2651 1406 apud
2680 1341 2940 1401 Plinium,
2978 1339 3015 1388 1.
3056 1351 3111 1397 Il,
3152 1338 3209 1385 et
3244 1332 3446 1406 Cicer.,
3488 1332 3524 1380 l.
3567 1343 3624 1379 lli
3668 1328 3730 1406 de
3765 1328 3890 1406 Nat.

2251 1417 2393 1467 deor.
2450 1399 2695 1465 occurrit
2746 1399 2976 1463 mentio.
3045 1406 3228 1459 Orbati
3285 1404 3468 1454 liberis
3524 1405 3773 1465 parentes
3835 1399 3898 1445 in

2255 1486 2420 1536 tutela
2471 1490 2596 1535 sunt
2644 1482 2897 1540 Orbonae,
2944 1480 3125 1544 inquit
3172 1475 3471 1528 Arnobius.
3528 1470 3708 1544 Quod?
3751 1470 3896 1544 forte

2253 1556 2603 1615 Suburbanze,
2634 1567 2760 1619 qua
2784 1557 2902 1604 erat
2928 1542 3095 1603 lectio
3124 1551 3368 1619 recepta,
3392 1546 3579 1619 locum
3600 1543 3760 1619 fecit.
3773 1542 3899 1619 Aut

2254 1643 2352 1694 pro
2391 1612 2699 1678 orbitatibus
2738 1624 2969 1694 Orbonn,
2999 1621 3237 1672 inversis
3272 1617 3486 1668 ultimis
3525 1615 3726 1666 litteris
3767 1612 3897 1661 fac-

2255 1693 2394 1760 tum,
2424 1696 2493 1749 ab
2526 1696 2753 1747 orbitate
2773 1693 3103 1745 suburbana.

510 1753 635 1771 μων
709 1753 899 1770 ww...
963 1753 1032 1767 ..η
1101 1753 1337 1768 ............
1400 1753 1784 1766 .-.................
1892 1753 2154 1764 .............

509 1790 937 1867 Polyhistorem,
966 1790 1240 1867 pertinere
1270 1803 1281 1836 :
1322 1753 1822 1867 qua_conjectura’
1842 1788 1899 1836 in
1940 1789 2154 1836 tantum

2318 1753 2572 1867 Caeterum
2642 1769 2792 1818 Mars
2875 1764 3139 1814 Thracius.
3203 1757 3493 1824 Μαμερτόν,
3556 1753 3896 1820 Lycophron

509 1864 616 1927 ipsi
672 1861 899 1926 placuit,
954 1863 1019 1909 ut
1068 1864 1151 1910 ter
1203 1858 1515 1924 ingesserit.
1568 1858 1843 1929 Nimirum
1868 1856 1985 1929 Whic
2026 1857 2156 1929 loci,

510 1936 568 1984 in
613 1932 759 1984 notis
806 1931 876 1981 ad
925 1931 1353 1991 Tertullianum,
1395 1933 1451 1980 et
1497 1928 1664 1979 etiam
1715 1927 1783 1978 ad
1830 1927 2154 1978 Minucium.

510 2005 746 2067 Decepti
782 2004 938 2054 erant
962 2002 1227 2051 nimirum
1264 2001 1598 2065 Cyprianus,
1621 1999 2020 2061 Athenagoras,
2049 1999 2157 2049 Mi-

512 2077 738 2136 nucius,
783 2073 1150 2137 Augustinus,
1202 2074 1314 2123 imo
1362 2070 1738 2135 probatissimi
1782 2072 1951 2120 etiam
2008 2068 2159 2133 apud

514 2147 770 2198 ethnicos
798 2145 1115 2208 scriptores,
1142 2144 1237 2208 qui
1275 2155 1469 2193 omnes
1499 2141 1705 2191 litteras
1747 2140 1817 2191 ab
1842 2140 2156 2191 Alexandro

517 2217 739 2281 Magno,
789 2216 948 2265 matri
990 2213 1308 2278 Olympiadi
1356 2214 1593 2277 scriptas
1631 2212 1895 2273 referunt,
1936 2212 1992 2260 iu
2038 2212 2157 2275 qui-

517 2288 624 2339 bus
690 2300 958 2337 arcanum
1008 2285 1117 2336 hoc
1168 2285 1238 2336 de
1290 2285 1590 2335 numinum
1638 2283 1944 2343 natalibus,
2003 2287 2157 2333 metu

517 2360 695 2424 ipsius
749 2358 1008 2422 potentia
1075 2360 1332 2408 exortum
1400 2355 1737 2419 perhibetur.
1808 2354 1964 2405 Unus
2026 2367 2156 2405 vero

520 2429 900 2481 Tertullianus
945 2440 1063 2478 rem
1116 2428 1328 2490 ipsam,
1367 2428 1413 2476 si
1459 2426 1696 2491 Rigaltio
1741 2424 1907 2488 ﬁdes,
1958 2424 2158 2475 dicitur

515 2505 841 2561 assecutus;
871 2500 968 2565 qui
993 2499 1237 2551 Cornelii
1262 2498 1484 2549 Lentuli
1514 2497 1818 2562 padagogo
1864 2496 2156 2547 tribuenda

520 2574 878 2632 demonstrat,
928 2571 1063 2620 dum
1104 2571 1199 2630 ait,
1254 2587 1281 2614 «
1329 2567 1492 2631 Quod
1537 2568 1779 2633 Egyptii
1817 2571 2060 2627 narrant,
2102 2571 2158 2618 et

518 2643 838 2696 Alexander
876 2642 1091 2706 digerit,
1135 2646 1190 2692 et
1236 2647 1411 2691 mater
1445 2641 1593 2705 legit.
1633 2656 1663 2687 »
1696 2639 1803 2690 Ubi
1842 2652 2010 2691 voces
2044 2640 2155 2689 illa

517 2714 821 2768 Alexander
858 2713 1075 2777 digerit,
1122 2712 1382 2769 συντάχτην
1422 2712 1545 2761 vult
1588 2712 1893 2775 respicere;
1935 2716 1987 2762 et
2028 2725 2156 2775 qua

520 2790 854 2853 sequuntur,
909 2791 1078 2835 mater
1119 2785 1277 2848 legit,
1324 2784 1531 2847 scripta
1587 2784 1952 2853 nesciogqua
2000 2783 2156 2833 matri

517 2851 639 2923 ejus
688 2857 904 2916 dicata,
962 2856 1041 2905 ait
1104 2855 1318 2918 liquido
1390 2853 1666 2904 denotare.
1724 2851 1857 2903 Mihi
1929 2852 2155 2917 quidem

520 2922 772 2982 nondum
838 2930 1060 2978 constat
1118 2926 1405 2990 Egyptios
1474 2922 1789 2975 sacerdotes
1851 2926 2156 2989 potentiam

521 3003 728 3054 servuli
779 2999 1023 3052 Graculi
1084 2999 1221 3049 adeo
1289 2997 1577 3057 timuisse,
1632 3010 1738 3046 nec
1800 2996 1935 3047 dum
1994 2998 2157 3046 matri

518 3072 875 3141 paupercula
920 3086 951 3122 a
998 3069 1345 3141 Polyhistore
1390 3067 1593 3141 librum
1633 3068 1806 3119 fuisse
1830 3068 2154 3141 inscriptum

520 3139 710 3198 didici.
748 3143 935 3195 Unum
975 3141 1083 3191 hoc
1121 3140 1257 3198 scio,
1300 3153 1494 3191 vocem
1530 3139 1760 3202 digerere
1802 3139 1950 3203 apud
1990 3140 2162 3201 scrip-

519 3222 667 3279 tores
735 3216 950 3265 nostros
1001 3211 1141 3261 nihil
1211 3211 1450 3274 amplius
1516 3210 1787 3268 innuere,
1851 3224 2018 3274 quam
2076 3215 2154 3265 rei

520 3288 758 3351 alicujus
814 3283 1042 3348 quidem
1091 3282 1547 3347 qualemcunque
1603 3280 2024 3331 enarrationem.
2074 3284 2157 3335 Ila

523 3359 738 3418 Tertul.,
764 3356 861 3406 lib.
906 3354 970 3404 de
1010 3354 1290 3411 Patientia,
1334 3352 1411 3401 ait
1452 3366 1464 3399 :
1498 3368 1525 3398 «
1569 3351 1625 3402 Si
1660 3352 1728 3403 de
1779 3352 1967 3417 aliquo
2010 3353 2157 3406 bono

522 3441 705 3481 sermo
762 3430 861 3487 est,
924 3438 1010 3474 res
1066 3424 1307 3487 postulat
1353 3423 1687 3471 contrarium
1745 3437 1971 3487 quoque
2026 3424 2159 3476 boni

520 3510 809 3551 recensere
850 3510 862 3543 :
902 3494 1036 3558 quid
1076 3494 1225 3543 enim
1259 3492 1585 3543 sectandum
1630 3494 1698 3543 sit
1735 3495 1909 3557 magis
1951 3497 2159 3545 illumi-

524 3570 707 3627 nabis,
755 3568 801 3617 si
849 3565 999 3631 quod
1046 3564 1336 3614 vitandum
1384 3565 1471 3625 sit,
1511 3564 1743 3628 proinde
1790 3564 2098 3628 digesseris,
2129 3585 2157 3615 λδ

524 3644 631 3691 etc.
676 3638 771 3690 Sic
813 3640 868 3686 et
908 3637 1140 3686 Pontius
1185 3652 1196 3685 :
1235 3637 1297 3685 Ut
1340 3634 1634 3698 ememplum
1679 3638 1733 3683 in
1783 3635 1981 3686 litteras
2020 3637 2159 3702 dige-

524 3717 701 3762 ratur.
736 3709 903 3759 Porro
928 3708 1054 3772 quis
1086 3706 1277 3757 credet
1310 3705 1653 3771 Cyprianum
1695 3720 1876 3756 errare
1908 3710 2158 3771 potuisse

524 3784 580 3835 in
634 3780 924 3831 volumine
976 3777 1276 3839 laudando,
1331 3776 1482 3842 quod
1531 3790 1630 3841 pro
1682 3778 1878 3842 insigni
1924 3778 2158 3829 habuit?

523 3858 621 3908 aut
673 3853 1091 3916 Athenagoram
1153 3850 1249 3915 qui
1312 3849 1514 3899 diserte
1572 3849 1645 3898 ait
1703 3848 1983 3913 colloquia
2035 3849 2158 3901 hac

524 3940 655 3981 cum
727 3923 1115 3975 sacerdotibus
1180 3922 1228 3970 ὲν
1288 3924 1347 3984 τῇ
1433 3920 1753 3985 Ἡλιουπόλει,
1820 3922 1902 3968 καὶ
1973 3922 2158 3985 Μέμφει

519 3999 603 4048 καὶ
646 3996 829 4055 Θήϐαις
877 3995 1219 4058 contigisse?
1270 3997 1367 4043 aut
1422 3994 1797 4057 Augustinum
1850 3993 2159 4044 hallucina-

526 4072 688 4129 t'um,
747 4067 847 4132 qui
904 4072 986 4117 ter
1032 4068 1087 4116 in
1140 4065 1296 4116 libris
1346 4065 1410 4115 de
1455 4066 1672 4117 Civitate
1728 4065 1822 4114 Dei
1869 4065 2160 4129 epistolam

523 4143 675 4193 hanc
701 4141 852 4198 citat,
890 4137 1137 4202 dicitque
1168 4152 1197 4186 a
1225 4137 1406 4188 Leone
1431 4135 1715 4187 sacerdote
1746 4136 1870 4187 hac
1912 4138 2159 4187 Alexan-

527 4214 628 4266 dro
706 4208 959 4273 prodita;
1031 4211 1326 4271 monetque
1407 4207 1640 4258 lectores
1716 4212 1779 4257 ut
1854 4207 2161 4272 Epistolam

526 4285 705 4349 ipsam
740 4280 962 4338 adeant,
1006 4284 1052 4329 et
1093 4278 1328 4329 recolant
1369 4292 1486 4343 quae
1528 4277 1811 4342 legerunt?
1846 4279 1956 4331 Sed
2005 4280 2161 4330 litem

529 4354 750 4405 dirimat
776 4351 1129 4412 Plutarchus,
1153 4352 1209 4400 in
1252 4350 1547 4401 Alexandri
1592 4350 1757 4401 rebus
1791 4352 1837 4401 si
1868 4352 1994 4415 quis
2017 4352 2162 4402 alius

528 4422 960 4483 versatissimus,
1006 4426 1062 4473 et
1115 4422 1170 4471 in
1218 4421 1449 4471 historia
1499 4422 1654 4471 testis
1700 4422 1962 4486 locuples.
2010 4424 2061 4473 Is
2103 4424 2160 4473 in

527 4493 831 4549 Alexandri
892 4492 1020 4544 Vita
1085 4494 1162 4544 ait
1217 4509 1229 4542 :
1290 4492 1587 4558 Ἀλέξανδρος
1650 4491 1697 4540 ἐν
1761 4492 1985 4557 ἐπιστολῇ
2046 4510 2162 4559 προς

524 4569 609 4632 τῂν
663 4565 843 4630 μητέρα
886 4564 1045 4628 φησὶν,
1097 4562 1339 4626 γεγονέναι
1384 4580 1510 4619 τινας
1568 4562 1699 4627 αὖτῷ
1747 4565 1967 4628 μαντείας
2011 4565 2158 4630 ἀποῤ-

532 4640 722 4705 ρῖήτους,
778 4637 834 4693 ἇς
888 4635 1032 4693 αὐτὸς
1079 4635 1341 4684 ἐπανελθὼν
1404 4634 1568 4700 φράεὲι
1638 4635 1755 4700 πρὸς
1827 4637 1971 4700 μόνην
2038 4637 2159 4686 ἐκεί-

529 4728 632 4770 νην,
686 4715 791 4760 etc.
847 4708 1049 4769 Λέγεται
1104 4706 1154 4755 δε
1216 4708 1296 4754 καὶ
1357 4707 1626 4769 Ψάμμονος
1678 4707 1725 4754 ἐν
1792 4708 2017 4771 Αἰγύπτῷ
2077 4709 2162 4759 τοῦ

530 4781 791 4847 φιλοσόφου
839 4779 1118 4839 διακούσας,
1150 4778 1462 4834 ἀποδέξασθαι
1504 4796 1711 4842 μαγιστα
1753 4781 1847 4829 τῶν
1890 4781 2164 4845 λεχθέντων,

528 4854 600 4919 ὅτι
636 4852 804 4907 πάντες
835 4850 1076 4915 ἄνθρωποι
1117 4848 1447 4913 βασιλεύονται
1481 4850 1576 4898 ὑπὸ
1616 4848 1763 4912 Θεοῦ,
1803 4851 1856 4900 τὸ
1893 4854 1983 4918 γὰρ
2016 4854 2165 4917 ἄρχον

530 4928 578 4991 ἑν
603 4927 790 4987 ἑκαστῳ
810 4924 893 4971 καὶ
925 4921 1129 4986 κράτουν
1151 4920 1277 4969 Θεῖὁν
1303 4921 1448 4984 ἐστιν,
1474 4930 1578 4973 etc.

592 5014 698 5069 Cur
752 5022 848 5059 nos
901 5007 1148 5073 hodieque
1195 5010 1533 5057 nascuntur?
1579 5009 1742 5071 P1in.,
1788 5009 1823 5059 l.
1877 5024 1932 5073 ιι,
1978 5026 2027 5063 c.
2071 5014 2101 5062 7
2146 5029 2159 5064 :

529 5102 558 5131 ‹‹
593 5081 940 5135 Matrimonia
967 5078 1195 5144 quidem
1230 5080 1373 5130 inter
1398 5078 1529 5129 deos
1550 5080 1720 5142 credi,
1751 5086 2013 5147 tantoque
2042 5099 2163 5136 avo

532 5170 603 5209 ex
627 5156 717 5205 bis
751 5154 1032 5204 neminem
1059 5151 1234 5211 nasci,
1261 5155 1315 5201 et
1343 5149 1482 5200 alios
1508 5164 1628 5202 esse
1658 5154 1986 5215 grandaevos
2017 5169 2163 5207 sem-

531 5238 743 5292 perque
769 5224 956 5283 cados,
974 5223 1111 5272 alios
1134 5223 1374 5285 juvenes
1397 5226 1566 5287 atque
1580 5237 1801 5287 pueros,
1823 5227 2163 5287 atricolores,

534 5298 786 5362 aligeras,
835 5295 1089 5357 claudos,
1128 5294 1435 5353 ovoeditos,
1478 5300 1534 5345 et
1579 5297 1807 5347 alternis
1849 5298 2042 5350 diebus
2086 5301 2165 5350 vi-

532 5371 727 5420 ventes
765 5367 1196 5430 morientesqne,
1231 5366 1531 5430 puerilium
1574 5380 1745 5432 prope
1781 5369 2165 5423 deliramenta-

532 5454 659 5493 rum
684 5441 785 5491 est.
812 5454 842 5486 ν

594 5527 662 5577 V.
691 5521 927 5587 Perﬁdiu
952 5524 1213 5595 provenit.
1251 5523 1512 5577 Feliciter
1547 5528 1834 5579 successit.
1866 5527 1960 5581 Sic
2000 5530 2161 5595 intra,

530 5598 742 5665 generis
774 5594 1085 5667 magnitudo
1112 5598 1368 5659 provenit.
1407 5597 1532 5648 Vid.
1575 5597 1805 5663 Tertul.,
1830 5600 1893 5651 de
1930 5602 2158 5667 Spectac.

530 5675 586 5723 et
610 5670 755 5724 Adv.
781 5668 969 5729 Marc,
994 5666 1030 5717 l.
1067 5679 1102 5717 ι.

591 5757 756 5810 Deam
797 5765 1001 5821 quoque
1037 5750 1362 5804 Cloacinam.
1409 5772 1439 5802 «
1476 5754 1763 5810 Cloacina
1800 5758 2163 5813 simulacrum

522 5824 585 5884 ta
638 5832 836 5888 cloaca
861 5822 1107 5881 maxime
1157 5828 1435 5895 repertum
1468 5827 1659 5884 Tatius
1694 5834 2065 5899 censuerant;
2108 5836 2165 5889 et

2257 1845 2483 1963 volgi-et
2521 1910 2689 1959 Venus
2723 1906 2889 1957 calva.
2931 1906 3178 1956 Lactant.
3214 1904 3252 1953 l.
3293 1916 3330 1965 ι,
3368 1915 3416 1953 c.
3455 1901 3519 1952 20
3563 1914 3574 1947 :
3606 1916 3637 1944 α
3678 1895 3830 1947 Urbe
3863 1907 3898 1944 ει

2256 1984 2429 2036 Gallis
2460 1986 2644 2045 capta;
2685 1978 2899 2030 obsessi
2942 1978 2999 2027 in
3041 1975 3312 2040 Capitolio
3362 1970 3613 2045 Romani,
3654 1981 3785 2045 c1_1_m
3825 1979 3897 2045 ex

2256 2035 2552 2105 mulierum
2583 2035 2800 2115 capillis
2841 2035 3439 2106 tormenta—fecissent,
3478 2040 3659 2093 adem
3689 2035 3899 2088 Veneri

2258 2127 2430 2180 calva
2458 2123 2870 2175 consecrarunt.
2899 2138 2927 2165 »

2320 2195 2539 2261 Regulus
2581 2194 2828 2257 auspicia
2862 2191 3106 2244 servavit.
3144 2186 3399 2261 Valerius
3431 2184 3575 2261 Max.
3615 2182 3656 2232 1.
3688 2194 3738 2261 Δι,
3762 2193 3893 2261 cap.

2254 2271 2319 2321 de
2346 2252 2553 2319 servata
2582 2252 2852 2329 Religione
2876 2265 2952 2314 ait
2982 2278 2993 2312 :
3029 2280 3056 2309 ‹‹
3089 2262 3153 2312 In
3180 2259 3270 2310 his
3302 2271 3430 2323 qua
3467 2256 3541 2329 ad,
3568 2252 3896 2329 custodiam

2255 2340 2541 2405 religionis
2598 2323 2833 2387 attinent
2893 2335 3085 2386 nescio
3142 2346 3215 2383 aa
3273 2342 3469 2405 omnes
3528 2323 3898 2405 M.._Atti1i‘us

2255 2393 2504 2476 Regulus
2528 2407 2885 2474 pracesserit.
2920 2425 2948 2452 »
2977 2406 3121 2455 Dein
3148 2402 3345 2467 paucis
3379 2398 3722 2476 interpositis
3752 2393 3897 2476 sub-

2250 2467 2436 2546 jungit
2464 2498 2474 2531 :
2508 2467 2548 2529 α’
2563 2481 2830 2530 Poterunt
2852 2477 3097 2542 profecto
3128 2476 3204 2525 dii
3238 2472 3575 2546 immortales
3590 2467 3898 2546 efferatam

2254 2540 2507 2618 mitigare
2580 2540 2887 2610 savitiam}
2958 2553 3228 2599 caterum
3293 2558 3405 2618 quo
3472 2541 3702 2618 clarior_
3750 2540 3901 2618 esset.

2256 2609 2435 2677 Attilii
2464 2624 2656 2687 gloria,
2683 2621 3168 2686 Carthaginienses
3194 2616 3445 2668 moribus
3476 2615 3593 2665 suis
3626 2611 3707 2661 uti
3748 2609 3901 2674 passi

2255 2700 2400 2748 sunt.
2434 2714 2463 2741 »

2322 2767 2605 2819 Mancinus
2645 2764 2951 2828 religionem
3011 2763 3197 2813 tenuit.
3254 2760 3496 2810 Eatenus
3558 2756 3680 2828 scil.
3709 2826 3715 2828 Α
3745 2751 3902 2819 quod

2255 2845 2551 2905 postquam
2586 2826 2821 2887 Lanuvii
2859 2837 2915 2885 in
2964 2833 3291 2898 Hispaniam
3326 2831 3471 2905 ituro
3507 2826 3902 2905 prodigiauac-

2256 2897 2524 2971 cider'ant,
2580 2910 2787 2968 tertius,
2836 2897 3087 2957 converso
3147 2906 3352 2963 itinere,
3406 2901 3639 2971 Genuam
3681 2897 3836 2960 petiit
3882 2910 3907 2971 :-

2256 2983 2353 3045 qni
2406 2980 2483 3030 ibi
2513 2965 2808 3041 rscapham
2860 2978 3189 3045 ingressus,
3229 2973 3359 3045 alio
3393 2969 3679 3045 prodigio,
3748 2965 3906 3030 quod

2258 3039 2445 3103 tamen
2473 3039 2695 3115 sprevit,
2737 3039 3066 3099 terrebatur.
3096 3044 3220 3097 Vid.
3262 3042 3383 3093 Val.
3428 3043 3570 3092 Max.
3615 3039 3653 3089 1.
3688 3051 3730 3099 ι,
3777 3051 3905 3101 cap.

2257 3280 2371 3318 non
2414 3265 2595 3330 paruit
2634 3263 2902 3327 auspiciis
2941 3275 2953 3309 :
2999 3262 3189 3323 itaque
3239 3258 3401 3321 periit
3449 3269 3577 3306 cum
3628 3254 3901 3330 exercitu.

2259 3343 2331 3390 At
2360 3325 2509 3388 anno
2536 3340 2664 3401 post
2706 3325 2911 3385 Paulus
2946 3333 3125 3395 paruit
3152 3346 3163 3379 :
3196 3342 3327 3379 num
3367 3328 3556 3377 minus
3589 3325 3802 3376 cecidit
3846 3326 3905 3375 in

2259 3409 2545 3461 Cannensi
2573 3420 2761 3471 pugna
2785 3418 2914 3456 cum
2942 3402 3192 3454 exercitu
3212 3402 3239 3450 ‘t
3269 3415 3301 3448 »

2322 3482 2377 3533 C.
2435 3464 2609 3529 Casa}
2653 3464 2797 3526 ante.
2848 3474 3060 3535 Cicero,
3112 3473 3175 3522 de
3225 3470 3427 3528 Diuin.,
3467 3468 3503 3518 l.
3554 3481 3594 3519 τι
3636 3482 3707 3514 :e
3752 3464 3905 3529 Quid

2258 3553 2377 3616 ipse
2427 3550 2661 3601 Casar?
2716 3562 2847 3599 cum
2914 3561 2945 3597 a
2997 3558 3218 3595 summo
3270 3543 3525 3616 aruSpice
3581 3542 3907 3590 moneretur

2258 3612 2329 3672 ne
2368 3624 2494 3671 ante
2540 3620 2796 3669 brumam
2838 3618 2896 3667 in
2949 3618 3194 3668 Africam
3250 3612 3662 3671 transmitteret,
3709 3622 3905 3659 nonne

2257 3691 2605 3744 transmisit?
2644 3690 2795 3755 quod
2828 3690 2887 3739 ni
2918 3690 3155 3743 fecisset,
3192 3699 3371 3736 unum
3400 3686 3458 3734 in
3486 3683 3675 3755 locum
3704 3693 3905 3730 omnes

2258 3753 2697 3815 adversariorum
2736 3762 2911 3826 copia
2951 3760 3360 3811 convenissent.
3390 3774 3418 3802 »
3456 3756 3534 3805 lta
3577 3753 3816 3805 Sueton.
3846 3754 3906 3803 in

2257 3836 2370 3887 Jul.
2401 3849 2447 3887 c.
2480 3836 2560 3886 95.

2323 3906 2411 3957 VI.
2438 3907 2538 3957 Hos
2566 3910 2613 3955 et
2635 3910 2795 3970 poetas
2822 3905 3087 3955 dxmonas
3111 3904 3326 3951 norunt.
3358 3894 3674 3970 Notandum
3702 3908 3904 3970 vocem

2258 3977 2473 4042 pridem
2512 3968 2683 4027 fuisse
2718 3976 2934 4037 media,
2978 3976 3091 4024 imo
3129 3972 3389 4031 laudata,
3421 3968 3851 4042 signiﬁcationis
3887 3984 3902 4019 :

2258 4039 2444 4114 neque
2486 4049 2689 4099 melius
2725 4044 3106 4111 intelligentia
3149 4056 3319 4107 quam
3363 4054 3401 4114 a
3424 4039 3658 4114 scientia
3683 4050 3907 4114 cogno-

2259 4108 2514 4171 mentum
2555 4132 2838 4184 accepere.
2868 4108 3026 4169 Unde
3066 4116 3125 4164 in
3164 4114 3336 4165 sacris
3368 4110 3562 4161 litteris
3596 4108 3906 4184 quinquies

2260 4195 2479 4243 tantum
2511 4191 2642 4241 mali
2677 4180 2905 4254 spiritus
2933 4188 3220 4238 daemones
3244 4186 3532 4254 vocantur,
3561 4180 3662 4254 sed
3692 4180 3908 4254 passim

2260 4262 2537 4314 damonia
2581 4250 2835 4312 audi—unt.
2879 4261 3179 4323 Postquam
3210 4268 3341 4306 vero
3370 4251 3752 4303 Valentiniani
3788 4250 3908 4300 alii-

2261 4349 2372 4400 que
2429 4335 2681 4386 Gnostici
2730 4333 2959 4397 δαίμονας
3013 4332 3129 4382 sive
3184 4330 3389 4379 Eones
3443 4338 3575 4400 suos
3632 4328 3907 4400 tanquam

2260 4394 2455 4456 mundi
2494 4394 2824 4456 conditores
2850 4408 2905 4453 et
2945 4415 3129 4453 rerum
3165 4400 3403 4451 arbitros
3446 4394 3908 4460 depradicabant

2261 4479 2440 4529 malos
2467 4478 2660 4542 genios
2683 4476 2953 4527 Ecclesia
2986 4474 3175 4523 Patres
3200 4471 3484 4521 damonas
3504 4466 3867 4532 appellabant
3893 4480 3905 4514 :

2183 4537 2239 4609 D
2262 4550 2437 4601 bonos
2464 4537 2612 4609 vero,
2634 4547 2863 4611 angelos
2888 4558 3108 4610 semper
3134 4543 3340 4593 dixere.

2328 4622 2623 4685 Praecipuus
2653 4610 2925 4670 Hostanes.
2974 4616 3114 4666 Plin.
3162 4616 3196 4664 Ι.
3236 4625 3386 4673 xxx,
3428 4624 3475 4663 c.
3512 4613 3583 4685 i_:
3628 4628 3657 4656 α
3688 4610 3909 4685 Primus

2264 4697 2445 4745 exstat
2470 4681 2547 4754 (ut
2576 4690 2805 4757 quidem
2831 4688 3074 4749 invenio)
3103 4688 3508 4757 commentatus
3539 4681 3609 4757 de
3645 4695 3715 4757 ea
3748 4682 3912 4757 Osta-

2263 4778 2382 4823 nes,
2420 4753 2661 4814 Xerxem
2688 4775 2876 4826 regem
2906 4761 3198 4809 Persarum
3226 4756 3394 4816 bello,
3421 4753 3569 4819 quod
3596 4755 3646 4802 is
3672 4753 3911 4804 Gracia

2258 4836 2474 4894 intulit,
2519 4834 2819 4885 comitatus
2873 4846 2885 4881 :
2934 4844 3001 4881 ac
3044 4828 3195 4878 velut
3236 4828 3450 4878 semina
3502 4826 3637 4875 artis
3680 4830 3910 4889 porten-

2264 4910 2398 4957 tosa
2457 4905 2678 4969 sparsit,
2736 4903 2915 4953 obiter
2957 4902 3182 4960 infecto,
3234 4908 3911 4969 quacunque‘commea-

2266 4981 2440 5037 verat,
2467 4965 2695 5026 mundo.
2731 4975 2840 5025 Hic
2870 4974 3112 5023 maxime
3147 4971 3380 5023 Ostanes
3418 4968 3487 5017 ad
3526 4965 3763 5027 rabiem,
3796 4981 3909 5018 non

2264 5048 2593 5099 aviditatem
2632 5044 2799 5097 modo
2839 5043 3091 5097 scientia
3128 5044 3269 5107 ejus,
3302 5039 3626 5091 Gracorum
3665 5039 3910 5104 papulas

2264 5120 2394 5185 egit.
2422 5134 2451 5167 »

2326 5190 2476 5241 Plato
2501 5191 2551 5239 et
2587 5189 2819 5240 Hermes.
2853 5187 3008 5239 Alter
3050 5186 3109 5236 in
3149 5184 3357 5243 Timaeo,
3382 5182 3522 5235 alter
3560 5182 3619 5232 in
3659 5182 3911 5232 Pamm-

2263 5264 2377 5313 dro.

2326 5333 2444 5385 VII.
2496 5331 2717 5384 Somnos
2758 5331 3074 5397 inquietant.
3136 5328 3291 5393 Quos
3344 5330 3597 5394 spectant
3657 5325 3914 5397 fortassis

2264 5403 2361 5455 illa
2402 5402 2565 5455 Juda
2622 5394 2873 5469 Apostoli
2922 5417 2934 5453 :
2992 5402 3375 5465 ὲνυπνιαζομενοι
3430 5398 3585 5463 σάρκα
3639 5397 3725 5459 μὲν
3780 5394 3912 5459 μιαί-

2262 5492 2382 5525 νονσ
2386 5492 2420 5524 ι.

2326 5555 2421 5608 ΙΧ.
2488 5555 2637 5618 Quod
2702 5569 2822 5606 vero
2902 5553 3170 5620 templum.
3238 5538 3471 5604 Tertull.
3544 5549 3609 5600 de
3676 5548 3913 5613 Spectas.

2263 5641 2311 5680 ο.
2362 5628 2444 5688 10,
2499 5626 2669 5679 habet
2722 5641 2733 5675 :
2794 5641 2826 5675 ς
2874 5626 2988 5678 Nec
3045 5626 3233 5676 minus
3280 5622 3484 5688 templa
3532 5634 3702 5686 quam
3756 5621 3919 5673 busta

2184 5718 2185 5721 η
2264 5686 2610 5763 despuimus.
2636 5714 2665 5745 »
2692 5696 2889 5749 Minut.
2917 5686 3033 5748 Fel.
3065 5710 3077 5745 :
3107 5714 3136 5743 α
3173 5686 3491 5763 Templa'ut
3529 5692 3695 5743 busta
3727 5690 3915 5759 despi-

2263 5762 2437 5820 ciunt.
2492 5784 2523 5817 »
2577 5764 2787 5820 Pariter
2838 5766 3047 5820 Arnob.
3107 5765 3145 5817 l.
3207 5778 3227 5817 ι
3283 5768 3341 5818 et
3399 5762 3575 5815 Clem.
3636 5763 3807 5815 Alex.
3857 5765 3915 5819 in

2264 5839 2535 5915 Protrept.
2572 5840 2782 5909 aliique
2820 5853 2892 5895 ex
2935 5836 3192 5893 Patribus
3232 5835 3498 5892 adversus
3538 5833 3636 5889 illa
3682 5832 3917 5893 defunc-
