4144 6192
495 271 652 341 125δῖ

1848 245 2026 308 anu:
2063 232 2266 307 oon'.
2305 233 2524 304 Norat.

3731 233 3882 309 1956‘

559 397 629 447 II.
659 396 721 446 In
747 389 1034 445 Basileion.
1070 387 1390 460 Regnorum
1435 385 1570 460 puta
1593 380 1792 460 _Judte,
1838 375 2126 460 etdecem
2150 371 2510 460 Apropbetis
2562 371 2893 460 Idalachias'
2914 373 3003 455 sic
3045 373 3514 460 prasigniﬂcavit
3557 393 3570 427 :
3622 378 3745 428 Non
3798 382 3877 428 est

499 467 747 520 tribuum
786 465 902 514 sive
950 447 1184 510 Israelis'.
1231 456 1368 508 Sero
1410 447 1713 506 admodum
1755 465 1827 502 ex
1878 447 2130 520 Hebraeis

501 519 749 590 fontibus
766 535 1076 584 hauserunt
1091 528 1388 580 Christiani
1409 542 1422 586 ;
1444 525 1594 576 unde
1617 525 1920 575 etiamnum
1939 519 2134 590 Graves

503 586 924 660 nomenclatura
950 603 1344 667 plerorumque
1382 599 1438 649 S.
1478 596 1705 648 Codicis
1749 593 2038 667 librorum,
2061 586 2137 667 ad

503 677 833 731 vernaculas
859 661 1078 726 nostras
1127 661 1347 735 linguas
1383 669 1650 734 pervenit.
1684 664 1819 716 Inde
1871 661 2135 735 Genesin,

503 751 778 809 Exodum,
806 747 1138 806 Leviticum,
1172 731 1693 798 Deuteronomium,
1727 740 1855 794 etc.,
1890 731 2138 809 appella-

505 837 648 875 mus.
687 804 925 872 Codices
951 804 1272 881 aliquimss.
1291 813 1503 864 Latinis
1528 810 1713 862 verbis
1737 809 1859 858 haec
1880 804 2136 881 efferunt,

507 895 604 946 sed
634 893 802 958 pauci
829 903 942 955 pra:
967 878 1199 951 reliquis
1233 887 1329 950 qui
1363 886 1617 958 Grecam
1652 878 2134 958 nomenclaturam

503 947 848 1031 agnoscunt;
871 947 1114 1031 proinde
1129 947 1266 1031 nihil
1292 954 1621 1031 mutandum
1635 947 2138 1031 _censemus.1dem

509 1021 579 1088 de
612 1021 850 1086 formula
871 1021 1142 1082 laudandi
1165 1027 1467 1092 Evangelia
1487 1029 1608 1077 cata
1635 1022 1981 1079 Matthazum,
2012 1021 2136 1068 cata

506 1109 800 1167 Joannem,
829 1108 956 1165 etc.,
982 1100 1299 1152 dicendum.

573 1176 731 1229 Ruris
754 1162 1006 1240 passeres.
1035 1170 1286 1236 Στρουθίον
1330 1170 1447 1219 avis
1479 1170 1600 1220 sive
1628 1178 1832 1230 passer.
1879 1162 1941 1212 In
1983 1163 2140 1211 textu

507 1227 663 1311 hebr.
710 1227 791 1307 est
819 1227 949 1302 51:3
987 1227 1156 1317 quam
1195 1263 1392 1301 vocem
1445 1227 1797 1299 retinuerunt
1837 1241 2041 1307 Aquila
2086 1245 2143 1317 et

508 1327 882 1395 Symnachus,
907 1330 964 1375 et
988 1314 1144 1395 dypoo
1168 1323 1434 1395 scrjpsere
1451 1335 1467 1395 ξ
1481 1317 1939 1395 _unde~utrisque
1988 1314 2144 1395 voci-

510 1383 618 1451 bus
647 1383 900 1454 retentis;
927 1383 1092 1445 lectio
1126 1383 1528 1456 dypouctpouﬁia
1552 1390 1605 1438 in
1633 1386 1844 1439 Graecis
1867 1383 2144 1446 exempla-

510 1471 666 1522 ribus
691 1466 962 1520 obtinuit.

574 1513 847 1602 iam;
864 1513 1026 1608 in...
1056 1544 1119 1593 In
1149 1542 1290 1617 Heb.
1321 1513 1455 1617 “ipsi
1487 1537 1579 1587 mi
1613 1540 1808 1617 σχοῖνος
1838 1532 2145 1617 φευδὴς,“ειθ(ξ

511 1637 643 1676 cum
669 1604 940 1670 arundine
970 1629 1084 1666 non
1123 1613 1290 1664 modo
1327 1604 1633 1662 scriberent
1672 1612 1905 1666 veteres,
1954 1604 2056 1676 sed
2089 1607 2144 1654 et

511 1675 873 1748 metirentur;
906 1700 1005 1752 pro
1033 1686 1178 1750 stylo
1208 1683 1428 1744 scribae,
1456 1685 1728 1732 metatura
1763 1675 2143 1728 substitueba-

511 1770 616 1816 tur.
639 1763 723 1813 Ex
758 1750 1027 1812 contortis
1063 1755 1429 1806 arundinibus
1474 1752 1760 1804 funiculus
1800 1759 2143 1809 mensorum,
2166 1750 2224 1823 Β

511 1836 700 1898 Zach.,
721 1848 776 1895 il,
799 1835 848 1894 1,
867 1829 1077 1895 σχοινίον
1101 1828 1416 1891 γεωμετρικὸν
1441 1824 1764 1890 appellatur.

572 1915 639 1964 V.
663 1913 792 1964 Fide
824 1925 953 1961 mea.
985 1909 1046 1958 In
1074 1909 1271 1960 Grmco
1293 1911 1448 1956 textu
1472 1904 1709 1954 habetur
1735 1898 1916 1954 δίκαιός
1952 1914 2046 1962 μου
2093 1898 2146 1946 ἐκ

510 1985 716 2040 πίστεως
765 1983 976 2041 ζήσεται,
1029 1981 1136 2030 alia
1184 1977 1546 2042 exemplaria,
1605 1979 1661 2024 et
1711 1974 1943 2023 fortasse
1984 1971 2146 2042 ganti-

512 2058 746 2122 quiora.
807 2040 1158 2116 transpositis
1219 2040 1455 2099 vocibus
1522 2047 1772 2122 legerunt
1803 2042 1883 2122 _éx
1939 2040 2146 2122 πίστεως

514 2111 629 2191 tios,
660 2111 828 2192 quam
849 2111 1148 2174 lectionem
1173 2122 1485 2184 sequuntur
1514 2115 1852 2179 exemplaria
1875 2111 2146 2163 nonnulla

518 2196 657 2248 Novi
683 2191 1046 2248 Testamenti,
1080 2190 1150 2240 ad
1195 2187 1366 2239 Hebr.
1397 2199 1459 2248 Χ,
1486 2186 1566 2236 38.
1603 2185 1713 2234 vid.
1749 2182 1845 2233 lib.
1872 2194 1950 2244 III,
1979 2181 2147 2246 hujus

518 2196 657 2248 Novi
683 2196 1046 2312 Testgnenti,
1080 2196 1150 2240 ad
1195 2196 1366 2239 Hebr.
1397 2199 1459 2248 Χ,
1486 2196 1566 2236 38.
1603 2196 1713 2234 Via.
1751 2196 1845 2233 ub.
1872 2196 1950 2244 III,
1980 2196 2115 2246 nuJu

517 2267 709 2330 scripti
741 2278 789 2316 c.
883 2299 894 2310 .

577 2345 723 2395 VIII.
765 2343 1019 2393 Renovate
1059 2340 1198 2390 inter
1241 2352 1332 2388 vos
1382 2337 1680 2388 novitatem.
1729 2335 1940 2386 Novate
1987 2331 2148 2383 vobis

515 2416 733 2477 novale,
761 2415 942 2478 inquit
982 2412 1253 2474 interpres
1300 2409 1483 2474 Vulg,
1517 2407 1612 2458 sed
1661 2408 1809 2472 prior
1855 2405 2148 2478 le_ctio_est

517 2475 862 2545 Tertulliani,
886 2485 984 2547 qui
1010 2480 1312 2546 aliquando
1337 2479 1637 2540 novitatem,
1655 2476 1956 2541 aliquando
1981 2475 2148 2525 etiam

515 2570 776 2608 novamen
809 2554 1006 2606 reddit.

576 2639 673 2689 IX.
728 2639 803 2689 Ne
859 2635 1052 2686 dicunt.
1099 2631 1251 2684 LXX
1304 2632 1634 2695 Interpretes
1679 2628 1888 2680 habent
1933 2625 2018 2676 τοῦ
2083 2631 2148 2690 μή

516 2711 698 2774 μαθεῖν.
780 2709 1103 2758 Lectionem
1181 2704 1330 2753 hanc
1418 2702 1667 2774 agnoscit
1699 2753 1710 2774 θ
1753 2699 2149 2764 paraphrastes

519 2753 850 2851 aiam;
865 2753 1007 2851 15;."
1022 2753 1202 2858 reddit
1228 2780 1303 2830 τι)
1335 2753 1519 2858 ῖπεξῆπ
1549 2753 1868 2858 εἶναι).λά
1891 2753 2150 2858 'meniem

518 2861 764 2915 auctoris
789 2859 963 2908 nostri
989 2857 1069 2907 sic
1096 2856 1280 2906 locum
1325 2853 1562 2916 explicat
1601 2853 1902 2915 Procopius
1930 2867 1941 2900 :
1990 2853 2150 2910 Δῆσον

513 2933 596 2983 τὸν
618 2932 782 2995 νὸμον,
821 2930 977 2983 οὐκετι
1004 2928 1095 2992 γὰρ
1121 2925 1259 2990 χρεία
1292 2921 1377 2972 τοῦ
1415 2921 1664 2995 Μωῦσέως
1702 2924 1872 2995 νρμουᾼ,
1899 2922 2022 2995 eos:
2057 2922 2150 2995 τῷν

517 3005 639 3070 παρ’
666 2991 813 3052 αυτοῦ
838 2991 1124 3070 μαρτυρίων,
1147 2998 1228 3056 τῆς
1253 2992 1823 3070 καινῆς-παραδεδομένης
1848 2991 2154 3070 διδασκαλίας

519 3061 620 3132 τοές
675 3061 920 3131 διδακτοῖς
968 3061 1140 3130 αὑτοῦ,
1185 3072 1284 3122 τοῖς
1333 3066 1380 3122 ἐξ
1425 3064 1567 3112 ἐθνῶν
1615 3063 1939 3126 κεκλημένοις,
1988 3061 2154 3116 οἵτινες

518 3119 709 3213 φανεροὶ
754 3119 942 3195 ἔσονται
988 3119 1316 3213 σφραγίζόντες
1366 3119 1458 3185 ⁷τὸν
1511 3135 1660 3213 νόμον
1713 3119 1799 3183 rei}
1865 3119 1936 3213 [fit
1990 3132 2153 3196 μαθεῖν

516 3204 681 3278 αὑτὸν,
719 3219 809 3266 οὒκ
855 3218 922 3266 ἔτι
970 3204 1082 3264 ὄντα
1118 3211 1354 3278 χρησιμὸν
1409 3213 1466 3271 τῇ
1510 3206 1766 3273 παραθέσει
1819 3204 1904 3254 τοῦ
1941 3219 2152 3270 κρειττο-

519 3305 614 3348 νος.
1521 3293 1530 3300 ‘

582 3375 677 3425 XI.
709 3374 842 3436 Quia
869 3385 977 3422 non
1004 3372 1428 3436 permanserunt.
1456 3367 1588 3416 Haec
1613 3365 1746 3414 licet
1775 3376 1906 3436 mss.
1947 3359 2151 3411 suifra-

520 3448 611 3510 gio
637 3435 1026 3503 destituuntur,
1049 3445 1233 3492 tamen
1256 3452 1331 3488 ex
1365 3440 1620 3488 versione
1644 3449 1675 3483 a
1701 3435 1924 3496 vulgata
1950 3436 2150 3494 aliena,

521 3507 577 3568 et
611 3517 876 3582 Cypriani
912 3527 1191 3572 consona;
1220 3512 1699 3560 auctoramentum
1729 3507 1835 3555 sibi
1870 3508 2152 3568 prmstant.

524 3575 780 3653 Quod—de
826 3585 1207 3650 sequentibus,
1234 3585 1439 3647 pariter
1472 3581 1529 3629 in
1569 3577 1978 3641 exemplaribus
2007 3575 2152 3626 desi-

521 3661 726 3712 deratis
749 3658 1066 3709 dicendum.

583 3750 645 3798 1η
683 3745 898 3810 plebem.
928 3741 1271 3801 Hellenistaa,
1299 3740 1360 3788 ut
1401 3741 1624 3810 gentem
1667 3733 2040 3795 ,Israeliticam
2081 3732 2151 3783 ab

525 3809 766 3878 ethnicis
813 3816 1174 3878 distinguant,
1231 3809 1344 3859 λαὸν
1395 3809 1671 3874 appellare
1713 3809 1930 3866 amant;
1984 3819 2152 3870 quam

519 3903 714 3942 vocem
742 3888 989 3940 studiose
1013 3884 1176 3935 vertit
1205 3884 1429 3933 Noster:
1465 3881 1556 3931 cui
1581 3881 1830 3930 solemne
1851 3882 1932 3928 est
1958 3879 2154 3928 ﬁdeles

520 3963 734 4026 plebem,
789 3965 845 4010 et
891 3957 1091 4022 plebem
1131 3958 1357 4026 stantem
1405 3953 1623 4026 dicere._
1660 3951 1844 4026 Minus
1896 3951 2153 4026 accurate

526 4021 906 4084 Tertullianus
928 4027 1178 4093 populum
1200 4025 1357 4086 dicit,
1388 4022 1862 4089 quemadmodum
1893 4021 2152 4085 vulgatus

520 4107 789 4169 interpres
816 4105 872 4152 et
904 4101 997 4150 alii
1021 4100 1226 4164 passim
1258 4101 1488 4147 veteres.

587 4189 707 4240 XV.
760 4190 981 4237 Domum
1030 4186 1087 4232 in
1135 4182 1360 4232 nomine.
1408 4179 1515 4232 Ubi
1558 4181 1713 4230 Deus
1763 4190 1956 4228 revera
2010 4177 2153 4226 inter

521 4262 779 4313 homines
835 4256 1152 4315 habitabat;
1217 4257 1270 4304 et
1331 4252 1771 4316 propitiatorium
1831 4263 1930 4313 pro
1981 4249 2152 4298 totius

521 4333 718 4384 mundi
743 4331 986 4396 peccatis
1018 4327 1292 4380 exhibuit.
1322 4325 1479 4396 Hanc
1511 4335 1642 4373 vero
1677 4321 1923 4384 corporis
1962 4319 2049 4368 sui
2096 4319 2152 4366 in

518 4391 1280 4469 templo—Hierosolymitano
1332 4394 1831 4469 praeﬁgurationem
1878 4391 2152 4441 Dominus

519 4467 708 4528 noster
730 4477 787 4525 in
823 4473 1128 4538 Evangelio
1154 4470 1364 4535 passim
1395 4467 1656 4518 declarat.

585 4561 730 4612 XVI.
786 4558 1222 4611 Holocautomata
1267 4556 1510 4604 arietum.
1557 4551 1708 4601 Voce
1764 4549 1869 4599 hac
1917 4551 2151 4597 utuntur

519 4632 766 4685 Irenaeus
791 4638 846 4682 et
869 4629 1261 4688 Tertullianus,
1293 4630 1348 4676 et
1387 4630 1574 4675 vetera
1599 4622 1851 4686 Vulgata:
1878 4619 2151 4669 versionis

521 4704 878 4768 exemplaria,

581 4796 702 4847 Non
743 4797 815 4842 est
862 4791 989 4841 mihi
1032 4790 1295 4858 voluntas.
1344 4787 1524 4837 Locus
1563 4799 1594 4834 a
1640 4782 1862 4833 nemine
1909 4781 2022 4831 fere
2059 4792 2154 4829 an-

521 4868 804 4932 tiquorum
854 4864 1082 4912 Patrum
1126 4851 1457 4924 praeteritus,
1503 4855 1729 4932 quando
1771 4854 1839 4904 de
1878 4851 2152 4932 sacriﬁcio

518 4925 650 4990 no-vi
716 4935 939 4988 foederis
996 4946 1175 4984 sermo
1220 4932 1480 4982 occurrit.
1541 4929 1673 4978 Late
1720 4938 1848 4975 eum
1910 4925 2152 4987 explicat

523 5012 770 5061 Irenaeus
820 5007 944 5057 adv.
991 5006 1178 5054 Haeres.
1210 5002 1246 5052 l.
1293 5015 1371 5064 ix,
1419 5014 1464 5051 c.
1494 4999 1594 5049 30:
1623 5017 1650 5045 ei
1702 4997 1971 5048 Dominus
2013 5009 2152 5044 nos-

521 5088 605 5132 ter
654 5081 768 5130 suis
829 5077 1118 5140 discipulis
1172 5073 1313 5123 dans
1369 5071 1667 5123 consilium
1717 5069 1989 5140 primitias
2034 5068 2150 5116 Deo

522 5153 717 5204 oil'erre
763 5164 832 5201 ex
879 5137 996 5199 suis
1041 5146 1328 5206 creaturis,
1363 5157 1477 5194 non
1525 5141 1682 5206 quasi
1719 5139 2006 5203 indigenti,
2051 5137 2152 5188 sed

520 5229 582 5274 ut
611 5225 719 5287 ipsi
758 5235 864 5273 nec
910 5219 1242 5270 infructuosi
1279 5230 1384 5266 nec
1428 5214 1631 5279 ingrati
1673 5213 1824 5272 sint;
1875 5224 2004 5262 eum
2051 5211 2150 5274 qui

521 5306 592 5345 ex
633 5281 891 5344 creatura
948 5291 1105 5355 panis
1151 5293 1236 5339 est
1282 5287 1519 5350 accepit,
1560 5288 1618 5336 et
1657 5284 1860 5347 gratias
1907 5282 2038 5355 egit
2069 5281 2152 5330 di-

521 5379 693 5418 cens:
723 5365 845 5414 Hoc
885 5353 969 5414 est
1006 5375 1210 5426 corpus
1244 5371 1432 5410 meum
1466 5372 1476 5405 :
1526 5360 1578 5406 et
1616 5355 1850 5406 calicem
1878 5353 2147 5415 similiter,

520 5440 618 5504 qui
646 5440 730 5488 est
759 5449 829 5486 ex
868 5438 1120 5485 creatura
1166 5445 1292 5498 quae
1337 5435 1424 5504 est
1472 5426 1786 5504 secundum
1828 5439 1950 5487 nos,
1983 5438 2150 5475 suum

521 5497 856 5575 sanguinem
897 5497 1192 5556 confessus
1219 5507 1318 5553 est.
1363 5501 1434 5552 Et
1478 5501 1615 5575 Novi
1643 5497 2012 5575 _Testamenti
2049 5509 2150 5546 no-

519 5568 657 5634 v’ani
682 5578 874 5632 docuit
918 5575 1279 5636 oblationem,
1306 5586 1475 5639 quam
1523 5569 1780 5624 Ecclesia
1819 5568 1888 5620 ab
1929 5571 2150 5632 aposto-

517 5655 590 5710 Iis
627 5651 909 5720 accipiens
950 5649 1009 5700 in
1046 5647 1309 5700 universo
1347 5643 1558 5720 mundo
1605 5640 1763 5694 offert
1797 5641 1936 5704 Deo,
1971 5641 2024 5692 ei
2052 5639 2150 5704 qui

511 5716 780 5781 alimenta
830 5722 994 5776 nobis
1045 5721 1287 5788 praestat,
1344 5716 1614 5786 primitias
1682 5727 1913 5788 suorum
1961 5726 2150 5788 mune-

511 5808 640 5859 rum
685 5803 743 5856 in
786 5799 944 5858 Novo
1003 5785 1402 5856 Testamento,
1455 5791 1525 5846 de
1571 5801 1684 5862 quo
1733 5789 1795 5847 in
1849 5785 2150 5843 duodecim

2238 445 2370 494 mihi
2405 445 2658 495 voluntas
2701 445 2760 495 in
2809 445 2965 505 vobis,
3023 447 3157 497 dicit
3218 450 3473 498 Dominus
3527 450 3873 512 omnipotens.

2236 520 2283 564 et
2349 514 2664 578 sacriﬁcium
2733 530 2832 567 non
2914 519 3170 581 accipiam
3236 519 3300 569 de
3357 520 3597 570 manibus
3668 522 3875 582 vestris,

2241 584 2500 665 Quoniam
2547 585 2632 665 ab.
2670 590 2791 636 ortu
2846 587 2976 638 soli:
3026 588 3102 637 ad
3148 603 3402 651 occasum,
3471 605 3652 641 nomen
3704 606 3878 641 meum

2236 656 2567 721 gloriﬁcatur
2612 659 2744 708 inter
2795 662 2991 722 gentes,
3051 665 3098 710 et
3147 661 3198 709 in
3243 664 3386 710 omni
3437 663 3547 713 loco
3611 665 3877 714 incensum

2238 725 2455 790 offertur
2495 729 2702 778 nomini
2745 743 2854 778 meo
2907 735 2955 779 et
3005 731 3312 795 sacriﬁcium
3354 745 3570 797 purum,
3622 734 3879 797 quoniam

2239 811 2479 878 magnum
2520 802 2595 848 est
2631 813 3006 878 nomen_meum
3051 804 3102 850 in
3148 802 3400 867 gentibus,
3444 803 3574 854 dicit
3624 804 3882 854 Dominus

2239 870 2608 950 omn:'potens._
2647 869 3096 950 Manifestissime
3151 874 3480 937 signiﬁcans
3539 888 3638 937 per
3707 874 3831 924 hmo
3862 911 3877 934 ,

2241 941 2506 1020 quoniam
2530 941 2678 1020 prior
2701 941 3201 1020 quidempopulus
3231 944 3694 1020 cessavit_oﬁ'erre
3720 946 3839 995 Deo
3862 961 3874 994 :

2243 1011 2394 1059 omni
2417 1015 2602 1060 autem
2645 1011 2772 1062 loco
2813 1014 3151 1064 sacriﬁcium
3199 1013 3431 1065 offertur
3472 1016 3610 1077 Deo,
3667 1019 3720 1064 et
3770 1015 3881 1066 hoc

2241 1093 2444 1142 purum
2468 1096 2480 1129 :
2512 1093 2716 1132 nomen
2751 1085 2937 1134 autem
2961 1087 3077 1148 ejus
3101 1085 3443 1149 gloriﬁcatur
3473 1087 3528 1135 in
3553 1085 3887 1151 gentibus.»

2243 1151 2322 1234 Et.
2362 1166 2482 1216 cap.
2645 1152 2888 1234 additlz.
2923 1155 3282 1234 «‘Quoniam
3332 1169 3540 1234 nomen
3590 1157 3691 1207 ﬁlii
3742 1171 3885 1221 pro-

2244 1226 2426 1288 prium
2453 1226 2624 1288 patris
2655 1227 2755 1286 est,
2783 1228 2838 1274 et
2877 1226 2935 1274 in
2966 1227 3086 1276 Deo
3117 1229 3504 1291 omnipotente
3544 1241 3644 1291 per
3684 1229 3886 1278 Jesum

2246 1295 2532 1347 Christum
2563 1294 2725 1346 oﬂ‘ert
2751 1296 3036 1347 Ecclesia:
3074 1297 3220 1348 bene
3254 1300 3329 1346 ait
3363 1297 3677 1349 secundum
3722 1303 3890 1348 utra-

2245 1383 2373 1434 que,
2416 1372 2473 1418 et
2524 1367 2581 1416 in
2637 1367 2788 1418 omni
2848 1369 2972 1419 loco
3035 1370 3327 1419 incensum
3389 1369 3618 1420 offertur
3668 1370 3888 1420 nomini

2243 1451 2388 1499 meo,
2437 1441 2493 1487 et
2539 1438 2880 1490 sacriﬁcium
2928 1454 3151 1503 purum.
3200 1441 3435 1491 Incensa
3483 1446 3670 1491 autem
3711 1442 3892 1491 Joan-

2244 1523 2346 1560 nes
2366 1510 2422 1557 in
2450 1509 2768 1573 Apocalysi,
2805 1513 3083 1562 orationes
3111 1513 3187 1561 ait
3217 1523 3341 1562 esse
3370 1516 3710 1562 sanctorum.
3745 1531 3776 1557 »
3811 1512 3885 1561 Ει

2246 1597 2366 1646 cap.
2398 1583 2460 1632 δι
2495 1595 2506 1630 :
2540 1598 2569 1629 α
2623 1580 2920 1632 Oﬂ'erimus
2957 1585 3007 1634 ei
3047 1597 3173 1648 qum
3208 1589 3341 1634 sunt
3383 1585 3524 1648 ejus,
3559 1596 3891 1649 coagmen—

2247 1662 2331 1707 ter
2402 1654 2966 1705 communicationem
3036 1661 3092 1706 et
3159 1657 3428 1707 unitatem
3512 1655 3890 1720 praedicantes

2247 1725 2429 1778 carnis
2463 1729 2518 1776 et
2563 1726 2806 1788 spiritus.
2838 1725 3323 1788 Quemadmodum
3371 1729 3522 1777 enim
3567 1729 3663 1791 qui
3711 1731 3800 1779 est
3856 1741 3890 1777 a

2248 1804 2391 1850 terra
2464 1797 2625 1860 panis
2694 1798 3004 1861 percipiens
3086 1799 3496 1850 invocationem
3575 1799 3713 1857 Dei,
3768 1800 3888 1862 jam

2244 1884 2358 1920 non
2416 1869 2730 1919 communis
2791 1871 2950 1933 panis
3021 1873 3138 1932 est,
3201 1870 3301 1921 sed
3363 1869 3746 1931 eucharistia,
3813 1883 3888 1921 ex

2244 1941 2468 1993 duabus
2523 1939 2690 1991 rebus
2737 1945 3018 2004 constans,
3066 1946 3286 1994 terrena
3346 1947 3404 1992 et
3457 1943 3744 2003 ccelestis;
3801 1942 3888 1993 sic

2247 2017 2300 2065 et
2352 2024 2519 2076 opera
2579 2014 2770 2061 nostra
2828 2013 3198 2077 percipientia
3263 2013 3703 2072 Eucharistiam,
3766 2015 3889 2076 jam

2244 2098 2357 2136 non
2423 2086 2556 2133 sunt
2609 2083 3027 2147 corruptibilia,
3079 2098 3236 2149 spem
3287 2085 3706 2137 resurrectionis
3776 2084 3890 2134 ha—

2246 2157 2454 2209 bentia.
2511 2170 2541 2203 »
2595 2156 2856 2206 Justinus
2909 2157 3117 2221 Martyr
3161 2158 3220 2206 in
3281 2157 3424 2208 Dial.
3483 2171 3612 2208 cum
3671 2157 3885 2222 Tryph.

2245 2246 2299 2295 p.
2357 2229 2450 2278 344
2523 2228 2589 2277 D.
2648 2227 2792 2277 Edit.
2860 2230 3029 2279 Paris.
3112 2230 3238 2280 1636
3294 2245 3306 2279 :
3392 2230 3742 2295 ’Λρχιερττικὸν
3831 2232 3888 2279 τό

2245 2299 2464 2357 ἀληθινὸν
2489 2297 2622 2358 γένος
2641 2297 2781 2361 ἐσμὲν
2808 2297 2893 2346 τοῦ
2913 2298 3059 2359 Θεοῦ,
3080 2301 3146 2356 ὡς
3178 2301 3260 2349 καὶ
3291 2300 3433 2356 αὐτὸς
3480 2302 3507 2348 ὁ
3543 2300 3664 2356 Θεὸς
3700 2317 3886 2364 μαρτυ-

2249 2375 2338 2436 ρεῖ,
2364 2370 2508 2418 εἰπὼν
2535 2368 2606 2416 ὃτι
2630 2369 2678 2416 ἐν
2695 2370 2832 2417 παντὶ
2863 2369 2995 2418 νὸπω
3031 2370 3079 2418 ἐν
3109 2376 3210 2426 τοῖς
3243 2370 3396 2420 ἔθνεσι
3441 2371 3607 2426 Θυσίας
3638 2371 3892 2436 ἐναρέτους

2247 2442 2380 2489 αὑτῶ
2403 2441 2485 2487 καὶ
2511 2440 2717 2504 καθαρὰς
2741 2442 3096 2506 προσφέροντες.
3124 2444 3197 2490 Οὸ
3220 2443 3408 2507 δέχεται
3449 2443 3499 2490 δὲ
3531 2443 3652 2506 παρ’
3691 2443 3892 2499 οὐδενός

2249 2513 2414 2566 θυσίας
2443 2512 2469 2558 ὁ
2501 2511 2640 2572 Θεὸς,
2665 2511 2706 2558 εἰ
2744 2511 2810 2574 μὴ
2847 2511 2925 2559 διὰ
2957 2513 3053 2560 τῶν
3096 2512 3246 2577 ἱερέον
3283 2511 3452 2562 αὑτοῦ.
3491 2513 3680 2569 Πάντας
3705 2513 3796 2561 οὖν
3840 2514 3891 2562 οἶ

2248 2584 2327 2632 διὰ
2367 2580 2453 2630 τοῦ
2491 2581 2721 2644 ὀνὸματος
2760 2581 2931 2630 τούτου
2975 2583 3140 2639 Θυσίας
3192 2585 3248 2639 ἇς
3291 2585 3564 2648 παρέδωκεν
3615 2583 3810 2642 Ἰησοῦς
3860 2587 3892 2633 ὸ

2248 2654 2450 2719 Χριστὸς
2467 2652 2697 2714 γίνεσθαι,
2721 2653 2960 2702 τουτέστιν
2994 2654 3072 2702 ἐπὶ
3093 2659 3151 2714 τῇ
3181 2656 3479 2720 Εὖχαριστίᾳ
3500 2653 3586 2704 τοῦ
3615 2656 3764 2718 ἄρτου
3807 2655 3896 2702 καὶ

2247 2726 2332 2775 τοῦ
2374 2725 2626 2790 ποτηρίου,
2671 2726 2753 2780 τὰς
2798 2725 2845 2772 ἐν
2891 2727 3029 2774 παντὶ
3065 2726 3197 2790 τόπῳ
3239 2732 3323 2789 τῇς
3366 2729 3453 2788 γῆς
3498 2730 3751 2792 γινομένας
3792 2727 3894 2775 ὑπὸ

2248 2799 2341 2847 τῶν
2366 2796 2696 2862 ξΧριστιανῶν.
2744 2798 2996 2861 προλαϐὼν
3046 2799 3073 2845 ὁ
3121 2799 3261 2861 Θεὸς,
3308 2804 3534 2864 μαρτυρεῖ
3572 2799 3898 2863 εὑχαρίστους

2249 2873 2477 2936 ὑπάρχειν
2525 2872 2656 2932 αὖτῴ
2691 2889 2702 2899 ·
2738 2873 2820 2926 τὰς
2859 2872 2910 2920 δὲ
2956 2873 3046 2935 ὑφ’
3102 2873 3239 2934 ὑμῶν
3280 2891 3374 2922 των
3424 2876 3586 2938 ἱερέων
3635 2873 3896 2935 γῖνομένας

2251 2944 2572 3004 ἀπαναίνεται,
2597 2944 2764 3004 λέγων,
2799 2944 2882 2991 καὶ
2907 2945 2989 2999 τὰς
3021 2945 3188 3001 Θυσίας
3217 2945 3352 2994 ὐπῶν
3379 2947 3436 2994 οὗ
3473 2946 3798 3011 προσδέξομαι
3835 2946 3896 2993 ἐκ

2249 3017 2342 3064 τῶν
2363 3016 2518 3079 χερῶν
2551 3014 2703 3076 ὐμῶν.
2734 3016 2867 3063 Διὸτι
2894 3014 2988 3078 ἀφὸ
3013 3016 3248 3078 ἀνατολῆς
3281 3018 3422 3080 ᾐλὶου
3460 3019 3552 3074 ἕως
3587 3019 3814 3079 δυσμῶν,
3832 3017 3892 3064 τὸ

2254 3087 2404 3150 ὄνὸμά
2429 3102 2521 3149 μου
2551 3086 2852 3148 δεδόξασήαι,
2880 3088 3004 3148 λέγει
3034 3090 3081 3136 έν
3109 3094 3210 3145 τοῖς
3235 3090 3412 3138 ἔΘΑεσιν
3445 3127 3457 3139 .
3486 3091 3626 3152 ὗμεῖς
3651 3089 3703 3136 δέ
3738 3088 3896 3150 $5611-

2254 3161 2390 3208 λουτε
2427 3158 2543 3206 αὐτὸ
2571 3159 2652 3205 καὶ
2679 3174 2818 3222 μεχρι
2852 3175 2934 3206 νυν
2958 3161 3328 3221 φιλονεικουντες
3370 3163 3545 3223 λετετε,
3581 3160 3656 3207 ὅτι
3684 3176 3772 3214 τας
3806 3160 3896 3221 μὲν

2252 3232 2300 3280 ἐν
2358 3230 2675 3295 Ἰερουσαλὴμ
2720 3229 2796 3277 ἐπὶ
2842 3230 2936 3278 τῶν
2978 3231 3074 3278 ἐκει
3117 3232 3222 3280 τὸτε
3264 3231 3521 3280 οἰκούντων
3575 3231 3894 3295 Ἰσραηλιτῶν

2249 3303 2554 3364 καλουμένων
2576 3301 2741 3356 θυσίας
2762 3302 2819 3349 οὔ
2847 3301 3160 3366 προσδέχεται
3201 3304 3227 3351 ὁ
3265 3304 3386 3358 Θεὸς
3415 3320 3428 3332 ο
3467 3305 3552 3357 τὰς
3589 3303 3642 3350 δὲ
3677 3303 3762 3350 διὰ.
3792 3302 3893 3349 τῶν

2251 3375 2300 3422 ἐν
2327 3379 2384 3436 τῇ
2401 3375 2638 3437 διασπορᾷ
2654 3372 2760 3420 τότε
2778 3373 2836 3430 δη
2866 3373 3011 3420 ὄντων
3040 3374 3136 3422 ἀπὸ
3159 3372 3244 3422 τόῦ
3269 3375 3432 3437 γένους
3473 3375 3658 3422 ἐιεῖνου
3700 3373 3890 3437 ἀνθρώο

2251 3463 2352 3494 πων
2375 3447 2519 3508 ὲῦχὰς
2534 3444 2815 3509 προσίεσθαι
2848 3445 2991 3492 αὑτὸν
3027 3446 3282 3509 εἰρηκέναι,
3308 3447 3392 3494 καὶ
3421 3447 3503 3502 τὰς
3544 3445 3692 3509 εὐχὰς
3726 3445 3892 3493 αὐτῶν

2253 3517 2417 3572 Θυσίας
2434 3518 2611 3564 καλεῖν.
2652 3515 2763 3564 Ὀτι
2800 3516 2883 3578 μὲν
2919 3515 3004 3564 οὖν
3039 3518 3121 3565 καὶ
3157 3518 3297 3580 εὐχαὶ
3331 3519 3415 3565 καὶ
3451 3518 3752 3581 εὖχαριστιαι
3791 3515 3890 3564 ὖπὸ

2250 3590 2344 3638 τῶν
2363 3588 2504 3642 ἀξίων
2524 3587 2783 3650 γινόμεναι,
2802 3589 2977 3636 τελειαι
3001 3589 3140 3650 μόναι
3156 3590 3238 3637 καὶ
3262 3589 3508 3654 εὖάρεστοί
3535 3590 3630 3637 εἱσι
3667 3589 3741 3650 τῷ
3775 3590 3888 3650 Θεῳ

2252 3661 2428 3721 Θυσίαι,
2463 3660 2545 3706 καὶ
2577 3659 2716 3715 οὗτός
2746 3675 2864 3722 φημι
2888 3675 2900 3686 ·
2920 3656 3070 3707 ταῦτα
3089 3661 3179 3723 γὰρ
3210 3660 3333 3723 μόνα
3354 3661 3435 3708 καὶ
3472 3662 3750 3724 Χριστιανοι
3785 3676 3894 3708 πα-

2253 3732 2448 3798 ρέλαϐον
2488 3734 2660 3793 ποιεῖν,
2706 3731 2791 3778 καὶ
2831 3731 2916 3778 ἐπ’
2964 3732 3224 3794 αναμνήσει
3272 3732 3323 3780 δὲ
3364 3731 3446 3790 τῆς
3495 3732 3669 3796 τροφῆς
3729 3731 3892 3779 αὐτῶν

2252 3804 2390 3869 ξηρᾶς
2424 3819 2474 3851 τε
2517 3803 2598 3850 καὶ
2631 3804 2798 3866 ὖβρᾶς,
2841 3802 2888 3850 ἐν
2923 3801 2955 3864 ἦ
2995 3804 3078 3850 καὶ
3124 3803 3210 3852 τοῦ
3257 3802 3437 3858 πάθους
3480 3803 3508 3850 ὁ
3546 3802 3819 3858 πέπονΘους
3861 3801 3889 3850 ὃ

2259 3875 2428 3924 έπονΘε
2476 3873 2546 3922 δι’
2592 3872 2740 3921 αὑτοῦ
2796 3875 2824 3921 ὑ
2875 3875 2993 3938 Υιρς-
3049 3872 3133 3922 τοῦ
3192 3875 3318 3924 Θεοὺ
3371 3875 3619 3938 μέμνηται.
3665 3874 3886 3924 Tertul.

2251 3949 2497 3998 adversus
2559 3948 2719 3996 Marc.
2771 3945 2807 3994 l.
2858 3958 2937 4008 ni,
2985 3958 3034 3996 c.
3076 3949 3131 3994 21
3190 3962 3203 3995 :
3253 3965 3283 3994 «
3331 3947 3401 3997 Ut
3468 3948 3676 4010 pariter
3750 3959 3890 3998 con-

2253 4024 2502 4075 curreret
2528 4026 2598 4079 ,et
2648 4019 2936 4071 Malachiaa
2982 4021 3316 4085 prophetia:
3369 4024 3479 4072 Non
3520 4026 3596 4071 est
3650 4022 3894 4071 ωιωιιαε

2251 4110 2384 4155 mea,
2437 4094 2574 4144 dicit
2629 4093 2905 4148 Dominus,
2961 4097 3011 4142 et
3059 4092 3318 4157 sacriﬁcia
3374 4097 3542 4142 vestra
3590 4107 3690 4141 non
3743 4095 3893 4142 acci-

2247 4170 2428 4232 piam;
2471 4167 2716 4230 quom’um
2761 4162 2829 4213 ab
2865 4167 2991 4214 ortu
3043 4166 3173 4215 soli:
3214 4178 3372 4229 usque
3419 4167 3470 4213 in
3512 4177 3757 4214 occasum
3791 4181 3896 4215 no-

2253 4253 2371 4290 men
2401 4252 2568 4288 meum
2593 4235 2947 4300 gloriﬁcatum
2993 4239 3068 4285 est
3097 4237 3149 4285 in
3196 4236 3509 4294 nationibus,
3562 4239 3614 4285 et
3653 4237 3704 4285 in
3752 4240 3898 4287 omni

2253 4313 2363 4362 loco
2413 4307 2724 4372 sacriﬁcium
2774 4308 2979 4356 nomini
3026 4321 3137 4358 meo
3182 4308 3416 4372 offertur,
3462 4310 3512 4357 et
3566 4307 3890 4370 sacriﬁcium

2251 4381 2537 4442 mundum;
2577 4379 2768 4444 gloriae
2823 4379 3040 4431 scilicet
3090 4380 3303 4438 relatio,
3341 4383 3398 4430 et
3441 4378 3782 4438 benedictio,
3834 4384 3894 4430 et

2254 4459 2396 4514 laus,
2423 4456 2476 4502 et
2503 4451 2717 4516 hymni.
2749 4465 2780 4497 ι)
2809 4450 2928 4501 Lib.
2969 4464 3044 4514 iv,
3073 4464 3122 4502 c.
3159 4453 3178 4500 t
3204 4465 3217 4499 :
3263 4451 3591 4515 Sacriﬁcia».
3632 4450 3892 4500 mundum

2168 4494 2229 4568 D
2253 4494 2644 4590 interpretatur
2684 4494 2948 4586 asas.
2969 4494 3216 4587 ’ἐι-ἒηᾌιεᾉ
3241 4494 3537 4572 OEH-6'21?
3544 4494 3891 4572 Εοὲὲζςὲὲᾶἱὲᾶ

2249 4614 2401 4666 pura.
2433 4598 2578 4647 Loco
2602 4607 2732 4657 ergo
2759 4595 3132 4666 victimarum,
3161 4599 3220 4645 et
3253 4607 3320 4644 ex
3350 4595 3509 4644 casis
3545 4592 3891 4643 animalibus

2253 4665 2705 4728 viscerationum,
2742 4665 2862 4716 sola
2887 4666 3036 4730 apud
3060 4665 3407 4716 Christianos
3434 4667 3694 4728 superest
3718 4666 3891 4714 ratio-

2251 4744 2377 4794 nale
2389 4747 2445 4791 et
2460 4741 2816 4789 incruentum
2830 4736 3188 4798 sacriﬁcium,
3203 4735 3352 4801 quod
3368 4735 3656 4786 Malachim
3678 4735 3886 4797 verbis,

2251 4819 2447 4871 unum:
2476 4816 2650 4867 ΠΠἿῸ
2679 4817 2885 4868 mincha
2931 4819 3093 4878 teora,
3124 4816 3232 4867 hoc
3267 4819 3368 4878 est,
3398 4815 3679 4865 oblatione
3706 4815 3891 4866 farrea

2251 4909 2380 4947 cum
2405 4906 2508 4943 suo
2538 4891 2828 4946 libamine,
2858 4902 3001 4953 pane
3029 4889 3239 4939 scilicet
3280 4893 3337 4938 et
3373 4888 3540 4945 vino;
3587 4885 3682 4935 illo
3729 4899 3892 4936 sem-

2252 4981 2459 5034 perque
2492 4965 2755 5014 duraturo
2784 4960 3056 5012 sacriﬁcio
3101 4960 3525 5020 Eucharistico;
3553 4961 3607 5009 et
3649 4970 3889 5022 precum

2250 5041 2467 5105 piarum
2501 5037 2866 5100 thymiamate
2897 5036 3131 5084 constat.

2313 5230 2488 5281 XVII.
2520 5255 2579 5265 —
2607 5228 2740 5278 Ante
2767 5225 3088 5287 Luci/erum.
3120 5222 3506 5274 Tertullianus
3533 5220 3664 5272 Adv.
3695 5222 3888 5282 Hera,

2250 5301 2286 5352 1.
2308 5302 2358 5361 5,
2394 5314 2442 5352 c.
2469 5302 2518 5362 9,
2561 5298 2788 5350 Judieos
2825 5297 3049 5356 refutat,
3072 5298 3169 5360 qui
3208 5300 3541 5345 nocturnam
3587 5292 3887 5343 Vezechia

2250 5375 2598 5423 nativitatem
2643 5369 2828 5420 verbis
2865 5369 2986 5419 istis
3027 5368 3369 5432 designatam
3401 5364 3749 5430 satagebant,
3772 5364 3892 5416 Do—

2251 5445 2500 5510 minique
2530 5443 2704 5494 nostri
2739 5441 3021 5492 natalibus
3045 5438 3389 5505 prOphetiam
3421 5437 3631 5488 asserit.

2313 5633 2438 5686 XX.
2473 5659 2536 5669 —
2586 5630 2778 5696 Angeli
2815 5632 3022 5694 septem.
3068 5625 3152 5680 Ad
3198 5639 3328 5678 eum
3383 5636 3596 5676 morem
3644 5621 3706 5673 in
3762 5621 3890 5696 aula

2252 5707 2473 5758 Persica
2520 5694 2735 5770 septem
2776 5701 3022 5768 primarii
3063 5704 3299 5765 satrapis
3346 5696 3634 5769 privilegio
3675 5694 3888 5770 gaude-

2250 5777 2402 5842 bant,
2463 5781 2527 5832 at
2579 5767 2881 5832 desisterent
2939 5777 2987 5828 et
3045 5767 3469 5828 conversanntur
3527 5771 3647 5850 ante
3693 5767 3888 5836 faciem
