4144 6192
296 214 435 280 1261³

360 345 429 394 Et
481 344 680 408 accepit
733 340 964 406 lapidem
1025 354 1295 407 magnum.
1362 341 1593 392 Minime
1654 340 1935 405 putandus

296 419 381 466 est
427 419 619 466 auctor
665 418 855 464 noster
905 412 1208 463 credidisse
1262 413 1505 476 lapidem
1553 414 1715 464 illum
1762 414 1936 465 fuisse

295 485 616 546 Christum;
652 485 750 535 sed
786 486 883 535 illo
930 484 1114 549 lapide
1159 485 1332 535 fuisse
1375 483 1764 535 adumbratum
1807 497 1937 535 eum

293 560 393 622 qui
425 571 618 609 revera
664 556 873 607 audivit
912 558 1093 606 omnia
1126 570 1243 621 quae
1278 557 1418 607 dicta
1460 557 1699 619 fuerunt.
1733 558 1939 606 Pariter

294 629 679 681 Tertullianus
735 628 1101 679 circumcisos
1158 630 1233 677 ait
1295 629 1570 680 lsraelitas
1634 642 1665 678 a
1724 629 1936 687 Josua,

290 702 502 766 petrina
560 703 701 761 acie,
758 702 819 750 ill
868 706 941 751 est
1003 701 1198 751 Christi
1249 702 1557 765 praeceptis,
1604 705 1751 765 petra
1800 700 1937 748 enim

293 774 551 826 Christus.
606 772 750 823 Adv.
812 773 981 823 Marc.
1040 772 1077 822 l.
1123 786 1198 834 ιιι,
1244 786 1294 823 c.
1339 774 1417 835 l6,
1466 778 1522 823 et
1566 774 1603 823 1.
1644 786 1720 834 Iv,
1766 784 1816 823 c.
1855 771 1934 821 l3.

290 845 503 896 Eodem
552 858 778 909 prorsus
823 846 991 895 modo
1020 845 1339 908 Apostolus,
1374 846 1395 894 Ι
1440 844 1563 896 Cor.
1607 857 1667 906 x,
1714 845 1758 904 4,
1799 843 1937 893 dicit

288 931 468 968 omnes
498 917 687 968 bibisse
728 918 957 968 eumdem
986 924 1168 981 potum
1202 918 1563 981 spiritualem,
1608 920 1659 966 et
1698 914 1937 965 bibebant

291 989 357 1039 de
398 989 650 1052 spiritali
694 994 1029 1055 consequente
1073 1003 1157 1040 eos
1197 994 1376 1053 petra;
1411 993 1571 1053 petra
1607 990 1938 1039 autemerat

294 1060 561 1111 Christus.

358 1132 506 1182 XVI.
533 1158 595 1169 —
627 1134 757 1183 Ecce
788 1146 902 1183 nos.
931 1132 1037 1183 Pro
1065 1133 1107 1181 et
1136 1133 1337 1198 legisse
1360 1131 1583 1182 videtur
1602 1129 1727 1179 ἰδού.

365 1204 535 1254 XVII.
568 1231 630 1242 -
657 1205 1018 1255 Ascendamus
1046 1205 1104 1253 in
1146 1210 1379 1254 montem.
1421 1204 1631 1255 Locum
1666 1203 1820 1253 hunc
1849 1202 1935 1252 di-

292 1274 529 1340 ligenter
570 1277 896 1341 exsequitur
938 1275 1167 1326 Tertull.
1211 1276 1330 1325 adv.
1374 1275 1497 1325 Jud.
1535 1289 1583 1326 c.
1627 1275 1676 1337 3,
1714 1277 1768 1325 et
1810 1273 1931 1324 adu.

292 1350 466 1398 Marc.
499 1348 534 1400 l.
561 1362 639 1407 III,
670 1363 719 1399 c.
747 1349 827 1398 2t.

357 1419 503 1468 XIX.
556 1419 773 1469 Indicite
823 1419 1169 1468 curationem.
1222 1416 1488 1482 Θεραπεῖαν
1543 1419 1659 1468 sive
1717 1418 1933 1468 cultum

291 1491 619 1553 solemnem,
648 1490 855 1541 habent
881 1489 1048 1540 LXX.
1074 1488 1182 1539 Sed
1214 1503 1344 1539 cum
1369 1489 1463 1539 illa
1496 1504 1607 1540 vox
1634 1490 1837 1554 pariter
1868 1502 1934 1539 ea

292 1561 480 1612 ofﬁcia
511 1562 737 1613 denotet
768 1576 894 1627 quin
937 1561 1101 1625 aegris
1129 1561 1486 1621 exhibentur,
1517 1562 1573 1611 in
1616 1562 1727 1612 hoc
1766 1574 1933 1612 sensu

292 1632 533 1685 reddidit
566 1634 797 1683 Latinus
827 1634 1116 1696 interpres.

354 1705 607 1756 Procedat
661 1706 913 1769 Sponsus.
963 1704 1269 1755 Dominum
1323 1706 1572 1754 nostrum
1625 1704 1813 1767 Sponsi
1864 1704 1929 1753 ti‘

1653 214 1833 274 EDIT.
1871 214 2069 274 ΟΧΟΝ.
2107 216 2347 275 ΝΟΤᾸΕᾹ

3539 224 3677 283 I262

1957 370 2017 445 Α
2036 340 2705 445 ξὲιξέξθπεξῑηῑξεειξξο
2728 341 3269 445 inaestuet“
3291 359 3412 445 ne
3435 345 3672 399 me”

2038 413 2279 474 praefert,
2324 417 2420 462 aut
2464 426 2576 463 non
2624 416 2680 463 in
2727 417 2908 478 capite
2954 414 3225 477 diadema,
3260 422 3356 467 aut
3397 418 3455 467 in
3500 431 3671 468 manu

2040 488 2340 547 sceptrum,
2383 487 2481 533 aut
2523 484 2769 549 aliquam
2803 488 3041 551 propriae
3078 489 3249 538 vestis
3291 490 3518 540 notam?
3561 488 3672 539 Sed

2041 556 2196 605 solus
2241 568 2423 604 novus
2466 555 2584 606 Rex
2623 558 2955 607 saeculorum
3000 558 3255 610 Christus
3297 562 3478 622 Jesus,
3510 574 3671 610 novae

2040 627 2230 691 glorise
2268 630 2321 677 et
2358 630 2687 690 potestatem
2733 632 2785 678 et
2821 628 3220 681 sublimitatem
3263 644 3423 681 suam
3470 633 3528 681 in
3570 631 3674 681 hu-

2038 711 2192 749 mero
2213 698 2425 760 extulit,
2458 712 2685 749 crucem
2710 700 2939 751 scilicet.
2963 719 2993 748 »

2102 772 2233 821 Cum
2282 768 2483 818 levabat
2535 783 2745 819 manus.
2810 771 2955 821 Tert.
3020 772 3138 822 adv.
3189 772 3315 823 Jud.
3379 787 3427 824 c.
3484 773 3565 833 10,
3616 768 3671 824 ει

2038 842 2158 891 adv.
2199 841 2367 890 Marc.
2414 839 2510 890 lib.
2551 853 2629 899 III,
2673 854 2722 890 c.
2761 840 2821 890 18
2864 855 2875 888 :
2919 859 2947 886 «
2975 841 3101 891 Jam
3139 856 3268 892 vero
3314 844 3492 895 Moses
3536 842 3672 908 quid

2036 914 2236 976 utique
2284 916 2423 961 tunc
2473 914 2710 969 tantum,
2752 924 2882 962 cum
2923 913 3083 963 Jesus
3129 913 3396 965 adversus
3440 916 3671 970 Amalec

2036 982 2422 1048 praeliabatur,
2495 984 2744 1035 extensis
2812 984 3073 1034 manibus
3145 985 3338 1035 orabat
3404 987 3672 1051 residens,

2036 1058 2263 1125 quando
2304 1059 2361 1108 in
2406 1058 2574 1109 rebus
2612 1062 2726 1108 tam
2766 1060 3032 1120 attonitis,
3070 1062 3247 1125 magis
3292 1062 3486 1125 utique
3524 1064 3674 1126 geni-

2036 1132 2143 1181 bus
2170 1131 2382 1195 positis,
2414 1135 2472 1179 et
2507 1130 2767 1180 manibus
2809 1132 3158 1182 caedentibus
3188 1137 3403 1196 pectus,
3437 1137 3490 1182 et
3528 1135 3670 1185 facie

2036 1200 2193 1250 humi
2241 1201 2504 1251 volutata.
2556 1202 2862 1252 orationem
2910 1203 3303 1253 commendare
3350 1204 3671 1256 debuisset?

2034 1271 2142 1320 nisi
2188 1272 2319 1334 quia
2364 1270 2479 1320 illic
2512 1270 2610 1320 ubi
2655 1284 2859 1321 nomen
2902 1273 3038 1322 Jesu
3082 1273 3399 1335 dimicabat,
3446 1273 3673 1325 dimica-

2037 1344 2150 1395 turi
2196 1344 2535 1408 quandoque
2587 1343 2851 1395 adversus
2902 1345 3214 1408 diabolum,
3278 1349 3459 1399 crucis
3509 1348 3671 1400 habi-

2036 1419 2126 1465 tus
2162 1429 2389 1479 quoque
2428 1419 2573 1467 esset
2605 1418 2974 1479 necessarius,
3015 1432 3113 1482 per
3144 1434 3313 1484 quam
3353 1421 3517 1470 Jesus
3555 1422 3675 1472 vic-

2034 1488 2231 1536 toriam
2266 1491 2413 1538 esset
2458 1488 2804 1538 relaturus.»
2834 1490 2913 1539 Ita
2942 1490 3145 1540 Justin.
3184 1496 3342 1541 mart.
3386 1492 3515 1542 Dial
3554 1506 3671 1543 cum

2038 1558 2226 1622 Tryph.

2094 1630 2266 1691 Super
2330 1627 2529 1692 lignum
2600 1628 2735 1679 vita.
2800 1630 2871 1681 Ut
2928 1630 3210 1681 secundus
3255 1632 3433 1683 Adam
3490 1634 3670 1698 primo

2031 1700 2236 1749 certius
2288 1698 2664 1763 responderet,
2724 1701 3197 1764 quemadmodum
3250 1706 3387 1755 alter
3434 1711 3670 1758 mortem

287 1776 408 1826 tulo
434 1758 761 1840 insignitum
798 1776 1023 1826 abunde
1055 1778 1285 1826 constat.
1316 1776 1398 1825 Ne
1428 1789 1561 1826 vero
1586 1758 1713 1840 quis
1736 1776 1925 1839 opine-
1949 1758 2005 1831 Β
2028 1784 2127 1834 per
2152 1758 2520 1835 lignum-orbi
2556 1758 2763 1832 intulit,
2794 1774 2932 1823 alter
2969 1775 3137 1823 vitam
3176 1774 3343 1825 dedit.
3379 1777 3587 1827 Pariter
3616 1780 3672 1827 et

290 1852 401 1905 tur,
431 1854 637 1899 temere
667 1848 854 1898 locum
902 1847 1055 1897 hunc
1078 1847 1308 1896 allatum
1345 1847 1403 1895 in
1443 1846 1681 1909 hujusce
1710 1847 1929 1910 generis

288 1920 531 1984 negotio,
561 1918 837 1971 recordari
880 1918 1182 1983 oportebit,
1231 1917 1573 1981 prophetiam
1618 1917 1765 1967 hanc
1804 1919 1928 1968 Act.

290 2005 345 2053 ιι,
376 1992 452 2050 19,
486 1991 556 2040 ab
586 1990 852 2054 Apostolo
876 1990 1093 2040 Messias
1117 1993 1403 2039 assertum.
1430 1990 1639 2039 Locum
1668 1989 1929 2039 Jeremiaa

288 2075 388 2115 xvt
414 2063 511 2127 qui
536 2064 809 2126 sequitur,
841 2060 1041 2112 eodem
1066 2060 1237 2113 modo
1265 2062 1662 2123 interpretatur
1683 2060 1741 2108 in
1767 2072 1928 2110 com-

289 2134 571 2184 mentariis
633 2134 699 2182 D.
765 2132 1160 2195 Hieronymus.
1228 2131 1476 2181 Alterum
1528 2134 1626 2195 qui
1679 2129 1931 2181 succedit

289 2206 431 2256 Psal.
464 2218 623 2265 xvm,
668 2204 873 2268 pariter
917 2204 1311 2266 interpretatur
1340 2203 1572 2252 Tertull.
1612 2202 1730 2252 adv.
1761 2204 1925 2252 Marc.

287 2278 325 2329 1.
350 2277 838 2397 vi’rfutis‘Dommi.
878 2345 1029 2395 LXX
1058 2346 1247 2408 legunt
1280 2342 1523 2407 δυνάμεως
1560 2342 1740 2408 Κυρίου
1774 2358 1786 2392 :
1814 2357 1927 2408 quo

285 2434 454 2485 modo
480 2448 676 2485 vocem
704 2431 823 2481 RD!
852 2436 1059 2499 passim
1090 2432 1345 2484 reddunt.

349 2504 473 2555 XX.
518 2506 768 2569 Expandi
798 2519 998 2555 manus.
1040 2507 1101 2555 In
1142 2505 1393 2555 eamdem
1436 2509 1682 2555 mentem
1721 2505 1924 2555 Justin.

287 2578 441 2641 Apol.
464 2577 515 2638 2,
547 2580 600 2627 et
643 2576 782 2626 Dial.
813 2591 926 2627 cum
957 2577 1165 2640 Tryph.,
1201 2590 1310 2627 nec
1354 2590 1466 2629 non
1499 2577 1649 2627 Tert.
1689 2577 1804 2627 adu.
1836 2578 1930 2627 Ju-

285 2649 443 2705 dzeos,
471 2661 517 2698 c.
550 2649 627 2706 l3,
654 2650 867 2698 textum
900 2647 1050 2697 hunc
1077 2649 1527 2711 interpretantur.

350 2722 471 2769 Erit
498 2719 723 2783 pendens
748 2721 851 2769 vita
882 2725 993 2770 tua.
1017 2719 1112 2771 Sic
1137 2719 1322 2769 locum
1346 2718 1498 2770 hunc
1528 2719 1923 2785 interpretatur

286 2791 437 2842 Tert.
470 2791 589 2841 adv.
616 2790 742 2841 Jud.
773 2804 893 2855 cap.
922 2794 1000 2840 Il.

354 2860 657 2925 Effoderunt
728 2875 929 2911 manus.
1008 2861 1264 2912 Psalmus
1328 2862 1433 2911 iste
1497 2860 1570 2909 ita
1638 2864 1789 2911 certo
1858 2861 1926 2910 ad

284 2934 545 2984 Messiam
618 2934 853 2998 pertinet
940 2937 1004 2983 ut
1067 2933 1294 2984 Judseos
1370 2932 1572 2982 habeat
1655 2933 1925 2983 confiten-

284 3007 396 3063 tes,
451 3005 547 3067 qui
610 3008 797 3053 tamen
849 3008 912 3052 ut
970 3016 1029 3053 se
1086 3003 1385 3067 expediant
1444 3002 1721 3066 duplicem
1772 3016 1925 3052 com—

284 3077 658 3125 miniscuntur
685 3075 957 3135 Messium,
994 3075 1228 3125 alterum
1256 3075 1363 3125 ben
1393 3073 1622 3138 Joseph,
1653 3073 1927 3124 humilem

2030 1842 2163 1893 orbe
2202 1846 2325 1905 post
2364 1841 2640 1892 diluvium
2685 1848 2935 1906 reparato
2980 1846 3007 1893 ὁ
3044 1846 3155 1894 Νῶε
3201 1846 3247 1893 ἐν
3283 1846 3405 1910 ξύλῳ
3443 1846 3669 1909 διεσώθη,

2027 1913 2348 1977 ἐποχούμενος
2430 1918 2545 1969 τεοῖς
2619 1914 2798 1977 ὓδασι,
2873 1917 3055 1980 inquit
3121 1918 3322 1967 Justin.
3394 1923 3548 1969 mari.
3611 1918 3670 1968 in

2027 1986 2171 2035 Dial.

2092 2056 2297 2107 XXIII.
2339 2084 2393 2092 —
2442 2055 2646 2107 Occidet
2682 2057 2766 2107 sol
2811 2058 3049 2109 meridie.
3091 2058 3383 2123 Prophetia
3432 2064 3557 2118 haec
3598 2070 3669 2121 ad

2028 2129 2342 2189 passionem
2382 2127 2723 2178 dominicam
2770 2131 3023 2193 refertur,
3063 2144 3177 2181 non
3218 2134 3385 2185 modo
3428 2137 3498 2187 ab
3538 2154 3673 2192 auc-

2029 2201 2145 2248 tore
2174 2201 2384 2259 nostro,
2413 2198 2511 2248 sed
2546 2200 2712 2248 etiam
2756 2200 2900 2249 Iren.
2937 2199 2972 2248 l.
3014 2214 3095 2261 ix,
3125 2215 3172 2252 c.
3218 2203 3308 2263 66;
3353 2206 3499 2257 Tert.
3544 2212 3667 2262 adv.

2026 2272 2195 2321 Marc.
2228 2272 2264 2320 l.
2296 2284 2375 2333 IX,
2403 2284 2450 2322 c.
2482 2273 2560 2322 42.
2593 2271 2672 2323 Ita
2697 2271 2883 2322 locum
2908 2272 3114 2324 Jerem.
3140 2280 3471 2338 sequentem
3495 2281 3669 2334 inter.

2027 2345 2276 2404 pretatur
2321 2343 2489 2415 etiam
2546 2343 2688 2392 Iren.
2729 2342 2765 2391 l.
2816 2356 2889 2405 1v,
2936 2355 2985 2391 c.
3045 2344 3124 2394 66.
3178 2344 3300 2395 Vox
3338 2353 3545 2415 septem,
3598 2354 3669 2405 ab

2030 2416 2268 2477 utroque
2302 2414 2522 2462 omissa.

2092 2483 2266 2533 XXV.
2291 2510 2351 2520 —
2384 2482 2676 2545 Viviﬁcabit
2706 2495 2801 2532 nos
2830 2487 2945 2545 post
2978 2482 3213 2535 biduum.
3248 2484 3342 2538 Sic
3373 2489 3520 2544 Tert.
3547 2494 3665 2545 adv.

2025 2554 2152 2604 Jud.
2184 2568 2232 2604 c.
2263 2555 2339 2616 14,
2370 2558 2425 2604 et
2451 2554 2571 2603 adv.
2599 2556 2767 2604 Marc.
2801 2554 2836 2603 1.
2870 2567 2942 2617 ιγ,
2974 2568 3021 2605 c.
3055 2556 3135 2605 43.

2091 2628 2285 2676 Lavent
2314 2630 2496 2675 vestem
2520 2639 2688 2675 suam.
2717 2625 2886 2675 Hunc
2920 2625 3101 2676 Exodi
3134 2626 3323 2679 locum
3358 2637 3668 2696 respexisse

2027 2697 2270 2757 videtur,
2301 2696 2472 2747 D.Jo.
2501 2697 2557 2745 in
2591 2700 2749 2760 Apoc.
2781 2709 2873 2756 VII,
2904 2698 2980 2746 14.

2090 2768 2292 2817 XXVI.
2343 2795 2401 2803 -——
2449 2768 2545 2828 Qui
2591 2767 2900 2817 assistebant
2950 2769 2997 2816 ei
3042 2768 3337 2822 obtulerunt
3383 2789 3517 2826 eum.
3564 2780 3668 2832 Pro

2027 2840 2229 2888 ἐνώπιον
2270 2838 2418 2887 αὺτοῦ
2461 2840 2783 2904 προσηνέχθη,
2825 2853 2951 2904 qum
3003 2841 3169 2892 lectio
3218 2843 3498 2899 Chaldaeus
3555 2866 3666 2903 res-

2025 2910 2251 2983 pondet,
2308 2910 2440 2959 olim
2490 2910 2813 2975 legebatur,
2868 2912 2912 2957 οἱ
2953 2913 3301 2975 παρεστηκότες
3352 2920 3659 2983 προσήγαγον

2026 2982 2186 3041 αὺτὸν,
2218 2985 2279 3032 ut
2301 2994 2369 3032 ex
2393 2984 2617 3033 Justino
2642 2984 2697 3032 in
2726 2984 2870 3034 Dial.
2904 2988 3069 3047 patet.
3105 2985 3273 3037 Porro
3293 2982 3666 3044 Tertullianus

2024 3053 2159 3117 legit
2211 3052 2306 3116 qui
2351 3054 2661 3105 assistebant
2699 3055 3047 3105 adduxerunt
3095 3056 3266 3115 illum,
3324 3061 3449 3112 adv.
3494 3065 3659 3116 Marc.

284 3124 815 3212 illumiquidem,et
848 3124 957 3196 hic,
985 3147 1092 3196 loci
1124 3124 1470 3209 descriptum
1502 3124 1779 3194 falterum
1816 3145 1925 3196 ben
1948 3130 2002 3205 C
2028 3124 2575 3212 {Illitth‘Agfmunge
2617 3140 2729 3212 ‘PEO
2778 3127 3100 3212 all-arebant,
3137 3129 3347 3212 librarii
3402 3135 3665 3188 videntur

283 3219 464 3269 David
486 3197 514 3278 ,’
551 3197 864 3282 principem
919 3220 973 3265 et
1026 3197 1373 3266 bellatorem.
1428 3216 1591 3278 Quod
1640 3216 1710 3265 ad
1755 3217 1923 3267 verba
1960 3197 2002 3205 ψ
2025 3197 2645 3282 ἐςτίρεξξεθηοπςτςάατιρο
2672 3200 2737 3249 In
2774 3202 3007 3282 τεὶιίίῐὲξίεξ
3032 3204 3197 3282 etiam
3223 3211 3417 3282 θξλοίοτ
3452 3214 3663 3275 noete!)

282 3292 405 3342 haec
434 3293 647 3352 attinet,
668 3305 737 3341 ex
768 3292 834 3340 iis
860 3294 989 3339 sunt
1016 3302 1143 3353 qua:
1168 3290 1445 3354 geminam
1480 3291 1624 3337 inter
1653 3289 1922 3340 Hebraeos

281 3365 589 3414 sortiuntur
629 3364 947 3413 lectionem.
987 3362 1058 3411 Et
1088 3363 1189 3411 viri
1226 3362 1447 3423 eruditi,
1480 3361 1613 3411 licet
1652 3361 1784 3411 alibi
1811 3363 1921 3412 lec-

282 3435 423 3484 tioni
451 3434 520 3484 ab
551 3433 805 3484 Hebraeis
840 3436 1076 3496 recepta;
1106 3431 1489 3491 addictissimi,
1514 3432 1666 3480 illam
1697 3433 1918 3483 dicendi

280 3515 513 3565 formam
564 3529 732 3579 quam
786 3514 935 3564 LXX
989 3516 1319 3577 sequuntur,
1368 3525 1611 3577 qumque
1672 3507 1770 3559 ῚΊ)
1828 3514 1915 3564 vel

277 3593 403 3641 “IN:
453 3596 676 3659 ὤρυξαν,
732 3596 850 3645 sive
897 3594 1142 3658 foderunt
1185 3592 1385 3655 habet;
1442 3593 1730 3645 hodierna:
1784 3608 1914 3658 quas

281 3672 407 3723 Ἰκέ
449 3678 515 3732 ὡς
566 3676 707 3740 λέων,
741 3677 862 3726 sive
916 3677 1055 3726 sicut
1100 3674 1175 3724 leo
1213 3673 1457 3735 exhibet,
1510 3674 1914 3737 praeferendam

278 3754 533 3801 censent.

340 3821 546 3885 Con/Ege
599 3819 777 3871 clavis.
832 3818 1003 3880 LXX,
1043 3817 1323 3875 καθήλωσον
1378 3817 1432 3865 ἐκ
1484 3815 1568 3866 τοῦ
1621 3817 1771 3882 φόϐου
1821 3834 1911 3868 σου

274 3892 359 3948 τὰς
402 3893 581 3957 σάρκας
632 3908 744 3955 μου.
796 3893 999 3956 Aquila
1051 3891 1212 3949 ήλώθη
1260 3890 1464 3954 posuit.
1516 3890 1677 3941 Unde
1728 3890 1911 3941 hario-

275 3964 379 4015 lari
422 3963 612 4015 licebit
670 3963 907 4027 primam
970 3964 1332 4027 scriptionem
1394 3962 1564 4012 fuisse
1614 3962 1908 4020 καθήλωσεν.

275 4036 400 4087 Hoc
426 4034 919 4100 loquendigenere
935 4036 1111 4083 utitur
1136 4034 1399 4083 Salomon
1428 4033 1646 4084 Eccles.
1681 4048 1783 4097 xu,
1809 4036 1869 4084 η
1893 4049 1908 4083 :

271 4107 425 4169 Λόγοι
495 4123 653 4170 σοφων
676 4144 693 4170 ,
749 4112 814 4162 ὡς
869 4107 928 4154 τὰ
980 4105 1272 4169 βούχεντρα,
1319 4105 1401 4152 καὶ
1454 4106 1519 4159 ὡς
1566 4103 1671 4163 ἧνοι
1728 4104 1906 4169 πυρού-

274 4204 424 4251 μενοι.
465 4189 567 4240 νει
596 4192 658 4238 ut
688 4187 961 4238 Theodot.
993 4186 1102 4245 ἧλοι
1137 4184 1415 4247 πεπηγότες.
1447 4182 1577 4231 ὩΥΊ
1604 4186 1907 4238 Hebreum

268 4273 382 4310 non
398 4264 613 4310 tantum
627 4260 832 4309 horruit
842 4259 1140 4323 significat,
1156 4258 1255 4307 sed
1287 4259 1453 4307 etiam
1478 4257 1642 4307 clavis
1663 4258 1905 4327 conﬁxit.

335 4336 457 4385 Dies
508 4334 631 4396 ejus.
682 4333 846 4382 Diem
881 4332 1107 4402 Domini
1156 4330 1370 4402 Messian
1421 4335 1667 4394 tempora
1719 4331 1904 4402 desig-

268 4422 403 4461 nare
431 4406 567 4456 satis
591 4408 805 4453 notum.
840 4401 962 4451 Vid.
992 4404 1117 4452 Act.
1154 4414 1211 4464 ιι,
1245 4400 1325 4451 20.
1354 4403 1565 4451 Auctor
1593 4405 1779 4453 noster
1802 4400 1903 4470 pro

266 4478 490 4539 κλητοὺς,
517 4475 764 4531 ἐκλεκτοὺς
795 4474 994 4538 legisse
1022 4472 1260 4523 videtur.

333 4555 473 4605 Deus
520 4546 877 4610 suspenditur.
931 4544 1109 4608 LXX,
1160 4545 1253 4609 οὐχ
1302 4546 1367 4601 ὡς
1412 4544 1655 4609 ἄνθρωπος

266 4622 589 4689 διαρτῃθηναι.
622 4618 785 4680 Quod
809 4616 1139 4689 scholiastes
1164 4616 1395 4689 graecus
1415 4631 1529 4668 non
1552 4620 1903 4672 incommode

269 4686 666 4760 interpretatur
702 4708 713 4741 :
749 4688 1084 4755 Διαρτηθῇναι,
1107 4686 1223 4737 τοῦτ
1262 4688 1362 4737 ἔστι
1390 4689 1692 4750 σαλευθῆναν
1727 4693 1787 4741 τὰ
1812 4692 1903 4757 γὰρ

265 4769 539 4835 κρεμάμενα
561 4765 860 4828 σαγεύονται.

331 4840 510 4893 XXII.
551 4840 700 4889 Texit
748 4835 900 4887 ctelos
934 4836 1108 4886 virtus
1142 4835 1269 4899 ejus.
1306 4834 1488 4886 Locus
1524 4837 1629 4885 iste
1670 4849 1900 4900 appara-

268 4918 390 4965 tum
418 4924 644 4963 omnem
674 4909 891 4959 traditae
930 4908 1060 4957 olim
1092 4906 1231 4970 legis
1261 4905 1542 4969 describit,
1579 4909 1741 4971 cujus
1782 4921 1901 4959 me-

266 4984 449 5036 diator
474 4982 699 5034 fmderis
727 4981 998 5045 Angelus,
1019 4981 1140 5031 sive
1164 4980 1439 5030 Dominus
1461 4984 1663 5031 noster.
1689 4980 1898 5031 Tertul.

265 5056 302 5108 l.
338 5070 393 5107 IV
426 5055 551 5105 adv.
575 5056 741 5104 Marc.
772 5067 825 5103 c.
858 5052 941 5114 22,
977 5050 1522 5116 transﬂgurationem
1561 5051 1899 5103 dominicam

266 5129 451 5180 verbis
476 5127 589 5177 illis
616 5124 869 5177 exhiberi
906 5123 1196 5175 contendit
1224 5137 1236 5171 :
1266 5136 1392 5187 quin
1434 5122 1660 5187 quidem
1686 5123 1885 5186 passio-

264 5202 358 5251 nis
384 5204 664 5251 secuturm
708 5195 1083 5258 adumbratio,
1114 5199 1255 5247 teste
1296 5196 1363 5245 D.
1406 5195 1573 5255 Luca,
1609 5208 1660 5243 c.
1706 5206 1786 5254 IX,
1818 5193 1897 5244 33.

266 5273 501 5323 Notetur
523 5270 690 5320 verba
720 5268 816 5318 illa
849 5272 895 5317 et
928 5266 1037 5316 illic
1064 5264 1392 5317 constabilita
1422 5270 1493 5315 est
1523 5266 1691 5315 virtus
1720 5264 1901 5329 gloria:

264 5345 379 5409 ejus
407 5350 454 5394 et
478 5342 742 5393 constituit
778 5340 1113 5391 dilectionem
1155 5338 1413 5399 validam,
1448 5348 1570 5386 esse
1607 5335 1747 5385 duas
1776 5349 1899 5386 ver-

264 5426 453 5476 siones
489 5421 742 5487 ejusdem
776 5424 977 5482 textus,
1016 5418 1225 5470 hebriei
1259 5418 1545 5477 nimirum,
1593 5414 1703 5466 rus
1748 5410 1899 5492 pun

267 5500 393 5552 D2"
424 5516 552 5569 qua
588 5517 657 5554 ex
694 5501 1058 5566 homonymia
1102 5499 1309 5563 lingua
1354 5500 1517 5549 istius
1558 5502 1718 5549 natae.
1751 5498 1900 5548 Talis

264 5586 324 5637 in
354 5584 610 5649 sequenti
642 5597 785 5636 voce
830 5580 937 5631 ΊΞἾ
966 5594 1095 5646 quas
1134 5580 1350 5631 verbum
1392 5584 1448 5632 et
1490 5582 1685 5645 pestem
1716 5581 1899 5639 sonat,

266 5666 535 5727 occurrit;
579 5669 633 5741 et
671 5664 924 5741 proxima
950 5659 1083 5741 ἾΨἾ
1116 5675 1245 5729 qua
1286 5668 1483 5741 terram
1522 5659 1800 5721 torridam,
1847 5662 1902 5709 et

259 5750 489 5805 prunam
516 5738 784 5789 ardentem
807 5735 1051 5789 denotat.
1387 5735 1417 5774 ⁸

329 5811 612 5879 Imperium
655 5822 819 5877 super
860 5810 1123 5861 humeros.
1172 5808 1321 5862 Tert.
1363 5807 1486 5860 ade.
1530 5807 1651 5860 Iud.
1700 5820 1752 5860 e.
1787 5806 1850 5858 t0
1884 5818 1899 5857 ι

1700 4548 1727 4595 ὁ
1784 4548 1903 4605 Θεὸς
1920 4507 1981 4581 D

2022 3281 2128 3345 nec
2157 3281 2275 3345 non
2299 3268 2451 3345 gert.
2482 3270 2781 3321 lectionem
2809 3271 3012 3321 Justini
3049 3276 3308 3338 martyris
3331 3268 3661 3345 sequuntur,

2020 3340 2231 3389 relictis
2253 3338 2422 3389 LXX.

2089 3410 2150 3460 Ut
2190 3414 2519 3462 suscitentur.
2564 3412 2627 3462 In
2683 3412 2790 3464 hac
2841 3413 3080 3465 lectione
3127 3420 3486 3471 consentiunt
3522 3436 3659 3475 mss-

2018 3481 2265 3543 codices;
2294 3485 2502 3535 rectius
2526 3482 2825 3543 diceretur,
2850 3491 2907 3535 ut
2928 3487 3256 3549 judicentur.

2080 3554 2334 3605 XXVIII.
2376 3580 2436 3591 —
2481 3556 2609 3606 Ecce
2649 3556 2759 3607 dies
2799 3558 3013 3607 Domini
3060 3562 3225 3609 venit.
3270 3561 3435 3614 Hanc
3485 3564 3653 3619 Mala-

2017 3625 2160 3676 chia:
2184 3626 2540 3689 prophetiam
2568 3626 2676 3677 sibi
2706 3628 2902 3677 asserit
2925 3629 3200 3680 Dominus
3228 3632 3418 3683 Matth.
3448 3649 3531 3695 x1,
3568 3642 3645 3690 14.

2015 3697 2183 3748 Illum
2232 3698 2329 3761 qui
2378 3700 2666 3761 sequitur,
2713 3698 2859 3749 diem
2905 3700 3103 3763 judicii
3166 3708 3414 3766 spectare
3461 3716 3651 3763 monet

2012 3766 2400 3832 paraphrastes
2426 3767 2744 3829 Chaldmus,
2776 3770 2873 3833 qui
2903 3771 3181 3833 psalmum
3205 3786 3346 3824 XLIX
3375 3781 3649 3842 respicere

2013 3847 2176 3899 docet
2205 3846 2318 3894 Μ)
2348 3846 2479 3899 VA”?
2512 3844 2605 3895 ΕΙἾῖ
2642 3849 2790 3900 diem
2812 3852 2999 3915 magni
3024 3852 3240 3915 judicii.
3273 3854 3377 3906 Cui
3402 3863 3649 3913 concinit

2012 3922 2248 3985 August.
2295 3920 2361 3970 de
2401 3922 2556 3973 Civit.
2609 3922 2705 3970 Dei
2747 3923 2782 3971 l.
2828 3935 2931 3983 xx,
2973 3936 3021 3972 c.
3070 3924 3149 3973 24.
3195 3922 3459 3977 Similiter
3501 3932 3643 3983 Psal.

2009 4004 2184 4052 vau,
2227 3991 2325 4055 qui
2363 3992 2522 4041 Arcas
2560 3991 2805 4054 {cedet-is,
2837 3996 2893 4041 et
2931 3992 3047 4042 illic
3088 3992 3293 4046 divinae
3332 4004 3644 4060 praesentire

2010 4062 2360 4113 celebrandas
2428 4061 2767 4123 destinatur,
2826 4064 3004 4113 multo
3074 4065 3346 4117 illustrius
3404 4071 3643 4129 σκήνωσιν

2008 4134 2160 4184 illius
2201 4134 2259 4183 in
2290 4146 2458 4183 carne
2503 4133 2846 4197 exsequitur,
2891 4134 3041 4199 quod
3084 4141 3275 4188 monet
3313 4139 3379 4189 D.
3434 4141 3642 4197 Paulus

2004 4206 2148 4272 Eph.
2180 4220 2253 4269 iv,
2280 4207 2329 4257 9.

2074 4281 2135 4330 Ut
2156 4284 2379 4345 separet.
2416 4277 2569 4329 LXX
2593 4277 2788 4343 legunt
2821 4276 2906 4327 τοῦ
2935 4278 3187 4345 διακρῖναι.
3224 4282 3435 4335 Revera
3459 4291 3639 4340 extre-

2004 4364 2160 4402 mum
2200 4349 2474 4414 judicium
2524 4362 2623 4413 per
2667 4350 3072 4414 separationem
3123 4354 3463 4417 expedietur.
3510 4358 3639 4419 Vid.

2004 4421 2197 4473 Matth.
2226 4433 2370 4482 xxv,
2399 4420 2479 4469 32.

2070 4491 2449 4543 Turbabuntur
2491 4506 2522 4540 ιι
2581 4490 2719 4554 facie
2768 4494 2899 4555 ejus.
2964 4494 3102 4546 Haec
3143 4495 3277 4549 licet
3324 4500 3383 4550 in
3425 4501 3635 4554 Grmcis

2002 4560 2415 4627 exemplaribus
2454 4569 2831 4626 compareant,
2866 4563 3250 4618 desiderantur
3287 4570 3344 4620 in
3388 4573 3633 4627 fontibus

2000 4636 2275 4687 Hebraeis.

2063 4704 2453 4779 Exterminabis
2471 4706 2535 4779 in
2561 4705 2805 4779 omnibus
2830 4707 3094 4771 gentibus.
3124 4712 3634 4779 Κατακληρονομήσεις

2001 4780 2153 4855 LXX
2184 4777 2424 4855 hab_en_t_._
2457 4777 2569 4839 Qui
2612 4777 2748 4842 quid
2786 4779 2893 4829 sibi
2923 4780 3195 4845 vindicat,
3240 4777 3377 4835 alios
3420 4777 3632 4855 posses,

2001 4854 2157 4903 sione
2186 4849 2447 4901 excludit.

2064 4922 2269 4972 XXIX.
2334 4948 2391 4957 —
2455 4920 2582 4982 Quis
2647 4920 2931 4972 nuntiabat
3003 4921 3167 4973 vobis.
3236 4925 3321 4981 Τις
3385 4927 3635 4991 ἀναγγελεῖ

1999 5006 2111 5068 ὕμιν
2158 5001 2309 5054 LXX
2359 5000 2593 5063 habent,
2644 5002 2744 5064 qui
2803 5015 2903 5065 pro
2962 4998 3074 5051 nn
3124 5005 3323 5069 legisse
3371 5008 3631 5062 videntur

1999 5083 2125 5137 1W.
2157 5083 2318 5148 Quod
2359 5082 2612 5147 sequitur
2643 5081 2714 5132 de
2749 5081 2881 5146 τόπῳ
2920 5082 3099 5146 αἰωνίῳ
3123 5097 3224 5136 seu
3267 5086 3389 5138 loco
3419 5094 3629 5143 aeterno

2000 5157 2451 5223 euphemismum
2524 5153 2822 5204 Hebraeum
2893 5168 3088 5218 sapere
3152 5156 3403 5222 videtur;
3483 5163 3629 5213 τόπον

2001 5232 2229 5295 βασανης,
2258 5228 2324 5278 D.
2358 5226 2534 5277 Lucas
2570 5225 2828 5290 appellat.
2869 5225 3004 5276 Sero
3048 5232 3162 5277 erat
3202 5232 3427 5293 quando
3465 5235 3629 5288 infer-

2000 5317 2108 5355 nus
2140 5316 2239 5366 per
2268 5299 2487 5363 Tophet
2516 5303 2572 5348 et
2595 5297 2910 5361 gehennam
2946 5298 3359 5364 designabatur.

2062 5375 2281 5435 Auferte
2326 5376 2534 5442 portas.
2586 5370 2913 5442 Lectionem
2952 5369 3100 5421 hanc
3150 5376 3451 5436 genuinam
3500 5383 3635 5442 puto

2000 5448 2131 5498 licet
2178 5443 2422 5495 Pamelio
2460 5441 2620 5491 aliter
2671 5441 2882 5501 visum;
2921 5445 3051 5490 nata
3104 5446 3254 5493 enim
3296 5441 3519 5498 videtur
3562 5463 3631 5501 ex

2001 5516 2180 5571 Graeci
2204 5517 2390 5565 textus
2427 5511 2571 5576 ἄρατε
2607 5508 2758 5566 πύλας
2796 5510 3175 5576 homonymia,
3213 5528 3320 5566 nec
3357 5531 3387 5565 τι
3417 5517 3632 5567 libraris

2001 5599 2183 5641 errore
2236 5584 2416 5651 potuit
2483 5584 2821 5644 contingere.
2878 5583 3023 5633 Loca
3088 5597 3159 5635 ex
3221 5586 3455 5637 Psalmis
3503 5600 3632 5650 qua:

2000 5662 2095 5712 hic
2144 5658 2541 5721 congeruntur,
2594 5654 2835 5705 Domino
2885 5657 3075 5705 nostro
3122 5656 3409 5710 vindicare
3454 5668 3627 5719 super

2000 5741 2214 5782 vacuus
2262 5730 2411 5779 esset
2458 5724 2643 5786 labor;
2689 5724 2970 5791 siquidem
3017 5725 3284 5790 pleraque
3340 5740 3374 5777 ιι
3424 5724 3643 5777 ,ἰυείωἱο

2002 5803 2141 5870 ipsis
2165 5799 2388 5853 Messite
2432 5795 2769 5849 tribuantur.
2808 5796 3085 5850 Dominus
3120 5803 3336 5866 noster,
3378 5796 3543 5848 Jun.
3588 5809 3653 5865 χ,
