4144 6192
461 249 602 304 1263

1779 243 1954 300 ΕΒΙΤ.
1995 243 2196 301 ΟΧΟΝ.
2237 245 2472 303 NOTIE.‘

3690 246 3830 314 i264

467 373 518 432 l,
543 371 787 460 seilp‘s'um
829 371 1042 460 portat:
1083 365 1398 460 proﬁtetur;
1429 369 1608 460 atque
1642 366 1701 415 in
1747 365 1893 448 hanc
1934 379 2098 460 men-
2121 385 2179 460 Α
2201 441 2218 460 ι
2261 368 2458 450 Omnia
2487 367 2898 460 ista-observavi.
2935 365 3080 432 Quas
3105 369 3352 460 insuere
3387 372 3544 420 textu
3559 382 3838 460 (sequun—

470 447 583 494 tem
611 441 868 492 Clemens
908 441 965 490 in
995 439 1170 502 Epist.
1207 437 1275 487 ad
1313 437 1652 500 Corinthios,
1683 439 1968 502 geminum
2010 440 2099 488 lo-

469 527 600 564 cum
631 513 771 562 Psal.
804 523 999 571 CXVIII,
1030 509 1274 566 Ἀνοίξατέ
1295 527 1377 572 μοι
1406 508 1559 564 πύλας
1583 508 1891 565 δικαιοσύνης
1925 511 2102 560 inter-

468 590 733 649 pretatur.

529 655 762 706 Minislri
849 655 949 704 mei
1041 653 1399 704 turbarentur.
1492 652 1842 716 Ἠγωνίζοντο,
1923 654 2107 718 inquit

469 725 787 790 Apostolus,
837 726 895 774 in
940 725 1137 788 agonia
1176 728 1531 775 versarentur
1569 740 1580 772 :
1623 725 1896 776 Dominus
1945 739 2104 775 suam

467 798 725 862 agoniam
771 796 1148 860 descripturus
1190 797 1284 856 ait,
1322 809 1461 845 nunc
1501 798 1690 846 anima
1733 811 1849 847 mea
1891 796 2106 847 turbata

463 875 557 920 est.

462 965 464 968 ν
532 940 754 989 Paravit
801 944 954 1002 pater
1003 952 1158 988 meus.
1214 937 1492 988 Constans
1543 943 1628 990 est
1677 942 1871 990 auctor
1918 945 2107 990 noster

461 1012 526 1062 in
589 1011 701 1061 hac
759 1011 1039 1072 lectione,
1092 1009 1564 1074 quemadmodum
1623 1010 1790 1060 etiam
1841 1010 2104 1060 lrenaaus.

460 1083 626 1132 .lllam
689 1083 945 1147 agnoscit
999 1095 1130 1130 mss.
1180 1080 1411 1132 Cantab.
1462 1081 1888 1141 vetustissimus,
1942 1085 2006 1130 ut
2053 1085 2108 1132 et

469 1150 563 1200 alii
609 1151 832 1203 codices
889 1151 1092 1213 Graeci,
1145 1154 1242 1217 qui
1288 1153 1479 1216 legunt
1527 1153 1554 1199 ὅ
1600 1152 1835 1215 ἡτοίμασε
1876 1153 1902 1200 ὁ
1941 1153 2107 1216 Πατήρ

469 1237 562 1285 μου
571 1257 582 1269 .

981 1367 1150 1406 CIRCA
1188 1369 1324 1406 ANN.
1365 1366 1604 1406 CCXLIX.

679 1471 1281 1524 TESTIMONIORUM
1315 1473 1524 1524 LIBER
1562 1472 1890 1524 TERTIUS.

535 1596 683 1646 Liber
712 1597 911 1645 tertius.
944 1593 1107 1645 Liber
1143 1594 1238 1645 hic
1286 1595 1419 1645 licet
1463 1596 1515 1644 in
1557 1595 1798 1646 editione
1836 1595 2103 1659 Spirensi,

462 1669 643 1719 veteri
702 1668 1048 1716 innominato
1111 1670 1167 1717 et
1239 1666 1531 1717 Remboldi
1595 1667 1972 1727 desideretur;
2046 1667 2102 1716 in

471 1739 707 1797 Erasmi,
736 1749 977 1802 quasque
1008 1738 1191 1800 ipsum
1226 1741 1434 1789 secutae
1468 1743 1601 1788 sunt
1630 1739 1911 1798 omnibus,
1949 1738 2104 1789 dein-

469 1824 604 1875 ceps
665 1811 949 1873 reperitur.
1006 1808 1174 1857 Porro
1233 1821 1366 1858 mss.
1425 1807 1644 1859 codices
1700 1810 1904 1872 passim
1953 1809 2105 1858 exhi-

471 1883 622 1932 bent.
698 1881 1022 1932 Genuinum
1093 1891 1214 1928 esse
1282 1880 1523 1930 auctoris
1586 1880 1759 1929 nostri
1821 1880 2104 1942 scriptum,

472 1953 729 2016 superius
763 1965 830 2001 ex
870 1951 1216 2012 Hieronymi,
1267 1950 1584 2015 Augustini,
1623 1951 1972 2014 aliorumque
2011 1963 2106 2000 ve-

471 2028 652 2074 terum
701 2021 977 2086 suffragiis
1020 2021 1380 2070 ostendimus.
1429 2021 1708 2072 Mantissae
1753 2027 1938 2072 autem
1981 2021 2106 2071 loco

472 2095 675 2144 addere
731 2094 1035 2144 etiamnum
1088 2091 1298 2154 licebit,
1352 2105 1462 2142 non
1518 2093 1682 2143 modo
1734 2094 1961 2143 titulum
2010 2094 2101 2156 54,

469 2166 638 2228 hujus
670 2164 799 2214 libri
847 2164 1068 2213 disertis
1103 2163 1288 2213 verbis
1323 2163 1393 2212 ab
1433 2164 1774 2228 Hieronymo
1816 2165 2103 2215 laudatum

469 2238 662 2296 fuisse,
718 2235 814 2286 sed
868 2236 1036 2286 etiam
1092 2235 1314 2284 titulum
1355 2239 1614 2298 quartum
1669 2236 1738 2286 ab
1791 2238 2105 2299 Augustino

463 2309 678 2371 saepius
729 2308 903 2369 citari,
952 2307 1215 2356 nimirum
1278 2308 1500 2356 Rclract.
1561 2308 1595 2356 l.
1654 2321 1711 2369 Il,
1760 2321 1810 2358 c.
1870 2311 1923 2366 l;
1971 2307 2101 2357 Adv.

472 2379 648 2442 Pelag.
697 2391 746 2428 c.
801 2380 862 2439 9;
919 2380 991 2427 De
1030 2379 1269 2428 Praedcst.
1320 2383 1484 2426 sanet.
1531 2391 1578 2428 c.
1626 2379 1674 2428 3.
1730 2379 1955 2428 Inﬁcias
1989 2392 2102 2428 non

473 2451 662 2499 iverim
713 2451 1032 2499 testimonia
1081 2449 1338 2514 quaedam
1382 2464 1410 2497 a
1464 2449 1703 2499 librariis
1757 2451 2101 2514 interpolata,

469 2522 578 2570 alia
609 2521 806 2570 verbis
851 2521 1060 2584 vulgati
1106 2523 1416 2583 interpretis
1460 2521 1739 2585 descripta
1782 2535 2101 2582 occurrere;

471 2591 568 2641 sed
612 2591 735 2642 htBC
775 2592 841 2640 ad
889 2592 1014 2640 libri
1068 2591 1242 2654 ipsius
1284 2595 1484 2641 statum
1529 2606 1638 2642 non
1680 2594 1954 2656 pertinent
2001 2609 2012 2642 :
2049 2599 2105 2644 et

471 2664 659 2712 omnia
703 2663 815 2711 fere
857 2665 1107 2713 veterum
1141 2663 1346 2726 scripta
1383 2676 1457 2713 ex
1486 2676 1648 2728 eaque
1679 2670 1932 2728 tangunt.
1961 2665 2104 2716 Rec-

469 2735 580 2783 tius
634 2734 875 2784 dubitari
940 2735 1137 2797 poterit
1193 2748 1262 2783 an
1321 2735 1462 2785 liber
1510 2737 1615 2786 iste
1674 2737 1743 2786 ad
1807 2737 2103 2798 Quirinum

471 2806 688 2864 tertius,
717 2805 807 2854 vel
836 2804 1134 2868 singularis
1177 2807 1379 2868 potius,
1417 2807 1618 2871 suique
1659 2809 1798 2872 juris
1837 2809 1947 2858 dici
2000 2809 2105 2859 de-

469 2876 613 2926 beat.
647 2876 788 2937 Quae
827 2876 1091 2926 adversus
1124 2876 1351 2927 Judaaos
1389 2880 1644 2941 superius
1683 2879 1958 2930 habentur
1987 2885 2104 2930 tes-

469 2949 730 3007 timonia;
775 2948 1027 3005 unicum,
1072 2948 1202 2997 licet
1245 2948 1585 3012 bipertitum,
1636 2963 1775 3014 opus
1823 2951 2102 3002 conficere

469 3019 731 3068 videntur
775 3033 786 3066 :
842 3018 989 3082 quod
1035 3021 1348 3081 argumenti
1385 3021 1546 3078 ratio,
1586 3024 1641 3071 et
1676 3023 1921 3086 Epistola
1959 3036 2102 3086 prae-

471 3091 641 3140 missa
690 3088 926 3140 suadere
973 3091 1227 3152 poterint.
1281 3089 1430 3152 Quin
1469 3093 1577 3142 imo
1630 3093 1832 3143 diversi
1879 3107 2103 3157 prorsus

2201 441 2308 498 tur,
2352 453 2387 489 a
2415 439 2689 502 juventute
2737 454 2852 490 meo
2899 441 3251 504 praetermisit
3299 446 3506 491 auctor.
3558 440 3842 492 Observet

2203 525 2333 562 vero
2364 512 2537 562 lector
2578 511 2700 563 loca
2726 511 2848 563 haec
2888 514 3007 576 ipsa
3051 513 3254 576 pariter
3297 515 3558 576 congesta
3596 514 3653 561 in
3694 513 3840 563 libro

2203 583 2267 634 de
2297 584 2459 646 Opere
2484 589 2532 632 et
2566 583 2927 646 Eleemosyna;
2955 598 3083 648 quae
3111 585 3178 634 iis
3215 598 3344 648 quae
3373 584 3624 634 diximus
3649 597 3841 647 supra,

2204 668 2326 719 pag.
2355 653 2435 715 l3,
2464 654 2533 705 de
2559 655 2825 718 Cypriani
2860 656 3124 706 methodo
3157 657 3212 705 in
3240 655 3535 706 laudandis
3559 654 3616 706 S.
3650 655 3840 718 Scrip-

2206 727 2364 786 turis,
2391 739 2616 790 prorsus
2635 727 2990 791 respondent.
3015 727 3133 777 lmo
3163 731 3214 778 et
3239 727 3444 778 librum
3473 727 3626 778 hunc
3658 727 3842 778 eidem

2205 800 2480 847 asserunt.

2273 870 2336 918 Ut
2365 870 2422 918 in
2448 868 2686 920 omnibus
2712 869 3114 934 locupletemini.
3146 869 3244 922 Sic
3271 869 3444 934 aliqui
3473 869 3655 921 Graeci
3684 869 3842 921 cedi-

2203 953 2299 992 ces
2333 941 2546 1005 legunt,
2571 940 2650 989 ἴνα
2667 940 2715 989 ἐν
2739 945 2878 992 πᾶσι.

2267 1014 2445 1076 Neque
2491 1012 2694 1063 divites.
2747 1013 2929 1075 Quam
2971 1013 3271 1064 lectionem
3318 1026 3450 1063 mss.
3502 1013 3842 1077 exemplaria

2206 1083 2404 1136 Graeca
2440 1087 2686 1145 tuentur,
2728 1098 2856 1149 qum
2889 1084 3100 1136 habent
3148 1085 3267 1148 μηδὲ
3311 1086 3423 1140 τοὺς
3456 1085 3748 1141 πλουσίους.
3773 1085 3843 1134 Et

2206 1155 2430 1220 quidem
2461 1169 2588 1220 quae
2615 1169 2692 1207 ex
2740 1157 2972 1207 adversa
3010 1161 3165 1221 parte
3200 1162 3530 1222 sequuntur,
3575 1159 3842 1206 nimirum

2205 1241 2530 1292 pauperum,
2574 1228 2863 1289 debilium,
2922 1242 3199 1280 caecorum
3251 1234 3305 1280 et
3359 1229 3684 1281 claudorum
3729 1228 3843 1278 dis-

2209 1301 2377 1350 tincta
2401 1299 2628 1361 mentio,
2656 1300 2885 1351 lectioni
2917 1300 3052 1351 huic
3075 1301 3260 1352 favere
3291 1301 3570 1352 videntur.

2270 1371 2361 1420 III.
2393 1397 2444 1406 —
2484 1371 2614 1419 Dum
2651 1371 2787 1420 enim
2826 1371 2997 1421 adhuc
3036 1371 3228 1435 pusilli
3258 1373 3433 1422 eratis.
3483 1371 3846 1422 Additamen-

2208 1446 2325 1492 tum
2353 1456 2385 1492 a
2419 1441 2643 1492 librario
2694 1443 2834 1493 forte
2877 1443 3210 1504 adhibitum,
3242 1443 3396 1495 abest
3442 1444 3592 1494 enim
3636 1443 3694 1492 in
3746 1442 3844 1492 lib.

2202 1515 2268 1564 de
2307 1514 2420 1563 Zelo
2463 1519 2511 1564 et
2560 1514 2766 1575 Lioore,
2807 1513 2907 1565 ubi
2955 1519 3142 1566 textus
3188 1515 3283 1565 hic
3328 1515 3608 1565 laudatur.
3650 1513 3847 1565 Simile

2204 1585 2354 1648 apud
2386 1585 2654 1636 Irenaeum
2702 1586 2944 1636 occurrit
2969 1586 3004 1636 1.
3042 1600 3120 1647 1v,
3146 1599 3194 1636 c.
3231 1587 3295 1636 75
3323 1601 3335 1635 :
3369 1588 3468 1637 Lac
3491 1587 3639 1637 vobis
3657 1591 3843 1650 potum

2204 1655 2348 1715 dedi,
2373 1669 2481 1706 non
2523 1669 2724 1719 escam;
2755 1657 2986 1707 nondum
3014 1658 3153 1708 enim
3185 1658 3433 1721 poteratis
3471 1670 3643 1709 escam
3672 1657 3840 1721 perci-

2203 1739 2345 1789 perc.

2269 1801 2520 1853 Charitas
2544 1805 2905 1867 magnamina.
2937 1803 3266 1869 Μακροθυμεῖ.
3291 1804 3687 1867 Magnanimem
3713 1803 3849 1853 Ter-

2208 1874 2475 1924 tullianus
2497 1876 2740 1940 appellat
2769 1875 2912 1926 libro
2943 1876 3007 1926 de
3033 1876 3315 1926 Patientia.
3345 1874 3455 1926 Sed
3485 1875 3848 1939 longanimus,

2206 1958 2315 1995 vox
2339 1949 2544 2010 pariter
2572 1945 2824 2009 barbara,
2850 1947 3027 2011 magis
3051 1947 3312 1998 obtinuit.

2268 2019 2386 2068 Non
2422 2017 2660 2080 inflatur,
2697 2031 2802 2068 non
2835 2017 3105 2068 irritatur.
3144 2017 3382 2069 Codices
3420 2018 3590 2082 graeci
3634 2018 3844 2082 passim

2206 2088 2402 2152 legunt
2428 2105 2485 2138 ου
2512 2085 2784 2152 φυσιοῦται,
2805 2105 2896 2138 ουκ
2918 2089 3188 2153 ἀσχημονεῖ
3215 2104 3228 2138 :
3257 2089 3356 2140 sed
3382 2102 3511 2139 mss.
3540 2089 3847 2154 quamplu-

2205 2160 2332 2209 rimi
2361 2159 2567 2210 habent
2593 2175 2652 2208 ου
2677 2161 2930 2224 φυσιόυται
2959 2161 3016 2210 δυ
3036 2163 3292 2224 φιλοτιμεῖ,
3320 2175 3464 2226 quos
3493 2165 3691 2212 auctor
3711 2175 3845 2211 nos-

2207 2235 2290 2283 ter
2318 2231 2537 2283 videtur
2565 2236 2810 2284 secutus.
2844 2234 2906 2282 In
2933 2233 3077 2284 libro
3097 2233 3164 2283 de
3191 2234 3328 2284 Unit.
3350 2235 3616 2297 Ecclesia,
3643 2232 3842 2284 eodem

2205 2303 2372 2353 modo
2406 2307 2592 2354 textus
2616 2303 2710 2355 hic
2740 2303 2982 2356 effertur.

2272 2377 2556 2425 Discrimen
2606 2374 2790 2426 ullum.
2833 2377 2992 2427 Hanc
3034 2376 3332 2427 lectionem
3385 2380 3612 2427 tuentur
3651 2375 3848 2440 proha-

2207 2447 2405 2498 tissimi
2433 2447 2655 2497 codices
2689 2448 2856 2511 graeci
2895 2461 3027 2497 mss.
3059 2447 3418 2511 Bodleianus,
3456 2450 3504 2498 si
3543 2451 3671 2512 quis
3701 2449 3846 2498 alius

2205 2518 2538 2568 venerandae
2587 2520 2953 2583 antiquitatis,
2999 2519 3319 2570 uncialibus
3362 2521 3559 2569 litteris
3597 2519 3844 2582 descrip-

2204 2594 2313 2652 tus,
2347 2591 2482 2654 legit
2507 2605 2594 2638 oux
2617 2589 2673 2648 ἦν
2710 2589 2965 2654 χωρισμὸς
2987 2590 3034 2639 ἐν
3073 2595 3238 2649 αυτοῖς
3271 2608 3367 2648 τις.
3397 2591 3553 2641 Bezae
3582 2604 3714 2640 vero
3748 2592 3846 2654 qui

2205 2661 2577 2725 Cantabrigiee
2623 2666 2892 2723 servatur,
2935 2677 2992 2709 ου
3037 2661 3278 2727 διάκρισις
3320 2670 3366 2714 tv
3410 2666 3582 2720 more
3621 2660 3846 2725 ουδεμία.

2205 2733 2538 2797 Sequiorum
2591 2736 2902 2796 temporum
2953 2735 3268 2799 apographa
3324 2739 3606 2800 prmtereo.
3672 2735 3844 2784 Porro

2205 2804 2512 2855 notandum
2561 2803 2766 2854 Bedam
2817 2807 3156 2867 nostratem,
3206 2805 3355 2857 hanc
3405 2805 3842 2870 discrepantiam

2203 2877 2337 2926 olim
2360 2876 2682 2927 observasse
2706 2877 2764 2927 in
2784 2879 3010 2928 Rctract.
3039 2878 3096 2926 in
3117 2881 3227 2928 Act.
3251 2878 3432 2943 Apost.

2269 2947 2403 3011 0/]‘er
2450 2962 2632 2997 munus
2667 2951 2813 2997 tuum
2855 2950 2930 2998 ad
2973 2948 3164 2999 altare.
3191 2949 3395 3012 Voces,
3425 2948 3495 2999 ad
3523 2947 3716 3009 altare,
3749 2960 3844 2996 re-

2204 3017 2470 3068 dundanL

2263 3091 2321 3138 In
2362 3087 2584 3139 tenebris
2621 3089 2867 3140 ambulat.
2913 3091 3036 3142 Vox
3080 3091 3332 3154 ambulat,
3375 3104 3698 3158 quanquam
3745 3090 3843 3140 hic

471 3162 780 3225 argumenti
829 3173 956 3224 quae
1005 3165 1316 3224 sequuntur
1377 3164 1714 3225 testimonia,
1755 3168 1809 3215 et
1854 3165 2103 3228 Epistola
2123 3158 2178 3232 C
2204 3159 2312 3209 1οοὶ
2330 3173 2450 3232 ίηοῐι
2475 3161 2792 3232 reperiatur,
2822 3161 2967 3210 infra
2994 3175 3043 3210 ν.
3070 3164 3149 3220 ii,
3179 3161 3430 3213 habetur.

471 3234 656 3283 denuo
691 3232 899 3294 addita,
933 3236 1230 3283 tractatum
1257 3233 1412 3284 hunc
1439 3236 1601 3284 novis
1630 3237 1892 3299 auspiciis
1921 3238 2103 3300 scrip-

471 3309 589 3354 tum
642 3308 930 3353 testantur.
983 3302 1141 3354 Unde
1189 3317 1302 3354 non
1353 3305 1499 3355 male
1543 3307 1722 3357 codex
1773 3307 2103 3358 Lambetha-

469 3389 577 3424 nus
630 3373 1006 3437 praecedentes
1070 3374 1295 3424 libellos
1352 3388 1451 3439 pro
1514 3389 1627 3425 uno
1684 3376 1876 3438 ducit,
1937 3382 2104 3442 atque

468 3446 623 3495 hunc
654 3445 750 3509 qui
789 3446 1060 3508 sequitur,
1097 3459 1208 3494 non
1258 3447 1504 3506 tertium,
1542 3446 1638 3496 sed
1683 3447 1992 3499 secundum
2035 3448 2104 3499 ad

473 3517 771 3579 Quirinum
803 3517 1008 3566 librum
1037 3517 1299 3580 appellat.
1322 3517 1430 3567 Sed
1453 3518 1908 3582 quandoquidem
1933 3521 2105 3571 altera

469 3588 797 3638 numerandi
826 3589 964 3637 ratio
990 3588 1244 3651 invaluit,
1267 3587 1337 3638 ab
1363 3591 1558 3640 eadem
1587 3592 1819 3642 minime
1843 3593 2104 3643 receden-

469 3659 601 3711 dum
629 3660 906 3711 ducimus.

533 3733 574 3782 Ι.
600 3759 661 3768 -
685 3733 782 3781 Αη.
824 3732 918 3780 249
944 3730 1149 3781 librum
1185 3731 1339 3782 hunc
1372 3731 1530 3781 novis
1563 3733 1788 3782 omnino
1815 3734 2102 3798 auspiciis,

469 3805 524 3854 et
553 3806 736 3852 tamen
761 3803 887 3851 ante
907 3803 1353 3865 persecutionem
1384 3804 1786 3868 conscriptum;
1819 3817 1965 3853 anno
1990 3804 2102 3863 249.

471 3889 581 3940 quo
623 3878 884 3934 exeunte,
915 3877 1230 3937 persecutio
1271 3875 1664 3937 intentabatur,
1703 3877 2103 3939 assignandum

426 3971 429 3974 -
469 3948 753 4008 duximus.
787 3944 898 3996 Sed
928 3960 1000 3996 ne
1027 3961 1056 3995 a
1087 3947 1316 4010 reliquis
1345 3949 1792 3998 testimoniorum
1817 3948 1974 3998 libris
2007 3949 2104 3998 di-

469 4019 784 4080 velleretur,
819 4019 1080 4068 tractatui
1123 4018 1190 4068 de
1222 4018 1416 4069 Habitu
1445 4020 1736 4083 virginum,
1774 4033 1942 4085 quem
1977 4024 2104 4070 ante

471 4091 858 4152 episcopatum
885 4090 1156 4153 scriptum
1181 4094 1461 4153 putamus,
1493 4092 1714 4142 inverso
1752 4091 2104 4155 aliquantum

470 4162 735 4223 temporis
764 4159 976 4221 ordine,
1003 4163 1391 4224 prwmisimus.

535 4231 601 4280 ΙΙ.
648 4257 710 4268 -
759 4232 866 4281 Aul
910 4246 1043 4280 enim
1089 4231 1342 4296 subjectos
1387 4232 1528 4283 vobis
1572 4233 1919 4298 subpungitis.
1975 4235 2105 4285 Ter-

471 4301 738 4352 tullianus
773 4302 978 4364 pariter
1015 4316 1113 4366 per
1152 4303 1543 4367 disjunctivam
1580 4305 1907 4367 particulam
1953 4305 2102 4370 legit,

511 4377 567 4422 ut
595 4373 666 4423 ad
697 4372 812 4422 lites
828 4374 1115 4436 jejunatis.
1146 4376 1304 4426 Unde
1327 4377 1552 4439 utrique
1589 4376 1789 4439 legisse
1822 4375 2103 4435 videntur,

511 4387 567 4422 ut
595 4387 666 4423 aa
697 4387 812 4422 mes
828 4387 1115 4436 jejunum.
1152 4387 1304 4426 unde
1327 4387 1552 4439 utrique
1589 4387 1789 4439 legisse
1822 4387 2103 4435 Videntur,

470 4387 506 4502 ξ
553 4444 642 4509 γὰρ
695 4444 806 4501 τοὺς
865 4445 1170 4511 νποχειρίους
1227 4449 1362 4511 υμῶν
1412 4446 1704 4496 υπονὺσσετε
1729 4485 1742 4510 ,
1793 4448 1824 4505 ἥ
1876 4449 1942 4503 εἰς
1998 4446 2103 4512 κρί-

472 4532 589 4577 σεις,
622 4521 726 4567 etc.

533 4591 596 4638 Et
622 4590 919 4638 vestimenta
949 4594 1058 4640 tua.
1086 4591 1159 4640 Τὰ
1192 4590 1370 4653 ἱάμοιτά
1399 4607 1510 4652 σου,
1538 4591 1714 4642 LXX.
1757 4592 1974 4642 Sanitas
2014 4596 2102 4641 tua

469 4661 625 4710 citius
675 4661 909 4718 orietur,
959 4661 1228 4726 Vulgatus
1289 4666 1578 4727 interpres.
1644 4663 1841 4714 Noster
1905 4664 2106 4727 legisse

469 4730 688 4852 ridetur
721 4731 782 4779 τὰ
817 4729 982 4793 ἱμάτιά
1012 4748 1121 4782 σου.
1169 4734 1286 4784 lmo
1339 4738 1392 4784 et
1431 4733 1808 4785 Tertullianus
1849 4735 2106 4785 similiter

495 4815 581 4852 em
611 4839 622 4852 .

495 4803 622 4866 egit.

486 4855 498 4878 ³
528 4855 780 4925 ’ἑυειεηθο
807 4878 867 4924 te.
909 4873 1202 4939 Opperior,
1230 4882 1510 4942 exspecto.

536 4945 884 5010 Eleemosynis
927 4952 977 4995 et
1011 4947 1132 5009 ﬁde.
1184 4948 1538 5014 Exemplaria
1584 4947 1754 5010 LXX,
1795 4958 1923 5012 quae
1969 4946 2104 4996 Pro-

472 5018 789 5069 verbiorum
831 5018 1039 5069 librum
1084 5021 1218 5071 satis
1251 5021 1570 5085 perturbate
1613 5019 1902 5081 exhibent,
1932 5017 2104 5070 verba

471 5090 596 5142 haec
636 5092 995 5155 interponunt
1042 5091 1164 5144 loco
1205 5095 1407 5156 alieno,
1450 5094 1712 5144 nimirum
1748 5105 1866 5156 cap.
1907 5104 2007 5152 xv,
2049 5105 2101 5142 v.

471 5159 564 5221 29;
592 5161 690 5212 sed
728 5162 862 5212 olim
907 5164 1091 5227 capite
1132 5179 1188 5217 Vt
1227 5167 1604 5231 comparuisse
1638 5165 1771 5215 hinc
1817 5163 2102 5224 suadetur,

471 5233 925 5299 quandoquidem
968 5237 1026 5286 in
1072 5239 1326 5290 versione
1371 5239 1600 5302 Syriaca
1643 5242 1700 5288 et
1728 5237 1964 5288 Arabica
2001 5233 2103 5284 ha-

470 5306 689 5356 bentur.

535 5380 590 5428 In
621 5378 776 5428 corde
798 5383 1072 5444 pauperis.
1107 5380 1186 5431 Ἐν
1219 5381 1433 5446 ταμείοις
1470 5397 1559 5429 σου
1598 5381 1792 5446 legunt
1824 5376 1976 5430 LXX
2004 5391 2102 5441 pro

473 5463 584 5516 quo
619 5449 824 5501 lectum
851 5451 1073 5504 videtur
1099 5453 1148 5501 ἐν
1180 5454 1351 5518 καρδιᾳ
1375 5452 1590 5519 πτωχοῦ.

532 5524 706 5586 Magis
752 5536 912 5586 quam
961 5525 1298 5590 sacriﬁcium.
1369 5527 1474 5577 Pro
1530 5541 1587 5574 ου
1643 5523 1841 5586 θυσίαν,
1907 5522 2103 5572 Noster

467 5598 668 5662 legisse
693 5598 963 5655 videturﬁ
1001 5599 1182 5648 Θυσιαν.
1229 5600 1411 5664 Quam
1449 5602 1745 5654 lectionem
1790 5599 2104 5665 agnoscunt

464 5673 707 5736 plurima
729 5673 883 5724 LXX
912 5675 1268 5739 exemplaria.
1301 5677 1458 5729 Prior
1495 5691 1628 5730 vero
1656 5677 1820 5730 lectio
1863 5672 2102 5724 Hebraeo

463 5751 656 5872 ιθιδῦιιιίι
687 5761 956 5810 consona,
1005 5750 1200 5806 Matth.
1244 5767 1319 5818 ιι,
1364 5755 1444 5818 13,
1492 5760 1549 5807 et
1594 5765 1697 5818 xu,
1739 5753 1786 5814 7,
1833 5750 2102 5815 perpetuo

463 5831 518 5872 re
563 5834 633 5872 ne
659 5836 750 5872 ur.
791 5869 794 5872 .

453 5823 750 5880 retinetur.
791 5869 794 5884 ί

2267 3231 2359 3280 IV.
2413 3257 2477 3268 -
2519 3231 2575 3280 In
2621 3231 2768 3280 nullo
2811 3232 3175 3295 gloriandum.
3223 3234 3434 3285 Locum
3477 3233 3630 3283 hunc
3671 3244 3844 3295 supra

2205 3302 2528 3353 monuimus
2557 3301 2627 3352 ab
2652 3301 2968 3366 Augustino
3005 3304 3211 3368 sapius
3247 3305 3533 3355 laudatum
3568 3305 3704 3353 dum
3737 3303 3846 3353 Pe-

2205 3373 2334 3437 lagii
2367 3375 2583 3424 furores
2608 3378 2971 3439 oppugnaret.

2268 3445 2333 3494 V.
2362 3471 2422 3481 —
2469 3446 2563 3494 Vos
2615 3451 2792 3494 autem
2845 3460 2905 3494 ne
2944 3447 3247 3498 vocaveritls
3292 3445 3456 3496 rabbi.
3509 3445 3566 3497 Si
3614 3446 3844 3496 titulum

2205 3517 2353 3567 istud
2396 3516 2690 3568 admittere
2727 3531 2837 3566 non
2874 3517 3056 3580 liceat,
3103 3521 3308 3583 pariter
3349 3523 3404 3568 et
3443 3519 3659 3569 deferre
3694 3519 3842 3568 veti-

2205 3593 2342 3638 tum.
2372 3587 2566 3638 Grieca
2608 3591 2792 3637 nostra
2823 3587 3033 3638 habent
3081 3589 3146 3652 μὴ
3183 3589 3403 3649 κληθῆτε.
3438 3589 3719 3655 Vulgatus
3760 3591 3846 3638 in-

2203 3662 2414 3721 terpres
2448 3657 2618 3708 habet
2644 3657 2825 3711 Nolite
2857 3661 3050 3710 vocari.

2268 3730 2356 3779 Vl.
2388 3756 2450 3765 —
2471 3731 2658 3783 Nudus
2676 3732 2833 3780 etiam
2861 3730 2944 3781 ibo
2974 3730 3066 3781 sub
3097 3734 3312 3782 terram.
3345 3732 3483 3782 Haec
3513 3732 3846 3794 interpreta-

2203 3800 2378 3850 menti
2421 3799 2565 3860 loco,
2610 3806 2912 3864 ponuntur,
2957 3815 3056 3866 pro
3105 3816 3171 3853 eo
3224 3803 3376 3867 quod
3421 3803 3572 3853 LXX
3614 3802 3846 3852 brevius

2204 3871 2439 3922 eﬂ‘erunt
2467 3870 2793 3934 ἀπελεύσομαι
2828 3871 2943 3921 ἐκεῖ.
2979 3873 3124 3922 Infra
3154 3887 3282 3938 qua:
3323 3874 3520 3924 eodem
3547 3873 3718 3923 modo
3744 3871 3844 3922 ad-

2198 3945 2344 4006 jecta
2374 3947 2522 4004 sunt,
2550 3943 2702 3993 LXX
2732 3946 3061 4008 interpretes
3089 3944 3297 3996 habent
3325 3950 3579 3996 auctores
3605 3960 3618 3994 :
3655 3944 3705 3992 ἐν
3733 3949 3846 4000 τοῖς

2203 4013 2556 4076 δυμϐεϐῃκόσιν
2583 4015 2716 4063 αὐτῶ
2742 4030 2836 4079 ουχ
2871 4016 3076 4080 ἥμαρτεν
3117 4017 3230 4066 Ἰὼϐ
3256 4016 3368 4066 οὐδὲ
3400 4017 3446 4064 ἐν
3485 4021 3598 4074 τοῖς
3631 4016 3844 4081 χείλεσιν

2203 4101 2350 4133 αυτου
2359 4123 2370 4134 .

2269 4156 2522 4208 Stimulus
2574 4159 2752 4208 carnis
2796 4174 2935 4208 meae.
2983 4159 3105 4209 Vox
3155 4173 3280 4209 meas
3334 4159 3627 4211 redundat.
3671 4159 3844 4222 Quod

2204 4229 2481 4292 sequitur,
2520 4229 2694 4279 virtus
2727 4232 2779 4278 in
2820 4231 3124 4292 inﬁrmitate
3161 4232 3451 4296 perﬁcitur,
3483 4233 3660 4294 ejecta
3701 4244 3846 4281 voco

2203 4313 2332 4356 olea.
2363 4301 2731 4350 universalius
2758 4301 3042 4365 quoddam
3073 4304 3276 4352 lemma
3309 4302 3550 4353 conﬁcit.

2268 4371 2432 4432 Quam
2461 4371 2602 4420 lata!
2639 4371 3057 4436 Complutensia
3102 4374 3304 4436 Biblia,
3341 4387 3447 4425 nec
3481 4385 3595 4424 non
3640 4386 3844 4424 omnes

2204 4445 2318 4496 fere
2380 4446 2710 4496 vetustiores
2775 4446 3000 4497 codices
3060 4460 3193 4497 mss.
3260 4447 3466 4508 pariter
3539 4446 3741 4508 legunt
3797 4443 3846 4491 τί

2203 4517 2359 4576 στενὴ,
2393 4517 2733 4566 admirative.

2267 4601 2322 4650 In
2353 4598 2474 4649 locis
2500 4599 2802 4662 impiorum.
2839 4599 2943 4648 Pro
2975 4594 3127 4674 Dlpl
3149 4599 3352 4664 legisse
3384 4598 3648 4648 videntur
3686 4595 3844 4647 LXX

2204 4681 2548 4755 interpretes
2895 4681 3081 4755 Monet
3151 4681 3426 4755 liamelius
3453 4698 3539 4755 ne
3583 4679 3846 4755 Excuses

2205 4752 2430 4803 codices
2461 4747 2726 4802 habuisse
2768 4753 2825 4801 in
2868 4753 3118 4817 margine
3159 4751 3575 4804 Ecclesiasticis
3616 4762 3708 4810 tu;
3744 4747 3846 4798 sed

2204 4836 2390 4888 neque
2420 4822 2499 4873 ibi
2541 4822 2738 4874 Graece
2775 4825 3068 4887 reperitur,
3097 4837 3284 4888 neque
3323 4825 3382 4873 in
3411 4823 3554 4873 libro
3597 4822 3845 4886 Sapien—

2205 4896 2315 4945 tia-3.
2347 4913 2373 4939 »
2405 4893 2728 4945 Goulartius
2767 4896 3054 4945 contendit
3090 4895 3498 4946 Ecclesiasticis
3538 4906 3617 4954 Ill,
3661 4895 3844 4956 scrip-

2203 4971 2322 5017 tum
2391 4965 2602 5016 haberi.
2663 4965 2776 5016 Sed
2836 4979 3026 5017 revera
3081 4968 3138 5016 in
3199 4966 3506 5018 Proverbiis
3575 4964 3846 5016 Salomo-

2203 5040 2291 5089 nis
2338 5051 2542 5102 xxvni,
2598 5039 2826 5088 omnino
2882 5039 3152 5102 reperitur
3200 5055 3212 5088 :
3261 5052 3429 5103 quem
3472 5038 3683 5088 librum
3731 5036 3845 5087 Sa-

2204 5113 2469 5175 pientiam
2536 5110 2853 5162 Solomonis
2928 5111 3250 5176 frequenter
3328 5108 3570 5175 appellat
3643 5112 3847 5160 auctor

2203 5186 2404 5233 noster.

2266 5253 2387 5303 νυ.
2408 5280 2465 5289 -
2490 5254 2548 5302 In
2577 5252 2662 5302 die
2690 5253 3072 5319 redemptionis.
3104 5254 3399 5306 Consentit
3425 5265 3555 5303 cum
3582 5253 3652 5303 iis
3678 5254 3846 5305 Gm-

2203 5325 2285 5377 cis
2315 5325 2606 5376 codicibus
2637 5326 2732 5390 qui
2759 5326 2955 5391 legunt
2983 5327 3031 5374 ἐν
3055 5326 3226 5391 ἡμέρᾳ.

2267 5397 2361 5448 ΙΧ.
2421 5424 2478 5433 -
2540 5397 2625 5445 Sic
2689 5395 3042 5460 adimplcbitis
3111 5397 3267 5462 legem
3337 5396 3552 5449 Christi.
3623 5396 3845 5448 Eodem

2202 5470 2368 5520 modo
2429 5471 2616 5518 textus
2668 5467 2762 5517 hic
2807 5468 3072 5518 laudatur
3127 5469 3361 5531 epistola
3406 5469 3478 5517 ad
3529 5469 3844 5523 Antoniam,

2202 5541 2362 5605 quasi
2449 5539 2711 5603 legisset,
2790 5538 2952 5596 οὕτως
3027 5540 3302 5603 πληρωσιτε
3377 5539 3456 5587 τὸν
3531 5553 3684 5602 νομον
3755 5537 3844 5586 τοῦ

2202 5608 2428 5676 Χριστοῦ.

2266 5683 2336 5734 Χ.
2381 5710 2445 5720 -
2487 5683 2604 5734 Non
2665 5684 2772 5735 nisi
2816 5683 2922 5734 soli
2979 5685 3088 5734 Deo
3138 5683 3389 5748 subjecta.
3439 5681 3597 5734 LXX
3643 5684 3846 5747 legunt

2202 5754 2331 5820 Οὐχὶ
2392 5755 2460 5821 τῷ
2509 5754 2635 5818 Θεῷ
2691 5755 3049 5817 νποταγήσεται
3121 5755 3152 5815 ἠ
3222 5752 3357 5820 ψυχή
3431 5769 3564 5821 ppu;
3635 5754 3844 5820 legisse

2201 5819 2444 5886 videtur
2473 5831 2669 5882 auctor
2713 5831 2903 5890 noster
2948 5827 3039 5880 οὐκ
3070 5829 3104 5890 ἠ
3142 5827 3212 5880 τώ
3238 5819 3388 5907 θοιῶ..
3429 5819 3717 5894 vulgum
3756 5828 3862 5896 1p..-
