4144 6192
549 281 686 338 I267

1784 277 1959 334 EDIT.
1999 278 2201 334 OXON.
2238 275 2458 334 NOTAE.

3739 275 3849 335 4268

546 408 765 460 videtur
814 407 1028 489 Noster,
1076 403 1347 489 παρέδωξεν
1397 402 1545 489 αὑτὸν
1599 402 1667 466 τῷ
1718 402 1923 468 κρίνοντι
1984 402 2181 466 ἀδίκως,

2302 402 2500 489 .icebit,
2551 400 2825 489 nonnulla
2881 399 3094 489 Graeca
3127 396 3460 489 examplaria
3492 409 3582 461 pro
3625 397 3707 463 ᾄδῆ
3751 413 3857 452 cum

545 484 800 545 respectu
821 479 891 529 ad
915 479 1152 528 Pilatum
1179 480 1234 525 et
1260 474 1529 540 Caipham
1555 475 1764 525 habito.

609 558 665 606 In
715 555 886 618 ﬁgura
959 553 1058 602 Dei
1104 552 1424 600 constitutus.
1486 547 1862 599 Tertullianus
1911 546 2060 611 legit,
2111 549 2186 618 Vin

547 617 724 692 efﬁgie
774 625 871 675 Dei
925 624 1255 674 constitutus.
1311 620 1453 671 Adv.
1499 620 1765 671 Marcion.
1791 619 1830 668 l.
1880 633 1933 682 v,
1987 631 2035 669 c.
2098 617 2180 668 ΞΟ.

551 699 845 762 Vulgatus,
871 698 922 745 in
945 695 1134 758 forma.

613 761 724 819 XL.
760 791 817 802 --
844 770 906 817 In
933 765 1236 816 abscondito
1273 763 1450 815 reddet
1495 761 1608 811 tibi.
1633 761 1800 826 Quod
1846 761 2098 825 sequitur
2137 761 2186 810 ἐν

550 841 750 905 φανέρῳ,
777 841 833 889 in
854 837 1108 902 pluribus
1135 849 1267 885 mss.
1304 835 1477 895 deest,
1495 833 1644 897 quod
1672 834 1804 883 olim
1837 833 2190 905 S.4Augusti-

551 903 1016 962 nus‘observavit.
1049 910 1124 958 De
1153 908 1321 966 Serm,
1358 907 1569 956 Domini
1603 908 1656 953 in
1683 906 1876 966 Monte,
1899 903 1934 953 l.
1969 918 2024 964 II,
2055 917 2105 954 c.
2135 905 2184 952 5.

615 987 782 1037 XLII.
813 1011 873 1022 —
901 984 1085 1036 Fidem
1116 984 1173 1030 in
1217 985 1402 1031 totum.
1442 979 1534 1030 Sic
1585 980 1763 1043 capite
1813 983 2102 1043 sequente,
2125 979 2188 1028 In

555 1065 713 1110 totum
742 1056 989 1108 delictum
1018 1057 1070 1103 in
1107 1053 1244 1103 vobis
1272 1057 1363 1103 est.

615 1131 792 1180 Justus
835 1133 1006 1178 autem
1059 1140 1128 1176 ea:
1173 1125 1272 1189 ﬁde
1325 1136 1464 1174 mea.
1541 1121 1706 1172 Hunc
1766 1121 1951 1172 locum
2024 1135 2190 1188 supra

552 1202 914 1253 tractavimus
945 1197 1044 1248 lib.
1079 1197 1192 1247 iad
1217 1196 1426 1258 Quirin.
1457 1193 1494 1243 1.
1521 1193 1555 1243 5

619 1272 811 1324 XLIV.
863 1297 924 1309 -
969 1270 1164 1319 Statim
1220 1266 1487 1330 consequi.
1528 1263 1677 1314 Alibi
1728 1265 2048 1314 consecutio
2091 1278 2190 1328 pro

553 1345 830 1410 baptismo
874 1342 1097 1407 ponitur
1141 1352 1188 1389 c.
1219 1339 1301 1396 97,
1363 1337 1432 1388 ad
1476 1336 1626 1400 ﬁdem
1688 1341 1734 1385 et
1788 1337 2190 1386 consecutionem

551 1409 958 1486 properandum.
997 1415 1204 1486 Pariter
1249 1411 1625 1486 Tertullianus
1670 1409 1782 1486 _lib.
1810 1410 1875 1486 de
1919 1414 2076 1486 _Bapt.
2139 1424 2189 1460 c.

553 1481 662 1543 i9z'
712 1490 822 1540 «Si
876 1488 974 1551 qui
1034 1483 1253 1550 pondus
1304 1482 1618 1545 intelligant
1669 1481 1981 1546 baptismis,
2010 1482 2190 1545 magis

555 1563 836 1614 timebunt
857 1557 1330 1610 consecutionem.
1384 1572 1414 1600 »
1475 1555 1626 1604 Huic
1676 1554 1974 1618 opponitur
2013 1557 2191 1603 status

557 1633 1016 1698 competentiam.
1041 1629 1215 1692 Leges
1257 1625 1673 1683 ecclesiasticas,
1727 1639 1849 1688 quas
1899 1629 2190 1688 postquam

557 1695 766 1757 donum
816 1701 1166 1754 discretionis
1217 1699 1512 1762 spirituum
1579 1700 1867 1756 cessasset,
1919 1695 2193 1746 cavebant

557 1791 630 1830 ne
695 1775 877 1828 Judaei
951 1779 1005 1825 et
1051 1771 1300 1824 Gentiles
1362 1769 1566 1832 aliique
1623 1767 1834 1830 indigni
1885 1780 2192 1831 praeropere

557 1866 657 1917 per
681 1850 1018 1913 baptismum
1071 1842 1314 1917 admissi,
1354 1840 1654 1891 christiano
1700 1839 1910 1888 nomini
1955 1837 2194 1888 dedecus

557 1909 889 1979 inurerent;
923 1931 1036 1967 non
1074 1913 1282 1966 debent
1326 1924 1432 1963 nec
1466 1915 1702 1975 possunt
1742 1912 1929 1974 gratiae
1989 1909 2194 1960 divinat

558 1993 946 2060 praejudicare.

622 2052 786 2116 XLV.
818 2090 879 2100 —
924 2063 1025 2112 Per
1069 2058 1383 2123 patientiam
1431 2059 1802 2118 exspectamus.
1856 2052 1949 2104 Sic
2007 2054 2063 2103 in
2097 2052 2194 2102 lib.

559 2138 623 2188 de
651 2140 791 2187 Bono
851 2132 1140 2191 Patientia,
1181 2134 1236 2180 et
1260 2128 1354 2178 hic
1392 2127 1502 2176 loci
1557 2125 1772 2188 probati
1822 2125 2016 2189 legunt
2061 2137 2193 2174 mss.

562 2207 725 2272 Quod
754 2207 887 2257 olim
917 2203 1204 2268 legebatur
1249 2215 1344 2264 per
1392 2198 1749 2272 spec-tationem
1797 2209 2070 2261 speramus
2125 2194 2196 2245 li-

561 2269 871 2329 brariorum
902 2273 1174 2325 barbariei
1200 2269 1607 2335 imputandum.

625 2348 850 2400 XLVII.
897 2343 1280 2407 -—Defectione
1331 2341 1560 2406 deﬁciat.
1613 2339 1692 2390 Τὰ
1741 2337 1895 2387 πάντα
1943 2351 2056 2389 non
2104 2338 2197 2388 hic

561 2427 797 2482 tantum,
857 2418 953 2470 sed
1007 2419 1175 2467 etiam
1211 2417 1269 2465 in
1302 2415 1498 2478 graecis
1556 2411 1964 2476 exemplaribus
2034 2412 2197 2482 pluri-

559 2495 668 2545 mis
697 2481 892 2544 deesse
946 2489 1272 2540 observasse
1323 2500 1437 2536 non
1479 2484 1734 2550 pigebit;
1783 2484 1984 2547 pariter
2031 2481 2200 2533 habet

564 2580 781 2618 comma
865 2562 1115 2628 proxime
1197 2560 1525 2620 succedens,
1607 2557 1691 2628 aut
1752 2555 2070 2604 ἀσθενάσουσι
2152 2558 2198 2604 ot

562 2638 769 2694 ἀσεϐεῖς,
832 2627 982 2699 quod
1019 2631 1418 2683 Theodotionis
1471 2632 1586 2681 erat
1631 2627 2089 2686 additamentum,
2139 2631 2200 2676 ut

565 2711 763 2762 Graeca
814 2706 1067 2758 Hebrwis
1101 2703 1512 2769 responderent.
1572 2699 1946 2765 Symmachus
1997 2699 2200 2749 rectius

567 2785 976 2894 veXIEI/III.—
1029 2841 1150 2893 Non
1205 2835 1569 2900 fenerandum.
1609 2834 1788 2885 Usura
1835 2831 1982 2896 apud
2032 2832 2202 2894 scrip-

571 2921 721 2967 tores
765 2911 1174 2964 ecclesiasticos
1214 2910 1483 2973 perpetuo
1546 2906 1692 2956 male
1738 2902 1922 2953 audit:
1986 2906 2042 2952 et
2088 2916 2200 2952 me-

565 2989 690 3049 rito,
739 2983 1188 3050 quandocunque
1249 2980 1320 3030 ob
1377 2991 1605 3050 moram
1635 2976 1889 3040 pecunias
1941 2974 2012 3024 ob
2082 2975 2200 3023 ino-

567 3046 712 3126 piam
755 3046 884 3106 _non
919 3046 1116 3105 solutae
1171 3052 1410 3116 pretium
1441 3049 1720 3126 exigitur.
1773 3046 1921 3126 _A1ia
1970 3046 2201 3097 fortasse

565 3117 703 3182 ratio
765 3127 1130 3192 pecuniarum
1173 3136 1313 3187 quas
1357 3121 1454 3185 qui
1498 3120 1720 3192 accepit
1770 3117 1826 3167 in
1898 3117 2055 3167 lucro
2103 3131 2196 3181 po-

567 3203 652 3252 nit
682 3215 694 3248 :
725 3189 831 3248 nisi
887 3200 1163 3261 quatenus
1216 3193 1368 3257 leges
1391 3191 1643 3254 positivus
1688 3189 2026 3238 contrarium
2089 3192 2198 3236 sta-

567 3275 731 3324 tuunt
753 3274 847 3320 aut
862 3267 1188 3319 scandalum
1218 3265 1374 3313 aliter
1403 3261 1619 3310 suadet.

635 3347 794 3393 Homo
839 3343 1015 3389 autem
1050 3336 1144 3400 qui
1189 3337 1288 3384 erit
1316 3335 1514 3397 justus.
1556 3331 1737 3381 Voces
1789 3331 1909 3380 istas
1963 3330 2031 3380 ad
2081 3343 2210 3394 sup-

569 3413 839 3481 plendum
867 3425 1093 3481 sensum
1121 3404 1538 3481 asequentibus
1569 3404 1855 3481 appositae.

635 3486 1024 3536 Sacramentum
1065 3479 1200 3544 ﬁdei.
1255 3475 1512 3540 Mysteria
1557 3474 1841 3544 nimirum
1875 3486 1988 3522 non
2045 3473 2211 3523 evul-

571 3555 751 3622 ganda
785 3553 967 3619 :quod
1003 3543 1069 3600 in
1090 3549 1242 3622 omni
1271 3547 1539 3610 religione
1558 3558 1777 3622 semp_er
1798 3543 2055 3622 obtinuit.

639 3627 784 3690 Quod
835 3614 1121 3675 liabuimus
1175 3619 1366 3684 facere.
1411 3617 1639 3690 Locutio
1676 3614 2037 3690 _Tertulliano_
2107 3615 2210 3665 fre-

577 3686 774 3764 quens,
815 3696 908 3746 lib.
958 3695 1020 3744 de
1048 3693 1250 3750 Anim,
1285 3704 1332 3741 c.
1378 3690 1481 3764 ᾆδε
1531 3706 1558 3734 «
1587 3686 1774 3764 Habes
1815 3687 2208 3764 ethregione‘m

572 3757 810 3823 inferum
841 3768 1256 3820 subterraneam
1279 3761 1517 3813 credere.
1555 3777 1584 3805 ››
1613 3760 1694 3809 De
1719 3757 1990 3822 pudicitia
2029 3770 2076 3807 c.
2113 3758 2205 3807 i3:

574 3862 603 3890 «
634 3841 856 3893 Erudiri
884 3838 1152 3890 haberent
1204 3830 1706 3896 blasphemandum
1732 3843 1842 3879 non
1873 3841 2010 3878 esse.
2043 3845 2070 3872 »

641 3915 758 3966 LII.
789 3939 851 3950 —
896 3912 1118 3972 Regnum
1175 3907 1273 3956 Dei
1337 3905 1487 3953 intra
1532 3915 1620 3951 vos
1671 3905 1760 3949 est.
1818 3900 1986 3972 Posse
2030 3898 2210 3972 homij-

573 4001 675 4038 nes
727 3984 916 4050 gratiae
964 3969 1168 4030 divinas
1215 3977 1433 4050 obicem
1507 3986 1732 4038 ponere,
1776 3973 1878 4050 vix
1920 3969 2207 4021 illustriori

575 4041 908 4108 documento
959 4052 1083 4116 quis
1131 4047 1450 4106 ostenderit,
1511 4058 1680 4116 quam
1713 4041 1912 4116 Aquod
1951 4042 2206 4116 Messium

577 4131 907 4194 praesentem
956 4112 1138 4186 usque
1207 4117 1564 4194 requirebant
1618 4113 1848 4165 Judmi:
1902 4114 2012 4163 imo
2065 4112 2208 4162 odiis

577 4190 1008 4262 inexpiabilibus
1022 4190 1516 4262 prosequebantur.

641 4254 745 4324 Nec
795 4282 952 4319 unus.
1007 4254 1305 4330 Magis-ad
1346 4264 1586 4311 mentem
1642 4258 1901 4330 veritatis;
1935 4254 2206 4330 Hebraeae,

577 4342 789 4393 habent
830 4338 1038 4402 vulgati
1074 4324 1397 4398 interpretes
1447 4346 1457 4379 :
1495 4330 1678 4381 Nonne
1723 4333 1776 4402 tu
1803 4328 1910 4402 qui
1948 4324 2207 4402 sotuses?

580 4417 710 4466 Ecce
761 4400 954 4464 breves
983 4413 1096 4461 dies
1148 4408 1343 4460 homini
1379 4409 1499 4456 sunt
1523 4420 1542 4470 ;
1601 4403 1700 4454 sed
1767 4400 1918 4451 LXX
1956 4400 2210 4463 sequitur

581 4491 777 4539 auctor
800 4490 1006 4537 noster.

2219 1791 2270 1864 Β

2286 478 2512 527 auctore
2535 479 2745 534 nostro,
2779 474 2962 525 denuo
2989 471 3190 536 legisse
3207 469 3387 521 θάνατε.

2348 546 2486 598 LIX.
2538 573 2599 584 —
2646 544 2851 596 Similes
2902 542 3044 606 ﬁant.
3076 542 3225 592 Nihil
3267 541 3484 605 gravius
3524 539 3745 592 accidere
3782 557 3859 606 po-

2280 620 2395 668 test
2420 616 2754 676 idololatria,
2781 629 2950 680 quam
2971 617 3034 664 ut
3058 613 3162 664 deo
3183 626 3286 663 suo
3314 612 3504 662 similis
3527 611 3770 662 reddatur.

2349 690 2490 741 LXI.
2547 717 2610 728 —
2663 691 2727 739 Ut
2792 689 3039 750 auferant
3079 687 3338 749 proximo.
3419 685 3495 733 Ita
3558 684 3723 745 LXX;
3780 686 3859 737 sed

2289 760 2499 825 Symm.
2526 765 2581 810 et
2621 759 2831 811 Theod.
2882 758 3110 817 rectius,
3142 758 3234 812 ἓως
3268 754 3353 804 τοῦ
3392 756 3460 819 μή
3491 756 3696 820 ὑπάρχειν
3726 757 3858 805 τόπον.

2289 831 2510 896 Vulgat.
2537 832 2693 897 legit,
2725 833 2892 894 Usque
2907 829 2974 878 ad
3001 830 3275 877 terminum
3307 827 3424 877 loci.

2351 903 2442 952 Hic
2495 907 2732 968 rogatur.
2785 901 3156 965 Παρακαλεῖται.
3204 899 3368 949 Nunc
3423 897 3650 948 mendici
3693 903 3858 963 partes;

2287 976 2515 1025 mutatis
2597 988 2781 1025 rerum
2851 971 3087 1029 vicibus,
3134 971 3247 1035 agit
3309 969 3480 1025 dives,
3535 972 3586 1018 et
3641 969 3860 1020 Lazarum

2288 1050 2462 1110 rogat.
2519 1046 2792 1111 Vulgatus
2839 1044 3115 1106 interpres
3175 1045 3230 1091 et
3280 1040 3375 1091 alii
3430 1052 3614 1090 vocem
3667 1040 3864 1092 reddunt

2289 1116 2346 1166 in
2373 1117 2543 1168 altero
2567 1117 2902 1182 signiﬁcatu,
2933 1115 3016 1165 hic
3035 1112 3360 1164 consolatur.

2353 1190 2604 1241 Habentes
2652 1190 3038 1240 exhibitionem.
3111 1185 3332 1236 Phrasis
3399 1185 3718 1236 Tertulliano
3761 1200 3866 1251 per-

2287 1264 2457 1324 petua
2494 1276 2626 1313 cum
2681 1261 2748 1312 de
2783 1261 2938 1311 victu
2985 1257 3312 1324 quotidiano
3375 1259 3501 1322 agit.
3557 1257 3674 1306 Vid.
3699 1257 3778 1308 lib.
3817 1258 3868 1307 de

2290 1333 2423 1383 ldol.
2453 1348 2500 1385 c.
2535 1336 2586 1392 6,
2628 1335 2676 1394 8,
2714 1333 2793 1388 12.
2842 1332 2905 1381 de
2956 1331 3177 1381 Corona.
3234 1344 3284 1391 c,
3333 1331 3382 1389 7,
3413 1329 3476 1379 de
3527 1331 3782 1394 Monogam,
3827 1343 3867 1380 c.

2295 1408 2373 1462 16.
2419 1409 2490 1458 Et
2527 1406 2752 1472 quidem
2796 1405 3007 1456 locutio
3054 1417 3087 1453 a
3130 1402 3324 1452 tritura
3368 1401 3470 1451 fori
3499 1401 3638 1464 quod
3679 1405 3869 1465 uterque

2291 1482 2543 1536 exercuit
2571 1480 2770 1530 hausta
2800 1493 2812 1527 :
2845 1491 2975 1527 nam
3026 1473 3284 1534 exhibere,
3311 1473 3427 1524 illic
3451 1478 3606 1523 sonat
3635 1473 3745 1524 vita;
3785 1486 3870 1524 ne-

2292 1553 2531 1607 cessaria
2572 1550 2945 1616 suppeditare.
2993 1546 3202 1598 Paulus
3259 1547 3317 1595 in
3377 1546 3436 1596 L.
3492 1545 3790 1595 Nesennius.
3824 1543 3867 1594 Η.

2292 1628 2362 1678 de
2421 1628 2606 1688 negot.
2673 1626 2812 1687 gest.
2856 1636 2868 1670 :
2941 1637 2972 1670 «
3007 1620 3176 1676 Pone,
3240 1630 3468 1681 peregre
3520 1622 3715 1680 patrem
3777 1615 3871 1680 ejus

2294 1698 2519 1757 abiisse,
2583 1698 2638 1744 et
2689 1698 2918 1743 matrem
2978 1691 3114 1741 dum
3152 1691 3208 1738 in
3261 1689 3497 1752 patriam
3547 1691 3871 1746 reverteretur,

2296 1775 2407 1820 tam
2437 1769 2618 1820 filium
2643 1779 2812 1829 quam
2837 1764 3008 1814 tiliam
3061 1764 3180 1826 ejus
3209 1759 3556 1829 exhibuisse.
3579 1774 3607 1806 υ
3653 1758 3736 1809 Sic
3771 1758 3868 1821 Ulp.

2296 1854 2332 1903 ι,
2381 1838 2436 1890 ff.
2488 1837 2555 1888 de
2612 1827 2800 1886 ofﬁcio
2829 1834 3077 1896 prmfect.
3129 1829 3254 1880 urb.
3293 1845 3361 1879 :«
3391 1827 3598 1903 Sedet
3655 1829 3872 1903 patronos

2295 1899 2522 1975 egentes
2554 1907 2623 1960 de
2646 1907 2762 1956 suis
2791 1905 3004 1954 libertis
3060 1904 3360 1975 querentes
3410 1899 3623 1958 audiet;
3674 1899 3872 1975 maxime

2294 1967 2359 2034 si
2379 1995 2554 2044 aegros
2613 1992 2674 2030 se
2727 1991 2847 2029 esse
2898 1967 3103 2038 dicant,
3159 1973 3594 2035 desiderentque
3623 1983 3652 2018 a
3703 1967 3874 2017 iibertis

2295 2055 2562 2108 exhiberi.
2589 2069 2619 2102 s

2357 2129 2422 2178 Et
2491 2123 2854 2188 muscipulam.
2924 2120 3313 2185 Muscipulam,
3360 2117 3522 2180 παγίς.
3578 2115 3748 2188 Gloss.
3799 2126 3874 2188 vs-

2296 2203 2407 2259 tus,
2435 2182 2693 2248 Machina
2719 2193 2946 2259 quidem
2978 2182 3317 2241 animalculo
3354 2188 3625 2253 liguritori
3647 2182 3869 2248 capiendo

2297 2271 2431 2322 satis
2454 2272 2600 2332 apta,
2624 2265 2722 2316 sed
2754 2264 2965 2314 homini
2993 2275 3224 2327 prorsus
3254 2260 3505 2323 indigna.

2359 2328 2636 2392 LXII/.4—
2702 2337 3035 2388 Continentia
3079 2334 3316 2393 castitas,
3342 2330 3625 2383 Consentit
3669 2328 3727 2377 iis
3769 2339 3879 2376 mss.

2299 2407 2393 2469 qui
2417 2403 2647 2454 addunt.

2359 2476 2552 2527 LXVI.
2602 2501 2664 2511 —
2721 2470 3020 2522 Continente
3071 2467 3418 2531 disciplinam
3515 2464 3606 2514 Sic
3651 2461 3785 2512 reddi
3820 2460 3879 2531 lo-

2300 2561 2431 2598 cum
2492 2547 2549 2598 in
2599 2545 2694 2594 lib.
2741 2543 2802 2592 de
2847 2541 3038 2591 Habitu
3081 2530 3224 2602 Virg.
3258 2539 3479 2600 Legunt
3537 2534 3665 2584 LXX
3697 2530 3878 2596 δράξασθε

2297 2617 2528 2673 παιδείας.
2586 2617 2839 2666 Fortasse
2891 2614 3021 2663 olim
3092 2613 3359 2674 scriptum
3437 2605 3654 2671 δράξασϐε
3708 2603 3880 2662 aeratos,

2301 2687 2694 2753 amplexamini
2719 2686 2910 2734 ﬁlium.

2360 2748 2580 2811 L—XVII.
2619 2785 2678 2795 —
2708 2759 3010 2808 Prurientes
3041 2757 3091 2803 in
3136 2752 3400 2804 audiendo
3447 2748 3719 2812 sculpentes
3761 2755 3882 2792 aures

2300 2823 2552 2875 Alterum
2578 2822 2778 2872 horum
2802 2819 3022 2868 videtur
3050 2831 3117 2868 ex
3149 2816 3400 2879 margine
3428 2813 3775 2874 desumptum.

2364 2895 2557 2946 LXIX.
2589 2920 2649 2931 —
2680 2894 2740 2944 Si
2757 2891 2872 2956 quis
2922 2894 3096 2956 putat_
3121 2903 3173 2936 se
3222 2877 3511 2956 sapientem
3545 2896 3652 2956 esse
3683 2882 3728 2929 in
3753 2877 3882 2956 Ψρξξ,

2299 2945 2494 3007 mundo
2515 2957 2633 3006 huic
2693 2945 2880 3004 stultus
2920 2945 3027 3014 ﬁat.
3073 2945 3297 3014 Legunt
3337 2945 3670 3012 exemplaria
3717 2945 3882 3014 nostra,

2301 3029 2345 3078 εἴ
2388 3045 2457 3084 τις
2506 3029 2638 3076 δοκεῖ
2701 3025 2846 3088 σοφὸς
2913 3025 3034 3072 εἶναι
3103 3009 3182 3070 ἐν’
3213 3021 3281 3068 τῶ
3351 3009 3524 3067 αἰῶνι-
3559 3016 3716 3077 τούτῳ,
3763 3009 3888 3074 μωρὸς

2301 3100 2524 3163 γενέσέω.
2597 3084 2792 3150 Noster
2846 3100 3039 3147 auctor
3099 3095 3258 3145 aliter
3328 3084 3884 3163 dislinxisse__videtur

2218 3163 2274 3238 C
2297 3172 2561 3222 nimirum
2590 3171 2632 3218 εἴ
2671 3187 2743 3226 τις
2773 3169 2910 3217 δοκεῖ
2942 3166 3092 3230 σοφὸς
3115 3165 3236 3214 εἶναι
3268 3164 3316 3212 ἐν
3336 3165 3474 3226 ὑμῖν,
3507 3161 3575 3223 τῷ
3614 3157 3736 3206 αἰῶνι
3765 3153 3885 3212 τούτῳ

2311 3243 2469 3307 μωρὸς
2495 3241 2718 3303 γενέσθω.

2375 3293 2618 3364 LXXIX.
2676 3338 2732 3347 —-
2789 3312 3039 3374 Quoniam
3093 3308 3200 3372 ipsi
3247 3308 3412 3356 Deum
3493 3299 3737 3353 videbunt.
3802 3293 3889 3374 Qui

2309 3389 2604 3449 precantur
2665 3369 2864 3434 faciem
2909 3369 3131 3432 Domini
3184 3379 3467 3441 requirere
3521 3369 3890 3449 dicunturznet

2310 3439 2452 3519 quos
2480 3455 2632 3504 Deus
2672 3457 2972 3513 aversatur,
3025 3451 3230 3500 dicitur
3251 3439 3504 3498 avertere
3555 3444 3736 3494 faciem
3753 3439 3886 3519 _abis.

2372 3524 2596 3575 LXXX.
2674 3551 2733 3560 —
2818 3511 3028 3573 Nullam
3082 3520 3288 3570 habere:
3355 3522 3675 3581 potestatem.
3753 3511 3887 3561 Recte

2311 3596 2436 3657 ista,
2502 3597 2634 3647 licet
2677 3595 2853 3645 Pilato
2905 3594 3075 3652 dicta,
3121 3591 3190 3641 ad
3251 3591 3540 3640 diabolum
3581 3585 3884 3637 referuntur:

2312 3669 2386 3717 ait
2427 3656 2642 3732 pariter
2717 3668 2868 3716 enim
2922 3665 3212 3722 Dominus,
3277 3661 3427 3712 hanc
3501 3672 3620 3711 esse
3693 3656 3886 3710 illorum,

2310 3727 2512 3808 nempe
2561 3741 2904 3802 Judaaorum,
2963 3741 3174 3799 horam,
3224 3743 3278 3788 et
3334 3737 3602 3800 deinceps
3653 3727 3887 3794 subjunsit

2309 3817 2638 3880 potestatem
2675 3813 3049 3868 tenebrarum.
3079 3811 3210 3862 Luc.
3241 3821 3388 3869 xxu,
3413 3809 3496 3860 53.

2371 3885 2670 3936 LXXXIII.
2743 3913 2800 3922 —
2856 3886 2972 3935 Non
3024 3883 3224 3945 facietis
3286 3883 3509 3930 cirrum.
3584 3880 3740 3930 Σισοην
3780 3883 3883 3945 ver.

2308 3962 2432 4010 tunt
2455 3956 2622 4014 LXX,
2653 3955 2802 4020 quod
2849 3940 3166 4019 Hesychius
3196 3953 3441 4016 explicat
3494 3951 3561 4014 (si
3599 3943 3794 4020 ariolsri
3835 3940 3885 4020 li:

2311 4033 2435 4082 cent
2492 4011 2620 4092 post
2671 4011 3066 4078 Casaubonum
3113 4030 3168 4076 et
3225 4011 3545 4082 Heinsium)
3566 4023 3624 4070 ut
3670 4019 3734 4068 sit
3772 4011 3889 4075 ιονρὰ

2309 4103 2440 4168 ποιρά
2515 4104 2825 4160 Φασηλιταις.
2895 4102 3145 4151 Tmsura
3207 4101 3263 4150 in
3332 4111 3446 4148 usu
3513 4093 3655 4159 apud
3720 4092 3890 4168 gemet}!

2310 4157 2621 4225 Palaestinas
2650 4157 2946 4224 ﬁnitimam
2995 4171 3418 4228 Phaselitarum,
3461 4157 3589 4225 ϐιοῖ,
3621 4177 3684 4216 eo
3723 4157 3890 4211 Israeli-

2311 4248 2384 4296 tis
2411 4247 2597 4296 vetita.
2623 4245 2834 4296 Tertul.
2883 4245 2947 4294 de
3003 4245 3200 4306 Virgin.
3237 4242 3336 4292 vel.
3367 4244 3528 4290 notat
3571 4238 3891 4306 Germanorum

2309 4321 2498 4368 cirros.
2553 4316 2715 4380 Quod
2769 4317 2962 4367 Tacito
3017 4303 3332 4378 interprete,
3385 4312 3451 4362 de
3523 4305 3704 4361 Morib.
3731 4303 3889 4380 Δ(ξςνζδι.

2309 4394 2395 4439 est
2440 4372 2715 4454 obtiq'uare
2752 4389 2952 4437 crimen
3019 4372 3252 4449 nodoque
3319 4372 3679 4446 substringere.
3723 4372 3894 4437 Efﬁgi“

2310 4461 2502 4522 barbae,
2533 4461 2749 4526 εειβψκ
2768 4459 2854 4509 res
2888 4459 3119 4521 πώγωνος
3153 4455 3299 4520 apud
3327 4454 3502 4506 LXX.

643 4514 1082 4609 ῈΨΙΙΪῘμΪ-ιῦλτοη
1146 4549 1313 4602 exibis
1361 4547 1500 4598 inde.
1551 4547 1760 4598 Textus
1834 4543 1929 4594 hic
1989 4537 2291 4610 aﬂ‘erturD
2329 4603 2346 4610 Δ
2377 4514 2808 4610 ΙιΧΧῚςΙίῙ.Ἀζ-⁵
2880 4514 3280 4610 Pericli-totius
3342 4528 3403 4576 in
3464 4527 3540 4610 eis
3583 4523 3628 4605 si
3673 4514 3892 4610 exciderit

581 4636 644 4681 ut
667 4629 878 4694 probet,
931 4626 1152 4676 fidelem
1205 4619 1742 4694 emendarimalisa
1789 4617 1906 4666 Deo
1949 4615 2212 4663 immissis

580 4704 639 4752 in
668 4689 797 4750 'hoc
845 4689 1071 4749 Saeculo.
1122 4694 1394 4745 Nimirum
1436 4691 1588 4742 solus
1627 4689 1875 4740 infernus
1927 4698 2212 4750 pcenarum

579 4772 798 4837 proprie
820 4769 1092 4819 dictarum
1119 4767 1297 4816 locus.

645 4826 834 4892 L.VIII.
894 4867 955 4877 —
1020 4840 1093 4888 De
1150 4851 1256 4902 qua
1316 4833 1446 4885 sola.
1511 4830 1834 4895 Ἐνετειλάμεν
1896 4845 1994 4902 cor
2020 4826 2213 4902 amitae

580 4914 727 4978 μόνον
782 4911 989 4962 habent
1035 4899 1220 4971 LXX,
1268 4906 1363 4971 qui
1424 4904 1766 4968 praeiverunt
1815 4904 1872 4953 in
1931 4899 2214 4951 additione

580 4983 1022 5109 νΟὲὲῗηῆῗιζῗέυιιηι
1087 5039 1246 5090 istud.
1306 5037 1519 5088 Eodem
1570 5034 1738 5086 modo
1795 5033 1929 5096 legit
1980 5033 2211 5096 Tertull,

581 5119 645 5170 de
672 5120 954 5168 Resurrect.
981 5113 1157 5164 carnis
1175 5111 1399 5176 passim.

643 5191 786 5240 Mors
860 5187 914 5236 in
969 5185 1357 5236 contentionem.
1421 5181 1505 5236 Εἰς
1575 5194 1720 5236 νικος,
1771 5176 1918 5241 apud
1995 5178 2212 5240 aposto-

579 5263 695 5314 lum
729 5277 739 5310 :
768 5260 864 5311 sed
911 5263 1104 5310 auctor
1150 5261 1359 5317 noster,
1414 5259 1470 5305 et
1507 5254 1674 5304 etiam
1710 5250 2104 5310 Tertullianus,
2134 5250 2214 5300 le-

582 5336 727 5398 gisse
794 5331 1051 5380 videntur
1128 5330 1194 5383 εἰς
1247 5331 1415 5381 νεῖκος.
1694 5325 2016 5398 posuerunt,
2068 5320 2214 5398 psee

581 5390 706 5460 im,
760 5403 838 5463 14,
903 5400 1005 5450 Οοῦ
1055 5404 1087 5460 ἠ
1145 5400 1252 5456 δίκη
1313 5415 1425 5458 σου,
1487 5396 1688 5453 θάνατες
1740 5390 1834 5447 ποῦ
1899 5392 1954 5440 τὸ
2025 5391 2214 5455 κέντρον

583 5492 694 5536 σου,
743 5474 864 5540 ᾅδη;
891 5475 946 5522 et
975 5486 1182 5528 revera.
1203 5470 1414 5535 judicia
1466 5466 1708 5518 forensia
1750 5477 1863 5540 non
1907 5465 2029 5514 sine
2070 5475 2213 5513 con-

581 5533 832 5622 tentio-ne
853 5533 1238 5655 geraguntur':
1269 5541 1475 5604 quique
1507 5550 1732 5610 causam
1749 5535 1983 5595 obtinet,
2013 5533 2213 5584 vicisse

583 5623 792 5655 nassum
895 5611 1073 5655 ICIIUI‘.
1141 5604 1368 5654 Notetur
1429 5613 1642 5655 graacos
1716 5601 2046 5655 interpretes
2103 5611 2210 5655 ττι

583 5611 792 5675 passim
855 5601 1073 5656 dicitur.
1141 5601 1401 5654 Notetur'
1429 5613 1642 5664 graacos
1716 5601 2046 5662 interpretes
2103 5611 2210 5662 ττι

579 5705 693 5742 non
723 5703 824 5755 pro
853 5690 1008 5752 peste,
1041 5683 1138 5734 sed
1159 5683 1418 5734 sententia
1469 5694 1500 5730 a
1545 5680 1736 5744 judice
1793 5679 2005 5755 prolata
2052 5689 2214 5755 acce:

582 5746 748 5823 pisse.
774 5746 1012 5822 Insuper
1041 5755 1240 5820 legisse
1273 5766 1386 5802 non
1409 5755 1471 5801 ut
1495 5765 1597 5801 nos
1635 5766 1720 5817 1m
1759 5751 1857 5801 sed
1909 5764 2016 5814 nm
2063 5746 2214 5814 quod

583 5838 912 5893 Chaldaeum
943 5835 1142 5893 fecisse
1172 5846 1334 5890 versu
1361 5833 1422 5888 10
1450 5835 1682 5892 constat.
1744 5831 1911 5895 Porro
1931 5829 2216 5900 advertere

2316 4603 2539 4668 ferrum.
2565 4605 2752 4656 Lectio
2794 4603 2918 4653 haec
2973 4617 3004 4652 a
3063 4601 3212 4652 LXX
3250 4599 3579 4668 desumpta,
3611 4595 3892 4668 interpunc—

2314 4663 2468 4728 tione
2509 4682 2697 4726 tamen
2733 4677 2962 4724 mutata.
3009 4671 3173 4735 Apud
3221 4684 3316 4720 eos
3365 4669 3544 4720 verba
3569 4667 3623 4717 in
3670 4663 3792 4713 duos
3820 4670 3891 4735 ps-

2313 4751 2502 4801 riodos
2576 4749 3002 4813 distinguuntur
3110 4746 3294 4810 Σχὶζων
3363 4745 3483 4799 ξύλα
3538 4731 3890 4813 κινδυνεέσειαέν

2311 4824 2497 4879 αὗτοῖς.
2613 4821 2724 4870 Ἐὰν
2755 4806 2783 4813 ν
2808 4820 2987 4881 ἐκπέσῃ
3056 4806 3122 4866 ντὸ
3147 4806 3407 4881 Πσιδήριον
3430 4853 3445 4876 ,
3531 4819 3632 4864 etc.
3709 4806 3893 4881 Rectius

2313 4897 2573 4959 vulgatus
2647 4893 2919 4955 interpres
2970 4879 3264 4941 Hebre-3am
3313 4879 3634 4959 veritatem
3653 4879 3888 4959 exhibet:

2317 4955 2439 5029 Qui—
2459 4963 2660 5015 scindit
2735 4962 2884 5026 ligna
2935 4960 3300 5011 vulnerabitur
3348 4959 3412 5008 ab
3465 4960 3556 5008 eis.
3705 4958 3890 5029 retusum

2309 5024 2476 5101 fuerit
2533 5035 2734 5098 ferrum
2773 5024 2820 5083 et
2873 5033 2964 5082 hoc
3009 5045 3118 5082 non
3167 5035 3223 5080 ut
3272 5033 3444 5096 prius,
3521 5027 3613 5078 sed
3649 5024 3891 5076 hebetatam

2311 5108 2494 5172 fuerit,
2515 5105 2672 5156 multo
2696 5105 2880 5154 labore
2899 5107 3189 5154 exacuetur.

2376 5161 2572 5232 XCIV.
2620 5204 2682 5214 —
2722 5178 3027 5240 Quicunque
3091 5175 3260 5224 ederit
3333 5187 3526 5237 panem
3589 5172 3678 5220 aut
3740 5161 3894 5240 tiburti

2311 5251 2541 5299 calicem.
2594 5232 2874 5298 Pamelius
2921 5232 2976 5297 ίὶι
3025 5247 3213 5297 locum
3254 5232 3425 5308 hunc,
3481 5243 3578 5294 lib.
3622 5241 3681 5290 de
3729 5232 3891 5308 Lapsa,

2314 5321 2405 5382 ait,
2445 5339 2474 5366 ει
2499 5319 2816 5370 Lectionem
2843 5318 2990 5368 hanc
3019 5321 3212 5368 notatu
3241 5300 3464 5380 dignam
3508 5315 3694 5366 contra
3716 5321 3799 5360 eos
3819 5300 3891 5367 qui

2312 5396 2701 5447 necessitatem
2786 5398 2988 5457 urgent
3051 5391 3465 5442 communionis
3529 5387 3634 5439 sub
3703 5387 3891 5457 utraqge

2313 5467 2516 5530 specie.
2549 5481 2580 5512 »
2602 5446 2886 5515 Nimirum;
2899 5463 2994 5514 illo
3038 5463 3246 5527 judice,
3275 5461 3406 5512 hinc
3441 5459 3726 5512 conﬁcitur
3767 5446 3890 5502 sufﬁ-

2313 5527 2439 5593 cere
2464 5540 2534 5591 ad
2563 5540 2931 5590 Eucharistise
2979 5539 3412 5603 perceptionem,
3457 5541 3517 5586 ut
3545 5535 3665 5598 quis
3719 5527 3891 5580 solum-

2311 5611 2477 5664 modo
2517 5625 2719 5676 panem
2779 5611 2945 5662 edat:
3000 5609 3228 5674 proinde
3284 5611 3340 5659 et
3384 5607 3536 5658 dicat
3559 5603 3890 5676 pariter.‘non

2311 5684 2495 5734 minus
2518 5671 2809 5743 sufﬁcere,
2835 5686 2898 5733 ut
2922 5671 3046 5746 quis
3074 5681 3308 5732 calicem
3349 5677 3529 5730 solum
3571 5675 3735 5746 bibat.
3759 5671 3891 5722 Porro

2312 5758 2405 5818 ait,
2432 5773 2461 5802 «
2485 5753 2879 5805 advertendum
2941 5745 3132 5804 venire
3162 5752 3331 5815 hujus
3357 5751 3465 5802 loci
3519 5745 3888 5818 expositionem.

2313 5814 2400 5881 de
2419 5825 2811 5898 praemittenda
2856 5814 3252 5900 exomologesi
3293 5826 3419 5876 ante
3454 5814 3886 5883 Eucharistiam,»
