4144 6192
308 206 448 283 ,4269

305 335 447 420 Hoc.
481 342 578 420 est,
660 343 1066 420 confessionem
1141 354 1510 410 auricularem
1573 365 1744 415 sacris
1819 367 1926 418 illis

308 411 585 489 mysteriis
616 419 929 491 necessario
967 426 1289 489 prmrequiri
1316 443 1329 487 ;
1370 429 1489 480 scil.
1517 411 1929 491 mandatum-ut

467 487 849 570 se‘exnntinet‘,
906 487 1224 570 idqom_nino
1259 498 1433 562 jubet,
1470 508 1533 553 ut
1561 506 1765 570 singuli
1792 487 1933 562 ex;

304 563 444 638 mea,
462 553 705 635 alienum
760 560 1013 638 subeant.
1058 564 1220 619 Certe
1254 553 1932 638 quihypothesfsumvsic

302 625 673 743 ggggpinium
719 636 939 694 praestat
970 651 982 684 :
1020 625 1287 691 tacendo-
1310 625 1929 709 impensiusvcommevn:

368 764 537 817 XCV.
581 796 643 807 —
685 776 765 827 Νσ
829 778 1118 833 adduxeris
1189 786 1417 848 impium_
1467 792 1523 840 in
1581 794 1931 848 habitaculum

291 843 577 906 justorum.
607 853 801 926 Sacer
855 862 1039 912 textus
1079 841 1270 916 habet.
1302 841 1441 915 mn‘a
1470 841 1608 920 ruri

302 928 441 1055 ἵης
472 924 623 984 quod
663 928 922 993 vulgatus
952 933 1223 1000 interpres
1243 942 1402 991 vertit
1427 956 1493 992 ne
1510 924 1800 1009 insidieris,
1844 924 1933 1002 etc

348 1004 601 1055 XXvero
647 1020 788 1055 (mos
849 1016 1042 1055 auctor
1065 1022 1252 1055 nmim-
1296 1024 1545 1055 αρηιιίοη..
1611 1028 1928 1055 ποιητάς-..-ε

348 1004 601 1090 XXyero
647 1020 788 1090 quos
849 1016 1042 1090 auctor
1065 1022 1252 1067 noster
1295 1024 1561 1086 sequitur,
1611 1004 1932 1090 paraphrasi

304 1087 419 1123 non
464 1076 818 1130 incommoda
862 1082 1099 1137 reddunt
1146 1090 1212 1152 μή
1257 1076 1563 1156 προσῖκγάγηξ
1602 1076 1933 1166 dandi;

306 1162 827 1244 6ix_ui_¢.nz.__VideI_1tur
844 1184 943 1235 pro
972 1172 1135 1223 ΞΠΝΠ
1162 1178 1360 1244 legisse
1386 1178 1567 1232 'l‘l’lm.

368 1235 571 1312 XXVI.
607 1266 669 1312 1—-
694 1241 883 1291 Beatus
910 1248 1005 1309 qni
1047 1235 1247 1300 inventi
1284 1252 1509 1302 amicum
1551 1269 1746 1307 verum.
1783 1260 1935 1312 LXX

304 1305 535 1388 habent,
606 1311 671 1388 ὡς
740 1313 872 1388 εξρεν
918 1305 1192 1388 ἢφρόνησιν.
1261 1321 1371 1373 Sed
1446 1305 1666 1388 legisse”

303 1376 619 1455 Cyprianus
646 1387 711 1438 ὡς
735 1376 866 1449 εὗρεν
890 1376 1044 1455 φζλὸν,
1074 1396 1170 1440 aut
1195 1392 1326 1455 φίλον
1353 1376 1535 1445 morai:

368 1448 589 1528 XCVII.
643 1448 829 1528 —-7Ad
864 1448 1272 1511 consecutionem
1325 1469 1735 1528 properandum.
1786 1472 1934 1524 Con-

301 1523 665 1601 secutionem,
722 1527 1058 1601 baptismum
1130 1523 1337 1586 notare'
1364 1523 1527 1601 supra
1569 1540 1797 1594 dictum.
1832 1551 1931 1596 est.

429 1592 570 1644 hanc
594 1590 849 1672 baptismi
886 1616 1095 1652 moram
1146 1605 1330 1656 clinici
1388 1590 1519 1659 olim
1570 1590 1649 1660 in,
1678 1590 1931 1667 Ecclesia

304 1662 558 1744 infames,
619 1669 715 1718 sed
788 1686 893 1744 pro
975 1679 1281 1739 temporum
1361 1682 1569 1731 ratione
1618 1662 1935 1739 basia};

303 1740 571 1812 variatum
627 1744 727 1789 est.
784 1743 989 1792 'I‘ertul.
1050 1747 1105 1795 in
1170 1751 1443 1799 contraria
1510 1753 1614 1803 fuit
1660 1761 1935 1809 sententia

550 1812 716 1892 .lmpt.
767 1816 1029 1892 cap._-19:_
1076 1818 1311 1884 «Siqui
1358 1802 1581 1885 pondus

304 1873 583 1963 baptismi,
634 1873 808 1948 magis
835 1873 853 1877 “
881 1887 1151 1939 timebunt
1226 1873 1738 1959 consecutionem;
1767 1873 1936 1963 (ιδθῶ

303 1944 647 2001 dilationem.
674 1972 702 2002 »

369 2019 614 2101 XCVIII.
658 2052 726 2101 _—
758 2028 890 2075 Dum
936 2031 1168 2101 ueniunt
1210 2031 1364 2083 bona.
1440 2035 1665 2101 Legisse
1720 2040 1937 2092 videtur

305 2086 619 2152 Cyprianus
655 2096 761 2155 ἕως,
802 2103 900 2148 aut
928 2099 1088 2162 ἐφ’ῷ.
1129 2102 1259 2153 Scil.
1296 2104 1404 2156 hoc
1455 2086 1937 2162 intervallo-frti;

304 2173 447 2245 mur,
471 2168 521 2212 et
552 2167 927 2245 voluptatibus
955 2172 1359 2236 indulgeamus,
1391 2176 1569 2228 donec
1624 2180 1935 2245 baptismus

303 2240 523 2282 veniam
562 2240 959 2298 praeteritorum
992 2245 1238 2292 omnium
1267 2251 1622 2299 concesserit.

368 2302 428 2351 C.
456 2328 543 2386 '--
579 2308 686 2386 Qui
724 2310 1247 2386 uideritApossidebit
1293 2330 1356 2365 ea
1412 2318 1551 2369 Vide
1611 2336 1738 2386 quae
1790 2324 1934 2376 dixi-

302 2386 429 2423 mus
452 2376 505 2424 in
525 2392 573 2428 c.
596 2381 643 2428 6.
672 2379 709 2428 l.
738 2382 784 2429 II
816 2382 886 2431 ad
911 2383 1111 2443 Quirin.

366 2443 531 2517 CVII.
590 2475 645 2485 -—
692 2452 818 2504 Noli
885 2452 1109 2517 diligere
1176 2456 1451 2509 detrahere
1512 2474 1578 2510 ne
1640 2463 1931 2516 extollar-is.

304 2514 538 2603 Hebraea
580 2524 781 2572 veritas
826 2514 1009 2575 habet
1039 2542 1203 2592 gngn
1258 2519 1336 2593 Lm
1392 2546 1556 2597 unm
1602 2550 1728 2601 nam
1774 2549 1839 2603 πῃ

302 2602 639 2688 Υιιξε;“ζκίίξ1ι’
679 2610 903 2688 diligere
943 2629 1177 2664 somnum
1229 2632 1290 2667 ne
1342 2625 1388 2668 te
1410 2625 1601 2683 egestas
1650 2602 1931 2688 opprimat.

304 2674 413 2757 _Sed
448 2679 597 2757 cxi;
648 2674 798 2757 qum’
821 2686 1016 2735 Nostro
1064 2688 1252 2749 legunt
1306 2692 1371 2753 μὴ
1416 2674 1579 2754 δι’γάπα
1628 2674 1929 2757 aiataiat,

301 2750 391 2830 "ista,
437 2752 503 2830 μὴ
559 2753 763 2830 ἐξαρρῇς.
827 2757 1174 2809 Diversitatis
1239 2750 1409 2825 hujus
1460 2750 1615 2814 ratio
1690 2750 1929 2830 petenda

304 2818 520 2871 videtur
553 2825 621 2874 ab
673 2826 1031 2891 homonymia
1062 2832 1212 2881 vocis
1242 2818 1368 2900 Πλξῃ
1396 2848 1522 2898 qum
1557 2850 1667 2886 non
1691 2818 1933 2889 somnum

301 2916 467 2965 modo
514 2916 613 2966 sed
658 2921 711 2968 et
772 2918 1097 2969 iterationem
1139 2922 1431 2984 signiﬁcat,
1485 2929 1538 2973 et
1591 2926 1647 2974 in
1694 2926 1932 2978 dialecto

302 2986 522 3037 hebrzea
604 2988 1054 3040 maledicentiam
1134 2998 1190 3041 et
1236 2993 1713 3045 obtrectationem.
1772 2998 1929 3048 Prov.

301 3071 400 3113 vn.
442 3061 490 3120 9,
527 3076 635 3125 υτ
667 3075 800 3126 Πῃιῃ
831 3074 861 3109 a
902 3062 1125 3125 vulgato
1175 3064 1473 3127 interprete
1516 3066 1781 3129 redditur,
1835 3069 1936 3129 Qui

300 3147 458 3195 atteri
508 3163 796 3199 sermonem
840 3151 1026 3213 repetit
1086 3156 1141 3201 et
1204 3165 1371 3214 XXVI,
1429 3155 1505 3214 tt,
1569 3168 1721 3222 rum:
1797 3146 1935 3220 53D:

299 3226 513 3299 πει-ηδτ)
547 3238 746 3300 pariter
772 3238 923 3288 reddi
956 3243 1130 3303 potest
1152 3242 1345 3291 stultus
1384 3242 1582 3293 iterans
1617 3245 1674 3293 in
1710 3246 1937 3296 stultitia

296 3337 413 3374 sua.
440 3326 561 3377 Vox
583 3328 884 3389 extollaris,
926 3329 1072 3380 idem
1100 3330 1316 3381 videtur
1350 3332 1519 3391 velle,
1546 3347 1611 3385 ac
1640 3336 1687 3385 si
1722 3335 1935 3387 dictum

298 3400 460 3456 esset,
489 3413 514 3445 e
535 3400 701 3448 medio
729 3400 955 3449 (altaris.

360 3459 554 3510 CXIII.
592 3486 649 3497 —
684 3462 852 3511 Filius
878 3464 1137 3512 Altissimi
1165 3464 1211 3514 si
1230 3464 1503 3516 obedieris.
1525 3466 1707 3519 Voces
1741 3470 1789 3519 si
1811 3470 1935 3521 obe-

297 3530 478 3589 dieris,
503 3531 814 3581 redundant
846 3548 857 3581 :
884 3535 990 3583 nisi
1020 3535 1159 3585 forte
1200 3536 1310 3586 illm
1346 3551 1467 3600 quas
1509 3544 1814 3601 sequantur
1853 3543 1934 3589 καὶ

300 3603 342 3649 εἱ
386 3601 642 3675 ἀγαπήσει,
684 3617 783 3667 per
828 3619 1067 3655 errorem
1110 3606 1271 3657 lectze
1324 3608 1548 3669 fuerint,
1598 3611 1639 3657 εἰ
1683 3610 1936 3675 ἀγαπήσῃς

300 3677 397 3722 aut
424 3674 558 3738 quid
578 3676 777 3725 simile.

362 3772 555 3824 CXIV.
610 3800 670 3810 —
740 3775 1156 3839 Exomologesin.
1228 3777 1557 3828 Pasnitentia
1635 3778 1932 3831 nimirum.

363 3846 757 3910 Exomotogesis
809 3848 956 3895 enim
1023 3851 1124 3906 est,
1197 3847 1495 3899 deﬁniente
1567 3850 1932 3913 Tertulliano,

298 3920 673 3981 prosternendi
723 3924 769 3966 et
806 3918 1191 3981 humili/icandi
1248 3919 1474 3969 hominis
1523 3921 1820 3984 disciplina.
1850 3925 1935 3973 Ex

300 3990 407 4039 hac
434 4004 570 4040 voce
621 3991 723 4039 ista
775 3989 828 4038 in
859 3988 1084 4052 periodo
1145 3989 1303 4053 plura
1334 3992 1684 4055 exsculpere,
1715 4000 1801 4044 est
1832 4009 1933 4044 no-

299 4061 435 4110 dum
489 4062 545 4109 in
613 4062 796 4123 scirpo
851 4074 1098 4123 qumrere
1133 4075 1143 4109 :
1185 4074 1353 4124 quam
1414 4076 1638 4126 operam
1699 4064 1935 4117 libenter

299 4133 547 4182 Pamelio
567 4132 951 4196 relinquimus.

363 4202 583 4253 CXVII.
632 4230 695 4239 —
740 4203 945 4251 Harum
1030 4201 1376 4251 tenebrarum.
1429 4204 1595 4254 Deest
1657 4206 1823 4255 etiam
1875 4206 1932 4255 in

298 4277 507 4328 Graecis
533 4274 867 4339 quibusdam
897 4274 1199 4335 codicibus,
1228 4288 1341 4325 vox
1363 4276 1550 4332 αἰῶνος.

363 4348 717 4409 Per/aceruis,
786 4346 948 4395 stetis.
1010 4345 1303 4397 Conseniit
1349 4360 1474 4397 cum
1519 4348 1587 4397 iis
1641 4362 1772 4398 mss.
1833 4352 1932 4413 qui

298 4420 568 4469 omittunt
594 4422 737 4480 στῇτε
762 4418 868 4466 οὐν.

1667 232 1845 295 EDIT.
1885 234 2086 297 OXON.
2129 236 2344 301 ΝΟΤΕ.

1955 1743 2013 1816 Β

3530 252 3549 311 l
3561 252 3664 314 270

2029 368 2187 444 stiani
2244 369 2518 444 abstinere
2578 371 2647 422 ab
2697 369 2967 426 eﬁ‘usione
3018 378 3325 440 sanguinis,
3368 382 3445 441 ut,
3500 380 3650 444 quod

2030 439 2377 503 Augustinus
2433 448 2619 493 contra
2674 446 2932 495 Faustum
2990 439 3664 512 Manichceum,1.xixu,

2031 522 2149 573 cap.
2191 512 2267 571 19,
2304 517 2453 563 recte
2509 512 2786 575 admonet,
2820 529 2959 580 Opus
2989 524 3133 569 esset
3180 524 3242 569 ut
3281 523 3505 571 cantum
3551 523 3661 572 sit:

2030 583 2423 655 Nequidquam
2457 585 2662 636 ederent
2687 589 2877 649 carnis,
2928 591 3080 652 cujus
3129 593 3349 655 sanguis
3404 606 3512 643 non
3540 599 3671 644 esset

2030 654 2239 726 effusus.
2289 656 2448 707 Unde
2487 657 2654 707 Levit.
2692 660 2933 723 xvn,t3,
2989 660 3045 712 id
3090 654 3271 726 ipsum
3293 666 3349 713 in
3392 665 3666 715 mandatis

2031 724 2351 798 daturput
2412 728 2640 791 Sanguis
2722 735 2979 794 tanquam
3071 724 3213 797 agua
3288 736 3658 798 effunderetur.

2032 795 2409 858 Quamobrem
2464 799 2718 865 plerique
2748 813 2816 850 ex
2848 795 3131 853 veteribuf
3178 807 3272 869 qui
3306 795 3361 855 in
3415 821 3479 857 ea
3510 814 3665 856 erant

2031 870 2327 931 sententia,
2387 871 2689 933 sanguinis,
2768 874 3051 923 mentione
3104 877 3220 937 ejus
3287 890 3441 927 esum
3497 878 3667 928 fuisse

2031 940 2415 1001 interdictum,
2446 942 2704 993 sudocati
2734 946 3090 1007 mentionem,
3134 948 3286 997 velut
3341 962 3669 1012 supervaca-

2030 1016 2195 1061 neam
2246 1014 2578 1077 praeteriere.
2608 1014 2778 1079 Cujus
2822 1021 3029 1078 autem,
3062 1021 3368 1081 quantique
3393 1022 3669 1070 momenti

2032 1092 2104 1141 sit
2148 1092 2288 1142 illud
2344 1092 2819 1154 additamentum,
2866 1097 2948 1143 καὶ
2996 1096 3089 1145 ὅσα
3133 1098 3187 1145 5w
3235 1100 3299 1160 μὴ
3342 1098 3500 1156 θέλητε
3553 1102 3666 1161 ὑμῖν

2033 1162 2262 1224 γίνεσθαι,
2332 1165 2508 1230 ἑτέροις
2575 1168 2639 1229 μῄ
2702 1171 2877 1227 ποιεῖν,
2951 1172 3006 1218 et
3076 1173 3264 1219 utrum
3335 1170 3475 1231 haec,
3528 1186 3665 1233 prte-

2034 1239 2194 1297 cepta
2255 1236 2387 1287 ﬁliis
2452 1238 2661 1289 Noachi
2727 1239 2852 1288 data
2899 1241 3214 1305 respiciant,
3261 1241 3497 1293 viderint
3548 1256 3669 1292 eru-

2035 1305 2152 1356 diti.

2451 1397 2547 1447 DE
2583 1397 2850 1448 HABITU
2887 1398 3261 1451 VIRGINUM.

2098 1500 2323 1551 Librum
2359 1500 2511 1550 hunc
2563 1501 2839 1565 Cypriano
2884 1507 3136 1553 asserunt
3197 1505 3425 1555 Pontius
3460 1504 3666 1556 Hiero-

2038 1584 2267 1634 nymus,
2302 1571 2670 1633 Augustinus,
2707 1576 2893 1635 atque,
2924 1586 2989 1621 ex
3021 1574 3301 1624 veteribus
3332 1576 3421 1625 alii
3464 1592 3474 1624 :
3512 1577 3584 1626 ita
3612 1580 3673 1625 ut

2037 1643 2106 1693 de
2180 1642 2444 1705 scriptore
2507 1643 2660 1691 nulla
2735 1644 2806 1692 sit
2875 1646 3279 1694 controversia.
3343 1644 3672 1710 Scriptionis

2036 1726 2167 1762 vero
2219 1716 2432 1776 tempus
2472 1726 2583 1761 non
2636 1713 2837 1776 pariter
2881 1714 2937 1762 in
2972 1716 3246 1765 confesso.
3298 1718 3664 1767 Doctissimus

2039 1783 2309 1845 Higaltius
2354 1788 2476 1847 post
2536 1785 2917 1847 episcopatum
2979 1788 3345 1850 compositum
3389 1793 3574 1838 censet
3617 1794 3671 1837 et

2040 1852 2300 1915 l’amelio,
2338 1854 2536 1915 dicam,
2570 1854 2843 1919 impingit,
2876 1856 3026 1919 quod
3052 1863 3272 1920 putaret
3302 1876 3331 1906 «
3346 1860 3414 1908 ab
3446 1865 3670 1910 auctore

2037 1925 2411 1988 conscriptum
2456 1938 2583 1975 cum
2640 1926 2879 1988 primum
2939 1929 2996 1977 in
3046 1930 3300 1979 Ecclesia
3347 1930 3551 1981 Christi
3600 1947 3667 1981 ex

2036 1996 2255 2059 plebeio
2286 1997 2615 2047 excessisset
2647 2012 2660 2056 ;
2688 2016 2715 2042 »
2757 2012 2984 2062 remque
3024 2000 3129 2049 sibi
3160 2003 3463 2052 confectam
3508 2009 3668 2053 extra

2037 2068 2428 2117 controversiae
2486 2068 2663 2117 aleam
2728 2069 2921 2129 credit,
2973 2084 3043 2121 ex
3097 2072 3277 2122 Pontii
3332 2073 3516 2123 verbis
3571 2075 3666 2137 qui

2037 2139 2113 2187 ait
2147 2151 2199 2183 :«
2228 2139 2400 2203 Finge
2436 2152 2590 2188 nunc
2640 2138 2797 2189 illum
2852 2143 3101 2205 martyrii
3146 2143 3462 2207 dignatione
3494 2148 3667 2193 trans—

2036 2209 2229 2257 latum.
2300 2210 2440 2271 Quis
2499 2210 2742 2273 virgines
2798 2212 2867 2261 ad
2926 2220 3323 2277 congruentem
3388 2216 3669 2278 pudicitia)

2037 2280 2408 2343 disciplinam,
2442 2285 2499 2330 et
2522 2279 2777 2329 habitum
2834 2285 3203 2333 sanctimonia
3239 2285 3470 2348 dignum
3507 2299 3671 2335 coer-

2036 2353 2234 2402 ceret?
2284 2364 2410 2415 quse
2476 2350 2663 2409 verba,
2718 2353 2913 2416 inquit,
2963 2358 3073 2403 tam
3150 2355 3297 2406 clare
3354 2358 3670 2420 significant

2034 2424 2189 2474 hunc
2237 2423 2305 2472 de
2355 2422 2665 2486 virginibus
2717 2422 3342 2489 libellum,aCypriano
3397 2434 3519 2492 post
3551 2443 3670 2492 per-

2035 2495 2385 2544 secutionem
2402 2494 2612 2543 editum
2640 2495 2828 2555 fuisse,
2859 2509 3028 2559 quem
3076 2499 3402 2562 inscriptum
3435 2500 3496 2548 de
3549 2502 3669 2548 Dis-

2035 2567 2240 2630 ciplina
2296 2571 2342 2615 et
2416 2566 2604 2617 Habitu
2674 2566 3022 2629 Virginum.»
3084 2569 3193 2618 Nos
3255 2584 3409 2629 vero,
3462 2570 3557 2632 qui
3612 2570 3667 2619 in

2034 2637 2309 2702 principio
2355 2638 2537 2701 operis
2582 2638 2993 2699 adnotavimus,
3067 2639 3237 2689 verba
3302 2641 3396 2690 illa
3458 2641 3666 2699 Pontii,

2035 2726 2065 2758 <‹
2100 2708 2240 2771 Quis
2283 2708 2723 2757 emolumentum
2772 2708 2963 2771 gratiae
2997 2722 3095 2772 per
3132 2710 3298 2759 ﬁnem
3334 2710 3671 2774 proﬁcientis

2035 2778 2355 2839 ostenderit,
2395 2794 2424 2824 »
2467 2778 2669 2826 librum
2723 2778 2881 2827 illum
2929 2778 2997 2828 ad
3050 2780 3327 2831 Donatum
3383 2780 3445 2829 de
3479 2781 3669 2830 Gratia

2035 2856 2133 2905 Dei
2193 2853 2502 2917 respicere;
2584 2866 2696 2902 non
2775 2852 3029 2903 obstante
3085 2856 3336 2918 apologia
3386 2855 3476 2904 illa
3548 2868 3670 2919 pro-

2034 2938 2258 2976 secessu
2285 2926 2407 2987 ejus
2436 2937 2619 2987 quaea
2669 2925 2890 2988 scriptis
2943 2925 3019 2974 ibi
3066 2926 3385 2976 memoratis
3433 2927 3671 2976 institui-

2032 3001 2161 3046 tur:
2219 3000 2274 3045 et
2306 2996 2585 3057 siquidem
2630 2997 2685 3043 in
2735 2995 2990 3045 confesso
3061 2995 3208 3059 apud
3280 3011 3491 3057 omnes,
3553 2998 3665 3046 imo

2036 3069 2217 3131 ipsum
2270 3067 2593 3130 Rigaltium,
2637 3068 2723 3128 sit,
2769 3066 2971 3116 librum
3026 3068 3094 3116 ad
3136 3069 3413 3117 Donatum
3469 3084 3497 3116 a
3550 3069 3661 3131 Cy-

2036 3140 2230 3203 priano
2275 3138 2672 3201 conscriptum,
2714 3156 2742 3182 «
2791 3150 2917 3186 cum
2972 3139 3211 3200 primum
3273 3139 3419 3202 apud
3469 3138 3666 3187 Eccle-

2038 3211 2176 3259 siam
2211 3222 2415 3259 nomen
2446 3208 2816 3272 proﬁteretur,
2850 3225 2875 3253 »
2917 3210 3194 3258 afﬁrmare
3222 3211 3449 3258 minime
3499 3210 3662 3258 dubi-

2036 3286 2236 3338 tamus,
2262 3295 2333 3331 ex
2358 3280 2639 3344 praedictis
2672 3280 2852 3329 Pontii
2888 3281 3090 3342 verbis,
3127 3281 3196 3331 de
3244 3281 3435 3330 ordine
3490 3283 3665 3344 scrip-

2036 3359 2218 3403 torum
2284 3352 2540 3415 martyris
2596 3352 2789 3411 nostri,
2849 3351 2989 3401 nihil
3049 3352 3185 3403 certi
3250 3366 3410 3416 posse
3462 3352 3661 3416 colligi.

2036 3424 2460 3475 Eruditissimus
2512 3422 2863 3485 Lombertus,
2914 3423 3136 3485 Rigaltii
3186 3424 3520 3473 sententiam
3561 3425 3666 3472 alio

2037 3499 2379 3559 argumento,
2426 3508 2495 3545 ex
2538 3495 2835 3543 Hieremiae
2871 3493 3053 3542 verbis
3089 3495 3230 3543 infra
3260 3494 3517 3555 laudatis,
3546 3507 3669 3557 pro-

2036 3581 2283 3631 pugnare
2330 3567 2565 3628 satagit;
2621 3564 2718 3614 ubi
2764 3564 2900 3614 dicit
2952 3564 3225 3628 Propheta
3265 3582 3276 3613 :
3341 3565 3488 3615 Dabo
3525 3564 3668 3614 vobis

2030 3643 2276 3704 pastores
2302 3638 2583 3687 secundum
2617 3650 2709 3686 cor
2737 3650 2924 3695 meum,
2966 3641 3011 3685 et
3044 3642 3250 3699 pascent
3285 3651 3373 3685 vos
3401 3642 3668 3698 pascentes

2036 3724 2148 3759 cum
2179 3708 2498 3772 disciplina;
2532 3721 2598 3757 ac
2624 3708 2670 3756 si
2699 3706 2841 3756 liber
2865 3706 2929 3753 de
2969 3707 3161 3755 Habitu
3196 3708 3471 3770 Virginum
3519 3720 3658 3755 con-

2036 3782 2297 3844 scriptus,
2328 3779 2638 3842 disciplinae
2675 3778 3069 3828 ecclesiasticas
3110 3778 3272 3825 istius
3320 3777 3471 3826 modi
3520 3781 3667 3825 esset

2035 3866 2178 3916 pars,
2216 3864 2340 3916 quae
2379 3852 2640 3913 episc0po
2670 3848 2774 3897 soli
2818 3852 3169 3910 competeret.
3204 3848 3312 3897 Sed
3352 3848 3459 3897 hoc
3502 3861 3667 3895 nemo

2036 3924 2253 3982 dixerit,
2294 3922 2549 3985 quisquis
2600 3920 2919 3968 meminerit
2966 3919 3153 3981 plures
3194 3919 3365 3968 libros
3395 3933 3461 3969 eo
3510 3932 3668 3979 argu-

2035 3997 2222 4043 mento
2270 4007 2299 4041 a
2340 3991 2678 4041 Tertulliano
2718 3989 3041 4053 presbytero
3089 3989 3462 4039 elucubratas.
3506 3988 3666 4039 Certe

2034 4065 2260 4127 majoris
2285 4062 2543 4112 videntur
2569 4061 2829 4125 ponderis
2859 4073 2986 4124 qum
3030 4061 3085 4109 in
3127 4075 3313 4111 causa:
3358 4075 3473 4111 sua:
3525 4074 3667 4123 prse-

2035 4137 2237 4187 sidium
2303 4135 2484 4186 attulit
2556 4135 2871 4194 Pamelius,
2930 4133 3097 4183 verba
3171 4136 3349 4184 citans
3428 4135 3668 4184 auctoris

2036 4209 2225 4270 nostri,
2256 4207 2480 4272 quando
2522 4206 2673 4264 dicit,
2706 4224 2733 4250 «
2780 4205 3027 4269 virgines
3066 4219 3122 4254 se
3172 4206 3401 4270 alloqui.
3428 4208 3668 4270 virgines

2037 4279 2340 4338 adhortari,
2393 4277 2686 4327 aﬂ‘ectione
2743 4277 2930 4341 potius
2982 4289 3150 4339 quam
3194 4282 3462 4340 potestate
3506 4294 3517 4327 :
3556 4293 3666 4328 non

2037 4352 2188 4415 quod
2251 4356 2531 4401 extremus
2587 4352 2643 4397 et
2701 4349 2987 4407 minimus,
3052 4353 3105 4397 et
3158 4349 3495 4398 humilitatis
3551 4364 3667 4399 sum

2036 4421 2339 4471 admodum
2377 4420 2658 4475 conscius,
2702 4419 2913 4481 aliquid
2968 4418 3036 4467 ad
3089 4432 3388 4469 censuram
3425 4421 3665 4469 licentius

361 4490 559 4541 CXIX.
605 4477 672 4526 —'
726 4490 788 4537 In
838 4489 1038 4538 homine
1096 4490 1286 4539 veniat.
1337 4490 1517 4539 Homo
1565 4491 1789 4541 futurus
1827 4477 2419 4549 est.Dvindicaret,»
2449 4495 2552 4540 etc.
2606 4477 2808 4539 Parum
2851 4492 3078 4539 omnino
3123 4492 3190 4540 iis
3238 4496 3406 4540 notus
3437 4490 3665 4554 Cypria-

298 4561 465 4622 Quod
501 4574 655 4625 reges
703 4561 914 4623 Assyrii
947 4564 1002 4610 et
1027 4559 1273 4611 Chaldaei
1312 4562 1593 4613 Israelitis
1626 4562 1731 4612 hoc
1776 4564 1933 4612 Anti-

302 4635 553 4684 christus
659 4630 1004 4681 Christianis.
1071 4632 1553 4693 Quemadmodum
1635 4648 1763 4697 ergo
1832 4634 1936 4683 sub

298 4707 540 4756 Luciferi
593 4704 764 4755 ccelos
812 4705 1027 4752 ruentis
1082 4703 1365 4753 schemate
1404 4705 1548 4769 regis
1618 4705 1937 4768 Babyloniae

299 4777 897 4840 cladcsdcsignabatur
948 4775 1034 4823 Isa
1065 4787 1186 4835 xxv,
1237 4776 1305 4834 t2,
1364 4778 1483 4838 pari
1539 4777 1706 4826 etiam
1754 4783 1934 4828 terro—

300 4852 373 4898 ris
429 4852 693 4910 apparatu
743 4862 773 4896 a
829 4847 1021 4911 primis
1076 4844 1407 4895 Christianis
1457 4846 1767 4912 descriptus
1821 4853 1936 4899 erat

295 4919 688 4986 Antichristus,
736 4922 797 4966 ut
864 4919 936 4967 sit
985 4916 1249 4965 nimirum
1297 4918 1478 4966 malus
1558 4919 1785 4982 quidam
1840 4933 1935 4983 ge—

287 4994 427 5040 ‘nius
472 4996 525 5040 et
580 4989 1039 5040 cacodaamonum
1101 4989 1377 5051 princeps.
1426 4989 1571 5039 Tert.
1619 4991 1682 5039 de
1739 4994 1932 5041 Resur-

300 5064 526 5111 rectione
573 5062 768 5115 carnis,
803 5073 850 5109 c.
910 5060 1007 5108 '25:
1055 5075 1084 5106 ς
1134 5059 1315 5108 Bestia
1369 5058 1767 5120 Antichristus,
1806 5074 1934 5109 cum

282 5130 399 5183 suo
431 5131 910 5195 pseudopropheta
961 5135 1241 5179 certamen
1285 5130 1557 5180 Ecclesiae
1614 5131 1665 5179 ei
1720 5131 1934 5190 inferat,

299 5208 467 5267 atque
497 5205 567 5252 ita
599 5202 830 5252 Diabolo
856 5202 910 5250 in
969 5200 1234 5263 abyssum
1288 5202 1552 5264 relegato,
1589 5216 1616 5248 ι)
1644 5206 1747 5250 etc.
1798 5201 1937 5263 Quae

301 5276 574 5335 re3picere
627 5273 885 5324 videntur
934 5273 1108 5334 Apoc.
1164 5285 1269 5332 xx,
1317 5272 1414 5321 ubi
1473 5274 1669 5333 Draco,
1726 5285 1939 5335 serpens

300 5349 570 5411 antiquus,
621 5345 828 5408 quiest
870 5343 1108 5393 diabolus
1162 5347 1217 5391 et
1279 5344 1537 5402 Satanas,
1586 5343 1936 5393 describitur.

303 5420 467 5470 Certe
500 5416 838 5480 Hippolytus
872 5420 1080 5479 martyr
1099 5419 1287 5480 aperte
1332 5418 1449 5465 erat
1480 5416 1537 5464 in
1566 5415 1689 5464 illas
1712 5419 1937 5465 senten-

300 5492 395 5551 tia,
424 5487 825 5537 Antichristum
856 5487 1028 5537 fuisse
1062 5488 1244 5551 ipsum
1271 5486 1557 5539 diabolum
1602 5488 1938 5552 plantastico

305 5564 356 5610 et
387 5572 547 5609 aereo
576 5570 803 5622 corpore
828 5563 1165 5609 contectum.

371 5631 660 5695 Sanguinis
721 5628 977 5694 effusione.
1050 5631 1246 5683 Graeca
1302 5630 1510 5682 habent
1576 5631 1657 5679 καὶ
1724 5631 1937 5694 αἳματος,

307 5703 389 5750 καὶ
443 5700 653 5751 minoia.
707 5701 765 5752 Si
824 5701 1007 5751 verbis
1058 5702 1177 5752 istis
1236 5701 1560 5752 interdictas
1613 5706 1760 5755 esset
1818 5715 1941 5752 san-

306 5774 497 5845 guinis
555 5787 705 5839 esus,
733 5777 951 5829 tantum
996 5772 1218 5829 abesset
1245 5774 1331 5839 [ut
1368 5774 1699 5839 juberentur
1773 5774 1941 5828 Chri-

2035 4577 2162 4623 nus,
2220 4562 2425 4625 quibus
2476 4564 2598 4623 post
2652 4560 3066 4623 episcopatum,
3119 4562 3196 4610 ita
3254 4562 3504 4621 locutus,
3563 4575 3665 4611 ceu

2033 4634 2320 4684 schemate
2372 4631 2664 4691 rhetorico,
2715 4630 2953 4680 videtur.
3012 4633 3251 4681 Demum
3288 4634 3333 4681 si
3382 4635 3509 4696 quis
3556 4632 3669 4681 dif—

2036 4705 2273 4755 fluentes
2303 4704 2632 4753 feminarum
2686 4714 2889 4756 mores,
2919 4704 3301 4765 promiscuum
3341 4704 3666 4753 balneorum

2035 4791 2221 4835 usum,
2278 4780 2333 4825 et
2379 4774 2732 4838 splendidum
2780 4776 3021 4824 vestium
3073 4782 3420 4838 apparatum,
3457 4777 3565 4826 hoc
3611 4779 3667 4825 in

2037 4860 2204 4910 opere
2234 4850 2454 4896 notatos
2487 4847 2883 4907 observaverit,
2914 4846 3064 4895 haud
3097 4847 3260 4897 facile
3292 4848 3399 4897 sibi
3437 4849 3493 4896 in
3540 4850 3666 4896 ani-

2037 4933 2192 4968 mum
2243 4917 2558 4978 induxerit,
2616 4918 3019 4980 persecutionis
3090 4919 3351 4969 Decianm
3418 4924 3666 4982 tempora

2036 4989 2296 5040 describi.
2349 4986 2465 5038 Stet
2495 5000 2642 5051 ergo,
2688 4990 2982 5037 tractatum
3013 4987 3166 5037 hunc
3204 4987 3274 5037 ad
3316 5002 3404 5036 an.
3451 4989 3562 5047 2t3,
3616 4993 3671 5038 et

2038 5060 2108 5110 ad
2136 5060 2229 5109 illa
2259 5071 2406 5122 quae,
2440 5062 2577 5107 teste
2624 5057 2843 5117 Pontio,
2882 5058 3156 5120 presbyter
3200 5059 3397 5121 fecerat
3434 5059 3668 5123 Cypria-

2040 5144 2190 5192 nus,
2259 5128 2631 5179 referendum.
2709 5128 2968 5178 Veterem
3041 5128 3217 5179 libelli
3292 5130 3463 5194 hujus
3534 5132 3664 5179 titu-

2040 5202 2197 5259 lum,
2251 5214 2415 5265 quem
2475 5199 2642 5249 editio
2696 5199 3007 5262 Spirensis,
3066 5202 3242 5251 Vetus
3303 5202 3668 5262 innominata,

2040 5271 2352 5332 Remboldi,
2420 5270 2654 5331 Erasmi,
2714 5271 2966 5332 Manutii,
3034 5271 3243 5333 Gravii,
3302 5277 3358 5323 et
3418 5274 3671 5338 plerique

2039 5358 2171 5394 mss.
2204 5344 2430 5394 codices
2464 5345 2727 5401 tuentur;
2780 5343 2993 5405 quique
3027 5343 3478 5406 simplicissimus
3509 5344 3671 5394 vide-

2040 5421 2148 5475 tur,
2175 5420 2231 5465 et
2264 5415 2445 5479 operis
2488 5418 2746 5464 contenta
2786 5414 3237 5466 commodissime
3285 5416 3531 5479 exhibet,
3567 5428 3672 5465 nec

2038 5499 2150 5535 non
2210 5484 2541 5535 Tertulliani
2602 5483 3039 5535 nomenclaturas
3103 5485 3358 5549 proxime
3419 5484 3671 5543 accedit,

2042 5556 2396 5607 retinendum
2453 5556 2793 5605 censuimus.
2841 5556 3233 5619 Tertullianus,
3279 5557 3373 5607 lib.
3412 5557 3475 5606 de
3518 5554 3674 5606 Cultu

2041 5630 2178 5680 Fem.
2230 5628 2412 5678 docet.
2462 5626 2708 5677 Habitum
2762 5628 3021 5693 duplicem
3062 5629 3281 5691 speciem
3322 5624 3675 5686 circumferre,

2043 5699 2332 5774 cultumhet
2358 5702 2646 5774 ornatum.
2674 5700 2896 5774 Deghis
2926 5699 3229 5765 Septimius
3262 5696 3511 5774 seorsim_
3541 5707 3671 5774 ege-

2037 5772 2207 5827 ratin
2242 5770 2403 5827 libris
2444 5770 2511 5822 de
2547 5771 2704 5827 Cultu
2754 5764 3092 5825 Feminarum
3140 5775 3196 5824 et
3241 5772 3305 5827 de
3360 5764 3670 5830 Virginibus
