4144 6192
440 285 571 354 12η

444 409 700 463 vetandis.
767 408 912 462 Cum
964 421 1094 460 vero
1148 419 1265 458 rem
1319 409 1492 458 totam
1546 405 1716 459 unico
1780 407 2069 459 volumine

1788 281 1960 339 EDIT.
1999 281 2200 340 OXON.
2240 281 2460 342 ΝΟΤᾸΞ.

3679 285 3819 342 12⁸72

2236 408 2306 458 Χ.
2339 434 2395 446 -
2450 410 2567 461 Non
2619 411 2866 463 utantur.
2911 409 3056 462 Vide
3105 409 3143 460 l.
3198 421 3257 460 ιιι
3326 409 3453 462 Test.
3507 407 3576 460 ad
3636 409 3832 473 Quir.,

439 483 726 534 absolvere
755 480 1042 530 statuisset
1071 478 1404 544 Cyprianus,
1432 479 1574 529 nihil
1609 479 1866 530 instituto
1897 479 2072 542 ipsius
2172 493 2220 532 c.
2255 482 2302 531 2.

439 553 914 617 accommodatius
939 565 1059 603 esse
1091 553 1288 616 potuit,
1313 565 1478 616 quam
1511 555 1570 601 ut
1601 553 1658 601 in
1683 551 1862 602 fronte
1891 551 2074 614 operis

2236 555 2425 605 Petrus
2476 556 2652 605 etiam.
2702 555 2761 606 Si
2813 556 2871 604 in
2921 558 3073 605 tanta
3126 553 3448 618 dignatione
3492 553 3823 618 Apostolus,

437 626 706 687 Habitum,
749 637 949 675 vocem
1002 624 1290 674 latissima
1347 623 1774 687 signiﬁcationis
1833 623 2072 674 adhibe—
2171 623 2426 678 ultimam
2480 631 2863 692 paupertatem
2889 627 3147 685 subibat;
3199 628 3407 676 frustra
3444 625 3556 676 sibi
3601 626 3828 690 placeat

440 703 542 748 ret.
583 697 858 755 Pontium,
889 695 945 746 S.
994 695 1248 758 Martyris
1299 695 1470 745 libros
1521 695 1834 746 describere
1889 696 2074 760 potius

442 785 612 836 quam
655 771 840 831 citare,
877 783 966 819 res
1007 774 1089 820 est
1136 769 1464 822 manifesta:
1501 769 1651 820 unde
1699 770 1828 821 licet
1876 770 1972 819 ille
2004 769 2075 819 de

441 847 767 907 congruente
802 841 1074 903 pudicitiae
1121 840 1430 902 disciplina,
1470 845 1520 889 et
1571 840 1756 890 habitu
1797 841 2080 891 sanctimo-

442 916 539 963 nia
585 914 765 976 digno,
799 911 1135 962 mentionem
1181 912 1380 970 faciat;
1413 924 1526 962 non
1574 911 1806 974 proinde
1855 911 2078 961 titulum

443 983 571 1034 libri
623 981 1040 1032 extendendum
1085 982 1486 1031 existimamus.
1529 982 1650 1031 Non
1690 983 1865 1046 magis
1907 996 2078 1046 quam

445 1057 577 1120 quia
607 1054 663 1105 S.
706 1055 935 1104 Hieron.
983 1051 1190 1102 librum
1234 1053 1408 1114 hunc,
1437 1051 1680 1102 volumen
1727 1052 1788 1101 de
1840 1051 2078 1116 Virgini-

449 1131 558 1178 tate
603 1124 861 1190 appellat,
895 1124 1060 1188 Epist.
1117 1123 1187 1173 ad
1238 1123 1501 1184 Eustoch.,
1533 1124 1614 1173 sic
1659 1123 2082 1174 inscribendum

449 1209 763 1250 censemus.

511 1271 550 1318 1.
581 1295 642 1306 --
683 1265 982 1329 Disciplina
1025 1271 1198 1314 custos
1244 1265 1374 1327 spei.
1426 1265 1731 1330 Utramque
1782 1266 1895 1315 fere
1940 1266 2082 1317 Ter-

449 1340 668 1392 tulliani
722 1339 981 1402 paginam
1039 1337 1232 1399 implet
1282 1336 1574 1398 disciplinae
1630 1351 1778 1398 vox;
1833 1342 1887 1388 et
1937 1336 2085 1402 apud

451 1427 579 1465 eum
624 1423 789 1462 omne
842 1409 1061 1472 pietatis
1110 1408 1356 1458 ofﬁcium
1418 1409 1526 1458 hoc
1574 1409 1750 1474 elegio
1804 1415 2082 1460 censetur.

451 1482 758 1539 Patientia,
786 1480 938 1538 ﬁdei,
980 1479 1269 1536 orationis,
1319 1481 1652 1539 sanctitatis,
1698 1481 2084 1543 monogamia,

450 1553 733 1619 pudicitia
781 1551 1132 1613 disciplinam
1179 1551 1385 1613 passim
1436 1551 1808 1601 commendat.
1843 1551 1914 1602 Et
1949 1556 2086 1600 trac-

453 1630 630 1676 tatum
709 1622 843 1672 huic
908 1634 1205 1685 supparem
1288 1621 1348 1671 de
1436 1621 1744 1685 Virginibus
1807 1621 2086 1679 vetandis,

454 1693 762 1758 disciplina
786 1693 1069 1742 mentione
1113 1693 1320 1756 sapius
1369 1694 1600 1756 repetita
1643 1693 1892 1752 inchoat,
1922 1698 2088 1756 atque

453 1767 664 1818 ibidem
696 1765 980 1815 Paracleto
1017 1777 1119 1814 suo
1167 1763 1314 1814 hanc
1361 1765 1726 1814 institutionis
1768 1765 2086 1828 praerogati-

454 1852 580 1887 vam
637 1836 844 1888 tribuit.
902 1835 1220 1899 Cyprianus
1271 1849 1422 1888 vero.
1475 1836 1803 1899 magistrum
1846 1836 1914 1885 ad
1968 1849 2089 1885 aras

456 1909 710 1974 sequitur
737 1923 750 1967 ;
787 1906 1131 1957 felicissimis
1161 1907 1444 1970 auspiciis,
1476 1907 1550 1956 ita
1580 1908 1826 1956 imitatus
1851 1920 2088 1970 semper,

458 1985 520 2031 ut
548 1979 821 2044 corrigat;
857 1982 1025 2041 atque
1058 1982 1120 2026 ut
1150 1978 1196 2026 is
1238 1979 1310 2028 sit
1339 1990 1508 2041 quem
1560 1978 1650 2027 alii
1688 1983 1806 2027 tuto
1854 1979 2088 2027 imiten-

456 2057 562 2102 tur.
593 2051 734 2113 Qua
769 2049 862 2100 hic
889 2053 1266 2112 congeruntur
1302 2049 1358 2100 S.
1404 2049 1708 2112 Scriptura
1752 2051 2088 2110 testimonia,

457 2125 698 2188 reperire
756 2125 842 2173 est
889 2122 1044 2184 epist.
1096 2122 1127 2171 4
1171 2120 1260 2181 (ad
1305 2121 1536 2171 Pamelii
1592 2135 1854 2172 numeros
1905 2122 1984 2184 63)
2030 2121 2092 2171 de

465 2193 787 2258 Virginibus.
817 2192 886 2241 Et
924 2191 1152 2256 quidem
1194 2193 1408 2242 auctori
1463 2195 1650 2242 nostro
1693 2193 1942 2244 solemne
1985 2197 2089 2253 est,

458 2267 580 2330 pari
633 2265 689 2314 in
746 2276 932 2324 causa,
983 2263 1181 2314 iisdem
1223 2263 1391 2312 armis
1443 2275 1514 2313 ex
1565 2263 1762 2314 litteris
1805 2263 2093 2326 productis

507 2348 731 2386 uunare.

463 2351 891 2456 Ρυιῗέῖεἷδὲυιαηι
946 2402 1086 2467 ﬁdei.
1151 2401 1280 2466 Cui,
1333 2416 1437 2453 ceu
1489 2403 1611 2452 funi
1667 2404 1910 2468 nautico,
1961 2403 2090 2454 ﬁdei

463 2475 708 2527 anchora
768 2474 1040 2538 alligatur.
1101 2474 1210 2524 Sed
1270 2475 1548 2526 contrario
1617 2489 1840 2539 prorsus
1925 2489 2093 2527 sensu

463 2547 699 2608 Tertul.,
730 2545 827 2596 lib.
859 2545 925 2595 de
950 2545 1102 2598 Cultu
1128 2547 1292 2602 Fem.,
1339 2558 1395 2608 ιι,
1439 2549 1602 2596 vocat
1643 2547 1918 2596 mundum
1961 2562 2094 2598 mu-

467 2617 721 2678 liebrem,
758 2615 1046 2665 retinacula
1075 2616 1189 2679 spei
1221 2619 1430 2676 nostra,
1461 2616 1585 2668 scil.
1616 2631 1746 2682 qua
1781 2633 1938 2682 spem
1980 2633 2093 2670 non

463 2688 758 2747 sustinent,
790 2686 888 2736 sed
916 2692 1220 2737 morantur.

527 2760 593 2808 II.
642 2784 698 2794 —
762 2757 981 2808 Vivendi
1031 2759 1286 2809 timorem.
1351 2759 1580 2810 Dixerat
1636 2773 1822 2823 supra,
1876 2776 1902 2804 ‹‹
1943 2758 2093 2808 Fun-

467 2832 795 2883 damentum
859 2843 1024 2881 omne
1081 2831 1366 2895 religionis
1433 2845 1498 2881 ac
1547 2830 1710 2891 ﬁdei,
1773 2831 1842 2880 de
1895 2830 2095 2882 obser-

466 2904 690 2953 vatione
742 2916 807 2952 ac
859 2903 1054 2951 timore
1116 2901 1505 2966 proﬁciscitur,
1561 2918 1592 2951 »
1669 2903 1902 2965 Insuper
1976 2906 2095 2952 sta--

470 2975 590 3034 tim,
653 2991 681 3018 «
727 2974 807 3024 Ne
860 2973 1010 3037 quod
1071 2977 1326 3024 sanctum
1386 2978 1440 3023 et
1490 2988 1692 3037 purum
1749 2973 1817 3024 de
1873 2973 2095 3023 Domini

470 3044 791 3109 dignatione
839 3044 1183 3109 percipitur;
1232 3045 1418 3095 minus
1459 3046 1701 3096 sollicito
1756 3045 1952 3096 timore
2008 3049 2098 3096 tc-

472 3120 687 3168 neatur.
716 3132 743 3162 »

532 3189 626 3238 III.
659 3214 720 3224 —
765 3189 911 3238 Nunc
957 3187 1108 3237 nobis
1150 3188 1223 3236 ad
1268 3189 1498 3252 virgines
1531 3202 1698 3238 sermo
1749 3193 1842 3238 est.
1887 3189 2097 3238 Locum

469 3260 623 3310 hunc
657 3258 816 3309 affert
859 3260 923 3308 D.
957 3259 1322 3322 Augustinus,
1353 3260 1416 3310 de
1468 3260 1719 3311 Doctrina
1764 3260 2100 3320 Christiana,

468 3331 506 3381 l.
537 3344 618 3389 ιν.
649 3344 696 3380 c.
724 3330 806 3390 21,
845 3330 898 3378 in
925 3330 1245 3394 exemplum
1281 3335 1600 3394 temperata
1626 3331 1898 3381 dictionis.
1936 3331 2102 3382 Porro

472 3402 746 3460 observat,
779 3399 928 3464 quod
953 3401 1010 3450 in
1041 3402 1232 3452 libello
1258 3403 1364 3452 hoc
1389 3421 1417 3447 «
1447 3403 1651 3465 Martyr
1683 3403 2000 3464 Cyprianus
2032 3402 2101 3452 de

469 3471 665 3521 habitu
690 3473 988 3535 virginum,
1019 3487 1131 3524 non
1158 3473 1228 3524 de
1252 3473 1608 3537 suscipiendo
1644 3473 1874 3536 virginis
1903 3487 2103 3538 propo-

474 3545 580 3593 sito
605 3544 840 3606 scripsit.
875 3561 904 3590 »

537 3615 646 3664 Has
685 3614 1056 3674 adhortamur,
1091 3617 1359 3679 affectione
1402 3615 1580 3680 potius
1625 3629 1787 3679 quam
1829 3621 2098 3678 potestate.

474 3685 743 3737 Similiter
797 3687 1192 3747 Tertullianus,
1223 3687 1286 3736 de
1325 3689 1486 3740 Cultu
1535 3688 1692 3747 Fem.,
1737 3686 1773 3735 l.
1827 3699 1884 3748 ιι,
1915 3703 1944 3734 α
1987 3689 2104 3736 An-

474 3757 620 3807 cilla
654 3758 756 3808 Dei
798 3759 933 3819 vivi,
962 3771 1246 3808 conserva
1275 3761 1329 3808 et
1373 3771 1592 3808 sorores
1632 3769 1792 3818 mea,
1830 3771 1941 3820 quo
1980 3759 2105 3820 jure

473 3827 707 3892 deputor
745 3827 1036 3878 vobiscum
1072 3829 1546 3892 postremissimus
1573 3843 1586 3888 ;
1613 3847 1642 3876 »
1687 3832 1742 3878 et
1791 3829 2100 3891 deinceps:

473 3915 502 3943 «
550 3899 775 3950 Utinam
825 3900 1169 3949 miserrimus
1219 3911 1322 3963 ego
1370 3900 1428 3948 in
1479 3899 1572 3948 illa
1622 3898 1712 3948 die
1775 3897 2105 3949 Christiana

474 3971 880 4033 exsultationis,
914 3971 1001 4022 vel
1055 3971 1195 4020 infra
1231 3971 1497 4022 calcanea
1541 3973 1721 4020 vestra
1768 3973 1938 4032 caput
1983 3970 2104 4020 ele-

477 4054 624 4100 vem,
654 4059 683 4085 »

539 4111 810 4175 Spadones
860 4113 954 4175 qui
1000 4112 1192 4174 seipsos
1251 4115 1643 4162 castraverunt.
1691 4111 1900 4162 Tertul.
1939 4110 2104 4173 dixit,

478 4183 572 4246 qui
595 4195 649 4231 se
671 4182 992 4245 spadonatui
1012 4183 1299 4247 obsignant
1327 4189 1546 4246 prOpter
1573 4195 1794 4246 regnum
1823 4183 1935 4232 Dei.

543 4261 608 4308 V.
658 4287 714 4296 --
768 4263 948 4326 Neque
986 4264 1126 4312 enim
1171 4263 1262 4325 fas
1309 4268 1384 4313 est
1447 4262 1730 4325 virginem,
1755 4262 1828 4313 ad
1891 4262 2108 4325 speciem

478 4333 662 4396 forma
708 4345 817 4380 sua
863 4333 1009 4382 comi.
1063 4333 1213 4382 Infra
1257 4346 1317 4383 se
1365 4333 1773 4394 interpretatur,
1823 4331 1957 4382 dum
2010 4334 2106 4394 ait,

481 4403 672 4453 Omnia
710 4401 888 4461 licent,
917 4403 1006 4453 sed
1035 4416 1142 4453 non
1175 4405 1354 4452 omnia
1379 4402 1682 4466 expediunt.

545 4483 636 4532 Vl.
677 4511 740 4521 —
780 4485 1001 4545 Quando
1053 4485 1108 4534 in
1157 4487 1394 4536 nominis
1451 4483 1768 4545 confessione
1809 4485 2103 4534 cruciatur.

480 4555 710 4605 Tertull.
745 4541 898 4618 prius
928 4556 1158 4619 dixerat,
1185 4575 1213 4604 ‹‹
1233 4557 1376 4608 Cum
1409 4541 1631 4622 propter
1651 4554 1935 4606 Christum
1963 4556 2108 4606 lace-
2126 4541 2186 4615 D

479 4629 596 4675 rata
629 4624 926 4677 duraverit.
963 4645 994 4674 »

551 4705 662 4754 VII.
701 4730 755 4740 —
791 4707 857 4756 Et
883 4705 965 4757 hic
993 4719 1110 4757 cum
1145 4707 1336 4757 saeculo
1385 4717 1718 4756 remansura.
1757 4705 1897 4768 Qua
1940 4706 2111 4755 mori-

484 4777 595 4825 turi
631 4777 946 4839 relinquere
980 4783 1272 4842 coguntur.

505 4904 510 4908 .
547 4856 711 4918 Cujus
754 4857 958 4920 pompis
1011 4862 1058 4906 et
1101 4857 1302 4908 deliciis
1326 4858 1443 4920 jam
1496 4859 1615 4905 tunc
1665 4856 2108 4907 renuntiavimus.

482 4927 714 4977 Tertull.
748 4928 811 4976 de
859 4928 1116 4988 Spectac.,
1149 4941 1198 4977 c.
1243 4939 1301 4978 xv
1335 4941 1348 4975 :
1379 4943 1406 4972 ‹‹
1438 4926 1581 4976 Cum
1626 4941 1828 4990 aquam
1878 4929 2109 4991 ingressi

479 4998 855 5048 Christianam
890 5000 1059 5049 ﬁdem
1106 4999 1161 5048 in
1197 4999 1336 5064 legis
1381 5011 1500 5048 sua
1542 4997 1717 5048 verba
1765 4999 2110 5062 proﬁtemur,

476 5074 822 5120 renuntiasse
853 5083 956 5120 nos
989 5069 1228 5132 diabolo,
1259 5074 1316 5120 et
1351 5082 1572 5134 pompa
1617 5072 1673 5119 et
1707 5069 1917 5133 angelis
1967 5072 2108 5134 ejus,

481 5153 576 5189 ore
601 5146 792 5190 nostro
820 5144 1220 5190 contestamur.
1255 5159 1284 5186 »

543 5213 806 5272 Quomodo
856 5216 908 5261 et
961 5214 1096 5263 Deus
1143 5216 1331 5261 manet.
1380 5211 1836 5262 Additamentum
1895 5210 2004 5261 hoc
2052 5212 2109 5261 in

482 5281 692 5332 Gracis
710 5296 821 5332 non
852 5287 1150 5347 comparet.

542 5370 637 5420 IX.
670 5397 728 5406 —
760 5371 844 5420 Sic
876 5373 1010 5422 vivis
1043 5378 1100 5423 ut
1126 5373 1292 5436 possis
1335 5371 1605 5422 adamari.
1645 5370 1873 5422 Tertull.
1906 5369 2003 5420 lib.
2047 5370 2110 5421 de

486 5445 633 5507 Virg.
665 5442 760 5492 vel.
792 5457 909 5494 rem
938 5446 1021 5496 sic
1049 5446 1288 5510 explicat
1314 5460 1325 5493 :
1358 5462 1384 5491 «
1413 5443 1632 5494 Arabia
1666 5443 1890 5494 femina
1914 5443 2108 5494 ethni-

480 5530 583 5576 ca,
615 5527 740 5580 qua
789 5528 902 5566 non
950 5521 1118 5579 caput
1147 5516 1243 5566 sed
1286 5517 1485 5567 faciem
1541 5527 1768 5580 quoque
1811 5515 1888 5564 ita
1936 5517 2107 5565 totam

481 5593 710 5654 tegunt,
773 5594 867 5650 ut,
929 5603 1041 5639 uno
1101 5592 1265 5642 oculo
1318 5591 1599 5653 liberato,
1651 5592 1930 5642 contenta
1999 5589 2111 5640 sint

479 5661 767 5712 dimidiam
818 5661 924 5711 frui
965 5661 1176 5722 lucem,
1227 5675 1396 5725 quam
1444 5666 1616 5713 totam
1668 5661 1862 5712 faciem
1908 5662 2108 5722 prosti-

475 5736 649 5783 tuere.
703 5732 858 5796 Quos
911 5737 1202 5796 propterea
1264 5732 1674 5782 infelicissimus
1733 5733 1808 5782 ait
1856 5730 2107 5782 Romana

469 5806 731 5866 quadam
785 5805 992 5869 regina,
1029 5803 1180 5872 quod
1224 5803 1482 5855 adamare
1526 5804 1724 5870 magis,
1755 5815 1934 5867 quam
1967 5803 2106 5854 ada-

463 5878 609 5926 mari
639 5877 868 5943 possint.
901 5891 932 5927 »
1360 5881 1370 5888 ’
1563 5887 1570 5890 -
1737 5881 1773 5888 --
1816 5881 1824 5886 ι
1874 5880 1884 5885 -
2013 5883 2039 5886 --
2077 5878 2091 5888 ο

2109 1799 2164 1870 Β

2175 697 2398 753 femina
2433 698 2756 750 christiana
2779 701 2837 748 in
2865 697 3186 748 divitiarum
3219 697 3525 748 afﬂuentia.

2239 770 2333 819 Xl.
2365 797 2425 808 —
2478 771 2817 821 Describitur
2861 771 3055 821 civitas
3085 771 3359 830 meretrix,
3393 769 3600 818 Locum
3651 768 3812 819 hunc

2177 843 2381 906 pariter
2409 843 2599 893 laudat
2623 843 3004 894 Tertullianus
3031 842 3064 891 l.
3094 854 3131 892 ιι
3160 842 3225 891 de
3243 842 3398 893 Cultu
3428 841 3589 899 Fem.,
3616 854 3663 890 c.
3706 841 3766 890 12
3803 856 3817 889 :

2177 933 2208 965 α
2241 917 2340 968 llla
2368 918 2564 970 civitas
2591 918 2793 977 valida,
2825 930 2953 981 qua
2993 930 3162 981 super
3213 919 3436 966 montes
3482 920 3720 980 septem,
3757 919 3817 965 et

2177 991 2449 1056 plurimas
2475 1005 2647 1055 aquas
2676 989 2956 1054 praesidet,
2987 1009 3017 1036 »
3055 993 3162 1040 etc.
3193 988 3320 1039 Vid.
3366 987 3467 1038 lib.
3512 999 3569 1036 ιιι
3618 988 3805 1038 Testim

2177 1061 2249 1112 ad
2287 1062 2463 1122 Quin.
2495 1075 2542 1112 c.
2581 1062 2659 1112 36.

2243 1132 2390 1182 Xlll.
2419 1159 2481 1169 —
2508 1134 2717 1184 lncessu
2749 1133 2938 1196 pedum
2969 1131 3231 1183 trahentes
3275 1133 3501 1182 tunicas.
3539 1131 3658 1182 Has
3705 1143 3819 1181 una

2180 1216 2319 1254 voce
2350 1204 2624 1254 Homerus
2655 1205 2898 1269 appellat
2930 1204 3311 1258 ἑλκεσιπέπλους.

2246 1274 2575 1339 Principales
2646 1276 2778 1339 filia:
2856 1277 3002 1326 Sion.
3068 1275 3340 1338 Vulgatus
3396 1273 3467 1324 ad
3517 1273 3820 1325 Hebrmam

2183 1347 2473 1396 veritatem
2527 1349 3004 1398 accommodatius
3061 1346 3241 1398 reddit
3286 1361 3297 1395 :
3363 1345 3668 1395 Decatvabit
3721 1346 3821 1394 Do-

2183 1419 2361 1466 minus
2406 1418 2648 1468 verticem
2695 1418 2937 1481 ﬁliarum
2983 1417 3132 1467 Sion.
3173 1415 3337 1480 Quod
3382 1421 3574 1478 postca
3610 1414 3820 1466 exinde

2186 1488 2392 1540 dicitur
2423 1527 2436 1551 ,
2517 1489 2765 1539 reuelabit
2840 1489 3097 1540 Dominus
3171 1488 3429 1546 habitum,
3517 1488 3819 1550 ἀνακαλὺψει

2185 1560 2239 1609 τὸ
2290 1562 2496 1624 σχῆμα,
2563 1560 2822 1626 quadam
2899 1561 3240 1625 exemplaria
3317 1558 3538 1610 felicius
3618 1558 3817 1622 legunt

2190 1633 2493 1696 αὶσχῦνωμα.

2255 1703 2497 1753 Lunulas.
2559 1703 2803 1761 Μηνίσκοι
2862 1707 2994 1753 sunt
3042 1716 3119 1754 ex
3167 1701 3490 1766 Symmachi
3543 1700 3826 1751 sententia

2189 1775 2416 1837 μανιάκια
2445 1812 2459 1835 ,
2559 1779 2615 1826 et
2711 1774 2980 1838 Hesychii
3067 1774 3412 1839 περιτραχήλια
3441 1809 3455 1832 ,
3549 1771 3822 1836 μανιᾶαιαν

2186 1847 2478 1912 περιδέραια,
2527 1860 2717 1898 revera
2757 1847 2908 1897 LXX
2951 1848 3306 1910 conjungunt
3349 1842 3611 1908 μηνίσκους
3647 1844 3732 1891 καὶ
3769 1842 3826 1889 τὸ

2186 1917 2386 1968 κάθέπα.
2447 1918 2646 1981 Κάθεμα
2697 1922 2881 1968 autem
2934 1918 3229 1982 interprete
3276 1915 3474 1968 eodem
3535 1915 3826 1979 Hesychia

2189 1991 2216 2038 ὁ
2242 1990 2364 2038 κατὰ
2387 1990 2586 2048 στήθους
2615 1990 2778 2054 ὅρμος,
2809 1989 2926 2040 scil.
2973 1989 3180 2039 monile
3207 1987 3352 2039 collo
3390 1988 3827 2046 circumdatum,

2190 2074 2433 2124 appensa
2458 2075 2677 2126 gemma
2707 2061 2848 2111 solet
2877 2062 3078 2111 ornari.
3125 2060 3402 2125 Respectu
3432 2063 3593 2123 cujus
3623 2061 3828 2110 Hiero-

2189 2145 2395 2196 nymus
2442 2133 2603 2183 vertit
2663 2133 2906 2194 lunulas,
2957 2131 3132 2183 bullas
3180 2133 3522 2196 dependentes
3567 2131 3640 2182 ad
3688 2131 3833 2180 luna

2189 2203 2613 2255 similitudinem.

2255 2275 2678 2326 Discriminalia.
2734 2275 2885 2326 Acus
2937 2273 3352 2336 discriminalis,
3403 2274 3552 2340 apud
3597 2274 3829 2324 Latinos

2194 2351 2492 2415 scriptores
2512 2364 2598 2401 res
2622 2350 2757 2400 satis
2782 2354 2930 2400 nota.
2959 2350 3078 2402 Hac
3105 2349 3304 2399 Fulvia
3345 2349 3552 2400 mortui
3590 2349 3831 2400 Cicero-

2193 2421 2281 2471 nis
2307 2421 2557 2484 linguam
2591 2421 2888 2472 transﬁxit.

2255 2494 2616 2544 Botronalum.
2664 2492 2954 2558 Quidquid
2988 2505 3058 2543 ex
3088 2491 3323 2542 adverso
3364 2492 3643 2542 senserint
3676 2491 3828 2542 Rbe—

2194 2576 2376 2613 nanus
2407 2570 2461 2616 et
2504 2565 2803 2625 Pamelius,
2835 2563 3054 2614 videtur
3095 2563 3420 2613 botronatus
3461 2564 3684 2612 aurium
3738 2577 3829 2612 or-

2198 2641 2546 2684 namentum.
2619 2635 2935 2698 Hesychius
3022 2633 3160 2683 dicit
3240 2633 3484 2698 βοτροιδία
3560 2632 3833 2697 ivi-impiam

2193 2705 2333 2760 εἶδος.
2363 2705 2575 2756 Horum
2611 2705 3008 2756 botronatuum
3051 2705 3305 2754 meminit
3347 2704 3580 2766 Tertul.,
3608 2705 3642 2754 l.
3681 2718 3720 2754 ιι
3765 2705 3835 2753 de

2197 2776 2370 2827 Cultu.

2262 2851 2558 2902 Dextralia.
2627 2853 2768 2914 Qua
2821 2851 3028 2902 fuerint
3096 2851 3303 2906 ἐπιδέξια
3361 2849 3505 2908 hac,
3585 2851 3678 2900 vix
3753 2851 3837 2900 fe-

2195 2929 2361 2984 licius
2415 2928 2759 2990 intelligitur,
2801 2942 2968 2992 quam
3013 2941 3082 2976 ex
3123 2928 3372 2991 Tarpeia
3420 2927 3650 2989 virginis
3689 2941 3835 2990 pac-

2197 3001 2286 3060 to,
2349 3013 2475 3064 qua
2507 3037 2520 3062 ,
2584 3001 2858 3051 referente
2919 2999 3218 3049 Plutarcho
3251 3035 3264 3057 ,
3315 2997 3624 3062 prodidisse
3679 2999 3826 3047 dici-

2198 3073 2286 3120 tur
2341 3083 2527 3122 arcem
2581 3070 2773 3121 Roma
2829 3069 3050 3120 Sabinis
3101 3069 3439 3131 ἐπιθυμήσασαι
3486 3069 3582 3116 τῶν
3636 3069 3836 3133 χρυσῶν

2121 3142 2624 3241 Οβραχιονίστήρων.
2671 3142 2795 3192 Vid.
2837 3140 3012 3191 Exod.
3060 3154 3253 3199 XXXV,
3312 3141 3402 3198 2|;
3452 3140 3616 3190 Num.
3657 3154 3835 3200 XXXI,

2204 3216 2294 3241 xm
2352 3215 2396 3241 ῐῐ
2451 3215 2568 3241 Dn,-
2643 3227 2659 3241 ν
2736 3214 2791 3241 ιη
2870 3213 3062 3241 An.an
3129 3212 3336 3241 u\.2:_'u.~
3397 3211 3648 3241 Ωληυῖιηιλρ
3715 3213 3830 3241 Ωὶὲφ

2202 3216 2295 3264 501
2352 3215 2397 3263 II
2451 3215 2584 3279 Reg.
2643 3227 2678 3275 Ι,
2736 3214 2809 3264 10.
2859 3213 3066 3276 Aquila
3129 3212 3338 3276 χλιδῶνα
3397 3211 3648 3276 βραχίονος
3715 3213 3832 3275 βρἄ-

2202 3287 2387 3350 χιὰλιον
2430 3287 2604 3336 vertit.
2648 3285 2753 3337 Sed
2797 3285 2851 3334 in
2905 3285 3026 3334 istis
3072 3283 3333 3334 omnibus
3369 3283 3560 3334 Graca
3595 3283 3665 3332 ab
3721 3284 3836 3333 He-

2202 3359 2384 3421 brais,
2415 3361 2608 3410 Latina
2646 3360 2715 3410 ab
2742 3361 3011 3424 utrisque,
3041 3364 3094 3410 et
3141 3364 3427 3408 auctorem
3466 3363 3722 3408 nostrum
3765 3358 3838 3408 ab

2204 3436 2480 3486 universis
2530 3436 2837 3498 plurimum
2903 3433 3191 3484 discedere
3261 3447 3427 3483 nemo
3493 3433 3834 3491 mirabitur;

2205 3514 2303 3574 qui
2355 3511 2751 3574 gestaminum,
2801 3510 3110 3574 prasertim
3161 3509 3540 3569 muliebrium,
3584 3509 3641 3558 in
3699 3521 3840 3572 qua-

2205 3583 2342 3633 libet
2370 3587 2554 3647 gente,
2579 3587 2636 3634 et
2664 3582 2864 3646 quovis
2908 3581 3137 3640 saculo,
3178 3580 3457 3631 inﬁnitam
3503 3580 3839 3631 varietatem

2207 3655 2539 3706 considerat.

2269 3729 2416 3779 XIV.
2474 3756 2536 3766 —
2588 3731 2766 3793 Neque
2820 3729 2952 3778 enim
3012 3729 3142 3776 Deus
3210 3726 3486 3776 coccineas.
3546 3726 3714 3784 Tert.,
3779 3724 3842 3774 de

2208 3800 2360 3850 Cultu
2425 3801 2569 3864 fem.,
2633 3801 2669 3850 l.
2723 3815 2798 3860 ιι,
2859 3813 2906 3850 c.
2967 3799 3025 3849 10
3073 3815 3084 3848 :
3143 3799 3415 3848 Nimirum
3473 3798 3624 3847 enim
3683 3798 3842 3848 Deus

2206 3871 2606 3922 demonstravit
2656 3872 2840 3921 succis
2890 3869 3205 3929 herbarum,
3247 3873 3302 3920 et
3350 3868 3694 3920 concharum
3749 3882 3840 3918 sa-

2206 3941 2349 4002 livis,
2381 3943 2682 4006 incoquere
2715 3943 2896 4002 lanas;
2937 3939 3222 3992 exciderat
3267 3939 3350 3989 illi
3399 3953 3528 3990 cum
3573 3940 3842 3990 universa

2206 4014 2360 4064 nasci
2403 4014 2640 4078 juberet,
2689 4028 2996 4078 purpureas
3043 4017 3098 4062 et
3145 4013 3438 4062 coccineae
3485 4024 3620 4061 oves
3670 4025 3840 4060 man-

2207 4084 2356 4136 dare.
2382 4100 2411 4131 ι)
2443 4086 2671 4136 Hieron.
2704 4088 2759 4134 in
2796 4086 2922 4134 Vita
2952 4082 3226 4134 Marcella
3267 4081 3463 4132 eodem
3504 4081 3672 4131 modo
3702 4081 3839 4132 rhe-

2208 4157 2489 4206 toricatur.

2271 4228 2571 4277 Peccatores
2613 4234 2660 4278 et
2695 4231 2952 4292 apostatee
2977 4225 3174 4291 angeli.
3225 4225 3396 4283 Tert.,
3427 4224 3464 4275 l.
3497 4237 3513 4274 ι
3558 4223 3628 4274 de
3675 4225 3840 4277 Cultu

2205 4295 2347 4361 lem,
2379 4312 2425 4348 c.
2458 4299 2488 4348 2
2522 4314 2533 4347 :
2565 4317 2593 4345 «
2629 4301 2715 4350 Illi
2754 4300 2874 4350 scil.
2907 4299 3089 4363 angeli
3120 4297 3217 4362 qui
3253 4295 3322 4346 ad
3365 4296 3508 4346 ﬁlias
3538 4295 3843 4347 hominum

2207 4367 2275 4419 de
2305 4370 2447 4420 caelo
2476 4377 2724 4431 ruerunt,
2752 4390 2780 4416 »
2823 4374 2927 4421 etc.
2964 4371 3080 4419 Hac
3110 4367 3276 4433 etEam
3307 4367 3362 4416 in
3401 4369 3684 4417 sententia
3716 4382 3842 4418 ver-

2207 4439 2476 4490 sabantur
2503 4443 2775 4502 Lactant.,
2797 4442 2832 4492 1.
2862 4455 2918 4504 ιι,
2951 4455 2998 4492 c.
3034 4443 3094 4490 l5
3120 4457 3132 4500 ;
3178 4437 3392 4489 Euseb.
3420 4437 3484 4486 de
3509 4439 3679 4501 Praep.
3714 4438 3752 4488 l.
3783 4451 3840 4488 v.

2210 4512 2433 4576 Augusi.
2465 4514 2528 4563 de
2551 4515 2703 4566 Civil.
2740 4515 2853 4573 Dei,
2882 4514 2918 4562 l.
2949 4525 3050 4573 xv,
3081 4525 3130 4562 c.
3161 4512 3241 4562 23.

2270 4583 2392 4633 XV.
2423 4613 2484 4621 —
2514 4586 2574 4635 Si
2595 4585 2710 4650 quis
2733 4585 2990 4648 pingendi
3030 4582 3244 4646 artifex.
3289 4582 3426 4632 Hac
3453 4581 3519 4631 D.
3568 4582 3846 4645 Augusti-

2208 4668 2317 4705 nus
2363 4657 2470 4706 late
2519 4658 2864 4721 exsequitur,
2920 4661 3180 4720 tanquam
3231 4653 3551 4716 exemplum
3613 4653 3843 4717 grandis

2210 4727 2489 4787 dictionis,
2515 4728 2638 4778 loco
2669 4727 3026 4792 pralaudato,
3056 4727 3120 4776 de
3151 4728 3290 4776 Doct.
3326 4725 3517 4775 Christ.

2272 4798 2486 4848 Aimulo
2510 4799 2700 4848 colore.
2729 4797 2906 4862 Cujus
2931 4795 3406 4861 pulchritudinem
3432 4807 3628 4846 omnes
3663 4808 3845 4846 amu-

2209 4869 2414 4922 lentur.

2279 4945 2352 4992 Tu
2379 4941 2451 4992 ad
2477 4941 2786 4992 vincendum
2826 4941 3036 4992 Domini
3073 4940 3149 4990 tui
3187 4953 3377 4990 vocem.
3424 4937 3502 4986 Ita
3539 4938 3758 4988 Tertul.
3788 4939 3853 4989 de

2212 5013 2384 5073 Cultu,
2420 5013 2538 5073 1.11,
2577 5028 2624 5064 c.
2667 5013 2698 5064 6
2735 5029 2804 5062 :«
2851 5013 2962 5064 Sed
3010 5013 3161 5062 enim
3211 5009 3489 5060 Dominus
3539 5010 3619 5060 ait
3653 5024 3664 5058 :
3721 5011 3850 5072 Quis

2207 5089 2443 5138 vestrum
2489 5089 2653 5150 potest
2703 5085 2957 5148 capillum
3006 5090 3180 5134 atrum
3225 5096 3291 5131 ex
3337 5080 3456 5130 albo
3509 5080 3703 5144 facere,
3752 5087 3847 5130 aut

2210 5157 2387 5208 album
2417 5171 2480 5206 ex
2531 5163 2672 5216 atro,
2707 5159 2895 5222 itaque
2934 5157 3230 5207 revincunt
3265 5154 3466 5203 Deum.
3496 5170 3524 5197 ››
3573 5151 3645 5202 Et
3673 5153 3846 5216 paulo

2209 5231 2333 5293 post
2371 5244 2381 5276 :
2413 5247 2440 5274 «
2466 5228 2666 5278 Mirum
2696 5228 2846 5293 quod
2874 5241 2984 5278 non
3016 5230 3207 5277 contra
3232 5223 3526 5274 Dominica
3554 5232 3845 5289 pracepta

2211 5299 2583 5358 contenditur,
2637 5299 2706 5349 ad
2749 5313 3070 5350 mensuram
3117 5296 3402 5347 neminem
3449 5294 3557 5344 sibi
3603 5294 3847 5359 adjicere

2209 5385 2372 5438 posse
2398 5373 2819 5435 pronuntiatum
2850 5373 2950 5433 est,
2983 5383 3081 5420 vos
3100 5381 3230 5419 vero
3255 5365 3492 5432 adjicitis
3521 5363 3592 5416 ad
3621 5368 3849 5430 pondus

2208 5443 2451 5496 colluras
2479 5442 2772 5507 quasdam,
2799 5462 2825 5489 »
2856 5446 2965 5494 etc.

2271 5513 2418 5564 XVI.
2482 5540 2542 5551 —
2599 5513 2834 5579 Capillos
2884 5514 3005 5577 jam
3062 5511 3158 5563 tibi
3208 5511 3472 5575 ﬂammeos
3514 5510 3846 5572 auspicaris.

2209 5587 2355 5638 Tert.
2413 5585 2590 5637 ibid.:
2635 5603 2664 5632 «
2710 5585 2954 5638 Pessime
3009 5585 3112 5636 tibi
3166 5583 3534 5647 suspicentur
3579 5582 3850 5635 ﬂammeo

2210 5658 2409 5722 capite.
2439 5673 2468 5705 »

2271 5733 2451 5780 Peccas
2496 5729 2681 5791 capite.
2726 5729 3022 5794 Respicere
3067 5727 3304 5789 videtur,
3344 5739 3476 5786 non,
3517 5724 3680 5790 quod
3725 5727 3847 5778 vult

2200 5801 2490 5867 Rigaltius,
2534 5799 2962 5852 diminutionem
3007 5802 3203 5866 capitis
3247 5813 3317 5852 ex
3367 5801 3495 5862 jure
3547 5797 3847 5857 Romano;

2195 5867 2303 5926 sed
2351 5871 2522 5924 verba
2565 5871 2838 5939 Apostoli,
2885 5871 2910 5924 Ι
2955 5869 3084 5924 Cor.
3123 5877 3216 5936 χι,
3246 5869 3348 5936 ιο,
3382 5872 3706 5938 ’καταισχύνει
3761 5889 3846 5933 την
