4144 6192
290 235 429 293 i273

294 357 522 426 κεφαλήν.
563 357 733 413 Porro
768 359 1091 414 meminisse
1132 359 1427 413 verborum
1474 363 1718 428 Magistri
1758 370 1919 429 puta-

288 446 430 494 rem,
478 433 757 484 dicentis:
804 454 833 480 «
872 434 1064 485 Sciant
1115 436 1246 499 quia
1296 438 1472 485 totum
1508 441 1676 500 caput
1724 438 1923 487 mulier

287 509 393 566 est,
424 507 630 557 limites
659 511 713 556 et
747 506 886 557 ﬁnes
916 510 1034 571 ejus
1072 520 1324 574 eousque
1364 509 1740 574 porriguntur,
1774 509 1924 561 unde

280 575 485 639 incipit
514 577 699 627 vestis.
731 596 759 624 λ»

349 649 521 699 XVII.
581 650 711 699 Cum
764 651 1165 700 resurrectionis
1214 651 1323 701 dies
1372 652 1593 701 venerit.
1638 650 1792 700 Idem
1846 650 1922 700 ibi

283 734 455 786 supra
485 736 498 769 :
527 736 557 768 «
608 721 823 772 Videbo
852 736 921 771 an
964 735 1095 772 cum
1133 735 1376 783 cerussa,
1404 727 1458 772 et
1500 722 1840 784 purpurisso,
1868 724 1923 771 et

285 806 474 854 croco,
509 796 563 843 et
584 793 678 843 illo
704 792 917 843 ambitu
943 793 1146 858 capitis
1173 793 1491 857 resurgatis.
1519 808 1548 840 »

352 863 551 915 XVIII.
597 866 665 914 Et
708 865 970 930 quoniam.
1004 865 1215 916 Sensus
1259 865 1555 916 verborum
1597 878 1711 914 non
1764 865 1922 915 aliter

283 939 591 988 consistere
631 950 795 1003 posse
848 937 1086 1001 videtur,
1125 938 1232 988 nisi
1266 951 1398 989 eum
1432 937 1800 1004 sequentibus
1836 952 1924 989 co-

279 1008 552 1059 haereant.

354 1079 520 1129 Verba
550 1080 750 1143 turpia.
788 1079 1123 1131 Fescennini
1146 1094 1357 1144 versus,
1390 1094 1619 1145 prorsus
1647 1080 1919 1143 obscmni,

282 1152 396 1216 qui,
423 1153 486 1200 ut
513 1151 590 1200 ait
619 1150 833 1210 Festus,
871 1152 1189 1202 canebantur
1226 1155 1282 1201 in
1308 1154 1521 1217 nuptiis.

346 1221 548 1273 XXIII.
584 1249 645 1259 -—
690 1223 921 1287 Majoris
963 1225 1152 1288 gratim
1190 1227 1483 1288 praemium.
1528 1224 1679 1275 Ultra
1715 1225 1920 1275 modu-

278 1294 399 1344 lum
426 1294 615 1357 gratim
645 1294 1011 1358 baptismalis,
1048 1297 1209 1345 annis
1246 1298 1406 1359 juxta
1435 1300 1488 1346 et
1530 1297 1730 1361 pietate
1768 1297 1922 1347 adul-

279 1365 371 1424 tis,
397 1364 651 1415 uberiora
674 1366 826 1415 Deus
855 1365 1113 1417 concedit
1141 1366 1324 1427 donaz:
1355 1368 1453 1417 sed
1482 1368 1575 1417 vix
1606 1367 1721 1417 ulla
1744 1370 1921 1433 magis

279 1437 612 1500 expetenda,
651 1451 821 1502 quam
876 1450 1003 1501 qua:
1060 1439 1243 1488 carnis
1293 1436 1580 1491 desideriis
1626 1440 1919 1493 domandis

272 1508 429 1559 vires
453 1508 827 1574 suppeditant.

555 1627 652 1677 DE
685 1627 1004 1678 UNITATE
1039 1626 1408 1679 ECCLESIE
1440 1628 1667 1680 LIBER.

352 1740 1013 1832 DerUnitaterEcclesiae.
1070 1740 1237 1832 Liber
1287 1741 1407 1803 hic,
1466 1740 1558 1832 ad.
1591 1742 1998 1832 solvendum};

281 1809 575 1861 Novatiani
632 1811 875 1863 schisma
937 1814 1307 1877 conscriptus,
1364 1825 1476 1864 non
1544 1817 1759 1863 tantum
1810 1812 1921 1875 Cy-

281 1885 475 1946 priauo
535 1884 799 1935 asseritur
843 1898 911 1934 ex
963 1884 1163 1947 Pontii,
1208 1888 1261 1934 et
1314 1885 1379 1936 D.
1430 1886 1727 1947 Augustini
1774 1884 1810 1933 1.
1860 1896 1918 1945 u,

282 1961 413 2007 eunt.
469 1958 659 2018 Cresa,
722 1970 771 2007 c.
830 1956 913 2015 33,
962 1956 1310 2019 aliorumque
1366 1969 1397 2006 e
1447 1955 1730 2007 veteribus
1773 1956 1921 2019 ejus-

281 2030 413 2081 dem
466 2028 749 2079 mentione
791 2043 803 2076 :
850 2026 948 2079 sed
991 2027 1166 2092 ipsius
1210 2027 1472 2091 Cypriani
1517 2029 1674 2091 epist.
1719 2028 1786 2077 54
1828 2025 1921 2088 (ad

284 2100 517 2151 Pamelii
565 2112 828 2149 numeros
882 2100 988 2161 51),
1033 2099 1365 2148 testimonio.
1416 2100 1467 2148 Is
1512 2100 1662 2149 enim
1714 2098 1921 2149 ibidem

278 2174 535 2237 agnoscit
579 2170 835 2221 libellum
886 2184 917 2219 a
969 2183 1029 2220 se
1086 2171 1473 2233 compositum,
1522 2173 1621 2235 qui
1671 2172 1922 2234 expressit

276 2238 548 2294 catholicas
607 2240 846 2292 Ecclesia:
899 2242 1171 2291 unitatem.
1232 2241 1373 2303 Qum
1428 2242 1595 2293 verba
1657 2244 1921 2292 volumen

285 2314 397 2364 hoc
439 2314 733 2376 respicere,
760 2326 923 2361 nemo
950 2312 1109 2362 facile
1147 2311 1499 2362 dubitaverit.
1530 2313 1696 2363 Vocis
1731 2312 1922 2364 Catho-

288 2385 399 2435 licae
428 2387 483 2435 in
509 2384 683 2435 libelli
720 2383 883 2433 titulo
915 2382 1352 2433 additamentum
1388 2383 1535 2447 quod
1580 2385 1785 2447 passim
1817 2384 1918 2433 ob-

287 2457 472 2518 tinuit,
525 2454 959 2519 suﬂragantibus
1018 2467 1146 2503 mss.
1205 2468 1372 2517 quam
1420 2454 1674 2517 plurimis
1730 2454 1923 2503 omisi-

286 2542 435 2589 mus,
464 2528 766 2591 prmsertim
797 2539 924 2575 cum
956 2527 1183 2574 Pontius
1212 2526 1521 2575 etiamnum
1557 2528 1921 2585 contraxerit,

285 2599 553 2662 singulari
597 2598 823 2647 unitatis
856 2597 1055 2646 vocula
1087 2600 1378 2646 tractatum
1408 2596 1562 2647 hunc
1605 2597 1918 2661 designans.

288 2672 456 2721 Porro
509 2671 576 2721 D.
629 2672 793 2735 Aug.,
843 2668 970 2719 loco
1029 2667 1405 2731 praalaudato,
1465 2668 1683 2718 disertis
1740 2669 1922 2719 verbis

286 2741 492 2791 librum
547 2742 699 2791 hunc
739 2739 1027 2803 Epistolam
1078 2738 1142 2787 de
1193 2740 1404 2787 Unitate
1450 2740 1756 2803 appellasse
1802 2754 1923 2791 cer-

288 2818 407 2863 tum
456 2819 555 2864 est.
608 2812 712 2864 Cui
758 2811 1195 2861 nomenclaturae
1250 2810 1512 2861 accedere
1558 2812 1775 2863 videtur
1824 2814 1925 2863 Fa-

288 2883 524 2946 cundus,
554 2885 588 2934 l.
619 2898 653 2940 ι,
684 2899 735 2949 p.
784 2883 860 2944 16,
890 2883 1013 2932 loco
1057 2895 1088 2930 a
1132 2881 1369 2932 librariis
1413 2882 1583 2945 (quod
1626 2890 1774 2934 recte
1816 2885 1923 2936 ob-

287 2961 472 3007 servat
532 2955 942 3006 eruditissimus
1022 2953 1375 3016 Lombertus)
1430 2954 1572 3003 male
1629 2957 1860 3006 multato
1907 2974 1918 3007 :

289 3041 403 3077 non
431 3027 580 3077 enim
622 3026 824 3076 librum
878 3024 1141 3089 Cypriani
1190 3024 1255 3074 de
1301 3024 1546 3075 Trinitate
1592 3028 1687 3090 qui
1736 3028 1925 3077 nullus

289 3103 425 3159 erat,
480 3098 576 3148 sed
625 3097 686 3146 de
757 3097 964 3145 Unitate
1016 3095 1239 3145 laudare
1298 3095 1490 3157 voluit,
1534 3098 1683 3160 quod
1738 3099 1920 3149 locum

291 3174 473 3236 ipsum
510 3170 827 3234 inspicieuti
858 3170 961 3218 erit
997 3168 1373 3219 manifestum.
1414 3168 1706 3219 Remboldi
1757 3172 1925 3222 editio

289 3244 455 3293 aliam
513 3241 760 3305 reposuit
839 3239 1156 3297 formulam,
1240 3238 1360 3288 scil.
1442 3238 1507 3287 de
1580 3240 1927 3301 Simplicitate

291 3314 659 3369 PrmIalorum,
696 3327 727 3361 a
773 3311 1044 3375 principio
1100 3309 1273 3359 libelli
1327 3311 1588 3373 petitam;
1631 3312 1726 3362 ubi
1780 3314 1928 3364 dici-

291 3390 379 3436 tur
430 3385 642 3434 moneri
696 3397 814 3444 nos,
842 3394 963 3432 esse
1020 3382 1090 3431 ad
1154 3383 1496 3431 innocentiam
1551 3383 1832 3447 simplices,
1878 3388 1927 3433 et

292 3461 469 3506 tamen
498 3470 611 3505 cum
658 3454 994 3516 simplicitate
1036 3453 1332 3516 prudentes.
1364 3454 1496 3504 Tale
1534 3453 1796 3516 quiddam
1832 3469 1925 3505 ac-

292 3529 495 3579 cidisse
524 3529 577 3576 in
610 3527 963 3590 praacedeute
995 3521 1258 3575 Tractatu
1290 3526 1730 3588 observavimus,
1777 3527 1924 3591 apud

292 3600 419 3650 illos
445 3601 541 3664 qui
574 3599 797 3649 titulum
826 3599 1186 3647 instituerunt
1208 3613 1219 3645 :
1243 3598 1318 3646 De
1350 3597 1639 3660 Disciplina
1658 3602 1707 3646 et
1731 3598 1927 3648 Habitu

302 3671 587 3735 Virginum.
626 3671 872 3732 Tempus
921 3667 1071 3733 quod
1118 3668 1315 3717 attinet
1364 3668 1673 3719 elucubrati
1724 3671 1925 3732 operis,

294 3756 364 3793 ex
421 3743 568 3791 illius
611 3745 939 3804 argumento
988 3745 1042 3790 et
1089 3740 1322 3804 epistola
1360 3740 1615 3803 superius
1672 3739 1917 3799 laudata,

291 3818 417 3877 post
470 3812 711 3863 Cornelii
767 3811 1174 3876 pontificatum,
1224 3812 1513 3861 Novatiani
1572 3811 1832 3872 schisma,
1873 3816 1928 3864 et

291 3884 674 3935 confessorum
706 3883 1074 3934 defectionem
1107 3884 1484 3946 conscriptum
1518 3899 1529 3932 :
1582 3897 1743 3947 porro
1798 3889 1927 3935 ante

292 3956 546 4020 ejusdem
601 3954 843 4007 Cornelii
902 3956 1249 4018 martyrium,
1302 3956 1413 4005 imo
1467 3960 1591 4005 ante
1640 3956 1927 4006 confesso-

292 4042 418 4077 rum
452 4027 690 4077 reditum
722 4028 779 4076 in
826 4025 1155 4088 Ecclesium,
1187 4039 1388 4089 nempe
1417 4040 1506 4075 an.
1536 4027 1647 4088 251,
1695 4027 1927 4078 Romam

292 4099 679 4149 transmissum
716 4099 887 4148 fuisse
916 4102 1170 4148 constare
1204 4110 1519 4148 censemus.

358 4171 450 4219 VI.
482 4198 542 4206 —
574 4172 637 4219 Hi
676 4175 777 4219 tres
816 4184 973 4218 unum
1010 4173 1151 4220 sunt.
1185 4169 1425 4219 Faustus
1470 4168 1706 4220 Socinus
1761 4170 1928 4221 Com-

293 4243 580 4293 mentariis
613 4245 729 4292 suis
764 4243 819 4291 in
848 4242 994 4291 hanc
1041 4242 1341 4304 pcriochen
1378 4242 1454 4291 ait
1491 4256 1501 4290 :
1532 4258 1559 4288 α
1603 4242 1747 4292 Satis
1794 4257 1930 4293 con-

295 4320 446 4364 stare
488 4314 639 4362 illam
669 4326 791 4364 esse
837 4312 1225 4374 adulterinum,
1271 4316 1323 4362 et
1357 4312 1426 4362 ab
1474 4313 1796 4363 hominibus
1834 4314 1930 4379 qui

293 4400 463 4434 suum
493 4385 693 4445 dogma
737 4385 805 4434 de
852 4386 994 4434 trino
1038 4390 1093 4435 et
1122 4399 1234 4434 uno
1281 4386 1399 4436 Deo
1454 4399 1793 4450 quacunque
1842 4400 1929 4435 ra-

292 4457 445 4505 tione
493 4454 788 4505 defendere
835 4470 900 4504 ac
958 4468 1261 4519 prepagare
1310 4455 1589 4517 volebant,
1630 4457 1685 4505 in
1743 4457 1930 4507 locum

294 4527 450 4576 hunc
478 4527 757 4575 infartum.
799 4546 827 4571 »
859 4526 1025 4575 Addit
1064 4541 1241 4589 porro,
1270 4545 1295 4572 α
1344 4528 1491 4590 quod
1536 4527 1932 4590 Hieronymus,

290 4602 353 4648 ut
383 4598 431 4646 is
476 4598 593 4660 qui,
629 4600 689 4647 ut
744 4601 889 4648 recte
929 4598 997 4647 de
1046 4612 1111 4647 eo
1162 4598 1427 4647 Erasmus
1464 4597 1671 4647 alicubi
1720 4598 1929 4658 scribit,

292 4683 405 4719 non
436 4670 568 4719 satis
619 4669 923 4732 prudenter
966 4682 1114 4732 smpe
1144 4668 1213 4716 ad
1256 4669 1565 4729 victoriam,
1594 4674 1649 4720 et
1682 4669 1750 4718 ad
1798 4683 1925 4719 cau-

294 4756 373 4792 sa;
430 4754 547 4791 sua:
592 4740 973 4791 defensionem
1030 4745 1084 4790 et
1142 4742 1385 4789 favorem
1439 4741 1616 4789 multa
1660 4741 1930 4801 trahebat,

294 4816 497 4863 nactus
551 4812 689 4862 ferte
743 4812 1026 4874 exemplar
1079 4810 1337 4873 aliquod,
1393 4816 1490 4861 aut
1554 4812 1721 4861 etiam
1775 4813 1933 4875 plura

295 4883 635 4945 exemplaria
666 4882 723 4931 in
760 4881 964 4945 quibus
1012 4882 1286 4945 particula
1313 4884 1417 4931 ista
1444 4889 1663 4946 (nempe
1700 4883 1932 4947 triplicis

292 4954 596 5005 testimonii
651 4954 863 5013 Patris,
921 4953 1203 5014 Verbi,et
1252 4952 1394 5017 Spir.
1446 4955 1621 5004 sancti
1680 4955 1736 5003 in
1791 4955 1931 5005 caalo

294 5026 632 5087 testantium)
661 5026 735 5074 ita
759 5024 977 5087 adjecta
1022 5025 1217 5084 fuerat,
1264 5030 1327 5075 ut
1364 5026 1516 5075 fraus
1562 5025 1931 5075 animadverti

290 5110 406 5147 non
444 5096 635 5159 possit,
664 5095 928 5145 adversus
962 5095 1129 5145 ﬁdem
1174 5096 1408 5145 aliorum
1458 5098 1708 5145 omnium
1743 5109 1931 5146 exem-

290 5168 550 5234 plarium,
587 5170 698 5216 tam
751 5168 1094 5229 Latinorum,
1126 5182 1293 5231 quam
1349 5169 1693 5229 Graecorum,
1730 5167 1932 5217 lectio-

290 5253 419 5289 nem
450 5238 738 5302 particulas
778 5239 929 5291 illius
970 5244 1234 5304 tanquam
1281 5253 1602 5304 germanam
1634 5237 1933 5289 defendere

292 5314 347 5361 et
405 5324 730 5374 promovere
789 5311 998 5374 cmpit,
1059 5324 1412 5375 conquerens
1467 5311 1691 5375 publice
1724 5348 1736 5371 ,
1799 5323 1930 5359 cum

291 5382 455 5445 culpa
504 5386 560 5432 et
607 5380 801 5432 fraude
862 5382 1251 5433 haereticorum
1305 5384 1560 5433 abrasam
1611 5397 1641 5431 a
1694 5382 1931 5445 vulgatis

291 5452 582 5503 codicibus
633 5454 825 5504 fuisse.
882 5470 911 5501 ι)
963 5452 1071 5504 Cui
1121 5455 1462 5516 gravissima
1509 5454 1808 5505 calumnias
1861 5452 1930 5502 de

289 5524 357 5574 D.
391 5523 736 5587 Hieronymo
765 5524 1010 5586 falsario,
1039 5530 1094 5576 et
1121 5526 1177 5575 S.
1217 5525 1631 5589 Scripturarum
1679 5528 1930 5587 interpo-

292 5595 485 5656 latore,
540 5597 871 5647 amoliendas
923 5614 934 5647 :
997 5597 1257 5647 sufﬁcere
1304 5598 1527 5661 poterit,
1587 5597 1930 5660 Cyprianum

293 5666 500 5716 citasse
550 5679 662 5717 non
712 5668 878 5719 modo
934 5674 1061 5719 ante
1116 5669 1444 5732 Hieronymi
1502 5673 1769 5731 tempora,
1830 5667 1929 5717 sed

281 5736 411 5808 Arii
466 5738 660 5807 ipsius,
694 5742 749 5789 et
804 5740 959 5808 litem
1001 5741 1071 5793 de
1120 5743 1377 5806 dogmate
1432 5740 1528 5791 illo
1575 5738 1930 5805 (quodadee

294 5808 551 5877 displicet
582 5808 805 5876 Socino)
848 5812 929 5864 de
953 5814 1097 5864 trino
1144 5818 1199 5867 et
1248 5827 1361 5867 uno
1396 5815 1534 5877 Deo,
1577 5813 1926 5879 scriptorem,

1645 234 1825 299 EDIT.
1864 240 2063 300 ΟΧΟΝ.
2101 239 2317 301 ΝΟΤᾹΕ.

1947 3123 2001 3198 C

3521 226 3653 301 1274

2023 374 2119 438 qui
2145 378 2330 423 tamen
2358 372 2449 421 hic
2475 371 2602 431 locl,
2631 375 2685 423 et
2716 371 2771 422 in
2804 370 3032 437 epistola
3060 369 3129 422 ad
3156 368 3473 422 Jubaianum
3507 369 3655 421 hanc

2028 445 2322 509 pericopen
2368 445 2637 508 agnoscit.
2670 446 2785 494 Imo
2811 444 2919 495 hoc
2957 459 2987 494 a
3045 443 3388 494 Tertulliano
3431 441 3655 506 praesti-

2022 523 2163 578 tum,
2210 518 2350 567 libro
2397 518 2515 566 adv.
2570 519 2753 572 Prax..
2800 530 2922 579 cap.
2954 516 3032 567 25.
3080 517 3305 566 Interim
3344 515 3527 565 mirari
3557 527 3652 564 su-

2020 591 2133 648 bit,
2194 591 2340 640 hanc
2396 592 2458 640 D.
2516 589 2844 653 Hieronymi
2891 590 3200 653 epistolam,
3253 602 3376 652 quia
3424 598 3650 638 crucem

2022 663 2260 727 primum
2293 662 2541 720 Erasmo,
2570 665 2623 711 et
2663 660 2791 711 dein
2823 660 3027 711 Socino
3056 666 3113 711 et
3152 663 3274 724 ejus
3318 658 3653 723 sequacibus

2021 734 2243 798 figebat,
2276 746 2517 797 quaeque
2564 746 2675 782 non
2709 732 2870 782 modo
2914 733 2983 781 ab
3029 734 3177 795 ipsis,
3209 732 3306 783 sed
3334 731 3487 781 libris
3517 742 3647 778 mss.

2020 806 2245 869 passim.
2288 810 2343 854 et
2390 806 2503 855 fere
2546 803 2806 855 omnibus
2846 803 3132 854 codicibus
3180 803 3461 867 impressis
3509 800 3651 849 anti-

2023 877 2350 941 quioribus,
2408 882 2464 927 et
2518 878 2895 939 interpretum
2978 874 3387 925 commentariis
3470 870 3653 933 agnita

2022 940 2117 1001 est.
2149 950 2235 1010 Et,
2271 952 2331 999 ut
2360 947 2677 999 distinctius
2699 947 2867 1011 paulo
2893 960 3073 1010 agam,
3103 945 3347 995 habetur
3370 946 3428 993 in
3456 940 3649 993 Bibliis

2020 1022 2228 1072 Latinis
2284 1035 2412 1087 qua:
2482 1020 2808 1085 prodierunt
2870 1016 3262 1080 Nurembergaz
3336 1029 3423 1087 an.
3498 1013 3648 1087 71175.

2020 1093 2272 1143 Venetiis
2333 1108 2421 1143 an.
2482 1093 2619 1142 1498.
2675 1091 2840 1140 Basil.
2896 1104 2985 1139 an.
3044 1088 3201 1146 1506;
3255 1086 3510 1150 Lugduni
3563 1098 3650 1133 an.

2020 1164 2160 1215 1520.
2208 1165 2374 1215 Paris.
2426 1178 2513 1214 an.
2562 1163 2701 1222 1563,
2742 1161 2994 1225 Lugdun.
3049 1174 3139 1209 an.
3190 1160 3330 1218 1589,
3380 1158 3650 1227 Antuerp.

2020 1247 2108 1283 an.
2158 1236 2305 1296 1617,.
2328 1235 2437 1286 hoc
2483 1238 2671 1284 nostro
2715 1232 2943 1289 seculo,
2988 1231 3148 1295 quasi
3192 1229 3481 1293 praestigiis
3529 1225 3655 1290 qui-

2018 1302 2256 1355 busdam
2324 1305 2516 1356 oculos
2596 1302 3099 1369 perstringentibus
3180 1314 3405 1365 prorsus
3474 1296 3655 1361 diSpa-

2020 1377 2217 1428 ruisse.
2252 1377 2447 1429 Utrum
2485 1378 2594 1427 hoc
2633 1390 2702 1427 ex
2734 1390 2886 1435 casu,
2918 1389 2987 1423 an
3039 1374 3310 1423 maleficio
3342 1370 3650 1436 contigerit,

2020 1444 2315 1511 dispiciant
2360 1447 2579 1498 eruditi.
2612 1447 2916 1511 Epistolam
2960 1446 3136 1507 ipsam
3176 1444 3307 1508 quia
3336 1442 3519 1493 brevis
3546 1446 3651 1499 est,

2019 1531 2202 1583 neque
2259 1534 2412 1570 nunc
2465 1519 2681 1570 dierum
2738 1519 2794 1568 in
2852 1520 3112 1580 promptu
3168 1515 3428 1574 habetur,
3474 1525 3652 1575 appo—

2019 1591 2197 1641 suisse
2248 1605 2361 1641 non
2415 1590 2723 1656 pigebitzs
2764 1590 2965 1652 Incipit
3012 1588 3274 1650 Prologus
3325 1586 3381 1634 in
3427 1585 3649 1656 Episto-f

2016 1660 2101 1710 Ias
2134 1654 2450 1713 canonicas.
2482 1654 2610 1712 Non
2647 1663 2720 1711 ita
2763 1666 2848 1712 est
2895 1659 3029 1711 ordo
3086 1657 3233 1722 apud
3282 1656 3521 1714 Griecos,
3554 1654 3650 1719 qui

2022 1730 2233 1795 integre
2283 1734 2523 1797 sapiunt,
2578 1733 2861 1797 fidemque
2905 1734 3115 1782 rectam
3158 1733 3469 1784 sectantur,
3517 1725 3649 1789 Epi-

2021 1803 2289 1854 stolarum
2324 1808 2555 1869 septem,
2584 1818 2711 1869 quae
2751 1804 3037 1853 canonicae
3083 1804 3482 1864 nuncupantur
3506 1798 3651 1846 sicut

2018 1876 2078 1924 in
2121 1876 2331 1927 Latinis
2369 1876 2658 1927 codicibus
2702 1876 3004 1926 invenitur.
3032 1874 3101 1925 Ut
3153 1873 3285 1935 quia
3333 1872 3525 1920 Petrus
3568 1869 3653 1917 est

2019 1947 2234 2009 primus
2292 1949 2348 1996 in
2404 1947 2596 1996 ordine
2640 1947 3036 2011 apostolorum,
3084 1945 3276 2008 primm
3324 1942 3437 1991 sint
3485 1940 3650 1990 etiam

2021 2020 2142 2081 ejus
2199 2019 2464 2083 Epistolas
2520 2019 2579 2067 in
2661 2010 2852 2068 ordine
2928 2020 3272 2067 caaterarum.
3327 2012 3436 2063 Sed
3505 2010 3652 2059 sicut

2020 2089 2373 2155 Evangelista
2405 2089 2614 2139 dudum
2650 2089 2716 2139 ad
2756 2088 3000 2139 veritatis
3032 2086 3237 2137 lineam
3286 2082 3651 2155 correuimus,

2020 2161 2095 2211 ita
2145 2153 2245 2210 has
2287 2162 2507 2224 proprio
2560 2160 2759 2221 ordini,
2814 2160 2931 2209 Deo
2973 2160 3219 2221 juvante,
3265 2153 3650 2205 reddidimus:

2022 2236 2104 2282 est
2152 2232 2300 2282 enim
2335 2245 2445 2280 una
2489 2244 2678 2281 earum
2718 2231 2894 2295 prima
2930 2228 3143 2288 Jocobi,
3190 2226 3313 2276 duae
3352 2224 3513 2284 Petri,
3543 2226 3655 2270 tres

2021 2304 2267 2364 Joannis,
2299 2308 2353 2352 et
2385 2301 2547 2352 Judas
2573 2316 2703 2351 una.
2738 2304 2876 2364 Qum
2917 2302 2963 2349 si
2999 2300 3147 2350 sicut
3187 2298 3256 2347 ab
3306 2298 3386 2348 eis
3425 2295 3652 2357 digestas

2021 2378 2168 2436 sunt,
2214 2376 2287 2424 ita
2328 2388 2552 2438 quoque
2583 2374 2652 2422 ab
2699 2371 3090 2435 interpretibus
3134 2369 3368 2419 ﬁdeliter
3416 2367 3471 2415 in
3506 2364 3655 2438 Lati-

2020 2435 2162 2495 num
2202 2435 2551 2496 verterentur
2595 2445 2901 2507 eloquium,
2955 2454 3059 2490 nec
3120 2439 3535 2502 ambiguitatem
3574 2435 3653 2483 le-

2021 2517 2283 2580 gentibus
2334 2530 2455 2567 sese
2507 2516 2773 2572 facerent,
2830 2526 2934 2562 nec
2986 2524 3306 2561 sermonum
3362 2507 3655 2580 varietates

2023 2578 2439 2652 impugnarent,
2494 2586 2588 2636 illo
2640 2587 2920 2649 praecipue
2974 2584 3097 2633 loco
3149 2582 3244 2631 ubi
3295 2581 3363 2629 de
3432 2578 3654 2652 Unitate

2023 2646 2305 2709 Trinitatis
2336 2660 2390 2708 in
2428 2646 2603 2721 prima
2641 2646 2887 2707 dominis
2919 2653 3185 2717 Epistola,
3218 2652 3459 2715 positum
3506 2646 3654 2721 legi-

2024 2745 2167 2781 mus.
2220 2732 2281 2780 In
2335 2718 2444 2794 qua
2492 2731 2656 2779 etiam
2706 2728 2775 2777 ab
2828 2725 3154 2776 inﬁdelibus
3213 2718 3650 2794 translatoribus,

2026 2804 2265 2852 multum
2298 2792 2540 2851 erratum
2574 2814 2695 2851 esse
2738 2814 2766 2847 a
2803 2798 2932 2848 ﬁdei
2982 2798 3213 2847 veritate
3258 2792 3652 2856 comperimus,

2025 2876 2190 2924 trium
2225 2872 2609 2923 tantummodo
2653 2871 2942 2931 vocabula,
2982 2869 3090 2917 hoc
3137 2870 3241 2925 est,
3278 2864 3472 2928 Aquae,
3511 2861 3650 2912 San-

2024 2947 2209 3010 guinis
2244 2950 2299 2995 et
2333 2945 2584 3007 Spiritus,
2622 2944 2678 2991 in
2714 2944 2829 3006 ipsa
2869 2955 2970 2990 sua
2997 2938 3240 2989 editione
3274 2933 3647 3010 ponentibus;

2025 3004 2080 3067 at
2115 3018 2291 3065 Patris
2337 3004 2616 3077 verbique
2660 3004 3012 3075 ae'Spiritus
3060 3008 3442 3061 testimonium
3489 3004 3653 3077 omit-

2028 3087 2289 3145 tentibus,
2328 3088 2385 3135 in
2435 3074 2547 3149 quo
2588 3074 2835 3134 maxime
2863 3087 2918 3131 et
2969 3082 3108 3131 ﬂdes
3150 3078 3437 3130 Catholica
3492 3074 3654 3149 robo-

2027 3164 2191 3219 ratur,
2223 3162 2275 3207 et
2306 3146 2481 3206 Patris
2505 3170 2571 3206 ac
2614 3156 2738 3204 Filii
2783 3159 2836 3204 et
2866 3153 3103 3217 Spiritus
3139 3149 3316 3200 sancti
3358 3162 3469 3197 una
3512 3146 3654 3194 divi-

2025 3231 2217 3279 nitatis
2274 3229 2583 3278 substantia
2641 3226 3055 3288 comprobatur.
3115 3223 3175 3271 In
3239 3220 3453 3270 caeteris
3518 3227 3656 3288 vero

2027 3300 2309 3364 Epistolis,
2346 3301 2618 3362 quantum
2661 3311 2691 3345 a
2722 3286 2927 3353 nostra,
2971 3294 3201 3342 aliorum
3257 3290 3422 3338 distet
3459 3286 3655 3364 editio,

2027 3357 2247 3421 lectoris
2293 3357 2503 3434 judicio
2550 3369 2889 3433 derelinquo.
2949 3365 3058 3416 Sed
3111 3369 3190 3425 tu,
3238 3363 3396 3425 virgo
3451 3357 3657 3434 Christi

2028 3429 2414 3502 Eustochium,
2469 3455 2635 3504 quam
2678 3429 3120 3501 me’impensius
3159 3434 3460 3496 Scriptura:
3511 3429 3654 3479 veri-

2028 3519 2192 3563 tatem
2262 3512 2495 3576 iuquiris
2568 3526 2749 3563 meam
2826 3506 3236 3574 quodammodo
3311 3506 3655 3554 senectutem

2026 3584 2341 3635 invidorum
2386 3583 2647 3633 dentibus
2691 3580 3094 3632 corrodendam
3141 3578 3394 3639 exponis,
3432 3576 3525 3637 qui
3570 3584 3659 3623 me

2026 3656 2330 3715 falsarium,
2390 3659 2882 3717 corruptoremque
2938 3655 3254 3702 sanctarum
3304 3645 3663 3717 pronuntiant

2028 3727 2457 3791 Scripturarum.
2502 3715 2613 3777 séa
2649 3738 2750 3788 ego
2790 3715 2866 3773 fin
2910 3724 3004 3772 tali
3043 3733 3225 3783 Opere,
3275 3732 3381 3769 nec
3433 3715 3662 3791 aemulo—

2027 3789 2169 3849 rum_
2216 3812 2467 3849 meorum
2524 3795 2790 3846 invidiam
2861 3795 3218 3857 pertimesco,
3276 3802 3382 3845 nec
3448 3789 3658 3836 sanctas

2028 3872 2329 3933 Scripturae
2361 3869 2648 3919 veritatem
2676 3865 3033 3930 poscentibus
3067 3859 3370 3924 denegabo.
3400 3873 3428 3905 ››

2090 3956 2205 4005 VII.
2269 3956 2343 4003 De
2369 3953 2641 4017 superiore
2684 3954 2851 4013 parte.
2904 3950 2985 3998 De
3039 3947 3239 4009 seipse,
3301 3948 3370 4017 et,
3411 3940 3659 4017 doctrina

2028 4041 2149 4087 sua,
2202 4030 2254 4075 et
2315 4012 2761 4087 regeneratorum
2819 4019 3107 4069 nativitate
3163 4014 3430 4075 secunda,
3483 4012 3659 4087 ἃνῳθεν

2029 4085 2147 4148 sive
2195 4085 2435 4160 superne
2484 4092 2874 4152 venientibus,
2930 4090 3134 4154 passim
3205 4089 3317 4152 agit
3386 4085 3660 4160 Dominus

2028 4172 2230 4219 noster.
2266 4156 2345 4217 Ad
2384 4164 2635 4217 eamdem
2681 4177 2810 4225 ergo
2851 4166 3094 4213 mentem
3134 4174 3329 4212 vocem
3368 4158 3521 4208 illam
3567 4156 3661 4206 hic

2030 4241 2137 4290 loci
2201 4238 2369 4288 trahit
2410 4238 2476 4287 D.
2522 4235 2870 4298 Cyprianus;
2919 4236 2971 4282 et
3016 4232 3311 4289 Unitatem,
3361 4243 3464 4280 ceu
3517 4226 3662 4277 coelo

2030 4312 2275 4375 lapsam,
2331 4310 2521 4359 tunica
2593 4308 2834 4359 Christi.
2896 4319 3021 4367 quae
3080 4304 3257 4351 ἄνωθεν
3314 4303 3515 4375 ῦφαντᾳς
3589 4298 3659 4346 δῖ’

2028 4373 2143 4432 ὃλὸυ
2178 4381 2497 4432 adumbrari
2540 4380 2752 4429 statuit.
2798 4378 2980 4439 Hujus
3022 4373 3493 4438 interpretauienti
3537 4384 3661 4418 me—

2037 4456 2196 4504 minit
2244 4453 2531 4515 Chrysost.
2580 4450 2785 4500 Homil.
2815 4465 2874 4496 πε
2889 4448 2917 4507 ‘,
2952 4447 3059 4498 Sed
3097 4444 3400 4502 concludit,
3428 4440 3569 4490 τοῦτο
3612 4440 3664 4487 δὲ

2038 4528 2145 4590 ἐμοὶ
2167 4527 2299 4574 δοκεῖ
2323 4526 2473 4586 λέγειν
2497 4522 2813 4585 αἰνιττόμενος
2834 4522 2888 4568 τό
2909 4520 3089 4574 amis;
3119 4518 3212 4565 τῶν
3246 4518 3461 4578 ἱματιων.

2095 4622 2191 4671 ῙΧ.
2220 4623 2346 4672 Cum
2392 4622 2659 4683 generant,
2682 4614 2838 4664 simul
2874 4614 3012 4673 ﬁlios
3054 4612 3221 4662 edere.
3250 4614 3403 4660 Amor
3450 4606 3663 4683 utrique

2033 4692 2191 4743 soboli
2239 4679 2472 4755 (aqualis,
2520 4689 2702 4751 inquit
2746 4687 2976 4743 Plinius,
3021 4685 3116 4747 qui
3160 4684 3194 4732 l.
3248 4695 3306 4755 ξ,
3347 4693 3395 4755 _c_.
3426 4679 3663 4755 _3_1,l_a_te

2033 4749 2418 4812 columbarum
2447 4749 2816 4808 moon—omiam
2844 4755 3105 4805 describit
3135 4769 3145 4802 :
3178 4769 3207 4799 α
3248 4751 3516 4801 Pudicitia
3555 4749 3665 4797 illis

2032 4834 2225 4897 prima,
2255 4836 2309 4881 et
2334 4832 2517 4881 neutri
2561 4835 2691 4879 nota
2742 4828 3033 4886 adulteria,
3060 4822 3507 4897 conjugiiiidem
3544 4832 3663 4897 pen

2031 4890 2272 4960 violant;
2301 4914 2770 4964 communemque
2796 4902 3019 4949 servant
3043 4898 3289 4946 domum.
3319 4894 3431 4943 Nisi
3458 4890 3665 4941 caelebs

2033 4982 2128 5026 aut
2155 4976 2322 5026 vidua
2352 4975 2547 5025 nidum
2578 4988 2691 5023 non
2721 4972 3004 5035 relinquit,
3039 4989 3067 5015 »
3105 4972 3209 5019 etc.

2094 5068 2165 5118 X.
2196 5095 2257 5105 -—
2303 5066 2547 5131 Episcopi
2588 5063 2689 5113 sibi
2718 5074 2903 5111 nomen
2935 5061 3222 5110 assumunt.
3260 5055 3455 5131 Qualis
3505 5054 3665 5104 nimi-

2031 5154 2156 5189 rum
2238 5142 2351 5188 erat
2438 5137 2793 5187 Novatianus.
2866 5133 2968 5181 Per
3042 5130 3347 5178 temerarios
3416 5137 3668 5176 convenas

2032 5209 2377 5273 intelligendi
2409 5209 2639 5258 veniunt
2685 5211 2792 5255 tres
2825 5216 2893 5253 ex
2925 5201 3078 5251 Italia
3121 5199 3337 5250 evocati
3387 5198 3665 5273 Episcopi,

2034 5284 2131 5348 qui
2178 5268 2529 5332 ordonationi
2575 5276 2868 5330 Novatiani
2920 5287 3121 5324 manus
3166 5286 3294 5322 suas
3346 5268 3666 5322 commoda-

2031 5355 2185 5405 bant

2099 5451 2396 5500 Tractatus.
2453 5446 2768 5497 Sermones.
2822 5440 2915 5491 Sic
2958 5441 3118 5503 epist.
3160 5440 3221 5488 77
3280 5437 3370 5496 (ad
3411 5430 3671 5508 _Pamelii

2032 5532 2299 5571 numeros
2356 5520 2434 5578 78)
2495 5516 2715 5577 dicitur,
2774 5528 2869 5562 non
2930 5510 3121 5561 desinis
3182 5506 3497 5578 tractatibus
3558 5506 3670 5577 suis

2031 5594 2361 5641 sacramenta
2409 5572 2608 5638 occulta
2670 5572 2892 5635 nudare.
2946 5583 3012 5633 Et
3068 5581 3271 5637 statim,
3328 5572 3577 5651 omnibus
3621 5572 3672 5616 in

2037 5639 2270 5711 tractatu
2325 5661 2532 5723 major,
2589 5660 2647 5708 in
2706 5669 2941 5706 sermone
3004 5646 3514 5723 facundior.‘_Quin
3564 5639 3674 5689 hoc

2032 5734 2153 5797 ipso
2197 5716 2680 5796 opere,'Tra'ctatu
2729 5729 2898 5792 longo.
2950 5727 3096 5776 Hinc
3140 5716 3445 5794 ﬂuentibus
3488 5723 3681 5797 saecu-

2034 5779 2103 5869 lis
2178 5779 2491 5861 tractat'ores
2542 5779 2871 5857 dicebantur
2896 5839 2911 5865 ,
2972 5801 3070 5875 qui
3126 5788 3431 5851 conciones
3488 5794 3688 5839 coram
