  <div class='ocr_page' id='page_1' title='image "/cluster/home/n/w/nwhite01/storage/ocr_20150623/4/hvd.32044073549446/641.png"; bbox 0 0 4144 6192; ppageno 0'>
   <div class='ocr_carea' id='block_1_1' title="bbox 485 243 619 303">
    <p class='ocr_par' dir='ltr' id='par_1_1' title="bbox 485 243 619 303">
     <span class='ocr_line' id='line_1_1' title="bbox 485 243 619 303; baseline -0.007 0"><span class='ocrx_word' id='word_1_1' title='bbox 485 243 619 303; x_wconf 78' lang='lat' dir='ltr'>l275</span> 
     </span>
    </p>
   </div>
   <div class='ocr_carea' id='block_1_2' title="bbox 467 368 1830 441">
    <p class='ocr_par' dir='ltr' id='par_1_2' title="bbox 467 368 1830 441">
     <span class='ocr_line' id='line_1_2' title="bbox 467 368 1830 441; baseline 0.004 -21"><span class='ocrx_word' id='word_1_2' title='bbox 467 370 675 438; x_wconf 88' lang='lat' dir='ltr'>p0pulo</span> <span class='ocrx_word' id='word_1_3' title='bbox 727 368 1014 426; x_wconf 77' lang='lat' dir='ltr'>haberent.</span> <span class='ocrx_word' id='word_1_4' title='bbox 1075 371 1256 426; x_wconf 73' lang='lat' dir='ltr'>GIOSS.</span> <span class='ocrx_word' id='word_1_5' title='bbox 1322 372 1446 441; x_wconf 85' lang='lat' dir='ltr'>Cyr.</span> <span class='ocrx_word' id='word_1_6' title='bbox 1518 374 1792 440; x_wconf 77' lang='grc' dir='ltr'>ὁμιλητικὸς</span> <span class='ocrx_word' id='word_1_7' title='bbox 1811 413 1830 437; x_wconf 88' lang='lat'>,</span> 
     </span>
    </p>
   </div>
   <div class='ocr_carea' id='block_1_3' title="bbox 467 446 566 495">
    <p class='ocr_par' dir='ltr' id='par_1_3' title="bbox 467 446 566 495">
     <span class='ocr_line' id='line_1_3' title="bbox 467 446 566 495; baseline 0.01 -1"><span class='ocrx_word' id='word_1_8' title='bbox 467 446 566 495; x_wconf 83' lang='lat' dir='ltr'>tor.</span> 
     </span>
    </p>
   </div>
   <div class='ocr_carea' id='block_1_4' title="bbox 531 515 2111 584">
    <p class='ocr_par' dir='ltr' id='par_1_4' title="bbox 531 515 2111 584">
     <span class='ocr_line' id='line_1_4' title="bbox 531 515 2111 584; baseline 0.003 -19"><span class='ocrx_word' id='word_1_9' title='bbox 531 515 627 566; x_wconf 93' lang='lat' dir='ltr'>XI.</span> <span class='ocrx_word' id='word_1_10' title='bbox 665 542 728 552; x_wconf 97' lang='lat'><strong>—</strong></span> <span class='ocrx_word' id='word_1_11' title='bbox 770 517 831 565; x_wconf 90' lang='lat' dir='ltr'>In</span> <span class='ocrx_word' id='word_1_12' title='bbox 890 518 1190 569; x_wconf 70' lang='lat' dir='ltr'>substantia</span> <span class='ocrx_word' id='word_1_13' title='bbox 1240 534 1367 569; x_wconf 88' lang='lat' dir='ltr'>mea.</span> <span class='ocrx_word' id='word_1_14' title='bbox 1422 519 1656 570; x_wconf 84' lang='lat' dir='ltr'>Ponitur</span> <span class='ocrx_word' id='word_1_15' title='bbox 1702 534 1801 584; x_wconf 91' lang='lat' dir='ltr'>pro</span> <span class='ocrx_word' id='word_1_16' title='bbox 1844 533 1911 570; x_wconf 91' lang='lat' dir='ltr'>eo</span> <span class='ocrx_word' id='word_1_17' title='bbox 1959 519 2111 584; x_wconf 91' lang='lat' dir='ltr'>quod</span> 
     </span>
    </p>
   </div>
   <div class='ocr_carea' id='block_1_5' title="bbox 471 586 2114 656">
    <p class='ocr_par' dir='ltr' id='par_1_5' title="bbox 471 586 2114 656">
     <span class='ocr_line' id='line_1_5' title="bbox 471 586 2114 656; baseline 0.002 -20"><span class='ocrx_word' id='word_1_18' title='bbox 471 586 612 636; x_wconf 85' lang='lat' dir='ltr'><strong>LXX</strong></span> <span class='ocrx_word' id='word_1_19' title='bbox 675 587 880 640; x_wconf 80' lang='lat' dir='ltr'>habent</span> <span class='ocrx_word' id='word_1_20' title='bbox 936 590 984 638; x_wconf 78' lang='lat' dir='ltr'>tv</span> <span class='ocrx_word' id='word_1_21' title='bbox 1033 589 1368 653; x_wconf 72' lang='grc' dir='ltr'>ὺποστήματι,</span> <span class='ocrx_word' id='word_1_22' title='bbox 1419 592 1514 655; x_wconf 85' lang='lat' dir='ltr'>qui</span> <span class='ocrx_word' id='word_1_23' title='bbox 1579 592 1777 656; x_wconf 83' lang='lat' dir='ltr'>legisse</span> <span class='ocrx_word' id='word_1_24' title='bbox 1845 591 2114 642; x_wconf 89' lang='lat' dir='ltr'>videntur</span> 
     </span>
    </p>
   </div>
   <div class='ocr_carea' id='block_1_6' title="bbox 469 662 1936 734">
    <p class='ocr_par' dir='ltr' id='par_1_6' title="bbox 469 662 1936 734">
     <span class='ocr_line' id='line_1_6' title="bbox 469 662 1936 734; baseline 0.002 -18"><span class='ocrx_word' id='word_1_25' title='bbox 469 662 686 716; x_wconf 66' lang='grc' dir='ltr'>ΊῚΊΟἽΞο</span> <span class='ocrx_word' id='word_1_26' title='bbox 717 670 1038 734; x_wconf 82' lang='lat' dir='ltr'>Hesychius</span> <span class='ocrx_word' id='word_1_27' title='bbox 1063 683 1159 734; x_wconf 88' lang='lat' dir='ltr'>per</span> <span class='ocrx_word' id='word_1_28' title='bbox 1188 670 1366 730; x_wconf 79' lang='grc' dir='ltr'>πλῆθος</span> <span class='ocrx_word' id='word_1_29' title='bbox 1391 671 1636 734; x_wconf 87' lang='lat' dir='ltr'>explicat</span> <span class='ocrx_word' id='word_1_30' title='bbox 1662 671 1936 733; x_wconf 74' lang='grc' dir='ltr'>ὑπόστημα.</span> 
     </span>
    </p>
   </div>
   <div class='ocr_carea' id='block_1_7' title="bbox 534 739 2111 806">
    <p class='ocr_par' dir='ltr' id='par_1_7' title="bbox 534 739 2111 806">
     <span class='ocr_line' id='line_1_7' title="bbox 534 739 2111 806; baseline 0.004 -20"><span class='ocrx_word' id='word_1_31' title='bbox 534 739 746 800; x_wconf 78' lang='lat' dir='ltr'>Quando</span> <span class='ocrx_word' id='word_1_32' title='bbox 772 741 929 791; x_wconf 84' lang='lat' dir='ltr'>aliud</span> <span class='ocrx_word' id='word_1_33' title='bbox 956 741 1230 805; x_wconf 86' lang='lat' dir='ltr'>baptisma.</span> <span class='ocrx_word' id='word_1_34' title='bbox 1259 743 1341 793; x_wconf 91' lang='lat' dir='ltr'>De</span> <span class='ocrx_word' id='word_1_35' title='bbox 1365 742 1622 806; x_wconf 76' lang='lat' dir='ltr'>dogmate</span> <span class='ocrx_word' id='word_1_36' title='bbox 1650 743 1757 794; x_wconf 90' lang='lat' dir='ltr'>hoc</span> <span class='ocrx_word' id='word_1_37' title='bbox 1788 742 1923 792; x_wconf 82' lang='lat' dir='ltr'>alibi</span> <span class='ocrx_word' id='word_1_38' title='bbox 1949 742 2111 792; x_wconf 88' lang='lat' dir='ltr'>dabi-</span> 
     </span>
    </p>
   </div>
   <div class='ocr_carea' id='block_1_8' title="bbox 471 811 1013 864">
    <p class='ocr_par' dir='ltr' id='par_1_8' title="bbox 471 811 1013 864">
     <span class='ocr_line' id='line_1_8' title="bbox 471 811 1013 864; baseline 0.004 -6"><span class='ocrx_word' id='word_1_39' title='bbox 471 812 559 859; x_wconf 91' lang='lat' dir='ltr'>tur</span> <span class='ocrx_word' id='word_1_40' title='bbox 585 811 806 863; x_wconf 90' lang='lat' dir='ltr'>dicendi</span> <span class='ocrx_word' id='word_1_41' title='bbox 837 814 1013 864; x_wconf 88' lang='lat' dir='ltr'>locus.</span> 
     </span>
    </p>
   </div>
   <div class='ocr_carea' id='block_1_9' title="bbox 535 891 2112 958">
    <p class='ocr_par' dir='ltr' id='par_1_9' title="bbox 535 891 2112 958">
     <span class='ocr_line' id='line_1_9' title="bbox 535 891 2112 958; baseline 0.003 -17"><span class='ocrx_word' id='word_1_42' title='bbox 535 891 658 942; x_wconf 89' lang='lat' dir='ltr'><strong>XII.</strong></span> <span class='ocrx_word' id='word_1_43' title='bbox 702 921 763 931; x_wconf 95' lang='lat'><strong>—</strong></span> <span class='ocrx_word' id='word_1_44' title='bbox 804 897 1146 958; x_wconf 84' lang='lat' dir='ltr'>Corruptores</span> <span class='ocrx_word' id='word_1_45' title='bbox 1191 893 1484 958; x_wconf 76' lang='lat' dir='ltr'>Evangelii.</span> <span class='ocrx_word' id='word_1_46' title='bbox 1534 895 1616 945; x_wconf 88' lang='lat' dir='ltr'>De</span> <span class='ocrx_word' id='word_1_47' title='bbox 1665 895 1774 945; x_wconf 87' lang='lat' dir='ltr'>hoc</span> <span class='ocrx_word' id='word_1_48' title='bbox 1817 895 2112 946; x_wconf 69' lang='lat' dir='ltr'>haeretico-</span> 
     </span>
    </p>
   </div>
   <div class='ocr_carea' id='block_1_10' title="bbox 472 965 2114 1030">
    <p class='ocr_par' dir='ltr' id='par_1_10' title="bbox 472 965 2114 1030">
     <span class='ocr_line' id='line_1_10' title="bbox 472 965 2114 1030; baseline 0.002 -17"><span class='ocrx_word' id='word_1_49' title='bbox 472 976 595 1014; x_wconf 89' lang='lat' dir='ltr'>rum</span> <span class='ocrx_word' id='word_1_50' title='bbox 621 965 907 1030; x_wconf 87' lang='lat' dir='ltr'>sacrilegio</span> <span class='ocrx_word' id='word_1_51' title='bbox 946 965 1173 1017; x_wconf 76' lang='lat' dir='ltr'>videndi</span> <span class='ocrx_word' id='word_1_52' title='bbox 1207 971 1342 1016; x_wconf 91' lang='lat' dir='ltr'>sunt</span> <span class='ocrx_word' id='word_1_53' title='bbox 1381 967 1548 1030; x_wconf 88' lang='lat' dir='ltr'>Iren,,</span> <span class='ocrx_word' id='word_1_54' title='bbox 1580 968 1616 1017; x_wconf 94' lang='lat' dir='ltr'>l.</span> <span class='ocrx_word' id='word_1_55' title='bbox 1661 980 1738 1027; x_wconf 87' lang='grc' dir='ltr'><strong>ιιι,</strong></span> <span class='ocrx_word' id='word_1_56' title='bbox 1770 981 1819 1017; x_wconf 93' lang='lat' dir='ltr'>c.</span> <span class='ocrx_word' id='word_1_57' title='bbox 1862 969 1930 1029; x_wconf 83' lang='lat'>6;</span> <span class='ocrx_word' id='word_1_58' title='bbox 1979 968 2114 1018; x_wconf 89' lang='lat' dir='ltr'>Ter-</span> 
     </span>
    </p>
   </div>
   <div class='ocr_carea' id='block_1_11' title="bbox 473 1035 2110 1102">
    <p class='ocr_par' dir='ltr' id='par_1_11' title="bbox 473 1035 2110 1102">
     <span class='ocr_line' id='line_1_11' title="bbox 473 1035 2110 1102; baseline 0.003 -18"><span class='ocrx_word' id='word_1_59' title='bbox 473 1035 574 1085; x_wconf 86' lang='lat' dir='ltr'>tul.</span> <span class='ocrx_word' id='word_1_60' title='bbox 620 1036 688 1087; x_wconf 89' lang='lat' dir='ltr'>de</span> <span class='ocrx_word' id='word_1_61' title='bbox 745 1038 1062 1102; x_wconf 59' lang='lat' dir='ltr'>Prescript.,</span> <span class='ocrx_word' id='word_1_62' title='bbox 1101 1051 1147 1088; x_wconf 92' lang='lat' dir='ltr'>c.</span> <span class='ocrx_word' id='word_1_63' title='bbox 1180 1038 1235 1088; x_wconf 85' lang='lat' dir='ltr'>l7</span> <span class='ocrx_word' id='word_1_64' title='bbox 1287 1041 1342 1087; x_wconf 91' lang='lat' dir='ltr'>et</span> <span class='ocrx_word' id='word_1_65' title='bbox 1383 1038 1463 1100; x_wconf 90' lang='lat'>33,</span> <span class='ocrx_word' id='word_1_66' title='bbox 1497 1038 1623 1088; x_wconf 84' lang='lat' dir='ltr'>Adv.</span> <span class='ocrx_word' id='word_1_67' title='bbox 1671 1041 1838 1089; x_wconf 80' lang='lat' dir='ltr'>Marc.</span> <span class='ocrx_word' id='word_1_68' title='bbox 1871 1039 1909 1088; x_wconf 95' lang='lat' dir='ltr'><strong>I.</strong></span> <span class='ocrx_word' id='word_1_69' title='bbox 1952 1053 2002 1088; x_wconf 90' lang='lat' dir='ltr'>v.</span> <span class='ocrx_word' id='word_1_70' title='bbox 2061 1053 2110 1091; x_wconf 91' lang='lat' dir='ltr'>c.</span> 
     </span>
    </p>
   </div>
   <div class='ocr_carea' id='block_1_12' title="bbox 472 1107 2111 1174">
    <p class='ocr_par' dir='ltr' id='par_1_12' title="bbox 472 1107 2111 1174">
     <span class='ocr_line' id='line_1_12' title="bbox 472 1107 2111 1174; baseline 0.004 -18"><span class='ocrx_word' id='word_1_71' title='bbox 472 1107 568 1168; x_wconf 68' lang='lat'>18;</span> <span class='ocrx_word' id='word_1_72' title='bbox 624 1108 828 1159; x_wconf 85' lang='lat' dir='ltr'>Euseb.</span> <span class='ocrx_word' id='word_1_73' title='bbox 880 1111 1042 1167; x_wconf 63' lang='lat' dir='ltr'>Hist,</span> <span class='ocrx_word' id='word_1_74' title='bbox 1094 1109 1131 1159; x_wconf 96' lang='lat' dir='ltr'>l.</span> <span class='ocrx_word' id='word_1_75' title='bbox 1168 1123 1249 1171; x_wconf 88' lang='lat' dir='ltr'>v.,</span> <span class='ocrx_word' id='word_1_76' title='bbox 1275 1123 1326 1160; x_wconf 93' lang='lat' dir='ltr'>c.</span> <span class='ocrx_word' id='word_1_77' title='bbox 1373 1109 1467 1168; x_wconf 77' lang='lat'>28;</span> <span class='ocrx_word' id='word_1_78' title='bbox 1512 1111 1806 1174; x_wconf 82' lang='lat' dir='ltr'>Augustin.</span> <span class='ocrx_word' id='word_1_79' title='bbox 1858 1110 1990 1162; x_wconf 59' lang='lat' dir='ltr'>hair.</span> <span class='ocrx_word' id='word_1_80' title='bbox 2030 1112 2111 1173; x_wconf 73' lang='grc'>46,</span> 
     </span>
    </p>
   </div>
   <div class='ocr_carea' id='block_1_13' title="bbox 471 1177 2111 1246">
    <p class='ocr_par' dir='ltr' id='par_1_13' title="bbox 471 1177 2111 1246">
     <span class='ocr_line' id='line_1_13' title="bbox 471 1177 2111 1246; baseline 0.001 -18"><span class='ocrx_word' id='word_1_81' title='bbox 471 1177 534 1228; x_wconf 86' lang='lat' dir='ltr'>de</span> <span class='ocrx_word' id='word_1_82' title='bbox 559 1179 781 1231; x_wconf 74' lang='lat' dir='ltr'>Manil-ti.</span> <span class='ocrx_word' id='word_1_83' title='bbox 819 1183 875 1231; x_wconf 88' lang='lat' dir='ltr'>et</span> <span class='ocrx_word' id='word_1_84' title='bbox 913 1180 1053 1232; x_wconf 68' lang='lat' dir='ltr'>hear.</span> <span class='ocrx_word' id='word_1_85' title='bbox 1086 1179 1184 1242; x_wconf 85' lang='lat'>70;</span> <span class='ocrx_word' id='word_1_86' title='bbox 1226 1179 1542 1231; x_wconf 88' lang='lat' dir='ltr'>Theodorit.</span> <span class='ocrx_word' id='word_1_87' title='bbox 1574 1181 1610 1231; x_wconf 97' lang='lat' dir='ltr'>l.</span> <span class='ocrx_word' id='word_1_88' title='bbox 1663 1195 1720 1243; x_wconf 89' lang='lat' dir='ltr'>lt,</span> <span class='ocrx_word' id='word_1_89' title='bbox 1753 1183 1939 1232; x_wconf 66' lang='lat' dir='ltr'>Haeret.</span> <span class='ocrx_word' id='word_1_90' title='bbox 1971 1181 2111 1246; x_wconf 83' lang='lat' dir='ltr'>fab.,</span> 
     </span>
    </p>
   </div>
   <div class='ocr_carea' id='block_1_14' title="bbox 472 1251 596 1302">
    <p class='ocr_par' dir='ltr' id='par_1_14' title="bbox 472 1251 596 1302">
     <span class='ocr_line' id='line_1_14' title="bbox 472 1251 596 1302; baseline 0.024 -2"><span class='ocrx_word' id='word_1_91' title='bbox 472 1262 520 1300; x_wconf 91' lang='lat' dir='ltr'>c.</span> <span class='ocrx_word' id='word_1_92' title='bbox 546 1251 596 1302; x_wconf 80' lang='lat'><strong>5.</strong></span> 
     </span>
    </p>
   </div>
   <div class='ocr_carea' id='block_1_15' title="bbox 535 1321 2110 1388">
    <p class='ocr_par' dir='ltr' id='par_1_15' title="bbox 535 1321 2110 1388">
     <span class='ocr_line' id='line_1_15' title="bbox 535 1321 2110 1388; baseline 0.003 -19"><span class='ocrx_word' id='word_1_93' title='bbox 535 1321 738 1386; x_wconf 87' lang='lat' dir='ltr'>Spiritu</span> <span class='ocrx_word' id='word_1_94' title='bbox 785 1323 937 1373; x_wconf 85' lang='lat' dir='ltr'>roris.</span> <span class='ocrx_word' id='word_1_95' title='bbox 990 1323 1209 1373; x_wconf 88' lang='lat' dir='ltr'>Irrorati</span> <span class='ocrx_word' id='word_1_96' title='bbox 1275 1327 1432 1373; x_wconf 89' lang='lat' dir='ltr'>erant</span> <span class='ocrx_word' id='word_1_97' title='bbox 1499 1323 1738 1388; x_wconf 77' lang='lat' dir='ltr'>Spiritus</span> <span class='ocrx_word' id='word_1_98' title='bbox 1793 1323 2110 1388; x_wconf 77' lang='lat' dir='ltr'>refrigeriis.</span> 
     </span>
    </p>
   </div>
   <div class='ocr_carea' id='block_1_16' title="bbox 473 1391 2113 1456">
    <p class='ocr_par' dir='ltr' id='par_1_16' title="bbox 473 1391 2113 1456">
     <span class='ocr_line' id='line_1_16' title="bbox 473 1391 2113 1456; baseline 0.001 -12"><span class='ocrx_word' id='word_1_99' title='bbox 473 1391 583 1444; x_wconf 91' lang='lat' dir='ltr'>Sed</span> <span class='ocrx_word' id='word_1_100' title='bbox 633 1395 679 1443; x_wconf 90' lang='lat' dir='ltr'>si</span> <span class='ocrx_word' id='word_1_101' title='bbox 740 1393 864 1446; x_wconf 61' lang='lat' dir='ltr'>haec</span> <span class='ocrx_word' id='word_1_102' title='bbox 914 1394 1214 1445; x_wconf 80' lang='lat' dir='ltr'>verborum</span> <span class='ocrx_word' id='word_1_103' title='bbox 1265 1408 1424 1445; x_wconf 90' lang='lat' dir='ltr'>mens</span> <span class='ocrx_word' id='word_1_104' title='bbox 1490 1396 1580 1456; x_wconf 90' lang='lat' dir='ltr'>sit,</span> <span class='ocrx_word' id='word_1_105' title='bbox 1639 1397 2113 1447; x_wconf 82' lang='lat' dir='ltr'>accommodatius</span> 
     </span>
    </p>
   </div>
   <div class='ocr_carea' id='block_1_17' title="bbox 473 1464 2112 1530">
    <p class='ocr_par' dir='ltr' id='par_1_17' title="bbox 473 1464 2112 1530">
     <span class='ocr_line' id='line_1_17' title="bbox 473 1464 2112 1530; baseline 0.002 -16"><span class='ocrx_word' id='word_1_106' title='bbox 473 1464 767 1529; x_wconf 84' lang='lat' dir='ltr'>diceretur,</span> <span class='ocrx_word' id='word_1_107' title='bbox 797 1467 946 1530; x_wconf 75' lang='lat' dir='ltr'>ipSos</span> <span class='ocrx_word' id='word_1_108' title='bbox 971 1465 1210 1530; x_wconf 86' lang='lat' dir='ltr'>Spiritus</span> <span class='ocrx_word' id='word_1_109' title='bbox 1250 1467 1390 1516; x_wconf 91' lang='lat' dir='ltr'>roris</span> <span class='ocrx_word' id='word_1_110' title='bbox 1426 1466 1700 1517; x_wconf 91' lang='lat' dir='ltr'>animatos</span> <span class='ocrx_word' id='word_1_111' title='bbox 1727 1467 1916 1517; x_wconf 89' lang='lat' dir='ltr'>fuisse.</span> <span class='ocrx_word' id='word_1_112' title='bbox 1949 1467 2112 1518; x_wconf 88' lang='lat' dir='ltr'>Unde</span> 
     </span>
    </p>
   </div>
   <div class='ocr_carea' id='block_1_18' title="bbox 471 1535 2111 1602">
    <p class='ocr_par' dir='ltr' id='par_1_18' title="bbox 471 1535 2111 1602">
     <span class='ocr_line' id='line_1_18' title="bbox 471 1535 2111 1602; baseline 0.002 -17"><span class='ocrx_word' id='word_1_113' title='bbox 471 1536 716 1600; x_wconf 80' lang='lat' dir='ltr'>suspicio</span> <span class='ocrx_word' id='word_1_114' title='bbox 757 1535 926 1595; x_wconf 89' lang='lat' dir='ltr'>subit,</span> <span class='ocrx_word' id='word_1_115' title='bbox 977 1540 1259 1587; x_wconf 85' lang='lat' dir='ltr'>auctorem</span> <span class='ocrx_word' id='word_1_116' title='bbox 1302 1538 1608 1602; x_wconf 86' lang='lat' dir='ltr'>scripsisse,</span> <span class='ocrx_word' id='word_1_117' title='bbox 1665 1557 1692 1584; x_wconf 90' lang='lat'>«</span> <span class='ocrx_word' id='word_1_118' title='bbox 1741 1539 1924 1588; x_wconf 90' lang='lat' dir='ltr'>Deum</span> <span class='ocrx_word' id='word_1_119' title='bbox 1981 1539 2111 1588; x_wconf 90' lang='lat' dir='ltr'>sim-</span> 
     </span>
    </p>
   </div>
   <div class='ocr_carea' id='block_1_19' title="bbox 471 1605 2114 1674">
    <p class='ocr_par' dir='ltr' id='par_1_19' title="bbox 471 1605 2114 1674">
     <span class='ocr_line' id='line_1_19' title="bbox 471 1605 2114 1674; baseline 0.003 -19"><span class='ocrx_word' id='word_1_120' title='bbox 471 1605 646 1670; x_wconf 90' lang='lat' dir='ltr'>plices</span> <span class='ocrx_word' id='word_1_121' title='bbox 697 1611 864 1671; x_wconf 88' lang='lat' dir='ltr'>atque</span> <span class='ocrx_word' id='word_1_122' title='bbox 910 1608 1056 1658; x_wconf 89' lang='lat' dir='ltr'>inter</span> <span class='ocrx_word' id='word_1_123' title='bbox 1104 1622 1166 1659; x_wconf 90' lang='lat' dir='ltr'>se</span> <span class='ocrx_word' id='word_1_124' title='bbox 1221 1611 1532 1672; x_wconf 87' lang='lat' dir='ltr'>unanimes,</span> <span class='ocrx_word' id='word_1_125' title='bbox 1581 1610 1782 1674; x_wconf 86' lang='lat' dir='ltr'>spiritu</span> <span class='ocrx_word' id='word_1_126' title='bbox 1829 1611 1938 1660; x_wconf 92' lang='lat' dir='ltr'>oris</span> <span class='ocrx_word' id='word_1_127' title='bbox 1994 1610 2114 1660; x_wconf 82' lang='lat' dir='ltr'>anl-</span> 
     </span>
    </p>
   </div>
   <div class='ocr_carea' id='block_1_20' title="bbox 471 1678 2111 1800">
    <p class='ocr_par' dir='ltr' id='par_1_20' title="bbox 471 1678 2111 1800">
     <span class='ocr_line' id='line_1_20' title="bbox 471 1678 2111 1800; baseline 0.002 -72"><span class='ocrx_word' id='word_1_128' title='bbox 471 1678 911 1800; x_wconf 51' lang='lat' dir='ltr'>mitisseitstQuaa</span> <span class='ocrx_word' id='word_1_129' title='bbox 941 1679 1206 1745; x_wconf 86' lang='lat' dir='ltr'>loquendi</span> <span class='ocrx_word' id='word_1_130' title='bbox 1246 1680 1483 1732; x_wconf 82' lang='lat' dir='ltr'>formula</span> <span class='ocrx_word' id='word_1_131' title='bbox 1525 1682 1580 1730; x_wconf 90' lang='lat' dir='ltr'>in</span> <span class='ocrx_word' id='word_1_132' title='bbox 1610 1681 1664 1734; x_wconf 92' lang='lat' dir='ltr'>S.</span> <span class='ocrx_word' id='word_1_133' title='bbox 1711 1682 1933 1732; x_wconf 88' lang='lat' dir='ltr'>Litteris</span> <span class='ocrx_word' id='word_1_134' title='bbox 1977 1683 2111 1732; x_wconf 88' lang='lat' dir='ltr'>satis</span> 
     </span>
     <span class='ocr_line' id='line_1_21' title="bbox 473 1761 801 1800; baseline 0 0"><span class='ocrx_word' id='word_1_135' title='bbox 473 1761 532 1800; x_wconf 91' lang='lat' dir='ltr'>es</span> <span class='ocrx_word' id='word_1_136' title='bbox 578 1763 646 1800; x_wconf 92' lang='lat' dir='ltr'>us</span> <span class='ocrx_word' id='word_1_137' title='bbox 693 1764 724 1800; x_wconf 88' lang='lat' dir='ltr'>a</span> <span class='ocrx_word' id='word_1_138' title='bbox 751 1764 801 1800; x_wconf 92' lang='lat' dir='ltr'>a.</span> 
     </span>
    </p>
   </div>
   <div class='ocr_carea' id='block_1_21' title="bbox 473 1761 801 1800">
    <p class='ocr_par' dir='ltr' id='par_1_21' title="bbox 473 1761 801 1800">
     <span class='ocr_line' id='line_1_22' title="bbox 473 1761 801 1800; baseline 0 0"><span class='ocrx_word' id='word_1_139' title='bbox 473 1761 554 1800; x_wconf 70' lang='grc' dir='ltr'>θεῖ</span> <span class='ocrx_word' id='word_1_140' title='bbox 578 1761 801 1800; x_wconf 81' lang='lat' dir='ltr'>usttata.</span> 
     </span>
    </p>
   </div>
   <div class='ocr_carea' id='block_1_22' title="bbox 534 1837 2106 1906">
    <p class='ocr_par' dir='ltr' id='par_1_22' title="bbox 534 1837 2106 1906">
     <span class='ocr_line' id='line_1_23' title="bbox 534 1837 2106 1906; baseline 0.001 -16"><span class='ocrx_word' id='word_1_141' title='bbox 534 1837 675 1890; x_wconf 97' lang='lat' dir='ltr'><strong>XIV.</strong></span> <span class='ocrx_word' id='word_1_142' title='bbox 707 1866 768 1877; x_wconf 92' lang='lat'><strong><em>—</em></strong></span> <span class='ocrx_word' id='word_1_143' title='bbox 823 1839 970 1892; x_wconf 86' lang='lat' dir='ltr'>Tales</span> <span class='ocrx_word' id='word_1_144' title='bbox 1015 1841 1226 1892; x_wconf 87' lang='lat' dir='ltr'>etiamsi</span> <span class='ocrx_word' id='word_1_145' title='bbox 1269 1842 1441 1893; x_wconf 90' lang='lat' dir='ltr'>occisi.</span> <span class='ocrx_word' id='word_1_146' title='bbox 1488 1841 1732 1894; x_wconf 74' lang='lat' dir='ltr'>Eﬂ‘atum</span> <span class='ocrx_word' id='word_1_147' title='bbox 1779 1841 1907 1903; x_wconf 91' lang='lat' dir='ltr'>hoc,</span> <span class='ocrx_word' id='word_1_148' title='bbox 1955 1840 2106 1906; x_wconf 88' lang='lat' dir='ltr'>quod</span> 
     </span>
    </p>
   </div>
   <div class='ocr_carea' id='block_1_23' title="bbox 470 1911 2108 1978">
    <p class='ocr_par' dir='ltr' id='par_1_23' title="bbox 470 1911 2108 1978">
     <span class='ocr_line' id='line_1_24' title="bbox 470 1911 2108 1978; baseline 0.001 -16"><span class='ocrx_word' id='word_1_149' title='bbox 470 1914 738 1976; x_wconf 88' lang='lat' dir='ltr'>perpetuo</span> <span class='ocrx_word' id='word_1_150' title='bbox 785 1911 1031 1962; x_wconf 84' lang='lat' dir='ltr'>inculcat</span> <span class='ocrx_word' id='word_1_151' title='bbox 1081 1912 1436 1978; x_wconf 82' lang='lat' dir='ltr'>Cyprianus.</span> <span class='ocrx_word' id='word_1_152' title='bbox 1491 1914 1802 1965; x_wconf 87' lang='lat' dir='ltr'>Ecclesiam</span> <span class='ocrx_word' id='word_1_153' title='bbox 1860 1913 2108 1964; x_wconf 86' lang='lat' dir='ltr'>Orienta-</span> 
     </span>
    </p>
   </div>
   <div class='ocr_carea' id='block_1_24' title="bbox 470 1979 2103 2048">
    <p class='ocr_par' dir='ltr' id='par_1_24' title="bbox 470 1979 2103 2048">
     <span class='ocr_line' id='line_1_25' title="bbox 470 1979 2103 2048; baseline 0 -16"><span class='ocrx_word' id='word_1_154' title='bbox 470 1979 582 2032; x_wconf 91' lang='lat' dir='ltr'>Iem</span> <span class='ocrx_word' id='word_1_155' title='bbox 623 1983 944 2046; x_wconf 78' lang='lat' dir='ltr'>permeavit.</span> <span class='ocrx_word' id='word_1_156' title='bbox 978 1983 1060 2034; x_wconf 92' lang='lat' dir='ltr'>De</span> <span class='ocrx_word' id='word_1_157' title='bbox 1088 1983 1184 2034; x_wconf 90' lang='lat' dir='ltr'>illo</span> <span class='ocrx_word' id='word_1_158' title='bbox 1229 1984 1375 2034; x_wconf 89' lang='lat' dir='ltr'>enim</span> <span class='ocrx_word' id='word_1_159' title='bbox 1405 1984 1475 2034; x_wconf 94' lang='lat' dir='ltr'>D.</span> <span class='ocrx_word' id='word_1_160' title='bbox 1514 1984 1800 2048; x_wconf 77' lang='lat' dir='ltr'>Chrysost.</span> <span class='ocrx_word' id='word_1_161' title='bbox 1836 1985 1892 2033; x_wconf 90' lang='lat' dir='ltr'>in</span> <span class='ocrx_word' id='word_1_162' title='bbox 1944 1983 2103 2047; x_wconf 82' lang='lat' dir='ltr'>Epist.</span> 
     </span>
    </p>
   </div>
   <div class='ocr_carea' id='block_1_25' title="bbox 470 2054 2109 2120">
    <p class='ocr_par' dir='ltr' id='par_1_25' title="bbox 470 2054 2109 2120">
     <span class='ocr_line' id='line_1_26' title="bbox 470 2054 2109 2120; baseline -0.001 -16"><span class='ocrx_word' id='word_1_163' title='bbox 470 2054 544 2104; x_wconf 87' lang='lat' dir='ltr'>ad</span> <span class='ocrx_word' id='word_1_164' title='bbox 586 2054 762 2118; x_wconf 84' lang='lat' dir='ltr'>Ephes.</span> <span class='ocrx_word' id='word_1_165' title='bbox 810 2054 985 2105; x_wconf 87' lang='lat' dir='ltr'>Serm.</span> <span class='ocrx_word' id='word_1_166' title='bbox 1045 2056 1122 2115; x_wconf 81' lang='lat' dir='ltr'>It,</span> <span class='ocrx_word' id='word_1_167' title='bbox 1169 2055 1282 2105; x_wconf 91' lang='lat' dir='ltr'>huc</span> <span class='ocrx_word' id='word_1_168' title='bbox 1333 2057 1638 2120; x_wconf 88' lang='lat' dir='ltr'>respiciens</span> <span class='ocrx_word' id='word_1_169' title='bbox 1677 2057 1792 2104; x_wconf 88' lang='lat' dir='ltr'>ait:</span> <span class='ocrx_word' id='word_1_170' title='bbox 1857 2055 1993 2119; x_wconf 82' lang='grc' dir='ltr'>Ἀνήρ</span> <span class='ocrx_word' id='word_1_171' title='bbox 2039 2071 2109 2110; x_wconf 81' lang='grc' dir='ltr'>τις</span> 
     </span>
    </p>
   </div>
   <div class='ocr_carea' id='block_1_26' title="bbox 471 2123 2110 2192">
    <p class='ocr_par' dir='ltr' id='par_1_26' title="bbox 471 2123 2110 2192">
     <span class='ocr_line' id='line_1_27' title="bbox 471 2123 2110 2192; baseline 0.001 -20"><span class='ocrx_word' id='word_1_172' title='bbox 471 2124 608 2185; x_wconf 84' lang='grc' dir='ltr'>ἇγῖος</span> <span class='ocrx_word' id='word_1_173' title='bbox 655 2125 756 2173; x_wconf 65' lang='lat' dir='ltr'>sini</span> <span class='ocrx_word' id='word_1_174' title='bbox 805 2142 850 2172; x_wconf 84' lang='grc' dir='ltr'><strong>τι</strong></span> <span class='ocrx_word' id='word_1_175' title='bbox 897 2123 1068 2173; x_wconf 75' lang='grc' dir='ltr'>δοκὸὒν</span> <span class='ocrx_word' id='word_1_176' title='bbox 1124 2125 1247 2174; x_wconf 80' lang='grc' dir='ltr'><strong>εἶναι</strong></span> <span class='ocrx_word' id='word_1_177' title='bbox 1310 2127 1543 2192; x_wconf 80' lang='grc' dir='ltr'>τολπηρὸν</span> <span class='ocrx_word' id='word_1_178' title='bbox 1567 2164 1580 2186; x_wconf 86' lang='grc'>,</span> <span class='ocrx_word' id='word_1_179' title='bbox 1630 2127 1750 2183; x_wconf 82' lang='grc' dir='ltr'>πλὴν</span> <span class='ocrx_word' id='word_1_180' title='bbox 1817 2126 1920 2175; x_wconf 80' lang='grc' dir='ltr'>ἀλλ’</span> <span class='ocrx_word' id='word_1_181' title='bbox 1980 2126 2110 2188; x_wconf 83' lang='grc' dir='ltr'><strong>ὅμῶς</strong></span> 
     </span>
    </p>
   </div>
   <div class='ocr_carea' id='block_1_27' title="bbox 472 2194 2111 2262">
    <p class='ocr_par' dir='ltr' id='par_1_27' title="bbox 472 2194 2111 2262">
     <span class='ocr_line' id='line_1_28' title="bbox 472 2194 2111 2262; baseline 0.001 -19"><span class='ocrx_word' id='word_1_182' title='bbox 472 2194 716 2256; x_wconf 71' lang='grc' dir='ltr'>ἐφθέγξατο</span> <span class='ocrx_word' id='word_1_183' title='bbox 795 2195 839 2244; x_wconf 87' lang='grc' dir='ltr'><strong>τί</strong></span> <span class='ocrx_word' id='word_1_184' title='bbox 911 2196 971 2254; x_wconf 82' lang='grc' dir='ltr'><strong>δή</strong></span> <span class='ocrx_word' id='word_1_185' title='bbox 1048 2196 1192 2245; x_wconf 88' lang='grc' dir='ltr'><strong>τουτὸ</strong></span> <span class='ocrx_word' id='word_1_186' title='bbox 1259 2197 1415 2260; x_wconf 63' lang='lat' dir='ltr'>iactv;</span> <span class='ocrx_word' id='word_1_187' title='bbox 1473 2197 1584 2247; x_wconf 80' lang='grc' dir='ltr'>οὐδὲ</span> <span class='ocrx_word' id='word_1_188' title='bbox 1654 2197 1912 2262; x_wconf 79' lang='grc' dir='ltr'>μαρτυρίου</span> <span class='ocrx_word' id='word_1_189' title='bbox 1989 2199 2111 2260; x_wconf 79' lang='grc' dir='ltr'><strong>αἷμα</strong></span> 
     </span>
    </p>
   </div>
   <div class='ocr_carea' id='block_1_28' title="bbox 471 2266 2106 2334">
    <p class='ocr_par' dir='ltr' id='par_1_28' title="bbox 471 2266 2106 2334">
     <span class='ocr_line' id='line_1_29' title="bbox 471 2266 2106 2334; baseline 0.001 -20"><span class='ocrx_word' id='word_1_190' title='bbox 471 2266 644 2324; x_wconf 81' lang='grc' dir='ltr'>ταύτην</span> <span class='ocrx_word' id='word_1_191' title='bbox 751 2267 977 2316; x_wconf 78' lang='grc' dir='ltr'><strong>δύνασθαι</strong></span> <span class='ocrx_word' id='word_1_192' title='bbox 1085 2266 1336 2331; x_wconf 76' lang='grc' dir='ltr'>ἐξαλείφειν</span> <span class='ocrx_word' id='word_1_193' title='bbox 1422 2269 1504 2325; x_wconf 82' lang='grc' dir='ltr'>τὴν</span> <span class='ocrx_word' id='word_1_194' title='bbox 1585 2269 1823 2334; x_wconf 80' lang='grc' dir='ltr'>ἁμαρτίαν</span> <span class='ocrx_word' id='word_1_195' title='bbox 1919 2268 2106 2331; x_wconf 76' lang='grc' dir='ltr'>ἔφησεν.</span> 
     </span>
    </p>
   </div>
   <div class='ocr_carea' id='block_1_29' title="bbox 475 2338 2108 2404">
    <p class='ocr_par' dir='ltr' id='par_1_29' title="bbox 475 2338 2108 2404">
     <span class='ocr_line' id='line_1_30' title="bbox 475 2338 2108 2404; baseline 0.001 -16"><span class='ocrx_word' id='word_1_196' title='bbox 475 2338 759 2399; x_wconf 87' lang='lat' dir='ltr'>Quantum</span> <span class='ocrx_word' id='word_1_197' title='bbox 794 2339 950 2388; x_wconf 82' lang='lat' dir='ltr'>nefas</span> <span class='ocrx_word' id='word_1_198' title='bbox 997 2343 1051 2389; x_wconf 90' lang='lat' dir='ltr'>et</span> <span class='ocrx_word' id='word_1_199' title='bbox 1086 2352 1313 2403; x_wconf 89' lang='lat' dir='ltr'>prorsus</span> <span class='ocrx_word' id='word_1_200' title='bbox 1362 2339 1698 2404; x_wconf 85' lang='lat' dir='ltr'>inexpiabile</span> <span class='ocrx_word' id='word_1_201' title='bbox 1747 2341 1820 2390; x_wconf 89' lang='lat' dir='ltr'>sit</span> <span class='ocrx_word' id='word_1_202' title='bbox 1849 2340 2108 2397; x_wconf 90' lang='lat' dir='ltr'>schisma,</span> 
     </span>
    </p>
   </div>
   <div class='ocr_carea' id='block_1_30' title="bbox 473 2409 2113 2475">
    <p class='ocr_par' dir='ltr' id='par_1_30' title="bbox 473 2409 2113 2475">
     <span class='ocr_line' id='line_1_31' title="bbox 473 2409 2113 2475; baseline 0.002 -17"><span class='ocrx_word' id='word_1_203' title='bbox 473 2410 672 2474; x_wconf 86' lang='lat' dir='ltr'>reliqui</span> <span class='ocrx_word' id='word_1_204' title='bbox 724 2411 910 2460; x_wconf 86' lang='lat' dir='ltr'>Patres</span> <span class='ocrx_word' id='word_1_205' title='bbox 955 2424 1058 2460; x_wconf 90' lang='lat' dir='ltr'>nos</span> <span class='ocrx_word' id='word_1_206' title='bbox 1102 2411 1310 2475; x_wconf 90' lang='lat' dir='ltr'>passim</span> <span class='ocrx_word' id='word_1_207' title='bbox 1357 2410 1576 2462; x_wconf 91' lang='lat' dir='ltr'>docent.</span> <span class='ocrx_word' id='word_1_208' title='bbox 1633 2411 1808 2463; x_wconf 86' lang='lat' dir='ltr'>Clem.</span> <span class='ocrx_word' id='word_1_209' title='bbox 1857 2411 2002 2475; x_wconf 85' lang='lat' dir='ltr'>epist.</span> <span class='ocrx_word' id='word_1_210' title='bbox 2040 2409 2113 2461; x_wconf 86' lang='lat' dir='ltr'>ad</span> 
     </span>
    </p>
   </div>
   <div class='ocr_carea' id='block_1_31' title="bbox 474 2481 2108 2547">
    <p class='ocr_par' dir='ltr' id='par_1_31' title="bbox 474 2481 2108 2547">
     <span class='ocr_line' id='line_1_32' title="bbox 474 2481 2108 2547; baseline -0.002 -12"><span class='ocrx_word' id='word_1_211' title='bbox 474 2481 734 2539; x_wconf 72' lang='lat' dir='ltr'>Corinth,</span> <span class='ocrx_word' id='word_1_212' title='bbox 787 2483 960 2545; x_wconf 90' lang='lat' dir='ltr'>Ignat.</span> <span class='ocrx_word' id='word_1_213' title='bbox 1014 2482 1161 2545; x_wconf 80' lang='lat' dir='ltr'>epist.</span> <span class='ocrx_word' id='word_1_214' title='bbox 1225 2481 1298 2532; x_wconf 88' lang='lat' dir='ltr'>ad</span> <span class='ocrx_word' id='word_1_215' title='bbox 1336 2483 1548 2547; x_wconf 84' lang='lat' dir='ltr'>Smyrn.</span> <span class='ocrx_word' id='word_1_216' title='bbox 1617 2488 1663 2532; x_wconf 89' lang='lat' dir='ltr'>et</span> <span class='ocrx_word' id='word_1_217' title='bbox 1712 2482 1918 2545; x_wconf 76' lang='lat' dir='ltr'>Eph68.,</span> <span class='ocrx_word' id='word_1_218' title='bbox 1965 2483 2108 2533; x_wconf 92' lang='lat' dir='ltr'>Iren.</span> 
     </span>
    </p>
   </div>
   <div class='ocr_carea' id='block_1_32' title="bbox 477 2553 2113 2618">
    <p class='ocr_par' dir='ltr' id='par_1_32' title="bbox 477 2553 2113 2618">
     <span class='ocr_line' id='line_1_33' title="bbox 477 2553 2113 2618; baseline 0 -16"><span class='ocrx_word' id='word_1_219' title='bbox 477 2553 514 2602; x_wconf 93' lang='lat' dir='ltr'>l.</span> <span class='ocrx_word' id='word_1_220' title='bbox 543 2565 620 2614; x_wconf 84' lang='lat' dir='ltr'><strong>IV,</strong></span> <span class='ocrx_word' id='word_1_221' title='bbox 647 2567 698 2603; x_wconf 89' lang='lat' dir='ltr'>c.</span> <span class='ocrx_word' id='word_1_222' title='bbox 731 2554 812 2616; x_wconf 72' lang='lat'>62,</span> <span class='ocrx_word' id='word_1_223' title='bbox 853 2554 1087 2618; x_wconf 84' lang='lat' dir='ltr'>Dionys.</span> <span class='ocrx_word' id='word_1_224' title='bbox 1127 2553 1287 2604; x_wconf 85' lang='lat' dir='ltr'>Alex.</span> <span class='ocrx_word' id='word_1_225' title='bbox 1339 2567 1427 2617; x_wconf 90' lang='lat' dir='ltr'>ap.</span> <span class='ocrx_word' id='word_1_226' title='bbox 1480 2554 1684 2604; x_wconf 88' lang='lat' dir='ltr'>Euseb.</span> <span class='ocrx_word' id='word_1_227' title='bbox 1724 2554 1761 2603; x_wconf 93' lang='lat' dir='ltr'>l.</span> <span class='ocrx_word' id='word_1_228' title='bbox 1806 2568 1885 2616; x_wconf 76' lang='lat' dir='ltr'>v1,</span> <span class='ocrx_word' id='word_1_229' title='bbox 1931 2568 1978 2604; x_wconf 92' lang='lat' dir='ltr'>c.</span> <span class='ocrx_word' id='word_1_230' title='bbox 2032 2554 2113 2604; x_wconf 73' lang='lat'>45.</span> 
     </span>
    </p>
   </div>
   <div class='ocr_carea' id='block_1_33' title="bbox 475 2623 2115 2688">
    <p class='ocr_par' dir='ltr' id='par_1_33' title="bbox 475 2623 2115 2688">
     <span class='ocr_line' id='line_1_34' title="bbox 475 2623 2115 2688; baseline 0.001 -14"><span class='ocrx_word' id='word_1_231' title='bbox 475 2623 783 2674; x_wconf 89' lang='lat' dir='ltr'>Firmilian.</span> <span class='ocrx_word' id='word_1_232' title='bbox 821 2625 970 2688; x_wconf 88' lang='lat' dir='ltr'>epist.</span> <span class='ocrx_word' id='word_1_233' title='bbox 1021 2624 1092 2674; x_wconf 86' lang='lat' dir='ltr'>ad</span> <span class='ocrx_word' id='word_1_234' title='bbox 1135 2625 1312 2688; x_wconf 78' lang='lat' dir='ltr'>Cypr.,</span> <span class='ocrx_word' id='word_1_235' title='bbox 1349 2625 1529 2688; x_wconf 86' lang='lat' dir='ltr'>Optat.</span> <span class='ocrx_word' id='word_1_236' title='bbox 1575 2625 1612 2674; x_wconf 96' lang='lat' dir='ltr'>I.</span> <span class='ocrx_word' id='word_1_237' title='bbox 1659 2638 1692 2674; x_wconf 85' lang='grc' dir='ltr'><strong>ι.</strong></span> <span class='ocrx_word' id='word_1_238' title='bbox 1747 2624 2006 2688; x_wconf 87' lang='lat' dir='ltr'>Fulgent.</span> <span class='ocrx_word' id='word_1_239' title='bbox 2045 2624 2115 2675; x_wconf 86' lang='lat' dir='ltr'>ad</span> 
     </span>
    </p>
   </div>
   <div class='ocr_carea' id='block_1_34' title="bbox 475 2695 2114 2759">
    <p class='ocr_par' dir='ltr' id='par_1_34' title="bbox 475 2695 2114 2759">
     <span class='ocr_line' id='line_1_35' title="bbox 475 2695 2114 2759; baseline -0.002 -11"><span class='ocrx_word' id='word_1_240' title='bbox 475 2697 699 2748; x_wconf 83' lang='lat' dir='ltr'>Monim.</span> <span class='ocrx_word' id='word_1_241' title='bbox 745 2696 781 2746; x_wconf 93' lang='lat' dir='ltr'>l.</span> <span class='ocrx_word' id='word_1_242' title='bbox 825 2709 883 2751; x_wconf 86' lang='grc' dir='ltr'>ιι,</span> <span class='ocrx_word' id='word_1_243' title='bbox 927 2697 1162 2759; x_wconf 91' lang='lat' dir='ltr'>August.</span> <span class='ocrx_word' id='word_1_244' title='bbox 1207 2702 1376 2746; x_wconf 84' lang='lat' dir='ltr'>contr.</span> <span class='ocrx_word' id='word_1_245' title='bbox 1417 2697 1594 2746; x_wconf 86' lang='lat' dir='ltr'>Parm.</span> <span class='ocrx_word' id='word_1_246' title='bbox 1637 2695 1675 2744; x_wconf 89' lang='grc' dir='ltr'><strong>ι.</strong></span> <span class='ocrx_word' id='word_1_247' title='bbox 1709 2709 1765 2753; x_wconf 85' lang='grc' dir='ltr'>ιι,</span> <span class='ocrx_word' id='word_1_248' title='bbox 1803 2709 1852 2746; x_wconf 93' lang='lat' dir='ltr'>c.</span> <span class='ocrx_word' id='word_1_249' title='bbox 1896 2695 1947 2755; x_wconf 67' lang='lat'>3,</span> <span class='ocrx_word' id='word_1_250' title='bbox 1977 2695 2114 2744; x_wconf 87' lang='lat' dir='ltr'>Vin-</span> 
     </span>
    </p>
   </div>
   <div class='ocr_carea' id='block_1_35' title="bbox 476 2765 2114 2832">
    <p class='ocr_par' dir='ltr' id='par_1_35' title="bbox 476 2765 2114 2832">
     <span class='ocr_line' id='line_1_36' title="bbox 476 2765 2114 2832; baseline -0.001 -15"><span class='ocrx_word' id='word_1_251' title='bbox 476 2771 623 2817; x_wconf 91' lang='lat' dir='ltr'>cent.</span> <span class='ocrx_word' id='word_1_252' title='bbox 660 2767 826 2818; x_wconf 89' lang='lat' dir='ltr'>Lirin.</span> <span class='ocrx_word' id='word_1_253' title='bbox 857 2781 907 2818; x_wconf 95' lang='lat' dir='ltr'>c.</span> <span class='ocrx_word' id='word_1_254' title='bbox 933 2767 1013 2825; x_wconf 72' lang='grc'>34,</span> <span class='ocrx_word' id='word_1_255' title='bbox 1063 2767 1248 2832; x_wconf 89' lang='lat' dir='ltr'>Prosp.</span> <span class='ocrx_word' id='word_1_256' title='bbox 1295 2767 1359 2817; x_wconf 83' lang='lat' dir='ltr'>de</span> <span class='ocrx_word' id='word_1_257' title='bbox 1398 2768 1570 2818; x_wconf 90' lang='lat' dir='ltr'>Prom.</span> <span class='ocrx_word' id='word_1_258' title='bbox 1609 2772 1655 2816; x_wconf 87' lang='lat' dir='ltr'>et</span> <span class='ocrx_word' id='word_1_259' title='bbox 1693 2766 1927 2831; x_wconf 67' lang='lat' dir='ltr'>praedici.</span> <span class='ocrx_word' id='word_1_260' title='bbox 1965 2765 2114 2830; x_wconf 79' lang='lat' dir='ltr'>impl.</span> 
     </span>
    </p>
   </div>
   <div class='ocr_carea' id='block_1_36' title="bbox 475 2839 609 2888">
    <p class='ocr_par' dir='ltr' id='par_1_36' title="bbox 475 2839 609 2888">
     <span class='ocr_line' id='line_1_37' title="bbox 475 2839 609 2888; baseline -0.015 0"><span class='ocrx_word' id='word_1_261' title='bbox 475 2849 523 2888; x_wconf 93' lang='lat' dir='ltr'>c.</span> <span class='ocrx_word' id='word_1_262' title='bbox 559 2839 609 2888; x_wconf 74' lang='lat'><strong>5.</strong></span> 
     </span>
    </p>
   </div>
   <div class='ocr_carea' id='block_1_37' title="bbox 538 2927 2118 2978">
    <p class='ocr_par' dir='ltr' id='par_1_37' title="bbox 538 2927 2118 2978">
     <span class='ocr_line' id='line_1_38' title="bbox 538 2927 2118 2978; baseline -0.001 -1"><span class='ocrx_word' id='word_1_263' title='bbox 538 2927 659 2977; x_wconf 88' lang='lat' dir='ltr'>XV.</span> <span class='ocrx_word' id='word_1_264' title='bbox 697 2953 762 2964; x_wconf 93' lang='lat'><strong>—</strong></span> <span class='ocrx_word' id='word_1_265' title='bbox 807 2929 1000 2978; x_wconf 75' lang='lat' dir='ltr'>Merita</span> <span class='ocrx_word' id='word_1_266' title='bbox 1040 2931 1230 2978; x_wconf 82' lang='lat' dir='ltr'>nostra</span> <span class='ocrx_word' id='word_1_267' title='bbox 1275 2927 1583 2978; x_wconf 77' lang='lat' dir='ltr'>mercedem.</span> <span class='ocrx_word' id='word_1_268' title='bbox 1635 2927 1847 2978; x_wconf 88' lang='lat' dir='ltr'>Merces</span> <span class='ocrx_word' id='word_1_269' title='bbox 1898 2927 2001 2976; x_wconf 89' lang='lat' dir='ltr'>ista</span> <span class='ocrx_word' id='word_1_270' title='bbox 2047 2939 2118 2976; x_wconf 82' lang='lat' dir='ltr'>ex</span> 
     </span>
    </p>
   </div>
   <div class='ocr_carea' id='block_1_38' title="bbox 477 2999 2115 3063">
    <p class='ocr_par' dir='ltr' id='par_1_38' title="bbox 477 2999 2115 3063">
     <span class='ocr_line' id='line_1_39' title="bbox 477 2999 2115 3063; baseline -0.002 -13"><span class='ocrx_word' id='word_1_271' title='bbox 477 2999 581 3050; x_wconf 90' lang='lat' dir='ltr'>Dei</span> <span class='ocrx_word' id='word_1_272' title='bbox 628 2999 1006 3062; x_wconf 65' lang='lat' dir='ltr'>beneplacito,</span> <span class='ocrx_word' id='word_1_273' title='bbox 1045 3000 1141 3063; x_wconf 87' lang='lat' dir='ltr'>qui</span> <span class='ocrx_word' id='word_1_274' title='bbox 1188 3013 1290 3050; x_wconf 89' lang='lat' dir='ltr'>sua</span> <span class='ocrx_word' id='word_1_275' title='bbox 1345 2999 1488 3050; x_wconf 92' lang='lat' dir='ltr'>dona</span> <span class='ocrx_word' id='word_1_276' title='bbox 1544 2999 1600 3050; x_wconf 90' lang='lat' dir='ltr'>in</span> <span class='ocrx_word' id='word_1_277' title='bbox 1653 2999 1816 3050; x_wconf 89' lang='lat' dir='ltr'>nobis</span> <span class='ocrx_word' id='word_1_278' title='bbox 1871 3002 2115 3048; x_wconf 88' lang='lat' dir='ltr'>coronat.</span> 
     </span>
    </p>
   </div>
   <div class='ocr_carea' id='block_1_39' title="bbox 479 3069 2118 3134">
    <p class='ocr_par' dir='ltr' id='par_1_39' title="bbox 479 3069 2118 3134">
     <span class='ocr_line' id='line_1_40' title="bbox 479 3069 2118 3134; baseline -0.001 -14"><span class='ocrx_word' id='word_1_279' title='bbox 479 3069 716 3132; x_wconf 79' lang='lat' dir='ltr'>Quando</span> <span class='ocrx_word' id='word_1_280' title='bbox 763 3069 832 3119; x_wconf 87' lang='lat' dir='ltr'>de</span> <span class='ocrx_word' id='word_1_281' title='bbox 873 3070 1074 3120; x_wconf 82' lang='lat' dir='ltr'>meritis</span> <span class='ocrx_word' id='word_1_282' title='bbox 1107 3070 1254 3134; x_wconf 90' lang='lat' dir='ltr'>apud</span> <span class='ocrx_word' id='word_1_283' title='bbox 1298 3075 1577 3121; x_wconf 86' lang='lat' dir='ltr'>auctorem</span> <span class='ocrx_word' id='word_1_284' title='bbox 1617 3074 1866 3121; x_wconf 89' lang='lat' dir='ltr'>nostrum</span> <span class='ocrx_word' id='word_1_285' title='bbox 1909 3070 2118 3121; x_wconf 88' lang='lat' dir='ltr'>mentio</span> 
     </span>
    </p>
   </div>
   <div class='ocr_carea' id='block_1_40' title="bbox 479 3141 2191 3222">
    <p class='ocr_par' dir='ltr' id='par_1_40' title="bbox 479 3141 2191 3222">
     <span class='ocr_line' id='line_1_41' title="bbox 479 3141 2191 3222; baseline -0.001 -31"><span class='ocrx_word' id='word_1_286' title='bbox 479 3141 738 3222; x_wconf 71' lang='lat' dir='ltr'>habetur,</span> <span class='ocrx_word' id='word_1_287' title='bbox 781 3141 1179 3222; x_wconf 63' lang='lat' dir='ltr'>recurrentium</span> <span class='ocrx_word' id='word_1_288' title='bbox 1219 3145 1304 3192; x_wconf 90' lang='lat' dir='ltr'>est</span> <span class='ocrx_word' id='word_1_289' title='bbox 1336 3142 1404 3192; x_wconf 91' lang='lat' dir='ltr'>ad</span> <span class='ocrx_word' id='word_1_290' title='bbox 1444 3142 1946 3222; x_wconf 78' lang='lat' dir='ltr'>celebratissimum</span> <span class='ocrx_word' id='word_1_291' title='bbox 1993 3142 2191 3222; x_wconf 57' lang='lat' dir='ltr'>eiusc</span> 
     </span>
    </p>
   </div>
   <div class='ocr_carea' id='block_1_41' title="bbox 478 3212 2114 3276">
    <p class='ocr_par' dir='ltr' id='par_1_41' title="bbox 478 3212 2114 3276">
     <span class='ocr_line' id='line_1_42' title="bbox 478 3212 2114 3276; baseline -0.001 -14"><span class='ocrx_word' id='word_1_292' title='bbox 478 3212 704 3273; x_wconf 87' lang='lat' dir='ltr'>lemma,</span> <span class='ocrx_word' id='word_1_293' title='bbox 731 3227 762 3262; x_wconf 90' lang='lat' dir='ltr'>a</span> <span class='ocrx_word' id='word_1_294' title='bbox 795 3213 863 3262; x_wconf 96' lang='lat' dir='ltr'>D.</span> <span class='ocrx_word' id='word_1_295' title='bbox 892 3213 1225 3276; x_wconf 77' lang='lat' dir='ltr'>Augustino,</span> <span class='ocrx_word' id='word_1_296' title='bbox 1261 3217 1526 3276; x_wconf 88' lang='lat' dir='ltr'>tanquam</span> <span class='ocrx_word' id='word_1_297' title='bbox 1575 3213 1870 3262; x_wconf 90' lang='lat' dir='ltr'>oraculum</span> <span class='ocrx_word' id='word_1_298' title='bbox 1907 3213 2114 3275; x_wconf 69' lang='lat' dir='ltr'>saepius</span> 
     </span>
    </p>
   </div>
   <div class='ocr_carea' id='block_1_42' title="bbox 478 3283 2116 3346">
    <p class='ocr_par' dir='ltr' id='par_1_42' title="bbox 478 3283 2116 3346">
     <span class='ocr_line' id='line_1_43' title="bbox 478 3283 2116 3346; baseline -0.001 -13"><span class='ocrx_word' id='word_1_299' title='bbox 478 3283 766 3334; x_wconf 87' lang='lat' dir='ltr'>laudatum</span> <span class='ocrx_word' id='word_1_300' title='bbox 795 3285 832 3333; x_wconf 94' lang='lat' dir='ltr'>l.</span> <span class='ocrx_word' id='word_1_301' title='bbox 861 3297 938 3346; x_wconf 88' lang='lat' dir='ltr'>Ill,</span> <span class='ocrx_word' id='word_1_302' title='bbox 975 3283 1046 3332; x_wconf 90' lang='lat' dir='ltr'>ad</span> <span class='ocrx_word' id='word_1_303' title='bbox 1091 3283 1298 3344; x_wconf 84' lang='lat' dir='ltr'>Quirin.</span> <span class='ocrx_word' id='word_1_304' title='bbox 1325 3297 1374 3332; x_wconf 93' lang='lat' dir='ltr'>c.</span> <span class='ocrx_word' id='word_1_305' title='bbox 1404 3285 1434 3332; x_wconf 83' lang='grc'><strong>4</strong></span> <span class='ocrx_word' id='word_1_306' title='bbox 1467 3298 1480 3332; x_wconf 89' lang='lat'>:</span> <span class='ocrx_word' id='word_1_307' title='bbox 1513 3301 1541 3328; x_wconf 83' lang='lat'><strong>«</strong></span> <span class='ocrx_word' id='word_1_308' title='bbox 1572 3283 1635 3332; x_wconf 91' lang='lat' dir='ltr'><strong>In</strong></span> <span class='ocrx_word' id='word_1_309' title='bbox 1679 3283 1836 3333; x_wconf 90' lang='lat' dir='ltr'>nullo</span> <span class='ocrx_word' id='word_1_310' title='bbox 1875 3283 2116 3346; x_wconf 89' lang='lat' dir='ltr'>glorian-</span> 
     </span>
    </p>
   </div>
   <div class='ocr_carea' id='block_1_43' title="bbox 478 3353 1514 3418">
    <p class='ocr_par' dir='ltr' id='par_1_43' title="bbox 478 3353 1514 3418">
     <span class='ocr_line' id='line_1_44' title="bbox 478 3353 1514 3418; baseline -0.004 -14"><span class='ocrx_word' id='word_1_311' title='bbox 478 3354 631 3415; x_wconf 89' lang='lat' dir='ltr'>dum,</span> <span class='ocrx_word' id='word_1_312' title='bbox 657 3355 882 3418; x_wconf 87' lang='lat' dir='ltr'>quando</span> <span class='ocrx_word' id='word_1_313' title='bbox 907 3359 1156 3405; x_wconf 89' lang='lat' dir='ltr'>nostrum</span> <span class='ocrx_word' id='word_1_314' title='bbox 1187 3353 1326 3403; x_wconf 86' lang='lat' dir='ltr'>nihil</span> <span class='ocrx_word' id='word_1_315' title='bbox 1362 3354 1452 3404; x_wconf 89' lang='lat' dir='ltr'>sit.</span> <span class='ocrx_word' id='word_1_316' title='bbox 1485 3371 1514 3400; x_wconf 86' lang='lat'><strong><em>»</em></strong></span> 
     </span>
    </p>
   </div>
   <div class='ocr_carea' id='block_1_44' title="bbox 544 3424 2118 3489">
    <p class='ocr_par' dir='ltr' id='par_1_44' title="bbox 544 3424 2118 3489">
     <span class='ocr_line' id='line_1_45' title="bbox 544 3424 2118 3489; baseline -0.001 -13"><span class='ocrx_word' id='word_1_317' title='bbox 544 3426 854 3489; x_wconf 82' lang='lat' dir='ltr'>Compendio</span> <span class='ocrx_word' id='word_1_318' title='bbox 877 3427 1161 3476; x_wconf 77' lang='lat' dir='ltr'>breviante.</span> <span class='ocrx_word' id='word_1_319' title='bbox 1179 3424 1444 3475; x_wconf 87' lang='lat' dir='ltr'>Eamdem</span> <span class='ocrx_word' id='word_1_320' title='bbox 1473 3425 1698 3489; x_wconf 87' lang='lat' dir='ltr'>phrasin</span> <span class='ocrx_word' id='word_1_321' title='bbox 1732 3425 1898 3476; x_wconf 86' lang='lat' dir='ltr'>habet</span> <span class='ocrx_word' id='word_1_322' title='bbox 1925 3429 2118 3476; x_wconf 89' lang='lat' dir='ltr'>auctor</span> 
     </span>
    </p>
   </div>
   <div class='ocr_carea' id='block_1_45' title="bbox 479 3495 1804 3560">
    <p class='ocr_par' dir='ltr' id='par_1_45' title="bbox 479 3495 1804 3560">
     <span class='ocr_line' id='line_1_46' title="bbox 479 3495 1804 3560; baseline 0.001 -14"><span class='ocrx_word' id='word_1_323' title='bbox 479 3500 682 3552; x_wconf 88' lang='lat' dir='ltr'>noster,</span> <span class='ocrx_word' id='word_1_324' title='bbox 707 3498 764 3546; x_wconf 90' lang='lat' dir='ltr'>in</span> <span class='ocrx_word' id='word_1_325' title='bbox 802 3497 1130 3548; x_wconf 66' lang='lat' dir='ltr'>Prasiatlone</span> <span class='ocrx_word' id='word_1_326' title='bbox 1151 3496 1310 3560; x_wconf 88' lang='lat' dir='ltr'>primi</span> <span class='ocrx_word' id='word_1_327' title='bbox 1335 3495 1460 3546; x_wconf 88' lang='lat' dir='ltr'>libri</span> <span class='ocrx_word' id='word_1_328' title='bbox 1491 3496 1562 3547; x_wconf 90' lang='lat' dir='ltr'>ad</span> <span class='ocrx_word' id='word_1_329' title='bbox 1591 3497 1804 3558; x_wconf 84' lang='lat' dir='ltr'>Quirin.</span> 
     </span>
    </p>
   </div>
   <div class='ocr_carea' id='block_1_46' title="bbox 541 3585 2116 3651">
    <p class='ocr_par' dir='ltr' id='par_1_46' title="bbox 541 3585 2116 3651">
     <span class='ocr_line' id='line_1_47' title="bbox 541 3585 2116 3651; baseline -0.001 -16"><span class='ocrx_word' id='word_1_330' title='bbox 541 3586 691 3636; x_wconf 91' lang='lat' dir='ltr'><strong>XVI.</strong></span> <span class='ocrx_word' id='word_1_331' title='bbox 717 3613 769 3620; x_wconf 94' lang='lat'><strong>—</strong></span> <span class='ocrx_word' id='word_1_332' title='bbox 804 3586 1058 3636; x_wconf 75' lang='lat' dir='ltr'>Habentes</span> <span class='ocrx_word' id='word_1_333' title='bbox 1083 3585 1515 3647; x_wconf 78' lang='lat' dir='ltr'>deformationem</span> <span class='ocrx_word' id='word_1_334' title='bbox 1555 3587 1847 3650; x_wconf 78' lang='lat' dir='ltr'>religionis.</span> <span class='ocrx_word' id='word_1_335' title='bbox 1889 3586 2116 3651; x_wconf 83' lang='grc' dir='ltr'>Μὸρωσιν</span> 
     </span>
    </p>
   </div>
   <div class='ocr_carea' id='block_1_47' title="bbox 478 3655 2116 3722">
    <p class='ocr_par' dir='ltr' id='par_1_47' title="bbox 478 3655 2116 3722">
     <span class='ocr_line' id='line_1_48' title="bbox 478 3655 2116 3722; baseline 0.002 -18"><span class='ocrx_word' id='word_1_336' title='bbox 478 3655 742 3718; x_wconf 52' lang='lat' dir='ltr'>stateem,</span> <span class='ocrx_word' id='word_1_337' title='bbox 773 3657 957 3722; x_wconf 89' lang='lat' dir='ltr'>inquit</span> <span class='ocrx_word' id='word_1_338' title='bbox 999 3657 1315 3721; x_wconf 87' lang='lat' dir='ltr'>Apostolus.</span> <span class='ocrx_word' id='word_1_339' title='bbox 1369 3657 1842 3708; x_wconf 89' lang='lat' dir='ltr'>Deformationem</span> <span class='ocrx_word' id='word_1_340' title='bbox 1881 3671 1979 3721; x_wconf 91' lang='lat' dir='ltr'>pro</span> <span class='ocrx_word' id='word_1_341' title='bbox 2019 3658 2116 3708; x_wconf 88' lang='lat' dir='ltr'>de-</span> 
     </span>
    </p>
   </div>
   <div class='ocr_carea' id='block_1_48' title="bbox 478 3727 2117 3791">
    <p class='ocr_par' dir='ltr' id='par_1_48' title="bbox 478 3727 2117 3791">
     <span class='ocr_line' id='line_1_49' title="bbox 478 3727 2117 3791; baseline -0.001 -14"><span class='ocrx_word' id='word_1_342' title='bbox 478 3729 780 3790; x_wconf 83' lang='lat' dir='ltr'>scriptione</span> <span class='ocrx_word' id='word_1_343' title='bbox 803 3728 1010 3791; x_wconf 70' lang='lat' dir='ltr'>saapius</span> <span class='ocrx_word' id='word_1_344' title='bbox 1040 3728 1196 3791; x_wconf 87' lang='lat' dir='ltr'>ponit</span> <span class='ocrx_word' id='word_1_345' title='bbox 1221 3727 1450 3778; x_wconf 88' lang='lat' dir='ltr'>Tertull.</span> <span class='ocrx_word' id='word_1_346' title='bbox 1479 3742 1539 3776; x_wconf 81' lang='lat'>:«</span> <span class='ocrx_word' id='word_1_347' title='bbox 1570 3727 1873 3791; x_wconf 88' lang='lat' dir='ltr'>Utriusque</span> <span class='ocrx_word' id='word_1_348' title='bbox 1902 3728 2117 3777; x_wconf 85' lang='lat' dir='ltr'>exitum</span> 
     </span>
    </p>
   </div>
   <div class='ocr_carea' id='block_1_49' title="bbox 480 3797 2117 3863">
    <p class='ocr_par' dir='ltr' id='par_1_49' title="bbox 480 3797 2117 3863">
     <span class='ocr_line' id='line_1_50' title="bbox 480 3797 2117 3863; baseline -0.001 -15"><span class='ocrx_word' id='word_1_349' title='bbox 480 3797 815 3858; x_wconf 84' lang='lat' dir='ltr'>deformans,</span> <span class='ocrx_word' id='word_1_350' title='bbox 842 3797 1080 3848; x_wconf 87' lang='lat' dir='ltr'>Herodis</span> <span class='ocrx_word' id='word_1_351' title='bbox 1109 3802 1399 3858; x_wconf 87' lang='lat' dir='ltr'>tormenta,</span> <span class='ocrx_word' id='word_1_352' title='bbox 1425 3802 1476 3848; x_wconf 88' lang='lat' dir='ltr'>et</span> <span class='ocrx_word' id='word_1_353' title='bbox 1507 3799 1739 3848; x_wconf 87' lang='lat' dir='ltr'>Joannis</span> <span class='ocrx_word' id='word_1_354' title='bbox 1773 3799 2117 3863; x_wconf 67' lang='lat' dir='ltr'>refrigeria,»</span> 
     </span>
    </p>
   </div>
   <div class='ocr_carea' id='block_1_50' title="bbox 478 3870 2118 3934">
    <p class='ocr_par' dir='ltr' id='par_1_50' title="bbox 478 3870 2118 3934">
     <span class='ocr_line' id='line_1_51' title="bbox 478 3870 2118 3934; baseline -0.001 -13"><span class='ocrx_word' id='word_1_355' title='bbox 478 3871 610 3921; x_wconf 75' lang='lat' dir='ltr'>Adv.</span> <span class='ocrx_word' id='word_1_356' title='bbox 661 3873 829 3922; x_wconf 73' lang='lat' dir='ltr'>Marc.</span> <span class='ocrx_word' id='word_1_357' title='bbox 867 3871 904 3920; x_wconf 93' lang='lat' dir='ltr'>l.</span> <span class='ocrx_word' id='word_1_358' title='bbox 950 3883 1027 3930; x_wconf 84' lang='lat' dir='ltr'><strong>IV,</strong></span> <span class='ocrx_word' id='word_1_359' title='bbox 1075 3883 1126 3920; x_wconf 82' lang='grc' dir='ltr'><strong>ο.</strong></span> <span class='ocrx_word' id='word_1_360' title='bbox 1171 3871 1273 3930; x_wconf 75' lang='grc'>84;</span> <span class='ocrx_word' id='word_1_361' title='bbox 1318 3885 1350 3918; x_wconf 84' lang='grc'><strong>«</strong></span> <span class='ocrx_word' id='word_1_362' title='bbox 1383 3870 1757 3920; x_wconf 87' lang='lat' dir='ltr'>Simulacrum</span> <span class='ocrx_word' id='word_1_363' title='bbox 1804 3883 1916 3919; x_wconf 92' lang='lat' dir='ltr'>non</span> <span class='ocrx_word' id='word_1_364' title='bbox 1965 3871 2118 3934; x_wconf 87' lang='lat' dir='ltr'>prius</span> 
     </span>
    </p>
   </div>
   <div class='ocr_carea' id='block_1_51' title="bbox 479 3941 1423 4006">
    <p class='ocr_par' dir='ltr' id='par_1_51' title="bbox 479 3941 1423 4006">
     <span class='ocr_line' id='line_1_52' title="bbox 479 3941 1423 4006; baseline -0.002 -14"><span class='ocrx_word' id='word_1_365' title='bbox 479 3942 672 4006; x_wconf 89' lang='lat' dir='ltr'>argilla</span> <span class='ocrx_word' id='word_1_366' title='bbox 701 3944 990 4003; x_wconf 84' lang='lat' dir='ltr'>deformat,</span> <span class='ocrx_word' id='word_1_367' title='bbox 1022 3956 1050 3988; x_wconf 66' lang='grc' dir='ltr'><strong>ιδ</strong></span> <span class='ocrx_word' id='word_1_368' title='bbox 1077 3941 1237 4006; x_wconf 85' lang='lat' dir='ltr'>Apol.</span> <span class='ocrx_word' id='word_1_369' title='bbox 1267 3955 1318 3992; x_wconf 91' lang='lat' dir='ltr'>c.</span> <span class='ocrx_word' id='word_1_370' title='bbox 1349 3941 1423 3992; x_wconf 70' lang='grc'>13.</span> 
     </span>
    </p>
   </div>
   <div class='ocr_carea' id='block_1_52' title="bbox 541 4024 2118 4088">
    <p class='ocr_par' dir='ltr' id='par_1_52' title="bbox 541 4024 2118 4088">
     <span class='ocr_line' id='line_1_53' title="bbox 541 4024 2118 4088; baseline -0.002 -11"><span class='ocrx_word' id='word_1_371' title='bbox 541 4026 716 4077; x_wconf 86' lang='lat' dir='ltr'><strong>XVII.</strong></span> <span class='ocrx_word' id='word_1_372' title='bbox 771 4052 833 4063; x_wconf 96' lang='lat'><strong>—</strong></span> <span class='ocrx_word' id='word_1_373' title='bbox 888 4028 927 4076; x_wconf 79' lang='grc' dir='ltr'><em>Α</em></span> <span class='ocrx_word' id='word_1_374' title='bbox 992 4026 1260 4088; x_wconf 84' lang='lat' dir='ltr'>semetipso</span> <span class='ocrx_word' id='word_1_375' title='bbox 1338 4025 1643 4075; x_wconf 88' lang='lat' dir='ltr'>damnatus.</span> <span class='ocrx_word' id='word_1_376' title='bbox 1713 4024 1877 4074; x_wconf 88' lang='lat' dir='ltr'>Certe</span> <span class='ocrx_word' id='word_1_377' title='bbox 1947 4024 2118 4074; x_wconf 84' lang='lat' dir='ltr'>nullis</span> 
     </span>
    </p>
   </div>
   <div class='ocr_carea' id='block_1_53' title="bbox 478 4095 2119 4161">
    <p class='ocr_par' dir='ltr' id='par_1_53' title="bbox 478 4095 2119 4161">
     <span class='ocr_line' id='line_1_54' title="bbox 478 4095 2119 4161; baseline 0 -14"><span class='ocrx_word' id='word_1_378' title='bbox 478 4098 798 4147; x_wconf 88' lang='lat' dir='ltr'>mortalium</span> <span class='ocrx_word' id='word_1_379' title='bbox 850 4097 1027 4161; x_wconf 90' lang='lat' dir='ltr'>magis</span> <span class='ocrx_word' id='word_1_380' title='bbox 1068 4110 1237 4160; x_wconf 91' lang='lat' dir='ltr'>quam</span> <span class='ocrx_word' id='word_1_381' title='bbox 1289 4097 1504 4147; x_wconf 90' lang='lat' dir='ltr'>Novato</span> <span class='ocrx_word' id='word_1_382' title='bbox 1545 4099 1601 4145; x_wconf 91' lang='lat' dir='ltr'>et</span> <span class='ocrx_word' id='word_1_383' title='bbox 1637 4095 1944 4145; x_wconf 88' lang='lat' dir='ltr'>Novatiano</span> <span class='ocrx_word' id='word_1_384' title='bbox 1994 4096 2119 4147; x_wconf 63' lang='lat' dir='ltr'>haec</span> 
     </span>
    </p>
   </div>
   <div class='ocr_carea' id='block_1_54' title="bbox 479 4167 2118 4233">
    <p class='ocr_par' dir='ltr' id='par_1_54' title="bbox 479 4167 2118 4233">
     <span class='ocr_line' id='line_1_55' title="bbox 479 4167 2118 4233; baseline 0 -16"><span class='ocrx_word' id='word_1_385' title='bbox 479 4169 731 4231; x_wconf 84' lang='lat' dir='ltr'>Apostoli</span> <span class='ocrx_word' id='word_1_386' title='bbox 788 4169 954 4218; x_wconf 67' lang='lat' dir='ltr'>verba</span> <span class='ocrx_word' id='word_1_387' title='bbox 1005 4167 1310 4233; x_wconf 89' lang='lat' dir='ltr'>quadrent;</span> <span class='ocrx_word' id='word_1_388' title='bbox 1361 4167 1437 4217; x_wconf 88' lang='lat' dir='ltr'>illi</span> <span class='ocrx_word' id='word_1_389' title='bbox 1482 4168 1630 4217; x_wconf 89' lang='lat' dir='ltr'>enim</span> <span class='ocrx_word' id='word_1_390' title='bbox 1681 4180 1793 4216; x_wconf 93' lang='lat' dir='ltr'>non</span> <span class='ocrx_word' id='word_1_391' title='bbox 1850 4169 2004 4230; x_wconf 89' lang='lat' dir='ltr'>prius</span> <span class='ocrx_word' id='word_1_392' title='bbox 2047 4167 2118 4218; x_wconf 91' lang='lat' dir='ltr'>ab</span> 
     </span>
    </p>
   </div>
   <div class='ocr_carea' id='block_1_55' title="bbox 481 4238 2120 4303">
    <p class='ocr_par' dir='ltr' id='par_1_55' title="bbox 481 4238 2120 4303">
     <span class='ocr_line' id='line_1_56' title="bbox 481 4238 2120 4303; baseline -0.001 -15"><span class='ocrx_word' id='word_1_393' title='bbox 481 4238 736 4290; x_wconf 84' lang='lat' dir='ltr'>Ecclesia</span> <span class='ocrx_word' id='word_1_394' title='bbox 803 4253 972 4303; x_wconf 77' lang='lat' dir='ltr'>quam</span> <span class='ocrx_word' id='word_1_395' title='bbox 1039 4253 1072 4290; x_wconf 86' lang='lat' dir='ltr'>a</span> <span class='ocrx_word' id='word_1_396' title='bbox 1128 4239 1325 4303; x_wconf 88' lang='lat' dir='ltr'>seipsis</span> <span class='ocrx_word' id='word_1_397' title='bbox 1391 4251 1678 4288; x_wconf 88' lang='lat' dir='ltr'>secessum</span> <span class='ocrx_word' id='word_1_398' title='bbox 1723 4238 1924 4288; x_wconf 91' lang='lat' dir='ltr'>fecere.</span> <span class='ocrx_word' id='word_1_399' title='bbox 1967 4239 2120 4289; x_wconf 86' lang='lat' dir='ltr'>Alter</span> 
     </span>
    </p>
   </div>
   <div class='ocr_carea' id='block_1_56' title="bbox 478 4309 2119 4374">
    <p class='ocr_par' dir='ltr' id='par_1_56' title="bbox 478 4309 2119 4374">
     <span class='ocr_line' id='line_1_57' title="bbox 478 4309 2119 4374; baseline -0.001 -15"><span class='ocrx_word' id='word_1_400' title='bbox 478 4315 774 4374; x_wconf 87' lang='lat' dir='ltr'>postquam</span> <span class='ocrx_word' id='word_1_401' title='bbox 809 4311 866 4359; x_wconf 89' lang='lat' dir='ltr'>in</span> <span class='ocrx_word' id='word_1_402' title='bbox 894 4311 1079 4360; x_wconf 90' lang='lat' dir='ltr'>Africa</span> <span class='ocrx_word' id='word_1_403' title='bbox 1118 4310 1302 4373; x_wconf 90' lang='lat' dir='ltr'>lapsos</span> <span class='ocrx_word' id='word_1_404' title='bbox 1343 4322 1538 4359; x_wconf 89' lang='lat' dir='ltr'>omnes</span> <span class='ocrx_word' id='word_1_405' title='bbox 1561 4309 1684 4359; x_wconf 88' lang='lat' dir='ltr'>sine</span> <span class='ocrx_word' id='word_1_406' title='bbox 1712 4322 1866 4358; x_wconf 91' lang='lat' dir='ltr'>mora</span> <span class='ocrx_word' id='word_1_407' title='bbox 1914 4309 2119 4359; x_wconf 90' lang='lat' dir='ltr'>admit-</span> 
     </span>
    </p>
   </div>
   <div class='ocr_carea' id='block_1_57' title="bbox 479 4380 2116 4444">
    <p class='ocr_par' dir='ltr' id='par_1_57' title="bbox 479 4380 2116 4444">
     <span class='ocr_line' id='line_1_58' title="bbox 479 4380 2116 4444; baseline -0.001 -13"><span class='ocrx_word' id='word_1_408' title='bbox 479 4382 678 4433; x_wconf 87' lang='lat' dir='ltr'>tendos</span> <span class='ocrx_word' id='word_1_409' title='bbox 737 4380 1131 4440; x_wconf 79' lang='lat' dir='ltr'>contendisset,</span> <span class='ocrx_word' id='word_1_410' title='bbox 1186 4382 1418 4432; x_wconf 84' lang='lat' dir='ltr'>Romam</span> <span class='ocrx_word' id='word_1_411' title='bbox 1465 4383 1734 4444; x_wconf 80' lang='lat' dir='ltr'>navigans</span> <span class='ocrx_word' id='word_1_412' title='bbox 1783 4383 2116 4432; x_wconf 81' lang='lat' dir='ltr'>contrarium</span> 
     </span>
    </p>
   </div>
   <div class='ocr_carea' id='block_1_58' title="bbox 481 4451 2118 4516">
    <p class='ocr_par' dir='ltr' id='par_1_58' title="bbox 481 4451 2118 4516">
     <span class='ocr_line' id='line_1_59' title="bbox 481 4451 2118 4516; baseline 0.001 -16"><span class='ocrx_word' id='word_1_413' title='bbox 481 4453 681 4515; x_wconf 87' lang='lat' dir='ltr'>dogma</span> <span class='ocrx_word' id='word_1_414' title='bbox 735 4453 1043 4516; x_wconf 86' lang='lat' dir='ltr'>proposuit,</span> <span class='ocrx_word' id='word_1_415' title='bbox 1086 4452 1350 4502; x_wconf 89' lang='lat' dir='ltr'>nimirum</span> <span class='ocrx_word' id='word_1_416' title='bbox 1400 4465 1498 4515; x_wconf 91' lang='lat' dir='ltr'>pro</span> <span class='ocrx_word' id='word_1_417' title='bbox 1543 4451 1866 4515; x_wconf 84' lang='lat' dir='ltr'>inexpiabili</span> <span class='ocrx_word' id='word_1_418' title='bbox 1911 4453 2118 4502; x_wconf 85' lang='lat' dir='ltr'>scelere</span> 
     </span>
    </p>
   </div>
   <div class='ocr_carea' id='block_1_59' title="bbox 1800 247 2482 316">
    <p class='ocr_par' dir='ltr' id='par_1_59' title="bbox 1800 247 2482 316">
     <span class='ocr_line' id='line_1_60' title="bbox 1800 247 2482 316; baseline 0.015 -11"><span class='ocrx_word' id='word_1_419' title='bbox 1800 247 1978 316; x_wconf 80' lang='lat' dir='ltr'><strong>EDIT.</strong></span> <span class='ocrx_word' id='word_1_420' title='bbox 2019 247 2221 312; x_wconf 82' lang='lat' dir='ltr'>OXON.</span> <span class='ocrx_word' id='word_1_421' title='bbox 2264 253 2482 314; x_wconf 68' lang='grc' dir='ltr'>ΝΟΤΛΕ.</span> 
     </span>
    </p>
   </div>
   <div class='ocr_carea' id='block_1_60' title="bbox 3697 257 3852 342">
    <p class='ocr_par' dir='ltr' id='par_1_60' title="bbox 3697 257 3852 342">
     <span class='ocr_line' id='line_1_61' title="bbox 3697 257 3852 342; baseline -0.013 -26"><span class='ocrx_word' id='word_1_422' title='bbox 3697 257 3852 342; x_wconf 72' lang='lat' dir='ltr'>im</span> 
     </span>
    </p>
   </div>
   <div class='ocr_carea' id='block_1_61' title="bbox 1895 382 3860 504">
    <p class='ocr_par' dir='ltr' id='par_1_61' title="bbox 1895 382 3860 504">
     <span class='ocr_line' id='line_1_62' title="bbox 1895 382 3860 482; baseline 0.003 -49"><span class='ocrx_word' id='word_1_423' title='bbox 1895 382 2098 428; x_wconf 81' lang='lat' dir='ltr'>tracta-</span> <span class='ocrx_word' id='word_1_424' title='bbox 2124 405 2181 482; x_wconf 64' lang='grc' dir='ltr'><strong>Α</strong></span> <span class='ocrx_word' id='word_1_425' title='bbox 2238 384 2415 470; x_wconf 41' lang='lat' dir='ltr'><strong>&#39;XIX.</strong></span> <span class='ocrx_word' id='word_1_426' title='bbox 2445 412 2504 470; x_wconf 41' lang='lat'>&#39;—</span> <span class='ocrx_word' id='word_1_427' title='bbox 2537 384 2710 438; x_wconf 83' lang='lat' dir='ltr'>Plenis</span> <span class='ocrx_word' id='word_1_428' title='bbox 2737 384 3203 470; x_wconf 71' lang='lat' dir='ltr'>satisfactionibus.</span> <span class='ocrx_word' id='word_1_429' title='bbox 3230 384 3379 450; x_wconf 86' lang='lat' dir='ltr'>Quid</span> <span class='ocrx_word' id='word_1_430' title='bbox 3403 383 3562 452; x_wconf 86' lang='lat' dir='ltr'>plena</span> <span class='ocrx_word' id='word_1_431' title='bbox 3591 388 3860 440; x_wconf 72' lang='lat' dir='ltr'>satisfac-</span> 
     </span>
     <span class='ocr_line' id='line_1_63' title="bbox 2213 456 3243 504; baseline 0 0"><span class='ocrx_word' id='word_1_432' title='bbox 2213 457 2310 504; x_wconf 79' lang='lat' dir='ltr'>tto.</span> <span class='ocrx_word' id='word_1_433' title='bbox 2341 471 2396 504; x_wconf 75' lang='grc' dir='ltr'>ιιι</span> <span class='ocrx_word' id='word_1_434' title='bbox 2427 456 2568 504; x_wconf 78' lang='lat' dir='ltr'>libro</span> <span class='ocrx_word' id='word_1_435' title='bbox 2589 457 2652 504; x_wconf 80' lang='lat' dir='ltr'>de</span> <span class='ocrx_word' id='word_1_436' title='bbox 2683 459 2861 504; x_wconf 75' lang='lat' dir='ltr'>Lansis</span> <span class='ocrx_word' id='word_1_437' title='bbox 2896 459 3243 504; x_wconf 78' lang='lat' dir='ltr'>discutietur.</span> 
     </span>
    </p>
   </div>
   <div class='ocr_carea' id='block_1_62' title="bbox 2257 456 3243 522">
    <p class='ocr_par' dir='ltr' id='par_1_62' title="bbox 2257 456 3243 522">
     <span class='ocr_line' id='line_1_64' title="bbox 2257 456 3243 522; baseline 0.002 -18"><span class='ocrx_word' id='word_1_438' title='bbox 2257 469 2310 514; x_wconf 86' lang='grc' dir='ltr'><strong>ο,</strong></span> <span class='ocrx_word' id='word_1_439' title='bbox 2341 457 2396 507; x_wconf 85' lang='grc' dir='ltr'>ἱιι</span> <span class='ocrx_word' id='word_1_440' title='bbox 2427 456 2568 508; x_wconf 89' lang='lat' dir='ltr'>libro</span> <span class='ocrx_word' id='word_1_441' title='bbox 2589 457 2652 508; x_wconf 89' lang='lat' dir='ltr'>de</span> <span class='ocrx_word' id='word_1_442' title='bbox 2683 459 2861 522; x_wconf 84' lang='lat' dir='ltr'>Lapsis</span> <span class='ocrx_word' id='word_1_443' title='bbox 2896 459 3243 509; x_wconf 88' lang='lat' dir='ltr'>discutietur.</span> 
     </span>
    </p>
   </div>
   <div class='ocr_carea' id='block_1_63' title="bbox 2277 528 3855 596">
    <p class='ocr_par' dir='ltr' id='par_1_63' title="bbox 2277 528 3855 596">
     <span class='ocr_line' id='line_1_65' title="bbox 2277 528 3855 596; baseline 0.002 -17"><span class='ocrx_word' id='word_1_444' title='bbox 2277 529 2399 579; x_wconf 90' lang='lat' dir='ltr'>XX.</span> <span class='ocrx_word' id='word_1_445' title='bbox 2431 557 2493 568; x_wconf 92' lang='lat'><strong><em>—</em></strong></span> <span class='ocrx_word' id='word_1_446' title='bbox 2527 531 2597 578; x_wconf 86' lang='lat' dir='ltr'>De</span> <span class='ocrx_word' id='word_1_447' title='bbox 2620 529 3004 592; x_wconf 77' lang='lat' dir='ltr'>confessoribus</span> <span class='ocrx_word' id='word_1_448' title='bbox 3024 531 3300 595; x_wconf 89' lang='lat' dir='ltr'>quosdam.</span> <span class='ocrx_word' id='word_1_449' title='bbox 3334 530 3654 596; x_wconf 87' lang='lat' dir='ltr'>Perstringit</span> <span class='ocrx_word' id='word_1_450' title='bbox 3674 528 3855 582; x_wconf 74' lang='lat' dir='ltr'>Maxi-</span> 
     </span>
    </p>
   </div>
   <div class='ocr_carea' id='block_1_64' title="bbox 2213 601 3854 666">
    <p class='ocr_par' dir='ltr' id='par_1_64' title="bbox 2213 601 3854 666">
     <span class='ocr_line' id='line_1_66' title="bbox 2213 601 3854 666; baseline 0.002 -17"><span class='ocrx_word' id='word_1_451' title='bbox 2213 614 2388 662; x_wconf 90' lang='lat' dir='ltr'>mum,</span> <span class='ocrx_word' id='word_1_452' title='bbox 2416 601 2790 651; x_wconf 71' lang='lat' dir='ltr'>Nicostrafum</span> <span class='ocrx_word' id='word_1_453' title='bbox 2838 601 3178 660; x_wconf 84' lang='lat' dir='ltr'>Evaristum,</span> <span class='ocrx_word' id='word_1_454' title='bbox 3221 601 3490 666; x_wconf 89' lang='lat' dir='ltr'>aliosque,</span> <span class='ocrx_word' id='word_1_455' title='bbox 3527 604 3623 666; x_wconf 88' lang='lat' dir='ltr'>qui</span> <span class='ocrx_word' id='word_1_456' title='bbox 3653 603 3854 654; x_wconf 84' lang='lat' dir='ltr'>litteris</span> 
     </span>
    </p>
   </div>
   <div class='ocr_carea' id='block_1_65' title="bbox 2213 673 3855 738">
    <p class='ocr_par' dir='ltr' id='par_1_65' title="bbox 2213 673 3855 738">
     <span class='ocr_line' id='line_1_67' title="bbox 2213 673 3855 738; baseline 0.004 -18"><span class='ocrx_word' id='word_1_457' title='bbox 2213 673 2330 721; x_wconf 90' lang='lat' dir='ltr'>suis</span> <span class='ocrx_word' id='word_1_458' title='bbox 2388 673 2754 724; x_wconf 90' lang='lat' dir='ltr'>Novatianum</span> <span class='ocrx_word' id='word_1_459' title='bbox 2817 673 2887 722; x_wconf 92' lang='lat' dir='ltr'>ad</span> <span class='ocrx_word' id='word_1_460' title='bbox 2945 675 3328 738; x_wconf 87' lang='lat' dir='ltr'>episcopatum</span> <span class='ocrx_word' id='word_1_461' title='bbox 3384 673 3855 726; x_wconf 84' lang='lat' dir='ltr'>commendabant</span> 
     </span>
    </p>
   </div>
   <div class='ocr_carea' id='block_1_66' title="bbox 2213 744 2971 808">
    <p class='ocr_par' dir='ltr' id='par_1_66' title="bbox 2213 744 2971 808">
     <span class='ocr_line' id='line_1_68' title="bbox 2213 744 2971 808; baseline 0.003 -16"><span class='ocrx_word' id='word_1_462' title='bbox 2213 747 2513 808; x_wconf 88' lang='lat' dir='ltr'>partesque</span> <span class='ocrx_word' id='word_1_463' title='bbox 2543 746 2660 808; x_wconf 87' lang='lat' dir='ltr'>ejus</span> <span class='ocrx_word' id='word_1_464' title='bbox 2695 744 2971 794; x_wconf 82' lang='lat' dir='ltr'>fovebant.</span> 
     </span>
    </p>
   </div>
   <div class='ocr_carea' id='block_1_67' title="bbox 2279 815 3853 880">
    <p class='ocr_par' dir='ltr' id='par_1_67' title="bbox 2279 815 3853 880">
     <span class='ocr_line' id='line_1_69' title="bbox 2279 815 3853 880; baseline 0.003 -14"><span class='ocrx_word' id='word_1_465' title='bbox 2279 815 2452 866; x_wconf 82' lang='lat' dir='ltr'><strong>XXII.</strong></span> <span class='ocrx_word' id='word_1_466' title='bbox 2509 843 2570 853; x_wconf 99' lang='lat'><strong>—</strong></span> <span class='ocrx_word' id='word_1_467' title='bbox 2650 816 2971 866; x_wconf 70' lang='lat' dir='ltr'>Exciderunt</span> <span class='ocrx_word' id='word_1_468' title='bbox 3040 831 3075 866; x_wconf 84' lang='grc' dir='ltr'>α</span> <span class='ocrx_word' id='word_1_469' title='bbox 3144 817 3260 880; x_wconf 74' lang='lat' dir='ltr'>ﬁde.</span> <span class='ocrx_word' id='word_1_470' title='bbox 3349 818 3667 876; x_wconf 72' lang='lat' dir='ltr'>&#39;Hnimaav,</span> <span class='ocrx_word' id='word_1_471' title='bbox 3742 833 3853 872; x_wconf 73' lang='lat' dir='ltr'>non</span> 
     </span>
    </p>
   </div>
   <div class='ocr_carea' id='block_1_68' title="bbox 2213 889 3852 956">
    <p class='ocr_par' dir='ltr' id='par_1_68' title="bbox 2213 889 3852 956">
     <span class='ocr_line' id='line_1_70' title="bbox 2213 889 3852 956; baseline 0.002 -16"><span class='ocrx_word' id='word_1_472' title='bbox 2213 890 2568 948; x_wconf 85' lang='lat' dir='ltr'>crediderunt,</span> <span class='ocrx_word' id='word_1_473' title='bbox 2617 889 2798 940; x_wconf 86' lang='lat' dir='ltr'>reddit</span> <span class='ocrx_word' id='word_1_474' title='bbox 2857 889 3118 953; x_wconf 88' lang='lat' dir='ltr'>vulgatus</span> <span class='ocrx_word' id='word_1_475' title='bbox 3174 891 3466 956; x_wconf 89' lang='lat' dir='ltr'>interpres,</span> <span class='ocrx_word' id='word_1_476' title='bbox 3502 891 3602 942; x_wconf 86' lang='lat' dir='ltr'>sed</span> <span class='ocrx_word' id='word_1_477' title='bbox 3651 892 3852 945; x_wconf 82' lang='lat' dir='ltr'>Noster</span> 
     </span>
    </p>
   </div>
   <div class='ocr_carea' id='block_1_69' title="bbox 2214 961 3850 1028">
    <p class='ocr_par' dir='ltr' id='par_1_69' title="bbox 2214 961 3850 1028">
     <span class='ocr_line' id='line_1_71' title="bbox 2214 961 3850 1028; baseline -0.001 -14"><span class='ocrx_word' id='word_1_478' title='bbox 2214 963 2420 1014; x_wconf 87' lang='lat' dir='ltr'>rectius</span> <span class='ocrx_word' id='word_1_479' title='bbox 2460 961 2678 1012; x_wconf 87' lang='lat' dir='ltr'>videtur</span> <span class='ocrx_word' id='word_1_480' title='bbox 2725 965 3081 1026; x_wconf 87' lang='lat' dir='ltr'>concepisse;</span> <span class='ocrx_word' id='word_1_481' title='bbox 3123 976 3232 1012; x_wconf 87' lang='lat' dir='ltr'>vox</span> <span class='ocrx_word' id='word_1_482' title='bbox 3278 965 3430 1014; x_wconf 89' lang='lat' dir='ltr'>enim</span> <span class='ocrx_word' id='word_1_483' title='bbox 3475 963 3570 1014; x_wconf 89' lang='lat' dir='ltr'>illa</span> <span class='ocrx_word' id='word_1_484' title='bbox 3603 964 3850 1028; x_wconf 81' lang='lat' dir='ltr'>respicit,</span> 
     </span>
    </p>
   </div>
   <div class='ocr_carea' id='block_1_70' title="bbox 2214 1031 3850 1099">
    <p class='ocr_par' dir='ltr' id='par_1_70' title="bbox 2214 1031 3850 1099">
     <span class='ocr_line' id='line_1_72' title="bbox 2214 1031 3850 1099; baseline 0.001 -15"><span class='ocrx_word' id='word_1_485' title='bbox 2214 1035 2364 1099; x_wconf 90' lang='lat' dir='ltr'>quod</span> <span class='ocrx_word' id='word_1_486' title='bbox 2416 1034 2673 1098; x_wconf 90' lang='lat' dir='ltr'>superius</span> <span class='ocrx_word' id='word_1_487' title='bbox 2725 1033 3028 1097; x_wconf 87' lang='lat' dir='ltr'>dicebatur,</span> <span class='ocrx_word' id='word_1_488' title='bbox 3079 1033 3420 1092; x_wconf 79' lang='grc' dir='ltr'>ἐπιστεύθησαν</span> <span class='ocrx_word' id='word_1_489' title='bbox 3469 1035 3531 1083; x_wconf 83' lang='grc' dir='ltr'><strong>τά</strong></span> <span class='ocrx_word' id='word_1_490' title='bbox 3575 1034 3716 1097; x_wconf 84' lang='grc' dir='ltr'><strong>λόγια</strong></span> <span class='ocrx_word' id='word_1_491' title='bbox 3760 1031 3850 1086; x_wconf 74' lang='grc' dir='ltr'>τοῖο</span> 
     </span>
    </p>
   </div>
   <div class='ocr_carea' id='block_1_71' title="bbox 2213 1106 2359 1157">
    <p class='ocr_par' dir='ltr' id='par_1_71' title="bbox 2213 1106 2359 1157">
     <span class='ocr_line' id='line_1_73' title="bbox 2213 1106 2359 1157; baseline -0.007 -2"><span class='ocrx_word' id='word_1_492' title='bbox 2213 1106 2339 1157; x_wconf 85' lang='grc' dir='ltr'>Θεοῦ</span> <span class='ocrx_word' id='word_1_493' title='bbox 2348 1143 2359 1154; x_wconf 92' lang='grc'><strong>.</strong></span> 
     </span>
    </p>
   </div>
   <div class='ocr_carea' id='block_1_72' title="bbox 2277 1176 3857 1244">
    <p class='ocr_par' dir='ltr' id='par_1_72' title="bbox 2277 1176 3857 1244">
     <span class='ocr_line' id='line_1_74' title="bbox 2277 1176 3857 1244; baseline 0.001 -15"><span class='ocrx_word' id='word_1_494' title='bbox 2277 1178 2399 1230; x_wconf 87' lang='lat' dir='ltr'>XX.</span> <span class='ocrx_word' id='word_1_495' title='bbox 2432 1207 2489 1216; x_wconf 89' lang='lat'><strong>--</strong></span> <span class='ocrx_word' id='word_1_496' title='bbox 2518 1177 2823 1228; x_wconf 72' lang='lat' dir='ltr'>Concordiae</span> <span class='ocrx_word' id='word_1_497' title='bbox 2850 1176 3076 1243; x_wconf 87' lang='lat' dir='ltr'>glutino.</span> <span class='ocrx_word' id='word_1_498' title='bbox 3111 1178 3385 1228; x_wconf 86' lang='lat' dir='ltr'>Nimirum</span> <span class='ocrx_word' id='word_1_499' title='bbox 3419 1193 3536 1229; x_wconf 91' lang='lat' dir='ltr'>uno</span> <span class='ocrx_word' id='word_1_500' title='bbox 3565 1181 3857 1244; x_wconf 88' lang='lat' dir='ltr'>episcopo,</span> 
     </span>
    </p>
   </div>
   <div class='ocr_carea' id='block_1_73' title="bbox 2214 1250 3857 1317">
    <p class='ocr_par' dir='ltr' id='par_1_73' title="bbox 2214 1250 3857 1317">
     <span class='ocr_line' id='line_1_75' title="bbox 2214 1250 3857 1317; baseline -0.001 -13"><span class='ocrx_word' id='word_1_501' title='bbox 2214 1253 2373 1317; x_wconf 90' lang='lat' dir='ltr'>epist.</span> <span class='ocrx_word' id='word_1_502' title='bbox 2421 1251 2491 1302; x_wconf 86' lang='lat' dir='ltr'>ad</span> <span class='ocrx_word' id='word_1_503' title='bbox 2542 1253 2841 1314; x_wconf 81' lang='lat' dir='ltr'>Pupianum</span> <span class='ocrx_word' id='word_1_504' title='bbox 2879 1251 2956 1300; x_wconf 90' lang='lat' dir='ltr'>ait</span> <span class='ocrx_word' id='word_1_505' title='bbox 2987 1266 2998 1299; x_wconf 88' lang='lat'>:</span> <span class='ocrx_word' id='word_1_506' title='bbox 3030 1269 3058 1296; x_wconf 78' lang='grc' dir='ltr'>α</span> <span class='ocrx_word' id='word_1_507' title='bbox 3098 1250 3410 1302; x_wconf 85' lang='lat' dir='ltr'>Ecclesiam</span> <span class='ocrx_word' id='word_1_508' title='bbox 3455 1265 3579 1302; x_wconf 86' lang='lat' dir='ltr'>esse</span> <span class='ocrx_word' id='word_1_509' title='bbox 3629 1251 3857 1316; x_wconf 87' lang='lat' dir='ltr'>plebem</span> 
     </span>
    </p>
   </div>
   <div class='ocr_carea' id='block_1_74' title="bbox 2213 1321 3860 1387">
    <p class='ocr_par' dir='ltr' id='par_1_74' title="bbox 2213 1321 3860 1387">
     <span class='ocr_line' id='line_1_76' title="bbox 2213 1321 3860 1387; baseline -0.001 -14"><span class='ocrx_word' id='word_1_510' title='bbox 2213 1323 2485 1374; x_wconf 89' lang='lat' dir='ltr'>sacerdoti</span> <span class='ocrx_word' id='word_1_511' title='bbox 2526 1321 2848 1379; x_wconf 88' lang='lat' dir='ltr'>adunatam,</span> <span class='ocrx_word' id='word_1_512' title='bbox 2883 1325 2936 1373; x_wconf 90' lang='lat' dir='ltr'>et</span> <span class='ocrx_word' id='word_1_513' title='bbox 2985 1324 3190 1386; x_wconf 86' lang='lat' dir='ltr'>pastori</span> <span class='ocrx_word' id='word_1_514' title='bbox 3243 1337 3345 1373; x_wconf 92' lang='lat' dir='ltr'>suo</span> <span class='ocrx_word' id='word_1_515' title='bbox 3391 1337 3616 1387; x_wconf 87' lang='lat' dir='ltr'>gregem</span> <span class='ocrx_word' id='word_1_516' title='bbox 3659 1322 3860 1373; x_wconf 69' lang='lat' dir='ltr'>adhe-</span> 
     </span>
    </p>
   </div>
   <div class='ocr_carea' id='block_1_75' title="bbox 2213 1393 3858 1460">
    <p class='ocr_par' dir='ltr' id='par_1_75' title="bbox 2213 1393 3858 1460">
     <span class='ocr_line' id='line_1_77' title="bbox 2213 1393 3858 1460; baseline 0.001 -17"><span class='ocrx_word' id='word_1_517' title='bbox 2213 1398 2446 1445; x_wconf 90' lang='lat' dir='ltr'>rentem.</span> <span class='ocrx_word' id='word_1_518' title='bbox 2480 1413 2507 1440; x_wconf 73' lang='grc' dir='ltr'>ιο</span> <span class='ocrx_word' id='word_1_519' title='bbox 2539 1393 2777 1458; x_wconf 88' lang='lat' dir='ltr'>Optetus</span> <span class='ocrx_word' id='word_1_520' title='bbox 2808 1393 3131 1458; x_wconf 86' lang='lat' dir='ltr'>episcopum</span> <span class='ocrx_word' id='word_1_521' title='bbox 3171 1398 3352 1457; x_wconf 89' lang='lat' dir='ltr'>vocat,</span> <span class='ocrx_word' id='word_1_522' title='bbox 3377 1407 3622 1460; x_wconf 83' lang='lat' dir='ltr'>sponsum</span> <span class='ocrx_word' id='word_1_523' title='bbox 3651 1409 3858 1460; x_wconf 79' lang='lat' dir='ltr'>coagu-</span> 
     </span>
    </p>
   </div>
   <div class='ocr_carea' id='block_1_76' title="bbox 2215 1463 2515 1529">
    <p class='ocr_par' dir='ltr' id='par_1_76' title="bbox 2215 1463 2515 1529">
     <span class='ocr_line' id='line_1_78' title="bbox 2215 1463 2515 1529; baseline 0 -15"><span class='ocrx_word' id='word_1_524' title='bbox 2215 1463 2319 1516; x_wconf 90' lang='lat' dir='ltr'>lum</span> <span class='ocrx_word' id='word_1_525' title='bbox 2349 1467 2515 1529; x_wconf 85' lang='lat' dir='ltr'>pacis.</span> 
     </span>
    </p>
   </div>
   <div class='ocr_carea' id='block_1_77' title="bbox 2277 1536 3860 1604">
    <p class='ocr_par' dir='ltr' id='par_1_77' title="bbox 2277 1536 3860 1604">
     <span class='ocr_line' id='line_1_79' title="bbox 2277 1536 3860 1604; baseline 0.001 -17"><span class='ocrx_word' id='word_1_526' title='bbox 2277 1537 2478 1587; x_wconf 86' lang='lat' dir='ltr'><strong>XXVI.</strong></span> <span class='ocrx_word' id='word_1_527' title='bbox 2523 1564 2584 1574; x_wconf 93' lang='lat'><strong>—</strong></span> <span class='ocrx_word' id='word_1_528' title='bbox 2630 1539 2734 1590; x_wconf 84' lang='lat' dir='ltr'>Nec</span> <span class='ocrx_word' id='word_1_529' title='bbox 2775 1536 3006 1588; x_wconf 76' lang='lat' dir='ltr'>decimas</span> <span class='ocrx_word' id='word_1_530' title='bbox 3051 1537 3256 1588; x_wconf 88' lang='lat' dir='ltr'>damus.</span> <span class='ocrx_word' id='word_1_531' title='bbox 3311 1536 3399 1590; x_wconf 83' lang='lat' dir='ltr'>Ex</span> <span class='ocrx_word' id='word_1_532' title='bbox 3434 1542 3651 1589; x_wconf 80' lang='lat' dir='ltr'>naturae</span> <span class='ocrx_word' id='word_1_533' title='bbox 3701 1540 3860 1604; x_wconf 83' lang='lat' dir='ltr'>prius</span> 
     </span>
    </p>
   </div>
   <div class='ocr_carea' id='block_1_78' title="bbox 2214 1607 3866 1672">
    <p class='ocr_par' dir='ltr' id='par_1_78' title="bbox 2214 1607 3866 1672">
     <span class='ocr_line' id='line_1_80' title="bbox 2214 1607 3866 1672; baseline 0.001 -15"><span class='ocrx_word' id='word_1_534' title='bbox 2214 1608 2392 1658; x_wconf 90' lang='lat' dir='ltr'>multo</span> <span class='ocrx_word' id='word_1_535' title='bbox 2441 1621 2610 1672; x_wconf 91' lang='lat' dir='ltr'>quam</span> <span class='ocrx_word' id='word_1_536' title='bbox 2656 1608 2795 1672; x_wconf 90' lang='lat' dir='ltr'>legis</span> <span class='ocrx_word' id='word_1_537' title='bbox 2829 1607 3092 1658; x_wconf 76' lang='lat' dir='ltr'>Mosaicae</span> <span class='ocrx_word' id='word_1_538' title='bbox 3111 1608 3434 1671; x_wconf 66' lang='lat' dir='ltr'>prmacripto</span> <span class='ocrx_word' id='word_1_539' title='bbox 3481 1608 3730 1659; x_wconf 91' lang='lat' dir='ltr'>decimas</span> <span class='ocrx_word' id='word_1_540' title='bbox 3771 1623 3866 1658; x_wconf 86' lang='lat' dir='ltr'>so-</span> 
     </span>
    </p>
   </div>
   <div class='ocr_carea' id='block_1_79' title="bbox 2214 1679 3854 1742">
    <p class='ocr_par' dir='ltr' id='par_1_79' title="bbox 2214 1679 3854 1742">
     <span class='ocr_line' id='line_1_81' title="bbox 2214 1679 3854 1742; baseline 0.001 -14"><span class='ocrx_word' id='word_1_541' title='bbox 2214 1679 2393 1742; x_wconf 90' lang='lat' dir='ltr'>lutas;</span> <span class='ocrx_word' id='word_1_542' title='bbox 2426 1681 2472 1730; x_wconf 89' lang='lat' dir='ltr'>si</span> <span class='ocrx_word' id='word_1_543' title='bbox 2507 1680 2693 1730; x_wconf 84' lang='lat' dir='ltr'>minus</span> <span class='ocrx_word' id='word_1_544' title='bbox 2717 1679 2888 1731; x_wconf 81' lang='lat' dir='ltr'>ﬁdem</span> <span class='ocrx_word' id='word_1_545' title='bbox 2931 1679 3140 1731; x_wconf 80' lang='lat' dir='ltr'>faciant</span> <span class='ocrx_word' id='word_1_546' title='bbox 3165 1691 3292 1742; x_wconf 78' lang='lat' dir='ltr'>quae</span> <span class='ocrx_word' id='word_1_547' title='bbox 3332 1681 3390 1729; x_wconf 90' lang='lat' dir='ltr'>in</span> <span class='ocrx_word' id='word_1_548' title='bbox 3424 1680 3663 1731; x_wconf 85' lang='lat' dir='ltr'>lectione</span> <span class='ocrx_word' id='word_1_549' title='bbox 3693 1680 3854 1730; x_wconf 85' lang='lat' dir='ltr'><strong>LXX</strong></span> 
     </span>
    </p>
   </div>
   <div class='ocr_carea' id='block_1_80' title="bbox 2214 1750 3866 1815">
    <p class='ocr_par' dir='ltr' id='par_1_80' title="bbox 2214 1750 3866 1815">
     <span class='ocr_line' id='line_1_82' title="bbox 2214 1750 3866 1815; baseline 0 -16"><span class='ocrx_word' id='word_1_550' title='bbox 2214 1750 2415 1815; x_wconf 89' lang='lat' dir='ltr'>Interp.</span> <span class='ocrx_word' id='word_1_551' title='bbox 2487 1751 2782 1813; x_wconf 89' lang='lat' dir='ltr'>habentur,</span> <span class='ocrx_word' id='word_1_552' title='bbox 2841 1750 3044 1802; x_wconf 89' lang='lat' dir='ltr'>Genes.</span> <span class='ocrx_word' id='word_1_553' title='bbox 3121 1763 3198 1810; x_wconf 83' lang='grc' dir='ltr'><strong>ιν,</strong></span> <span class='ocrx_word' id='word_1_554' title='bbox 3275 1753 3324 1812; x_wconf 89' lang='grc'><strong>7,</strong></span> <span class='ocrx_word' id='word_1_555' title='bbox 3396 1752 3485 1800; x_wconf 77' lang='grc' dir='ltr'>οὐκ</span> <span class='ocrx_word' id='word_1_556' title='bbox 3558 1751 3640 1800; x_wconf 74' lang='grc' dir='ltr'>ἐὰν</span> <span class='ocrx_word' id='word_1_557' title='bbox 3709 1752 3866 1815; x_wconf 77' lang='grc' dir='ltr'>ὀρθῶς</span> 
     </span>
    </p>
   </div>
   <div class='ocr_carea' id='block_1_81' title="bbox 2209 1820 3866 1887">
    <p class='ocr_par' dir='ltr' id='par_1_81' title="bbox 2209 1820 3866 1887">
     <span class='ocr_line' id='line_1_83' title="bbox 2209 1820 3866 1887; baseline 0 -16"><span class='ocrx_word' id='word_1_558' title='bbox 2209 1821 2546 1886; x_wconf 70' lang='grc' dir='ltr'>προσενέγκῃς,</span> <span class='ocrx_word' id='word_1_559' title='bbox 2616 1823 2766 1887; x_wconf 79' lang='grc' dir='ltr'>ὀρθῶς</span> <span class='ocrx_word' id='word_1_560' title='bbox 2844 1822 2895 1870; x_wconf 83' lang='grc' dir='ltr'>δὲ</span> <span class='ocrx_word' id='word_1_561' title='bbox 2977 1824 3044 1884; x_wconf 84' lang='grc' dir='ltr'>μή</span> <span class='ocrx_word' id='word_1_562' title='bbox 3134 1820 3308 1884; x_wconf 70' lang='grc' dir='ltr'>διέλῃς,</span> <span class='ocrx_word' id='word_1_563' title='bbox 3385 1823 3634 1886; x_wconf 71' lang='grc' dir='ltr'>ἥμαρτεςς</span> <span class='ocrx_word' id='word_1_564' title='bbox 3711 1826 3866 1872; x_wconf 86' lang='lat' dir='ltr'>certe</span> 
     </span>
    </p>
   </div>
   <div class='ocr_carea' id='block_1_82' title="bbox 2206 1890 3863 1959">
    <p class='ocr_par' dir='ltr' id='par_1_82' title="bbox 2206 1890 3863 1959">
     <span class='ocr_line' id='line_1_84' title="bbox 2206 1890 3863 1959; baseline -0.001 -17"><span class='ocrx_word' id='word_1_565' title='bbox 2206 1905 2335 1956; x_wconf 67' lang='lat' dir='ltr'>quae</span> <span class='ocrx_word' id='word_1_566' title='bbox 2366 1893 2628 1959; x_wconf 87' lang='lat' dir='ltr'>leguntur</span> <span class='ocrx_word' id='word_1_567' title='bbox 2664 1895 2844 1958; x_wconf 89' lang='lat' dir='ltr'>capite</span> <span class='ocrx_word' id='word_1_568' title='bbox 2876 1906 3001 1953; x_wconf 71' lang='lat' dir='ltr'>xxv,</span> <span class='ocrx_word' id='word_1_569' title='bbox 3038 1893 3115 1955; x_wconf 69' lang='lat'>18,</span> <span class='ocrx_word' id='word_1_570' title='bbox 3157 1890 3227 1943; x_wconf 91' lang='lat' dir='ltr'>de</span> <span class='ocrx_word' id='word_1_571' title='bbox 3268 1891 3503 1944; x_wconf 89' lang='lat' dir='ltr'>decimis</span> <span class='ocrx_word' id='word_1_572' title='bbox 3546 1893 3617 1944; x_wconf 91' lang='lat' dir='ltr'>ab</span> <span class='ocrx_word' id='word_1_573' title='bbox 3665 1893 3863 1942; x_wconf 79' lang='lat' dir='ltr'>Abra-</span> 
     </span>
    </p>
   </div>
   <div class='ocr_carea' id='block_1_83' title="bbox 2206 1963 3864 2031">
    <p class='ocr_par' dir='ltr' id='par_1_83' title="bbox 2206 1963 3864 2031">
     <span class='ocr_line' id='line_1_85' title="bbox 2206 1963 3864 2031; baseline 0 -18"><span class='ocrx_word' id='word_1_574' title='bbox 2206 1963 2376 2015; x_wconf 90' lang='lat' dir='ltr'>hamo</span> <span class='ocrx_word' id='word_1_575' title='bbox 2419 1967 2731 2031; x_wconf 89' lang='lat' dir='ltr'>pensitatis,</span> <span class='ocrx_word' id='word_1_576' title='bbox 2775 1966 2832 2016; x_wconf 87' lang='lat' dir='ltr'>id</span> <span class='ocrx_word' id='word_1_577' title='bbox 2864 1967 3135 2016; x_wconf 88' lang='lat' dir='ltr'>evicerint</span> <span class='ocrx_word' id='word_1_578' title='bbox 3167 1981 3178 2015; x_wconf 94' lang='lat'>:</span> <span class='ocrx_word' id='word_1_579' title='bbox 3213 1968 3520 2030; x_wconf 65' lang='lat' dir='ltr'>praesertim</span> <span class='ocrx_word' id='word_1_580' title='bbox 3559 1979 3691 2017; x_wconf 90' lang='lat' dir='ltr'>cum</span> <span class='ocrx_word' id='word_1_581' title='bbox 3737 1977 3864 2013; x_wconf 87' lang='lat' dir='ltr'>mos</span> 
     </span>
    </p>
   </div>
   <div class='ocr_carea' id='block_1_84' title="bbox 2206 2036 3861 2110">
    <p class='ocr_par' dir='ltr' id='par_1_84' title="bbox 2206 2036 3861 2110">
     <span class='ocr_line' id='line_1_86' title="bbox 2206 2036 3861 2110; baseline 0 -24"><span class='ocrx_word' id='word_1_582' title='bbox 2206 2036 2314 2110; x_wconf 81' lang='lat' dir='ltr'>lste</span> <span class='ocrx_word' id='word_1_583' title='bbox 2341 2051 2440 2102; x_wconf 90' lang='lat' dir='ltr'>per</span> <span class='ocrx_word' id='word_1_584' title='bbox 2471 2039 2795 2089; x_wconf 90' lang='lat' dir='ltr'>universum</span> <span class='ocrx_word' id='word_1_585' title='bbox 2846 2042 3117 2090; x_wconf 88' lang='lat' dir='ltr'>terrarum</span> <span class='ocrx_word' id='word_1_586' title='bbox 3166 2039 3376 2099; x_wconf 90' lang='lat' dir='ltr'>orbem,</span> <span class='ocrx_word' id='word_1_587' title='bbox 3424 2040 3585 2104; x_wconf 90' lang='lat' dir='ltr'>quasi</span> <span class='ocrx_word' id='word_1_588' title='bbox 3625 2038 3861 2110; x_wconf 78' lang='lat' dir='ltr'>publico</span> 
     </span>
    </p>
   </div>
   <div class='ocr_carea' id='block_1_85' title="bbox 2206 2108 3858 2174">
    <p class='ocr_par' dir='ltr' id='par_1_85' title="bbox 2206 2108 3858 2174">
     <span class='ocr_line' id='line_1_87' title="bbox 2206 2108 3858 2174; baseline 0 -16"><span class='ocrx_word' id='word_1_589' title='bbox 2206 2108 2441 2159; x_wconf 89' lang='lat' dir='ltr'>humani</span> <span class='ocrx_word' id='word_1_590' title='bbox 2479 2111 2698 2174; x_wconf 87' lang='lat' dir='ltr'>generis</span> <span class='ocrx_word' id='word_1_591' title='bbox 2745 2110 2986 2167; x_wconf 86' lang='lat' dir='ltr'>decreto.</span> <span class='ocrx_word' id='word_1_592' title='bbox 3019 2110 3151 2160; x_wconf 92' lang='lat' dir='ltr'>olim</span> <span class='ocrx_word' id='word_1_593' title='bbox 3196 2112 3508 2163; x_wconf 87' lang='lat' dir='ltr'>invaluerit.</span> <span class='ocrx_word' id='word_1_594' title='bbox 3555 2111 3735 2174; x_wconf 85' lang='lat' dir='ltr'>Cujus</span> <span class='ocrx_word' id='word_1_595' title='bbox 3776 2108 3858 2158; x_wconf 71' lang='lat' dir='ltr'>rei</span> 
     </span>
    </p>
   </div>
   <div class='ocr_carea' id='block_1_86' title="bbox 2211 2181 3857 2246">
    <p class='ocr_par' dir='ltr' id='par_1_86' title="bbox 2211 2181 3857 2246">
     <span class='ocr_line' id='line_1_88' title="bbox 2211 2181 3857 2246; baseline -0.002 -16"><span class='ocrx_word' id='word_1_596' title='bbox 2211 2184 2382 2230; x_wconf 87' lang='lat' dir='ltr'>testes</span> <span class='ocrx_word' id='word_1_597' title='bbox 2426 2181 2853 2246; x_wconf 89' lang='lat' dir='ltr'>locupletissimi</span> <span class='ocrx_word' id='word_1_598' title='bbox 2895 2181 3159 2232; x_wconf 88' lang='lat' dir='ltr'>Herodot.</span> <span class='ocrx_word' id='word_1_599' title='bbox 3204 2183 3306 2239; x_wconf 79' lang='lat'>1.1,</span> <span class='ocrx_word' id='word_1_600' title='bbox 3351 2185 3400 2243; x_wconf 77' lang='lat'>2,</span> <span class='ocrx_word' id='word_1_601' title='bbox 3438 2185 3485 2240; x_wconf 88' lang='lat'>3,</span> <span class='ocrx_word' id='word_1_602' title='bbox 3526 2187 3573 2245; x_wconf 88' lang='lat'>9,</span> <span class='ocrx_word' id='word_1_603' title='bbox 3621 2188 3672 2231; x_wconf 87' lang='lat' dir='ltr'>et</span> <span class='ocrx_word' id='word_1_604' title='bbox 3721 2194 3857 2245; x_wconf 84' lang='lat' dir='ltr'>pas-</span> 
     </span>
    </p>
   </div>
   <div class='ocr_carea' id='block_1_87' title="bbox 2209 2251 3862 2317">
    <p class='ocr_par' dir='ltr' id='par_1_87' title="bbox 2209 2251 3862 2317">
     <span class='ocr_line' id='line_1_89' title="bbox 2209 2251 3862 2317; baseline -0.001 -17"><span class='ocrx_word' id='word_1_605' title='bbox 2209 2253 2345 2312; x_wconf 88' lang='lat' dir='ltr'>sim;</span> <span class='ocrx_word' id='word_1_606' title='bbox 2401 2253 2630 2317; x_wconf 83' lang='lat' dir='ltr'>Dionys.</span> <span class='ocrx_word' id='word_1_607' title='bbox 2688 2253 2868 2311; x_wconf 80' lang='lat' dir='ltr'>Halic,</span> <span class='ocrx_word' id='word_1_608' title='bbox 2913 2253 2947 2302; x_wconf 93' lang='lat'>1.</span> <span class='ocrx_word' id='word_1_609' title='bbox 2997 2254 3041 2313; x_wconf 80' lang='grc'><strong>1,</strong></span> <span class='ocrx_word' id='word_1_610' title='bbox 3087 2254 3134 2310; x_wconf 81' lang='grc'>4,</span> <span class='ocrx_word' id='word_1_611' title='bbox 3184 2254 3236 2314; x_wconf 86' lang='lat'>6,</span> <span class='ocrx_word' id='word_1_612' title='bbox 3286 2255 3542 2315; x_wconf 66' lang='lat' dir='ltr'>Pansam,</span> <span class='ocrx_word' id='word_1_613' title='bbox 3592 2254 3767 2312; x_wconf 84' lang='lat' dir='ltr'>Ellac,</span> <span class='ocrx_word' id='word_1_614' title='bbox 3803 2251 3862 2300; x_wconf 76' lang='lat' dir='ltr'>et</span> 
     </span>
    </p>
   </div>
   <div class='ocr_carea' id='block_1_88' title="bbox 2210 2323 3857 2390">
    <p class='ocr_par' dir='ltr' id='par_1_88' title="bbox 2210 2323 3857 2390">
     <span class='ocr_line' id='line_1_90' title="bbox 2210 2323 3857 2390; baseline -0.001 -16"><span class='ocrx_word' id='word_1_615' title='bbox 2210 2323 2419 2384; x_wconf 88' lang='lat' dir='ltr'>Phoc.;</span> <span class='ocrx_word' id='word_1_616' title='bbox 2473 2323 2638 2382; x_wconf 91' lang='lat' dir='ltr'>Diod,</span> <span class='ocrx_word' id='word_1_617' title='bbox 2676 2323 2788 2375; x_wconf 92' lang='lat' dir='ltr'>Sic.</span> <span class='ocrx_word' id='word_1_618' title='bbox 2842 2324 2879 2373; x_wconf 93' lang='lat' dir='ltr'>l.</span> <span class='ocrx_word' id='word_1_619' title='bbox 2931 2337 2980 2383; x_wconf 71' lang='grc' dir='ltr'><strong>ις</strong></span> <span class='ocrx_word' id='word_1_620' title='bbox 3025 2324 3174 2374; x_wconf 84' lang='lat' dir='ltr'>Plut.</span> <span class='ocrx_word' id='word_1_621' title='bbox 3223 2327 3279 2374; x_wconf 91' lang='lat' dir='ltr'>in</span> <span class='ocrx_word' id='word_1_622' title='bbox 3325 2331 3521 2390; x_wconf 82' lang='lat' dir='ltr'>quaest.</span> <span class='ocrx_word' id='word_1_623' title='bbox 3573 2325 3753 2386; x_wconf 79' lang='lat' dir='ltr'>Rom.,</span> <span class='ocrx_word' id='word_1_624' title='bbox 3797 2327 3857 2374; x_wconf 88' lang='lat' dir='ltr'>in</span> 
     </span>
    </p>
   </div>
   <div class='ocr_carea' id='block_1_89' title="bbox 2212 2394 3858 2458">
    <p class='ocr_par' dir='ltr' id='par_1_89' title="bbox 2212 2394 3858 2458">
     <span class='ocr_line' id='line_1_91' title="bbox 2212 2394 3858 2458; baseline 0 -12"><span class='ocrx_word' id='word_1_625' title='bbox 2212 2395 2408 2446; x_wconf 86' lang='lat' dir='ltr'>Camil.</span> <span class='ocrx_word' id='word_1_626' title='bbox 2469 2394 2608 2458; x_wconf 85' lang='lat' dir='ltr'>Syll.</span> <span class='ocrx_word' id='word_1_627' title='bbox 2673 2395 2894 2446; x_wconf 91' lang='lat' dir='ltr'>Lucull.</span> <span class='ocrx_word' id='word_1_628' title='bbox 2966 2399 3094 2458; x_wconf 90' lang='lat' dir='ltr'>etc.,</span> <span class='ocrx_word' id='word_1_629' title='bbox 3161 2396 3329 2446; x_wconf 89' lang='lat' dir='ltr'>Arist.</span> <span class='ocrx_word' id='word_1_630' title='bbox 3399 2397 3601 2448; x_wconf 87' lang='lat' dir='ltr'>(Econ.</span> <span class='ocrx_word' id='word_1_631' title='bbox 3674 2397 3710 2446; x_wconf 88' lang='grc' dir='ltr'><strong>ι.</strong></span> <span class='ocrx_word' id='word_1_632' title='bbox 3775 2411 3858 2455; x_wconf 77' lang='grc' dir='ltr'><strong>ιις</strong></span> 
     </span>
    </p>
   </div>
   <div class='ocr_carea' id='block_1_90' title="bbox 2213 2465 3858 2532">
    <p class='ocr_par' dir='ltr' id='par_1_90' title="bbox 2213 2465 3858 2532">
     <span class='ocr_line' id='line_1_92' title="bbox 2213 2465 3858 2532; baseline -0.002 -15"><span class='ocrx_word' id='word_1_633' title='bbox 2213 2465 2469 2532; x_wconf 90' lang='lat' dir='ltr'>Thucyd.</span> <span class='ocrx_word' id='word_1_634' title='bbox 2503 2467 2539 2516; x_wconf 89' lang='grc' dir='ltr'><strong>Ι.</strong></span> <span class='ocrx_word' id='word_1_635' title='bbox 2566 2478 2657 2526; x_wconf 83' lang='grc' dir='ltr'><strong>ιιι;</strong></span> <span class='ocrx_word' id='word_1_636' title='bbox 2699 2467 2904 2516; x_wconf 85' lang='lat' dir='ltr'>Justin.</span> <span class='ocrx_word' id='word_1_637' title='bbox 2947 2466 2984 2516; x_wconf 96' lang='lat' dir='ltr'>I.</span> <span class='ocrx_word' id='word_1_638' title='bbox 3030 2479 3193 2528; x_wconf 81' lang='lat' dir='ltr'>xvur,</span> <span class='ocrx_word' id='word_1_639' title='bbox 3239 2467 3336 2526; x_wconf 73' lang='lat'>20;</span> <span class='ocrx_word' id='word_1_640' title='bbox 3391 2467 3572 2519; x_wconf 88' lang='lat' dir='ltr'>Cicer.</span> <span class='ocrx_word' id='word_1_641' title='bbox 3622 2469 3686 2517; x_wconf 92' lang='lat' dir='ltr'>de</span> <span class='ocrx_word' id='word_1_642' title='bbox 3729 2469 3858 2518; x_wconf 78' lang='lat' dir='ltr'>Nat.</span> 
     </span>
    </p>
   </div>
   <div class='ocr_carea' id='block_1_91' title="bbox 2214 2536 3860 2603">
    <p class='ocr_par' dir='ltr' id='par_1_91' title="bbox 2214 2536 3860 2603">
     <span class='ocr_line' id='line_1_93' title="bbox 2214 2536 3860 2603; baseline 0.001 -16"><span class='ocrx_word' id='word_1_643' title='bbox 2214 2539 2368 2587; x_wconf 91' lang='lat' dir='ltr'>Deor.</span> <span class='ocrx_word' id='word_1_644' title='bbox 2423 2538 2458 2588; x_wconf 85' lang='grc' dir='ltr'><strong>Ι.</strong></span> <span class='ocrx_word' id='word_1_645' title='bbox 2520 2551 2608 2597; x_wconf 85' lang='grc' dir='ltr'><strong>ιιι;</strong></span> <span class='ocrx_word' id='word_1_646' title='bbox 2667 2537 2782 2587; x_wconf 88' lang='lat' dir='ltr'>Liv.</span> <span class='ocrx_word' id='word_1_647' title='bbox 2831 2537 2864 2586; x_wconf 89' lang='grc' dir='ltr'><strong>ι.</strong></span> <span class='ocrx_word' id='word_1_648' title='bbox 2917 2550 2972 2596; x_wconf 92' lang='lat' dir='ltr'>v,</span> <span class='ocrx_word' id='word_1_649' title='bbox 3023 2550 3070 2587; x_wconf 94' lang='lat' dir='ltr'>c.</span> <span class='ocrx_word' id='word_1_650' title='bbox 3109 2538 3188 2587; x_wconf 74' lang='lat' dir='ltr'>2t.</span> <span class='ocrx_word' id='word_1_651' title='bbox 3241 2536 3383 2588; x_wconf 91' lang='lat' dir='ltr'>Cum</span> <span class='ocrx_word' id='word_1_652' title='bbox 3435 2540 3678 2603; x_wconf 91' lang='lat' dir='ltr'>primum</span> <span class='ocrx_word' id='word_1_653' title='bbox 3731 2541 3860 2589; x_wconf 85' lang='lat' dir='ltr'>luce</span> 
     </span>
    </p>
   </div>
   <div class='ocr_carea' id='block_1_92' title="bbox 2212 2606 3858 2673">
    <p class='ocr_par' dir='ltr' id='par_1_92' title="bbox 2212 2606 3858 2673">
     <span class='ocr_line' id='line_1_94' title="bbox 2212 2606 3858 2673; baseline 0 -15"><span class='ocrx_word' id='word_1_654' title='bbox 2212 2609 2552 2672; x_wconf 89' lang='lat' dir='ltr'>Evangelica</span> <span class='ocrx_word' id='word_1_655' title='bbox 2604 2606 3030 2672; x_wconf 89' lang='lat' dir='ltr'>perfunderetur</span> <span class='ocrx_word' id='word_1_656' title='bbox 3069 2607 3238 2668; x_wconf 87' lang='lat' dir='ltr'>orbis,</span> <span class='ocrx_word' id='word_1_657' title='bbox 3293 2609 3690 2669; x_wconf 87' lang='lat' dir='ltr'>oblationibus,</span> <span class='ocrx_word' id='word_1_658' title='bbox 3743 2611 3858 2673; x_wconf 86' lang='lat' dir='ltr'>pri—</span> 
     </span>
    </p>
   </div>
   <div class='ocr_carea' id='block_1_93' title="bbox 2213 2679 3861 2743">
    <p class='ocr_par' dir='ltr' id='par_1_93' title="bbox 2213 2679 3861 2743">
     <span class='ocr_line' id='line_1_95' title="bbox 2213 2679 3861 2743; baseline -0.001 -14"><span class='ocrx_word' id='word_1_659' title='bbox 2213 2681 2403 2738; x_wconf 88' lang='lat' dir='ltr'>mitiis,</span> <span class='ocrx_word' id='word_1_660' title='bbox 2444 2679 2726 2743; x_wconf 87' lang='lat' dir='ltr'>sportulis,</span> <span class='ocrx_word' id='word_1_661' title='bbox 2758 2683 2810 2729; x_wconf 88' lang='lat' dir='ltr'>et</span> <span class='ocrx_word' id='word_1_662' title='bbox 2846 2680 3014 2729; x_wconf 86' lang='lat' dir='ltr'>totius</span> <span class='ocrx_word' id='word_1_663' title='bbox 3058 2681 3134 2730; x_wconf 89' lang='lat' dir='ltr'>rei</span> <span class='ocrx_word' id='word_1_664' title='bbox 3178 2679 3443 2730; x_wconf 81' lang='lat' dir='ltr'>famileris</span> <span class='ocrx_word' id='word_1_665' title='bbox 3484 2682 3539 2729; x_wconf 86' lang='lat' dir='ltr'>in</span> <span class='ocrx_word' id='word_1_666' title='bbox 3588 2680 3861 2730; x_wconf 72' lang='lat' dir='ltr'>Ecclesia:</span> 
     </span>
    </p>
   </div>
   <div class='ocr_carea' id='block_1_94' title="bbox 2215 2749 3861 2812">
    <p class='ocr_par' dir='ltr' id='par_1_94' title="bbox 2215 2749 3861 2812">
     <span class='ocr_line' id='line_1_96' title="bbox 2215 2749 3861 2812; baseline 0.001 -13"><span class='ocrx_word' id='word_1_667' title='bbox 2215 2750 2527 2800; x_wconf 89' lang='lat' dir='ltr'>subsidium</span> <span class='ocrx_word' id='word_1_668' title='bbox 2585 2749 3030 2812; x_wconf 89' lang='lat' dir='ltr'>venditionibus,</span> <span class='ocrx_word' id='word_1_669' title='bbox 3087 2750 3229 2799; x_wconf 88' lang='lat' dir='ltr'>nihil</span> <span class='ocrx_word' id='word_1_670' title='bbox 3299 2750 3666 2802; x_wconf 89' lang='lat' dir='ltr'>decantetius.</span> <span class='ocrx_word' id='word_1_671' title='bbox 3742 2751 3861 2800; x_wconf 88' lang='lat' dir='ltr'>lmo</span> 
     </span>
    </p>
   </div>
   <div class='ocr_carea' id='block_1_95' title="bbox 2219 2821 3861 2885">
    <p class='ocr_par' dir='ltr' id='par_1_95' title="bbox 2219 2821 3861 2885">
     <span class='ocr_line' id='line_1_97' title="bbox 2219 2821 3861 2885; baseline 0.001 -14"><span class='ocrx_word' id='word_1_672' title='bbox 2219 2823 2403 2872; x_wconf 79' lang='lat' dir='ltr'>Patres</span> <span class='ocrx_word' id='word_1_673' title='bbox 2473 2822 2845 2885; x_wconf 89' lang='lat' dir='ltr'>antiquissimi</span> <span class='ocrx_word' id='word_1_674' title='bbox 2899 2821 2968 2871; x_wconf 87' lang='lat' dir='ltr'>de</span> <span class='ocrx_word' id='word_1_675' title='bbox 3041 2821 3276 2873; x_wconf 89' lang='lat' dir='ltr'>decimis</span> <span class='ocrx_word' id='word_1_676' title='bbox 3327 2822 3608 2872; x_wconf 85' lang='lat' dir='ltr'>solvendis</span> <span class='ocrx_word' id='word_1_677' title='bbox 3669 2821 3861 2872; x_wconf 78' lang='lat' dir='ltr'>verbis</span> 
     </span>
    </p>
   </div>
   <div class='ocr_carea' id='block_1_96' title="bbox 2216 2893 3861 2958">
    <p class='ocr_par' dir='ltr' id='par_1_96' title="bbox 2216 2893 3861 2958">
     <span class='ocr_line' id='line_1_98' title="bbox 2216 2893 3861 2958; baseline -0.001 -15"><span class='ocrx_word' id='word_1_678' title='bbox 2216 2893 2595 2943; x_wconf 89' lang='lat' dir='ltr'>disertissimis</span> <span class='ocrx_word' id='word_1_679' title='bbox 2637 2893 2927 2943; x_wconf 87' lang='lat' dir='ltr'>mandant.</span> <span class='ocrx_word' id='word_1_680' title='bbox 2968 2894 3112 2944; x_wconf 90' lang='lat' dir='ltr'>Iren.</span> <span class='ocrx_word' id='word_1_681' title='bbox 3151 2895 3187 2944; x_wconf 93' lang='lat' dir='ltr'>l.</span> <span class='ocrx_word' id='word_1_682' title='bbox 3227 2908 3305 2953; x_wconf 76' lang='grc' dir='ltr'><strong>ιν,</strong></span> <span class='ocrx_word' id='word_1_683' title='bbox 3337 2909 3385 2946; x_wconf 90' lang='lat' dir='ltr'>c.</span> <span class='ocrx_word' id='word_1_684' title='bbox 3431 2895 3511 2958; x_wconf 68' lang='lat'>90,</span> <span class='ocrx_word' id='word_1_685' title='bbox 3539 2896 3617 2944; x_wconf 88' lang='lat' dir='ltr'>ait</span> <span class='ocrx_word' id='word_1_686' title='bbox 3648 2911 3661 2942; x_wconf 91' lang='lat'><strong>:</strong></span> <span class='ocrx_word' id='word_1_687' title='bbox 3695 2913 3724 2939; x_wconf 70' lang='grc' dir='ltr'>α</span> <span class='ocrx_word' id='word_1_688' title='bbox 3760 2895 3861 2945; x_wconf 83' lang='lat' dir='ltr'>Sa-</span> 
     </span>
    </p>
   </div>
   <div class='ocr_carea' id='block_1_97' title="bbox 2217 2964 3857 3029">
    <p class='ocr_par' dir='ltr' id='par_1_97' title="bbox 2217 2964 3857 3029">
     <span class='ocr_line' id='line_1_99' title="bbox 2217 2964 3857 3029; baseline -0.001 -14"><span class='ocrx_word' id='word_1_689' title='bbox 2217 2964 2470 3015; x_wconf 89' lang='lat' dir='ltr'>cerdotes</span> <span class='ocrx_word' id='word_1_690' title='bbox 2515 2967 2645 3013; x_wconf 88' lang='lat' dir='ltr'>sunt</span> <span class='ocrx_word' id='word_1_691' title='bbox 2695 2977 2889 3013; x_wconf 89' lang='lat' dir='ltr'>omnes</span> <span class='ocrx_word' id='word_1_692' title='bbox 2935 2965 3158 3014; x_wconf 90' lang='lat' dir='ltr'>Domini</span> <span class='ocrx_word' id='word_1_693' title='bbox 3208 2964 3464 3029; x_wconf 87' lang='lat' dir='ltr'>apostoli,</span> <span class='ocrx_word' id='word_1_694' title='bbox 3519 2967 3618 3029; x_wconf 89' lang='lat' dir='ltr'>qui</span> <span class='ocrx_word' id='word_1_695' title='bbox 3665 2978 3857 3029; x_wconf 89' lang='lat' dir='ltr'>neque</span> 
     </span>
    </p>
   </div>
   <div class='ocr_carea' id='block_1_98' title="bbox 2217 3035 3861 3100">
    <p class='ocr_par' dir='ltr' id='par_1_98' title="bbox 2217 3035 3861 3100">
     <span class='ocr_line' id='line_1_100' title="bbox 2217 3035 3861 3100; baseline 0.001 -15"><span class='ocrx_word' id='word_1_696' title='bbox 2217 3049 2398 3100; x_wconf 90' lang='lat' dir='ltr'>egros,</span> <span class='ocrx_word' id='word_1_697' title='bbox 2451 3049 2638 3100; x_wconf 87' lang='lat' dir='ltr'>neque</span> <span class='ocrx_word' id='word_1_698' title='bbox 2683 3035 2882 3085; x_wconf 92' lang='lat' dir='ltr'>domos</span> <span class='ocrx_word' id='word_1_699' title='bbox 2930 3035 3265 3087; x_wconf 69' lang='lat' dir='ltr'>hwreditant</span> <span class='ocrx_word' id='word_1_700' title='bbox 3321 3036 3432 3099; x_wconf 89' lang='lat' dir='ltr'>hic,</span> <span class='ocrx_word' id='word_1_701' title='bbox 3486 3036 3582 3088; x_wconf 90' lang='lat' dir='ltr'>sed</span> <span class='ocrx_word' id='word_1_702' title='bbox 3635 3051 3861 3100; x_wconf 84' lang='lat' dir='ltr'>semper</span> 
     </span>
    </p>
   </div>
   <div class='ocr_carea' id='block_1_99' title="bbox 2218 3107 3861 3172">
    <p class='ocr_par' dir='ltr' id='par_1_99' title="bbox 2218 3107 3861 3172">
     <span class='ocr_line' id='line_1_101' title="bbox 2218 3107 3861 3172; baseline 0 -15"><span class='ocrx_word' id='word_1_703' title='bbox 2218 3108 2376 3157; x_wconf 89' lang='lat' dir='ltr'>altari</span> <span class='ocrx_word' id='word_1_704' title='bbox 2404 3112 2460 3158; x_wconf 90' lang='lat' dir='ltr'>et</span> <span class='ocrx_word' id='word_1_705' title='bbox 2499 3108 2617 3157; x_wconf 91' lang='lat' dir='ltr'>Deo</span> <span class='ocrx_word' id='word_1_706' title='bbox 2654 3108 2920 3157; x_wconf 85' lang='lat' dir='ltr'>serviunt.</span> <span class='ocrx_word' id='word_1_707' title='bbox 2950 3108 3032 3157; x_wconf 90' lang='lat' dir='ltr'>De</span> <span class='ocrx_word' id='word_1_708' title='bbox 3083 3107 3290 3172; x_wconf 88' lang='lat' dir='ltr'>quibus</span> <span class='ocrx_word' id='word_1_709' title='bbox 3336 3112 3392 3160; x_wconf 87' lang='lat' dir='ltr'>et</span> <span class='ocrx_word' id='word_1_710' title='bbox 3432 3108 3650 3170; x_wconf 74' lang='lat' dir='ltr'>Moyses</span> <span class='ocrx_word' id='word_1_711' title='bbox 3684 3123 3697 3156; x_wconf 92' lang='lat'><strong>:</strong></span> <span class='ocrx_word' id='word_1_712' title='bbox 3740 3109 3861 3159; x_wconf 76' lang='lat' dir='ltr'>Non</span> 
     </span>
    </p>
   </div>
   <div class='ocr_carea' id='block_1_100' title="bbox 2217 3177 3860 3242">
    <p class='ocr_par' dir='ltr' id='par_1_100' title="bbox 2217 3177 3860 3242">
     <span class='ocr_line' id='line_1_102' title="bbox 2217 3177 3860 3242; baseline 0.002 -17"><span class='ocrx_word' id='word_1_713' title='bbox 2217 3180 2322 3227; x_wconf 86' lang='lat' dir='ltr'>erit</span> <span class='ocrx_word' id='word_1_714' title='bbox 2363 3178 2725 3229; x_wconf 84' lang='lat' dir='ltr'>sacerdotibus</span> <span class='ocrx_word' id='word_1_715' title='bbox 2763 3177 2955 3229; x_wconf 76' lang='lat' dir='ltr'>Levitis</span> <span class='ocrx_word' id='word_1_716' title='bbox 2999 3177 3050 3226; x_wconf 88' lang='lat' dir='ltr'>in</span> <span class='ocrx_word' id='word_1_717' title='bbox 3095 3181 3206 3226; x_wconf 87' lang='lat' dir='ltr'>tota</span> <span class='ocrx_word' id='word_1_718' title='bbox 3248 3177 3388 3226; x_wconf 82' lang='lat' dir='ltr'>tribu</span> <span class='ocrx_word' id='word_1_719' title='bbox 3429 3180 3549 3227; x_wconf 80' lang='lat' dir='ltr'>Leri</span> <span class='ocrx_word' id='word_1_720' title='bbox 3592 3193 3738 3242; x_wconf 83' lang='lat' dir='ltr'>pars,</span> <span class='ocrx_word' id='word_1_721' title='bbox 3767 3194 3860 3228; x_wconf 89' lang='lat' dir='ltr'>ne—</span> 
     </span>
    </p>
   </div>
   <div class='ocr_carea' id='block_1_101' title="bbox 2217 3247 3861 3313">
    <p class='ocr_par' dir='ltr' id='par_1_101' title="bbox 2217 3247 3861 3313">
     <span class='ocr_line' id='line_1_103' title="bbox 2217 3247 3861 3313; baseline 0 -14"><span class='ocrx_word' id='word_1_722' title='bbox 2217 3263 2317 3313; x_wconf 86' lang='lat' dir='ltr'>que</span> <span class='ocrx_word' id='word_1_723' title='bbox 2365 3249 2656 3300; x_wconf 80' lang='lat' dir='ltr'>substantia</span> <span class='ocrx_word' id='word_1_724' title='bbox 2707 3263 2822 3298; x_wconf 90' lang='lat' dir='ltr'>cum</span> <span class='ocrx_word' id='word_1_725' title='bbox 2877 3247 3042 3298; x_wconf 87' lang='lat' dir='ltr'>Israel</span> <span class='ocrx_word' id='word_1_726' title='bbox 3085 3264 3101 3298; x_wconf 91' lang='lat'><em>:</em></span> <span class='ocrx_word' id='word_1_727' title='bbox 3160 3248 3584 3312; x_wconf 81' lang='lat' dir='ltr'>[ructi/icationes</span> <span class='ocrx_word' id='word_1_728' title='bbox 3653 3252 3861 3299; x_wconf 77' lang='lat' dir='ltr'>Domini</span> 
     </span>
    </p>
   </div>
   <div class='ocr_carea' id='block_1_102' title="bbox 2214 3319 3864 3385">
    <p class='ocr_par' dir='ltr' id='par_1_102' title="bbox 2214 3319 3864 3385">
     <span class='ocr_line' id='line_1_104' title="bbox 2214 3319 3864 3385; baseline 0.001 -16"><span class='ocrx_word' id='word_1_729' title='bbox 2214 3320 2504 3371; x_wconf 85' lang='lat' dir='ltr'>substantia</span> <span class='ocrx_word' id='word_1_730' title='bbox 2549 3334 2727 3370; x_wconf 85' lang='lat' dir='ltr'>eorum</span> <span class='ocrx_word' id='word_1_731' title='bbox 2786 3319 3178 3370; x_wconf 84' lang='lat' dir='ltr'>manducabunt</span> <span class='ocrx_word' id='word_1_732' title='bbox 3223 3333 3330 3370; x_wconf 82' lang='lat' dir='ltr'>ens.</span> <span class='ocrx_word' id='word_1_733' title='bbox 3379 3321 3604 3385; x_wconf 85' lang='lat' dir='ltr'>Propter</span> <span class='ocrx_word' id='word_1_734' title='bbox 3649 3322 3762 3372; x_wconf 91' lang='lat' dir='ltr'>hoc</span> <span class='ocrx_word' id='word_1_735' title='bbox 3809 3326 3864 3372; x_wconf 88' lang='lat' dir='ltr'>et</span> 
     </span>
    </p>
   </div>
   <div class='ocr_carea' id='block_1_103' title="bbox 2220 3392 3862 3458">
    <p class='ocr_par' dir='ltr' id='par_1_103' title="bbox 2220 3392 3862 3458">
     <span class='ocr_line' id='line_1_105' title="bbox 2220 3392 3862 3458; baseline -0.001 -16"><span class='ocrx_word' id='word_1_736' title='bbox 2220 3393 2426 3442; x_wconf 83' lang='lat' dir='ltr'>Paulus</span> <span class='ocrx_word' id='word_1_737' title='bbox 2476 3407 2489 3439; x_wconf 91' lang='lat'><strong>:</strong></span> <span class='ocrx_word' id='word_1_738' title='bbox 2537 3395 2652 3444; x_wconf 82' lang='lat' dir='ltr'>Non</span> <span class='ocrx_word' id='word_1_739' title='bbox 2710 3392 2940 3454; x_wconf 86' lang='lat' dir='ltr'>inquiro,</span> <span class='ocrx_word' id='word_1_740' title='bbox 2993 3392 3182 3455; x_wconf 76' lang='lat' dir='ltr'>inquit,</span> <span class='ocrx_word' id='word_1_741' title='bbox 3237 3392 3449 3452; x_wconf 86' lang='lat' dir='ltr'>datum,</span> <span class='ocrx_word' id='word_1_742' title='bbox 3499 3393 3593 3440; x_wconf 78' lang='lat' dir='ltr'>sed</span> <span class='ocrx_word' id='word_1_743' title='bbox 3639 3395 3862 3458; x_wconf 79' lang='lat' dir='ltr'>inquiro</span> 
     </span>
    </p>
   </div>
   <div class='ocr_carea' id='block_1_104' title="bbox 2216 3463 3862 3529">
    <p class='ocr_par' dir='ltr' id='par_1_104' title="bbox 2216 3463 3862 3529">
     <span class='ocr_line' id='line_1_106' title="bbox 2216 3463 3862 3529; baseline 0.001 -15"><span class='ocrx_word' id='word_1_744' title='bbox 2216 3463 2463 3526; x_wconf 80' lang='lat' dir='ltr'>fructum.</span> <span class='ocrx_word' id='word_1_745' title='bbox 2502 3480 2533 3512; x_wconf 66' lang='grc' dir='ltr'>ι</span> <span class='ocrx_word' id='word_1_746' title='bbox 2561 3465 2632 3514; x_wconf 87' lang='lat' dir='ltr'>Et</span> <span class='ocrx_word' id='word_1_747' title='bbox 2671 3463 2730 3513; x_wconf 91' lang='lat' dir='ltr'>in</span> <span class='ocrx_word' id='word_1_748' title='bbox 2778 3463 2973 3514; x_wconf 89' lang='lat' dir='ltr'>eodem</span> <span class='ocrx_word' id='word_1_749' title='bbox 3014 3463 3110 3512; x_wconf 92' lang='lat' dir='ltr'>lib.</span> <span class='ocrx_word' id='word_1_750' title='bbox 3152 3477 3199 3514; x_wconf 93' lang='lat' dir='ltr'>c.</span> <span class='ocrx_word' id='word_1_751' title='bbox 3246 3465 3348 3514; x_wconf 74' lang='lat'>27:</span> <span class='ocrx_word' id='word_1_752' title='bbox 3400 3483 3429 3510; x_wconf 84' lang='lat'><em>«</em></span> <span class='ocrx_word' id='word_1_753' title='bbox 3470 3466 3698 3529; x_wconf 90' lang='lat' dir='ltr'>Propter</span> <span class='ocrx_word' id='word_1_754' title='bbox 3749 3466 3862 3516; x_wconf 88' lang='lat' dir='ltr'>hoc</span> 
     </span>
    </p>
   </div>
   <div class='ocr_carea' id='block_1_105' title="bbox 2217 3534 3860 3600">
    <p class='ocr_par' dir='ltr' id='par_1_105' title="bbox 2217 3534 3860 3600">
     <span class='ocr_line' id='line_1_107' title="bbox 2217 3534 3860 3600; baseline 0.001 -14"><span class='ocrx_word' id='word_1_755' title='bbox 2217 3537 2510 3597; x_wconf 90' lang='lat' dir='ltr'>Dominus,</span> <span class='ocrx_word' id='word_1_756' title='bbox 2553 3548 2652 3600; x_wconf 91' lang='lat' dir='ltr'>pro</span> <span class='ocrx_word' id='word_1_757' title='bbox 2705 3548 2771 3585; x_wconf 92' lang='lat' dir='ltr'>eo</span> <span class='ocrx_word' id='word_1_758' title='bbox 2824 3534 2974 3599; x_wconf 91' lang='lat' dir='ltr'>quod</span> <span class='ocrx_word' id='word_1_759' title='bbox 3028 3539 3129 3598; x_wconf 88' lang='lat' dir='ltr'>est,</span> <span class='ocrx_word' id='word_1_760' title='bbox 3177 3537 3287 3586; x_wconf 71' lang='lat' dir='ltr'>Aen</span> <span class='ocrx_word' id='word_1_761' title='bbox 3340 3537 3690 3599; x_wconf 67' lang='lat' dir='ltr'>machaberis,</span> <span class='ocrx_word' id='word_1_762' title='bbox 3745 3551 3860 3587; x_wconf 90' lang='lat' dir='ltr'>non</span> 
     </span>
    </p>
   </div>
   <div class='ocr_carea' id='block_1_106' title="bbox 2217 3607 3862 3671">
    <p class='ocr_par' dir='ltr' id='par_1_106' title="bbox 2217 3607 3862 3671">
     <span class='ocr_line' id='line_1_108' title="bbox 2217 3607 3862 3671; baseline -0.002 -13"><span class='ocrx_word' id='word_1_763' title='bbox 2217 3608 2612 3671; x_wconf 88' lang='lat' dir='ltr'>concupiscere</span> <span class='ocrx_word' id='word_1_764' title='bbox 2665 3607 2973 3671; x_wconf 66' lang='lat' dir='ltr'>praecepit:</span> <span class='ocrx_word' id='word_1_765' title='bbox 3014 3611 3070 3656; x_wconf 89' lang='lat' dir='ltr'>et</span> <span class='ocrx_word' id='word_1_766' title='bbox 3117 3620 3216 3670; x_wconf 90' lang='lat' dir='ltr'>pro</span> <span class='ocrx_word' id='word_1_767' title='bbox 3261 3620 3328 3657; x_wconf 91' lang='lat' dir='ltr'>eo</span> <span class='ocrx_word' id='word_1_768' title='bbox 3366 3607 3515 3671; x_wconf 90' lang='lat' dir='ltr'>quod</span> <span class='ocrx_word' id='word_1_769' title='bbox 3560 3613 3690 3657; x_wconf 86' lang='lat' dir='ltr'>est:</span> <span class='ocrx_word' id='word_1_770' title='bbox 3742 3611 3862 3660; x_wconf 71' lang='lat' dir='ltr'>Non</span> 
     </span>
    </p>
   </div>
   <div class='ocr_carea' id='block_1_107' title="bbox 2216 3677 3863 3743">
    <p class='ocr_par' dir='ltr' id='par_1_107' title="bbox 2216 3677 3863 3743">
     <span class='ocr_line' id='line_1_109' title="bbox 2216 3677 3863 3743; baseline 0.001 -16"><span class='ocrx_word' id='word_1_771' title='bbox 2216 3678 2434 3738; x_wconf 85' lang='lat' dir='ltr'>occides,</span> <span class='ocrx_word' id='word_1_772' title='bbox 2463 3691 2647 3743; x_wconf 89' lang='lat' dir='ltr'>neque</span> <span class='ocrx_word' id='word_1_773' title='bbox 2690 3677 2852 3727; x_wconf 88' lang='lat' dir='ltr'>irasci</span> <span class='ocrx_word' id='word_1_774' title='bbox 2906 3677 3132 3742; x_wconf 86' lang='lat' dir='ltr'>quidem</span> <span class='ocrx_word' id='word_1_775' title='bbox 3171 3694 3183 3727; x_wconf 92' lang='lat'>:</span> <span class='ocrx_word' id='word_1_776' title='bbox 3229 3683 3283 3728; x_wconf 91' lang='lat' dir='ltr'>et</span> <span class='ocrx_word' id='word_1_777' title='bbox 3325 3693 3421 3742; x_wconf 91' lang='lat' dir='ltr'>pro</span> <span class='ocrx_word' id='word_1_778' title='bbox 3473 3693 3538 3730; x_wconf 89' lang='lat' dir='ltr'>eo</span> <span class='ocrx_word' id='word_1_779' title='bbox 3584 3679 3738 3743; x_wconf 90' lang='lat' dir='ltr'>quod</span> <span class='ocrx_word' id='word_1_780' title='bbox 3780 3684 3863 3729; x_wconf 88' lang='lat' dir='ltr'>est</span> 
     </span>
    </p>
   </div>
   <div class='ocr_carea' id='block_1_108' title="bbox 2218 3748 3859 3814">
    <p class='ocr_par' dir='ltr' id='par_1_108' title="bbox 2218 3748 3859 3814">
     <span class='ocr_line' id='line_1_110' title="bbox 2218 3748 3859 3814; baseline 0.001 -16"><span class='ocrx_word' id='word_1_781' title='bbox 2218 3748 2516 3810; x_wconf 88' lang='lat' dir='ltr'>decimare,</span> <span class='ocrx_word' id='word_1_782' title='bbox 2574 3750 2767 3798; x_wconf 88' lang='lat' dir='ltr'>omnia</span> <span class='ocrx_word' id='word_1_783' title='bbox 2829 3762 2956 3812; x_wconf 65' lang='lat' dir='ltr'>quae</span> <span class='ocrx_word' id='word_1_784' title='bbox 3007 3753 3141 3798; x_wconf 91' lang='lat' dir='ltr'>sunt</span> <span class='ocrx_word' id='word_1_785' title='bbox 3193 3749 3528 3814; x_wconf 86' lang='lat' dir='ltr'>pauperibus</span> <span class='ocrx_word' id='word_1_786' title='bbox 3588 3749 3859 3801; x_wconf 88' lang='lat' dir='ltr'>dividere.</span> 
     </span>
    </p>
   </div>
   <div class='ocr_carea' id='block_1_109' title="bbox 2218 3819 3862 3884">
    <p class='ocr_par' dir='ltr' id='par_1_109' title="bbox 2218 3819 3862 3884">
     <span class='ocr_line' id='line_1_111' title="bbox 2218 3819 3862 3884; baseline -0.001 -13"><span class='ocrx_word' id='word_1_787' title='bbox 2218 3821 2355 3871; x_wconf 68' lang='lat' dir='ltr'>Haec</span> <span class='ocrx_word' id='word_1_788' title='bbox 2399 3821 2587 3870; x_wconf 87' lang='lat' dir='ltr'>omnia</span> <span class='ocrx_word' id='word_1_789' title='bbox 2626 3832 2736 3869; x_wconf 88' lang='lat' dir='ltr'>non</span> <span class='ocrx_word' id='word_1_790' title='bbox 2783 3819 3134 3871; x_wconf 88' lang='lat' dir='ltr'>dissolventis</span> <span class='ocrx_word' id='word_1_791' title='bbox 3177 3821 3353 3884; x_wconf 88' lang='lat' dir='ltr'>legem</span> <span class='ocrx_word' id='word_1_792' title='bbox 3400 3826 3592 3880; x_wconf 90' lang='lat' dir='ltr'>erant,</span> <span class='ocrx_word' id='word_1_793' title='bbox 3627 3822 3727 3872; x_wconf 87' lang='lat' dir='ltr'>sed</span> <span class='ocrx_word' id='word_1_794' title='bbox 3769 3836 3862 3871; x_wconf 85' lang='lat' dir='ltr'>ex-</span> 
     </span>
    </p>
   </div>
   <div class='ocr_carea' id='block_1_110' title="bbox 2217 3891 3861 3956">
    <p class='ocr_par' dir='ltr' id='par_1_110' title="bbox 2217 3891 3861 3956">
     <span class='ocr_line' id='line_1_112' title="bbox 2217 3891 3861 3956; baseline 0 -16"><span class='ocrx_word' id='word_1_795' title='bbox 2217 3891 2498 3942; x_wconf 86' lang='lat' dir='ltr'>tendentis</span> <span class='ocrx_word' id='word_1_796' title='bbox 2542 3895 2596 3942; x_wconf 91' lang='lat' dir='ltr'>et</span> <span class='ocrx_word' id='word_1_797' title='bbox 2638 3891 2935 3941; x_wconf 87' lang='lat' dir='ltr'>dilatentis.</span> <span class='ocrx_word' id='word_1_798' title='bbox 2965 3907 2996 3939; x_wconf 61' lang='grc' dir='ltr'>θ</span> <span class='ocrx_word' id='word_1_799' title='bbox 3026 3891 3194 3942; x_wconf 90' lang='lat' dir='ltr'>Porro</span> <span class='ocrx_word' id='word_1_800' title='bbox 3223 3905 3270 3942; x_wconf 93' lang='lat' dir='ltr'>c.</span> <span class='ocrx_word' id='word_1_801' title='bbox 3305 3894 3402 3943; x_wconf 71' lang='grc' dir='ltr'><strong>διε</strong></span> <span class='ocrx_word' id='word_1_802' title='bbox 3436 3910 3464 3936; x_wconf 77' lang='grc' dir='ltr'><strong><em>α</em></strong></span> <span class='ocrx_word' id='word_1_803' title='bbox 3494 3892 3584 3942; x_wconf 92' lang='lat' dir='ltr'>Illi</span> <span class='ocrx_word' id='word_1_804' title='bbox 3628 3891 3861 3956; x_wconf 88' lang='lat' dir='ltr'>quidem</span> 
     </span>
    </p>
   </div>
   <div class='ocr_carea' id='block_1_111' title="bbox 2217 3962 3857 4027">
    <p class='ocr_par' dir='ltr' id='par_1_111' title="bbox 2217 3962 3857 4027">
     <span class='ocr_line' id='line_1_113' title="bbox 2217 3962 3857 4027; baseline -0.002 -15"><span class='ocrx_word' id='word_1_805' title='bbox 2217 3962 2462 4013; x_wconf 87' lang='lat' dir='ltr'>decimas</span> <span class='ocrx_word' id='word_1_806' title='bbox 2504 3977 2735 4014; x_wconf 91' lang='lat' dir='ltr'>suorum</span> <span class='ocrx_word' id='word_1_807' title='bbox 2786 3962 3070 4014; x_wconf 90' lang='lat' dir='ltr'>habebant</span> <span class='ocrx_word' id='word_1_808' title='bbox 3113 3968 3492 4021; x_wconf 91' lang='lat' dir='ltr'>consecrates,</span> <span class='ocrx_word' id='word_1_809' title='bbox 3519 3963 3617 4027; x_wconf 90' lang='lat' dir='ltr'>qui</span> <span class='ocrx_word' id='word_1_810' title='bbox 3669 3965 3857 4010; x_wconf 87' lang='lat' dir='ltr'>autem</span> 
     </span>
    </p>
   </div>
   <div class='ocr_carea' id='block_1_112' title="bbox 2217 4033 3859 4099">
    <p class='ocr_par' dir='ltr' id='par_1_112' title="bbox 2217 4033 3859 4099">
     <span class='ocr_line' id='line_1_114' title="bbox 2217 4033 3859 4099; baseline 0.001 -17"><span class='ocrx_word' id='word_1_811' title='bbox 2217 4038 2582 4098; x_wconf 89' lang='lat' dir='ltr'>perceperunt</span> <span class='ocrx_word' id='word_1_812' title='bbox 2627 4033 2960 4095; x_wconf 88' lang='lat' dir='ltr'>libertatem,</span> <span class='ocrx_word' id='word_1_813' title='bbox 3007 4035 3193 4085; x_wconf 89' lang='lat' dir='ltr'>omnia</span> <span class='ocrx_word' id='word_1_814' title='bbox 3245 4047 3375 4099; x_wconf 71' lang='lat' dir='ltr'>quae</span> <span class='ocrx_word' id='word_1_815' title='bbox 3420 4040 3552 4084; x_wconf 90' lang='lat' dir='ltr'>sunt</span> <span class='ocrx_word' id='word_1_816' title='bbox 3609 4035 3859 4098; x_wconf 84' lang='lat' dir='ltr'>ipsorum</span> 
     </span>
    </p>
   </div>
   <div class='ocr_carea' id='block_1_113' title="bbox 2217 4104 3860 4162">
    <p class='ocr_par' dir='ltr' id='par_1_113' title="bbox 2217 4104 3860 4162">
     <span class='ocr_line' id='line_1_115' title="bbox 2217 4104 3860 4162; baseline 0.001 -9"><span class='ocrx_word' id='word_1_817' title='bbox 2217 4104 2288 4154; x_wconf 90' lang='lat' dir='ltr'>ad</span> <span class='ocrx_word' id='word_1_818' title='bbox 2330 4105 2640 4155; x_wconf 87' lang='lat' dir='ltr'>dominicos</span> <span class='ocrx_word' id='word_1_819' title='bbox 2696 4104 3002 4156; x_wconf 86' lang='lat' dir='ltr'>decernunt</span> <span class='ocrx_word' id='word_1_820' title='bbox 3049 4117 3222 4162; x_wconf 90' lang='lat' dir='ltr'>usus;</span> <span class='ocrx_word' id='word_1_821' title='bbox 3276 4105 3526 4156; x_wconf 86' lang='lat' dir='ltr'>hilariter</span> <span class='ocrx_word' id='word_1_822' title='bbox 3576 4110 3628 4155; x_wconf 91' lang='lat' dir='ltr'>et</span> <span class='ocrx_word' id='word_1_823' title='bbox 3689 4107 3860 4156; x_wconf 83' lang='lat' dir='ltr'>libere</span> 
     </span>
    </p>
   </div>
   <div class='ocr_carea' id='block_1_114' title="bbox 2218 4175 3859 4241">
    <p class='ocr_par' dir='ltr' id='par_1_114' title="bbox 2218 4175 3859 4241">
     <span class='ocr_line' id='line_1_116' title="bbox 2218 4175 3859 4241; baseline 0.002 -17"><span class='ocrx_word' id='word_1_824' title='bbox 2218 4175 2434 4232; x_wconf 90' lang='lat' dir='ltr'>dantes,</span> <span class='ocrx_word' id='word_1_825' title='bbox 2469 4189 2533 4226; x_wconf 87' lang='lat' dir='ltr'>ea</span> <span class='ocrx_word' id='word_1_826' title='bbox 2563 4190 2690 4239; x_wconf 63' lang='lat' dir='ltr'>quas</span> <span class='ocrx_word' id='word_1_827' title='bbox 2727 4189 2841 4227; x_wconf 91' lang='lat' dir='ltr'>non</span> <span class='ocrx_word' id='word_1_828' title='bbox 2867 4179 3002 4226; x_wconf 88' lang='lat' dir='ltr'>sunt</span> <span class='ocrx_word' id='word_1_829' title='bbox 3043 4178 3278 4234; x_wconf 89' lang='lat' dir='ltr'>minora,</span> <span class='ocrx_word' id='word_1_830' title='bbox 3346 4180 3537 4241; x_wconf 86' lang='lat' dir='ltr'>utpote</span> <span class='ocrx_word' id='word_1_831' title='bbox 3589 4181 3859 4241; x_wconf 85' lang='lat' dir='ltr'>majorem</span> 
     </span>
    </p>
   </div>
   <div class='ocr_carea' id='block_1_115' title="bbox 2215 4247 3859 4312">
    <p class='ocr_par' dir='ltr' id='par_1_115' title="bbox 2215 4247 3859 4312">
     <span class='ocr_line' id='line_1_117' title="bbox 2215 4247 3859 4312; baseline -0.001 -14"><span class='ocrx_word' id='word_1_832' title='bbox 2215 4261 2371 4312; x_wconf 90' lang='lat' dir='ltr'>spem</span> <span class='ocrx_word' id='word_1_833' title='bbox 2405 4247 2694 4298; x_wconf 90' lang='lat' dir='ltr'>habentes.</span> <span class='ocrx_word' id='word_1_834' title='bbox 2723 4266 2750 4294; x_wconf 87' lang='lat'>»</span> <span class='ocrx_word' id='word_1_835' title='bbox 2801 4247 2897 4298; x_wconf 88' lang='lat' dir='ltr'>Sic</span> <span class='ocrx_word' id='word_1_836' title='bbox 2930 4248 3152 4312; x_wconf 87' lang='lat' dir='ltr'>Origeu.</span> <span class='ocrx_word' id='word_1_837' title='bbox 3206 4250 3260 4297; x_wconf 90' lang='lat' dir='ltr'>in</span> <span class='ocrx_word' id='word_1_838' title='bbox 3297 4261 3345 4299; x_wconf 91' lang='lat' dir='ltr'>c.</span> <span class='ocrx_word' id='word_1_839' title='bbox 3384 4261 3519 4299; x_wconf 83' lang='lat' dir='ltr'>xvm</span> <span class='ocrx_word' id='word_1_840' title='bbox 3574 4249 3806 4298; x_wconf 81' lang='lat' dir='ltr'>Numer.</span> <span class='ocrx_word' id='word_1_841' title='bbox 3848 4265 3859 4297; x_wconf 96' lang='lat'><strong>:</strong></span> 
     </span>
    </p>
   </div>
   <div class='ocr_carea' id='block_1_116' title="bbox 2217 4319 3863 4384">
    <p class='ocr_par' dir='ltr' id='par_1_116' title="bbox 2217 4319 3863 4384">
     <span class='ocr_line' id='line_1_118' title="bbox 2217 4319 3863 4384; baseline 0.002 -17"><span class='ocrx_word' id='word_1_842' title='bbox 2217 4335 2248 4367; x_wconf 67' lang='grc' dir='ltr'>ε</span> <span class='ocrx_word' id='word_1_843' title='bbox 2299 4320 2471 4369; x_wconf 91' lang='lat' dir='ltr'>Nemo</span> <span class='ocrx_word' id='word_1_844' title='bbox 2527 4319 2676 4368; x_wconf 88' lang='lat' dir='ltr'>licite</span> <span class='ocrx_word' id='word_1_845' title='bbox 2730 4332 2837 4369; x_wconf 89' lang='lat' dir='ltr'>nec</span> <span class='ocrx_word' id='word_1_846' title='bbox 2888 4319 3130 4384; x_wconf 89' lang='lat' dir='ltr'>legitime</span> <span class='ocrx_word' id='word_1_847' title='bbox 3175 4320 3352 4369; x_wconf 88' lang='lat' dir='ltr'>utitur</span> <span class='ocrx_word' id='word_1_848' title='bbox 3396 4319 3673 4370; x_wconf 84' lang='lat' dir='ltr'>fructibus</span> <span class='ocrx_word' id='word_1_849' title='bbox 3721 4335 3863 4384; x_wconf 81' lang='lat' dir='ltr'>quos</span> 
     </span>
    </p>
   </div>
   <div class='ocr_carea' id='block_1_117' title="bbox 2218 4389 3862 4455">
    <p class='ocr_par' dir='ltr' id='par_1_117' title="bbox 2218 4389 3862 4455">
     <span class='ocr_line' id='line_1_119' title="bbox 2218 4389 3862 4455; baseline 0 -15"><span class='ocrx_word' id='word_1_850' title='bbox 2218 4395 2361 4440; x_wconf 86' lang='lat' dir='ltr'>terra</span> <span class='ocrx_word' id='word_1_851' title='bbox 2406 4389 2667 4453; x_wconf 86' lang='lat' dir='ltr'>produxit</span> <span class='ocrx_word' id='word_1_852' title='bbox 2691 4403 2795 4440; x_wconf 89' lang='lat' dir='ltr'>nec</span> <span class='ocrx_word' id='word_1_853' title='bbox 2836 4389 3214 4440; x_wconf 90' lang='lat' dir='ltr'>animantibus</span> <span class='ocrx_word' id='word_1_854' title='bbox 3244 4405 3371 4454; x_wconf 69' lang='lat' dir='ltr'>quin</span> <span class='ocrx_word' id='word_1_855' title='bbox 3401 4390 3682 4454; x_wconf 90' lang='lat' dir='ltr'>pecudum</span> <span class='ocrx_word' id='word_1_856' title='bbox 3731 4405 3862 4455; x_wconf 80' lang='lat' dir='ltr'>pro-</span> 
     </span>
    </p>
   </div>
   <div class='ocr_carea' id='block_1_118' title="bbox 2219 4460 3865 4526">
    <p class='ocr_par' dir='ltr' id='par_1_118' title="bbox 2219 4460 3865 4526">
     <span class='ocr_line' id='line_1_120' title="bbox 2219 4460 3865 4526; baseline 0.001 -16"><span class='ocrx_word' id='word_1_857' title='bbox 2219 4462 2345 4510; x_wconf 86' lang='lat' dir='ltr'>tulit</span> <span class='ocrx_word' id='word_1_858' title='bbox 2374 4465 2580 4525; x_wconf 89' lang='lat' dir='ltr'>partus,</span> <span class='ocrx_word' id='word_1_859' title='bbox 2621 4462 2729 4510; x_wconf 89' lang='lat' dir='ltr'>nisi</span> <span class='ocrx_word' id='word_1_860' title='bbox 2774 4475 2841 4510; x_wconf 87' lang='lat' dir='ltr'>ex</span> <span class='ocrx_word' id='word_1_861' title='bbox 2883 4460 3118 4524; x_wconf 84' lang='lat' dir='ltr'>singulis</span> <span class='ocrx_word' id='word_1_862' title='bbox 3165 4462 3482 4525; x_wconf 87' lang='lat' dir='ltr'>quibusque</span> <span class='ocrx_word' id='word_1_863' title='bbox 3513 4463 3635 4512; x_wconf 87' lang='lat' dir='ltr'>Deo</span> <span class='ocrx_word' id='word_1_864' title='bbox 3677 4465 3865 4526; x_wconf 83' lang='lat' dir='ltr'>primi-</span> 
     </span>
    </p>
   </div>
   <div class='ocr_carea' id='block_1_119' title="bbox 480 4515 3864 4597">
    <p class='ocr_par' dir='ltr' id='par_1_119' title="bbox 480 4515 3864 4597">
     <span class='ocr_line' id='line_1_121' title="bbox 480 4515 3864 4597; baseline -0.002 -9"><span class='ocrx_word' id='word_1_865' title='bbox 480 4523 802 4597; x_wconf 58' lang='grc' dir='ltr'>Ῑιξὼθξιάυῐξὶ</span> <span class='ocrx_word' id='word_1_866' title='bbox 829 4525 874 4573; x_wconf 70' lang='lat' dir='ltr'>3i</span> <span class='ocrx_word' id='word_1_867' title='bbox 898 4537 1145 4597; x_wconf 49' lang='lat' dir='ltr'>“nquam</span> <span class='ocrx_word' id='word_1_868' title='bbox 1171 4521 1606 4597; x_wconf 53' lang='lat' dir='ltr'>admitterentur-</span> <span class='ocrx_word' id='word_1_869' title='bbox 1630 4522 1804 4597; x_wconf 45' lang='lat' dir='ltr'>tum“</span> <span class='ocrx_word' id='word_1_870' title='bbox 1831 4524 1926 4597; x_wconf 56' lang='lat' dir='ltr'>qui</span> <span class='ocrx_word' id='word_1_871' title='bbox 1967 4522 2116 4597; x_wconf 21' lang='grc' dir='ltr'>ἱιιᾼάί·</span> <span class='ocrx_word' id='word_1_872' title='bbox 2138 4515 2197 4588; x_wconf 81' lang='lat' dir='ltr'>D</span> <span class='ocrx_word' id='word_1_873' title='bbox 2222 4532 2312 4582; x_wconf 65' lang='lat' dir='ltr'>tiae</span> <span class='ocrx_word' id='word_1_874' title='bbox 2333 4569 2348 4591; x_wconf 94' lang='lat'>,</span> <span class='ocrx_word' id='word_1_875' title='bbox 2374 4515 2392 4525; x_wconf 69' lang='grc'><em>’</em></span> <span class='ocrx_word' id='word_1_876' title='bbox 2415 4530 2469 4580; x_wconf 92' lang='lat' dir='ltr'>id</span> <span class='ocrx_word' id='word_1_877' title='bbox 2531 4515 2614 4580; x_wconf 79' lang='lat' dir='ltr'>est</span> <span class='ocrx_word' id='word_1_878' title='bbox 2633 4567 2650 4590; x_wconf 95' lang='lat'>,</span> <span class='ocrx_word' id='word_1_879' title='bbox 2703 4515 3089 4582; x_wconf 74' lang='lat' dir='ltr'>sacerdotibus</span> <span class='ocrx_word' id='word_1_880' title='bbox 3139 4515 3456 4582; x_wconf 63' lang='lat' dir='ltr'>offerantur.</span> <span class='ocrx_word' id='word_1_881' title='bbox 3509 4515 3694 4582; x_wconf 50' lang='lat' dir='ltr'>Hanc.</span> <span class='ocrx_word' id='word_1_882' title='bbox 3733 4548 3864 4597; x_wconf 75' lang='lat' dir='ltr'>ergo</span> 
     </span>
    </p>
   </div>
   <div class='ocr_carea' id='block_1_120' title="bbox 480 4594 2122 4658">
    <p class='ocr_par' dir='ltr' id='par_1_120' title="bbox 480 4594 2122 4658">
     <span class='ocr_line' id='line_1_122' title="bbox 480 4594 2122 4658; baseline -0.002 -12"><span class='ocrx_word' id='word_1_883' title='bbox 480 4596 570 4646; x_wconf 92' lang='lat' dir='ltr'>cio</span> <span class='ocrx_word' id='word_1_884' title='bbox 595 4596 729 4646; x_wconf 90' lang='lat' dir='ltr'>cleri</span> <span class='ocrx_word' id='word_1_885' title='bbox 760 4595 992 4646; x_wconf 86' lang='lat' dir='ltr'>Romam</span> <span class='ocrx_word' id='word_1_886' title='bbox 1023 4595 1092 4644; x_wconf 92' lang='lat' dir='ltr'>de</span> <span class='ocrx_word' id='word_1_887' title='bbox 1132 4594 1470 4658; x_wconf 89' lang='lat' dir='ltr'>recipiendis</span> <span class='ocrx_word' id='word_1_888' title='bbox 1503 4594 1672 4657; x_wconf 90' lang='lat' dir='ltr'>lapsis</span> <span class='ocrx_word' id='word_1_889' title='bbox 1707 4608 1819 4643; x_wconf 87' lang='lat' dir='ltr'>non</span> <span class='ocrx_word' id='word_1_890' title='bbox 1869 4595 2122 4644; x_wconf 86' lang='lat' dir='ltr'>interfuit</span> 
     </span>
    </p>
   </div>
   <div class='ocr_carea' id='block_1_121' title="bbox 479 4666 2120 4729">
    <p class='ocr_par' dir='ltr' id='par_1_121' title="bbox 479 4666 2120 4729">
     <span class='ocr_line' id='line_1_123' title="bbox 479 4666 2120 4729; baseline 0.002 -13"><span class='ocrx_word' id='word_1_891' title='bbox 479 4666 666 4725; x_wconf 89' lang='lat' dir='ltr'>modo,</span> <span class='ocrx_word' id='word_1_892' title='bbox 716 4667 815 4717; x_wconf 92' lang='lat' dir='ltr'>sed</span> <span class='ocrx_word' id='word_1_893' title='bbox 870 4667 1036 4717; x_wconf 89' lang='lat' dir='ltr'>etiam</span> <span class='ocrx_word' id='word_1_894' title='bbox 1086 4666 1327 4728; x_wconf 68' lang='lat' dir='ltr'>prwfuit,</span> <span class='ocrx_word' id='word_1_895' title='bbox 1381 4667 1600 4729; x_wconf 90' lang='lat' dir='ltr'>propria</span> <span class='ocrx_word' id='word_1_896' title='bbox 1656 4679 1825 4715; x_wconf 88' lang='lat' dir='ltr'>manu</span> <span class='ocrx_word' id='word_1_897' title='bbox 1885 4667 2120 4729; x_wconf 66' lang='lat' dir='ltr'>scripsit,</span> 
     </span>
    </p>
   </div>
   <div class='ocr_carea' id='block_1_122' title="bbox 478 4738 2124 4805">
    <p class='ocr_par' dir='ltr' id='par_1_122' title="bbox 478 4738 2124 4805">
     <span class='ocr_line' id='line_1_124' title="bbox 478 4738 2124 4805; baseline -0.001 -16"><span class='ocrx_word' id='word_1_898' title='bbox 478 4742 700 4804; x_wconf 89' lang='lat' dir='ltr'>proprio</span> <span class='ocrx_word' id='word_1_899' title='bbox 729 4740 1072 4805; x_wconf 69' lang='lat' dir='ltr'>orepublice</span> <span class='ocrx_word' id='word_1_900' title='bbox 1099 4738 1231 4801; x_wconf 84' lang='lat' dir='ltr'>legit</span> <span class='ocrx_word' id='word_1_901' title='bbox 1256 4739 1470 4788; x_wconf 87' lang='lat' dir='ltr'>litteras</span> <span class='ocrx_word' id='word_1_902' title='bbox 1498 4739 1568 4788; x_wconf 89' lang='lat' dir='ltr'>ad</span> <span class='ocrx_word' id='word_1_903' title='bbox 1591 4738 1907 4788; x_wconf 84' lang='lat' dir='ltr'>Africanam</span> <span class='ocrx_word' id='word_1_904' title='bbox 1930 4738 2124 4789; x_wconf 82' lang='lat' dir='ltr'>Eccle-</span> 
     </span>
    </p>
   </div>
   <div class='ocr_carea' id='block_1_123' title="bbox 479 4810 2121 4874">
    <p class='ocr_par' dir='ltr' id='par_1_123' title="bbox 479 4810 2121 4874">
     <span class='ocr_line' id='line_1_125' title="bbox 479 4810 2121 4874; baseline -0.002 -12"><span class='ocrx_word' id='word_1_905' title='bbox 479 4813 619 4862; x_wconf 85' lang='lat' dir='ltr'>siam</span> <span class='ocrx_word' id='word_1_906' title='bbox 642 4826 706 4863; x_wconf 85' lang='lat' dir='ltr'>ea</span> <span class='ocrx_word' id='word_1_907' title='bbox 733 4814 788 4863; x_wconf 88' lang='lat' dir='ltr'>in</span> <span class='ocrx_word' id='word_1_908' title='bbox 825 4826 995 4862; x_wconf 89' lang='lat' dir='ltr'>causa</span> <span class='ocrx_word' id='word_1_909' title='bbox 1030 4811 1397 4872; x_wconf 86' lang='lat' dir='ltr'>transmissas,</span> <span class='ocrx_word' id='word_1_910' title='bbox 1427 4811 1481 4860; x_wconf 89' lang='lat' dir='ltr'>in</span> <span class='ocrx_word' id='word_1_911' title='bbox 1511 4810 1604 4860; x_wconf 89' lang='lat' dir='ltr'>illa</span> <span class='ocrx_word' id='word_1_912' title='bbox 1629 4811 1746 4874; x_wconf 88' lang='lat' dir='ltr'>ipsa</span> <span class='ocrx_word' id='word_1_913' title='bbox 1774 4810 1967 4868; x_wconf 84' lang='lat' dir='ltr'>Roma,</span> <span class='ocrx_word' id='word_1_914' title='bbox 1993 4824 2121 4861; x_wconf 91' lang='lat' dir='ltr'>sen-</span> 
     </span>
    </p>
   </div>
   <div class='ocr_carea' id='block_1_124' title="bbox 479 4883 2121 4944">
    <p class='ocr_par' dir='ltr' id='par_1_124' title="bbox 479 4883 2121 4944">
     <span class='ocr_line' id='line_1_126' title="bbox 479 4883 2121 4944; baseline -0.001 -11"><span class='ocrx_word' id='word_1_915' title='bbox 479 4885 670 4934; x_wconf 72' lang='lat' dir='ltr'>tentite</span> <span class='ocrx_word' id='word_1_916' title='bbox 713 4884 891 4944; x_wconf 89' lang='lat' dir='ltr'>istius,</span> <span class='ocrx_word' id='word_1_917' title='bbox 937 4883 1045 4932; x_wconf 89' lang='lat' dir='ltr'>hoc</span> <span class='ocrx_word' id='word_1_918' title='bbox 1097 4887 1180 4931; x_wconf 89' lang='lat' dir='ltr'>est</span> <span class='ocrx_word' id='word_1_919' title='bbox 1222 4894 1342 4930; x_wconf 65' lang='lat' dir='ltr'>sua)</span> <span class='ocrx_word' id='word_1_920' title='bbox 1384 4887 1708 4942; x_wconf 87' lang='lat' dir='ltr'>assertores,</span> <span class='ocrx_word' id='word_1_921' title='bbox 1756 4883 2026 4944; x_wconf 88' lang='lat' dir='ltr'>apostatis</span> <span class='ocrx_word' id='word_1_922' title='bbox 2066 4888 2121 4931; x_wconf 92' lang='lat' dir='ltr'>et</span> 
     </span>
    </p>
   </div>
   <div class='ocr_carea' id='block_1_125' title="bbox 477 4951 2119 5018">
    <p class='ocr_par' dir='ltr' id='par_1_125' title="bbox 477 4951 2119 5018">
     <span class='ocr_line' id='line_1_127' title="bbox 477 4951 2119 5018; baseline -0.001 -14"><span class='ocrx_word' id='word_1_923' title='bbox 477 4954 647 5018; x_wconf 86' lang='lat' dir='ltr'>lapsis</span> <span class='ocrx_word' id='word_1_924' title='bbox 673 4951 1122 5003; x_wconf 86' lang='lat' dir='ltr'>adnumerandos</span> <span class='ocrx_word' id='word_1_925' title='bbox 1163 4952 1392 5013; x_wconf 87' lang='lat' dir='ltr'>docuit;</span> <span class='ocrx_word' id='word_1_926' title='bbox 1425 4952 1616 5016; x_wconf 88' lang='lat' dir='ltr'>ibique</span> <span class='ocrx_word' id='word_1_927' title='bbox 1654 4966 1785 5002; x_wconf 91' lang='lat' dir='ltr'>cum</span> <span class='ocrx_word' id='word_1_928' title='bbox 1823 4953 2119 5016; x_wconf 85' lang='lat' dir='ltr'>episcopa-</span> 
     </span>
    </p>
   </div>
   <div class='ocr_carea' id='block_1_126' title="bbox 476 5024 1191 5090">
    <p class='ocr_par' dir='ltr' id='par_1_126' title="bbox 476 5024 1191 5090">
     <span class='ocr_line' id='line_1_128' title="bbox 476 5024 1191 5090; baseline -0.006 -14"><span class='ocrx_word' id='word_1_929' title='bbox 476 5031 596 5076; x_wconf 89' lang='lat' dir='ltr'>tum</span> <span class='ocrx_word' id='word_1_930' title='bbox 631 5026 938 5090; x_wconf 89' lang='lat' dir='ltr'>abjurasset</span> <span class='ocrx_word' id='word_1_931' title='bbox 966 5024 1191 5074; x_wconf 88' lang='lat' dir='ltr'>invasit.</span> 
     </span>
    </p>
   </div>
   <div class='ocr_carea' id='block_1_127' title="bbox 540 5103 2118 5168">
    <p class='ocr_par' dir='ltr' id='par_1_127' title="bbox 540 5103 2118 5168">
     <span class='ocr_line' id='line_1_129' title="bbox 540 5103 2118 5168; baseline -0.003 -13"><span class='ocrx_word' id='word_1_932' title='bbox 540 5106 740 5156; x_wconf 84' lang='lat' dir='ltr'><strong>XVIII.</strong></span> <span class='ocrx_word' id='word_1_933' title='bbox 769 5132 829 5141; x_wconf 98' lang='lat'><strong>—</strong></span> <span class='ocrx_word' id='word_1_934' title='bbox 868 5104 965 5153; x_wconf 86' lang='lat' dir='ltr'>Ubi</span> <span class='ocrx_word' id='word_1_935' title='bbox 996 5106 1280 5167; x_wconf 84' lang='lat' dir='ltr'>signantur</span> <span class='ocrx_word' id='word_1_936' title='bbox 1303 5105 1393 5168; x_wconf 88' lang='lat' dir='ltr'>qui</span> <span class='ocrx_word' id='word_1_937' title='bbox 1423 5103 1700 5153; x_wconf 88' lang='lat' dir='ltr'>Dominum</span> <span class='ocrx_word' id='word_1_938' title='bbox 1728 5107 2118 5166; x_wconf 84' lang='lat' dir='ltr'>promerentur.</span> 
     </span>
    </p>
   </div>
   <div class='ocr_carea' id='block_1_128' title="bbox 479 5173 2122 5238">
    <p class='ocr_par' dir='ltr' id='par_1_128' title="bbox 479 5173 2122 5238">
     <span class='ocr_line' id='line_1_130' title="bbox 479 5173 2122 5238; baseline -0.003 -11"><span class='ocrx_word' id='word_1_939' title='bbox 479 5176 601 5230; x_wconf 86' lang='lat' dir='ltr'>Non</span> <span class='ocrx_word' id='word_1_940' title='bbox 657 5182 873 5227; x_wconf 87' lang='lat' dir='ltr'>tantum</span> <span class='ocrx_word' id='word_1_941' title='bbox 935 5177 1079 5226; x_wconf 87' lang='lat' dir='ltr'>inter</span> <span class='ocrx_word' id='word_1_942' title='bbox 1143 5174 1406 5238; x_wconf 88' lang='lat' dir='ltr'>baptismi</span> <span class='ocrx_word' id='word_1_943' title='bbox 1468 5174 1778 5236; x_wconf 86' lang='lat' dir='ltr'>solemnia,</span> <span class='ocrx_word' id='word_1_944' title='bbox 1840 5173 2122 5223; x_wconf 87' lang='lat' dir='ltr'>frontibus</span> 
     </span>
    </p>
   </div>
   <div class='ocr_carea' id='block_1_129' title="bbox 478 5243 2119 5311">
    <p class='ocr_par' dir='ltr' id='par_1_129' title="bbox 478 5243 2119 5311">
     <span class='ocr_line' id='line_1_131' title="bbox 478 5243 2119 5311; baseline -0.004 -12"><span class='ocrx_word' id='word_1_945' title='bbox 478 5247 661 5299; x_wconf 91' lang='lat' dir='ltr'>crucis</span> <span class='ocrx_word' id='word_1_946' title='bbox 713 5251 938 5311; x_wconf 87' lang='lat' dir='ltr'>signum</span> <span class='ocrx_word' id='word_1_947' title='bbox 992 5245 1388 5311; x_wconf 88' lang='lat' dir='ltr'>imprimebant</span> <span class='ocrx_word' id='word_1_948' title='bbox 1451 5245 1776 5306; x_wconf 88' lang='lat' dir='ltr'>Christiani,</span> <span class='ocrx_word' id='word_1_949' title='bbox 1819 5262 1849 5293; x_wconf 69' lang='lat' dir='ltr'>si</span> <span class='ocrx_word' id='word_1_950' title='bbox 1906 5243 2002 5294; x_wconf 89' lang='lat' dir='ltr'>sed</span> <span class='ocrx_word' id='word_1_951' title='bbox 2051 5243 2119 5294; x_wconf 89' lang='lat' dir='ltr'>ad</span> 
     </span>
    </p>
   </div>
   <div class='ocr_carea' id='block_1_130' title="bbox 481 5315 2117 5383">
    <p class='ocr_par' dir='ltr' id='par_1_130' title="bbox 481 5315 2117 5383">
     <span class='ocr_line' id='line_1_132' title="bbox 481 5315 2117 5383; baseline -0.002 -16"><span class='ocrx_word' id='word_1_952' title='bbox 481 5330 704 5367; x_wconf 91' lang='lat' dir='ltr'>omnem</span> <span class='ocrx_word' id='word_1_953' title='bbox 745 5331 1100 5383; x_wconf 83' lang='lat' dir='ltr'>prOgressum</span> <span class='ocrx_word' id='word_1_954' title='bbox 1149 5323 1324 5381; x_wconf 89' lang='lat' dir='ltr'>atque</span> <span class='ocrx_word' id='word_1_955' title='bbox 1377 5315 1449 5366; x_wconf 88' lang='lat' dir='ltr'>ad</span> <span class='ocrx_word' id='word_1_956' title='bbox 1493 5316 1704 5365; x_wconf 88' lang='lat' dir='ltr'>lumina</span> <span class='ocrx_word' id='word_1_957' title='bbox 1762 5319 1994 5374; x_wconf 88' lang='lat' dir='ltr'>motum,</span> <span class='ocrx_word' id='word_1_958' title='bbox 2049 5315 2117 5364; x_wconf 92' lang='lat' dir='ltr'>ad</span> 
     </span>
    </p>
   </div>
   <div class='ocr_carea' id='block_1_131' title="bbox 479 5386 2116 5450">
    <p class='ocr_par' dir='ltr' id='par_1_131' title="bbox 479 5386 2116 5450">
     <span class='ocr_line' id='line_1_133' title="bbox 479 5386 2116 5450; baseline -0.003 -11"><span class='ocrx_word' id='word_1_959' title='bbox 479 5401 646 5439; x_wconf 89' lang='lat' dir='ltr'>omne</span> <span class='ocrx_word' id='word_1_960' title='bbox 680 5388 891 5438; x_wconf 87' lang='lat' dir='ltr'>aditum</span> <span class='ocrx_word' id='word_1_961' title='bbox 922 5393 977 5439; x_wconf 91' lang='lat' dir='ltr'>et</span> <span class='ocrx_word' id='word_1_962' title='bbox 1005 5391 1236 5450; x_wconf 87' lang='lat' dir='ltr'>exitum,</span> <span class='ocrx_word' id='word_1_963' title='bbox 1277 5386 1347 5438; x_wconf 92' lang='lat' dir='ltr'>ad</span> <span class='ocrx_word' id='word_1_964' title='bbox 1396 5389 1655 5437; x_wconf 86' lang='lat' dir='ltr'>vestitum</span> <span class='ocrx_word' id='word_1_965' title='bbox 1701 5390 1755 5438; x_wconf 91' lang='lat' dir='ltr'>et</span> <span class='ocrx_word' id='word_1_966' title='bbox 1790 5387 2116 5446; x_wconf 89' lang='lat' dir='ltr'>calceatum,</span> 
     </span>
    </p>
   </div>
   <div class='ocr_carea' id='block_1_132' title="bbox 479 5456 2118 5521">
    <p class='ocr_par' dir='ltr' id='par_1_132' title="bbox 479 5456 2118 5521">
     <span class='ocr_line' id='line_1_134' title="bbox 479 5456 2118 5521; baseline -0.002 -11"><span class='ocrx_word' id='word_1_967' title='bbox 479 5458 549 5510; x_wconf 87' lang='lat' dir='ltr'>ad</span> <span class='ocrx_word' id='word_1_968' title='bbox 591 5459 831 5521; x_wconf 78' lang='lat' dir='ltr'>lavacra,</span> <span class='ocrx_word' id='word_1_969' title='bbox 864 5459 933 5508; x_wconf 91' lang='lat' dir='ltr'>ad</span> <span class='ocrx_word' id='word_1_970' title='bbox 980 5473 1220 5516; x_wconf 85' lang='lat' dir='ltr'>mensas,</span> <span class='ocrx_word' id='word_1_971' title='bbox 1261 5458 1331 5508; x_wconf 89' lang='lat' dir='ltr'>ad</span> <span class='ocrx_word' id='word_1_972' title='bbox 1381 5459 1615 5519; x_wconf 80' lang='lat' dir='ltr'>lumina,</span> <span class='ocrx_word' id='word_1_973' title='bbox 1666 5457 1734 5507; x_wconf 92' lang='lat' dir='ltr'>ad</span> <span class='ocrx_word' id='word_1_974' title='bbox 1781 5457 2008 5517; x_wconf 86' lang='lat' dir='ltr'>cubilia,</span> <span class='ocrx_word' id='word_1_975' title='bbox 2049 5456 2118 5506; x_wconf 90' lang='lat' dir='ltr'>ad</span> 
     </span>
    </p>
   </div>
   <div class='ocr_carea' id='block_1_133' title="bbox 475 5529 2117 5594">
    <p class='ocr_par' dir='ltr' id='par_1_133' title="bbox 475 5529 2117 5594">
     <span class='ocr_line' id='line_1_135' title="bbox 475 5529 2117 5594; baseline -0.003 -12"><span class='ocrx_word' id='word_1_976' title='bbox 475 5529 692 5588; x_wconf 86' lang='lat' dir='ltr'>sedilia,</span> <span class='ocrx_word' id='word_1_977' title='bbox 725 5543 1064 5594; x_wconf 72' lang='lat' dir='ltr'>quacunque</span> <span class='ocrx_word' id='word_1_978' title='bbox 1093 5529 1217 5579; x_wconf 89' lang='lat' dir='ltr'>illos</span> <span class='ocrx_word' id='word_1_979' title='bbox 1243 5530 1592 5579; x_wconf 88' lang='lat' dir='ltr'>conversatio</span> <span class='ocrx_word' id='word_1_980' title='bbox 1613 5533 1856 5587; x_wconf 84' lang='lat' dir='ltr'>exercet,</span> <span class='ocrx_word' id='word_1_981' title='bbox 1879 5529 2117 5578; x_wconf 83' lang='lat' dir='ltr'>frontem</span> 
     </span>
    </p>
   </div>
   <div class='ocr_carea' id='block_1_134' title="bbox 474 5598 2118 5664">
    <p class='ocr_par' dir='ltr' id='par_1_134' title="bbox 474 5598 2118 5664">
     <span class='ocr_line' id='line_1_136' title="bbox 474 5598 2118 5664; baseline -0.004 -11"><span class='ocrx_word' id='word_1_982' title='bbox 474 5603 660 5653; x_wconf 90' lang='lat' dir='ltr'>crucis</span> <span class='ocrx_word' id='word_1_983' title='bbox 715 5600 1009 5664; x_wconf 89' lang='lat' dir='ltr'>signaculo</span> <span class='ocrx_word' id='word_1_984' title='bbox 1043 5600 1312 5650; x_wconf 88' lang='lat' dir='ltr'>terebant.</span> <span class='ocrx_word' id='word_1_985' title='bbox 1357 5617 1385 5646; x_wconf 70' lang='grc'>›,</span> <span class='ocrx_word' id='word_1_986' title='bbox 1434 5600 1729 5651; x_wconf 84' lang='lat' dir='ltr'>Referente</span> <span class='ocrx_word' id='word_1_987' title='bbox 1781 5598 1991 5650; x_wconf 90' lang='lat' dir='ltr'>Tertul.</span> <span class='ocrx_word' id='word_1_988' title='bbox 2051 5598 2118 5648; x_wconf 88' lang='lat' dir='ltr'>de</span> 
     </span>
    </p>
   </div>
   <div class='ocr_carea' id='block_1_135' title="bbox 477 5670 2113 5735">
    <p class='ocr_par' dir='ltr' id='par_1_135' title="bbox 477 5670 2113 5735">
     <span class='ocr_line' id='line_1_137' title="bbox 477 5670 2113 5735; baseline -0.003 -10"><span class='ocrx_word' id='word_1_989' title='bbox 477 5677 685 5726; x_wconf 85' lang='lat' dir='ltr'>Corona</span> <span class='ocrx_word' id='word_1_990' title='bbox 719 5672 881 5723; x_wconf 76' lang='lat' dir='ltr'>Milit.</span> <span class='ocrx_word' id='word_1_991' title='bbox 909 5685 958 5722; x_wconf 92' lang='lat' dir='ltr'>c.</span> <span class='ocrx_word' id='word_1_992' title='bbox 1002 5671 1052 5721; x_wconf 87' lang='lat'><strong>3.</strong></span> <span class='ocrx_word' id='word_1_993' title='bbox 1087 5672 1314 5721; x_wconf 88' lang='lat' dir='ltr'>Interim</span> <span class='ocrx_word' id='word_1_994' title='bbox 1345 5671 1536 5720; x_wconf 90' lang='lat' dir='ltr'>cultus</span> <span class='ocrx_word' id='word_1_995' title='bbox 1584 5671 1874 5735; x_wconf 88' lang='lat' dir='ltr'>religiosus</span> <span class='ocrx_word' id='word_1_996' title='bbox 1907 5670 2113 5720; x_wconf 86' lang='lat' dir='ltr'>eberat.</span> 
     </span>
    </p>
   </div>
   <div class='ocr_carea' id='block_1_136' title="bbox 472 5741 2118 5808">
    <p class='ocr_par' dir='ltr' id='par_1_136' title="bbox 472 5741 2118 5808">
     <span class='ocr_line' id='line_1_138' title="bbox 472 5741 2118 5808; baseline 0.001 -16"><span class='ocrx_word' id='word_1_997' title='bbox 472 5759 505 5792; x_wconf 69' lang='grc' dir='ltr'>α</span> <span class='ocrx_word' id='word_1_998' title='bbox 524 5742 755 5804; x_wconf 86' lang='lat' dir='ltr'>Cruces,</span> <span class='ocrx_word' id='word_1_999' title='bbox 786 5742 968 5808; x_wconf 87' lang='lat' dir='ltr'>inquit</span> <span class='ocrx_word' id='word_1_1000' title='bbox 988 5742 1253 5798; x_wconf 87' lang='lat' dir='ltr'>Octavius</span> <span class='ocrx_word' id='word_1_1001' title='bbox 1281 5741 1431 5807; x_wconf 86' lang='lat' dir='ltr'>apud</span> <span class='ocrx_word' id='word_1_1002' title='bbox 1463 5742 1690 5806; x_wconf 67' lang='lat' dir='ltr'>Minue,</span> <span class='ocrx_word' id='word_1_1003' title='bbox 1727 5755 1831 5797; x_wconf 87' lang='lat' dir='ltr'>nec</span> <span class='ocrx_word' id='word_1_1004' title='bbox 1860 5742 2118 5803; x_wconf 82' lang='lat' dir='ltr'>colimus,</span> 
     </span>
    </p>
   </div>
   <div class='ocr_carea' id='block_1_137' title="bbox 476 5819 944 5883">
    <p class='ocr_par' dir='ltr' id='par_1_137' title="bbox 476 5819 944 5883">
     <span class='ocr_line' id='line_1_139' title="bbox 476 5819 944 5883; baseline -0.006 -17"><span class='ocrx_word' id='word_1_1005' title='bbox 476 5825 582 5867; x_wconf 85' lang='lat' dir='ltr'>nec</span> <span class='ocrx_word' id='word_1_1006' title='bbox 607 5819 884 5883; x_wconf 85' lang='lat' dir='ltr'>optamus.</span> <span class='ocrx_word' id='word_1_1007' title='bbox 914 5827 944 5863; x_wconf 64' lang='grc' dir='ltr'>υ</span> 
     </span>
    </p>
   </div>
   <div class='ocr_carea' id='block_1_138' title="bbox 2222 4602 3866 4662">
    <p class='ocr_par' dir='ltr' id='par_1_138' title="bbox 2222 4602 3866 4662">
     <span class='ocr_line' id='line_1_140' title="bbox 2222 4602 3866 4662; baseline -0.001 -8"><span class='ocrx_word' id='word_1_1008' title='bbox 2222 4604 2401 4661; x_wconf 78' lang='lat' dir='ltr'>legem</span> <span class='ocrx_word' id='word_1_1009' title='bbox 2455 4602 2737 4653; x_wconf 89' lang='lat' dir='ltr'>observari</span> <span class='ocrx_word' id='word_1_1010' title='bbox 2781 4604 2949 4653; x_wconf 90' lang='lat' dir='ltr'>etiam</span> <span class='ocrx_word' id='word_1_1011' title='bbox 2983 4603 3292 4654; x_wconf 89' lang='lat' dir='ltr'>secundum</span> <span class='ocrx_word' id='word_1_1012' title='bbox 3324 4604 3586 4662; x_wconf 84' lang='lat' dir='ltr'>litteram,</span> <span class='ocrx_word' id='word_1_1013' title='bbox 3614 4605 3764 4654; x_wconf 87' lang='lat' dir='ltr'>sicut</span> <span class='ocrx_word' id='word_1_1014' title='bbox 3812 4610 3866 4653; x_wconf 89' lang='lat' dir='ltr'>et</span> 
     </span>
    </p>
   </div>
   <div class='ocr_carea' id='block_1_139' title="bbox 2223 4675 3865 4738">
    <p class='ocr_par' dir='ltr' id='par_1_139' title="bbox 2223 4675 3865 4738">
     <span class='ocr_line' id='line_1_141' title="bbox 2223 4675 3865 4738; baseline 0 -14"><span class='ocrx_word' id='word_1_1015' title='bbox 2223 4675 2329 4724; x_wconf 89' lang='lat' dir='ltr'>alia</span> <span class='ocrx_word' id='word_1_1016' title='bbox 2364 4675 2651 4735; x_wconf 83' lang='lat' dir='ltr'>nonnulla,</span> <span class='ocrx_word' id='word_1_1017' title='bbox 2682 4675 3059 4725; x_wconf 87' lang='lat' dir='ltr'>necessarium</span> <span class='ocrx_word' id='word_1_1018' title='bbox 3087 4676 3235 4738; x_wconf 88' lang='lat' dir='ltr'>pulo.</span> <span class='ocrx_word' id='word_1_1019' title='bbox 3264 4693 3294 4721; x_wconf 88' lang='grc'>››</span> <span class='ocrx_word' id='word_1_1020' title='bbox 3334 4676 3402 4724; x_wconf 86' lang='lat' dir='ltr'>Et</span> <span class='ocrx_word' id='word_1_1021' title='bbox 3445 4675 3720 4738; x_wconf 88' lang='lat' dir='ltr'>deinceps</span> <span class='ocrx_word' id='word_1_1022' title='bbox 3759 4677 3865 4724; x_wconf 85' lang='lat' dir='ltr'>ad—</span> 
     </span>
    </p>
   </div>
   <div class='ocr_carea' id='block_1_140' title="bbox 2223 4745 3865 4811">
    <p class='ocr_par' dir='ltr' id='par_1_140' title="bbox 2223 4745 3865 4811">
     <span class='ocr_line' id='line_1_142' title="bbox 2223 4745 3865 4811; baseline -0.001 -16"><span class='ocrx_word' id='word_1_1023' title='bbox 2223 4746 2305 4796; x_wconf 87' lang='lat' dir='ltr'>dit</span> <span class='ocrx_word' id='word_1_1024' title='bbox 2337 4762 2349 4796; x_wconf 87' lang='lat'>:</span> <span class='ocrx_word' id='word_1_1025' title='bbox 2383 4765 2411 4790; x_wconf 83' lang='lat'><em>«</em></span> <span class='ocrx_word' id='word_1_1026' title='bbox 2439 4746 2716 4796; x_wconf 90' lang='lat' dir='ltr'>Dominus</span> <span class='ocrx_word' id='word_1_1027' title='bbox 2751 4745 2885 4796; x_wconf 90' lang='lat' dir='ltr'>dicit</span> <span class='ocrx_word' id='word_1_1028' title='bbox 2921 4747 2975 4795; x_wconf 88' lang='lat' dir='ltr'>in</span> <span class='ocrx_word' id='word_1_1029' title='bbox 3007 4747 3326 4811; x_wconf 87' lang='lat' dir='ltr'>Evangeliis</span> <span class='ocrx_word' id='word_1_1030' title='bbox 3361 4761 3372 4794; x_wconf 92' lang='lat'><strong>:</strong></span> <span class='ocrx_word' id='word_1_1031' title='bbox 3412 4747 3494 4795; x_wconf 74' lang='lat' dir='ltr'>Vae</span> <span class='ocrx_word' id='word_1_1032' title='bbox 3521 4745 3691 4804; x_wconf 75' lang='lat' dir='ltr'>vobis.</span> <span class='ocrx_word' id='word_1_1033' title='bbox 3720 4750 3865 4797; x_wconf 74' lang='lat' dir='ltr'>Scri-</span> 
     </span>
    </p>
   </div>
   <div class='ocr_carea' id='block_1_141' title="bbox 2223 4817 3862 4882">
    <p class='ocr_par' dir='ltr' id='par_1_141' title="bbox 2223 4817 3862 4882">
     <span class='ocr_line' id='line_1_143' title="bbox 2223 4817 3862 4882; baseline -0.002 -15"><span class='ocrx_word' id='word_1_1034' title='bbox 2223 4818 2297 4867; x_wconf 69' lang='lat' dir='ltr'>bar</span> <span class='ocrx_word' id='word_1_1035' title='bbox 2345 4823 2391 4867; x_wconf 89' lang='lat' dir='ltr'>et</span> <span class='ocrx_word' id='word_1_1036' title='bbox 2446 4817 2703 4868; x_wconf 71' lang='lat' dir='ltr'>Pharism&#39;</span> <span class='ocrx_word' id='word_1_1037' title='bbox 2745 4817 3041 4879; x_wconf 53' lang='lat' dir='ltr'>hypocrita,</span> <span class='ocrx_word' id='word_1_1038' title='bbox 3095 4821 3192 4882; x_wconf 90' lang='lat' dir='ltr'>qui</span> <span class='ocrx_word' id='word_1_1039' title='bbox 3243 4819 3520 4868; x_wconf 84' lang='lat' dir='ltr'>decimatis</span> <span class='ocrx_word' id='word_1_1040' title='bbox 3573 4819 3862 4874; x_wconf 65' lang='lat' dir='ltr'>mentitam,</span> 
     </span>
    </p>
   </div>
   <div class='ocr_carea' id='block_1_142' title="bbox 2221 4888 3862 4951">
    <p class='ocr_par' dir='ltr' id='par_1_142' title="bbox 2221 4888 3862 4951">
     <span class='ocr_line' id='line_1_144' title="bbox 2221 4888 3862 4951; baseline -0.003 -13"><span class='ocrx_word' id='word_1_1041' title='bbox 2221 4889 2328 4940; x_wconf 90' lang='lat' dir='ltr'>hoc</span> <span class='ocrx_word' id='word_1_1042' title='bbox 2374 4893 2453 4940; x_wconf 88' lang='lat' dir='ltr'>est</span> <span class='ocrx_word' id='word_1_1043' title='bbox 2505 4889 2751 4938; x_wconf 89' lang='lat' dir='ltr'>decimam</span> <span class='ocrx_word' id='word_1_1044' title='bbox 2787 4889 2926 4938; x_wconf 78' lang='lat' dir='ltr'>dati&#39;s</span> <span class='ocrx_word' id='word_1_1045' title='bbox 2974 4888 3209 4949; x_wconf 72' lang='lat' dir='ltr'>mentitae,</span> <span class='ocrx_word' id='word_1_1046' title='bbox 3241 4895 3288 4938; x_wconf 87' lang='lat' dir='ltr'>et</span> <span class='ocrx_word' id='word_1_1047' title='bbox 3335 4889 3534 4951; x_wconf 83' lang='lat' dir='ltr'>cymini</span> <span class='ocrx_word' id='word_1_1048' title='bbox 3572 4895 3619 4937; x_wconf 89' lang='lat' dir='ltr'>et</span> <span class='ocrx_word' id='word_1_1049' title='bbox 3661 4890 3862 4947; x_wconf 65' lang='grc' dir='ltr'>ητις-Ην,</span> 
     </span>
    </p>
   </div>
   <div class='ocr_carea' id='block_1_143' title="bbox 2221 4959 3865 5024">
    <p class='ocr_par' dir='ltr' id='par_1_143' title="bbox 2221 4959 3865 5024">
     <span class='ocr_line' id='line_1_145' title="bbox 2221 4959 3865 5024; baseline 0 -14"><span class='ocrx_word' id='word_1_1050' title='bbox 2221 4967 2268 5010; x_wconf 86' lang='lat' dir='ltr'>et</span> <span class='ocrx_word' id='word_1_1051' title='bbox 2310 4961 2596 5024; x_wconf 71' lang='lat' dir='ltr'>prseteritis</span> <span class='ocrx_word' id='word_1_1052' title='bbox 2638 4975 2752 5024; x_wconf 74' lang='lat' dir='ltr'>qua:</span> <span class='ocrx_word' id='word_1_1053' title='bbox 2797 4961 3006 5024; x_wconf 86' lang='lat' dir='ltr'>majora</span> <span class='ocrx_word' id='word_1_1054' title='bbox 3037 4965 3159 5010; x_wconf 85' lang='lat' dir='ltr'>sunt</span> <span class='ocrx_word' id='word_1_1055' title='bbox 3213 4959 3344 5024; x_wconf 84' lang='lat' dir='ltr'>leges</span> <span class='ocrx_word' id='word_1_1056' title='bbox 3369 4977 3386 5009; x_wconf 88' lang='lat'><strong><em>:</em></strong></span> <span class='ocrx_word' id='word_1_1057' title='bbox 3425 4959 3727 5024; x_wconf 62' lang='lat' dir='ltr'>hypocrita,</span> <span class='ocrx_word' id='word_1_1058' title='bbox 3764 4961 3865 5010; x_wconf 59' lang='lat' dir='ltr'>hac</span> 
     </span>
    </p>
   </div>
   <div class='ocr_carea' id='block_1_144' title="bbox 2217 5031 3864 5097">
    <p class='ocr_par' dir='ltr' id='par_1_144' title="bbox 2217 5031 3864 5097">
     <span class='ocr_line' id='line_1_146' title="bbox 2217 5031 3864 5097; baseline 0.001 -17"><span class='ocrx_word' id='word_1_1059' title='bbox 2217 5035 2424 5096; x_wconf 84' lang='lat' dir='ltr'>oportet</span> <span class='ocrx_word' id='word_1_1060' title='bbox 2464 5031 2578 5094; x_wconf 77' lang='lat' dir='ltr'>ﬁeri</span> <span class='ocrx_word' id='word_1_1061' title='bbox 2607 5035 2657 5079; x_wconf 87' lang='lat' dir='ltr'>et</span> <span class='ocrx_word' id='word_1_1062' title='bbox 2690 5031 2785 5079; x_wconf 86' lang='lat' dir='ltr'>illa</span> <span class='ocrx_word' id='word_1_1063' title='bbox 2825 5045 2929 5080; x_wconf 88' lang='lat' dir='ltr'>non</span> <span class='ocrx_word' id='word_1_1064' title='bbox 2959 5031 3153 5082; x_wconf 85' lang='lat' dir='ltr'>omitti.</span> <span class='ocrx_word' id='word_1_1065' title='bbox 3180 5031 3320 5081; x_wconf 90' lang='lat' dir='ltr'>Vide</span> <span class='ocrx_word' id='word_1_1066' title='bbox 3362 5044 3492 5094; x_wconf 85' lang='lat' dir='ltr'>ergo</span> <span class='ocrx_word' id='word_1_1067' title='bbox 3536 5031 3864 5097; x_wconf 84' lang='lat' dir='ltr'>diligentius</span> 
     </span>
    </p>
   </div>
   <div class='ocr_carea' id='block_1_145' title="bbox 2221 5101 3862 5167">
    <p class='ocr_par' dir='ltr' id='par_1_145' title="bbox 2221 5101 3862 5167">
     <span class='ocr_line' id='line_1_147' title="bbox 2221 5101 3862 5167; baseline -0.001 -14"><span class='ocrx_word' id='word_1_1068' title='bbox 2221 5102 2502 5167; x_wconf 90' lang='lat' dir='ltr'>quomodo</span> <span class='ocrx_word' id='word_1_1069' title='bbox 2551 5115 2734 5152; x_wconf 88' lang='lat' dir='ltr'>sermo</span> <span class='ocrx_word' id='word_1_1070' title='bbox 2779 5103 3002 5152; x_wconf 90' lang='lat' dir='ltr'>Domini</span> <span class='ocrx_word' id='word_1_1071' title='bbox 3053 5103 3179 5152; x_wconf 91' lang='lat' dir='ltr'>vult</span> <span class='ocrx_word' id='word_1_1072' title='bbox 3223 5101 3339 5152; x_wconf 81' lang='lat' dir='ltr'>ﬁeri</span> <span class='ocrx_word' id='word_1_1073' title='bbox 3399 5102 3627 5166; x_wconf 87' lang='lat' dir='ltr'>quidem</span> <span class='ocrx_word' id='word_1_1074' title='bbox 3681 5107 3862 5154; x_wconf 81' lang='lat' dir='ltr'>omni-</span> 
     </span>
    </p>
   </div>
   <div class='ocr_carea' id='block_1_146' title="bbox 2219 5174 3865 5238">
    <p class='ocr_par' dir='ltr' id='par_1_146' title="bbox 2219 5174 3865 5238">
     <span class='ocr_line' id='line_1_148' title="bbox 2219 5174 3865 5238; baseline 0 -14"><span class='ocrx_word' id='word_1_1075' title='bbox 2219 5174 2384 5225; x_wconf 88' lang='lat' dir='ltr'>mode</span> <span class='ocrx_word' id='word_1_1076' title='bbox 2420 5187 2547 5238; x_wconf 76' lang='lat' dir='ltr'>qum</span> <span class='ocrx_word' id='word_1_1077' title='bbox 2591 5175 2800 5236; x_wconf 89' lang='lat' dir='ltr'>majora</span> <span class='ocrx_word' id='word_1_1078' title='bbox 2845 5179 2976 5224; x_wconf 87' lang='lat' dir='ltr'>sunt</span> <span class='ocrx_word' id='word_1_1079' title='bbox 3012 5174 3168 5236; x_wconf 86' lang='lat' dir='ltr'>legis,</span> <span class='ocrx_word' id='word_1_1080' title='bbox 3194 5187 3306 5223; x_wconf 89' lang='lat' dir='ltr'>non</span> <span class='ocrx_word' id='word_1_1081' title='bbox 3352 5178 3534 5224; x_wconf 89' lang='lat' dir='ltr'>tamen</span> <span class='ocrx_word' id='word_1_1082' title='bbox 3586 5178 3775 5226; x_wconf 89' lang='lat' dir='ltr'>omitti</span> <span class='ocrx_word' id='word_1_1083' title='bbox 3814 5180 3865 5225; x_wconf 83' lang='lat' dir='ltr'>et</span> 
     </span>
    </p>
   </div>
   <div class='ocr_carea' id='block_1_147' title="bbox 2219 5244 3863 5310">
    <p class='ocr_par' dir='ltr' id='par_1_147' title="bbox 2219 5244 3863 5310">
     <span class='ocr_line' id='line_1_149' title="bbox 2219 5244 3863 5310; baseline 0 -14"><span class='ocrx_word' id='word_1_1084' title='bbox 2219 5246 2344 5296; x_wconf 59' lang='lat' dir='ltr'>haec</span> <span class='ocrx_word' id='word_1_1085' title='bbox 2389 5259 2517 5310; x_wconf 73' lang='lat' dir='ltr'>quae</span> <span class='ocrx_word' id='word_1_1086' title='bbox 2564 5245 2877 5294; x_wconf 89' lang='lat' dir='ltr'>secundum</span> <span class='ocrx_word' id='word_1_1087' title='bbox 2921 5245 3162 5294; x_wconf 87' lang='lat' dir='ltr'>litteram</span> <span class='ocrx_word' id='word_1_1088' title='bbox 3205 5244 3583 5308; x_wconf 86' lang='lat' dir='ltr'>designantur.</span> <span class='ocrx_word' id='word_1_1089' title='bbox 3620 5245 3786 5307; x_wconf 87' lang='lat' dir='ltr'>Quod</span> <span class='ocrx_word' id='word_1_1090' title='bbox 3820 5250 3863 5296; x_wconf 84' lang='lat' dir='ltr'>si</span> 
     </span>
    </p>
   </div>
   <div class='ocr_carea' id='block_1_148' title="bbox 2219 5316 3864 5381">
    <p class='ocr_par' dir='ltr' id='par_1_148' title="bbox 2219 5316 3864 5381">
     <span class='ocr_line' id='line_1_150' title="bbox 2219 5316 3864 5381; baseline -0.001 -13"><span class='ocrx_word' id='word_1_1091' title='bbox 2219 5319 2375 5368; x_wconf 90' lang='lat' dir='ltr'>dicas</span> <span class='ocrx_word' id='word_1_1092' title='bbox 2403 5318 2534 5381; x_wconf 85' lang='lat' dir='ltr'>quia</span> <span class='ocrx_word' id='word_1_1093' title='bbox 2559 5316 2683 5366; x_wconf 65' lang='lat' dir='ltr'>haec</span> <span class='ocrx_word' id='word_1_1094' title='bbox 2711 5317 2777 5366; x_wconf 92' lang='lat' dir='ltr'>ad</span> <span class='ocrx_word' id='word_1_1095' title='bbox 2806 5316 3117 5366; x_wconf 73' lang='lat' dir='ltr'>Pharismos</span> <span class='ocrx_word' id='word_1_1096' title='bbox 3142 5316 3384 5377; x_wconf 88' lang='lat' dir='ltr'>dicebat,</span> <span class='ocrx_word' id='word_1_1097' title='bbox 3416 5328 3528 5365; x_wconf 89' lang='lat' dir='ltr'>non</span> <span class='ocrx_word' id='word_1_1098' title='bbox 3570 5317 3638 5366; x_wconf 88' lang='lat' dir='ltr'>ad</span> <span class='ocrx_word' id='word_1_1099' title='bbox 3695 5318 3864 5368; x_wconf 82' lang='lat' dir='ltr'>disci-</span> 
     </span>
    </p>
   </div>
   <div class='ocr_carea' id='block_1_149' title="bbox 2218 5387 3863 5452">
    <p class='ocr_par' dir='ltr' id='par_1_149' title="bbox 2218 5387 3863 5452">
     <span class='ocr_line' id='line_1_151' title="bbox 2218 5387 3863 5452; baseline 0.001 -15"><span class='ocrx_word' id='word_1_1100' title='bbox 2218 5389 2418 5452; x_wconf 90' lang='lat' dir='ltr'>pulos;</span> <span class='ocrx_word' id='word_1_1101' title='bbox 2451 5387 2583 5437; x_wconf 92' lang='lat' dir='ltr'>audi</span> <span class='ocrx_word' id='word_1_1102' title='bbox 2633 5388 2836 5438; x_wconf 89' lang='lat' dir='ltr'>iterum</span> <span class='ocrx_word' id='word_1_1103' title='bbox 2885 5388 3068 5451; x_wconf 90' lang='lat' dir='ltr'>ipsum</span> <span class='ocrx_word' id='word_1_1104' title='bbox 3099 5387 3379 5439; x_wconf 88' lang='lat' dir='ltr'>dicentem</span> <span class='ocrx_word' id='word_1_1105' title='bbox 3408 5387 3479 5436; x_wconf 86' lang='lat' dir='ltr'>ad</span> <span class='ocrx_word' id='word_1_1106' title='bbox 3509 5387 3824 5452; x_wconf 85' lang='lat' dir='ltr'>discipulos</span> <span class='ocrx_word' id='word_1_1107' title='bbox 3853 5405 3863 5437; x_wconf 91' lang='lat'>:</span> 
     </span>
    </p>
   </div>
   <div class='ocr_carea' id='block_1_150' title="bbox 2217 5457 3866 5523">
    <p class='ocr_par' dir='ltr' id='par_1_150' title="bbox 2217 5457 3866 5523">
     <span class='ocr_line' id='line_1_152' title="bbox 2217 5457 3866 5523; baseline -0.002 -12"><span class='ocrx_word' id='word_1_1108' title='bbox 2217 5460 2340 5511; x_wconf 87' lang='lat' dir='ltr'>Nisi</span> <span class='ocrx_word' id='word_1_1109' title='bbox 2365 5458 2714 5508; x_wconf 69' lang='lat' dir='ltr'>abundaverit</span> <span class='ocrx_word' id='word_1_1110' title='bbox 2743 5459 2966 5523; x_wconf 87' lang='lat' dir='ltr'>justitia</span> <span class='ocrx_word' id='word_1_1111' title='bbox 2992 5462 3172 5508; x_wconf 82' lang='lat' dir='ltr'>uestra</span> <span class='ocrx_word' id='word_1_1112' title='bbox 3205 5457 3328 5522; x_wconf 86' lang='lat' dir='ltr'>plus</span> <span class='ocrx_word' id='word_1_1113' title='bbox 3363 5471 3525 5522; x_wconf 88' lang='lat' dir='ltr'>quam</span> <span class='ocrx_word' id='word_1_1114' title='bbox 3568 5458 3866 5512; x_wconf 68' lang='lat' dir='ltr'>Pharisae-</span> 
     </span>
    </p>
   </div>
   <div class='ocr_carea' id='block_1_151' title="bbox 2217 5529 3867 5594">
    <p class='ocr_par' dir='ltr' id='par_1_151' title="bbox 2217 5529 3867 5594">
     <span class='ocr_line' id='line_1_153' title="bbox 2217 5529 3867 5594; baseline 0.003 -18"><span class='ocrx_word' id='word_1_1115' title='bbox 2217 5544 2333 5578; x_wconf 88' lang='lat' dir='ltr'>rum</span> <span class='ocrx_word' id='word_1_1116' title='bbox 2387 5532 2437 5578; x_wconf 84' lang='lat' dir='ltr'>et</span> <span class='ocrx_word' id='word_1_1117' title='bbox 2489 5529 2818 5591; x_wconf 83' lang='lat' dir='ltr'>Scribarum,</span> <span class='ocrx_word' id='word_1_1118' title='bbox 2870 5542 2976 5580; x_wconf 86' lang='lat' dir='ltr'>non</span> <span class='ocrx_word' id='word_1_1119' title='bbox 3031 5529 3302 5579; x_wconf 85' lang='lat' dir='ltr'>intrabitis</span> <span class='ocrx_word' id='word_1_1120' title='bbox 3351 5532 3407 5578; x_wconf 86' lang='lat' dir='ltr'>in</span> <span class='ocrx_word' id='word_1_1121' title='bbox 3458 5543 3673 5594; x_wconf 82' lang='lat' dir='ltr'>regnum</span> <span class='ocrx_word' id='word_1_1122' title='bbox 3717 5534 3867 5581; x_wconf 71' lang='lat' dir='ltr'>arto-</span> 
     </span>
    </p>
   </div>
   <div class='ocr_carea' id='block_1_152' title="bbox 2218 5599 3868 5668">
    <p class='ocr_par' dir='ltr' id='par_1_152' title="bbox 2218 5599 3868 5668">
     <span class='ocr_line' id='line_1_154' title="bbox 2218 5599 3868 5668; baseline 0.002 -19"><span class='ocrx_word' id='word_1_1123' title='bbox 2218 5613 2355 5650; x_wconf 85' lang='lat' dir='ltr'>rum.</span> <span class='ocrx_word' id='word_1_1124' title='bbox 2385 5599 2548 5661; x_wconf 88' lang='lat' dir='ltr'>Quod</span> <span class='ocrx_word' id='word_1_1125' title='bbox 2578 5612 2710 5664; x_wconf 90' lang='lat' dir='ltr'>ergo</span> <span class='ocrx_word' id='word_1_1126' title='bbox 2751 5600 2869 5650; x_wconf 91' lang='lat' dir='ltr'>vult</span> <span class='ocrx_word' id='word_1_1127' title='bbox 2903 5600 3023 5650; x_wconf 81' lang='lat' dir='ltr'>ﬁeri</span> <span class='ocrx_word' id='word_1_1128' title='bbox 3059 5614 3091 5650; x_wconf 94' lang='lat' dir='ltr'>a</span> <span class='ocrx_word' id='word_1_1129' title='bbox 3140 5600 3450 5662; x_wconf 67' lang='lat' dir='ltr'>Pharisaeis,</span> <span class='ocrx_word' id='word_1_1130' title='bbox 3480 5601 3659 5652; x_wconf 89' lang='lat' dir='ltr'>multo</span> <span class='ocrx_word' id='word_1_1131' title='bbox 3693 5605 3868 5668; x_wconf 78' lang='lat' dir='ltr'>magis</span> 
     </span>
    </p>
   </div>
   <div class='ocr_carea' id='block_1_153' title="bbox 2217 5669 3864 5738">
    <p class='ocr_par' dir='ltr' id='par_1_153' title="bbox 2217 5669 3864 5738">
     <span class='ocr_line' id='line_1_155' title="bbox 2217 5669 3864 5738; baseline 0.002 -18"><span class='ocrx_word' id='word_1_1132' title='bbox 2217 5674 2273 5721; x_wconf 90' lang='lat' dir='ltr'>et</span> <span class='ocrx_word' id='word_1_1133' title='bbox 2302 5670 2493 5733; x_wconf 90' lang='lat' dir='ltr'>majori</span> <span class='ocrx_word' id='word_1_1134' title='bbox 2535 5683 2663 5719; x_wconf 89' lang='lat' dir='ltr'>cum</span> <span class='ocrx_word' id='word_1_1135' title='bbox 2705 5669 3045 5719; x_wconf 89' lang='lat' dir='ltr'>abundantia</span> <span class='ocrx_word' id='word_1_1136' title='bbox 3091 5671 3213 5720; x_wconf 88' lang='lat' dir='ltr'>vult</span> <span class='ocrx_word' id='word_1_1137' title='bbox 3254 5685 3284 5720; x_wconf 90' lang='lat' dir='ltr'>a</span> <span class='ocrx_word' id='word_1_1138' title='bbox 3327 5670 3620 5734; x_wconf 86' lang='lat' dir='ltr'>discipulis</span> <span class='ocrx_word' id='word_1_1139' title='bbox 3670 5674 3864 5738; x_wconf 85' lang='lat' dir='ltr'>imple-</span> 
     </span>
    </p>
   </div>
   <div class='ocr_carea' id='block_1_154' title="bbox 2219 5741 3869 5809">
    <p class='ocr_par' dir='ltr' id='par_1_154' title="bbox 2219 5741 3869 5809">
     <span class='ocr_line' id='line_1_156' title="bbox 2219 5741 3869 5809; baseline 0.001 -17"><span class='ocrx_word' id='word_1_1140' title='bbox 2219 5743 2285 5803; x_wconf 87' lang='lat' dir='ltr'>ri,</span> <span class='ocrx_word' id='word_1_1141' title='bbox 2316 5756 2344 5786; x_wconf 59' lang='grc' dir='ltr'><strong>θ</strong></span> <span class='ocrx_word' id='word_1_1142' title='bbox 2372 5747 2477 5791; x_wconf 89' lang='lat' dir='ltr'>etc.</span> <span class='ocrx_word' id='word_1_1143' title='bbox 2513 5741 2666 5790; x_wconf 81' lang='lat' dir='ltr'>Mora</span> <span class='ocrx_word' id='word_1_1144' title='bbox 2696 5745 2839 5793; x_wconf 88' lang='lat' dir='ltr'>esset</span> <span class='ocrx_word' id='word_1_1145' title='bbox 2867 5742 3090 5807; x_wconf 87' lang='lat' dir='ltr'>singula</span> <span class='ocrx_word' id='word_1_1146' title='bbox 3126 5742 3240 5794; x_wconf 85' lang='lat' dir='ltr'>huc</span> <span class='ocrx_word' id='word_1_1147' title='bbox 3286 5745 3598 5808; x_wconf 87' lang='lat' dir='ltr'>spectantia</span> <span class='ocrx_word' id='word_1_1148' title='bbox 3640 5759 3869 5809; x_wconf 78' lang='lat' dir='ltr'>percur-</span> 
     </span>
    </p>
   </div>
   <div class='ocr_carea' id='block_1_155' title="bbox 2215 5813 3867 5883">
    <p class='ocr_par' dir='ltr' id='par_1_155' title="bbox 2215 5813 3867 5883">
     <span class='ocr_line' id='line_1_157' title="bbox 2215 5813 3867 5883; baseline 0.001 -17"><span class='ocrx_word' id='word_1_1149' title='bbox 2215 5824 2340 5866; x_wconf 86' lang='lat' dir='ltr'>rere</span> <span class='ocrx_word' id='word_1_1150' title='bbox 2368 5813 2666 5878; x_wconf 81' lang='lat' dir='ltr'>:_consulat</span> <span class='ocrx_word' id='word_1_1151' title='bbox 2695 5814 2742 5866; x_wconf 89' lang='lat' dir='ltr'>is</span> <span class='ocrx_word' id='word_1_1152' title='bbox 2771 5815 2868 5881; x_wconf 87' lang='lat' dir='ltr'>qui</span> <span class='ocrx_word' id='word_1_1153' title='bbox 2912 5815 3086 5867; x_wconf 87' lang='lat' dir='ltr'>otium</span> <span class='ocrx_word' id='word_1_1154' title='bbox 3115 5814 3438 5879; x_wconf 65' lang='lat' dir='ltr'>est,&#39;inIar.</span> <span class='ocrx_word' id='word_1_1155' title='bbox 3481 5817 3537 5865; x_wconf 87' lang='lat' dir='ltr'>in</span> <span class='ocrx_word' id='word_1_1156' title='bbox 3588 5815 3867 5883; x_wconf 55' lang='grc' dir='ltr'>Διοκλέα.</span> 
     </span>
    </p>
   </div>
  </div>
