4144 6192
288 161 439 222 1277
1699 163 1878 228 EDIT.
1920 187 1924 216 ε

2031 171 2115 232 )Ν.
2153 173 2367 233 ΝΟΤΕ.
3549 190 3684 247 i278

286 303 461 353 xxxv,
515 286 758 357 Explan.
817 287 962 344 Psai.
1020 300 1221 357 cxvm,
1276 291 1476 346 Octon.
1532 293 1636 357 He,
1681 296 1939 347 Nasianz.

287 363 447 432 Orat.
509 378 566 427 v,
614 365 843 416 Hieron.
903 366 960 414 in
1011 365 1236 416 Malacli.
1297 379 1388 424 tu;
1446 365 1731 432 Chrysost.
1790 368 1941 417 hom.

282 429 375 498 ’35,
403 437 462 486 in
493 436 631 488 Gen.
664 450 830 497 xvm,
858 438 912 486 in
944 439 1065 487 Act.
1099 440 1292 502 Apost.
1320 450 1443 499 xxv,
1483 442 1539 489 et
1562 429 1737 488 'hom.
1785 440 1834 501 4,
1880 440 1939 489 in

284 521 348 569 ιι,
397 522 444 558 0.
492 508 565 557 ad
600 508 771 573 Eph.;
826 508 1017 559 Ambr.
1057 512 1198 562 Com.
1255 512 1307 558 in
1361 511 1477 560 Luc.
1522 523 1570 561 c.
1624 524 1706 573 xx,
1757 510 1793 560 l.
1839 523 1938 574 vn,

286 591 460 628 serm.
488 579 550 629 3t
595 580 651 629 in
697 579 818 629 Fer.
869 593 946 641 lii,
988 594 1152 630 serm.
1200 582 1255 630 in
1301 580 1386 631 die
1421 583 1669 644 Ascens,-
1716 582 1940 646 Augus-

285 650 396 700 tin.
447 652 503 699 in
552 650 689 700 Psal.
737 663 952 714 CXLVI;
1006 666 1173 703 serm.
1220 654 1283 703 de
1340 654 1508 715 Temp.
1563 655 1656 705 166
1712 659 1767 706 et
1825 655 1938 716 219,

282 721 441 772 hom.
475 723 554 772 48.
600 722 719 772 Imo
764 722 1068 774 videantur
1107 737 1233 788 qum
1277 729 1469 775 auctor
1516 728 1704 776 noster
1748 726 1936 789 habet,

285 797 451 859 epist.
512 797 556 857 1,
609 796 679 845 ad
726 797 955 847 Pamelii
1008 811 1164 849 num.
1222 799 1304 861 66,
1355 799 1453 849 ubi
1501 800 1578 850 ait
1632 800 1938 852 Leviticam

283 866 496 915 tribum
522 882 553 915 α
596 866 665 918 de
694 868 970 919 fructibus
995 870 1090 933 qui
1136 870 1513 921 nascebantur
1551 871 1801 922 decimas
1850 885 1938 922 re-

286 939 508 1002 cepisse
534 954 547 989 :
583 940 732 1003 quod
760 944 937 990 totum
968 940 1137 991 ﬁebat
1161 941 1231 991 de
1265 944 1598 993 auctoritate
1622 948 1676 993 et
1705 942 1938 1006 disposi-

284 1010 442 1061 tione
467 1010 672 1061 divina.
712 1016 776 1061 ut
811 1013 906 1077 qui
943 1013 1290 1064 orationibus
1334 1013 1538 1065 divinis
1582 1015 1935 1074 insistebant,

284 1080 348 1131 in
372 1081 525 1131 nulla
554 1094 611 1131 re
644 1087 1026 1145 avocarentur,
1058 1097 1164 1135 nec
1198 1085 1461 1148 cogitare,
1494 1088 1588 1136 aut
1636 1099 1798 1150 agere
1836 1101 1938 1137 sse-

285 1153 504 1203 cularia
530 1159 879 1219 cogerentur.
913 1154 1052 1217 Qum
1074 1168 1226 1205 nunc
1256 1156 1396 1206 ratio
1414 1160 1467 1207 et
1491 1157 1666 1207 forma
1697 1158 1753 1206 in
1786 1158 1935 1209 clero

285 1227 529 1285 tenetur,
557 1230 621 1275 ut
649 1226 745 1289 qui
792 1228 848 1275 in
888 1226 1143 1277 Ecclesia
1177 1227 1405 1277 Domini
1446 1229 1795 1280 ordinatione
1829 1230 1937 1280 cle-

284 1297 405 1347 rica
436 1302 850 1361 promoventur,
880 1299 935 1348 in
960 1298 1115 1349 nullo
1145 1298 1215 1349 ab
1240 1298 1723 1352 administratione
1748 1300 1935 1351 divina

285 1373 609 1431 evocentur,
638 1384 667 1417 ιθ
697 1373 804 1422 etc.

909 1497 1007 1549 DE
1041 1496 1301 1549 LAPSIS.

355 1592 591 1657 Lapsus,
636 1593 735 1644 ubi
769 1594 839 1645 de
883 1594 1132 1646 moribus
1174 1597 1372 1661 agitur,
1427 1597 1741 1662 significare
1793 1598 1934 1648 solet

287 1666 602 1729 graviorem
628 1667 938 1731 quamlibet
964 1682 1185 1729 noxam,
1218 1683 1329 1733 qua
1363 1670 1490 1733 quis
1514 1671 1571 1719 in
1599 1670 1727 1720 vitm
1758 1683 1931 1720 cursu

284 1750 399 1785 non
430 1738 638 1793 .solum
709 1738 911 1789 titubat
958 1744 1016 1790 et
1055 1740 1229 1804 gradu
1276 1740 1607 1801 dimovetur,
1658 1741 1755 1792 sed
1804 1754 1931 1805 pro-

283 1808 551 1858 sternitur
580 1812 633 1859 et
658 1808 880 1860 decidit.
910 1812 990 1861 Ita
1021 1812 1221 1862 Adami
1264 1817 1556 1876 peccatum
1588 1814 1709 1876 ejus
1738 1813 1929 1876 lapsus

284 1878 495 1941 passim
546 1879 873 1943 appellatur.
926 1882 1035 1932 Sed
1105 1883 1161 1932 in
1227 1897 1335 1932 usu
1408 1883 1788 1934 ecclesiastico
1849 1884 1929 1934 illi

284 1949 403 1998 fere
470 1950 862 2015 intelliguntur
912 1954 1096 2017 lapsi,
1162 1956 1258 2019 qui
1322 1954 1727 2018 persecutionis
1780 1959 1929 2004 tem-

282 2034 420 2084 pore
459 2023 627 2071 minis
672 2027 769 2072 aut
823 2026 1110 2075 tormentis
1160 2040 1409 2087 cessere;
1456 2027 1664 2090 quique
1706 2026 1928 2089 disjecti,

283 2092 548 2155 prostrati
596 2097 650 2143 et
676 2095 901 2157 jacentes
952 2097 1093 2145 intra
1130 2096 1410 2147 dicuntur.
1445 2095 1927 2159 Quemadmodum

284 2163 365 2213 illi
411 2164 506 2228 qui
560 2164 615 2213 in
660 2164 771 2215 fide
824 2178 1175 2229 permansere
1218 2173 1412 2219 stantes
1461 2168 1741 2232 appellati,
1787 2181 1928 2231 quos

284 2234 450 2285 Zach.
497 2235 764 2300 propheta
816 2236 1035 2287 videtur
1083 2239 1465 2302 adumbrasse,
1516 2255 1563 2292 c.
1609 2254 1684 2302 ιιι,
1736 2243 1786 2303 7,
1829 2240 1927 2289 ubi

284 2306 587 2356 ambulanti
629 2310 685 2355 in
728 2309 834 2357 viis
883 2310 1111 2368 Domini,
1155 2317 1201 2360 et
1249 2311 1536 2361 custodiam
1583 2312 1698 2374 ejus
1751 2316 1927 2361 custo-

283 2388 446 2438 dienti
471 2389 808 2467 promittitur
837 2403 957 2440 sors
988 2388 1226 2467 Dianam
1376 2392 1519 2441 inter
1543 2392 1925 2467 stanteshlfap-

288 2474 482 2509 serum
535 2461 700 2511 varias
744 2461 968 2510 fuerunt
1020 2462 1225 2512 classes
1253 2461 1273 2512 ;’
1315 2466 1362 2513 1ο
1393 2477 1586 2514 eorum
1623 2464 1718 2527 qui
1760 2462 1926 2512 libel-

284 2530 359 2579 lis
411 2532 767 2581 securitatem
822 2531 1266 2595 paciscebantur,
1320 2540 1377 2585 et
1432 2535 1716 2585 libellatici
1772 2534 1922 2583 dicti.

284 2601 342 2649 2°
393 2600 501 2663 Qui
544 2601 674 2650 thus
715 2601 1033 2665 adolebant,
1086 2609 1183 2654 aut
1219 2605 1287 2655 de
1338 2606 1581 2655 victimis
1629 2604 1926 2669 epulaban-

286 2674 409 2733 tur;
452 2672 551 2736 qui
589 2672 885 2724 thuriﬁcati
935 2677 987 2723 et
1036 2676 1329 2726 sacriﬁcati
1378 2675 1693 2727 audiebant.
1728 2679 1779 2723 3°
1814 2673 1924 2737 Qut

287 2742 655 2807 blasphemiis
698 2746 855 2795 nefas
894 2746 1246 2796 cumulantes
1290 2747 1667 2798 Christianum
1718 2760 1924 2796 nomen

287 2818 596 2876 ejurarunt,
623 2820 679 2864 et
725 2819 991 2879 apostatze
1022 2818 1301 2881 appellati.
1335 2817 1476 2869 Cum
1507 2833 1639 2869 vero
1682 2818 1927 2869 Deciana

289 2885 480 2936 clades
508 2886 780 2949 plurimos
818 2889 984 2937 variis
1030 2888 1186 2939 hisce
1229 2890 1405 2941 ιιιιὶοω
1453 2890 1753 2955 generibus
1799 2902 1924 2953 per-

288 2958 561 3007 culisset:
618 2959 767 3021 iique
815 2959 1011 3008 Novati
1061 2964 1117 3009 et
1165 2961 1496 3011 Felicissimi
1542 2965 1593 3011 et
1642 2960 1923 3025 presbyte-

285 3042 474 3078 rorum
527 3029 897 3092 quorumdam
956 3032 1051 3095 qui
1103 3046 1235 3083 cum
1279 3033 1411 3096 ipsis
1452 3032 1766 3083 sentiebant
1807 3033 1921 3082 fac-

284 3101 455 3162 tione,
488 3080 583 3151 aut
611 3102 779 3151 etiam
805 3080 1111 3166 martyrum
1141 3080 1400 3168 benignis
1442 3105 1679 3153 nimium
1724 3103 1921 3153 suffra-
1942 3080 1998 3156 C

283 3172 390 3236 giis
450 3172 743 3233 sublevati,
798 3173 1040 3223 reditum
1098 3175 1153 3223 in
1214 3174 1525 3225 Ecclesiam
1575 3174 1924 3239 impudenter

284 3242 637 3306 postulabant
690 3258 701 3292 :
759 3243 1088 3308 Cyprianus,
1139 3246 1288 3310 quod
1342 3246 1474 3296 olim
1542 3247 1813 3297 facturum
1863 3258 1922 3295 se

283 3315 632 3377 promiserat,
664 3328 799 3376 pace
838 3315 1108 3366 Ecclesiae
1149 3315 1379 3374 reddita,
1430 3315 1565 3379 quid
1612 3316 1679 3365 de
1730 3318 1921 3379 singu-

284 3385 353 3435 lis
407 3386 764 3437 statuendum
800 3389 892 3445 sit,
938 3387 1136 3437 librato
1184 3402 1312 3437 cum
1362 3387 1627 3437 fratribus
1668 3385 1920 3446 consilio,

286 3457 552 3508 decernit.
586 3458 833 3508 Libellus
862 3459 973 3520 hic,
1015 3463 1077 3507 ut
1119 3462 1173 3508 et
1214 3458 1536 3522 prmeedens
1571 3458 1638 3508 de
1681 3459 1919 3518 Unitate,

287 3527 623 3593 Carthagine
666 3530 927 3593 primum,
959 3534 1034 3590 et,
1062 3532 1125 3578 ut
1168 3544 1266 3593 par
1310 3534 1393 3580 est
1438 3528 1684 3589 credere,
1712 3531 1766 3579 in
1803 3531 1921 3594 ipso

287 3603 546 3664 concilio,
622 3604 838 3663 lectus;
904 3604 1033 3654 dein
1117 3603 1349 3653 Romam
1425 3605 1920 3666 transmittebatur,

285 3672 435 3736 quod
487 3688 554 3724 ex
602 3674 847 3737 Epistoia
893 3676 974 3736 54,
1020 3673 1088 3723 ad
1132 3674 1356 3723 Pameiii
1401 3688 1662 3725 numeros
1701 3677 1782 3738 51,
1822 3675 1920 3724 do-

288 3757 499 3795 cemur.
555 3746 738 3797 Voces
799 3746 919 3796 istas
970 3747 1025 3795 in
1071 3746 1250 3795 fronte
1283 3746 1506 3808 operis:
1540 3764 1567 3792 α
1616 3747 1729 3796 Pax
1772 3761 1920 3807 ecce,

285 3816 634 3867 dilectissimi
686 3819 898 3875 fratres,
929 3817 1199 3869 Ecclesiae
1246 3818 1463 3867 reddita
1500 3821 1626 3869 est:
1666 3822 1721 3870 et
1768 3819 1919 3882 quod

284 3885 515 3937 difﬁcile
566 3902 744 3952 nuper
806 3889 1111 3939 incredulis
1177 3903 1241 3940 ac
1298 3889 1524 3953 perﬁdis
1579 3890 1921 3953 impossibile

282 3958 590 4020 videbatur,
623 3975 726 4025 ope
756 3964 923 4026 atque
971 3962 1183 4011 ultione
1221 3961 1425 4024 divina,
1463 3963 1731 4012 securitas
1782 3976 1918 4011 nos-

285 4035 367 4079 tra
402 4037 651 4094 reparata
696 4036 797 4094 est,
850 4051 877 4077 »
923 4034 1057 4083 satis
1100 4032 1351 4084 indicant
1390 4038 1517 4097 post
1559 4034 1715 4083 Decii
1765 4048 1919 4083 mor-

282 4106 415 4161 tem,
441 4101 611 4165 idque
635 4105 820 4153 statim
865 4109 991 4168 post
1024 4106 1286 4154 nuntium
1318 4109 1631 4168 acceptum,
1664 4104 1918 4154 libellum

280 4171 435 4222 hunc
491 4173 721 4224 Romam
784 4176 952 4225 fuisse
1028 4178 1432 4226 transmissum.
1498 4177 1659 4226 Prius
1730 4180 1916 4227 autem

280 4244 570 4307 aliquanto
616 4248 905 4311 scriptum,
954 4251 1010 4297 et
1058 4247 1392 4312 Carthagine
1436 4247 1659 4312 publice
1709 4247 1916 4298 lectum

280 4315 512 4364 minime
540 4314 751 4365 dubito.
797 4318 989 4368 Plures
1035 4320 1184 4368 enim
1236 4332 1474 4377 menses,
1524 4319 1730 4383 quibus
1781 4333 1917 4369 con-

282 4385 471 4435 cilium
530 4387 586 4435 in
639 4387 919 4450 lapsorum
972 4403 1139 4439 causa
1200 4392 1523 4453 frequenter
1568 4390 1839 4451 habitum,
1887 4405 1916 4439 a

1966 299 2292 392 Agminii
2349 306 2560 392 tantum
2614 305 2914 392 Enodestim
2984 317 3057 392 et
3125 313 3383 381 obsequii
3444 330 3573 382 ergo
3608 318 3690 392 “in

2044 369 2298 453 Ecclesia
2331 376 2563 453 _velatis.
2614 381 2781 432 Porro
2825 384 3220 437 obnubilatum
3263 369 3431 453 caput
3476 369 3692 440 sawilis

2040 443 2374 524 conditionis
2430 449 2672 524 signum.
2710 453 2869 505 Unde
2919 458 3108 508 servili
3160 443 3350 524 paena;
3389 461 3691 523 subjicien-

2040 512 2163 596 dus,
2213 518 2867 596 velaineiito‘obductus.
2903 548 2931 574 «
2985 531 3026 591 Ι,
3061 512 3239 594 lictor,
3276 551 3304 577 »
3354 512 3518 596 apud:
3561 532 3682 581 Liv.

2040 598 2078 646 ι,
2107 586 2290 653 inquit
2339 591 2551 666 Horatii
2594 596 2953 658 periclitantis
2987 586 3158 664 pater,
3191 586 3439 666 «'colliga
3486 616 3687 652 manus

2039 671 2167 722 quae
2225 663 2392 724 paulo
2453 669 2877 739 anteiarmatm
2932 663 3228 735 imperium
3302 663 3506 739 populo
3576 674 3686 723 Ro-

2042 743 2210 853 ἓῗὲηο
2229 740 2576 799 pepererunt.
2609 738 2650 802 Ι,
2679 746 2847 804 caput
2879 740 3101 795 obnube
3124 738 3431 797 liberatoris
3455 746 3627 809 urbis,
3656 762 3686 794 s

2043 814 2150 852 etc.

2100 876 2270 926 Frons
2318 892 2433 955 cum
2479 884 2626 947 signa
2676 885 2775 934 Dei
2823 899 2983 949 pura.
3044 888 3255 953 Nempe
3302 891 3358 940 in
3420 890 3684 955 baptismi

2038 945 2278 1023 lavacro,
2310 945 2545 1018 signata,
2605 961 2661 1007 et
2719 945 2896 1023 spinei
2946 945 3352 1012 Domini-Jesu
3395 945 3525 1012 serti
3567 976 3687 1014 me-

2038 1032 2190 1098 mor,
2215 1022 2505 1098 admittere
2543 1041 2653 1078 non
2706 1034 2889 1092 potest
2934 1032 3084 1081 aliud
3124 1034 3321 1097 capitis
3365 1040 3667 1098 gestamen,

2037 1092 2430 1169 aut_habitum
2474 1112 2505 1148 a
2550 1099 2851 1151 candidatis
2897 1102 3100 1153 diaboli
3144 1092 3510 1165 introductum,
3536 1092 3681 1169 quod

2038 1162 2113 1238 ait
2150 1164 2379 1238 Tertull.
2424 1169 2480 1217 in
2510 1169 2606 1220 lib.
2636 1171 2698 1221 de
2739 1175 2881 1229 Cor.,
2923 1175 3019 1238 qui
3071 1176 3238 1225 etiam
3281 1176 3444 1226 refert
3492 1162 3669 1226 Clau-

2036 1233 2191 1286 dium
2245 1236 2607 1292 Saturninum
2659 1243 2716 1293 in
2770 1243 2911 1294 libro
2938 1233 3017 1295 -de
3061 1248 3302 1309 Coronis,
3329 1264 3359 1295 α
3399 1247 3671 1309 Origines,

2036 1318 2233 1357 causas
2263 1314 2317 1360 et
2353 1314 2569 1375 species
2617 1320 2670 1365 et
2712 1316 3090 1367 solemnitates
3130 1332 3319 1368 earum
3350 1320 3425 1369 ita
3460 1320 3675 1369 edisse-

2034 1388 2173 1449 rere,
2204 1385 2264 1430 ut
2294 1383 2505 1434 nullam
2539 1387 2770 1449 gratiam
2801 1387 2967 1449 ﬂoris,
2998 1388 3212 1439 nullam
3244 1390 3492 1440 laetitiam
3526 1391 3676 1440 tron-

2034 1447 2154 1526 dis,‘
2187 1452 2402 1526 nullum
2451 1447 2735 1521 cespitem,
2783 1462 2877 1508 aut
2924 1447 3229 1523 palmitem,
3278 1475 3390 1511 non
3439 1462 3677 1526 alicujus

2034 1522 2199 1583 capiti
2229 1525 2483 1577 invenias
2517 1522 2941 1581 consecratum:
2961 1548 2992 1582 δ

2096 1592 2189 1642 III.
2221 1622 2283 1632 —
2319 1599 2562 1662 Maligna
2605 1600 2975 1653 obtrectatione
3021 1603 3275 1653 debilitet.
3308 1604 3376 1655 Ut
3428 1618 3489 1655 se
3531 1603 3672 1668 lapsi

2032 1668 2410 1739 excusatiores
2438 1672 2698 1735 facerent,
2726 1673 2994 1725 decebant
3016 1676 3271 1739 plurimis
3296 1677 3440 1726 inter
3464 1680 3672 1726 stantes

1953 1716 2008 1789 B
2033 1737 2239 1812 pariter
2270 1754 2400 1791 cum
2428 1743 2563 1806 ipsis
2593 1716 2763 1795 fuisse
2807 1716 3200 1797 succubituros
3235 1749 3281 1797 si
3311 1749 3514 1812 pariter
3548 1752 3667 1797 ten-

2032 1808 2161 1884 tati;
2190 1810 2242 1884 si
2294 1825 2403 1862 non
2455 1818 2589 1866 tunc
2618 1817 2749 1879 t‘uga
2796 1818 3289 1882 (quemadmodum
3312 1808 3673 1884 Cyprianus,

2028 1879 2222 1944 elapsi.
2253 1884 2313 1933 In
2344 1900 2508 1937 causa
2533 1902 2643 1938 non
2676 1879 2917 1940 absimili
2940 1891 3153 1942 dictum
3180 1906 3191 1939 :
3224 1879 3490 1944 Casta'e'st
3512 1906 3670 1956 quam

2028 1964 2174 2002 nemo
2209 1958 2429 2019 rogavit.

2092 2023 2211 2073 Dies
2287 2029 2591 2093 negantibus
2665 2035 2990 2096 ρνκειίιαειιε
3057 2035 3286 2085 excessit.
3376 2035 3658 2098 PrOposita

2027 2091 2246 2146 fuerant
2289 2091 2555 2151 adversus
2606 2091 2948 2154 Christianos
2995 2105 3193 2165 edicta,
3225 2110 3289 2156 ut
3335 2091 3497 2156 intra-
3521 2106 3667 2156 diem

2026 2167 2365 2227 prmfinitum
2422 2172 2773 2225 Christianus
2832 2178 3099 2241 quisque,
3152 2192 3338 2228 coram
3396 2177 3664 2241 praeside,

2031 2242 2384 2311 proconsule,
2419 2245 2597 2297 aliove
2628 2248 2950 2310 magistratu
2987 2248 3337 2311 proﬁteretur
3361 2262 3419 2298 se
3451 2262 3667 2298 renun—

2031 2308 2167 2383 tiare
2198 2310 2449 2383 Christo;
2481 2318 2536 2365 ni
2569 2308 2791 2380 faceret,
2825 2308 3005 2382 capite
3034 2324 3175 2370 esset
3205 2318 3550 2383 plectendus,
3572 2323 3667 2370 aut

2026 2376 2166 2455 forte
2220 2380 2383 2455 bonis
2438 2387 2702 2439 exsiliove
2760 2376 3103 2439 multandus.
3162 2376 3463 2455 Postquam
3523 2376 3663 2440 illud

2033 2451 2251 2525 tempus
2285 2454 2533 2518 elapsum
2563 2463 2729 2519 esset,
2756 2461 3080 2525 quicunque
3101 2475 3160 2511 se
3184 2475 3296 2510 non
3312 2451 3672 2525 profiteban-

2025 2520 2133 2598 tur,
2160 2524 2347 2598 pmnis
2385 2526 2727 2579 denuntiatis
2770 2520 3279 2591 ﬁebant‘obnoxii;
3326 2520 3385 2581 et
3428 2532 3663 2595 proinde

2025 2594 2170 2639 inter
2217 2596 2563 2649 confessores
2610 2607 2767 2651 erant
2813 2602 3163 2653 numerandi.
3201 2603 3363 2653 Hanc
3405 2594 3478 2653 Ob
3521 2616 3663 2653 cau-

2025 2671 2142 2709 sam
2178 2664 2254 2713 ait
2282 2667 2477 2719 Noster
2502 2686 2513 2718 :
2544 2688 2573 2719 ‹‹
2598 2672 2718 2721 Non
2750 2674 3069 2737 praescripta
3096 2674 3310 2734 exsilia,
3334 2688 3445 2724 non
3482 2673 3655 2724 desti-

2023 2736 2150 2811 nata
2203 2739 2494 2799 tormenta,
2542 2758 2653 2793 non
2684 2747 2760 2795 rei
2806 2736 3091 2796 familiaris
3123 2746 3326 2797 damna
3370 2748 3663 2811 episcopos

2024 2806 2357 2861 terruerunt.
2386 2830 2412 2859 »

2097 2881 2163 2931 V.
2195 2907 2255 2918 —
2291 2884 2632 2948 Disciplinam
2678 2901 2788 2951 pas:
2819 2887 2975 2951 longa
3009 2895 3333 2954 corruperat.
3381 2888 3657 2953 Sulpitius

2025 2953 2266 3004 Severus
2314 2956 2537 3019 triginta
2585 2962 2708 3009 octo
2753 2974 2928 3010 annos
2968 2962 3122 3024 pacis
3167 2953 3445 3013 Ecclesiae
3492 2975 3660 3011 com-

2022 3028 2213 3088 putat;
2265 3027 2385 3077 scil.
2437 3042 2466 3077 a
2522 3028 2727 3080 Severo
2778 3032 2908 3094 imp.
2961 3031 3030 3080 ad
3074 3032 3346 3093 Decium;
3383 3032 3659 3095 siquidem

2025 3095 2402 3148 Maximiniani
2447 3104 2711 3151 attentata
2759 3102 3136 3153 Ecclesiarum
3180 3104 3492 3167 aliquarum
3538 3102 3660 3152 cie-

2025 3182 2145 3217 rum
2197 3168 2467 3221 duntaxat
2524 3172 2919 3235 percellebant,
2976 3174 3335 3238 Africamque
3393 3176 3657 3223 intactam

2021 3240 2371 3304 reliquerant.
2400 3242 2609 3294 Eadem
2642 3245 2754 3296 fere
2784 3245 3046 3296 dicuntur
3083 3248 3245 3310 epist.
3282 3246 3337 3296 l3
3373 3246 3441 3295 ad
3488 3247 3656 3303 Pam.,

2022 3325 2177 3360 num.
2210 3315 2253 3362 7.

2085 3384 2175 3432 Vl.
2201 3412 2260 3421 -—
2300 3386 2554 3451 Corrupta
2596 3388 2781 3439 barba.
2827 3389 3074 3453 Respicit
3097 3389 3270 3439 Levit.
3296 3402 3421 3450 XIX,
3447 3389 3528 3448 27,
3557 3388 3658 3437 ubi

2022 3454 2391 3517 interdicitur,
2419 3473 2489 3509 ne
2520 3465 2949 3523 corrumpantur
2970 3461 3159 3525 anguli
3191 3461 3394 3516 barbae.
3427 3462 3545 3511 Hac
3582 3460 3652 3509 de

2022 3540 2079 3576 re
2108 3527 2214 3575 vid.
2247 3527 2280 3577 1.
2312 3542 2390 3589 ιιι,
2416 3544 2534 3593 cap.
2558 3531 2638 3590 8t,
2665 3531 2737 3579 ad
2766 3533 2911 3594 Quir.
2936 3532 3017 3582 De
3045 3532 3376 3582 feminarum
3406 3530 3657 3581 moribus

2020 3598 2076 3647 in
2108 3598 2202 3647 lib.
2231 3599 2293 3648 de
2315 3601 2464 3652 Cultu
2495 3602 2620 3665 egit.

2081 3669 2311 3733 Iungere
2353 3686 2466 3721 cum
2501 3672 2809 3735 inﬁdelibus.
2843 3674 3092 3737 Respicit
3138 3680 3331 3724 auctor
3379 3675 3656 3723 monitum

2020 3740 2086 3788 D.
2121 3741 2275 3790 Pauli
2304 3742 2350 3792 II
2377 3742 2501 3793 Cor.
2531 3757 2607 3801 v1,
2647 3745 2722 3805 tl,
2761 3750 2814 3793 et
2846 3745 2867 3793 1
2904 3745 3031 3796 Cor.
3072 3757 3167 3796 vn.
3200 3745 3321 3795 Vid.
3357 3746 3390 3795 i.
3425 3759 3482 3795 lli
3536 3745 3656 3793 Tes—

2021 3814 2128 3861 tim.
2158 3814 2225 3862 ad
2258 3816 2448 3875 Quirin
2496 3829 2544 3864 c.
2576 3816 2659 3865 92.

2092 3883 2341 3951 Epismpi
2408 3885 2649 3949 plurimi.
2710 3887 2877 3937 Hunc
2950 3888 3138 3938 locum
3210 3889 3416 3952 saepius
3480 3886 3658 3936 attin—-

2020 3962 2099 4026 git
2138 3960 2205 4009 D.
2252 3956 2547 4007 Aunustin.
2585 3956 2706 4006 adv.
2742 3959 3092 4023 Donatistas;
3139 3958 3250 4009 vid.
3302 3960 3337 4008 l.
3382 3970 3439 4008 tu
3488 3961 3646 4011 Contr

2018 4034 2117 4095 Ep.
2187 4029 2260 4079 ad
2329 4030 2571 4078 Parmen.
2639 4043 2686 4078 c.
2761 4029 2808 4093 2,
2874 4034 2927 4079 et
2993 4030 3029 4080 l.
3104 4044 3163 4083 IV
3224 4036 3387 4081 contr.
3460 4032 3645 4092 Cresa,

2020 4121 2066 4154 0.
2091 4102 2171 4153 26.

2083 4169 2439 4223 Esurientibus
2504 4171 2559 4219 in
2637 4172 2873 4222 Ecclesia
2947 4174 3226 4234 fratribus.
3313 4175 3650 4238 Quanquam

2018 4244 2301 4309 Apostoiis
2358 4242 2676 4293 consultum
2727 4244 3036 4306 videbatur,
3093 4248 3217 4296 Aet.
3278 4260 3357 4306 vr,
3439 4251 3491 4294 ut
3545 4259 3656 4296 non

2017 4317 2439 4378 deretinquerent
2497 4313 2705 4363 verbum
2763 4315 2873 4375 Dei,
2928 4321 2975 4365 et
3031 4318 3389 4366 ministrarent
3447 4319 3657 4376 mensis,

2018 4394 2073 4439 et
2124 4387 2253 4437 inde
2311 4386 2528 4435 diaconi
2567 4386 2870 4449 subrogati,
2924 4402 3231 4452 pauperum
3280 4395 3464 4439 tamen
3519 4402 3655 4439 cura

281 4456 543 4519 Cypriani
571 4448 750 4507 reditu
786 4459 854 4508 ad
888 4460 1049 4510 Decii
1091 4448 1341 4521 mortem,
1369 4474 1603 4524 eamque
1638 4462 1693 4509 in
1732 4448 2166 4522 AfricaDapud
2224 4459 2512 4522 episcopos
2567 4448 2835 4521 perpetuo
2887 4448 3108 4509 mansit.
3172 4460 3351 4522 Quam
3417 4460 3657 4509 sollicite

280 4529 672 4591 renuntiatam,
720 4529 1096 4581 intercessere.
1148 4529 1257 4581 Sed
1300 4535 1556 4581 auctores
1592 4532 1649 4582 id
1687 4534 1828 4595 juris
1860 4534 1915 4582 in

279 4598 483 4661 scripta
516 4612 618 4648 sua
659 4606 929 4664 perpetuo
960 4601 1269 4660 vindicant,
1303 4606 1365 4651 ut
1389 4601 1647 4666 quaedam
1677 4603 1917 4654 subinde

280 4670 501 4733 preprie
542 4674 673 4721 nata
715 4672 939 4733 addant,
978 4672 1289 4733 detrahant,
1320 4677 1374 4723 et
1413 4674 1563 4723 varie
1598 4675 1914 4736 immutent,

279 4741 433 4805 quod
486 4743 651 4792 etiam
691 4757 722 4792 a
771 4743 1050 4807 Cypriane
1096 4744 1190 4794 hic
1236 4745 1343 4795 loci
1386 4745 1595 4794 factum
1637 4748 1913 4797 existimo.

278 4810 481 4875 Scripti
521 4812 689 4877 hujus
740 4815 1109 4864 meminerant
1150 4814 1399 4875 Pontius,
1428 4815 1734 4877 Eusebius,
1766 4817 1916 4868 Rufi-

276 4896 403 4943 nus,
429 4884 793 4949 Augustinus,
822 4885 1168 4948 Fuigentius,
1192 4886 1482 4948 Paeianus,
1511 4890 1563 4936 et
1591 4887 1683 4937 alii
1708 4890 1914 4952 passim

274 4958 507 5005 veteres.

339 5026 406 5075 II.
430 5052 490 5063 —
530 5027 728 5079 CohOrs
766 5026 1027 5077 Candida.
1062 5027 1270 5078 Pariter
1313 5030 1366 5077 et
1398 5030 1667 5092 martyres
1710 5028 1842 5079 dicti
1882 5043 1912 5080 ει

275 5102 467 5148 nostro
530 5103 775 5162 auctore,
828 5100 1005 5148 Massa
1070 5099 1334 5149 Candida.
1407 5099 1502 5150 Sic
1560 5098 1799 5149 Tertull.
1849 5098 1913 5148 de

273 5172 462 5220 Coron.
491 5184 508 5218 :
538 5187 565 5215 α
596 5171 679 5219 De
724 5170 970 5233 martyrii
1001 5169 1236 5220 candida
1270 5171 1459 5220 laurea
1499 5170 1701 5220 melius
1745 5183 1910 5220 coro-

269 5241 512 5291 nandus.
556 5260 583 5288 »
636 5244 864 5293 Interim
921 5247 1181 5305 respectu
1214 5242 1408 5293 habito
1456 5241 1526 5292 ad
1576 5242 1907 5306 sanguinem

269 5311 477 5372 fusum,
496 5312 675 5375 ﬂoridi
701 5317 752 5363 et
771 5316 967 5363 russati
998 5314 1129 5364 alibi
1165 5314 1528 5379 appellantur.

332 5381 408 5431 Ab
450 5382 615 5447 impio
668 5383 1019 5449 scelerataque
1046 5388 1324 5435 velamine.
1361 5385 1556 5436 Omnis
1603 5385 1717 5434 fere
1763 5397 1906 5447 gen-

269 5453 450 5503 tilium
500 5454 711 5519 reiigio,
768 5456 823 5505 in
880 5462 1225 5506 mortuorum
1295 5458 1452 5506 cultu
1509 5460 1563 5507 et
1616 5455 1904 5520 placandis

270 5524 376 5574 diis
436 5525 695 5576 manibus
744 5528 1104 5588 versabatur;
1181 5527 1331 5577 unde
1400 5527 1596 5577 habitu
1675 5528 1903 5577 funereo

268 5601 324 5647 et
362 5596 541 5647 velato
588 5598 766 5662 capite
802 5612 961 5650 sacra
1014 5604 1075 5649 ut
1119 5599 1424 5663 plurimum
1476 5598 1904 5663 peragebantur.

268 5666 340 5717 Et
380 5670 570 5717 contra
625 5683 757 5721 vero
805 5675 1087 5734 praeeunte
1134 5670 1395 5735 Apostolo
1441 5670 1464 5723 Ι
1510 5669 1658 5727 Cor.,
1685 5682 1765 5730 xx,
1821 5668 1897 5722 10.

240 5738 573 5795 Christiani
612 5739 869 5807 homines
912 5742 1064 5794 nudo
1110 5741 1288 5808 capite
1333 5754 1527 5807 preces
1572 5740 1899 5801 fundebant,

2020 4530 2129 4580 hoc
2210 4527 2541 4593 procurabat
2610 4529 2675 4577 D.
2743 4529 2967 4588 Paulus,
3035 4532 3152 4591 ejus
3226 4530 3491 4593 Epistolm
3552 4542 3655 4578 nos

2019 4602 2226 4665 passim
2262 4600 2480 4650 docent.
2528 4601 2610 4649 De
2637 4599 2886 4649 moribus
2918 4599 3361 4650 Christianorum
3410 4614 3651 4664 sequen-

2021 4675 2088 4723 tis
2148 4672 2335 4721 szeculi
2392 4672 2665 4720 rationem
2715 4670 2892 4720 reddit
2946 4671 3199 4720 Justinus
3246 4673 3406 4736 Apol.
3456 4686 3533 4721 ιιι
3583 4672 3657 4721 Τὸ

2017 4743 2362 4805 συλλεγόμενον
2462 4743 2528 4789 τῶ
2614 4742 2879 4806 προεστῶτι
2968 4742 3271 4802 ἀποτίθεται,
3347 4742 3427 4789 καὶ
3515 4742 3657 4797 αὐτὸς

2016 4814 2261 4879 ἐπικουρεῖ
2316 4814 2535 4877 ὀρφανοῖς
2575 4830 2625 4861 τε
2674 4815 2755 4861 καὶ
2824 4814 2992 4877 χήραις
3048 4815 3129 4861 καὶ
3188 4817 3286 4868 τοῖς
3366 4813 3444 4861 διὰ
3514 4813 3655 4860 νόσον

2014 4887 2045 4942 ἢ
2111 4887 2161 4934 δὲ
2233 4886 2379 4943 ἄλλην
2437 4885 2588 4933 αἰτίαν
2662 4884 2972 4946 λειπομένοις,
3032 4886 3113 4931 καὶ
3178 4887 3283 4936 τοῖς
3347 4882 3394 4929 ἐν
3461 4883 3656 4943 δεσμοῖς

2014 4956 2161 5019 οὖσι,
2230 4957 2314 5013 imi
2377 4960 2477 5011 τοῖς
2540 4955 2883 5019 παρεπιδήμοις
2951 4953 3061 5002 οὖσι
3118 4956 3290 5013 ξενοις,
3356 4955 3437 5001 καὶ
3494 4954 3657 5009 ἁπλῶς

2012 5032 2132 5076 πᾶσι
2209 5032 2309 5083 τοῖς
2386 5027 2433 5074 ἐν
2515 5026 2653 5090 χρείᾳ
2725 5026 2834 5073 οὖσι
2901 5026 3121 5088 κηδεμὼν
3208 5025 3402 5085 γίνεται.
3489 5026 3651 5076 Hanc

2013 5099 2188 5150 fuisse
2226 5104 2552 5162 perpetuam
2603 5099 2668 5147 D.
2717 5097 2980 5161 Cypriani
3032 5095 3469 5147 sollicitudinem
3516 5098 3648 5161 Epi-

2011 5170 2166 5221 stolas
2202 5171 2320 5234 ejus
2354 5170 2568 5220 nescire
2607 5180 2708 5217 nos
2758 5170 2982 5227 vetant;
3014 5168 3320 5230 praesertim
3369 5169 3525 5232 epist.
3568 5167 3655 5227 62,

2012 5242 2082 5293 ad
2120 5242 2261 5290 Pam.
2300 5254 2454 5289 num.
2503 5240 2565 5289 60
2620 5238 2716 5289 ubi
2745 5238 3085 5288 redimendis
3132 5238 3381 5301 captivis,
3415 5240 3461 5288 si
3497 5243 3646 5289 recte

2009 5314 2253 5363 rationes
2308 5310 2638 5362 subduxerit
2675 5310 2969 5374 Rigaltius,
3006 5310 3270 5361 librarum
3320 5310 3498 5373 25,000
3528 5324 3647 5361 ero-

2048 5385 2308 5436 abantur.

2048 5400 2308 5436 anantur.

2007 5400 2042 5449 ε
2071 5458 2154 5508 Ad
2176 5456 2354 5520 prima
2385 5455 2563 5504 statim
2607 5453 2782 5504 verba.
2833 5454 3062 5505 Terrore
3111 5455 3219 5505 hoc
3267 5456 3650 5519 inexspectato

2004 5528 2290 5593 perculsos
2317 5527 2453 5591 Cyp.
2500 5526 2659 5589 epist.
2688 5526 2768 5581 06,
2808 5526 2884 5574 ad
2910 5527 3053 5575 Pam.
3083 5540 3236 5575 num.
3275 5528 3353 5588 57,
3386 5525 3653 5576 Subitatos

2004 5600 2265 5663 appellat.
2321 5599 2573 5649 Similem
2624 5598 2910 5662 lapsorum
2970 5598 3026 5647 in
3086 5597 3323 5663 Egypto
3376 5597 3484 5646 hoc
3534 5596 3654 5657 ipso

2004 5672 2257 5733 tempore
2310 5674 2550 5733 stragem
2585 5668 2697 5720 late
2751 5668 3015 5720 describit
3056 5668 3364 5736 DionySius
3410 5665 3655 5716 Alexan-

2006 5740 2208 5794 drinus
2241 5740 2389 5823 apud
2412 5739 2620 5792 Euseb.
2646 5740 2681 5790 l.
2717 5753 2798 5805 v1,
2825 5754 2872 5794 c.
2899 5741 2977 5792 41.
3046 5820 3057 5833 ἡ
