4144 6192
570 288 706 348 1279

636 416 787 470 VIII.
835 444 894 457 —
935 416 1283 469 Ascenderent
1329 419 1650 485 apprehensi.
1695 419 1855 472 Hanc
1907 422 2204 474 lectionem

569 504 738 555 quam
767 505 896 542 mss.
941 491 1192 555 plerique
1223 496 1470 552 tuentur,
1512 493 1868 543 commendat
1896 495 2095 544 similis
2125 494 2206 544 lo-

571 563 720 612 cutio
751 563 883 613 cleri
920 563 1077 614 Rom.
1108 576 1194 626 ep.
1227 564 1275 622 8,
1302 563 1370 610 ad
1394 564 1586 613 I’amcl.
1620 578 1771 613 num.
1805 565 1834 614 3
1867 581 1878 614 :
1917 563 2205 614 Ascendcn-

558 625 639 683 te:
667 635 732 683 ab
761 633 853 684 hoc
876 635 1014 698 quod
1044 625 1512 698 compellabantur
1539 637 1914 685 revocavimus.

629 705 710 754 Ad
738 705 1058 769 Capitolium
1083 709 1260 768 sponte
1286 709 1497 755 ventum
1538 711 1629 757 cst.
1674 708 1876 758 Arcem
1918 706 2207 770 Carthagi-

568 790 819 840 nensem,
851 779 1261 827 imitamentum
1301 778 1576 828 Romanae.
1611 779 1900 829 Novatiani
1937 784 1991 828 et
2020 780 2208 828 Dona-

562 848 705 898 tistae
743 848 1076 911 Catholicos,
1108 849 1256 914 quod
1298 849 1409 900 huc
1440 850 1810 900 ascendentes
1841 851 2027 913 lapsos
2053 862 2206 900 rece-

567 920 798 982 pissent,
838 935 936 985 per
981 926 1365 985 contemptum
1410 921 1683 972 vocabant
1729 921 2066 985 Capitolinos.
2116 919 2210 972 Sic

571 991 861 1053 Pacianus,
916 994 1073 1056 epist.
1131 995 1162 1043 ‘2
1208 1009 1220 1043 :
1273 1012 1300 1039 «
1353 993 1642 1057 Numquid
1681 993 1961 1058 Cypriano
2014 997 2208 1043 sancto

570 1067 688 1116 viro
725 1067 834 1118 hoc
879 1067 1053 1125 obest,
1084 1067 1234 1132 quod
1263 1069 1502 1131 p0pulus
1528 1071 1645 1132 ejus
1673 1069 2059 1132 Apostaticum
2100 1080 2208 1116 no-

569 1150 700 1188 men
730 1137 920 1195 habet,
953 1138 1038 1190 vel
1072 1139 1467 1202 Capitolinum,
1493 1140 1580 1190 vel
1605 1140 1941 1204 Synedrium
1960 1140 1985 1189 ἢ
2011 1161 2039 1185 ››

638 1209 740 1270 Qui
809 1211 929 1274 jam
1009 1209 1216 1260 diabolo
1293 1213 1644 1260 rcnuntiarat.
1717 1209 2006 1262 Solemnia
2087 1209 2208 1259 haec

568 1278 830 1343 baptismi
882 1281 1050 1331 verba
1113 1282 1341 1331 Tertull.
1399 1281 1462 1331 de
1510 1283 1741 1345 Spectac.
1786 1297 1834 1333 c.
1879 1284 1927 1344 4,
1977 1285 2031 1331 et
2076 1280 2209 1330 alibi

570 1352 778 1414 passim
833 1353 1120 1402 inculcat:
1166 1353 1315 1417 quod
1372 1354 1540 1404 etiam
1604 1368 1633 1403 a
1688 1352 1966 1416 Cypriano
2018 1357 2209 1402 nostro

571 1421 808 1486 aliisque
853 1424 1108 1473 Patribus
1137 1424 1370 1474 factum.
1423 1425 1684 1474 Formula
1718 1425 1842 1476 hmo
1883 1425 2207 1487 antiquissi-

571 1506 661 1542 ma
727 1508 838 1542 non
895 1495 1118 1545 aliunde
1167 1499 1346 1545 ortum
1401 1495 1560 1546 duxit
1612 1511 1778 1560 quam
1839 1510 1870 1544 a
1936 1495 2212 1546 Christia-

569 1564 731 1613 nismi
764 1565 952 1625 initiis,
983 1569 1035 1616 et
1075 1566 1294 1617 videtur
1321 1579 1441 1618 esse
1485 1567 1625 1616 illud
1673 1568 1954 1631 ἐπερώτημα
1993 1567 2063 1618 de
2098 1580 2210 1630 quo

570 1633 639 1684 D.
683 1636 880 1686 Petrus
926 1638 947 1686 I
991 1637 1164 1701 Epist.
1203 1652 1278 1701 nr,
1307 1639 1387 1699 2|,
1423 1639 1477 1688 in
1525 1639 1858 1688 Judzeorum
1911 1639 2209 1702 baptismo,

571 1706 887 1769 proselytus
932 1711 1184 1771 patriam,
1234 1713 1489 1773 parentes
1538 1713 1590 1760 et
1633 1709 2037 1760 humanitatem
2082 1710 2211 1772 eju—

574 1776 755 1839 rabat;
807 1778 1159 1832 Christianus
1223 1795 1375 1842 vero,
1427 1782 1623 1831 noxias
1695 1781 2044 1844 cupiditates,
2102 1793 2208 1830 sa:-

572 1847 685 1898 culi
741 1828 986 1914 pompas
1001 1828 1154 1913 ,WEE
1217 1828 1462 1902 diaboli—
1475 1828 1822 1917 assumas
1838 1828 2088 1902 "abdicat
2104 1828 2120 1830 ﬁ
2138 1828 2210 1900 ’ἐι
2229 1828 2284 1900 Β

573 1919 852 1970 amandat.

636 1989 752 2038 IX.’
785 2017 845 2028 —
922 1993 1127 2042 Lethali
1188 1993 1374 2057 poculo
1447 1995 1723 2057 prapinata
1799 1997 1891 2042 est.
1964 1993 2213 2057 Respicit

572 2061 842 2112 libamina
870 2064 1183 2127 gentilium,
1213 2064 1283 2114 de
1309 2063 1514 2129 quibus
1554 2065 1619 2114 D.
1659 2065 1867 2115 Paulus
1915 2065 1937 2114 Ι
1991 2063 2116 2114 Cor.
2148 2077 2209 2123 Χ,

575 2132 633 2180 2t
671 2147 683 2181 :
715 2135 831 2186 Non
867 2137 1083 2197 potestis
1122 2134 1329 2184 calicem
1375 2136 1584 2185 Domini
1635 2135 1807 2186 bibere
1839 2141 1883 2186 et
1928 2136 2212 2185 daemonio-

579 2219 712 2252 rum.

639 2274 870 2336 Infantes
940 2290 1154 2342 quoque.
1218 2279 1301 2328 De
1369 2292 1561 2329 eorum
1625 2278 1903 2342 baptismo
1967 2277 2079 2327 vid.
2142 2276 2213 2326 ad

577 2346 789 2396 Fidum.
823 2347 1002 2410 Quem
1033 2364 1244 2400 morem
1273 2350 1382 2401 late
1424 2351 1714 2414 impugnat
1759 2351 2029 2413 Rigaltius
2070 2349 2213 2398 notis

575 2417 694 2466 suis
734 2419 789 2467 in
838 2418 1042 2469 dictam
1086 2420 1393 2483 epistolam,
1423 2425 1477 2470 et
1517 2420 1611 2471 hic
1649 2421 1756 2470 loci
1802 2420 1970 2472 dicit:
2024 2439 2052 2465 «
2091 2419 2214 2468 Hoc

575 2500 744 2538 sensu
814 2493 1047 2553 permoti
1106 2493 1447 2542 censuerunt
1524 2492 1765 2542 infantes
1831 2489 2211 2556 baptizandos.

572 2561 794 2623 signum
846 2560 978 2611 ﬁdei
1029 2563 1304 2612 dederunt
1351 2563 1603 2622 homini,
1673 2565 2000 2628 priusquam
2068 2565 2214 2612 esset

571 2629 741 2680 homo
785 2631 916 2681 ﬁdei
960 2646 1154 2697 capax.
1200 2634 1437 2695 Signum
1486 2636 1606 2684 sine
1655 2649 1732 2696 re,
1784 2636 1961 2698 ipsius
2011 2637 2089 2685 rei
2128 2633 2212 2681 vi-

569 2703 783 2753 carium
837 2704 1105 2754 fecerunt.
1157 2722 1185 2750 »
1238 2705 1322 2754 Ex
1386 2706 1855 2770 anabaptistarum
1921 2707 2060 2755 faece
2126 2704 2209 2753 fa-

570 2774 788 2823 naticus
848 2788 958 2824 non
1014 2776 1120 2824 alia
1189 2777 1526 2839 scripsisset.
1583 2777 1741 2826 Itane
1787 2789 1918 2826 vero
1977 2776 2214 2824 infantes

572 2843 702 2894 ﬁdei
760 2859 984 2908 prorsus
1040 2847 1385 2910 incapaces?
1436 2847 1494 2897 Si
1542 2847 1650 2897 hoc
1698 2850 1877 2897 ratum
1926 2847 2018 2909 sit,
2077 2861 2214 2911 quo-

574 2916 740 2966 modo
779 2917 1025 2968 Joannes
1054 2920 1295 2982 Baptista
1339 2919 1544 2983 aliique
1584 2933 1616 2968 a
1659 2919 1850 2969 matris
1882 2922 2039 2968 utero
2087 2919 2214 2982 ple-

576 2988 632 3035 ni
683 2987 893 3048 Spiritu
936 2992 1176 3039 sancto?
1222 2991 1390 3040 Porro
1442 2991 1793 3040 circumcisio
1839 2995 1965 3040 ante
2011 2989 2214 3053 legem,

569 3061 623 3107 et
668 3059 776 3108 sub
825 3060 960 3122 ipsa,
1010 3064 1126 3110 erat
1173 3060 1452 3111 fmderalis
1513 3062 1672 3119 ritus,
1721 3060 1817 3124 qui
1863 3074 1963 3124 pro
2007 3059 2214 3109 funda—

575 3135 765 3180 mento
796 3131 990 3181 habuit
1015 3132 1182 3182 ﬁdem
1216 3134 1270 3180 in
1313 3132 1571 3182 Messium
1602 3131 1956 3194 postmodum
2001 3135 2213 3181 ventu-

1876 253 1900 302 ³
1923 295 2098 354 amr.
2139 295 2338 356 exon.
2366 247 2594 357 None.

2229 449 2285 520 A

3751 269 3861 362 usti

2306 424 2473 474 modo
2512 438 2618 476 ceu
2659 422 2866 474 licitam
2909 422 3127 475 videtur
3171 419 3476 485 defendere,
3514 423 3602 474 sed
3642 427 3865 492 tanquam

2307 510 2421 546 rem
2444 498 2772 560 imperatam
2794 495 3187 546 commendare
3214 511 3226 545 :
3262 495 3366 546 hac
3399 509 3465 546 ex
3487 502 3627 561 parte
3650 512 3679 548 a
3703 501 3869 564 magis-

2309 571 2392 617 tro
2423 567 2766 617 Tertulliano
2797 567 2961 629 longe
2993 566 3303 618 discedens.

2371 639 2514 688 XIII.
2567 665 2628 676 —
2689 641 2835 692 Nunc
2894 639 3110 702 ﬂagella
3180 637 3484 688 scinde/ient.
3547 639 3730 692 Pariter
3779 649 3868 694 tor-

2308 715 2492 760 menta
2519 710 2642 760 1]ωο
2687 709 2949 760 describit
2991 709 3196 760 Tertul.
3242 710 3390 774 Apol.
3423 724 3471 761 c.
3500 709 3592 760 30:
3630 730 3655 757 α
3687 714 3866 778 Expau.

2308 796 2400 831 sos
2439 783 2646 847 ungula
2694 783 2927 843 fodiant,
2971 795 3169 833 cruces
3217 783 3567 845 suspendant,
3595 785 3726 847 ignes
3762 788 3869 838 lam-

2307 851 2478 915 bant,
2558 852 2726 918 gladii
2799 857 3022 918 guttura
3095 853 3460 915 detruncent,
3527 853 3696 906 bt‘SliiB
3762 858 3867 908 insi-

2307 924 2461 974 liant.
2495 941 2523 972 »

2371 996 2592 1046 xEmilio
2657 995 2949 1061 aliquando
3024 997 3277 1046 Dominus
3341 997 3540 1060 ignovit.
3612 998 3870 1063 Baptismus

2309 1067 2598 1130 sanguinis
2629 1082 2697 1119 ex
2727 1067 2995 1119 Ecclesia:
3037 1069 3236 1118 veteris
3273 1069 3546 1118 sententia
3587 1083 3684 1118 non
3726 1072 3870 1123 minus

2309 1142 2458 1190 certo
2507 1152 2729 1190 omnem
2777 1142 3044 1189 anteacta:
3090 1139 3221 1188 vitae
3269 1137 3452 1188 labem
3496 1139 3713 1196 eluebat,
3741 1156 3870 1206 quam

2310 1223 2471 1273 aqum
2513 1209 2840 1260 lavacrum:
2890 1209 3123 1273 proinde
3168 1222 3294 1259 cum
3341 1208 3538 1258 Castus
3583 1214 3630 1261 et
3671 1212 3873 1261 Emilius

2309 1281 2380 1332 ad
2434 1282 2681 1345 martyrii
2725 1282 2898 1332 decus
2953 1281 3182 1330 admissi
3240 1284 3415 1340 erant,
3471 1280 3535 1331 de
3584 1285 3726 1332 venia
3773 1285 3872 1347 ipsis

2307 1353 2453 1402 facta
2497 1354 2723 1403 minime
2764 1352 3151 1403 dubitandum.
3196 1351 3354 1402 Unde
3397 1352 3548 1416 epist.
3589 1355 3642 1403 t8
3668 1355 3731 1403 ad
3765 1355 3873 1402 Pam.

2310 1438 2464 1472 nam.
2524 1423 2598 1485 t3,
2653 1424 2836 1487 lapsos
2889 1424 2985 1487 qui
3052 1424 3123 1474 ad
3192 1437 3388 1487 pacem
3458 1425 3758 1476 festinabant
3815 1428 3875 1477 sic

2310 1493 2612 1557 alloquitur
2655 1494 2967 1558 Cyprianus
3001 1509 3011 1542 :
3062 1495 3208 1545 Acies
3245 1494 3416 1544 adhuc
3459 1496 3662 1558 geritur,
3698 1501 3735 1544 et
3774 1511 3878 1559 agon

2310 1567 2546 1628 quotidie
2599 1566 2934 1628 celebratur;
2993 1567 3039 1615 si
3099 1567 3360 1616 commissi
3420 1581 3530 1616 vere
3592 1571 3637 1616 et
3699 1567 3876 1631 [innitar

2307 1638 2542 1698 paenitet,
2575 1643 2621 1687 et
2666 1638 2786 1702 ﬁdei
2824 1639 2972 1688 calor
3011 1639 3260 1702 praevalet
3281 1654 3297 1687 :
3331 1640 3427 1703 qui
3470 1638 3666 1705 differri
3693 1653 3776 1689 non
3803 1655 3873 1705 ρο-

2312 1713 2400 1758 test
2438 1714 2600 1773 potest
2640 1710 2893 1758 coronari.
2929 1709 3088 1772 Quod
3131 1709 3332 1760 dicitur
3373 1710 3660 1760 Dominum
3697 1711 3764 1760 hic
3799 1711 3876 1760 ati-

2310 1781 2521 1845 quando
2566 1781 2864 1844 ignovisse,
2891 1781 3111 1831 videtur
3141 1783 3375 1832 innuere
3402 1781 3506 1832 hoc
3550 1781 3739 1846 pridem
3771 1782 3873 1833 Car-

2310 1853 2533 1919 thagine
2561 1854 2787 1904 factum.

2373 1925 2494 1976 XV.
2526 1953 2587 1963 —
2622 1926 2866 1976 Sanctum
2905 1926 3139 1975 Domini.
3184 1926 3329 1976 Infra
3374 1929 3537 1977 vocat
3571 1925 3878 1990 sanctiﬁcatum

2311 1997 2363 2046 in
2384 1996 2636 2061 sanguine
2665 1997 2883 2047 Domini
2919 1996 3089 2047 cibum
3122 2001 3173 2047 et
3200 2003 3400 2063 potum,
3427 2001 3486 2048 ut
3516 2002 3654 2048 recte
3676 1997 3880 2046 admonet

2310 2068 2509 2130 Rigalt.

2380 2141 2590 2189 Domini
2641 2153 2827 2205 corpus
2881 2141 3146 2190 invadunt.
3208 2140 3435 2204 Duplici
3512 2139 3565 2192 S.
3640 2140 3880 2203 Scriptum

2313 2212 2627 2262 testimonio
2673 2225 2733 2262 se
2785 2208 3031 2275 explicat
3083 2216 3274 2262 auctor
3314 2216 3540 2272 noster;
3593 2212 3699 2262 scil.
3749 2212 3880 2262 Levit.

2311 2295 2458 2342 xxrr,
2501 2283 2550 2342 3,
2593 2282 2688 2332 ubi
2729 2283 2975 2334 dicitur:
3039 2286 3176 2336 Caro
3225 2283 3482 2347 sacriﬁcii
3521 2283 3652 2349 quod
3697 2288 3756 2332 est
3801 2285 3872 2331 Do-

2311 2352 2466 2414 mini,
2515 2358 2568 2403 et
2616 2355 2638 2404 I
2682 2353 2806 2405 Cor.
2852 2369 2914 2411 Χ,
2961 2355 3022 2404 ‘27
3064 2369 3076 2402 :
3133 2354 3472 2419 Quicunque
3513 2355 3674 2404 ederit
3711 2367 3880 2416 panem,

2312 2427 2409 2472 aut
2464 2423 2669 2474 biberit
2737 2426 2970 2476 calicem
3035 2426 3282 2487 Domini,
3339 2430 3445 2476 etc.
3503 2424 3881 2490 Explicatissime

2313 2493 2614 2544 Facundus
2664 2495 2929 2560 Cypriani
2971 2501 3213 2546 sectator
3254 2496 3577 2556 fidissimus,
3611 2497 3642 2545 1.
3674 2508 3742 2554 rx,
3772 2496 3880 2545 cii:

2313 2581 2342 2609 «
2372 2564 2796 2617 Sacramentum
2842 2569 3086 2632 corporis
3113 2573 3170 2617 et
3208 2570 3498 2632 sanguinis
3543 2569 3744 2626 Christi,
3770 2567 3881 2631 quod

2312 2640 2397 2684 est
2419 2637 2474 2684 in
2509 2650 2652 2700 pane
2678 2641 2731 2686 et
2761 2637 2963 2701 poculo
2991 2645 3336 2702 consecrato,
3375 2652 3574 2703 corpus
3603 2642 3708 2702 ejus
3728 2644 3772 2687 et
3791 2652 3883 2686 san.

2313 2708 2539 2772 guinem
2585 2709 2844 2767 dicimus,
2889 2723 3000 2759 non
3032 2710 3180 2773 quod
3231 2711 3451 2774 proprie
3496 2724 3685 2773 corpus
3711 2711 3809 2771 ejus
3832 2709 3884 2754 sit

2311 2781 2492 2841 panis,
2519 2784 2574 2829 et
2622 2781 2886 2845 poculum
2937 2782 3181 2845 sanguis,
3210 2781 3306 2830 sed
3351 2781 3504 2846 quod
3547 2782 3598 2830 in
3633 2795 3686 2830 se
3721 2782 3883 2841 myste-

2313 2849 2459 2900 rium
2502 2854 2748 2915 corporis
2794 2855 2914 2916 ejus
2966 2854 3372 2918 sanguinisque
3419 2855 3732 2904 contineant.
3776 2851 3884 2900 Hinc

2314 2924 2365 2970 et
2417 2922 2532 2985 ipse
2584 2924 2859 2974 Dominus
2906 2925 3267 2974 benedictum
3325 2939 3528 2989 panem
3577 2931 3627 2974 et
3680 2923 3884 2979 calicem,

2314 3005 2479 3055 quem
2513 2994 2801 3060 discipulis
2835 2995 3077 3058 tradidit,
3107 3010 3310 3058 corpus
3344 3001 3397 3046 et
3425 2997 3732 3061 sanguinem
3754 3005 3883 3043 suum

2313 3067 2552 3114 vocavit.
2589 3083 2619 3112 »

2384 3136 2557 3186 XVII.
2590 3165 2650 3174 —
2682 3137 2780 3188 Sed
2807 3152 2920 3188 cum
2959 3139 3160 3202 judicii
3199 3138 3308 3187 dies
3345 3140 3560 3188 venerit.
3595 3137 3804 3199 Respicit
3828 3136 3884 3182 lo-

573 3218 731 3264 ι’υωῖ
773 3206 1236 3268 quemadmodam
1279 3209 1399 3270 ejus
1447 3209 1734 3270 antilypus
1787 3206 2059 3269 baptisma
2107 3194 2288 3270 SUbC
2315 3226 2444 3262 cum
2477 3211 2545 3259 D.
2573 3210 2732 3258 Joan.
2771 3211 2942 3272 Apoc.
2959 3194 3046 3268 'vr,
3077 3212 3155 3269 to,
3179 3223 3346 3274 quem
3385 3211 3569 3259 statim
3613 3194 3792 3268 laudat,
3815 3205 3883 3255 ubi

570 3275 895 3340 Evangelio,
939 3279 1195 3328 innititur
1233 3278 1345 3329 ﬁde
1387 3279 1445 3327 in
1493 3277 1752 3328 eumdem
1800 3279 2058 3328 Messian)
2114 3280 2212 3342 qui

568 3345 868 3397 advenerat
923 3363 934 3396 :
1012 3350 1056 3399 si
1133 3363 1263 3400 vero
1331 3350 1569 3399 infantes
1637 3349 2034 3409 Israelitarum,
2079 3349 2213 3400 licet

569 3416 702 3467 fidei
750 3419 986 3470 actualis
1048 3421 1364 3483 incapaces,
1413 3421 1481 3469 ad
1536 3421 2020 3471 circumcisionem
2076 3423 2212 3470 reci-

564 3487 825 3553 piendam
859 3491 1081 3540 fuerant
1126 3490 1347 3551 idonei;
1382 3491 1582 3554 pariter
1615 3495 1668 3540 et
1696 3497 1988 3554 parentum
2021 3492 2210 3542 Chris-

564 3559 842 3610 tianorum
904 3563 1063 3623 nati,
1115 3562 1311 3612 eodem
1361 3562 1521 3612 obice
1557 3598 1570 3623 ,
1619 3561 1745 3612 fidei
1798 3563 1920 3614 scil.
1970 3561 2208 3623 defectu,

570 3644 684 3680 non
733 3631 1012 3693 obstante,
1071 3633 1333 3696 baptismi
1395 3646 1518 3684 esse
1592 3635 1833 3697 poterint
1895 3635 2208 3698 participes.

572 3703 838 3766 Baptizati
892 3704 1104 3767 pridem
1154 3704 1235 3753 illi
1285 3709 1443 3754 erant
1494 3705 1756 3765 infantes,
1803 3705 1900 3768 qui
1967 3707 2112 3755 acris
2155 3709 2210 3754 et

573 3774 750 3824 vividi
790 3775 943 3825 illius
985 3790 1159 3826 sensus
1205 3776 1302 3840 qui
1350 3775 1652 3840 praefertur,
1695 3776 2001 3840 specimina
2046 3775 2212 3826 dede-

572 3852 733 3897 runt:
785 3862 957 3911 quare
995 3848 1348 3900 manifestum
1397 3853 1454 3898 et
1506 3861 1796 3911 perperam
1848 3847 1958 3898 dici
2008 3847 2212 3897 exinde

573 3916 888 3968 Ecclesiam
935 3924 1219 3983 permotam
1271 3920 1521 3969 censuisse
1575 3920 1803 3982 infantes
1852 3919 2209 3982 baptizandos.

566 3987 735 4038 Porro
764 3994 891 4040 ante
917 3989 1180 4054 Cypriani
1211 3991 1481 4041 saaculum
1515 3990 1810 4040 infantium
1852 3991 2191 4053 baptismum

567 4059 626 4108 in
678 4060 932 4111 Ecclesia
976 4065 1282 4124 receptum,
1313 4063 1560 4111 Irenaeus
1606 4074 1709 4110 nos
1757 4061 1920 4112 docet
1977 4061 2012 4110 1.
2057 4075 2113 4121 ιι,
2159 4075 2208 4112 c.

571 4136 653 4193 39,
683 4137 779 4200 qui
812 4155 840 4181 «
881 4137 1098 4187 renasci
1141 4137 1289 4200 apud
1335 4138 1517 4187 Deum
1547 4136 1683 4186 dicit
1731 4137 1968 4187 infantes
2000 4142 2051 4186 et
2084 4151 2209 4200 par-

569 4206 732 4255 vulos
781 4210 836 4256 et
882 4221 1102 4270 pueros,
1157 4212 1210 4258 et
1253 4210 1487 4271 juvenes
1521 4211 1576 4258 et
1626 4209 1892 4259 seniores.
1929 4225 1955 4254 »
2002 4209 2210 4258 Simili-

575 4282 658 4326 ter
698 4277 965 4340 Origenes
1005 4279 1061 4327 in
1108 4293 1153 4329 c.
1207 4291 1268 4331 v1
1315 4280 1382 4329 ad
1430 4279 1614 4338 Rom.,
1645 4281 1720 4329 ait
1758 4295 1770 4329 :
1823 4297 1851 4325 ‹‹
1899 4279 2209 4330 Ecclesiam

568 4346 639 4397 ab
689 4348 950 4411 apostolis
1000 4349 1352 4399 traditionem
1426 4349 1738 4412 suscepisse
1790 4350 1958 4399 etiam
2006 4364 2206 4413 parvu-

583 4418 654 4468 lis
710 4419 1050 4482 baptismum
1103 4420 1254 4470 dare.
1307 4434 1338 4467 ιθ
1389 4421 1598 4470 Morem
1661 4421 1819 4469 illum
1883 4420 2208 4470 Tertulliani

567 4490 775 4540 saeculo
828 4490 1140 4540 obtinuisse
1189 4490 1270 4540 vel
1330 4491 1463 4542 hinc
1520 4492 1846 4552 constiterit,
1899 4491 2048 4554 quod
2104 4493 2206 4542 iste

2314 3284 2517 3333 dicitur
2545 3297 2556 3329 :
2590 3279 2735 3344 quod
2767 3279 2854 3328 sub
2875 3294 2970 3329 ora
3005 3283 3096 3328 Dei
3117 3284 3308 3330 animae
3340 3285 3618 3331 occisarum
3645 3284 3882 3340 martyrum

2312 3355 2540 3403 clamant
2575 3365 2757 3415 magna
2796 3365 2933 3412 voce,
2971 3351 3213 3413 dicentes,
3264 3354 3556 3416 Quousque,
3583 3356 3679 3401 etc.
3708 3349 3884 3398 Veteres

2312 3429 2370 3475 in
2426 3437 2491 3474 ea
2548 3427 2706 3472 erant
2755 3423 3049 3484 sententia,
3101 3421 3170 3472 do
3226 3423 3363 3474 solis
3426 3422 3747 3487 martyribus
3785 3423 3880 3468 ante

2313 3497 2458 3546 diem
2480 3494 2673 3559 judicii
2699 3496 3035 3545 sententiam
3067 3495 3238 3546 fuisse
3282 3495 3475 3557 latam,
3509 3495 3574 3545 de
3600 3494 3710 3544 aliis
3747 3491 3884 3542 omni-

2311 3568 2416 3618 bus
2439 3566 2784 3630 ampliatura.

2374 3638 2574 3689 XVIII.
2600 3664 2660 3674 —
2687 3638 2840 3687 Prius
2866 3650 3027 3702 quam
3055 3637 3366 3688 vindicetur.
3396 3638 3513 3687 Pax
3549 3653 3579 3688 a
3607 3633 3884 3699 martyribus

2312 3722 2599 3768 concessa,
2639 3722 2751 3757 non
2795 3709 3023 3757 omnino
3070 3708 3309 3770 valebat,
3339 3713 3643 3774 antequam
3689 3704 3884 3756 coronati

2311 3782 2562 3831 fuissent.
2601 3779 2743 3830 Vide
2770 3779 2869 3845 Ep.
2903 3781 3132 3830 Luciani
3156 3817 3172 3839 ,
3219 3779 3314 3830 ubi
3357 3786 3484 3844 post
3539 3780 3684 3830 Pauli
3714 3782 3758 3827 et
3787 3776 3886 3826 alio-

2313 3867 2436 3902 rum
2495 3856 2797 3916 martyrum
2851 3852 3252 3912 arcessitionem,
3305 3864 3504 3901 eorum
3567 3851 3766 3900 nomine
3811 3861 3887 3911 par

2313 3923 2624 3975 dimittenda
2651 3924 2988 3988 perhibetur.
3027 3925 3099 3974 Et
3128 3925 3324 3974 merito
3365 3923 3479 3975 hoc
3505 3925 3727 3983 factum;
3756 3920 3883 3982 siqui.

2313 3997 2437 4046 dem
2471 4001 2590 4046 non
2619 3996 2787 4060 pauci
2821 3996 3166 4047 confessores
3185 3995 3545 4060 postmodum
3566 3995 3696 4059 lapsi
3717 3993 3789 4042 vel
3811 3989 3886 4054 ipsi

2316 4069 2555 4117 fuerant.

2375 4139 2528 4188 XIX.
2582 4163 2644 4174 —
2693 4139 2827 4189 Nam
2891 4141 2943 4186 et
3007 4140 3221 4202 Moyses.
3282 4138 3492 4188 Locum
3557 4137 3698 4187 hunc
3745 4131 3886 4184 laudat

2313 4211 2603 4270 Pacianus,
2665 4210 2825 4273 epist.
2876 4209 2926 4269 3,
2983 4213 3039 4259 et
3113 4209 3393 4272 repulsam
3454 4211 3569 4273 pali
3627 4212 3886 4278 sanctorum

2311 4294 2503 4345 preces
2555 4279 2734 4341 docet,
2774 4298 2804 4327 «
2851 4283 2897 4330 si
2955 4294 3054 4344 pro
3102 4294 3213 4329 non
3269 4281 3598 4344 rogantibus
3643 4280 3820 4340 petant,
3856 4286 3887 4319 sx

2310 4366 2409 4415 pro
2469 4351 2955 4416 perseverantibus
3009 4353 3066 4401 in
3134 4353 3367 4402 crimine
3432 4352 3809 4416 deprecentur,
3849 4347 3880 4392 si

2312 4435 2421 4470 non
2445 4423 2710 4488 singulos,
2739 4424 2786 4472 si
2819 4437 2930 4473 non
2961 4436 3190 4488 paucos,
3220 4423 3316 4474 sed
3349 4423 3525 4472 millia
3561 4423 3722 4472 multa
3746 4421 3888 4470 defert

2313 4492 2461 4542 dant.
2485 4513 2512 4540 »

571 4562 911 4632 contrarium
937 4562 1172 4612 suadeat
1201 4577 1212 4610 :
1240 4579 1268 4609 «
1310 4561 1456 4623 Quid
1501 4563 1726 4612 festinet
1772 4562 2040 4611 innocens
2079 4560 2289 4632 aetasD
2377 4565 2500 4614 XX.
2543 4593 2604 4602 —
2642 4568 2803 4619 Nemo
2857 4565 3073 4629 infamet
3123 4569 3430 4629 martyrum
3475 4561 3888 4632 dignitatem.

570 4631 642 4681 ad
706 4634 1094 4682 remissionem
1168 4634 1568 4697 peccatorum?
1627 4649 1655 4677 »
1729 4632 1868 4694 Quae
1944 4635 2212 4684 sententia

569 4703 707 4752 adeo
762 4704 1019 4766 plurimis
1080 4705 1310 4767 placuit,
1368 4708 1430 4754 ut
1477 4703 1818 4768 baptismum
1881 4704 1950 4754 ad
1998 4705 2213 4755 ultimae

571 4776 877 4824 senectutis
931 4780 1182 4838 tempora
1241 4774 1610 4824 differendum
1664 4780 1972 4825 censerent.
2025 4777 2085 4825 Id
2131 4779 2215 4825 ni-

573 4845 778 4895 mirum
829 4848 1174 4910 satagebant,
1227 4852 1285 4896 ut
1337 4848 1406 4897 de
1462 4848 1622 4895 venia
1670 4860 1766 4910 per
1812 4847 2015 4898 lavacri
2065 4846 2214 4896 salu-

570 4918 674 4966 tari
703 4919 1073 4980 expiationem
1120 4919 1324 4978 securi,
1374 4917 1642 4982 peccandi
1687 4923 2059 4968 commeatum
2108 4917 2216 4967 sibi

569 4991 837 5040 facerent.

632 5063 925 5110 Amiscrunt
965 5062 1202 5125 parvuli.
1241 5062 1307 5110 D.
1344 5063 1578 5125 August.
1625 5062 1781 5126 epist.
1817 5061 1878 5110 23
1920 5060 1990 5108 ad
2042 5061 2212 5122 Boni/‘-

569 5145 686 5181 rem
742 5134 823 5183 sic
879 5133 1102 5196 expedit
1154 5149 1165 5182 :
1219 5149 1248 5181 <‹
1301 5134 1660 5194 Amiserunt,
1712 5132 1892 5192 dixit,
1943 5136 2214 5196 quantum

571 5204 797 5252 attinuit
833 5203 901 5252 ad
949 5205 1170 5254 illorum
1201 5204 1407 5265 scelus,
1440 5217 1470 5253 a
1500 5204 1706 5268 quibus
1735 5205 1989 5253 amittere
2036 5204 2215 5253 coacti

572 5277 719 5323 sunt.
751 5276 1072 5325 Amiserunt
1107 5277 1160 5324 in
1207 5289 1398 5325 eorum
1448 5280 1634 5326 mente
1664 5289 1728 5325 ac
1776 5275 2078 5334 voluntate,
2119 5274 2216 5337 qui

571 5346 632 5396 in
688 5345 810 5394 illos
859 5349 1073 5396 tantum
1125 5347 1341 5396 facinus
1390 5346 1816 5396 commiserunt.
1862 5345 1996 5394 Nam
2055 5344 2101 5393 si
2157 5345 2212 5392 in

571 5414 770 5477 seipsis
815 5416 1152 5472 amisissent,
1183 5417 1578 5466 remansissent
1612 5416 1806 5478 utique
1849 5414 2034 5464 divina
2087 5428 2215 5465 sen-

573 5485 746 5536 tentia
792 5483 1114 5534 damnandi.
1145 5485 1309 5548 Quod
1339 5486 1387 5534 si
1429 5488 1656 5536 sanctus
1697 5485 2009 5549 Cyprianus
2066 5485 2216 5535 arbi-a

567 5561 824 5615 traretur,
857 5569 969 5606 non
1015 5569 1209 5606 eorum
1253 5555 1634 5607 defensionem
1673 5557 1942 5607 continuo
1978 5557 2217 5619 subjice-

569 5633 671 5688 ret,
701 5628 916 5686 dicens,
945 5645 972 5674 υ
1004 5631 1107 5678 etc.

633 5709 701 5760 X.
749 5734 811 5746 ——
868 5707 1146 5762 Discedite,
1211 5706 1479 5756 discedite.
1555 5707 1803 5758 Causam
1867 5722 2029 5758 suam
2104 5708 2215 5772 agit

567 5777 882 5844 Cyprianus
930 5776 1200 5830 adversus
1245 5777 1668 5839 obtrectatores,
1701 5779 1800 5845 qui
1846 5779 2040 5844 fugam
2091 5785 2214 5830 tau-

567 5864 738 5919 quam
767 5862 886 5905 rem
927 5853 1150 5918 turpem
1194 5849 1302 5918 ipsi
1347 5849 1736 5916 impeg’erunt;
1764 5851 1912 5903 hanc
1950 5851 2046 5904 ille
2101 5861 2214 5905 non

2315 4649 2423 4696 mo,
2477 4637 2675 4700 inquit,
2707 4636 2982 4687 convellat
3033 4637 3385 4700 privilegium
3429 4637 3561 4686 olim
3605 4635 3708 4684 illis
3756 4631 3887 4681 indul-

2317 4713 2462 4768 tum,
2514 4713 2575 4757 ut
2638 4721 2736 4772 pro
2810 4707 2980 4771 lapsis
3053 4708 3494 4768 intercederent;
3576 4705 3730 4756 modo
3785 4705 3887 4753 intra

2317 4781 2584 4829 terminos
2655 4779 2960 4842 prmﬁnitos
3021 4781 3261 4829 sistatur.
3318 4779 3378 4830 Si
3456 4779 3712 4828 nimirum
3779 4773 3886 4838 quod

2317 4851 2520 4901 dicitur
2575 4851 2733 4912 epist.
2791 4850 2868 4908 16,
2932 4849 3000 4897 ad
3049 4849 3244 4898 Pamct.
3292 4863 3446 4898 num.
3503 4850 3578 4907 10,
3627 4848 3888 4909 largiantur.

2317 4939 2345 4968 «
2378 4921 2561 4985 qualia
2592 4921 2647 4968 in
2693 4922 3054 4983 prmteritum,
3089 4925 3471 4970 antecessores
3517 4931 3703 4969 eorum
3732 4917 3888 4976 marty-

2317 5007 2404 5042 res
2447 4997 2864 5042 concesserunt.
2893 5010 2922 5037 ››
2965 4991 3109 5040 Tert.
3154 4991 3224 5040 ad
3275 4993 3434 5040 Mart.
3475 5006 3486 5038 :
3520 5009 3548 5035 «
3593 4991 3770 5039 Pacem
3806 4985 3887 5048 qui-

2317 5065 2444 5114 dam
2492 5065 2547 5113 in
2607 5063 2860 5115 Ecclesia
2913 5077 3023 5112 non
3078 5063 3365 5124 habentes,
3418 5077 3448 5112 a
3502 5060 3812 5124 martyribus
3851 5055 3886 5102 in

2317 5148 2540 5186 carcere
2600 5149 2826 5185 exorare
2895 5137 3324 5184 consueverunt.
3381 5149 3410 5180 »
3475 5132 3590 5183 Pax
3644 5130 3890 5181 vocabatur

2317 5210 2477 5257 venia
2514 5207 2684 5271 lapsis
2728 5218 2992 5257 concessa
3029 5221 3040 5253 :
3100 5207 3231 5270 quia
3268 5219 3365 5268 per
3405 5219 3529 5255 eam
3557 5203 3624 5254 ad
3643 5211 3886 5251 sacrorum,

2317 5285 2370 5329 et
2421 5281 2710 5342 speciatim
2762 5279 3025 5327 orationis
3076 5278 3426 5338 commercia,
3469 5281 3527 5326 et
3579 5275 3721 5340 pacis
3763 5283 3888 5342 oscu—

2317 5340 2466 5409 lum,
2513 5350 2775 5399 arationis
2816 5347 3168 5412 signaculum,
3207 5347 3536 5399 Tertulliani
3586 5351 3711 5396 sunt
3753 5340 3889 5394 verba.

2317 5421 2773 5472 admittebantur.

2380 5493 2533 5542 XXI.
2573 5519 2633 5529 —
2673 5494 2818 5543 Iram
2859 5492 3214 5543 animationis.
3263 5491 3415 5542 LXX
3453 5489 3748 5555 posuerunt
3789 5483 3888 5547 ὀργῆν

2318 5562 2469 5627 θυμοῦ
2480 5601 2490 5612 .

2379 5623 2581 5686 XXIV.
2614 5663 2675 5673 —
2705 5635 2784 5685 Ad
2805 5635 3127 5698 precandam
3151 5633 3584 5685 misericordiam.
3615 5630 3664 5680 A
3691 5629 3793 5678 Deo
3813 5623 3887 5672 Pa-

2317 5713 2415 5766 tre,
2446 5712 2501 5756 et
2526 5707 2668 5756 Filio
2697 5708 2934 5757 Domino
2954 5708 3085 5758 Jesu
3114 5705 3333 5756 Christo
3365 5700 3830 5776 quosiejuraverat.‘
3859 5763 3866 5772 ο

2378 5779 2556 5830 XXV.
2608 5806 2669 5816 —
2727 5777 3154 5842 Sacriﬁcantibus
3202 5765 3399 5828 nobis:
3427 5765 3573 5825 vra;
3619 5784 3738 5837 qua:

2317 5863 2444 5910 mus
2483 5849 2552 5903 ad
2597 5849 2693 5902 lib.
2744 5864 2762 5902 ι
2811 5836 2931 5901 adv.
2981 5850 3211 5911 Judxos,
3248 5862 3367 5914 cap.
3420 5847 3499 5898 16.
3548 5836 3648 5898 Ad
3679 5836 3888 5895 Bachan-
