4144 6192
280 162 418 229 .1281

282 299 379 347 tiae
418 294 682 359 mysteria
729 294 1121 359 participanda,
1166 296 1297 345 olim
1346 296 1772 349 admittebantur
1821 300 1906 349 in-

267 369 447 419 fantes
500 368 685 417 statim
752 372 873 430 post
938 367 1301 431 baptismum;
1369 383 1437 420 ex
1488 372 1543 421 vi
1601 373 1897 423 verborum

267 441 489 491 Domini
536 439 694 488 Joan.
744 454 817 498 vi,
860 440 922 489 53
971 455 981 487 :
1032 441 1151 493 Nisi
1200 442 1644 492 manducaveritis
1696 458 1903 493 carnem

268 512 395 561 Filii
430 510 656 560 hominis
679 515 724 558 et
751 508 984 559 biberitis
1011 512 1120 574 ejus
1155 515 1481 574 sanguinem,
1510 528 1613 563 non
1644 515 1898 565 habebitis

268 584 422 633 vitam
458 582 507 629 in
542 580 701 629 vobis.
730 581 1146 631 Ditierebautur
1172 597 1303 634 vero
1346 592 1537 649 postea
1574 601 1641 637 ex
1686 588 1904 636 monitu

268 652 520 717 Apostoli
548 652 569 699 Ι
608 651 745 711 Con,
777 664 857 711 Χῖ,
885 652 946 701 28
978 669 987 701 :
1024 654 1203 703 Probet
1231 658 1454 719 seipsum
1484 656 1649 719 homo,
1679 663 1722 707 et
1750 659 1822 708 sic
1843 659 1907 707 de

268 739 398 789 pane
429 724 521 773 illo
555 722 691 785 edat,
720 727 766 772 et
801 723 863 771 de
888 723 1047 773 calice
1071 724 1230 774 bibat.

332 835 539 886 XXVI.
569 860 631 871 —
666 836 901 887 Cinerem
928 834 1082 896 ferre.
1135 838 1197 887 In
1233 852 1387 888 more
1428 842 1546 889 erat
1596 842 1656 888 ut
1679 838 1904 889 Eucha-

271 909 431 957 ristim
509 908 840 970 participes,
914 914 1141 972 accepta
1211 911 1370 973 panis
1436 912 1724 973 portione,
1790 926 1901 962 non

270 980 455 1029 solum
512 980 654 1029 inter
713 992 997 1029 sacrorum
1051 981 1319 1030 solemnia
1377 982 1751 1041 comederent,
1805 984 1905 1033 sed

270 1049 482 1114 aliquid
532 1052 897 1109 reservarent,
946 1048 1289 1114 domumque
1346 1051 1655 1113 deferrent,
1715 1052 1905 1116 ibique

270 1121 358 1169 vel
394 1124 519 1170 ante
567 1120 775 1179 cibum,
813 1122 901 1169 vel
937 1120 994 1168 in
1038 1122 1322 1183 periculis,
1363 1126 1461 1171 aut
1508 1135 1691 1171 rerum
1736 1137 1902 1186 agen-

271 1192 469 1241 darum
516 1192 796 1253 auSpiciis,
852 1196 1138 1241 sumerent
1185 1206 1196 1238 :
1244 1193 1718 1255 quemadmodum
1772 1208 1902 1244 cum

272 1263 524 1327 Bulogiis
567 1261 832 1325 deinceps
875 1262 1103 1311 factum.
1149 1263 1265 1313 Mos
1305 1262 1398 1312 hic
1426 1264 1647 1314 videtur
1691 1266 1905 1328 perdu-

274 1348 425 1384 rasse
498 1346 679 1396 usque
749 1333 817 1382 ad
878 1334 1178 1383 concilium
1248 1332 1901 1397 Cmsar-Augustanum.

272 1407 400 1457 Huc
433 1410 646 1468 spectat
687 1404 827 1454 illud
867 1404 1077 1455 'l‘ertul.
1110 1404 1145 1453 l.
1188 1418 1226 1454 ιι
1260 1406 1330 1453 ad
1379 1406 1535 1455 Uxor.
1567 1421 1582 1454 :
1611 1423 1639 1452 «
1682 1406 1905 1457 Nesciet

271 1478 507 1527 maritus
554 1475 689 1540 quid
732 1479 945 1525 secreto
976 1480 1101 1525 ante
1138 1488 1364 1526 omnem
1408 1476 1597 1526 cibum
1622 1482 1845 1541 gustes;
1874 1497 1903 1524 »

272 1550 307 1598 l.
338 1549 400 1597 de
425 1549 571 1597 Orat.
602 1562 613 1595 :
648 1564 677 1595 α
705 1549 946 1609 Accepto
973 1560 1200 1610 corpore
1229 1546 1451 1596 Domini
1486 1551 1539 1596 et
1572 1553 1903 1598 reservato.»

273 1620 485 1669 Panem
521 1618 955 1668 eucharisticum
986 1620 1041 1667 in
1079 1619 1433 1668 Dominicum
1481 1631 1682 1681 corpus
1720 1622 1904 1668 trans—

272 1689 669 1749 substantiari,
718 1688 886 1739 ﬁdem
946 1689 1163 1740 videtur
1218 1701 1517 1753 superare,
1565 1689 1664 1739 sed
1726 1685 1981 1757 majusB

273 1762 541 1825 quiddam
612 1762 660 1810 si
722 1761 842 1810 ﬁeri
908 1765 1119 1824 potest;
1191 1759 1456 1824 quodque
1516 1774 1681 1810 nemo
1742 1762 1903 1811 facile

268 1836 489 1895 dixerit,
520 1833 882 1883 Dominicum
924 1846 1125 1897 corpus
1176 1834 1234 1881 in
1278 1832 1493 1883 cineres
1545 1833 1717 1882 fuisse
1765 1846 1903 1884 con-

273 1919 518 1957 versum.

334 2012 563 2063 XXVII.
607 2039 667 2049 —
710 2013 909 2062 Fecisse
956 2025 1009 2061 se
1068 2012 1224 2062 dixit.
1282 2011 1443 2060 Putat
1494 2010 1903 2062 eruditissimus

270 2083 541 2147 Rigaltius
590 2083 713 2133 loco
761 2083 893 2133 huic
932 2084 1118 2133 lucem
1158 2096 1505 2133 accessuram
1550 2082 1615 2131 ab
1656 2085 1903 2147 Epistola

268 2158 572 2206 clericorum
615 2155 857 2204 Ecclesiae
905 2157 1178 2212 Romanis,
1220 2152 1316 2203 ubi
1363 2153 1591 2203 timidus
1632 2152 1901 2205 Christia-

270 2242 380 2280 nus
432 2246 460 2272 «
507 2225 798 2290 proﬁtetur
841 2239 900 2275 se
942 2225 1161 2275 dedisse
1214 2225 1504 2287 praemium
1558 2227 1899 2289 concussori,

270 2300 388 2349 sive
414 2297 594 2357 militi,
631 2297 748 2344 sive
790 2294 1031 2358 prasidi,
1059 2308 1130 2345 ne
1174 2294 1325 2357 quod
1364 2308 1476 2343 non
1504 2294 1633 2345 licet
1656 2296 1900 2359 faceret;

269 2372 386 2423 scil.
437 2383 508 2419 ne
556 2373 848 2432 cogeretur
889 2367 1204 2417 sacrificare
1248 2366 1429 2416 idolis.
1478 2385 1505 2412 »
1552 2367 1750 2432 Utique
1794 2370 1902 2421 hoc

272 2458 343 2494 ex
401 2439 651 2505 Epistola
707 2439 776 2488 ad
824 2439 1214 2499 Antonianum,
1270 2438 1533 2486 nimirum
1589 2439 1748 2499 epist.
1800 2441 1899 2503 55,

271 2516 341 2565 ad
395 2517 537 2563 Pam.
600 2524 754 2559 num.
819 2512 915 2569 5:2,
972 2510 1200 2559 uberius
1271 2509 1548 2557 illustrari.
1602 2510 1675 2557 At
1736 2511 1902 2560 verba

270 2587 395 2637 haec
448 2582 600 2634 aliud
654 2580 915 2646 quiddam
970 2582 1201 2631 innuere
1254 2580 1546 2640 videntur;
1615 2580 1902 2633 libellatici

271 2670 471 2720 nempe
517 2655 658 2714 vice,
699 2653 871 2702 alium
910 2653 1153 2717 aliquem
1192 2652 1245 2701 id
1298 2653 1475 2715 egisse
1518 2656 1612 2701 aut
1659 2652 1901 2717 dixisse,

272 2730 423 2795 quod
454 2730 510 2776 in
532 2730 815 2775 auctorem
843 2738 911 2775 ex
946 2726 1143 2775 merito
1174 2722 1412 2795 rediens,
1433 2723 1593 2772 illum
1620 2724 1899 2790 denegan-

272 2794 386 2853 tem
443 2811 542 2848 seu
589 2799 809 2860 lapsum
866 2798 1184 2847 constituat.
1238 2794 1463 2859 Species
1521 2797 1710 2860 itaque
1770 2798 1901 2849 facti

272 2870 423 2936 quod
481 2868 794 2931 Cyprianus
851 2867 946 2916 hic
1003 2866 1230 2930 respicit
1285 2867 1407 2915 hmc
1455 2867 1641 2929 potius
1698 2868 1896 2928 fuerit,

273 2941 630 2992 Christianus
667 2938 812 2986 male
850 2937 957 2986 sibi
1002 2942 1276 2997 metuens,
1321 2941 1415 2986 aut
1460 2938 1744 2989 ethnicum
1774 2941 1903 2991 sub~

269 3013 439 3063 mittit
467 3011 562 3074 qui
594 3011 711 3072 ejus
743 3022 1037 3072 personam
1066 3009 1304 3059 induens
1329 3010 1681 3073 sacrificaret,
1710 3012 1903 3064 ﬁdem-

272 3055 707 3149 ἇὶίέὲιίῖιῖὲιίὲιῗ
743 3055 1119 3131 Etim—(Silia;
1134 3055 1301 3130 sive"
1317 3055 1597 3131 ἑῑῖεἶὲὶέιῖ
1613 3055 1903 3136 ἷὲτὶῖῖῑὶῖ-
1923 3055 1979 3129 C

270 3157 469 3208 teriam
530 3153 804 3203 obtineret
868 3152 1093 3202 alterius
1155 3153 1414 3215 nomine,
1486 3167 1597 3217 qua
1660 3156 1707 3203 si
1764 3156 1902 3208 forte

272 3230 333 3280 in
383 3225 754 3290 quaastionem
806 3224 992 3273 vocari
1046 3224 1357 3287 contigerit,
1415 3224 1463 3273 is
1516 3238 1576 3275 se
1634 3229 1901 3291 tueretur,

273 3305 329 3350 et
376 3298 649 3348 delatores
696 3301 1008 3345 averteret:
1051 3297 1211 3359 quasi
1254 3294 1471 3359 legibus
1511 3296 1903 3359 imperatorum

273 3372 344 3421 ab
398 3372 517 3433 ipso
574 3368 798 3417 abunde
854 3368 1021 3419 fuerit
1083 3367 1432 3417 satisfactum
1486 3381 1498 3417 :
1558 3369 1645 3418 vel
1704 3371 1903 3422 saltem

270 3444 448 3507 pretio
511 3445 607 3490 aut
665 3453 828 3503 prece
880 3439 1191 3489 istiusmodi
1250 3438 1577 3489 tesserulam
1632 3441 1906 3495 obtineret

274 3529 400 3580 quae
443 3512 561 3562 haec
603 3512 675 3560 ita
721 3514 873 3573 gesta
924 3512 1096 3560 fuisse
1137 3510 1514 3573 profitebatur.
1559 3512 1631 3562 Et
1677 3515 1903 3578 quidem

272 3587 383 3637 hoc
406 3587 464 3634 in
502 3596 638 3634 casu
670 3582 1009 3633 libellaticus
1055 3583 1361 3632 rectissime
1398 3582 1615 3633 dicetur
1653 3585 1851 3637 fecisse
1890 3602 1902 3636 :

273 3678 301 3705 «
339 3656 629 3720 Quidquid
678 3656 822 3705 alius
879 3655 1134 3705 faciendo
1192 3652 1493 3717 commisit,
1550 3660 1606 3706 et
1662 3670 1721 3707 se
1776 3660 1901 3707 infi-

272 3730 456 3781 delem
523 3729 718 3777 illicita
782 3726 1116 3777 nefariorum
1189 3727 1506 3777 libellorum
1562 3730 1903 3791 professione

271 3800 601 3867 prodidisse.
659 3816 687 3843 »
746 3798 909 3849 Certe
960 3812 1139 3863 nuper
1200 3797 1347 3862 apud
1400 3812 1501 3847 nos
1551 3799 1659 3849 sub
1712 3800 1905 3852 Crom-

270 3874 530 3924 welliana
594 3870 927 3933 tyrannide,
992 3884 1121 3920 cum
1183 3870 1475 3919 rebellium
1533 3884 1685 3920 arma
1754 3875 1903 3937 cpti-

272 3958 429 3996 mum
482 3942 791 4006 principem
840 3941 1260 4004 Oppressissent,
1307 3946 1361 3991 et
1406 3943 1645 3992 victores
1702 3944 1758 3994 in
1809 3957 1903 3995 eos

273 4014 737 4080 impotentissime
781 4017 1161 4077 grassarentur
1203 4015 1476 4077 quotquot
1521 4015 1577 4063 in
1622 4013 1734 4065 ﬁde
1772 4030 1905 4079 per—

272 4089 637 4145 manserunt;
692 4084 919 4149 plurimi
975 4085 1129 4134 fuere
1178 4085 1273 4148 qui
1334 4085 1391 4133 in
1450 4084 1679 4136 adversa
1728 4092 1903 4137 castra

270 4160 627 4219 transierunt,
671 4161 724 4207 et
769 4161 957 4220 aperte
1000 4156 1373 4217 desciverunt,
1414 4159 1675 4219 apostatis
1725 4172 1906 4208 annu-

272 4229 541 4283 merandi.
581 4228 737 4279 Multi
787 4229 951 4279 etiam
994 4231 1167 4289 erant,
1208 4228 1530 4289 modestius,
1568 4232 1627 4277 ut
1674 4229 1781 4279 sibi
1820 4229 1904 4280 vi-

272 4303 567 4363 debantur,
622 4301 774 4361 mali,
824 4301 920 4363 qui
964 4298 1249 4350 tesserulis
1305 4298 1638 4361 (cujusmodi
1686 4300 1903 4350 traditae

272 4375 493 4424 fuerant
532 4374 640 4422 illis
677 4373 771 4436 qui
815 4371 982 4420 fidem
1031 4370 1335 4421 rebellibus
1373 4370 1769 4435 obligaverant)
1814 4372 1903 4423 vel

1650 166 1827 230 EDIT.
1868 162 2070 231 OXON.
2107 170 2339 235 ΝΟΤᾹΞ..

3511 184 3648 247 i282

2009 299 2249 351 distabat
2295 302 2397 351 iste
2439 302 2866 375 libellaticorum
2912 305 3067 371 ordo,
3114 308 3184 359 ab
3230 309 3543 375 impudenti
3588 321 3649 367 et

2011 377 2199 435 aperta
2232 370 2527 436 apostasia.

2070 444 2253 491 Omnes-
2284 446 2582 514 scribentur.
2620 444 2729 496 Sic.
2770 447 2937 509 LXX,
2970 451 3130 514 quasi
3157 450 3224 501 ad
3255 452 3480 504 Librum
3516 457 3645 506 vitae

2005 517 2059 563 et
2088 515 2221 562 Acta
2254 514 2353 563 Dei
2379 513 2582 576 judicis
2609 513 2995 579 respiceretur.

2069 584 2321 634 XXVIII.
2356 610 2415 620 —
2449 586 2520 633 De
2560 585 2652 635 hoc
2686 587 2762 634 vel
2802 591 3172 652 cegitaverunt.
3217 591 3642 646 Eruditissimus

2003 654 2333 705 Lombertus
2382 660 2531 704 recte
2580 655 2712 706 hinc
2761 659 3002 723 colligit,
3054 678 3080 705 «
3135 663 3369 713 crimina
3425 670 3638 717 secreta

2006 725 2442 798 confessioneet
2489 726 2817 789 poenitentia
2863 732 3011 793 apud
3052 732 3233 782 Deum
3264 735 3536 798 expianda
3565 753 3578 797 ;
3610 755 3638 783 »

2004 808 2109 845 nec
2162 796 2533 846 auricularem
2574 798 3000 862 confessionem,
3044 803 3191 866 quod
3235 796 3411 854 voluit
3446 796 3642 857 Pame-

2004 868 2150 930 lius,
2216 867 2418 919 exinde
2475 868 2691 919 confici.

2005 939 2219 1001 doctus,
2251 955 2280 987 <‹
2313 940 2654 1002 Cyprianum
2694 940 2787 991 hic
2830 942 2984 1006 loqui
3014 947 3229 994 tantum
3263 948 3330 997 de
3374 951 3645 1011 pmniten-

2004 1012 2079 1059 tia
2104 1012 2348 1074 publica,
2386 1028 2414 1056 »
2445 1014 2500 1060 et
2542 1012 2597 1060 in
2644 1011 2922 1062 dictorum
2964 1014 3131 1064 ﬁdem
3172 1017 3309 1066 citat
3343 1020 3639 1083 Morinum,

2005 1083 2101 1144 qui
2130 1082 2398 1145 privatam
2443 1083 2827 1144 paenitentiam
2876 1086 3085 1135 saeculo
3126 1089 3361 1150 septimo
3406 1091 3642 1152 imputat

2004 1154 2098 1203 lib.
2150 1167 2227 1204 vu
2280 1155 2344 1202 de
2389 1154 2672 1203 Administ.
2726 1157 2906 1205 Pcenz‘t.
2952 1157 3113 1208 Certe
3168 1159 3542 1211 Valentiniani
3588 1166 3645 1213 et

2006 1225 2302 1275 Theodosii
2345 1236 2487 1285 aevo,
2539 1227 2595 1273 in
2640 1226 2892 1277 Ecclesia
2945 1228 3195 1278 Romana
3235 1232 3641 1295 pmnitentiam,

2004 1310 2115 1344 non
2161 1310 2191 1345 a
2230 1296 2551 1359 presbytero
2577 1297 2850 1359 privatim,
2883 1297 2981 1347 sed
3015 1298 3085 1347 ab
3117 1301 3378 1365 episcopo
3411 1304 3639 1365 publico

2004 1368 2051 1416 ἐν
2078 1368 2209 1431 τόπῳ
2241 1367 2423 1430 ἐκδήλῳ
2455 1370 2768 1432 irrogatam,
2813 1375 3000 1432 aperte
3039 1370 3203 1421 docet
3247 1372 3462 1423 Sozom.
3510 1377 3639 1425 Hist.

2004 1439 2139 1490 Eccl.
2172 1440 2208 1488 1.
2254 1452 2348 1500 vu,
2382 1454 2427 1489 c.
2480 1440 2554 1489 t6.
2606 1439 2727 1501 Qua
2760 1440 2830 1491 de
2869 1455 2927 1492 re
2975 1442 3341 1493 consulantur
3379 1451 3641 1498 annotata

2021 1509 2384 1560 eruditissimi
2421 1508 2646 1558 Valesii.

2068 1581 2250 1631 XXX.
2284 1608 2343 1616 —-
2369 1583 2595 1631 Lavacra
2624 1581 2855 1644 quotidie
2891 1581 3123 1633 celebrat.
3157 1584 3462 1637 Delicatam
3494 1586 3642 1639 hanc

2006 1656 2059 1702 et
2089 1653 2195 1702 sibi
2221 1652 2601 1701 blandientem
2630 1655 3034 1716 paenitentiam,
3064 1656 3205 1705 vivis
3225 1656 3473 1722 depingit
3493 1658 3641 1708 colo—

2007 1723 2160 1773 ribus
2190 1723 2402 1773 'l‘ertul.
2434 1722 2539 1772 sub
2563 1722 2659 1771 ﬁn.
2696 1723 2793 1773 lib.
2820 1724 2886 1773 de
2910 1727 3087 1775 Pamit.

2067 1796 2271 1845 XXXI.
2299 1822 2358 1831 —
2386 1796 2778 1859 Exomologesin
2800 1798 2905 1846 Deo
2934 1798 3185 1859 facerent.
3218 1799 3462 1864 Respicit
3486 1801 3637 1851 LXX

2004 1869 2374 1932 Interpretum
2431 1866 2768 1931 adjectitiam
2816 1866 3124 1930 historiam,
3174 1871 3273 1921 ubi
3329 1877 3439 1921 tres
3482 1875 3638 1936 pueri

2003 1940 2060 1988 in
2113 1940 2353 1990 fornacis
2403 1938 2609 1999 medio,
2649 1940 2869 2001 propria
2921 1945 3167 2002 peccata,
3224 1944 3281 1991 et
3325 1942 3495 1991 totius
3539 1957 3636 2005 po-

2002 2011 2119 2074 puli
2168 2010 2372 2060 delicta
2415 2009 2523 2059 late
2566 2009 2925 2059 conﬁtentur.
2964 2011 3100 2061 Inde
3140 2012 3308 2061 etiam
3353 2013 3490 2062 ratio
3539 2026 3639 2076 pe-

2004 2083 2169 2133 tenda
2214 2082 2490 2133 dictorum
2537 2095 2593 2130 in
2642 2081 2784 2132 libro
2831 2084 3131 2147 superiore,
3177 2084 3443 2134 nimirum
3484 2085 3638 2149 quod

2003 2156 2160 2218 pueri
2192 2153 2441 2217 praedicti
2475 2156 2631 2202 erant
2659 2153 2851 2215 spiritu
2880 2156 3018 2203 roris
3052 2156 3309 2216 animati;
3338 2156 3455 2206 illic
3488 2157 3639 2205 enim

2004 2225 2206 2273 dicitur
2234 2224 2384 2287 quod
2428 2224 2660 2288 angelus
2687 2224 2910 2273 Domini
2955 2225 3240 2274 caminum
3286 2225 3527 2276 reddidit
3563 2228 3638 2283 ὡς

2000 2292 2190 2358 πνεῦμα
2213 2295 2387 2359 δρόσου
2416 2294 2703 2358 διασυρίζον.
2737 2296 2862 2344 Istis
2890 2296 3165 2358 exigenda
3202 2300 3330 2347 sunt
3371 2309 3498 2361 qua:
3542 2311 3637 2347 su-

2003 2368 2188 2430 perius
2213 2366 2318 2416 hac
2345 2368 2400 2414 iu
2433 2379 2490 2415 re
2516 2366 2683 2427 dicta,
2716 2380 2767 2429 p.
2795 2369 2875 2415 8i.
3022 2422 3027 2431 ,

2067 2439 2287 2487 Domino
2346 2436 2667 2498 satisfacere.
2732 2436 3002 2487 Videntur
3058 2438 3170 2488 illas
3232 2438 3637 2489 satisfactiones

2003 2513 2309 2559 consistere
2361 2509 2417 2556 in
2468 2507 2783 2557 istiusmodi
2832 2510 2959 2559 vitae
3012 2513 3204 2559 tenore
3252 2514 3307 2558 et
3362 2511 3635 2567 instituto,

2007 2594 2134 2645 quas
2177 2581 2245 2630 de
2293 2580 2619 2643 pmnitentia
2657 2582 2800 2630 serio
2834 2585 2957 2630 acta
2997 2580 3168 2631 ﬁdem
3217 2580 3444 2642 faciant,
3486 2594 3640 2631 eam-

2004 2666 2114 2716 que
2160 2655 2524 2715 promoveant
2588 2656 2757 2714 atque
2818 2656 3115 2715 procurent
3163 2670 3192 2697 «
3247 2665 3345 2715 per
3412 2665 3635 2702 omnem

2002 2723 2383 2787 prosternendi
2431 2728 2487 2773 et
2536 2721 2937 2773 humiliﬁcandi
2978 2723 3222 2774 hominis
3260 2723 3632 2787 disciplinam,

2004 2795 2485 2846 conversationem
2515 2795 2897 2858 injungentem
2926 2794 3322 2845 misericordia
3344 2795 3581 2856 illicem,
3605 2811 3637 2843 »

2003 2871 2065 2918 ut
2100 2867 2175 2917 ait
2219 2866 2427 2916 Tertul.
2482 2865 2547 2915 de
2589 2866 2771 2915 Periit.
2821 2867 3125 2917 Infeliciter
3167 2866 3394 2931 quidem
3444 2868 3631 2930 cessit,

2003 2938 2153 3003 quod
2182 2938 2315 2986 dum
2346 2938 2512 3001 prisci
2556 2938 2850 3001 scriptores
2889 2937 3305 3001 exomologesin
3342 2942 3398 2988 et
3424 2938 3637 2988 solem-

2002 3024 2102 3061 nes
2167 3009 2510 3074 paenitentia
2586 3022 2867 3058 aerumnas
2944 3010 3344 3061 satisfactionis
3409 3011 3638 3060 nomine

2005 3084 2291 3143 ornarunt,
2323 3083 2539 3144 arrepta
2578 3082 2646 3130 sit
2678 3094 2811 3130 ansa
2843 3080 3155 3132 Socinianis
3196 3082 3427 3146 aliisque
3456 3082 3636 3133 haere-

2005 3155 2132 3204 ticis
2162 3152 2401 3203 docendi
2449 3152 2630 3216 ipsum
2676 3150 2982 3201 Dominum
3026 3157 3281 3202 nostrum
3321 3166 3435 3203 non
3472 3154 3636 3203 aliter

2003 3225 2339 3275 satisfecisse
2403 3238 2414 3272 :
2468 3228 2523 3274 et
2564 3237 2633 3273 ex
2673 3223 2923 3285 adverso,
2982 3237 3110 3274 cum
3160 3224 3254 3273 alii
3310 3227 3634 3277 meritorum

2004 3296 2209 3347 Christi
2264 3293 2535 3345 vindicias
2588 3293 3028 3357 meditarentur,
3082 3297 3155 3345 ita
3200 3295 3359 3346 illum
3419 3299 3637 3349 satisfe-

2004 3370 2147 3418 cisse
2201 3366 2561 3428 contendant,
2614 3370 2680 3416 ut
2737 3367 3013 3432 sacrilegii
3069 3367 3242 3417 instar
3289 3370 3377 3431 sit,
3428 3368 3475 3419 si
3536 3379 3640 3420 nos

2002 3439 2251 3504 pmnales
2317 3438 2534 3502 aliquos
2596 3439 2941 3501 poenitentiae
3010 3444 3169 3489 actus
3248 3440 3631 3491 adhibeamus.

2004 3510 2167 3560 Certe
2211 3511 2277 3560 D.
2312 3510 2518 3559 Paulus
2547 3524 2579 3560 a
2623 3510 2927 3561 Corinthiis
2974 3512 3091 3560 suis
3134 3510 3183 3559 II
3231 3510 3381 3574 Cor.,
3414 3525 3511 3574 vn,
3554 3516 3635 3577 tt,

2001 3580 2220 3631 videtur
2264 3582 2532 3644 exegisse,
2587 3595 2686 3630 non
2730 3580 3144 3631 sollicitudinem
3191 3583 3375 3644 modo,
3416 3585 3505 3634 sed
3543 3586 3637 3635 de-

2002 3653 2285 3714 fensionem
2305 3688 2320 3714 ,
2378 3653 2465 3702 sed
2532 3652 2985 3716 indignationem,
3047 3653 3137 3703 sed
3206 3657 3436 3704 timorem
3460 3693 3474 3717 ,
3547 3656 3639 3706 sed

2003 3724 2403 3784 inoculationem,
2448 3723 2535 3773 sed
2579 3724 2865 3773 vindictam
2956 3726 3013 3773 et
3053 3723 3200 3773 idem
3245 3727 3562 3789 Apostolus,
3612 3727 3637 3777 Ι

2004 3795 2153 3857 Cor.,
2179 3808 2237 3858 v,
2276 3795 2325 3857 2,
2371 3798 2425 3845 et
2472 3795 2535 3856 Il,
2574 3807 2675 3855 xu,
2712 3795 2792 3855 2|,
2837 3794 3107 3844 Ecclesiae
3146 3795 3202 3844 in
3247 3795 3639 3861 delinquentes

2004 3884 2276 3922 censuras
2319 3883 2430 3919 non
2476 3871 2595 3919 sine
2642 3868 2870 3933 publico
2903 3870 3062 3921 luctu
3102 3870 3328 3933 irrogari
3363 3873 3636 3936 ostendit;

2005 3946 2056 3993 et
2112 3954 2339 4006 prorsus
2391 3940 2697 3990 absurdum
2747 3940 3030 3991 videretur
3074 3946 3138 3990 ut
3186 3954 3218 3991 a
3269 3956 3415 3994 noxa
3472 3945 3639 3996 alieni

2006 4015 2064 4063 in
2134 4024 2373 4064 mmrore
2436 4018 2700 4075 agerent,
2766 4025 2898 4062 cum
2964 4014 3191 4063 interim
3254 4013 3511 4079 ﬂagitiosi
3578 4018 3637 4067 in

2006 4085 2221 4136 deliciis
2286 4084 2601 4133 volutarent
2663 4085 2941 4148 genioque
3014 4084 3383 4148 indulgerent.
3446 4087 3638 4140 Status

2005 4158 2173 4222 hujus
2224 4157 2466 4207 luctuosi
2518 4156 2773 4207 habitum
2826 4157 3090 4209 describit
3153 4158 3528 4211 Tertullianus
3578 4163 3638 4214 in

2008 4230 2095 4280 lib.
2145 4229 2208 4279 de
2254 4231 2440 4280 Paenit.
2486 4229 2558 4280 Ut
2599 4231 2687 4292 sit,
2730 4245 2760 4278 ε
2806 4243 2969 4282 sacco
3020 4233 3075 4281 et
3125 4232 3297 4283 cineri
3348 4233 3616 4284 incubare

2006 4315 2207 4366 corpus
2264 4302 2521 4352 sordibus
2587 4302 2921 4367 obscurare,
2996 4304 3245 4353 animum
3306 4306 3637 4358 maeroribus

2006 4375 2264 4438 dejicere,
2316 4374 2409 4423 illa
2463 4387 2590 4438 quis
2642 4375 2899 4439 peccavit
2953 4376 3093 4425 tristi
3145 4378 3474 4427 tractatione
3515 4392 3640 4429 mu-

271 4447 450 4509 pretio
482 4431 713 4508 emptis,—
732 4447 830 4492 aut
877 4442 946 4492 ab
985 4442 1194 4491 inclutis
1234 4431 1527 4505 personam
1573 4431 1764 4492 eorum
1803 4431 2156 4508 ac-Dtare,
2216 4431 2497 4497 calorum.
2544 4431 2767 4510 pastum
2835 4451 2890 4497 et
2959 4450 3151 4511 potum
3218 4462 3357 4512 pura
3432 4462 3631 4513 nosse,

272 4517 486 4581 ceptis;
541 4515 896 4566 securitatem
958 4513 1418 4579 paciscebantur;
1476 4514 1749 4577 jactantes
1808 4516 1904 4565 in-

273 4592 456 4649 terim,
479 4602 537 4638 se
567 4588 625 4636 in
651 4587 763 4636 ﬁde
807 4599 1135 4650 permanere
1170 4599 1275 4636 nec
1314 4598 1412 4647 per
1449 4587 1657 4635 nefaria
1695 4585 1905 4637 foedera

274 4662 581 4723 conjuratis
624 4659 1008 4719 consensisse;
1045 4657 1177 4708 licet
1209 4657 1492 4707 tesserulas
1541 4657 1596 4706 id
1643 4671 1904 4709 asseren-

274 4735 377 4792 tis,
427 4735 736 4795 Opportuno
803 4730 1095 4780 mendacio
1147 4741 1205 4777 se
1266 4729 1633 4791 protexissent
1689 4744 1700 4777 :
1756 4730 1906 4794 quod

273 4802 503 4869 quidem
532 4801 824 4852 hominum
866 4814 1060 4865 genus,
1106 4799 1420 4850 libellaticis
1458 4799 1676 4850 videtur
1709 4814 1906 4851 accen-

272 4875 531 4925 sendum.
564 4872 726 4937 Apud
764 4873 1055 4936 prwsidem
1091 4872 1273 4936 ipsum
1304 4874 1475 4920 totam
1500 4871 1647 4922 hanc
1677 4885 1904 4922 scenam

273 4949 407 4999 olim
445 4948 619 4997 fuisse
662 4946 999 5010 quandoque
1036 4945 1385 5006 adornatum,
1425 4944 1585 4994 docet
1628 4957 1729 4993 nos
1764 4958 1908 5008 pra:-

272 5018 424 5070 dicta
496 5021 655 5083 epist.
731 5019 799 5067 ad
862 5018 1131 5068 Antonian.
1202 5018 1273 5067 Et
1347 5028 1537 5066 revera
1606 5017 1713 5066 nisi
1787 5019 1905 5079 ipso

273 5093 518 5153 conscio,
548 5094 641 5140 vix
684 5090 973 5141 commode
1007 5090 1238 5153 transigi
1267 5089 1461 5153 potuit.
1492 5088 1610 5137 Imo
1657 5087 1902 5149 demum,

272 5177 677 5227 nonnunquam
730 5176 916 5213 coram
968 5164 1089 5225 ipso
1143 5161 1381 5225 praeside
1431 5160 1770 5209 libellaticos
1824 5159 1906 5209 di-

273 5236 430 5287 sertis
492 5234 677 5285 verbis
739 5233 873 5284 licet
937 5234 1226 5297 privatim,
1294 5231 1579 5283 Christum
1664 5235 1906 5294 ejurasse

274 5310 491 5358 constat
532 5320 601 5355 ex
648 5306 803 5369 epist.
845 5305 925 5366 66,
963 5306 1033 5353 ad
1076 5306 1217 5353 Pam.
1249 5317 1403 5354 num.
1434 5304 1514 5364 68,
1546 5301 1643 5351 ubi
1682 5302 1904 5351 Martia—

273 5380 342 5429 lis
367 5384 421 5429 et
459 5378 729 5428 Basilides
772 5376 1035 5427 dicuntur
1065 5393 1092 5421 «
1136 5376 1340 5425 libellis
1388 5374 1713 5425 idololatriae
1760 5386 1907 5424 com-

272 5450 581 5513 maculati,
637 5454 691 5499 et
754 5448 1123 5499 nefandorum
1182 5448 1488 5497 facinorum
1567 5445 1907 5496 conscientia

272 5523 468 5583 vincti,
513 5541 541 5569 »
594 5524 649 5571 et
699 5521 923 5579 lterum,
965 5537 993 5564 α
1044 5517 1284 5567 nefando
1337 5518 1665 5567 idololatrias
1718 5516 1907 5567 libello

275 5588 655 5645 contaminhti.
700 5611 728 5639 »
763 5592 923 5642 Unde
965 5590 1128 5640 etiam
1165 5589 1221 5636 in
1252 5604 1279 5633 «
1320 5589 1558 5651 publicis
1602 5590 1743 5641 actis
1773 5602 1908 5639 con-

274 5665 572 5729 tinebatur,
607 5662 910 5716 Martialem
952 5663 1319 5712 contestatum
1358 5661 1549 5723 fuisse,
1589 5675 1649 5712 se
1682 5661 1903 5712 obtemc

275 5748 498 5826 perasse
536 5738 887 5801 idololatria,
937 5739 993 5787 et
1038 5733 1341 5799 Christum,
1385 5738 1491 5785 etc.
1534 5750 1564 5781 »
1600 5734 1919 5821 Tantillum-

2004 4532 2118 4568 non
2182 4518 2393 4569 ventris
2473 4518 2721 4579 scilicet,
2787 4517 2886 4569 sed
2951 4519 3152 4568 animas
3222 4532 3431 4581 causa,
3511 4522 3637 4585 ple-

2004 4604 2243 4654 rumque
2306 4603 2436 4640 vero
2494 4602 2687 4654 preces
2736 4590 2963 4654 jejuniis
3014 4589 3193 4652 alere,
3236 4590 3634 4655 ingemiscere,

2004 4664 2317 4727 lacrymari,
2367 4668 2423 4712 et
2468 4662 2685 4726 mugire
2732 4663 2850 4711 dies
2887 4665 3191 4725 noctesque
3230 4663 3296 4711 ad
3335 4663 3638 4717 Dominum

2004 4736 2205 4793 Deum,
2239 4733 2577 4798 presbyteris
2610 4732 2848 4794 advolvi,
2882 4732 3066 4782 charis
3094 4733 3196 4783 Dei
3239 4732 3638 4799 adgeniculari,

2006 4806 2266 4858 omnibus
2315 4804 2577 4855 fratribus
2630 4803 2936 4868 legationes
2987 4803 3388 4868 deprecationis
3439 4807 3639 4870 injun-

2006 4891 2149 4943 gere.
2194 4877 2333 4927 Haec
2370 4878 2556 4927 omnia
2601 4876 3025 4939 exomologesis.
3056 4892 3086 4924 »
3129 4876 3277 4940 Ergo
3313 4879 3359 4927 si
3405 4891 3475 4928 ex
3512 4880 3633 4931 istis

2007 4948 2218 5013 aliquid
2270 4949 2711 5008 desideraretur,
2762 4960 2875 4997 non
2928 4948 3031 4996 erit
3085 4947 3249 5011 plena
3311 4949 3635 5003 satisfactio.

2005 5023 2217 5073 Interea
2254 5025 2441 5071 tamen
2482 5033 2596 5069 non
2642 5018 2877 5070 evanida
2916 5020 3128 5083 qumvis
3171 5022 3225 5070 et
3262 5020 3636 5083 perfunctorie

2007 5092 2268 5143 delibatio
2328 5092 2529 5141 horum
2599 5104 2831 5154 operum
2899 5090 3174 5153 sufﬁciet,
3241 5091 3373 5141 alibi
3442 5097 3637 5143 auctor

2006 5168 2191 5214 noster
2245 5164 2476 5229 requirit
2530 5162 2731 5225 longam
2781 5167 2828 5211 et
2879 5161 3088 5226 plenam
3134 5164 3522 5227 paenitentiam,
3575 5167 3637 5215 ut

2009 5235 2257 5285 trahatur
2332 5236 2421 5285 diu
2501 5235 2843 5298 paenitentia,
2908 5237 2968 5283 ut
3040 5240 3204 5299 agant
3280 5235 3639 5299 penitentiam

2008 5307 2144 5371 lapsi
2179 5308 2327 5370 justo
2378 5310 2619 5371 tempore,
2665 5309 2727 5354 ut
2769 5319 2870 5353 non
2913 5308 3037 5355 ante
3089 5306 3379 5369 legitimum
3424 5313 3472 5358 et
3515 5309 3635 5373 ple‘

2006 5391 2131 5427 num
2189 5383 2388 5442 tempus
2434 5376 2821 5441 satisfactiom's,
2868 5390 2977 5439 pax
3025 5378 3424 5437 concederetur,
3471 5382 3637 5443 eique

2008 5451 2237 5513 opponit
2290 5450 2513 5498 veniam
2565 5447 2726 5498 crudo
2781 5454 3010 5512 tempore
3058 5449 3276 5499 factam.
3340 5450 3637 5513 Quodnam

2008 5535 2138 5571 vero
2208 5520 2472 5583 temporis
2537 5521 2776 5584 spatium
2836 5534 2937 5584 pro
3002 5524 3217 5571 maturo
3278 5520 3355 5571 et’
3392 5521 3637 5583 legitimo

2008 5593 2199 5643 haberi
2248 5592 2462 5648 debeat.
2515 5605 2627 5642 non
2680 5591 2824 5643 adeo
2881 5591 2937 5640 in
2991 5597 3251 5656 promptu
3309 5592 3476 5641 fuerit
3534 5595 3644 5639 sta-

2012 5670 2189 5715 tuere.
2228 5664 2376 5715 Satis
2410 5667 2643 5725 constat,
2691 5662 2859 5728 paulo
2898 5668 3044 5727 ante,
3076 5668 3129 5715 et
3170 5667 3294 5728 post
3335 5660 3642 5715 concilium

2012 5737 2305 5790 Nicaanum
2329 5772 2343 5800 ,
2407 5738 2461 5787 et
2512 5734 2873 5803 halcyonium
2929 5734 3279 5789 Constantini
3332 5730 3647 5800 naculum,

2761 872 2907 920 Dicit
2966 887 3129 936 porro
3198 877 3498 938 praedictus
3556 880 3641 928 vir
3732 902 3735 903 ν
