4144 6192
256 164 409 253 ὶξέθ

268 323 429 397 quasi
461 322 529 373 sit
552 325 607 373 et
627 302 769 374 alius
804 323 872 375 de
898 340 1009 391 quo
1034 327 1085 378 ei
1121 330 1297 394 possit
1327 333 1528 397 optari,
1559 338 1651 385 aut
1692 335 1907 388 laboret

266 395 373 444 nisi
397 400 669 459 optemus.
691 415 719 443 ››

330 466 453 515 XII.
511 493 574 545 -γ
614 470 886 545 Athcrum
922 485 974 545 _a
1023 487 1119 545 quo
1188 476 1323 527 Deus
1394 478 1763 543 sancti/iectur,
1810 482 1905 545 qui

263 536 373 611 ipse
429 537 767 601 sanctiﬁcat?
828 541 1030 592 Iisdem
1087 544 1200 597 fere
1246 548 1429 599 verbis
1473 536 1642 611 Τεειίι.⁷
1699 536 1831 602 ibid:
1883 566 1895 601 :

269 626 297 656 «
328 607 603 659 Caeterum
626 611 852 673 quando
877 626 989 663 non
1015 620 1272 667 sanctum
1304 624 1355 669 et
1385 607 1790 673 sanctificatum
1819 626 1903 674 est

262 694 362 743 per
382 682 747 744 semetipsum
774 697 979 734 nomen
1006 685 1127 749 Dei,
1158 702 1291 740 cum
1335 696 1565 744 caeteros
1593 694 1900 745 sanctiﬁcet

263 765 332 802 ex
364 754 708 817 semetipso?
734 770 764 801 »

326 823 444 903 Hie}:
478 825 689 903 quidem
718 825 909 888 fuistis.
939 828 1153 903 Pariter
1181 831 1389 883 lectum
1420 835 1458 885 l.
1508 851 1567 888 III
1611 838 1680 890 ad
1727 840 1895 903 Quin,

262 908 309 944 c.
362 895 442 957 63,
488 896 1136 973 utrobique_manifesto
1186 904 1285 953 sed
1338 906 1645 959 inveterato
1694 895 1894 973 errore,

262 967 425 1043 Eujus
464 969 761 1043 participes
804 970 945 1020 Iren.
999 972 1034 1020 l.
1074 986 1153 1035 IV,
1197 988 1242 1025 c.
1298 977 1377 1037 46,
1422 983 1476 1030 et
1510 980 1545 1029 l.
1592 995 1648 1043 v,
1697 997 1745 1033 c.
1792 967 1893 1032 103

261 1038 422 1119 ξιζεθιαῐζ
466 1039 530 1119 de
581 1040 787 1119 Pudic:
830 1054 881 1092 c.
937 1043 1064 1119 lt);_
1096 1049 1150 1095 et
1203 1050 1435 1119 August.
1488 1052 1550 1101 de
1600 1038 1799 1119 Ρὼηίιη
1846 1068 1894 1104 c.

263 1109 340 1186 19.
402 1110 670 1186 Intextu
704 1111 919 1186 Cresco
966 1114 1228 1186 habetur,
1278 1109 1431 1168 τᾶὖτὰ
1481 1139 1601 1179 τινες
1645 1123 1747 1186 ᾖτε,
1786 1109 1897 1176 λινε

262 1180 561 1245 aliquando
617 1183 834 1245 quidam
887 1184 1089 1247 fuistis.
1147 1188 1258 1239 Sed
1315 1192 1456 1243 nihil
1513 1180 1674 1246 muto
1718 1180 1745 1245 ε’
1782 1210 1895 1247 non

261 1254 417 1372 eniml
444 1252 578 1317 quid
607 1253 776 1305 scribi
810 1258 1071 1321 oportuit,
1101 1260 1197 1311 sed
1243 1264 1375 1327 quid
1406 1267 1672 1332 scriptum
1717 1268 1895 1321 fuerat

265 1337 396 1372 snec
422 1338 599 1372 amus.

265 1337 599 1387 specramus.

324 1414 475 1465 XIII.
514 1444 559 1450 —-
594 1417 967 1478 Repraesentari
988 1419 1137 1470 nobis
1160 1424 1417 1484 tpetimus.
1449 1426 1596 1477 Tert.
1623 1428 1686 1478 de
1715 1429 1892 1486 Orat.,

260 1499 300 1564 Ξ
334 1487 383 1545 5,
412 1486 510 1564 ait,
529 1503 571 1564 -«
597 1486 682 1535 Ad
707 1493 951 1564 nostram
979 1494 1405 1556 suspensionem
1454 1499 1708 1561 pertinet,
1736 1500 1892 1564 regni

260 1557 542 1607 Dominici
571 1560 1001 1621 reprzesentatio.
1032 1581 1062 1609 »

322 1646 471 1722 XIV.
504 1672 565 1686 -—
596 1650 733 1722 Nam
761 1650 863 1722 Deo
891 1651 1010 1722 quis
1067 1652 1330 1707 obsistit?
1375 1656 1468 1709 Sic
1498 1660 1666 1722 Tert.,
1712 1661 1845 1712 ibid.
1879 1678 1891 1712 :

257 1735 292 1804 ξ
321 1719 445 1804 lion
474 1719 625 1783 quod
650 1719 854 1785 aliquis
890 1721 1124 1775 obsistat
1153 1729 1456 1789 quominus
1493 1730 1597 1781 Dei
1633 1719 1892 1784 voluntas
1912 1731 1967 1804 B

258 1789 373 1839 ﬂat.
407 1807 438 1836 »

321 1863 479 1913 Nemo
520 1862 631 1911 suis
676 1863 881 1940 viribus
914 1866 1096 1940 fortis.
1138 1868 1223 1919 Ad
1279 1872 1628 1935 repellendos
1681 1876 1889 1940 Pelagii

258 1931 473 2013 furores
519 1947 551 1983 a
593 1934 870 2013 nullae:
914 1937 1170 2013 Pati-ibus
1213 1931 1499 1993 liberalius
1546 1946 1651 1996 tela
1691 1931 1890 2013 suppe-

258 2004 509 2084 ditantur
539 2006 736 2084 :__unde
764 2007 929 2084 illum
956 2009 1290 2084 DiAugust.
1318 2020 1585 2079 perpetuo
1617 2020 1672 2069 in
1703 2004 1888 2084 partes

257 2075 508 2157 advocat.
542 2077 667 2157 vid.
703 2079 777 2157 and
823 2080 1000 2157 Bonif.
1031 2083 1065 2132 ι.
1092 2075 1170 2145 1v,
1199 2098 1245 2135 c.
1283 2075 1337 2147 9,
1375 2075 1473 2137 ubi
1522 2075 1750 2155 integras
1793 2105 1889 2157 pa-

256 2147 401 2211 ginas
426 2148 540 2199 fere
569 2148 975 2201 describuntur.

315 2218 483 2293 Filius
502 2218 793 2293 obaudivit.
822 2223 985 2273 Nulla
1012 2224 1126 2275 fere
1156 2240 1263 2277 vox
1294 2228 1571 2293 Cypriane
1610 2231 1883 2283 usitatior.

257 2291 466 2341 Tertul.
501 2292 557 2340 in
585 2292 803 2342 Exhort.
838 2294 1000 2352 Cast.,
1026 2309 1075 2346 c.
1106 2297 1154 2358 3,
1185 2300 1262 2348 ait
1289 2315 1301 2349 :
1331 2291 1361 2346 ἑ<
1380 2291 1665 2356 “Voluntas
1698 2304 1803 2354 Dei
1830 2306 1886 2354 in

255 2362 673 2413 obaudientiam
708 2370 954 2415 venerat.
995 2367 1236 2420 Proinde
1278 2375 1332 2422 et
1362 2375 1422 2421 tu
1469 2373 1515 2422 si
1559 2387 1672 2424 non
1714 2376 1887 2426 obau-

253 2434 423 2484 dieris
448 2433 584 2495 Deo,
611 2451 640 2481 »
665 2440 771 2486 etc.
801 2436 992 2500 Prisci,
1028 2439 1362 2493 observante
1394 2443 1559 2494 Festo
1590 2459 1689 2508 pro
1713 2447 1887 2497 obedi-

251 2509 330 2555 vit
356 2518 611 2569 posuere.

314 2592 517 2672 XXIII.
552 2621 625 2672 ‘—
681 2596 940 2672 Quomodo
992 2598 1214 2651 dicimus
1269 2603 1429 2652 Pater
1480 2611 1694 2670 uoster,
1752 2610 1885 2672 quia

253 2666 651 2729 intelligentiam
699 2672 750 2717 et
794 2670 1115 2743 credentium
1168 2678 1315 2743 pater
1346 2680 1439 2737 est,
1479 2677 1555 2727 sic
1598 2683 1649 2728 et
1681 2666 1883 2743 'pa'nem

249 2741 493 2786 nostrum
532 2750 809 2811 vocalitas.
849 2739 915 2788 D.
957 2739 1186 2791 Hieron.
1219 2741 1347 2795 adv.
1382 2745 1557 2811 Pelag.
1599 2749 1635 2798 ι.
1671 2739 1729 2800 ur
1776 2752 1883 2803 sub

248 2806 548 2880 ﬂnem‘ait
587 2823 599 2857 :
652 2809 928 2859 Dominus
980 2828 1008 2857 «
1065 2812 1256 2864 docuit
1301 2806 1597 2880 Apostolos
1642 2833 1773 2872 suos
1820 2828 1883 2874 ut

249 2877 500 2951 quotidie
528 2880 869 2951 inicorporis
908 2882 1060 2932 illius
1110 2877 1405 2951 sacriﬁcio,
1443 2891 1737 2944 credentes
1781 2908 1881 2944 au-

250 2949 420 2998 deant
457 2949 630 3013 loqui.
689 2952 849 3000 Pater
883 2959 1063 3030 noster
1104 2957 1193 3019 qui
1239 2972 1291 3008 es
1339 2949 1399 3008 in
1443 2961 1601 3024 caelis,
1648 2965 1880 3030 sanctiﬁ-

249 3028 397 3074 catur
437 3037 627 3103 nomen
673 3030 836 3103 tuum.
892 3028 980 3078 Illi
1024 3043 1229 3082 nomen
1272 3033 1377 3084 Dei
1406 3073 1419 3097 ,
1478 3037 1628 3100 quod
1670 3052 1768 3103 per
1818 3028 1877 3092 ae

1618 170 1800 267 amr.
1840 201 2042 269 oon.
2081 210 2299 275 Nona.

3500 225 3633 285 i286

1928 358 1985 431 Α
2009 413 2043 431 ν
2067 342 2464 431 Eucharistiam
2493 347 2745 431 quotidie.
2785 349 2950 401 Panis
2978 350 3403 431 Eucharisticus
3432 352 3632 431 Chris-

2009 413 2175 488 tianis
2218 419 2336 465 erat
2377 418 2737 481 quotidianus
2774 434 2953 486 usque
3004 422 3072 472 ad
3121 423 3469 488 Hieronymi,
3497 428 3634 475 Am-

2001 483 2172 557 brosii
2217 492 2275 537 et
2314 489 2378 537 D.
2432 490 2737 554 Augustini
2786 483 3054 557 tempora,
3100 497 3164 543 ut
3211 483 3399 546 videre
3441 483 3524 546 est
3564 510 3633 547 ex

2001 556 2172 620 Epist.
2203 559 2430 609 Hieron.
2471 562 2543 610 ad
2580 562 2765 611 Lucam
2804 556 3065 627 Bct’icum,
3097 570 3150 615 et
3173 566 3334 629 Apol.
3363 566 3437 616 ad
3464 568 3631 616 Pam-

2000 629 2166 703 mach.
2207 629 2292 679 Ex
2320 629 2511 680 Ambr.
2551 645 2599 681 c.
2645 632 2749 684 ult.
2775 635 2811 683 l.
2842 648 2896 684 1v
2923 640 2980 685 ot
3014 649 3051 687 v
3086 636 3329 687 Sacram.
3380 642 3435 688 et
3483 639 3628 703 Aug.

2000 700 2160 763 epist.
2212 702 2320 751 118.
2368 702 2537 752 Porro
2590 716 2712 752 can.
2748 706 2779 754 9
2823 708 3012 768 Apost.
3051 712 3106 758 et
3148 721 3271 757 can.
3328 709 3358 758 2
3408 700 3627 759 Concil.

2000 770 2261 822 Antioch.
2340 771 2656 832 decretum,
2720 774 2905 831 Πάντας
2959 776 3072 832 τοὺς
3136 778 3365 835 εἰσιόντας
3434 780 3630 835 πιστοὺς

1998 839 2080 887 καὶ
2137 842 2229 888 τῶν
2292 842 2488 905 Γραφῶν
2555 843 2834 905 ἁκοῠοντας,
2893 845 2958 907 μὴ
3034 848 3385 912 παραμένοντας
3455 850 3505 897 δὲ
3568 853 3625 912 τῇ

1998 915 2245 982 προσευχῇ
2299 913 2381 960 καὶ
2421 917 2478 974 τῇ
2545 912 2659 977 ἁγίᾳ
2726 915 3004 979 μεταλήψει,
3076 920 3143 973 ὡς
3204 918 3393 975 ἀταξίας
3457 919 3627 982 ἐμποι-

1998 978 2164 1037 οῦντας
2228 987 2286 1045 τῇ
2368 982 2632 1049 Ἐκκλησίᾳ
2702 978 3002 1050 ἀφορίζεσθαι
3078 988 3201 1053 Χρή.
3245 989 3411 1053 Apud
3485 978 3625 1040 ‘Ter-

1998 1056 2295 1106 tullianum
2387 1071 2519 1108 cum
2610 1062 2910 1123 scrupulus
2986 1064 3264 1124 oriretur,
3347 1064 3625 1127 quomodo

1997 1128 2302 1199 stationum
2368 1129 2568 1180 diebus
2654 1132 2849 1183 ﬁdeles
2915 1147 3076 1185 sacra
3161 1137 3427 1199 mysteria
3499 1150 3627 1199 par-

2000 1198 2314 1261 ticiparent,
2358 1200 2432 1250 ita
2464 1208 2526 1251 ut
2561 1215 2677 1254 non
2714 1204 2785 1254 de
2828 1205 3096 1255 solvendo
3150 1198 3367 1271 jejunio
3408 1198 3628 1271 pericli-

1996 1272 2263 1332 tarentur,
2300 1274 2588 1335 reponitur
2624 1288 2690 1322 τα
2733 1276 2928 1326 Nonne
2958 1277 3265 1327 solemnior
3313 1278 3416 1328 erit
3461 1278 3627 1329 statio

1993 1342 2109 1399 tua,
2145 1342 2191 1390 si
2227 1342 2297 1391 ad
2340 1356 2493 1392 aram
2519 1345 2622 1395 Dei
2652 1348 2871 1397 steteris
2896 1348 2922 1397 ?
2955 1348 3200 1412 Accepto
3244 1361 3476 1412 corpore
3519 1350 3631 1399 Do-

1994 1414 2130 1462 mini
2166 1416 2222 1463 et
2250 1420 2549 1480 reservato,
2573 1422 2874 1483 utrumque
2921 1420 3140 1470 salvum
3180 1423 3282 1478 est,
3310 1425 3363 1470 et
3400 1422 3627 1484 partici-

1992 1485 2144 1548 patio
2184 1486 2470 1547 sacriﬁcii,
2516 1492 2570 1538 et
2609 1492 2898 1540 exsecutio
2932 1490 3126 1547 ofﬁcii,
3156 1508 3184 1537 »
3239 1490 3339 1541 lib.
3374 1491 3438 1541 de
3478 1493 3627 1543 Orat.

1993 1554 2100 1603 sub
2129 1554 2227 1605 ﬁn.
2256 1556 2363 1607 Ubi
2388 1557 2565 1609 obiter
2591 1565 2819 1610 notetur
2842 1561 3179 1624 Septimium
3203 1574 3319 1612 non
3346 1561 3620 1613 Ecclesiae

1994 1639 2048 1675 ω
2072 1640 2245 1691 orem,
2276 1629 2374 1679 sed
2404 1642 2571 1680 suum
2600 1632 2895 1683 inventum
2924 1646 3247 1697 proponere.

2056 1706 2181 1756 XX.
2213 1733 2271 1743 —
2316 1709 2473 1761 Posse
2516 1723 2570 1760 se
2602 1710 2768 1773 sequi.
2805 1712 2870 1761 In
2916 1711 3013 1761 lib.
3044 1711 3110 1761 de
3153 1710 3339 1776 Lapsis
3373 1710 3617 1763 dicitur:

1993 1794 2022 1821 «
2068 1777 2182 1828 Nec
2222 1779 2371 1830 vinci
2407 1794 2438 1829 a
2473 1783 2684 1832 saaculo
2720 1785 2924 1847 posset,
2961 1785 3057 1846 qui
3105 1784 3255 1834 unde
3307 1784 3623 1836 vinceretur

1988 1847 2047 1896 in
2078 1850 2289 1901 seculo
2328 1865 2441 1902 non
2486 1852 2717 1904 habere:
2761 1868 2774 1902 :
2814 1858 3143 1918 sequeretur
3193 1855 3499 1906 Dominum
3533 1868 3624 1905 so-

1986 1918 2142 1970 lulus
2169 1925 2223 1971 et
2246 1921 2390 1973 liber
2418 1928 2478 1973 ut
2519 1924 2790 1989 Apostoli,
2820 1944 2849 1971 ι»
2889 1929 2996 1978 etc.
3043 1926 3149 1977 Ubi
3191 1930 3385 1977 contra
3428 1939 3620 1977 exem-

1988 1991 2227 2063 plarium
2260 1993 2430 2045 ﬁdem
2479 1994 2706 2047 doctiss.
2759 1996 3003 2048 Gronov.
3040 1997 3342 2063 legendum
3384 2003 3622 2049 conten-

1988 2062 2088 2126 dit,
2123 2066 2264 2116 undc
2282 2068 2599 2131 vinciretur,
2632 2072 2737 2120 etc.

2051 2143 2236 2195 XXII.
2270 2172 2329 2183 —
2384 2149 2448 2197 Et
2492 2150 2701 2199 remitte
2748 2149 2916 2201 nobis.
2972 2150 3184 2203 Graves
3228 2150 3513 2217 tragmdiia
3548 2151 3621 2202 de

1987 2214 2075 2264 his
2121 2217 2354 2268 vocibus
2404 2218 2537 2268 olim
2592 2221 2994 2285 excitabantur,
3050 2228 3105 2273 ct
3154 2214 3621 2274 male—audiebat

1986 2286 2255 2338 Erasmus
2302 2289 2451 2354 quod
2496 2291 2705 2342 dimitte
2754 2293 2907 2343 nobis
2944 2295 3300 2358 reposuisset.
3335 2295 3619 2345 Immerito

1988 2358 2237 2422 quidem,
2273 2374 2401 2411 cum
2432 2374 2520 2412 res
2551 2363 2669 2426 ipsa
2703 2363 2969 2414 levissimi
2997 2367 3070 2415 sit
3104 2366 3400 2427 momenti,
3430 2368 3485 2415 et
3522 2378 3619 2416 ve-

1986 2432 2131 2480 teres
2179 2436 2414 2495 utroque
2460 2433 2625 2483 modo
2672 2434 2890 2486 locutos
2942 2436 3117 2487 fuisse
3167 2440 3399 2488 constet.
3454 2434 3617 2487 Certe

1985 2502 2432 2565 antiquissimum
2455 2503 2720 2569 Cypriani
2749 2508 3035 2571 exemplar
3056 2508 3382 2559 Veronense
3408 2507 3612 2557 litteris

1986 2572 2315 2635 capitalibus
2366 2580 2673 2635 exaratum,
2728 2576 2938 2643 ubique
2990 2580 3190 2629 retinet
3246 2579 3481 2630 Dimitte.
3523 2576 3616 2626 Di-

1984 2646 2107 2716 misi
2130 2648 2185 2694 et
2217 2647 2584 2711 Dimittimus;
2615 2654 2668 2699 et
2694 2663 2891 2701 omnes
2925 2655 3202 2716 quotquot
3227 2654 3360 2702 sunt
3386 2649 3615 2702 codices

1983 2715 2188 2767 alicubi
2217 2717 2415 2769 saltem
2450 2724 2741 2784 usurpant.

2044 2789 2223 2838 Fidem
2243 2789 2645 2854 pollicitationis
2672 2807 2779 2845 suae
2814 2800 3182 2846 reservantem.
3202 2798 3423 2851 Reservo
3454 2802 3603 2853 idem

1981 2858 2131 2929 valet
2159 2860 2309 2924 quod
2336 2873 2504 2913 servo.
2543 2863 2639 2915 Sic
2682 2866 2828 2916 Tert.
2850 2865 2991 2916 adv.
3026 2865 3176 2929 Jud.,
3205 2884 3235 2917 α
3284 2870 3441 2923 Isaac
3483 2886 3615 2925 cum

1978 2927 2130 2992 ligno
2156 2935 2468 2982 reservatus
2502 2936 2601 2983 est.
2628 2951 2657 2981 »

2041 3022 2248 3073 XXIII.
2275 3051 2330 3060 —-
2363 3026 2602 3077 Remittat
2648 3025 2792 3077 vobis
2824 3032 3035 3091 peccata
3064 3033 3260 3081 vestra.
3297 3030 3433 3085 Post
3482 3035 3610 3089 hmo

247 3100 506 3146 sanctum
553 3100 655 3158 est,
696 3098 751 3146 in
800 3110 861 3149 se
914 3103 1250 3155 sanctificari
1305 3094 1559 3171 cupiunt.
1606 3094 1695 3161 Illi
1746 3094 2258 3192 infe-(3Vf‘31‘.b‘f.i‘_Il
2302 3097 2548 3192 θξίξίίοηθ
2592 3100 2890 3192 Ρεῖίείθῐξξδί
2920 3114 3008 3152 ³ου
3052 3103 3609 3192 ’Ψίθὶθδξξλωθῐξίῑξω
3702 3144 3707 3149 ~

247 3172 374 3192 -ιισςδ
454 3168 711 3192 ΑᾸ..ΑΜίι-ι
765 3183 978 3192 ..Αρλ.-.---
1032 3180 1066 3192 ΑΛ
1269 3191 1277 3192 κ
1619 3183 1629 3192 ι
1697 3184 1715 3192 Α
1760 3188 1769 3192 -
1982 3180 2126 3192 ..ιι-ενι
2161 3182 2172 3192 ι
2227 3180 2316 3192 nun
2368 3182 2612 3192 ...ΑΛ-ιι...
2663 3184 2827 3192 ...ι-Α..-
2859 3186 2925 3192 --..
2985 3187 3085 3192 μ---
3165 3188 3193 3192 ..
3225 3189 3304 3192 --.μ
3332 3190 3339 3192 ξ

246 3172 397 3230 runt,
451 3168 711 3218 adveniat
762 3183 981 3234 regnum
1032 3180 1210 3237 tumm,
1262 3167 1417 3242 spem
1476 3183 1633 3244 regni
1691 3184 1879 3237 futuro
1907 3167 1956 3183 ν
1982 3167 2174 3244 viginti
2203 3168 2317 3218 fere
2344 3167 2625 3244 linearum,
2663 3172 2942 3235 inseritur,
2980 3173 3132 3238 quod
3165 3174 3421 3238 pluribus
3451 3180 3608 3231 dein-

244 3242 495 3302 tempore
538 3241 921 3321 praestolantes
952 3258 966 3304 ;
998 3250 1058 3321 ut
1094 3241 1361 3312 regnante
1406 3241 1646 3319 Christo,
1679 3269 1879 3321 nequa-

246 3326 415 3376 quam
463 3318 657 3376 regnet
679 3319 973 3392 peccatum
1002 3317 1058 3366 in
1096 3321 1313 3371 mortali
1364 3336 1557 3375 eorum
1611 3317 1874 3392 oorpore:

241 3386 618 3451 junguntque,
676 3386 770 3450 ﬁat
814 3387 1059 3441 voluntas
1111 3397 1204 3442 tua
1248 3396 1381 3446 sicut
1442 3399 1493 3446 in
1542 3400 1672 3449 cazlo
1708 3386 1774 3451 ἐι
1821 3406 1878 3453 in

246 3461 435 3535 terra,
471 3458 1119 3535 ut_imitetur_angelos
1176 3465 1423 3518 humana
1493 3470 1764 3535 fragilitas
1824 3478 1879 3523 et

244 3528 514 3607 voluntas
544 3529 647 3579 Dei
690 3532 1034 3596 compleatur
1087 3536 1330 3589 interra.
1375 3528 1879 3607 Panem'quotidia-

242 3612 392 3661 num,
471 3601 591 3651 sive
651 3615 821 3666 super
896 3618 1088 3657 omnes
1157 3609 1498 3663 substantias
1575 3601 1876 3667 venturum

244 3672 477 3752 apostoli
533 3673 919 3752 deprecantur,
974 3683 1036 3729 ut
1067 3679 1248 3752 Adigni
1320 3686 1431 3735 sint
1501 3690 1875 3752 assumptione

244 3744 490 3818 corporis
544 3743 768 3818 Christi,
814 3766 842 3793 »
893 3752 998 3800 etc.
1057 3750 1115 3802 Si
1162 3743 1223 3801 in
1274 3756 1532 3818 precibus
1575 3759 1645 3809 ad
1690 3743 1875 3812 Deum

243 3814 433 3896 minus
501 3816 888 3880 solemnibus;
962 3822 1111 3884 quod
1195 3814 1473 3890 Cypriano
1532 3832 1716 3881 visum
1772 3838 1872 3896 est,

244 3901 273 3933 α
329 3887 489 3966 aliter
522 3902 694 3969 ‘orare
741 3904 912 3969 quam
968 3887 1254 3946 Dominus
1281 3887 1507 3961 docuit,
1556 3916 1668 3953 non
1722 3887 1877 3969 igno;

243 3956 423 4028 rantia
457 3959 573 4007 sola
602 3959 682 4020 ﬁt,
737 3960 835 4011 sed
881 3966 936 4012 et
978 3965 1162 4028 culpa,
1209 3983 1238 4012 »
1278 3974 1424 4020 certe
1469 3956 1613 4023 inter
1660 3974 1714 4026 S.
1742 3956 1876 4027 “Eu-

244 4027 525 4079 charisma
566 4033 827 4095 mysteria
874 4034 945 4084 ab
973 4027 1227 4088 Ecclesia
1255 4053 1479 4104 precem
1520 4044 1873 4099 Dominicam

242 4113 496 4184 unquam
547 4107 987 4184 praetermissam
1024 4110 1255 4184 minime
1301 4115 1613 4177 putandum
1668 4134 1681 4168 :
1735 4134 1875 4184 pras—

243 4175 441 4256 se‘rtim
488 4179 805 4256 cum‘panis
849 4179 1273 4256 Eucharisticus
1302 4175 1426 4236 illis
1470 4188 1697 4240 omnino
1736 4175 1875 4256 quo-

242 4242 490 4295 tidianus
541 4246 856 4300 haberetur.
907 4252 1055 4303 Tert.
1109 4254 1173 4304 de
1225 4256 1372 4307 Orat.
1430 4270 1449 4304 :
1506 4259 1702 4310 Panem
1740 4242 1874 4315 nos-

245 4319 389 4393 trum
417 4317 785 4393 quotidianum
821 4320 896 4371 da
942 4321 1090 4374 nobis
1129 4324 1299 4389 hodie,
1332 4329 1651 4393 spiritaliter
1699 4334 1872 4387 intel—

241 4384 497 4468 ligamus.
550 4388 802 4468 Christus
836 4395 985 4468 enim
1012 4397 1191 4468 ipanis
1220 4384 1409 4451 noster
1448 4407 1551 4465 est,
1584 4405 1716 4468 quia

242 4455 504 4537 Christus
533 4464 589 4511 et
620 4463 763 4537 vitai
780 4466 939 4527 panis
968 4455 1111 4530 :Ego
1137 4483 1272 4531 sum,
1317 4472 1516 4537 inquit,
1539 4455 1713 4537 prinis

239 4529 315 4610 ξι
337 4531 505 4610 paulo
525 4536 662 4610 post
692 4548 703 4582 :
737 4536 902 4610 Panis
921 4543 993 4588 est
1018 4529 1189 4590 scrmo
1223 4529 1317 4592 Dei
1354 4529 1461 4593 vivi
1482 4529 1579 4610 qui
1611 4529 1875 4601 descendit

240 4600 307 4681 de
332 4601 491 4681 caelis:
525 4604 679 4681 Tumi
699 4607 851 4681 quod
890 4613 946 4657 et
979 4623 1181 4674 corpus
1220 4615 1341 4677 ejus
1387 4616 1445 4665 in
1486 4600 1630 4681 pane
1683 4600 1875 4674 cense;

240 4676 347 4759 tu:
379 4691 409 4719 »
440 4674 561 4758 Hoc
602 4680 705 4739 est,
750 4678 1151 4759 interpretante
1198 4674 1571 4759 eruditissimo
1616 4691 1871 4759 Rigaltio,

241 4762 289 4826 ἶ
300 4744 404 4794 Per
422 4747 583 4826 panis
604 4758 1016 4826 sacramentum
1042 4758 1397 4809 commendat
1416 4774 1619 4826 corpus
1644 4744 1872 4817 suum;

244 4815 754 4902 Quemadmodum.
778 4825 1144 4889 Augustinus,
1173 4828 1209 4877 1.
1260 4842 1278 4879 ι
1327 4815 1533 4893 φαειναί
1560 4836 1766 4902 Evang.
1797 4815 1874 4889 V48

243 4888 425 4938 dixit:
459 4909 485 4935 α
513 4891 615 4941 Per
642 4893 757 4943 vini
795 4903 1207 4949 sacramentum
1253 4888 1609 4957 commendat
1648 4888 1871 4977 sangui;

239 4971 368 5010 nam
388 4972 570 5012 suum.
594 4981 624 5011 »

307 5048 687 5133 Corpus_eju_s_
719 5058 1080 5122 contingimus.
1137 5061 1425 5115 Afﬂnitate
1494 5066 1679 5133 aliqua
1740 5085 1871 5126 con-

232 5121 464 5203 junctus
517 5124 742 5203 familias
793 5121 1189 5196 aut’personaa
1250 5121 1611 5203 cuicunque,
1663 5121 1870 5197 dicitur

238 5192 387 5274 apud
434 5194 660 5274 Latinos
716 5192 972 5252 auctore—s
1033 5205 1158 5255 illos
1207 5192 1546 5274 contingere.
1598 5192 1693 5264 Sic

235 5265 300 5347 in
335 5266 561 5347 verrem,
594 5268 822 5347 sueton.
871 5273 928 5323 in
979 5274 1151 5338 Galb.,
1186 5277 1304 5328 Val.
1344 5265 1508 5345 Min,
1549 5281 1584 5332 1.
1622 5296 1682 5347 x,
1726 5265 1863 5339 cfs.

236 5335 589 5423 Christianus
629 5342 871 5423 Domino
922 5347 1089 5398 frater
1135 5335 1235 5410 est,
1288 5352 1400 5401 imo
1452 5335 1700 5418 corporis
1735 5335 1867 5423 ejus

233 5410 586 5474 membrum;
625 5414 701 5490 ita
748 5415 1039 5468 individuo
1065 5432 1215 5470 nexu
1253 5422 1484 5486 junctus
1524 5410 1707 5490 ipsum
1751 5410 1865 5481 non

233 5483 507 5557 contingit
556 5484 759 5549 modo,
817 5487 914 5537 sed
971 5483 1279 5554 participat.
1330 5494 1513 5555 Infra,
1544 5483 1637 5548 'ait
1687 5517 1717 5557 α
1760 5515 1864 5552 nos

222 5552 351 5633 jure
395 5557 924 5633 communicationis
961 5552 1250 5633 Christum
1286 5552 1629 5632 contingere.
1660 5554 1690 5616 ἡ
1721 5569 1863 5633 Qum

228 5622 403 5706 verba
439 5626 842 5706 respiciuntD.
873 5630 1283 5706 Paulieil‘atum
1306 5634 1331 5683 Ι
1378 5622 1528 5699 Οοιῖ,
1553 5653 1613 5705 x,
1642 5643 1719 5706 16,
1731 5622 1863 5693 ‘ubi

231 5692 433 5781 ginem
459 5693 909 5753 Eucharistlcum
936 5701 1145 5754 dicitur
1166 5706 1405 5758 Koiwvta
1434 5692 1523 5763 τοῧ
1555 5692 1755 5781 αἳῇιατός
1776 5692 1861 5769 iob

226 5762 460 5834 Χριστοῦ.

1979 3252 2109 3303 ceps
2148 3240 2343 3290 fucum
2392 3243 2539 3293 fecit.
2586 3242 2761 3307 Cujus
2810 3246 3030 3309 generis
3057 3249 3111 3296 et
3145 3246 3379 3299 alterum
3410 3263 3612 3302 occur‘

1978 3313 2067 3373 rit,
2110 3312 2215 3362 sub
2256 3312 2426 3364 ﬁnem
2471 3314 2721 3378 ejusdem
2754 3316 3121 3382 paragraphi;
3166 3324 3428 3371 neutrum
3480 3336 3609 3373 vero

1979 3396 2110 3453 mss.
2164 3385 2401 3449 alicujus
2461 3386 2673 3437 codicis
2724 3388 2984 3453 prmsidio
3042 3389 3245 3439 fultum
3301 3405 3313 3441 :
3376 3393 3610 3445 crimine

1978 3452 2102 3503 falsi
2149 3457 2329 3519 pcenis
2371 3452 3098 3520 gravissimis’vindicando.
3148 3461 3258 3512 Sed
3292 3462 3391 3513 diu
3426 3463 3609 3515 homi-

1978 3537 2125 3599 num
2171 3528 2371 3578 animis
2424 3531 2633 3582 nefaria
2680 3533 2774 3582 illa
2824 3533 3031 3584 insedit
3076 3532 3269 3599 libido,
3323 3541 3386 3585 ut
3443 3537 3610 3587 vilem

1976 3598 2336 3665 spuriamque
2396 3602 2608 3666 prolem
2667 3604 3031 3656 nobilissimis
3079 3605 3286 3657 familia
3365 3608 3609 3661 inserere

1977 3676 2269 3733 cuperent.

2041 3741 2367 3805 Sueriﬁcium
2414 3744 2512 3794 Dei
2538 3747 2716 3810 majus
2749 3751 2839 3797 est.
2868 3747 2990 3797 Non
3034 3748 3264 3798 turturis
3289 3751 3389 3798 aut
3421 3749 3608 3815 agnel-

1976 3812 2065 3877 las,
2098 3815 2194 3867 sed
2234 3815 2413 3879 bovis,
2461 3818 2573 3868 imo
2618 3817 2980 3870 hecatombes
3031 3819 3367 3871 sacriﬁcium
3425 3812 3609 3887 majus

1975 3892 2082 3961 est;
2110 3890 2441 3940 maximum.
2498 3889 2591 3941 Sic
2654 3892 2884 3943 Tertull.
2939 3893 3002 3943 de
3053 3895 3356 3961 Prwscripl.
3403 3909 3451 3947 c.
3507 3896 3539 3947 2
3589 3911 3603 3947 :

1974 3977 2003 4005 «
2033 3959 2289 4011 Hmreses
2329 3965 2565 4014 mortem
2595 3966 2884 4028 teternam,
2910 3968 2966 4016 et
2993 3966 3219 4029 majoris
3272 3959 3417 4031 ignis
3445 3967 3606 4020 ardo-

1973 4043 2089 4081 rem
2126 4031 2446 4092 inferentes,
2476 4052 2503 4080 »
2533 4036 2640 4085 etc.

2036 4114 2211 4188 XXV.
2239 4144 2302 4154 -—
2326 4118 2402 4168 Ne
2433 4131 2529 4169 nos
2553 4120 2785 4184 patiaris
2812 4120 3009 4172 induci.
3043 4122 3605 4188 Interpretamentum

1974 4187 2299 4239 Tertulliani
2342 4202 2440 4253 pro
2490 4194 2648 4241 textu
2696 4191 2817 4256 ipso
2869 4195 3087 4258 reponit
3135 4187 3349 4247 Auctor
3396 4202 3603 4251 noster.

1972 4258 2071 4309 Ille
2099 4258 2249 4309 enim
2279 4260 2336 4309 in
2365 4258 2460 4309 lib.
2491 4260 2555 4311 de
2602 4262 2750 4311 Orat.
2795 4262 2872 4312 ait
2901 4279 2913 4313 :
2946 4279 2977 4312 α
3024 4266 3103 4317 Ne
3153 4278 3247 4314 nos
3296 4265 3517 4320 inducas
3545 4270 3605 4319 in

1972 4330 2326 4393 tentationem,
2365 4331 2421 4381 id
2447 4334 2546 4382 est.
2576 4345 2648 4384 ne
2677 4346 2780 4383 nos
2813 4334 3038 4397 patiaris
3064 4335 3274 4400 induci,
3302 4337 3372 4388 ab
3401 4352 3468 4390 eo
3502 4341 3607 4390 uti-

1973 4415 2088 4467 que
2122 4402 2219 4467 qui
2266 4405 2460 4453 tentat.
2490 4402 2769 4455 Cmterum
2801 4404 2947 4456 absit
2979 4410 3043 4458 ut
3071 4407 3351 4459 Dominus
3391 4414 3606 4463 tentare

1976 4471 2247 4534 videatur,
2265 4474 2445 4547 quasi
2471 4479 2567 4525 aut
2600 4477 2817 4540 ignoret
2835 4476 3004 4528 ﬁdem
3034 4480 3330 4545 cujusque,
3351 4486 3447 4532 aut
3470 4482 3606 4547 deji-

1977 4546 2398 4618 cerqucstiens.
2434 4561 2464 4594 ›>
2501 4547 2766 4618 Cyrillus,
2794 4547 2914 4599 Cat.
2945 4551 3172 4615 Mystag.
3196 4566 3251 4615 v,
3280 4554 3357 4604 ait
3386 4568 3398 4603 :
3432 4556 3499 4602 To
3534 4555 3601 4618 μή

1976 4614 2220 4685 εἰσελθεῖν,
2270 4617 2337 4672 εἰς
2380 4617 2643 4683 πειρασμόν
2676 4618 2796 4681 ἐστι,
2825 4619 2880 4667 τὸ
2925 4620 2990 4683 μὴ
3023 4614 3478 4685 momen-nobilitat,
3502 4614 3599 4676 ὑίπὸ

1972 4684 2058 4736 τοῦ
2086 4687 2378 4752 πειρασμοῦ.

2038 4760 2175 4808 Iram
2202 4761 2566 4811 animationis.
2596 4759 2724 4811 Vid.
2760 4775 2889 4827 qua
2923 4762 3069 4815 dicta
3102 4765 3159 4815 in
3188 4762 3285 4815 lib.
3313 4765 3377 4817 de
3399 4767 3599 4831 Lapsis.

2037 4831 2301 4881 Excitavit
2332 4831 2579 4883 Dominus
2609 4832 2883 4893 Satanam,
2910 4834 3124 4887 Eodem
3152 4836 3320 4887 modo
3344 4836 3603 4891 laudatur

1972 4902 2129 4953 locus
2158 4902 2261 4952 iste
2294 4901 2331 4951 l.
2366 4916 2423 4953 ιιι
2451 4902 2523 4953 ad
2559 4903 2708 4965 Quir.
2739 4918 2789 4956 c.
2815 4906 2897 4956 80.

2033 4982 2289 5056 XXVIII.
2319 5010 2379 5021 —
2419 4983 2637 5034 Verbum
2657 4998 3033 5037 consummans.
3074 4986 3285 5038 Locum
3310 4987 3465 5041 hunc
3492 5004 3600 5056 pa-

1969 5053 2101 5103 riter
2160 5054 2596 5118 interpretantur
2656 5056 2940 5119 Origenes,
2994 5057 3315 5123 Procopius,
3386 5053 3596 5118 Tertul.

1969 5139 2074 5176 nec
2102 5139 2214 5176 non
2245 5130 2299 5176 et
2346 5126 2573 5177 Hieron.
2609 5128 2678 5178 D.
2711 5128 2918 5178 Paulus
2948 5127 3105 5179 Rom.
3133 5143 3215 5192 1x,
3243 5131 3324 5194 38,
3360 5132 3600 5187 Domino

1968 5201 2157 5247 nostro
2189 5199 2400 5249 asserit.
2429 5198 2533 5249 Pro
2562 5205 2921 5251 consummato
2956 5201 3340 5255 Tertullianus
3368 5204 3597 5259 decisum

1976 5282 2262 5320 sermonem
2292 5272 2475 5330 vertit,
2504 5271 2627 5321 adv.
2655 5273 2823 5322 Marc.
2844 5272 2882 5322 l.
2916 5284 2992 5334 IV,
3030 5285 3080 5324 ο.
3112 5274 3158 5324 1.

2028 5341 2257 5413 Faciant
2283 5340 2430 5392 vobis
2458 5341 2686 5392 homines
2716 5340 2861 5392 bona.
2899 5341 3021 5393 Vox
3045 5342 3185 5396 bona
3212 5344 3269 5396 in
3297 5346 3417 5413 ipso
3440 5351 3597 5400 textu

1966 5412 2424 5473 subaudiebatur,
2471 5413 2806 5481 adjectivum
2852 5414 3005 5465 enim
3044 5418 3131 5463 ἶσα
3178 5412 3594 5470 substantivum

1965 5487 2153 5550 exigit.
2186 5486 2280 5537 Sic
2305 5487 2457 5551 quod
2479 5488 2688 5539 dicitur
2720 5489 2855 5540 Luc.
2889 5502 3046 5553 xvm,
3072 5491 3119 5539 τὶ
3149 5492 3364 5553 ποιήσω,
3391 5494 3589 5545 Matth.

1964 5571 2089 5620 xxx,
2118 5558 2196 5618 16,
2229 5564 2330 5620 est,
2354 5558 2400 5608 τί
2428 5560 2574 5609 καλὸν
2604 5561 2815 5619 ποιήσω.

2026 5646 2231 5698 XXXI.
2259 5675 2311 5683 —
2357 5650 2578 5700 Sursum
2616 5651 2798 5702 corda.
2831 5649 2983 5701 Nihil
3026 5650 3084 5701 in
3115 5649 3432 5704 Christiana
3475 5651 3597 5716 pie-

1962 5721 2075 5771 tate
2122 5730 2349 5783 precum
2403 5719 2658 5773 formulis
2707 5722 3012 5787 antiquius.
3066 5720 3345 5775 Sacerdos
3411 5720 3601 5775 verbis

1965 5790 2257 5856 conceptis
2277 5789 2530 5858 prmibat,
2557 5788 2719 5858 plebi
2745 5791 2988 5846 invicem
3006 5791 3412 5860 respondebat,
3430 5790 3611 5861 idque
