4144 6192
246 185 386 243 1289

1493 187 1666 247 EDIT.
1707 191 1907 250 OXON.
1945 191 2164 252 ΝΟΤᾸΕ.

3489 210 3624 267 1290

305 312 423 405 {Ego
470 308 643 405 1otitul‘i
676 312 1021 405 ‘memoridm.
1208 315 1402 405 Apes,
1436 316 1622 405 vn,“3,
1664 316 1880 405 dicitur
1900 319 2419 405 Asint'ret’erendi.
2466 322 2628 405 Quod
2681 336 2751 376 ex
2803 325 2870 377 D.
2917 327 3147 380 Hieron.
3194 329 3296 395 Ep.
3343 331 3416 382 ad
3461 334 3619 387 Pam-

240 399 269 427 α
299 381 555 444 Angelus
587 382 805 432 stetisse
864 384 991 432 ante
1044 383 1214 432 altare
1257 382 1468 434 habens
1530 385 1878 440 thuribulum

242 465 504 511 aureum,
531 457 581 503 et
602 452 727 503 data
754 458 883 504 sunt
937 455 1016 504 illi
1040 455 1267 505 incensa
1295 456 1469 505 multa
1492 462 1554 507 ut
1602 457 1755 510 daret
1811 461 1881 512 de

240 524 595 574 orationibus
615 530 955 586 sanctorum,
992 545 1019 571 »
1054 532 1159 577 etc.

302 596 369 643 Et
417 596 628 645 iterum.
673 597 824 646 LXX
869 598 1062 661 legunt
1110 598 1191 645 καὶ
1245 596 1345 646 νῦν.
1396 599 1616 663 Legisse
1662 601 1881 653 videtur

242 666 470 737 Noster,
516 667 599 714 καὶ
643 668 798 715 πάλιν.
860 668 964 718 Pro
1007 670 1308 721 assistimus
1350 670 1544 737 legunt
1582 672 1786 734 iidem,
1836 677 1881 722 οἳ

240 735 536 800 ἀναφέρουσι
564 739 645 795 τὰς
669 739 943 803 προσευχὰς
967 739 1061 787 τῶν
1088 739 1255 802 ἁγίων.

308 809 584 869 Quomodo
630 812 765 860 Deus
792 816 963 861 manet
988 813 1045 861 in
1083 817 1348 863 aeternum.
1402 813 1527 865 Vid.
1560 829 1687 879 quas
1734 815 1881 869 dicta

240 878 340 929 lib.
372 894 448 929 m.
487 883 558 932 ad
585 881 793 943 Quirin.
826 896 874 933 c.
898 883 974 932 11.

304 952 536 1002 Mundus
583 966 689 1003 ecce
721 957 878 1003 nutat
925 958 972 1003 et
1034 952 1251 1005 labitur.
1314 956 1425 1005 Vix
1453 955 1559 1007 alia
1608 956 1676 1009 de
1711 972 1880 1011 causa

241 1024 561 1087 graviorem
636 1024 901 1076 invidiam
982 1025 1085 1075 sibi
1166 1027 1482 1077 conﬂabant
1556 1028 1876 1082 Christiani.

241 1106 417 1156 quam
456 1095 606 1159 quod
641 1095 785 1146 male
843 1098 1225 1148 ominarentur
1277 1098 1348 1149 de
1400 1099 1566 1149 rebus
1597 1101 1877 1153 humanis.

242 1165 361 1216 Nec
398 1167 624 1229 quidem
656 1173 864 1219 temere
894 1170 950 1217 in
989 1169 1135 1220 hanc
1185 1171 1515 1220 sententiam
1564 1179 1877 1237 venerunt;

240 1237 527 1300 siquidem
563 1240 799 1302 apostoli
842 1254 953 1290 non
1012 1241 1175 1291 modo
1222 1241 1374 1305 ﬁnem
1416 1256 1597 1293 rerum
1647 1246 1877 1296 omnium

246 1309 466 1372 instare,
500 1316 545 1361 et
574 1310 783 1361 ultimos
808 1316 1005 1362 venisse
1034 1313 1145 1362 dies
1203 1314 1410 1376 passim
1440 1318 1747 1376 testentur;
1779 1317 1877 1368 sed

242 1379 454 1431 addant
499 1384 743 1446 insuper,
792 1382 1031 1433 ultimam
1092 1383 1339 1434 advenise
1379 1385 1581 1448 horam,
1637 1388 1657 1435 Ι
1714 1389 1875 1439 Joan.

243 1463 325 1511 ll,
384 1453 461 1501 18.
521 1454 582 1502 In
612 1454 647 1503 l.
671 1455 734 1503 de
787 1456 1175 1505 Resurrectione
1225 1458 1411 1517 carnis,
1472 1470 1587 1520 cap.
1656 1459 1735 1520 22,
1803 1461 1879 1510 ait

243 1522 628 1575 Tertullianus
684 1541 695 1573 :
752 1543 779 1571 «
832 1526 969 1577 Vota
1016 1530 1203 1577 nostra
1253 1528 1532 1591 suspirant
1574 1530 1631 1578 in
1680 1532 1878 1581 saeculi

240 1591 412 1655 hujus
447 1608 729 1657 occasum,
768 1615 794 1642 »
826 1602 931 1647 etc.
977 1597 1119 1648 Cum
1158 1612 1287 1649 vero
1318 1599 1385 1647 ad
1439 1599 1689 1650 Gentiles
1732 1604 1876 1653 scri—

240 1662 342 1721 bit,
379 1669 439 1714 ut
504 1667 652 1729 ipsos
682 1667 1039 1718 demulceret.
1096 1668 1245 1732 Apol.
1279 1682 1327 1719 c.
1381 1669 1442 1718 32
1473 1684 1503 1719 e
1536 1676 1727 1721 contra
1754 1675 1829 1723 ait
1857 1690 1869 1723 :

242 1753 269 1780 «
298 1736 397 1785 Est
419 1742 476 1787 et
503 1738 608 1787 alia
644 1741 817 1802 major
854 1741 1160 1790 necessitas
1211 1740 1372 1791 nobis
1424 1743 1615 1791 orandi
1644 1758 1741 1807 pro
1774 1746 1873 1793 Im-

238 1808 609 1871 peratoribns,
655 1811 821 1860 etiam
868 1824 965 1874 pro
1013 1814 1162 1861 omni
1207 1816 1351 1862 statu
1410 1814 1641 1877 imperii,
1674 1816 1877 1867 rebus-

240 1893 355 1943 que
380 1880 664 1942 Romanis,
684 1883 778 1945 qui
814 1883 931 1933 vim
966 1885 1272 1933 maximam
1326 1885 1586 1935 universo
1615 1888 1732 1936 orbi
1768 1888 1873 1937 im-

239 1953 573 2013 minentem,
602 1954 895 2017 ipsamque
944 1955 1251 2005 clausulam
1309 1956 1499 2006 saeculi
1548 1958 1873 2010 acerbitates

239 2022 549 2073 horrendas
609 2027 1061 2088 comminantem,
1128 2026 1361 2077 Romani
1445 2030 1659 2092 imperii
1715 2045 1874 2081 com-

240 2099 431 2145 meatu
466 2095 673 2146 scimus
696 2099 975 2148 retardari.
1005 2116 1031 2143 ››

303 2167 701 2230 Amplectamur
753 2170 908 2230 diem,
966 2169 1055 2234 qui
1114 2170 1353 2231 assignat
1418 2171 1653 2233 singulos
1706 2173 1875 2223 domi-

241 2238 373 2289 cilio
401 2253 515 2290 suo.
549 2240 738 2291 Mortis
768 2241 885 2291 dies
942 2246 1089 2291 recte
1153 2242 1358 2291 dicitur
1384 2244 1734 2305 particularis
1780 2248 1873 2307 ju-

241 2310 376 2361 dicii
416 2310 535 2361 dies
566 2327 578 2371 ;
611 2313 1078 2376 quemadmodum
1135 2313 1327 2362 mundi
1358 2314 1505 2375 ﬁnis,
1546 2316 1873 2366 universalis

237 2382 565 2446 perhibetur
598 2399 609 2432 :
639 2385 861 2434 tertium
914 2388 1011 2434 aut
1063 2384 1212 2434 diem
1261 2389 1355 2433 aut
1410 2384 1596 2435 locum
1646 2402 1871 2450 prorsus

240 2455 516 2517 ignoravit
542 2455 631 2518 pia
662 2457 999 2520 Antiquitas.

304 2528 412 2575 Nos
493 2526 775 2577 charorum
852 2540 1102 2577 numerus
1174 2531 1452 2588 exspeciat.
1537 2528 1868 2593 Quanquam

240 2597 415 2647 cmlos
436 2602 673 2661 recepta:
704 2599 903 2648 animm
932 2599 1125 2648 saeculi
1149 2598 1315 2661 hujus
1340 2598 1487 2648 curis
1523 2613 1635 2648 non
1653 2607 1868 2660 vacent;

236 2672 300 2717 ut
335 2669 453 2717 suis
480 2669 797 2719 felicitatem
825 2670 1076 2719 eamdem
1108 2673 1373 2731 exoptent
1409 2673 1461 2718 et
1496 2668 1719 2719 demum
1751 2686 1872 2735 gra-

240 2739 515 2794 tulentur.
562 2740 698 2789 nihil
760 2745 842 2791 est
897 2740 1045 2805 quod
1105 2740 1401 2803 impediat:
1457 2740 1693 2790 charitos
1721 2745 1868 2793 enim

243 2823 517 2875 nunquam
557 2813 765 2862 excidit.
822 2812 961 2875 Qua:
1009 2815 1199 2875 postea
1257 2816 1545 2875 sequntur,
1603 2813 1672 2863 de
1737 2817 1872 2877 Apo-

239 2883 496 2933 stolorum
554 2882 780 2949 glorioso
831 2886 1008 2945 choro,
1084 2885 1462 2948 prophetarum
1526 2885 1869 2937 exaltantum

235 2966 475 3003 numero.
520 2962 565 3003 et
620 2961 916 3018 martyrum
976 2955 1345 3004 innumerabili
1405 2956 1616 3019 papula,
1677 2971 1868 3007 ausam

237 3024 461 3077 dedisse
515 3027 769 3077 videntur
797 3029 863 3077 iis
905 3041 1032 3092 quas
1058 3030 1330 3077 occurunt
1372 3026 1429 3075 in
1486 3027 1711 3088 Hymno
1740 3031 1871 3078 Am-

239 3095 522 3160 brosiano,
544 3101 641 3162 qui
668 3101 729 3148 Te
762 3101 923 3149 Deum
954 3099 1280 3163 appellatur.

488 3234 585 3284 DE
620 3233 1199 3286 EXHORTATIONE
1237 3232 1608 3284 MARTYRII.

307 3320 378 3368 De
416 3318 774 3370 exhortatione
830 3320 1096 3382 martyrii.
1151 3318 1438 3369 Consimili
1497 3319 1671 3367 iorma
1729 3318 1871 3368 Ter-

238 3389 359 3438 tull.
414 3390 692 3454 inscripsit
736 3390 1010 3451 libellum,
1053 3391 1115 3439 de
1154 3390 1533 3440 Exhortatione
1585 3390 1865 3440 castitatis.

236 3458 323 3509 Ex
358 3458 621 3523 Cypriani
645 3463 864 3525 scriptis
893 3462 991 3511 vix
1016 3462 1226 3524 aliquot
1257 3460 1603 3511 luculentius
1628 3474 1660 3509 a
1719 3462 1870 3511 Pon-

236 3530 314 3580 tio
339 3531 667 3582 laudatum:
700 3551 729 3578 α
781 3534 938 3595 Quis,
966 3534 1147 3596 inquit
1196 3533 1314 3592 ille,
1367 3537 1638 3595 martyres
1692 3536 1870 3583 tantos

236 3602 619 3655 exhortatione
646 3605 819 3654 divini
850 3606 1122 3654 sermonis
1152 3606 1423 3667 erigeret?
1455 3604 1600 3666 Quid
1628 3605 1871 3669 denique

236 3677 318 3723 tot
344 3676 689 3727 confessores
724 3678 989 3726 froutium
1018 3680 1336 3726 notatarum
1368 3676 1616 3726 secunda
1666 3678 1869 3727 inscri-

232 3746 427 3808 ptione
471 3749 732 3812 signatos,
781 3752 833 3797 et
878 3748 947 3797 ad
1001 3747 1319 3810 exemplum
1365 3748 1616 3811 martyrii
1682 3761 1869 3811 super-

232 3818 393 3867 stites
422 3822 725 3869 reservatos
756 3815 1035 3870 incentivo
1056 3819 1206 3869 tubae
1228 3819 1474 3870 cmlestis
1504 3820 1867 3868 animaret?»

233 3886 447 3938 Revera
468 3890 715 3953 epistolae
758 3890 826 3940 ad
866 3891 1101 3940 eximios
1134 3891 1499 3953 confessores,
1540 3890 1767 3952 Moysen
1812 3894 1873 3939 et

232 3958 561 4023 Maximum,
612 3974 717 4012 nec
769 3975 882 4012 non
937 3960 1004 4010 ad
1047 3960 1478 4021 Thibaritanos;
1528 3964 1589 4009 ut
1638 3964 1691 4010 et
1745 3960 1867 4012 alim

231 4031 544 4085 nonnullis,
572 4034 628 4081 in
660 4033 769 4082 hoc
801 4037 931 4082 totae
960 4037 1278 4091 versantur,
1327 4036 1387 4080 ut
1414 4032 1482 4081 ad
1540 4033 1869 4095 martyrium

231 4101 561 4151 accendant.
595 4103 704 4153 Sed
740 4107 800 4152 ut
864 4116 1099 4151 sermone
1155 4102 1355 4161 divino,
1388 4106 1434 4150 et
1462 4101 1597 4151 tubae
1653 4101 1870 4152 celestis

231 4172 511 4235 incentivo,
549 4174 859 4225 exhortatio
882 4179 1200 4238 peragatur,
1249 4175 1436 4237 scripti
1490 4173 1657 4236 hujus
1689 4188 1869 4237 pecu—

230 4246 388 4296 haris
437 4244 653 4295 videtur
699 4246 1029 4304 character;
1079 4249 1129 4295 et
1182 4246 1277 4308 qui
1308 4246 1557 4293 instituto
1600 4245 1869 4295 librorum

236 4316 312 4367 ad
344 4315 638 4377 Quirinum
669 4318 833 4381 plane
898 4317 1213 4380 respondet,
1259 4318 1424 4366 Porro
1483 4317 1605 4366 loca
1636 4317 1690 4367 S.
1721 4316 1868 4367 Scri-

231 4393 419 4453 pturaa
454 4388 647 4438 eodem
709 4389 874 4439 modo
932 4389 1231 4451 utrobique
1283 4387 1523 4449 laudata,
1581 4393 1864 4442 auctorem

1895 1702 1950 1773 Β

1891 3066 1947 3141 C

1980 391 2145 469 maca.
2183 394 2351 469 c_._§0,
2395 408 2425 443 a
2464 396 2797 458 quibusdam
2835 397 3078 462 affertur,
3105 404 3167 451 ut
3209 391 3427 453 suaderi
3479 419 3607 469 pos-

1981 465 2051 513 sit
2091 465 2159 514 D.
2210 465 2382 515 Hilar.
2424 471 2689 518 tractatus
2737 470 2906 534 hujus
2947 473 3118 523 fuisse
3170 465 3499 535 auctorem;
3536 479 3620 527 si—

1981 535 2207 607 quidem
2255 536 2379 585 libri
2425 539 2544 601 ejus
2589 539 2657 588 ad
2706 540 3073 593 Fortunatum
3122 545 3359 596 habetur
3389 549 3621 607 mentio,

1979 606 2192 656 nullius
2234 607 2454 658 videtur
2496 614 2808 675 momenti;
2844 616 3119 678 siquidem
3162 617 3207 666 si
3253 619 3378 681 quis
3422 606 3619 668 Hilarii

1981 690 2165 750 aavum
2203 681 2432 750 spectet,
2456 695 2569 731 non
2605 681 2907 734 admodum
2947 690 3291 750 opportunus
3321 692 3453 739 tunc
3478 692 3617 739 tem-

1980 749 2125 813 poris
2152 749 2258 798 sub
2288 751 2712 814 imperatoribus
2740 749 3066 806 Christianis
3104 758 3173 807 de
3216 761 3477 822 martyrio
3513 760 3619 809 ad—

1978 833 2172 871 versus
2198 822 2488 884 gentilium
2514 825 2729 877 furores
2756 825 2913 876 liber.
2947 829 3113 878 Porro
3153 829 3365 879 lubrica
3390 844 3617 893 prorsus

1980 905 2049 943 ex
2104 904 2355 954 personae
2402 896 2627 947 nomine
2680 896 2964 960 probatio;
3032 899 3257 961 insuper
3318 912 3424 950 nec
3475 900 3617 950 For-

1980 963 2157 1011 tunati
2206 964 2311 1034 qui
2384 966 2555 1017 vitam
2634 966 2764 1019 ﬁliae
2836 969 3032 1019 Hilarii
3098 970 3316 1033 scripsit
3372 973 3617 1034 tempora

1980 1033 2353 1105 respondent;
2404 1040 2459 1086 et
2510 1038 2735 1089 demum
2790 1042 2847 1089 in
2900 1041 3155 1105 plurimis
3209 1033 3617 1104 exemplaribus

1979 1102 2206 1152 Hieron.
2264 1118 2397 1155 mss.
2451 1121 2564 1158 non
2633 1109 2831 1159 Hilarii
2898 1102 3142 1173 nomen,
3199 1110 3297 1161 sed
3351 1102 3613 1175 Cypriani

1979 1175 2276 1246 reponitur.
2337 1178 2501 1227 Haud
2548 1180 2771 1229 interim
2823 1181 2987 1232 facile
3031 1186 3116 1231 est
3162 1181 3434 1244 conjicere
3482 1183 3618 1246 quid

1979 1244 2223 1296 Pamelio
2257 1248 2315 1296 in
2355 1253 2599 1300 mentem
2639 1253 2870 1313 venerit,
2899 1256 2959 1301 ut
3000 1252 3210 1303 diceret
3250 1244 3616 1304 Remboldum

1978 1317 2219 1379 primum
2267 1321 2517 1369 omnium
2562 1325 2857 1373 tractatum
2904 1324 3058 1374 hunc
3100 1323 3513 1385 edidisse,cum
3559 1328 3615 1376 in

1978 1387 2226 1452 Spirensi
2252 1389 2512 1453 editione,
2541 1394 2645 1442 arti
2676 1395 3091 1457 typographicaa
3116 1408 3324 1457 cornva,
3352 1401 3407 1445 et
3448 1398 3617 1447 etiam

1978 1459 2034 1507 in
2073 1461 2241 1509 veteri
2289 1461 2653 1524 innominata,
2695 1477 2822 1527 quin
2859 1468 3009 1515 certe
3044 1464 3414 1515 Remboldum
3451 1466 3616 1532 longe

1977 1532 2280 1594 praecessit,
2312 1537 2645 1595 compareat.

2038 1601 2374 1651 Mediocritas
2445 1608 2629 1652 nostra
2711 1604 2916 1654 auxilio
2989 1603 3187 1654 divinae
3258 1606 3620 1669 inspirationis

1976 1676 2253 1731 instructa.
2291 1673 2577 1738 Quidquid
2608 1676 2796 1737 gratia:
2841 1676 3044 1726 divinas
3090 1676 3346 1739 praesidio
3383 1677 3610 1738 factum,

1976 1744 2031 1794 id
2075 1745 2429 1808 inspirationi
2482 1747 2718 1810 imputat
2762 1752 2956 1798 auctor
3004 1753 3206 1797 noster.
3254 1750 3333 1797 Ita
3384 1747 3609 1799 Tertull.

1976 1816 2017 1895 1..
2060 1815 2135 1896 de
2160 1817 2447 1896 Patientia,
2491 1830 2537 1867 c.
2584 1819 2737 1896 l,‘ai_t
2776 1834 2786 1867 :
2824 1820 3619 1896 f<__l_30norum_qquorumdam,.

1975 1886 2139 1934 sicuti
2167 1889 2219 1935 et
2260 1886 2554 1947 malorum,
2586 1887 2951 1938 intolerabilis
2999 1890 3326 1952 magnitudo
3375 1894 3499 1940 est:
3548 1886 3611 1941 ut

1974 1956 2042 2006 ad
2070 1957 2337 2019 capienda
2365 1962 2420 2006 et
2449 1958 2759 2021 praestanda
2787 1972 2871 2021 ea,
2903 1960 3019 2010 sola
3062 1962 3236 2025 gratia
3289 1960 3487 2011 divinas
3525 1963 3612 2011 in-

1975 2029 2290 2093 spirationis
2319 2034 2594 2093 operetur.
2624 2045 2653 2076 »

2037 2100 2142 2149 Sex
2185 2099 2359 2149 millia
2394 2114 2652 2150 annorum
2701 2102 2818 2165 jam
2858 2116 2982 2165 pene
3030 2102 3367 2167 complentur.
3407 2103 3612 2155 Calcu»

1972 2171 2092 2220 lum
2117 2174 2377 2233 veterem,
2408 2176 2461 2221 et
2498 2173 2614 2222 suis
2644 2173 2986 2236 temporibus
3020 2174 3077 2223 in
3106 2175 3295 2223 Africa
3331 2179 3613 2239 receptum

1973 2244 2224 2306 sequitur
2252 2246 2443 2293 auctor
2485 2247 2706 2303 noster;
2758 2244 3023 2293 nimirum
3054 2246 3151 2308 qui
3199 2258 3368 2295 ieram
3415 2246 3611 2296 Chris-

1973 2318 2179 2365 tianam
2236 2330 2382 2366 anno
2434 2317 2629 2365 mundi
2680 2317 2807 2367 5500
2865 2319 3156 2381 assignat;
3218 2320 3309 2369 cui
3380 2334 3611 2372 numero

1973 2390 2018 2455 si
2076 2388 2170 2437 232
2216 2388 2349 2437 anni
2397 2386 2689 2449 addantur,
2749 2392 3090 2453 consurgent
3130 2390 3274 2453 5752,
3320 2405 3447 2455 qua:
3499 2406 3611 2443 non

1971 2454 2135 2525 longe
2175 2462 2383 2511 abeunt
2426 2476 2457 2511 a
2499 2463 2641 2512 6000.
2690 2464 2890 2514 Notum
2940 2477 3071 2514 vero
3116 2468 3220 2525 est,
3248 2467 3305 2514 in
3350 2454 3611 2516 numeris

1972 2533 2330 2584 recensendis
2378 2533 2445 2581 ad
2480 2535 2764 2596 proximos
2809 2536 3048 2598 integros
3107 2538 3315 2585 recurri
3362 2537 3610 2587 solitum.

1972 2606 2201 2655 Dixerat
2232 2606 2296 2653 D.
2342 2606 2538 2655 Petrus
2574 2607 2623 2654 ΙΙ
2672 2608 2853 2670 epist.,
2887 2609 3017 2669 111,8
3045 2623 3062 2656 :
3108 2607 3252 2658 Mille
3296 2622 3448 2657 anncs
3473 2609 3613 2671 apud

1974 2679 2134 2726 Deum
2165 2676 2350 2724 haberi
2375 2680 2511 2725 sicut
2551 2678 2659 2726 dies
2702 2692 2874 2741 unus;
2911 2684 2965 2727 et
3004 2678 3206 2728 exinde
3252 2693 3282 2727 a
3327 2680 3609 2729 veteribus

1974 2748 2263 2808 creditum,
2310 2748 2623 2799 Hexamero
2672 2750 2828 2799 ﬁnito
2878 2750 3184 2800 Sabbatum
3224 2755 3509 2812 aeternum,
3557 2756 3610 2801 et

1972 2818 2166 2868 mundi
2213 2819 2381 2869 ﬁnem
2419 2820 2736 2871 succedere.
2796 2822 2963 2871 Porro
3008 2835 3135 2872 cum
3178 2822 3451 2871 Dominus
3489 2836 3609 2885 pro-

1970 2890 2231 2951 misisset,
2269 2890 2454 2939 Matth.
2501 2904 2667 2951 xxrv,
2695 2893 2773 2941 22.
2817 2892 3118 2941 Electorum
3158 2906 3313 2941 causa
3342 2892 3453 2941 dies
3482 2894 3610 2943 istos

1971 2961 2340 3011 abbreviandos
2380 2960 2506 3023 fore,
2543 2977 2655 3013 non
2701 2967 2905 3013 temere
2951 2964 3201 3013 omnium
3246 2964 3359 3013 fere
3408 2964 3609 3014 animis

1972 3032 2255 3083 insederat
2285 3034 2471 3095 opinio
2488 3036 2987 3086 Consummationem
3019 3035 3218 3095 mundi,
3245 3035 3613 3085 etAntichristi

1974 3107 2171 3167 tempus
2194 3103 2434 3166 infestum
2462 3109 2669 3155 instare.
2697 3105 2825 3155 Vid.
2856 3119 2983 3170 quae
3024 3105 3131 3155 hac
3164 3105 3232 3155 de
3266 3119 3324 3155 re
3359 3105 3507 3156 dicta
3550 3106 3607 3158 in

1973 3176 2007 3224 l.
2041 3176 2111 3225 de
2138 3175 2349 3225 Morta].

2034 3247 2263 3295 Insidias
2352 3246 2650 3310 dejiciendi.
2729 3245 3043 3299 Colluctatio
3121 3252 3343 3309 nostra,
3423 3248 3619 3311 inquit

1971 3317 2291 3380 Apostolus,
2327 3318 2529 3381 Ephes.
2576 3332 2648 3379 vr,
2690 3320 2788 3368 l2:
2826 3330 2928 3368 non
2984 3322 3060 3368 est
3107 3319 3357 3369 adversus
3402 3333 3609 3370 carnem

1972 3392 2020 3437 et
2078 3390 2424 3451 sanguinem,
2490 3389 2581 3440 sed
2640 3389 2885 3440 adversus
2935 3391 3204 3453 principes
3270 3393 3320 3438 et
3374 3392 3607 3452 potesta-

1973 3464 2064 3513 tes.
2098 3464 2202 3509 etc.

2033 3533 2327 3593 Propositis
2374 3533 2570 3584 titulis.
2622 3534 2720 3585 Illa
2768 3546 2898 3596 ergo
2941 3533 3277 3595 exemplaria
3327 3531 3395 3581 ad
3442 3544 3608 3582 men-

1971 3606 2080 3651 tem
2122 3607 2367 3654 auctoris
2401 3607 2643 3655 maxime
2682 3604 2943 3654 videntur
2992 3604 3276 3665 accedere,
3306 3617 3433 3667 qua:
3476 3605 3608 3653 titu-

1970 3675 2053 3725 los
2088 3675 2275 3737 hosce,
2307 3676 2474 3725 simul
2519 3677 2807 3740 semelque
2854 3677 2911 3725 in
2952 3675 3079 3725 libri
3122 3675 3396 3738 principio
3444 3674 3608 3723 exhi-

1968 3746 2120 3798 bent

2031 3822 2221 3869 Lanam
2282 3823 2334 3869 et
2408 3833 2715 3883 purpuram.
2786 3820 2846 3868 In
2915 3817 3288 3869 oblationibus
3359 3829 3485 3879 quin
3551 3818 3609 3867 in

1970 3891 2316 3941 tabernaculi
2365 3905 2530 3941 usum
2578 3890 3012 3941 admittebantur
3054 3890 3224 3939 Exod.
3259 3900 3402 3949 xxv,
3451 3890 3608 3938 erant

1968 3962 2303 4025 Hyacinthus,
2356 3976 2618 4025 purpura,
2658 3963 2933 4021 coccinum,
2987 3975 3098 4009 cum
3155 3963 3343 4023 bysso;
3391 3959 3489 4009 sed
3548 3960 3604 4009 in

1969 4032 2236 4083 Ecclesiae
2275 4033 2604 4084 Christianae
2645 4035 2921 4094 ornatum,
2948 4030 3237 4081 sufﬁciunt
3268 4030 3603 4081 innocentia

1969 4109 2021 4154 et
2050 4104 2291 4168 martyrii
2325 4104 2553 4154 colores.

2034 4177 2253 4226 Domino
2300 4179 2632 4238 permittente
2669 4176 2901 4240 primum
2951 4174 3214 4237 baptisma
3279 4172 3605 4225 credentibus

1969 4246 2221 4297 dedimus.
2265 4248 2545 4311 Baptisms
2589 4248 2739 4309 olim,
2765 4260 2876 4296 non
2924 4246 3030 4295 nisi
3062 4260 3130 4296 ex
3176 4245 3438 4296 mandato
3479 4247 3605 4309 epi-

1969 4319 2124 4382 scopi
2185 4319 2526 4370 celebratum
2583 4335 2593 4367 :
2648 4319 2754 4367 Οὐκ
2801 4316 2899 4371 ἐξόν
2968 4318 3066 4365 ἐστι
3130 4334 3276 4381 χωρις
3343 4313 3427 4364 τοῦ
3501 4317 3605 4365 ἐπι-

1973 4405 2157 4438 σκοπου
2233 4390 2340 4438 οὔτέ
2426 4390 2660 4454 βαπτὶζέίν
2684 4429 2697 4453 ,
2766 4392 2875 4439 οὔτε
2950 4389 3135 4451 ἀγάπην
3210 4404 3405 4448 ποιειν,
3476 4392 3601 4449 etc.,

230 4452 497 4511 eumdem
558 4465 743 4523 aperte
796 4460 1140 4523 proﬁtentur.
1219 4458 1355 4521 Quis
1406 4473 1534 4510 vero
1579 4460 1745 4511 fuerit
1821 4452 2145 4525 isDinquit
2183 4452 2450 4525 Ignatius,
2497 4466 2591 4526 Ep.
2642 4452 2710 4512 ad
2767 4462 2980 4525 Smyrn.
3032 4460 3188 4511 Unde
3232 4462 3290 4510 in
3348 4460 3600 4509 Ecclesia

231 4531 576 4581 Fortunatus
605 4534 696 4583 cui
739 4532 878 4582 liber
898 4532 992 4581 hic
1042 4531 1376 4593 inscribitur,
1408 4545 1520 4581 non
1547 4538 1863 4598 promptum

231 4604 407 4652 fuerit
442 4602 645 4664 dicere,
674 4616 803 4653 cum
846 4604 1034 4666 plures
1075 4603 1325 4666 ejusdem
1365 4603 1607 4652 nominis
1655 4605 1709 4651 in
1753 4605 1865 4669 Cy-

232 4674 418 4739 priani
474 4675 694 4737 scriptis
745 4678 1015 4725 occurant
1068 4690 1080 4723 :
1131 4678 1186 4725 et
1242 4673 1465 4724 demum
1511 4674 1630 4724 ﬁeri
1672 4679 1864 4739 possit,

232 4748 305 4796 ut
337 4743 406 4794 ad
421 4744 593 4795 alium
627 4745 749 4796 haec
788 4748 1119 4810 pertineant,
1170 4744 1449 4794 diversum
1499 4746 1568 4795 ab
1608 4748 1868 4799 omnibus

234 4816 448 4867 alicubi
481 4819 821 4868 memoratis.
854 4819 1114 4869 Putarem
1150 4821 1337 4867 tamen
1370 4816 1494 4867 haec
1542 4818 1867 4883 episcopum

233 4888 397 4938 illum
446 4889 719 4952 respicere
749 4889 818 4939 ad
848 4904 1016 4954 quem
1065 4890 1219 4953 epist.
1256 4889 1319 4938 56
1353 4888 1423 4937 ad
1468 4890 1662 4938 Pamel.
1708 4905 1864 4941 num.

234 4960 322 5021 53,
369 4958 659 5022 dirigitur:
711 4965 767 5011 et
818 4961 955 5012 forte
1009 4961 1104 5024 qui
1170 4960 1227 5008 in
1272 4958 1715 5024 Carthaginiensi
1775 4975 1867 5027 sy-

235 5029 411 5090 nodo,
462 5031 798 5083 Fortunatus
864 5047 895 5082 a
948 5030 1297 5082 Thuccabori
1349 5031 1565 5080 dicitur.
1629 5033 1869 5084 Demum

236 5105 530 5152 exaratum
566 5115 766 5154 censeo
812 5104 1104 5154 occasione
1134 5103 1534 5166 persecutionis
1558 5102 1663 5152 sub
1710 5104 1870 5155 Gallo

235 5177 298 5223 et
324 5172 624 5223 Volusiano
658 5173 1115 5235 recrudescentis,
1142 5173 1211 5223 de
1244 5187 1354 5236 qua
1390 5174 1522 5222 visis
1550 5174 1871 5226 caelestibus

236 5244 556 5295 admonitus
595 5244 925 5308 Cyprianus,
956 5244 1094 5294 alios
1127 5244 1426 5295 admonere
1468 5257 1580 5294 non
1642 5246 1869 5297 destitit.

239 5317 486 5369 Deciana
548 5317 736 5367 clades
814 5318 1191 5381 inexspectata
1272 5318 1613 5383 grassatione
1679 5318 1872 5369 obvios

245 5401 498 5453 quosque
543 5389 830 5452 oppressit,
879 5392 941 5437 ut
985 5389 1053 5437 de
1085 5389 1251 5452 lapsis
1308 5389 1668 5439 restituendis
1712 5392 1871 5439 unica

242 5464 494 5512 maneret.
527 5473 661 5511 cura
700 5473 825 5525 qua:
849 5473 981 5509 vero
1015 5460 1119 5510 sub
1180 5460 1475 5511 Valeriano
1516 5463 1571 5511 et
1620 5460 1873 5511 Gallieno

245 5536 653 5592 successerunt,
739 5532 869 5581 ferte
937 5532 1103 5579 nimis
1148 5530 1421 5584 videntur.
1474 5545 1572 5595 pro
1616 5531 1873 5594 martyris

245 5602 421 5653 nostri
469 5602 755 5666 diligentia
783 5606 845 5651 ut
898 5600 1138 5651 remedia
1181 5599 1293 5651 huc
1324 5615 1502 5665 usque
1536 5602 1741 5653 fuerint
1787 5601 1875 5651 di-

245 5673 377 5725 lata.
424 5672 778 5739 Relinquitur
811 5685 940 5736 ergo
974 5676 1039 5722 ut
1065 5670 1135 5721 ad
1164 5672 1553 5724 intermedium
1580 5674 1687 5725 hoc
1734 5677 1874 5725 tem-

244 5758 375 5815 pus,
412 5744 678 5797 nimirum
730 5742 799 5795 ad
843 5756 1055 5796 annum
1105 5742 1219 5807 252,
1244 5741 1419 5795 libelli
1472 5744 1632 5797 istius
1664 5744 1875 5800 natales

567 5833 846 5905 Paeon.
881 5833 964 5904 iV

1964 4535 2145 4583 solum
2176 4548 2286 4597 qua
2326 4535 2442 4597 ipse
2486 4533 2732 4592 sedebat,
2776 4540 2894 4584 erat
2940 4533 3344 4596 baptisterium.
3386 4530 3596 4592 Marty-

1965 4606 2128 4665 rium,
2174 4605 2432 4669 baptismi
2475 4619 2698 4668 nomen,
2741 4620 2808 4657 ex
2856 4605 3081 4656 Domini
3126 4602 3312 4654 verbis
3363 4602 3598 4665 accepit,

1968 4675 2178 4738 Matth.,
2207 4690 2311 4739 xx,
2336 4678 2413 4727 22.

2030 4748 2217 4811 Angeli
2247 4749 2527 4812 baptisant.
2578 4748 2686 4811 Qui
2762 4750 3148 4811 susceptorum
3199 4757 3428 4795 munere
3472 4746 3601 4794 fun-

1968 4826 2195 4887 guntur,
2246 4824 2302 4869 et
2346 4824 2649 4884 martyrum
2724 4821 2939 4869 animas
3020 4818 3309 4880 sanguinis
3378 4816 3598 4866 lavacro

1970 4886 2253 4955 exemptae
2279 4893 2334 4939 in
2360 4892 2563 4943 caelum
2586 4894 2804 4955 portant
2836 4906 2848 4947 ;
2877 4890 2987 4939 vid.
3026 4890 3158 4938 Luc.
3186 4900 3307 4946 XVI,
3328 4886 3411 4935 22.

2031 4964 2182 5014 Fidei
2197 4968 2389 5013 nostra:
2418 4964 2739 5013 incrementa
2764 4966 3105 5013 consummat.
3125 4962 3207 5010 De
3228 4959 3336 5009 hac
3357 4960 3596 5008 τελειὼσει

1970 5037 2081 5087 vid.
2107 5037 2240 5085 Luc.
2269 5048 2387 5096 XIII,
2418 5036 2498 5096 32,
2532 5040 2587 5085 et
2609 5035 2777 5085 Hebr.
2809 5047 2866 5096 Il,
2896 5034 2971 5083 10.

2034 5109 2207 5158 Simus
2233 5112 2278 5156 et
2306 5106 2481 5155 amici.
2516 5107 2782 5169 Martyres
2839 5104 3053 5167 perfecti
3100 5107 3222 5153 sunt
3247 5104 3300 5151 in
3326 5101 3600 5151 dilectione

1971 5178 2175 5227 IJoan.
2203 5189 2280 5236 iv,
2338 5177 2412 5225 l8.
2461 5176 2617 5227 Unde
2672 5175 3044 5225 Tertullianus
3090 5173 3145 5221 in
3187 5172 3343 5223 illum
3366 5172 3599 5221 Joannis

1971 5248 2175 5298 locum.
2206 5248 2470 5309 Scorpiac.
2501 5260 2551 5297 c.
2586 5244 2663 5306 12,
2691 5247 2765 5295 ait
2796 5261 2806 5294 :
2870 5263 2897 5290 «
2932 5244 3177 5293 Perfecta
3233 5242 3461 5293 dilectio
3517 5242 3600 5292 fo-

1972 5332 2060 5369 ras
2089 5317 2273 5380 abjicit
2303 5319 2578 5373 timorem,
2606 5317 2870 5377 quoniam
2930 5316 3094 5365 timor
3124 5326 3345 5377 pcenam
3406 5313 3598 5369 habet.

1973 5394 2025 5441 et
2051 5390 2147 5453 qui
2172 5390 2329 5438 timet
2356 5402 2468 5438 non
2503 5392 2586 5437 est
2608 5389 2891 5451 perfectus
2936 5388 2993 5436 in
3058 5384 3375 5435 dilectione.
3416 5384 3597 5446 Quem

1973 5462 2225 5511 timorem
2256 5460 2490 5523 intelligi
2509 5462 2736 5522 praestat
2784 5458 2891 5507 nisi
2916 5456 3227 5519 negationis
3268 5456 3595 5505 auctorem?

1975 5545 2141 5595 quam
2187 5530 2541 5580 dilectionem
2580 5530 2882 5593 perfectam
2929 5529 3185 5588 afﬁrmat,
3216 5528 3320 5575 nisi
3379 5524 3603 5595 lugatri-

1975 5594 2098 5653 cem
2150 5602 2381 5662 timoris,
2425 5605 2480 5651 et
2530 5601 2915 5651 animatricem
2955 5598 3369 5649 confessionis?
3442 5594 3597 5657 Qua-

1974 5685 2138 5737 pcena
2184 5672 2437 5723 timorem
2484 5671 2679 5736 puniat
2716 5678 2848 5732 (non
2902 5684 3061 5735 quam
3087 5680 3321 5733 paenam,
3364 5666 3429 5737 ut
3496 5663 3598 5714 ha-

1975 5732 2136 5796 betur
2187 5744 2247 5795 in
2289 5732 2615 5809 impressis),
2685 5743 2791 5795 nisi
2840 5732 3009 5809 quam
3062 5732 3293 5806 negator
3324 5732 3603 5789 relaturus

3124 5829 3210 5900 41
