4144 6192
279 217 415 277 i293

276 345 429 396 iismi
478 342 769 407 sanguinis
810 342 1109 407 singularis
1162 343 1532 408 prmrogativa
1579 343 1910 406 habebatur,

276 417 482 480 pariter
505 416 618 465 sint
642 414 902 478 exempti.
930 413 1182 475 Tertull.,
1218 414 1283 464 de
1306 414 1520 472 Anima,
1545 413 1686 465 dixit
1718 429 1730 461 :

340 505 367 533 α
408 486 623 537 Modica
667 486 869 537 delicta
917 499 1071 536 mora
1116 487 1534 537 resurrectionis
1580 486 1835 550 expendi,
1884 504 1913 533 »

275 561 428 607 ratus
461 557 568 607 hac
600 570 765 621 paena
792 557 1001 619 damni,
1041 558 1100 606 in
1140 558 1233 607 illa
1265 558 1650 608 animadverti.
1684 557 1916 621 Sequio-

275 642 400 678 rum
453 631 765 691 temporum
802 626 1076 688 doctores,
1114 640 1335 692 pcenam
1373 642 1587 691 sensus,
1635 633 1691 678 et
1719 642 1917 692 purga-

276 699 448 749 torios
484 699 644 764 ignes
684 696 961 748 addidere.
990 699 1109 748 Imo
1146 700 1413 765 Origenes
1455 699 1725 763 gehennae
1759 700 1915 763 ignes

275 774 626 839 purgatorios
658 772 956 823 statuebat.
1000 772 1142 834 Quae
1181 788 1248 824 ex
1283 774 1515 838 epistola
1553 773 1627 824 ad
1669 776 1917 824 Antonia-

280 860 409 896 num
439 860 469 895 a
501 845 835 909 quibusdam
865 845 923 895 in
951 843 1059 896 hac
1088 859 1255 896 causa
1289 845 1612 909 aﬁ'eruntur,
1638 846 1707 896 ad
1736 845 1917 910 lapso-

277 933 404 969 rum
436 930 701 969 censuras
730 916 824 967 hic
857 918 913 966 in
940 916 1194 968 Ecclesia
1224 920 1452 969 omnino
1478 919 1778 982 pertinent;
1810 932 1915 969 nec

281 1003 413 1040 cum
462 989 642 1053 pomis
691 1000 818 1052 quae
868 988 980 1038 vita
1021 988 1242 1039 functos
1288 992 1564 1053 exercent,
1605 991 1915 1055 quidquam

278 1061 493 1112 habent
517 1073 834 1111 commune.

353 1131 678 1182 Conscientia
723 1135 1024 1180 coronatur.
1075 1131 1180 1181 Per
1213 1132 1590 1183 conscientiam
1641 1133 1913 1197 intelligit,

279 1203 531 1254 virtutem
555 1203 628 1253 ad
656 1201 896 1266 praelium
936 1205 1254 1266 promptam,
1286 1208 1333 1253 et
1363 1203 1517 1268 ﬁdem
1552 1216 1673 1269 quae
1705 1209 1822 1255 erat
1845 1203 1918 1255 ad

278 1275 607 1340 martyrium
630 1278 958 1338 praeparata.

698 1397 772 1447 IN
804 1397 903 1447 AD
936 1395 1491 1449 DEMETRIANUM.

344 1504 424 1555 Ad
517 1506 938 1555 Demetrianum.
1004 1504 1172 1555 Hunc
1244 1504 1447 1556 Africis
1522 1506 1916 1571 proconsulem

281 1575 456 1627 fuisse
485 1588 599 1625 uno
629 1588 724 1626 ore
770 1575 964 1625 dicunt
998 1575 1291 1638 Baronius,
1322 1576 1616 1640 Pamelius,
1652 1577 1917 1628 Lomber-

280 1652 388 1707 tus,
419 1647 623 1711 aliique
663 1647 757 1711 qui
797 1646 864 1697 de
901 1646 1165 1710 Cypriani
1207 1648 1376 1699 rebus
1420 1648 1777 1713 scripserunt.
1812 1649 1917 1701 Sed

278 1731 477 1783 parum
516 1716 815 1767 verisimile
856 1719 937 1766 est
984 1730 1265 1767 summum
1303 1719 1705 1783 magistratum,
1746 1717 1916 1783 depo-

281 1789 402 1839 sitis
453 1786 701 1838 fascibus
755 1791 810 1838 et
858 1788 1074 1851 imperii
1147 1789 1489 1854 insignibus,
1542 1789 1608 1839 ad
1668 1791 1913 1855 episcopi

278 1860 567 1910 christiani
596 1858 844 1920 domum,
876 1857 1045 1922 idque
1079 1872 1191 1909 non
1236 1861 1409 1911 semel
1451 1859 1547 1910 sed
1579 1872 1713 1923 saepe
1743 1866 1914 1909 ventu-

276 1946 417 1981 rum.
474 1931 589 1981 Nec
645 1931 820 1994 magis
876 1929 945 1979 ad
991 1932 1379 1994 proconsulem
1435 1932 1649 1982 faciunt
1709 1946 1720 1980 :
1771 1948 1800 1980 «
1845 1932 1917 1983 Ut

277 2006 505 2054 caeteros
546 2002 871 2060 concitaret,
916 2004 972 2051 et
1014 2001 1138 2052 odia
1188 2003 1305 2052 suis
1352 2002 1636 2053 maledicis
1684 2002 1917 2054 vocibus

277 2072 631 2134 seminando,
672 2073 904 2122 comites
955 2072 1061 2122 sibi
1111 2072 1319 2136 plures,
1361 2072 1566 2123 radicis
1608 2078 1773 2137 atque
1817 2076 1921 2124 ori-

281 2146 426 2212 ginis
475 2158 591 2195 suas
645 2144 1020 2208 pullulatione
1070 2144 1267 2194 iecerit
1315 2160 1345 2193 »
1388 2145 1565 2195 Aliter
1607 2146 1924 2196 irasceban-

279 2222 387 2278 tur,
431 2220 483 2268 et
530 2218 709 2281 magis
757 2215 1081 2266 decretoriis
1131 2217 1298 2265 armis
1343 2216 1667 2280 pugnabant
1703 2219 1924 2281 provin-

277 2291 487 2341 ciarum
529 2286 809 2352 praesides.
856 2287 1023 2336 Porro
1070 2300 1101 2336 a
1155 2286 1417 2350 Cypriani
1459 2287 1707 2337 moribus
1749 2288 1917 2353 longe

280 2360 504 2411 videtur
574 2359 807 2420 abesse,
864 2360 927 2407 ut
987 2358 1294 2422 principem
1350 2359 1531 2407 virum
1582 2357 1767 2407 verbis
1832 2373 1925 2423 pa-

280 2444 403 2481 rum
474 2429 796 2481 honoriﬁcis
863 2430 1177 2493 exciperet,
1245 2433 1306 2479 ut
1378 2428 1727 2479 oblatrantem
1793 2442 1907 2478 eum

277 2507 325 2553 et
372 2515 464 2554 ore
503 2500 761 2565 sacrilego
809 2505 856 2549 et
906 2500 1075 2550 verbis
1127 2500 1309 2565 impiis
1359 2499 1750 2564 obstrepenlem,
1795 2512 1920 2549 con-

279 2577 506 2623 temnere
552 2586 612 2623 se
668 2572 1047 2637 proﬁteretur;
1102 2577 1157 2622 et
1211 2570 1505 2631 indocilem,
1546 2571 1787 2634 impium,
1836 2570 1923 2633 fu-

280 2650 518 2707 rentem,
579 2658 807 2703 caecum,
868 2644 1089 2693 surdum
1155 2650 1201 2693 et
1271 2643 1480 2691 brutum
1548 2643 1920 2705 compellaret.

282 2718 518 2767 Omnino
563 2717 731 2781 igitur
762 2715 1063 2765 dicendum
1111 2720 1195 2765 est
1222 2715 1638 2765 Demetrianum
1674 2713 1919 2777 judicem

283 2786 480 2836 saltem
510 2785 686 2835 fuisse
716 2788 777 2835 in
806 2786 1032 2835 civitate
1059 2783 1513 2848 Carthaginensi;
1552 2788 1645 2832 aut
1674 2783 1917 2847 aliquem

284 2868 314 2905 e
340 2855 669 2906 consiliariis
703 2868 830 2920 quae
861 2854 1085 2919 prwsidi
1128 2853 1382 2905 solebant
1417 2854 1473 2902 in
1510 2853 1734 2916 judiciis
1759 2853 1919 2902 assis-

286 2928 421 2986 tere,
452 2926 520 2977 de
551 2926 758 2991 quibus
794 2925 910 2976 vid.
940 2926 1064 2975 Act.
1106 2938 1249 2986 xxv,
1283 2924 1359 2973 1‘2.
1400 2924 1471 2973 Et
1506 2925 1687 2972 virum
1722 2924 1918 2974 istius-

280 2997 453 3060 modi,
482 2997 761 3060 Cypriano
806 2997 877 3047 ob
924 2998 1246 3048 communia
1288 2995 1420 3044 olim
1468 2993 1650 3044 studia
1677 2995 1922 3045 familia-

1672 216 1853 275 EDIT.
1892 217 2088 276 OXON.
2124 218 2341 279 NOTAE.

3507 226 3643 283 1294

2014 346 2131 408 pta;
2157 357 2263 396 nec
2297 344 2364 395 ad
2387 345 2830 411 redarguendum
2852 348 3151 411 inﬁdelem,
3176 350 3395 401 nullam
3417 350 3644 403 'metho-

2015 415 2148 466 dum
2173 417 2730 469 accommodatiorem
2762 433 2898 472 esse.
2951 422 3103 473 Jnde
3130 423 3197 473 D.
3229 424 3493 487 August.,
3521 429 3644 474 orat

2014 489 2077 538 de
2111 490 2341 553 quinque
2373 490 2579 552 Herem,
2616 496 2909 556 postquam
2952 495 3224 545 attulisset
3252 494 3307 546 S.
3345 493 3645 558 Scripturaa

2014 558 2231 610 Veteris
2282 560 2619 611 Testamenti
2665 563 2943 627 suffragia,
2996 567 3071 615 ait
3115 581 3126 615 :
3173 566 3279 617 Hic
3322 570 3437 616 esto
3484 570 3540 616 et
3584 568 3647 615 tu

2015 629 2252 694 Pagane.
2302 632 2449 680 Audi
2490 632 2626 695 quid
2663 633 2809 684 dicat
2862 636 3153 700 Propheta,
3202 650 3315 686 non
3357 636 3495 686 mihi
3542 650 3644 701 ego

2016 702 2164 765 quod
2199 703 2350 753 volui
2381 704 2594 767 scripsi,
2623 705 2798 754 codex
2822 707 2881 755 in
2915 722 3027 771 quo
3060 708 3185 759 hinc
3221 708 3420 771 scripta
3454 708 3648 773 legun-

2016 778 2124 833 tur,
2160 772 2215 821 in
2245 774 2480 823 armario
2511 773 2689 824 Judaei
2726 776 2977 826 habetur.
3010 777 3277 828 Inimicus
3306 792 3466 828 meus
3491 772 3644 829 testis

2015 849 2099 896 est
2122 856 2301 906 meus,
2330 844 2399 894 ab
2418 846 2535 909 ipso
2567 859 2755 909 quaare
2784 862 2795 895 :
2827 849 2995 911 aperi,
3028 848 3149 911 lege
3174 851 3229 899 et
3257 850 3484 901 crede.»
3510 850 3646 912 Qui-

2014 916 2166 964 nimo
2194 919 2583 975 argumentum
2624 916 2733 967 hoc
2772 918 2884 967 late
2932 922 3127 969 tractat
3156 919 3303 971 idem
3334 920 3434 972 SS.
3464 920 3644 985 Pater,

2016 990 2205 1037 contra
2232 989 2484 1037 Faustum
2514 986 2762 1046 Manich.,
2788 987 2825 1037 l.
2858 1000 2977 1038 xm.

2083 1069 2272 1118 Tacere
2302 1067 2451 1117 ultra
2476 1080 2585 1117 non
2621 1073 2835 1133 oportet.
2879 1070 2991 1119 Diu
3030 1072 3150 1120 erat
3189 1072 3488 1135 antequam
3538 1074 3646 1124 cri-

2016 1139 2377 1189 minationem
2428 1138 2578 1188 hanc
2642 1138 3003 1202 deposuerint
3072 1141 3315 1204 ethnici;
3381 1142 3520 1193 adeo
3584 1147 3650 1193 ut

2017 1210 2121 1274 ipsi
2160 1210 2226 1259 D.
2272 1210 2589 1272 Augustino
2632 1223 2773 1273 opus
2809 1211 2992 1273 fuerit,
3036 1212 3390 1263 conscribere
3444 1213 3650 1264 librum

2016 1282 2080 1331 de
2102 1281 2327 1333 Ciuitate
2354 1280 2470 1345 Dei,
2498 1284 2553 1331 et
2587 1279 2785 1333 Orosio
2812 1282 3105 1333 historiam
3133 1296 3295 1333 suam
3324 1288 3386 1334 ut
3411 1298 3535 1336 eam
3570 1285 3653 1337 di-

2016 1354 2252 1405 luerent.

2080 1436 2318 1489 Senuisse
2348 1436 2463 1499 jam
2506 1433 2779 1485 mundum.
2831 1434 3085 1485 Universi
3126 1435 3444 1487 machinam
3492 1440 3650 1491 senio

2017 1506 2207 1568 dilabi,
2249 1507 2303 1555 et
2345 1504 2415 1554 ad
2457 1503 2742 1554 interitum
2788 1517 3049 1568 vergere;
3084 1504 3247 1568 longe
3286 1507 3393 1556 alia
3431 1520 3519 1558 res
3567 1516 3653 1561 est

2018 1594 2049 1630 a
2080 1578 2275 1630 saeculi
2312 1576 2563 1627 clausula
2600 1580 2655 1626 et
2694 1576 2891 1626 mundi
2926 1576 3056 1639 ﬁne,
3087 1590 3254 1640 quem
3296 1577 3415 1628 dies
3448 1580 3649 1643 judicii

2017 1664 2207 1703 secum
2250 1649 2437 1708 affert;
2481 1648 2557 1697 ita
2604 1648 2751 1697 enim
2788 1645 3053 1697 diﬁ'erunt
3096 1650 3159 1696 ut
3197 1660 3345 1697 mors
3382 1650 3650 1701 naturalis

2018 1726 2073 1773 et
2114 1720 2375 1772 violenta.
2416 1717 2721 1781 Utramque
2769 1722 2955 1767 tamen
2998 1718 3214 1767 ruinam
3255 1719 3417 1781 primi
3459 1720 3653 1771 Chris-

2017 1792 2152 1842 tiani
2201 1791 2405 1854 pariter
2457 1788 2856 1852 exspectabant
2914 1792 2967 1839 et
3012 1788 3316 1852 gentilibus
3363 1792 3650 1843 minaban-

2014 1867 2118 1913 tur.

2088 1933 2249 1982 Verna
2298 1930 2368 1980 de
2410 1930 2653 1991 temperie
2699 1943 2819 1980 sua.
2880 1931 3114 1982 Probata
3170 1932 3294 1984 haec
3346 1934 3542 1999 lectio,
3595 1940 3651 1987 et

2016 2005 2203 2070 phrasi
2233 2000 2486 2062 Tertull.,
2523 2013 2782 2051 consona.
2821 2000 2888 2064 Is,
2918 2003 2952 2051 l.
2984 2003 3048 2052 de
3087 2005 3263 2053 Resur.
3295 2018 3463 2069 carn.,
3493 2020 3540 2058 c.
3568 2008 3649 2069 l2,

2016 2079 2096 2127 ait
2150 2090 2179 2122 α
2236 2073 2621 2124 Revolvuntur
2681 2072 2897 2123 hiemes
2957 2078 3013 2123 et
3057 2078 3318 2136 aestates,
3373 2090 3544 2127 verna
3599 2082 3655 2128 et

2020 2150 2306 2197 autumna.
2364 2160 2392 2189 »
2442 2142 2712 2203 Editores,
2766 2145 3085 2206 importuna
3129 2143 3485 2210 liberalitate,
3535 2153 3651 2198 sata

2016 2215 2296 2267 addidere.

2083 2293 2507 2347 Sollicitudinem
2543 2292 2837 2343 cumulant.
2869 2293 3097 2343 Tertull.
3124 2295 3185 2343 in
3212 2295 3360 2360 Apol.
3390 2295 3543 2362 dixit,
3579 2310 3655 2350 ex

2020 2367 2313 2418 occasione
2349 2363 2649 2425 consimili,
2681 2365 2892 2412 Annum
2923 2365 2980 2411 in
3002 2377 3129 2413 cura
3158 2378 3297 2416 esse.

2084 2445 2326 2496 Pallidus
2375 2443 2563 2494 herbas
2606 2444 2803 2495 sterilis
2848 2444 2997 2508 gleba
3042 2446 3321 2509 producat.
3365 2446 3460 2499 Sic
3504 2451 3652 2504 Tert.

2021 2518 2093 2568 ad
2142 2513 2354 2578 Scapul.
2396 2529 2414 2562 :
2456 2530 2484 2559 ‹‹
2528 2512 2826 2563 Deleamus
2865 2527 3097 2566 necesse
3144 2520 3263 2581 est,
3309 2518 3458 2581 quod
3500 2520 3655 2571 nulla

2023 2589 2220 2641 civitas
2266 2586 2497 2649 impune
2539 2584 2719 2634 latura
2768 2588 2838 2634 sit
2881 2586 3167 2650 sanguinis
3207 2589 3383 2637 nostri
3436 2588 3657 2642 eﬂ‘usio—

2020 2674 2171 2720 nem,
2211 2658 2357 2707 sicut
2399 2660 2453 2706 et
2490 2655 2595 2706 sub
2638 2656 2928 2706 Hilarione
2969 2658 3214 2721 praeside,
3243 2672 3372 2708 cum
3417 2659 3485 2709 de
3514 2663 3657 2712 arcis

2020 2731 2434 2795 sepulturarum
2486 2732 2796 2777 nostrarum
2855 2729 3271 2780 acclamassent.
3325 2734 3485 2782 Areas
3541 2747 3655 2783 non

2019 2804 2131 2853 sint
2157 2817 2169 2850 :
2197 2813 2340 2851 areae
2374 2802 2619 2863 ipsorum
2663 2813 2777 2850 non
2816 2800 3073 2850 fuerunt:
3102 2815 3313 2853 messes
3346 2805 3497 2854 enim
3525 2818 3656 2855 suas

2018 2887 2131 2923 non
2157 2876 2404 2937 egerunt.

2084 2943 2185 3006 Qui
2212 2943 2512 3005 perspicuus
2550 2944 2597 2989 et
2629 2940 2822 2991 nudus.
2854 2941 3112 2992 Judicem
3144 2946 3350 3005 pariter
3375 2943 3652 2995 eﬁ‘emina—

2022 3018 2141 3064 tum
2175 3018 2230 3062 et
2256 3010 2523 3061 multiciis
2550 3024 2664 3061 non
2692 3013 2973 3075 vestitum,
3002 3014 3101 3063 sed
3130 3014 3525 3081 pellucentem,
3554 3018 3654 3068 Ju-

283 3067 433 3148 riter_
464 3071 677 3131 notum,
728 3073 977 3148 veterem
1034 3066 1283 3148 sodalem
1332 3065 1632 3148 aliquando
1663 3066 1922 3148 invisere
1943 3120 1994 3148 Π
2021 3084 2233 3135 venalis
2264 3083 2504 3145 exagitat
2530 3082 2646 3131 sat.
2671 3084 2719 3132 Ξ,

283 3138 546 3221 νρὶυίεςξρν
573 3124 706 3221 νθιίεξ
746 3153 859 3221 11.011
896 3144 979 3191 est
1024 3138 1293 3189 BbSimile-
1337 3124 1781 3221 Οεῖξεῗμῖόἢῖίυδ,
1806 3124 1996 3216 DOPC
2033 3124 2646 3207 "FrSFkIZl’daZnEJF
2783 3155 2959 3205 terris.
3009 3156 3190 3221 Hujus
3226 3158 3487 3210 maleﬁcii
3530 3174 3657 3211 reus

285 3208 395 3260 alio
450 3210 611 3260 illum
670 3211 832 3261 titulo
891 3215 1067 3272 ornat,
1125 3223 1291 3273 quam
1354 3206 1561 3271 gentilis
1612 3206 1917 3270 blasphemi.

284 3279 355 3330 Et
378 3280 696 3330 Lactantius
734 3282 856 3331 sine
891 3281 1075 3344 aliqua
1112 3278 1336 3328 honoris
1379 3278 1719 3341 praefatione,
1755 3276 1920 3325 homi-

283 3363 401 3398 nem
452 3351 690 3401 veritatis
749 3354 1000 3414 ignarum
1066 3349 1323 3414 appellat.
1382 3348 1494 3398 Nec
1552 3349 1716 3397 refert
1771 3347 1920 3411 quod

284 3421 673 3472 Demetrianus
721 3422 924 3473 dicitur
971 3422 1066 3471 Dei
1117 3422 1302 3471 charos
1346 3421 1495 3471 domo
1542 3422 1775 3483 privare,
1825 3436 1921 3485 pa-

284 3492 535 3542 trimonio
586 3493 820 3557 spoliare
844 3532 857 3554 ,
918 3493 1118 3544 catenis
1164 3506 1434 3556 premere,
1482 3504 1691 3541 carcere
1741 3493 1920 3542 inclu-

286 3564 428 3626 dere,
488 3563 658 3615 bestiis
705 3565 891 3628 gladio
939 3568 990 3613 et
1043 3564 1250 3628 ignibus
1301 3576 1513 3628 punire.
1578 3563 1715 3613 Haec
1772 3565 1920 3613 enim

284 3635 560 3686 inferioris
602 3636 854 3688 subsellii
912 3636 1255 3701 persecutori
1311 3638 1445 3686 satis
1501 3632 1815 3699 quadrent,
1866 3640 1921 3687 et

284 3703 353 3754 de
392 3705 576 3768 Saulo,
620 3709 762 3768 Act.,
792 3720 886 3757 Vill
924 3710 980 3757 et
1021 3721 1102 3769 1x,
1146 3707 1243 3771 qui
1286 3712 1433 3757 certe
1480 3719 1591 3755 non
1640 3712 1756 3756 erat
1798 3720 1921 3770 pro-

283 3777 486 3827 vincia:
515 3792 741 3841 praeses,
783 3780 1115 3829 referuntur.
1148 3780 1322 3828 Luem
1371 3778 1525 3829 illam
1568 3778 1637 3828 de
1675 3792 1787 3842 qua
1830 3793 1921 3829 su-

283 3861 383 3911 pra
432 3848 488 3896 in
534 3848 627 3898 lib.
671 3849 737 3899 de
783 3849 1117 3901 Mortalitate
1170 3854 1383 3911 actum;
1433 3853 1488 3900 et
1536 3850 1741 3901 famem
1794 3864 1919 3915 quas

282 3919 429 3984 pesti
472 3922 830 3984 supervenire
874 3921 1033 3983 solet,
1075 3921 1344 3985 apologiaa
1397 3920 1529 3970 huic
1572 3920 1920 3970 occasionem

284 3989 539 4053 dedisse,
590 3991 726 4040 satis
784 3996 973 4054 aperte
1020 3991 1309 4055 proﬁtetur
1358 3995 1550 4041 auctor
1596 3996 1796 4041 noster.
1849 3991 1922 4042 Et

284 4061 736 4127 quandoquidem
801 4063 975 4112 fames
1050 4064 1291 4113 cessanti
1354 4062 1743 4126 agriculturae;
1814 4063 1922 4113 hoc

283 4135 368 4182 est
439 4134 580 4197 pesti
637 4133 841 4184 adultas
909 4138 961 4183 et
1028 4134 1296 4196 diutinae,
1364 4134 1664 4184 succedere
1731 4134 1922 4197 digno-

283 4204 489 4264 scitur;
533 4204 737 4255 librum
781 4204 934 4255 hunc
978 4219 1092 4256 non
1145 4210 1270 4255 ante
1315 4204 1627 4256 secundum
1666 4219 1697 4255 a
1742 4206 1922 4256 morbi

281 4275 457 4325 initiis
495 4289 725 4340 annum,
775 4276 884 4328 hoc
924 4281 1007 4329 est
1041 4278 1155 4341 253,
1206 4279 1475 4342 scriptum
1521 4279 1691 4329 fuisse
1732 4290 1922 4329 cense-

283 4360 428 4397 mus.

344 4422 481 4498 Nam
536 4434 649 4498 cum
704 4421 776 4472 ad
824 4434 921 4498 me
970 4435 1139 4498 Aszepe.
1204 4421 1540 4498 Lactantius
1582 4423 1705 4473 Inst.
1756 4421 1793 4472 l.
1846 4436 1920 4498 v,

2021 3226 2179 3276 Prov.
2217 3238 2297 3287 x1,
2324 3224 2403 3285 26,
2434 3224 2644 3275 dicitur
3107 3229 3321 3292 συνέχων
3350 3231 3498 3281 σίτον,
3534 3232 3659 3283 Ele.

2020 3303 2215 3363 ganter
2278 3309 2394 3346 rem
2462 3295 2729 3346 describit
2787 3297 3205 3360 Nazianzenus;
3264 3306 3325 3351 ut
3391 3304 3461 3353 sit
3513 3319 3659 3351 κατα-

2018 3367 2435 3433 πραγματεύεσθσι
2504 3367 2591 3424 τῆς
2669 3366 2864 3429 ἐνδείας,
2937 3369 3020 3417 καὶ
3086 3377 3310 3436 γεωργεῖν
3384 3374 3467 3430 τὰς
3532 3391 3655 3438 συμ-

2020 3439 2181 3503 φοράς.
2206 3438 2676 3489 Dardanariorum
2708 3453 2933 3502 nomen,
2964 3442 3098 3492 licet
3120 3444 3327 3495 infame
3352 3449 3406 3496 et
3440 3446 3657 3510 legibus

2021 3512 2345 3573 coercitum,
2375 3515 2562 3561 tamen
2608 3512 2705 3576 qui
2744 3513 2803 3561 in
2841 3514 3145 3577 provinciis
3172 3520 3446 3579 potestate
3488 3532 3661 3582 prase-

2020 3587 2159 3643 rant,
2191 3582 2399 3633 exinde
2431 3582 2762 3646 compendia
2797 3585 2905 3635 sibi
2948 3584 3132 3637 facere
3174 3589 3407 3640 minime
3435 3589 3653 3640 erubes-

2020 3654 2241 3705 cebant.

2082 3730 2350 3776 Anocente.
2374 3726 2438 3775 In
2464 3725 2611 3776 hanc
2637 3730 2881 3777 mentem
2910 3727 3070 3790 plura
3090 3727 3350 3779 dicuntur
3371 3730 3428 3778 in
3456 3730 3552 3780 lib.
3581 3730 3654 3780 ad

2022 3798 2304 3847 Donatum.
2336 3798 2450 3848 Nec
2472 3810 2680 3846 novum
2703 3801 2787 3847 est
2818 3802 2879 3847 ut
2910 3804 3182 3861 auctores,
3204 3800 3315 3848 illis
3341 3813 3467 3863 quae
3498 3802 3653 3864 prius

2020 3871 2374 3933 scripserant,
2411 3868 2650 3919 subinde
2684 3872 2949 3932 tanquam
2983 3869 3100 3918 suis
3124 3874 3369 3919 utantur.

2087 3940 2287 3988 Timent
2315 3939 2522 3989 conscii.
2555 3940 2831 3988 Accusata
2865 3939 2982 3988 scil.
3012 3944 3067 3988 et
3091 3938 3318 3990 deferre.

2086 4008 2354 4058 Crocodili
2382 4012 2429 4057 et
2466 4007 2828 4072 Cynocephali.
2854 4008 3232 4059 Tertullianus
3262 4010 3319 4059 in
3337 4009 3487 4075 Apol.
3517 4024 3566 4062 c.
3600 4010 3648 4075 6,

2021 4078 2097 4128 ait
2121 4078 2244 4129 haec
2279 4079 2663 4143 Egyptiorum
2698 4084 2969 4144 portenta,
3006 4082 3239 4132 Pisonem
3279 4089 3327 4133 et
3370 4083 3653 4135 Gabinium

2022 4150 2162 4200 Coss.
2206 4150 2462 4213 Capitolio
2500 4150 2846 4213 prohibuisse,
2888 4165 3053 4217 porro
3096 4154 3284 4203 eversis
3327 4155 3484 4204 etiam
3536 4158 3652 4206 aris

2022 4233 2210 4271 eorum
2230 4220 2502 4270 abdicasse
2516 4236 2536 4284 ;
2563 4227 2755 4285 postea
2781 4236 2912 4273 vero
2943 4224 3057 4274 illis
3079 4225 3139 4274 in
3162 4226 3432 4289 integrum
3461 4228 3651 4276 restitu

2022 4294 2109 4349 tis,
2129 4304 2385 4341 summam
2412 4293 2733 4355 majestatem
2759 4293 3023 4344 collatam.

2088 4363 2341 4426 Torqueri
2366 4364 2502 4412 enim
2530 4364 2682 4415 debui
2717 4366 2766 4415 si
2794 4379 3054 4430 negarem.
3096 4367 3219 4418 Hoc
3257 4371 3650 4433 argumentum

2025 4436 2135 4487 late
2165 4437 2363 4484 tractat
2387 4434 2635 4497 Tertull.,
2660 4437 2717 4485 in
2743 4439 2893 4501 Apol.
2919 4451 2968 4488 c.
2998 4438 3046 4499 2,
3075 4441 3128 4487 et
3160 4438 3197 4488 1.
3230 4451 3247 4487 ι
3278 4441 3349 4489 ad
3376 4440 3649 4499 Nationes,

282 4510 354 4575 c._
381 4493 571 4575 _(cui
609 4493 1058 4575 succenturi‘ator-
1087 4492 1302 4575 accedit
1351 4494 1416 4543 D.
1472 4493 1721 4575 Hieron,
1770 4492 1916 4560 epistl

2031 4529 2074 4567 c.
2102 4512 2149 4561 2.
2183 4512 2297 4561 Nec
2319 4521 2433 4558 non
2463 4492 2656 4557 Minut.
2701 4492 2859 4557 Felix
2903 4509 2961 4557 in
2991 4492 3199 4559 Octavio
3234 4511 3331 4574 qui
3364 4510 3503 4560 dicit
3526 4492 3648 4575 per;

281 4568 355 4620 ad
391 4567 570 4630 Mog),
616 4565 765 4629 dicit,
818 4581 849 4614 α
894 4564 1239 4630 Cyprianum
1286 4567 1344 4615 in
1386 4578 1449 4616 ea
1494 4569 1743 4619 oratione
1788 4583 1914 4635 quas

280 4638 721 4700 Demetrianum,
783 4636 929 4687 sicut
992 4638 1113 4701 ipse
1164 4638 1275 4699 ait,
1330 4637 1694 4689 oblatrantem
1747 4644 1914 4707 atque

281 4709 688 4773 obstrepentem
729 4709 946 4759 veritati
992 4708 1326 4772 redarguere
1377 4716 1627 4773 conatur,
1681 4726 1744 4763 ea
1802 4728 1914 4764 ma-

279 4779 416 4830 teria
440 4792 554 4829 non
595 4792 761 4829 usum
793 4792 915 4829 esse
944 4782 1007 4829 ut
1029 4778 1247 4841 debuit;
1286 4792 1404 4829 non
1431 4782 1581 4831 enim
1611 4782 1912 4848 Scripturae

281 4851 614 4901 testimoniis
662 4866 829 4917 quam
869 4852 963 4902 ille
1009 4854 1202 4916 utique
1246 4865 1431 4903 vana..
1511 4853 1713 4917 ﬁctam,
1764 4870 1914 4907 com-

280 4924 704 4988 mentitiamque
748 4923 1004 4987 putabat,
1058 4923 1157 4974 sed
1207 4928 1545 4989 argumentis
1596 4930 1651 4977 et
1700 4931 1912 4981 ratione

279 4996 459 5045 fuerat
496 4996 854 5047 refellendus.
909 4997 1046 5047 Nam
1090 5010 1219 5047 cum
1265 5002 1453 5063 ageret
1500 5002 1690 5049 contra
1736 5001 1913 5051 homi-

278 5081 409 5118 nem
469 5069 715 5118 veritatis
780 5069 1071 5133 ignarum,
1123 5069 1307 5120 dilatis
1367 5071 1648 5135 paulisper
1704 5071 1912 5125 divinis

279 5139 613 5190 lectionibus
678 5139 914 5191 formare
987 5140 1140 5191 hunc
1206 5156 1237 5192 a
1297 5143 1570 5206 principio
1645 5146 1910 5209 tanquam

279 5210 475 5261 rudem
515 5211 727 5274 debuit,
758 5213 923 5278 eique
960 5212 1226 5277 paulatim
1266 5213 1410 5263 lucis
1447 5214 1715 5278 principia
1759 5230 1912 5265 mon-

280 5287 488 5344 strare,
543 5297 615 5333 ne
662 5286 776 5333 toto
833 5283 1044 5333 lumine
1100 5283 1315 5347 objecto
1363 5284 1641 5347 caligaret.
1690 5302 1717 5332 n
1774 5286 1911 5337 Haec

278 5366 409 5403 vero
472 5354 787 5404 criminatio
836 5358 894 5404 et
947 5352 1225 5402 calumnia
1290 5368 1516 5418 prorsus
1572 5363 1907 5420 evanescet,

278 5429 345 5475 ut
393 5426 638 5489 primum
694 5426 999 5474 constiterit
1046 5438 1157 5473 non
1206 5438 1334 5475 cum
1389 5426 1617 5477 homine
1660 5428 1733 5478 ita
1786 5430 1915 5479 rudi

279 5501 326 5546 et
358 5498 606 5546 veritatis
652 5493 830 5557 ignaro
875 5508 992 5544 rem
1033 5494 1205 5544 fuisse
1240 5500 1488 5559 gestam;
1538 5498 1637 5549 sed
1682 5500 1775 5549 illo
1814 5506 1910 5564 qui

276 5580 410 5630 saepe
454 5567 523 5615 ad
565 5564 909 5635 Cyprianum
956 5565 1196 5626 venisset,
1244 5570 1298 5614 et
1338 5568 1407 5616 de
1457 5568 1590 5619 ﬁdei
1636 5573 1910 5635 capitibus

280 5636 482 5713 acriter
525 5634 763 5713 subinde
819 5635 1194 5713 disceptasset.
1226 5635 1421 5713 _Porro
1473 5634 1908 5713 observandum,

280 5707 404 5758 loca
434 5704 490 5757 S.
532 5705 833 5770 Scriptura:
870 5719 997 5770 quin
1042 5719 1073 5756 a
1119 5705 1176 5759 S.
1222 5704 1498 5771 Cypriano
1542 5712 1602 5763 in
1649 5718 1761 5767 toto
1803 5704 1911 5772 hoc

280 5777 489 5845 scripto
529 5774 851 5841 aﬁeruntur,
895 5789 965 5829 ex
1005 5776 1310 5844 prophetiis
1356 5779 1472 5833 fere
1523 5795 1644 5836 esse
1690 5784 1910 5843 desum-

2012 4597 2219 4637 versam
2248 4579 2583 4645 quaestionem
2611 4578 2865 4641 exerceri,
2904 4592 3011 4627 non
3055 4591 3172 4642 quae
3212 4593 3388 4629 verum
3423 4592 3645 4645 erueret,

2010 4656 2101 4710 sed
2126 4668 2237 4719 qua:
2264 4650 2594 4700 mendacium
2619 4654 2834 4712 cogeret.

2076 4734 2260 4787 Ruinis
2288 4744 2481 4793 regum.
2508 4730 2808 4779 Deciorum
2834 4732 3129 4795 nimirum;
3159 4747 3395 4798 quorum
3429 4734 3644 4787 cladem

2013 4810 2071 4859 in
2116 4805 2388 4871 principio
2430 4801 2561 4851 lib!i
2600 4802 2665 4851 de
2703 4803 2906 4866 Lapsis,
2937 4805 3135 4855 ultioni
3167 4806 3371 4858 divinae
3412 4808 3647 4871 imputat

2013 4885 2206 4934 auctor
2235 4882 2439 4929 noster.
2467 4878 2580 4929 Res
2604 4880 2706 4926 .sta
2728 4877 2999 4939 singulari
3029 4877 3217 4928 libello
3263 4880 3534 4929 Lactantii
3564 4892 3649 4928 ar-

2012 4955 2339 5018 gumentum
2375 4950 2524 5001 fecit.
2557 4950 2739 5013 Quam
2786 4952 2949 5001 etiam
2996 4956 3194 5002 tractat
3238 4955 3471 5008 urosius
3512 4956 3641 5007 Hist.

2011 5027 2050 5077 l.
2079 5038 2177 5088 vn,
2206 5038 2253 5075 c.
2287 5025 2365 5074 31.

2082 5096 2385 5148 Valetudine
2423 5097 2779 5147 mussitemus.
2815 5099 3055 5150 Tantum
3097 5102 3253 5153 abest
3288 5108 3361 5153 ut-
3387 5103 3641 5168 blasphe-

2011 5169 2152 5218 mias
2179 5180 2346 5218 voces
2364 5169 2730 5230 proferamus,
2764 5172 2875 5219 imo
2900 5176 2961 5220 ut
2991 5186 3118 5222 cum
3146 5175 3369 5225 fremitu
3393 5190 3641 5227 murmu~

2012 5252 2228 5300 remus;
2261 5238 2412 5302 quod
2440 5251 2512 5288 ne
2543 5239 2631 5289 vel
2650 5239 2844 5290 leviter
2872 5244 3249 5296 mussitemus.

2073 5322 2110 5370 A
2202 5318 2401 5391 pabula
2464 5331 2614 5391 foves.
2691 5319 2863 5369 LXX.
2952 5322 3160 5378 ἐξέλιπον
3236 5324 3332 5374 ἀπὸ
3417 5327 3643 5391 βρώσεως

2009 5391 2242 5456 πρόϐατα.
2297 5388 2408 5441 Sed
2462 5390 2715 5462 Hebraea
2770 5392 2987 5443 veritati
3046 5398 3225 5461 magis
3284 5388 3644 5462 responderet

2011 5464 2179 5528 altera
2203 5462 2384 5521 lectio,
2412 5474 2533 5523 quae
2556 5461 2723 5512 habet
2750 5478 2763 5512 :
2787 5465 3029 5528 Deﬁcient
3057 5468 3314 5517 astabulo
3342 5461 3471 5521 oues.
3503 5472 3639 5521 Nam

2012 5515 2342 5622 prduint:
2371 5515 2467 5590 ζτἸᾶ
2494 5543 2576 5593 sic
2614 5546 2819 5610 optime
2854 5515 3300 5606 redditur.

2012 5605 2213 5685 dentur
2231 5605 2424 5685 θυμω.

2072 5717 2177 5805 Pro
2219 5720 2477 5805 arcendis
2539 5722 2808 5805 hostibus,
2841 5735 2921 5805 ΔιριΔ
2964 5732 3223 5799 imbribus
3274 5735 3644 5805 impetrandis.

2010 5791 2258 5858 Respicit
2310 5796 2667 5849 memorabile
2723 5794 3161 5856 Christianorum
3211 5791 3457 5857 militum
3512 5807 3652 5862 faci-
