4144 6192
547 261 688 318 I295

1847 249 2029 309 EDlT.
2067 247 2268 305 OXON.
2308 243 2525 302 NOTIE.

3740 245 3861 300 {296

541 397 653 436 nus
691 382 802 434 sub
828 381 1056 433 Aurelio
1093 380 1248 445 imp.,
1294 379 1363 430 de
1402 386 1514 444 quo
1555 377 1808 429 Justinus
1849 375 2069 440 Martyr.
2127 374 2182 424 et
2203 385 2264 457 Α
2345 367 2676 457 Dominicum
2715 363 2976 457 celebrare
2997 367 3069 457 1te
3106 361 3336 457 pretiis;
3357 360 3636 457 nespicere
3679 363 3868 457 videatut.”

545 453 776 506 Tertull.
809 454 864 502 in
893 450 1156 515 Apologet.

601 528 680 576 Ne
707 525 980 588 tetigeritis
1028 524 1242 586 Legunt
1261 522 1326 585 μή
1345 521 1582 584 ἐγγὶσητε.
1616 519 1929 584 Cyprianus
1957 515 2177 568 videtur

539 597 739 662 legisse
770 596 834 658 μὴ
859 594 1032 656 θίγητε.

604 659 881 717 Oculorum
912 665 1202 717 crudelium
1241 665 1412 716 brevis
1450 665 1676 726 fructus.
1705 659 1954 712 Evanida
1997 659 2091 708 illa
2120 660 2176 707 et

544 751 693 789 saeva
741 737 1080 787 theatrorum
1120 736 1321 800 gaudia
1358 748 1484 800 quae
1513 737 1953 800 persecutorumg
1978 743 2172 792 pasce-

539 810 682 860 bant
710 809 921 870 oculos,
957 808 1114 858 luent
1129 798 1321 858 miseri
1352 798 1409 856 in
1440 805 1709 870 gehennae
1748 798 1988 853 ﬂammis
2011 804 2172 849 aeter-

536 893 678 930 num
718 879 1043 931 cruciandi:
1087 883 1140 930 et
1166 894 1197 928 a
1221 877 1561 942 pauperibus
1609 877 1666 925 in
1705 876 1891 926 sinum
1931 871 2172 922 Abrahm

538 951 777 1013 receptis
804 963 834 999 θ
861 951 1023 1013 longe
1053 949 1358 1012 spectandi.

599 1021 682 1072 Ad
711 1020 1176 1071 immortalitatem
1208 1019 1300 1069 sub
1348 1031 1461 1082 ipsa
1501 1022 1663 1067 morte
1702 1017 1987 1067 transitur.
2035 1015 2173 1066 Haec

540 1093 731 1144 omnia
759 1092 827 1142 ad
869 1091 1160 1141 ethnicum
1196 1090 1474 1150 dicuntur,
1506 1093 1559 1139 et
1605 1088 1854 1139 nondum
1901 1102 1999 1152 per
2032 1087 2170 1150 bap-

543 1165 771 1214 tismum
797 1167 1074 1214 renatum.
1108 1161 1436 1213 Christianis
1466 1160 1749 1224 improbis,
1782 1165 1838 1211 et
1876 1173 1999 1210 sero
2037 1159 2173 1210 resi-

536 1233 901 1299 piscentibus,
965 1247 1077 1284 non
1135 1238 1248 1284 tam
1313 1233 1491 1283 facilis
1545 1235 1726 1296 potest
1786 1232 2029 1296 promitti
2073 1244 2169 1280 ve-

534 1319 647 1356 ma.

612 1423 686 1473 IN
717 1419 987 1472 LIBRUM
1020 1419 1116 1470 DE
1153 1419 1388 1471 OPERE
1425 1419 1516 1469 ET
1558 1416 2081 1470 ELEEMOSYNIS.

593 1521 669 1572 De
699 1521 858 1584 Opere
899 1523 945 1568 et
993 1517 1357 1580 Elcemosynis.
1404 1517 1565 1569 Nulla
1605 1518 1783 1580 magis
1827 1527 1886 1566 re
1934 1515 2168 1566 emicuit

534 1595 798 1660 primaeva
851 1590 1042 1654 pietas,
1103 1603 1271 1653 quam
1328 1588 1423 1638 illa
1484 1588 1660 1638 effusa
1712 1589 2002 1660 largitione
2056 1601 2166 1660 qua

533 1659 842 1730 pauperum
902 1660 1333 1713 necessitatibus
1397 1660 1842 1711 succurrebatur.
1920 1659 2033 1709 Nec
2107 1659 2166 1708 in

533 1729 734 1786 ofﬁciis
767 1733 899 1784 ullis
925 1733 1073 1796 plebi
1125 1731 1458 1783 Christianae
1488 1729 1949 1782 commendandis
1987 1730 2164 1793 magis

529 1805 824 1858 desudavit
887 1808 980 1856 aut
1039 1803 1414 1868 apostolorum
1469 1807 1564 1853 aut
1613 1802 1720 1853 SS.
1777 1802 2000 1850 Patrum
2053 1799 2174 1848 dili-

2195 1759 2250 1831 Β

2300 446 2493 492 auctor
2540 441 2727 489 noster
2769 437 2957 487 locum
2997 435 3066 484 D.
3106 433 3263 484 Pauli
3309 434 3336 483 I
3373 436 3513 495 Cor.,
3550 448 3662 496 xvr,
3697 435 3743 497 2,
3789 438 3871 489 ubi

2283 511 2563 576 jubentur
2599 507 2802 573 singuli
2848 506 3043 557 ﬁdeles
3093 507 3271 570 prima
3312 504 3523 556 sabbati
3558 507 3666 556 sive
3697 511 3868 571 quavis

2289 584 2379 635 die
2419 581 2731 642 Dominica,
2789 591 3034 643 seponere
3089 576 3233 641 quod
3277 577 3352 626 eis
3400 576 3774 641 beneplacuerit.
3810 581 3870 631 Bt

2277 668 2488 706 morem
2521 653 2628 703 hac
2669 665 2739 702 ex
2782 654 2958 716 parte,
2996 649 3268 701 Ecclesiae
3308 649 3618 699 christianee
3659 650 3865 712 explicat

2272 727 2529 777 Justinus
2575 725 2800 788 Martyr,
2853 721 3009 786 Apol.
3049 735 3088 772 ιι
3140 737 3152 770 :
3199 723 3270 782 Τῇ
3311 718 3396 770 τοῦ
3457 719 3617 769 Ἡλίου
3669 722 3867 786 unus;

2273 797 2432 862 ἡμέρᾳ
2509 796 2698 844 πὰν-των
2775 811 2899 844 κατα
2974 793 3110 842 πόλιν
3174 793 3207 852 ἧ
3288 790 3463 857 ἀργοὺς
3529 791 3739 853 μενόντων
3803 793 3868 841 ἐπι

2272 869 2326 918 τὸ
2400 868 2517 916 αὐτὸ
2607 867 2882 922 συνέλευσις
2953 863 3150 927 γίνεταῖ.
3218 863 3475 928 Cumque
3549 875 3755 926 precum
3821 868 3866 914 et

2281 940 2654 991 Eucharistim
2713 937 2987 990 solemnia
3045 936 3449 1000 descripsisset,
3500 933 3777 998 subjungit,
3829 937 3866 982 ot

2273 1010 2582 1077 εὺποροῦντες
2645 1012 2698 1060 δὲ
2753 1011 2835 1060 καὶ
2906 1009 3210 1073 βουλόμενοι,
3257 1007 3380 1056 κατὰ
3439 1006 3695 1077 προαίρεσιν
3753 1007 3867 1054 ἔκεισο

2270 1100 2349 1139 τος
2400 1076 2504 1141 ίτὴν
2583 1081 2778 1145 ἑαυτοῦ,
2839 1082 2866 1131 8
2940 1080 3160 1146 βοὺλετάι
3220 1080 3406 1140 δῖδωσι,
3485 1077 3564 1125 καὶ
3623 1076 3673 1125 τὸ
3726 1078 3862 1126 συλλε-

2269 1155 2470 1218 γόμενον
2565 1155 2696 1218 παρὰ
2776 1152 2845 1216 τῷ
2915 1152 3184 1218 προεστῶτι
3257 1148 3544 1211 ὑποτίθεται,
3613 1147 3688 1218 uel
3753 1148 3868 1203 αὐτος

2271 1216 2513 1289 ἐπικουρεῖ
2591 1216 2812 1288 ὀρφανοῖς
2873 1239 2921 1271 τε
2959 1216 2965 1218 ⁷
3003 1222 3087 1270 καὶ
3167 1219 3355 1286 χήραις,
3425 1223 3556 1289 etc,
3600 1216 3870 1268 Observan-

2269 1297 2403 1346 dum
2447 1288 2627 1347 Vvenit
2673 1294 2940 1345 Dominici
3011 1306 3150 1344 voce
3220 1292 3320 1342 tria
3386 1288 3678 1355 signiﬁcari
3745 1289 3866 1353 apud

2268 1372 2505 1420 veteres.
2554 1369 2606 1416 l°
2655 1367 2819 1418 Diem
2868 1366 3065 1430 ipsam,
3104 1365 3182 1414 ita
3219 1362 3479 1423 habetur,
3509 1362 3674 1425 Apoc,
3700 1373 3732 1420 ι,
3756 1361 3797 1420 9,
3827 1365 3869 1411 et

2271 1440 2444 1504 lgnat.
2481 1439 2640 1501 epist.
2688 1438 2760 1488 ad
2802 1436 3069 1487 Trallian.
3114 1436 3172 1485 2°
3217 1434 3550 1492 Ecclesiam,
3597 1432 3864 1504 itaconcil.

2271 1502 2542 1572 Neocaes,
2581 1523 2703 1560 can.
2735 1523 2792 1571 v,
2819 1508 2982 1572 jubet
3010 1507 3487 1559 catechumenum
3509 1502 3862 1569 ingredientem

2267 1583 2316 1638 ἃς
2374 1581 2429 1630 τὸ
2481 1581 2738 1645 κυριακὸν,
2792 1582 2849 1630 in
2910 1580 3037 1631 loco
3091 1578 3633 1630 catechumenorum
3682 1574 3866 1625 subsis-

2269 1658 2406 1704 tere.
2478 1653 2550 1702 Et
2603 1653 2832 1703 Hieron.
2890 1651 2946 1701 in
2999 1651 3257 1702 Chronico
3317 1649 3400 1700 sic
3460 1661 3594 1698 voce
3647 1645 3867 1696 Dominiei

2274 1727 2472 1788 utitur,
2515 1727 2570 1775 et
2606 1725 2664 1774 in
2707 1722 3031 1775 vernaculis
3073 1722 3276 1772 nostris
3309 1720 3539 1786 linguis,
3567 1718 3862 1769 Nostratium

2278 1796 2502 1858 Church,
2531 1798 2585 1846 et
2614 1795 3021 1847 Germanorum
3060 1793 3249 1855 Dohm,
3280 1805 3348 1842 ex
3377 1791 3487 1842 hoc
3517 1791 3660 1840 fonte
3687 1788 3862 1852 liquido

531 1880 731 1944 gentia.
781 1877 852 1927 Et
891 1862 1118 1941 quidem
1162 1890 1287 1941 qum
1338 1876 1408 1926 de
1450 1875 1558 1926 hac
1605 1873 1834 1924 materia
1877 1874 1934 1922 in
1981 1871 2172 1944 libello
2274 1867 2646 1944 deducuntur.
2673 1867 2753 1944 βο
2789 1867 3022 1944 Ponitur
3060 1878 3160 1944 pro
3201 1863 3488 1944 mzsteri‘is
3521 1862 3638 1912 loco
3673 1863 3862 1944 et‘tem-

530 1943 634 2000 isto
665 1948 891 2012 egregie
921 1953 1052 1998 sunt
1086 1951 1367 2010 congesta,
1404 1960 1514 1997 non
1543 1947 1664 1997 sine
1708 1945 1941 1994 numine
1983 1943 2172 2006 aliquo

529 2020 791 2072 videntur
833 2018 1053 2081 scripta,
1094 2021 1155 2066 ut
1199 2018 1500 2081 paratiores
1547 2020 1730 2066 essent
1769 2017 2000 2064 fratrum
2041 2012 2172 2062 Car-

2272 1951 2403 2003 pore
2458 1937 2739 2002 praedictis
2809 1936 3084 1988 celebrari
3151 1934 3362 1994 solitis;
3428 1935 3504 1983 ita
3556 1932 3759 1997 κυριακὸν
3801 1947 3860 1980 τι-

2271 2011 2386 2071 λεῖν,
2449 2013 2535 2059 est
2610 2009 2781 2059 sacris
2847 2007 3186 2058 Christianis
3251 2006 3487 2070 operari.
3545 2005 3610 2055 Et
3673 2005 3860 2054 fortasse

2270 2080 2382 2130 huc
2424 2081 2574 2141 facit,
2607 2080 2754 2144 quod
2798 2079 2892 2131 hic
2943 2078 3146 2129 dicitur
3191 2078 3521 2128 Dominicum
3555 2075 3790 2127 celebrare
3825 2080 3862 2125 te

532 2090 945 2153 thaginensium
997 2092 1214 2139 mentes
1262 2088 1331 2138 ad
1373 2101 1534 2150 opem
1587 2085 1868 2137 ferendam
1916 2083 2172 2133 laboran-

535 2162 684 2212 tibus
714 2159 969 2210 Numidis
999 2161 1094 2224 qui
1145 2174 1176 2209 a
1211 2159 1469 2209 Barbaris
1511 2159 1618 2208 hac
1650 2159 1976 2220 tempestate
2015 2156 2171 2204 erant

531 2233 705 2294 capti;
751 2231 909 2292 cujus
949 2231 1028 2278 rei
1073 2233 1281 2280 mentio
1333 2231 1573 2281 occurrit
1619 2231 1774 2293 epist.
1825 2227 1905 2290 62,
1952 2225 2021 2275 ad
2072 2226 2169 2274 Pa-

530 2303 684 2350 melii
731 2314 885 2349 num.
933 2301 1014 2349 60.
1060 2302 1331 2350 Libellum
1387 2302 1538 2350 hunc
1581 2306 1708 2349 ante
1757 2299 1904 2348 illam
1951 2296 2168 2346 cladem

531 2372 799 2432 scriptum
855 2371 1024 2419 fuisse
1080 2372 1213 2420 satis
1259 2371 1390 2420 inde
1446 2370 1767 2429 conﬁcitur,
1826 2367 1974 2431 quod
2025 2367 2168 2415 inter

527 2441 900 2501 hortamenta,
951 2441 1105 2490 nulla
1147 2444 1402 2490 occurrat
1445 2440 1654 2490 mentio
1697 2453 1882 2490 causae
1932 2441 2041 2487 tam
2091 2438 2166 2485 fa-

527 2511 810 2563 vorabilis.
858 2511 1172 2560 Tractatum
1217 2513 1384 2575 igitur
1433 2512 1613 2574 ipsum
1654 2523 1742 2559 an.
1788 2510 1883 2559 Ξῦι
1925 2509 2168 2572 assigna-

526 2597 670 2644 mus,
703 2583 800 2646 qui
843 2583 1164 2646 praedictam
1203 2583 1574 2633 Barbarorum
1605 2581 1983 2630 incursionem
2016 2579 2164 2627 vide-

527 2657 618 2706 tur
644 2655 1007 2719 praecessisse.
1050 2654 1274 2704 Librum
1314 2655 1467 2704 hunc
1515 2651 1706 2701 laudat
1739 2651 1804 2700 D.
1837 2651 2160 2713 Hieronym.

527 2726 688 2788 epist.
758 2724 828 2774 ad
883 2724 1178 2773 Pammach.
1235 2725 1347 2774 Nec
1400 2737 1511 2773 non
1565 2723 1630 2771 D.
1691 2723 1921 2784 August.
1982 2725 2162 2769 contra

524 2795 854 2859 Pelagianos,
895 2797 1078 2846 Contr.
1115 2794 1323 2844 Julian.
1363 2797 1417 2846 et
1457 2793 1587 2843 alibi
1632 2791 1854 2855 passim.
1897 2789 2161 2853 Ejusdem

527 2867 850 2916 meminisse
885 2865 1105 2916 videtur
1140 2865 1370 2915 Pontius
1417 2863 1524 2914 sub
1567 2862 1728 2912 titulo
1765 2861 1890 2911 libri
1920 2861 1984 2912 de
2012 2861 2162 2911 Mise-

525 2937 777 2988 ricordia.

590 3009 760 3060 Adam
813 3013 1142 3071 portaverat.
1194 3008 1616 3072 Apportaverat,
1653 3005 1870 3056 inﬂixit.
1926 3005 1992 3054 D.
2046 3005 2157 3054 Au-

529 3086 679 3145 gust.
720 3079 873 3130 hunc
921 3081 1107 3131 locum
1169 3081 1373 3143 saepius
1426 3079 1645 3141 laudat,
1706 3077 1958 3141 dicitque
2016 3075 2155 3126 duas

528 3152 950 3215 Pelagianorum
1020 3151 1286 3202 falsitates
1362 3151 1454 3201 hic
1527 3149 1811 3212 redargui,
1885 3167 1913 3194 ‹‹
1988 3161 2159 3197 unam

528 3237 638 3288 qua
683 3223 879 3272 dicunt
920 3223 1061 3272 nihil
1109 3223 1366 3272 vitiorum
1403 3235 1472 3272 ex
1511 3221 1687 3271 Adam
1732 3219 1950 3270 trahere
1991 3232 2166 3284 genus

526 3296 868 3357 humanum,
915 3294 1065 3358 quod
1110 3295 1182 3344 sit
1227 3293 1541 3343 sanandum
1592 3292 2020 3354 curandumque
2068 3304 2166 3354 per

528 3366 847 3424 Christum;
884 3365 1113 3414 alteram
1158 3377 1268 3428 qua
1313 3363 1526 3426 dicunt,
1558 3363 1777 3413 nullum
1807 3367 1934 3426 post
1961 3361 2168 3425 baptis-

523 3444 680 3487 mum
736 3438 957 3486 sanctos
1001 3433 1208 3484 habere
1261 3440 1641 3497 peccatum.»
1695 3431 1858 3483 Cont.
1905 3432 1936 3481 2
1988 3432 2160 3495 Epist.

526 3507 713 3570 Pelag.
750 3507 820 3556 ad
855 3505 1033 3554 Bonif.
1066 3505 1102 3553 1.
1131 3518 1207 3567 ιν,
1235 3518 1283 3556 c.
1310 3506 1357 3554 8.

588 3579 700 3628 Non
735 3577 914 3640 utique
950 3574 1048 3624 illa
1087 3575 1276 3625 delicta
1317 3588 1434 3639 quae
1465 3574 1686 3638 fuerant
1721 3579 1843 3624 ante
1871 3579 2160 3624 contracta.

529 3647 894 3701 Observanda
925 3647 1080 3697 venit
1109 3661 1329 3696 summa
1361 3649 1696 3710 scriptorum
1727 3649 1974 3696 veterum
2003 3647 2160 3696 solli-

532 3719 742 3781 citudo,
781 3731 852 3768 ne
883 3717 1017 3782 quid
1048 3718 1117 3768 ab
1147 3719 1282 3782 ipsis
1321 3719 1534 3770 dictum
1574 3718 1755 3768 elevet
1797 3718 2161 3768 certissimam

2271 2151 2490 2203 credis?
2541 2153 2704 2202 Certe
2759 2151 2896 2202 adeo
2953 2154 3140 2202 arctus
3196 2153 3315 2200 erat
3371 2162 3550 2199 nexus
3599 2149 3728 2198 inter
3769 2145 3859 2195 Eu-

2270 2224 2547 2274 charistiaa
2592 2224 3027 2288 perceptionem,
3067 2225 3122 2273 et
3163 2223 3282 2286 ejus
3328 2221 3636 2272 oblationes
3678 2218 3860 2283 partici-

2269 2295 2470 2358 pandi;
2503 2298 2567 2344 ut
2609 2295 2726 2358 pari
2774 2308 2992 2358 semper
3039 2306 3209 2358 passu
3255 2292 3638 2357 procederent,
3671 2295 3718 2341 et
3757 2289 3857 2340 abs-

2270 2367 2409 2416 tenti
2445 2364 2784 2428 viderentur,
2839 2365 3050 2429 quibus
3103 2363 3213 2414 hoc
3259 2363 3612 2427 privilegium
3655 2360 3859 2414 κοινωνίας

2268 2438 2384 2498 μετὰ
2453 2441 2724 2501 προσφορᾶς
2789 2438 3051 2502 negatum
3125 2451 3136 2484 :
3206 2449 3318 2500 qua
3395 2434 3464 2485 de
3536 2447 3592 2485 re
3650 2433 3858 2483 videatur

2267 2508 2466 2558 concil.
2507 2509 2738 2572 Ancyr.,
2779 2522 2900 2559 can.
2948 2521 3001 2566 v,
3055 2519 3162 2558 nec
3206 2520 3318 2556 non
3363 2520 3492 2571 quas
3541 2506 3779 2556 dicuntur
3813 2505 3857 2552 in

2265 2579 2439 2642 Epist.
2475 2579 2523 2628 2.
2556 2578 2617 2628 In
2661 2579 2810 2630 hanc
2853 2583 3100 2630 mentem
3144 2577 3370 2629 locutus
3413 2577 3627 2628 videtur
3662 2575 3722 2626 D.
3759 2577 3855 2625 Au-

2265 2654 2404 2713 gust.
2451 2664 2619 2700 serm.
2665 2650 2778 2712 213,
2824 2650 2886 2700 de
2935 2649 3106 2714 Temp.
3163 2664 3174 2697 :
3217 2666 3247 2698 ιι
3294 2647 3620 2701 Oblationes
3660 2660 3770 2713 quae
3813 2647 3856 2696 in

2265 2722 2460 2772 altario
2535 2726 2934 2774 consecrantur
3029 2720 3252 2780 offerte;
3333 2719 3658 2771 erubescere
3725 2715 3858 2768 debet

2263 2794 2430 2843 homo
2462 2793 2719 2854 idoneus,
2749 2794 2795 2844 si
2827 2793 2896 2844 de
2929 2792 3110 2843 aliena
3141 2791 3428 2842 oblatione
3453 2790 3810 2842 communicat.
3833 2807 3855 2834 ι

2263 2864 2678 2916 Subcinericium
2713 2879 2918 2929 panem.
2968 2863 3122 2915 LXX
3164 2861 3377 2914 habent
3422 2861 3665 2928 ἕτιρυφὶαν
3704 2861 3855 2925 μικρὸν.

2262 2935 2546 3000 Hesychia
2589 2937 2910 3001 interprete,
2946 2934 3190 3000 ἐγκυφὴς,
3232 2935 3381 3000 ἄρτου
3427 2933 3548 2990 εἶδος
3589 2934 3615 2982 ὁ
3648 2933 3692 2982 ἐν
3723 2931 3854 2981 σποδῦ

2259 3006 2525 3068 γενόμενος,
2552 3007 2620 3054 τῶ
2647 3008 2711 3070 μὴ
2738 3007 2857 3056 εἶναι
2881 3006 3118 3056 ιλιϐανον.

2323 3077 2526 3128 Fidelia
2562 3077 2750 3141 farris.
2789 3080 2899 3129 Vas
2933 3079 3122 3129 ﬁctile.
3163 3077 3312 3129 LXX
3352 3094 3365 3128 :
3413 3077 3552 3143 ὑδρία
3583 3075 3661 3126 τοῦ
3690 3075 3854 3140 ἀλεύρου

2260 3148 2350 3196 οὒκ
2367 3147 2543 3202 ἐξέλιπε
2565 3149 2645 3197 καί
2669 3151 2694 3197 ὁ
2719 3149 2938 3214 καψάκης
2955 3148 3040 3198 τοῦ
3072 3150 3257 3200 ἐλαίου.

2341 3220 2495 3269 Verus
2539 3225 2586 3270 et
2620 3223 3177 3285 justus.Lectionem
3211 3220 3367 3271 illam
3413 3219 3657 3284 sequitur
3699 3219 3854 3270 auctor

2265 3293 2454 3342 noster
2544 3306 2672 3356 quas
2761 3293 2960 3355 habet,
3043 3293 3290 3357 ἄνθρωπος
3405 3291 3584 3348 ἐυεῖνος
3664 3288 3854 3348 anum,

2265 3362 2475 3426 δίκαιος,
2561 3366 2725 3428 cujus
2809 3365 2932 3416 loco
3014 3365 3126 3416 alia
3206 3365 3548 3430 exemplaria
3626 3363 3854 3426 reponunt

2264 3435 2541 3497 ἄμεμπτος,
2604 3436 2711 3486 alia
2779 3437 3003 3500 ἁμωμος.
3067 3436 3207 3499 Quae
3278 3435 3375 3488 hic
3444 3433 3738 3486 redundant
3798 3432 3852 3482 de

2265 3507 2547 3558 offerendo
2595 3507 2838 3557 vitulum
2904 3523 3002 3572 pro
3068 3509 3335 3571 peccatis,
3394 3507 3452 3558 in
3518 3505 3714 3558 Graecis
3753 3517 3853 3566 pas-

2264 3579 2364 3628 sim
2433 3578 2847 3642 exemplaribus
2919 3583 3259 3640 occurrunt;
3329 3582 3388 3629 et
3463 3590 3644 3630 revera
3705 3572 3850 3627 θυσίαις

2263 3649 2560 3712 superaddi
2629 3649 2826 3711 solent,
2886 3650 2946 3697 τὰ
3012 3649 3119 3714 πιρὶ
3192 3645 3482 3714 ἁμαρτίασό.
3554 3648 3668 3698 Vid.
3733 3644 3857 3696 Psal.

2261 3733 2476 3781 xxxrx,
2513 3720 2584 3769 to.

531 3792 720 3852 ﬁdem,
756 3791 906 3854 quod
936 3795 1165 3854 peccata
1209 3792 1394 3840 omnia
1437 3793 1704 3840 anteactae
1739 3789 1867 3839 vitm
1901 3789 2160 3852 baptismi

525 3863 748 3913 lavacro
782 3866 1110 3925 purgantur;
1147 3875 1259 3925 qua
1300 3875 1398 3924 Spe
1437 3865 1490 3910 et
1527 3861 1959 3924 exspectatione,
1997 3865 2159 3924 quot-

527 3938 665 3998 quot
702 3933 1024 3984 christianas
1073 3931 1204 3982 ﬁdei
1251 3933 1480 3983 nomina
1515 3931 1738 3995 dedere,
1780 3933 2052 3996 imprimis
2090 3931 2158 3982 ad

525 4004 867 4068 baptismum
899 4003 1083 4054 allecti
1111 4005 1392 4056 videntur.

588 4075 745 4139 Jugis
786 4077 1041 4138 operatio.
1091 4076 1213 4126 Hac
1252 4089 1386 4127 voce
1429 4076 1637 4140 passim
1678 4074 1930 4139 designat
1966 4077 2160 4123 auctor

529 4159 696 4196 omne
737 4147 896 4208 illud,
939 4159 1051 4210 quo
1094 4146 1242 4209 apud
1275 4159 1378 4197 nos
1412 4145 1685 4196 bonorum
1733 4159 1964 4210 operum
1996 4147 2159 4193 nota-

529 4219 681 4268 tione
703 4217 1030 4280 intelligitur
1059 4232 1070 4265 :
1098 4216 1246 4267 unde
1277 4218 1358 4268 sic
1383 4218 1440 4267 in
1466 4217 1594 4266 libri
1623 4217 1794 4280 hujus
1823 4215 1980 4266 titulo
2005 4215 2160 4266 adhi-

529 4289 712 4350 betur,
757 4292 820 4338 ut
860 4289 1010 4340 idem
1045 4289 1116 4338 sit
1149 4301 1280 4338 cum
1316 4289 1668 4352 eleemosyna
1706 4303 1717 4337 :
1760 4292 1815 4338 et
1847 4291 2014 4351 caput
2051 4287 2160 4351 pri-

527 4373 683 4410 mum
719 4360 862 4410 tertii
894 4359 1019 4410 libri
1053 4359 1122 4410 ad
1155 4359 1372 4421 Quirin.
1411 4360 1749 4420 inscribitur,
1778 4361 1850 4408 De
1873 4360 2013 4409 Bono
2041 4371 2158 4422 ope-

524 4432 601 4480 ris
629 4434 680 4480 et
712 4430 1103 4481 misericordiae.
1132 4431 1239 4482 Ubi
1281 4431 1408 4481 vide
1432 4445 1558 4495 qum
1584 4431 1750 4482 dicta.

2324 3790 2606 3841 Prremium
2646 3793 2785 3842 enim
2839 3791 3050 3843 bonum.
3093 3791 3187 3842 Sic
3235 3792 3408 3842 etiam
3455 3789 3587 3855 legit
3625 3787 3850 3854 Vulgalus

2260 3863 2548 3926 interpres.
2592 3862 2786 3914 Graeca
2819 3863 3043 3925 habent,
3077 3863 3197 3926 θέμα
3232 3861 3433 3925 ἀγαθὸν,
3468 3861 3612 3912 unde
3652 3859 3850 3923 θεματιιιοὶ

2270 3933 2466 3995 ἀγῶνες,
2518 3934 2576 3983 in
2632 3935 2841 3998 quibus
2900 3935 3154 3998 deposito
3205 3933 3398 3998 aliquo
3449 3933 3670 3998 praamio
3710 3935 3852 3983 certa-

2265 4010 2354 4055 tur
2429 4019 2440 4053 :
2513 4005 2610 4070 qui
2686 4009 2743 4056 et
2820 4005 3111 4070 ἀργυρίταις
3185 4006 3426 4070 oppositi
3498 4002 3764 4068 στιφανίταις
3810 4003 3854 4052 et

2263 4074 2519 4139 φυλλίταις.

2325 4145 2489 4208 Quale
2561 4161 2770 4198 munus.
2859 4147 3133 4212 Impensa:
3219 4149 3660 4200 munerariorum
3731 4140 3850 4208 apud

2258 4219 2545 4278 Ethnicos,
2580 4220 2637 4268 in
2683 4219 2981 4269 hominum
3040 4219 3264 4270 laniena
3315 4223 3370 4270 et
3421 4219 3658 4284 pernicie
3697 4228 3848 4266 versa-

2257 4291 2492 4351 bantur;
2534 4289 2835 4341 Christiani
2882 4291 2939 4340 in
2994 4290 3193 4358 iisdem
3240 4290 3605 4342 sublevandis
3633 4291 3846 4352 sumptus

2257 4363 2526 4412 fecerunt.
2559 4361 2958 4424 Spectaculum
2988 4361 3129 4412 illud
3161 4362 3280 4412 Deo
3316 4366 3430 4426 opt.
3465 4376 3606 4413 max.
3648 4361 3844 4410 alterum

2277 4433 2498 4483 diabolo
2531 4431 2780 4497 dignum.
2832 4434 3000 4483 Porro
3037 4446 3151 4483 non
3192 4433 3375 4483 solum
3413 4435 3470 4483 in
3504 4430 3857 4497 largitionibus,

2274 4505 2377 4555 'sed
2424 4503 2598 4554 multo
2655 4505 2834 4568 magis
2885 4505 2942 4554 in
2985 4504 3470 4568 perpessionibus,
3528 4503 3856 4568 spectaculum

2280 4576 2418 4636 Deo,
2459 4575 2691 4640 angelis,
2740 4580 2798 4626 et
2851 4575 3174 4626 hominibus
3226 4576 3357 4626 facti
3411 4581 3546 4627 sunt
3586 4572 3856 4631 Christiani,

2280 4647 2551 4698 referente
2602 4645 2887 4711 Apostolo,
2943 4646 2967 4696 Ι
3012 4645 3159 4705 Cor.,
3217 4659 3298 4707 IX,
3347 4647 3380 4698 9
3431 4660 3444 4696 :
3504 4647 3684 4697 Munus
3717 4655 3856 4692 coram

2277 4731 2476 4768 summo
2499 4719 2628 4781 Deo,
2653 4717 2874 4769 videtur
2897 4718 3102 4783 opponi
3125 4717 3237 4768 illis
3261 4729 3388 4782 qum
3420 4717 3580 4780 ﬁunt,
3603 4728 3764 4768 coram
3785 4713 3857 4763 lto-

586 4504 651 4551 In
711 4501 898 4552 tabula
940 4503 1052 4566 jam
1113 4503 1289 4553 lotum.
1343 4503 1423 4552 ’Ev
1481 4503 1551 4551 τῶ
1614 4503 1838 4568 ὑπερώῳ.
1891 4502 2037 4563 Act.,
2099 4514 2160 4552 IX
2194 4497 2255 4572 D

527 4574 852 4635 cmuaculo,
887 4573 946 4622 in
992 4574 1278 4637 superiore
1319 4576 1587 4625 nimirum
1636 4574 1895 4624 tabulato.
1940 4574 2174 4624 Librarii

520 4658 622 4709 pro
664 4649 830 4709 captu
880 4658 1001 4708 suo,
1043 4658 1253 4696 mensae
1299 4647 1543 4697 maxime
1595 4658 1889 4707 memores,
1934 4643 2165 4694 tabulam

515 4719 658 4782 jam,
691 4721 1080 4781 reposuerunt.
1111 4718 1228 4767 Mos
1253 4717 1475 4768 lavandi
1503 4721 1754 4768 mortuos
1783 4716 1931 4781 apud
1974 4719 2168 4780 gentes

525 4789 786 4850 obtinuit,
817 4788 966 4839 unde
995 4789 1214 4839 Ennius
1241 4789 1455 4840 dixerat
1492 4803 1505 4838 :
2278 4790 2525 4841 minibus.

657 4860 949 4925 Tarquinii
973 4873 1178 4924 corpus
1210 4860 1358 4912 bona
1392 4861 1603 4911 femina
1635 4859 1771 4911 lavit
1799 4862 1857 4909 et
1878 4858 2058 4910 unxit.
2341 4862 2615 4926 Quadriga
2651 4859 2734 4911 vel
2785 4859 3103 4912 consulatus.
3157 4860 3431 4925 Majorum
3484 4859 3856 4924 magistratuum

589 4931 1002 4981 Exhibitionem.
1034 4931 1158 4981 Vid.
1193 4945 1319 4996 qum
1345 4931 1495 4984 dicta
1518 4931 1554 4982 1.
1587 4946 1662 4982 m.
1701 4931 1769 4981 ad
1797 4933 1968 4994 Quin,
2029 4944 2076 4980 c.
2119 4931 2178 4980 61
2273 4931 2514 4983 honores
2537 4935 2590 4982 et
2619 4932 2875 4996 insignia.
2907 4930 3146 4995 Curules,
3168 4933 3354 4998 inquit
3381 4932 3600 4994 Festus,
3625 4931 3735 4996 equi
3758 4940 3858 4994 qua-

588 5003 710 5053 Alta
751 5006 803 5052 et
848 5002 1138 5066 profunda.
1194 5004 1392 5068 Papias
1444 5005 1522 5055 ait
1565 5017 1579 5051 :
1628 5021 1656 5050 «
1701 5002 1956 5072 Altitudo
2000 5015 2161 5052 com-
2273 5004 2522 5068 drigales.

524 5087 697 5124 mune
727 5078 810 5125 est
836 5064 1042 5125 nomen
1081 5064 1304 5127 excelso
1349 5079 1406 5127 et
1445 5067 2173 5140 profundo.»1ntelligun-
2333 5064 2406 5125 Ᾰο
2460 5075 2566 5125 nisi
2625 5073 2785 5126 editio
2855 5073 3069 5127 honesta
3128 5075 3450 5126 successerit.
3512 5073 3604 5126 Sic
3668 5070 3749 5122 lib.
3806 5064 3858 5115 ad

525 5149 616 5194 tur
649 5145 895 5196 tenebras
941 5159 1070 5212 qua
1108 5151 1285 5198 totum
1331 5148 1600 5210 medium,
1647 5147 1856 5199 calum
1901 5149 1957 5196 et
1998 5149 2172 5196 terras
2275 5147 2558 5209 Donatum,
2596 5162 2627 5194 α
2673 5145 2856 5197 Stulta
2910 5156 3138 5211 prorsus
3189 5150 3244 5198 et
3293 5159 3438 5197 vana
3478 5147 3704 5210 jactura,
3738 5143 3855 5192 frus-

523 5215 853 5280 pervadunt.
2273 5219 2468 5269 trantis
2525 5218 2827 5282 spectaculi
2894 5218 3179 5281 voluptate
3251 5216 3308 5268 id
3371 5231 3565 5282 parare
3618 5214 3854 5270 voluisse.

585 5290 704 5341 Non
732 5289 885 5341 stibio
923 5289 1146 5342 diaboli.
1188 5292 1544 5356 Pigmentum
1584 5289 1695 5342 hoc
1737 5291 1793 5340 in
1838 5302 1948 5339 usu
1995 5288 2168 5339 fuisse
2271 5289 2421 5354 quod
2463 5302 2569 5340 nec
2604 5289 2843 5354 populus
2881 5289 3159 5354 acciperet
3207 5293 3264 5340 et
3317 5288 3571 5354 perderet
3609 5287 3852 5352 magistra-

524 5360 675 5426 apud
719 5361 965 5423 Judmos,
1009 5366 1226 5414 constat
1266 5376 1335 5414 ex
1381 5363 1430 5413 Il
1477 5362 1632 5425 Reg.,
1685 5375 1764 5422 rx,
1813 5361 1892 5411 30.
1935 5360 2045 5412 Jer.
2084 5373 2164 5423 1v,
2269 5364 2375 5412 tus.
2408 5378 2438 5410 »

520 5431 604 5492 30,
660 5430 864 5479 Ezech.
919 5444 1084 5493 xxm,
1141 5434 1220 5483 40.
1283 5433 1466 5484 Grmci
1517 5432 1906 5496 πλατνοφθαλμον
1961 5435 2017 5481 et
2071 5430 2160 5492 ὁμ-

2327 5433 2742 5484 Ambustionem.
2829 5431 3025 5484 Graeca
3107 5431 3320 5483 habent
3412 5432 3608 5482 κόλασιν
3678 5428 3847 5478 αἰώνιον-

522 5499 822 5565 μλατογράφον
857 5509 1147 5554 voizarunt.
1194 5505 1363 5556 Porro
1415 5518 1520 5556 nec
1573 5504 1842 5556 Romanis
1899 5503 2154 5568 ignotum

2270 5506 2478 5568 Noster,
2526 5510 2791 5556 constans
2847 5506 2906 5556 in
2962 5505 3069 5556 hac
3121 5505 3390 5568 lectione,
3435 5504 3643 5570 πύρωσιν
3689 5499 3850 5565 legisse

519 5574 585 5622 In
623 5570 1014 5637 calliblepharis
1052 5577 1336 5627 mulierum
1373 5577 1602 5627 dilatare
1647 5574 1840 5636 oculos,
1871 5573 2010 5624 dicit
2045 5573 2157 5622 Pli-
2266 5577 2503 5628 videtur.

471 5662 474 5664 ‘
518 5645 646 5696 nius
683 5646 720 5695 l.
770 5627 981 5707 xxxru,
1038 5659 1086 5697 c.
1130 5648 1179 5698 6.
1216 5648 1473 5710 Diabolo,
1520 5627 1888 5712 interpolatori
1929 5649 2150 5708 natura,
2327 5627 2459 5709 Quid
2491 5648 2588 5699 sub
2617 5645 2883 5712 Apostolis
2925 5646 3106 5712 fecerit
3153 5645 3484 5698 credentium
3524 5642 3751 5712 populus.
3781 5627 3847 5688 Ad

517 5718 850 5770 cosmeticas
901 5721 1048 5788 artes
1091 5717 1226 5771 olim
1276 5719 1590 5787 imputabat
1640 5711 1898 5780 Tertull.,
1943 5715 2040 5769 lib.
2088 5719 2153 5773 de
2261 5718 2355 5770 illa
2378 5721 2582 5786 pariter
2598 5711 2848 5788 tempora
2868 5711 3132 5788 provocat
3150 5721 3343 5773 auctor
3361 5721 3566 5779 noster,
3588 5713 3688 5768 sub
3708 5711 3842 5766 ﬁncm

511 5787 680 5842 Cultu
701 5788 850 5858 (om.
879 5792 938 5844 et
959 5787 1112 5844 alibi.
2258 5791 2355 5848 lib.
2381 5792 2445 5847 de
2470 5791 2618 5846 Orat.
