4144 6192
285 230 423 297 1297

1644 231 1821 291 EDll‘.
1859 229 2064 291 OXON.
2103 230 2321 290 NOTAE.

3518 226 3653 297 i298

350 364 466 448 Dies
489 358 691 448 nos}?!
717 358 1045 448 reddam-nis.
1083 358 1473 448 Tertullianus,
1501 359 1916 448 de‘Re‘surrect.
1944 373 2001 448 Α
2083 358 2715 448 πνειινθγηραννίςῑᾲιζθῃ.
2737 358 3191 448 ‘Lege‘Pompeia
3226 360 3296 448 de
3341 363 3652 448 parricidiis

277 438 478 497 carnis,
509 449 560 486 c.
588 435 667 494 32,
698 432 1103 483 redhibitionem
1145 434 1319 495 ponit.
1352 433 1540 484 Altera
1583 433 1749 484 lectio
1785 448 1914 497 quae

279 509 590 559 reditionem
617 504 802 566 habet,
838 503 1078 566 Rigaltio
1107 517 1219 554 non
1254 504 1509 568 displicet
1541 521 1554 554 :
1587 508 1649 554 ut
1669 522 1697 549 «
1718 504 1915 556 reditio

281 594 409 644 quae
436 582 744 642 spontanea
771 576 1011 637 videtur,
1041 576 1413 639 persecutioni
1444 579 1769 641 opponatur,
1789 591 1914 641 quae

278 655 361 701 est
388 651 648 700 violenta.
684 648 786 697 Vel
827 647 1032 710 potius,
1077 651 1141 695 ut
1181 660 1279 710 per
1333 647 1665 699 reditionem
1710 648 1917 699 intelii.

278 727 438 787 gatur
472 723 529 771 in
564 719 887 787 paradisum
918 718 1125 781 aditus,
1154 719 1308 770 unde
1348 720 1620 783 expulsus
1650 724 1917 784 peccator

282 794 558 854 Adamus,
616 796 667 842 et
743 791 1038 854 progenies
1117 790 1317 839 Adami
1395 791 1599 842 infecta
1666 796 1911 855 peccato.

281 866 405 916 Hoc
451 867 743 928 peccatum
778 862 1022 912 abolevit
1072 860 1347 923 Christus,
1391 865 1557 926 atque
1607 863 1735 912 inde
1782 863 1914 913 boni

281 936 587 989 Christiani
613 934 849 985 redeunt
878 934 934 982 in
969 932 1306 997 paradisum,
1340 947 1452 997 quo
1483 934 1690 985 Cainus
1726 934 1916 984 fratri-

281 1007 429 1059 cidio
459 1020 571 1056 non
607 1004 791 1064 rediit,
829 1005 1012 1069 inquit
1039 1003 1372 1069 Cyprianus,
1402 1004 1464 1054 de
1493 1005 1612 1056 Zelo
1637 1011 1682 1057 et
1708 1008 1915 1073 Livore,

282 1078 389 1129 sub
419 1078 617 1129 ﬁnem.
648 1094 677 1123 »

497 1209 570 1259 IN
603 1206 873 1259 LIBRUM
905 1207 1002 1257 DE
1038 1206 1231 1259 BONO
1268 1207 1694 1259 PATIENTUE.

348 1311 421 1359 De
482 1308 620 1357 Bono
674 1306 964 1356 Patientia.
1024 1305 1146 1369 Ipse
1200 1304 1517 1370 Cyprianus
1574 1308 1635 1358 in
1703 1310 1912 1362 celebri

285 1383 408 1444 ejus
438 1378 670 1442 epistola
714 1377 787 1427 ad
823 1377 1167 1437 Jubaianum,
1200 1378 1426 1427 titulum
1478 1377 1631 1429 hunc
1682 1384 1913 1444 tuetur;

283 1452 383 1502 ubi
431 1452 506 1499 ait
556 1465 567 1498 :
622 1465 652 1497 ‹‹
700 1448 926 1511 Propter
977 1447 1101 1503 hoc,
1143 1449 1311 1497 etiam
1363 1448 1616 1499 libellum
1660 1452 1721 1501 de
1770 1456 1913 1505 Bono

280 1522 561 1573 Patientia.-
596 1523 865 1583 quantum
922 1520 1094 1569 valuit
1142 1523 1328 1569 nostra
1368 1521 1739 1585 mediocritas,
1794 1539 1914 1587 per-

281 1597 531 1643 mittente
586 1592 825 1643 Domino
884 1594 937 1641 et
985 1592 1319 1654 inspirante,
1376 1594 1825 1657 conscripsimus.
1884 1612 1913 1645 »

281 1664 440 1715 Unde
468 1664 637 1713 etiam
676 1663 840 1712 facile
872 1662 1103 1711 discitur
1134 1675 1244 1725 quo
1291 1666 1539 1725 tempore
1582 1668 1635 1714 et
1684 1678 1753 1715 ex
1800 1681 1911 1731 qua

281 1735 575 1785 occasione
634 1733 895 1784 eumdem
957 1732 1193 1783 ediderit
1252 1736 1568 1783 tractatum.
1625 1736 1908 1787 Nimirum

280 1812 407 1871 post
444 1810 649 1855 motam
695 1805 763 1855 de
810 1805 1197 1853 haereticorum
1250 1804 1537 1867 Baptismo
1581 1806 1760 1869 litem,
1789 1810 1910 1859 scil.

285 1879 432 1928 circa
489 1890 697 1927 annum
749 1876 861 1932 255,
914 1876 1198 1939 scripsisse
1258 1881 1517 1939 apparet;
1577 1883 1640 1927 ut
1692 1893 1913 1930 exacer-

278 1949 421 2000 batis
449 1949 583 1999 hinc
608 1947 738 1999 inde
772 1948 1009 2012 partium
1054 1946 1253 1995 animis
1299 1948 1607 1998 remedium
1646 1950 1865 2001 afferret
1896 1968 1907 2001 :

280 2023 371 2074 cui
399 2023 495 2083 rei,
534 2036 645 2086 quo
698 2022 906 2071 rectius
951 2020 1349 2069 consuleretur.
1394 2033 1491 2084 per
1523 2026 1698 2071 totum
1730 2025 1911 2087 operis

280 2094 697 2149 decursum,ne
740 2091 830 2142 vel
874 2091 1131 2141 voculam
1163 2104 1334 2140 unam
1393 2092 1691 2155 interponit
1739 2095 1911 2158 (quod

279 2165 580 2229 singularis
629 2164 943 2226 prudentia:
984 2176 1094 2226 qua
1144 2162 1200 2211 in
1256 2162 1423 2211 rebus
1474 2163 1729 2228 gerendis
1774 2178 1909 2213 usus

278 2238 380 2297 est,
435 2235 645 2284 indicio
690 2248 808 2285 esse
862 2235 1070 2297 possit),
1121 2245 1248 2296 quae
1304 2234 1541 2284 infelicis
1592 2239 1909 2285 controver-

279 2309 376 2356 size
425 2307 745 2356 memoriam
800 2306 1099 2356 refricaret.
1152 2306 1314 2354 Porro
1357 2306 1530 2355 libelli
1578 2307 1745 2371 hujus
1797 2322 1910 2357 non

276 2378 442 2429 modo
479 2378 730 2427 meminit
769 2378 1018 2438 Pontius;
1046 2376 1141 2427 sed
1176 2378 1341 2426 etiam
1392 2377 1617 2427 Hieron.
1648 2378 1769 2427 adv.
1813 2382 1909 2429 Lu-

275 2451 457 2510 cifer.,
490 2450 727 2512 August.
758 2448 792 2497 l.
822 2461 900 2509 ιη,
937 2453 1099 2497 contr.
1132 2450 1327 2507 Cresc.,
1360 2462 1405 2497 c.
1448 2450 1491 2497 1.
1528 2448 1716 2498 Etiam
1742 2450 1777 2498 1.
1808 2464 1906 2511 νη,

276 2522 339 2571 de
364 2522 648 2585 Baptismo,
684 2523 877 2570 contra
906 2521 1126 2580 Donat.,
1162 2532 1209 2568 c.
1242 2520 1322 2580 54,
1370 2532 1476 2569 nec
1509 2533 1620 2569 non
1650 2520 1685 2569 1.
1732 2533 1807 2580 Iv,
1836 2520 1907 2570 ad

282 2592 476 2653 Bonif.,
504 2606 553 2642 c.
581 2592 630 2641 8.
660 2596 709 2641 et
738 2591 871 2641 alibi
898 2592 1123 2654 passim.

338 2664 487 2711 Hanc
541 2675 595 2711 se
660 2664 853 2711 sectari
913 2660 1217 2725 philosophi
1299 2673 1505 2725 quoque
1564 2660 1903 2725 proﬁtentur.

277 2734 656 2784 Tertullianus
700 2734 906 2796 pariter
931 2734 1023 2793 ait,
1055 2732 1155 2782 lib.
1184 2731 1251 2781 de
1296 2732 1566 2782 Patientia
1596 2748 1606 2780 :
1639 2751 1666 2777 «
1714 2734 1905 2784 Philo-

273 2804 434 2868 sophi
463 2803 707 2867 quidem,
740 2805 835 2866 qui
884 2803 1129 2866 alicujus
1173 2803 1461 2866 sapientiai
1505 2804 1765 2854 animalia
1809 2805 1906 2854 de-

274 2880 558 2941 putantur,
604 2878 819 2924 tantum
866 2875 945 2923 illi
996 2874 1345 2939 subsignant,
1396 2878 1459 2923 ut
1502 2888 1629 2924 cum
1666 2877 1808 2927 inter
1847 2890 1905 2927 se

274 2948 438 2996 variis
490 2949 772 2997 sectarunt
814 2945 1163 3006 libidinibus,
1194 2950 1247 2995 et
1302 2947 1703 2995 sententiarum
1740 2962 1906 2998 aamu-

274 3018 578 3068 lationibus
626 3016 974 3076 discordent;
1026 3016 1200 3066 solius
1272 3019 1455 3066 tamen
1512 3018 1793 3080 patientiae
1847 3020 1902 3068 in

272 3102 571 3141 commune
629 3101 923 3147 memores,
978 3087 1112 3138 huic
1160 3089 1258 3137 uni
1308 3088 1613 3137 studiorum
1671 3102 1897 3139 suorum

272 3161 653 3212 commiserint
691 3173 924 3223 pacem:
979 3160 1036 3208 in
1090 3172 1212 3209 eam
1264 3160 1607 3222 conspirant,
1668 3160 1724 3208 in
1778 3173 1898 3209 eam

273 3232 630 3292 fwderantur,
687 3230 839 3280 illam
884 3230 1235 3280 affectatione
1292 3230 1514 3279 virtutis
1566 3232 1901 3281 unanimiter

272 3304 513 3363 student,
542 3315 766 3353 omnem
800 3302 1087 3366 sapientiae
1118 3302 1545 3351 ostentationem
1587 3302 1657 3353 de
1690 3305 1901 3366 patien-

272 3377 345 3426 tia
376 3375 697 3438 praaferunt.
731 3392 756 3419 ››

333 3449 461 3499 Cum
514 3447 619 3494 Deo
668 3445 833 3494 virtus
884 3446 983 3493 ista
1031 3444 1335 3493 communis.
1388 3444 1535 3495 Tert.
1582 3444 1645 3495 de
1687 3448 1901 3496 Patien-

273 3517 369 3575 tia,
403 3530 451 3567 c.
482 3516 512 3566 3
548 3532 559 3564 :
598 3534 625 3561 α
655 3517 832 3567 Penes
857 3529 959 3565 nos
985 3516 1123 3564 ratio
1167 3519 1221 3565 et
1267 3518 1517 3577 structio,
1544 3518 1680 3567 satis
1719 3523 1901 3581 aperte

270 3602 383 3637 non
441 3587 794 3637 sermonibus
840 3585 1008 3636 modo
1053 3586 1553 3649 in~pra3cipiendo,
1596 3588 1694 3639 sed
1738 3590 1901 3641 etiam

268 3659 627 3723 passionibus
684 3659 743 3707 in
813 3657 1178 3714 sustinendo,
1245 3658 1484 3720 probant
1553 3658 1639 3708 his
1697 3660 1903 3724 quibus

271 3730 500 3782 credere
543 3730 737 3780 datum
792 3735 892 3791 est,
944 3728 1269 3791 patientiam
1313 3730 1417 3780 Dei
1460 3742 1581 3780 esse
1627 3734 1899 3793 naturam,

269 3802 531 3854 effectum
574 3806 630 3852 et
697 3801 1077 3865 praestantiam
1133 3800 1394 3865 ingenita
1440 3802 1732 3865 cujusdam
1775 3816 1903 3867 pro-

266 3875 535 3939 prietatis.
564 3892 593 3920 »

330 3945 748 3995 Immortalitate
800 3944 1008 3993 interim
1060 3942 1249 4007 posita.
1307 3942 1401 3993 Sic
1456 3943 1736 4007 principes
1784 3959 1907 3996 ma-

260 4018 521 4081 jestatem
588 4027 799 4077 ponere
865 4014 1179 4073 dicuntur,
1267 4027 1395 4065 cum
1465 4015 1746 4078 dignitatis
1817 4017 1903 4066 in-

267 4086 451 4152 signia
496 4089 789 4149 exuentes,
814 4086 1035 4149 plebeio
1074 4084 1271 4135 habitu
1316 4086 1375 4135 in
1418 4085 1666 4136 medium
1704 4101 1908 4151 proce-

268 4158 429 4209 dunL

333 4228 519 4281 Oculos
549 4228 714 4292 paulo
749 4232 871 4277 ante
914 4228 1208 4290 formasset.
1248 4228 1327 4277 Ac
1360 4228 1407 4277 si
1450 4241 1562 4279 non
1603 4230 1907 4293 aperuisset

269 4302 484 4364 oculos,
517 4300 615 4353 sed
639 4300 884 4352 fecisset.
917 4299 1011 4351 Sic
1038 4300 1271 4351 Nonnus
1301 4313 1349 4350 c.
1386 4313 1448 4350 xx
1479 4301 1641 4351 Joan.

1182 4430 1469 4493 ἀφωτίστοιο
1497 4433 1775 4495 προσώπου.

266 4506 557 4570 Συμφερτῄν,
595 4503 846 4568 ἀμέριστον
886 4502 1031 4567 ἔχων,
1070 4502 1338 4566 ἀχάρακτον
1380 4502 1597 4565 ὀπώπην,

267 4578 362 4626 Ἣν
403 4577 540 4640 φύσις
564 4576 653 4624 οὐκ
682 4574 915 4634 ἐτύπωσε,
947 4574 1292 4638 λιποϐλεφάρου
1316 4573 1367 4622 δέ
1396 4574 1594 4634 κύκλου,

265 4648 495 4699 Οίδαλέον
538 4648 662 4704 ξένον
709 4647 843 4711 ὄμμα
869 4646 1109 4708 γινιθλίας
1142 4650 1268 4710 εἶχεν
1296 4645 1516 4709 ὁμίχλην.

337 4784 399 4832 Ut
457 4785 842 4832 consummatur
901 4793 958 4829 in
1038 4779 1261 4829 Christo.
1321 4778 1615 4842 Respicere
1689 4778 1905 4832 videtur

266 4858 462 4904 auctor
536 4856 723 4903 noster
801 4851 968 4902 verba
1044 4850 1353 4901 Servatoris
1420 4850 1659 4901 dicentis
1725 4853 1901 4902 τετέλε-

270 4926 398 4975 σθαι.
445 4926 530 4975 .ῐο.
577 4937 704 4985 xxx,
730 4923 810 4985 30,
842 4923 1002 4987 quasi
1040 4935 1154 4972 non
1191 4921 1530 4985 prophetiae,
1556 4922 1655 4973 sed
1699 4926 1907 4987 patien-

266 4999 401 5047 tiam
429 4994 865 5059 adimplevisset.

330 5069 501 5131 Super
522 5079 676 5130 quem
714 5065 965 5115 Ecclesia.
1001 5064 1219 5116 Similia
1254 5063 1534 5115 habentur
1580 5066 1636 5115 in
1685 5066 1903 5130 Episto—

268 5140 338 5190 lis
396 5138 471 5189 ad
520 5138 753 5188 Florent.
814 5138 1026 5201 Pupien.
1087 5136 1159 5187 ad
1207 5136 1456 5186 Jubaian.
1514 5137 1582 5187 ad
1636 5138 1806 5198 Quint.
1850 5144 1905 5189 et

266 5210 453 5262 alibi:
508 5211 650 5260 solet
702 5208 852 5259 enim
912 5212 1106 5258 auctor
1167 5211 1353 5259 noster
1411 5221 1539 5258 cum
1604 5208 1905 5273 Scriptura

266 5282 647 5334 testimonium
714 5280 922 5339 laudat,
1000 5279 1054 5329 id
1130 5279 1414 5342 scriptoris
1487 5280 1663 5343 ipsius
1725 5281 1903 5345 elogio

267 5355 561 5404 illustrare.
620 5352 683 5401 In
734 5351 828 5401 lib.
895 5350 955 5399 de
1018 5352 1181 5413 Opere
1231 5355 1281 5401 et
1316 5351 1505 5402 Eleem.
1556 5353 1623 5402 D.
1668 5352 1904 5405 Paulum

264 5427 441 5477 citans
492 5426 569 5474 ait
600 5438 611 5471 :
638 5441 667 5469 «
712 5420 1013 5484 Apostolus
1059 5422 1269 5471 Paulus
1307 5424 1618 5475 Dominicaa
1671 5424 1901 5488 inspira-

266 5497 433 5546 tionis
496 5495 672 5558 gratia
744 5492 960 5555 plenus.
1018 5507 1048 5540 »
1116 5492 1188 5543 Et
1247 5494 1305 5543 in
1380 5495 1489 5548 hoc
1566 5496 1686 5561 ipso
1741 5496 1899 5559 libro,

262 5585 295 5618 α
338 5568 542 5617 Beatus
598 5563 901 5629 Apostolus
942 5563 1169 5626 Paulus,
1200 5564 1398 5627 plenus
1444 5566 1652 5632 Spiritu
1691 5572 1897 5631 sancto,

259 5641 317 5689 et
373 5636 640 5686 vocandis
700 5636 1120 5701 formandisque
1164 5635 1429 5700 gentibus
1480 5641 1703 5691 missus.
1758 5660 1786 5687 »
1833 5640 1903 5691 Et

260 5708 433 5775 paulo
466 5712 612 5770 post,
644 5727 673 5755 «
700 5707 910 5760 Paulus
940 5708 1115 5760 divini
1148 5708 1410 5774 praacepti
1431 5723 1663 5776 memor,
1688 5728 1718 5762 ›>
1751 5716 1815 5765 ut
1848 5717 1901 5765 et

254 5780 405 5836 .alibi
425 5779 655 5851 passim.

1921 3113 1975 3186 C

2025 434 2271 493 cavetur,
2302 434 2366 480 ut
2414 430 2693 493 parricidii
2736 434 3008 493 teneatur,
3040 447 3153 483 non
3202 434 3386 484 solum
3424 438 3520 501 qui
3560 452 3654 501 pa-

2017 507 2155 553 trem
2180 506 2277 553 aut
2305 507 2537 553 matrem
2560 503 2915 567 interfecerit,
2944 505 3041 557 sed
3071 507 3167 571 qui
3212 508 3458 571 fratrem,
3486 524 3639 560 soro-

2016 588 2151 632 rem,
2182 575 2511 638 patruelem,
2540 577 2665 634 etc.,
2698 576 2984 625 occiderit.

2076 648 2287 696 Initium
2343 646 2504 694 sumit
2550 660 2581 693 a
2640 645 2909 709 Iacrymis.
2967 649 3195 709 Plinius,
3267 651 3363 701 lib.
3427 666 3525 715 vn,
3587 653 3645 701 in

2013 718 2280 781 prooemio,
2328 716 2435 766 hoc
2482 716 2673 765 multis
2712 720 3078 781 exsequitur:
3111 736 3140 767 α
3194 720 3492 772 Hominem
3541 737 3639 772 nu-

2016 788 2142 837 dum
2195 792 2248 837 et
2291 789 2348 836 in
2393 788 2545 837 nuda
2588 788 2779 848 humo,
2806 803 2844 836 n
2883 790 2978 838 tali
3023 790 3111 838 die
3148 790 3352 853 'abjicit
3400 798 3614 854 natura,

2017 859 2085 908 ad
2128 860 2345 922 vagitus
2389 860 2574 909 statim
2606 862 2659 908 et
2690 860 2988 923 ploratum,
3017 861 3355 926 nullumque
3402 866 3480 913 tot
3523 866 3641 914 ani-

2016 931 2244 979 malium
2298 929 2367 979 ad
2416 930 2708 993 lacrymas,
2744 934 2799 980 et
2829 931 2929 980 has
2976 932 3230 993 protinus
3272 935 3399 984 vitae
3440 937 3649 998 princi-

2015 1002 2124 1064 pio.
2153 1003 2226 1051 At
2249 1000 2475 1051 hercule
2502 1002 2646 1049 risus
2680 1014 2902 1063 praecox
2933 1002 3025 1051 ille
3054 1006 3109 1051 et
3156 1004 3479 1055 celerrimus
3518 1011 3646 1059 ante

2015 1072 2507 1137 quadragesimum
2539 1071 2686 1121 diem
2721 1073 2862 1121 nulli
2896 1073 3075 1123 datur.
3107 1091 3135 1117 »

2074 1146 2291 1193 Justitue
2319 1143 2492 1192 dicata
2519 1143 2839 1191 innocentia.
2868 1144 3216 1207 Baptismalis
3240 1146 3506 1196 nimirum

2076 1217 2177 1264 Nec
2209 1220 2325 1278 post
2366 1220 2617 1277 gestatam
2653 1214 3063 1265 Eucharistiam.
3096 1216 3417 1266 Lectionem
3450 1218 3647 1268 Pame-

2013 1286 2073 1336 lii
2118 1289 2443 1346 retinemus,
2495 1300 2801 1349 paucorum
2846 1288 2977 1337 licet
3010 1288 3269 1338 codicum
3323 1292 3647 1340 auctoritate

2014 1358 2251 1418 fultam;
2326 1370 2514 1407 revera
2581 1358 2728 1407 enim
2795 1359 2997 1407 melius
3060 1359 3359 1420 respondet
3440 1364 3646 1418 manui,

2015 1432 2178 1492 cujus
2231 1430 2440 1479 mentio
2490 1429 2583 1479 hic
2642 1429 2898 1489 habetur,
2944 1434 3169 1492 gestata,
3211 1444 3379 1493 quam
3431 1436 3646 1493 gustata

2012 1501 2369 1549 Eucharistia.
2436 1499 2506 1548 Et
2576 1500 2803 1562 quidem
2863 1513 2976 1549 non
3053 1500 3306 1549 dissimili
3377 1501 3645 1564 loquendi

2013 1584 2215 1633 genere
2243 1584 2379 1619 usus
2404 1570 2536 1619 alibi
2562 1574 2641 1619 est
2670 1569 3004 1633 Cyprianus,
3036 1572 3093 1619 in
3121 1572 3220 1634 Ep.
3267 1572 3527 1621 nimirum
3576 1573 3646 1622 ad

2014 1641 2439 1691 Thibaritanos:
2494 1656 2524 1689 «
2573 1643 2889 1700 Armemus,
2944 1644 3128 1705 inquit,
3171 1643 3421 1692 dextram
3463 1643 3645 1705 gladio

2015 1714 2300 1775 spirituali,
2342 1716 2404 1761 ut
2458 1712 2733 1762 sacrificia
2772 1713 2991 1761 funesta
3051 1714 3265 1763 fortiter
3312 1719 3553 1777 respuat,
3591 1718 3645 1763 et

2014 1784 2378 1834 Eucharistize
2417 1798 2646 1845 memor,
2692 1798 2801 1847 qua
2851 1785 3075 1833 Domini
3116 1798 3318 1847 corpus
3358 1787 3649 1848 accepit.»

2014 1855 2107 1905 Sic
2132 1856 2189 1904 in
2237 1856 2336 1917 lib,
2374 1857 2437 1905 de
2476 1857 2660 1918 ansis
2696 1870 2713 1903 :
2742 1873 2769 1899 «
2817 1855 2979 1917 Quod
3021 1870 3133 1905 non
3184 1857 3372 1905 statim
3420 1858 3645 1906 Domini

2013 1938 2214 1989 corpus
2286 1926 2600 1989 iniquitatis
2670 1926 2929 1975 manibus
2990 1928 3243 1991 accipiat.
3306 1946 3335 1972 »
3415 1928 3645 1991 Insuper

2011 2002 2233 2047 constat
2288 2011 2355 2048 ex
2409 1997 2549 2047 libro
2600 1996 2889 2060 praedicto,
2946 2011 3147 2060 panem
3206 1998 3640 2048 eucharisticum

2008 2067 2268 2119 fidelibus
2297 2083 2410 2118 nou
2458 2073 2676 2117 tantum
2728 2082 2825 2131 per
2868 2069 3212 2119 sacerdotem
3254 2069 3636 2132 distributum,

2012 2141 2109 2191 :ed
2140 2142 2209 2191 ab
2236 2140 2431 2190 iisdem
2468 2140 2696 2190 domum
2732 2140 3102 2203 deportatum.

2084 2214 2298 2261 Veniam
2352 2225 2509 2274 pwna
2552 2212 2822 2261 consumit.
2870 2211 2933 2259 In
2983 2211 3131 2260 hanc
3182 2215 3425 2262 mentem
3472 2226 3638 2275 supra

2010 2283 2238 2333 locutus
2268 2288 2352 2332 est
2379 2288 2574 2333 auctor
2615 2285 2803 2332 noster
2845 2282 2900 2329 in
2930 2282 3023 2331 lib.
3061 2283 3129 2331 de
3170 2283 3425 2333 Mortalit.
3455 2286 3641 2332 Erum-

2005 2360 2178 2417 pentes
2205 2354 2472 2413 bestiolas,
2498 2357 2663 2405 vocat
2699 2351 2930 2402 Tertull.
2960 2354 3054 2402 lib.
3086 2354 3148 2403 de
3169 2354 3457 2404 Patientia.

2077 2427 2135 2475 Ut
2186 2426 2389 2476 itineris
2444 2429 2532 2476 sui
2584 2426 2737 2475 duces
2791 2431 3132 2488 nuncuparet,
3177 2432 3335 2488 caput
3388 2426 3639 2475 bubulum

2008 2502 2053 2545 et
2109 2500 2351 2546 terrestre
2401 2497 2716 2559 figmentum.
2768 2497 3178 2556 Tertullianus,
3230 2497 3489 2546 adversus
3536 2498 3634 2546 Ju-

2005 2567 2163 2628 ἀέρος,
2195 2581 2309 2630 cap.
2344 2570 2391 2628 l,
2422 2570 2497 2617 ait
2524 2586 2548 2611 ‹‹
2585 2570 2922 2630 processisse
2949 2568 3029 2617 eis
3069 2567 3344 2617 bubulum
3386 2574 3569 2630 caput.
3600 2583 3632 2615 »

2007 2644 2063 2690 et
2109 2639 2257 2702 quod
2307 2656 2335 2685 ‹‹
2392 2640 2523 2690 huic
2570 2640 2838 2705 figmento
2890 2641 3186 2689 universus
3229 2640 3395 2688 Israel
3446 2639 3638 2689 relicto

2005 2710 2124 2760 Deo
2172 2710 2439 2760 honorem
2506 2711 2814 2772 dederunt,
2872 2712 3122 2761 dicentes
3177 2727 3187 2759 :
3253 2712 3321 2760 Hi
3374 2716 3497 2761 sunt
3553 2711 3639 2760 dei

2007 2781 2100 2844 qui
2154 2795 2249 2831 nos
2302 2784 2568 2843 ejecerunt
2625 2783 2687 2832 de
2747 2787 2896 2832 terra
2948 2784 3185 2845 zEgypti.
3234 2799 3262 2827 »
3310 2782 3389 2831 Ita
3443 2784 3632 2832 autem

2006 2852 2175 2902 verba
2216 2853 2339 2903 haec
2391 2855 2649 2916 concepit
2701 2860 2893 2905 auctor
2939 2860 3145 2915 noster,
3191 2858 3255 2903 ut
3305 2868 3418 2903 non
3461 2868 3637 2904 unum

2007 2923 2107 2973 sed
2142 2925 2433 2989 multiplex
2462 2926 2677 2975 idolum
2724 2926 2794 2974 ad
2850 2925 3113 2975 Israelitis
3156 2925 3372 2975 cultum
3416 2925 3630 2974 referat.

2005 2995 2078 3045 Et
2124 3010 2314 3046 revera
2364 3011 2475 3045 non
2526 3003 2715 3046 tenere
2754 3001 2809 3045 et
2858 3011 2926 3047 ex
2978 2997 3216 3047 Hebraeo
3265 2996 3447 3045 solum
3496 2996 3636 3045 idio-

2004 3072 2152 3118 mate
2208 3068 2359 3117 LXX
2411 3069 2733 3131 interpretes
2790 3068 2989 3130 plurali
3053 3082 3286 3118 numer»
3351 3068 3439 3115 usi
3501 3070 3633 3116 sunt

2002 3138 2251 3189 dicentes
2305 3154 2316 3186 :
2373 3136 2504 3186 οὗτοι
2552 3142 2596 3186 οἱ
2660 3138 2757 3186 Θεοί
2817 3155 2935 3199 σου,
3012 3140 3233 3203 Ἰσραὴλ,
3303 3141 3357 3189 et
3431 3138 3638 3193 ποίησον

2000 3211 2115 3271 ἡμῖν
2192 3210 2323 3265 Θεοὺς
2400 3213 2445 3257 οἱ
2520 3206 2957 3274 πρὸσπορεὺσέονται
3021 3212 3171 3272 ἡμῶν.
3262 3210 3483 3259 Etenim
3562 3225 3631 3259 ex

2000 3281 2287 3345 prophetia
2338 3283 2525 3342 Amos,
2590 3296 2642 3342 v,
2694 3284 2756 3331 26
2808 3286 2857 3344 (a
2918 3284 2986 3331 D.
3042 3282 3324 3345 Stephano
3383 3281 3631 3338 laudata)

2000 3356 2235 3411 constat,
2271 3352 2339 3402 ab
2389 3352 2651 3401 Israelitis
2691 3366 2805 3402 non
2859 3357 3076 3403 tantum
3128 3352 3433 3402 conflatum
3484 3352 3635 3400 vitu-

2000 3424 2118 3473 lum
2179 3437 2427 3485 aureum,
2476 3424 2575 3473 sed
2635 3424 3030 3473 tabernaculum
3077 3423 3300 3484 Moloch,
3342 3427 3389 3471 et
3439 3423 3638 3485 imagi—

2000 3510 2119 3546 nem
2182 3494 2469 3556 (dolorum,
2528 3494 2683 3544 Sidus
2746 3496 2842 3543 Dei
2898 3495 3191 3555 Rempham,
3243 3494 3444 3557 ﬁgttrav
3502 3507 3638 3557 quas

1994 3569 2251 3632 jecerunt.
2296 3568 2344 3616 A
2403 3566 2710 3628 Psalmista,
2764 3565 2908 3616 Psal.
2955 3578 3178 3623 LXXVII,
3231 3566 3312 3625 64,
3376 3565 3642 3615 dicuntur

2001 3639 2286 3700 Israelita),
2334 3638 2441 3687 hoc
2491 3639 2741 3688 facinore
2786 3639 2947 3687 Deum
2995 3638 3063 3686 ad
3111 3637 3505 3686 aemulationem
3549 3649 3639 3685 ac-

2001 3710 2229 3759 cendisse
2254 3725 2270 3758 .·
2300 3709 2469 3773 idque
2499 3710 2713 3759 merito.
2749 3706 2979 3757 Cultum
3022 3707 3143 3757 scil.
3183 3707 3300 3756 Deo
3338 3709 3451 3770 opt.
3489 3720 3635 3756 max.

2004 3781 2277 3842 debitum,
2321 3781 2529 3845 quique
2571 3780 2628 3828 in
2661 3778 3046 3829 Tabernaculo
3092 3778 3353 3827 columna
3407 3778 3550 3839 ignis
3582 3782 3638 3825 et

2003 3854 2153 3904 nube
2223 3852 2561 3914 conspicuus
2642 3851 2926 3913 apparuit;
3004 3847 3260 3898 Molocho
3344 3848 3461 3896 sive
3524 3846 3639 3898 Soli

2002 3928 2267 3987 tanquam
2303 3921 2650 3986 praesentiori
2702 3920 2920 3969 numini
2970 3918 3291 3969 tribuebant
3345 3921 3418 3979 (et
3461 3918 3637 3981 ipsius

2004 3994 2446 4053 tabernaculum,
2489 3992 2817 4041 thensamve
2863 3993 3073 4053 septem
3116 3990 3497 4051 conclavium,
3533 4002 3632 4052 pro

2004 4068 2355 4133 planetarum
2413 4076 2669 4123 numero,
2724 4062 2996 4113 referente
3045 4062 3108 4112 R.
3150 4061 3379 4113 Simeon
3421 4061 3477 4109 in
3524 4060 3635 4110 Jal-

2004 4141 2145 4201 kut),
2177 4134 2655 4188 circumferebant.
2709 4133 2942 4196 Insuper
2980 4133 3196 4185 cultum
3233 4134 3482 4193 Jehovaa,
3516 4133 3634 4183 sive

2004 4211 2122 4261 Deo
2151 4221 2387 4269 summo,
2421 4207 2514 4270 qui
2548 4209 2643 4267 est,
2670 4209 2807 4266 erat,
2834 4204 3045 4267 futurus
3070 4209 3164 4265 est,
3191 4205 3503 4268 peculiare;
3531 4203 3637 4255 Re-

2004 4283 2172 4347 pham
2207 4283 2322 4331 sive
2351 4279 2588 4330 Saturno
2617 4279 2718 4340 (sic
2764 4278 2915 4327 enim
2944 4277 3091 4340 apud
3126 4278 3412 4340 Egyptios
3438 4276 3639 4340 appel-

2006 4354 2169 4413 latur)
2210 4352 2472 4416 temporis
2520 4350 2646 4407 deo,
2704 4352 2761 4399 et
2802 4348 3149 4411 planetarum
3197 4362 3434 4408 summo,
3480 4349 3637 4410 cujus

2008 4424 2284 4476 emblema
2336 4423 2437 4473 bos
2470 4422 2724 4472 stellatus
2773 4418 2866 4482 (ob
2910 4420 3301 4481 agriculturam
3361 4419 3453 4468 cui
3500 4432 3636 4481 prse-

1922 4484 1982 4556 D
2006 4496 2123 4559 fuit,
2157 4499 2211 4546 et
2239 4494 2393 4545 sidus
2425 4496 2543 4557 ejus
2562 4493 2636 4540 ἐπὶ
2677 4490 2898 4555 μετώπου
2938 4492 3107 4553 ἄκρου,
3144 4490 3325 4553 inquit
3369 4488 3633 4551 Cyrillus)

2006 4568 2427 4618 transtulerunt.

2068 4640 2226 4691 Bonis
2251 4637 2517 4702 patientia
2546 4640 2591 4685 et
2624 4634 2969 4699 impatientia:
3005 4632 3179 4683 malis.
3224 4629 3435 4681 Eadem
3469 4629 3633 4694 plane

2004 4710 2270 4761 methodo
2294 4710 2466 4759 utitur
2498 4707 2729 4757 Tertull.
2762 4707 2818 4755 in
2847 4706 2945 4755 lib.
2976 4704 3038 4754 de
3060 4704 3286 4753 Patient.

2065 4785 2130 4832 In
2182 4782 2361 4832 viduis
2416 4779 2731 4831 laboriosam
2788 4778 3101 4827 castitatem.
3166 4774 3350 4826 Simili
3404 4771 3639 4823 formula

2005 4853 2400 4911 Tertullianus,
2444 4851 2507 4901 de
2555 4851 2693 4912 Virg.
2749 4847 3009 4908 vetandis,
3047 4846 3371 4897 continentia:
3416 4842 3629 4893 labora-

2006 4927 2158 4976 tioris
2182 4922 2452 4975 meminit.
2496 4922 2566 4971 Et
2610 4922 2753 4970 inter
2796 4918 3037 4983 virgines
3078 4922 3128 4967 et
3164 4916 3363 4967 viduas
3406 4928 3628 4978 compa-

2005 4997 2277 5047 rationem
2340 4992 2654 5053 instituens,
2728 4990 2863 5041 dicit
2912 5006 2924 5039 :
3004 4989 3393 5051 Virginitatem
3459 4986 3635 5051 gratia

2005 5071 2279 5127 constare,
2332 5065 2732 5116 continentiam
2762 5074 2890 5111 vero
2930 5061 3153 5111 virtute.
3200 5060 3321 5110 Non
3367 5058 3633 5121 concupi-

2004 5138 2195 5190 scendi
2229 5136 2319 5189 cui
2360 5133 2813 5199 concupiscendo
2860 5132 3176 5193 inoleveris,
3207 5130 3417 5196 grande
3458 5132 3634 5179 certa—

2004 5224 2133 5262 men
2174 5212 2274 5259 est.
2332 5208 2507 5271 Cujus
2557 5209 2746 5256 autem
2804 5202 3239 5267 concupiscendi
3296 5200 3635 5265 ignoraveris

2004 5284 2263 5343 fructum,
2292 5280 2454 5331 facile
2481 5292 2594 5329 non
2623 5277 3011 5340 concupisces.
3044 5292 3072 5321 »

2066 5353 2297 5417 Singulae
2318 5348 2608 5403 stolaealbae.
2636 5348 2873 5400 Codices
2908 5360 3040 5397 mss.
3086 5360 3197 5397 non
3244 5346 3406 5410 pauci
3443 5345 3637 5417 legunt

2004 5416 2351 5481 ἐδόθηίαῦτόῖς
2390 5422 2576 5484 ἑκάστῳ
2622 5421 2768 5477 στολή
2815 5417 2979 5476 λεῦκή.
3018 5419 3294 5483 Deinceps
3336 5418 3392 5467 in
3434 5416 3633 5466 Graeco

2005 5501 2161 5549 textu
2208 5496 2392 5547 solum
2449 5494 2693 5546 occurrit
2736 5492 3085 5557 πληρώσονται,
3133 5491 3394 5556 quodque
3435 5488 3529 5537 hic
3566 5484 3635 5534 de

2004 5581 2238 5618 numero
2267 5566 2521 5627 habetur,
2548 5565 3023 5630 interpretamenti
3047 5564 3173 5616 loco
3204 5561 3519 5630 apponitur.

2063 5641 2185 5703 Igne
2224 5640 2360 5688 enim
2403 5624 2629 5687 Domini.
2670 5624 2823 5688 ΕΧΧ
2874 5638 3085 5701 legunt,
3121 5624 3549 5706 ἀποσᾶἆρσκςτσμρν
3593 5624 3639 5706 ἐκ(

2004 5694 2140 5773 φλοᾶἶ
2161 5709 2326 5773 πυρὸς,
2353 5708 2402 5755 ἐν
2426 5706 2516 5771 γὰρ
2541 5708 2654 5771 πυρὶ
2692 5708 2872 5772 Κύρίου
2913 5694 3187 5773 κῇιθήσεται
3216 5694 3349 5753 πᾶσά
3386 5698 3420 5755 ὴ
3460 5696 3545 5759 γῆ,
3562 5694 3644 5744 καὶ

1986 5781 2057 5843 .6»:
2076 5785 2134 5849 τῇ
2151 5778 2365 5851 ῥομφαίᾳ
2383 5776 2533 5843 αντθῦ
2560 5783 2693 5859 πάςτα
2720 5779 2859 5860 meo,
2902 5840 2907 5845 .
