  <div class='ocr_page' id='page_1' title='image "/cluster/home/n/w/nwhite01/storage/ocr_20150623/4/hvd.32044073549446/653.png"; bbox 0 0 4144 6192; ppageno 0'>
   <div class='ocr_carea' id='block_1_1' title="bbox 552 267 690 326">
    <p class='ocr_par' dir='ltr' id='par_1_1' title="bbox 552 267 690 326">
     <span class='ocr_line' id='line_1_1' title="bbox 552 267 690 326; baseline 0.022 -3"><span class='ocrx_word' id='word_1_1' title='bbox 552 267 690 326; x_wconf 72' lang='grc'><strong>1290</strong></span> 
     </span>
    </p>
   </div>
   <div class='ocr_carea' id='block_1_2' title="bbox 1886 269 2588 341">
    <p class='ocr_par' dir='ltr' id='par_1_2' title="bbox 1886 269 2588 341">
     <span class='ocr_line' id='line_1_2' title="bbox 1886 269 2588 341; baseline 0.003 -15"><span class='ocrx_word' id='word_1_2' title='bbox 1886 269 2090 338; x_wconf 57' lang='grc' dir='ltr'>,ΕΠΙἹἍ</span> <span class='ocrx_word' id='word_1_3' title='bbox 2129 269 2334 338; x_wconf 85' lang='grc' dir='ltr'>ΟΧΟΝ.</span> <span class='ocrx_word' id='word_1_4' title='bbox 2372 270 2588 341; x_wconf 62' lang='grc' dir='ltr'>ΝΟΤᾸΕ.</span> 
     </span>
    </p>
   </div>
   <div class='ocr_carea' id='block_1_3' title="bbox 3733 285 3844 346">
    <p class='ocr_par' dir='ltr' id='par_1_3' title="bbox 3733 285 3844 346">
     <span class='ocr_line' id='line_1_3' title="bbox 3733 285 3844 346; baseline 0.054 -6"><span class='ocrx_word' id='word_1_5' title='bbox 3733 285 3844 346; x_wconf 70' lang='lat'><strong>{300</strong></span> 
     </span>
    </p>
   </div>
   <div class='ocr_carea' id='block_1_4' title="bbox 612 391 3832 482">
    <p class='ocr_par' dir='ltr' id='par_1_4' title="bbox 612 391 3832 482">
     <span class='ocr_line' id='line_1_4' title="bbox 612 391 3832 482; baseline 0.001 -36"><span class='ocrx_word' id='word_1_6' title='bbox 612 394 899 482; x_wconf 49' lang='lat' dir='ltr'>Dominum</span> <span class='ocrx_word' id='word_1_7' title='bbox 930 391 1123 482; x_wconf 69' lang='lat' dir='ltr'>adora.</span> <span class='ocrx_word' id='word_1_8' title='bbox 1151 392 1400 482; x_wconf 33' lang='lat' dir='ltr'>begisse&#39;</span> <span class='ocrx_word' id='word_1_9' title='bbox 1424 391 1649 482; x_wconf 65' lang='lat' dir='ltr'>videtur</span> <span class='ocrx_word' id='word_1_10' title='bbox 1710 392 2027 460; x_wconf 80' lang='lat' dir='ltr'>Cyprianus</span> <span class='ocrx_word' id='word_1_11' title='bbox 2071 407 2186 446; x_wconf 92' lang='lat' dir='ltr'>non</span> <span class='ocrx_word' id='word_1_12' title='bbox 2206 407 2266 482; x_wconf 70' lang='grc' dir='ltr'><strong>Α</strong></span> <span class='ocrx_word' id='word_1_13' title='bbox 2287 398 2654 482; x_wconf 37' lang='lat' dir='ltr'>auctorisLde</span> <span class='ocrx_word' id='word_1_14' title='bbox 2679 413 2793 466; x_wconf 90' lang='lat' dir='ltr'>quo</span> <span class='ocrx_word' id='word_1_15' title='bbox 2820 397 3360 482; x_wconf 41' lang='lat' dir='ltr'>supraﬂmonu-imus</span> <span class='ocrx_word' id='word_1_16' title='bbox 3393 399 3452 482; x_wconf 72' lang='lat' dir='ltr'>in</span> <span class='ocrx_word' id='word_1_17' title='bbox 3477 399 3575 452; x_wconf 85' lang='lat' dir='ltr'><strong>lib.</strong></span> <span class='ocrx_word' id='word_1_18' title='bbox 3598 404 3666 482; x_wconf 62' lang='lat' dir='ltr'>ad</span> <span class='ocrx_word' id='word_1_19' title='bbox 3706 405 3832 458; x_wconf 63' lang='lat' dir='ltr'>Dona</span> 
     </span>
    </p>
   </div>
   <div class='ocr_carea' id='block_1_5' title="bbox 549 463 1522 532">
    <p class='ocr_par' dir='ltr' id='par_1_5' title="bbox 549 463 1522 532">
     <span class='ocr_line' id='line_1_5' title="bbox 549 463 1522 532; baseline -0.004 -16"><span class='ocrx_word' id='word_1_20' title='bbox 549 465 618 516; x_wconf 82' lang='grc' dir='ltr'>τῶ</span> <span class='ocrx_word' id='word_1_21' title='bbox 645 467 753 530; x_wconf 79' lang='grc' dir='ltr'>θεῶ</span> <span class='ocrx_word' id='word_1_22' title='bbox 772 463 1123 532; x_wconf 74' lang='grc' dir='ltr'>προσκύνησον,</span> <span class='ocrx_word' id='word_1_23' title='bbox 1148 465 1246 516; x_wconf 92' lang='lat' dir='ltr'>sed</span> <span class='ocrx_word' id='word_1_24' title='bbox 1268 465 1336 514; x_wconf 83' lang='grc' dir='ltr'>τῶ</span> <span class='ocrx_word' id='word_1_25' title='bbox 1358 463 1522 529; x_wconf 82' lang='grc' dir='ltr'>Κυρίω</span> 
     </span>
    </p>
   </div>
   <div class='ocr_carea' id='block_1_6' title="bbox 791 595 1947 649">
    <p class='ocr_par' dir='ltr' id='par_1_6' title="bbox 791 595 1947 649">
     <span class='ocr_line' id='line_1_6' title="bbox 791 595 1947 649; baseline 0.001 -3"><span class='ocrx_word' id='word_1_26' title='bbox 791 597 864 648; x_wconf 85' lang='grc' dir='ltr'>ΙΝ</span> <span class='ocrx_word' id='word_1_27' title='bbox 895 595 1166 647; x_wconf 83' lang='lat' dir='ltr'>LIBRUM</span> <span class='ocrx_word' id='word_1_28' title='bbox 1198 596 1295 648; x_wconf 88' lang='lat' dir='ltr'><strong>DE</strong></span> <span class='ocrx_word' id='word_1_29' title='bbox 1329 595 1508 648; x_wconf 90' lang='lat' dir='ltr'>ZELO</span> <span class='ocrx_word' id='word_1_30' title='bbox 1540 595 1624 647; x_wconf 89' lang='lat' dir='ltr'>ET</span> <span class='ocrx_word' id='word_1_31' title='bbox 1657 595 1947 649; x_wconf 86' lang='lat' dir='ltr'>LIVORE.</span> 
     </span>
    </p>
   </div>
   <div class='ocr_carea' id='block_1_7' title="bbox 614 685 2188 752">
    <p class='ocr_par' dir='ltr' id='par_1_7' title="bbox 614 685 2188 752">
     <span class='ocr_line' id='line_1_7' title="bbox 614 685 2188 752; baseline -0.003 -9"><span class='ocrx_word' id='word_1_32' title='bbox 614 694 692 742; x_wconf 89' lang='lat' dir='ltr'>De</span> <span class='ocrx_word' id='word_1_33' title='bbox 715 690 831 742; x_wconf 79' lang='lat' dir='ltr'>Zelo</span> <span class='ocrx_word' id='word_1_34' title='bbox 873 693 921 739; x_wconf 79' lang='lat' dir='ltr'>et</span> <span class='ocrx_word' id='word_1_35' title='bbox 958 689 1156 737; x_wconf 82' lang='lat' dir='ltr'>Livore.</span> <span class='ocrx_word' id='word_1_36' title='bbox 1181 685 1345 737; x_wconf 89' lang='lat' dir='ltr'>Liber</span> <span class='ocrx_word' id='word_1_37' title='bbox 1381 687 1506 745; x_wconf 88' lang='lat' dir='ltr'>iste,</span> <span class='ocrx_word' id='word_1_38' title='bbox 1557 686 1806 751; x_wconf 87' lang='lat' dir='ltr'>ejusdem</span> <span class='ocrx_word' id='word_1_39' title='bbox 1854 687 1968 738; x_wconf 81' lang='lat' dir='ltr'>fere</span> <span class='ocrx_word' id='word_1_40' title='bbox 2025 702 2188 752; x_wconf 88' lang='lat' dir='ltr'>argu-</span> 
     </span>
    </p>
   </div>
   <div class='ocr_carea' id='block_1_8' title="bbox 554 758 2186 823">
    <p class='ocr_par' dir='ltr' id='par_1_8' title="bbox 554 758 2186 823">
     <span class='ocr_line' id='line_1_8' title="bbox 554 758 2186 823; baseline -0.003 -8"><span class='ocrx_word' id='word_1_41' title='bbox 554 764 728 815; x_wconf 80' lang='lat' dir='ltr'>menti</span> <span class='ocrx_word' id='word_1_42' title='bbox 763 775 894 812; x_wconf 87' lang='lat' dir='ltr'>cum</span> <span class='ocrx_word' id='word_1_43' title='bbox 927 758 1300 823; x_wconf 60' lang='lat' dir='ltr'>praecedente,</span> <span class='ocrx_word' id='word_1_44' title='bbox 1328 770 1398 808; x_wconf 81' lang='lat' dir='ltr'>ex</span> <span class='ocrx_word' id='word_1_45' title='bbox 1433 758 1629 809; x_wconf 90' lang='lat' dir='ltr'>eadem</span> <span class='ocrx_word' id='word_1_46' title='bbox 1675 759 1974 810; x_wconf 84' lang='lat' dir='ltr'>occasione</span> <span class='ocrx_word' id='word_1_47' title='bbox 2018 761 2186 811; x_wconf 90' lang='lat' dir='ltr'>etiam</span> 
     </span>
    </p>
   </div>
   <div class='ocr_carea' id='block_1_9' title="bbox 554 827 2187 900">
    <p class='ocr_par' dir='ltr' id='par_1_9' title="bbox 554 827 2187 900">
     <span class='ocr_line' id='line_1_9' title="bbox 554 827 2187 900; baseline -0.002 -14"><span class='ocrx_word' id='word_1_48' title='bbox 554 836 794 900; x_wconf 89' lang='lat' dir='ltr'>scriptus</span> <span class='ocrx_word' id='word_1_49' title='bbox 822 831 1058 882; x_wconf 89' lang='lat' dir='ltr'>videtur.</span> <span class='ocrx_word' id='word_1_50' title='bbox 1093 827 1203 880; x_wconf 90' lang='lat' dir='ltr'>Sed</span> <span class='ocrx_word' id='word_1_51' title='bbox 1235 843 1365 879; x_wconf 90' lang='lat' dir='ltr'>cum</span> <span class='ocrx_word' id='word_1_52' title='bbox 1389 830 1447 879; x_wconf 91' lang='lat' dir='ltr'>in</span> <span class='ocrx_word' id='word_1_53' title='bbox 1492 829 1728 893; x_wconf 79' lang='lat' dir='ltr'>epistola</span> <span class='ocrx_word' id='word_1_54' title='bbox 1754 830 1825 879; x_wconf 84' lang='lat' dir='ltr'>ad</span> <span class='ocrx_word' id='word_1_55' title='bbox 1849 829 2187 893; x_wconf 82' lang='lat' dir='ltr'>Jubaianum,</span> 
     </span>
    </p>
   </div>
   <div class='ocr_carea' id='block_1_10' title="bbox 554 901 2188 964">
    <p class='ocr_par' dir='ltr' id='par_1_10' title="bbox 554 901 2188 964">
     <span class='ocr_line' id='line_1_10' title="bbox 554 901 2188 964; baseline -0.004 -6"><span class='ocrx_word' id='word_1_56' title='bbox 554 909 822 957; x_wconf 90' lang='lat' dir='ltr'>tractatus</span> <span class='ocrx_word' id='word_1_57' title='bbox 862 904 924 954; x_wconf 86' lang='lat' dir='ltr'>de</span> <span class='ocrx_word' id='word_1_58' title='bbox 972 901 1265 960; x_wconf 76' lang='lat' dir='ltr'>Patientia,</span> <span class='ocrx_word' id='word_1_59' title='bbox 1297 914 1410 950; x_wconf 91' lang='lat' dir='ltr'>non</span> <span class='ocrx_word' id='word_1_60' title='bbox 1462 906 1650 951; x_wconf 88' lang='lat' dir='ltr'>autem</span> <span class='ocrx_word' id='word_1_61' title='bbox 1681 901 1851 964; x_wconf 87' lang='lat' dir='ltr'>hujus</span> <span class='ocrx_word' id='word_1_62' title='bbox 1883 901 1946 951; x_wconf 88' lang='lat' dir='ltr'>de</span> <span class='ocrx_word' id='word_1_63' title='bbox 1981 901 2094 952; x_wconf 79' lang='lat' dir='ltr'>Zelo</span> <span class='ocrx_word' id='word_1_64' title='bbox 2137 906 2188 952; x_wconf 83' lang='lat' dir='ltr'>et</span> 
     </span>
    </p>
   </div>
   <div class='ocr_carea' id='block_1_11' title="bbox 548 971 2188 1035">
    <p class='ocr_par' dir='ltr' id='par_1_11' title="bbox 548 971 2188 1035">
     <span class='ocr_line' id='line_1_11' title="bbox 548 971 2188 1035; baseline -0.005 -5"><span class='ocrx_word' id='word_1_65' title='bbox 548 980 734 1030; x_wconf 79' lang='lat' dir='ltr'>Livore</span> <span class='ocrx_word' id='word_1_66' title='bbox 774 973 1086 1026; x_wconf 88' lang='lat' dir='ltr'>meminerit</span> <span class='ocrx_word' id='word_1_67' title='bbox 1121 971 1471 1035; x_wconf 79' lang='lat' dir='ltr'>Cyprianus;</span> <span class='ocrx_word' id='word_1_68' title='bbox 1519 986 1618 1034; x_wconf 70' lang='lat' dir='ltr'>pir</span> <span class='ocrx_word' id='word_1_69' title='bbox 1649 976 1731 1021; x_wconf 81' lang='lat' dir='ltr'>est</span> <span class='ocrx_word' id='word_1_70' title='bbox 1764 971 2011 1031; x_wconf 81' lang='lat' dir='ltr'>credere,</span> <span class='ocrx_word' id='word_1_71' title='bbox 2047 978 2188 1024; x_wconf 87' lang='lat' dir='ltr'>tem-</span> 
     </span>
    </p>
   </div>
   <div class='ocr_carea' id='block_1_12' title="bbox 553 1042 2188 1115">
    <p class='ocr_par' dir='ltr' id='par_1_12' title="bbox 553 1042 2188 1115">
     <span class='ocr_line' id='line_1_12' title="bbox 553 1042 2188 1115; baseline -0.003 -14"><span class='ocrx_word' id='word_1_72' title='bbox 553 1063 688 1115; x_wconf 88' lang='lat' dir='ltr'>pore</span> <span class='ocrx_word' id='word_1_73' title='bbox 741 1044 1056 1110; x_wconf 73' lang='lat' dir='ltr'>scriptionis</span> <span class='ocrx_word' id='word_1_74' title='bbox 1103 1044 1265 1115; x_wconf 85' lang='lat' dir='ltr'>istius</span> <span class='ocrx_word' id='word_1_75' title='bbox 1307 1042 1591 1115; x_wconf 62' lang='lat' dir='ltr'>epistolas,</span> <span class='ocrx_word' id='word_1_76' title='bbox 1646 1045 1883 1094; x_wconf 90' lang='lat' dir='ltr'>alterum</span> <span class='ocrx_word' id='word_1_77' title='bbox 1948 1045 2188 1096; x_wconf 90' lang='lat' dir='ltr'>duorum</span> 
     </span>
    </p>
   </div>
   <div class='ocr_carea' id='block_1_13' title="bbox 553 1114 2188 1173">
    <p class='ocr_par' dir='ltr' id='par_1_13' title="bbox 553 1114 2188 1173">
     <span class='ocr_line' id='line_1_13' title="bbox 553 1114 2188 1173; baseline -0.004 0"><span class='ocrx_word' id='word_1_78' title='bbox 553 1114 891 1173; x_wconf 80' lang='lat' dir='ltr'>tractatuum</span> <span class='ocrx_word' id='word_1_79' title='bbox 918 1114 1268 1166; x_wconf 88' lang='lat' dir='ltr'>solummodo</span> <span class='ocrx_word' id='word_1_80' title='bbox 1298 1114 1466 1164; x_wconf 82' lang='lat' dir='ltr'>fuisse</span> <span class='ocrx_word' id='word_1_81' title='bbox 1505 1115 1914 1166; x_wconf 89' lang='lat' dir='ltr'>elucubratum.</span> <span class='ocrx_word' id='word_1_82' title='bbox 1948 1115 2188 1168; x_wconf 82' lang='lat' dir='ltr'>Proinde</span> 
     </span>
    </p>
   </div>
   <div class='ocr_carea' id='block_1_14' title="bbox 555 1186 2186 1251">
    <p class='ocr_par' dir='ltr' id='par_1_14' title="bbox 555 1186 2186 1251">
     <span class='ocr_line' id='line_1_14' title="bbox 555 1186 2186 1251; baseline -0.002 -8"><span class='ocrx_word' id='word_1_83' title='bbox 555 1197 840 1244; x_wconf 81' lang='lat' dir='ltr'>auctorem</span> <span class='ocrx_word' id='word_1_84' title='bbox 868 1191 1121 1238; x_wconf 90' lang='lat' dir='ltr'>nostrum</span> <span class='ocrx_word' id='word_1_85' title='bbox 1155 1186 1308 1235; x_wconf 89' lang='lat' dir='ltr'>hunc</span> <span class='ocrx_word' id='word_1_86' title='bbox 1355 1198 1466 1234; x_wconf 92' lang='lat' dir='ltr'>non</span> <span class='ocrx_word' id='word_1_87' title='bbox 1509 1190 1638 1235; x_wconf 88' lang='lat' dir='ltr'>ante</span> <span class='ocrx_word' id='word_1_88' title='bbox 1674 1200 1886 1236; x_wconf 88' lang='lat' dir='ltr'>annum</span> <span class='ocrx_word' id='word_1_89' title='bbox 1934 1189 2186 1251; x_wconf 80' lang='lat' dir='ltr'>proxime</span> 
     </span>
    </p>
   </div>
   <div class='ocr_carea' id='block_1_15' title="bbox 558 1255 2187 1327">
    <p class='ocr_par' dir='ltr' id='par_1_15' title="bbox 558 1255 2187 1327">
     <span class='ocr_line' id='line_1_15' title="bbox 558 1255 2187 1327; baseline -0.004 -13"><span class='ocrx_word' id='word_1_90' title='bbox 558 1264 906 1327; x_wconf 86' lang='lat' dir='ltr'>sequentem,</span> <span class='ocrx_word' id='word_1_91' title='bbox 945 1256 1357 1327; x_wconf 15' lang='lat' dir='ltr'>nimirumi‘256,</span> <span class='ocrx_word' id='word_1_92' title='bbox 1402 1255 1661 1306; x_wconf 89' lang='lat' dir='ltr'>edidisse.</span> <span class='ocrx_word' id='word_1_93' title='bbox 1719 1257 1959 1308; x_wconf 77' lang='lat' dir='ltr'>Ulterius</span> <span class='ocrx_word' id='word_1_94' title='bbox 2003 1263 2187 1309; x_wconf 90' lang='lat' dir='ltr'>autem</span> 
     </span>
    </p>
   </div>
   <div class='ocr_carea' id='block_1_16' title="bbox 559 1326 2189 1396">
    <p class='ocr_par' dir='ltr' id='par_1_16' title="bbox 559 1326 2189 1396">
     <span class='ocr_line' id='line_1_16' title="bbox 559 1326 2189 1396; baseline -0.003 -11"><span class='ocrx_word' id='word_1_95' title='bbox 559 1326 702 1385; x_wconf 86' lang='lat' dir='ltr'>illud</span> <span class='ocrx_word' id='word_1_96' title='bbox 744 1345 885 1396; x_wconf 88' lang='lat' dir='ltr'>opus</span> <span class='ocrx_word' id='word_1_97' title='bbox 924 1329 1154 1378; x_wconf 87' lang='lat' dir='ltr'>minime</span> <span class='ocrx_word' id='word_1_98' title='bbox 1196 1326 1447 1388; x_wconf 83' lang='lat' dir='ltr'>dilatum,</span> <span class='ocrx_word' id='word_1_99' title='bbox 1481 1328 1685 1378; x_wconf 86' lang='lat' dir='ltr'>exinde</span> <span class='ocrx_word' id='word_1_100' title='bbox 1719 1328 2005 1389; x_wconf 90' lang='lat' dir='ltr'>suadetur,</span> <span class='ocrx_word' id='word_1_101' title='bbox 2037 1329 2189 1394; x_wconf 90' lang='lat' dir='ltr'>quod</span> 
     </span>
    </p>
   </div>
   <div class='ocr_carea' id='block_1_17' title="bbox 561 1399 2190 1466">
    <p class='ocr_par' dir='ltr' id='par_1_17' title="bbox 561 1399 2190 1466">
     <span class='ocr_line' id='line_1_17' title="bbox 561 1399 2190 1466; baseline -0.002 -10"><span class='ocrx_word' id='word_1_102' title='bbox 561 1406 748 1456; x_wconf 78' lang='lat' dir='ltr'>statim</span> <span class='ocrx_word' id='word_1_103' title='bbox 794 1400 1108 1466; x_wconf 90' lang='lat' dir='ltr'>persecutio</span> <span class='ocrx_word' id='word_1_104' title='bbox 1151 1399 1449 1461; x_wconf 76' lang='lat' dir='ltr'>ingrueret,</span> <span class='ocrx_word' id='word_1_105' title='bbox 1480 1411 1607 1461; x_wconf 69' lang='lat' dir='ltr'>qum</span> <span class='ocrx_word' id='word_1_106' title='bbox 1638 1399 1866 1462; x_wconf 89' lang='lat' dir='ltr'>publica</span> <span class='ocrx_word' id='word_1_107' title='bbox 1895 1400 2052 1452; x_wconf 87' lang='lat' dir='ltr'>clade</span> <span class='ocrx_word' id='word_1_108' title='bbox 2084 1402 2190 1465; x_wconf 90' lang='lat' dir='ltr'>pri-</span> 
     </span>
    </p>
   </div>
   <div class='ocr_carea' id='block_1_18' title="bbox 557 1469 2189 1534">
    <p class='ocr_par' dir='ltr' id='par_1_18' title="bbox 557 1469 2189 1534">
     <span class='ocr_line' id='line_1_18' title="bbox 557 1469 2189 1534; baseline -0.005 -5"><span class='ocrx_word' id='word_1_109' title='bbox 557 1481 710 1528; x_wconf 84' lang='lat' dir='ltr'>vatas</span> <span class='ocrx_word' id='word_1_110' title='bbox 760 1475 1090 1532; x_wconf 84' lang='lat' dir='ltr'>simultates,</span> <span class='ocrx_word' id='word_1_111' title='bbox 1129 1469 1605 1534; x_wconf 89' lang='lat' dir='ltr'>quemadmodum</span> <span class='ocrx_word' id='word_1_112' title='bbox 1651 1473 1829 1522; x_wconf 71' lang='lat' dir='ltr'>ruinae</span> <span class='ocrx_word' id='word_1_113' title='bbox 1876 1473 2058 1524; x_wconf 86' lang='lat' dir='ltr'>solent</span> <span class='ocrx_word' id='word_1_114' title='bbox 2101 1473 2189 1522; x_wconf 89' lang='lat' dir='ltr'>in-</span> 
     </span>
    </p>
   </div>
   <div class='ocr_carea' id='block_1_19' title="bbox 557 1543 2188 1609">
    <p class='ocr_par' dir='ltr' id='par_1_19' title="bbox 557 1543 2188 1609">
     <span class='ocr_line' id='line_1_19' title="bbox 557 1543 2188 1609; baseline -0.004 -7"><span class='ocrx_word' id='word_1_115' title='bbox 557 1548 775 1609; x_wconf 90' lang='lat' dir='ltr'>cendia,</span> <span class='ocrx_word' id='word_1_116' title='bbox 831 1545 1209 1607; x_wconf 81' lang='lat' dir='ltr'>exstingueret</span> <span class='ocrx_word' id='word_1_117' title='bbox 1262 1555 1274 1588; x_wconf 93' lang='lat'><strong>:</strong></span> <span class='ocrx_word' id='word_1_118' title='bbox 1333 1554 1576 1605; x_wconf 70' lang='lat' dir='ltr'>quaeque</span> <span class='ocrx_word' id='word_1_119' title='bbox 1630 1543 1796 1592; x_wconf 89' lang='lat' dir='ltr'>etiam</span> <span class='ocrx_word' id='word_1_120' title='bbox 1845 1543 2188 1608; x_wconf 84' lang='lat' dir='ltr'>Cyprianum</span> 
     </span>
    </p>
   </div>
   <div class='ocr_carea' id='block_1_20' title="bbox 557 1611 2190 1685">
    <p class='ocr_par' dir='ltr' id='par_1_20' title="bbox 557 1611 2190 1685">
     <span class='ocr_line' id='line_1_20' title="bbox 557 1611 2190 1685; baseline -0.003 -13"><span class='ocrx_word' id='word_1_121' title='bbox 557 1622 740 1685; x_wconf 90' lang='lat' dir='ltr'>ipsum</span> <span class='ocrx_word' id='word_1_122' title='bbox 757 1617 1014 1682; x_wconf 85' lang='lat' dir='ltr'>percutit,</span> <span class='ocrx_word' id='word_1_123' title='bbox 1042 1618 1097 1663; x_wconf 90' lang='lat' dir='ltr'>et</span> <span class='ocrx_word' id='word_1_124' title='bbox 1121 1611 1375 1685; x_wconf 90' lang='lat' dir='ltr'>Curubas</span> <span class='ocrx_word' id='word_1_125' title='bbox 1389 1612 1722 1685; x_wconf 78' lang='lat' dir='ltr'>amandavit.</span> <span class='ocrx_word' id='word_1_126' title='bbox 1742 1615 2018 1665; x_wconf 90' lang='lat' dir='ltr'>Libellum</span> <span class='ocrx_word' id='word_1_127' title='bbox 2036 1616 2190 1667; x_wconf 92' lang='lat' dir='ltr'>hunc</span> 
     </span>
    </p>
   </div>
   <div class='ocr_carea' id='block_1_21' title="bbox 556 1683 2190 1750">
    <p class='ocr_par' dir='ltr' id='par_1_21' title="bbox 556 1683 2190 1750">
     <span class='ocr_line' id='line_1_21' title="bbox 556 1683 2190 1750; baseline -0.01 -7"><span class='ocrx_word' id='word_1_128' title='bbox 556 1683 787 1743; x_wconf 71' lang='lat' dir='ltr'>Pontius</span> <span class='ocrx_word' id='word_1_129' title='bbox 825 1687 1109 1740; x_wconf 89' lang='lat' dir='ltr'>evidenter</span> <span class='ocrx_word' id='word_1_130' title='bbox 1142 1683 1412 1746; x_wconf 82' lang='lat' dir='ltr'>designat,</span> <span class='ocrx_word' id='word_1_131' title='bbox 1449 1683 1672 1747; x_wconf 89' lang='lat' dir='ltr'>quando</span> <span class='ocrx_word' id='word_1_132' title='bbox 1703 1686 1780 1737; x_wconf 88' lang='lat' dir='ltr'>ait</span> <span class='ocrx_word' id='word_1_133' title='bbox 1821 1702 1834 1736; x_wconf 90' lang='lat'><strong>:</strong></span> <span class='ocrx_word' id='word_1_134' title='bbox 1883 1704 1911 1732; x_wconf 82' lang='lat'><strong><em>«</em></strong></span> <span class='ocrx_word' id='word_1_135' title='bbox 1942 1687 2080 1750; x_wconf 79' lang='lat' dir='ltr'>Quis</span> <span class='ocrx_word' id='word_1_136' title='bbox 2128 1688 2190 1737; x_wconf 78' lang='lat' dir='ltr'>li-</span> 
     </span>
    </p>
   </div>
   <div class='ocr_carea' id='block_1_22' title="bbox 556 1756 2265 1853">
    <p class='ocr_par' dir='ltr' id='par_1_22' title="bbox 556 1756 2265 1853">
     <span class='ocr_line' id='line_1_22' title="bbox 556 1756 2265 1853; baseline -0.002 -40"><span class='ocrx_word' id='word_1_137' title='bbox 556 1776 750 1815; x_wconf 87' lang='lat' dir='ltr'>vorem</span> <span class='ocrx_word' id='word_1_138' title='bbox 776 1761 846 1811; x_wconf 90' lang='lat' dir='ltr'>de</span> <span class='ocrx_word' id='word_1_139' title='bbox 891 1761 1171 1810; x_wconf 86' lang='lat' dir='ltr'>venenata</span> <span class='ocrx_word' id='word_1_140' title='bbox 1215 1756 1440 1806; x_wconf 65' lang='lat' dir='ltr'>invidiae</span> <span class='ocrx_word' id='word_1_141' title='bbox 1472 1757 1810 1820; x_wconf 78' lang='lat' dir='ltr'>malignitate</span> <span class='ocrx_word' id='word_1_142' title='bbox 1853 1762 2265 1853; x_wconf 81' lang='lat' dir='ltr'>venientem,B</span> 
     </span>
     <span class='ocr_line' id='line_1_23' title="bbox 557 1828 2182 1853; baseline 0 0"><span class='ocrx_word' id='word_1_143' title='bbox 557 1833 845 1853; x_wconf 66' lang='lat' dir='ltr'>.I__I--.l:_-</span> <span class='ocrx_word' id='word_1_144' title='bbox 882 1829 1107 1853; x_wconf 61' lang='grc' dir='ltr'>..Α-...ΔΑΗ</span> <span class='ocrx_word' id='word_1_145' title='bbox 1158 1829 1412 1853; x_wconf 60' lang='grc' dir='ltr'>-ΑΙ--ιηκὲα</span> <span class='ocrx_word' id='word_1_146' title='bbox 1464 1828 1736 1853; x_wconf 51' lang='grc' dir='ltr'>ξηιιειυεωκι</span> <span class='ocrx_word' id='word_1_147' title='bbox 1769 1830 1796 1853; x_wconf 83' lang='grc' dir='ltr'>ο</span> <span class='ocrx_word' id='word_1_148' title='bbox 1843 1844 1865 1853; x_wconf 55' lang='grc' dir='ltr'>,ι</span> <span class='ocrx_word' id='word_1_149' title='bbox 1924 1830 2182 1853; x_wconf 62' lang='grc' dir='ltr'>Πξ..-,-1,ι...</span> 
     </span>
    </p>
   </div>
   <div class='ocr_carea' id='block_1_23' title="bbox 550 1828 2187 1893">
    <p class='ocr_par' dir='ltr' id='par_1_23' title="bbox 550 1828 2187 1893">
     <span class='ocr_line' id='line_1_24' title="bbox 550 1828 2187 1893; baseline -0.003 -8"><span class='ocrx_word' id='word_1_150' title='bbox 550 1833 848 1885; x_wconf 85' lang='lat' dir='ltr'>dulcedine</span> <span class='ocrx_word' id='word_1_151' title='bbox 882 1829 1111 1880; x_wconf 90' lang='lat' dir='ltr'>remedii</span> <span class='ocrx_word' id='word_1_152' title='bbox 1158 1829 1415 1878; x_wconf 88' lang='lat' dir='ltr'>salutaris</span> <span class='ocrx_word' id='word_1_153' title='bbox 1463 1828 1796 1879; x_wconf 81' lang='lat' dir='ltr'>inhiberet?</span> <span class='ocrx_word' id='word_1_154' title='bbox 1842 1844 1872 1876; x_wconf 85' lang='lat'>»</span> <span class='ocrx_word' id='word_1_155' title='bbox 1921 1830 2187 1893; x_wconf 88' lang='lat' dir='ltr'>Ejusdem</span> 
     </span>
    </p>
   </div>
   <div class='ocr_carea' id='block_1_24' title="bbox 557 1898 2191 1963">
    <p class='ocr_par' dir='ltr' id='par_1_24' title="bbox 557 1898 2191 1963">
     <span class='ocr_line' id='line_1_25' title="bbox 557 1898 2191 1963; baseline -0.002 -7"><span class='ocrx_word' id='word_1_156' title='bbox 557 1904 813 1956; x_wconf 89' lang='lat' dir='ltr'>meminit</span> <span class='ocrx_word' id='word_1_157' title='bbox 836 1903 1062 1953; x_wconf 89' lang='lat' dir='ltr'>Hieron.</span> <span class='ocrx_word' id='word_1_158' title='bbox 1093 1918 1122 1947; x_wconf 93' lang='grc'>‹‹</span> <span class='ocrx_word' id='word_1_159' title='bbox 1151 1901 1207 1949; x_wconf 91' lang='lat' dir='ltr'>in</span> <span class='ocrx_word' id='word_1_160' title='bbox 1246 1898 1560 1950; x_wconf 89' lang='lat' dir='ltr'>Comment.</span> <span class='ocrx_word' id='word_1_161' title='bbox 1595 1900 1653 1949; x_wconf 89' lang='lat' dir='ltr'>in</span> <span class='ocrx_word' id='word_1_162' title='bbox 1683 1900 1857 1963; x_wconf 90' lang='lat' dir='ltr'>Epist.</span> <span class='ocrx_word' id='word_1_163' title='bbox 1906 1903 1974 1951; x_wconf 84' lang='lat' dir='ltr'>ad</span> <span class='ocrx_word' id='word_1_164' title='bbox 2018 1901 2191 1952; x_wconf 82' lang='lat' dir='ltr'>Galat.</span> 
     </span>
    </p>
   </div>
   <div class='ocr_carea' id='block_1_25' title="bbox 560 1970 2194 2037">
    <p class='ocr_par' dir='ltr' id='par_1_25' title="bbox 560 1970 2194 2037">
     <span class='ocr_line' id='line_1_26' title="bbox 560 1970 2194 2037; baseline -0.002 -9"><span class='ocrx_word' id='word_1_165' title='bbox 560 1991 607 2029; x_wconf 94' lang='lat' dir='ltr'>c.</span> <span class='ocrx_word' id='word_1_166' title='bbox 633 1991 688 2036; x_wconf 89' lang='lat' dir='ltr'>v,</span> <span class='ocrx_word' id='word_1_167' title='bbox 723 1975 821 2026; x_wconf 90' lang='lat' dir='ltr'>ubi</span> <span class='ocrx_word' id='word_1_168' title='bbox 865 1972 1106 2037; x_wconf 90' lang='lat' dir='ltr'>appellat</span> <span class='ocrx_word' id='word_1_169' title='bbox 1139 1987 1169 2018; x_wconf 66' lang='grc' dir='ltr'><strong><em>ς</em></strong></span> <span class='ocrx_word' id='word_1_170' title='bbox 1210 1970 1416 2020; x_wconf 90' lang='lat' dir='ltr'>librum</span> <span class='ocrx_word' id='word_1_171' title='bbox 1447 1971 1516 2020; x_wconf 92' lang='lat' dir='ltr'>de</span> <span class='ocrx_word' id='word_1_172' title='bbox 1546 1971 1673 2021; x_wconf 92' lang='lat' dir='ltr'>Zelo</span> <span class='ocrx_word' id='word_1_173' title='bbox 1708 1974 1761 2021; x_wconf 89' lang='lat' dir='ltr'>et</span> <span class='ocrx_word' id='word_1_174' title='bbox 1792 1972 1988 2024; x_wconf 89' lang='lat' dir='ltr'>Livore</span> <span class='ocrx_word' id='word_1_175' title='bbox 2033 1973 2194 2024; x_wconf 82' lang='lat' dir='ltr'>valde</span> 
     </span>
    </p>
   </div>
   <div class='ocr_carea' id='block_1_26' title="bbox 561 2041 2194 2112">
    <p class='ocr_par' dir='ltr' id='par_1_26' title="bbox 561 2041 2194 2112">
     <span class='ocr_line' id='line_1_27' title="bbox 561 2041 2194 2112; baseline -0.003 -13"><span class='ocrx_word' id='word_1_176' title='bbox 561 2048 834 2112; x_wconf 90' lang='lat' dir='ltr'>optimum</span> <span class='ocrx_word' id='word_1_177' title='bbox 861 2044 987 2108; x_wconf 89' lang='lat' dir='ltr'>(hoc</span> <span class='ocrx_word' id='word_1_178' title='bbox 1015 2041 1200 2092; x_wconf 88' lang='lat' dir='ltr'>addito</span> <span class='ocrx_word' id='word_1_179' title='bbox 1252 2041 1472 2104; x_wconf 88' lang='lat' dir='ltr'>elogio),</span> <span class='ocrx_word' id='word_1_180' title='bbox 1499 2055 1668 2105; x_wconf 90' lang='lat' dir='ltr'>quem</span> <span class='ocrx_word' id='word_1_181' title='bbox 1705 2043 1800 2105; x_wconf 90' lang='lat' dir='ltr'>qui</span> <span class='ocrx_word' id='word_1_182' title='bbox 1835 2043 2049 2106; x_wconf 88' lang='lat' dir='ltr'>legerit,</span> <span class='ocrx_word' id='word_1_183' title='bbox 2082 2057 2194 2095; x_wconf 90' lang='lat' dir='ltr'>non</span> 
     </span>
    </p>
   </div>
   <div class='ocr_carea' id='block_1_27' title="bbox 565 2113 2194 2176">
    <p class='ocr_par' dir='ltr' id='par_1_27' title="bbox 565 2113 2194 2176">
     <span class='ocr_line' id='line_1_28' title="bbox 565 2113 2194 2176; baseline -0.003 -6"><span class='ocrx_word' id='word_1_184' title='bbox 565 2117 843 2170; x_wconf 88' lang='lat' dir='ltr'>dubitabit</span> <span class='ocrx_word' id='word_1_185' title='bbox 890 2125 1260 2165; x_wconf 90' lang='lat' dir='ltr'>annumerare</span> <span class='ocrx_word' id='word_1_186' title='bbox 1306 2113 1569 2176; x_wconf 85' lang='lat' dir='ltr'>Operibus</span> <span class='ocrx_word' id='word_1_187' title='bbox 1609 2114 1790 2164; x_wconf 89' lang='lat' dir='ltr'>carnis</span> <span class='ocrx_word' id='word_1_188' title='bbox 1835 2115 2116 2165; x_wconf 89' lang='lat' dir='ltr'>invidiam.</span> <span class='ocrx_word' id='word_1_189' title='bbox 2163 2131 2194 2164; x_wconf 80' lang='grc'><strong>»</strong></span> 
     </span>
    </p>
   </div>
   <div class='ocr_carea' id='block_1_28' title="bbox 562 2183 2197 2247">
    <p class='ocr_par' dir='ltr' id='par_1_28' title="bbox 562 2183 2197 2247">
     <span class='ocr_line' id='line_1_29' title="bbox 562 2183 2197 2247; baseline -0.002 -8"><span class='ocrx_word' id='word_1_190' title='bbox 562 2191 777 2240; x_wconf 88' lang='lat' dir='ltr'>Pariter</span> <span class='ocrx_word' id='word_1_191' title='bbox 827 2185 1021 2236; x_wconf 91' lang='lat' dir='ltr'>laudat</span> <span class='ocrx_word' id='word_1_192' title='bbox 1065 2184 1382 2246; x_wconf 58' lang='lat' dir='ltr'>Augustin,</span> <span class='ocrx_word' id='word_1_193' title='bbox 1436 2183 1535 2233; x_wconf 88' lang='lat' dir='ltr'>lib.</span> <span class='ocrx_word' id='word_1_194' title='bbox 1582 2198 1659 2247; x_wconf 87' lang='lat' dir='ltr'>IV,</span> <span class='ocrx_word' id='word_1_195' title='bbox 1701 2198 1747 2235; x_wconf 91' lang='lat' dir='ltr'>c.</span> <span class='ocrx_word' id='word_1_196' title='bbox 1797 2186 1846 2247; x_wconf 91' lang='lat'>8,</span> <span class='ocrx_word' id='word_1_197' title='bbox 1897 2186 1946 2247; x_wconf 87' lang='lat'>9,</span> <span class='ocrx_word' id='word_1_198' title='bbox 2005 2188 2083 2247; x_wconf 83' lang='grc'>11,</span> <span class='ocrx_word' id='word_1_199' title='bbox 2127 2187 2197 2236; x_wconf 86' lang='lat' dir='ltr'>De</span> 
     </span>
    </p>
   </div>
   <div class='ocr_carea' id='block_1_29' title="bbox 562 2256 2194 2323">
    <p class='ocr_par' dir='ltr' id='par_1_29' title="bbox 562 2256 2194 2323">
     <span class='ocr_line' id='line_1_30' title="bbox 562 2256 2194 2323; baseline -0.001 -13"><span class='ocrx_word' id='word_1_200' title='bbox 562 2260 846 2323; x_wconf 68' lang='lat' dir='ltr'>Baptism,</span> <span class='ocrx_word' id='word_1_201' title='bbox 910 2259 1096 2307; x_wconf 85' lang='lat' dir='ltr'>contra</span> <span class='ocrx_word' id='word_1_202' title='bbox 1143 2256 1468 2313; x_wconf 76' lang='lat' dir='ltr'>Donatistae,</span> <span class='ocrx_word' id='word_1_203' title='bbox 1525 2260 1581 2307; x_wconf 89' lang='lat' dir='ltr'>et</span> <span class='ocrx_word' id='word_1_204' title='bbox 1635 2257 1801 2307; x_wconf 82' lang='lat' dir='ltr'>etiam</span> <span class='ocrx_word' id='word_1_205' title='bbox 1853 2256 1889 2306; x_wconf 92' lang='lat' dir='ltr'>l.</span> <span class='ocrx_word' id='word_1_206' title='bbox 1929 2271 1982 2315; x_wconf 90' lang='lat' dir='ltr'>v,</span> <span class='ocrx_word' id='word_1_207' title='bbox 2026 2271 2074 2308; x_wconf 93' lang='lat' dir='ltr'>c.</span> <span class='ocrx_word' id='word_1_208' title='bbox 2115 2259 2194 2308; x_wconf 79' lang='grc'>14.</span> 
     </span>
    </p>
   </div>
   <div class='ocr_carea' id='block_1_30' title="bbox 567 2325 2192 2393">
    <p class='ocr_par' dir='ltr' id='par_1_30' title="bbox 567 2325 2192 2393">
     <span class='ocr_line' id='line_1_31' title="bbox 567 2325 2192 2393; baseline -0.002 -11"><span class='ocrx_word' id='word_1_209' title='bbox 567 2331 717 2382; x_wconf 89' lang='lat' dir='ltr'>Citat</span> <span class='ocrx_word' id='word_1_210' title='bbox 767 2330 935 2380; x_wconf 85' lang='lat' dir='ltr'>etiam</span> <span class='ocrx_word' id='word_1_211' title='bbox 981 2325 1131 2378; x_wconf 80' lang='lat' dir='ltr'>Beda</span> <span class='ocrx_word' id='word_1_212' title='bbox 1180 2329 1403 2376; x_wconf 87' lang='lat' dir='ltr'>nostras</span> <span class='ocrx_word' id='word_1_213' title='bbox 1455 2327 1511 2376; x_wconf 93' lang='lat' dir='ltr'>in</span> <span class='ocrx_word' id='word_1_214' title='bbox 1553 2341 1572 2377; x_wconf 78' lang='grc' dir='ltr'>ι</span> <span class='ocrx_word' id='word_1_215' title='bbox 1621 2327 1796 2393; x_wconf 87' lang='lat' dir='ltr'>Epist.</span> <span class='ocrx_word' id='word_1_216' title='bbox 1835 2328 1902 2378; x_wconf 94' lang='lat' dir='ltr'>D.</span> <span class='ocrx_word' id='word_1_217' title='bbox 1945 2329 2107 2391; x_wconf 78' lang='lat' dir='ltr'>Petri,</span> <span class='ocrx_word' id='word_1_218' title='bbox 2145 2343 2192 2380; x_wconf 93' lang='lat' dir='ltr'>c.</span> 
     </span>
    </p>
   </div>
   <div class='ocr_carea' id='block_1_31' title="bbox 562 2403 666 2454">
    <p class='ocr_par' dir='ltr' id='par_1_31' title="bbox 562 2403 666 2454">
     <span class='ocr_line' id='line_1_32' title="bbox 562 2403 666 2454; baseline -0.029 0"><span class='ocrx_word' id='word_1_219' title='bbox 562 2403 666 2454; x_wconf 91' lang='lat' dir='ltr'>ult.</span> 
     </span>
    </p>
   </div>
   <div class='ocr_carea' id='block_1_32' title="bbox 625 2468 2197 2536">
    <p class='ocr_par' dir='ltr' id='par_1_32' title="bbox 625 2468 2197 2536">
     <span class='ocr_line' id='line_1_33' title="bbox 625 2468 2197 2536; baseline -0.004 -10"><span class='ocrx_word' id='word_1_220' title='bbox 625 2475 846 2536; x_wconf 85' lang='lat' dir='ltr'>Circuit,</span> <span class='ocrx_word' id='word_1_221' title='bbox 881 2471 1120 2536; x_wconf 82' lang='lat' dir='ltr'>aliquem</span> <span class='ocrx_word' id='word_1_222' title='bbox 1147 2468 1401 2519; x_wconf 81' lang='lat' dir='ltr'>devorare</span> <span class='ocrx_word' id='word_1_223' title='bbox 1437 2483 1690 2534; x_wconf 73' lang='lat' dir='ltr'>quaerens.</span> <span class='ocrx_word' id='word_1_224' title='bbox 1738 2471 1802 2520; x_wconf 94' lang='lat' dir='ltr'>In</span> <span class='ocrx_word' id='word_1_225' title='bbox 1847 2483 2004 2522; x_wconf 91' lang='lat' dir='ltr'>sacro</span> <span class='ocrx_word' id='word_1_226' title='bbox 2042 2475 2197 2522; x_wconf 83' lang='lat' dir='ltr'>textu</span> 
     </span>
    </p>
   </div>
   <div class='ocr_carea' id='block_1_33' title="bbox 562 2538 2198 2612">
    <p class='ocr_par' dir='ltr' id='par_1_33' title="bbox 562 2538 2198 2612">
     <span class='ocr_line' id='line_1_34' title="bbox 562 2538 2198 2612; baseline -0.004 -16"><span class='ocrx_word' id='word_1_227' title='bbox 562 2551 809 2612; x_wconf 83' lang='grc' dir='ltr'>περιπατεῖ</span> <span class='ocrx_word' id='word_1_228' title='bbox 863 2542 1088 2609; x_wconf 86' lang='lat' dir='ltr'>plurimi</span> <span class='ocrx_word' id='word_1_229' title='bbox 1152 2538 1387 2612; x_wconf 84' lang='lat' dir='ltr'>codices</span> <span class='ocrx_word' id='word_1_230' title='bbox 1433 2554 1563 2591; x_wconf 87' lang='lat' dir='ltr'>mss.</span> <span class='ocrx_word' id='word_1_231' title='bbox 1631 2541 1841 2592; x_wconf 83' lang='lat' dir='ltr'>habent</span> <span class='ocrx_word' id='word_1_232' title='bbox 1899 2542 2198 2607; x_wconf 81' lang='grc' dir='ltr'>περίεσχεται</span> 
     </span>
    </p>
   </div>
   <div class='ocr_carea' id='block_1_34' title="bbox 564 2610 2198 2670">
    <p class='ocr_par' dir='ltr' id='par_1_34' title="bbox 564 2610 2198 2670">
     <span class='ocr_line' id='line_1_35' title="bbox 564 2610 2198 2670; baseline -0.005 0"><span class='ocrx_word' id='word_1_233' title='bbox 564 2610 646 2670; x_wconf 83' lang='lat' dir='ltr'>Ita</span> <span class='ocrx_word' id='word_1_234' title='bbox 675 2617 937 2668; x_wconf 60' lang='lat' dir='ltr'>Israelita</span> <span class='ocrx_word' id='word_1_235' title='bbox 962 2614 1158 2664; x_wconf 90' lang='lat' dir='ltr'>urbem</span> <span class='ocrx_word' id='word_1_236' title='bbox 1195 2610 1612 2663; x_wconf 86' lang='lat' dir='ltr'>Hierichuntem</span> <span class='ocrx_word' id='word_1_237' title='bbox 1643 2613 2198 2664; x_wconf 90' lang='lat' dir='ltr'>circumambulando</span> 
     </span>
    </p>
   </div>
   <div class='ocr_carea' id='block_1_35' title="bbox 567 2676 2198 2750">
    <p class='ocr_par' dir='ltr' id='par_1_35' title="bbox 567 2676 2198 2750">
     <span class='ocr_line' id='line_1_36' title="bbox 567 2676 2198 2750; baseline -0.004 -10"><span class='ocrx_word' id='word_1_238' title='bbox 567 2688 942 2741; x_wconf 86' lang='lat' dir='ltr'>destruebant.</span> <span class='ocrx_word' id='word_1_239' title='bbox 1265 2685 1330 2735; x_wconf 92' lang='lat' dir='ltr'>In</span> <span class='ocrx_word' id='word_1_240' title='bbox 1360 2683 1503 2734; x_wconf 90' lang='lat' dir='ltr'>libro</span> <span class='ocrx_word' id='word_1_241' title='bbox 1537 2683 1651 2746; x_wconf 87' lang='lat' dir='ltr'>Job,</span> <span class='ocrx_word' id='word_1_242' title='bbox 1699 2683 1901 2734; x_wconf 90' lang='lat' dir='ltr'>dicitur</span> <span class='ocrx_word' id='word_1_243' title='bbox 1944 2682 2198 2734; x_wconf 88' lang='lat' dir='ltr'>diabolus</span> 
     </span>
    </p>
   </div>
   <div class='ocr_carea' id='block_1_36' title="bbox 566 2754 2199 2821">
    <p class='ocr_par' dir='ltr' id='par_1_36' title="bbox 566 2754 2199 2821">
     <span class='ocr_line' id='line_1_37' title="bbox 566 2754 2199 2821; baseline -0.004 -9"><span class='ocrx_word' id='word_1_244' title='bbox 566 2761 758 2812; x_wconf 89' lang='lat' dir='ltr'>orbem</span> <span class='ocrx_word' id='word_1_245' title='bbox 783 2770 1062 2821; x_wconf 88' lang='lat' dir='ltr'>pererrare</span> <span class='ocrx_word' id='word_1_246' title='bbox 1088 2771 1102 2816; x_wconf 90' lang='lat'><strong>;</strong></span> <span class='ocrx_word' id='word_1_247' title='bbox 1134 2757 1228 2809; x_wconf 84' lang='lat' dir='ltr'>hic</span> <span class='ocrx_word' id='word_1_248' title='bbox 1274 2769 1369 2806; x_wconf 83' lang='lat' dir='ltr'>nos</span> <span class='ocrx_word' id='word_1_249' title='bbox 1400 2755 1638 2818; x_wconf 84' lang='lat' dir='ltr'>singulos</span> <span class='ocrx_word' id='word_1_250' title='bbox 1682 2755 1905 2805; x_wconf 80' lang='lat' dir='ltr'>circuire</span> <span class='ocrx_word' id='word_1_251' title='bbox 1947 2754 2199 2818; x_wconf 88' lang='lat' dir='ltr'>perhibe-</span> 
     </span>
    </p>
   </div>
   <div class='ocr_carea' id='block_1_37' title="bbox 567 2826 2199 2891">
    <p class='ocr_par' dir='ltr' id='par_1_37' title="bbox 567 2826 2199 2891">
     <span class='ocr_line' id='line_1_38' title="bbox 567 2826 2199 2891; baseline -0.004 -8"><span class='ocrx_word' id='word_1_252' title='bbox 567 2837 686 2884; x_wconf 87' lang='lat' dir='ltr'>tur:</span> <span class='ocrx_word' id='word_1_253' title='bbox 735 2832 811 2882; x_wconf 90' lang='lat' dir='ltr'>ita</span> <span class='ocrx_word' id='word_1_254' title='bbox 850 2831 1098 2880; x_wconf 89' lang='lat' dir='ltr'>intentus</span> <span class='ocrx_word' id='word_1_255' title='bbox 1133 2830 1188 2880; x_wconf 91' lang='lat' dir='ltr'>in</span> <span class='ocrx_word' id='word_1_256' title='bbox 1237 2829 1720 2891; x_wconf 85' lang='lat' dir='ltr'>uniuscujusque,</span> <span class='ocrx_word' id='word_1_257' title='bbox 1746 2830 1809 2876; x_wconf 89' lang='lat' dir='ltr'>ut</span> <span class='ocrx_word' id='word_1_258' title='bbox 1850 2827 1907 2877; x_wconf 92' lang='lat' dir='ltr'>in</span> <span class='ocrx_word' id='word_1_259' title='bbox 1949 2826 2199 2877; x_wconf 91' lang='lat' dir='ltr'>omnium</span> 
     </span>
    </p>
   </div>
   <div class='ocr_carea' id='block_1_38' title="bbox 568 2904 893 2971">
    <p class='ocr_par' dir='ltr' id='par_1_38' title="bbox 568 2904 893 2971">
     <span class='ocr_line' id='line_1_39' title="bbox 568 2904 893 2971; baseline -0.009 -16"><span class='ocrx_word' id='word_1_260' title='bbox 568 2904 893 2971; x_wconf 89' lang='lat' dir='ltr'>perniciem.</span> 
     </span>
    </p>
   </div>
   <div class='ocr_carea' id='block_1_39' title="bbox 629 2968 2202 3040">
    <p class='ocr_par' dir='ltr' id='par_1_39' title="bbox 629 2968 2202 3040">
     <span class='ocr_line' id='line_1_40' title="bbox 629 2968 2202 3040; baseline -0.005 -15"><span class='ocrx_word' id='word_1_261' title='bbox 629 2977 745 3040; x_wconf 84' lang='lat' dir='ltr'>Ipse</span> <span class='ocrx_word' id='word_1_262' title='bbox 768 2972 881 3024; x_wconf 83' lang='lat' dir='ltr'>zelo</span> <span class='ocrx_word' id='word_1_263' title='bbox 918 2977 1041 3023; x_wconf 91' lang='lat' dir='ltr'>ante</span> <span class='ocrx_word' id='word_1_264' title='bbox 1077 2972 1318 3036; x_wconf 81' lang='lat' dir='ltr'>dejectus.</span> <span class='ocrx_word' id='word_1_265' title='bbox 1363 2970 1508 3022; x_wconf 92' lang='lat' dir='ltr'>Sunt</span> <span class='ocrx_word' id='word_1_266' title='bbox 1547 2969 1644 3033; x_wconf 91' lang='lat' dir='ltr'>qui</span> <span class='ocrx_word' id='word_1_267' title='bbox 1695 2968 1973 3033; x_wconf 75' lang='lat' dir='ltr'>superbire</span> <span class='ocrx_word' id='word_1_268' title='bbox 2016 2968 2202 3040; x_wconf 81' lang='lat' dir='ltr'>potius</span> 
     </span>
    </p>
   </div>
   <div class='ocr_carea' id='block_1_40' title="bbox 571 3038 2203 3112">
    <p class='ocr_par' dir='ltr' id='par_1_40' title="bbox 571 3038 2203 3112">
     <span class='ocr_line' id='line_1_41' title="bbox 571 3038 2203 3112; baseline -0.006 -15"><span class='ocrx_word' id='word_1_269' title='bbox 571 3038 741 3112; x_wconf 84' lang='lat' dir='ltr'>quam</span> <span class='ocrx_word' id='word_1_270' title='bbox 790 3044 1036 3105; x_wconf 66' lang='lat' dir='ltr'>invidias,</span> <span class='ocrx_word' id='word_1_271' title='bbox 1086 3042 1412 3106; x_wconf 79' lang='lat' dir='ltr'>angelorum</span> <span class='ocrx_word' id='word_1_272' title='bbox 1470 3041 1687 3112; x_wconf 73' lang='lat' dir='ltr'>lapsum</span> <span class='ocrx_word' id='word_1_273' title='bbox 1739 3041 2047 3104; x_wconf 90' lang='lat' dir='ltr'>imputant;</span> <span class='ocrx_word' id='word_1_274' title='bbox 2106 3038 2203 3089; x_wconf 91' lang='lat' dir='ltr'>sed</span> 
     </span>
    </p>
   </div>
   <div class='ocr_carea' id='block_1_41' title="bbox 569 3111 2203 3173">
    <p class='ocr_par' dir='ltr' id='par_1_41' title="bbox 569 3111 2203 3173">
     <span class='ocr_line' id='line_1_42' title="bbox 569 3111 2203 3173; baseline -0.006 -4"><span class='ocrx_word' id='word_1_275' title='bbox 569 3111 710 3169; x_wconf 78' lang='lat' dir='ltr'>adeo</span> <span class='ocrx_word' id='word_1_276' title='bbox 737 3115 1023 3166; x_wconf 91' lang='lat' dir='ltr'>individuo</span> <span class='ocrx_word' id='word_1_277' title='bbox 1051 3127 1202 3165; x_wconf 83' lang='lat' dir='ltr'>nexu</span> <span class='ocrx_word' id='word_1_278' title='bbox 1235 3113 1370 3163; x_wconf 89' lang='lat' dir='ltr'>vitia</span> <span class='ocrx_word' id='word_1_279' title='bbox 1410 3112 1515 3162; x_wconf 90' lang='lat' dir='ltr'>ista</span> <span class='ocrx_word' id='word_1_280' title='bbox 1543 3111 1843 3173; x_wconf 57' lang='lat' dir='ltr'>cohaerent,</span> <span class='ocrx_word' id='word_1_281' title='bbox 1870 3114 1931 3160; x_wconf 93' lang='lat' dir='ltr'>ut</span> <span class='ocrx_word' id='word_1_282' title='bbox 1971 3111 2203 3161; x_wconf 89' lang='lat' dir='ltr'>seorsim</span> 
     </span>
    </p>
   </div>
   <div class='ocr_carea' id='block_1_42' title="bbox 571 3182 2203 3250">
    <p class='ocr_par' dir='ltr' id='par_1_42' title="bbox 571 3182 2203 3250">
     <span class='ocr_line' id='line_1_43' title="bbox 571 3182 2203 3250; baseline -0.005 -10"><span class='ocrx_word' id='word_1_283' title='bbox 571 3189 875 3240; x_wconf 88' lang='lat' dir='ltr'>consistere</span> <span class='ocrx_word' id='word_1_284' title='bbox 896 3189 1161 3239; x_wconf 90' lang='lat' dir='ltr'>neutrum</span> <span class='ocrx_word' id='word_1_285' title='bbox 1186 3185 1363 3250; x_wconf 90' lang='lat' dir='ltr'>possit</span> <span class='ocrx_word' id='word_1_286' title='bbox 1391 3199 1402 3232; x_wconf 92' lang='lat'><strong>:</strong></span> <span class='ocrx_word' id='word_1_287' title='bbox 1434 3183 1546 3233; x_wconf 90' lang='lat' dir='ltr'>imo</span> <span class='ocrx_word' id='word_1_288' title='bbox 1574 3182 1809 3233; x_wconf 91' lang='lat' dir='ltr'>alterum</span> <span class='ocrx_word' id='word_1_289' title='bbox 1831 3182 1988 3232; x_wconf 88' lang='lat' dir='ltr'>alteri</span> <span class='ocrx_word' id='word_1_290' title='bbox 2004 3195 2203 3247; x_wconf 89' lang='lat' dir='ltr'>parens</span> 
     </span>
    </p>
   </div>
   <div class='ocr_carea' id='block_1_43' title="bbox 572 3259 1161 3324">
    <p class='ocr_par' dir='ltr' id='par_1_43' title="bbox 572 3259 1161 3324">
     <span class='ocr_line' id='line_1_44' title="bbox 572 3259 1161 3324; baseline -0.007 -13"><span class='ocrx_word' id='word_1_291' title='bbox 572 3261 742 3312; x_wconf 89' lang='lat' dir='ltr'>simul</span> <span class='ocrx_word' id='word_1_292' title='bbox 775 3261 847 3311; x_wconf 90' lang='lat' dir='ltr'>sit</span> <span class='ocrx_word' id='word_1_293' title='bbox 872 3264 928 3311; x_wconf 92' lang='lat' dir='ltr'>et</span> <span class='ocrx_word' id='word_1_294' title='bbox 959 3259 1161 3324; x_wconf 86' lang='lat' dir='ltr'>proles.</span> 
     </span>
    </p>
   </div>
   <div class='ocr_carea' id='block_1_44' title="bbox 634 3323 2203 3395">
    <p class='ocr_par' dir='ltr' id='par_1_44' title="bbox 634 3323 2203 3395">
     <span class='ocr_line' id='line_1_45' title="bbox 634 3323 2203 3395; baseline -0.007 -10"><span class='ocrx_word' id='word_1_295' title='bbox 634 3332 795 3385; x_wconf 84' lang='lat' dir='ltr'>Livor</span> <span class='ocrx_word' id='word_1_296' title='bbox 843 3323 1149 3395; x_wconf 71' lang='lat' dir='ltr'>exponitur.</span> <span class='ocrx_word' id='word_1_297' title='bbox 1204 3327 1250 3380; x_wconf 88' lang='lat' dir='ltr'><strong>E</strong></span> <span class='ocrx_word' id='word_1_298' title='bbox 1299 3325 1485 3378; x_wconf 90' lang='lat' dir='ltr'>medio</span> <span class='ocrx_word' id='word_1_299' title='bbox 1541 3324 1770 3388; x_wconf 87' lang='lat' dir='ltr'>tollitur,</span> <span class='ocrx_word' id='word_1_300' title='bbox 1816 3337 1884 3375; x_wconf 85' lang='lat' dir='ltr'>ex</span> <span class='ocrx_word' id='word_1_301' title='bbox 1939 3323 2203 3374; x_wconf 89' lang='lat' dir='ltr'>idiomate</span> 
     </span>
    </p>
   </div>
   <div class='ocr_carea' id='block_1_45' title="bbox 2348 469 3851 540">
    <p class='ocr_par' dir='ltr' id='par_1_45' title="bbox 2348 469 3851 540">
     <span class='ocr_line' id='line_1_46' title="bbox 2348 469 3851 540; baseline 0.006 -19"><span class='ocrx_word' id='word_1_302' title='bbox 2348 472 2710 535; x_wconf 84' lang='lat' dir='ltr'>Rapacitatem</span> <span class='ocrx_word' id='word_1_303' title='bbox 2746 473 2944 524; x_wconf 76' lang='lat' dir='ltr'>statuit.</span> <span class='ocrx_word' id='word_1_304' title='bbox 2987 469 3303 522; x_wconf 89' lang='lat' dir='ltr'>Consistere</span> <span class='ocrx_word' id='word_1_305' title='bbox 3333 471 3495 534; x_wconf 81' lang='lat' dir='ltr'>facit;</span> <span class='ocrx_word' id='word_1_306' title='bbox 3538 473 3755 540; x_wconf 87' lang='lat' dir='ltr'>cohibet,</span> <span class='ocrx_word' id='word_1_307' title='bbox 3787 481 3851 530; x_wconf 86' lang='lat' dir='ltr'>ita</span> 
     </span>
    </p>
   </div>
   <div class='ocr_carea' id='block_1_46' title="bbox 2285 543 3484 604">
    <p class='ocr_par' dir='ltr' id='par_1_46' title="bbox 2285 543 3484 604">
     <span class='ocr_line' id='line_1_47' title="bbox 2285 543 3484 604; baseline 0.003 -15"><span class='ocrx_word' id='word_1_308' title='bbox 2285 551 2451 604; x_wconf 83' lang='lat' dir='ltr'>supra</span> <span class='ocrx_word' id='word_1_309' title='bbox 2477 543 2703 595; x_wconf 86' lang='lat' dir='ltr'>siccitas</span> <span class='ocrx_word' id='word_1_310' title='bbox 2735 545 2940 594; x_wconf 90' lang='lat' dir='ltr'>dicitur</span> <span class='ocrx_word' id='word_1_311' title='bbox 2968 543 3204 594; x_wconf 84' lang='lat' dir='ltr'>flumina</span> <span class='ocrx_word' id='word_1_312' title='bbox 3229 545 3484 594; x_wconf 86' lang='lat' dir='ltr'>statuere.</span> 
     </span>
    </p>
   </div>
   <div class='ocr_carea' id='block_1_47' title="bbox 2357 615 3851 686">
    <p class='ocr_par' dir='ltr' id='par_1_47' title="bbox 2357 615 3851 686">
     <span class='ocr_line' id='line_1_48' title="bbox 2357 615 3851 686; baseline 0.005 -22"><span class='ocrx_word' id='word_1_313' title='bbox 2357 615 2562 667; x_wconf 81' lang='lat' dir='ltr'>Videris</span> <span class='ocrx_word' id='word_1_314' title='bbox 2583 630 2738 682; x_wconf 85' lang='lat' dir='ltr'>quam</span> <span class='ocrx_word' id='word_1_315' title='bbox 2766 619 2861 667; x_wconf 81' lang='lat' dir='ltr'>sis.</span> <span class='ocrx_word' id='word_1_316' title='bbox 2905 615 3257 676; x_wconf 89' lang='lat' dir='ltr'>Consideres,</span> <span class='ocrx_word' id='word_1_317' title='bbox 3285 619 3514 679; x_wconf 89' lang='lat' dir='ltr'>reputes.</span> <span class='ocrx_word' id='word_1_318' title='bbox 3541 616 3618 668; x_wconf 92' lang='lat' dir='ltr'>De</span> <span class='ocrx_word' id='word_1_319' title='bbox 3646 615 3737 670; x_wconf 87' lang='lat' dir='ltr'>hac</span> <span class='ocrx_word' id='word_1_320' title='bbox 3764 618 3851 686; x_wconf 78' lang='lat' dir='ltr'>Cy-</span> 
     </span>
    </p>
   </div>
   <div class='ocr_carea' id='block_1_48' title="bbox 2285 686 3512 752">
    <p class='ocr_par' dir='ltr' id='par_1_48' title="bbox 2285 686 3512 752">
     <span class='ocr_line' id='line_1_49' title="bbox 2285 686 3512 752; baseline -0.002 -16"><span class='ocrx_word' id='word_1_321' title='bbox 2285 687 2463 751; x_wconf 88' lang='lat' dir='ltr'>priani</span> <span class='ocrx_word' id='word_1_322' title='bbox 2484 687 2670 751; x_wconf 90' lang='lat' dir='ltr'>phrasi</span> <span class='ocrx_word' id='word_1_323' title='bbox 2699 689 2916 752; x_wconf 89' lang='lat' dir='ltr'>egimus</span> <span class='ocrx_word' id='word_1_324' title='bbox 2951 688 3009 737; x_wconf 91' lang='lat' dir='ltr'>in</span> <span class='ocrx_word' id='word_1_325' title='bbox 3042 686 3186 737; x_wconf 91' lang='lat' dir='ltr'>libro</span> <span class='ocrx_word' id='word_1_326' title='bbox 3219 686 3293 735; x_wconf 84' lang='lat' dir='ltr'>ad</span> <span class='ocrx_word' id='word_1_327' title='bbox 3323 687 3512 735; x_wconf 86' lang='lat' dir='ltr'>Donat.</span> 
     </span>
    </p>
   </div>
   <div class='ocr_carea' id='block_1_49' title="bbox 2356 757 3726 824">
    <p class='ocr_par' dir='ltr' id='par_1_49' title="bbox 2356 757 3726 824">
     <span class='ocr_line' id='line_1_50' title="bbox 2356 757 3726 824; baseline 0.001 -16"><span class='ocrx_word' id='word_1_328' title='bbox 2356 758 2590 813; x_wconf 78' lang='lat' dir='ltr'>Christus</span> <span class='ocrx_word' id='word_1_329' title='bbox 2627 774 2816 824; x_wconf 85' lang='lat' dir='ltr'>passus</span> <span class='ocrx_word' id='word_1_330' title='bbox 2849 764 2938 809; x_wconf 76' lang='lat' dir='ltr'>est.</span> <span class='ocrx_word' id='word_1_331' title='bbox 2962 759 3142 810; x_wconf 91' lang='lat' dir='ltr'>Locus</span> <span class='ocrx_word' id='word_1_332' title='bbox 3170 757 3264 809; x_wconf 89' lang='lat' dir='ltr'>hic</span> <span class='ocrx_word' id='word_1_333' title='bbox 3292 758 3492 822; x_wconf 63' lang='lat' dir='ltr'>sapius</span> <span class='ocrx_word' id='word_1_334' title='bbox 3515 757 3726 809; x_wconf 68' lang='lat' dir='ltr'>affertur.</span> 
     </span>
    </p>
   </div>
   <div class='ocr_carea' id='block_1_50' title="bbox 2351 828 3849 896">
    <p class='ocr_par' dir='ltr' id='par_1_50' title="bbox 2351 828 3849 896">
     <span class='ocr_line' id='line_1_51' title="bbox 2351 828 3849 896; baseline 0.001 -14"><span class='ocrx_word' id='word_1_335' title='bbox 2351 834 2625 884; x_wconf 81' lang='lat' dir='ltr'>Doctorem</span> <span class='ocrx_word' id='word_1_336' title='bbox 2659 844 2864 896; x_wconf 82' lang='lat' dir='ltr'>quoque</span> <span class='ocrx_word' id='word_1_337' title='bbox 2895 843 3014 881; x_wconf 81' lang='lat' dir='ltr'>eum</span> <span class='ocrx_word' id='word_1_338' title='bbox 3038 831 3353 880; x_wconf 74' lang='lat' dir='ltr'>maximum.</span> <span class='ocrx_word' id='word_1_339' title='bbox 3397 828 3560 880; x_wconf 87' lang='lat' dir='ltr'>Sacer</span> <span class='ocrx_word' id='word_1_340' title='bbox 3597 833 3756 882; x_wconf 80' lang='lat' dir='ltr'>textus</span> <span class='ocrx_word' id='word_1_341' title='bbox 3781 846 3849 883; x_wconf 86' lang='lat' dir='ltr'>so-</span> 
     </span>
    </p>
   </div>
   <div class='ocr_carea' id='block_1_51' title="bbox 2287 900 3854 968">
    <p class='ocr_par' dir='ltr' id='par_1_51' title="bbox 2287 900 3854 968">
     <span class='ocr_line' id='line_1_52' title="bbox 2287 900 3854 968; baseline 0 -12"><span class='ocrx_word' id='word_1_342' title='bbox 2287 902 2574 956; x_wconf 90' lang='lat' dir='ltr'>lummodo</span> <span class='ocrx_word' id='word_1_343' title='bbox 2614 902 2785 954; x_wconf 84' lang='lat' dir='ltr'>habet</span> <span class='ocrx_word' id='word_1_344' title='bbox 2839 902 2986 965; x_wconf 81' lang='grc' dir='ltr'>μέγας</span> <span class='ocrx_word' id='word_1_345' title='bbox 3027 901 3334 959; x_wconf 74' lang='grc' dir='ltr'>κληθήσεται.</span> <span class='ocrx_word' id='word_1_346' title='bbox 3383 900 3467 950; x_wconf 90' lang='lat' dir='ltr'>llli</span> <span class='ocrx_word' id='word_1_347' title='bbox 3523 914 3642 953; x_wconf 89' lang='lat' dir='ltr'>vero</span> <span class='ocrx_word' id='word_1_348' title='bbox 3687 904 3854 968; x_wconf 84' lang='lat' dir='ltr'>quibus</span> 
     </span>
    </p>
   </div>
   <div class='ocr_carea' id='block_1_52' title="bbox 2288 972 3847 1038">
    <p class='ocr_par' dir='ltr' id='par_1_52' title="bbox 2288 972 3847 1038">
     <span class='ocr_line' id='line_1_53' title="bbox 2288 972 3847 1038; baseline -0.001 -10"><span class='ocrx_word' id='word_1_349' title='bbox 2288 975 2531 1028; x_wconf 72' lang='lat' dir='ltr'>caelestis</span> <span class='ocrx_word' id='word_1_350' title='bbox 2559 975 2714 1037; x_wconf 81' lang='lat' dir='ltr'>regni</span> <span class='ocrx_word' id='word_1_351' title='bbox 2744 975 2934 1038; x_wconf 91' lang='lat' dir='ltr'>politia</span> <span class='ocrx_word' id='word_1_352' title='bbox 2967 974 3142 1038; x_wconf 89' lang='lat' dir='ltr'>magis</span> <span class='ocrx_word' id='word_1_353' title='bbox 3176 987 3347 1037; x_wconf 90' lang='lat' dir='ltr'>quam</span> <span class='ocrx_word' id='word_1_354' title='bbox 3399 972 3584 1023; x_wconf 90' lang='lat' dir='ltr'>domus</span> <span class='ocrx_word' id='word_1_355' title='bbox 3612 987 3701 1024; x_wconf 88' lang='lat' dir='ltr'>sua</span> <span class='ocrx_word' id='word_1_356' title='bbox 3740 983 3847 1026; x_wconf 81' lang='lat' dir='ltr'>nota</span> 
     </span>
    </p>
   </div>
   <div class='ocr_carea' id='block_1_53' title="bbox 2286 1043 3856 1111">
    <p class='ocr_par' dir='ltr' id='par_1_53' title="bbox 2286 1043 3856 1111">
     <span class='ocr_line' id='line_1_54' title="bbox 2286 1043 3856 1111; baseline -0.001 -13"><span class='ocrx_word' id='word_1_357' title='bbox 2286 1049 2508 1098; x_wconf 88' lang='lat' dir='ltr'>videtur</span> <span class='ocrx_word' id='word_1_358' title='bbox 2535 1062 2548 1107; x_wconf 88' lang='lat'><strong>;</strong></span> <span class='ocrx_word' id='word_1_359' title='bbox 2579 1045 2920 1111; x_wconf 88' lang='lat' dir='ltr'>peculiarem</span> <span class='ocrx_word' id='word_1_360' title='bbox 2946 1046 3230 1096; x_wconf 88' lang='lat' dir='ltr'>aureolam</span> <span class='ocrx_word' id='word_1_361' title='bbox 3260 1043 3578 1095; x_wconf 89' lang='lat' dir='ltr'>doctoribus</span> <span class='ocrx_word' id='word_1_362' title='bbox 3601 1046 3856 1110; x_wconf 78' lang='lat' dir='ltr'>assignant,</span> 
     </span>
    </p>
   </div>
   <div class='ocr_carea' id='block_1_54' title="bbox 2286 1114 3856 1182">
    <p class='ocr_par' dir='ltr' id='par_1_54' title="bbox 2286 1114 3856 1182">
     <span class='ocr_line' id='line_1_55' title="bbox 2286 1114 3856 1182; baseline 0 -13"><span class='ocrx_word' id='word_1_363' title='bbox 2286 1119 2362 1169; x_wconf 90' lang='lat' dir='ltr'>ita</span> <span class='ocrx_word' id='word_1_364' title='bbox 2399 1122 2462 1168; x_wconf 90' lang='lat' dir='ltr'>ut</span> <span class='ocrx_word' id='word_1_365' title='bbox 2498 1119 2665 1169; x_wconf 89' lang='lat' dir='ltr'>etiam</span> <span class='ocrx_word' id='word_1_366' title='bbox 2691 1118 2748 1166; x_wconf 92' lang='lat' dir='ltr'>in</span> <span class='ocrx_word' id='word_1_367' title='bbox 2795 1117 2954 1170; x_wconf 64' lang='lat' dir='ltr'>caelis</span> <span class='ocrx_word' id='word_1_368' title='bbox 2992 1115 3308 1167; x_wconf 90' lang='lat' dir='ltr'>doctoratus</span> <span class='ocrx_word' id='word_1_369' title='bbox 3351 1114 3549 1179; x_wconf 84' lang='lat' dir='ltr'>gradus</span> <span class='ocrx_word' id='word_1_370' title='bbox 3593 1117 3660 1167; x_wconf 90' lang='lat' dir='ltr'>sit</span> <span class='ocrx_word' id='word_1_371' title='bbox 3701 1131 3856 1182; x_wconf 77' lang='lat' dir='ltr'>capes-</span> 
     </span>
    </p>
   </div>
   <div class='ocr_carea' id='block_1_55' title="bbox 2286 1189 3040 1250">
    <p class='ocr_par' dir='ltr' id='par_1_55' title="bbox 2286 1189 3040 1250">
     <span class='ocr_line' id='line_1_56' title="bbox 2286 1189 3040 1250; baseline -0.004 -10"><span class='ocrx_word' id='word_1_372' title='bbox 2286 1189 2510 1250; x_wconf 81' lang='lat' dir='ltr'>sendas,</span> <span class='ocrx_word' id='word_1_373' title='bbox 2542 1189 2651 1238; x_wconf 88' lang='lat' dir='ltr'>vid.</span> <span class='ocrx_word' id='word_1_374' title='bbox 2683 1189 2824 1238; x_wconf 92' lang='lat' dir='ltr'>Dan.</span> <span class='ocrx_word' id='word_1_375' title='bbox 2859 1200 2960 1249; x_wconf 83' lang='lat' dir='ltr'>xu,</span> <span class='ocrx_word' id='word_1_376' title='bbox 2993 1192 3040 1237; x_wconf 84' lang='lat'>3.</span> 
     </span>
    </p>
   </div>
   <div class='ocr_carea' id='block_1_56' title="bbox 2349 1257 3857 1322">
    <p class='ocr_par' dir='ltr' id='par_1_56' title="bbox 2349 1257 3857 1322">
     <span class='ocr_line' id='line_1_57' title="bbox 2349 1257 3857 1322; baseline 0.001 -12"><span class='ocrx_word' id='word_1_377' title='bbox 2349 1263 2452 1311; x_wconf 82' lang='lat' dir='ltr'>Nec</span> <span class='ocrx_word' id='word_1_378' title='bbox 2481 1261 2687 1310; x_wconf 77' lang='lat' dir='ltr'>chorus.</span> <span class='ocrx_word' id='word_1_379' title='bbox 2719 1258 3015 1310; x_wconf 89' lang='lat' dir='ltr'>Charitatis</span> <span class='ocrx_word' id='word_1_380' title='bbox 3050 1258 3252 1319; x_wconf 88' lang='lat' dir='ltr'>cultor,</span> <span class='ocrx_word' id='word_1_381' title='bbox 3281 1257 3555 1322; x_wconf 88' lang='lat' dir='ltr'>benignus</span> <span class='ocrx_word' id='word_1_382' title='bbox 3582 1261 3632 1307; x_wconf 89' lang='lat' dir='ltr'>et</span> <span class='ocrx_word' id='word_1_383' title='bbox 3665 1259 3857 1310; x_wconf 88' lang='lat' dir='ltr'>amicus.</span> 
     </span>
    </p>
   </div>
   <div class='ocr_carea' id='block_1_57' title="bbox 2349 1329 3397 1396">
    <p class='ocr_par' dir='ltr' id='par_1_57' title="bbox 2349 1329 3397 1396">
     <span class='ocr_line' id='line_1_58' title="bbox 2349 1329 3397 1396; baseline -0.006 -13"><span class='ocrx_word' id='word_1_384' title='bbox 2349 1333 2621 1396; x_wconf 68' lang='lat' dir='ltr'>Incipiens</span> <span class='ocrx_word' id='word_1_385' title='bbox 2648 1333 2806 1381; x_wconf 82' lang='lat' dir='ltr'>mori.</span> <span class='ocrx_word' id='word_1_386' title='bbox 2833 1331 3040 1380; x_wconf 72' lang='grc' dir='ltr'>Μέλλετε</span> <span class='ocrx_word' id='word_1_387' title='bbox 3065 1329 3397 1389; x_wconf 79' lang='grc' dir='ltr'>ἀποθνήσκειν,</span> 
     </span>
    </p>
   </div>
   <div class='ocr_carea' id='block_1_58' title="bbox 2348 1401 3854 1468">
    <p class='ocr_par' dir='ltr' id='par_1_58' title="bbox 2348 1401 3854 1468">
     <span class='ocr_line' id='line_1_59' title="bbox 2348 1401 3854 1468; baseline 0.001 -15"><span class='ocrx_word' id='word_1_388' title='bbox 2348 1405 2625 1454; x_wconf 79' lang='lat' dir='ltr'>Portemus</span> <span class='ocrx_word' id='word_1_389' title='bbox 2661 1405 2713 1453; x_wconf 85' lang='lat' dir='ltr'>et</span> <span class='ocrx_word' id='word_1_390' title='bbox 2763 1403 3064 1467; x_wconf 76' lang='lat' dir='ltr'>imaginem.</span> <span class='ocrx_word' id='word_1_391' title='bbox 3111 1402 3196 1452; x_wconf 91' lang='lat' dir='ltr'>De</span> <span class='ocrx_word' id='word_1_392' title='bbox 3249 1401 3356 1453; x_wconf 90' lang='lat' dir='ltr'>hac</span> <span class='ocrx_word' id='word_1_393' title='bbox 3409 1401 3640 1453; x_wconf 87' lang='lat' dir='ltr'>lectione</span> <span class='ocrx_word' id='word_1_394' title='bbox 3685 1405 3854 1468; x_wconf 63' lang='lat' dir='ltr'>sapius</span> 
     </span>
    </p>
   </div>
   <div class='ocr_carea' id='block_1_59' title="bbox 2287 1488 2624 1526">
    <p class='ocr_par' dir='ltr' id='par_1_59' title="bbox 2287 1488 2624 1526">
     <span class='ocr_line' id='line_1_60' title="bbox 2287 1488 2624 1526; baseline -0.006 0"><span class='ocrx_word' id='word_1_395' title='bbox 2287 1488 2624 1526; x_wconf 79' lang='lat' dir='ltr'>monuimus.</span> 
     </span>
    </p>
   </div>
   <div class='ocr_carea' id='block_1_60' title="bbox 2352 1542 3857 1609">
    <p class='ocr_par' dir='ltr' id='par_1_60' title="bbox 2352 1542 3857 1609">
     <span class='ocr_line' id='line_1_61' title="bbox 2352 1542 3857 1609; baseline -0.001 -14"><span class='ocrx_word' id='word_1_396' title='bbox 2352 1545 2559 1596; x_wconf 81' lang='lat' dir='ltr'>Soboles</span> <span class='ocrx_word' id='word_1_397' title='bbox 2583 1543 2865 1596; x_wconf 80' lang='lat' dir='ltr'>subsiciva.</span> <span class='ocrx_word' id='word_1_398' title='bbox 2912 1543 3235 1609; x_wconf 84' lang='lat' dir='ltr'>Legendum</span> <span class='ocrx_word' id='word_1_399' title='bbox 3267 1542 3466 1594; x_wconf 89' lang='lat' dir='ltr'>suadet</span> <span class='ocrx_word' id='word_1_400' title='bbox 3492 1543 3738 1607; x_wconf 82' lang='lat' dir='ltr'>Rigaltius</span> <span class='ocrx_word' id='word_1_401' title='bbox 3756 1558 3857 1594; x_wconf 80' lang='lat' dir='ltr'>suc-</span> 
     </span>
    </p>
   </div>
   <div class='ocr_carea' id='block_1_61' title="bbox 2289 1615 3859 1681">
    <p class='ocr_par' dir='ltr' id='par_1_61' title="bbox 2289 1615 3859 1681">
     <span class='ocr_line' id='line_1_62' title="bbox 2289 1615 3859 1681; baseline -0.001 -13"><span class='ocrx_word' id='word_1_402' title='bbox 2289 1621 2511 1679; x_wconf 78' lang='lat' dir='ltr'>eessiva;</span> <span class='ocrx_word' id='word_1_403' title='bbox 2558 1616 2656 1667; x_wconf 90' lang='lat' dir='ltr'>sed</span> <span class='ocrx_word' id='word_1_404' title='bbox 2699 1615 2961 1667; x_wconf 90' lang='lat' dir='ltr'>codicum</span> <span class='ocrx_word' id='word_1_405' title='bbox 3005 1615 3282 1681; x_wconf 68' lang='lat' dir='ltr'>suffragiis</span> <span class='ocrx_word' id='word_1_406' title='bbox 3324 1615 3626 1666; x_wconf 89' lang='lat' dir='ltr'>destitutus.</span> <span class='ocrx_word' id='word_1_407' title='bbox 3655 1615 3859 1679; x_wconf 75' lang='lat' dir='ltr'>Egolec-</span> 
     </span>
    </p>
   </div>
   <div class='ocr_carea' id='block_1_62' title="bbox 2291 1686 3856 1753">
    <p class='ocr_par' dir='ltr' id='par_1_62' title="bbox 2291 1686 3856 1753">
     <span class='ocr_line' id='line_1_63' title="bbox 2291 1686 3856 1753; baseline -0.001 -15"><span class='ocrx_word' id='word_1_408' title='bbox 2291 1689 2425 1740; x_wconf 85' lang='lat' dir='ltr'>tioni</span> <span class='ocrx_word' id='word_1_409' title='bbox 2473 1691 2709 1753; x_wconf 50' lang='lat' dir='ltr'>recepta</span> <span class='ocrx_word' id='word_1_410' title='bbox 2753 1687 3152 1738; x_wconf 71' lang='lat' dir='ltr'>adhaerendum</span> <span class='ocrx_word' id='word_1_411' title='bbox 3199 1700 3420 1749; x_wconf 88' lang='lat' dir='ltr'>censeo,</span> <span class='ocrx_word' id='word_1_412' title='bbox 3463 1691 3522 1736; x_wconf 90' lang='lat' dir='ltr'>ut</span> <span class='ocrx_word' id='word_1_413' title='bbox 3577 1699 3639 1736; x_wconf 83' lang='lat' dir='ltr'>ex</span> <span class='ocrx_word' id='word_1_414' title='bbox 3681 1686 3856 1750; x_wconf 83' lang='lat' dir='ltr'>vulgari</span> 
     </span>
    </p>
   </div>
   <div class='ocr_carea' id='block_1_63' title="bbox 2288 1759 3861 1824">
    <p class='ocr_par' dir='ltr' id='par_1_63' title="bbox 2288 1759 3861 1824">
     <span class='ocr_line' id='line_1_64' title="bbox 2288 1759 3861 1824; baseline -0.001 -15"><span class='ocrx_word' id='word_1_415' title='bbox 2288 1759 2553 1823; x_wconf 88' lang='lat' dir='ltr'>loquendi</span> <span class='ocrx_word' id='word_1_416' title='bbox 2608 1760 2867 1819; x_wconf 85' lang='lat' dir='ltr'>formula,</span> <span class='ocrx_word' id='word_1_417' title='bbox 2920 1759 3022 1809; x_wconf 87' lang='lat' dir='ltr'>filii</span> <span class='ocrx_word' id='word_1_418' title='bbox 3073 1760 3234 1824; x_wconf 90' lang='lat' dir='ltr'>quasi</span> <span class='ocrx_word' id='word_1_419' title='bbox 3290 1772 3361 1810; x_wconf 77' lang='lat' dir='ltr'>ex</span> <span class='ocrx_word' id='word_1_420' title='bbox 3411 1762 3688 1823; x_wconf 87' lang='lat' dir='ltr'>parentum</span> <span class='ocrx_word' id='word_1_421' title='bbox 3729 1760 3861 1820; x_wconf 68' lang='lat' dir='ltr'>strpe</span> 
     </span>
    </p>
   </div>
   <div class='ocr_carea' id='block_1_64' title="bbox 2291 1829 3862 1895">
    <p class='ocr_par' dir='ltr' id='par_1_64' title="bbox 2291 1829 3862 1895">
     <span class='ocr_line' id='line_1_65' title="bbox 2291 1829 3862 1895; baseline -0.003 -14"><span class='ocrx_word' id='word_1_422' title='bbox 2291 1830 2501 1881; x_wconf 90' lang='lat' dir='ltr'>surculi</span> <span class='ocrx_word' id='word_1_423' title='bbox 2550 1830 2782 1882; x_wconf 89' lang='lat' dir='ltr'>abscissi</span> <span class='ocrx_word' id='word_1_424' title='bbox 2838 1829 3187 1893; x_wconf 87' lang='lat' dir='ltr'>habeantur,</span> <span class='ocrx_word' id='word_1_425' title='bbox 3263 1831 3364 1895; x_wconf 88' lang='lat' dir='ltr'>qui</span> <span class='ocrx_word' id='word_1_426' title='bbox 3421 1829 3622 1879; x_wconf 89' lang='lat' dir='ltr'>arboris</span> <span class='ocrx_word' id='word_1_427' title='bbox 3684 1829 3862 1891; x_wconf 86' lang='lat' dir='ltr'>ingenio</span> 
     </span>
    </p>
   </div>
   <div class='ocr_carea' id='block_1_65' title="bbox 2293 1899 3860 1967">
    <p class='ocr_par' dir='ltr' id='par_1_65' title="bbox 2293 1899 3860 1967">
     <span class='ocr_line' id='line_1_66' title="bbox 2293 1899 3860 1967; baseline -0.001 -15"><span class='ocrx_word' id='word_1_428' title='bbox 2293 1901 2641 1967; x_wconf 74' lang='lat' dir='ltr'>reSpondent.</span> <span class='ocrx_word' id='word_1_429' title='bbox 2677 1901 2772 1954; x_wconf 90' lang='lat' dir='ltr'>Sic</span> <span class='ocrx_word' id='word_1_430' title='bbox 2817 1901 2976 1953; x_wconf 86' lang='lat' dir='ltr'>Rom.</span> <span class='ocrx_word' id='word_1_431' title='bbox 3031 1917 3091 1953; x_wconf 74' lang='lat' dir='ltr'>x1</span> <span class='ocrx_word' id='word_1_432' title='bbox 3134 1901 3438 1966; x_wconf 81' lang='lat' dir='ltr'>Apostolus</span> <span class='ocrx_word' id='word_1_433' title='bbox 3476 1899 3691 1950; x_wconf 58' lang='lat' dir='ltr'>Judaeo:</span> <span class='ocrx_word' id='word_1_434' title='bbox 3729 1900 3860 1950; x_wconf 66' lang='lat' dir='ltr'>bona</span> 
     </span>
    </p>
   </div>
   <div class='ocr_carea' id='block_1_66' title="bbox 2293 1971 3863 2040">
    <p class='ocr_par' dir='ltr' id='par_1_66' title="bbox 2293 1971 3863 2040">
     <span class='ocr_line' id='line_1_67' title="bbox 2293 1971 3863 2040; baseline -0.003 -16"><span class='ocrx_word' id='word_1_435' title='bbox 2293 1975 2454 2025; x_wconf 65' lang='lat' dir='ltr'>olivae</span> <span class='ocrx_word' id='word_1_436' title='bbox 2495 1987 2741 2040; x_wconf 89' lang='lat' dir='ltr'>germen,</span> <span class='ocrx_word' id='word_1_437' title='bbox 2771 1973 2977 2025; x_wconf 89' lang='lat' dir='ltr'>Gentes</span> <span class='ocrx_word' id='word_1_438' title='bbox 3027 1974 3249 2024; x_wconf 87' lang='lat' dir='ltr'>oleastri</span> <span class='ocrx_word' id='word_1_439' title='bbox 3297 1971 3607 2036; x_wconf 86' lang='lat' dir='ltr'>compellat.</span> <span class='ocrx_word' id='word_1_440' title='bbox 3637 1971 3698 2020; x_wconf 88' lang='lat' dir='ltr'>Et</span> <span class='ocrx_word' id='word_1_441' title='bbox 3733 1971 3863 2020; x_wconf 85' lang='lat' dir='ltr'>Isaias</span> 
     </span>
    </p>
   </div>
   <div class='ocr_carea' id='block_1_67' title="bbox 2293 2042 3864 2111">
    <p class='ocr_par' dir='ltr' id='par_1_67' title="bbox 2293 2042 3864 2111">
     <span class='ocr_line' id='line_1_68' title="bbox 2293 2042 3864 2111; baseline -0.001 -17"><span class='ocrx_word' id='word_1_442' title='bbox 2293 2047 2499 2111; x_wconf 87' lang='lat' dir='ltr'>pariter</span> <span class='ocrx_word' id='word_1_443' title='bbox 2523 2059 2572 2096; x_wconf 95' lang='lat' dir='ltr'>c.</span> <span class='ocrx_word' id='word_1_444' title='bbox 2612 2059 2674 2102; x_wconf 85' lang='lat' dir='ltr'>v,</span> <span class='ocrx_word' id='word_1_445' title='bbox 2712 2045 2985 2096; x_wconf 84' lang='lat' dir='ltr'>ltraelitas</span> <span class='ocrx_word' id='word_1_446' title='bbox 3022 2046 3151 2095; x_wconf 88' lang='lat' dir='ltr'>vitis</span> <span class='ocrx_word' id='word_1_447' title='bbox 3193 2057 3478 2108; x_wconf 81' lang='lat' dir='ltr'>generosae</span> <span class='ocrx_word' id='word_1_448' title='bbox 3523 2042 3707 2092; x_wconf 90' lang='lat' dir='ltr'>stoloni</span> <span class='ocrx_word' id='word_1_449' title='bbox 3747 2056 3864 2092; x_wconf 89' lang='lat' dir='ltr'>com-</span> 
     </span>
    </p>
   </div>
   <div class='ocr_carea' id='block_1_68' title="bbox 2294 2113 3864 2182">
    <p class='ocr_par' dir='ltr' id='par_1_68' title="bbox 2294 2113 3864 2182">
     <span class='ocr_line' id='line_1_69' title="bbox 2294 2113 3864 2182; baseline -0.003 -16"><span class='ocrx_word' id='word_1_450' title='bbox 2294 2121 2465 2182; x_wconf 82' lang='lat' dir='ltr'>parat,</span> <span class='ocrx_word' id='word_1_451' title='bbox 2501 2116 2600 2181; x_wconf 90' lang='lat' dir='ltr'>qui</span> <span class='ocrx_word' id='word_1_452' title='bbox 2645 2131 2745 2181; x_wconf 92' lang='lat' dir='ltr'>pro</span> <span class='ocrx_word' id='word_1_453' title='bbox 2795 2117 2922 2166; x_wconf 91' lang='lat' dir='ltr'>uvis</span> <span class='ocrx_word' id='word_1_454' title='bbox 2966 2117 3172 2168; x_wconf 85' lang='lat' dir='ltr'>fecerat</span> <span class='ocrx_word' id='word_1_455' title='bbox 3213 2115 3524 2165; x_wconf 90' lang='lat' dir='ltr'>labruscas.</span> <span class='ocrx_word' id='word_1_456' title='bbox 3564 2113 3778 2178; x_wconf 85' lang='lat' dir='ltr'>Epistola</span> <span class='ocrx_word' id='word_1_457' title='bbox 3811 2113 3864 2163; x_wconf 88' lang='lat' dir='ltr'>ad</span> 
     </span>
    </p>
   </div>
   <div class='ocr_carea' id='block_1_69' title="bbox 2294 2184 3861 2247">
    <p class='ocr_par' dir='ltr' id='par_1_69' title="bbox 2294 2184 3861 2247">
     <span class='ocr_line' id='line_1_70' title="bbox 2294 2184 3861 2247; baseline -0.004 -7"><span class='ocrx_word' id='word_1_458' title='bbox 2294 2189 2658 2240; x_wconf 86' lang='lat' dir='ltr'>Euchratium</span> <span class='ocrx_word' id='word_1_459' title='bbox 2711 2185 2779 2238; x_wconf 89' lang='lat' dir='ltr'>de</span> <span class='ocrx_word' id='word_1_460' title='bbox 2830 2188 3116 2247; x_wconf 88' lang='lat' dir='ltr'>histrione;</span> <span class='ocrx_word' id='word_1_461' title='bbox 3166 2187 3332 2236; x_wconf 89' lang='lat' dir='ltr'>simili</span> <span class='ocrx_word' id='word_1_462' title='bbox 3385 2187 3498 2236; x_wconf 85' lang='lat' dir='ltr'>fere</span> <span class='ocrx_word' id='word_1_463' title='bbox 3553 2184 3702 2234; x_wconf 87' lang='lat' dir='ltr'>modo</span> <span class='ocrx_word' id='word_1_464' title='bbox 3750 2184 3861 2234; x_wconf 87' lang='lat' dir='ltr'>dicit</span> 
     </span>
    </p>
   </div>
   <div class='ocr_carea' id='block_1_70' title="bbox 2297 2255 3864 2323">
    <p class='ocr_par' dir='ltr' id='par_1_70' title="bbox 2297 2255 3864 2323">
     <span class='ocr_line' id='line_1_71' title="bbox 2297 2255 3864 2323; baseline -0.004 -13"><span class='ocrx_word' id='word_1_465' title='bbox 2297 2263 2491 2310; x_wconf 87' lang='lat' dir='ltr'>auctor</span> <span class='ocrx_word' id='word_1_466' title='bbox 2539 2262 2764 2310; x_wconf 88' lang='lat' dir='ltr'>noster:</span> <span class='ocrx_word' id='word_1_467' title='bbox 2811 2275 2841 2308; x_wconf 69' lang='grc' dir='ltr'><strong>«κ</strong></span> <span class='ocrx_word' id='word_1_468' title='bbox 2888 2259 3008 2310; x_wconf 89' lang='lat' dir='ltr'>Non</span> <span class='ocrx_word' id='word_1_469' title='bbox 3051 2262 3230 2323; x_wconf 90' lang='lat' dir='ltr'>potest</span> <span class='ocrx_word' id='word_1_470' title='bbox 3282 2256 3459 2308; x_wconf 89' lang='lat' dir='ltr'>videri</span> <span class='ocrx_word' id='word_1_471' title='bbox 3507 2268 3749 2316; x_wconf 87' lang='lat' dir='ltr'>cessasse,</span> <span class='ocrx_word' id='word_1_472' title='bbox 3791 2255 3864 2319; x_wconf 86' lang='lat' dir='ltr'>qui</span> 
     </span>
    </p>
   </div>
   <div class='ocr_carea' id='block_1_71' title="bbox 2296 2327 3864 2395">
    <p class='ocr_par' dir='ltr' id='par_1_71' title="bbox 2296 2327 3864 2395">
     <span class='ocr_line' id='line_1_72' title="bbox 2296 2327 3864 2395; baseline -0.002 -15"><span class='ocrx_word' id='word_1_473' title='bbox 2296 2331 2530 2382; x_wconf 87' lang='lat' dir='ltr'>vicarios</span> <span class='ocrx_word' id='word_1_474' title='bbox 2557 2331 2866 2393; x_wconf 89' lang='lat' dir='ltr'>substituit,</span> <span class='ocrx_word' id='word_1_475' title='bbox 2898 2335 2953 2382; x_wconf 92' lang='lat' dir='ltr'>et</span> <span class='ocrx_word' id='word_1_476' title='bbox 2993 2331 3090 2394; x_wconf 86' lang='lat' dir='ltr'>qui</span> <span class='ocrx_word' id='word_1_477' title='bbox 3129 2343 3228 2395; x_wconf 89' lang='lat' dir='ltr'>pro</span> <span class='ocrx_word' id='word_1_478' title='bbox 3267 2343 3328 2381; x_wconf 90' lang='lat' dir='ltr'>se</span> <span class='ocrx_word' id='word_1_479' title='bbox 3359 2342 3474 2380; x_wconf 92' lang='lat' dir='ltr'>uno</span> <span class='ocrx_word' id='word_1_480' title='bbox 3519 2329 3692 2394; x_wconf 86' lang='lat' dir='ltr'>plures</span> <span class='ocrx_word' id='word_1_481' title='bbox 3722 2327 3864 2378; x_wconf 87' lang='lat' dir='ltr'>succi-</span> 
     </span>
    </p>
   </div>
   <div class='ocr_carea' id='block_1_72' title="bbox 2297 2401 2846 2466">
    <p class='ocr_par' dir='ltr' id='par_1_72' title="bbox 2297 2401 2846 2466">
     <span class='ocr_line' id='line_1_73' title="bbox 2297 2401 2846 2466; baseline -0.009 -14"><span class='ocrx_word' id='word_1_482' title='bbox 2297 2401 2504 2453; x_wconf 88' lang='lat' dir='ltr'>daneos</span> <span class='ocrx_word' id='word_1_483' title='bbox 2531 2403 2794 2466; x_wconf 86' lang='lat' dir='ltr'>suggerit.</span> <span class='ocrx_word' id='word_1_484' title='bbox 2818 2419 2846 2447; x_wconf 84' lang='lat'><strong>»</strong></span> 
     </span>
    </p>
   </div>
   <div class='ocr_carea' id='block_1_73' title="bbox 2361 2469 3866 2537">
    <p class='ocr_par' dir='ltr' id='par_1_73' title="bbox 2361 2469 3866 2537">
     <span class='ocr_line' id='line_1_74' title="bbox 2361 2469 3866 2537; baseline -0.006 -11"><span class='ocrx_word' id='word_1_485' title='bbox 2361 2476 2470 2526; x_wconf 88' lang='lat' dir='ltr'>Cor</span> <span class='ocrx_word' id='word_1_486' title='bbox 2511 2474 2618 2524; x_wconf 85' lang='lat' dir='ltr'>viri</span> <span class='ocrx_word' id='word_1_487' title='bbox 2650 2473 2828 2537; x_wconf 83' lang='lat' dir='ltr'>cogitet</span> <span class='ocrx_word' id='word_1_488' title='bbox 2866 2473 3034 2536; x_wconf 71' lang='lat' dir='ltr'>jus-ta.</span> <span class='ocrx_word' id='word_1_489' title='bbox 3066 2473 3204 2524; x_wconf 78' lang='lat' dir='ltr'>Haec</span> <span class='ocrx_word' id='word_1_490' title='bbox 3250 2473 3460 2523; x_wconf 85' lang='lat' dir='ltr'>frustra</span> <span class='ocrx_word' id='word_1_491' title='bbox 3499 2471 3791 2536; x_wconf 70' lang='lat' dir='ltr'>quaesiveris</span> <span class='ocrx_word' id='word_1_492' title='bbox 3825 2469 3866 2517; x_wconf 87' lang='lat' dir='ltr'>in</span> 
     </span>
    </p>
   </div>
   <div class='ocr_carea' id='block_1_74' title="bbox 2296 2539 3866 2608">
    <p class='ocr_par' dir='ltr' id='par_1_74' title="bbox 2296 2539 3866 2608">
     <span class='ocr_line' id='line_1_75' title="bbox 2296 2539 3866 2608; baseline -0.005 -12"><span class='ocrx_word' id='word_1_493' title='bbox 2296 2544 2486 2596; x_wconf 89' lang='lat' dir='ltr'>bibliis</span> <span class='ocrx_word' id='word_1_494' title='bbox 2543 2557 2670 2608; x_wconf 63' lang='lat' dir='ltr'>quas</span> <span class='ocrx_word' id='word_1_495' title='bbox 2739 2547 2952 2594; x_wconf 85' lang='lat' dir='ltr'>textum</span> <span class='ocrx_word' id='word_1_496' title='bbox 3014 2544 3316 2595; x_wconf 64' lang='lat' dir='ltr'>Hebraeum</span> <span class='ocrx_word' id='word_1_497' title='bbox 3389 2546 3728 2608; x_wconf 91' lang='lat' dir='ltr'>sequuntur;</span> <span class='ocrx_word' id='word_1_498' title='bbox 3792 2539 3866 2588; x_wconf 83' lang='lat' dir='ltr'>sed</span> 
     </span>
    </p>
   </div>
   <div class='ocr_carea' id='block_1_75' title="bbox 2297 2611 3867 2679">
    <p class='ocr_par' dir='ltr' id='par_1_75' title="bbox 2297 2611 3867 2679">
     <span class='ocr_line' id='line_1_76' title="bbox 2297 2611 3867 2679; baseline -0.005 -12"><span class='ocrx_word' id='word_1_499' title='bbox 2297 2616 2524 2667; x_wconf 85' lang='lat' dir='ltr'>lectioni</span> <span class='ocrx_word' id='word_1_500' title='bbox 2558 2615 2710 2665; x_wconf 84' lang='lat' dir='ltr'>LXX</span> <span class='ocrx_word' id='word_1_501' title='bbox 2756 2617 2983 2664; x_wconf 91' lang='lat' dir='ltr'>omnino</span> <span class='ocrx_word' id='word_1_502' title='bbox 3019 2615 3374 2678; x_wconf 90' lang='lat' dir='ltr'>respondent.</span> <span class='ocrx_word' id='word_1_503' title='bbox 3407 2615 3478 2664; x_wconf 84' lang='lat' dir='ltr'>Et</span> <span class='ocrx_word' id='word_1_504' title='bbox 3504 2613 3719 2679; x_wconf 89' lang='lat' dir='ltr'>quidem</span> <span class='ocrx_word' id='word_1_505' title='bbox 3759 2611 3867 2660; x_wconf 86' lang='lat' dir='ltr'>nihil</span> 
     </span>
    </p>
   </div>
   <div class='ocr_carea' id='block_1_76' title="bbox 2297 2683 3871 2751">
    <p class='ocr_par' dir='ltr' id='par_1_76' title="bbox 2297 2683 3871 2751">
     <span class='ocr_line' id='line_1_77' title="bbox 2297 2683 3871 2751; baseline -0.004 -14"><span class='ocrx_word' id='word_1_506' title='bbox 2297 2686 2692 2751; x_wconf 87' lang='lat' dir='ltr'>perturbatius,</span> <span class='ocrx_word' id='word_1_507' title='bbox 2726 2699 2893 2750; x_wconf 89' lang='lat' dir='ltr'>quam</span> <span class='ocrx_word' id='word_1_508' title='bbox 2923 2686 3068 2737; x_wconf 90' lang='lat' dir='ltr'>liber</span> <span class='ocrx_word' id='word_1_509' title='bbox 3104 2687 3198 2737; x_wconf 88' lang='lat' dir='ltr'>hic</span> <span class='ocrx_word' id='word_1_510' title='bbox 3234 2685 3649 2736; x_wconf 89' lang='lat' dir='ltr'>Proverbiorum</span> <span class='ocrx_word' id='word_1_511' title='bbox 3677 2685 3724 2732; x_wconf 89' lang='lat' dir='ltr'>in</span> <span class='ocrx_word' id='word_1_512' title='bbox 3751 2683 3871 2732; x_wconf 86' lang='lat' dir='ltr'>codi-</span> 
     </span>
    </p>
   </div>
   <div class='ocr_carea' id='block_1_77' title="bbox 2300 2755 3866 2822">
    <p class='ocr_par' dir='ltr' id='par_1_77' title="bbox 2300 2755 3866 2822">
     <span class='ocr_line' id='line_1_78' title="bbox 2300 2755 3866 2822; baseline -0.005 -14"><span class='ocrx_word' id='word_1_513' title='bbox 2300 2758 2458 2808; x_wconf 78' lang='lat' dir='ltr'>cibus</span> <span class='ocrx_word' id='word_1_514' title='bbox 2501 2757 2730 2809; x_wconf 67' lang='lat' dir='ltr'>Graecis.</span> <span class='ocrx_word' id='word_1_515' title='bbox 2775 2757 2960 2808; x_wconf 88' lang='lat' dir='ltr'>Verba</span> <span class='ocrx_word' id='word_1_516' title='bbox 3000 2759 3119 2822; x_wconf 88' lang='lat' dir='ltr'>ipsa</span> <span class='ocrx_word' id='word_1_517' title='bbox 3157 2763 3306 2816; x_wconf 88' lang='lat' dir='ltr'>sunt,</span> <span class='ocrx_word' id='word_1_518' title='bbox 3343 2758 3519 2822; x_wconf 66' lang='grc' dir='ltr'>καρδία</span> <span class='ocrx_word' id='word_1_519' title='bbox 3549 2756 3699 2820; x_wconf 76' lang='grc' dir='ltr'>ἀνδρὸς</span> <span class='ocrx_word' id='word_1_520' title='bbox 3726 2755 3866 2814; x_wconf 75' lang='grc' dir='ltr'>λογιζε-</span> 
     </span>
    </p>
   </div>
   <div class='ocr_carea' id='block_1_78' title="bbox 2300 2827 3872 2893">
    <p class='ocr_par' dir='ltr' id='par_1_78' title="bbox 2300 2827 3872 2893">
     <span class='ocr_line' id='line_1_79' title="bbox 2300 2827 3872 2893; baseline -0.004 -15"><span class='ocrx_word' id='word_1_521' title='bbox 2300 2829 2400 2878; x_wconf 81' lang='grc' dir='ltr'>σθω</span> <span class='ocrx_word' id='word_1_522' title='bbox 2447 2829 2622 2891; x_wconf 79' lang='grc' dir='ltr'>δίκαια,</span> <span class='ocrx_word' id='word_1_523' title='bbox 2669 2829 2747 2878; x_wconf 77' lang='grc' dir='ltr'>ἵνα</span> <span class='ocrx_word' id='word_1_524' title='bbox 2789 2829 2883 2878; x_wconf 81' lang='grc' dir='ltr'>ὑπὸ</span> <span class='ocrx_word' id='word_1_525' title='bbox 2931 2827 3016 2878; x_wconf 75' lang='grc' dir='ltr'>τοῦ</span> <span class='ocrx_word' id='word_1_526' title='bbox 3073 2828 3198 2880; x_wconf 73' lang='grc' dir='ltr'>Θεοῦ</span> <span class='ocrx_word' id='word_1_527' title='bbox 3260 2829 3498 2893; x_wconf 77' lang='grc' dir='ltr'>διαρθωθῇ</span> <span class='ocrx_word' id='word_1_528' title='bbox 3544 2829 3600 2877; x_wconf 77' lang='grc' dir='ltr'>τὰ</span> <span class='ocrx_word' id='word_1_529' title='bbox 3649 2827 3872 2889; x_wconf 74' lang='grc' dir='ltr'>διαϐηματα</span> 
     </span>
    </p>
   </div>
   <div class='ocr_carea' id='block_1_79' title="bbox 2301 2893 3873 2970">
    <p class='ocr_par' dir='ltr' id='par_1_79' title="bbox 2301 2893 3873 2970">
     <span class='ocr_line' id='line_1_80' title="bbox 2301 2893 3873 2970; baseline -0.001 -17"><span class='ocrx_word' id='word_1_530' title='bbox 2301 2903 2468 2954; x_wconf 80' lang='grc' dir='ltr'>αυτοῦ.</span> <span class='ocrx_word' id='word_1_531' title='bbox 2519 2905 2630 2956; x_wconf 91' lang='lat' dir='ltr'>Sed</span> <span class='ocrx_word' id='word_1_532' title='bbox 2672 2907 2718 2956; x_wconf 90' lang='lat' dir='ltr'>si</span> <span class='ocrx_word' id='word_1_533' title='bbox 2763 2907 3035 2956; x_wconf 85' lang='lat' dir='ltr'>attentius</span> <span class='ocrx_word' id='word_1_534' title='bbox 3076 2920 3196 2956; x_wconf 88' lang='lat' dir='ltr'>rem</span> <span class='ocrx_word' id='word_1_535' title='bbox 3237 2907 3595 2970; x_wconf 88' lang='lat' dir='ltr'>pensitcmus,</span> <span class='ocrx_word' id='word_1_536' title='bbox 3644 2893 3873 2969; x_wconf 77' lang='lat' dir='ltr'>apparebit</span> 
     </span>
    </p>
   </div>
   <div class='ocr_carea' id='block_1_80' title="bbox 2301 2977 3869 3042">
    <p class='ocr_par' dir='ltr' id='par_1_80' title="bbox 2301 2977 3869 3042">
     <span class='ocr_line' id='line_1_81' title="bbox 2301 2977 3869 3042; baseline -0.003 -14"><span class='ocrx_word' id='word_1_537' title='bbox 2301 2977 2453 3028; x_wconf 83' lang='lat' dir='ltr'>LXX</span> <span class='ocrx_word' id='word_1_538' title='bbox 2479 2978 2804 3042; x_wconf 68' lang='lat' dir='ltr'>interpretes</span> <span class='ocrx_word' id='word_1_539' title='bbox 2829 2990 2940 3028; x_wconf 89' lang='lat' dir='ltr'>non</span> <span class='ocrx_word' id='word_1_540' title='bbox 2971 2977 3136 3041; x_wconf 88' lang='lat' dir='ltr'>longe</span> <span class='ocrx_word' id='word_1_541' title='bbox 3168 2977 3261 3028; x_wconf 90' lang='lat' dir='ltr'>hic</span> <span class='ocrx_word' id='word_1_542' title='bbox 3299 2992 3331 3027; x_wconf 92' lang='lat' dir='ltr'>a</span> <span class='ocrx_word' id='word_1_543' title='bbox 3380 2990 3549 3040; x_wconf 92' lang='lat' dir='ltr'>scopo</span> <span class='ocrx_word' id='word_1_544' title='bbox 3591 2977 3832 3026; x_wconf 83' lang='lat' dir='ltr'>aberrasse</span> <span class='ocrx_word' id='word_1_545' title='bbox 3861 2989 3869 3022; x_wconf 87' lang='lat'>:</span> 
     </span>
    </p>
   </div>
   <div class='ocr_carea' id='block_1_81' title="bbox 2302 3053 3872 3123">
    <p class='ocr_par' dir='ltr' id='par_1_81' title="bbox 2302 3053 3872 3123">
     <span class='ocr_line' id='line_1_82' title="bbox 2302 3053 3872 3123; baseline -0.003 -15"><span class='ocrx_word' id='word_1_546' title='bbox 2302 3059 2557 3123; x_wconf 89' lang='lat' dir='ltr'>legerunt</span> <span class='ocrx_word' id='word_1_547' title='bbox 2616 3057 2849 3108; x_wconf 89' lang='lat' dir='ltr'>scilicet.</span> <span class='ocrx_word' id='word_1_548' title='bbox 2907 3056 3030 3104; x_wconf 70' lang='lat' dir='ltr'>TTTN</span> <span class='ocrx_word' id='word_1_549' title='bbox 3080 3071 3180 3122; x_wconf 90' lang='lat' dir='ltr'>pro</span> <span class='ocrx_word' id='word_1_550' title='bbox 3233 3053 3337 3103; x_wconf 61' lang='lat' dir='ltr'>mw</span> <span class='ocrx_word' id='word_1_551' title='bbox 3399 3057 3671 3122; x_wconf 73' lang='lat' dir='ltr'>quomodo</span> <span class='ocrx_word' id='word_1_552' title='bbox 3715 3057 3872 3123; x_wconf 75' lang='lat' dir='ltr'>legisse</span> 
     </span>
    </p>
   </div>
   <div class='ocr_carea' id='block_1_82' title="bbox 2223 3107 3872 3226">
    <p class='ocr_par' dir='ltr' id='par_1_82' title="bbox 2223 3107 3872 3226">
     <span class='ocr_line' id='line_1_83' title="bbox 2223 3107 3872 3226; baseline -0.005 -36"><span class='ocrx_word' id='word_1_553' title='bbox 2223 3151 2278 3226; x_wconf 69' lang='grc' dir='ltr'>Ο</span> <span class='ocrx_word' id='word_1_554' title='bbox 2303 3107 2846 3226; x_wconf 30' lang='lat' dir='ltr'>videturAChaldmus</span> <span class='ocrx_word' id='word_1_555' title='bbox 2881 3107 3264 3202; x_wconf 60' lang='lat' dir='ltr'>paraplirastes</span> <span class='ocrx_word' id='word_1_556' title='bbox 3306 3107 3446 3188; x_wconf 75' lang='lat' dir='ltr'>dum</span> <span class='ocrx_word' id='word_1_557' title='bbox 3477 3107 3552 3188; x_wconf 82' lang='lat' dir='ltr'>ait</span> <span class='ocrx_word' id='word_1_558' title='bbox 3574 3134 3724 3213; x_wconf 58' lang='lat' dir='ltr'>1pm:</span> <span class='ocrx_word' id='word_1_559' title='bbox 3746 3107 3872 3183; x_wconf 56' lang='lat' dir='ltr'>13-sz</span> 
     </span>
    </p>
   </div>
   <div class='ocr_carea' id='block_1_83' title="bbox 2305 3216 3876 3280">
    <p class='ocr_par' dir='ltr' id='par_1_83' title="bbox 2305 3216 3876 3280">
     <span class='ocr_line' id='line_1_84' title="bbox 2305 3216 3876 3280; baseline 0.001 -15"><span class='ocrx_word' id='word_1_560' title='bbox 2305 3216 2542 3266; x_wconf 58' lang='lat' dir='ltr'>ninn&#39;m</span> <span class='ocrx_word' id='word_1_561' title='bbox 2565 3222 2660 3269; x_wconf 91' lang='lat' dir='ltr'>aut</span> <span class='ocrx_word' id='word_1_562' title='bbox 2702 3219 2899 3270; x_wconf 88' lang='lat' dir='ltr'>saltem</span> <span class='ocrx_word' id='word_1_563' title='bbox 2928 3222 3139 3269; x_wconf 87' lang='lat' dir='ltr'>secreta</span> <span class='ocrx_word' id='word_1_564' title='bbox 3179 3218 3399 3269; x_wconf 89' lang='lat' dir='ltr'>viarum</span> <span class='ocrx_word' id='word_1_565' title='bbox 3438 3218 3729 3280; x_wconf 88' lang='lat' dir='ltr'>hominum,</span> <span class='ocrx_word' id='word_1_566' title='bbox 3762 3217 3876 3268; x_wconf 81' lang='lat' dir='ltr'>idem</span> 
     </span>
    </p>
   </div>
   <div class='ocr_carea' id='block_1_84' title="bbox 2305 3281 3292 3346">
    <p class='ocr_par' dir='ltr' id='par_1_84' title="bbox 2305 3281 3292 3346">
     <span class='ocr_line' id='line_1_85' title="bbox 2305 3281 3292 3346; baseline -0.004 -13"><span class='ocrx_word' id='word_1_567' title='bbox 2305 3294 2426 3334; x_wconf 82' lang='lat' dir='ltr'>esse</span> <span class='ocrx_word' id='word_1_568' title='bbox 2455 3295 2589 3333; x_wconf 89' lang='lat' dir='ltr'>cum</span> <span class='ocrx_word' id='word_1_569' title='bbox 2619 3282 2816 3346; x_wconf 89' lang='lat' dir='ltr'>spiritu</span> <span class='ocrx_word' id='word_1_570' title='bbox 2843 3283 2966 3346; x_wconf 90' lang='lat' dir='ltr'>ejus</span> <span class='ocrx_word' id='word_1_571' title='bbox 2991 3281 3292 3333; x_wconf 81' lang='lat' dir='ltr'>duxerunt.</span> 
     </span>
    </p>
   </div>
   <div class='ocr_carea' id='block_1_85' title="bbox 1135 3658 3374 3794">
    <p class='ocr_par' dir='ltr' id='par_1_85' title="bbox 1135 3658 3374 3794">
     <span class='ocr_line' id='line_1_86' title="bbox 1135 3658 3374 3794; baseline -0.003 -19"><span class='ocrx_word' id='word_1_572' title='bbox 1135 3661 1757 3774; x_wconf 79' lang='lat' dir='ltr'>MARTINI</span> <span class='ocrx_word' id='word_1_573' title='bbox 1872 3659 2160 3770; x_wconf 87' lang='lat' dir='ltr'>JOS.</span> <span class='ocrx_word' id='word_1_574' title='bbox 2245 3658 2777 3771; x_wconf 83' lang='lat' dir='ltr'>ROUTH.</span> <span class='ocrx_word' id='word_1_575' title='bbox 2853 3659 2957 3769; x_wconf 90' lang='lat' dir='ltr'>S.</span> <span class='ocrx_word' id='word_1_576' title='bbox 3041 3660 3158 3769; x_wconf 94' lang='lat' dir='ltr'>T.</span> <span class='ocrx_word' id='word_1_577' title='bbox 3254 3661 3374 3794; x_wconf 89' lang='lat' dir='ltr'>P,</span> 
     </span>
    </p>
   </div>
   <div class='ocr_carea' id='block_1_86' title="bbox 1391 3847 3120 3918">
    <p class='ocr_par' dir='ltr' id='par_1_86' title="bbox 1391 3847 3120 3918">
     <span class='ocr_line' id='line_1_87' title="bbox 1391 3847 3120 3918; baseline -0.003 0"><span class='ocrx_word' id='word_1_578' title='bbox 1391 3849 1748 3918; x_wconf 87' lang='lat' dir='ltr'>COLLEGII</span> <span class='ocrx_word' id='word_1_579' title='bbox 1792 3849 1858 3915; x_wconf 92' lang='lat' dir='ltr'>S.</span> <span class='ocrx_word' id='word_1_580' title='bbox 1904 3847 2424 3914; x_wconf 64' lang='lat' dir='ltr'>MAGDALENE</span> <span class='ocrx_word' id='word_1_581' title='bbox 2466 3848 2700 3916; x_wconf 83' lang='lat' dir='ltr'><strong>OXON.</strong></span> <span class='ocrx_word' id='word_1_582' title='bbox 2738 3848 3120 3914; x_wconf 65' lang='lat' dir='ltr'>PRIESIDIS</span> 
     </span>
    </p>
   </div>
   <div class='ocr_carea' id='block_1_87' title="bbox 582 4029 3880 4295">
    <p class='ocr_par' dir='ltr' id='par_1_87' title="bbox 582 4029 3880 4295">
     <span class='ocr_line' id='line_1_88' title="bbox 582 4029 3880 4295; baseline -0.007 -3"><span class='ocrx_word' id='word_1_583' title='bbox 582 4162 1126 4295; x_wconf 79' lang='lat' dir='ltr'>QUATUOR</span> <span class='ocrx_word' id='word_1_584' title='bbox 1175 4163 1280 4282; x_wconf 90' lang='lat' dir='ltr'>D.</span> <span class='ocrx_word' id='word_1_585' title='bbox 1337 4159 1913 4281; x_wconf 81' lang='lat' dir='ltr'>CYPBIANI</span> <span class='ocrx_word' id='word_1_586' title='bbox 1977 4029 2404 4277; x_wconf 66' lang='lat' dir='ltr'>LIBIiOS</span> <span class='ocrx_word' id='word_1_587' title='bbox 2458 4155 3344 4280; x_wconf 85' lang='lat' dir='ltr'>ANNOTATIONES</span> <span class='ocrx_word' id='word_1_588' title='bbox 3405 4140 3880 4278; x_wconf 64' lang='lat' dir='ltr'>SELECTE</span> 
     </span>
    </p>
   </div>
   <div class='ocr_carea' id='block_1_88' title="bbox 1332 4369 3185 4428">
    <p class='ocr_par' dir='ltr' id='par_1_88' title="bbox 1332 4369 3185 4428">
     <span class='ocr_line' id='line_1_89' title="bbox 1332 4369 3185 4428; baseline -0.003 -12"><span class='ocrx_word' id='word_1_589' title='bbox 1332 4374 1382 4428; x_wconf 87' lang='lat' dir='ltr'>(E</span> <span class='ocrx_word' id='word_1_590' title='bbox 1408 4373 1560 4428; x_wconf 86' lang='lat' dir='ltr'>Script.</span> <span class='ocrx_word' id='word_1_591' title='bbox 1587 4371 1862 4416; x_wconf 79' lang='lat' dir='ltr'>Ecclesiastic.</span> <span class='ocrx_word' id='word_1_592' title='bbox 1881 4383 2024 4426; x_wconf 89' lang='lat' dir='ltr'>opusc.</span> <span class='ocrx_word' id='word_1_593' title='bbox 2052 4374 2226 4426; x_wconf 79' lang='lat' dir='ltr'>praecip.</span> <span class='ocrx_word' id='word_1_594' title='bbox 2249 4377 2285 4415; x_wconf 88' lang='lat' dir='ltr'>t.</span> <span class='ocrx_word' id='word_1_595' title='bbox 2313 4372 2348 4421; x_wconf 85' lang='lat' dir='ltr'>l,</span> <span class='ocrx_word' id='word_1_596' title='bbox 2372 4373 2479 4415; x_wconf 84' lang='lat' dir='ltr'>edis.</span> <span class='ocrx_word' id='word_1_597' title='bbox 2505 4371 2578 4426; x_wconf 73' lang='grc' dir='ltr'>ιιι,</span> <span class='ocrx_word' id='word_1_598' title='bbox 2605 4371 2736 4415; x_wconf 82' lang='lat' dir='ltr'>Oxon.</span> <span class='ocrx_word' id='word_1_599' title='bbox 2760 4371 2882 4422; x_wconf 77' lang='grc'>1840,</span> <span class='ocrx_word' id='word_1_600' title='bbox 2907 4383 2954 4424; x_wconf 88' lang='lat' dir='ltr'>p,</span> <span class='ocrx_word' id='word_1_601' title='bbox 2973 4369 3185 4425; x_wconf 82' lang='lat'>330-359.)</span> 
     </span>
    </p>
   </div>
   <div class='ocr_carea' id='block_1_89' title="bbox 2125 4543 2417 4556">
    <p class='ocr_par' dir='ltr' id='par_1_89' title="bbox 2125 4543 2417 4556">
     <span class='ocr_line' id='line_1_90' title="bbox 2125 4543 2417 4556; baseline -0.003 -2"><span class='ocrx_word' id='word_1_602' title='bbox 2125 4543 2417 4556; x_wconf 50' lang='lat'>#—</span> 
     </span>
    </p>
   </div>
   <div class='ocr_carea' id='block_1_90' title="bbox 740 4771 2063 4826">
    <p class='ocr_par' dir='ltr' id='par_1_90' title="bbox 740 4771 2063 4826">
     <span class='ocr_line' id='line_1_91' title="bbox 740 4771 2063 4826; baseline -0.002 -2"><span class='ocrx_word' id='word_1_603' title='bbox 740 4775 812 4826; x_wconf 92' lang='lat' dir='ltr'>IN</span> <span class='ocrx_word' id='word_1_604' title='bbox 839 4771 1108 4825; x_wconf 89' lang='lat' dir='ltr'>LIBRUM</span> <span class='ocrx_word' id='word_1_605' title='bbox 1140 4772 1236 4823; x_wconf 91' lang='lat' dir='ltr'>DE</span> <span class='ocrx_word' id='word_1_606' title='bbox 1265 4771 1640 4825; x_wconf 84' lang='lat' dir='ltr'>IDOLORUM</span> <span class='ocrx_word' id='word_1_607' title='bbox 1670 4771 2063 4824; x_wconf 82' lang='lat' dir='ltr'>VANITATE.</span> 
     </span>
    </p>
   </div>
   <div class='ocr_carea' id='block_1_91' title="bbox 648 4844 2214 4910">
    <p class='ocr_par' dir='ltr' id='par_1_91' title="bbox 648 4844 2214 4910">
     <span class='ocr_line' id='line_1_92' title="bbox 648 4844 2214 4910; baseline -0.003 -11"><span class='ocrx_word' id='word_1_608' title='bbox 648 4847 843 4900; x_wconf 82' lang='lat' dir='ltr'>CAPUT</span> <span class='ocrx_word' id='word_1_609' title='bbox 875 4860 1117 4899; x_wconf 79' lang='lat' dir='ltr'>PRIMUM.</span> <span class='ocrx_word' id='word_1_610' title='bbox 1146 4871 1202 4881; x_wconf 88' lang='lat'><strong>-</strong></span> <span class='ocrx_word' id='word_1_611' title='bbox 1234 4845 1377 4907; x_wconf 80' lang='lat' dir='ltr'>Quod</span> <span class='ocrx_word' id='word_1_612' title='bbox 1401 4845 1540 4895; x_wconf 84' lang='lat' dir='ltr'>idola</span> <span class='ocrx_word' id='word_1_613' title='bbox 1569 4845 1650 4896; x_wconf 84' lang='lat' dir='ltr'>dii</span> <span class='ocrx_word' id='word_1_614' title='bbox 1677 4858 1781 4896; x_wconf 81' lang='lat' dir='ltr'>non</span> <span class='ocrx_word' id='word_1_615' title='bbox 1809 4848 1917 4895; x_wconf 85' lang='lat' dir='ltr'>sint</span> <span class='ocrx_word' id='word_1_616' title='bbox 1943 4860 1959 4894; x_wconf 89' lang='lat'><strong><em>:</em></strong></span> <span class='ocrx_word' id='word_1_617' title='bbox 1993 4850 2041 4895; x_wconf 89' lang='lat' dir='ltr'>et</span> <span class='ocrx_word' id='word_1_618' title='bbox 2074 4844 2214 4910; x_wconf 85' lang='lat' dir='ltr'>quod</span> 
     </span>
    </p>
   </div>
   <div class='ocr_carea' id='block_1_92' title="bbox 586 4916 2214 4983">
    <p class='ocr_par' dir='ltr' id='par_1_92' title="bbox 586 4916 2214 4983">
     <span class='ocr_line' id='line_1_93' title="bbox 586 4916 2214 4983; baseline -0.002 -13"><span class='ocrx_word' id='word_1_619' title='bbox 586 4920 725 4971; x_wconf 84' lang='lat' dir='ltr'>Deus</span> <span class='ocrx_word' id='word_1_620' title='bbox 750 4933 890 4970; x_wconf 84' lang='lat' dir='ltr'>unus</span> <span class='ocrx_word' id='word_1_621' title='bbox 916 4919 989 4970; x_wconf 85' lang='lat' dir='ltr'>sit</span> <span class='ocrx_word' id='word_1_622' title='bbox 1017 4934 1035 4981; x_wconf 88' lang='lat'><em>;</em></span> <span class='ocrx_word' id='word_1_623' title='bbox 1069 4917 1213 4983; x_wconf 84' lang='lat' dir='ltr'>quod</span> <span class='ocrx_word' id='word_1_624' title='bbox 1262 4930 1358 4980; x_wconf 81' lang='lat' dir='ltr'>per</span> <span class='ocrx_word' id='word_1_625' title='bbox 1385 4916 1647 4970; x_wconf 79' lang='lat' dir='ltr'>Christum</span> <span class='ocrx_word' id='word_1_626' title='bbox 1691 4917 1844 4968; x_wconf 86' lang='lat' dir='ltr'>satus</span> <span class='ocrx_word' id='word_1_627' title='bbox 1883 4916 2214 4967; x_wconf 79' lang='lat' dir='ltr'>credentibus</span> 
     </span>
    </p>
   </div>
   <div class='ocr_carea' id='block_1_93' title="bbox 582 4987 2215 5052">
    <p class='ocr_par' dir='ltr' id='par_1_93' title="bbox 582 4987 2215 5052">
     <span class='ocr_line' id='line_1_94' title="bbox 582 4987 2215 5052; baseline -0.002 -12"><span class='ocrx_word' id='word_1_628' title='bbox 582 4993 714 5041; x_wconf 85' lang='lat' dir='ltr'>data</span> <span class='ocrx_word' id='word_1_629' title='bbox 765 4992 850 5040; x_wconf 78' lang='lat' dir='ltr'>sit.</span> <span class='ocrx_word' id='word_1_630' title='bbox 903 4989 1047 5041; x_wconf 91' lang='lat' dir='ltr'>Cum</span> <span class='ocrx_word' id='word_1_631' title='bbox 1108 4989 1165 5038; x_wconf 90' lang='lat' dir='ltr'>in</span> <span class='ocrx_word' id='word_1_632' title='bbox 1220 4988 1507 5038; x_wconf 90' lang='lat' dir='ltr'>nonnullis</span> <span class='ocrx_word' id='word_1_633' title='bbox 1553 4987 1715 5038; x_wconf 91' lang='lat' dir='ltr'>codd.</span> <span class='ocrx_word' id='word_1_634' title='bbox 1765 4988 2004 5052; x_wconf 90' lang='lat' dir='ltr'>scriptis,</span> <span class='ocrx_word' id='word_1_635' title='bbox 2050 4991 2215 5051; x_wconf 91' lang='lat' dir='ltr'>atque</span> 
     </span>
    </p>
   </div>
   <div class='ocr_carea' id='block_1_94' title="bbox 584 5057 2216 5124">
    <p class='ocr_par' dir='ltr' id='par_1_94' title="bbox 584 5057 2216 5124">
     <span class='ocr_line' id='line_1_95' title="bbox 584 5057 2216 5124; baseline -0.004 -11"><span class='ocrx_word' id='word_1_636' title='bbox 584 5061 871 5113; x_wconf 82' lang='lat' dir='ltr'>veteribus</span> <span class='ocrx_word' id='word_1_637' title='bbox 901 5061 1116 5124; x_wconf 90' lang='lat' dir='ltr'>aliquot</span> <span class='ocrx_word' id='word_1_638' title='bbox 1165 5065 1294 5111; x_wconf 89' lang='lat' dir='ltr'>ante</span> <span class='ocrx_word' id='word_1_639' title='bbox 1339 5059 1718 5119; x_wconf 90' lang='lat' dir='ltr'>Baluzianam,</span> <span class='ocrx_word' id='word_1_640' title='bbox 1766 5072 1868 5109; x_wconf 90' lang='lat' dir='ltr'>seu</span> <span class='ocrx_word' id='word_1_641' title='bbox 1904 5057 2216 5109; x_wconf 87' lang='lat' dir='ltr'>Benedicti-</span> 
     </span>
    </p>
   </div>
   <div class='ocr_carea' id='block_1_95' title="bbox 587 5131 2216 5196">
    <p class='ocr_par' dir='ltr' id='par_1_95' title="bbox 587 5131 2216 5196">
     <span class='ocr_line' id='line_1_96' title="bbox 587 5131 2216 5196; baseline -0.001 -15"><span class='ocrx_word' id='word_1_642' title='bbox 587 5146 739 5194; x_wconf 91' lang='lat' dir='ltr'>nam,</span> <span class='ocrx_word' id='word_1_643' title='bbox 779 5133 1124 5184; x_wconf 87' lang='lat' dir='ltr'>editiouibus</span> <span class='ocrx_word' id='word_1_644' title='bbox 1171 5132 1357 5182; x_wconf 88' lang='lat' dir='ltr'>omnia</span> <span class='ocrx_word' id='word_1_645' title='bbox 1391 5131 1515 5182; x_wconf 56' lang='lat' dir='ltr'>haec</span> <span class='ocrx_word' id='word_1_646' title='bbox 1560 5145 1662 5196; x_wconf 71' lang='lat' dir='ltr'>pro</span> <span class='ocrx_word' id='word_1_647' title='bbox 1699 5131 1861 5182; x_wconf 90' lang='lat' dir='ltr'>titulo</span> <span class='ocrx_word' id='word_1_648' title='bbox 1889 5144 1989 5182; x_wconf 90' lang='lat' dir='ltr'>seu</span> <span class='ocrx_word' id='word_1_649' title='bbox 2031 5131 2216 5195; x_wconf 84' lang='lat' dir='ltr'>potius</span> 
     </span>
    </p>
   </div>
   <div class='ocr_carea' id='block_1_96' title="bbox 587 5203 2216 5269">
    <p class='ocr_par' dir='ltr' id='par_1_96' title="bbox 587 5203 2216 5269">
     <span class='ocr_line' id='line_1_97' title="bbox 587 5203 2216 5269; baseline -0.002 -15"><span class='ocrx_word' id='word_1_650' title='bbox 587 5210 914 5269; x_wconf 88' lang='lat' dir='ltr'>argumento</span> <span class='ocrx_word' id='word_1_651' title='bbox 961 5204 1144 5269; x_wconf 90' lang='lat' dir='ltr'>operis</span> <span class='ocrx_word' id='word_1_652' title='bbox 1204 5210 1352 5255; x_wconf 87' lang='lat' dir='ltr'>recte</span> <span class='ocrx_word' id='word_1_653' title='bbox 1402 5217 1652 5253; x_wconf 89' lang='lat' dir='ltr'>seorsum</span> <span class='ocrx_word' id='word_1_654' title='bbox 1708 5205 1890 5266; x_wconf 89' lang='lat' dir='ltr'>posita</span> <span class='ocrx_word' id='word_1_655' title='bbox 1949 5203 2075 5264; x_wconf 90' lang='lat' dir='ltr'>sint,</span> <span class='ocrx_word' id='word_1_656' title='bbox 2140 5203 2216 5251; x_wconf 89' lang='lat' dir='ltr'>ita</span> 
     </span>
    </p>
   </div>
   <div class='ocr_carea' id='block_1_97' title="bbox 585 5271 2217 5339">
    <p class='ocr_par' dir='ltr' id='par_1_97' title="bbox 585 5271 2217 5339">
     <span class='ocr_line' id='line_1_98' title="bbox 585 5271 2217 5339; baseline -0.002 -14"><span class='ocrx_word' id='word_1_657' title='bbox 585 5277 954 5339; x_wconf 88' lang='lat' dir='ltr'>imprimenda</span> <span class='ocrx_word' id='word_1_658' title='bbox 998 5289 1064 5326; x_wconf 90' lang='lat' dir='ltr'>ea</span> <span class='ocrx_word' id='word_1_659' title='bbox 1110 5275 1321 5326; x_wconf 88' lang='lat' dir='ltr'>curavi.</span> <span class='ocrx_word' id='word_1_660' title='bbox 1368 5273 1646 5326; x_wconf 66' lang='lat' dir='ltr'>Craterum</span> <span class='ocrx_word' id='word_1_661' title='bbox 1693 5275 1764 5324; x_wconf 90' lang='lat' dir='ltr'>ad</span> <span class='ocrx_word' id='word_1_662' title='bbox 1803 5275 2024 5324; x_wconf 91' lang='lat' dir='ltr'>tertium</span> <span class='ocrx_word' id='word_1_663' title='bbox 2068 5271 2217 5337; x_wconf 90' lang='lat' dir='ltr'>quod</span> 
     </span>
    </p>
   </div>
   <div class='ocr_carea' id='block_1_98' title="bbox 587 5345 2217 5412">
    <p class='ocr_par' dir='ltr' id='par_1_98' title="bbox 587 5345 2217 5412">
     <span class='ocr_line' id='line_1_99' title="bbox 587 5345 2217 5412; baseline -0.002 -14"><span class='ocrx_word' id='word_1_664' title='bbox 587 5349 782 5399; x_wconf 87' lang='lat' dir='ltr'>attinet</span> <span class='ocrx_word' id='word_1_665' title='bbox 814 5348 981 5410; x_wconf 86' lang='lat' dir='ltr'>hujus</span> <span class='ocrx_word' id='word_1_666' title='bbox 1007 5349 1154 5399; x_wconf 88' lang='lat' dir='ltr'>tituli</span> <span class='ocrx_word' id='word_1_667' title='bbox 1189 5347 1509 5410; x_wconf 89' lang='lat' dir='ltr'>articulum,</span> <span class='ocrx_word' id='word_1_668' title='bbox 1542 5349 1637 5412; x_wconf 89' lang='lat' dir='ltr'>qui</span> <span class='ocrx_word' id='word_1_669' title='bbox 1665 5347 1847 5412; x_wconf 88' lang='lat' dir='ltr'>qualis</span> <span class='ocrx_word' id='word_1_670' title='bbox 1889 5345 1983 5397; x_wconf 88' lang='lat' dir='ltr'>hic</span> <span class='ocrx_word' id='word_1_671' title='bbox 2017 5349 2217 5406; x_wconf 83' lang='lat' dir='ltr'>exstat,</span> 
     </span>
    </p>
   </div>
   <div class='ocr_carea' id='block_1_99' title="bbox 589 5416 2220 5482">
    <p class='ocr_par' dir='ltr' id='par_1_99' title="bbox 589 5416 2220 5482">
     <span class='ocr_line' id='line_1_100' title="bbox 589 5416 2220 5482; baseline -0.002 -13"><span class='ocrx_word' id='word_1_672' title='bbox 589 5418 818 5469; x_wconf 91' lang='lat' dir='ltr'>editioni</span> <span class='ocrx_word' id='word_1_673' title='bbox 865 5419 1201 5469; x_wconf 69' lang='lat' dir='ltr'>Manutianm</span> <span class='ocrx_word' id='word_1_674' title='bbox 1251 5419 1504 5482; x_wconf 89' lang='lat' dir='ltr'>primitus</span> <span class='ocrx_word' id='word_1_675' title='bbox 1555 5417 1805 5480; x_wconf 87' lang='lat' dir='ltr'>debetur,</span> <span class='ocrx_word' id='word_1_676' title='bbox 1857 5416 2220 5468; x_wconf 87' lang='lat' dir='ltr'>consimiliter</span> 
     </span>
    </p>
   </div>
   <div class='ocr_carea' id='block_1_100' title="bbox 589 5487 2220 5554">
    <p class='ocr_par' dir='ltr' id='par_1_100' title="bbox 589 5487 2220 5554">
     <span class='ocr_line' id='line_1_101' title="bbox 589 5487 2220 5554; baseline -0.001 -14"><span class='ocrx_word' id='word_1_677' title='bbox 589 5488 783 5540; x_wconf 89' lang='lat' dir='ltr'>scribit</span> <span class='ocrx_word' id='word_1_678' title='bbox 832 5492 1025 5539; x_wconf 87' lang='lat' dir='ltr'>auctor</span> <span class='ocrx_word' id='word_1_679' title='bbox 1083 5491 1142 5540; x_wconf 93' lang='lat' dir='ltr'>in</span> <span class='ocrx_word' id='word_1_680' title='bbox 1195 5489 1561 5554; x_wconf 87' lang='lat' dir='ltr'>sequentibus</span> <span class='ocrx_word' id='word_1_681' title='bbox 1615 5505 1627 5538; x_wconf 88' lang='lat'>:</span> <span class='ocrx_word' id='word_1_682' title='bbox 1684 5507 1714 5535; x_wconf 85' lang='lat'>«</span> <span class='ocrx_word' id='word_1_683' title='bbox 1767 5487 1929 5551; x_wconf 90' lang='lat' dir='ltr'>Quod</span> <span class='ocrx_word' id='word_1_684' title='bbox 1993 5500 2123 5539; x_wconf 89' lang='lat' dir='ltr'>vero</span> <span class='ocrx_word' id='word_1_685' title='bbox 2166 5491 2220 5538; x_wconf 87' lang='lat' dir='ltr'>et</span> 
     </span>
    </p>
   </div>
   <div class='ocr_carea' id='block_1_101' title="bbox 587 5559 2218 5626">
    <p class='ocr_par' dir='ltr' id='par_1_101' title="bbox 587 5559 2218 5626">
     <span class='ocr_line' id='line_1_102' title="bbox 587 5559 2218 5626; baseline -0.002 -13"><span class='ocrx_word' id='word_1_686' title='bbox 587 5561 845 5613; x_wconf 89' lang='lat' dir='ltr'>Christus</span> <span class='ocrx_word' id='word_1_687' title='bbox 892 5561 983 5623; x_wconf 89' lang='lat' dir='ltr'>sit,</span> <span class='ocrx_word' id='word_1_688' title='bbox 1033 5564 1089 5612; x_wconf 89' lang='lat' dir='ltr'>et</span> <span class='ocrx_word' id='word_1_689' title='bbox 1147 5561 1430 5626; x_wconf 89' lang='lat' dir='ltr'>quomodo</span> <span class='ocrx_word' id='word_1_690' title='bbox 1474 5573 1573 5625; x_wconf 88' lang='lat' dir='ltr'>per</span> <span class='ocrx_word' id='word_1_691' title='bbox 1620 5561 1804 5626; x_wconf 88' lang='lat' dir='ltr'>ipsum</span> <span class='ocrx_word' id='word_1_692' title='bbox 1854 5559 2017 5611; x_wconf 90' lang='lat' dir='ltr'>nobis</span> <span class='ocrx_word' id='word_1_693' title='bbox 2066 5559 2218 5610; x_wconf 86' lang='lat' dir='ltr'>salus</span> 
     </span>
    </p>
   </div>
   <div class='ocr_carea' id='block_1_102' title="bbox 582 5635 1611 5698">
    <p class='ocr_par' dir='ltr' id='par_1_102' title="bbox 582 5635 1611 5698">
     <span class='ocr_line' id='line_1_103' title="bbox 582 5635 1611 5698; baseline -0.004 -10"><span class='ocrx_word' id='word_1_694' title='bbox 582 5638 818 5697; x_wconf 90' lang='lat' dir='ltr'>venerit,</span> <span class='ocrx_word' id='word_1_695' title='bbox 853 5637 933 5688; x_wconf 89' lang='lat' dir='ltr'>slc</span> <span class='ocrx_word' id='word_1_696' title='bbox 965 5639 1049 5687; x_wconf 90' lang='lat' dir='ltr'>est</span> <span class='ocrx_word' id='word_1_697' title='bbox 1084 5635 1240 5698; x_wconf 90' lang='lat' dir='ltr'>ordo,</span> <span class='ocrx_word' id='word_1_698' title='bbox 1276 5636 1356 5686; x_wconf 90' lang='lat' dir='ltr'>sic</span> <span class='ocrx_word' id='word_1_699' title='bbox 1385 5637 1544 5686; x_wconf 88' lang='lat' dir='ltr'>ratio.</span> <span class='ocrx_word' id='word_1_700' title='bbox 1581 5654 1611 5684; x_wconf 81' lang='grc'><strong>»</strong></span> 
     </span>
    </p>
   </div>
   <div class='ocr_carea' id='block_1_103' title="bbox 646 5704 2216 5771">
    <p class='ocr_par' dir='ltr' id='par_1_103' title="bbox 646 5704 2216 5771">
     <span class='ocr_line' id='line_1_104' title="bbox 646 5704 2216 5771; baseline -0.003 -11"><span class='ocrx_word' id='word_1_701' title='bbox 646 5711 717 5760; x_wconf 83' lang='lat' dir='ltr'>Et</span> <span class='ocrx_word' id='word_1_702' title='bbox 764 5709 878 5760; x_wconf 79' lang='lat' dir='ltr'>dies</span> <span class='ocrx_word' id='word_1_703' title='bbox 929 5707 1083 5771; x_wconf 80' lang='lat' dir='ltr'>festos</span> <span class='ocrx_word' id='word_1_704' title='bbox 1150 5709 1293 5756; x_wconf 84' lang='lat' dir='ltr'>tanto</span> <span class='ocrx_word' id='word_1_705' title='bbox 1349 5706 1537 5756; x_wconf 82' lang='lat' dir='ltr'>honore</span> <span class='ocrx_word' id='word_1_706' title='bbox 1590 5704 1947 5756; x_wconf 75' lang='lat' dir='ltr'>celebrabant.</span> <span class='ocrx_word' id='word_1_707' title='bbox 2007 5705 2216 5756; x_wconf 88' lang='lat' dir='ltr'>Locum</span> 
     </span>
    </p>
   </div>
   <div class='ocr_carea' id='block_1_104' title="bbox 582 5774 2217 5842">
    <p class='ocr_par' dir='ltr' id='par_1_104' title="bbox 582 5774 2217 5842">
     <span class='ocr_line' id='line_1_105' title="bbox 582 5774 2217 5842; baseline -0.002 -12"><span class='ocrx_word' id='word_1_708' title='bbox 582 5780 734 5834; x_wconf 89' lang='lat' dir='ltr'>hunc</span> <span class='ocrx_word' id='word_1_709' title='bbox 774 5774 858 5831; x_wconf 83' lang='lat' dir='ltr'>sic</span> <span class='ocrx_word' id='word_1_710' title='bbox 910 5777 1202 5830; x_wconf 85' lang='lat' dir='ltr'>restituere</span> <span class='ocrx_word' id='word_1_711' title='bbox 1249 5791 1422 5828; x_wconf 90' lang='lat' dir='ltr'>ausus</span> <span class='ocrx_word' id='word_1_712' title='bbox 1465 5791 1610 5840; x_wconf 90' lang='lat' dir='ltr'>sum,</span> <span class='ocrx_word' id='word_1_713' title='bbox 1649 5779 1891 5842; x_wconf 85' lang='lat' dir='ltr'>reposito</span> <span class='ocrx_word' id='word_1_714' title='bbox 1932 5780 2079 5828; x_wconf 81' lang='lat' dir='ltr'>tanto</span> <span class='ocrx_word' id='word_1_715' title='bbox 2118 5789 2217 5841; x_wconf 89' lang='lat' dir='ltr'>pro</span> 
     </span>
    </p>
   </div>
   <div class='ocr_carea' id='block_1_105' title="bbox 581 5848 2218 5916">
    <p class='ocr_par' dir='ltr' id='par_1_105' title="bbox 581 5848 2218 5916">
     <span class='ocr_line' id='line_1_106' title="bbox 581 5848 2218 5916; baseline -0.001 -13"><span class='ocrx_word' id='word_1_716' title='bbox 581 5851 753 5904; x_wconf 83' lang='lat' dir='ltr'>dando</span> <span class='ocrx_word' id='word_1_717' title='bbox 787 5862 855 5905; x_wconf 83' lang='lat' dir='ltr'>ex</span> <span class='ocrx_word' id='word_1_718' title='bbox 883 5849 1107 5904; x_wconf 89' lang='lat' dir='ltr'>duobus</span> <span class='ocrx_word' id='word_1_719' title='bbox 1132 5848 1292 5903; x_wconf 88' lang='lat' dir='ltr'>codd.</span> <span class='ocrx_word' id='word_1_720' title='bbox 1328 5848 1568 5916; x_wconf 79' lang='lat' dir='ltr'>scriptis,</span> <span class='ocrx_word' id='word_1_721' title='bbox 1592 5859 1710 5901; x_wconf 86' lang='lat' dir='ltr'>uno</span> <span class='ocrx_word' id='word_1_722' title='bbox 1746 5848 2218 5903; x_wconf 53' lang='lat' dir='ltr'>Vossianodnter</span> 
     </span>
    </p>
   </div>
   <div class='ocr_carea' id='block_1_106' title="bbox 2227 4750 3884 4824">
    <p class='ocr_par' dir='ltr' id='par_1_106' title="bbox 2227 4750 3884 4824">
     <span class='ocr_line' id='line_1_107' title="bbox 2227 4750 3884 4824; baseline -0.006 -11"><span class='ocrx_word' id='word_1_723' title='bbox 2227 4750 2287 4824; x_wconf 90' lang='lat' dir='ltr'>D</span> <span class='ocrx_word' id='word_1_724' title='bbox 2309 4761 2580 4813; x_wconf 88' lang='lat' dir='ltr'>lectiones</span> <span class='ocrx_word' id='word_1_725' title='bbox 2610 4761 2890 4811; x_wconf 89' lang='lat' dir='ltr'>variantes</span> <span class='ocrx_word' id='word_1_726' title='bbox 2913 4760 2973 4810; x_wconf 91' lang='lat' dir='ltr'>in</span> <span class='ocrx_word' id='word_1_727' title='bbox 3012 4759 3256 4812; x_wconf 90' lang='lat' dir='ltr'>editione</span> <span class='ocrx_word' id='word_1_728' title='bbox 3299 4761 3634 4821; x_wconf 82' lang='lat' dir='ltr'>Oxoniensi,</span> <span class='ocrx_word' id='word_1_729' title='bbox 3663 4771 3753 4810; x_wconf 89' lang='lat' dir='ltr'>seu</span> <span class='ocrx_word' id='word_1_730' title='bbox 3790 4754 3884 4806; x_wconf 82' lang='lat' dir='ltr'>Fel-</span> 
     </span>
    </p>
   </div>
   <div class='ocr_carea' id='block_1_107' title="bbox 2311 4829 3888 4896">
    <p class='ocr_par' dir='ltr' id='par_1_107' title="bbox 2311 4829 3888 4896">
     <span class='ocr_line' id='line_1_108' title="bbox 2311 4829 3888 4896; baseline -0.004 -12"><span class='ocrx_word' id='word_1_731' title='bbox 2311 4834 2446 4894; x_wconf 91' lang='lat' dir='ltr'>lina,</span> <span class='ocrx_word' id='word_1_732' title='bbox 2473 4833 2712 4883; x_wconf 89' lang='lat' dir='ltr'>adducto</span> <span class='ocrx_word' id='word_1_733' title='bbox 2737 4832 2910 4882; x_wconf 89' lang='lat' dir='ltr'>altero</span> <span class='ocrx_word' id='word_1_734' title='bbox 2934 4845 3080 4894; x_wconf 89' lang='lat' dir='ltr'>meo,</span> <span class='ocrx_word' id='word_1_735' title='bbox 3092 4846 3260 4896; x_wconf 89' lang='lat' dir='ltr'>quem</span> <span class='ocrx_word' id='word_1_736' title='bbox 3287 4847 3358 4884; x_wconf 83' lang='lat' dir='ltr'>ex</span> <span class='ocrx_word' id='word_1_737' title='bbox 3385 4832 3723 4885; x_wconf 84' lang='lat' dir='ltr'>Bibliotheca</span> <span class='ocrx_word' id='word_1_738' title='bbox 3744 4829 3888 4878; x_wconf 60' lang='grc' dir='ltr'>Τετε-</span> 
     </span>
    </p>
   </div>
   <div class='ocr_carea' id='block_1_108' title="bbox 2314 4897 3889 4968">
    <p class='ocr_par' dir='ltr' id='par_1_108' title="bbox 2314 4897 3889 4968">
     <span class='ocr_line' id='line_1_109' title="bbox 2314 4897 3889 4968; baseline -0.004 -14"><span class='ocrx_word' id='word_1_739' title='bbox 2314 4907 2504 4954; x_wconf 89' lang='lat' dir='ltr'>terana</span> <span class='ocrx_word' id='word_1_740' title='bbox 2533 4917 2714 4968; x_wconf 91' lang='lat' dir='ltr'>nuper</span> <span class='ocrx_word' id='word_1_741' title='bbox 2742 4904 3074 4968; x_wconf 89' lang='lat' dir='ltr'>comparavi.</span> <span class='ocrx_word' id='word_1_742' title='bbox 3104 4903 3207 4953; x_wconf 90' lang='lat' dir='ltr'>Pro</span> <span class='ocrx_word' id='word_1_743' title='bbox 3235 4915 3371 4954; x_wconf 90' lang='lat' dir='ltr'>voce</span> <span class='ocrx_word' id='word_1_744' title='bbox 3393 4905 3586 4954; x_wconf 78' lang='lat' dir='ltr'>honore</span> <span class='ocrx_word' id='word_1_745' title='bbox 3607 4897 3889 4967; x_wconf 71' lang='lat' dir='ltr'>prmetabanl</span> 
     </span>
    </p>
   </div>
   <div class='ocr_carea' id='block_1_109' title="bbox 2315 4975 3882 5032">
    <p class='ocr_par' dir='ltr' id='par_1_109' title="bbox 2315 4975 3882 5032">
     <span class='ocr_line' id='line_1_110' title="bbox 2315 4975 3882 5032; baseline -0.004 -5"><span class='ocrx_word' id='word_1_746' title='bbox 2315 4975 2530 5027; x_wconf 71' lang='lat' dir='ltr'>nonares</span> <span class='ocrx_word' id='word_1_747' title='bbox 2558 4976 2645 5026; x_wconf 88' lang='lat' dir='ltr'>vel</span> <span class='ocrx_word' id='word_1_748' title='bbox 2673 4976 2914 5026; x_wconf 83' lang='lat' dir='ltr'>honorem</span> <span class='ocrx_word' id='word_1_749' title='bbox 2940 4975 3211 5026; x_wconf 89' lang='lat' dir='ltr'>editiones</span> <span class='ocrx_word' id='word_1_750' title='bbox 3246 4981 3373 5026; x_wconf 89' lang='lat' dir='ltr'>ante</span> <span class='ocrx_word' id='word_1_751' title='bbox 3402 4977 3690 5027; x_wconf 87' lang='lat' dir='ltr'>Baluzium</span> <span class='ocrx_word' id='word_1_752' title='bbox 3727 4982 3882 5032; x_wconf 75' lang='lat' dir='ltr'>excep-</span> 
     </span>
    </p>
   </div>
   <div class='ocr_carea' id='block_1_110' title="bbox 2317 5047 3538 5100">
    <p class='ocr_par' dir='ltr' id='par_1_110' title="bbox 2317 5047 3538 5100">
     <span class='ocr_line' id='line_1_111' title="bbox 2317 5047 3538 5100; baseline -0.001 -2"><span class='ocrx_word' id='word_1_753' title='bbox 2317 5049 2386 5098; x_wconf 88' lang='lat' dir='ltr'>tis</span> <span class='ocrx_word' id='word_1_754' title='bbox 2416 5048 2807 5100; x_wconf 89' lang='lat' dir='ltr'>vetustissimis</span> <span class='ocrx_word' id='word_1_755' title='bbox 2841 5047 2951 5096; x_wconf 90' lang='lat' dir='ltr'>illis</span> <span class='ocrx_word' id='word_1_756' title='bbox 2981 5052 3108 5098; x_wconf 89' lang='lat' dir='ltr'>ante</span> <span class='ocrx_word' id='word_1_757' title='bbox 3137 5047 3538 5098; x_wconf 87' lang='lat' dir='ltr'>Erasmianam.</span> 
     </span>
    </p>
   </div>
   <div class='ocr_carea' id='block_1_111' title="bbox 2378 5114 3887 5182">
    <p class='ocr_par' dir='ltr' id='par_1_111' title="bbox 2378 5114 3887 5182">
     <span class='ocr_line' id='line_1_112' title="bbox 2378 5114 3887 5182; baseline -0.004 -14"><span class='ocrx_word' id='word_1_758' title='bbox 2378 5120 2566 5182; x_wconf 12' lang='lat' dir='ltr'>Agnisic</span> <span class='ocrx_word' id='word_1_759' title='bbox 2594 5125 2641 5170; x_wconf 81' lang='lat' dir='ltr'>et</span> <span class='ocrx_word' id='word_1_760' title='bbox 2667 5119 2770 5169; x_wconf 63' lang='lat' dir='ltr'>hac</span> <span class='ocrx_word' id='word_1_761' title='bbox 2815 5118 2962 5182; x_wconf 84' lang='lat' dir='ltr'>apud</span> <span class='ocrx_word' id='word_1_762' title='bbox 3007 5118 3238 5182; x_wconf 77' lang='lat' dir='ltr'>singulos</span> <span class='ocrx_word' id='word_1_763' title='bbox 3288 5120 3501 5170; x_wconf 80' lang='lat' dir='ltr'>veritas.</span> <span class='ocrx_word' id='word_1_764' title='bbox 3545 5118 3626 5169; x_wconf 89' lang='lat' dir='ltr'>Ita</span> <span class='ocrx_word' id='word_1_765' title='bbox 3675 5114 3887 5166; x_wconf 80' lang='lat' dir='ltr'>ediderat.</span> 
     </span>
    </p>
   </div>
   <div class='ocr_carea' id='block_1_112' title="bbox 2318 5181 3888 5255">
    <p class='ocr_par' dir='ltr' id='par_1_112' title="bbox 2318 5181 3888 5255">
     <span class='ocr_line' id='line_1_113' title="bbox 2318 5181 3888 5255; baseline -0.016 0"><span class='ocrx_word' id='word_1_766' title='bbox 2620 5191 2717 5254; x_wconf 85' lang='lat' dir='ltr'>qui</span> <span class='ocrx_word' id='word_1_767' title='bbox 2747 5181 2875 5241; x_wconf 84' lang='lat' dir='ltr'>ante</span> <span class='ocrx_word' id='word_1_768' title='bbox 2909 5181 3195 5240; x_wconf 82' lang='lat' dir='ltr'>Baluzium</span> <span class='ocrx_word' id='word_1_769' title='bbox 3233 5192 3449 5240; x_wconf 86' lang='lat' dir='ltr'>ornavit</span> <span class='ocrx_word' id='word_1_770' title='bbox 3485 5204 3644 5241; x_wconf 88' lang='lat' dir='ltr'>suam</span> <span class='ocrx_word' id='word_1_771' title='bbox 3671 5188 3816 5249; x_wconf 88' lang='lat' dir='ltr'>hujus</span> <span class='ocrx_word' id='word_1_772' title='bbox 3842 5182 3888 5255; x_wconf 57' lang='lat' dir='ltr'>lif</span> 
     </span>
    </p>
   </div>
   <div class='ocr_carea' id='block_1_113' title="bbox 2315 5254 3887 5325">
    <p class='ocr_par' dir='ltr' id='par_1_113' title="bbox 2315 5254 3887 5325">
     <span class='ocr_line' id='line_1_114' title="bbox 2315 5254 3887 5325; baseline -0.004 -15"><span class='ocrx_word' id='word_1_773' title='bbox 2315 5260 2449 5311; x_wconf 90' lang='lat' dir='ltr'>belli</span> <span class='ocrx_word' id='word_1_774' title='bbox 2475 5254 2794 5322; x_wconf 89' lang='lat' dir='ltr'>editionem,</span> <span class='ocrx_word' id='word_1_775' title='bbox 2829 5260 3073 5312; x_wconf 87' lang='lat' dir='ltr'>Jacobus</span> <span class='ocrx_word' id='word_1_776' title='bbox 3119 5260 3456 5321; x_wconf 88' lang='lat' dir='ltr'>Gronovius,</span> <span class='ocrx_word' id='word_1_777' title='bbox 3482 5262 3658 5325; x_wconf 88' lang='lat' dir='ltr'>posito</span> <span class='ocrx_word' id='word_1_778' title='bbox 3683 5273 3744 5307; x_wconf 75' lang='lat' dir='ltr'>an</span> <span class='ocrx_word' id='word_1_779' title='bbox 3774 5254 3828 5305; x_wconf 74' lang='lat' dir='ltr'>sit</span> <span class='ocrx_word' id='word_1_780' title='bbox 3854 5254 3887 5300; x_wconf 73' lang='lat' dir='ltr'>et</span> 
     </span>
    </p>
   </div>
   <div class='ocr_carea' id='block_1_114' title="bbox 2316 5332 3890 5398">
    <p class='ocr_par' dir='ltr' id='par_1_114' title="bbox 2316 5332 3890 5398">
     <span class='ocr_line' id='line_1_115' title="bbox 2316 5332 3890 5398; baseline -0.004 -15"><span class='ocrx_word' id='word_1_781' title='bbox 2316 5332 2429 5394; x_wconf 84' lang='lat' dir='ltr'>hoc,</span> <span class='ocrx_word' id='word_1_782' title='bbox 2460 5344 2562 5396; x_wconf 88' lang='lat' dir='ltr'>pro</span> <span class='ocrx_word' id='word_1_783' title='bbox 2583 5333 2828 5398; x_wconf 89' lang='lat' dir='ltr'>vulgato,</span> <span class='ocrx_word' id='word_1_784' title='bbox 2855 5348 2925 5382; x_wconf 86' lang='lat' dir='ltr'>an</span> <span class='ocrx_word' id='word_1_785' title='bbox 2942 5338 3040 5384; x_wconf 88' lang='lat' dir='ltr'>stet</span> <span class='ocrx_word' id='word_1_786' title='bbox 3060 5333 3181 5384; x_wconf 74' lang='lat' dir='ltr'>haec.</span> <span class='ocrx_word' id='word_1_787' title='bbox 3205 5333 3570 5397; x_wconf 85' lang='lat' dir='ltr'>Firmantque</span> <span class='ocrx_word' id='word_1_788' title='bbox 3590 5333 3729 5383; x_wconf 87' lang='lat' dir='ltr'>hanc</span> <span class='ocrx_word' id='word_1_789' title='bbox 3751 5337 3890 5380; x_wconf 62' lang='lat' dir='ltr'>emam</span> 
     </span>
    </p>
   </div>
   <div class='ocr_carea' id='block_1_115' title="bbox 2317 5403 3887 5467">
    <p class='ocr_par' dir='ltr' id='par_1_115' title="bbox 2317 5403 3887 5467">
     <span class='ocr_line' id='line_1_116' title="bbox 2317 5403 3887 5467; baseline -0.005 -13"><span class='ocrx_word' id='word_1_790' title='bbox 2317 5403 2601 5455; x_wconf 81' lang='lat' dir='ltr'>dationem</span> <span class='ocrx_word' id='word_1_791' title='bbox 2648 5403 2961 5467; x_wconf 83' lang='lat' dir='ltr'>neglectam</span> <span class='ocrx_word' id='word_1_792' title='bbox 3019 5418 3050 5454; x_wconf 89' lang='lat' dir='ltr'>a</span> <span class='ocrx_word' id='word_1_793' title='bbox 3097 5403 3340 5466; x_wconf 86' lang='lat' dir='ltr'>Baluzio,</span> <span class='ocrx_word' id='word_1_794' title='bbox 3373 5405 3424 5454; x_wconf 90' lang='lat' dir='ltr'>si</span> <span class='ocrx_word' id='word_1_795' title='bbox 3476 5403 3642 5454; x_wconf 90' lang='lat' dir='ltr'>modo</span> <span class='ocrx_word' id='word_1_796' title='bbox 3677 5408 3887 5462; x_wconf 80' lang='lat' dir='ltr'>umquam</span> 
     </span>
    </p>
   </div>
   <div class='ocr_carea' id='block_1_116' title="bbox 2316 5467 3886 5542">
    <p class='ocr_par' dir='ltr' id='par_1_116' title="bbox 2316 5467 3886 5542">
     <span class='ocr_line' id='line_1_117' title="bbox 2316 5467 3886 5542; baseline -0.005 -15"><span class='ocrx_word' id='word_1_797' title='bbox 2316 5477 2529 5527; x_wconf 90' lang='lat' dir='ltr'>venerit</span> <span class='ocrx_word' id='word_1_798' title='bbox 2580 5489 2646 5527; x_wconf 87' lang='lat' dir='ltr'>ea</span> <span class='ocrx_word' id='word_1_799' title='bbox 2692 5474 2763 5526; x_wconf 90' lang='lat' dir='ltr'>ad</span> <span class='ocrx_word' id='word_1_800' title='bbox 2811 5477 3068 5527; x_wconf 86' lang='lat' dir='ltr'>notitiam</span> <span class='ocrx_word' id='word_1_801' title='bbox 3097 5480 3236 5542; x_wconf 84' lang='lat' dir='ltr'>ejus,</span> <span class='ocrx_word' id='word_1_802' title='bbox 3273 5477 3496 5528; x_wconf 87' lang='lat' dir='ltr'>codices</span> <span class='ocrx_word' id='word_1_803' title='bbox 3538 5475 3648 5525; x_wconf 92' lang='lat' dir='ltr'>duo</span> <span class='ocrx_word' id='word_1_804' title='bbox 3679 5467 3886 5537; x_wconf 82' lang='lat' dir='ltr'>Cypriani</span> 
     </span>
    </p>
   </div>
   <div class='ocr_carea' id='block_1_117' title="bbox 2318 5545 3874 5612">
    <p class='ocr_par' dir='ltr' id='par_1_117' title="bbox 2318 5545 3874 5612">
     <span class='ocr_line' id='line_1_118' title="bbox 2318 5545 3874 5612; baseline -0.005 -14"><span class='ocrx_word' id='word_1_805' title='bbox 2318 5547 2465 5612; x_wconf 90' lang='lat' dir='ltr'>apud</span> <span class='ocrx_word' id='word_1_806' title='bbox 2510 5548 2727 5600; x_wconf 88' lang='lat' dir='ltr'>Novum</span> <span class='ocrx_word' id='word_1_807' title='bbox 2772 5547 3083 5612; x_wconf 88' lang='lat' dir='ltr'>Collegium</span> <span class='ocrx_word' id='word_1_808' title='bbox 3125 5550 3184 5598; x_wconf 89' lang='lat' dir='ltr'>in</span> <span class='ocrx_word' id='word_1_809' title='bbox 3220 5548 3438 5601; x_wconf 81' lang='lat' dir='ltr'>Oxonio</span> <span class='ocrx_word' id='word_1_810' title='bbox 3483 5545 3794 5601; x_wconf 85' lang='lat' dir='ltr'>conservati,</span> <span class='ocrx_word' id='word_1_811' title='bbox 3815 5551 3874 5612; x_wconf 73' lang='lat' dir='ltr'>nu</span> 
     </span>
    </p>
   </div>
   <div class='ocr_carea' id='block_1_118' title="bbox 2317 5608 3887 5685">
    <p class='ocr_par' dir='ltr' id='par_1_118' title="bbox 2317 5608 3887 5685">
     <span class='ocr_line' id='line_1_119' title="bbox 2317 5608 3887 5685; baseline -0.004 -16"><span class='ocrx_word' id='word_1_812' title='bbox 2317 5608 2486 5670; x_wconf 80' lang='lat' dir='ltr'>meris</span> <span class='ocrx_word' id='word_1_813' title='bbox 2516 5620 2548 5670; x_wconf 73' lang='lat'><strong>2</strong></span> <span class='ocrx_word' id='word_1_814' title='bbox 2578 5623 2634 5670; x_wconf 89' lang='lat' dir='ltr'>et</span> <span class='ocrx_word' id='word_1_815' title='bbox 2667 5623 2714 5683; x_wconf 77' lang='lat'>3,</span> <span class='ocrx_word' id='word_1_816' title='bbox 2745 5634 2778 5670; x_wconf 86' lang='lat' dir='ltr'>a</span> <span class='ocrx_word' id='word_1_817' title='bbox 2806 5633 2898 5672; x_wconf 90' lang='lat' dir='ltr'>me</span> <span class='ocrx_word' id='word_1_818' title='bbox 2927 5608 3218 5685; x_wconf 78' lang='lat' dir='ltr'>designati.</span> <span class='ocrx_word' id='word_1_819' title='bbox 3256 5620 3456 5671; x_wconf 81' lang='lat' dir='ltr'>Exstat</span> <span class='ocrx_word' id='word_1_820' title='bbox 3493 5620 3552 5670; x_wconf 88' lang='lat' dir='ltr'>in</span> <span class='ocrx_word' id='word_1_821' title='bbox 3593 5616 3778 5669; x_wconf 87' lang='lat' dir='ltr'>eodem</span> <span class='ocrx_word' id='word_1_822' title='bbox 3806 5608 3887 5685; x_wconf 51' lang='lat' dir='ltr'>col:</span> 
     </span>
    </p>
   </div>
   <div class='ocr_carea' id='block_1_119' title="bbox 2318 5678 3891 5756">
    <p class='ocr_par' dir='ltr' id='par_1_119' title="bbox 2318 5678 3891 5756">
     <span class='ocr_line' id='line_1_120' title="bbox 2318 5678 3891 5756; baseline -0.003 -15"><span class='ocrx_word' id='word_1_823' title='bbox 2318 5689 2463 5754; x_wconf 89' lang='lat' dir='ltr'>legio</span> <span class='ocrx_word' id='word_1_824' title='bbox 2512 5690 2654 5741; x_wconf 87' lang='lat' dir='ltr'>alius</span> <span class='ocrx_word' id='word_1_825' title='bbox 2699 5678 2970 5754; x_wconf 61' lang='lat' dir='ltr'>praeterea</span> <span class='ocrx_word' id='word_1_826' title='bbox 3016 5678 3286 5756; x_wconf 54' lang='lat' dir='ltr'>C&#39;ypriani</span> <span class='ocrx_word' id='word_1_827' title='bbox 3334 5690 3477 5742; x_wconf 90' lang='lat' dir='ltr'>liber</span> <span class='ocrx_word' id='word_1_828' title='bbox 3525 5678 3891 5756; x_wconf 86' lang='lat' dir='ltr'>scriptus;</span> 
     </span>
    </p>
   </div>
   <div class='ocr_carea' id='block_1_120' title="bbox 2317 5749 3890 5831">
    <p class='ocr_par' dir='ltr' id='par_1_120' title="bbox 2317 5749 3890 5831">
     <span class='ocr_line' id='line_1_121' title="bbox 2317 5749 3890 5831; baseline -0.001 -21"><span class='ocrx_word' id='word_1_829' title='bbox 2317 5749 2447 5812; x_wconf 66' lang='lat' dir='ltr'>vere</span> <span class='ocrx_word' id='word_1_830' title='bbox 2472 5761 2683 5828; x_wconf 83' lang='lat' dir='ltr'>nullius</span> <span class='ocrx_word' id='word_1_831' title='bbox 2699 5749 2911 5814; x_wconf 70' lang='lat' dir='ltr'>borum</span> <span class='ocrx_word' id='word_1_832' title='bbox 2953 5749 3214 5816; x_wconf 72' lang='lat' dir='ltr'>codicum</span> <span class='ocrx_word' id='word_1_833' title='bbox 3253 5764 3524 5815; x_wconf 88' lang='lat' dir='ltr'>lectiones</span> <span class='ocrx_word' id='word_1_834' title='bbox 3560 5749 3815 5831; x_wconf 65' lang='lat' dir='ltr'>variantes</span> 
     </span>
    </p>
   </div>
   <div class='ocr_carea' id='block_1_121' title="bbox 2319 5829 3891 5901">
    <p class='ocr_par' dir='ltr' id='par_1_121' title="bbox 2319 5829 3891 5901">
     <span class='ocr_line' id='line_1_122' title="bbox 2319 5829 3891 5901; baseline 0.006 -19"><span class='ocrx_word' id='word_1_835' title='bbox 2319 5831 2473 5885; x_wconf 89' lang='lat' dir='ltr'>hunc</span> <span class='ocrx_word' id='word_1_836' title='bbox 2522 5833 2748 5899; x_wconf 87' lang='lat' dir='ltr'>quidem</span> <span class='ocrx_word' id='word_1_837' title='bbox 2783 5834 2934 5901; x_wconf 91' lang='lat' dir='ltr'>quod</span> <span class='ocrx_word' id='word_1_838' title='bbox 2978 5836 3174 5889; x_wconf 87' lang='lat' dir='ltr'>attinet</span> <span class='ocrx_word' id='word_1_839' title='bbox 3223 5835 3477 5890; x_wconf 87' lang='lat' dir='ltr'>libellum</span> <span class='ocrx_word' id='word_1_840' title='bbox 3531 5834 3594 5888; x_wconf 70' lang='lat' dir='ltr'>in</span> 
     </span>
    </p>
   </div>
  </div>
