4188 6186
282 260 409 321 1301

279 388 520 442 editione
578 392 919 455 comparent.
1000 389 1290 444 Consentit
1367 395 1423 443 et
1484 406 1614 446 cum
1678 394 1917 450 lectione

279 461 647 511 emendatiori
678 462 859 513 codex
895 461 1159 528 Cypriani
1186 477 1347 514 meus
1373 477 1441 515 ex
1470 463 1812 519 bibliotheca
1842 470 1915 521 cl.

281 533 467 595 Drury
497 546 648 584 nunc
668 547 699 582 a
730 546 819 583 me
846 538 1214 599 comparatus.

346 604 489 655 CAP.
540 605 607 654 II.
651 630 711 640 —
756 605 941 668 Apollo
978 606 1198 656 Admeto
1237 620 1391 670 pecus
1438 610 1610 672 pavit.
1659 610 1779 662 Hoc
1820 626 1917 676 pro

281 678 508 741 vulgato
556 676 769 727 Admeti
817 681 1073 741 posuerat
1140 678 1454 730 Gronovius
1506 682 1562 730 in
1614 684 1727 746 jam
1773 684 1919 735 dicta

286 748 417 797 edit.
445 747 821 812 hujuslibelli,
852 761 980 813 qum
1016 749 1258 799 Minucio
1299 750 1473 801 Felici
1503 752 1735 816 abjecta,
1774 769 1921 805 anno

284 821 426 879 1705,
462 820 681 869 circiter
713 820 909 883 viginti
964 834 1140 869 annos
1170 826 1298 870 ante
1328 820 1591 885 Cypriani
1620 825 1922 876 editionem

287 890 641 939 Baluzianam
698 890 917 953 prodiit.
992 890 1442 955 Suﬂ‘ragantibus
1507 894 1667 944 dictis
1704 896 1921 947 duobus

290 960 429 1010 Novi
484 960 713 1025 Collegii
762 974 895 1010 mss.
966 959 1113 1012 hanc
1160 964 1381 1025 praetuli
1416 964 1733 1016 lectionem.
1786 968 1923 1018 Ubi-

288 1045 531 1096 cumque
569 1036 754 1082 autem
791 1032 860 1082 ab
900 1033 1144 1084 editione
1206 1034 1303 1083 illa
1351 1034 1564 1085 Baluzii
1597 1037 1651 1085 in
1692 1038 1779 1087 his
1814 1038 1925 1102 Cy-

289 1102 469 1165 priani
504 1105 788 1165 opusculis
837 1104 1139 1166 discedam,
1186 1105 1241 1154 id
1283 1119 1432 1169 vero,
1462 1112 1767 1172 proutjam
1816 1111 1925 1162 feci

291 1174 347 1222 in
401 1172 704 1223 Firmiliani
769 1175 1014 1239 epistola,
1062 1189 1339 1240 nusquam
1395 1191 1504 1227 non
1560 1180 1926 1232 adnotaturus

290 1259 415 1294 sum
450 1259 573 1295 raro
602 1246 734 1297 alibi
764 1246 1018 1298 lectionis
1047 1249 1367 1299 varietatem
1394 1250 1696 1303 adducens.

352 1316 475 1366 Inde
517 1316 700 1379 falcem
739 1317 908 1380 ferens
949 1319 1213 1382 pingitur.
1262 1320 1442 1386 Vulgo
1500 1322 1723 1374 additur
1771 1340 1926 1377 senex

290 1390 412 1451 post
434 1387 600 1449 ferens
624 1390 774 1453 quod
823 1404 877 1438 m
918 1390 1045 1440 edit.
1074 1404 1176 1440 sua
1224 1396 1372 1442 recte
1416 1396 1677 1445 omiserat
1701 1394 1926 1447 Grono-

293 1459 431 1507 vius.
485 1460 701 1510 Primus
767 1474 962 1511 vocem
1032 1463 1239 1525 recepit
1304 1464 1578 1514 Pamelius
1672 1480 1741 1516 ex
1788 1482 1920 1518 mss.

296 1529 684 1591 Cambonensi,
719 1531 815 1580 sed
858 1533 1117 1582 nesciunt
1161 1546 1283 1583 eam
1307 1539 1545 1597 quatuor
1594 1538 1814 1588 codices
1866 1540 1923 1588 in

300 1599 427 1649 edit.
486 1601 663 1651 Oxon.
716 1602 958 1659 adducti,
985 1606 1183 1665 praeter
1228 1609 1336 1654 tres
1373 1606 1496 1656 illos
1529 1607 1666 1657 Novi
1697 1608 1930 1673 Collegii

300 1676 490 1729 mstos,
527 1687 828 1738 meumque
862 1674 1109 1726 codicem
1160 1677 1272 1738 jam
1313 1691 1479 1740 supra
1540 1686 1923 1730 memoratum.

300 1744 431 1793 olim
461 1745 905 1804 Tewateranum,
961 1751 1012 1795 et
1061 1749 1464 1798 vetustissimas
1492 1748 1754 1813 Cypriani
1806 1753 1929 1802 edi-

306 1817 504 1866 tiones.
536 1816 883 1879 Quapropter
934 1830 1125 1867 vocem
1160 1821 1505 1881 prmtermisi.
1543 1822 1701 1873 Nunc
1728 1823 1932 1874 addere

299 1886 431 1936 licet
484 1886 623 1936 duos
666 1885 887 1937 codices
940 1888 1259 1951 Drurianos,
1314 1891 1666 1956 alterumque
1694 1896 1823 1944 olim
1854 1896 1933 1944 cl.

307 1959 567 2030 Heermai
595 1960 611 2008 i
636 1960 750 2022 jam
788 1974 995 2019 meum,
1045 1960 1378 2012 duodecimo
1408 1966 1613 2015 saeculo
1642 1969 1931 2030 scriptum.

361 2028 499 2080 CAP.
525 2029 620 2078 III.
648 2057 708 2066 —
742 2031 845 2079 Hoc
888 2031 963 2080 ita
996 2046 1100 2080 esse
1150 2032 1462 2083 Alexander.
1517 2036 1659 2098 (Vid.
1693 2028 1935 2089 indiunc

300 2100 404 2150 loc.
434 2100 608 2151 Oxon.
647 2099 758 2150 edit
811 2104 1015 2162 notam,
1054 2103 1144 2152 cui
1192 2104 1314 2154 haec
1349 2105 1551 2155 Routh.
1600 2108 1932 2171 subjunxit).

304 2172 387 2221 De
441 2172 692 2235 epistolis
746 2174 877 2222 visis
916 2186 947 2222 a
1007 2173 1304 2224 Plutarcho
1351 2177 1587 2240 aliisque
1653 2181 1937 2230 veteribus

304 2242 679 2306 scriptoribus,
738 2256 851 2292 non
876 2242 944 2294 de
978 2244 1045 2293 iis
1087 2259 1213 2309 quin
1251 2246 1419 2297 hodie
1466 2250 1939 2299 circumferuntur

303 2315 530 2364 nomine
555 2313 851 2363 Alexandri
880 2314 1176 2380 insignitae,
1231 2316 1357 2368 hmo
1387 2323 1441 2367 et
1464 2319 1620 2380 plura
1650 2322 1938 2369 annotavit

309 2385 670 2435 doctissimus
719 2385 922 2436 Oxonii
998 2387 1308 2451 episcopus.
1367 2389 1508 2438 Male
1538 2395 1722 2439 autem
1772 2394 1936 2442 omit-

309 2458 440 2506 titur
468 2461 591 2520 post
612 2457 688 2506 ita
733 2456 965 2507 verbum
1014 2472 1116 2507 esse
1172 2463 1226 2508 et
1254 2464 1379 2522 post
1432 2459 1618 2508 scribit
1666 2468 1937 2524 punctum

309 2530 364 2577 in
395 2532 550 2577 textu
612 2527 929 2587 Baluziano,
989 2528 1155 2587 unde,
1198 2534 1257 2579 ut
1304 2531 1436 2579 olim
1492 2533 1702 2593 monui,
1729 2546 1939 2584 errores

310 2601 678 2650 transiverant
695 2601 751 2649 in
782 2614 986 2651 meum.

372 2670 512 2720 CAP.
561 2672 651 2720 IV.
710 2700 765 2707 —-
809 2673 1123 2721 Meretrices.
1205 2673 1266 2722 In
1320 2673 1657 2724 editionibus
1727 2676 1937 2737 multis,

310 2755 437 2805 qum
483 2742 838 2791 Baluzianam
875 2744 1214 2803 praecedunt,
1239 2744 1405 2794 verba
1458 2760 1584 2808 quae
1630 2751 1941 2810 sequuntur

311 2814 472 2863 uncis
518 2813 732 2863 inclusa
780 2816 929 2871 sunt,
983 2828 1167 2877 neque
1197 2822 1576 2878 agnoscuntur
1626 2820 1714 2869 vel
1769 2818 1941 2868 tribus

313 2884 436 2934 cod.
470 2885 685 2946 scriptis
747 2884 886 2933 Novi
923 2883 1157 2949 Collegii
1216 2891 1311 2936 aut
1360 2887 1579 2937 duobus
1606 2890 1737 2938 olim
1794 2890 1942 2939 Dru—

312 2956 481 3005 rianis
516 2959 608 3004 aut
658 2955 1125 3014 Meermannano;
1170 2962 1389 3007 exstant
1446 2974 1576 3009 vero
1638 2961 1697 3009 in
1749 2960 1941 3011 codice

313 3027 688 3086 Tewaterano,
716 3038 883 3089 quem
912 3039 1079 3089 supra
1114 3031 1563 3079 commemoravi.

376 3098 465 3146 Est
487 3099 533 3144 et
582 3097 749 3145 Venus
782 3096 944 3145 calva.
1002 3097 1318 3148 Lactantius
1401 3100 1541 3150 ωλι
1612 3102 1726 3151 Div.
1767 3103 1939 3151 Instit.

1636 269 1813 329 EDIT.
1854 271 2050 331 OXON.
2068 294 2069 301 η
2090 275 2305 332 NOTAE.

1952 1781 2008 1851 Β

3520 286 3659 345 1302

2080 399 2218 451 CAP.
2250 398 2343 451 VI.
2370 427 2431 438 —
2454 400 2687 452 Stultum
2716 407 2766 453 et
2797 404 3094 469 prodigum.
3128 407 3410 460 Credutum
3472 409 3638 459 Balu-

2019 471 2153 532 zius,
2177 472 2274 535 qui
2332 472 2479 523 hanc
2514 473 2813 527 lectionem
2877 477 3104 541 quidem
3160 480 3463 532 faciliorem
3509 494 3649 543 praec

2016 544 2203 607 posuit
2227 544 2382 594 alteri
2413 545 2637 595 lectioni
2680 549 2978 611 prodigum,
3033 564 3200 613 quam
3250 556 3510 614 prmstant
3541 552 3656 603 edi-

2019 616 2199 687 tiones
2226 629 2436 675 omnes,
2475 622 2675 678 praeter
2728 618 2915 668 Gravii
2972 621 3123 672 illam
3193 637 3497 687 omnesque
3544 626 3657 674 fere

2018 686 2143 736 libri
2196 689 2579 749 manuscripti.
2624 688 2693 737 Et
2756 703 2919 740 voces
2975 695 3287 756 conjunctis
3369 686 3510 745 intra
3566 697 3658 744 vi-

2022 757 2239 830 dentur,
2277 761 2483 830 Cuncta
2519 759 2746 822 prodiga
2781 763 2835 809 et
2881 762 3064 823 stulta,
3097 765 3275 828 inquit
3320 766 3649 830 Cyprianus,

2020 829 2347 892 voluptatum
2373 829 2746 891 frustrantium
2798 831 3098 894 depereunt,
3156 838 3226 884 De
3280 838 3370 899 0p.
3404 829 3455 887 et
3506 840 3655 887 Etee-

2021 914 2171 961 mos.,
2206 914 2324 964 cap.
2379 902 2450 951 16.
2498 902 2558 950 In
2618 900 2812 951 codice
2843 907 3030 952 autem
3077 918 3202 956 meo
3232 922 3407 971 nuper
3455 910 3649 959 Tewa-

2023 976 2213 1023 terano
2296 972 2625 1022 incredulum
2678 976 2872 1022 exstat.
2942 975 3218 1025 Perditum
3282 980 3507 1041 quidem
3558 994 3656 1043 pro

2018 1044 2295 1107 prodigum
2342 1045 2622 1107 scriptum
2646 1044 2780 1094 olim
2837 1045 3008 1094 fuisse
3053 1049 3290 1109 conjecit
3336 1050 3655 1114 Rigaltius;

2024 1118 2079 1164 et
2113 1114 2283 1165 habes
2314 1115 2369 1163 in
2394 1114 2605 1179 eodem
2637 1116 2816 1179 capite
2840 1129 2955 1164 cum
2975 1116 3164 1179 populo
3208 1119 3529 1179 perditionis
3580 1137 3662 1171 nc-

2024 1179 2245 1237 mortis;
2315 1177 2411 1227 sed
2476 1177 2665 1226 malim
2707 1177 2837 1239 'ego
2903 1177 3000 1241 pro
3040 1177 3337 1242 prodigum
3399 1196 3664 1244 reponere

2021 1249 2319 1312 prodigum.
2350 1248 2541 1298 Cicero
2570 1249 2627 1296 in
2661 1249 2835 1311 Epist.
2868 1249 2917 1311 3,
2962 1249 3029 1298 ad
3070 1252 3326 1311 Atticum,
3352 1266 3408 1300 n.
3442 1255 3517 1302 15.
3556 1256 3664 1316 Ego

2025 1319 2295 1383 proditus,
2327 1320 2608 1381 inductus,
2654 1324 2911 1382 conjectus
2963 1322 3013 1369 in
3056 1321 3315 1383 fraudem.
3350 1324 3490 1374 Vide
3530 1325 3664 1375 For-

2027 1392 2209 1441 cellini
2244 1394 2412 1441 Lemis.
2451 1395 2506 1440 in
2537 1405 2593 1441 ν.

2087 1464 2353 1512 Hostanes.
2439 1464 2649 1512 Plinius
2705 1462 2800 1511 lib.
2852 1476 2980 1512 xxx
3040 1465 3171 1514 Hist.
3245 1468 3363 1515 Nat.
3427 1482 3546 1530 cap.
3592 1470 3659 1518 9.:

2027 1550 2056 1582 «
2095 1534 2331 1596 Primus,
2375 1533 2523 1597 quod
2576 1538 2772 1593 exstet,
2810 1538 2873 1582 ut
2906 1535 3164 1597 equidem
3208 1537 3454 1599 invenio,
3504 1554 3659 1590 com-

2025 1608 2304 1656 mentatus
2352 1605 2419 1654 de
2449 1618 2513 1655 ea
2563 1605 2784 1667 (magia)
2832 1604 3120 1667 Osthanes,
3182 1608 3403 1657 Xerxen
3471 1624 3657 1672 regem

2028 1677 2341 1731 Persarum,
2373 1676 2518 1725 bello
2546 1674 2695 1739 quod
2726 1676 2771 1724 is
2799 1675 3028 1725 Graeciae
3080 1678 3285 1739 intulit,
3324 1681 3618 1731 comitatus
3650 1698 3661 1730 :

2034 1762 2097 1796 ac
2124 1748 2275 1797 velut
2332 1748 2543 1797 semina
2594 1747 2727 1796 artis
2784 1750 3116 1809 portentosae
3160 1751 3439 1811 Sparsisse,
3486 1753 3662 1802 obiter

2036 1819 2237 1868 iniecto
2282 1832 2629 1882 quacunque
2704 1821 3099 1869 commeaverit
3146 1821 3373 1870 mundo.
3427 1823 3671 1885 Diligen-

2036 1891 2200 1939 tiores
2243 1889 2408 1952 paulo
2460 1894 2584 1938 ante
2635 1889 2784 1939 hunc
2828 1895 3043 1952 ponunt
3086 1890 3432 1942 Zoroastrem
3487 1894 3658 1944 alium

2034 1962 2139 2010 Pro
2214 1962 2581 2018 connesium;
2664 1960 2812 2023 quod
2865 1965 3079 2009 certum
3131 1967 3230 2023 est,
3298 1962 3390 2012 hic
3444 1967 3667 2016 nomine

2037 2033 2310 2084 Osthanes
2333 2032 2397 2080 ad
2430 2032 2655 2092 rabiem,
2688 2046 2800 2081 non
2848 2031 3167 2082 aviditatem
3219 2034 3382 2082 modo
3418 2036 3667 2087 scientias

2036 2106 2173 2167 ejus,
2196 2104 2515 2153 Graecorum
2573 2103 2810 2166 populus
2848 2104 2972 2165 egit.
3009 2123 3037 2149 »
3097 2106 3297 2153 Attulit
3351 2107 3663 2158 Plinianum

2036 2176 2190 2225 hunc
2219 2175 2404 2224 locum
2442 2175 2643 2232 Fellus;
2676 2188 2825 2224 nunc
2884 2188 3012 2225 vero
3048 2187 3118 2224 ex
3146 2176 3668 2228 Harduinicditione

2037 2251 2504 2308 repraesentatum.

2101 2311 2169 2358 Et
2194 2310 2398 2372 angelos
2478 2321 2625 2356 reros
2671 2308 2784 2357 sedi
2813 2309 2924 2370 ejus
2982 2308 3113 2357 dicit
3145 2310 3409 2358 assistere.
3458 2313 3669 2362 Nostros

2037 2394 2135 2442 pro
2164 2393 2315 2427 veros
2340 2379 2500 2428 habel
2527 2378 2700 2428 codex
2729 2392 2861 2426 mss.
2890 2392 2962 2426 m.
3006 2378 3114 2427 Var
3151 2379 3278 2429 lect.
3329 2380 3457 2429 edit.
3488 2381 3666 2431 Oxon.

2042 2452 2296 2500 Fortasse
2333 2450 2461 2499 olim
2496 2451 2549 2497 in
2582 2463 2727 2498 verus
2748 2454 2973 2512 corupta
3000 2455 3081 2498 est
3119 2463 3228 2501 vox
3248 2464 3439 2500 servos.

2106 2520 2443 2569 Consecratis.
2478 2521 2539 2568 In
2593 2525 2747 2569 textu
2776 2520 3074 2569 Baluziano
3129 2523 3308 2569 exstat
3361 2527 3667 2581 consecrati,

2040 2598 2095 2643 et
2114 2592 2281 2641 habet
2312 2591 2535 2655 quidem
2564 2594 2870 2654 congregati
2898 2606 3044 2640 unus
3079 2606 3209 2640 mss.
3253 2593 3307 2640 in
3331 2593 3461 2641 edit.
3489 2592 3663 2640 Oxon.

2041 2663 2328 2724 adductus,
2358 2663 2643 2725 codexque
2677 2663 2813 2711 Nov1
2855 2661 3085 2725 Collegit
3148 2675 3380 2712 numero
3433 2674 3448 2710 Ι
3494 2678 3523 2710 a
3574 2676 3662 2712 me

2040 2735 2374 2797 designatus.
2428 2736 2613 2793 Porro,
2649 2738 2709 2782 ut
2752 2734 2913 2783 lectio
2960 2735 3195 2791 varians,
3225 2732 3292 2781 ad
3319 2747 3491 2795 marg.
3530 2733 3664 2783 edit.

2040 2807 2381 2857 Erasmianze
2430 2806 2717 2855 conservati
2768 2806 3011 2869 positum
3065 2808 3161 2853 est.
3185 2803 3326 2854 Cum
3374 2817 3508 2855 vero
3536 2805 3673 2867 opti-

2041 2893 2190 2928 mam
2239 2892 2359 2929 esse
2422 2890 2678 2927 censeam
2729 2878 3075 2940 superiorum
3126 2875 3433 2924 editionum
3487 2876 3675 2925 lectio-

2045 2964 2173 3000 nem
2230 2948 2552 3005 consecmtis,
2608 2961 2774 3010 quam
2807 2946 3032 3010 quidem
3081 2946 3301 2994 ﬁrmant
3350 2945 3458 2994 duo
3512 2945 3665 2994 alteri

2043 3022 2182 3072 Novi
2228 3020 2459 3083 Collegii
2499 3018 2742 3077 codices,
2793 3031 3064 3080 meusque
3093 3017 3225 3066 olim
3257 3017 3671 3077 ’l‘ewateranus,

2045 3097 2099 3143 et
2121 3106 2250 3141 mss.
2282 3092 2588 3140 Drurianus
2618 3095 2870 3151 uterque,
2908 3088 3053 3136 hanc
3093 3087 3344 3135 eamdem
3371 3101 3399 3134 a
3435 3086 3672 3137 Cellario

315 3184 432 3233 cap.
464 3168 525 3217 ΞΟ
553 3183 564 3216 :
594 3186 619 3212 (ι
652 3167 798 3218 Urbe
823 3181 852 3218 a
888 3168 1062 3220 Gallis
1113 3147 1409 3234 occupata,
1434 3147 1730 3223 obsessi
1964 3147 2018 3222 C
2045 3165 2301 3227 P0511301,
2347 3166 2464 3210 tum
2517 3175 2547 3209 θ
2605 3147 2819 3236 “Em-19
2849 3147 3092 3236 :990‘199
3145 3156 3418 3222 Lind’lem
3454 3158 3510 3236 i9
3541 3158 3670 3236 εἶάίί·

316 3242 446 3290 tolio
490 3240 742 3301 Romani,
785 3253 911 3289 cum
964 3253 1031 3290 ex
1072 3241 1373 3291 mulierum
1417 3245 1635 3307 capillis
1675 3248 1943 3293 tormenta

313 3312 577 3363 fecissent
600 3310 800 3361 tandem
830 3312 1035 3361 Veneri
1072 3312 1245 3362 calvae
1274 3320 1692 3365 consecrarunt.
1718 3334 1745 3361 »
1773 3317 1941 3366 Hunc

314 3384 503 3433 locum
525 3386 645 3446 post
675 3382 893 3432 Fellum
941 3383 1129 3432 attulit
1167 3384 1443 3434 Baluzius.
1512 3387 1738 3449 Verum,
1809 3388 1944 3436 dum

317 3455 503 3519 plures
529 3466 708 3503 causae
739 3452 906 3515 hujus
934 3455 1318 3517 appellationis
1354 3457 1422 3506 ab
1451 3458 1766 3508 auctoribus
1804 3457 1946 3508 affe-

318 3530 536 3584 runtur,
601 3523 672 3574 ob
730 3537 955 3574 causam
1006 3525 1251 3589 aliquam
1310 3529 1491 3577 minus
1526 3529 1813 3579 honestam
1871 3530 1947 3579 ita

319 3601 568 3647 vocatam
600 3596 769 3645 fuisse
801 3596 1096 3656 Venerem,
1122 3596 1213 3645 hic
1238 3599 1421 3648 innuit
1450 3600 1779 3662 Cyprianus.

383 3668 520 3718 CAP.
571 3668 637 3717 V.
678 3694 739 3704 —
786 3668 855 3715 Et
898 3667 1100 3730 Assyrii
1161 3672 1211 3716 et
1264 3671 1449 3720 Persae.
1504 3670 1647 3721 Cum
1689 3686 1853 3723 voces
1902 3676 1949 3721 et

316 3741 459 3791 Medi
488 3753 712 3789 omnem
734 3752 875 3803 pene
923 3741 1049 3789 msti
1077 3742 1353 3803 omittant,
1387 3741 1688 3793 editionem
1742 3744 1951 3807 princi-

319 3826 446 3876 pem
476 3811 567 3861 hic
596 3814 820 3861 secutus
848 3823 991 3859 sum.
1025 3809 1135 3861 Sed
1165 3811 1307 3875 Syri:
1340 3826 1438 3877 pro
1466 3815 1673 3878 Assyrii
1727 3815 1948 3879 plurimi

321 3882 539 3934 codices
558 3883 748 3945 scripti
775 3885 1057 3945 praestant.

387 3955 662 4002 Faciant...
721 3953 1078 4015 auspicantur.
1152 3953 1357 4003 Plurali
1406 3956 1529 4006 haec
1570 3971 1668 4019 pro
1710 3958 1950 4021 vulgatis

322 4027 485 4089 faciat
516 4025 892 4087 etauspicatur
923 4024 1109 4087 posuit
1134 4024 1376 4075 Jacobus
1407 4027 1723 4077 Gronovius
1775 4028 1954 4079 Cella-

325 4098 468 4146 rium
498 4098 741 4155 secutus,
772 4096 870 4158 qui
900 4095 1279 4146 Veronensem
1319 4097 1568 4147 codicem
1603 4100 1659 4147 in
1690 4113 1789 4149 sua
1821 4099 1952 4149 edit.

323 4167 491 4232 hujus
539 4166 711 4216 libelli
757 4164 999 4214 Minucio
1052 4166 1221 4215 Felici
1277 4167 1447 4226 afﬁxi,
1485 4170 1726 4232 appellat
1778 4171 1949 4228 Italae,

325 4252 469 4288 anno
519 4238 657 4298 1699,
714 4236 839 4287 haec
876 4235 1100 4286 Cellarii
1148 4238 1279 4286 edit.
1342 4240 1488 4302 typis
1533 4240 1790 4289 mandata
1847 4245 1952 4289 est.

329 4309 438 4361 Sed
498 4308 793 4359 lectionem
839 4307 1047 4357 codicis
1096 4307 1432 4359 Veronensis
1475 4313 1588 4373 jam
1628 4316 1752 4361 ante
1827 4325 1955 4361 cum

328 4380 492 4431 laude
528 4380 787 4430 attulerat
830 4378 1102 4440 Rigaltius
1158 4380 1214 4427 in
1261 4382 1408 4431 notis
1455 4382 1524 4431 ad
1594 4380 1952 4446 Cyprianum.

324 4451 579 4504 Addendi
632 4452 807 4499 mstus
854 4450 991 4500 Novi
1035 4449 1265 4512 Collegii
1334 4453 1386 4511 2,
1444 4454 1838 4503 Tewateranus
1902 4457 1958 4503 et

2045 3250 2145 3285 sua
2196 3237 2482 3291 retentam,
2536 3245 2636 3295 pro
2670 3232 2880 3281 Baluzii
2930 3230 3169 3280 lectione
3219 3230 3510 3278 consecrati
3560 3229 3670 3279 huc

2044 3321 2143 3369 ego
2180 3305 2453 3356 revocavi.

2110 3378 2250 3429 CAP.
2285 3376 2496 3424 VII.—
2544 3372 2736 3425 Morbis
2777 3373 3046 3421 lacessunt.
3103 3370 3283 3433 Vulgo
3328 3368 3527 3419 morbos
3585 3370 3670 3419 ta-

2046 3453 2270 3500 cessunt.
2293 3448 2383 3497 Ex
2418 3446 2540 3497 cod.
2569 3447 2600 3495 2
2626 3445 2764 3495 Novi
2784 3442 3014 3506 Collegii
3042 3444 3228 3493 locum
3255 3442 3485 3491 correxi.

2108 3520 2188 3570 Ad
2211 3519 2630 3583 superstitionem
2665 3516 2768 3565 sui.
2812 3516 2931 3564 Hoc
2964 3518 3063 3576 est,
3120 3514 3441 3563 daemonum
3468 3528 3479 3561 :
3511 3525 3678 3575 supra

2046 3593 2266 3656 scripsit
2291 3594 2500 3649 auctor,
2537 3589 2608 3639 ad
2634 3588 2831 3638 cultam
2860 3588 2961 3635 sui.

2110 3654 2344 3713 Fecerinl
2415 3664 2615 3709 terrore
2680 3660 2976 3721 participes.
3030 3658 3211 3720 Vulgo
3237 3670 3445 3705 errore:
3528 3654 3676 3717 quod

2050 3736 2198 3784 cuim
2233 3738 2424 3781 terrore
2454 3731 2561 3780 ﬁde
2616 3732 2742 3778 msti
2772 3728 2911 3779 Coll.
2967 3729 3097 3778 Nov.
3125 3732 3172 3786 3,
3229 3728 3395 3775 nixus
3448 3728 3677 3774 mutavi.

2050 3804 2135 3855 Ad
2171 3818 2322 3854 oram
2356 3815 2578 3866 quoque
2630 3801 2855 3859 codicis,
2907 3813 3073 3862 quem
3109 3797 3361 3847 codicem
3390 3797 3529 3845 Novi
3557 3796 3680 3845 Col—

2050 3876 2178 3940 legii
2207 3872 2517 3924 secundum
2575 3871 2820 3929 nomino,
2852 3870 2975 3919 haec
3020 3868 3183 3940 lectio
3226 3868 3428 3940 scripta
3458 3871 3573 3940 “est.
3598 3867 3679 3913 De

2052 3937 2400 3997 daemonibus
2475 3956 2642 4007 agens
2712 3943 2891 4005 posuit
2943 3939 3256 3989 Lactantius
3315 3939 3369 3985 in
3448 3937 3680 3998 Epitome

2052 4032 2168 4077 sua,
2194 4030 2313 4079 cap.
2342 4018 2423 4073 28,
2458 4014 2675 4063 Somnia
2711 4013 2991 4061 immittunt
3022 4009 3294 4072 autplaue
3330 4010 3572 4056 terrores.

2117 4088 2256 4138 CAP.
2291 4086 2437 4134 VIII.
2464 4111 2524 4121 —
2564 4086 2698 4132 Unus
2747 4083 2916 4145 igitur
2964 4080 3198 4131 omnium
3244 4080 3489 4127 Dominus
3528 4079 3678 4125 Deus.

2054 4160 2236 4223 Vulgo
2285 4160 2587 4208 exsistente
2638 4156 2807 4206 verbo
2887 4160 2958 4203 est
3031 4157 3153 4217 post
3210 4152 3478 4211 Dominus,
3521 4149 3681 4223 idem

2054 4221 2224 4281 suasu
2267 4230 2431 4279 trium
2480 4231 2749 4277 mstorum
2807 4226 2945 4276 Novi
3016 4223 3248 4285 Collegit
3291 4226 3458 4285 atque
3517 4221 3679 4270 Eras-

2054 4303 2256 4351 miante
2303 4300 2558 4351 editionis
2646 4298 2847 4349 delevi.
2912 4297 3071 4347 Nunc
3138 4293 3338 4343 addere
3396 4294 3523 4343 licet
3579 4306 3683 4341 ms.

2056 4376 2394 4424 Drurianum
2491 4376 2831 4434 utrumque.
2906 4368 3090 4417 Habet
3160 4370 3338 4415 mstus
3413 4367 3688 4413 Tewater.

2064 4446 2205 4495 Unus
2286 4458 2411 4508 ergo
2457 4445 2691 4493 omnium
2776 4442 3047 4497 Dominus,
3099 4451 3235 4487 unus
3273 4438 3440 4508 Deus."
3460 4434 3688 4508 Addunt

326 4522 595 4573 vetustior
618 4534 688 4571 ex
725 4520 1027 4569 Drurianis.
1081 4506 1291 4571 Retulit
1351 4506 1573 4574 interim
1604 4512 2035 4584 MabilloniusD
2062 4533 2192 4570 unus
2240 4521 2310 4566 est
2350 4506 2487 4565 ante
2551 4516 2686 4563 Deus
2733 4512 2953 4564 Cellarii
3015 4508 3277 4561 Grouovii
3329 4512 3383 4558 et
3424 4506 3688 4555 Lindneri

330 4595 386 4643 in
416 4595 611 4644 Itinere
655 4604 757 4641 suo
804 4589 1009 4652 Italico,
1045 4606 1095 4654 p.
1148 4592 1227 4653 23,
1267 4594 1435 4644 istum
1477 4596 1727 4645 codicem
1775 4596 1957 4645 Vero-

330 4678 558 4715 nensem
573 4661 895 4727 majusculis
925 4660 1121 4712 litteris
1149 4669 1277 4715 ante
1304 4679 1479 4716 annos
1504 4667 1657 4717 mille
1692 4666 1955 4729 scriptum

335 4738 503 4857 mgf:
511 4773 769 4870 acceptum
815 4808 1011 4870 tempus
1051 4810 1188 4857 certo
1229 4808 1329 4867 ﬁne
1379 4809 1687 4859 custodiunt.
1747 4806 1961 4858 Videli-

336 4886 441 4940 cet,
480 4882 697 4941 tempus
722 4876 828 4927 sibi
850 4878 1210 4942 assignatum,
1244 4880 1354 4931 ﬁne
1380 4881 1492 4931 ﬁxo
1524 4895 1589 4931 ac
1636 4880 1963 4931 determina-

338 4960 409 5015 to,
438 4964 603 5011 regna
637 4949 885 4999 Romana
914 4948 1139 4999 habent.

399 5028 467 5075 Et
488 5025 673 5072 victus.
719 5020 900 5070 Verba
954 5019 1076 5071 haec
1128 5023 1367 5087 neglexi,
1423 5037 1550 5088 quae
1604 5023 1723 5072 sine
1764 5022 1965 5072 idonea

338 5111 504 5150 causa
529 5093 716 5143 addita
746 5092 878 5142 sunt
925 5106 953 5139 a
982 5092 1205 5143 Baluzio
1238 5111 1249 5156 ;
1305 5109 1543 5159 quaeque
1592 5096 1799 5145 interea
1829 5107 1967 5157 prae-

340 5178 421 5222 ter
449 5171 568 5231 ejus
614 5167 859 5213 mentem
914 5164 968 5211 in
1012 5164 1253 5217 editione
1300 5169 1390 5216 illa
1414 5167 1711 5232 posthuma
1754 5166 1965 5216 Baluzii

339 5248 461 5311 post
491 5254 656 5291 voces
678 5243 726 5311 et
747 5240 929 5298 captus
946 5241 1021 5286 est
1051 5237 1228 5311 locata
1257 5243 1405 5287 sunt.

409 5317 471 5364 Et
497 5327 553 5363 eo
588 5310 803 5373 [acilius
846 5314 895 5357 et
952 5309 1222 5370 navigavit
1254 5314 1304 5358 et
1354 5311 1501 5360 vicit.
1536 5309 1870 5358 Particulam
1919 5308 1968 5357 et

340 5390 398 5439 in
434 5383 735 5437 Oxoniensi
770 5381 1003 5445 aliisque
1032 5382 1160 5433 edit.
1190 5383 1422 5433 vocibus
1467 5396 1524 5432 eo
1559 5380 1711 5446 [acili
1724 5394 1783 5431 us
1824 5393 1972 5444 prae-

345 5461 513 5510 fixam
541 5454 754 5506 restitui
788 5471 799 5512 ;
829 5454 1021 5505 eadem
1076 5467 1205 5504 vero
1254 5454 1527 5519 particula
1578 5458 1707 5503 ante
1738 5451 1970 5502 verbum

344 5529 618 5593 navigavit
646 5526 922 5577 iniisdem
974 5526 1129 5576 libris
1164 5527 1366 5577 omissa
1420 5529 1520 5577 est.
1573 5525 1817 5588 Utroque
1848 5523 1970 5574 loco

346 5616 469 5655 eam
489 5600 729 5651 servavit
789 5599 966 5650 codex
1025 5598 1163 5650 Novi
1224 5597 1475 5661 Collegii,
1526 5610 1689 5662 quem
1746 5594 1973 5645 nomino

346 5674 699 5731 secundum;
732 5672 920 5723 itidem
965 5684 1095 5721 mss.
1150 5671 1332 5732 Drury
1354 5670 1625 5719 recentior
1689 5666 1823 5727 ille;
1877 5663 1973 5713 sed

348 5748 548 5799 omittit
568 5746 894 5809 particulam
922 5746 1046 5791 ante
1078 5742 1351 5805 navigavit
1384 5740 1654 5791 vetustior
1682 5740 1802 5804 ejus
1845 5748 1973 5787 mss.

349 5821 517 5876 aliter
542 5830 712 5884 quam
739 5826 877 5867 mss.
896 5810 1193 5865 Meerman.

2133 4591 2346 4637 itiones.

2133 4592 2141 4601 '
2177 4592 2187 4637 i
2230 4601 2346 4637 nes.

2059 4592 2225 4712 edlliecc)
2260 4660 2340 4707 hic
2404 4662 2459 4706 tu
2495 4657 2557 4706 de
2605 4656 2814 4705 homine
2866 4653 3089 4714 mireris,
3120 4664 3217 4713 pro
3260 4648 3498 4699 lectione
3559 4645 3683 4694 Fel—

2056 4736 2172 4785 lina
2210 4734 2314 4783 Nec
2355 4729 2444 4778 hoc
2492 4733 2690 4777 tantum
2735 4728 2798 4775 de
2838 4724 3044 4775 homine
3117 4722 3347 4779 mireris,
3388 4734 3417 4767 a
3474 4717 3684 4768 Grono-

2059 4808 2168 4865 vio,
2211 4804 2447 4855 Cellario
2499 4799 2889 4869 Lindneroque
2944 4795 3186 4869 praelata.
3239 4791 3687 4869 Sententiamea

2061 4860 2364 4928 est'debere
2426 4873 2719 4922 lectionem
2768 4860 3027 4919 editionis
3075 4864 3338 4928 principis
3396 4874 3487 4909 nec
3527 4860 3605 4908 hic
3636 4864 3689 4907 tu

2062 4947 2326 4999 revocari.
2353 4946 2412 4993 In
2444 4946 2583 4992 msto
2610 4954 2832 5005 quoque
2878 4940 3232 4988 Tewaterano
3292 4945 3459 4995 super
3494 4942 3688 4979 vocem

2062 5022 2149 5071 hoc
2170 5017 2364 5069 eadem
2396 5028 2563 5064 manu
2588 5014 2669 5063 hic
2689 5017 2751 5061 ut
2776 5011 2937 5060 lectio
2974 5009 3192 5057 varians
3214 5006 3388 5068 posita
3413 5006 3510 5051 est.

2129 5091 2267 5141 CAP.
2292 5090 2387 5138 IX.
2419 5087 2667 5136 —Sensu
2718 5086 2893 5145 major
2948 5084 3039 5131 est.
3103 5077 3477 5128 Scribendum
3540 5085 3692 5145 censu

2066 5175 2164 5227 pro
2206 5172 2355 5227 sensu
2405 5159 2741 5227 conjeceratn
2758 5144 2963 5225 aliquis
2987 5144 3472 5227 apudl.ltlgrsh=11\l:li_
3484 5208 3493 5227 ι
3522 5144 3696 5227 1:111:81;-

2062 5205 2426 5288 ﬁéraﬁo‘nem'
2466 5205 2557 5281 of).
2609 5223 2662 5266 δ.
2703 5205 2963 5279 Cypriani
3012 5205 3305 5288 sagacem.
3340 5208 3497 5288 _Dixi
3542 5205 3693 5263 olim,

2068 5282 2233 5345 voces
2286 5294 2418 5341 istas
2444 5307 2457 5351 ;
2512 5292 2658 5340 inter
2688 5303 2747 5339 se
2792 5298 2939 5350 saepe
2969 5282 3240 5357 confundi
3304 5284 3356 5329 et
3382 5293 3579 5357 censum
3605 5290 3698 5357 vo:

2069 5381 2191 5419 cem
2240 5347 2625 5426 Cyprianicam
2704 5372 2825 5409 esse
2871 5347 3106 5421 agnovi.
3162 5353 3589 5426 Veirumtamen_
3618 5347 3700 5426 nil

2071 5442 2128 5490 in
2199 5420 2527 5485 mutandum
2613 5445 2733 5482 esse
2799 5420 3073 5479 Lactantii
3142 5425 3310 5474 verba
3399 5420 3700 5473 ostendunt

2071 5510 2311 5574 Epitome
2352 5506 2470 5555 Div.
2548 5504 2713 5554 Instit.
2769 5514 2871 5565 cap
2921 5499 2994 5548 2:
3038 5515 3067 5544 «
3112 5496 3299 5574 Unus_
3332 5496 3499 5574 igitur
3549 5493 3700 5574 Deus

2074 5563 2214 5634 est...
2274 5592 2441 5642 quem
2506 5589 2614 5628 nec
2684 5563 2939 5624 azstimare
3014 5582 3163 5643 sensu
3213 5566 3395 5643 valeat
3435 5563 3701 5643 .humagna

2073 5669 2253 5716 mens,
2283 5635 2386 5703 nec
2416 5648 2600 5712 eloqui
2654 5645 2844 5709 lingua
2895 5640 3161 5716 mortalis.
3210 5635 3701 5716 Sublimioreniﬁm

2074 5703 2158 5779 a—c—
2184 5703 2357 5791 major
2408 5703 2540 5783 est;
2579 5703 2763 5783 quainv
2830 5720 2892 5764 ut
2956 5713 3158 5791 possit“
3212 5711 3305 5759 aut
3370 5703 3701 5767 cogitatione

2076 5781 2319 5854 hominis
2359 5797 2456 5849 aut
2485 5781 2740 5846 sermone
2765 5781 3180 5852 comprehendi.
3215 5794 3245 5828 »
