4144 6192
299 220 321 277 1
332 220 438 278 305

310 345 439 399 dam
471 347 695 397 vetusta
722 346 843 397 sine
872 345 995 398 loco
1025 348 1081 398 et
1108 357 1256 399 anno
1281 353 1581 413 comparet,
1610 351 1667 401 in
1691 350 1933 404 editione

297 432 530 483 quoque
586 418 915 469 Erasmiana
960 422 1016 468 et
1062 420 1118 468 in
1166 419 1291 470 cod.
1340 421 1476 472 Novi
1523 421 1664 473 Coll.
1717 424 1765 486 3,
1812 425 1932 476 sine

301 505 473 543 sensu
527 494 728 541 tamen.
785 489 966 553 Quam
1023 490 1209 541 facilis
1260 492 1469 543 interea
1520 494 1785 545 transitus
1845 510 1933 546 es-

297 568 379 625 set
434 565 589 615 vocis
626 564 867 626 junctus,
914 563 1004 613 vel
1058 564 1277 627 Junctis,
1331 564 1388 614 in
1452 565 1680 617 alteram
1734 567 1934 618 vinctus

300 636 430 687 inde
480 639 653 700 patet,
708 633 858 698 quod
913 634 969 683 in
1025 633 1221 686 codice
1280 636 1421 687 Novi
1470 636 1614 688 Coll.
1675 652 1726 701 1,
1785 640 1933 704 apud

296 707 603 758 Firmiliani
631 706 922 770 epistolam
966 705 1055 758 has
1096 718 1265 758 voces
1297 707 1442 759 inter
1470 721 1531 760 se
1574 711 1932 762 confundun-

298 783 406 829 tur.
442 778 570 829 Vid.
605 778 639 843 θ
660 778 739 828 32.

367 850 561 901 Ultoris
606 852 777 914 vigore
811 852 862 898 et
902 849 1103 914 judicis
1141 853 1413 915 potestate.
1449 852 1706 905 Fortasse
1734 854 1925 920 legen-

298 923 433 974 dum
461 927 565 985 est,
592 923 645 971 in
674 922 888 973 ultoris.
934 923 1108 972 Paulo
1151 935 1317 986 supra
1361 923 1556 974 scribit
1598 925 1931 989 Cyprianus,

300 1012 327 1042 ι
355 996 477 1045 Non
508 993 873 1059 intelligendo
916 994 1158 1057 primum
1204 994 1504 1045 adventum
1547 996 1643 1060 qui
1698 997 1753 1046 in
1802 1011 1928 1062 pas-

299 1067 457 1117 sione
500 1066 847 1129 prascesserit
894 1066 1171 1123 occultus,
1200 1079 1377 1116 unum
1422 1069 1639 1117 tantum
1680 1068 1932 1131 credunt,

301 1139 399 1201 qui
448 1138 553 1188 erit
586 1138 642 1187 in
686 1140 960 1201 potestate
1004 1138 1354 1190 manifestus.
1397 1154 1425 1183 »
1471 1137 1679 1189 Confer
1721 1140 1935 1191 Tertul-

299 1211 429 1261 lien.
459 1224 578 1274 cap.
596 1210 693 1260 ult.
725 1211 851 1260 libri
880 1210 1133 1261 adversus
1164 1211 1391 1263 Iudaeos.
1432 1211 1633 1263 Exstat
1655 1217 1710 1263 ut
1736 1214 1934 1265 ultoris

299 1283 357 1332 in
390 1283 511 1333 cod.
548 1284 682 1333 Nov.
710 1281 850 1332 Coll.
880 1295 914 1331 1.

363 1354 615 1418 Magistro
644 1356 691 1402 et
726 1355 846 1403 Deo.
900 1353 1156 1404 Fortasse
1203 1354 1504 1406 delendum
1532 1359 1601 1406 et.
1628 1356 1813 1407 Habet
1844 1369 1935 1407 co-

300 1425 411 1475 dex
465 1425 822 1484 Veronensis,
871 1425 1141 1488 probante
1197 1426 1453 1491 Rigaltio,
1502 1440 1607 1478 non
1653 1428 1932 1490 magistro,

299 1497 389 1546 sed
435 1498 559 1557 Deo,
606 1496 899 1561 codexque
948 1497 1089 1546 Novi
1146 1496 1287 1547 Coll.
1325 1511 1363 1559 1,
1399 1499 1624 1549 Domino
1668 1500 1791 1548 Deo.
1822 1498 1933 1550 Sed

300 1571 490 1621 malim
550 1572 733 1635 legere
784 1572 1043 1635 magistro
1106 1573 1235 1633 Deo,
1291 1575 1517 1624 auctore
1572 1572 1944 1633 Tertulliano,

300 1654 471 1706 quem
520 1640 833 1704 Cyprianus
875 1642 969 1693 hic
1022 1642 1297 1706 produxit.
1334 1661 1364 1692 α
1405 1645 1703 1709 Discipuli,
1734 1645 1933 1710 inquit,

303 1724 529 1776 quoque
560 1711 746 1762 diﬂ‘usi
772 1727 871 1776 per
897 1713 1088 1764 orbem
1125 1727 1193 1765 ex
1230 1719 1509 1779 pracepto
1548 1716 1793 1779 magistri
1838 1715 1934 1765 Dei

303 1788 627 1848 paruerunt.
660 1799 689 1831 θ

369 1854 501 1905 CAP.
549 1854 669 1906 XV.
700 1880 760 1891 —-
807 1858 865 1908 Si
904 1856 1168 1907 Christum
1222 1856 1478 1920 fuerimus
1520 1858 1706 1919 secuti,
1734 1859 1940 1909 Imitati

307 1925 432 1976 edit.
472 1926 678 1989 Baluz.,
707 1927 847 1978 Falli
882 1928 1011 1979 edit.
1065 1929 1322 1995 aliaeque.
1353 1930 1746 1982 Revocandam
1787 1930 1938 1994 judi-

307 1998 431 2047 cavi
477 1998 767 2060 pristinam
816 1999 1110 2051 lectionem
1169 2002 1354 2062 secuti,
1392 2016 1560 2067 quam
1602 2001 1940 2066 praestabant

307 2068 541 2119 codices
570 2082 668 2120 sex
694 2070 885 2134 scripti
920 2072 977 2120 in
1004 2071 1131 2121 edit.
1167 2072 1345 2124 Oxon.
1378 2074 1648 2123 nominati
1688 2073 1939 2136 liberque

306 2140 447 2190 Novi
476 2139 615 2190 Coll.
644 2143 691 2201 i,
720 2141 947 2205 duoque
977 2156 1046 2192 ex
1077 2144 1216 2193 meis
1241 2145 1582 2195 Meermann.
1613 2148 1666 2195 et
1708 2146 1938 2194 Druria-

304 2224 415 2260 nus
439 2212 722 2261 vetustior.
753 2212 938 2263 Addas
970 2212 1222 2265 codicem
1249 2214 1772 2278 Vendobonensem,
1806 2229 1934 2265 saec.

303 2294 383 2341 1x,
415 2286 479 2331 ut
524 2296 593 2333 ex
646 2282 908 2346 Catalogo
962 2285 1153 2345 Denis,
1190 2288 1425 2347 constat,
1457 2287 1563 2335 vol.
1602 2300 1638 2335 1.
1670 2286 1776 2336 col.
1822 2286 1934 2335 582.

306 2352 512 2413 Quidni
537 2354 706 2404 altera
736 2354 899 2405 lectio
938 2355 1132 2404 imitati
1158 2356 1329 2419 hujus
1376 2358 1933 2421 interpretamentum

309 2428 603 2475 censeatur
628 2426 655 2474 ‘?

588 2551 660 2601 IN
694 2551 963 2603 LIBRUM
992 2553 1088 2604 DE
1121 2553 1658 2606 MORTALITATE.

372 2660 543 2709 Recte
569 2657 819 2709 additum
844 2660 1017 2711 fuisse
1057 2676 1085 2711 a
1114 2662 1431 2713 doctissimo
1461 2662 1616 2714 Fello
1649 2662 1799 2727 quod
1848 2664 1941 2714 ille

314 2732 384 2782 de
416 2732 757 2795 Hieronymo
781 2733 966 2795 posuit
994 2738 1140 2782 notae
1176 2747 1294 2783 sum
1331 2735 1460 2796 ﬁne,
1490 2734 1732 2785 ostendit
1760 2736 1940 2785 versio

311 2804 642 2853 Armeniaca
692 2804 992 2853 Eusebiani
1042 2803 1323 2867 Chronici,
1383 2819 1509 2870 qum
1560 2806 1649 2855 his
1715 2806 1940 2857 demum

316 2874 667 2939 temporibus
712 2875 923 2938 publici
957 2877 1096 2938 juris
1140 2877 1286 2926 facta
1323 2882 1423 2939 est,
1450 2877 1549 2927 ubi
1586 2878 1803 2928 nullum
1839 2892 1945 2928 ex-

312 2948 431 2995 stat
472 2945 765 2995 verborum
798 2946 867 2995 ab
912 2948 1258 3011 Hieronymo
1285 2949 1596 2999 additorum
1646 2950 1944 3013 vestigium

310 3017 448 3067 Vide
480 3017 756 3067 Eusebiani
799 3016 1045 3069 Chronici
1087 3020 1216 3069 edit.
1248 3021 1334 3069 Jo.
1384 3021 1648 3084 Baptista:
1698 3020 1938 3082 Aucher,

310 3088 580 3149 Veneiiis,
606 3103 693 3138 an.
734 3090 867 3137 1818,
901 3090 1006 3138 vol.
1038 3090 1104 3149 II,
1133 3105 1185 3153 p.
1217 3092 1327 3141 299.

1471 223 1752 285 MARTINI
1785 225 1923 285 JOS.
1966 230 2215 290 ROUTH.
2253 234 2470 294 NOTIE.

1954 1757 2011 1829 Β

3516 222 3655 291 {eos

1953 380 2007 454 Α
2098 356 2229 440 CAP:
2266 358 2358 407 IV.
2385 359 2769 442 —.Vinotentia
2799 361 3008 412 inuitat.
3040 362 3175 413 For.
3222 356 3416 425 legend.
3469 358 3641 410 irritat

2035 428 2243 478 Coaerts
2271 431 2595 478 maledicere.
2633 434 2809 478 Etiam
2843 433 3065 478 Christo
3099 433 3395 478 interdum.

2074 429 2243 493 egeris
2271 431 2595 481 maledicere.
2632 434 2811 484 Etiam
2843 433 3065 485 Christo
3099 433 3395 483 interdum.

2097 501 2429 563 Compelleris
2464 503 2682 564 jurare,
2730 506 2873 569 quod
2916 518 3021 555 non
3058 504 3191 555 licet.
3244 503 3556 568 Cyprianus
3598 501 3660 552 de

2031 573 2176 622 Bono
2224 574 2516 631 Patientia,
2565 588 2616 638 p.
2654 575 2763 635 252,
2808 575 2892 625 ed.
2941 575 3211 625 Baiuzii...
3264 589 3294 622 α
3334 572 3550 624 Deinde
3599 573 3660 620 ut

2030 656 2142 693 non
2194 644 2365 707 jures,
2430 658 2614 708 neque
2663 644 2987 703 maledicas,
3047 650 3110 695 ut
3169 649 3264 695 tua
3316 644 3497 695 ablata
3543 654 3657 692 non

2031 718 2266 779 repetas,
2328 719 2391 765 ut
2455 720 2681 779 accepta
2740 716 2899 779 alapa
2952 720 3007 767 et
3073 716 3301 767 alteram
3372 713 3657 764 maxillam

2033 784 2340 835 verberanti
2384 786 2652 850 praebeas,
2684 789 2745 835 ut
2788 786 2943 835 fratri
2992 786 3048 835 in
3095 790 3149 836 te
3185 785 3457 850 peccanti,
3497 800 3523 830 ››
3554 785 3657 832 etc.

2032 854 2163 919 Sed,
2195 871 2517 921 quanquam
2568 857 2795 907 minime
2822 856 3138 920 negandum
3180 861 3264 907 est
3305 857 3439 920 quin
3485 854 3661 919 pluri-

2032 928 2109 977 mi
2180 932 2396 978 veteres
2452 928 2747 991 scriptores
2802 927 2925 975 κατὰ
2980 927 3063 983 τὴν
3126 927 3247 983 λέξιν
3312 924 3657 989 interpretati

2033 999 2143 1048 sint
2199 998 2404 1049 Christi
2459 1004 2514 1049 et
2566 998 2799 1062 apostoli
2860 998 3056 1048 Jacobi
3107 997 3177 1048 de
3248 1010 3359 1047 non
3422 994 3658 1059 jurando

2032 1072 2393 1134 praeceptum,
2427 1069 2695 1120 discimus
2742 1074 2928 1119 tamen
2977 1069 3136 1120 lectis
3178 1068 3301 1118 aliis
3341 1066 3661 1117 auctoribus

2033 1140 2451 1204 ecclesiasticis,
2494 1142 2642 1206 apud
2695 1141 3040 1193 Christianos
3095 1153 3313 1204 semper
3359 1138 3662 1189 invaluisse

2032 1214 2135 1264 rite
2164 1216 2217 1263 et
2258 1214 2515 1277 religiose
2567 1213 2791 1277 jurandi
2840 1226 3072 1263 morem.
3106 1212 3275 1264 Cons.
3325 1211 3496 1271 enim,
3526 1222 3668 1272 prae-

2034 1286 2116 1333 ter
2171 1285 2575 1335 Tertullianum
2632 1298 2799 1348 supra
2856 1284 3110 1341 allatum,
3161 1283 3434 1336 Constitui.
3482 1282 3662 1342 Apost.

2033 1368 2132 1417 vn,
2180 1360 2243 1416 3;
2280 1356 2367 1406 Fr.
2404 1356 2663 1407 Belduin.
2701 1356 2764 1406 de
2802 1354 3023 1420 Legibus
3080 1354 3413 1405 Constantini
3461 1354 3532 1401 Μ.
3568 1350 3664 1400 lib.

2034 1438 2090 1487 11,
2122 1440 2174 1490 p.
2206 1428 2318 1491 209,
2345 1433 2399 1478 et
2436 1428 2582 1491 Lips.
2611 1442 2626 1488 ;
2672 1427 2933 1491 Optatum
2979 1427 3042 1477 de
3084 1426 3370 1476 Schismate
3404 1423 3665 1472 Donatist.

2034 1496 2130 1547 lib.
2163 1511 2220 1556 11,
2251 1513 2299 1549 c.
2342 1500 2421 1560 22,
2448 1514 2500 1563 p.
2538 1501 2619 1549 45.
2652 1499 2741 1549 ed.
2776 1499 2981 1561 Dupin.
3008 1514 3021 1557 ;
3070 1496 3125 1547 S.
3158 1495 3491 1558 Gregorium
3538 1494 3663 1541 Naz.

2035 1570 2192 1633 epist.
2240 1572 2351 1622 249.
2406 1571 2673 1622 Conferas
2722 1573 2778 1623 et
2810 1570 2879 1620 de
2915 1568 3111 1619 eadem
3152 1582 3211 1618 re
3259 1567 3315 1617 S.
3356 1565 3658 1627 Scripturas

2034 1640 2203 1703 locos,
2236 1656 2377 1706 quos
2407 1643 2499 1693 hic
2525 1640 2863 1702 memorabo,
2889 1642 3045 1703 Apoc.
3093 1652 3158 1699 X,
3187 1639 3218 1689 6
3245 1652 3259 1698 ;
3287 1635 3441 1687 Hebr.
3474 1646 3554 1693 v1,
3584 1633 3664 1694 16,

2036 1712 2094 1761 17
2124 1729 2137 1772 ;
2168 1714 2192 1763 Ι
2225 1714 2393 1765 Thess.
2422 1727 2478 1775 V,
2514 1714 2595 1763 27.

2100 1782 2232 1834 CAP.
2288 1785 2381 1835 VI.
2438 1811 2500 1823 —
2552 1786 2622 1834 Et
2684 1782 2901 1834 delectat
2976 1782 3077 1843 hic,
3141 1784 3252 1833 etc.

2036 1855 2133 1910 κῶς
2155 1856 2406 1920 legenda.

2103 1926 2234 1977 CAP.
2300 1929 2418 1978 VII.
2479 1954 2540 1966 —
2610 1926 2875 1978 Christum
2940 1924 3267 1997 credentium
3332 1922 3665 1997 magistrum.

2039 1997 2241 2062 VIIIEO,
2300 2000 2565 2052 Christum
2629 1999 2943 2049 credentium
2997 1996 3299 2047 Dominum
3352 1996 3404 2042 et
3474 1996 3669 2052 magts~

2039 2069 2370 2141 trum.Sed
2425 2083 2555 2120 vero
2614 2067 2998 2119 nescientibus
3041 2066 3167 2141 hoc
3218 2062 3657 2141 additamentum

2039 2144 2148 2190 tam
2176 2140 2518 2192 editionibus
2550 2140 2815 2205 Cypriani
2845 2137 3268 2198 vetustioribus,
3296 2147 3465 2199 quam
3512 2130 3668 2189 libris

2039 2212 2259 2276 scriptis
2320 2228 2462 2278 quos
2512 2214 2631 2277 ipse
2694 2212 2927 2266 contuli,
2983 2213 3182 2274 printer
3240 2207 3378 2257 alios
3434 2215 3657 2278 novem,

2040 2273 2278 2346 quorum
2319 2273 2553 2335 varietas
2596 2286 2654 2333 in
2703 2284 2836 2334 edit.
2878 2273 3057 2334 Oxon.
3107 2279 3347 2331 adducta
3389 2280 3494 2337 est,
3520 2273 3668 2324 idem

3335 1782 3665 1844 Ἐρωτηματι-

2040 2354 2192 2404 istud
2239 2356 2500 2419 expunxi.
2554 2354 2737 2406 Simili
2771 2355 2841 2405 de
2892 2367 3059 2405 causa
3087 2366 3282 2403 vocem
3316 2350 3513 2400 scilicet
3548 2348 3672 2419 post

2040 2425 2239 2485 docens,
2284 2418 2577 2477 delendam
2618 2426 2832 2477 censui.
2866 2426 3021 2475 Idem
3055 2437 3217 2488 porro
3266 2426 3503 2494 utroque
3545 2418 3673 2494 loco

2038 2496 2097 2545 in
2151 2496 2391 2548 editione
2435 2511 2612 2561 nuper
2664 2498 2873 2547 factum
2927 2508 3048 2546 esse
3091 2494 3253 2544 video
3302 2493 3355 2541 S.
3411 2488 3674 2553 Cypriani

2040 2567 2393 2631 Epistolarum
2445 2569 2517 2618 ad
2564 2572 2830 2632 martyres
2899 2573 2945 2617 et
3010 2565 3344 2629 confessores.
3404 2562 3463 2609 ίπ
3517 2570 3671 2632 “EE”?

2041 2628 2394 2700 confessorum
2451 2628 3047 2690 Ecclesias'Gallicana.
3119 2634 3294 2687 Lond.
3371 2632 3511 2682 i792.
3563 2628 3670 2679 Ubi

2041 2709 2155 2760 edit
2202 2711 2575 2762 Oxoniensem
2623 2715 2880 2762 secutum
2919 2723 2981 2760 se
3026 2722 3170 2769 esse,
3198 2706 3296 2756 sed
3352 2708 3538 2755 tamen
3570 2712 3667 2749 va-

2041 2780 2245 2832 riantes
2273 2783 2540 2833 lectiones
2575 2784 2756 2834 eidem
2790 2781 3071 2845 subjectae
3097 2788 3508 2841 nonnunquam
3534 2771 3672 2823 sele-

2040 2852 2207 2915 gisse,
2241 2854 2420 2904 editor
2448 2855 2757 2917 profitetur.

2105 2922 2239 2974 CAr.
2271 2925 2415 2974 VIII.
2451 2916 2511 2963 ζ-
2558 2927 2623 2975 Et
2670 2924 2908 2990 Spiritus
2958 2937 3049 2974 nos
3094 2921 3350 2986 perducat
3393 2916 3468 2990 ad
3509 2918 3674 2966 Deum

2042 2996 2272 3045 Patrem.
2310 2999 2379 3047 Et
2424 2997 2663 3049 Christus
2698 3010 2794 3046 nos
2838 2995 3097 3059 perducat
3124 2994 3193 3043 ad
3236 2994 3398 3041 Deum
3440 2989 3669 3065 Patrem.

2044 3067 2178 3116 BAL.
2201 3093 2262 3104 —
2281 3070 2351 3118 At
2370 3074 2590 3132 propter
2609 3056 2997 3119 antecedentia
3015 3066 3183 3116 verba
3209 3068 3453 3114 veterem
3472 3056 3670 3107 reduxi

1219 3127 1436 3213 “dirrare.
1483 3161 1666 3213 Habet
1721 3127 2538 3213 Tacituscminimam,-qﬁ"e
2594 3140 2846 3189 ﬁrmatur
2905 3138 3129 3200 scriptis
3173 3133 3671 3213 θθῶῗίδυθῖκφέῼῗ

310 3233 441 3281 Hist.
478 3245 533 3289 11,
560 3232 644 3289 72,
675 3244 852 3279 errore
886 3233 1012 3291 veri,
1041 3231 1094 3279 h.
1126 3245 1170 3281 e.
1208 3232 1518 3296 ignorantia
1550 3235 1627 3284 rei
1659 3234 1748 3285 vel
1791 3235 1941 3285 facti.

312 3305 481 3355 Cons.
515 3302 808 3352 Forcellini
844 3305 1072 3353 Lexicon
1098 3304 1225 3361 Lat.,
1254 3320 1392 3355 voce
1420 3307 1606 3356 Error.

378 3374 511 3425 CAP.
556 3374 621 3422 Il.
654 3396 712 3410 η
767 3376 1013 3435 Perpetua
1052 3375 1254 3424 lzetitia.
1288 3377 1483 3426 Exstat
1526 3377 1583 3426 in
1639 3380 1794 3426 textu
1837 3377 1941 3426 Ba-

311 3445 532 3495 luziano
594 3450 845 3508 perpetua
901 3446 1198 3506 securitas,
1265 3448 1362 3496 sed
1423 3448 1704 3497 invenitur
1769 3447 1940 3497 lectio

312 3519 503 3577 altera,
531 3530 697 3580 quam
738 3517 1011 3577 revocavi,
1039 3531 1168 3567 cum
1212 3519 1266 3567 in
1293 3518 1551 3568 omnibus
1578 3518 1734 3568 libris
1762 3517 1945 3574 editis,

312 3591 433 3636 tum
464 3587 521 3634 in
569 3588 787 3649 scriptis
819 3600 960 3650 quos
1005 3590 1297 3639 consulere
1334 3590 1469 3639 mihi
1510 3591 1689 3651 licuit,
1721 3589 1942 3639 duobus

312 3671 516 3721 nempe
549 3658 689 3707 Novi
724 3658 942 3721 collegii
969 3659 1278 3719 codicibus,
1306 3664 1361 3710 et
1394 3666 1635 3724 quatuor
1659 3673 1829 3724 penes
1859 3674 1947 3709 me

317 3728 714 3789 membraneis,
752 3741 782 3777 e
836 3729 1041 3792 quibus
1093 3731 1558 3782 Meermannanus
1610 3731 1947 3781 duodecimo

314 3800 521 3850 saeculo
551 3801 790 3864 scriptus
820 3804 923 3861 est,
946 3805 1149 3865 praeter
1176 3804 1518 3853 Drurianum
1557 3804 1947 3864 recentiorem,

317 3885 486 3936 quem
537 3886 649 3921 non
698 3872 973 3935 possideo.
1024 3874 1222 3924 Exstat
1274 3874 1465 3924 itidem
1512 3888 1620 3925 vox
1670 3874 1851 3923 laetitia
1890 3873 1947 3922 in

314 3943 510 3993 codice
530 3942 771 4007 quodam
803 3942 1221 3995 Vindobonensi
1248 3946 1437 3996 saeculi
1465 3958 1584 3995 x111.
1613 3944 1736 3994 Vid.
1769 3944 1946 4003 Denis,

317 4013 490 4067 Catal.
528 4015 637 4064 vol.
681 4014 775 4076 ΙΙΙ,
808 4015 914 4065 col.
950 4015 1094 4066 2129.
1142 4015 1299 4066 Adde
1326 4017 1475 4079 quod
1520 4016 1676 4065 nulla
1713 4016 1948 4067 varietas

316 4084 426 4136 hoc
460 4086 584 4137 loco
616 4090 807 4137 notata
837 4089 918 4138 est
947 4087 1005 4137 in
1050 4087 1389 4139 lectionibus
1424 4088 1556 4138 edit.
1596 4088 1761 4138 Oxon
1813 4087 1947 4137 sub-

311 4158 494 4223 jectis.

378 4230 607 4294 Incipere
657 4242 897 4293 regnare.
946 4227 1138 4280 Codex
1181 4228 1523 4280 Sorbonicus
1582 4231 1639 4279 in
1680 4232 1949 4293 perpetuo.

317 4300 479 4351 Alius
512 4301 693 4364 "vetus,
723 4314 839 4351 cum
870 4301 1079 4351 Christo
1124 4306 1373 4365 perpetuo
1407 4304 1778 4363 regnaturum.
1811 4300 1950 4349 BAL.

320 4400 385 4409 —-
419 4372 565 4423 Olim
613 4373 833 4436 scripsit
883 4373 1045 4422 Joan.
1089 4372 1249 4423 Fred.
1294 4372 1606 4423 Gronovius
1651 4370 1849 4421 Observ.
1889 4371 1952 4422 de

322 4443 679 4506 Scriptoribus
703 4442 1004 4493 Ecclesiast.
1033 4447 1156 4506 post
1183 4442 1486 4494 adductum
1515 4443 1669 4495 hunc
1713 4442 1952 4507 Cypria—

323 4517 382 4565 ni
430 4517 658 4566 locum:
692 4531 721 4563 ‹‹
770 4516 1005 4577 Incipere
1037 4528 1275 4577 regnare.
1332 4515 1703 4576 Membrana;
1750 4516 1846 4581 qui
1892 4529 1951 4566 se

321 4600 435 4637 non
462 4587 657 4638 credat
685 4600 813 4638 cum
855 4587 1074 4638 Christo
1108 4588 1165 4636 in
1196 4592 1460 4652 perpetuo
1494 4600 1745 4653 regnare.
1786 4587 1951 4651 Quod

322 4658 488 4709 credo
522 4660 785 4720 mutasse,
821 4660 1027 4723 quibus
1075 4658 1369 4709 videbatur
1411 4659 1765 4710 incommodo
1801 4659 1951 4724 posi-

320 4733 441 4779 tum
479 4730 661 4779 solum
703 4742 941 4793 regnare,
990 4731 1151 4794 quasi
1198 4733 1313 4794 jam
1368 4744 1521 4780 nunc
1576 4734 1823 4795 regnent.
1881 4732 1955 4780 At

320 4801 542 4865 Optimis
597 4801 920 4852 auctoribus
975 4814 1220 4866 praesens
1275 4801 1539 4852 inﬁnitivi
1600 4816 1700 4866 pro
1762 4803 1951 4852 futuro

318 4873 604 4923 usitatum.
653 4872 849 4924 Cicero
892 4873 985 4923 lib.
1042 4887 1100 4924 1v
1146 4872 1213 4923 ad
1260 4873 1507 4923 Atticum
1546 4887 1557 4922 :
1595 4876 1731 4927 Cato
1782 4878 1954 4923 tamen

318 4944 551 5008 afﬁrmat
598 4959 652 4995 se
693 4946 814 4995 υίυο
863 4943 1012 4994 illum
1058 4958 1161 4994 non
1215 4945 1565 5007 triumphare.
1617 4944 1809 4996 Livius
1855 4943 1951 4996 lib.

318 5028 523 5066 xxxrv.
573 5017 781 5066 Postero
827 5015 912 5066 die
944 5016 1114 5069 Nabis
1157 5016 1320 5080 Argis
1360 5029 1414 5066 se
1459 5015 1636 5065 cedere
1681 5029 1744 5066 ac
1789 5016 1954 5066 dedu-

315 5100 430 5136 cere
480 5087 827 5149 praesidium,
884 5087 1097 5150 quando
1156 5089 1231 5138 ita
1291 5086 1527 5137 Romanis
1584 5086 1844 5150 placeret,
1905 5089 1956 5136 et

316 5158 549 5221 captivos
600 5162 647 5207 et
703 5157 954 5221 perfugas
1009 5158 1337 5209 redditurum
1393 5157 1533 5207 diluit
1578 5172 1596 5206 :
1642 5174 1672 5203 ››
1726 5156 1955 5208 Plautus

319 5227 597 5293 Rudente,
628 5246 657 5275 «
709 5229 837 5280 Sive
882 5229 1142 5280 lenonem
1176 5230 1360 5280 facere
1386 5229 1496 5280 hoc
1540 5227 1693 5293 quod
1736 5228 1884 5289 fecit,
1916 5245 1945 5274 »

318 5313 439 5364 cap.
482 5313 604 5362 XIV,
656 5315 709 5364 p.
770 5300 878 5361 150,
932 5300 1160 5351 edition.
1221 5302 1481 5351 Daventr.
1544 5300 1951 5351 Verumtamen

315 5371 391 5420 ita
420 5370 615 5421 scribit
659 5369 973 5435 Cyprianus
1003 5372 1165 5431 infra,
1195 5372 1309 5422 illic
1341 5376 1708 5435 comparantes
1752 5370 1950 5421 domos.

311 5441 410 5491 ubi
460 5441 768 5506 inciperent
811 5456 1031 5507 semper
1084 5442 1355 5503 habitare,
1406 5442 1469 5493 de
1512 5443 1675 5507 Opere
1722 5447 1769 5492 et
1804 5440 1953 5491 Elea-

310 5525 460 5570 mos.,
514 5526 637 5577 cap.
690 5515 902 5578 penult.
960 5516 1129 5566 Porro
1196 5515 1406 5565 habent
1458 5515 1633 5579 aliqui
1687 5514 1836 5579 apud
1891 5512 1950 5563 S.

312 5582 552 5635 Paulum
612 5584 684 5634 ad
732 5586 989 5636 Romanos
1047 5598 1163 5647 vm,
1210 5586 1305 5636 13:
1354 5586 1411 5636 Si
1472 5587 1607 5636 enim
1653 5584 1939 5636 secundum

312 5665 524 5703 carnem
571 5654 844 5717 vixeritis,
901 5656 1163 5721 incipietis
1229 5656 1400 5716 mori,
1449 5656 1636 5721 utne-ce
1700 5654 1939 5713 ἀποθνήσ-

309 5740 429 5774 κειν.
462 5725 656 5790 Neque
700 5729 917 5777 mutant
946 5727 1084 5792 quid
1128 5727 1237 5781 hoc
1291 5727 1555 5795 Cypriani
1599 5729 1741 5792 loco,
1787 5726 1954 5779 codi-

284 5807 406 5866 μοι
431 5796 638 5864 quibus
664 5811 801 5853 usus
826 5811 953 5855 sum
979 5800 1129 5855 msti.
1662 5826 1667 5831 -
1754 5828 1757 5829 ν

2045 3210 2237 3268 sciam,
2291 3199 2553 3261 omnibus
2602 3215 2802 3275 praeter
2850 3199 3057 3273 paucos
3120 3222 3190 3259 ex
3258 3204 3384 3269 plus
3446 3199 3670 3275 trigima

2046 3280 2377 3331 Baluzianis.
2427 3272 2769 3345 Quinetiam,
2829 3272 2963 3331 dum
3008 3281 3161 3330 hunc
3211 3276 3455 3349 quidem
3483 3272 3671 3349 locum

2045 3356 2239 3415 mutat,
2302 3354 2507 3404 oblitus
2567 3360 2649 3406 est
2702 3356 2791 3405 vir
2848 3353 3204 3404 doctissimus
3260 3345 3491 3399 canonis
3542 3345 3673 3415 artis

2046 3413 2270 3486 criticee,
2307 3427 2404 3489 qui
2457 3426 2857 3487 obscuriorem,
2890 3424 3233 3486 casteroquin
3272 3417 3525 3483 probam,
3552 3413 3673 3463 lec—

2046 3495 2253 3546 tionem
2280 3497 2442 3559 jubet
2474 3512 2577 3548 nos
2603 3497 2881 3561 amplecti.
3337 3563 3343 3565 _
3452 3558 3516 3565 _,,
3540 3555 3553 3565 ,
3629 3554 3637 3565 ,

2108 3566 2239 3616 CAP.
2270 3555 2364 3617 ix.
2394 3596 2456 3605 —
2490 3555 2765 3633 Scriptura
2814 3568 3023 3623 divina,
3070 3566 3266 3623 dicens,
3298 3563 3405 3633 etc.
3440 3555 3671 3633 _Videsi_s

2045 3637 2189 3687 infra
2221 3652 2347 3701 qum
2389 3639 2458 3690 de
2494 3625 2616 3691 hoc'
2637 3641 2776 3690 libro
2821 3638 3183 3690 Ecclesiastico
3214 3633 3281 3684 ad
3323 3630 3578 3682 libellum
3611 3625 3674 3674 de

2050 3710 2213 3774 Opere
2237 3716 2283 3760 et
2312 3710 2662 3774 Eleemosyna,
2693 3710 2726 3773 §
2757 3724 2793 3770 1,
2826 3710 3252 3778 annotavimus:

2112 3779 2244 3830 CAP.
2282 3781 2376 3830 XI.
2416 3808 2471 3815 —
2503 3767 2731 3831 Heneti.
2767 3767 2912 3829 dicit.
2964 3780 3102 3829 Haec
3143 3774 3312 3827 verba
3370 3784 3468 3836 pro
3509 3767 3673 3819 editis

2047 3856 2263 3909 moneat,
2290 3852 2451 3911 dicat,
2484 3864 2555 3902 ex
2587 3851 2777 3902 codice
2808 3850 2953 3900 Novi
2991 3848 3224 3912 Collegii
3249 3846 3299 3903 2,
3328 3855 3393 3894 ac
3436 3842 3674 3904 quatuor

2047 3923 2119 3973 de
2147 3923 2284 3972 meis
2310 3924 2467 3972 mstis
2496 3923 2696 3985 recepi.
3142 3989 3190 3992 ﬂ
3233 3989 3246 3992 _
3378 3983 3432 3992 Α,
3490 3983 3500 3992 _
3541 3982 3572 3992 η
3656 3980 3667 3992 ,

2112 3994 2243 4045 CAP.
2271 3994 2395 4043 XII.
2430 4021 2492 4032 —
2532 3983 2893 4047 Christianam
2940 3992 3108 4057 ﬁdem.
3141 3989 3324 4053 Vulgo
3372 3983 3671 4057 Christiani

2046 4066 2214 4131 ﬁdem.
2252 4065 2314 4115 In
2349 4065 2545 4117 codice
2576 4066 2713 4117 Novi
2742 4064 2880 4116 Coll.
2912 4055 2961 4124 2',
2988 4066 3042 4114 et
3064 4062 3123 4112 in
3155 4059 3374 4111 duobus
3392 4055 3533 4131 meis
3558 4065 3673 4131 non

2048 4126 2359 4201 Christiani,
2387 4138 2484 4189 sed
2504 4138 2863 4193 Christianam
2880 4136 3092 4198 inveni,
3110 4133 3262 4201 quod
3284 4132 3394 4183 hoc
3418 4130 3544 4181 loco
3568 4126 3676 4176 for-

2049 4216 2194 4262 tasse
2219 4212 2437 4261 melius.

2114 4290 2455 4341 Gubernator.
2487 4292 2647 4342 Navis
2686 4288 3025 4355 gubernator.
3074 4287 3243 4338 Hunc
3278 4285 3467 4336 locum
3516 4280 3677 4330 antea

2049 4364 2329 4426 mutilum,
2366 4377 2489 4414 cum
2537 4363 2813 4427 legeretur
2846 4364 2980 4415 Nam
3025 4373 3126 4423 pro
3174 4358 3355 4417 Navis,
3391 4366 3495 4404 nos
3540 4362 3676 4427 sup-

2050 4420 2328 4499 plevimus
2377 4448 2483 4499 ope
2534 4420 2773 4485 duorum
2829 4420 3081 4483 veterum
3134 4427 3536 4499 exemplarium
3604 4420 3677 4499 In

1970 4496 2029 4569 D
2053 4492 2230 4562 tribus
2266 4492 2432 4560 deest.
2444 4507 2783 4559 vocabulum
2827 4506 2984 4564 Nam,
3012 4502 3165 4567 quod
3194 4502 3325 4552 alibi
3371 4502 3427 4549 et
3456 4498 3513 4545 in
3553 4492 3680 4569 edi-_-

2052 4561 2298 4632 tionibus
2349 4581 2574 4644 ponitur
2634 4580 2763 4629 ante
2809 4561 3141 4642 gubernator.
3198 4571 3528 4644 Error_est_:
3581 4561 3679 4613 sed

2054 4656 2242 4704 tamen
2308 4639 2458 4701 error
2514 4650 2610 4700 ille
2660 4639 2903 4698 ostendit
2964 4658 3150 4695 veram
3212 4656 3334 4695 esse
3381 4639 3679 4690 lectionem

2053 4737 2223 4790 quam
2245 4735 2347 4773 nos
2377 4722 2675 4773 aﬂ‘erimus.
2703 4719 2840 4769 Haec
2862 4719 3074 4790 BALrJz.
3096 4742 3158 4753 —
3182 4714 3291 4790 Sed
3313 4715 3681 4790 praeterquam

2054 4781 2205 4860 quod
2234 4799 2355 4845 orta
2398 4794 2575 4857 possit
2608 4805 2731 4843 esse
2766 4789 3048 4860 particula;
3071 4801 3209 4849 nam,
3240 4787 3299 4837 in
3335 4781 3678 4837 editionibus

2054 4858 2335 4916 veteribus
2395 4867 2643 4928 reperta,
2696 4875 2766 4912 ex
2823 4858 3188 4911 antecedente
3253 4869 3390 4907 voce
3429 4863 3681 4928 corona,

2053 4940 2252 4987 neutra
2280 4949 2386 4986 vox
2411 4927 2500 4985 vel
2536 4949 2656 4984 nam
2694 4933 2785 4985 vel
2832 4932 2986 4983 navis
3013 4931 3143 4981 ullis
3166 4930 3281 4981 fere
3310 4927 3470 4978 mstis
3494 4936 3667 4989 agno-

2055 5008 2234 5059 scitur
2259 5045 2273 5070 ,
2343 5008 2551 5072 quippe
2611 5019 2741 5077 cum
2794 5015 2980 5077 neque
3036 5000 3345 5077 in__tribus
3402 4998 3514 5077 illis
3560 4995 3683 5077 ,Βαι-

2053 5068 2292 5131 luzianis
2324 5068 2379 5140 ,“
2426 5068 2609 5143 neque
2685 5076 2744 5126 in
2824 5074 2980 5124 libris
3065 5071 3322 5124 editionis
3396 5068 3686 5121 Oxonien-

2055 5152 2131 5201 eis
2186 5151 2359 5216 gratia
2412 5149 2647 5209 collatis,
2706 5160 2893 5207 neque
2947 5146 3005 5195 in
3072 5147 3301 5216 septem,
3364 5153 3506 5206 quos
3568 5151 3682 5216 ego

2054 5214 2272 5286 inspexi
2299 5258 2312 5282 ,
2389 5219 2676 5272 codicibus
2734 5218 3131 5283 compareant;
3198 5214 3270 5266 ad
3332 5227 3485 5264 oram
3560 5215 3686 5260 tan-

2056 5285 2177 5344 tum
2234 5293 2366 5343 msti
2421 5291 2769 5342 Tewaterani
2822 5290 3095 5340 collocata
3167 5300 3275 5337 vox
3337 5285 3487 5335 nauis
3560 5287 3683 5342 est,

2055 5365 2216 5415 Hanc
2236 5376 2367 5427 ergo
2393 5368 2457 5412 ut
2486 5362 3045 5426 interpretamentum
3077 5357 3385 5423 marginale
3419 5356 3685 5427 contextu

2056 5425 2454 5488 eliminandam
2482 5425 2696 5493 censui,
2731 5446 2859 5497 quae
2880 5432 3123 5496 primum
3145 5444 3176 5479 a
3206 5429 3431 5480 Baluzio
3456 5425 3683 5497 inducta

2056 5512 2153 5559 est.
2209 5507 2367 5558 Adde
2415 5506 2565 5571 quod
2622 5495 2786 5555 Floro
2840 5495 3204 5566 Lugdunensi
3254 5505 3385 5551 ante
3434 5495 3685 5571 medium

2056 5580 2330 5630 saeculum
2363 5568 2579 5628 nonum
2608 5576 2875 5649 scribenti
2914 5576 3103 5639 ignota
3148 5588 3275 5649 vox
3304 5572 3426 5649 fuit.
3464 5568 3687 5649 Etenim

2056 5650 2215 5701 abest
2239 5665 2270 5701 a
2307 5649 2501 5700 codice
2525 5650 2745 5699 vetusto
2794 5637 3195 5699 Commentarii
3229 5646 3349 5708 ejus
3385 5637 3583 5690 inediti
3608 5638 3690 5708 fin

2054 5723 2333 5787 Epistolas
2360 5721 2643 5793 Paulinae,
2673 5720 2770 5786 qui
2799 5733 2870 5771 ex
2921 5718 3200 5793 Cypriano
3241 5707 3485 5793 alijsquf
3510 5707 3688 5793 “3512',

2027 5821 2037 5833 ο
2071 5777 2181 5848 cim
2234 5792 2489 5847 Patribus
2545 5777 2844 5848 contextus
2898 5777 3027 5856 est;
3050 5788 3157 5842 {ubi
3212 5784 3382 5842 verba
3430 5777 3704 5851 Cypriani
