4144 6192
499 262 642 327 1307

1675 270 1967 339 MARTINI.
1990 271 2121 332 JOS.
2162 273 2393 334 ROU'I‘H
2430 273 2648 336 ΝΟΤΒ.

3697 280 3814 343 1³08

500 392 1073 491 geﬂntgr.nél‘iud-
1080 397 1444 491 31³310τρΡὲ
1487 412 1695 491 meum,
1719 405 1808 491 ‘ut
1846 401 2025 491 obiter
2071 402 2129 453 id
2148 416 2209 491 Α
2229 410 2685 491 memoratarum,
2715 406 2774 457 in
2801 405 3009 471 quibus
3034 409 3166 491 sunt
3196 405 3313 491 duo
3336 407 3414 459 illi
3449 408 3580 491 riovi
3613 409 3820 491 Collegi

499 471 705 547 notem,
747 468 991 547 _Floriani
1022 471 1226 547 reperis
1289 472 1608 547 exemplum
1648 486 1819 547 penes
1865 468 2469 540 Majoremﬂcodices,
2497 481 2763 528 tractatus
2814 468 3009 529 omnes
3054 477 3317 543 Cypriani
3359 482 3700 540 continentes,
3732 468 3819 547 pro

500 536 852 591 Carthusiam
912 546 1129 595 exstare
1185 536 1469 595 memorati
1529 545 1599 595 cl.
1650 536 2017 596 ’Mabillonius
2068 549 2126 597 in

499 610 900 674 Disquisitione
931 615 1004 663 De
1028 613 1179 665 Beda
1220 620 1266 665 et
1310 614 1460 665 Flnri
1505 616 1715 665 diaconi
1759 618 2128 680 Lugdunensis

500 684 885 735 Commentario
910 684 968 734 in
1003 685 1227 736 Paulum
1264 699 1333 736 ea:
1361 688 1676 749 Augustino,
1708 687 1822 737 alio
1869 690 2129 739 nimirum

500 754 747 819 ejusdem
782 755 951 817 Flori,
979 769 1091 807 non
1131 756 1312 819 Beda,
1338 762 1402 808 ut
1440 758 1605 822 vulgo
1652 764 1933 820 censetur,
1969 774 2124 811 com-

500 828 789 878 mentario.
823 826 963 879 Vide
1005 843 1057 893 p.
1088 829 1180 879 1.88
1227 843 1386 880 nova
1428 829 1557 880 edit.
1602 832 1704 881 Vel.
1755 832 2128 883 Analectorum

505 896 835 951 Mabillonii.

562 898 835 950 abillonii.

565 973 891 1038 Conflictatio
943 975 1003 1024 in
1041 975 1277 1026 adversis
1323 976 1561 1039 probatio
1604 981 1677 1027 est
1715 977 1955 1027 virtutis.
1984 976 2132 1027 Vul-

499 1057 570 1109 go
618 1047 887 1107 veritatis,
943 1058 1070 1110 qua
1122 1047 1349 1110 quidem
1399 1048 1564 1098 lectio
1616 1048 1672 1097 in
1734 1047 1931 1099 codice
1988 1048 2127 1098 Novi

502 1114 641 1167 Coll.
702 1130 741 1176 ι,
794 1121 993 1175 exstat,
1042 1117 1139 1168 sed
1186 1132 1255 1169 ex
1308 1131 1418 1168 uno
1478 1118 1779 1169 Bodleiano
1840 1120 1897 1169 in
1950 1120 2135 1169 Variis

502 1186 653 1238 Lect.
708 1186 834 1238 edit.
886 1188 1067 1239 Oxon.
1111 1194 1435 1249 memorato,
1495 1188 1690 1241 codice
1757 1190 1929 1241 altero
1993 1189 2135 1241 Novi

502 1258 642 1309 Coll.
699 1272 937 1323 meoque
989 1260 1349 1311 Tewaterano
1403 1260 1638 1323 virtutis,
1688 1261 1745 1311 id
1793 1262 1945 1326 quod
2000 1262 2135 1312 olim

502 1332 850 1394 conjeceram
901 1331 1223 1393 legendum,
1272 1332 1475 1395 recepi.
1556 1332 1641 1381 Ad
1716 1347 1869 1384 oram
1947 1338 2134 1384 autem

502 1400 711 1451 codicis
758 1401 897 1451 Novi
945 1400 1086 1451 Coll.
1132 1402 1301 1453 altera
1345 1402 1513 1453 lectio
1559 1406 1795 1456 veritatis
1840 1409 2043 1464 exstat.
2080 1409 2136 1457 et

503 1470 655 1521 aliud
697 1472 885 1522 nescio
924 1472 1060 1537 quid
1110 1473 1167 1523 in
1211 1486 1322 1524 uno
1362 1474 1431 1524 de
1478 1476 1618 1528 meis
1676 1477 1835 1527 mstis
1892 1479 2136 1543 positum

511 1546 611 1591 est.

566 1612 803 1664 Solidata
855 1620 947 1665 est.
1002 1615 1184 1666 Solida
1235 1620 1308 1667 est
1368 1616 1537 1667 habet
1596 1617 1767 1669 editio
1839 1618 2136 1671 Baluziana

502 1685 732 1748 perinde
765 1690 933 1752 atque
960 1688 1293 1740 Oxoniensis
1324 1703 1335 1737 :
1365 1702 1497 1740 cum
1548 1704 1679 1741 vero
1736 1692 1793 1740 in
1838 1692 2136 1743 duodecim

505 1758 728 1822 scriptis
779 1759 1085 1821 codicibus,
1140 1773 1282 1825 quos
1336 1760 1668 1812 Oxoniensis
1718 1769 2137 1825 commemorat,

499 1842 611 1880 vox
659 1830 884 1881 solidata
946 1835 1159 1893 exstet,
1218 1832 1656 1896 astipulantibus
1711 1837 1950 1899 utroque
2002 1837 2141 1887 Novi

505 1900 739 1966 Collegii
788 1903 1002 1965 codice,
1052 1907 1108 1954 et
1166 1907 1404 1967 quatuor
1453 1905 1616 1965 meis,
1672 1905 1819 1957 hanc
1875 1908 2144 1971 principis

505 1977 948 2037 caterarumque
1019 1976 1385 2025 vetustiorum
1462 1975 1772 2026 editionum
1844 1977 2142 2029 lectionem

507 2045 881 2095 revocandam
911 2059 1035 2095 esse
1070 2046 1283 2096 censui.
1316 2045 1469 2095 Idem
1507 2060 1733 2110 quoque
1759 2048 1969 2099 factum
1995 2064 2146 2101 nunc

505 2115 619 2164 vidi
679 2116 735 2165 in
787 2116 1050 2178 editione,
1096 2120 1262 2180 cujus
1310 2117 1480 2167 modo
1521 2119 1862 2168 mentionem
1916 2120 2042 2182 feci,
2086 2121 2144 2169 in

505 2199 672 2236 usum
702 2186 974 2237 Ecclesia
1006 2187 1223 2251 gallica
1252 2189 1642 2239 coniessorum
1668 2189 1948 2240 adornata.

570 2257 703 2309 CAP.
756 2258 903 2308 XIV.
957 2285 1020 2295 —
1072 2260 1351 2309 Praemium
1398 2261 1501 2309 uite
1545 2262 1680 2323 ejus,
1723 2274 1823 2324 pro
1875 2262 2148 2325 praemium

504 2330 633 2379 vita
661 2331 940 2393 praemium
968 2330 1073 2381 via
1114 2344 1184 2382 ex
1208 2331 1386 2381 tribus
1435 2332 1599 2383 codd.
1634 2334 1859 2396 scriptis
1903 2334 1961 2383 in
2009 2333 2145 2384 edit.

510 2401 689 2452 Oxon.
734 2404 1074 2465 memoratis,
1112 2408 1170 2454 et
1213 2404 1355 2454 Novi
1387 2403 1529 2454 Coll.
1565 2417 1699 2454 mss.
1727 2406 1777 2461 i.
1824 2403 2005 2456 libens
2060 2418 2147 2456 re-

508 2486 655 2537 cepi.

573 2543 706 2596 CAP.
734 2546 856 2596 XV.
884 2572 944 2583 —
973 2547 1172 2596 Pavore
1199 2545 1537 2597 mortalitatis
1565 2552 1613 2597 et
1645 2550 1914 2610 temporis.
1940 2548 2146 2599 Delen-

509 2616 640 2666 dam
667 2630 792 2668 esse
822 2617 1152 2681 particulam
1175 2623 1221 2667 et
1252 2618 1383 2668 olim
1413 2618 1702 2682 opinabar,
1728 2632 1794 2669 eo
1822 2618 1973 2683 quod
2004 2618 2148 2683 lege-

515 2692 669 2738 retur
702 2689 870 2752 panlo
909 2693 1054 2753 post,
1094 2693 1321 2752 tmpore
1361 2690 1711 2740 mortalitatis.
1764 2690 1925 2741 Nunc
1958 2690 2149 2741 malim

507 2772 608 2823 pro
640 2762 883 2822 temporis
906 2761 1216 2812 rescribere
1246 2760 1552 2811 terroribus.

571 2830 703 2881 CAP.
755 2833 931 2882 XVII.
964 2860 1015 2868 —
1054 2835 1157 2883 Nec
1186 2833 1326 2881 enim
1374 2834 1677 2897 sanguinem
1711 2836 1949 2883 nostrum
1997 2847 2151 2897 quas—

508 2902 581 2951 rit
635 2905 787 2961 Deus,
840 2905 929 2954 sed
974 2904 1147 2969 fidem.
1204 2932 1267 2941 —
1322 2906 1424 2955 Nec
1478 2904 1617 2953 enim
1675 2904 1983 2967 sanguinem
2032 2918 2151 2954 nos-

508 2976 649 3022 trum
678 2973 968 3033 desiderat,
999 2975 1085 3025 sed
1131 2974 1284 3039 ﬁnem
1317 2976 1529 3039 quarit.
1576 2974 1645 3024 Et
1694 2974 1843 3024 istud
1892 2974 2151 3024 desiderat

508 3044 820 3105 adjecimus
846 3059 914 3096 ex
939 3046 1272 3109 quibusdam
1292 3045 1585 3096 codicibus
1612 3046 1836 3108 nostris,
1863 3050 1917 3096 et
1942 3058 2009 3095 ex
2031 3045 2151 3109 qui-

509 3113 672 3165 busd.
706 3118 1045 3180 Anglicanis.
1074 3119 1261 3169 Potest
1280 3122 1464 3168 tamen
1478 3131 1603 3168 esse
1623 3117 1915 3181 glossema.
1934 3117 2143 3167 BALUZ.

2226 562 2430 599 nomen
2478 549 2628 599 nobis
2655 550 2712 599 in
2760 550 2984 601 excusis
3013 549 3263 600 additum
3304 556 3432 603 ante
3469 554 3825 603 remanentibus

2228 619 2326 669 sed
2354 619 2729 670 obscuriorem
2778 620 2990 671 faciens
3038 634 3376 679 sermonem,
3410 624 3660 688 expunxi.
3687 624 3820 676 Idem

2229 691 2408 741 nescit
2436 704 2567 740 mss.
2587 695 2824 755 uterque
2846 692 3171 741 Drurianus.

2292 762 2423 813 CAP.
2462 763 2610 812 XXI.
2654 790 2715 803 —
2758 763 3020 827 Improbat
3060 764 3288 828 denique
3331 764 3587 827 apostolus
3638 764 3819 815 Paulus.

2230 835 2390 885 Hanc
2423 835 2674 885 omnium
2705 834 3013 885 editionum
3041 836 3342 886 lectionem
3372 836 3626 885 Baluzius
3651 838 3814 887 nescio

2231 918 2402 967 quare
2462 918 2591 955 cum
2653 905 2825 956 altera
2873 907 3112 970 increpat
3171 908 3550 957 commutavit.
3598 907 3654 956 In
3708 908 3805 958 edit

2233 975 2412 1026 Oxon.
2458 989 2605 1040 qua,
2658 979 2864 1040 pariter
2914 991 2980 1027 ac
3023 982 3261 1039 catera,
3310 982 3534 1042 prastat
3578 978 3820 1041 improbat,

2232 1047 2345 1099 duo
2376 1052 2590 1098 tantum
2633 1049 2858 1099 codices
2902 1054 3298 1111 memorantur,
3331 1051 3389 1099 in
3429 1049 3631 1114 quibus
3671 1054 3825 1100 exstat

2232 1120 2463 1171 verbum
2497 1122 2771 1184 increpat;
2805 1133 2999 1170 verum
3038 1121 3246 1171 ibidem
3296 1121 3419 1171 sine
3468 1134 3631 1171 causa
3670 1121 3826 1172 adno-

2233 1194 2407 1241 tatum
2452 1194 2538 1241 est
2569 1204 2581 1238 :
2616 1208 2646 1236 α
2694 1190 2857 1241 Forte
2895 1191 3195 1255 legendum
3251 1192 3581 1257 improperat.
3618 1210 3644 1238 s
3684 1193 3826 1242 Porro

2234 1266 2462 1313 tuentur
2501 1262 2803 1314 lectionem
2845 1261 3104 1326 intprobat
3134 1263 3360 1315 codices
3403 1264 3607 1327 scripti,
3644 1262 3826 1327 quibus

2233 1336 2374 1395 utor,
2413 1346 2625 1385 omnes.

2298 1404 2429 1456 CAP.
2460 1405 2637 1456 XXII.
2670 1430 2732 1442 —
2762 1403 2893 1467 Quis
2914 1417 3016 1453 non
3045 1404 3116 1455 ad
3153 1404 3370 1455 meliora
3413 1403 3662 1468 festinet?
3697 1406 3826 1455 Posi-

2235 1479 2353 1527 tum
2387 1481 2470 1528 est
2505 1479 2561 1527 in
2605 1479 2875 1528 contextu
2916 1476 3233 1539 Baluziano,
3266 1478 3396 1539 Quis
3421 1491 3523 1527 non
3545 1477 3612 1527 ad
3638 1477 3829 1528 meliora

2236 1549 2428 1599 venire
2482 1544 2747 1611 festinet?
2792 1560 2923 1598 cum
2974 1561 3105 1599 vero
3155 1548 3390 1599 verbum
3436 1549 3605 1598 venire
3657 1549 3828 1598 frustra

2237 1619 2604 1683 quarendum
2657 1619 2731 1669 sit
2778 1619 2867 1669 vel
2932 1618 2990 1668 in
3048 1618 3203 1669 libris
3260 1619 3445 1681 editis,
3508 1619 3592 1669 vel
3646 1621 3831 1682 scriptis

2237 1690 2345 1740 illis
2376 1691 2580 1755 quibus
2608 1704 2744 1741 usus
2773 1703 2921 1749 sum,
2944 1689 3086 1740 illud
3112 1690 3416 1740 delendum
3442 1690 3666 1741 videtur.
3702 1690 3832 1742 Adde

2240 1763 2391 1825 quod
2446 1774 2631 1824 neque
2688 1762 2985 1823 Pamelius,
3039 1774 3223 1825 neque
3268 1763 3442 1812 varia
3498 1762 3744 1813 lectiones
3786 1764 3831 1812 in

2243 1832 2372 1883 edit.
2429 1832 2606 1883 Oxon.
2666 1832 2863 1896 posita
2917 1834 3037 1895 ejus
3099 1832 3444 1883 mentionem
3496 1834 3710 1884 iaciunt.
3764 1834 3828 1882 Ita

2242 1908 2298 1955 et
2325 1904 2574 1968 proxime
2603 1907 2729 1967 post
2775 1902 2847 1953 ob
2894 1902 3147 1952 eamdem
3198 1916 3431 1953 causam
3474 1903 3730 1966 reformari
3754 1918 3832 1967 pro

2243 1974 2629 2038 transformari.
2650 1974 2800 2039 quod
2813 1978 2998 2026 exstat
3026 1974 3084 2024 in
3100 1974 3404 2026 Baluziano
3421 1979 3590 2035 textu,
3610 1976 3833 2026 redamare

2244 2048 2427 2097 visum
2450 2051 2551 2098 est.

2308 2118 2436 2169 CAP.
2474 2118 2675 2169 XXIII.
2709 2146 2765 2155 -—
2814 2120 3111 2171 Secundum
3159 2120 3312 2184 ﬁdem
3354 2120 3483 2169 ueri.
3526 2119 3654 2169 Haec
3681 2118 3833 2175 lectio,

2246 2204 2415 2255 quam
2485 2189 2752 2240 exhibent
2814 2190 3078 2241 undecim
3146 2191 3505 2255 exemplaria,
3557 2191 3609 2238 in
3666 2188 3834 2253 quibus

2246 2274 2391 2325 pono
2455 2260 2897 2325 Seguierianum,
2950 2267 3035 2312 est
3081 2264 3305 2325 Optima.
3376 2263 3437 2311 In
3490 2260 3695 2311 duobus
3732 2261 3832 2310 aliis

2247 2333 2513 2395 scriptum
2561 2336 2648 2383 est
2699 2332 2860 2381 uerbi.
2914 2333 3195 2384 Morellius
3258 2333 3489 2383 adnotat
3552 2346 3608 2382 se
3663 2332 3833 2380 vidisse

2247 2404 2518 2466 scriptum
2552 2404 2610 2453 in
2659 2404 2906 2468 antiquis
2950 2404 3063 2453 veri
3103 2404 3246 2455 alias
3280 2404 3446 2454 verbi.
3484 2402 3636 2464 Quod
3672 2401 3833 2451 conﬁr-

2248 2479 2361 2524 mat
2410 2477 2653 2523 nostram
2698 2475 3021 2526 lectionem.
3075 2475 3138 2524 In
3182 2474 3381 2525 codice
3429 2474 3681 2524 Beccensi
3718 2478 3764 2522 et
3790 2474 3834 2521 in

2247 2545 2492 2597 editione
2520 2546 2751 2596 Morellii
2780 2545 2983 2610 legitur
3006 2547 3268 2597 veritatis.
3301 2546 3444 2596 Hac
3478 2546 3757 2595 BALUZIUS.
3784 2569 3831 2579 —

2250 2616 2358 2679 Qui
2384 2616 2500 2665 veri
2532 2630 2632 2679 pro
2656 2617 2892 2667 lectione
2911 2618 3133 2681 vulgata
3160 2619 3413 2667 veritatis
3440 2620 3641 2681 primus
3663 2615 3832 2678 posuit,

2246 2687 2566 2739 faventibus
2599 2702 2823 2752 quoque
2860 2689 3053 2741 codice
3099 2690 3238 2740 Novi
3271 2688 3415 2741 Coll.
3454 2690 3499 2749 2,
3531 2694 3583 2739 et
3624 2687 3832 2736 Tewate-

2248 2771 2384 2807 rano
2440 2772 2583 2809 meo.
2633 2759 2743 2809 Sed
2788 2762 3051 2823 quoniam
3101 2765 3301 2823 prater
3356 2760 3676 2810 Baluzianos
3717 2758 3832 2805 duos

2249 2834 2429 2881 mstos
2459 2834 2684 2893 prastat
2709 2836 2765 2880 et
2812 2831 2988 2881 codex
3037 2834 3302 2882 vetustior
3334 2832 3635 2882 Drurianus
3674 2841 3831 2877 vocem

2247 2900 2415 2958 uerbi,
2442 2900 2637 2951 dubito
2667 2915 2852 2951 annon
2899 2903 3282 2967 reponendum
3307 2904 3403 2963 sit,
3428 2901 3689 2952 secundum
3712 2898 3833 2961 ﬁdem

2251 2973 2405 3023 verbi
2436 2972 2703 3021 veritatis.
2739 2971 2935 3022 Exstat
2965 2977 3147 3024 tamen
3180 2974 3340 3033 intra,
3366 2975 3413 3023 si
3449 2972 3578 3035 quid
3608 2970 3656 3018 id
3682 2970 3830 3021 refert.

2251 3043 2306 3093 in
2340 3043 2435 3093 lib.
2472 3045 2536 3093 de
2582 3044 2742 3105 Opere
2785 3048 2831 3093 et
2876 3044 3250 3107 Eleemosynis,
3289 3059 3413 3109 cap.
3458 3045 3488 3093 4
3522 3058 3532 3091 :
3578 3042 3674 3104 Qui
3712 3040 3832 3088 habet

2250 3114 2379 3165 fidei
2407 3118 2698 3165 veritatem
2724 3120 2901 3165 servat
2932 3118 3029 3166 Dei
3058 3118 3314 3167 timorem.

510 3160 2222 3254 1.“s'csgftsg'iﬁaﬁasaz“gaiiign‘asmaeiaisgc
2250 3160 2702 3237 "Eliifxiﬁi
2725 3160 3383 3247 ’ὲῖὀὶιτῖττῖὸιὶῖἷὲᾟὲιιε
3425 3190 3595 3235 manet
3633 3184 3683 3231 in
3714 3184 3831 3230 aeter-

509 3258 724 3311 codicis
799 3261 1142 3312 membranei
1220 3261 1330 3310 mei
1408 3261 1651 3325 reposui.
1716 3260 1949 3311 Diverso
2019 3265 2141 3309 tan-

508 3333 628 3380 tum
658 3332 853 3382 ordine
880 3333 1179 3383 verborum
1214 3331 1385 3381 habet
1423 3332 1565 3383 Novi
1595 3330 1735 3381 Coll.
1771 3329 1894 3381 cod.
1928 3332 1949 3380 Ι
1982 3346 1994 3379 z
2039 3332 2143 3381 Nec

507 3403 649 3451 enim
706 3404 897 3466 quaerit
945 3405 1254 3466 sanguinem
1312 3404 1451 3451 Deus
1506 3404 1769 3463 nostrum,
1825 3401 1913 3450 sed
1971 3401 2139 3464 fidem.

509 3471 581 3521 Et
612 3486 743 3522 mss.
773 3472 906 3523 olim
938 3474 1281 3523 Meermann.
1314 3487 1325 3521 :
1352 3475 1459 3526 Nec
1487 3473 1628 3521 enim
1668 3474 1971 3535 sanguinem
2004 3474 2143 3522 Deus

506 3545 767 3604 nostrum,
801 3544 889 3593 sed
931 3544 1083 3607 fidem
1130 3543 1337 3608 quarit.
1391 3542 1589 3593 Itidem
1642 3543 1771 3593 edit.
1827 3542 2005 3594 Oxon.
2049 3556 2143 3593 nec

504 3614 646 3664 enim
699 3616 838 3665 Deus
877 3616 1191 3679 sanguinem
1250 3618 1527 3676 nostrum,
1581 3614 1669 3664 sed
1716 3615 1873 3678 ﬁdem
1932 3616 2139 3679 quarit.

512 3683 621 3735 Sed
648 3686 704 3736 in
733 3687 873 3738 libro
906 3700 1033 3737 meo
1064 3687 1199 3737 olim
1227 3688 1584 3737 Tewaterano
1613 3686 1721 3737 hoc
1750 3688 1994 3750 positum
2018 3690 2102 3737 est
2127 3702 2139 3735 :

508 3758 610 3807 Nec
673 3760 810 3809 enim
854 3760 1165 3823 sanguinem
1209 3762 1452 3808 nostrum
1498 3760 1633 3807 Deus
1690 3757 2005 3819 desiderat,
2058 3759 2143 3808 sed

508 3832 724 3880 tantum
768 3830 937 3893 ﬁdem.
978 3829 1235 3896 Cumque
1276 3830 1517 3880 lectione
1566 3829 1860 3880 Baluziana
1912 3843 2144 3880 consen-

507 3900 652 3951 tiunt
695 3914 825 3952 mss.
883 3902 1023 3953 Novi
1074 3901 1213 3953 Coll.
1268 3901 1302 3950 2
1354 3904 1410 3951 et
1460 3914 1591 3950 mss.
1651 3901 1785 3951 olim
1835 3901 2144 3951 Drurianus

508 3973 782 4023 recentior
826 3973 940 4034 ille,
983 3972 1081 4023 sed
1128 3972 1269 4023 alter
1323 3972 1590 4022 vetustior
1627 3971 1815 4022 habet.
1859 3973 1963 4023 Nec
2009 3973 2144 4023 enim

506 4043 808 4105 sanguinem
842 4044 978 4093 Deus
1002 4046 1208 4105 noster,
1238 4044 1325 4094 sed
1354 4043 1514 4107 fidem
1539 4044 1746 4107 quaerit.

573 4113 705 4164 CAP.
736 4113 887 4164 XIX.
914 4140 974 4152 -—
1006 4117 1363 4165 Commeatum
1409 4114 1512 4163 sibi
1557 4119 1875 4176 precaretur.
1908 4114 2144 4165 Veniam

509 4183 777 4235 absentia
804 4186 1068 4249 longioris
1114 4200 1145 4235 a
1174 4187 1414 4237 Domino
1447 4201 1459 4235 :
1496 4186 1604 4236 hoc
1648 4190 1733 4236 est
1777 4186 1905 4236 vita
1953 4186 2047 4235 hic
2087 4187 2143 4236 in

511 4255 672 4305 terris
698 4269 930 4305 moram.
959 4256 1129 4305 FELL.
1150 4255 1445 4305 —Doloris
1472 4256 1736 4306 mortisve
1764 4256 2144 4307 remissionem

505 4330 845 4376 commeatum
872 4327 1087 4390 antiqui
1121 4326 1401 4377 dixerunt.
1435 4326 1667 4377 Seneca
1714 4326 1855 4376 illud
1908 4324 2146 4376 aﬂ‘erunt

508 4396 891 4462 lexicographi
928 4414 941 4447 :
973 4418 1001 4444 ‹‹
1037 4398 1288 4461 Longum
1330 4398 1469 4448 mihi
1506 4402 1883 4449 commeatum
1922 4396 2145 4448 dederat

507 4468 789 4529 valetudo,
819 4472 1043 4533 repente
1068 4483 1159 4520 me
1183 4470 1410 4521 invasit.
1444 4487 1474 4516 s

575 4551 707 4604 CAP.
741 4552 865 4603 XX.
893 4579 958 4590 --
1004 4554 1076 4603 De
1108 4555 1462 4618 persecutione
1512 4552 1793 4616 sollicitus,
1824 4553 1889 4604 de
1927 4554 2148 4604 accersi-

509 4624 642 4675 tione
716 4637 945 4674 securus.
1036 4624 1117 4674 Ita
1200 4623 1561 4675 scribendum
1633 4627 1978 4688 conjeceram
2046 4637 2144 4688 pro

506 4694 764 4745 ablativis
790 4693 1035 4744 sollicitis
1066 4698 1123 4745 et
1152 4694 1367 4753 securis,
1405 4699 1706 4760 antequam
1755 4696 1900 4746 hanc
1943 4696 2145 4746 lectio-

508 4778 638 4816 nem
662 4767 718 4815 in
760 4768 902 4816 meis
946 4766 1200 4829 Novique
1236 4764 1379 4817 Coll.
1435 4766 1745 4829 codicibus,
1795 4767 2002 4831 quibus
2045 4765 2143 4817 ad-

508 4836 608 4886 das
654 4838 905 4901 quinque
962 4837 1327 4897 Pamelianos,
1369 4837 1729 4901 deprehendi.
1777 4838 1987 4889 Sensus
2034 4838 2142 4888 loci

508 4907 728 4958 videtur
770 4921 908 4963 esse.
960 4908 1189 4958 Illorum
1234 4908 1408 4970 gratia
1446 4909 1515 4959 de
1553 4911 1945 4973 persecutione
1987 4909 2141 4958 solli-

508 4980 692 5029 citus:
728 4992 798 5029 ne
831 4982 883 5028 vi
915 4982 1037 5043 ejus
1073 4980 1250 5030 coacti
1284 4979 1451 5029 ﬁdem
1495 4980 1806 5043 denegent;
1839 4981 1906 5031 de
1957 4994 2143 5033 accer-

509 5052 710 5104 sitione
748 5065 997 5112 securus,
1043 5054 1235 5114 utpote
1278 5054 1481 5112 certus,
1517 5065 1614 5102 eos
1652 5054 2015 5103 accersitione
2056 5052 2140 5102 di-

509 5125 640 5173 vina
664 5124 735 5173 de
768 5124 977 5175 saculo
1002 5122 1263 5172 liberatos
1292 5122 1425 5172 fore.
1462 5123 1585 5172 Vid.
1639 5124 1806 5188 paulo
1860 5125 2036 5183 intra;
2088 5129 2145 5175 et

502 5197 621 5258 jam
651 5208 816 5258 supra
862 5194 969 5245 sub
1000 5194 1219 5243 initium
1259 5192 1364 5255 ἐξ,
1415 5192 1611 5254 babes,
1657 5195 1813 5244 tatus
1858 5196 2041 5258 itaque
2082 5195 2145 5245 de

510 5270 679 5317 morte
721 5269 835 5329 jam
885 5267 1151 5329 proxima,
1178 5268 1231 5313 et
1260 5263 1329 5313 de
1358 5264 1540 5316 vicina
1569 5268 1936 5317 accersitione
1976 5280 2146 5317 secu—

511 5349 624 5387 rus.
663 5338 782 5386 Imo
802 5339 1086 5400 geminum
1116 5333 1267 5385 istud
1295 5333 1407 5385 ﬁne
1436 5335 1611 5387 libelli
1653 5342 1838 5387 exstat
1868 5353 1879 5385 :
1914 5337 2033 5387 Jam
2081 5338 2145 5387 de

509 5422 605 5457 sua
658 5408 1058 5459 immortalitate
1105 5419 1306 5463 secura,
1360 5404 1527 5457 adhuc
1573 5408 1640 5458 de
1700 5413 1879 5459 nostra
1942 5407 2138 5458 incolu-

508 5480 696 5531 mitate
736 5478 976 5528 sollicita.
1008 5481 1081 5529 At
1121 5489 1252 5529 vero
1289 5476 1477 5527 Fellus
1522 5478 1593 5529 ad
1641 5479 1827 5540 verba,
1872 5478 1935 5529 de
1973 5493 2142 5543 perse-

510 5552 720 5603 cutione
748 5550 1007 5609 sollicitis,
1041 5549 1103 5597 de
1128 5548 1464 5598 accersitione
1495 5552 1709 5611 securis,
1755 5551 1863 5603 hoc
1904 5556 2147 5601 annota-

511 5625 630 5673 vit:
667 5641 695 5669 «
744 5622 987 5686 Martyrii
1035 5632 1293 5671 coronam
1326 5621 1624 5684 refugiunt,
1654 5623 1898 5675 calestia
1944 5623 2146 5685 gaudia

513 5706 625 5743 non
656 5697 944 5757 expetunt.
972 5709 1000 5736 »
1033 5690 1226 5743 Utrum
1260 5691 1435 5740 mavis
1469 5694 1677 5756 accipe.

574 5766 778 5818 Didicit
848 5765 954 5816 imo
1034 5759 1437 5812 remanentibus.
1515 5764 1650 5817 Fide
1717 5766 1885 5817 nixus
1963 5766 2145 5818 masti

514 5833 860 5894 Tewaterani
888 5833 1241 5897 aliorumque
1264 5833 1689 5895 Quatuordecim
1719 5837 1778 5890 in
1803 5835 1934 5899 edit,
1964 5836 2144 5901 Oxon.

2243 3270 2392 3306 num.
2426 3256 2709 3308 Omissum
2740 3261 2824 3306 est
2868 3256 2975 3307 hoc
3006 3257 3062 3308 S.
3101 3258 3403 3321 Scriptura
3432 3256 3826 3307 additamentum

2243 3329 2302 3379 in
2333 3328 2531 3379 codice
2579 3327 2844 3393 Cypriani
2880 3329 3259 3388 Tewaterano,
3284 3331 3434 3380 sicut
3480 3330 3536 3378 in
3578 3331 3827 3376 vetustwre

2242 3402 2438 3452 saltem
2487 3402 2783 3462 Druriano,
2830 3401 2928 3451 sed
2977 3401 3127 3452 idem
3167 3402 3479 3453 adductum
3530 3403 3607 3450 est
3653 3399 3701 3446 in
3740 3395 3827 3457 Cy—

2242 3473 2416 3535 priani
2466 3471 2561 3522 lib.
2601 3485 2659 3521 III
2705 3473 3149 3535 Testimoniorum,
3195 3487 3315 3537 cap.
3348 3473 3399 3531 Ξ,
3446 3476 3502 3523 et
3540 3474 3594 3521 in
3637 3469 3828 3519 aliorum

2244 3544 2471 3594 Patrum
2504 3542 2783 3607 operibus.

2306 3614 2439 3666 CAP.
2504 3614 2682 3665 XXV.
2742 3643 2804 3653 —
2857 3616 3153 3667 Emimaris.
3220 3616 3387 3667 Hanc
3438 3614 3711 3665 lectionem
3753 3624 3827 3671 pro

2243 3686 2466 3750 vulgata
2486 3687 2703 3737 exuaris
2723 3689 2964 3751 reposui,
2991 3686 3099 3738 fide
3124 3688 3292 3737 nixus
3312 3685 3523 3737 codicis
3546 3686 3697 3733 unius
3718 3682 3829 3729 inter

2242 3758 2513 3808 lectiones
2539 3757 2796 3808 editionis
2832 3758 3009 3809 Oxon.
3038 3760 3314 3808 variantes
3349 3772 3360 3805 :
3392 3757 3491 3807 sed
3518 3756 3720 3805 forsitan
3742 3763 3827 3799 non

2243 3829 2381 3879 nulli
2408 3828 2576 3879 lectio
2602 3829 2772 3880 altera
2818 3829 3044 3881 ferenda
3078 3843 3201 3881 esse
3247 3828 3544 3889 videbitur,
3586 3826 3681 3874 nisi
3725 3835 3824 3871 auc-

2244 3902 2381 3951 toris
2442 3898 2628 3961 verba,
2688 3914 2811 3964 pag.
2866 3901 2977 3963 29l,
3031 3900 3065 3950 1.
3123 3901 3205 3960 20,
3260 3898 3417 3949 aliud
3482 3894 3820 3969 persuadeant.

2244 3973 2408 4023 Nunc
2436 3984 2596 4034 porro
2626 3971 2918 4035 pralatum
2963 3986 3085 4023 esse
3129 3969 3290 4021 video
3350 3970 3582 4020 verbum
3624 3966 3827 4035 eximant

2244 4046 2301 4095 in
2327 4033 2569 4094 editione
2599 4033 2669 4092 ad
2703 4057 2870 4094 usum
2893 4043 3150 4095 exsulum
3177 4041 3520 4093 Gallicorum
3538 4054 3567 4090 a
3595 4052 3676 4089 me
3698 4033 3827 4085 modo

2248 4117 2702 4167 commemorata.

2308 4187 2440 4239 CAP.
2500 4184 2701 4235 XXVI.
2749 4212 2809 4222 —
2863 4186 2955 4235 Hic
3021 4185 3232 4235 interim
3292 4184 3494 4247 degere.
3557 4177 3827 4255 Lectionem

2245 4258 2502 4311 editionis
2544 4256 2811 4321 principis
2842 4256 3189 4320 aliarumque
3238 4269 3338 4319 pro
3382 4255 3519 4315 istic,
3560 4249 3699 4321 quod
3712 4249 3827 4321 isine

2222 4321 2413 4383 'causa
2480 4319 2777 4379 suffectum
2835 4332 2935 4390 est,
3010 4319 3121 4379 ﬁde
3200 4327 3567 4391 plurimorum
3613 4319 3827 4373 codicum

2244 4404 2577 4466 scriptorum
2599 4399 2771 4451 nixus
2797 4401 3071 4451 revocavi.

2308 4461 2491 4525 Adhuc
2511 4477 2574 4527 de
2596 4476 2779 4521 nostra
2806 4472 2978 4521 salute
3010 4470 3260 4521 sollicita.
3292 4469 3489 4520 Delevi
3518 4461 3827 4531 particulam.

2166 4528 2294 4601 Det
2326 4551 2453 4598 ante
2492 4549 2664 4600 adhuc
2713 4544 2882 4609 vulgo
2924 4544 3182 4608 positam,
3219 4555 3391 4606 quam
3439 4528 3681 4609 nesciunt
3724 4529 3827 4609 edit:

2246 4598 2622 4683 princepspet
2667 4598 2883 4682 septem
2924 4598 3007 4664 illi
3054 4598 3255 4676 scripti
3295 4624 3438 4676 quos
3484 4606 3697 4683 contuli
3731 4598 3827 4683 $94

2246 4677 2456 4740 omisit-
2480 4677 2647 4742 voces
2705 4677 2754 4738 et
2807 4687 2978 4737 adhuc
3046 4698 3177 4735 mss.
3258 4684 3550 4741 Tewater.,
3599 4677 3829 4735 habetque

2246 4760 2335 4811 sed
2380 4761 2551 4813 adhuc
2625 4759 2807 4812 codex
2865 4771 3011 4809 unus
3082 4758 3139 4807 in
3205 4754 3337 4807 edit.
3426 4753 3607 4805 Oxon.
3661 4746 3829 4798 adduc-

2250 4834 2700 4968 tu91".ropltetarum
2754 4898 3155 4953 exsultantium.
3210 4895 3503 4960 Cogitabat
3566 4889 3827 4968 Cyprianus

2247 4963 2600 5040 evangelista
2659 4974 2892 5025 Joannis
2940 4970 3079 5021 illud
3123 4986 3135 5019 :
3179 4968 3451 5021 Abraham
3498 4970 3653 5040 pater
3700 4963 3829 5040 reste‘r

2220 5032 2508 5098 'exultuvit
2554 5047 2730 5097 videre
2787 5045 2922 5095 diem
2978 5056 3166 5101 meum,
3228 5041 3361 5091 vidit
3413 5046 3460 5089 et
3515 5035 3711 5101 gavisus
3756 5032 3825 5081 est.

2245 5120 2445 5171 Joann.
2479 5133 2597 5179 vm,
2626 5120 2707 5169 59.
3549 5179 3552 5180 ν

2313 5170 2708 5255 Τνίιιηιρὴαύιιεε
2759 5188 3010 5251 virgines.
3068 5184 3271 5247 Vulgo,
3336 5179 3703 5255 triumphantes

2247 5241 2503 5325 uirgines,
2545 5254 2643 5311 sed
2687 5241 2907 5310 servato
2967 5241 3212 5307 meliore
3250 5267 3454 5305 vocum
3503 5241 3714 5303 ordine,
3742 5241 3826 5325 ’ίιιιε

2249 5315 2631 5396 triumphantes
2654 5333 2888 5394 virgines
2926 5343 3056 5379 mss.
3090 5327 3225 5378 olim
3268 5327 3685 5396 Tewateranusi
3727 5315 3826 5396 di}?

2250 5385 2551 5455 correctius
2595 5385 2823 5455 fortasse
2870 5400 3130 5451 nesciunt
3190 5396 3521 5449 adverbium
3576 5393 3677 5442 illic
3724 5385 3822 5435 edit.

2249 5478 2526 5541 princeps,
2584 5479 2639 5527 et
2707 5488 2824 5536 sex,
2876 5486 3018 5538 quos
3090 5470 3320 5531 contuli,
3392 5466 3826 5543 codicesnmauglt-

2246 5535 2462 5613 scripti:
2499 5535 2609 5600 Sed
2651 5551 2707 5599 et
2753 5535 3240 5598 vom—remaneret
3289 5540 3527 5606 praﬁxit
3577 5535 3679 5586 illic
3723 5540 3823 5580 ma.

2248 5621 2515 5670 Tewater.
3765 5668 3792 5677 ..

2316 5668 2375 5741 Ut
2390 5668 2519 5741 cum
2552 5692 2634 5739 his
2659 5691 2763 5739 cito
2793 5703 2911 5739 esse.
2949 5685 3175 5736 Addunt
3202 5681 3429 5749 quidem
3455 5668 3823 5749 possimus

2247 5766 2503 5828 princeps
2537 5762 2775 5825 aliaque
2802 5760 3048 5823 antiqua
3073 5773 3089 5818 ;
3121 5737 3262 5829 cura
3287 5766 3414 5804 vero
3434 5749 3672 5829 verbum

2247 5823 2513 5905 agnoscat
2554 5823 2773 5889 tantum
2816 5845 2962 5887 unus
3004 5843 3076 5885 ex
3122 5826 3288 5884 codd.
3337 5823 3557 5891 scriptis
3604 5823 3659 5873 in
3684 5823 3823 5911 vum?
