4144 6192
297 267 434 326 1309

1506 268 1788 329 MARTINI
1826 269 1956 328 JOS.
1996 269 2225 328 ROUTH
2255 269 2477 329 NOTAE.

3515 269 3654 328 13l0

291 393 403 443 edit
432 394 625 492 rOxon.
681 393 896 444 collatis
945 397 998 446 et
1049 398 1278 492 tantuml
1308 408 1455 446 unus
1504 395 1574 448 de
1624 399 1780 448 meis.
1835 397 2176 492 ip-Ax’lum
2217 397 2548 492 praestabant
2577 395 2706 448 editi
2770 396 3022 461 plerique
3074 398 3238 449 vidua
3283 403 3329 449 et
3371 399 3519 462 inops
3570 400 3624 448 vi

291 478 409 492 quam
454 472 661 492 nnis-ann
693 471 840 492 -ιΛΛΙη
897 481 998 492 ιιι-Α
1050 481 1201 492 νιν-κη
1288 482 1391 492 ..ΛΑ
1448 469 1869 492 ..ηιεηκ..,....ι--...
1900 487 1911 492 -
2064 484 2131 492 ..ι-
2164 469 2215 492 ἐ..
2263 481 2409 492 an---
2459 483 2586 492 -..n..
2638 469 2902 492 ἐω.υι..ἰι....
2949 469 3167 492 Π-ΜΔ..”ΙΞ
3227 470 3476 492 ...ιλιι-...κη
3507 483 3624 492 ...ι-Α..

290 478 411 516 sum
431 467 661 518 fortasse
693 471 841 520 recte
895 481 999 532 ego
1050 481 1202 518 nunc
1248 467 1393 518 duco
1448 469 1914 533 relinquendum;

292 538 391 586 etsi
439 538 598 588 aliter
646 540 830 588 visum
874 543 957 588 est
1004 538 1199 589 editori
1245 553 1458 603 nupero
1522 542 1919 596 nonnullorum

292 607 556 672 Cypriani
602 610 1021 675 opusculorum,
1064 613 1225 676 cujus
1270 625 1437 679 supra
1505 613 1613 664 feci
1681 617 1918 668 mentio-

292 693 442 733 nem.

382 879 453 931 ΙΝ
487 877 756 930 LIBRUM
789 876 884 927 DE
922 875 1156 928 OPERE
1187 876 1282 928 ET
1317 876 1836 933 ELEEMOSYNIS.

351 1019 488 1072 CAP.
517 1020 608 1070 VI.
654 1019 720 1067 Et
770 1017 1054 1067 viduarum
1098 1031 1161 1066 ac
1209 1030 1524 1080 pauperum.
1582 1019 1917 1072 Particulam

287 1099 332 1142 et
359 1105 482 1156 qum
509 1091 640 1140 huic
665 1089 954 1156 sententia
1014 1089 1070 1137 in
1097 1088 1346 1152 principe
1376 1089 1610 1154 aliisque
1672 1091 1922 1143 editioni-

285 1153 414 1225 bus,
445 1163 582 1213 etin
612 1166 825 1226 septem
869 1153 978 1210 illis
1023 1159 1310 1210 codicibus
1355 1174 1495 1224 quos
1523 1153 1639 1225 ipse
1687 1165 1917 1225 contuli,

287 1234 516 1298 prmﬁxa
583 1238 686 1294 est,
758 1246 883 1296 quae
954 1245 1085 1282 vero
1150 1232 1206 1280 in
1286 1231 1414 1282 edit.
1499 1233 1799 1284 Baluziana
1867 1240 1922 1286 et

289 1306 466 1357 Oxon.
522 1306 666 1355 male
695 1303 895 1354 omissa
945 1307 1048 1364 est,
1101 1305 1376 1364 revocavi,
1428 1317 1559 1354 cum
1603 1305 1830 1358 fortasse
1862 1308 1919 1358 in

287 1379 446 1428 mstis
473 1390 606 1427 voce
631 1375 988 1439 praecedente
1021 1379 1224 1426 orasset
1245 1375 1504 1439 absorpta
1537 1381 1700 1427 esset.

351 1459 592 1520 Exsurge
617 1459 674 1506 in
732 1470 938 1506 nomine
966 1456 1088 1506 Jesu
1133 1456 1345 1508 Christi.
1404 1456 1558 1506 Istud
1612 1459 1670 1507 in
1715 1461 1922 1510 nomine

285 1530 411 1579 Jesu
439 1529 639 1578 Christi
665 1527 879 1578 addunt
925 1527 1214 1577 nonnullae
1267 1527 1567 1588 versiones,
1620 1530 1919 1584 simulcum

284 1601 376 1651 bis
421 1600 675 1650 Patribus
735 1599 1030 1663 Cvpriano.
1087 1597 1400 1658 Ambrosio,
1453 1598 1917 1666 Cassiodoroque.

346 1692 486 1742 CAP.
540 1692 652 1740 VII.
685 1718 744 1728 —
779 1691 898 1740 Illic
942 1689 1048 1738 erit
1093 1693 1138 1738 et
1198 1701 1290 1738 cor
1314 1694 1483 1738 tuum.
1531 1689 1643 1741 Illic
1686 1705 1786 1754 pro
1842 1694 1918 1743 ibi

287 1777 356 1814 ex
396 1763 683 1814 codicibus
723 1763 944 1825 scriptis
1002 1761 1247 1823 reposuit
1312 1763 1442 1825 quia
1491 1763 1545 1811 in
1589 1763 1765 1826 ipsius
1809 1763 1918 1828 Cy-

285 1835 607 1899 priani,lib.
645 1835 716 1884 lII
774 1833 1140 1883 Testimonium
1189 1838 1378 1882 sanctae
1433 1835 1740 1897 Scripturae,
1771 1850 1825 1899 p.
1857 1837 1919 1886 59

288 1906 416 1955 edit.
452 1906 658 1965 Oxon.,
691 1905 772 1955 sic
793 1905 951 1954 locus
981 1903 1332 1966 evangelistae
1363 1903 1610 1955 aﬁ‘ertur.

349 1996 488 2045 CAP.
514 1996 608 2044 IX.
651 2021 708 2030 —
739 1993 838 2044 Sed
868 1993 1066 2043 vereris
1122 1998 1166 2042 et
1209 1994 1421 2044 metuis.
1468 1995 1734 2045 Restituit
1773 1995 1922 2060 prio-

287 2082 402 2118 rem
451 2067 767 2117 lectionem.
826 2067 882 2119 Si
936 2075 1135 2114 vereris
1159 2069 1204 2113 et
1246 2068 1447 2115 metuis.
1472 2067 1730 2116 Baluztus
1755 2081 1923 2131 quam

286 2143 609 2198 mutaverat,
647 2137 754 2188 ﬁde
784 2139 950 2186 nixus
982 2141 1221 2200 quatuor
1245 2139 1770 2201 manuscriptorum,
1803 2139 1923 2188 Fel-

287 2210 390 2259 lus.
420 2211 492 2258 Iis
519 2211 655 2259 alios
683 2213 896 2273 septem
923 2221 1077 2258 nunc
1108 2207 1272 2267 addo,
1303 2208 1602 2259 lectionem
1627 2222 1754 2272 qum
1780 2209 1921 2258 mihi

287 2281 489 2344 placet,
542 2285 886 2346 praestantes,
927 2284 1094 2344 atque
1123 2282 1196 2329 ita
1233 2293 1430 2344 prosus
1480 2282 1778 2332 constituta
1839 2285 1923 2332 est

287 2355 460 2402 oratio
484 2368 614 2403 mox
640 2354 798 2414 infra,
837 2353 932 2402 ubi
971 2352 1201 2403 verbum
1240 2353 1424 2402 metuis
1451 2355 1710 2404 occurrit.

351 2433 471 2483 CAP
515 2434 612 2482 XI.
641 2459 700 2469 -—
731 2432 999 2482 Subsidia.
1033 2432 1260 2482 Addunt
1302 2434 1419 2482 vitae
1465 2433 1739 2484 editiones
1797 2434 1918 2483 Ma-

287 2506 578 2553 nutianam
609 2508 858 2563 secutae;
905 2504 1001 2553 sed
1033 2517 1224 2554 vocem
1263 2504 1463 2563 delevi,
1514 2504 1722 2554 idcirco
1767 2504 1918 2568 quod

288 2578 507 2625 monuit
554 2577 833 2626 Pamelius
885 2579 1084 2639 praeter
1141 2575 1348 2624 Manut.
1394 2575 1608 2624 nullum
1665 2576 1918 2626 codicem

288 2646 466 2710 ipsam
534 2648 732 2708 legere.
782 2649 1036 2696 Attamen
1106 2647 1160 2694 in
1227 2645 1467 2695 editione
1541 2645 1916 2708 Lugdunensi,

287 2733 413 2782 quae
436 2719 774 2768 Manutianae
806 2719 1021 2782 praeivit
1043 2720 1095 2766 et
1124 2716 1375 2766 eamdem
1396 2717 1602 2766 inveni.
1635 2717 1800 2767 Porro
1827 2731 1920 2766 au-

290 2794 402 2839 tem
460 2804 656 2839 vocem
711 2789 808 2838 tibi
871 2793 990 2853 post
1065 2791 1302 2849 cperant:
1373 2800 1608 2836 nescxun
1699 2787 1919 2839 codices

289 2874 434 2922 quos
493 2863 607 2923 ipse
637 2861 879 2924 inspexi,
906 2858 1056 2923 quod
1101 2858 1226 2908 ideo
1279 2861 1431 2919 noto,
1481 2858 1608 2922 quia
1649 2873 1756 2908 vox
1803 2874 1917 2909 non

289 2931 456 2980 valde
484 2932 847 2982 desideratur.

354 3012 493 3063 CAP.
563 3013 712 3062 XIII.
763 3041 825 3050 —
872 3011 1080 3064 Reditus
1149 3017 1264 3062 tuos
1315 3011 1514 3061 divide.
1575 3011 1917 3075 Scripturam

291 3085 679 3134 correctiorem
726 3085 1008 3144 revocavi;
1034 3097 1226 3133 verum
1248 3083 1306 3132 in
1360 3083 1622 3147 Cypriani
1657 3084 1918 3134 editioni-

2025 468 2134 518 dua
2164 469 2216 516 in
2260 481 2409 532 apere
2436 467 2590 532 larga
2638 469 2918 518 invenitur.
2948 469 3172 520 Prmtuli
3224 470 3481 522 codicum
3507 483 3654 520 meo-

2019 555 2141 590 rum
2188 543 2518 604 scripturam
2561 539 2701 603 pede
2787 542 3074 601 omnium;
3125 545 3337 592 tantum
3397 542 3455 590 in
3529 541 3652 591 cod.

2019 613 2158 662 Novi
2204 612 2342 662 Coll.
2381 613 2503 670 l,et
2551 612 2607 659 in
2664 615 2903 674 utroque
2967 612 3238 662 Druriano
3310 626 3419 662 vox
3495 612 3652 662 vidua

2018 683 2248 746 repetita
2281 687 2382 741 est,
2412 683 2544 732 dum
2597 681 2739 731 dives
2803 682 2860 729 in
2908 695 3059 744 opere
3101 688 3319 748 praestat
3357 684 3478 734 cod.
3520 684 3655 733 Novi

2019 752 2160 804 Coll.
2190 754 2238 814 2,
2287 756 2340 803 in
2401 752 2636 803 vocibus
2687 753 2835 800 enim
2893 754 3040 815 inops
3086 760 3142 805 et
3186 770 3338 819 opere
3384 756 3444 804 ﬁt
3491 769 3651 819 paro-

2019 827 2288 883 nomasia,
2347 830 2410 875 ut
2428 825 2673 876 rhetores
2701 823 3025 888 loquuntur.
3062 828 3462 878 Nescitvocem
3495 826 3648 891 larga

2019 898 2190 948 editio
2215 898 2449 947 Erasmi.

2082 968 2313 1020 Christus
2357 967 2492 1018 illud
2545 970 2636 1018 Dei
2691 970 2831 1020 dona
2869 969 3079 1033 apellat.
3139 969 3513 1020 Referendum
3566 970 3621 1018 vi

2019 1040 2183 1091 detur
2210 1039 2345 1090 illud
2379 1038 2448 1090 ad
2471 1041 2935 1104 gazophylacium
2960 1056 3143 1105 supra.

2083 1111 2222 1164 CAP.
2259 1112 2380 1163 XX.
2423 1137 2484 1148 —
2531 1113 2595 1160 Et
2649 1127 2803 1174 nunc,
2833 1114 2929 1178 ﬁli,
2965 1113 3176 1172 mando,
3207 1116 3308 1162 etc.
3371 1111 3454 1162 Ad
3501 1125 3652 1161 oram

2019 1185 2148 1234 msti
2200 1183 2458 1233 Druriani
2522 1185 2846 1234 recentioris
2920 1184 3133 1247 scripsit
3181 1183 3452 1241 librarius,
3504 1184 3631 1231 Man

2018 1254 2149 1305 data
2184 1254 2352 1306 Tobiae
2372 1254 2443 1304 ad
2470 1252 2606 1318 filios
2663 1254 3032 1305 saluberrima.
3097 1255 3222 1305 Mox
3270 1267 3368 1318 pro
3416 1252 3651 1303 vocibus

2019 1328 2077 1377 in
2116 1328 2402 1391 gehennam
2453 1324 2818 1377 substituerat
2864 1342 2931 1378 ex
2996 1326 3286 1377 codicibus
3337 1325 3496 1374 mstis
3537 1323 3657 1372 Fel-

2019 1398 2107 1449 lus
2153 1400 2203 1446 in
2231 1395 2489 1456 tenebras,
2529 1394 2628 1447 sed
2663 1397 2828 1447 etiam
2877 1397 3003 1447 libri
3035 1397 3228 1460 scripti
3271 1396 3414 1446 inter
3443 1408 3502 1445 se
3565 1394 3656 1445 hic

2019 1470 2249 1519 variant.

2084 1541 2224 1592 CAP.
2277 1541 2428 1591 XXI.
2464 1567 2523 1576 —
2583 1540 2872 1604 Quadriga.
2921 1541 3187 1606 Majorum
3230 1539 3655 1602 magistratuum

2019 1611 2259 1663 honores
2301 1617 2357 1662 et
2412 1612 2670 1674 insignia.
2737 1611 2976 1674 Curules,
3027 1613 3210 1676 inquit
3264 1610 3482 1668 Festus,
3533 1621 3654 1671 equi

2021 1683 2389 1748 quadrigales.
2423 1683 2594 1734 FELL.

2083 1755 2222 1806 CAP.
2256 1756 2433 1805 XXII.
2475 1757 2632 1804 -Αο
2688 1755 2796 1805 nisi
2849 1756 3011 1806 editio
3066 1755 3282 1804 honesta
3333 1749 3652 1801 successerit.

1941 1798 1996 1870 B
2027 1798 2433 1878 3.31.1512."
2463 1798 2791 1876 notata?
2825 1798 3390 1888 .‘"§.‘.'.1e"',;;a+;ug"
3405 1798 3468 1872 Et
3487 1798 3658 1870 ’ὶναηα

2015 1899 2237 1961 jactura
2289 1899 2607 1961 frustrantis
2668 1899 2954 1961 spectaculi
3011 1898 3272 1961 voluptate
3322 1895 3377 1944 id
3454 1905 3656 1957 parare

2020 1970 2262 2032 voluisse,
2285 1970 2424 2034 quod
2457 1982 2549 2019 nec
2573 1968 2800 2033 populus
2852 1971 3122 2035 acciperet,
3145 1972 3191 2018 et
3245 1967 3489 2030 perderet
3534 1977 3651 2013 ma—

2021 2043 2295 2104 gistratus.
2326 2041 2496 2091 FELL.

2082 2113 2272 2163 Etvia:
2305 2113 2380 2162 tui
2432 2112 2558 2164 meis
2602 2113 2944 2177 pereuntibus
2995 2113 3359 2175 adsequantur.
3412 2109 3654 2159 Numero

2021 2187 2084 2233 ut
2108 2198 2238 2234 mox
2261 2189 2500 2247 apparet.

2084 2255 2226 2306 CAP.
2256 2256 2430 2305 XXV.
2491 2282 2552 2292 —
2595 2257 2960 2320 xEqualitatis.
3018 2257 3101 2306 Ita
3151 2255 3416 2306 Erasmus
3464 2256 3518 2302 et
3564 2249 3657 2299 alii

2021 2330 2144 2389 post
2174 2340 2320 2376 eum.
2352 2327 2517 2376 Nolui
2544 2333 2733 2378 autem
2760 2333 2998 2389 mutare,
3034 2328 3290 2391 quamvis
3321 2326 3374 2373 in
3397 2322 3657 2374 omnibus

2019 2398 2133 2448 fere
2168 2398 2456 2448 codicibus
2509 2399 2758 2462 autiquis
2817 2400 2956 2448 etin
3006 2397 3402 2449 vetustioribus
3454 2395 3657 2445 editio-

2019 2468 2186 2518 nibus
2238 2469 2450 2532 legatur
2500 2472 2782 2532 -equitatis.
2820 2471 3032 2520 Bsz.
3069 2496 3130 2505 —
3185 2470 3347 2518 Recte
3392 2465 3656 2529 praestant

2019 2539 2335 2603 squalitatis
2358 2540 2477 2590 cod.
2533 2541 2671 2590 Novi
2729 2541 2952 2601 Coll.3,
3010 2545 3064 2592 et
3115 2553 3241 2589 mss.
3277 2549 3433 2587 meus
3479 2546 3658 2598 nuper

2024 2612 2439 2671 Tewateranus,
2465 2624 2596 2662 cum
2633 2613 2924 2663 recentiori
2960 2625 3037 2662 ex
3074 2610 3380 2661 Drurianis.
3435 2605 3655 2668 Quibus

2021 2682 2176 2731 libris
2248 2683 2409 2732 simul
2471 2683 2616 2733 addo
2695 2684 2840 2733 Flori
2922 2683 3313 2748 Lugdunensis
3389 2682 3656 2748 Commene

2021 2756 2219 2803 larium
2272 2767 2445 2817 penes
2485 2768 2574 2804 me
2619 2755 2890 2805 ineditum
2941 2747 3108 2818 quem
3153 2756 3308 2816 prius
3349 2747 3657 2802 memoravi

2017 2838 2171 2888 super
2212 2826 2481 2887 Epistolas
2528 2826 2809 2876 Paulinae.
2870 2827 3123 2876 Proxime
3174 2825 3468 2887 scripserat
3518 2832 3653 2870 auc-

2023 2897 2125 2953 tor,
2151 2895 2450 2958 aequaliter.

2084 2963 2222 3014 CAP.
2272 2966 2473 3016 XXVI.
2521 2994 2583 3005 —
2636 2968 2909 3018 Prazclara
2953 2973 2999 3017 et
3055 2966 3247 3017 divina
3298 2979 3396 3016 res.
3453 2963 3655 3014 Melius

2018 3036 2342 3099 procederet
2366 3039 2558 3101 oratio,
2585 3040 2630 3090 si
2656 3041 2865 3104 legeret
2891 3052 2976 3088 res
3003 3043 3094 3088 est.

2088 3110 2204 3157 Dies
2267 3124 2356 3161 nos
2395 3112 2474 3160 vel
2523 3113 2818 3163 reditionis.
2895 3113 3207 3176 Cyprianus
3258 3112 3370 3173 jam
3417 3111 3547 3157 ante
3596 3107 3654 3156 in

291 3155 419 3246 ξἪῖ
450 3156 1027 3246 ,ἐῗξᾘῗῖἶιὲεξῖίὲἶίξῗη
1054 3156 1370 3218 frequenter
1426 3157 1693 3208 scribitur
1737 3155 1918 3206 νεάάί-
1942 3171 1997 3244 (3
2022 3155 2352 3232 hoclibello
2392 3155 3545 3246 sane:'ta"',;.r;a;;.;;“pegasea;
3598 3155 3656 3227 ei

294 3232 378 3276 tu:
409 3243 421 3286 ;
450 3230 746 3290 tueturque
772 3227 1046 3275 Baluzius.

356 3305 493 3356 CAP.
524 3306 670 3356 XIV.
716 3332 777 3342 —
841 3307 961 3367 Quae
1001 3311 1238 3354 matrona
1287 3306 1524 3369 locuples.
1561 3309 1682 3369 Qua
1727 3311 1922 3355 matro-

289 3391 362 3426 na
399 3380 455 3426 in
478 3378 697 3428 Ecclesia
749 3377 945 3428 Christi
994 3376 1228 3440 locuples.
1293 3378 1467 3429 Valde
1521 3385 1655 3443 puto
1708 3379 1812 3428 ista
1869 3378 1922 3426 in

290 3449 527 3499 Ecclesia
563 3449 761 3500 Christi
789 3463 916 3513 qua:
952 3449 1153 3499 desunt
1198 3451 1255 3499 in
1299 3450 1543 3514 antiquis
1563 3450 1919 3510 editionibus,

290 3520 346 3568 in
382 3520 573 3569 decem
607 3518 894 3569 codicibus
920 3521 1141 3580 nostris,
1174 3526 1229 3570 et
1264 3521 1320 3569 in
1346 3523 1593 3584 quinque
1654 3521 1921 3585 Anglica-

291 3592 398 3649 nis,
430 3589 612 3638 addita
645 3604 773 3639 vero
840 3596 968 3640 sunt
997 3605 1025 3638 a
1074 3591 1341 3652 Manutio,
1387 3607 1499 3642 non
1548 3593 1749 3643 debere
1803 3606 1922 3642 esse

293 3661 349 3709 in
376 3660 481 3709 hoc
507 3661 649 3710 loco.
689 3663 805 3711 Non
843 3666 1028 3712 tamen
1082 3677 1251 3712 ausus
1283 3678 1408 3713 sum
1435 3678 1769 3728 expungere,
1791 3665 1922 3727 quia

294 3744 358 3782 ea
390 3733 564 3794 reperi
599 3733 654 3782 in
687 3732 948 3783 undecim
983 3736 1220 3784 vetustis
1257 3736 1682 3799 exemplaribus.
1711 3735 1920 3784 BALuz.

292 3832 353 3840 —
383 3803 616 3853 Exstant
645 3818 866 3869 quoque
899 3807 953 3855 in
980 3808 1141 3856 mstis
1171 3807 1530 3858 Tewaterano
1554 3820 1585 3857 c
1613 3807 1921 3857 Meerman-

293 3887 441 3923 nano
467 3876 649 3933 metis,
674 3889 786 3924 una
810 3890 936 3926 cum
962 3877 1132 3927 altero
1163 3891 1232 3928 ex
1261 3879 1566 3929 Drurianis.
1609 3877 1752 3927 Cum
1790 3889 1921 3926 vero

294 3947 489 3997 eadem
542 3947 792 3997 emittant
858 3949 1118 4000 undecim
1189 3951 1418 4000 fortasse
1496 3950 1718 4001 codices
1756 3947 1921 3997 Balu-

295 4019 383 4080 zii,
423 4022 477 4068 et
523 4019 771 4082 quinque
833 4021 1072 4085 Anglici,
1150 4035 1334 4085 neque
1399 4023 1456 4071 in
1521 4018 1807 4071 vetustiori
1853 4030 1922 4067 ex

293 4090 600 4145 Drurianis.
639 4105 823 4155 neque
879 4093 1050 4143 altero
1105 4107 1227 4144 meo
1282 4107 1435 4154 mss.,
1484 4105 1667 4156 neque
1713 4091 1769 4139 in
1796 4086 1916 4139 cod.

296 4161 492 4210 INovi
568 4159 711 4212 (1011.
789 4169 1026 4225 exstent,
1077 4165 1232 4216 istaec
1297 4165 1465 4215 verba
1511 4166 1823 4227 importuna
1869 4164 1922 4211 et

296 4231 634 4283 editionibus
690 4237 1081 4286 vetustissimis
1138 4237 1322 4301 ignota
1410 4234 1774 4301 relinquenda
1823 4236 1923 4298 ju-

297 4304 496 4354 dicavi.

362 4384 499 4436 CAP.
533 4386 654 4436 XV.
697 4413 757 4424 —
812 4389 1146 4440 Dominicum
1189 4388 1456 4440 celebrare
1488 4393 1536 4438 te
1583 4388 1772 4439 credis.
1815 4388 1924 4438 Eu-

297 4456 632 4520 charistiam,
687 4473 812 4524 qua:
839 4466 922 4510 est
946 4475 1105 4513 ccena
1151 4461 1602 4522 Dominica,hac
1657 4461 1780 4511 loco
1853 4459 1923 4508 si-

2022 3252 2128 3302 sub
2159 3252 2326 3302 ﬁnem
2359 3254 2454 3304 lib.
2492 3255 2555 3304 de
2581 3259 2925 3313 Mertatitate,
2977 3269 3076 3305 nos
3126 3254 3384 3318 paradiso
3420 3250 3657 3299 restituit

2021 3330 2070 3373 et
2123 3338 2302 3388 regno,
2353 3339 2406 3389 p.
2463 3327 2549 3376 28t
2613 3327 2738 3377 Vid.
2781 3332 2834 3377 et
2888 3328 2985 3376 ﬁn.
3043 3325 3287 3391 epistolae
3336 3323 3407 3372 ad
3465 3324 3656 3370 Deme-

2023 3396 2276 3445 trianum.
2325 3396 2542 3448 Primus
2610 3399 2885 3449 Pamelius
2945 3411 3142 3449 vocem
3215 3393 3524 3446 redditionis
3586 3404 3655 3441 ex

2022 3469 2179 3518 mstis
2231 3472 2285 3519 et
2335 3471 2570 3520 Joannis
2649 3470 2861 3521 Costeri
2933 3469 3368 3531 castigationibus
3433 3463 3654 3526 recepit.

2021 3539 2214 3589 Exstat
2242 3542 2468 3605 quidem
2505 3555 2568 3591 ea
2598 3542 2654 3591 in
2689 3543 2809 3592 cod.
2869 3542 3007 3592 Novi
3052 3541 3194 3592 Coll.
3230 3542 3278 3600 2,
3311 3543 3475 3603 atque
3505 3535 3653 3586 idem

2023 3612 2319 3674 signiﬁcat,
2367 3613 2516 3677 quod
2572 3613 2864 3674 retributio,
2920 3626 3047 3677 quae
3111 3613 3339 3676 quidem
3391 3605 3653 3672 Cypriani

2023 3695 2129 3730 vox
2171 3687 2272 3731 est.
2314 3683 2706 3733 Verumtamen
2759 3698 2860 3748 ego
2917 3698 3047 3734 cum
3100 3684 3334 3748 Rigaltio
3415 3679 3654 3744 probans

2021 3757 2262 3802 veterem
2311 3754 2609 3804 lectionem
2665 3755 2944 3804 reditionis
2995 3769 3117 3804 eam
3164 3767 3422 3804 revocare
3463 3748 3652 3805 statui,

2023 3835 2147 3884 quae
2200 3824 2256 3872 in
2301 3836 2399 3873 sex
2445 3823 2600 3873 libris
2645 3826 2866 3889 scriptis
2919 3825 3068 3889 apud
3115 3825 3202 3874 ed.
3232 3824 3430 3880 Oxon.,
3484 3825 3538 3870 et
3595 3819 3652 3866 in

2022 3897 2258 3954 quatuor
2300 3896 2460 3944 mstis
2509 3897 2668 3954 meis,
2724 3911 2853 3945 nam
2881 3898 2935 3945 in
2983 3897 3336 3945 Tewaterano
3397 3890 3654 3954 primitus

2022 3964 2225 4025 scripta
2258 3965 2452 4023 fuerat,
2489 3971 2702 4030 reperta
2731 3971 2832 4017 est.
2887 3967 3098 4016 Vocem
3155 3964 3434 4015 reditionis
3458 3973 3657 4023 agnos-

2023 4036 2098 4084 cit
2125 4035 2373 4085 Plautus.
2403 4037 2477 4087 Et
2500 4039 2849 4089 conveniunt
2875 4051 3046 4090 voces
3075 4037 3257 4087 reditio
3287 4039 3340 4086 et
3366 4031 3655 4098 persecutio

2022 4105 2129 4156 hoc
2186 4107 2308 4158 loco
2361 4111 2552 4172 posita
2633 4125 2761 4161 cum
2818 4111 2926 4160 illis
2983 4109 3252 4160 accersitio
3317 4111 3371 4158 et
3421 4117 3655 4170 persecu-

2023 4180 2115 4240 tio,
2151 4192 2278 4242 quas
2312 4193 2478 4243 supra
2528 4182 2584 4232 in
2628 4181 2769 4232 libro
2815 4182 2878 4231 de
2907 4181 3228 4232 Mortalitate
3261 4178 3424 4229 nobis
3462 4186 3657 4228 occur-

2021 4253 2234 4315 berant,
2260 4254 2290 4318 §
2317 4255 2393 4305 13.

2248 4373 2320 4423 ΙΝ
2355 4374 2622 4426 LIBRUM
2656 4374 2751 4426 DE
2785 4373 2964 4426 ZELO
2999 4373 3093 4424 ET
3130 4369 3413 4424 LIVORE.

2088 4469 2226 4522 CAP.
2265 4473 2412 4521 II.—
2457 4474 2656 4524 Circuit
2697 4472 2804 4531 ille,
2854 4477 2956 4524 etc.
2987 4473 3132 4524 Hinc
3174 4473 3422 4521 ﬁrmatur
3453 4467 3657 4532 optima

294 4527 544 4610 Εηίῇοεῐξί
574 4543 702 4578 cum
729 4606 736 4610 _
761 4531 914 4610 F6119
956 4533 1310 4610 ειεξιυθηᾱμω
1361 4537 1462 4584 esto
1521 4533 1739 4610 Interea
1791 4545 1918 4581 cum
1940 4538 1999 4610 D
2022 4546 2341 4607 conjectura
2367 4543 2437 4595 cl.
2471 4543 2766 4594 Oberthuri
2790 4527 2922 4594 'ﬁne
2946 4543 3039 4598 lib.
3070 4543 3372 4594 Tertuliani
3395 4541 3460 4589 de
3489 4527 3658 4588 Ὀνα-

294 4601 618 4663 particulam
688 4606 738 4650 et
801 4608 928 4654 ante
1012 4606 1343 4655 Dominicum
1415 4605 1688 4669 positam,
1754 4617 1921 4667 quam

294 4671 547 4720 nesciunt
619 4672 743 4722 edd.
799 4675 1056 4738 princeps
1133 4680 1188 4726 et
1251 4677 1596 4735 Erasmiana,
1644 4674 1811 4723 simul
1861 4688 1926 4724 ac

296 4743 484 4805 scripti
549 4743 675 4794 libri
724 4747 917 4806 nostri,
971 4750 1084 4812 jam
1161 4749 1291 4798 olim
1371 4749 1741 4799 decrevissem
1822 4748 1928 4809 eji-

295 4826 440 4894 cere,
484 4819 675 4877 postea
744 4817 898 4868 illam
964 4820 1021 4868 in
1081 4819 1257 4869 tribus
1330 4820 1454 4869 aliis
1530 4819 1690 4868 mstis
1735 4818 1930 4868 deesse

296 4896 464 4933 881181.

359 4965 499 5015 CAP.
548 4967 698 5017 XVI.
780 4996 840 5007 —
910 4971 1242 5034 Infelicitatis
1332 4972 1530 5034 Vulgo.
1586 4971 1927 5036 inﬁdelitatis.

296 5054 324 5081 ‹‹
361 5038 560 5087 Parum
582 5039 778 5099 abfuit,
810 5043 886 5091 ait
912 5044 1190 5102 Baluzius,
1221 5043 1355 5106 quin
1384 5055 1646 5106 ponerem
1698 5043 1928 5104 infelici-

298 5111 439 5167 tatis,
489 5111 650 5172 juxta
694 5113 992 5164 lectionem
1048 5120 1303 5165 veterum
1355 5115 1683 5174 editionum,
1758 5129 1928 5178 quam

293 5182 623 5232 conﬁrmant
676 5185 866 5247 viginti
915 5191 969 5236 et.
1036 5186 1146 5235 duo
1192 5187 1527 5249 exemplaria
1600 5191 1792 5236 nostra
1869 5189 1926 5237 et

297 5251 558 5303 undecim
601 5257 926 5319 Anglicana.
976 5258 1257 5308 Manutius
1327 5258 1511 5322 posuit
1586 5257 1928 5320 inﬁdelitatis.

295 5323 471 5374 Aliter
505 5327 746 5376 Pamelio
769 5329 952 5378 visum
994 5334 1094 5379 est.
1129 5348 1157 5374 »
1190 5331 1326 5380 Haec
1378 5329 1656 5380 Baluzius.
1682 5329 1789 5378 Vix
1825 5329 1928 5378 du-

292 5393 409 5443 bito
434 5398 568 5458 quin
623 5397 815 5449 reduci
844 5400 912 5448 ad
945 5401 1097 5450 hunc
1144 5401 1331 5451 locum
1384 5400 1586 5450 debeat
1644 5413 1752 5449 vox
1800 5399 1932 5462 infe-

298 5465 514 5538 licitati,
543 5483 670 5538 quae
697 5470 961 5538 c_ur_n__illa
995 5469 1468 5538 s_terili_tatis_jungi
1511 5471 1651 5538 solet
1687 5487 1699 5529 ;
1751 5470 1931 5538 sterile

296 5532 444 5577 enim
501 5537 660 5595 atque
710 5532 900 5595 infelix
948 5533 1116 5584 solum
1165 5532 1322 5582 haud
1364 5532 1485 5584 raro
1509 5533 1728 5584 dicitur.
1769 5533 1929 5583 Hanc

293 5599 461 5665 igitur
491 5617 690 5655 vocem
713 5607 966 5656 revocavi
992 5605 1224 5668 Rigaltio
1255 5620 1480 5669 quoque
1533 5607 1820 5669 probatam
1877 5611 1931 5656 et

296 5678 352 5726 in
379 5689 476 5726 sex
505 5678 662 5726 mstis
691 5677 828 5726 mihi
850 5677 1022 5727 visam
1046 5692 1060 5737 ;
1105 5676 1204 5728 sed
1235 5676 1289 5725 in
1313 5676 1419 5727 alio
1435 5677 1679 5742 quodam
1735 5677 1930 5730 codice

297 5761 422 5798 meo
443 5747 628 5811 ligitur
656 5748 988 5812 inﬁdelitatis

369 5828 537 5882 Vidua
589 5834 636 5882 et
693 5830 842 5897 inops
897 5832 957 5882 in
1008 5843 1160 5898 opere
1187 5830 1472 5884 invenitur.
1532 5831 1678 5885 Ante
1755 5831 1929 5885 Balu-

2028 4613 2181 4664 tione.

2090 4689 2347 4750 Linguam
2391 4687 2624 4736 convicio
2662 4691 2929 4750 provocat.
2993 4686 3179 4736 Oratio
3223 4687 3450 4735 fortasse
3512 4683 3651 4731 inte-

2027 4760 2174 4823 grior
2232 4762 2392 4819 esset,
2450 4759 2495 4806 si
2527 4771 2594 4807 ex
2640 4757 3006 4822 sequentibus
3068 4757 3362 4807 adderetur
3398 4755 3468 4804 ad
3508 4758 3658 4816 petuo

2030 4830 2276 4888 lantiam,
2327 4833 2379 4878 et
2405 4843 2503 4892 pro
2539 4843 2673 4880 voce
2699 4829 3056 4892 petulantiam
3078 4827 3155 4877 ibi
3184 4828 3405 4876 inventa
3459 4823 3651 4874 rescri-

2028 4901 2250 4951 beretur
2311 4901 2633 4950 violentiam.
2701 4899 2888 4950 Habes
2939 4899 3078 4948 infra
3140 4911 3326 4947 manus
3385 4895 3455 4946 ad
3502 4893 3659 4944 caulis

2027 4973 2335 5022 violentiam
2360 4977 2620 5035 prompta.

2091 5044 2228 5095 CAP.
2270 5045 2364 5093 III.
2391 5071 2454 5080 —
2487 5043 2573 5092 Vel
2602 5043 2822 5105 fallaces
2857 5042 3081 5092 insidias
3109 5043 3190 5092 cel
3235 5046 3440 5104 apertas
3464 5040 3658 5087 minas.

2038 5116 2124 5166 Vel
2165 5119 2290 5166 ante
2331 5115 2554 5178 fallaces
2616 5115 2885 5175 revocavi,
2952 5114 3103 5178 quod
3179 5114 3449 5163 omissum
3500 5114 3579 5160 est
3630 5124 3662 5158 a

2030 5189 2274 5246 Baluzio,
2325 5185 2762 5251 suffragantibus
2821 5185 2957 5234 mihi
2993 5185 3185 5235 codice
3226 5184 3363 5234 Novi
3413 5183 3551 5233 Coll.
3609 5182 3662 5240 2,

2030 5263 2085 5309 et
2118 5263 2259 5308 msto
2289 5263 2526 5322 utroque
2566 5272 2711 5318 meo,
2744 5258 2944 5321 pariter
2988 5261 3157 5320 atque
3204 5255 3357 5306 editt.
3396 5259 3526 5303 ante
3556 5253 3662 5300 Ba-

2028 5331 2321 5380 luzianam.
2363 5332 2522 5380 Nunc
2551 5329 2693 5378 addo
2736 5328 2961 5378 codices
3004 5328 3240 5391 scriptos
3282 5327 3658 5377 Meermauna-

2029 5416 2167 5451 num
2198 5407 2249 5452 et
2271 5407 2571 5465 utrumque
2597 5401 2953 5450 Drurianum.

2093 5474 2227 5524 CAP.
2267 5473 2359 5523 IV.
2393 5500 2458 5509 —
2490 5475 2624 5522 Dum
2680 5470 2940 5520 diabolum
2971 5471 3060 5536 qui
3083 5471 3223 5521 zelat
3244 5472 3502 5520 imitatur.
3568 5469 3663 5516 Za-

2031 5545 2211 5594 bulum
2259 5559 2370 5594 non
2436 5543 2722 5594 diabolum
2778 5547 3003 5607 praestat
3041 5543 3110 5594 de
3157 5542 3444 5593 codicibus
3519 5539 3660 5587 meis

2030 5629 2194 5675 unus,
2229 5617 2388 5680 isque
2438 5615 2850 5678 membraneus,
2905 5621 2960 5665 et
3015 5617 3071 5665 in
3103 5616 3256 5666 editt.
3298 5613 3509 5675 aliquot
3546 5609 3657 5672 Cy-

2030 5691 2209 5753 priani
2259 5691 2335 5740 ita
2382 5703 2488 5740 vox
2537 5689 2808 5741 scribitur.
2837 5709 2863 5736 α
2910 5689 3147 5740 Zabolus
3172 5691 3218 5740 is
3250 5691 3333 5738 est
3385 5683 3663 5742 diabolus,

2030 5774 2128 5825 pro
2156 5762 2233 5809 διὰ
2267 5762 2414 5812 enim
2439 5762 2647 5814 Etoles
2667 5765 2722 5822 ζα
2745 5760 2951 5816 dixere.
3005 5777 3037 5811 ν)
3087 5757 3317 5814 Gesneri
3363 5753 3511 5820 Ling.
3550 5755 3664 5804 Lat.

2035 5833 2180 5887 Thes.
2207 5835 2264 5886 in
2285 5846 2444 5887 voce.
