4144 6192
574 296 707 359 13η
1747 301 2028 361 ΜΑΒΤῙΝΙ
2063 300 2194 359 JOS.

631 429 772 482 CAP.
801 427 868 480 V.
900 456 958 468 -
987 429 1044 480 In
1085 428 1264 481 odium
1321 429 1691 498 persecutionis
1746 430 1957 494 facibus
2005 432 2198 494 livoris

568 503 786 552 exarsit.
816 502 1004 552 Odium
1021 503 1417 572 persecutionis,
1477 517 1603 567 quae
1642 507 1727 554 est
1762 504 2030 555 librorum
2063 510 2202 556 tam-

567 574 896 638 scriptorum
919 588 1089 639 quam
1135 573 1411 625 editorum
1437 574 1622 634 lectio,
1650 574 1842 626 odium
1902 577 2198 642 signiﬁcat,

568 657 636 694 ex
662 658 774 708 quo
804 649 920 694 orta
951 647 1261 710 persecutio
1291 647 1386 696 sit.

626 718 744 766 Mitt
801 715 1016 767 lenitate
1057 719 1354 781 patientem.
1411 717 1528 767 Etsi
1612 717 1839 770 reducta
1913 719 2022 770 fuit
2093 733 2203 772 vox

566 788 740 838 mitem
773 802 870 853 pro
905 790 1022 838 miti
1065 791 1122 839 in
1159 789 1459 840 editionem
1511 790 1944 849 Benedictinam,
1980 794 2203 856 praetuli

563 871 715 910 nunc
761 873 864 925 ego
933 861 1228 912 lectionem
1300 861 1550 918 alteram,
1621 862 1908 914 codicibus
1978 865 2202 930 scriptis

570 931 709 982 meis
728 931 1020 982 ﬁrmatam.

631 1003 814 1053 Simul.
865 1004 930 1052 In
974 1014 1087 1052 uno
1113 1001 1276 1073 ilibro
1333 1015 1457 1054 meo
1490 1004 1757 1068 scriptum
1808 1011 1894 1058 est
1944 1010 2120 1073 semel,
2145 1015 2202 1062 et

564 1087 731 1139 supra
785 1073 992 1123 lineam
1046 1072 1124 1122 vel
1151 1073 1322 1122 simul.
1362 1075 1506 1124 Hinc
1537 1087 1686 1138 ergo,
1712 1077 1793 1125 uti
1823 1079 1938 1140 jam
1973 1093 2086 1130 non
2109 1072 2200 1132 'se-

564 1145 678 1195 mel
718 1144 981 1214 diximus,
1015 1148 1135 1193 orta
1189 1149 1274 1194 est
1309 1144 1678 1209 discrepantia
1727 1161 1852 1210 qua:
1903 1151 2022 1202 istic
2049 1165 2201 1214 repe-

565 1216 707 1265 ritur
768 1216 825 1265 in
880 1213 1168 1266 codicibus
1213 1216 1622 1280 manuscriptis,
1659 1231 1896 1281 quorum
1942 1213 2200 1270 nonnulli

563 1287 774 1338 habent
812 1287 969 1337 semel
997 1287 1110 1347 alii,
1136 1285 1309 1336 simul.
1340 1288 1548 1339 BALuz.
1570 1315 1631 1326 —
1665 1289 1855 1348 Simul,
1890 1306 2017 1356 quae
2065 1293 2197 1342 edit.

565 1359 835 1423 principis
887 1359 1156 1422 scriptura
1228 1361 1314 1408 est
1387 1359 1762 1423 adstipulante
1818 1363 1867 1412 ei
1952 1378 2067 1414 uno
2130 1377 2202 1414 ex

565 1431 724 1480 mstis
745 1430 902 1491 meis,
929 1429 1184 1480 revocavi
1225 1431 1328 1480 etsi
1373 1431 1651 1481 interdum
1698 1433 1856 1483 semel
1887 1449 1985 1499 pro
2037 1449 2200 1498 pror-

563 1514 651 1552 sus
679 1505 734 1551 et
783 1501 848 1571 in,
887 1504 1196 1565 perpetuum
1227 1505 1442 1552 veteres
1472 1508 1708 1566 ponunt.
1747 1506 1927 1557 Habet
1970 1507 2065 1556 sibi
2097 1520 2197 1571 pro

559 1571 719 1622 simul
752 1570 926 1622 codex
981 1584 1141 1622 meus
1199 1572 1335 1622 olim
1379 1573 1832 1638 Tewaterannus,
1886 1591 2032 1627 anno
2078 1570 2200 1636 1396

563 1643 822 1705 scriptus,
847 1645 900 1693 et
926 1641 1144 1706 singula
1178 1655 1278 1706 pro
1336 1644 1591 1707 singulos.
1645 1647 1768 1696 Mox
1796 1648 1892 1697 lin.
1953 1648 2016 1698 20
2049 1662 2060 1696 :
2113 1652 2194 1698 ci-

558 1712 702 1763 deris
733 1727 832 1778 pro
870 1715 1142 1778 perspice,
1209 1715 1417 1777 cogita,
1443 1717 1627 1778 posuit
1675 1721 1910 1768 auctor:
1961 1723 2017 1771 et
2062 1723 2193 1771 sect.

560 1784 594 1834 ϐ
620 1783 807 1845 verba,
855 1785 948 1850 qui
1000 1784 1363 1835 Christianum
1407 1799 1460 1835 se
1483 1789 1758 1848 mentitur,
1819 1803 2056 1853 quorum
2110 1805 2196 1841 or-

563 1854 750 1927 dinem
781 1856 862 1906 sic
894 1855 1014 1906 sine
1039 1869 1206 1906 causa
1243 1858 1456 1920 primus
1503 1859 1736 1909 mutavit
1770 1861 2068 1923 Manutius,
2103 1864 2194 1927 qui

564 1939 619 1976 se
647 1926 1011 1978 Christianum
1056 1927 1350 1987 mentitum}
1378 1940 1446 1977 ex
1471 1927 1624 1978 editt.
1661 1932 2057 1982 vetustioribus
2098 1926 2192 1983 re-

561 1997 740 2048 stitui.

626 2067 766 2119 CAP.
793 2069 939 2119 XIII.
976 2095 1037 2106 —
1071 2070 1138 2118 Et
1157 2067 1266 2118 zeli
1293 2081 1352 2117 ac
1384 2068 1568 2119 livoris
1597 2068 1815 2120 alienus.
1850 2073 2016 2124 Vocis
2049 2074 2192 2124 alie-

561 2144 660 2180 nus
711 2145 842 2182 cum
895 2131 1166 2194 genetivis
1208 2131 1327 2180 istis
1377 2134 1796 2191 constructioni,
1855 2149 2022 2198 quam
2073 2139 2192 2201 pri-

562 2215 688 2272 mus
743 2204 948 2272 recepit
1000 2202 1302 2272 Manutius,
1340 2203 1755 2264 patrocinentur
1780 2205 1898 2255 cod.
1957 2212 2192 2272 uterque

563 2271 701 2321 Novi
732 2271 961 2335 Collegii
983 2284 1049 2322 ac
1077 2285 1236 2322 meus
1263 2271 1674 2322 Tewateranus.
1722 2275 1884 2326 Nunc
1905 2276 2045 2328 addo
2076 2271 2190 2328 ms-

561 2347 866 2406 utrumque
901 2345 1238 2394 Drurianum
1272 2348 1328 2394 et
1351 2343 1436 2394 Me
1450 2356 1853 2396 ermannanum
1881 2361 2010 2398 cum
2041 2349 2191 2400 Flori

559 2413 944 2478 Lugdunensis
995 2414 1407 2466 Commentario
1460 2415 1667 2466 inedito
1729 2419 1785 2467 in
1844 2420 2000 2469 Pauli
2055 2421 2192 2484 Epi-

562 2486 750 2535 stolas.
811 2486 1051 2537 Alteram
1103 2499 1236 2537 vero
1289 2489 1782 2550 constructionem,
1832 2503 1960 2554 quae
2011 2492 2190 2555 posita

561 2561 645 2607 est
679 2557 735 2606 in
779 2556 928 2607 editt.
965 2557 1342 2609 Manutianam
1391 2559 1859 2623 praecedentibus,
1891 2568 1939 2612 et
1998 2577 2033 2612 a
2077 2563 2190 2614 zelo

563 2626 728 2677 livore
750 2628 976 2690 atienus,
1006 2642 1154 2678 unus
1181 2629 1250 2679 de
1305 2629 1461 2679 libris
1517 2631 1654 2682 meis
1714 2632 1898 2684 habet.
1934 2635 2189 2685 Proxime

559 2702 684 2763 post
747 2700 804 2749 in
856 2700 1103 2764 Apostoli
1147 2701 1314 2765 ρἡῑσι
1352 2715 1517 2752 voces
1571 2703 1886 2767 carnalibus,
1919 2711 2186 2770 tanquam,

561 2782 688 2834 quas
715 2784 745 2820 a
775 2773 931 2821 textu
966 2772 1265 2822 Baluziano
1299 2772 1436 2824 forte
1461 2772 1798 2835 exciderant,
1831 2778 2062 2828 restitui.

626 2839 763 2891 CAP.
814 2842 961 2892 XIV.
1025 2868 1081 2878 —
1135 2841 1404 2892 Secundus
1459 2843 1606 2892 homo
1655 2843 1718 2893 de
1767 2845 1906 2908 calo,
1954 2847 2022 2897 de
2083 2847 2189 2899 hac

559 2912 828 2964 varietate
868 2914 1129 2964 consulas
1158 2913 1292 2963 Novi
1321 2913 1660 2965 Testamenti
1718 2915 1992 2968 editiones
2023 2934 2036 2978 ;
2074 2933 2190 2970 eas-

560 2995 672 3052 que
719 2987 774 3052 et
821 2983 959 3032 infra
995 2983 1109 3052 .adi
1151 2983 1228 3052 _d_e
1280 2985 1553 3052 scriptura
1608 2985 1710 3052 ‘illa
1742 2993 2034 3052 _porlemus
2091 3004 2188 3052 pro

553 3046 905 3107 portavimus,
962 3046 1008 3096 si
1069 3045 1294 3110 quidem
1334 3045 1408 3095 in'
1443 3046 1652 3098 Graecis
1704 3045 1928 3111 plurimi
1971 3045 2190 3103 codices

561 3117 751 3180 scripti
781 3122 836 3167 et
867 3119 1055 3168 Patres
1081 3117 1363 3182 φορήσωμεν
1387 3118 1594 3168 habent
1623 3134 1720 3182 pro
1743 3123 2026 3184 φορήσομεν.

2225 296 2462 360 ROUTH
2501 296 2720 360 NOTAE.
3753 307 3871 371 (312

2302 430 2466 481 Nunc
2518 428 2660 480 adde
2710 430 3014 493 utrumque
3046 425 3384 480 Drurianum
3431 431 3486 480 et
3543 429 3877 488 Meemanna-

2303 515 2458 552 num.
2497 502 2623 553 Mox
2672 504 2795 565 post
2851 513 3048 552 vocem
3099 499 3412 565 ﬁrmandus,
3461 505 3683 566 positum
3715 512 3790 558 est
3827 510 3875 562 in

2303 587 2405 623 ms.
2439 573 2570 623 olim
2603 572 2768 624 Tewa
2781 574 2880 632 ter,
2910 574 2960 620 et
2985 572 3278 622 ornandus.

2365 643 2504 696 CAP.
2538 644 2688 695 XVI.
2718 670 2778 680 —
2806 642 3082 698 salutaris
3106 643 3372 695 oneratio.
3397 643 3466 694 H.
3487 657 3534 694 e.
3567 645 3875 712 eleemosyna

2302 717 2559 767 salutaris
2604 720 2829 768 aeternae
2879 715 3098 766 efﬁcax.
3150 717 3276 766 Jam
3321 719 3447 766 ante
3470 716 3610 768 idem
3651 718 3874 784 loquendi

2302 790 2504 843 modus
2531 793 2800 856 reperitur
2826 789 2933 840 sub
2962 789 3133 840 ﬁnem
3169 789 3294 840 libri
3327 790 3394 840 de
3419 791 3574 855 Opere
3607 795 3655 842 et
3677 793 3878 847 Eleemo-

2301 868 2450 918 syna.

2363 925 2506 976 CAP.
2542 924 2708 975 XVII.
2760 951 2821 962 —
2859 921 3167 974 Laborabis.
3201 923 3509 974 Prmferunt
3571 922 3751 976 labores
3786 929 3878 980 edi.

2300 998 2376 1048 tio
2407 999 2663 1062 princeps
2696 998 2749 1046 et
2790 1008 2821 1045 e
2869 995 3160 1046 codicibus
3221 996 3360 1046 meis
3386 1008 3549 1056 unus,
3585 997 3718 1060 quod
3764 1001 3875 1052 mihi

2301 1070 2434 1120 olim
2486 1070 2674 1118 minus
2718 1071 2867 1120 recte
2910 1066 3141 1132 placuit.
3183 1067 3284 1118 Est
3327 1071 3514 1118 autem
3565 1072 3877 1134 prosperanda

2301 1142 2558 1203 valetudo,
2586 1154 2712 1204 quis
2743 1143 2867 1206 eget
2891 1143 2950 1190 ut
2979 1139 3190 1190 ﬁrmior
3218 1140 3335 1194 ﬁat.

2363 1213 2420 1262 Si
2437 1215 2630 1263 sectari
2649 1225 2769 1276 ηιῃιΔ
2790 1217 2950 1276 potes.
3006 1211 3224 1276 Vulgo:
3265 1211 3340 1276 rSi
3391 1215 3560 1276 autem
3607 1225 3683 1262 eos
3722 1217 3878 1266 sectari

2297 1287 2402 1324 non
2451 1280 2613 1340 potes.
2691 1273 3017 1324 Editionum
3076 1273 3440 1325 vetustiorum
3496 1274 3763 1326 imiionem
3808 1291 3884 1330 re-

2305 1347 2523 1404 vocavi,
2604 1358 2730 1410 quaa
2781 1345 3022 1410 Rigaltio
3060 1345 3288 1409 probata
3338 1344 3622 1395 codicibus
3672 1349 3876 1413 quinque

2300 1418 2447 1482 apud
2483 1418 2612 1468 edit.
2648 1417 2846 1479 Oxon.,
2881 1417 3074 1468 codice
3120 1421 3357 1481 utroque
3404 1417 3540 1466 Novi
3568 1416 3794 1480 Collegii,
3833 1425 3876 1471 et

2301 1491 2660 1540 Tewaterano
2695 1489 2910 1538 ﬁrmata
2946 1492 3045 1540 est.
3116 1489 3275 1539 Nunc
3323 1487 3468 1538 addo
3526 1489 3756 1540 codicem
3799 1505 3873 1542 an-

2296 1560 2671 1624 tiquissimum
2696 1559 3206 1622 Meermannanum,
3233 1563 3290 1610 et
3311 1559 3657 1610 vetustiorem
3681 1574 3740 1610 ex
3764 1562 3876 1612 duo-

2297 1631 2403 1682 bus
2429 1630 2732 1680 Drurianis.
2759 1629 2845 1680 Ab
2887 1629 3059 1681 altero
3080 1635 3266 1682 autem
3292 1633 3464 1696 atque
3484 1630 3588 1680 alio
3621 1636 3791 1694 prater
3825 1647 3876 1684 ea

2297 1705 2444 1753 msto
2467 1701 2784 1758 membrum
2814 1701 2921 1751 hoc
2942 1701 3118 1752 abest.
3741 1729 3747 1736 ι

2361 1772 2499 1824 CAP.
2552 1773 2758 1822 XVIII.
2787 1799 2849 1810 —
2889 1773 2996 1834 Quo
3061 1773 3202 1823 Cain
3252 1787 3353 1824 non
3399 1773 3550 1824 redit.
3592 1775 3790 1840 Recepit
3832 1778 3875 1828 in

2216 1817 2273 1890 B
2298 1842 2600 1894 editionem
2647 1857 2806 1894 suam
2852 1817 3115 1895 Baluzius
3145 1845 3251 1906 Quo
3277 1845 3414 1898 Cain
3458 1859 3564 1896 non
3612 1817 3877 1910 iugi-erditur,

2294 1915 2484 1978 aitque
2526 1914 2672 1965 hanc
2725 1915 3038 1974 lectionem,
3072 1929 3240 1980 quam
3290 1916 3503 1968 habent
3526 1921 3627 1968 tres
3653 1919 3759 1968 libri
3804 1932 3872 1969 ve-

2293 1990 2458 2040 teres.
2506 1989 2700 2050 putare
2732 1999 2792 2036 se
2841 1999 2965 2038 esse
2999 1989 3285 2051 optimam,
3327 1989 3555 2039 alteram
3595 2002 3729 2046 vero,
3774 2003 3870 2053 qua

2292 2061 2376 2108 est
2399 2055 2538 2107 redit
2560 2057 2773 2108 falsam.
2806 2056 2944 2108 Cain
2971 2059 3148 2124 enim,
3185 2060 3279 2124 qui
3310 2064 3476 2110 natus
3524 2063 3603 2112 est
3632 2063 3872 2125 postquam

2291 2133 2550 2192 parentes
2579 2129 2701 2192 ejus
2741 2130 2903 2192 ejecti
2930 2131 3148 2180 fuerant
3175 2143 3205 2180 e
3261 2131 3535 2194 paradiso,
3585 2145 3685 2181 non
3735 2145 3864 2196 posse

2291 2200 2401 2250 dici
2426 2199 2720 2252 rediissein
2742 2199 3075 2264 paradisum,
3095 2214 3224 2252 cum
3242 2203 3297 2251 in
3327 2201 3424 2252 illo
3454 2215 3735 2266 munquam
3759 2203 3871 2251 {uis-

2291 2275 2391 2322 set.
2451 2271 2647 2335 Itaque
2713 2283 2826 2320 non
2885 2270 3169 2323 dubitasse
3241 2285 3300 2322 se
3350 2272 3521 2329 addit,
3577 2273 3699 2337 quin
3744 2274 3870 2323 lectio

2289 2341 2489 2392 horum
2524 2343 2690 2390 trium
2715 2341 2980 2392 librorum
3007 2343 3348 2406 praeferenda
3393 2345 3486 2394 sit.
3525 2345 3590 2392 At
3617 2354 3729 2393 vero
3753 2343 3870 2392 haud

2290 2413 2365 2462 ita
2391 2413 2580 2463 valere
2634 2412 2780 2462 hanc
2835 2415 3108 2464 rationem
3160 2414 3511 2475 crediderim,
3552 2419 3609 2463 ut
3649 2415 3866 2464 substitui

2289 2483 2491 2534 debeat
2514 2483 2746 2533 verbum
2770 2484 3065 2547 ingreditur
3091 2485 3314 2536 lectioni
3343 2485 3480 2536 olim
3506 2490 3722 2549 receptae
3745 2491 3788 2535 et
3811 2486 3870 2535 ie-

2290 2568 2348 2605 re
2374 2555 2647 2605 universis
2677 2555 2833 2604 mstis
2857 2555 3213 2607 conﬁrmatas.
3244 2555 3328 2606 Ex
3373 2556 3653 2606 codicibus
3697 2556 3863 2618 quibus

2288 2639 2425 2676 usus
2444 2639 2570 2676 sum
2605 2626 2710 2676 soli
2742 2626 3042 2690 ingreditur
3065 2631 3324 2691 praestant
3378 2641 3510 2677 mss.
3535 2628 3662 2677 Novi
3687 2626 3803 2686 Coll,
3828 2626 3865 2676 2.

2293 2702 2349 2749 et
2395 2697 2703 2747 Drurianus
2771 2699 3063 2748 recentior.
3115 2699 3209 2749 Ait
3256 2698 3365 2749 hoc
3414 2699 3534 2749 loco
3606 2698 3866 2762 Cyprianus

2291 2768 2430 2820 Cain
2479 2782 2591 2817 non
2649 2768 2826 2818 redire
2893 2769 2961 2818 ad
3039 2773 3283 2820 veterem
3336 2776 3624 2833 parentum
3682 2782 3867 2818 suorum

2287 2841 2700 2905 possessionem
2751 2841 3082 2905 paradisum
3108 2857 3148 2905 ;7
3185 2842 3320 2905 quin
3405 2844 3461 2905 et
3503 2840 3622 2905 dici
3651 2841 3772 2905 solet
3803 2854 3870 2905 re-

2288 2902 2404 2952 dire
2425 2903 2660 2951 animum
2693 2902 2763 2952 ad
2795 2903 2972 2952 Deum.
3004 2902 3272 2954 Conferas
3301 2907 3361 2954 et
3415 2903 3584 2954 ﬁnem
3616 2904 3767 2953 libelli
3815 2902 3863 2951 de

2291 2975 2452 3038 Opere
2484 2978 2541 3023 et
2575 2973 2941 3037 Eleemosynis,
2973 2974 3072 3025 ubi
3097 2990 3185 3024 nos
3229 2974 3452 3026 reduces
3495 2975 3567 3025 ad
3612 2974 3866 3039 paradiSum

2289 3045 2479 3106 habes,
2510 3047 2810 3108 notamque
2834 3045 2902 3094 ad
2933 3045 3139 3096 locum.

2352 3117 2638 3166 Nativitate
2693 3118 2895 3166 rte/esti
2947 3121 2997 3166 et
3041 3116 3238 3167 divina.
3264 3118 3478 3169 Vocem
3539 3116 3713 3168 cmlesti
3750 3113 3866 3164 haud

624 3185 763 3238 CAP.
793 3188 912 3238 XV.
946 3215 1006 3226 —
1037 3190 1159 3238 Esse
1180 3187 1356 3238 talem.
1387 3189 1580 3239 Exstat
1609 3191 1666 3239 in
1702 3192 2182 3255 edit.-Baluziana,
2207 3186 2261 3260 C
2287 3190 2615 3250 agnoscunt,
2643 3192 2736 3238 aut
2761 3187 2953 3239 decem
2990 3188 3213 3239 codices
3268 3191 3463 3253 scripti
3489 3191 3545 3238 in
3571 3189 3692 3239 edit.
3721 3187 3863 3237 Oxon.

559 3271 666 3309 esse
698 3272 756 3309 se
805 3261 981 3320 talem,
1037 3273 1150 3310 non
1198 3263 1260 3309 ut
1301 3261 1456 3323 prius
1511 3263 1752 3323 positum
1802 3269 1934 3323 erat,
1973 3279 2075 3314 esse
2134 3266 2185 3316 le
2285 3263 2594 3320 memorati,
2626 3266 2718 3312 aut
2762 3276 2859 3312 sex
2908 3263 2976 3314 de
3006 3268 3215 3327 septem
3274 3265 3387 3313 illis
3441 3265 3639 3329 quibus
3687 3277 3774 3325 ego
3823 3263 3863 3310 in

561 3333 766 3380 tamen.
796 3331 904 3381 Sed
957 3332 1201 3395 expunxi
1235 3346 1288 3381 se
1311 3333 1458 3395 quod
1484 3346 1550 3382 ex
1590 3335 1755 3396 priori
1807 3350 1944 3386 voce
2001 3342 2183 3386 ortum

559 3412 680 3450 esse
716 3402 906 3464 possit,
953 3404 1279 3452 auctoritate
1338 3405 1502 3452 nixus
1525 3404 1686 3453 codd.
1745 3404 1983 3455 duorum
2039 3407 2186 3470 apud

561 3470 691 3521 edit.
726 3473 903 3524 Oxon.
947 3477 1004 3523 et
1039 3487 1167 3524 mss.
1201 3475 1340 3524 Novi
1393 3477 1524 3525 Coll.
1556 3481 1603 3537 2,
1646 3480 1700 3525 et
1745 3477 1981 3526 duorum
2031 3493 2185 3530 meo-

558 3554 701 3592 rum.
743 3543 925 3595 Habet
951 3557 1082 3596 vero
1136 3558 1242 3596 esse
1301 3549 1355 3597 te
1409 3547 1564 3596 talem
1613 3560 1715 3609 ms,
1761 3548 1920 3600 Novi.
1966 3550 2104 3600 Coll.
2140 3553 2185 3601 t.

2286 3332 2516 3383 edendis
2570 3333 2658 3383 his
2711 3333 2914 3384 libellis
2990 3348 3126 3384 usus
3181 3348 3347 3398 sum;
3403 3335 3590 3386 deﬁcit
3643 3334 3859 3384 orationis

2281 3405 2594 3455 membrum
2629 3406 2702 3454 ib.
2740 3406 3078 3455 Meermanni
3123 3408 3522 3471 manuscripto.
3579 3407 3742 3470 Supra
3783 3418 3864 3454 ve-

2287 3490 2350 3527 ro
2378 3477 2552 3528 habes
2574 3477 2797 3528 easdem
2828 3490 3014 3539 voces,
3042 3480 3319 3528 natioitate
3338 3477 3550 3529 caelesti.
