4134 6388
1531 643 2449 791 ELENCHUS

469 979 995 1054 AUCTOHUM
1046 978 1159 1052 ET
1204 978 1599 1052 OPEBUM
1648 979 1875 1064 ρυλε
1925 979 2014 1051 ΙΝ
2067 978 2381 1053 HOCCE
2427 978 2692 1055 TOMO
2740 983 2829 1053 IV
2875 981 3543 1058 CONTINENTUB

1974 1278 2391 1315 ιαμ-ληκ-

1598 1284 1971 1313 ...ἢ

386 1752 622 1816 Scholia
651 1753 847 1816 sancti
878 1754 1121 1817 Maximi
1170 1754 1228 1814 in
1266 1768 1450 1832 opera
1494 1751 1655 1814 beati
1695 1751 1984 1831 Dionysii.
3327 1752 3438 1813 σοι.
3528 1752 3606 1815 13

382 1888 716 1968 Scriptores
752 1887 908 1950 varii
942 1889 1091 1951 Viue
1124 1888 1184 1949 S.
1223 1887 1505 1967 Dionysii.
1528 1886 1945 1967 Areopagum.
3484 1886 3603 1948 5'71

984 2365 1075 2417 DE
1125 2364 1443 2419 SCIIOLHS
1492 2365 1582 2417 AD
1632 2364 2138 2427 AREOPAGITAM
2184 2364 2258 2419 IN
2302 2362 2442 2419 HOC
2493 2363 2691 2421 TOMO
2736 2363 2987 2419 EDITIS.

454 2650 647 2706 Utrum
662 2649 924 2704 Germani
943 2649 1270 2720 patriarcha:
1292 2648 1503 2703 scholia
1522 2648 1589 2700 ad
1613 2647 2022 2717 Areopagitam,
2067 2656 2191 2717 qlia:
2225 2648 2423 2717 partim
2460 2647 2644 2703 adhuc
2668 2648 2722 2701 in
2749 2663 2883 2703 mss.
2921 2646 3083 2703 codd.
3120 2645 3296 2700 latere
3315 2645 3598 2711 videntur,

382 2749 658 2803 seniorem
692 2748 926 2802 habeant
957 2754 1241 2817 parentem
1273 2746 1632 2813 Germanum,
1666 2753 1722 2799 ut
1746 2750 1898 2813 putat
1928 2744 2197 2800 Baronius
2220 2745 2291 2799 ad
2310 2760 2405 2801 an.
2431 2745 2557 2815 730,
2590 2761 2657 2798 an
2676 2744 2973 2814 iuniorem,
2998 2760 3143 2799 nunc
3160 2743 3384 2813 quidem
3405 2742 3600 2816 dispu-

380 2852 498 2899 torc
528 2860 636 2898 non
669 2853 845 2898 vacat.
880 2840 1147 2897 Caeterum
1191 2859 1296 2914 ego
1328 2841 1382 2895 in
1417 2841 1682 2895 Vaticano
1699 2839 1889 2895 codice
1909 2841 2330 2914 hanciegebam
2360 2843 2713 2912 praepositam
2735 2842 2961 2898 scholiis
2990 2842 3441 2911 inscriptionem:
3468 2840 3600 2894 Ὅσα

383 2942 468 3014 μὲν
499 2942 677 3016 ἔχουσι
702 2943 787 2996 τὸν
818 2943 1040 3013 ἀριθμὸν,
1075 2942 1258 3014 σχόλια
1285 2939 1376 2992 εἰσὶ
1406 2941 1657 3010 Γερμανοῡ
1700 2941 2026 3013 πατριάρχου·
2062 2941 2157 2995 ὅσα
2194 2936 2248 2991 δὲ
2277 2941 2389 2993 ἄνευ
2429 2940 2658 3011 ἀριθμοῦ,
2700 2939 2930 3013 Μαξιμου
2975 2946 3218 3011 μοναχοῦ·
3256 2942 3603 3010 Quaecunque

388 3039 592 3095 habent
625 3040 958 3111 adjuncta-in
989 3055 1311 3103 numerum,
1346 3053 1411 3091 ea
1443 3040 1577 3092 sunt
1609 3037 1879 3092 Germani
1899 3036 2252 3109 patriarcha
2279 3039 2525 3104 scholia;
2566 3056 2688 3111 quae
2721 3056 2845 3093 vero
2883 3045 3025 3094 nota
3065 3038 3351 3093 numerali
3393 3044 3591 3092 carent

388 3137 699 3192 Max-imum
726 3135 1065 3191 monachum
1099 3134 1307 3189 habent
1338 3138 1646 3189 auctorem.
1682 3136 2070 3190 Verumtamen
2100 3135 2175 3193 ibi
2212 3137 2269 3191 in
2308 3138 2562 3210 margine
2592 3139 2710 3193 haec
2740 3138 2810 3193 ab
2840 3136 3166 3191 amanuensi
3192 3136 3252 3190 fit.
3279 3136 3598 3192 adnotatio:

377 3235 729 3307 Συγχώρησον,
763 3232 961 3305 ἀδελφὲ,
996 3234 1072 3285 ὅτι
1103 3232 1200 3303 ἐγὼ
1228 3239 1322 3286 τῶν
1352 3233 1433 3285 ’δύο
1465 3233 1551 3285 ἕνα
1580 3232 1781 3307 ἀριθμον
1809 3234 2000 3306 τέταχοι

1970 3255 2000 3286 οι
2026 3241 2113 3287 τοῦ
2149 3235 2361 3302 βιϐλίον’
2398 3236 2635 3306 Ignosce,
2668 3236 2896 3305 frater;
2926 3236 3140 3291 etenim
3168 3251 3266 3305 ego
3296 3238 3602 3306 utrumque

379 3335 670 3389 auctorem
697 3332 797 3387 sub
830 3348 943 3387 uno
974 3347 1209 3386 numero
1241 3330 1509 3386 collocavi
1538 3332 1638 3388 hoc
1666 3336 1730 3387 in
1751 3331 1911 3388 libro.
1932 3333 1989 3387 Id
2014 3350 2115 3404 ego
2139 3350 2203 3388 eo
2226 3332 2487 3388 libentius
2506 3332 2821 3401 observavi,
2845 3334 2969 3403 quia
2992 3350 3042 3387 ν.
3065 3334 3134 3390 c1.
3167 3333 3281 3390 Jac.
3316 3332 3600 3389 Morellius

379 3428 518 3483 Bibl.
556 3430 654 3484 Gr.
690 3427 745 3483 S.
780 3428 953 3483 Marci
983 3444 1034 3497 p.
1071 3431 1157 3495 89,
1192 3427 1490 3498 prudenter
1516 3429 1630 3499 jam
1659 3430 2027 3497 dubitaverat,
2061 3446 2191 3484 num
2216 3429 2499 3489 distinctio
2531 3430 2869 3489 scholiorum
2891 3430 3112 3485 Maximi
3144 3438 3198 3486 et
3230 3429 3498 3487 Germani
3528 3429 3598 3484 ad

389 3525 784 3597 Areopagitam
823 3532 969 3580 recte
999 3542 1059 3580 se
1090 3526 1304 3579 habeat.
1343 3556 1411 3565 —-
1439 3527 1571 3595 MAI,
1609 3525 1867 3600 Spicileg.
1908 3529 2084 3593 Rom.,
2122 3529 2237 3595 VII,
2269 3529 2357 3585 74.
