4134 6394
1395 494 3738 554 ﬂ

998 721 2204 859 TYPOGBAPHUS
2293 729 3043 866 LECTORI.

1491 997 1595 1069 (Ex
1635 997 1776 1054 edit.
1810 1001 2017 1056 Venet.
2051 1000 2191 1056 anni
2225 1001 2384 1071 1755,
2420 1005 2460 1058 t.
2494 1004 2564 1076 II)

365 1355 576 1410 Paucis
607 1370 672 1410 ac
702 1353 1024 1410 brevissime
1055 1357 1107 1409 te
1133 1355 1195 1410 in
1219 1355 1416 1409 limine
1444 1357 1561 1428 ejus
1589 1355 1822 1411 secundi
1850 1373 1914 1412 ac
1939 1359 2208 1429 postremi
2251 1358 2490 1429 Operum
2530 1360 3032 1432 Areopagiticorum
3061 1366 3200 1420 tomi
3228 1364 3460 1434 detineo,
3496 1369 3733 1438 benigne

297 1445 493 1500 Lector
514 1443 964 1516 quandoquidem
986 1446 1045 1498 in
1067 1444 1263 1500 Monito
1281 1444 1350 1499 ad
1369 1447 1612 1514 priorem
1633 1451 1844 1500 tomum
1861 1447 2094 1518 praeﬁxo
2106 1449 2227 1518 jam
2257 1455 2305 1503 te
2329 1450 2618 1505 certiorem
2643 1453 2754 1520 feci
2782 1450 2848 1506 de
2894 1468 3113 1507 summa
3136 1471 3257 1509 mea
3289 1458 3345 1510 in
3369 1456 3470 1511 hac
3490 1457 3733 1516 editione

293 1533 635 1602 conﬁcienda
665 1542 718 1589 et
746 1531 1088 1588 exornanda
1117 1549 1255 1588 cura
1283 1549 1348 1589 ac
1376 1533 1686 1589 sedulitate.
1723 1534 1896 1602 Quam
1924 1539 2114 1590 exacte
2138 1535 2300 1604 ﬁdem
2328 1553 2520 1592 meam
2551 1538 2905 1595 liberaverim
2927 1542 2987 1596 in
3017 1545 3299 1597 enuntiato
3320 1548 3559 1616 tempore
3578 1554 3730 1602 utro-

294 1639 399 1696 que
429 1633 577 1679 tomo
598 1624 812 1695 publici
841 1623 987 1692 juris
1009 1624 1306 1692 faciundo,
1339 1640 1450 1680 non
1482 1628 1558 1679 est
1596 1641 1696 1680 cur
1721 1626 1881 1680 verba
1910 1628 2135 1695 faciam,
2179 1643 2303 1681 cum
2345 1643 2482 1699 opus
2524 1629 2711 1699 ipsum
2741 1646 2842 1701 per
2869 1645 2983 1686 sese
3016 1632 3290 1702 loquatur.
3326 1640 3510 1690 Pauca
3539 1639 3731 1691 tamen

292 1713 436 1769 mihi
459 1713 697 1768 dicenda
725 1716 853 1767 sunt
883 1711 948 1768 de
979 1713 1052 1769 iis
1097 1729 1220 1784 qum
1268 1713 1402 1768 huic
1432 1718 1573 1769 tomo
1603 1731 1895 1783 accessere,
1939 1716 2174 1786 quidque
2216 1717 2274 1770 in
2313 1733 2393 1784 eo,
2429 1721 2489 1772 ut
2529 1719 2788 1773 ornatior
2829 1722 3031 1789 exiret,
3069 1723 3451 1792 praetisterim.
3506 1723 3730 1781 Scholia

301 1801 480 1857 Graeca
512 1805 574 1856 in
608 1801 786 1872 Opera
815 1802 1207 1872 Areopagitica
1266 1818 1391 1857 cum
1448 1804 1784 1859 nitidissimo
1828 1804 1882 1859 8.
1935 1806 2106 1860 Marci
2152 1805 2332 1860 codice
2389 1806 2810 1875 diligentissime
2857 1811 3190 1879 conferenda
3225 1815 3437 1881 curavi,
3497 1816 3726 1870 selectos

302 1893 480 1948 varias
504 1891 787 1958 lectiones,
829 1899 926 1946 aut
952 1895 1339 1961 correctiones,
1375 1893 1644 1948 breviores
1690 1894 1931 1964 quidem,
1964 1895 2037 1950 ad
2067 1897 2376 1966 marginem
2407 1895 2685 1967 adnotavi,
2715 1899 2958 1967 fusiores
2988 1917 3135 1968 vero,
3176 1916 3300 1972 quae
3337 1903 3521 1972 potius
3552 1903 3725 1958 Addi-

300 1987 555 2036 tamento
584 1978 846 2052 quaedam
875 1979 1110 2036 dicenda
1139 1989 1287 2048 sunt,
1335 1982 1533 2052 quibus
1568 1983 1940 2053 praecedentes
1979 1983 2250 2041 editiones
2281 2001 2469 2042 omnes
2511 2003 2761 2053 caruere,
2795 1987 2865 2041 ad
2891 1990 3112 2058 paginas
3159 1988 3388 2060 calcem,
3440 2007 3553 2046 una
3599 2009 3725 2048 cum

292 2071 537 2126 versione
568 2070 791 2138 Lati-na,
823 2071 1053 2140 opposui
1081 2071 1177 2141 (1).
1214 2072 1303 2124 Ex
1333 2071 1417 2125 his
1439 2071 1587 2126 haud
1617 2087 1751 2127 sane
1787 2089 1961 2143 pauca
1990 2074 2255 2141 invenies,
2287 2077 2599 2145 praesertim
2618 2077 2677 2130 in
2702 2076 2840 2132 libro
2861 2077 2942 2132 De
2976 2078 3191 2133 divinis
3223 2079 3585 2135 nominibus.
3607 2082 3722 2136 Lit-

291 2160 438 2212 teras
471 2157 651 2214 Grzci
680 2154 984 2227 alphabeti,
1017 2171 1114 2212 seu
1143 2161 1303 2213 notas
1324 2159 1666 2225 numeratos,
1695 2159 1888 2230 quibus
1917 2159 2127 2216 scholia
2156 2160 2416 2216 Germani
2438 2163 2778 2232 patriarchae
2805 2163 2878 2218 ad
2905 2163 3128 2219 scholiis
3176 2167 3417 2220 Maximi
3462 2167 3723 2222 monachi

291 2246 438 2302 dicto
497 2247 559 2300 in
616 2245 797 2300 codice
854 2245 1131 2316 distingui
1185 2247 1475 2314 dicuntur,
1534 2252 1810 2314 accurate,
1864 2250 1980 2320 ipso
2045 2251 2227 2306 codice
2283 2250 2572 2317 habentur,
2621 2251 2877 2323 adjunxi.
2935 2253 3108 2310 Labor
3144 2255 3328 2325 major
3357 2256 3722 2312 insumendus

285 2337 400 2406 fuit
429 2337 505 2391 ad
535 2335 955 2390 Lansselianam
986 2336 1297 2391 versionem
1327 2337 1663 2393 scholiorum
1691 2339 1745 2394 S.
1780 2339 2024 2394 Maximi
2050 2340 2180 2394 huic
2207 2339 2439 2395 editioni
2465 2339 2920 2412 optandumque
2939 2358 3141 2412 parum
3170 2343 3460 2398 commoda
3493 2343 3720 2399 videba-

285 2431 402 2480 tur.
442 2426 520 2480 Et
566 2441 699 2480 sane
737 2424 896 2480 haud
929 2425 1059 2479 satis
1104 2427 1323 2496 assequi
1362 2427 1478 2497 ipse
1529 2443 1751 2498 possum
1795 2429 1930 2498 quid
1973 2429 2146 2484 editor
2193 2430 2480 2484 Pariensis
2517 2446 2635 2500 prae
2677 2431 2849 2485 oculis
2897 2430 3170 2499 habuerit,
3229 2441 3310 2500 ut,
3359 2449 3485 2487 cum
3532 2434 3724 2490 omnia

283 2514 687 2586 Areopagitica
718 2513 898 2581 Opera
926 2529 1049 2568 cum
1079 2515 1147 2568 cl.
1180 2515 1291 2569 viri
1310 2515 1653 2571 Balthasaris
1683 2517 1932 2572 Corderii
1964 2517 2172 2573 Latina
2212 2517 2464 2573 versione
2510 2518 2762 2583 ededirit,
2814 2519 2868 2572 8.
2931 2519 3161 2575 Maximi
3212 2522 3271 2575 in
3319 2521 3507 2577 eadem
3547 2521 3724 2594 Opera

279 2603 512 2660 scholiis
533 2603 803 2658 Lansselii
831 2604 1137 2659 versionem
1157 2619 1430 2675 apponere
1461 2603 1746 2675 maluerit,
1781 2621 1906 2661 cum
1941 2609 2124 2661 tamen
2155 2613 2353 2677 praesto
2384 2607 2475 2660 illi
2502 2613 2640 2662 esset
2671 2609 2996 2663 eorumrlem
3037 2611 3211 2665 versio
3249 2612 3317 2664 ab
3352 2611 3467 2682 ipso
3513 2611 3711 2668 Corde-

279 2696 364 2749 rio
395 2695 578 2763 facta,
605 2696 656 2747 et
685 2692 926 2748 editioni
953 2693 1346 2759 Antuerpiensi
1376 2711 1469 2748 an.
1495 2692 1636 2748 4634
1666 2695 1896 2765 inserta,
1931 2711 2100 2767 eaque
2121 2697 2318 2766 procul
2350 2695 2513 2750 dubio
2545 2696 2780 2751 nitidior
2827 2701 2880 2751 et
2916 2703 3230 2755 accuriator
3275 2702 3369 2762 sit,
3411 2717 3575 2771 quam
3622 2702 3728 2756 illa

277 2782 683 2846 tumultuaria,
718 2787 780 2836 ut
812 2798 935 2836 eam
964 2789 1115 2837 vocat
1145 2782 1461 2837 Lansselius
1492 2783 1627 2854 ipse,
1659 2786 1849 2854 utpote
1879 2798 2053 2853 quam
2083 2799 2299 2838 summa
2343 2799 2467 2837 cum
2503 2785 2864 2854 festinatione
2893 2783 3081 2856 facere
3112 2787 3430 2856 aliquorum
3456 2789 3714 2857 precibus

282 2872 602 2942 compulsus
629 2872 763 2941 fuit,
787 2887 914 2925 cum
943 2872 1190 2942 primum
1221 2871 1402 2927 erce
1432 2876 1650 2926 tantum
1679 2871 1986 2927 Maximum
2019 2871 2280 2927 exhibere
2309 2873 2699 2943 constituisset,
2729 2881 2788 2929 ut
2817 2873 3073 2928 idemmet
3100 2879 3353 2930 testatur.
3389 2880 3579 2947 Quare
3629 2878 3717 2933 nil

279 2963 426 3017 vitio
452 2960 777 3016 vertendum
803 2962 944 3028 viro,
976 2959 1207 3015 aliunde
1235 2961 1592 3031 peritissimo,
1627 2963 1676 3016 si
1695 2962 1966 3032 ejusmodi
1994 2962 2168 3016 versio
2197 2962 2362 3032 paulo
2401 2962 2702 3032 obscurior,
2752 2966 2803 3018 et
2848 2963 3241 3035 inelegantior,
3290 2972 3342 3019 et
3379 2965 3439 3019 in
3487 2967 3718 3037 quibus-

278 3049 415 3104 dam
442 3050 610 3104 etiam
643 3049 797 3115 locis,
817 3049 1010 3103 minus
1040 3053 1303 3105 accurata
1324 3049 1611 3120 prodierit.
1647 3049 1750 3105 Sed
1780 3066 1892 3105 non
1962 3052 2039 3105 ita
2099 3049 2300 3106 editori
2344 3051 2661 3105 Parisiensi
2696 3051 3120 3107 condonandum
3160 3052 3400 3122 videtur,
3451 3055 3549 3124 qui
3593 3071 3720 3109 eam

279 3140 531 3196 versioni
559 3138 921 3194 Carderzanae
943 3139 1284 3209 praetulerit,
1309 3139 1517 3209 illaque
1545 3141 1766 3210 rejecta,
1798 3142 1859 3194 in
1887 3139 2182 3195 editionem
2209 3155 2368 3194 suam
2399 3141 2676 3207 asciverit,
2704 3142 3036 3210 prxsertim,
3079 3157 3204 3196 cum
3237 3146 3287 3196 et
3317 3141 3459 3196 illud
3506 3145 3719 3198 incom-

277 3229 440 3283 modi
463 3227 759 3296 accederet,
791 3227 960 3298 quod,
993 3243 1117 3281 cum
1176 3229 1336 3282 verba
1392 3236 1573 3282 textus
1631 3227 1687 3282 S.
1724 3229 1980 3298 Dionysii
2006 3229 2154 3282 circa
2184 3242 2311 3298 quae
2337 3227 2553 3284 scholia
2593 3232 2906 3297 versantur,
2939 3229 3105 3299 plane
3133 3230 3319 3299 aliter,
3348 3231 3720 3302 utplurimum

277 3332 338 3372 se
363 3315 605 3372 habeant
638 3317 695 3370 in
728 3315 894 3371 haece
922 3317 1170 3370 versione
1202 3315 1578 3378 Lansseliana.
1609 3332 1774 3387 quam
1806 3317 1866 3370 in
1899 3315 2264 3382 Corderiana,
2299 3318 2409 3372 imo
2439 3324 2490 3372 et
2512 3331 2915 3387 nonnunquam
2941 3316 3222 3373 diversum
3259 3320 3483 3374 omnino
3512 3321 3716 3390 prxfe-

281 3410 372 3461 rat
400 3422 652 3468 sensum;
682 3406 910 3462 nonnisi
937 3403 1270 3475 difﬁcillime
1298 3422 1333 3460 a
1363 3405 1562 3461 lectore
1595 3404 1805 3462 Graecae
1835 3406 2055 3477 linguae
2093 3405 2292 3475 ignaro
2324 3404 2665 3474 deprehendi
2687 3408 2865 3478 potest
2893 3410 2968 3462 ad
3019 3423 3183 3478 quam
3222 3411 3443 3478 partem
3471 3408 3719 3476 ejusdem

280 3499 465 3551 textus
495 3495 722 3564 singula
750 3494 964 3550 scholia
991 3495 1308 3564 pertineant
1344 3511 1356 3549 :
1389 3497 1442 3549 et
1470 3510 1530 3549 eo
1551 3493 1633 3548 vel
1665 3494 1908 3549 maxime
1935 3493 2075 3564 quod
2104 3495 2581 3565 paragraphorum
2622 3495 2684 3549 in
2728 3510 2859 3566 quos
2896 3496 3080 3566 capita
3111 3496 3296 3551 divisa
3325 3500 3460 3551 sunt
3489 3498 3555 3553 in
3581 3500 3717 3554 Cor-

275 3584 522 3639 deriana
550 3586 732 3638 textus
761 3582 818 3637 S.
851 3582 1111 3654 Dionysii
1137 3584 1410 3651 versione,
1441 3597 1706 3636 numerus
1735 3582 1795 3635 in
1824 3581 2199 3636 Lansseliana
2244 3582 2585 3638 scholiorum
2607 3583 2876 3648 versione,
2907 3591 3072 3654 atque
3093 3584 3153 3637 in
3174 3583 3482 3639 Parisiensi
3521 3583 3719 3641 editio-

274 3689 351 3728 ne
377 3673 542 3744 plane
569 3674 803 3729 omissus
834 3672 908 3726 sit
933 3689 957 3736 ;
985 3671 1341 3743 quamobrem
1368 3670 1685 3725 eorumdem
1711 3670 2041 3726 scholiorum
2071 3687 2202 3726 usus
2230 3672 2458 3727 nonnisi
2479 3671 2933 3742 impeditissimus
2960 3688 3079 3728 esse
3108 3675 3302 3740 potest.
3343 3674 3472 3729 Hzec
3512 3674 3592 3728 ita
3633 3689 3721 3730 me

273 3771 687 3834 permoverant,
721 3769 786 3816 ut
811 3776 1016 3830 parum
1045 3761 1296 3832 abfuerit
1326 3761 1458 3832 quin
1493 3761 1625 3831 ipse,
1650 3760 1856 3831 rejecta
1879 3760 2024 3815 dicta
2044 3760 2321 3816 Lansselii
2367 3761 2702 3817 scholiorum
2730 3765 2790 3817 S.
2824 3761 3055 3816 Maximi
3100 3764 3362 3829 versione,
3415 3761 3719 3819 Corderia-

276 3868 416 3906 nam
443 3850 758 3906 eorumdem
790 3851 1101 3906 versionem
1126 3850 1291 3918 juxta
1321 3849 1615 3905 editionem
1641 3849 2107 3919 Antuerpien-sem
2135 3849 2377 3905 editioni
2406 3864 2546 3906 meae
2572 3851 2900 3906 insererem.
2935 3850 3041 3905 Nec
3062 3849 3246 3905 deerat
3267 3851 3356 3905 vir
3382 3852 3588 3918 doctus,
3620 3853 3718 3921 qui

280 3939 450 3995 hocce
478 3941 616 3994 mihi
643 3938 935 3994 consilium
964 3937 1160 4000 daret;
1190 3939 1394 4009 quique
1422 3947 1695 4008 praeterea
1723 3937 1990 4008 addebat,
2015 3938 2116 3993 hoc
2141 3940 2422 4009 postulari
2451 3941 2520 3993 ab
2550 3940 2961 4008 uniformitatis
2989 3941 3206 3994 ratione
3259 3939 3403 4009 (quae
3445 3940 3506 3994 in
3535 3941 3718 4011 quoii-

282 4030 372 4084 bet
402 4045 561 4100 opere
587 4045 711 4083 cum
767 4028 894 4098 ﬁeri
917 4031 1112 4099 potest,
1142 4027 1419 4082 servanda
1450 4028 1572 4099 est),
1605 4037 1665 4082 ut
1693 4027 1934 4098 ejusdem
1965 4029 2204 4082 auctoris
2244 4036 2382 4084 esset
2414 4031 2532 4082 tum
2569 4029 2746 4083 versio
2775 4032 2959 4083 textus
2988 4029 3378 4099 Anapagitici,
3411 4035 3524 4082 tum
3557 4029 3716 4084 scho-

279 4118 494 4172 liorum
523 4134 643 4188 quae
663 4118 726 4171 in
755 4118 938 4187 ipsum
969 4117 1283 4188 conscripta
1312 4124 1461 4171 sunt.
1496 4116 1672 4183 Quare
1699 4119 1748 4171 et
1779 4116 2007 4184 reficere
2035 4116 2299 4172 suadebat
2336 4117 2784 4172 Tilmannianam
2814 4117 3169 4188 Pachymeraz
3214 4117 3618 4187 Paraphraseos
3650 4120 3712 4172 in

275 4206 559 4276 Epistolas
587 4204 643 4259 8.
670 4206 928 4275 Dionysii
956 4206 1264 4260 versionem
1311 4219 1415 4274 pro
1471 4202 1817 4259 Corderiana
1860 4204 2112 4271 ascitum,
2165 4221 2291 4259 cum
2341 4205 2715 4276 Paraphrases
2758 4205 3005 4276 ejusdem
3054 4203 3419 4276 Pachymerx
3447 4205 3509 4258 in
3549 4205 3716 4260 libros

273 4295 337 4350 8.
373 4295 650 4364 Dionysii,
686 4295 797 4348 imo
829 4298 881 4348 et
902 4293 1111 4348 scholia
1138 4292 1194 4347 8.
1228 4293 1458 4359 Maximi
1488 4293 1549 4346 in
1577 4291 1795 4347 easdem
1823 4292 2130 4362 Epistolas,
2162 4295 2277 4348 sint
2308 4309 2376 4348 ex
2407 4292 2661 4349 Corderii
2689 4295 2960 4348 versione.
3011 4293 3311 4360 Quominus
3360 4295 3548 4349 tamen
3589 4293 3724 4350 huic

269 4385 512 4440 consilio
531 4385 937 4454 acquiescerem
967 4383 1066 4454 (an
1096 4387 1264 4451 recte,
1297 4382 1568 4452 benignus
1601 4382 1785 4436 Lector
1804 4381 2085 4451 judicium
2112 4382 2269 4452 feret)
2321 4380 2427 4436 duo
2473 4382 2822 4452 potissimum
2851 4382 2912 4436 in
2941 4397 3110 4436 causa
3138 4385 3314 4451 fuere.
3363 4383 3616 4436 Primum
3643 4398 3719 4438 ne

269 4473 494 4529 viderer
521 4471 664 4527 datae
693 4472 916 4544 publico
947 4470 1077 4542 ﬁdei
1106 4471 1295 4541 aliqua
1323 4472 1388 4526 in
1414 4480 1578 4541 parte
1603 4470 1814 4531 deesse;
1843 4469 2119 4541 siquidem
2150 4472 2212 4525 in
2241 4486 2327 4525 me
2357 4485 2695 4541 receperam,
2738 4470 2913 4541 Opera
2942 4469 2998 4524 S.
3034 4470 3290 4540 Dionysii
3309 4470 3480 4540 juxta
3509 4478 3720 4541 postre-

266 4579 429 4617 mam
458 4561 838 4616 Parisiensem
861 4560 1179 4627 editionem,
1213 4575 1380 4630 quam
1411 4561 1622 4614 exteris
1652 4559 1971 4630 prxcellere
1997 4561 2308 4615 communis
2335 4560 2628 4630 persuasio
2658 4563 2753 4622 est,
2787 4559 3085 4614 recudere:
3138 4557 3409 4627 alterum,
3447 4557 3588 4629 quod
3617 4557 3719 4612 ad-

272 4651 502 4706 modum
528 4649 799 4706 credibile
825 4647 969 4702 mihi
1000 4647 1304 4712 videretur,
1333 4648 1708 4702 Parisiensem
1733 4646 2014 4713 editorem,
2056 4663 2184 4703 cum
2203 4663 2272 4702 ex
2300 4648 2512 4718 duplici
2541 4648 2808 4715 editione,
2852 4647 3229 4701 Lansseliana
3262 4645 3477 4701 scilicet
3505 4654 3557 4701 et
3588 4647 3718 4702 Cor-

275 4741 545 4805 deriana,
571 4739 752 4806 suam,
785 4738 1027 4806 conﬂare
1055 4736 1236 4803 vellet,
1271 4736 1516 4791 meliora
1545 4752 1609 4790 ac
1637 4737 1851 4806 potiora
1874 4736 2144 4806 selegisse,
2177 4752 2496 4808 quanquam
2528 4735 2693 4790 aliter
2723 4736 2896 4789 alicui
2942 4735 3239 4789 videretur.
3291 4735 3496 4790 Idcirco
3545 4751 3720 4806 neque

273 4827 608 4885 omittendas
637 4827 832 4882 censui
861 4833 1022 4881 notas
1053 4824 1326 4882 Lansselii
1347 4831 1460 4879 tum
1487 4825 1548 4879 in
1577 4824 1786 4880 dictam
1819 4823 2178 4896 Pachymerae
2198 4825 2621 4896 Pararhrasim,
2655 4833 2771 4879 tum
2814 4825 2875 4878 in
2902 4825 2965 4877 Β.
3011 4824 3266 4894 Dionysii
3301 4825 3477 4878 Vitam
3507 4841 3537 4877 a
3570 4824 3716 4895 Syn-

276 4918 402 4986 gelo
430 4916 818 4985 conscriptam,
867 4921 919 4969 et
965 4915 1024 4969 in
1063 4913 1304 4985 ejusdem
1334 4913 1701 4984 Martyrium:
1728 4928 2043 4984 quanquam
2074 4913 2194 4970 haec
2222 4915 2408 4969 omnia
2441 4913 2621 4968 videri
2665 4913 2844 4968 alicui
2868 4916 3093 4984 possent
3121 4913 3354 4966 minime
3377 4915 3715 4982 necessaria,

277 5024 347 5062 ac
373 5008 614 5078 fortasse
642 5020 742 5060 nec
773 5004 941 5058 utilia
968 5005 1051 5073 (ut
1080 5004 1220 5057 talia
1245 5003 1363 5057 visa
1403 5005 1558 5072 fuere
1613 5002 1890 5069 Corderio,
1940 5005 2055 5074 qui,
2090 5019 2215 5058 cum
2244 5004 2446 5074 viginti
2491 5004 2716 5058 circiter
2747 5003 2914 5057 annis
2942 5011 3062 5073 post
3097 5003 3461 5067 Lansselium,
3513 5001 3717 5059 editio-

278 5112 406 5151 nem
437 5110 602 5151 suam
635 5093 1095 5163 Antuerpiensem
1122 5099 1362 5155 curaret,
1393 5105 1457 5144 ea
1503 5092 1690 5145 omnia
1725 5091 1956 5161 omisit).
1991 5091 2372 5147 Nihilominus
2402 5094 2518 5163 ipse
2545 5094 2722 5146 satius
2760 5089 2925 5157 duxi,
2958 5092 3375 5162 aliquantulum
3414 5091 3718 5163 abundare,

279 5202 447 5256 quam
477 5185 541 5240 in
571 5181 692 5238 ulla
716 5198 798 5250 re,
823 5196 944 5252 quae
982 5197 1018 5235 a
1056 5195 1329 5252 quoquam
1357 5179 1663 5234 desiderari
1703 5183 1897 5250 posset,
1941 5180 2140 5236 deesse.
2192 5182 2442 5236 Attamen
2491 5197 2616 5236 cum
2661 5197 2944 5235 summum
2994 5196 3081 5235 me
3125 5179 3456 5236 desiderium
3503 5184 3721 5237 teneret

274 5273 646 5348 perfectioris,
672 5273 945 5344 quantum
973 5270 1099 5340 ﬁeri
1126 5277 1322 5340 posset,
1353 5267 1638 5324 reddendae
1668 5268 1831 5340 hujus
1859 5269 2120 5325 editionis
2150 5284 2307 5337 meae,
2345 5270 2548 5326 idcirco
2577 5271 2761 5324 virum
2803 5269 3047 5336 doctum,
3079 5271 3178 5340 qui
3208 5287 3295 5324 me
3324 5270 3389 5324 de
3421 5269 3505 5325 his
3536 5272 3720 5327 omni-

277 5363 378 5418 bus
414 5362 730 5429 monuerat,
758 5359 974 5428 rogavi,
1006 5361 1069 5412 ut
1105 5357 1359 5428 defectui,
1409 5371 1568 5428 quem
1621 5358 1685 5412 in
1729 5359 2098 5414 Lansseliana
2142 5357 2484 5413 scholiorum
2524 5359 2584 5412 S.
2635 5357 2870 5412 Maximi
2912 5359 3159 5413 versione
3209 5358 3720 5426 animadverterat,

275 5453 391 5523 ipse
418 5449 735 5507 mederetur
766 5464 779 5502 :
813 5447 958 5520 quod
985 5449 1263 5518 utcunque
1290 5445 1587 5516 impetravi
1619 5463 1632 5500 :
1658 5462 1791 5501 nam
1809 5445 1976 5502 verba
2006 5449 2183 5502 textus
2212 5445 2268 5501 8.
2292 5447 2564 5517 Dionysii,
2591 5447 2742 5500 circa
2771 5460 2893 5515 qum
2917 5444 3132 5500 scholia
3151 5450 3473 5513 versantur,
3496 5445 3568 5502 ad
3597 5463 3724 5503 ver-

350 5650 420 5718 (1)
445 5646 774 5776 Aédgimegta
801 5661 834 5700 α
864 5641 1328 5701 cori-actionibus
1360 5647 1418 5700 et
1445 5642 1622 5700 variis
1654 5642 2005 5700 lectionibus
2045 5643 2428 5700 distinximus
2471 5647 2529 5698 et
2559 5644 2708 5698 inter
2769 5657 2952 5698 uncos
3002 5641 3195 5714 posita
3244 5642 3430 5697 textui
3462 5641 3721 5698 inserui-

350 5736 441 5776 ηε.
559 5733 635 5774 ιτ.
710 5731 848 5773 ATR.

284 5736 441 5778 mus.
475 5731 635 5776 EDIT.
667 5731 822 5772 ΡΔΤΒ
832 5755 848 5773 ι

569 5845 839 5906 Panos.
888 5841 1000 5904 Gn.
1046 5839 1152 5904 ιν.

3399 5842 3428 5899 1
