4134 6386
378 364 440 417 11
1216 364 1588 418 APPENDIX
1627 367 1727 418 AD
1765 365 2008 419 OPERA
2045 367 2103 420 S'
2144 365 2459 420 DIONYSII
2501 365 2983 420 AREOI’AGITE
3738 362 3807 418 12

384 493 598 548 sionem
629 491 1025 548 Corderianam
1072 493 1391 559 revocavit;
1443 493 1527 547 ita
1565 495 1750 548 tamen
1785 497 1863 558 ut,
1897 493 1993 548 ubi
2021 491 2234 549 scholia
2264 508 2446 548 vocem
2484 494 2732 564 aliquam
2783 491 3028 549 Graecam
3059 501 3416 563 exponerent,
3448 494 3566 566 ipse
3596 493 3812 551 Latinae

391 579 750 636 Corderianse
775 581 1020 636 versioni
1050 595 1229 635 vocem
1258 579 1502 635 eamdem
1533 584 1722 637 Graece
1751 580 2095 652 adjungeret,
2123 583 2416 651 praemisso
2449 582 2563 648 Gr.,
2597 582 2697 637 hoc
2724 589 2804 637 est
2838 581 3052 643 Graece;
3083 589 3145 636 ut
3176 584 3368 638 notum
3399 581 3555 652 ﬁeret
3598 579 3812 650 lectori,

389 672 449 724 in
475 671 618 725 vocis
647 668 858 726 Graecw
877 671 932 724 vi
961 678 1124 740 atque
1152 671 1381 740 energia
1401 671 1734 740 explicanda
1764 672 2034 726 scholium
2066 671 2209 727 illud
2237 673 2401 727 unice
2448 673 2534 728 vel
2580 673 2864 744 pracipue
2895 670 3158 743 impendi.
3192 672 3478 728 Praeterea
3507 673 3815 728 versionem

389 763 566 831 ipsam
597 759 747 814 haud
777 760 1175 829 infrequenter,
1209 759 1309 814 ubi
1338 761 1634 815 necessitas
1668 761 1852 831 major
1884 760 2196 829 videbatur,
2229 763 2467 816 correxit
2497 779 2515 815 :
2538 762 3064 832 interpunctionem,
3113 776 3232 831 quae
3277 761 3638 815 vitiosissima
3667 769 3810 829 erat,

388 848 701 904 emendavit
727 864 792 902 ac
818 848 1037 903 demum
1066 864 1359 904 numerum
1383 851 1628 917 singulis
1655 849 2036 922 paragraphis
2069 851 2347 921 adiunxit,
2381 867 2484 922 quo
2512 850 2746 919 facilius
2777 852 2952 905 lector
2995 851 3298 920 comperire
3339 858 3516 920 posset
3546 848 3618 904 ad
3647 865 3813 920 quam

382 941 598 1008 partem
627 942 814 992 textus
840 939 1049 992 scholia
1078 940 1306 1009 singula
1333 939 1692 1007 pertinerent.
1727 940 1881 1007 Quae,
1912 939 1976 994 ni
2001 940 2194 1010 fallor,
2224 941 2369 995 haud
2397 941 2678 995 modicum
2698 940 2917 996 addunt
2947 938 3177 994 editioni
3196 937 3330 994 huic
3353 953 3486 994 mea
3506 954 3810 994 ornamen-

388 1034 525 1095 tum,
557 1028 666 1081 imo
696 1034 746 1081 et
772 1027 1222 1082 emolumentum.
1274 1027 1497 1094 Maioris
1545 1035 1727 1084 tamen
1763 1030 2000 1097 fortasse
2037 1030 2160 1102 quis
2204 1031 2419 1100 fecerit,
2451 1045 2574 1101 qua:
2603 1028 2734 1084 huic
2779 1032 2920 1084 tomo
2965 1028 3229 1084 accedunt
3277 1043 3348 1083 ex
3395 1029 3508 1084 alio
3535 1044 3689 1100 penu
3718 1027 3812 1084 de-

384 1119 637 1187 prompta
668 1116 1073 1171 Additamenla.
1125 1116 1319 1171 Notum
1368 1121 1446 1171 est
1475 1118 1648 1187 omni,
1681 1119 1776 1188 qui
1818 1117 2147 1174 eruditionis
2193 1118 2481 1190 quidpiam
2518 1119 2788 1188 attigerit,
2850 1126 3057 1188 quanta
3111 1119 3162 1173 et
3216 1134 3252 1172 a
3303 1121 3507 1189 quanto
3565 1121 3813 1187 tempore

386 1208 599 1274 ferveat
627 1204 691 1259 de
720 1205 1230 1274 Areopagiticorum
1263 1205 1501 1274 Operam
1529 1214 1748 1261 auctore
1771 1209 2144 1262 controversia
2169 1224 2188 1262 :
2220 1223 2542 1279 quanquam
2575 1208 2726 1262 enim
2755 1205 3020 1262 hodierno
3045 1207 3286 1278 tempore
3316 1208 3376 1262 in
3426 1205 3816 1273 abiudicandis

387 1307 590 1360 magno
623 1291 713 1345 illi
733 1293 997 1362 Dionysio
1031 1292 1293 1362 Operibus
1322 1293 1469 1348 hisce
1497 1294 1710 1348 eruditi
1734 1296 1907 1363 ferme
1934 1296 2304 1367 consentiant,
2328 1312 2440 1351 non
2467 1295 2667 1352 desunt
2697 1299 2884 1350 tamen
2912 1293 3226 1363 hodiedum,
3247 1295 3348 1366 qui
3372 1311 3473 1367 pro
3503 1296 3624 1350 illis
3638 1295 3814 1352 eidem

386 1379 738 1436 vindicandis
752 1379 980 1435 libenter
990 1384 1256 1451 pugnent;
1268 1387 1320 1436 et
1344 1382 1467 1447 alii,
1487 1383 1687 1452 quibus
1707 1384 1902 1438 saltem
1933 1400 2103 1439 causa
2124 1385 2243 1442 haec
2263 1385 2412 1440 haud
2431 1388 2655 1441 omnino
2672 1384 2956 1456 deplorata
2975 1400 3068 1440 seu
3088 1384 3375 1456 desperata
3398 1383 3816 1441 videatur.Cum

388 1471 564 1536 igitur
601 1483 908 1538 anonymus
953 1468 1177 1538 quidam
1207 1477 1400 1524 auctor
1433 1469 1629 1525 Gallus
1652 1471 1908 1540 opellam,
1939 1473 2034 1526 cui
2059 1473 2260 1528 titulus
2288 1481 2382 1530 est.
2415 1472 2723 1530 Problema
2753 1473 2824 1528 de
2856 1472 3144 1546 Operibus
3179 1472 3236 1528 S.
3286 1471 3545 1546 Dionysii
3576 1472 3817 1528 nomine

392 1555 717 1627 inscriptis,
744 1558 938 1627 patrio
965 1571 1212 1612 sermone
1245 1557 1690 1625 elucubraverit,
1723 1560 1784 1614 in
1816 1575 1926 1630 qua
1954 1563 2244 1633 utriusque
2262 1565 2444 1635 partis
2489 1564 2732 1619 rationes
2779 1569 2828 1618 et
2875 1565 3202 1634 argumenta
3231 1563 3655 1618 accuratissime
3681 1577 3816 1633 pro-

386 1647 551 1716 ponit
580 1645 678 1716 (2),
711 1645 839 1699 hinc
865 1661 984 1700 rem
1013 1646 1269 1701 omnibus
1292 1649 1510 1714 gratam
1537 1664 1626 1703 me
1649 1650 1929 1719 facturum
1947 1652 2159 1722 putavi,
2192 1653 2242 1706 si
2259 1669 2380 1708 eam
2399 1654 2600 1719 Latine
2620 1668 2832 1708 versam
2851 1651 3089 1708 editioni
3108 1653 3238 1708 huic
3256 1666 3398 1708 mea?
3417 1651 3777 1722 adiungerem
3801 1667 3814 1707 :

391 1733 520 1788 inde
537 1736 688 1789 enim
707 1736 1143 1806 poteritquisque
1173 1736 1315 1791 hanc
1344 1735 1617 1792 celebrem
1643 1754 1877 1793 causam
1895 1741 2155 1811 penitius,
2187 1741 2412 1798 modico
2453 1759 2578 1797 cum
2611 1741 2823 1809 labore,
2869 1744 3209 1812 perspectam
3239 1741 3440 1796 habere
3468 1757 3696 1812 eamque
3724 1740 3814 1796 di-

382 1825 656 1895 judicare.
691 1824 930 1894 Longius
957 1841 1266 1894 processere
1297 1826 1578 1896 nonnulli,
1621 1826 1876 1884 videlicet
1925 1845 2034 1884 non
2080 1830 2260 1886 solum
2308 1831 2691 1904 Areopagitica
2739 1830 2916 1903 Opera
2958 1846 3157 1902 magno
3202 1831 3469 1903 Dionysio
3519 1829 3816 1902 abjudica-

387 1922 516 1968 rent
542 1912 635 1967 sed
664 1914 833 1968 etiam
859 1914 1174 1969 eorumdem
1203 1919 1484 1970 auctorem
1513 1916 1780 1973 hereseos
1813 1919 1932 1973 labe
1960 1919 2226 1991 infectum
2273 1924 2442 1992 fuisse
2487 1921 2900 1978 contenderent.
2956 1921 3109 1975 Inter
3155 1929 3379 1976 exteros
3423 1921 3655 1977 Michael
3715 1921 3815 1977 Le—

387 2002 641 2071 quienus,
665 2001 886 2056 ordinis
914 2001 1376 2064 Praedicatorum,
1408 2005 1497 2058 vir
1523 2020 1656 2058 sane
1683 2004 2026 2062 doctissimus
2047 2018 2097 2062 et
2119 2009 2550 2077 eruditissimus,
2582 2009 2806 2064 nullum
2833 2025 2945 2064 non
2984 2009 3225 2081 lapidem
3253 2011 3426 2065 movit
3459 2011 3520 2064 in
3545 2009 3812 2065 Disserta-

386 2091 532 2144 tione
562 2090 950 2144 Damascenica
985 2090 1243 2157 secunda,
1286 2094 1345 2144 ut
1392 2093 1574 2158 ipsum
1627 2092 2117 2164 Eutychianorum,
2146 2113 2241 2152 seu
2275 2097 2789 2169 Menephysitarum
2826 2097 3110 2152 erroribus
3140 2097 3432 2153 addictum
3477 2099 3670 2169 fuisse,
3720 2097 3814 2153 de-

386 2181 739 2231 monstraret.
782 2177 996 2244 Verum,
1032 2182 1088 2231 ut
1119 2187 1194 2232 est
1222 2179 1500 2248 prazclara
1529 2196 1644 2250 ejus
1675 2181 1893 2238 ordinis
1922 2183 2036 2250 dos,
2070 2190 2131 2240 ut
2159 2187 2464 2254 veritatem,
2495 2203 2621 2242 cum
2665 2203 2797 2259 opus
2836 2189 3031 2258 fuerit,
3064 2203 3175 2242 non
3226 2189 3412 2242 minus
3461 2196 3662 2244 contra
3690 2204 3818 2244 suos

387 2281 553 2336 quam
580 2273 772 2320 contra
805 2266 944 2321 alios
974 2269 1214 2336 tueatur,
1249 2283 1323 2322 ea:
1350 2268 1536 2323 eodem
1584 2269 1781 2325 ordine
1814 2273 2044 2342 prodiit,
2086 2277 2186 2346 qui
2213 2277 2569 2348 Lequienum,
2601 2282 2665 2332 ut
2695 2278 2882 2333 virum
2926 2277 3502 2348 perspicacissimum,
3537 2275 3640 2333 hac
3669 2279 3731 2332 in
3758 2293 3819 2334 re

387 2353 666 2425 deceptum
698 2369 810 2408 esse
834 2355 1118 2425 probaret,
1153 2364 1312 2427 atque
1346 2357 1862 2429 Areopagiticorum
1892 2365 2136 2419 auctoris
2166 2365 2560 2421 orthodoxiam
2588 2370 2782 2422 contra
2809 2367 2992 2438 ipsum
3023 2365 3366 2422 validissime
3391 2372 3814 2439 propugnaret.

389 2445 438 2499 ts
472 2452 550 2499 est
580 2443 994 2498 celeberrimus.
1031 2450 1097 2500 P.
1127 2446 1456 2501 Bernardus
1508 2447 1574 2502 Μ.
1633 2448 1699 2503 de
1748 2452 1964 2518 Rubeis,
1993 2453 2152 2519 cuius
2181 2454 2284 2510 hac
2313 2456 2377 2512 de
2404 2472 2464 2512 re
2496 2457 2939 2512 Dissertationem
2967 2459 3235 2527 tanquam
3263 2455 3501 2512 nobilem
3532 2455 3667 2511 huic
3694 2457 3818 2512 edi-

387 2534 530 2587 tioni
557 2548 687 2588 mem
719 2533 1054 2599 coronidem,
1083 2543 1358 2605 postremo
1389 2537 1502 2591 loco
1532 2553 1767 2607 appono.
1795 2541 1878 2593 Ea:
1908 2542 1992 2595 his
2051 2544 2304 2599 omnibus
2333 2545 2476 2600 illud
2523 2546 2630 2602 tibi
2677 2546 2838 2602 modo
2864 2546 3198 2618 persuadeas
3225 2546 3417 2612 velim,
3475 2547 3682 2616 optime
3715 2549 3814 2599 Le-

387 2626 526 2689 ctor,
552 2638 639 2677 me
669 2638 879 2693 semper
898 2639 1119 2694 operam
1149 2625 1418 2679 daturum
1447 2643 1615 2696 quam
1641 2631 1832 2697 potero
1862 2633 2188 2699 maximam,
2221 2639 2282 2689 ut
2313 2650 2652 2708 quaecunque
2699 2640 2936 2692 Patrum
2967 2635 3278 2691 aliorumve
3309 2643 3604 2690 auctorum
3638 2634 3815 2706 Opera

388 2710 702 2766 recudenda
726 2727 1031 2784 suscepero,
1053 2728 1118 2768 ea
1146 2728 1215 2768 ea:
1236 2715 1602 2787 typographia
1632 2732 1752 2771 mea
1782 2721 2071 2775 ornatiora
2098 2726 2151 2776 et
2163 2726 2496 2794 perfectiora
2523 2741 2690 2797 quam
2717 2731 2890 2783 antea
2926 2729 3177 2797 fuerant,
3203 2725 3505 2798 prodeant.
3554 2724 3698 2780 Vale.

461 2945 536 3034 (ἓ)
569 2945 703 3034 Quas
734 2947 792 3002 in
816 2947 930 3034 ‘hoc
983 2947 1491 3034 Problematepro
1524 2951 2040 3034 Areopagiticorum
2150 2958 2371 3034 tionem
2406 2964 2564 3017 torno
2597 2962 2785 3033 primo
2819 2963 2876 3019 S.
2913 2961 3174 3034 Dionysii
3239 2960 3668 3034 premisimus;
3699 2978 3819 3018 non

394 3017 703 3106 authentia
733 3024 836 3075 aut
882 3025 1085 3106 contra
1115 3017 1539 3106 genuinitstem
1574 3017 1777 3106 eoruﬁi
1815 3026 2041 3097 prolixe
2153 3036 2243 3086 est
2287 3031 2468 3105 igitur
2509 3017 2615 3089 cur
2666 3017 3194 3106 argumentabiinse
3217 3017 3344 3106 j‘sm
3377 3017 3815 3103 exposita'cuni

392 3091 712 3180 admodum
759 3093 1066 3180 congessit
1085 3091 1287 3180 auctor
1318 3091 1830 3180 suo‘nymushjar‘n'
1869 3107 2044 3156 antea
2152 3091 2389 3180 auctore
2434 3091 2983 3180 anonymohiterum
3023 3107 3096 3162 ad
3145 3091 3390 3164 examen
3441 3091 3815 3163 revocamus.

391 3164 621 3248 egregie
651 3165 1001 3247 tractaverat
1025 3164 1187 3247 R..P.
1220 3164 1285 3219 D.
1321 3165 1394 3220 Le
1417 3164 1650 3293 Nourrg.
1674 3165 1732 3222 in
1754 3170 2046 3239 Apparatu
2159 3178 2315 3231 Enrr.
2346 3176 2519 3232 Pun.

391 3233 472 3289 ad
517 3233 912 3291 Bsblzothecam
955 3252 1260 3292 maximam
1291 3239 1539 3293 Patrum.
1639 3255 1728 3293 nus
1760 3240 2046 3293 Disserta-

1626 3265 1648 3310 'J

391 3229 472 3289 ad
517 3229 912 3291 Bibliothecam
955 3237 1260 3292 maximam
1291 3239 1539 3294 Patrum.
1589 3229 1728 3300 Ejus
1760 3229 2046 3300 Disserta-
