4134 6416
391 416 457 472 15
1213 417 1580 470 APPENDIX
1617 414 1718 466 AD
1753 408 1993 468 OPERA
2032 415 2092 466 S.
2134 410 2449 468 DIONYSII
2488 408 2990 467 AREOPAGITE.
3747 408 3814 466 16

751 729 1245 902 ΤΟΥ
1399 724 2150 900 ΑΓΙΟΥ
2307 723 3469 898 ΜΑΞΙΜΟΥ

1609 1021 2569 1152 ΠΡΟΛΟΓΟΣ

1065 1288 1261 1380 ΕΙΣ
1345 1285 1509 1380 ΤΑ
1587 1285 1837 1382 ΤΟΥ
1923 1283 2304 1380 ΑΓΙΟΥ
2384 1281 3106 1379 ΔΙΟΝΥΣΙΟΥ.

1148 1667 2010 1837 SANCTI
2138 1669 3036 1834 MAXIMI

1728 1943 2446 2060 PROLOGUS

1212 2151 1340 2244 IN
1411 2148 1816 2244 OPERA
1885 2146 2331 2240 SANCTI
2402 2147 2964 2242 DIONYSII

1630 2356 1984 2432 Interprete
2017 2352 2202 2412 Petro
2243 2350 2588 2412 Lansselio.

451 2699 827 2756 Nobilitatem
887 2697 1086 2770 magni
1143 2695 1407 2768 Dionysii
1468 2701 1642 2768 atque
1706 2696 1763 2750 in
1805 2693 2027 2749 divitiis

2213 2691 2318 2757 Τὴν
2355 2692 2448 2764 μὲν
2483 2691 2772 2767 εὐγένειαν,
2803 2692 2866 2748 τό
2913 2714 2972 2748 τε
3020 2695 3312 2772 περιφανὲς
3344 2694 3400 2750 ἰν
3445 2693 3674 2770 πλούτῳ
3709 2717 3809 2770 με·

387 2787 783 2860 splendorem,
817 2785 983 2842 solus
1014 2786 1140 2858 ipse
1171 2785 1621 2842 Atheniensium
1673 2790 1934 2853 senatus,
1983 2783 2043 2836 in

389 2893 506 2948 quo
557 2881 622 2932 ut
667 2875 982 2932 consilium
1029 2876 1195 2930 daret
1223 2874 1444 2928 electus
1474 2879 1582 2939 est,
1617 2875 1995 2943 representat
2029 2885 2042 2925 :

387 2965 684 3037 siquidem
714 2966 1199 3036 Areopagitarum
1233 2978 1386 3016 unus
1417 2961 1511 3015 hic
1544 2966 1687 3031 erat,
1720 2959 1874 3016 sicut
1905 2960 2047 3014 divi-

390 3070 506 3108 nus
531 3052 849 3108 declaravit
880 3051 1234 3119 Lucas,dum
1269 3055 1470 3105 sancta
1501 3054 1840 3104 sanctorum
1875 3065 2046 3120 apos-

391 3142 648 3196 tolorum
679 3145 845 3212 gesta
874 3145 1269 3208 enarrat;cum
1304 3138 1456 3192 enim
1481 3136 1718 3192 dixisset
1741 3135 2044 3192 sanctissi-

395 3246 559 3285 mum
581 3229 912 3301 apostolum
933 3228 1178 3282 Paulum
1201 3226 1443 3282 Athenis
1465 3231 1829 3297 agentem,ac
1853 3225 2047 3282 verbis

394 3336 529 3374 cum
571 3318 927 3389 quibusdam
975 3315 1343 3388 philosophis
1389 3315 1713 3386 Epicureis,
1765 3332 1870 3370 nec
1929 3332 2044 3369 non

389 3408 597 3463 Stoicis
628 3407 1238 3478 condigentem,atque
1269 3405 1443 3459 ﬁdem
1474 3403 1532 3458 in
1568 3403 1883 3459 Dominum
1916 3421 2046 3458 nos-

387 3503 546 3550 trum
577 3494 780 3549 Jesum
812 3493 1508 3559 Christum,mortuorum
1533 3494 2042 3561 resurrectionem,

383 3589 443 3638 et
461 3581 753 3654 judicium
779 3580 1104 3634 universale
1125 3582 1636 3650 annuntiantem,a
1658 3580 2045 3651 philosophiae

392 3669 732 3742 expertibus
787 3673 920 3738 (nec
987 3669 1144 3723 enim
1204 3685 1403 3724 revera
1461 3675 1629 3724 erant
1686 3668 2042 3740 philosophi)

389 3758 910 3830 comprehensum,
961 3761 1137 3826 atque
1186 3758 1254 3812 ad
1310 3763 1678 3829 Areopagum
1723 3757 2039 3812 deductum

383 3846 593 3912 fuisse,
625 3863 692 3902 ac
711 3845 1124 3902 concionatum
1148 3862 1177 3900 e
1200 3845 1445 3917 vestigio
1469 3847 1756 3916 quosdam
1791 3845 2039 3916 cepisse,

390 3944 566 4007 atque
596 3937 667 3992 ad
701 3935 962 3990 veritslis
993 3935 1191 3990 lumen
1224 3935 1683 4007 transposuisse,
1712 3935 1875 3990 addit
1904 3951 1916 3989 :
1948 3935 2043 3989 Sic

2153 2776 2330 2852 γάλου
2357 2781 2641 2834 Διονυσίου
2689 2781 2777 2836 καὶ
2815 2783 2979 2837 ιιόνον
3035 2783 3164 2837 αὐτὸ
3212 2783 3274 2838 τὸ
3319 2783 3455 2838 κατᾶ
3485 2784 3813 2854 Ἀθηναίους

2159 2867 2575 2944 βουλευτήριον,
2630 2871 2748 2924 καθ’
2804 2871 2832 2925 ’ὀ
2892 2868 3170 2944 βουλεύειν
3229 2871 3434 2947 ᾑρέθη,
3489 2874 3808 2948 παρίστησι.

2153 2960 2268 3009 Τῶν
2324 2959 2427 3032 γὰρ
2489 2959 2891 3032 Ἀρεοπαγιτῶν
2956 2958 3030 3020 εἷς
3089 2959 3377 3035 ἐτύγχανεν
3440 2962 3617 3030 οὗτος,
3661 2965 3736 3025 ὡς
3781 2964 3810 3017 ὁ

2156 3050 2300 3109 θεῖος
2347 3043 2595 3116 ἐδήλωσε
2639 3054 2876 3118 Λουκᾶς,
2923 3049 3157 3123 ἱστορῶν
3207 3049 3302 3113 τὰς
3337 3055 3446 3105 τῶν
3491 3051 3650 3127 ἱερῶν
3681 3051 3812 3108 ἀποο

2157 3131 2368 3189 στόλων
2442 3135 2588 3210 ἱερὰς
2661 3137 2898 3210 πράξεις·
2961 3137 3127 3192 εἷ’πὼν
3180 3139 3284 3213 γὰρ
3346 3140 3438 3194 τὸν
3504 3142 3808 3214 ἁγιώτατον

2155 3223 2462 3278 ἀπόστολον
2500 3223 2714 3279 Παῦλον
2745 3226 3036 3300 γενόμενον
3070 3226 3121 3280 ἐν
3153 3227 3426 3298 Ἀθήναις,
3459 3224 3810 3302 συμϐαλόντα

2154 3311 2212 3366 τὲ
2259 3334 2398 3367 τισιν
2451 3312 2527 3376 εἷς
2575 3311 2777 3388 λόγους
2826 3319 2933 3369 τῶν
2982 3314 3032 3385 ἐξ
3085 3317 3410 3389 Ἐπικούρου
3466 3315 3809 3396 φιλοσόφων,

2155 3401 2243 3455 καὶ
2274 3407 2380 3455 τῶν
2433 3423 2496 3476 γε
2538 3404 2644 3474 μὴν
2694 3403 2799 3458 ἀπὸ
2847 3411 2948 3473 τῆς
2991 3411 3168 3467 στοᾶς·
3217 3405 3306 3460 καὶ
3355 3406 3662 3482 κηρύξαντα
3707 3409 3806 3478 τὴν

2156 3490 2230 3551 είς
2259 3491 2350 3545 τὸν
2385 3491 2586 3562 Κύριον
2632 3493 2794 3565 ἡμῶν
2846 3494 3057 3562 Ἰησοῦν
3110 3496 3343 3570 Χριστὸν
3386 3496 3590 3564 πίστιν,
3622 3501 3722 3568 τήν
3753 3518 3812 3553 τε

2152 3584 2259 3632 τῶν
2318 3584 2521 3654 νεκρῶν
2583 3581 2892 3651 ἀνάστασιν,
2951 3581 3042 3636 καί
3095 3584 3196 3652 τὴν
3254 3581 3556 3654 καθολικὴν
3607 3587 3808 3662 κρίσιν,

2153 3665 2537 3744 συλληφθῆναι
2588 3670 2735 3742 παρὰ
2775 3674 2884 3724 τῶν
2933 3669 3283 3748 ἀφιλοσόφων
3320 3672 3404 3744 (οὐ
3450 3676 3553 3750 γὰρ
3584 3672 3808 3746 ἀληθῶς

2153 3756 2492 3834 φιλοσόφων)
2528 3757 2764 3832 ἀχθῆναί
2793 3779 2850 3812 τε
2880 3760 3016 3812 κατὰ
3057 3759 3149 3814 τὸν
3199 3762 3427 3834 ’Ἄρειον
3476 3762 3670 3837 πάγον,
3719 3763 3812 3818 καὶ

2153 3842 2644 3919 δημηγορήσαντα,
2678 3848 3021 3922 παραχρῆμά
3071 3868 3223 3910 τινας
3261 3849 3429 3918 ἑλεῖν,
3469 3850 3558 3906 καὶ
3583 3853 3722 3926 πρὸς
3747 3853 3812 3906 τὸ

2147 3941 2248 4000 τῆς
2297 3932 2556 4004 ἀληθείας
2607 3936 2917 4006 μεταθεῖναι
2968 3940 3106 4014 φῶς,
3157 3934 3367 4013 ἐπάγει·
3421 3940 3516 3994 Καὶ
3568 3940 3742 4004 οὕτως
3783 3943 3812 3994 ὁ

385 4025 600 4080 Paulus
629 4025 809 4080 exivit
857 4023 921 4078 de
965 4023 1144 4079 medio
1193 4039 1415 4089 eorum;
1465 4024 1688 4095 quidam
1739 4037 1866 4079 vero
1905 4024 2037 4091 viri,

2150 4021 2364 4084 Παῦλος
2419 4021 2640 4094 ἐξῆλθεν
2689 4022 2748 4077 ἐκ
2809 4023 2976 4096 μὲσου
3035 4023 3231 4080 αὐτῶνο
3287 4027 3430 4082 τινὲς
3491 4028 3547 4083 δε
3601 4027 3812 4104 ἄνδρες,

382 4113 732 4170 adhaerentes
760 4115 830 4183 ei,
864 4112 1218 4168 crediderunt
1248 4128 1260 4167 :
1298 4114 1357 4167 in
1395 4113 1593 4182 quibus
1640 4115 1691 4167 et
1735 4113 2038 4183 Dionysius

2150 4107 2509 4179 κολληθέντες
2587 4110 2755 4182 αὐτῷ,
2831 4110 3164 4167 ἐπίστευσαν·
3239 4113 3289 4168 ἐν
3371 4114 3452 4176 οἷς
3530 4116 3618 4170 καὶ
3679 4125 3806 4173 Διο-

380 4204 733 4274 Areopagita,
761 4207 814 4258 et
844 4203 1048 4257 mulier
1075 4203 1299 4258 nomine
1332 4203 1608 4269 Damaris,
1656 4205 1706 4256 et
1754 4200 1868 4257 alii
1913 4217 2037 4255 cum

378 4293 460 4346 eis
489 4291 592 4362 (a).

443 4383 563 4455 Ego
595 4398 738 4439 sane
770 4399 884 4438 non
919 4383 1139 4439 frustra
1167 4382 1528 4450 audio,inter
1550 4397 1753 4438 omnes
1784 4382 1882 4452 qui
1908 4386 2034 4437 tum

371 4472 668 4544 temporis
696 4488 800 4545 per
825 4471 1088 4527 divinum
1122 4471 1368 4526 Paulum
1402 4471 1797 4535 crediderunt,
1841 4473 2034 4526 solum

370 4561 932 4631 praestantissimum
966 4559 1305 4632 Dionysium
1339 4559 1610 4631 opposita
1638 4560 1815 4614 etiam
1847 4560 2034 4628 ipsius

369 4649 670 4721 dignitate
684 4666 716 4705 a
729 4650 947 4706 deifero
962 4650 1361 4720 conscriptore
1385 4647 1755 4702 nominatum
1774 4663 1903 4703 esse
1923 4667 1936 4716 ;
1955 4649 2036 4702 ait

368 4738 528 4793 enim
561 4736 1155 4809 Areopagila,adjicio
1187 4741 1382 4790 autem
1415 4736 1692 4807 amplius,
1749 4736 2031 4791 nimirum

368 4830 620 4897 propter
633 4824 932 4896 sapientiae
945 4825 1172 4895 copiam
1187 4828 1243 4878 et
1254 4823 1651 4878 excellentiam
1669 4823 2032 4895 irreprehen-

369 4913 566 4970 sibilis
590 4914 743 4968 inter
761 4912 1154 4968 Athenienses
1184 4911 1312 4968 vitae
1344 4911 1756 4983 instituti,ejus
1787 4929 1922 4967 cum
1948 4912 2031 4967 fa-

367 5001 521 5056 milia
531 5003 879 5057 mentionem
898 5004 1098 5055 factam
1113 5001 1577 5055 esse.Sciendum
1593 5001 1745 5056 enim
1761 5001 2033 5068 est,sicut

368 5095 541 5143 antea
557 5089 900 5158 monui,non
918 5087 1180 5156 cujusvis
1193 5087 1449 5142 hominis
1463 5088 1732 5156 fuisse,in
1747 5089 2033 5160 Areopagi

373 5182 582 5232 senatu
601 5177 949 5248 dignitatem
973 5177 1160 5243 obire;
1195 5177 1295 5230 sed
1321 5191 1522 5230 eorum
1546 5178 1645 5247 qui
1673 5181 1822 5248 apud
1851 5178 2028 5233 Athe~

374 5264 870 5336 nienses,genere,
897 5264 1118 5319 divitiis
1139 5280 1206 5320 ac
1227 5268 1353 5320 vitae
1377 5265 1665 5336 probitate
1687 5267 1910 5337 primas
1938 5272 2030 5322 te-

369 5353 617 5423 nebant;
641 5358 698 5408 et
716 5353 813 5423 qui
837 5352 896 5406 in
925 5351 1035 5406 hoc
1060 5351 1321 5409 illustres
1345 5354 1756 5424 censebantur,
1790 5361 2026 5411 senten-

2143 4197 2326 4260 νύσιος
2378 4200 2405 4252 ὁ
2456 4199 2875 4274 Ἀρεοπαγίτης,
2929 4202 3017 4256 καὶ
3068 4203 3205 4277 γυνὴ
3259 4201 3489 4277 ὀνόματι
3538 4204 3804 4281 Δάμαρις,

2143 4288 2231 4341 καὶ
2261 4284 2437 4362 ἕτεροι
2466 4287 2560 4341 σῦν
2593 4289 2805 4350 αὐτοῖς.

2217 4378 2359 4452 Ἐγὼ
2395 4379 2487 4450 μὲν
2539 4377 2632 4430 οὗν
2686 4376 2746 4432 ού
2795 4378 2970 4450 μάτην
3021 4379 3207 4437 ἀκούω
3257 4385 3354 4437 τοῦ
3405 4383 3552 4458 παρὰ
3601 4384 3805 4448 πάντας

2141 4465 2268 4528 τοὺς
2302 4467 2726 4528 πεπιστευκότας
2774 4467 2896 4522 τότε
2945 4465 3034 4523 διὰ
3082 4474 3177 4524 τοῦ
3228 4470 3374 4534 θείου
3419 4470 3664 4542 Παύλου,
3703 4474 3805 4547 μό-

2143 4576 2232 4608 νον
2289 4555 2383 4610 τὸν
2435 4556 2651 4628 ἄριστον
2702 4555 2980 4610 Διονύσιον
3034 4558 3463 4632 ἑξονομασθῆναι
3509 4563 3657 4637 παρὰ
3707 4569 3806 4619 τοῦ

2144 4644 2410 4718 θεοφόρου
2465 4648 2845 4721 ωγγραφάως,
2894 4647 3285 4718 προστεθείσης
3337 4648 3502 4704 αὐτοῦ
3560 4651 3650 4706 καὶ
3706 4659 3810 4723 τῆς

2142 4733 2313 4802 ἀξίας·
2376 4732 2504 4809 φασὶ
2557 4733 2657 4806 γὰρ
2707 4735 3144 4808 Ἀρεοπαγίτης,
3204 4732 3492 4793 ἐπιϐάλλω
3551 4737 3609 4794 δὲ
3669 4739 3810 4814 μᾶλ-

2143 4819 2259 4888 λον,
2303 4819 2384 4875 ὅτι
2420 4817 2507 4874 διά
2550 4841 2606 4874 τε
2635 4821 2697 4874 τὸ
2749 4821 2885 4876 κατᾶ
2925 4823 3116 4899 σοφίαν
3149 4824 3425 4899 περιττὸν,
3480 4827 3570 4881 καὶ
3602 4825 3690 4882 διὰ
3742 4830 3803 4884 τὸ

2141 4908 2194 4964 ἐν
2229 4909 2539 4979 ’Δθηναίοις
2590 4908 2970 4979 ἀνεπιλήπτου
3017 4911 3300 4976 πολιτείας
3341 4911 3607 4990 ἔκκριτον,
3663 4939 3802 4989 μνη-

2145 5005 2469 5071 μονευθῆναι
2507 4999 2641 5069 μετὰ
2689 5004 2791 5067 τῆς
2842 4999 3017 5059 οἰκίας
3065 5001 3255 5059 αὐτοῦ.
3304 5003 3424 5077 Χρή
3478 5001 3535 5058 δὲ
3583 5003 3805 5077 εἰδέναι,

2137 5087 2275 5142 καθᾶ
2305 5087 2575 5162 προέφην,
2624 5085 2699 5148 ὡς
2751 5085 2816 5141 οὐ
2863 5089 3065 5150 παντὸς
3111 5086 3304 5162 ἀνδρὸς
3349 5093 3439 5160 ἦν,
3492 5091 3569 5154 εἰς
3617 5095 3718 5163 τήν
3752 5094 3805 5165 ἐξ

2139 5176 2354 5250 Ἀρείου
2385 5177 2558 5250 πάγου
2596 5175 2803 5251 βουλήν
2835 5175 3034 5231 τελεῖνο
3071 5175 3196 5232 ἀλλ’
3227 5179 3283 5230 οἱ
3333 5183 3461 5252 παρ’
3493 5181 3806 5252 Ἀθηναίοις

2138 5265 2511 5342 πρωτεύοντες
2543 5262 2594 5319 ἔν
2622 5284 2680 5318 τε
2711 5266 2852 5339 γὲνει
2883 5264 2973 5319 καὶ
3005 5262 3233 5339 πλούτῳ
3262 5266 3351 5322 καὶ
3387 5269 3496 5343 βίῳ
3545 5276 3799 5345 χρηστῷ’

2140 5354 2228 5409 καὶ
2277 5355 2413 5408 κατὰ
2462 5353 2612 5416 τοῦθ’
2673 5353 2724 5408 οἱ
2783 5352 3045 5428 ἐπίσημοι
3118 5360 3451 5420 καθεστῶτες
3511 5353 3804 5416 ἐϐούλευον

365 5442 506 5496 tiam
529 5443 588 5496 in
614 5447 916 5513 Areopago
942 5442 1238 5510 ferebant;
1273 5441 1566 5512 siquidem
1591 5459 1656 5497 ex
1683 5459 1888 5499 novem
1923 5445 2027 5516 qui

2150 5442 2220 5505 εἷς
2247 5445 2347 5512 την
2393 5443 2444 5513 ἐξ
2474 5442 2686 5518 Ἀρείου
2738 5415 3213 5520 πᾶγουηβουλήνί
3252 5443 3311 5500 ἐκ
3351 5415 3453 5523 γὰρ
3500 5453 3608 5504 τῶν
3654 5415 3806 5504 ἒννὲα

375 5530 619 5588 Athenis
633 5529 942 5586 archontes
954 5529 1256 5586 constituti
1269 5529 1842 5605 eranl,Areopagitas
1855 5532 2035 5606 (sicut

2150 5531 2548 5609 καθισταμένων
2595 5528 2882 5608 ἀρχόντων
2932 5533 3251 5610 Ἀθήνῃσιν,
3304 5535 3433 5603 τοὺς
3481 5538 3810 5618 ’Δρεοπαγί-

449 5708 528 5785 (α)
560 5710 682 5766 Act.
708 5725 846 5779 xvn,
878 5709 968 5778 33,
1001 5709 1090 5766 34.
