4134 6386
328 385 394 442 17
1237 389 1295 444 S.
1337 391 1608 446 ΜΔΧῙΜΙ
1643 387 1992 448 PROLOGUI

2109 394 2131 448 ἰ
2169 392 2409 449 OPRRA
2445 395 2507 449 Β.
2545 395 2880 450 DIONYSII.
3705 393 3774 451 18

323 531 422 574 τας
470 506 579 566 ἔδει
622 508 937 565 συνεστάναι
986 506 1238 573 δικαστὰς
1266 555 1280 582 ,
1330 509 1406 573 ὥς
1450 533 1612 589 φησιν
1664 510 1992 590 ’Λνδροτίων

2115 516 2434 573 Androtion
2485 517 2543 571 in
2598 518 2859 573 secunda
2888 519 2996 571 τῶν
3043 512 3304 579 Ἀτθίδων
3357 517 3461 589 ait)
3508 523 3776 579 constare

328 599 384 656 ἐν
419 598 645 672 δευτέρᾳ
672 605 782 655 τῶν
823 597 1107 664 Ἀτθίδων·
1144 599 1366 674 ὕστερον
1414 598 1471 656 δὲ
1516 601 1788 657 πλειόνων
1838 601 1995 677 γέγο-

327 711 418 744 νεν
446 693 483 760 ἡ
515 688 567 760 ἐξ
598 688 820 764 Ἀρείου
851 688 1028 764 πάγου
1076 687 1278 765 βουλή,
1308 691 1582 745 τουτέστιν
1614 693 1649 761 ἡ
1695 690 1746 762 ἐξ
1790 689 1999 765 ἀνδρῶν

329 781 799 855 περιφακιεσ-τέρων
848 781 1188 849 πεντήκοντα
1233 779 1322 834 καὶ
1371 778 1508 848 ἐνὸς,
1557 778 1704 848 πλὴν
1751 780 1799 853 ἐξ
1842 780 2000 834 εὐπα-

325 867 555 942 τριδῶν,
589 869 666 932 ὡς
698 863 931 946 ἔφημεν,
963 868 1053 923 καὶ
1085 867 1318 941 πλούτῳ
1347 869 1437 922 καὶ
1473 869 1579 943 βίῳ
1607 871 1845 947 σώφρονι
1881 867 1996 923 δια-

326 958 633 1035 φερόντων,
669 959 744 1022 ὡς
778 958 984 1034 ἱστορεῖ
1029 957 1350 1034 Φιλόχορος
1401 955 1490 1012 διὰ
1534 965 1634 1028 τῆς
1664 959 1858 1034 τρίτης
1887 962 1995 1012 τῶν

321 1046 506 1100 αὐτῶν
569 1045 860 1111 Ἀτθίδων.
921 1047 1070 1117 ’Ἐξω
1121 1044 1178 1101 δὲ
1234 1053 1335 1115 τῆς
1389 1045 1606 1110 πόλεως
1653 1049 1718 1117 ἧν
1768 1048 1831 1102 τὸ
1863 1047 1998 1101 κατά

319 1141 552 1210 Ἀρειον
582 1139 761 1211 πάγον
814 1134 1192 1210 δικαστήριον,
1223 1135 1424 1206 κληθὲν
1468 1135 1632 1203 οὕτω,
1665 1138 1801 1208 (καθ’
1831 1134 1861 1189 ἃ
1895 1158 1997 1208 μυ-

320 1223 664 1300 θολογοῦσιν
693 1226 1004 1295 Ἀθηναῖοι)
1035 1223 1095 1280 ἐκ
1141 1228 1241 1279 τοῦ
1286 1227 1402 1280 κατ’
1435 1223 1602 1292 αὐτὴν
1647 1227 1749 1294 τήν
1796 1223 1994 1299 ἐξοχὴν

317 1318 420 1368 τοῦ
447 1315 592 1368 κατά
620 1316 719 1383 τήν
753 1313 920 1368 πόλιν
949 1310 1111 1388 ὅρους
1165 1312 1456 1375 συστάντος
1502 1312 1860 1385 δικαστηρίου
1907 1335 1997 1386 με·

317 1403 452 1472 ταξὺ
507 1399 851 1464 Ποσειδῶνος
899 1404 991 1458 καὶ
1038 1404 1268 1477 Ἀρεωςο
1305 1404 1334 1458 6
1363 1405 1466 1476 γὰρ
1519 1400 1793 1458 Ποσειδῶν
1838 1400 1993 1471 δίκην

321 1490 444 1546 εἶπε
503 1492 640 1563 πρὸς
699 1497 868 1567 ’Ἄρεα
922 1491 1059 1546 κατὰ
1114 1489 1244 1552 τοὺς
1304 1491 1566 1566 ἀρχαίους
1617 1491 1820 1564 μύθους
1869 1501 1995 1566 παρ’

324 1580 649 1648 ’Δθηναίοκ
707 1579 760 1634 ἐν
816 1584 896 1652 τῷ
942 1580 1096 1652 τόπῳ
1143 1579 1345 1652 τούτῳ,
1387 1581 1604 1657 φάσκων
1649 1580 1994 1656 ἀναιρεθῆναι

323 1669 418 1722 τὸν
469 1666 608 1723 ἴδιον
663 1667 780 1722 υἱὺν
832 1667 1178 1744 Ἀλιρῥόθιον
1230 1669 1319 1724 ὑπ’
1375 1672 1600 1743 ’Ἄρεως
1652 1669 1893 1724 κάκεῖθεν
1943 1669 1992 1742 ἐξ

326 1760 537 1831 Ἄρεως
586 1758 616 1811 6
664 1758 844 1832 πάγος
904 1755 1107 1819 ἐκεῖνος
1165 1759 1388 1830 Ἄρειος
1443 1756 1674 1828 ἐκλήθη.
1717 1755 1996 1826 Ἐδίκαζον

2115 606 2453 677 oportebat;
2480 611 2683 678 postea
2711 607 2982 678 pluribus
3003 623 3319 662 concessus
3344 607 3456 662 fuit
3491 609 3778 683 AreOpagi

2111 700 2374 762 senatus,
2408 695 2465 750 id
2497 703 2586 751 est
2617 713 2685 751 ex
2719 695 2858 752 viris
2890 695 3316 752 illustrioribus
3341 697 3778 768 quinquaginta

2108 789 2165 838 et
2196 785 2321 850 uni,
2353 786 2454 839 sed
2490 785 2785 841 nobilibus
2813 790 3033 850 tamen,
3069 791 3133 840 ut
3163 785 3446 853 diximus,
3469 802 3534 840 ac
3554 786 3776 841 divitiis

2106 872 2354 943 vitaeque
2389 874 2678 928 modestia
2710 873 3155 941 excellentibus,
3191 873 3347 928 sicut
3389 873 3777 928 Philochorus

2108 959 2168 1014 in
2224 962 2396 1016 tertia
2454 964 2564 1014 τῶν
2623 959 2881 1024 Ἀτθίδων
2940 963 3281 1028 earumdem
3340 967 3564 1017 narrat.
3599 962 3776 1016 Porro

2107 1053 2269 1106 extra
2315 1051 2612 1106 civitatem
2665 1057 2790 1107 erat
2837 1052 3324 1123 Areopagitarum
3370 1049 3657 1119 tribunal,
3693 1050 3777 1104 sic

2106 1139 2474 1195 nominatum
2511 1141 2708 1210 (prout
2740 1139 3080 1195 fabulantur
3098 1140 3507 1211 Athenienses)
3539 1143 3786 1210 propter.

2106 1229 2374 1283 eamdem
2409 1228 2812 1284 excellentiam
2847 1229 3158 1300 exjudicio
3189 1229 3345 1300 quod
3378 1227 3532 1282 inter
3559 1227 3775 1299 Neptu-

2107 1333 2251 1373 num
2313 1323 2370 1372 et
2400 1321 2641 1373 Martem
2692 1318 2751 1371 in
2813 1318 3068 1373 civitatis
3126 1323 3325 1373 monte
3381 1317 3768 1373 constitutum

2108 1407 2218 1462 fuit
2252 1424 2264 1462 :
2298 1407 2606 1478 Neptunus
2655 1407 2813 1462 enim
2860 1405 3211 1478 (secundum
3264 1406 3541 1478 antiquas
3589 1404 3770 1460 Athe-

2107 1495 2403 1550 niensium
2438 1494 2691 1565 fabulas)
2722 1495 2782 1550 in
2817 1494 2927 1550 hoc
2959 1495 3086 1550 loco
3117 1498 3322 1550 contra
3352 1495 3594 1550 Martem
3628 1510 3768 1549 cau-

2106 1601 2235 1640 sam
2266 1585 2435 1649 dixit,
2468 1601 2740 1640 asserens
2790 1585 2977 1638 ﬁlium
3013 1599 3186 1639 suum
3232 1583 3701 1638 Halirrhothium
3734 1601 3768 1639 a

2105 1674 2287 1728 Marte
2321 1673 2606 1741 occisum,
2642 1677 2700 1728 et
2732 1674 2864 1729 inde
2915 1673 3082 1729 collis
3112 1673 3211 1727 ille
3241 1689 3309 1728 ex
3337 1676 3516 1726 Marte
3546 1674 3763 1742 ’Ἀρειος

2105 1778 2209 1818 seu
2247 1762 2492 1818 Martius
2519 1768 2763 1820 vocatus
2795 1762 3262 1818 est.Judicabant
3291 1761 3474 1832 igitur
3503 1765 3758 1830 Areopa-

333 1844 428 1901 οὖν
457 1848 849 1921 Ἀρεοπαγῖται
881 1847 1006 1919 περὶ
1027 1845 1243 1901 πάντων
1275 1845 1470 1922 σχεδὸν
1515 1851 1622 1902 τῶν
1658 1844 1992 1924 σφαλμάτων

410 1936 421 1952 ι
787 1939 812 1950 -
995 1936 1008 1952 .
1139 1937 1166 1952 ρ,
1326 1936 1335 1952 ι
1657 1937 1668 1952 .
1691 1945 1702 1952 .
1763 1933 1785 1952 ι,
1898 1935 1908 1952 ι

2109 1853 2238 1922 gite:
2272 1853 2389 1906 fere
2421 1853 2490 1906 de
2521 1851 2798 1906 omnibus
2831 1851 3084 1921 peccatis
3113 1855 3170 1904 et
3205 1849 3638 1921 iniquitatibus,
3677 1850 3755 1903 si-

332 1936 422 1990 καὶ
493 1939 874 2010 παρανομιῶν,
979 1936 1054 1999 ὡς
1131 1936 1342 1990 ἅπαντά
1417 1955 1578 2010 φησιν
1657 1933 1986 2010 Ἀνδροτίων

2101 1946 2202 1996 cut
2229 1939 2556 1995 Androtion
2605 1941 2664 1994 in
2698 1940 2912 2010 prima,
2943 1945 3001 1993 et
3033 1938 3417 1994 Philochorus
3450 1939 3510 1992 in
3541 1953 3750 1994 secun-

324 2024 378 2080 ἐν
413 2026 625 2100 πρώτῃ,
657 2025 750 2079 καὶ
809 2023 1129 2100 Φιλόχορος
1188 2023 1241 2079 ἐν
1304 2021 1526 2101 δευτέρᾳ
1555 2025 1646 2079 καὶ
1691 2025 1850 2098 τοίτῃ
1882 2029 1990 2079 τῶν

2109 2029 2170 2084 ia
2195 2033 2253 2085 et
2283 2029 2456 2084 tertia
2483 2031 2589 2080 τῶν
2620 2023 2875 2089 Ἀτθίδων
2903 2025 3089 2083 aiunt.

322 2110 616 2177 Ἀτθίδων.

397 2204 497 2258 Διὰ
559 2200 617 2258 δὶ
671 2207 834 2258 τοῦτο
893 2203 986 2259 ἅτε
1041 2206 1242 2258 καινῶν
1301 2200 1602 2275 δαιμονίων
1654 2201 1991 2279 κιταγγελὲα

315 2292 416 2347 τὸν
476 2292 752 2356 θειότατον
809 2289 1053 2360 Παῦλον,
1113 2292 1188 2354 ὡς
1249 2290 1532 2368 ἱστόρησεν
1591 2293 1620 2346 6
1670 2290 1989 2362 φιλαλήθης

315 2383 563 2449 Λουκὰς,
597 2382 652 2436 ot
681 2388 782 2449 τῆς
816 2381 920 2436 ὑπὸ
968 2384 1103 2436 Θεοῦ
1155 2381 1525 2458 μωρανθείσης
1556 2381 1746 2459 σοφίας
1774 2379 1990 2456 ἐρασταὶ

315 2472 463 2544 πρὸς
513 2471 613 2538 τήν
670 2470 722 2540 ἐξ
772 2469 994 2545 ’Δρείου
1037 2470 1216 2544 πάγου
1264 2469 1474 2545 βουλήν
1520 2468 1793 2526 ἕλκουσιν.
1837 2467 1993 2525 Ἀλλ’

315 2559 372 2614 ἐν
428 2565 550 2622 τοῖς
598 2559 1015 2635 Ἀρεοπαγίταιι·
1079 2563 1380 2628 τηνικαῦτα
1426 2560 1628 2633 χρόνου
1690 2557 1990 2632 βουλεύων,

316 2651 417 2704 ἅτε
476 2645 744 2718 δικαστὴς
798 2645 1213 2715 ἀκλινέστατος,
1269 2649 1296 2702 6
1343 2648 1638 2722 πάμμεγας
1693 2645 1992 2711 Διονύσιος,

314 2733 620 2793 ἀδέκαστον
649 2737 910 2809 ἀπένειμε
938 2741 1006 2811 τῇ
1056 2738 1192 2791 κατά
1238 2735 1329 2790 τὸν
1369 2736 1814 2812 πνευματοφόρον
1846 2738 1993 2789 Παῦο

316 2826 421 2882 λον
470 2824 711 2897 ἀληθείᾳ
757 2827 858 2895 τὴν
909 2829 1114 2900 ψῆφον,
1167 2824 1437 2900 ἐρρὦθαί
1468 2845 1527 2880 τε
1557 2823 1744 2880 πολλὰ
1787 2827 1992 2898 φρασας

311 2919 386 2981 τῆ
418 2921 530 2969 τῶν
587 2917 996 2988 Ἀρεοπαγιτῶν
1030 2915 1250 2985 ἀνοήτῳ
1283 2918 1299 2950 ί
1334 2914 1651 2986 σεμνότητι,
1679 2913 1772 2967 τὸν
1807 2911 1992 2981 ἀληθῆ

311 3005 407 3058 καὶ
463 3004 876 3058 πανεπίσκοπον
938 3003 1133 3077 κριτήν
1200 3001 1408 3063 ἐννοίας
1465 3001 1698 3076 Χριστὸν
1756 3003 1993 3071 Ἰησοῦν,

313 3091 414 3148 τὸν
443 3096 544 3147 τοῦ
597 3096 731 3148 Θεοῦ
780 3091 870 3146 καὶ
927 3091 1140 3164 Πατρὸς
1171 3089 1295 3144 Υἱόν
1357 3092 1627 3166 μονογενῆ
1656 3089 1746 3144 καὶ
1796 3090 1992 3164 Λόγον,

317 3183 378 3237 ’ὀν
444 3182 473 3236 6
535 3180 752 3242 Παῦλος
809 3179 1087 3255 ἐκήρυξεν,
1147 3177 1304 3242 εὐθὺς
1364 3177 1550 3254 εἷ’χετο
1607 3182 1705 3234 τοῦ
1762 3177 1942 3255 φωτός
1977 3197 1989 3210 ’

2171 2207 2482 2278 Propterea
2513 2207 2778 2262 divinum
2829 2205 3078 2261 Paulum
3111 2205 3288 2262 veluti
3329 2221 3610 2261 novorum
3643 2204 3758 2259 daa-

2103 2296 2438 2352 moniorum
2473 2295 2954 2351 annuntiatorem
2987 2295 3164 2349 (sicut
3196 2311 3403 2350 amans
3435 2294 3551 2349 veri
3576 2294 3763 2348 Lucas

2102 2386 2383 2456 narravit)
2407 2384 2694 2455 (b)stulta:
2729 2385 2885 2456 apud
2917 2384 3102 2439 Deum
3131 2383 3430 2454 sapientia:
3452 2391 3766 2447 amatores,

2102 2475 2171 2530 ad
2219 2473 2708 2544 AreOpagitarum
2735 2472 3028 2543 judicium
3082 2473 3346 2536 trahunt,
3379 2487 3584 2526 verum
3616 2471 3771 2524 inter

2103 2562 2484 2634 Areopagitas
2512 2566 2642 2616 tum
2676 2561 2984 2632 temporis,
3017 2567 3082 2616 ut
3123 2561 3648 2617 constantissimus
3669 2561 3770 2631 ju-

2103 2653 2234 2718 dex,
2268 2651 2562 2707 maximus
2612 2651 2954 2721 Dionysius,
2986 2650 3281 2705 calculum
3331 2649 3496 2705 nullo
3527 2664 3772 2703 munere

2104 2745 2451 2811 corruptum
2502 2738 2732 2795 veritati
2783 2757 2886 2810 pro
2921 2739 3242 2809 spiritifero
3273 2738 3454 2794 Paulo
3503 2737 3770 2803 tradidit,

2104 2836 2282 2901 atque
2313 2829 2614 2900 insipienti
2639 2828 3120 2899 Areopagitarum
3144 2827 3419 2899 gravitati
3441 2843 3507 2882 ac
3550 2825 3772 2882 severi-

2105 2920 2212 2975 tati
2248 2917 2506 2974 multum
2537 2917 3104 2984 valedicens,vernm
3139 2933 3205 2971 ac
3235 2916 3503 2972 omnium
3537 2915 3772 2985 inspec-

2107 3013 2296 3064 torem
2321 3007 2587 3078 judicem
2619 3007 2823 3062 Jesum
2845 3005 3146 3061 Christum
3179 3004 3550 3074 unigenitum
3577 3003 3676 3058 Dei
3709 3007 3771 3058 et

2105 3095 2300 3152 Patris
2333 3096 2753 3166 Filium,quem
2785 3095 3002 3150 Paulus
3031 3093 3604 3165 praedicarat,animo
3635 3107 3773 3170 conj

2107 3185 2353 3256 cipiens,
2389 3184 2589 3238 statim
2625 3182 2836 3238 lumini
2868 3181 3158 3249 adhaesit;
3190 3180 3300 3236 etsi
3329 3181 3486 3236 enim
3521 3178 3769 3235 Roman‘

311 3269 411 3326 κᾶν
445 3271 554 3346 γὰρ
589 3271 642 3324 οἱ
684 3271 954 3343 Ῥωμαῖοι
1003 3267 1128 3323 τότε
1178 3266 1460 3343 ἐκράτουν,
1511 3265 1637 3322 ἀλλ’
1691 3267 1781 3322 οὗν
1831 3265 1992 3322 αὐτο-

2109 3278 2250 3329 tunc
2280 3273 2750 3336 dominarentur,
2781 3276 2980 3327 tamen
3011 3271 3274 3326 Athenas
3304 3275 3360 3325 et
3401 3269 3773 3324 Lacedaemo-

312 3361 527 3432 νόμους
560 3359 772 3436 ἀφῆκαν
825 3359 1061 3428 Ἀθήνας
1108 3356 1200 3411 καὶ
1248 3354 1703 3429 Λακεδαιμονίαν·
1753 3354 1873 3418 ὅθεν
1915 3349 1991 3408 ἔτι

318 3449 468 3521 παρά
547 3447 858 3518 Ἀθηναίοις
921 3445 1014 3501 καὶ
1089 3445 1157 3500 τὰ
1210 3445 1346 3500 κατὰ
1409 3445 1538 3508 τοὺς
1609 3443 1994 3519 Ἀρεοπαγίτας

322 3536 702 3594 ἐπολιτεύετο.
755 3537 854 3591 Καὶ
902 3535 1142 3591 τελεῖται
1196 3534 1290 3608 μὶν
1341 3531 1552 3589 ἅπαντα
1587 3540 1691 3602 τῆς
1724 3533 1996 3609 σωτηρίας

321 3629 390 3682 τὰ
423 3625 670 3701 δόγματα
700 3623 792 3680 διὰ
822 3623 1044 3680 Παύλου
1071 3627 1171 3679 τοῦ
1219 3622 1532 3698 κρατίστου,
1564 3619 1994 3698 παιδαγωγεῖται

328 3714 388 3770 ὂὶ
428 3713 832 3777 διδασκαλικῶς
878 3715 906 3768 6
956 3713 1242 3776 Διονύσιος
1293 3712 1396 3767 ὑπὸ
1446 3711 1690 3786 Ἱεροθέῳ
1719 3715 1798 3784 τῷ
1845 3711 1995 3786 μεγί-

334 3825 464 3876 στῳ,
511 3805 650 3858 καθά
701 3823 868 3880 φησιν
919 3803 948 3857 ὁ
997 3803 1183 3863 αὐτός’
1236 3802 1351 3856 εἶτα
1400 3791 1716 3864 καθισταται
1769 3802 1906 3855 κατά
1933 3801 1996 3854 τὸ

328 3892 626 3970 φερόμενον
709 3890 764 3946 ἐν
824 3885 1048 3964 ἑϐδόμῳ
1123 3885 1326 3964 βιϐλίῳ
1400 3894 1508 3943 τῶν
1579 3888 1991 3946 Ἀποστολικῶν

327 3980 715 4058 διαταγμάτων
797 3981 826 4034 6
903 3979 1187 4042 Διονύσιος
1279 3977 1577 4040 ἐπίσκοπος
1667 3978 1772 4032 ὑπὸ
1856 3977 1997 4032 Παύο

325 4070 427 4126 λου
456 4075 557 4125 τοῦ
590 4069 965 4145 χριστοφόρου
994 4073 1102 4124 τῶν
1129 4068 1180 4123 ἰν
1217 4068 1470 4141 Ἀθήνῃσι
1502 4068 1922 4124 πιστευσάντων.

397 4175 752 4251 Μνημονεύει
824 4173 882 4231 δὶ
929 4179 1026 4231 τοῦ
1081 4175 1499 4250 Ἀρειοπαγίτου
1565 4175 1654 4229 καὶ
1715 4174 1995 4236 Διονύσιος

325 4269 567 4344 ἀρχαῖος
620 4264 920 4341 Κορινθίων
969 4264 1288 4333 ἐπίσκοπος,
1322 4263 1412 4319 καὶ
1453 4263 1816 4339 Πολύκαρπος
1843 4262 1894 4318 ἐν
1925 4267 1994 4338 τῇ

321 4357 467 4430 πρὸς
508 4355 841 4426 Ἀθηναίους
888 4353 1155 4428 ἐπιστολῇ
1210 4353 1397 4410 αὐτοῦ.
1447 4354 1598 4408 Ἐστι
1655 4351 1712 4407 δὲ
1753 4355 1851 4422 τήν
1903 4354 1997 4428 ὀρ-

324 4446 538 4516 θότητα
595 4445 686 4499 καὶ
762 4440 1143 4516 πολυμάθειαν
1223 4443 1607 4516 ἀποθαυμάσαι
1682 4447 1778 4496 τοῦ
1836 4443 1995 4517 ἁγίου

319 4535 529 4591 τούτου
561 4530 869 4602 Διονυσίου,
891 4533 984 4587 τὸν
1004 4531 1230 4603 ἀληθῶς
1262 4529 1349 4585 διὰ
1372 4529 1592 4599 πολλῆς
1626 4532 1864 4606 ἠγμένον
1885 4531 1998 4585 ἐπιδ

2105 3362 2264 3418 niam
2314 3360 2570 3433 propriis
2601 3360 2688 3415 uti
2734 3360 2964 3432 legibus
3018 3358 3334 3427 sinebant;
3368 3359 3527 3412 unde
3575 3356 3769 3412 adhuc

2105 3451 2261 3520 apud
2291 3449 2683 3504 Athenienses
2708 3448 3092 3518 magistratus
3124 3446 3611 3518 Areopagitarum
3647 3458 3772 3501 mu‘

2106 3555 2245 3596 nere
2275 3555 2382 3595 suo
2419 3537 2820 3609 fungebantur
2851 3554 2862 3590 :
2901 3553 2967 3592 ac
3002 3535 3281 3591 omnibus
3330 3535 3568 3606 quidem
3611 3535 3770 3590 salu-

2103 3629 2183 3684 tis
2229 3627 2610 3699 dogmatibus
2639 3644 2670 3681 a
2701 3625 3196 3697 praestantissimo
3243 3624 3420 3680 Paulo
3465 3625 3766 3692 initiatur;

2107 3717 2378 3789 magistri
2428 3721 2624 3772 autem
2658 3731 2822 3771 more
2871 3714 3182 3787 Dionysius
3215 3731 3249 3768 a
3280 3714 3536 3770 maximo
3567 3713 3766 3768 Hiero-

2103 3807 2240 3864 tbeo
2292 3805 2648 3872 instituitur,
2680 3805 2836 3860 sicut
2884 3805 3010 3875 ipse
3050 3803 3166 3870 ait;
3206 3807 3408 3874 postea
3450 3802 3768 3870 Dionysius

2108 3897 2306 3967 (prout
2334 3895 2586 3951 habetur
2615 3894 2674 3948 in
2708 3894 2959 3964 septimo
2982 3892 3133 3948 libro
3162 3893 3598 3963 Apostolicarum
3616 3907 3769 3947 com-

2106 3985 2448 4055 titutionum)
2497 3983 2887 4039 constituitur
2915 3999 2948 4036 a
2977 3981 3309 4036 christifero
3357 3980 3539 4036 Paulo
3588 3978 3766 4036 Athe-

2106 4074 2402 4130 niensium
2433 4072 2698 4128 ﬁdelium
2733 4071 3071 4143 episcopus.

2179 4179 2448 4236 Meminit
2476 4194 2609 4233 vero
2640 4177 2816 4232 etiam
2864 4175 3220 4248 Areopagitae
3270 4174 3586 4246 Dionysius
3617 4176 3768 4230 anti-

2107 4286 2262 4342 quus
2286 4267 2728 4323 Corinthiorum
2761 4267 3160 4337 episcopus,et
3183 4264 3539 4337 Polycarpus
3567 4263 3628 4318 in
3659 4281 3770 4320 sua

2106 4359 2177 4415 ad
2201 4356 2591 4412 Athenienses
2612 4354 2885 4426 epistola.
2916 4353 3094 4408 Porro
3118 4354 3308 4409 sancti
3340 4353 3521 4424 hujus
3555 4353 3767 4424 Diony-

2107 4447 2180 4503 sii
2200 4446 2334 4503 vita:
2359 4445 2712 4516 probitatem
2735 4460 2803 4499 ac
2825 4443 3077 4499 scientiae
3101 4443 3330 4513 copiam
3372 4442 3574 4498 mirari
3609 4442 3763 4500 licet,

2105 4541 2164 4592 et
2193 4551 2327 4591 eum
2359 4535 2458 4604 qui
2490 4549 2623 4589 vere
2653 4549 2755 4603 per
2785 4532 3107 4587 multarum
3157 4529 3762 4601 irreprehensibilium

321 4627 553 4696 στήμης
603 4626 714 4678 τῶν
768 4620 1157 4692 ἀνεπιλήπτων
1216 4627 1318 4690 τῆς
1380 4617 1708 4690 Ἐκκλησιας
1756 4617 1992 4694 παραδό-

2109 4623 2370 4681 Ecclesiae
2403 4622 2780 4694 traditionum
2809 4619 3203 4692 cognitionem
3236 4619 3527 4674 deductus
3559 4618 3764 4684 fuit,ac

319 4735 494 4784 σεων,
527 4711 818 4776 θεάσασθαί
864 4732 925 4766 τε
972 4711 1039 4766 τὰ
1089 4709 1234 4784 παρᾶ
1278 4713 1396 4771 τοῖς
1445 4713 1552 4763 τῶν
1585 4708 1871 4778 Ἑλλήνων
1907 4731 1994 4786 φι-

321 4801 601 4878 λοσόφοις
631 4799 763 4855 νόθα
791 4798 1038 4875 δόγματα
1067 4800 1204 4874 πρὸς
1234 4799 1334 4865 τὴν
1380 4795 1642 4867 ἀλήθειαν
1677 4818 1994 4873 μετενηνεγ-

328 4893 492 4964 μένα.
560 4891 820 4959 Ἐλεῆσαι
889 4889 994 4964 γὰρ
1044 4882 1155 4943 ἔστι
1235 4884 1448 4960 μὰλλον
1503 4886 1593 4940 καὶ
1660 4885 1997 4960 συναλγῆσαι

319 4989 433 5050 τῆς
494 4978 819 5054 ἀπροσεξίας
876 4977 1006 5040 τοὺς
1068 4974 1380 5051 ὀλιγώρους
1425 4978 1528 5040 τῆς
1575 4972 1998 5038 εύπαιδευσίας²

321 5067 640 5143 ἐξεταστὰς,
673 5067 755 5122 ὅτι
911 5070 1060 5144 σφῶν
1110 5064 1318 5138 ἀμαθίᾳ
1367 5068 1738 5139 συμμετροῦσι
1787 5065 2002 5126 καὶτὰς

320 5164 441 5214 τῶν
505 5157 630 5228 ἑξῆς
686 5153 1382 5233 ἀνθρώπων.φιλομαθεῖς
1431 5153 1828 5226 εύθημοσύνας.
1879 5156 2000 5212 Ἑν-

2108 4710 2322 4766 intueri
2371 4708 2704 4764 adulterina
2732 4707 3098 4764 ethnicorum
3143 4705 3628 4776 philosophorum
3661 4707 3764 4761 de-

2109 4804 2266 4855 creta
2287 4798 2359 4854 ad
2380 4798 2689 4852 veritatem
2713 4797 2983 4851 traducta
3010 4814 3023 4862 ;
3057 4795 3224 4848 decet
3243 4792 3398 4848 enim
3426 4794 3620 4863 potius
3653 4793 3763 4848 mi-

2110 4887 2290 4945 sereri
2321 4903 2387 4944 ac
2418 4885 2829 4952 condolere,ob
2859 4883 3170 4954 segnitiem
3204 4898 3422 4954 paucos
3445 4898 3574 4938 esse
3595 4883 3762 4939 bonae

2111 4976 2389 5033 doctrina:
2419 4975 2868 5039 examinatores,
2902 4973 3055 5044 quod
3091 4989 3201 5027 sua
3242 4971 3480 5026 inscitia
3511 4972 3767 5044 reliquo-

2112 5083 2245 5122 rum
2277 5065 2455 5120 etiam
2475 5064 2786 5119 hominum
2813 5061 3072 5117 scientiae
3089 5060 3362 5132 cupidam
3395 5061 3771 5117 commetien-

2113 5161 2212 5210 tur
2240 5153 2423 5210 animi
2445 5170 2512 5209 ac
2529 5152 2752 5225 ingenii
2774 5148 3506 5223 promptitudinem.Tales
3532 5149 3771 5221 quidem

1363 5326 1603 5384 VARle
1645 5326 2036 5386 LECTIONES
2075 5326 2162 5382 ET
2202 5277 2792 5381 CORRECTIONESJ

415 5448 495 5520 (b)
525 5447 651 5503 Act.
685 5463 821 5516 xvn,
859 5447 945 5501 18.

417 5573 435 5608 ¹
470 5571 744 5643 ἀνονήτῳ.
827 5572 850 5608 ³
883 5565 1257 5631 ἀπαιδευσίας.

422 5701 446 5724 '
475 5698 556 5755 Ex
587 5698 788 5757 codice
818 5700 879 5756 S.
911 5699 1092 5758 Marci
1121 5696 1350 5756 Veneti.
