4134 6390
368 381 438 440 19
1187 381 1563 439 ΔΡΡΕΝΒῙΧ
1603 384 1699 436 AD
1736 382 1980 436 OPERA
2013 385 2025 436 I

2140 381 2436 436 )IONYBII
2473 377 2974 437 AR‘EOPAGITE.
3726 375 3799 434 20

367 509 428 565 in
460 509 856 581 quorumdam
888 507 1110 578 scripta
1140 506 1486 571 incidentes,
1507 521 1570 560 ac
1603 504 1752 560 forte
1783 503 2025 559 minime

2140 499 2496 578 τυγχάνοντες
2529 504 2582 556 οἱ
2611 506 2852 557 τοιοῦτοι
2899 498 3315 578 συγγράμμασιν
3358 499 3538 575 ἐνίων,
3568 499 3658 556 καὶ
3700 521 3798 556 τυυ

367 615 573 655 eorum
632 615 760 671 quas
819 598 1101 653 dicuntur
1150 611 1388 651 sensum
1446 593 1684 665 assequi
1744 592 2026 660 valentes,

371 705 504 744 mox
533 689 603 743 ad
638 687 1022 743 indiscretam
1075 683 1385 756 scriptoris
1429 681 1859 738 cavillationem
1891 681 2026 737 eﬂ'e-

370 779 622 844 runtur;
657 774 823 845 atqui
853 789 987 829 cum
1020 788 1262 844 prorsus
1295 775 1591 842 nequeant
1620 786 1685 825 ea
1715 786 1841 840 quae
1874 784 2029 824 acer-

368 866 442 922 be
472 863 932 936 reprehendunt,
968 861 1261 934 corrigere
1290 864 1393 915 aut
1421 875 1686 931 arguere,
1711 863 2032 930 oportet,ut

368 954 430 1008 in
461 970 524 1009 se
551 954 701 1008 iram
732 955 1096 1019 convertant,
1127 954 1185 1005 et
1216 949 1412 1022 potius
1444 947 1713 1005 molestia
1763 947 2029 1002 afﬁcian-

367 1045 487 1109 tur,
520 1042 674 1112 quod
725 1057 835 1096 sua
863 1039 1094 1095 desidia
1127 1038 1402 1109 ignorent
1449 1036 1626 1093 etiam
1659 1035 1772 1108 ipsi
1804 1052 1872 1091 ea
1901 1051 2028 1106 quas

361 1131 436 1186 ad
485 1130 882 1202 cognitionem
914 1130 1200 1200 perducta
1238 1131 1400 1198 sunt,
1433 1135 1536 1182 aut
1589 1140 1810 1191 revera,
1871 1125 2028 1196 quod

370 1218 617 1276 minime
668 1220 823 1291 apud
866 1219 1104 1275 idoneos
1153 1234 1288 1273 cum
1340 1216 1634 1272 desiderio
1687 1214 2030 1270 addiscendi

368 1309 807 1373 conversantes,
841 1305 969 1361 suis
1018 1305 1219 1361 dubiis
1262 1305 1611 1360 liberentur.
1653 1302 1766 1358 Sed
1811 1303 2034 1359 audent

372 1394 558 1467 aliqui
587 1395 784 1451 divino
833 1394 1114 1466 Dionysio
1145 1393 1392 1449 convicii
1441 1392 1569 1448 loco
1600 1392 1850 1447 haereses
1881 1392 2030 1462 obji-

371 1500 524 1550 cere,
555 1501 690 1540 cum
721 1499 964 1556 prorsus
994 1499 1223 1538 errores
1255 1481 1668 1537 haereticorum
1718 1480 2026 1551 ignorent;

365 1574 628 1646 profecto
685 1573 866 1641 enim,
899 1572 950 1627 si
1007 1589 1076 1627 ex
1133 1587 1492 1642 unoquoque
1549 1585 1755 1626 eorum
1799 1585 1927 1640 quas
1967 1569 2027 1624 in

362 1661 654 1718 haereticis
686 1661 1080 1718 condemnata
1109 1659 1461 1730 sunt,hujus
1490 1659 1723 1714 decreta
1743 1657 2032 1729 dijudica-

361 1755 514 1819 rent,
547 1749 737 1806 multo
769 1748 960 1821 magis
991 1748 1212 1805 distare
1242 1747 1315 1803 ab
1341 1747 1629 1820 improbis
1659 1747 1779 1803 illis
1809 1761 2028 1819 cogno-

2137 591 2238 666 χὸν
2276 589 2336 646 οὐ
2369 591 2908 667 παρακολουθοῦντες
2953 595 3022 665 τῇ
3052 595 3160 646 τῶν
3203 590 3514 668 λεγομένων
3562 589 3797 662 διανοίᾳ,

2139 681 2276 755 πρὸς
2335 678 2646 757 ἀδιάκριτον
2701 681 2860 744 εὐθὺς
2919 679 3233 757 ἐκφέρονται
3294 685 3392 736 τοῦ
3449 679 3795 756 συγγραφέως

2141 765 2426 838 διαϐολήν·
2474 770 2649 824 καίτοι
2697 768 2977 830 παντελῶς
3028 768 3090 824 οὗ
3142 766 3432 842 δυνάμενοι
3493 770 3561 823 τὰ
3608 769 3796 841 σκώμ-

2145 878 2285 930 ματα
2311 854 2606 920 διευθύνειν
2634 879 2690 913 τε
2719 858 2810 912 καὶ
2859 855 3168 934 διελέγχειν
3200 856 3232 912 ἃ
3279 878 3438 935 φασιν
3467 856 3643 924 αὐτοὶ,
3676 853 3796 912 δέον

2140 945 2226 1000 ἐπὶ
2260 947 2396 1020 σφὰς
2429 945 2622 1009 αὐτοὺς
2643 947 2855 1019 τρέπειν
2884 947 2981 1015 τὴν
3018 947 3210 1022 ὀργήν,
3238 948 3329 1000 καὶ
3358 943 3572 1019 μᾶλλον
3596 945 3802 1021 ἀσχάλ-

2141 1033 2274 1106 λειν,
2335 1033 2417 1090 ὅτι
2477 1037 2553 1107 μὴ
2616 1033 3008 1096 σπουδάσαντες
3067 1030 3304 1112 ἔγνωσαν
3371 1034 3461 1090 καὶ
3520 1035 3673 1090 αὐτοὶ
3731 1034 3800 1088 τὰ

2140 1123 2262 1197 περὶ
2296 1126 2316 1160 ³
2355 1127 2550 1198 γνῶσιν
2613 1124 2914 1198 ἀνηγμένα·
2974 1125 3007 1194 ἢ
3067 1122 3328 1194 τάληθὲς,
3386 1121 3469 1177 ὅτι
3529 1125 3603 1196 μὴ
3662 1121 3802 1198 πρὸς

2138 1209 2264 1272 τοὺς
2316 1211 2536 1274 ἱκανοὺς
2583 1212 2708 1289 περὶ
2751 1213 2817 1266 τὰ
2844 1217 3068 1268 τοιαῦτα
3121 1211 3446 1290 φιλομαθῶς
3492 1210 3800 1287 γεγονότες,

2138 1297 2244 1354 τῶν
2288 1300 2661 1375 ἀπορημάτων
2711 1299 3080 1373 ἀπελύθησαν.
3130 1300 3309 1359 Ἀλλὰ
3355 1299 3609 1374 τολμῶσί
3651 1321 3797 1363 τινες

2141 1385 2413 1464 λοιδορεῖν
2463 1389 2539 1453 εἲς
2591 1389 2824 1466 αἱρέσεις
2873 1391 2964 1446 τὸν
3020 1393 3160 1446 θεῖον
3214 1389 3519 1460 Διονύσιον,
3560 1390 3800 1462 καθάπαξ

2138 1479 2324 1532 καὶτὰ
2368 1483 2474 1533 τῶν
2526 1481 2814 1555 αἱρετικῶν
2845 1481 3184 1555 ἀγνοοῦντες·
3216 1481 3251 1549 ἦ
3296 1479 3396 1554 γὰρ
3447 1475 3531 1551 ἂν,
3578 1477 3629 1551 ἐξ
3678 1476 3804 1533 ἐκά-

2141 1587 2268 1621 στου
2319 1572 2427 1622 τῶν
2476 1570 2952 1644 κατακεκριμένων
3010 1567 3062 1623 ἐν
3110 1573 3228 1631 τοῖς
3282 1567 3610 1643 αἱρετίζουσι
3673 1587 3799 1641 συγ-

2138 1656 2435 1730 κρίνοντες,
2466 1658 2534 1712 τὰ
2563 1658 2708 1733 παρὰ
2735 1657 2942 1712 τούτων
2972 1655 3218 1732 δόγματα
3248 1654 3450 1729 πολλῷ
3477 1661 3586 1712 τῶν
3620 1653 3802 1733 φλαύ-

2141 1764 2248 1818 ρων
2317 1747 2658 1823 ἀφεστηκότα
2717 1745 3082 1822 διεγίνωσκον,
3142 1745 3376 1810 καθόσον
3433 1750 3549 1823 φῶς
3600 1743 3802 1812 ἀληθὶς

362 1839 610 1908 vissent,
640 1855 818 1910 quam
850 1853 1049 1894 verum
1075 1837 1277 1892 lumen
1311 1854 1345 1891 a
1374 1835 1654 1893 tenebris.
1689 1837 1838 1901 Quid
1869 1835 2025 1891 enim

2144 1835 2230 1888 καὶ
2266 1835 2477 1899 σκότος.
2529 1835 2596 1893 Τί
2649 1837 2754 1910 γὰρ
2803 1835 3006 1891 εἷ’ποιεν
3057 1835 3110 1890 έν
3136 1841 3256 1898 τοῖς
3311 1834 3437 1912 περὶ
3484 1837 3584 1902 τῆς
3630 1834 3804 1905 μόνης

367 1928 621 1985 dixerint
649 1928 712 1983 in
741 1927 818 1984 iis
869 1943 1001 1998 qua)
1031 1927 1102 1982 de
1134 1925 1260 1982 sola
1308 1927 1607 1982 adoranda
1637 1925 1924 1980 Trinitate
1956 1925 2030 1980 ab

373 2017 505 2090 ipso
537 2017 735 2073 divine
781 2017 1204 2088 exponuntur?
1233 2015 1381 2079 Quid
1415 2015 1487 2070 de
1528 2030 1643 2070 uno
1675 2013 2034 2069 beatissimus

374 2107 556 2179 hujus
587 2107 896 2162 Trinitatis
924 2106 1067 2163 Jesu
1099 2105 1331 2160 Christo
1365 2104 1668 2176 unigenito
1700 2103 1803 2159 Dei
1832 2103 2031 2169 verbo,

375 2195 479 2268 qui
509 2195 764 2267 perfecte
793 2196 1050 2251 humana
1079 2194 1248 2249 indui
1281 2197 1494 2248 natura
1523 2192 1706 2248 voluit
1731 2193 2031 2262 ;nunquid

373 2285 638 2341 animam
669 2288 866 2340 mente
897 2283 1301 2356 praeditam,ac
1332 2299 1546 2354 corpus
1577 2282 1731 2338 sicut
1757 2287 2030 2337 nostrum

371 2377 733 2445 terrestre,et
764 2373 994 2446 reliqua
1025 2390 1152 2445 quae
1184 2389 1218 2428 a
1249 2373 1424 2429 rectis
1455 2373 1778 2428 constituta
1810 2374 2029 2444 magis-

370 2463 480 2519 tris
510 2462 865 2535 explicavit?
894 2463 1043 2528 Quid
1075 2466 1271 2517 autem
1307 2463 1378 2517 de
1421 2460 1899 2533 intelligibilibus
1929 2464 2031 2516 aut

370 2555 569 2608 mente
598 2551 860 2624 praeditis
909 2556 1085 2623 atque
1134 2550 1456 2608 sensilibus
1507 2551 1641 2622 quis
1689 2550 1900 2606 merito
1940 2567 2030 2607 re-

369 2641 731 2714 prehendat;
766 2645 867 2698 aut
918 2643 988 2698 de
1017 2640 1338 2697 universali
1388 2643 1590 2696 nostra
1621 2655 1754 2696 cum
1787 2655 2030 2711 corpore

371 2736 572 2789 nostro
602 2736 660 2789 et
689 2732 889 2789 anima
920 2736 1126 2789 nostra
1155 2732 1354 2786 futura
1385 2731 1838 2800 resurrectione,
1869 2735 1929 2786 et
1959 2732 2030 2787 de

362 2822 628 2895 judiciis,
685 2839 814 2895 quae
864 2826 994 2877 tum
1024 2822 1166 2877 ﬁent
1187 2823 1489 2892 justorum
1522 2824 1580 2876 et
1623 2819 2030 2890 injustorum?

369 2928 508 2969 nam
537 2911 700 2968 salus
753 2915 957 2967 nostra
999 2911 1281 2967 adversus
1331 2909 1455 2965 hec
1499 2908 1789 2965 collectim
1837 2909 2031 2966 dicere

367 3000 624 3057 intendit
650 3017 780 3073 quas
823 2999 1099 3073 pluribus
1129 2998 1418 3071 explicare
1464 2998 1651 3064 nefas,
1685 3014 1820 3054 cum
1852 3014 2027 3072 expo-

369 3090 506 3146 sitio
532 3089 592 3145 in
624 3089 869 3148 scholiis
901 3093 1114 3146 cuncta
1141 3092 1470 3161 opportune
1499 3086 1776 3143 declaret.

2145 1931 2528 1998 npooxuvntﬁc
2603 1923 2838 2001 Τριάδος
2908 1922 3365 1999 θεολογουμένοις
3417 1924 3544 1998 παρ’
3601 1925 3800 1995 αὖτῷς

2141 2012 2194 2066 τί
2227 2009 2272 2066 δ’
2303 2011 2362 2068 ἂν
2404 2013 2526 2088 περὶ
2576 2018 2675 2068 τοῦ
2721 2021 2822 2084 τῆς
2872 2011 3268 2088 παμμακαρίας
3317 2011 3522 2082 ταύτης
3567 2009 3804 2089 Τριάδος

2143 2103 2259 2164 ἐνὸς
2288 2105 2470 2172 Ἰησοῦ
2501 2105 2758 2179 Χριστοῦ,
2787 2107 2883 2157 τοῦ
2937 2106 3266 2178 μονογενοῦς
3314 2106 3450 2158 Θεοῦ
3491 2102 3678 2177 Λόγου
3707 2122 3800 2156 τε-

2144 2188 2305 2253 λείως
2339 2191 2749 2265 ἐνανθρωπῆσαι
2783 2190 3114 2262 θελήσαντος
3147 2209 3160 2259 ;
3193 2189 3324 2266 οὐχὶ
3357 2192 3546 2265 ψυχὴν
3590 2187 3800 2261 ἔννουν,

2140 2280 2229 2333 καὶ
2265 2285 2426 2353 σῶμα
2452 2281 2514 2334 τὸ
2546 2282 2663 2335 καθ’
2693 2283 2840 2353 ἡμᾶς
2887 2283 3076 2356 γήϊνον
3128 2277 3399 2351 διεξῆλθε,
3431 2280 3523 2334 καὶ
3569 2279 3637 2335 τὰ
3685 2277 3804 2334 λοι-

2141 2368 2217 2423 πὰ
2240 2371 2261 2404 ⁸
2288 2370 2355 2424 τὰ
2385 2367 2484 2424 ὅσα
2534 2375 2649 2431 τοῖς
2706 2369 2890 2440 ὀρθοῖς
2937 2368 3245 2424 ἐντέτακται
3294 2365 3646 2430 διδασκάλοις
3683 2387 3697 2437 ;
3729 2367 3797 2425 Τί

2142 2455 2200 2512 δὲ
2228 2459 2351 2530 περὶ
2384 2462 2593 2528 νοητῶν
2635 2458 2726 2513 καὶ
2778 2463 2982 2531 νοερῶν
3032 2456 3120 2513 καί
3165 2462 3275 2513 τῶν
3325 2456 3599 2528 αἰσθητῶν
3653 2458 3797 2530 μέμ-

2140 2547 2285 2618 ψαιτ⁷
2336 2545 2396 2598 ἄν
2449 2566 2532 2607 τις
2593 2540 2906 2616 εἰκότωςοῆ
2947 2545 3072 2622 περὶ
3128 2551 3229 2615 τῆς
3285 2543 3587 2615 καθολικῆς
3636 2547 3800 2618 ἡμῶν

2139 2633 2477 2696 ἀναστάσεως
2531 2641 2632 2704 τῆς
2687 2637 2820 2707 μετά
2877 2637 3132 2708 σώματος
3186 2639 3284 2690 τοῦ
3333 2635 3450 2689 καθ’
3506 2636 3655 2708 ἡμᾶς
3705 2634 3799 2689 καὶ

2137 2728 2240 2791 τῆς
2293 2725 2454 2796 ἡμῶν
2508 2727 2698 2799 ψυχῆς
2744 2725 3137 2800 γενησομένης·
3191 2723 3283 2778 καὶ
3330 2723 3456 2799 περὶ
3511 2727 3620 2778 τῶν
3674 2722 3800 2778 τότε

2141 2808 2565 2887 δικαιωτηρίων,
2611 2812 2833 2868 δικαίων
2883 2834 2943 2868 τε
2971 2813 3062 2868 καὶ
3090 2817 3198 2867 τῶν
3245 2813 3323 2886 μὴ
3373 2810 3636 2867 τοιούτων
3671 2831 3684 2881 ;
3716 2810 3797 2874 εῒς

2137 2899 2204 2955 τὰ
2234 2903 2255 2937 ⁸
2284 2901 2412 2977 γὰρ,
2467 2897 2790 2974 συλλήϐδην
2842 2903 3037 2970 εἰπεῖν,
3080 2902 3115 2971 ἠ
3158 2903 3278 2965 καθ’
3306 2903 3455 2974 ἡμᾶς
3486 2901 3665 2978 ἀφορᾷ
3693 2921 3798 2956 σω-

2137 2990 2322 3066 τηρία,
2356 2991 2509 3046 ἅτινα
2556 2989 2809 3054 πλατέως
2859 2988 3150 3062 διεξελθεῖν
3196 2991 3261 3045 οὐ
3311 2987 3539 3062 δίκαιον,
3568 2995 3669 3059 τῆς
3707 2987 3796 3044 ἐπί

2138 3077 2382 3155 σχολίων
2425 3078 2733 3157 ἐξηγήσεως
2779 3081 2989 3135 ἅπαντα
3043 3078 3179 3134 κατὰ
3244 3078 3432 3155 καιρὸν
3492 3077 3799 3151 ἐπισημαι-

2134 3168 2394 3241 νομένης.

440 3267 529 3324 Ita
555 3272 666 3339 est,
697 3266 998 3339 inquiunt.
1031 3267 1143 3324 Sed
1175 3282 1366 3338 neque
1395 3265 1684 3322 Eusebius
1711 3266 2025 3340 Pamphili,

2207 3237 2336 3327 Nati,
2419 3256 2577 3336 φασίν
2633 3259 2674 3294 ⁸·
2738 3255 2867 3312 ἀλλ’
2953 3257 3056 3312 οὐκ
3138 3253 3370 3334 ἔγραψεν
3451 3255 3620 3312 αὐτοῦ
3700 3255 3796 3319 τὰς

367 3358 513 3430 quin
557 3372 664 3414 nec
707 3357 988 3430 Origenes
1039 3355 1217 3428 hujus
1267 3354 1451 3412 libros
1504 3355 1739 3428 scriptis
1788 3357 2028 3414 manda-

363 3451 525 3504 runt.

437 3536 736 3591 Adversus
783 3551 932 3608 quos
963 3534 1280 3591 dicendum
1325 3535 1649 3592 Eusebium
1681 3551 1859 3606 quam
1892 3534 2026 3608 plu-

365 3623 519 3681 rima
549 3623 826 3680 omisisse
874 3639 1001 3694 quas
1053 3624 1125 3679 ad
1158 3625 1284 3694 ejus
1336 3641 1550 3681 manus
1596 3640 1714 3680 non
1747 3641 2024 3696 pervene-

367 3719 544 3783 runt;
579 3713 794 3768 etenim
828 3729 934 3768 nec
957 3729 1201 3783 prorsus
1232 3713 1433 3768 omnia
1464 3711 1770 3785 collegisse
1800 3712 2026 3783 ait,imo

368 3802 560 3874 magis
589 3801 808 3857 fatetur
836 3801 1020 3857 libros
1051 3801 1150 3872 qui
1182 3803 1253 3857 ad
1288 3802 1487 3873 ipsum
1522 3819 1638 3857 non
1665 3803 2029 3858 devenerunt

365 3908 497 3948 esse
526 3907 771 3948 numero
805 3890 1158 3962 superiores,
1194 3896 1250 3946 et
1279 3907 1421 3948 sane
1465 3890 1789 3946 multorum
1820 3891 2026 3947 memi-

366 3980 526 4036 nisse
557 3995 791 4052 possem
842 3996 990 4050 quos
1021 3978 1267 4035 minime
1297 3979 1527 4045 habuit,
1559 3984 1617 4034 et
1647 3979 1753 4035 hos
1785 3978 2026 4050 quidem

365 4086 486 4125 suae
517 4068 866 4141 regionis,ut
896 4068 1196 4140 Hymenaei
1226 4073 1284 4124 et
1311 4067 1591 4135 Narcissi,
1617 4069 1718 4139 qui
1749 4069 2028 4124 sacerdo-

362 4161 454 4215 tes
503 4157 927 4230 Hierosolymis
991 4159 1152 4213 fuere
1204 4175 1218 4226 ;
1269 4173 1374 4229 ego
1443 4173 1584 4213 sane
1663 4158 1723 4212 in
1795 4157 2026 4228 aliquos

363 4247 660 4320 Hymenaei
751 4247 934 4304 libros
998 4246 1199 4302 incidi.
1281 4247 1427 4304 Item
1498 4261 1688 4318 neque
1765 4247 2026 4302 Pantasni

364 4354 542 4410 opera
642 4336 990 4408 descripsit,
1078 4351 1266 4406 neque
1352 4335 1670 4392 Clementis
1754 4336 2024 4406 Romani,

368 4427 484 4483 nisi
547 4427 800 4482 duarum
847 4429 1082 4482 tantum
1160 4424 1580 4497 Epistolarum,
1649 4425 1752 4482 sed
1835 4441 2026 4499 neque

366 4515 757 4588 plurimorum
817 4514 1398 4586 aliorum.0rigenes
1454 4514 1636 4581 enim,
1696 4515 1892 4571 nescio
1951 4532 2024 4571 an

2136 3347 2409 3419 συντάξεις
2435 3341 2720 3421 ξΕὐσέϐιος
2771 3347 2800 3401 ὁ
2846 3344 3162 3424 Παμφίλου·
3213 3346 3303 3403 καὶ
3357 3347 3464 3420 μὴν
3509 3343 3798 3422 068"th-

2131 3439 2315 3517 γένης.

2148 3562 2153 3566 -
2209 3530 2353 3605 Πρὸς
2371 3526 2464 3592 οὓς
2481 3525 2722 3599 λεκτέον,
2737 3527 2813 3589 ὡς
2829 3526 3140 3600 πάμπολλα
3157 3533 3398 3600 παρῆκεν
3418 3521 3677 3589 Εὐσέϐιος
3697 3525 3798 3582 οὐκ

2136 3617 2365 3673 ἐλθόντα
2394 3617 2518 3692 περί
2541 3621 2732 3692 χεῖρας
2763 3616 2988 3680 οἰκείας·
3012 3616 3103 3673 καί
3125 3617 3227 3694 γὰρ
3251 3613 3375 3671 οὔτε
3397 3617 3560 3692 φησὶν
3587 3616 3796 3671 ἅπαντα

2134 3708 2377 3778 καθάπαξ
2422 3705 2841 3782 συναγηοχέναι·
2893 3706 3105 3780 μᾶλλόν
3152 3727 3213 3782 γε
3265 3707 3372 3778 μήν
3405 3703 3674 3782 ὁμολογεῖ
3703 3699 3794 3760 καὶ

2135 3797 2374 3873 ἀριθμοῦ
2428 3796 2709 3871 κρείττονα
2770 3791 2961 3872 βιϐλία
3008 3795 3326 3851 καθεστάναι
3389 3793 3664 3869 μηδαμῶς
3713 3793 3791 3858 εἰς

2135 3885 2296 3941 αὐτὸν
2328 3883 2658 3954 ἐληλυθότα·
2691 3885 2781 3940 καὶ
2813 3882 3041 3940 πολλῶν
3089 3882 3362 3957 ἐδυνάμην
3418 3888 3791 3957 μνημονεῦσαι

2141 3976 2216 4047 μή
2250 3974 2554 4041 κτηθέντων
2591 3973 2757 4046 αὐτῷ,
2789 3973 2880 4028 καὶ
2929 3977 3095 4028 ταῦτα
3125 3977 3226 4039 τῆς
3274 3973 3439 4028 αὐτοῦ
3471 3974 3679 4049 χώρας,
3715 3975 3792 4036 ὡς

2135 4064 2417 4137 Ὑμεναίου
2464 4064 2552 4117 καὶ
2607 4062 2913 4138 Ναρκίσσου
2966 4061 3074 4117 τῶν
3129 4063 3499 4137 ἱερασαμένων
3572 4062 3623 4116 ἐν
3696 4064 3794 4118 Ἱε-

2137 4152 2492 4226 ροσολύμοις.
2554 4153 2700 4226 Ἐγὼ
2750 4157 2880 4228 γοῦν
2922 4150 3176 4228 ἐνέτυχόν
3207 4172 3318 4205 τισι
3349 4156 3458 4206 τῶν
3486 4151 3790 4225 Ὑμεναίου.

2136 4241 2238 4298 Καὶ
2300 4244 2408 4314 μὴν
2465 4238 2590 4296 οὕτε
2647 4241 2944 4298 ΙΙανταίνου
3001 4239 3130 4302 τοὺς
3185 4239 3388 4302 πόνους
3449 4240 3743 4316 ἀνέγραψεν
3775 4286 3792 4314 ,

2136 4327 2258 4385 οὕτε
2281 4335 2376 4384 τοῦ
2425 4330 2711 4404 Ῥωμαίου
2759 4328 3108 4402 Κλήμεντος,
3159 4327 3306 4398 πλὴν
3351 4327 3447 4384 δύο
3489 4330 3579 4384 καὶ
3613 4329 3792 4402 μόνων

2135 4419 2457 4476 ἐπιστολῶν·
2513 4417 2640 4474 ἀλλ’
2691 4416 2814 4474 οὔτε
2864 4416 3140 4474 πλείστων
3194 4418 3408 4494 ἑτέρων.
3441 4419 3504 4477 Ὁ
3550 4419 3653 4494 γὰρ
3702 4421 3794 4474 Ὣ-

2136 4511 2374 4584 ριγένης,
2425 4508 2525 4563 οὐκ
2576 4505 2696 4562 οῖδα
2748 4506 2794 4563 εἶ
2843 4507 3085 4576 πάντων,
3121 4504 3283 4581 μόλις
3332 4505 3390 4562 δὲ
3437 4505 3707 4582 τεττάρων
3741 4505 3792 4562 ἐ-

369 4605 658 4671 omnium,
691 4605 786 4660 vix
840 4611 1040 4660 autem
1089 4609 1342 4676 quatuor
1393 4603 1684 4658 meminit.
1739 4602 2025 4660 Diaconus

2140 4599 2377 4670 μνήσθη.
2440 4599 2697 4658 Διάκονος
2753 4591 2810 4649 δέ
2855 4615 2939 4658 τις
2985 4596 3284 4668 Ῥωμαῖος.
3337 4595 3544 4671 Πέτρος
3593 4589 3792 4668 ὄνομα,

369 4711 504 4751 vero
535 4693 775 4766 quidam
828 4695 1154 4760 Romanus,
1203 4693 1444 4748 nomine
1491 4691 1718 4760 Petrus,
1769 4694 2030 4750 narravit

370 4783 539 4852 mihi,
573 4782 774 4840 omnia
819 4782 1004 4838 divini
1053 4781 1318 4853 Dionysii
1348 4797 1544 4853 opera,
1590 4785 1784 4836 Romae
1824 4779 1883 4835 in
1933 4798 2027 4836 sa-

371 4888 607 4929 crorum
637 4873 996 4944 scriptorum
1027 4869 1382 4927 bibliotheca
1411 4869 1668 4941 reposita
1698 4870 1938 4926 servari.

443 4961 658 5017 Scribit
705 4967 900 5017 autem
949 4958 1208 5032 plurima
1248 4960 1320 5014 ad
1371 4958 1780 5014 beatissimum
1829 4958 2024 5014 Timo-

368 5052 594 5118 theum,
627 5051 818 5106 sancti
844 5048 1006 5104 Pauli
1058 5047 1307 5120 apostoli
1336 5048 1717 5120 discipulum,
1750 5047 2023 5119 Ephesio-

369 5155 500 5196 rum
550 5139 914 5212 episcopum,
945 5155 979 5192 a
1027 5137 1327 5209 primariis
1374 5137 1590 5192 Jonicas
1635 5136 2020 5210 philosophia:

367 5228 754 5284 sectatoribus
785 5226 1000 5298 Ephesi
1021 5225 1393 5282 versantibus
1424 5225 1746 5296 molestias,
1767 5229 1832 5281 ut
1859 5227 2017 5282 vide-

365 5317 904 5384 tur,sustinentem,
936 5333 1002 5371 ac
1051 5315 1504 5387 interrogantem
1553 5313 1714 5372 velut
1759 5315 2018 5386 profanae

2140 5314 2440 5390 πράγματα,
2471 5312 2559 5366 καὶ
2609 5310 3033 5382 πυνθανόμενον,
3071 5309 3145 5372 ὠς
3196 5306 3500 5382 εἷδήμονος
3525 5316 3625 5379 τῆς
3657 5309 3758 5381 ἐξω

364 5404 749 5477 philosophiae
782 5405 1057 5477 peritum,
1092 5409 1156 5460 ut
1199 5404 1389 5477 magis
1420 5408 1670 5460 certaret
1701 5423 1714 5462 :
1749 5403 2016 5476 nihilque

2140 5410 2346 5480 τερικῆς
2391 5396 2856 5479 φιλοσοφίας,⁹ίνα
2900 5399 2991 5454 καὶ
3041 5397 3255 5472 μᾶλλον
3308 5399 3653 5474 ἀγωνίζοιτο·
3702 5419 3772 5454 κα

2140 4684 2438 4760 διηγήσατό
2474 4706 2589 4758 μοι,
2630 4683 2804 4738 πάντα
2850 4683 2918 4737 τὰ
2959 4687 3055 4738 τοῦ
3109 4681 3258 4738 θείου
3297 4682 3578 4738 Διονυσίου
3626 4683 3792 4751 σώζε-

2138 4777 2255 4830 σθαι
2288 4774 2425 4830 κατὰ
2450 4774 2548 4842 τὴν
2583 4773 2632 4828 ἐν
2661 4772 2855 4846 Ῥώμῃ
2886 4775 2996 4826 τῶν
3042 4771 3206 4848 ἱερῶν
3263 4766 3630 4848 βιϐλιοθήκην
3662 4770 3792 4825 ἀνα-

2135 4864 2434 4937 τεθειμένα.

2209 4955 2402 5031 Γράφει
2450 4951 2507 5006 δὶ
2556 4949 2624 5006 τὰ
2671 4947 2904 5004 πλεῖστα
2943 4949 3082 5024 πρὸς
3127 4950 3220 5005 τὸν
3253 4948 3645 5025 τρισμακάριον
3694 4952 3794 5007 Τι-

2137 5043 2354 5116 μόθεον,
2385 5041 2477 5096 τὸν
2530 5043 2628 5094 τοῦ
2677 5037 2834 5113 ἀγίου
2884 5037 3196 5094 ἀποστόλου
3237 5037 3460 5096 Παύλου
3504 5039 3794 5115 φοιτητὴν,

2132 5136 2390 5214 Ἐφεσίων
2443 5132 2760 5198 ἐπίσκοπον,
2808 5131 2911 5185 ὑπὸ
2950 5135 3058 5186 τῶν
3104 5132 3242 5189 κατὰ
3276 5132 3377 5201 τήν
3412 5133 3643 5208 Ἔφεσον
3691 5137 3794 5199 τῆς

2131 5227 2376 5294 Ἰωνικῆς
2421 5220 2746 5300 φιλοσοφίας
2790 5220 3179 5296 προεστώτων,
3221 5220 3294 5282 ὡς
3337 5218 3796 5296 είκὸς,πάσχοντα

3776 5372 3794 5427 ὶ

1348 5568 1584 5626 ἾΑΒΙΛΕ
1623 5565 2023 5625 LECTIONES
2061 5568 2154 5625 ET
2193 5563 2758 5625 CORRECTIONES.

443 5698 465 5733 ³
495 5695 655 5771 πρός.
733 5697 754 5731 ⁴
782 5697 977 5752 πάντα.
1055 5697 1076 5731 ⁸
1105 5698 1291 5753 ταῦτα.
1367 5699 1390 5732 ⁸
1419 5695 1573 5771 φησί.
