4134 6394
340 379 406 444 2'4
1237 393 1295 448 s.
1343 393 1614 449 MAXIM!
1652 392 2036 449 PROLOGUS
2070 395 2144 447 ΙΝ
2181 394 2425 450 ossea
2463 398 2522 450 s.
2563 396 2905 452 DIONYSII.
3710 397 3787 451 22

343 511 500 569 ούδὶν
527 511 754 575 ἀπεικός
785 529 800 546 ⁸
831 508 950 567 ἐπεὶ
1009 511 1098 568 καὶ
1157 513 1185 567 ὁ
1229 512 1491 592 θεοφιλὴς
1523 512 1830 576 ἀπόστολος
1861 517 2010 568 Παῦ-

2137 531 2156 571 ι
2187 516 2598 588 probabilitate
2621 517 2902 585 alienum,
2924 518 3407 590 quandoquidem
3432 519 3662 576 amicus
3688 520 3786 576 Dei

345 601 443 665 λος
476 607 596 664 ταῖς
626 599 916 672 Ἑλλήνων
969 601 1246 679 ἐχρήσατο
1291 603 1502 680 ῥήσεσι,
1547 602 1745 665 ταύτας
1800 603 2013 658 ἀκούων

340 694 510 769 τυχὸν
539 692 690 768 παρὰ
711 698 822 747 τῶν
855 693 1122 748 συνόντων
1153 692 1322 765 αύτῷ,
1354 696 1453 758 τῆς
1499 690 1803 762 ἒλληνικῆς
1852 689 2014 770 φιλο-

339 784 534 859 σοφίας
584 782 888 857 ἐμπείρων.
925 782 1215 852 Συνίστησι
1276 781 1334 837 δὲ
1378 782 1468 837 καὶ
1518 780 1703 851 τοῦτο,
1736 781 2015 836 Διονυσίου

338 878 512 928 ταῦτα
558 870 893 946 φιλαλήθως
948 872 1015 927 τὰ
1079 871 1484 947 συγγράμματα
1546 871 1901 926 καθεστάναι·
1951 872 2015 926 τὸ

340 963 451 1038 γάρ
512 959 952 1032 ἀνεπιτηδεύτως
1022 962 1387 1036 μνημονεύειν
1434 961 1593 1016 αὐτὸν
1647 960 1856 1036 ῥήσεων
1904 965 2012 1015 τῶν

337 1053 803 1126 συνακμασάντων
837 1050 986 1124 αύτῷ
1016 1047 1253 1126 ἀνδρῶν,
1287 1051 1360 1104 ὧν
1386 1047 1440 1104 α⁹ί
1481 1071 1538 1104 τε
1569 1052 1708 1104 θεῖαι
1737 1053 1844 1104 τῶν
1877 1049 2016 1104 ἀπο-

335 1140 561 1197 στόλων
600 1140 1009 1215 μνημονεύουσι
1060 1140 1309 1217 Πράξεις,
1340 1141 1428 1194 καὶ
1482 1137 1702 1195 Παύλου
1748 1142 1844 1193 τοῦ
1892 1140 2012 1193 θεο-

335 1231 548 1301 φιλοῦς
581 1231 638 1286 αἱ
679 1227 1066 1308 πολυωφελεῖς
1115 1227 1426 1298 ἐπιστολαὶ,
1455 1230 1518 1284 τὸ
1564 1234 1672 1284 τῶν
1732 1247 2015 1303 συγγραμ-

345 1320 539 1394 μάτων
581 1319 968 1396 ἀσκευώρητον
999 1319 1360 1396 ἀποφαίνουσι
1395 1337 1408 1352 ’
1447 1316 1684 1393 μάλιστα
1713 1315 1771 1373 δὲ
1799 1319 2013 1373 πάντων

336 1412 406 1466 τὸ
435 1414 548 1466 τῶν
585 1407 881 1486 δογμάτων
909 1408 1341 1488 ἀσφαλέστατον.

421 1497 649 1568 Ἑοτειδή
679 1497 738 1554 δέ
761 1497 905 1561 τινές
945 1520 1095 1576 φασι,
1129 1499 1207 1573 μὴ
1253 1499 1385 1554 εἶναι
1433 1501 1530 1553 τοῦ
1578 1497 1731 1574 ἁγίου
1773 1497 1837 1553 τὸ
1881 1497 2011 1571 σύγ-

343 1610 584 1666 γραμμα
612 1592 654 1660 7,
687 1587 835 1644 ἀλλά
883 1609 1033 1651 τινος
1087 1592 1195 1643 τῶν
1259 1587 1744 1664 μεταγενεστέρων,
1802 1587 2006 1661 ἀνάγκη

341 1679 544 1742 αὐτοὺς
573 1679 666 1734 καὶ
693 1682 805 1734 τῶν
837 1677 1298 1754 ἀπηγορευμένων
1328 1677 1450 1733 τινὰ
1478 1679 1566 1732 καὶ
1601 1677 1818 1732 ἀτόπων
1849 1675 2008 1731 αὐτὸν

340 1770 572 1838 τιθέναι,
626 1764 1106 1841 καταψευδόμενον
1151 1771 1376 1822 τοιαῦτα
1445 1767 1659 1834 ἑαυτοῦ,
1715 1766 1790 1827 ὡς
1844 1772 2008 1835 συνῆν

2131 605 2348 661 Paulus
2380 607 2702 678 apostolus,
2737 607 3048 664 sententiis
3076 608 3383 678 gentilium
3417 625 3562 665 usus
3589 610 3785 678 fuerit,

2128 711 2263 750 cum
2299 695 2442 751 forte
2474 712 2571 752 eas
2599 714 2631 752 a
2663 696 3056 752 familiaribus
3109 696 3232 753 suis
3265 698 3472 753 Griecze
3523 697 3786 770 philoso-

2127 783 2273 853 phiae
2298 784 2501 854 peritis
2525 784 2871 840 audivisset.
2897 786 3070 841 Porro
3093 785 3237 841 illud
3259 787 3436 842 etiam
3457 788 3788 858 conﬁrmat,

2127 871 2249 927 haec
2277 887 2410 928 vere
2459 872 2722 945 Dionysii
2772 874 2992 946 scripta
3042 873 3361 942 constitui;
3412 891 3544 930 eum
3578 892 3789 948 nempe

2124 960 2252 1016 sine
2284 960 2405 1017 ulla
2452 962 2820 1018 affectatione
2870 963 3213 1020 meminisse
3243 964 3672 1020 sententiarum
3702 966 3788 1020 vi-

2125 1064 2324 1106 rorum
2375 1051 2475 1122 qui
2529 1067 2659 1106 cum
2711 1051 2840 1124 ipso
2891 1053 3238 1119 ﬂoruerunt,
3291 1069 3545 1125 quorum
3587 1053 3790 1110 divina

2124 1138 2526 1208 apostolorum
2557 1143 2699 1197 Acta
2722 1142 3083 1198 mentionem
3107 1142 3347 1211 faciunt,
3373 1145 3431 1198 et
3453 1141 3783 1198 utilissimae

2125 1227 2288 1284 Pauli
2319 1229 2419 1285 Dei
2473 1230 2871 1286 amantissimi
2921 1231 3190 1303 Epistolas
3240 1230 3596 1303 scriptorum
3627 1233 3783 1288 inte-

2121 1317 2398 1390 gritatem
2430 1318 2753 1388 declarant,
2786 1320 3040 1376 maxime
3092 1337 3225 1376 vero
3276 1320 3545 1376 omnium
3578 1321 3782 1377 certis-

2120 1407 2274 1464 sima
2307 1408 2595 1464 doctrina.

2193 1496 2479 1562 Quoniam
2499 1513 2634 1552 vero
2667 1496 2853 1569 aliqui
2878 1498 3082 1553 dicunt
3103 1497 3211 1553 hoc
3233 1497 3516 1569 scriptum
3539 1497 3784 1554 minime

2122 1589 2324 1641 sancto
2365 1586 2771 1657 tribuendum,
2803 1587 2906 1643 sed
2952 1586 3185 1642 cuidam
3235 1588 3652 1660 posteriorum,
3679 1602 3782 1642 ne-

2120 1690 2302 1744 cesse,
2333 1675 2493 1746 ipsos
2523 1679 2582 1730 et
2605 1675 2926 1747 desperatae
2953 1675 3272 1746 quemdam
3305 1675 3540 1746 salutis,
3575 1691 3640 1730 ac
3672 1675 3778 1730 ab-

2120 1765 2370 1819 surdum
2403 1764 2562 1819 hunc
2587 1763 2947 1835 existimare,
2978 1763 3124 1820 talia
3155 1766 3224 1819 de
3258 1764 3452 1835 seipso
3483 1763 3774 1818 mentien-

348 1863 468 1920 τοῖς
493 1855 850 1922 ἀποστόλοις,
881 1855 973 1911 καὶ
1017 1854 1341 1911 ἐπέστελλεν
1386 1857 1472 1918 οἷς
1520 1852 1647 1909 οὐδὲ
1701 1853 2010 1930 συνεγένετό

2137 1856 2268 1920 tem,
2298 1853 2455 1924 quod
2500 1851 2780 1924 apostolis
2828 1852 3147 1909 convixerit
3173 1869 3239 1908 ac
3267 1852 3491 1910 litteras
3523 1853 3775 1924 miserit,

349 1966 481 2001 ποτε
517 1945 638 2001 κατ’
670 1944 888 2017 αὐτοὺς,
918 1941 1044 2000 οὐδὲ
1073 1943 1369 2002 ἐπέστειλε.

423 2036 504 2091 Τὸ
555 2032 614 2089 δὲ
660 2033 752 2089 καὶ
802 2033 1107 2089 πλάσασθαι
1151 2033 1486 2113 προφητείαν
1537 2035 1672 2109 πρὸς
1721 2034 1812 2088 τὸν
1874 2032 2009 2087 ἀπό-

348 2121 552 2179 στολον
581 2121 836 2194 Ἰωάννην
887 2122 940 2178 έν
987 2121 1168 2198 έξορίᾳ
1215 2119 1362 2192 ὄντα,
1412 2123 1488 2185 ὡς
1535 2121 1786 2194 ἐπανήξει
1845 2122 2010 2178 πάλιν

349 2212 431 2276 είς
461 2215 562 2282 τήν
592 2209 877 2269 Ἀσιάτιδα
923 2218 1052 2289 γῆν,
1083 2211 1173 2266 καὶ
1226 2211 1294 2266 τὰ
1349 2214 1555 2284 συνήθη
1598 2210 1820 2285 διδάξει,
1851 2215 2013 2267 τοῦτο

341 2301 724 2378 τερατολόγου
780 2299 978 2379 ἀνδρὸς
1046 2301 1138 2356 καὶ
1193 2297 1480 2380 προφήτου
1551 2299 1707 2373 δόξαν
1771 2303 2016 2374 ἐκμανῶς

345 2391 706 2466 θηρωμένου.

418 2480 501 2537 Τὸ
551 2475 609 2534 δὶ
652 2478 745 2533 καὶ
793 2475 977 2552 λέγειν
1029 2475 1186 2532 αὐτὸν
1247 2477 1298 2532 ἐν
1353 2475 1502 2549 αύτῷ
1554 2478 1634 2546 τῷ
1681 2480 1861 2552 καιρῷ
1918 2480 2016 2532 τοῦ

341 2567 634 2644 σωτηρίου
682 2565 890 2631 πάθους
940 2566 993 2623 ἓν
1038 2563 1399 2624 Ἡλιουπόλει
1465 2565 1691 2622 συνόντα
1735 2565 2015 2622 Ἀπολλο-

340 2657 530 2734 φάνει,
563 2658 790 2731 θεωρεῖν
821 2655 914 2711 καὶ
966 2653 1408 2734 συμφιλοσοφεῖν
1452 2654 1577 2732 περὶ
1619 2662 1720 2726 τῆς
1777 2654 2016 2726 ἡλιακῆς

342 2745 681 2821 ἐκλείψεως,
712 2746 790 2810 ὡς
816 2745 880 2800 ού
906 2744 1045 2801 κατά
1073 2746 1228 2824 φύσιν
1256 2741 1382 2800 ούδὶ
1427 2746 1565 2800 κατὰ
1608 2744 1673 2800 τὸ
1720 2743 1842 2810 ἔθος
1895 2745 2020 2800 τότε

344 2837 734 2911 γεγενημένης
762 2853 777 2868 ’
809 2832 988 2910 λέγειν
1015 2831 1072 2889 δὲ
1119 2833 1281 2889 αὐτὸν
1329 2832 1421 2888 καὶ
1463 2839 1710 2909 παρεῖναι
1756 2833 1850 2888 σὺν
1899 2838 2020 2896 τοῖς

347 2921 692 2986 ἀποστόλοις
730 2926 801 2997 τῇ
831 2919 1150 3000 προκομιδῇ
1173 2925 1272 2978 τοῦ
1303 2921 1566 2998 λειψάνου
1593 2926 1692 2979 τοῦ
1742 2925 1889 2988 θείου
1921 2929 2021 2994 τῆς

349 3014 513 3091 ἁγίας
565 3013 825 3069 θεοτόκου
872 3011 1085 3089 Μαρίας
1117 3031 1130 3046 ’
1178 3014 1268 3067 καὶ
1316 3014 1548 3088 χρήσεις
1593 3014 1888 3089 προφέρειν
1923 3014 2022 3070 Ἱε-

349 3105 552 3179 ροθέου
597 3106 698 3159 τοῦ
751 3099 891 3158 ἰδίου
943 3099 1278 3158 διδασκάλου
1325 3101 1386 3157 ἐκ
1431 3106 1540 3158 τῶν
1580 3101 1661 3165 εἷς
1691 3102 1857 3172 αὐτὴν
1903 3101 2020 3158 ἐπι-

345 3193 568 3272 ταφίων
599 3191 800 3268 λόγων·
832 3190 1165 3256 πλάττεσθαι
1203 3189 1262 3247 δὶ
1308 3191 1399 3247 καὶ
1453 3190 1745 3254 ἐπιστολὰς
1784 3193 1871 3247 καὶ
1923 3189 2020 3246 λό-

2120 1942 2338 2014 quibus
2365 1958 2670 2013 nunquam
2703 1941 2894 1998 adfuit
2925 1958 3115 2014 neque
3133 1941 3404 2014 scripsit.

2191 2034 2370 2090 Porro
2400 2033 2574 2090 etiam
2596 2033 2940 2090 vaticinium
2965 2034 3184 2107 ﬁngere
3213 2034 3284 2089 ad
3316 2033 3606 2090 Joannem
3629 2049 3773 2105 apo-

2121 2125 2338 2180 stolum
2371 2123 2431 2178 in
2465 2123 2669 2180 exsilio
2698 2126 3054 2194 versantem,
3087 2123 3245 2195 quod
3276 2123 3490 2178 iterum
3522 2122 3582 2178 in
3603 2124 3774 2178 Asia-

2124 2229 2262 2270 nam
2305 2216 2522 2270 terram
2572 2215 2917 2284 revertetur,
2947 2216 3006 2268 et
3050 2217 3335 2269 consueta
3381 2211 3632 2280 docebit,
3668 2211 3779 2268 hoc

2123 2307 2234 2371 est,
2269 2301 2717 2374 praestigiatoris
2743 2302 3006 2359 hominis
3037 2307 3094 2358 et
3122 2301 3415 2374 prophetis
3446 2301 3783 2374 opinionem

2126 2392 2334 2447 insane
2363 2391 2652 2448 venantis.

2200 2482 2404 2551 Ipsum
2437 2484 2633 2535 autem
2666 2480 2860 2536 dicere
2881 2494 2945 2535 se
2973 2483 3238 2552 tempore
3260 2478 3538 2536 salutaris
3564 2479 3788 2552 passio-

2125 2569 2220 2626 nis
2252 2568 2535 2640 Heliopoli
2569 2585 2703 2624 cum
2737 2567 3144 2641 Apollophane
3184 2572 3478 2642 agentem,
3510 2567 3784 2642 specula-

2126 2662 2254 2714 tum
2288 2674 2355 2713 ac
2385 2657 2561 2713 simul
2583 2657 3065 2730 philosophatum
3098 2658 3169 2713 de
3190 2657 3367 2714 solari
3386 2656 3785 2730 eclipsi,quod

2128 2763 2245 2804 non
2278 2747 2608 2803 secundum
2630 2750 2899 2802 naturam
2922 2762 3112 2818 neque
3129 2747 3456 2802 secundum
3477 2751 3788 2802 consuetu-

2127 2835 2328 2892 dinem
2358 2839 2485 2891 tum
2538 2835 2889 2904 accidisset;
2944 2836 3136 2892 dicere
3182 2839 3378 2892 autem
3411 2852 3475 2892 se
3504 2852 3622 2892 una
3650 2851 3787 2890 cum

2129 2926 2409 2998 apostolis
2443 2927 2786 2984 interfuisse
2823 2943 2958 2983 cum
3009 2927 3272 2983 divinum
3325 2943 3540 2998 corpus
3569 2929 3788 2982 sanctae

2129 3015 2388 3089 Πείρεω
2451 3016 2648 3074 Mariae
2699 3020 3047 3090 gestaretur,
3077 3033 3144 3073 ac
3192 3017 3514 3072 sententias
3561 3015 3786 3088 proprii

2131 3105 2400 3178 magistri
2432 3105 2728 3163 Hierothei
2762 3123 2830 3164 ex
2850 3107 2977 3176 ejus
2994 3105 3341 3162 funebribus
3363 3108 3434 3161 ad
3458 3107 3648 3178 ipsam
3673 3121 3792 3161 ser-

2132 3197 2412 3252 monibus
2447 3195 2726 3268 proferre,
2760 3197 2980 3267 fingere
3011 3197 3189 3252 etiam
3221 3195 3503 3268 epistolas
3533 3198 3592 3251 et
3618 3195 3796 3251 verba

345 3269 485 3360 γους
521 3283 597 3345 ὡς
627 3283 766 3357 πρὸς
792 3281 920 3345 τοὺς
954 3280 1201 3356 μαθητάς
1237 3285 1345 3337 τῶν
1390 3281 1713 3338 ἀποστόλων
1771 3279 2020 3360 ἐκφωνη-

2137 3289 2424 3356 tanquam
2469 3285 2542 3340 ab
2594 3285 2994 3356 apostolorum
3044 3283 3355 3356 discipulis
3385 3284 3796 3355 pronuntiata,

350 3374 576 3445 θέντας,
636 3369 814 3443 πόσης
869 3371 1096 3436 ἀτοπίας
1162 3370 1255 3426 καὶ
1329 3369 1748 3446 καταγνώσεως,
1797 3371 1886 3425 καὶ
1943 3374 2024 3443 τῷ

345 3461 580 3538 τυχόντι
626 3462 924 3534 ἀνθρώπῳ,
961 3462 1095 3534 μήτι
1141 3481 1205 3535 γε
1254 3458 1320 3529 δὴ
1372 3457 1528 3533 ἀνδρὶ
1555 3463 1813 3514 τοσοῦτον
1866 3458 2024 3534 ἀνηγ-

356 3551 506 3625 μένῳ
567 3551 706 3606 κατά
763 3569 822 3605 τε
874 3550 1011 3619 ἦθος
1066 3549 1158 3606 καὶ
1219 3553 1444 3626 γνῶσιν,
1475 3548 1565 3604 καὶ
1603 3549 1664 3603 τὸ
1717 3548 2023 3624 ὑπεραίρειν

351 3641 421 3696 τὰ
475 3639 714 3711 αἴσθητᾶ
783 3639 984 3709 πάντα,
1038 3638 1130 3693 καὶ
1201 3641 1321 3700 τοῖς
1384 3643 1597 3714 νοεροῖς
1671 3639 2026 3703 συνάπτεσθαι

356 3729 610 3798 κάλλεσι,
645 3728 737 3784 καὶ
764 3725 836 3784 δι’
869 3728 1047 3784 αὐτῶν
1081 3728 1157 3790 ὡς
1186 3727 1407 3803 ἐφικτὸν
1438 3730 1583 3800 Θεῷί

437 3822 819 3894 Ἐεηγητικῶν
854 3817 949 3891 μὶε
977 3816 1068 3872 οὖν
1105 3816 1518 3891 ὑπομνημάτων
1547 3818 1621 3879 ὡς
1671 3816 1756 3873 ὅτι
1792 3816 2028 3891 μάλιστα

365 3905 832 3981 διεξοδικωτάτων
889 3903 1065 3962 ὶδεῖτο
1143 3907 1282 3982 πρὸς
1339 3905 1630 3980 ἑρμηνείαν
1705 3909 1804 3971 τῆς
1860 3907 2027 3961 αύτοῦ

358 3995 745 4070 πολυμαθείας
780 4013 794 4028 ·
830 3993 979 4064 πλὴν
1029 3992 1589 4073 κεφαλαιωδέστερον,
1623 3996 1698 4058 ὡς
1748 3998 1783 4066 ἡ
1833 3991 2025 4071 βίϐλος

357 4088 641 4162 ἐχώρησε,
675 4083 766 4141 διὰ
817 4083 1086 4161 σχολίων,
1138 4083 1206 4140 τᾶ
1261 4084 1490 4162 φανέντα
1549 4105 1667 4159 μοι,
1695 4088 1802 4158 θεῷ
1831 4105 2025 4142 πεποι-

355 4178 492 4247 θὼς,
552 4176 920 4251 παρατέθεικα
988 4173 1127 4231 κατά
1180 4173 1310 4238 τοὺς
1402 4175 1524 4246 ἑξῆς
1601 4174 2030 4252 παρακειμένους

353 4264 583 4340 λόγους,
643 4262 738 4327 οὓς
791 4264 930 4328 τέως
991 4261 1070 4327 εἷς
1116 4265 1215 4328 τὰς
1281 4263 1418 4338 ἐμὰς
1473 4263 1652 4329 ἐλθεῖν
1714 4259 2030 4338 συμϐέϐηκε

357 4360 558 4432 χεῖρας
587 4356 630 4412 ⁸.

2134 3378 2368 3445 quantae
2383 3373 2789 3443 absurditatis,
2807 3379 2864 3429 et
2875 3373 3385 3430 condemnationis
3406 3373 3592 3428 cuivis
3614 3374 3795 3428 etiam

2135 3478 2166 3518 e
2211 3463 2380 3533 plebe
2428 3461 2676 3530 homini,
2724 3477 2797 3518 ne
2842 3461 3035 3518 dicam
3077 3462 3201 3518 viro
3249 3463 3395 3518 adeo
3441 3461 3708 3518 moribus
3736 3464 3794 3518 et

2135 3551 2383 3608 scientia
2431 3551 2674 3621 elevato,
2706 3555 2764 3607 et
2810 3557 3023 3608 cuncta
3072 3551 3312 3607 sensilia
3358 3551 3684 3624 superanti,
3729 3568 3796 3606 ac

2135 3640 2684 3713 pulchritudinibus
2718 3645 2914 3696 mente
2945 3640 3206 3713 prmditis
3246 3642 3586 3712 conjuncta,
3619 3644 3796 3712 atque

2136 3746 2240 3802 per
2267 3745 2368 3785 eas
2399 3734 2684 3801 quantum
2717 3729 2854 3786 licet
2883 3731 3000 3787 Deo
3025 3730 3037 3784 l

2208 3819 2666 3876 Commentariis
2697 3819 2935 3892 quidem
2987 3818 3374 3893 amplissimis
3406 3819 3476 3874 ad
3507 3819 3795 3891 interpre-

2137 3908 2417 3965 tationem
2450 3909 2697 3982 copiosze
2737 3912 2880 3966 adeo
2926 3909 3189 3965 scientiae
3219 3926 3368 3982 opus
3398 3913 3560 3975 erat;
3595 3913 3792 3964 tamen

2135 3998 2396 4066 brevius,
2425 4002 2716 4070 quantum
2749 4015 2952 4073 margo
2992 3998 3128 4054 libri
3158 3999 3447 4070 capiebat,
3475 3997 3578 4054 Dei
3612 3998 3796 4054 fretus

2139 4087 2376 4158 auxilio,
2407 4104 2475 4144 ea
2506 4105 2635 4161 quas
2666 4087 2954 4144 mihivisa
2973 4092 3115 4144 sunt
3136 4086 3377 4144 scholiis
3403 4087 3462 4143 in
3485 4090 3798 4160 sequentes

2135 4177 2342 4244 libros,
2375 4194 2524 4249 quos
2575 4178 2647 4234 ad
2698 4192 2862 4234 meas
2911 4177 3199 4234 hactenus
3247 4176 3549 4250 pervenire
3587 4191 3800 4232 manus

2137 4266 2387 4341 contigit
2415 4266 2687 4339 apposui.

1450 4478 1534 4535 Ea:
1553 4477 1787 4536 scholiz's
1815 4479 2241 4551 diligentissimi
2268 4479 2558 4554 cujusdam
2583 4481 2715 4538 viri.

431 4601 632 4660 Ἰστέον
663 4602 738 4666 ὥς
789 4622 936 4666 τινες
960 4605 1068 4658 τῶν
1108 4598 1212 4672 ἔξω
1261 4599 1610 4678 φιλοσόφων,
1639 4603 1730 4659 καὶ
1793 4603 2020 4678 μάλιστα

2209 4608 2525 4664 Sciendum
2570 4606 2795 4678 aliquos
2847 4605 3224 4678 profanorum
3281 4603 3795 4676 philosophorum,

358 4690 642 4767 Πρόκλος,
676 4694 998 4767 θεωρήμασι
1045 4689 1322 4754 πολλάκις
1377 4697 1476 4748 τοῦ
1528 4693 1798 4766 μακαρίου
1843 4703 2028 4750 Διονυ-

361 4781 488 4837 σίου
536 4781 833 4856 κέχρηται,
883 4779 976 4835 καὶ
1031 4778 1219 4843 αὐταῖς
1269 4777 1327 4835 δὲ
1373 4781 1562 4856 ξηραῖς
1618 4788 1740 4845 ταῖς
1798 4782 1973 4854 λέξεσι
2008 4801 2020 4818 ο

361 4871 457 4927 καὶ
507 4865 653 4926 ἔστιν
700 4869 962 4926 ὑπόνοιαν
1009 4867 1069 4924 έκ
1111 4867 1308 4924 τούτου
1358 4866 1544 4925 λαϐεῖν
1591 4871 1665 4934 ὡς
1697 4872 1748 4925 οἱ
1779 4869 1831 4926 ἐν
1865 4872 2028 4943 Ἀθή-

362 4981 487 5022 ναις
516 4958 880 5035 παλαιότεροι
927 4961 1034 5014 τῶν
1086 4957 1432 5036 φιλοσόφων,
1464 4959 1909 5038 σφετερισάμενοι
1939 4961 2034 5025 τὰς

361 5049 535 5106 αὐτοῦ
596 5045 1000 5125 πραγματείας,
1040 5047 1113 5108 ὡς
1163 5045 1216 5100 ἐν
1263 5051 1330 5121 τῇ
1388 5049 1637 5124 παρούσῃ
1697 5049 2033 5124 ἀπομνημο-

358 5138 508 5195 νεύει
571 5132 772 5213 βίϐλῳ,
803 5136 1142 5211 ἀπέκρυψαν,
1195 5132 1288 5190 ’ίνα
1344 5137 1570 5211 πατέρες
1617 5137 1771 5194 αὐτοὶ
1829 5139 2034 5218 ὀφθῶσι

360 5232 474 5284 τῶν
528 5226 689 5282 θείων
738 5224 908 5282 αὐτοῦ
966 5225 1210 5301 Λογίων·
1243 5227 1334 5281 καὶ
1379 5227 1494 5282 κατ’
1527 5225 1848 5302 οἲκονομίαν
1902 5231 2036 5285 Θεοῦ

362 5321 462 5372 νῦν
521 5314 758 5394 ἀνεφάνη
806 5317 844 5385 ἡ
903 5317 1153 5390 παροῦσα
1207 5314 1554 5391 πραγματεία
1605 5318 1742 5392 πρὸς
1801 5315 2035 5395 ἔλεγχον

362 5413 470 5478 τῆς
509 5404 682 5462 αὐτῶν
716 5401 1030 5476 κενοδοξίας
1061 5401 1151 5459 καὶ
1184 5400 1551 5481 ῥᾳδιουργίας.
1585 5407 1684 5461 Καὶ
1736 5405 1821 5462 δτι
1874 5407 2038 5479 σύνη-

2139 4701 2198 4753 et
2229 4697 2480 4753 maxime
2528 4695 2818 4766 Proclum,
2865 4711 3017 4766 sape
3063 4709 3242 4749 usum
3293 4691 3799 4765 speculationibus

2141 4786 2296 4842 beati
2352 4785 2655 4858 Dionysii;
2704 4784 2826 4841 imo
2875 4783 3020 4855 ipsis
3069 4781 3248 4838 etiam
3300 4781 3476 4837 nudis
3531 4781 3801 4838 dictioni-

2141 4875 2303 4946 bus;
2364 4876 2519 4931 unde
2575 4889 2645 4930 ex
2703 4873 2811 4929 hoc
2870 4871 3161 4945 suspicari
3218 4871 3374 4940 licet,
3434 4870 3800 4942 antiquiores

2143 4963 2387 5020 Athenis
2413 4963 2818 5036 philosophos,
2851 4963 3032 5034 hujus
3055 4976 3234 5033 opera
3267 4959 3379 5016 sibi
3408 4959 3804 5027 vindicantes,

2145 5052 2298 5110 sicut
2347 5053 2405 5108 in
2453 5053 2726 5125 presenti
2776 5051 2926 5108 libro
2980 5052 3279 5118 admonet,
3330 5048 3678 5116 occultasse,
3739 5053 3808 5104 ut

2144 5142 2262 5215 ipsi
2310 5141 2646 5198 divinorum
2697 5142 2825 5213 ejus
2869 5139 3153 5197 librorum
3203 5141 3469 5195 auctores
3516 5155 3582 5195 ac
3614 5141 3810 5210 patres

2145 5231 2528 5300 viderentur;
2589 5235 2648 5287 et
2696 5229 2795 5287 Dei
2846 5227 3288 5302 dispensatione
3348 5243 3509 5283 nunc
3556 5243 3817 5299 praesens

2148 5337 2298 5394 opus
2328 5321 2802 5378 demonstratum
2850 5323 2960 5386 est,
3009 5317 3080 5374 ad
3113 5317 3378 5390 ipsorum
3411 5315 3732 5372 vanitatem
3763 5318 3823 5372 et

2151 5410 2476 5483 nequitiam
2524 5407 3018 5482 redarguendam.
3073 5405 3390 5464 Familiare
3441 5410 3642 5463 autem
3671 5404 3820 5477 ipsis

1399 5533 1633 5590 νΑΒΙΛς
1671 5535 2061 5593 LECTIONES
2102 5537 2194 5592 ET
2231 5536 2794 5594 CORRECTIONES.

446 5655 468 5690 τ
499 5651 796 5728 σύνταγμα.
833 5721 849 5728 _
872 5651 896 5689 ⁸
925 5650 1334 5728 ιζίρημείαπιιηι
1379 5667 1484 5707 ms.
1533 5652 1743 5728 minus
1767 5661 1910 5728 recte
1939 5654 2313 5728 meoiudicio
2355 5656 2516 5727 ponit
2560 5654 2662 5712 hoc
2695 5653 2807 5710 loco
2854 5668 2918 5710 sa
2969 5666 3098 5725 quae
3125 5668 3186 5708 ιη
3215 5651 3460 5708 editione
3487 5649 3812 5709 Horatiana.

372 5719 800 5804 praecesserant,
831 5719 1021 5795 mea
1052 5719 1112 5779 δέ
1139 5741 1310 5796 τινες,
1343 5739 1512 5796 quam
1537 5724 1774 5798 proinde
1801 5725 1898 5784 hic
1923 5741 2017 5798 seq

2137 5719 2439 5785 ualuimus.
