4134 6394
1101 415 1162 469 8.
1204 413 1480 468 MAXIMI
1515 411 1826 469 BCHOLIA
1862 411 2114 466 lN‘LIB.
2151 411 2252 466 DE
2287 410 2613 467 C(ELEBTI
2649 410 3124 466 EIEMRCHIA.
3764 398 3836 454 3ο

841 718 1319 894 ΤΟΥ
1453 719 2172 892 ΑΓΙΟΥ
2310 717 3404 890 ΜΑΞΙΜΟΥ

1789 989 2452 1122 ΣΧΟΛΙΑ

611 1225 812 1320 ΕΙΣ
898 1225 1064 1320 ΤΑ
1144 1225 1394 1322 ΤΟΥ
1470 1224 1852 1322 ΑΓΙΟΥ
1931 1167 2622 1321 ΔΙΟΝΥΣΙοΥ
2699 1218 3630 1320 ΑΡΕΟΠΑΓΙΤΟΥ.

1123 1433 2163 1726 SANCTI—

2173 1529 3232 1723 MAXIMI'

1509 1833 2203 1969 COMMEN
2230 1835 2714 1965 ΤΑΒΙΑ

891 2203 1324 2300 SANCTI
1395 2201 1958 2298 DIONYSII
2026 2171 2850 2297 AREOPAGITAZ‘.
2923 2200 3330 2295 OPEBA

1197 2373 1536 2456 Inlerprete
1562 2372 1748 2435 Petro
1775 2371 2100 2448 Lanuelz'o,
2132 2371 2453 2435 Societatr‘s
2478 2371 2618 2433 Jesu
2640 2370 3010 2454 presbytero.

1983 2645 2097 2699 ΕΙΣ
2139 2642 2233 2699 ΤΟ

1069 2787 1368 2884 ΠΕΡΙ
1431 2788 1674 2884 ΤΗΣ
1733 2785 2364 2885 ΟΥΡΑΝΙΑΣ
2433 2785 3138 2881 ΙΕΡΑΡΧΙΑΣ.

1891 3095 1972 3156 IN
2015 3093 2315 3157 LIBRUM

1267 3247 1435 3342 DE
1505 3245 2068 3343 C(ELESTI
2132 3244 2935 3341 HIERABCHIA.

709 3569 1076 3628 ΕΞΗΓΗΣΙΣ
1115 3571 1256 3628 ΤΠΣ
1296 3569 1724 3628 ΕΗΙΓΡΑΦΗΣ.

447 3657 778 3736 Ἱεραρχίας.
834 3656 1059 3728 Ἐπειδή
1114 3661 1149 3729 ἡ
1207 3659 1483 3736 ἐπιγραφή
1537 3657 1822 3734 ἱεραρχίαν
1878 3652 1996 3734 ἔχει
2030 3701 2045 3728 ,

380 3747 568 3803 καλεῖν
631 3745 822 3803 εἷ’ωθεν
902 3747 1164 3826 ἱεράρχας
1240 3747 1367 3810 τοὺς
1436 3747 1786 3811 ἐπισκόπους.
1849 3749 2044 3802 Ἰστὲον

383 3836 496 3910 οὖν,
548 3835 635 3894 ὅτι
689 3837 945 3913 ἱεραρχία
997 3837 1091 3910 μὶν
1145 3832 1286 3893 ἔστιν
1318 3840 1354 3908 ἡ
1393 3841 1493 3903 τῆς
1545 3835 1834 3908 διατάξεως
1880 3837 2048 3903 αὐτῆς

372 3929 483 3980 τῶν
517 3927 684 4002 ἱερῶν
717 3927 867 4002 ἀρχὴ
899 3927 989 3982 καὶ
1021 3927 1188 3982 οἱονεί
1211 3926 1550 4005 φροντίς’καὶ
1580 3927 1846 4003 ἱεράρχης
1879 3928 1906 3982 6
1935 3931 2044 3982 τῶν

371 4015 542 4090 ἱερῶν
570 4014 762 4091 ἄρχων
797 4016 886 4070 καὶ
927 4015 1229 4094 φροντίζων
1278 4015 1367 4072 καὶ
1398 4020 1670 4092 προνοῶν,
1700 4015 1760 4070 οὐ
1794 4017 1904 4089 μὴν
1934 4017 2045 4071 τῶν

370 4109 483 4158 τῶν
509 4104 676 4179 ἱερῶν
718 4105 868 4180 ἀρχή
899 4106 988 4160 καὶ
1017 4105 1183 4160 οἱονεὶ
1216 4104 1556 4181 φροντίς’καὶ
1587 4106 1857 4181 ἱεράρχης
1882 4107 1910 4160 ὁ
1933 4108 2041 4162 τῶν

371 4192 590 4267 ἱερέωνσ
625 4191 775 4249 ἀλλὰ
803 4195 831 4249 ὁ
859 4193 928 4249 τὰ
973 4195 1095 4269 ἱερᾶ
1139 4195 1230 4250 καὶ
1277 4195 1377 4264 τὴν
1426 4195 1747 4250 κατάστασιν
1776 4193 1954 4250 αὐτῶν
1985 4215 2044 4250 τε

368 4282 465 4338 καὶ
514 4289 619 4353 τῆς
663 4281 1018 4354 Ἐκκλησίας,
1069 4284 1157 4340 καὶ
1206 4288 1317 4340 τῶν
1369 4283 1682 4358 μυστηρίων
1719 4281 2040 4354 διατάσσων,

372 4369 438 4426 οὗ
474 4372 586 4444 μὴν
621 4372 650 4426 ὁ
680 4371 1002 4448 ἀρχιερεύς.
1041 4372 1252 4443 Ταύτην
1287 4370 1345 4429 δὲ
1389 4375 1488 4442 τὴν
1520 4373 1777 4449 ἐξήγησιν
1829 4373 1920 4428 καὶ
1950 4373 2042 4428 αὖ·

367 4460 466 4522 τὸς
491 4461 520 4515 6
555 4459 726 4536 μέγας
758 4463 1045 4525 Διονύσιος
1095 4463 1244 4517 κάτω
1293 4460 1645 4537 παρατίθεται
1698 4461 1749 4518 ἐν
1799 4466 1877 4535 τῷ
1906 4461 2038 4540 Περὶ

367 4556 476 4619 τῆς
508 4547 975 4620 ἐκκλησιαστικῆς
1007 4549 1294 4626 ἱεραρχίας
1325 4548 1498 4626 λόγῳ.

443 4639 502 4692 Ὀ
532 4633 925 4712 πρεσϐύτερος.
977 4639 1318 4713 Σημείωσαι,
1370 4641 1446 4702 ὡς
1494 4639 1556 4695 τὸ
1587 4642 1608 4677 ³
1655 4645 1752 4696 τοῦ
1798 4635 2039 4716 πρεσϐυ-

365 4729 534 4802 τέρου
593 4723 773 4800 ὄνομα
842 4727 935 4783 καὶ
988 4729 1082 4785 τὸν
1147 4727 1445 4785 ἐπίσκοπον
1503 4725 1688 4800 δηλοῖ·
1743 4727 1932 4799 ἐπειδὴ
1995 4733 2040 4770 ¹⁰

366 4812 739 4892 πρεσϐύτερός
789 4817 900 4873 ἐστι
951 4816 1040 4873 καὶ
1072 4817 1443 4881 ὁέπίσκοποςο
1475 4819 1566 4874 καὶ
1614 4822 1778 4874 τοῦτο
1829 4817 2037 4891 δηλοῦ-

364 4927 458 4961 ται
492 4907 583 4960 καὶ
615 4905 668 4960 ἐν
694 4910 815 4968 ταῖς
864 4905 1093 4982 Ηράξεσι
1141 4911 1251 4963 τῶν
1307 4906 1475 4982 ἁγίων
1529 4906 1877 4979 ἀποστόλων,
1910 4905 2037 4973 ἔνθα

367 4995 426 5053 ἐν
463 4994 620 5065 Ἀσίᾳ
661 5015 1010 5051 συντασσεται
1051 5001 1171 5059 ταῖς
1216 4995 1573 5068 Ἐκκλησίαις
1620 4997 1790 5069 αὐτῆς
1825 4998 1853 5053 ὁ
1884 4998 2036 5074 ἅγιος

366 5081 686 5146 ἀπόστολος
718 5081 961 5148 Παῦλος.

867 5194 983 5251 ΕΙΣ
1023 5195 1106 5247 ΤΟ
1146 5194 1406 5252 ΚΕΦΑΛ.
1447 5194 1528 5251 Α’.

441 5282 548 5357 ξι.
583 5287 737 5338 Πᾶσα
784 5279 933 5344 δόσις
987 5281 1192 5358 ἀγαθή.
1262 5281 1582 5356 Σημείωσαι
1630 5282 1716 5340 ὅτι
1762 5285 2033 5361 κέχρηται

364 5372 394 5426 ὁ
429 5371 702 5446 μακάριος
747 5370 1032 5434 Διονύσιος
1087 5374 1157 5446 τῇ
1207 5375 1306 5428 τοῦ
1357 5372 1514 5450 ἁγίου
1560 5367 1820 5431 Ἰακώϐου
1866 5386 2029 5440 καθο-

435 5526 508 5597 (c)
537 5525 664 5582 Act.
691 5541 786 5582 xx.

2074 3569 2132 3637 Α

2578 3570 2621 3623 1
2667 3567 3092 3625 EXPLICATIO
3129 3566 3390 3625 TITULI.

2228 3657 2594 3716 Hierarchiae.
2628 3658 3116 3730 Quandoquidem
3156 3657 3464 3730 inscriptio
3494 3656 3708 3714 haheat
3735 3655 3816 3711 ἰε-

2158 3745 2410 3823 ραρχίαν,
2472 3747 2683 3804 solitus
2740 3752 2830 3803 est
2879 3764 3084 3803 vocare
3139 3744 3400 3822 ἱεράρχας
3454 3746 3812 3819 episcopos:

2156 3837 2464 3895 sciendum
2495 3837 2672 3909 igitur
2701 3840 2810 3904 est,
2833 3838 2989 3909 quod
3017 3833 3273 3912 ἷεραρχία
3299 3836 3536 3907 quidem
3561 3835 3639 3893 sit
3657 3835 3814 3908 prin-

2155 3926 2376 4000 cipium
2435 3926 2626 3998 ipsius
2683 3925 3086 3998 dispositionis
3143 3941 3466 3996 sacrorum,
3525 3928 3583 3981 et
3629 3924 3813 3981 veluti

2155 4032 2316 4085 cura,
2350 4019 2407 4071 et
2447 4013 2714 4090 ἱεράρχης
2761 4031 3065 4072 sacrorum
3098 4014 3372 4087 princeps
3402 4017 3460 4070 et
3487 4017 3727 4070 curator
3753 4017 3814 4071 et

2153 4105 2441 4177 provisor,
2473 4120 2580 4160 nec
2610 4109 2809 4160 tamen
2843 4104 3218 4161 sacerdotum
3245 4120 3258 4171 ;
3292 4103 3396 4158 sed
3426 4102 3478 4158 is
3509 4101 3611 4174 qui
3641 4117 3812 4160 sacra

2152 4199 2210 4253 et
2237 4195 2501 4267 ipsorum
2535 4193 3042 4260 constitutionem,
3074 4197 3252 4265 atque
3281 4191 3573 4262 Ecclesiae,
3596 4194 3654 4248 et
3682 4207 3810 4264 my-

2151 4283 2466 4340 steriorum
2498 4282 2780 4357 disponit,
2810 4299 2919 4340 nec
2965 4285 3164 4339 tamen
3195 4281 3810 4355 princeps-sacerdos.

2149 4377 2309 4429 Hanc
2356 4377 2555 4430 autem
2603 4371 3076 4446 explanationem
3133 4372 3310 4428 etiam
3369 4371 3496 4444 ipse
3553 4385 3810 4443 magnus

2147 4461 2462 4534 Dionysius
2505 4461 2662 4519 infra
2714 4461 2978 4536 opponit,
3022 4461 3083 4518 in
3131 4460 3280 4518 libro
3326 4461 3403 4519 De
3441 4461 3809 4518 ecclesiastica.

2147 4553 2490 4610 hierarchia.

2221 4643 2268 4699 2
2301 4641 2614 4713 Presbyter.
2646 4640 2796 4697 Nota
2834 4640 3159 4713 presbyteri
3189 4655 3404 4696 nomen
3435 4637 3614 4696 etiam
3644 4637 3806 4711 epis-

2147 4747 2359 4803 copum
2382 4729 2682 4788 declarare
2706 4748 2721 4800 ;
2754 4729 3232 4801 quandoquidem
3249 4728 3555 4803 presbyter
3571 4743 3810 4800 quoque

2148 4821 2226 4877 sit
2248 4821 2560 4893 episcopus
2593 4837 2606 4877 :
2638 4819 2786 4876 illud
2821 4818 3000 4875 etiam
3032 4818 3363 4875 declaratur
3391 4817 3452 4874 in
3480 4817 3639 4874 Actis
3668 4834 3805 4874 san-

2146 4913 2374 4966 ctorum
2407 4908 2812 4982 apostolorum
2843 4908 2936 4981 (c),
2981 4908 3083 4964 ubi
3111 4911 3354 4966 sanctus
3382 4905 3600 4965 Paulus
3629 4923 3804 4980 apos-

2145 4997 2303 5057 tolus
2333 4998 2395 5055 in
2423 4998 2563 5055 Asia
2589 4997 2884 5057 Ecclesiae
2915 4999 3045 5071 ejus
3073 4997 3357 5056 instituit.

2215 5288 2246 5362 §
2276 5287 2320 5344 Ι.
2354 5287 2527 5345 Omne
2553 5286 2744 5344 datum
2773 5197 3166 5346 ὺιῗίαῖἲιέοἲα
3195 5287 3432 5346 beatum
3449 5286 3802 5358 Dionysium

2142 5393 2318 5437 usum
2350 5378 2536 5435 fuisse
2563 5377 2826 5450 Epistola
2853 5376 3144 5436 catholica
3190 5377 3381 5436 sancti
3408 5376 3612 5438 Jacobi
3641 5375 3802 5456 (inde

1392 5620 1627 5683 νΑιιω
1659 5624 2051 5687 LEGTIONES
2086 5627 2179 5688 ET
2217 5621 2770 5688 CORREGTIONES.

437 5711 462 5746 ⁸
491 5706 570 5780 δὲ,
603 5712 689 5767 ὅτι
719 5712 806 5771 τό.
887 5712 934 5751 ¹⁶
961 5710 1036 5775 ὡς
1069 5708 1175 5766 ὅτι.
