4134 6386
321 368 389 425 31
737 339 740 342 ’
1159 369 1526 424 APPENDIX
1561 367 1659 422 AD
1693 366 1942 422 OPERA
1976 369 2036 421 s.
2075 367 2392 424 momen
2430 369 2938 427 ABEOPAGITE.
3689 360 3762 417 32

319 492 480 550 enim
554 492 670 548 ista
740 490 1082 564 scriptura),
1160 493 1412 562 tumque
1487 488 1705 544 editam
1784 487 1985 544 fuisse.

2130 491 2237 562 ιικῇ
2292 487 2579 564 ἐπιστολῇ·
2641 487 2840 553 ἐκεῖθεν
2889 489 2992 565 γάρ
3041 488 3152 542 ἐστι
3197 488 3259 542 τὸ
3311 484 3499 563 ῥητόν·
3537 485 3627 540 καὶ
3681 484 3766 538 δτι

396 671 618 727 Etenim
649 686 719 726 ex
749 673 886 742 ipso.
925 670 1055 725 Haec
1100 670 1172 724 de
1221 667 1390 736 Filio,
1420 671 1704 739 tanquam
1735 671 1872 731 Deo,
1904 665 1992 721 lo-

329 760 549 832 quitur.

399 852 427 918 §
460 849 527 903 lI.
559 848 599 903 A
630 849 896 902 Patr-ibus
929 847 1181 902 traditas.
1217 849 1412 900 Patres
1440 844 1536 900 hic
1569 844 1864 916 significat
1894 860 1993 899 eos

332 938 433 1009 qui
465 937 578 1009 ipsi
611 937 942 992 doctrinam
997 936 1389 1001 tradiderunt,
1442 951 1556 990 non
1587 951 1721 989 vero
1752 939 1991 988 natura-

325 1025 454 1092 les;
485 1043 555 1081 ex
580 1025 900 1094 gentilibus
941 1024 1095 1081 enim
1129 1028 1254 1079 erat
1282 1041 1294 1078 :
1329 1023 1484 1078 sicut
1530 1023 1829 1078 declarant
1859 1024 1994 1078 Acta

327 1119 670 1170 sanctorum
703 1113 1126 1185 apostolorum,
1182 1117 1358 1185 atque
1391 1112 1518 1184 ipse
1548 1111 1610 1167 in
1640 1111 1888 1184 epistola
1918 1112 1988 1166 ad

327 1207 604 1260 sanctum
655 1203 1059 1277 Polycarpum,
1113 1207 1171 1258 et
1201 1202 1260 1257 in
1311 1201 1501 1274 capite
1543 1217 1699 1257 nono
1755 1200 1993 1255 Caelestis

327 1293 685 1349 hierarchiw.

399 1400 725 1472 Symbolice.
757 1401 954 1470 Neque
1002 1399 1159 1455 enim
1203 1414 1472 1454 sermone
1503 1396 1851 1452 naturaliter
1893 1412 1989 1451 ac-

325 1494 494 1561 cepto
521 1489 698 1556 dicit;
738 1489 840 1544 sed
875 1503 976 1560 per
1004 1487 1176 1560 signa
1217 1487 1487 1559 quaedam
1520 1493 1577 1542 et
1605 1485 1916 1558 imagines.

398 1594 686 1664 Mentium,
736 1595 832 1649 Gr.
883 1596 1048 1648 νοῶν.
1083 1590 1224 1653 Νόας
1274 1597 1486 1648 vocant
1515 1593 1690 1648 etiam
1741 1591 1991 1664 gentiles

329 1681 691 1756 philosophi,
745 1682 1160 1754 intelligentes,
1213 1698 1314 1737 seu
1358 1681 1652 1753 angelicas
1700 1682 1989 1747 virtutes;

2105 574 2383 633 ἐκδοθεῖσα
2413 581 2479 648 ἦν
2513 576 2646 648 ἤδη.

2175 668 2273 722 Καὶ
2328 668 2429 744 γὰρ
2486 670 2536 740 ἐξ
2610 668 2792 725 αὐτοῦ.
2851 671 3028 722 Ταῦτα
3096 667 3221 740 περῖ
3292 669 3390 721 τοῦ
3456 664 3586 719 Υἳοῦ
3645 663 3764 716 Θεο-

2104 755 2276 832 λογεῖ.

2173 847 2300 913 §II.
2379 843 2896 923 Πατροπαραδότου.
2972 844 3216 919 Πατέρας
3293 842 3517 897 ἐνταῦθα
3593 837 3766 909 δηλοῖ

2104 937 2144 970 ¹¹
2179 935 2308 996 τοὺς
2333 933 2673 1012 παραδόντας
2707 935 2852 1007 αὐτῷ
2881 936 2943 990 τὸ
2975 933 3175 1009 δόγμα,
3227 932 3287 988 οὐ
3320 933 3426 1004 μὴν
3458 928 3584 992 τοὺς
3609 950 3766 1005 φυσι-

2102 1023 2253 1085 κούς·
2288 1024 2339 1094 ἐξ
2389 1023 2673 1095 Ἑλλήνων
2727 1025 2832 1100 γάρ
2871 1026 2957 1093 ἦν,
3010 1025 3086 1088 ὡς
3116 1021 3378 1092 δηλοῦσιν
3431 1021 3482 1075 αἱ
3533 1017 3761 1094 Πράξεις

2100 1117 2209 1166 τῶν
2241 1114 2412 1186 ἁγίων
2456 1112 2800 1180 ἀποστόλων,
2831 1113 2922 1168 καὶ
2970 1112 3131 1173 αὐτὸς
3185 1113 3368 1184 μέντοι
3417 1108 3469 1163 ὲν
3513 1111 3582 1181 τῇ
3625 1105 3767 1181 πρὸς

2099 1200 2190 1254 τὸν
2250 1203 2403 1277 ἅγιον
2459 1201 2823 1277 ΙΙολύκαρπον
2875 1199 3164 1274 ἐπιστολῇ,
3222 1200 3314 1254 καὶ
3358 1197 3412 1252 ἐν
3463 1201 3544 1269 τῷ
3590 1197 3633 1249 θ’
3672 1215 3766 1250 κε-

2103 1288 2321 1368 φαλαίῳ
2349 1295 2427 1362 τῷ
2451 1291 2579 1366 Περὶ
2607 1294 2706 1360 τῆς
2739 1289 2994 1367 οὐρανίου
3025 1287 3337 1364 ἱεραρχίας.

2176 1393 2565 1469 Συμϐολικῶς.
2600 1397 2679 1455 Ού
2707 1398 2807 1474 γάρ
2840 1396 3245 1475 φυσιολογικῶς
3277 1415 3463 1469 φησιν,
3495 1391 3643 1448 ἆλλά
3675 1388 3768 1447 διὰ

2102 1481 2397 1559 συμϐόλων
2428 1491 2590 1542 τινῶν
2623 1487 2712 1542 καὶ
2741 1487 2989 1543 εἰκόνων.

2174 1596 2262 1665 [α’]
2302 1599 2483 1650 Νοῶν.
2519 1596 2666 1657 Νόας
2713 1591 2944 1649 καλοῦσι
2993 1595 3084 1648 καὶ
3137 1593 3190 1647 οἱ
3235 1591 3363 1667 παρ’
3400 1587 3640 1661 Ἕλλησι
3674 1610 3763 1667 φι-

2101 1681 2330 1758 λόσοφοι
2360 1685 2454 1746 τὰς
2486 1685 2696 1758 νοερᾶς,
2729 1680 2853 1752 ἤτοι
2904 1679 3199 1758 ἀγγελικὰς
3257 1677 3533 1754 δυνάμεις·
3575 1675 3765 1746 ἐπειδὴ

329 1772 812 1844 quandoquidem
864 1771 1104 1826 omnino
1151 1770 1567 1841 unusquisque
1615 1769 1880 1841 ipsorum
1911 1768 1990 1824 sit

2133 1772 2161 1827 ὸ
2208 1778 2310 1827 πᾶν
2360 1777 2485 1834 νοῦς
2533 1771 2674 1826 ἐστιν
2746 1769 2970 1833 ἕκαστος
3018 1771 3219 1838 αὐτῶν,
3274 1769 3365 1824 καὶ
3413 1769 3512 1836 τήν
3581 1766 3766 1822 οὐσίαν

330 1876 527 1929 mens;
554 1864 610 1916 et
634 1861 969 1915 universam
992 1859 1386 1914 substantiam
1408 1861 1664 1914 mentem
1682 1857 1996 1922 viventem,

2130 1861 2311 1916 ίπασαν
2360 1866 2485 1915 νοῦν
2542 1866 2718 1930 ζῶντα
2766 1860 2841 1922 εἷς
2877 1860 2940 1915 τὸ
2971 1857 3122 1921 εἶδος·
3142 1860 3206 1914 τὸ
3257 1859 3458 1912 ἑαυτῶν
3488 1855 3769 1929 οὐσιωμὲ-

331 1948 391 2004 in
411 1950 668 2020 speciem
695 1965 864 2003 suam
886 1947 1344 2004 substantialem
1377 1947 1620 2015 habeat;
1653 1945 1771 2007 νόες
1801 1951 1995 2001 autem

331 2042 617 2094 vocantur
648 2041 888 2108 propter
921 2037 1228 2093 meliorem
1263 2035 1674 2092 declinationis
1706 2036 1872 2091 facta:
1903 2053 1998 2091 so-

336 2143 503 2198 num,
534 2126 1011 2197 quandoquidem
1063 2126 1371 2197 oportebat
1417 2143 1450 2180 a
1499 2125 1754 2181 dictione
1797 2123 1998 2190 ὁνοῦς,

332 2217 431 2268 τοῦ
446 2218 542 2269 νοῦ
561 2215 788 2287 plurale
811 2235 835 2275 ς
852 2215 904 2267 οἱ
933 2219 1022 2268 νοῖ
1041 2233 1208 2283 esse;
1243 2215 1344 2270 sed
1369 2218 1604 2286 propter
1623 2213 1998 2286 euphoniam,

337 2319 407 2360 ex
436 2304 550 2360 alio
609 2309 766 2360 recto
817 2304 1125 2376 singulari,
1175 2304 1394 2359 factum
1453 2307 1544 2358 est
1586 2302 1638 2355 oi
1686 2302 1822 2364 νόες.
1872 2303 2003 2358 Haec

339 2395 499 2450 enim
551 2395 918 2450 consuetudo
965 2393 1173 2449 Atticis
1223 2394 1324 2464 qui
1376 2391 1580 2448 dicunt
1620 2390 2004 2469 Ἀριστοφάναι

342 2485 400 2539 et
431 2481 722 2558 Σωκράται
773 2500 876 2555 pro
929 2482 981 2536 οὶ
1014 2470 1436 2558 Ἀριστοφάνεις
1474 2486 1531 2536 et
1577 2480 1633 2533 οἱ
1671 2481 2000 2555 Σωκράτεις.

342 2573 493 2628 Sunt
547 2589 680 2628 vero
737 2573 915 2628 etiam
967 2573 1066 2644 qui
1119 2573 1320 2627 dicant
1371 2569 1422 2622 οἱ
1471 2569 1590 2623 νόοι
1641 2575 1922 2642 tanquam
1973 2587 2008 2625 a

341 2661 485 2730 νόος,
517 2665 615 2716 τοῦ
645 2661 773 2715 νόου
802 2681 813 2728 ;
857 2667 1024 2717 vocat
1057 2666 1253 2716 autem
1305 2661 1482 2716 etiam
1515 2659 1819 2732 Scriptura
1846 2659 2006 2731 ipsas

340 2752 450 2809 hoc
481 2752 742 2821 nomine,
793 2752 949 2807 sicut
982 2752 1038 2806 in
1072 2751 1244 2818 lsaia,
1299 2766 1458 2804 mens
1504 2765 1711 2818 magna
1750 2751 2008 2821 princeps

341 2843 666 2914 Babylonis,
699 2841 810 2897 hoc
838 2846 928 2896 est
959 2840 1253 2896 diabolus.
1295 2839 1632 2894 Secundum
1666 2843 1836 2895 Iones
1899 2839 2005 2906 igi-

342 2934 462 2998 tur,
491 2933 640 2996 νοῦς,
668 2928 814 2998 νοὸς,
867 2927 1004 2996 νόες,
1055 2929 1210 2984 sicut
1257 2929 1453 3001 χροῦς,
1507 2925 1699 3000 χροὸς,
1734 2927 1785 2980 οἱ
1819 2925 2008 3002 χρόες,

351 3018 545 3073 ionica
574 3017 731 3073 enim
760 3017 1096 3072 declinatio.

413 3107 1005 3178 Superprz'ncipz’alem,
1064 3106 1162 3161 Gr.
1217 3104 1578 3180 ὑπεράρχιον.
1640 3103 2005 3180 Ὑπεράρχιος

341 3197 495 3252 Deus
525 3199 615 3251 est
643 3195 823 3250 veluti
855 3212 1037 3268 supra
1083 3211 1256 3251 omne
1302 3196 1687 3268 principium,
1720 3200 1778 3250 et
1806 3195 2007 3251 lumen

338 3285 494 3356 quod
528 3303 561 3340 a
609 3286 719 3340 Deo
766 3284 1122 3357 principium
1176 3285 1394 3354 habet;
1448 3289 1731 3356 tanquam
1785 3286 2005 3356 princi-

334 3373 501 3446 pium
533 3389 736 3429 eorum
769 3373 870 3446 qui
899 3373 1179 3430 dicuntur
1205 3375 1310 3440 dii,
1335 3373 1705 3446 angelorum,
1733 3374 2001 3446 inquam,

343 3467 401 3518 et
422 3463 724 3533 justorum
756 3462 1090 3518 hominum.

412 3552 740 3620 Intimitate,
789 3551 888 3606 Gr.
940 3545 1250 3620 ἐνδότητος.
1297 3545 1597 3620 Ἐνδότητα
1644 3551 1787 3607 dicit
1816 3550 2006 3607 occul-

339 3639 624 3695 tationem
653 3658 666 3706 ;
699 3639 940 3711 ignotus
971 3640 1128 3696 enim
1160 3645 1251 3696 est
1272 3641 1550 3696 omnibus
1579 3639 1675 3709 iis,
1709 3640 1812 3712 qui
1842 3644 2006 3698 extra

342 3727 544 3800 ipsum
576 3732 739 3784 sunt.

413 3816 1012 3888 Contemperationem.
1093 3818 1238 3873 Nota
1311 3821 1887 3888 contemperationem,
1947 3823 2004 3874 et

338 3921 522 3977 quare
548 3905 847 3970 divinitas,
882 3921 1017 3961 cum
1051 3923 1167 3962 una
1196 3906 1296 3974 sit,
1333 3906 1772 3978 multiplicetur.

413 4011 460 4066 3
520 4014 1031 4081 Operimentorum,
1081 4012 1179 4068 Gr.
1242 4013 1770 4086 παραπετασμάτων.
1819 4019 2004 4090 Παρει-

339 4099 660 4172 πετάσματα
715 4116 816 4155 seu
861 4100 990 4156 vela
1038 4101 1183 4156 dicit
1233 4118 1299 4157 ea
1347 4119 1472 4174 quae
1506 4105 1680 4158 modo
1729 4121 2006 4177 corporeo

343 4189 626 4244 dicuntur
655 4189 726 4244 de
761 4195 872 4245 Deo
903 4190 961 4244 in
1017 4191 1357 4262 Scripturis,
1389 4192 1568 4248 veluti
1603 4195 2005 4248 membrorum

345 4278 769 4344 humanorum,
803 4283 859 4334 et
886 4279 1173 4335 virtutum
1195 4281 1524 4353 aliquarum
1560 4282 2005 4354 appellationes.

340 4370 493 4422 Nota
522 4371 741 4434 autem,
775 4369 929 4438 quod
962 4370 1089 4424 sine
1123 4369 1323 4441 ﬁguris
1355 4370 1701 4442 [aliquibus]
1733 4375 1790 4426 et
1820 4369 2008 4442 signis

343 4455 468 4511 ﬁeri
504 4460 757 4529 nequeat
805 4474 912 4513 nos
944 4458 1002 4512 in
1053 4475 1225 4515 carne
1257 4460 1608 4516 exsistentes
1657 4459 1875 4515 intueri
1916 4477 2008 4514 res

2107 1971 2196 2003 vov
2239 1944 2376 2024 ἔχει·
2427 1969 2545 2011 νοες
2592 1948 2885 2004 καλοῦνται
2934 1950 3071 2020 πρὸς
3115 1947 3178 2001 τὸ
3242 1945 3610 2025 εὐφωνότερον
3662 1952 3767 2015 τῆς

2107 2037 2341 2102 κλίσεως
2393 2037 2713 2112 γενομένης·
2773 2035 2961 2105 ἐπειδὴ
3022 2037 3191 2112 ἐχρῆν
3245 2036 3352 2089 ἀπὸ
3395 2039 3492 2089 τοῦ
3543 2036 3571 2090 6
3623 2038 3785 2106 νοῦς,

2108 2131 2204 2181 τοῦ
2231 2131 2350 2196 νοῦ,
2387 2127 2450 2181 τὸ
2498 2126 2866 2197 πληθυντικὸν
2911 2127 2963 2181 οἱ
3011 2131 3103 2180 νοῐ
3151 2127 3307 2180 εἶναι·
3359 2121 3509 2179 ἀλλὰ
3551 2121 3641 2178 διὰ
3669 2124 3772 2191 τὴν

2112 2215 2378 2293 εὐφωνίαν
2427 2214 2480 2286 ἐξ
2528 2215 2709 2286 ἄλλης
2759 2215 2964 2279 εὐθείας
3012 2215 3197 2283 ἓνικῆς
3246 2215 3465 2290 γέγονεν
3527 2213 3580 2268 οἱ
3635 2213 3778 2275 νόες·

2110 2299 2232 2369 ἔθος
2286 2305 2387 2380 γὰρ
2443 2309 2609 2360 τοῦτο
2668 2305 2958 2373 Ἀττικοῖς,
3017 2302 3068 2358 οἳ
3123 2325 3281 2382 φασιν
3313 2345 3326 2371 ,
3389 2302 3773 2379 Ἀριστοφάναι

2111 2393 2201 2448 καὶ
2262 2393 2569 2467 Σωκράται,
2627 2393 2742 2448 ἀντὶ
2821 2398 2916 2448 τοῦ
2989 2394 3040 2448 οἱ
3098 2392 3512 2468 Ἀριστοφόίνεις
3571 2391 3662 2446 καὶ
3722 2390 3778 2445 οἱ

2116 2485 2448 2558 Σωκράτης.
2499 2482 2617 2537 Εῗσὶ
2665 2479 2721 2537 δὲ
2783 2481 2873 2537 καὶ
2924 2481 3174 2558 λέγοντες
3223 2481 3275 2536 οἱ
3333 2480 3474 2551 νόοι,
3533 2481 3608 2542 ὡς
3667 2479 3775 2534 ἀπὸ

2112 2576 2210 2627 τοῦ
2271 2573 2298 2626 ὁ
2349 2572 2495 2643 νόος⁹
2552 2576 2647 2626 τοῦ
2721 2571 2870 2625 νόου·
2931 2569 3093 2625 καλεῖ
3166 2567 3224 2624 δὲ
3299 2568 3496 2631 αὐτοὺς
3572 2569 3662 2624 καὶ
3735 2570 3771 2636 ἡ

2113 2660 2299 2738 Γραφή
2344 2663 2424 2731 τῷ
2469 2659 2696 2730 ὀνόματι
2744 2656 2943 2730 τούτῳ,
2976 2656 3050 2719 ὠς
3084 2655 3134 2711 ἐν
3167 2654 3378 2727 Ἡσαΐᾳ·
3413 2657 3557 2718 Νοῦς
3601 2653 3772 2729 μέγας

2116 2750 2144 2803 ὁ
2193 2747 2379 2824 ἅρχων
2433 2743 2782 2817 Βαϐυλῶνος,
2834 2747 2985 2800 τοῦτ’
3037 2742 3179 2800 ἔστιν
3230 2746 3259 2799 6
3311 2739 3594 2807 διάϐολος·
3639 2742 3781 2798 κατὰ

2117 2841 2312 2901 Ἴωνας
2351 2837 2533 2891 τοίνυν
2578 2839 2726 2904 νοῦς,
2777 2836 2927 2904 νοὸς,
2961 2835 3103 2906 νόες,
3135 2835 3212 2896 ὡς
3255 2837 3448 2908 χροῦς,
3494 2833 3668 2908 χροὸς
3724 2833 3779 2886 οἱ

2118 2927 2306 3002 χρόες·
2339 2927 2556 2996 Ἰωνική
2588 2924 2690 3000 γὰρ
2722 2927 2757 2994 ἡ
2788 2923 2992 2986 κλίσις.

2169 3104 2570 3182 σ’Υπεράρχιον.
2615 3103 2978 3180 Ὑπεράρχιος
3025 3102 3052 3156 6
3103 3101 3255 3172 Θεὸς,
3289 3098 3364 3162 ὠς
3412 3098 3544 3174 ὑπὲρ
3599 3102 3773 3153 πᾶσαν

2041 3226 2082 3293 C
2120 3196 2300 3270 ἀρχὴν
2331 3194 2420 3249 καὶ
2452 3193 2743 3270 θεαρχικὸν
2791 3197 2927 3270 φῶς,
2973 3191 3047 3252 ὡς
3095 3190 3249 3293 ἀρχῇ
3295 3193 3404 3293 των
3458 3185 3773 3265 λεγομὲνων

2069 3277 2082 3292 ⁸
2121 3289 2279 3356 θεῶν,
2314 3284 2560 3361 ἀγγέλων
2595 3303 2668 3362 φη
2682 3281 2741 3356 μὶ
2767 3283 2856 3336 καὶ
2890 3280 3187 3356 ἀνθρώπων
3222 3276 3471 3334 δικαίων.

2335 3549 2682 3622 Ἐνδότητος.
2734 3545 3037 3618 Ἐνδότητά
3085 3567 3217 3624 φησι
3264 3545 3364 3614 τήν
3413 3543 3771 3623 κρυφιότητα.

2112 3648 2245 3698 πᾶσι
2277 3643 2383 3717 γάρ
2413 3645 2530 3701 τοῖς
2561 3638 2662 3710 ἔξω
2694 3638 2862 3706 αὐτῆς
2893 3634 3168 3712 ἄγνωστός
3199 3635 3332 3692 ἐστι.

2188 3820 2300 3896 [γ’.]
2334 3816 2659 3892 Σύγκρασιν.
2694 3821 2771 3884 Ση
2785 3813 3013 3886 μείωσαι
3058 3813 3158 3880 τὴν
3209 3810 3522 3886 σύγκρασιν·
3556 3811 3646 3866 καὶ
3687 3806 3777 3866 διὰ

2111 3910 2165 3964 τί
2193 3909 2256 3962 τὸ
2288 3911 2440 3962 Θεῖον
2472 3904 2528 3958 ἓν
2561 3901 2620 3957 ὃν
2651 3901 3007 3973 πληθύνεται.

2187 4012 2727 4087 Ηαραπετασμάτων.
2811 4004 3283 4079 Ηαραπετάσματά
3351 4027 3482 4084 φησι
3537 4007 3604 4062 τὰ
3661 4027 3772 4061 σω-

2121 4106 2362 4178 ματικῶς
2415 4101 2538 4176 περὶ
2591 4102 2724 4154 Θεοῦ
2771 4096 3042 4173 λεγόμενα
3092 4095 3144 4151 ἐν
3189 4101 3307 4158 ταῖς
3356 4101 3618 4174 Γραφαῖς,
3661 4098 3777 4151 οἷον

2121 4191 2303 4266 μελῶν
2359 4185 2756 4263 ἀνθρωπίνων,
2806 4185 2841 4254 ἢ
2899 4183 3181 4258 δυνάμεών
3235 4205 3398 4239 τινων
3459 4185 3778 4258 ὀνομασίας.

2119 4278 2441 4352 Σημείωσαι
2475 4273 2553 4342 δὲ,
2603 4274 2688 4330 ὅτι
2736 4272 2867 4350 δίχα
2894 4273 3079 4328 τύπων
3113 4276 3323 4347 [τινῶν]
3354 4272 3445 4328 καὶ
3479 4268 3776 4345 συμϐόλων

2119 4369 2179 4424 οὐ
2214 4366 2438 4423 δυνατὸν
2467 4368 2617 4438 ἡμᾶς
2660 4365 2713 4420 ἐν
2744 4366 2898 4440 σαρκὶ
2952 4360 3111 4426 ὄντας
3153 4367 3513 4419 κατοπτεῦσαι
3545 4365 3611 4419 τὰ
3639 4361 3782 4418 ἄϋλα

2117 4458 2206 4513 καὶ
2255 4457 2536 4529 ἀσώματα·
2591 4455 2680 4509 καὶ
2737 4458 2899 4508 τοῦτο
2963 4451 3177 4526 μᾶλλον
3233 4449 3439 4522 ἐδήλου
3492 4453 3562 4507 τὰ
3606 4451 3658 4506 ἐν
3707 4456 3778 4527 τῇ

341 4546 600 4602 materiae
631 4551 690 4601 et
720 4548 982 4619 corporis
1026 4553 1314 4620 expertes.
1349 4551 1531 4620 Atque
1563 4549 1672 4604 hoc
1703 4549 1894 4620 magis
1925 4547 1999 4603 si-

2130 4550 2292 4621 ηιηνῇ
2326 4544 2810 4621 παραπετάσματα,
2843 4542 2919 4605 ὡς
2944 4540 3169 4596 ἐνταῦθα
3199 4540 3514 4598 αἰνίττεται.

340 4633 704 4706 gniﬁcabant
733 4634 856 4691 vela
907 4653 1038 4708 quae
1085 4642 1254 4693 erant
1305 4637 1365 4691 in
1410 4636 1811 4704 tabernaculo,
1857 4637 2010 4692 sicut

342 4722 438 4777 hic
468 4723 761 4780 insinuat.

419 4812 901 4880 Cannaturaliter,
933 4815 1031 4870 Gr.
1079 4817 1340 4889 ωμφυῶς
1386 4828 1490 4882 pro
1521 4812 1801 4887 ὁμοφυῶς.
1837 4814 2006 4884 Eius-

346 4899 478 4954 dem
514 4906 756 4970 naturze,
790 4904 964 4958 modo
996 4903 1166 4958 nobis
1198 4902 1384 4971 affini,
1416 4917 1482 4956 ac
1513 4905 1672 4958 noto.

417 5007 446 5079 §
475 5007 570 5062 IIl.
604 5009 831 5064 Rituum
858 5025 1079 5081 praeses.
1113 5005 1323 5076 Τελετή
1351 5025 1452 5062 seu
1476 5009 2005 5079 mysterium,ritus,

347 5095 564 5151 dicitur
596 5098 923 5154 secundum
957 5097 1209 5170 gentiles
1240 5096 1645 5168 philosophos,
1678 5102 2008 5156 communi-

345 5185 498 5241 catio
530 5187 942 5258 mysteriorum
977 5191 1260 5256 tanquam
1289 5185 1598 5256 perﬁciens
1621 5204 1755 5243 eum
1777 5190 1874 5260 qui
1896 5191 2010 5245 ini-

2039 4597 2089 4660 ι)

2324 4819 2618 4892 Συμφυῶς.
2649 4811 2796 4870 Ἀντὶ
2826 4814 2923 4866 τοῦ
2962 4805 3250 4883 ὀμοφυῶς,
3277 4812 3564 4884 συγγενῶς.

2190 5012 2341 5082 §iII.
2399 5011 2462 5066 Ἥ
2518 5007 2870 5084 τελετάρχις.
2920 5004 3128 5073 Τελετὴ
3191 5001 3404 5081 λέγεται
3465 5003 3600 5060 κατᾶ
3653 5007 3782 5070 τοὺς

2116 5104 2225 5154 τῶν
2280 5096 2569 5169 Ἑλλήνων
2623 5096 2964 5174 φιλοσόφους
3014 5095 3049 5163 ἡ
3103 5089 3393 5167 μετάδοσις
3429 5097 3535 5149 τῶν
3572 5117 3782 5168 μυστη-

2121 5187 2278 5264 ρίων,
2330 5189 2420 5241 ἅτε
2461 5185 2745 5242 τελειοῦσα
2784 5183 2876 5239 τὸν
2931 5181 3259 5256 μυούμενον,
3314 5182 3404 5236 καὶ
3449 5181 3775 5255 τελειωτική

348 5274 555 5340 tiatur,
579 5280 638 5330 et
668 5275 983 5347 perfectiva
1025 5273 1316 5329 exsistens
1368 5291 1570 5330 eorum
1622 5278 1722 5347 qui
1775 5279 1846 5334 ad
1875 5279 1999 5335 talia

2130 5276 2470 5352 τυγχάνουσα
2514 5281 2623 5330 τῶν
2672 5272 3012 5351 προσιόντων
3058 5277 3180 5333 τοῖς
3230 5270 3535 5334 τοιούτοις.
3584 5273 3779 5329 Τελετ-

346 5363 811 5434 accedunt.Ergo
844 5363 1062 5417 rituum
1089 5379 1304 5434 praeses
1323 5379 1623 5421 sacrorum
1648 5369 2012 5438 constitutio,

2125 5368 2288 5442 ἀρχις
2343 5364 2436 5418 οῦν
2493 5363 2761 5437 ἱεροθεσία
2817 5365 2852 5432 ἡ
2907 5359 3025 5425 θεία
3074 5366 3175 5429 τῆς
3218 5364 3325 5415 τῶν
3371 5361 3532 5435 ἱερῶν
3570 5384 3784 5436 μυστη..

346 5456 436 5506 est
485 5452 683 5507 divina
742 5468 1042 5507 sacrorum
1122 5453 1537 5524 mysteriorum
1611 5456 1999 5528 dispositionis

2130 5455 2259 5531 ρίων
2305 5457 2468 5526 ἡμῶν
2516 5450 2935 5525 διακοσμήσεως
2977 5449 3120 5512 Θὲσις
3163 5449 3251 5504 καὶ
3284 5449 3599 5527 παράθεσις,
3630 5452 3780 5528 ἀρχὴ

1364 5580 1604 5638 VARI/E
1642 5583 2032 5644 LECTIONES
2071 5586 2162 5643 ET
2201 5580 2756 5641 COBRECTIONES.

417 5676 462 5711 ¹¹
496 5671 665 5747 λέγει.
