4134 6390
374 387 449 443 33
1093 391 1152 444 S.
1191 391 1466 444 ΜΔΧῙΜῙ
1502 387 1813 444 SCHOLIA
1847 387 1922 440 IN
1961 384 2096 438 LIB.
2138 385 2236 437 DE
2271 384 2592 439 CCELBSTI
2630 387 3105 445 HIERARCHIA.
3745 393 3816 448 34

375 511 650 587 γενομένη
683 509 745 567 ἐκ
789 516 926 568 Θεοῦ
975 509 1066 567 διὰ
1110 515 1218 567 τῶν
1261 509 1585 567 ἀποστόλων
1613 515 1722 567 τῶν
1753 509 2036 565 τελειωτι-

2163 507 2367 579 positio
2412 513 2470 564 et
2517 511 2886 582 compositio,
2917 514 3278 587 principium
3328 521 3534 572 natum
3583 533 3652 573 ex
3697 518 3816 574 Deo

350 624 386 657 κ
414 607 487 656 ὧν
518 601 725 656 τούτων
777 602 1017 676 ἀγαθῶν·
1050 600 1176 664 τοὺς
1223 603 1325 678 γάρ
1375 600 1760 674 μεμυημένους
1796 598 2041 660 τελείους

372 689 540 746 καλεῖ
585 691 613 744 ὁ
661 691 806 752 θεῖος
858 687 1168 754 ἀπόστολος
1217 689 1432 752 Παῦλος
1482 687 1686 764 λέγων·
1731 689 1890 746 ’Ὁσοι
1947 684 2038 742 οὖν

373 777 604 848 τέλειοι,
635 783 799 834 τοῦτο
832 783 1144 858 φρονῶμεν.

447 955 868 1032 Ὑπερκοσμίου.
925 958 1001 1014 Τὸ
1061 953 1120 1012 δὲ
1177 956 1548 1032 ὑπερκοσμίου
1606 957 1710 1012 οὐκ
1766 955 2040 1025 αἰσθητῶς

367 1044 625 1115 νοητὲσιν,
674 1043 824 1100 ἀλλά
866 1049 1080 1116 νοητῶς
1128 1044 1218 1100 καὶ
1268 1045 1402 1121 om
1450 1047 1542 1101 τὸν
1593 1047 1712 1110 καθ’
1765 1047 1913 1116 ἡμᾶς
1941 1041 2040 1098 κό-

370 1155 537 1208 σμον.
582 1131 905 1207 Σημείωσαι
951 1132 1029 1206 δὶ,
1060 1133 1182 1188 τίνα
1230 1133 1376 1212 λέγει
1426 1134 1493 1190 τά
1524 1136 1788 1210 σχήματα
1825 1132 1915 1188 καὶ
1945 1133 2040 1194 τὰς

373 1225 733 1300 μορφωτικάς
767 1222 1058 1294 συνθέσεις,
1107 1221 1281 1300 ἤγουν
1337 1224 1706 1298 εἰκονίσματα,
1739 1225 1874 1298 ἅπερ
1917 1221 2038 1292 ἑξῆς

366 1312 754 1386 παρατίθεται.

447 1399 734 1458 Ηλάσεων.
772 1401 1115 1474 Σημείωσαι,
1159 1401 1242 1458 δτι
1295 1399 1718 1476 πλασματώδεις
1770 1401 1904 1476 φησὶ
1945 1400 2040 1462 τάς

369 1489 599 1544 ἐνταῦθα
660 1490 926 1561 μυστικάς
983 1487 1333 1566 παραδόσεις,
1391 1491 1454 1553 ἃς
1513 1490 1564 1545 ἐν
1622 1494 1704 1562 τῷ
1756 1489 1890 1564 Περί
1937 1495 2038 1550 tie;

370 1577 839 1649 ἐκκλησιαστικῆς
897 1578 1186 1655 ἱεραρχίας
1242 1578 1398 1654 λόγῳ
1454 1578 1815 1634 ἀναπτύσσει·
1876 1582 2039 1633 τοῦτο

372 1667 431 1725 δὲ
463 1671 788 1742 θεοπρεπῶς
846 1666 1171 1738 ἐκληπτέον·
1223 1669 1358 1742 πρὸς
1410 1669 1505 1741 μὶν
1557 1667 1648 1723 οὖν
1697 1668 1760 1722 τὸ
1808 1686 2040 1741 μορφω-

371 1763 547 1819 τικαῖς
580 1757 642 1812 τὸ
693 1757 950 1812 πλάσεων
981 1754 1299 1812 ἀποδοτέον·
1333 1759 1470 1833 πρὸς
1505 1755 1562 1813 δὲ
1608 1759 1671 1813 τὸ
1722 1755 1961 1811 συνθέσει
1996 1758 2040 1792 ¹²

375 1850 437 1902 τὸ
465 1846 641 1908 ἁπλᾶς
673 1846 766 1901 καὶ
797 1846 1138 1910 ἀτυπώτους.

443 2022 653 2094 ’Υλαίᾳ.
709 2021 930 2078 Ὑλαίαν
1004 2023 1368 2100 χειραγωγίαν
1427 2023 1560 2102 φησὶ
1634 2023 1697 2078 τὸ
1773 2021 1864 2078 διὰ
1925 2027 2034 2079 τῶν

372 2111 577 2167 ὑλικῶν
631 2111 950 2189 λεγομὲνων
996 2114 1134 2187 πρὸς
1187 2115 1285 2184 τήν
1343 2111 1548 2169 ἔννοιαν
1593 2113 1883 2190 ἀνάγεσθαι
1925 2118 2033 2169 τῶν

374 2203 510 2276 ὑπὲρ
544 2201 820 2272 αἴσθησιν.

440 2292 774 2365 Φαινόμενα·
836 2291 1152 2366 Φαινόμενα
1207 2290 1266 2348 δὲ
1322 2291 1508 2363 κάλλη
1567 2293 1663 2356 τὰς
1714 2298 1824 2348 τῶν
1873 2293 2048 2369 ἰερῶν

367 2380 538 2436 οἷ’κων
614 2379 1007 2454 διακοσμήσεις
1085 2381 1258 2458 λέγει·
1330 2383 1420 2437 καὶ
1496 2380 1797 2456 διεξοδικὰς
1860 2393 2037 2456 paen-

363 2470 518 2531 τείας
548 2469 645 2533 τὰς
690 2474 796 2525 τῶν
847 2469 1021 2546 ἀγίων
1069 2475 1296 2550 Γραφῶν
1349 2471 1692 2548 ἀναγνώσεις·
1730 2469 2036 2544 διακοσμή-

364 2581 504 2615 σεων
560 2556 619 2614 δὲ
664 2560 841 2630 τάξεις
893 2559 1066 2634 [τοὺς]
1098 2565 1206 2615 τῶν
1237 2559 1426 2636 ἱερέων
1474 2560 1738 2635 βαθμούς.
1774 2561 2038 2632 Σημείω-

362 2671 452 2704 σαι
488 2646 570 2718 δὲ,
603 2647 686 2704 ὅτι
716 2649 785 2704 τά
806 2649 1062 2724 ὁρώμενα
1087 2647 1272 2720 κάλλη
1307 2650 1509 2713 εἰκόνες
1534 2649 1635 2706 ε’ίσὶ
1658 2655 1764 2705 τῶν
1792 2650 2037 2724 ἀοράτων

363 2737 709 2811 διακόσμων,
760 2739 834 2801 ὡς
883 2735 1053 2810 δηλοῖ
1099 2739 1190 2794 καὶ
1242 2741 1270 2794 ὁ
1323 2738 1658 2800 Ἀπόστολος
1712 2737 1764 2794 ἐν
1801 2743 1868 2813 τῇ
1901 2738 2038 2815 πρὸς

364 2823 688 2901 Ἐϐραίους,
717 2827 784 2882 τά
822 2827 946 2903 περὶ
994 2830 1093 2897 τῆς
1146 2835 1351 2898 σκηνῆς
1384 2829 1626 2904 θεωρῶν·
1678 2829 1765 2883 καὶ
1799 2831 2034 2898 Μωυσῆς

362 2919 613 2973 ἀκούων·
676 2917 903 2992 [Πάντα]
934 2917 1070 2972 κατά
1114 2919 1208 2972 τὸν
1251 2918 1417 2974 τύπον
1472 2919 1564 2974 τὸν
1617 2915 1902 2993 δειχθέντα
1951 2939 2034 2973 σοι

365 3003 419 3060 ἐν
453 3009 534 3077 τῷ
569 3005 684 3080 ὅρει
717 3005 974 3076 ποίησον.

436 3186 546 3248 Τάς
597 3181 916 3256 διεξοδικὰς,
969 3182 1270 3256 Διεξοδικαί
1319 3185 1423 3240 εἷ’σι
1486 3191 1776 3260 μαθητεῖάι
1840 3187 1894 3240 αἱ
1947 3183 2037 3241 διὰ

2154 613 2256 668 ρει·
2285 597 2584 670 apostolos
2614 599 2905 656 bonorum
2938 602 3152 658 horum
3184 605 3539 676 perfectores
3573 621 3588 660 :
3622 606 3819 663 initia-

2151 691 2246 742 tos
2278 687 2456 753 euim,
2489 691 2775 760 perfectos
2804 697 2972 748 vocat
3002 692 3236 749 divinus
3261 694 3566 766 apostolus
3598 696 3816 754 Paulus

2152 775 2353 831 dicens
2388 794 2400 832 :
2435 779 2756 850 Quicunque
2805 795 2931 851 ergo
2961 783 3198 853 perfecti
3226 799 3434 852 sumus,
3468 783 3566 840 hoc
3603 786 3814 841 sentia-

2150 880 2272 920 mus
2303 865 2398 937 (ἀ).

2223 955 2701 1026 Super-mundana.
2735 958 2859 1014 Vox
2887 959 3010 1015 haec
3059 961 3510 1032 :upermundana
3560 979 3678 1020 non
3726 967 3818 1019 est

2153 1043 2328 1100 modo
2363 1045 2630 1101 sensibili
2660 1046 3066 1122 intelligenda,
3094 1051 3194 1106 sed
3228 1052 3402 1108 modo
3437 1051 3817 1111 intellectua-

2150 1132 2214 1200 li,
2247 1138 2305 1190 et
2334 1151 2514 1207 super
2543 1141 2813 1192 nostrum
2849 1139 3168 1195 mundum.
3202 1140 3352 1198 Nota
3380 1158 3514 1197 vero
3548 1159 3698 1214 quas
3732 1141 3814 1197 di-

2150 1227 2242 1279 cat
2271 1223 2493 1296 ﬁguras
2523 1230 2581 1280 et
2609 1226 2951 1283 formativas
2982 1229 3573 1303 compositiones,seu
3603 1231 3812 1302 imagi-

2151 1329 2256 1369 nes
2286 1330 2436 1384 quas
2468 1313 2742 1386 deinceps
2773 1317 3070 1389 proponit.

2222 1404 2585 1459 ﬁctionibus.
2636 1409 2786 1460 Nota
2837 1407 2995 1478 quod
3040 1408 3277 1464 ﬁctitias
3326 1409 3484 1465 dicat
3535 1409 3814 1482 mysticus

2150 1508 2277 1563 quae
2310 1493 2405 1547 hic
2449 1498 2609 1560 sunt,
2641 1494 3010 1565 traditiones,
3059 1514 3208 1567 quas
3247 1498 3306 1552 in
3339 1497 3489 1554 libro
3541 1500 3616 1555 De
3643 1499 3814 1556 eccle-

2147 1583 2368 1637 siastica
2399 1581 2721 1638 hierarchia
2766 1582 3037 1655 explicat.
3072 1584 3192 1640 Hoc
3223 1592 3424 1642 autem
3475 1588 3650 1642 modo
3702 1589 3815 1643 Deo

2150 1671 2518 1726 convenienti
2569 1671 2979 1742 accipiendum
3012 1679 3140 1742 est;
3175 1690 3313 1748 ergo
3365 1675 3436 1729 ad
3491 1675 3814 1731 dictionem

2151 1763 2525 1836 μορφωτικαῖς
2574 1761 2754 1816 dictio
2785 1758 3037 1816 πλάσεων
3096 1764 3394 1819 referenda
3425 1769 3554 1831 est;
3589 1764 3658 1819 ad
3695 1764 3814 1819 dic-

2066 1850 2366 1948 Btionem
2423 1855 2624 1906 autem
2679 1849 2922 1913 συνθέσει
2981 1852 3161 1908 dictio
3235 1849 3412 1913 ἁπλᾶς
3468 1859 3525 1908 et
3584 1850 3806 1905 ἀτυπώ-

2142 1958 2293 2000 τους.

2217 2029 2533 2085 Materiali.
2567 2029 2928 2086 Materialem
2961 2030 3488 2087 manuductionem
3536 2030 3680 2088 dicit
3709 2047 3814 2104 per

2145 2134 2216 2175 ea
2263 2134 2394 2190 quas
2454 2118 2794 2175 materialia
2841 2119 3142 2191 dicuntur,
3175 2123 3244 2176 ad
3283 2119 3813 2177 considerationem

2145 2223 2347 2262 eorum
2379 2223 2508 2279 qua:
2541 2223 2723 2280 supra
2753 2224 2998 2264 sensum
3029 2213 3171 2264 sunt
3199 2207 3434 2264 elevati.

2216 2297 2951 2368 Apparentes.Apparentes
2985 2301 3180 2352 autem
3215 2297 3694 2369 pulchritudines
3725 2314 3814 2353 sa-

2145 2400 2378 2440 crarum
2413 2385 2627 2440 aedium
2661 2385 3114 2458 descriptionem
3146 2386 3290 2442 dicit
3321 2403 3336 2441 :
3371 2392 3427 2442 et
3459 2386 3574 2442 late
3605 2391 3814 2458 paten-

2145 2481 2232 2530 tes
2265 2473 2634 2544 disciplinas,
2669 2491 2972 2530 sacrarum
3005 2477 3446 2548 Scripturarum
3487 2474 3810 2542 lectiones;

2147 2563 2608 2634 descriptionum
2645 2569 2843 2619 autem
2869 2565 3126 2634 ordines,
3162 2566 3534 2621 sacerdotum
3568 2565 3809 2636 gradus.

2147 2653 2296 2709 Nota
2325 2668 2457 2708 vero
2490 2651 2986 2724 pulchritudines,
3021 2670 3150 2725 quae
3193 2654 3490 2720 videntur,
3523 2653 3814 2725 imagines

2145 2758 2275 2798 esse
2331 2741 2720 2796 invisibilium
2774 2743 3265 2814 descriptionum,
3301 2742 3809 2815 quemadmodum

2146 2830 2405 2886 declarat
2452 2830 2768 2901 Apostolus
2801 2831 2860 2886 in
2913 2832 3173 2903 Epistola
3205 2832 3276 2888 ad
3320 2832 3590 2888 Hebraeos
3624 2832 3712 2903 (e),
3747 2848 3816 2888 ea

2147 2937 2274 2990 quae
2305 2925 2442 2975 sunt
2489 2921 2561 2976 de
2591 2920 2971 2976 tabernaculo
3020 2921 3406 2976 considerans
3439 2938 3451 2976 :
3488 2924 3544 2975 et
3578 2920 3810 2992 Moyses

2145 3009 2394 3064 audiens
2428 3028 2440 3065 :
2477 3010 2673 3066 Omnia
2723 3012 2817 3080 fac
2846 3011 3147 3066 secundum
3194 3010 3484 3083 exemplar
3530 3008 3673 3081 quod
3702 3009 3812 3065 tibi

2145 3100 2203 3153 in
2236 3102 2421 3154 monte
2449 3104 2820 3156 monstratum
2852 3111 2930 3156 est
2957 3100 3055 3172 (1').

2218 3189 2483 3260 Diﬁusas.
2537 3188 2792 3257 Diﬁ‘usae,
2846 3206 2950 3244 seu
3003 3188 3247 3260 copiosa
3297 3187 3620 3260 disciplinae
3675 3190 3818 3242 sunt

363 3279 474 3329 τῶν
512 3273 807 3350 ὁρωμένων
853 3275 940 3329 καὶ
994 3271 1085 3328 διὰ
1134 3274 1472 3351 πραγμάτων
1517 3275 1852 3350 πλατύτεραι
1893 3275 2035 3329 ἀπο-

2163 3259 2447 3347 planiores
2477 3294 2579 3349 per
2609 3295 2698 3344 ea,
2733 3295 2860 3350 quae
2889 3259 3167 3332 videntur
3198 3282 3256 3332 et
3283 3293 3387 3348 per
3416 3259 3679 3332 actiones
3710 3276 3817 3330 de-

367 3361 562 3435 δείξεις
593 3367 701 3417 τῶν
733 3367 947 3432 νοητῶν
983 3362 1175 3424 ὲναίως
1208 3365 1252 3400 ²³
1280 3363 1369 3418 καὶ
1393 3364 1605 3438 ἀθρόως
1636 3369 1754 3426 ταῖς
1784 3365 2033 3434 νοήσεσιν

368 3447 818 3508 ἐπιϐαλλόντων.

437 3544 669 3614 ”Εξεως.
734 3541 884 3596 Ἐκεῖ
940 3536 1072 3612 ἕξεις
1133 3540 1233 3596 εἷ’σί
1295 3543 1359 3595 τὰ
1436 3547 1552 3604 Θεῖα
1609 3539 2032 3596 διατάττουσαι·

365 3628 474 3702 ἕξις
507 3629 565 3686 δέ
599 3629 712 3685 ἐστι
744 3629 976 3701 ποιότης
1027 3625 1288 3704 ἔμμονος.
1320 3633 1579 3694 Ἐνταῦθα
1632 3629 1688 3686 δὲ
1717 3631 1806 3686 καὶ
1841 3628 2039 3702 ἐκκλη-

373 3721 645 3775 σιαστικαί
722 3719 896 3793 τάξεις
971 3720 1066 3782 τάς
1141 3718 1250 3774 ἐκεῖ
1319 3717 1454 3790 ἕξεις
1524 3721 1616 3774 ἅτε
1689 3720 2032 3793 ἀσωμάτους,

1922 3815 2033 3880 Ση-

372 3900 634 3971 μειωτέον
680 3901 743 3966 ¹⁴,
775 3896 858 3952 ὅτι
891 3900 926 3966 ἡ
959 3899 1083 3970 παρ’
1134 3899 1269 3970 ἡμῖν
1321 3902 1441 3959 τοῖς
1486 3898 1791 3974 ἀνθρώποις
1839 3895 2036 3953 τελου-

371 3987 510 4059 μὲνη
542 3988 792 4062 ἱερατική
825 3986 1178 4062 μυσταγωγία
1231 3985 1463 4059 μίμησίς
1511 3987 1622 4041 ἐστι
1652 3995 1752 4056 τῆς
1777 3986 2033 4063 οὐρανίου

364 4077 682 4152 ἱεραρχίας.

377 3809 804 3879 ἆξεικονίζουσιν·
869 3809 924 3863 αἱ
965 3810 1067 3885 γὰρ
1135 3807 1294 3881 ἕξεις,
1351 3807 1656 3882 ἀσωμάτων
1708 3809 1810 3864 εἰσί
1848 3851 1862 3866 .

435 4345 898 4420 ’Υπερκο-σμίιυς.
978 4345 1056 4402 Τὸ
1135 4345 1520 4419 ὑπερκοσμίως
1595 4343 1694 4399 ουκ
1758 4343 2032 4414 αἷσθητῶς

361 4435 619 4504 νοητὲον,
681 4431 830 4490 ἀλλά
885 4438 1100 4505 νοητῶς
1172 4434 1260 4490 καὶ
1346 4434 1478 4508 ὑπὲρ
1551 4435 1644 4488 τὸν
1701 4434 1820 4497 καθ’
1884 4436 2032 4506 ἡμᾶς

359 4524 602 4596 κόσμον.

2149 3367 2608 3422 monstrationes
2640 3365 3107 3439 intelligibilium
3139 3383 3272 3437 quae
3301 3365 3465 3421 unite
3494 3369 3552 3422 et
3581 3363 3808 3420 confer-

2148 3455 2253 3510 tim
2285 3454 2742 3528 cogitationibus
2773 3455 3151 3511 incumbunt.

2219 3549 2268 3601 4
2298 3546 2636 3617 Aﬂectionis.
2669 3549 2787 3600 Hoc
2820 3545 2946 3601 loco
2997 3545 3337 3601 affectiones
3369 3547 3511 3600 sunt
3541 3543 3812 3616 quaedam

2146 3635 2352 3690 divina:
2383 3635 2834 3706 dispositiones;
2869 3634 3111 3689 habitus
3138 3634 3290 3689 enim
3322 3638 3412 3690 est
3437 3633 3694 3705 qualitas
3723 3632 3816 3688 in-

2145 3725 2515 3780 haerens.Hoc
2547 3729 2744 3779 autem
2778 3723 2903 3780 loco
2935 3723 3112 3779 etiam
3134 3723 3524 3780 ecclesiastici
3548 3722 3811 3790 ordines,

2145 3813 2382 3870 habitus
2413 3813 2508 3884 qui
2542 3813 2662 3868 illic
2711 3818 2851 3869 sunt
2901 3819 3189 3885 tanquam
3237 3813 3500 3882 corporis
3547 3815 3814 3882 expertes

2143 3921 2212 3959 ex
2260 3901 2578 3974 exemplari
2627 3904 2939 3974 efﬁngunt.
2975 3901 3224 3958 Habitus
3275 3901 3433 3956 enim
3482 3899 3813 3972 expertium

2144 3991 2405 4063 corporis
2437 3991 2941 4047 sunt.Notandum
2975 3997 3333 4059 autem,eam
3358 4006 3490 4060 quae
3521 3989 3676 4061 apud
3706 4005 3814 4044 nos

2144 4081 2414 4137 homines
2445 4081 2746 4153 perficitur
2779 4079 3161 4136 sacerdetalis
3192 4077 3583 4151 mystagogia,
3618 4093 3721 4133 seu
3753 4077 3815 4133 in

2143 4169 2329 4226 sacris
2377 4170 2653 4238 initiatio,
2686 4186 2816 4225 esse
2847 4169 3240 4225 imitationem
3295 4166 3548 4224 caelestis
3589 4167 3815 4222 hierar-

2144 4259 2310 4316 chiaa.

2213 4345 3372 4420 Supermundz’aliter.Supermundialiter
3399 4361 3518 4401 non
3552 4348 3642 4400 est
3672 4360 3812 4400 sen-

2145 4437 2396 4494 sibiliter
2427 4437 2599 4493 modo
2630 4436 3082 4506 intelligendum
3111 4453 3122 4491 :
3158 4436 3262 4492 sed
3313 4433 3814 4504 intellectualiter,

2147 4531 2205 4583 et
2235 4544 2415 4599 supra
2445 4533 2714 4582 nostrum
2747 4527 3064 4582 mundum.

437 4613 896 4690 Ἱερογραφικαῖς.
941 4613 1225 4668 Τουτέστιν
1259 4611 1308 4667 ἐν
1340 4617 1456 4674 τοῖς
1507 4613 1667 4686 ἱερῶς
1699 4613 1821 4686 περὶ
1856 4611 2029 4666 αὐτῶν

2219 4616 2826 4687 Sacroseripturislicls,
2861 4614 2959 4670 Gr.
2992 4613 3424 4689 ἱερογραφικαῗς.
3483 4614 3602 4667 Ηοο
3633 4615 3723 4667 est
3751 4609 3812 4666 in

360 4707 666 4764 συντεθεῖσι
698 4700 884 4778 λόγοις
913 4699 965 4756 ἐν
997 4707 1116 4764 ταῖς
1146 4707 1382 4780 Γραφαῖς
1415 4704 1478 4758 η.

435 4880 615 4951 Ἥμᾶς
686 4878 897 4953 ἀνάγοι.
977 4878 1352 4952 Σημειωτὲον,
1420 4883 1536 4940 πῶς
1587 4878 1900 4955 ἀναγόμεθα
1957 4879 2034 4942 εἷς

358 4965 686 5042 θεολογίας,
718 4969 806 5022 καὶ
839 4967 922 5022 ὅτι
957 4969 984 5022 ὁ
1016 4969 1246 5044 Χριστὸς
1277 4971 1428 5040 ἡμᾶς
1463 4968 1669 5042 ἀνάγει.

438 5056 772 5131 Ἀκρότητας
807 5099 820 5112 .
881 5053 1047 5112 Οὐδὲν
1105 5058 1180 5119 ὡς
1257 5053 1444 5133 ἔτυχεν
1517 5056 1832 5130 ὠνόμασται
1885 5057 2033 5132 παρά

439 5235 520 5307 (d)
553 5235 805 5309 Philipp.
844 5253 929 5303 ιιι,
971 5237 1052 5292 15.
1129 5235 1202 5308 (e)
1236 5235 1408 5291 Hebr.
1440 5253 1565 5302 vni,
1587 5236 1642 5292 5.

2145 4704 2516 4760 sermonibus
2566 4721 2730 4760 sacre
2760 4704 2832 4759 de
2883 4702 3030 4774 ipsis
3085 4700 3432 4772 compositis
3460 4698 3521 4754 in
3551 4699 3814 4771 Scriptu-

2147 4812 2247 4848 1⁸18.

2200 4813 2247 4850 s.

2215 4885 2317 4938 Nos
2347 4883 2656 4938 adduceret.
2690 4882 3025 4937 Notandum
3077 4879 3375 4951 quomodo
3407 4877 3706 4934 elevemur
3735 4877 3808 4933 ad

2142 4971 2524 5044 theologiam,
2557 4980 2610 5026 et
2641 4969 2937 5026 Christum
2972 4985 3076 5024 nos
3110 4967 3360 5023 elevare.

2214 5061 2425 5132 Apices.
2486 5060 2642 5116 Nihil
2705 5059 2948 5114 fortuito
3008 5056 3366 5129 appellatum
3423 5060 3514 5111 est
3569 5055 3641 5111 ab
3698 5055 3810 5110 hoc

1721 5238 1790 5309 (f)
1825 5236 2001 5293 Exod.
2034 5255 2169 5305 xxv,
2202 5239 2289 5294 40.

1345 5415 1586 5472 VARI/E
1626 5415 2014 5471 LECTIONES
2055 5418 2141 5472 ET
2180 5417 2750 5474 CORRECTIONES.

439 5561 492 5638 1’.
521 5557 815 5638 συνθέσεσι.
896 5556 1207 5638 ξξένιαίευς.
1286 5561 1704 5638 “ﬁn-palmam.
1776 5563 1828 5638 ν¹⁸
1858 5561 2274 5638 ξίερογραφικάς
2308 5561 2364 5618 δὲ
2395 5567 2501 5638 τῶν
2546 5561 2701 5616 θείων
2730 5559 2964 5638 λογίων.
2999 5561 3270 5638 συνθΑε-σεις
3319 5559 3453 5638 φησὶ
3483 5555 3610 5638 τοὺς
3636 5558 3805 5638 Δἰεριῖκ

361 5629 496 5703 περὶ
529 5631 705 5724 αὐτςέιν
738 5630 1084 5724 συντεθιντας
1108 5627 1312 5724 λόγους
1341 5629 1392 5686 ἐν
1425 5627 1542 5694 ταῖς
1573 5637 1832 5724 Γραίραῖς.
1866 5627 2036 5708 Ἱερογ

2163 5637 2272 5721 me}:
2299 5652 2416 5724 "seu
2457 5627 3058 5718 Saefoseriptu'ristica:
3095 5627 3420 5692 divinorum
3462 5627 3814 5704 eloquioi-um

364 5705 799 5776 compositiones
827 5704 1069 5777 appellat
1097 5704 1387 5762 Sermones
1415 5719 1568 5763 suere

1686 5708 1824 5780 ipsi:
1851 5708 2181 5780 compositos
2207 5710 2266 5766 in
2293 5708 2611 5780 Seripluris.
