4134 6428
356 389 427 446 35
1165 384 1535 439 APPENDIX
1573 387 1673 439 AD
1711 384 1954 440 OPERA
1991 385 2053 439 S.
2095 384 2416 443 DIONYSII
2457 388 2968 446 AREOPAGITE.
3713 395 3786 452 36

354 520 528 576 beato
553 537 568 587 ;
599 517 702 575 sed
734 515 960 574 erudite
978 518 1036 571 et
1060 512 1293 587 proprie
1313 528 1448 569 cum
1471 513 1722 585 pietate;
1747 512 1978 584 quando

2120 515 2218 566 τοῦ
2267 515 2538 588 μακαρίου
2580 512 2800 582 τούτου,
2851 514 2998 571 ἀλλὰ
3042 515 3381 591 πολυμαθῶς
3431 521 3518 575 καὶ
3572 523 3779 596 κυρίως

355 610 595 682 quidem
626 608 811 682 igitur
837 605 1069 676 dixerit,
1101 609 1362 661 nostram
1395 618 1624 660 sacram
1674 601 1978 674 dispositio

2126 601 2260 672 μετά
2285 607 2386 670 τῆς
2429 597 2720 665 εὐσεϐείας·
2773 602 2960 674 ἐπειδή
2995 607 3086 660 οὖν
3131 608 3231 676 τὴν
3277 609 3406 685 παρ’
3437 610 3574 682 ἡμῖν
3627 610 3778 686 ΐερὰν

354 715 510 763 nem,
544 714 645 771 per
673 697 845 770 signa
875 694 1203 752 materialia
1232 697 1288 749 et
1334 692 1596 765 copiosa,
1627 691 1974 762 ﬁctionesqu

2120 686 2357 760 διάταξιν
2410 687 2501 744 διὰ
2549 687 2844 764 συμϐόλων
2896 691 3102 750 ὑλαίων
3151 695 3242 750 καὶ
3286 694 3541 767 ἔξοδικῶν
3591 703 3636 740 ¹⁶
3685 700 3776 757 καὶ

351 805 458 862 pro
489 791 689 845 nostro
733 789 905 859 captu
939 782 1162 857 perﬁci,
1194 798 1328 840 cum
1378 785 1578 838 tamen
1635 781 1715 836 sit
1745 784 1922 853 typus
1954 795 1978 836 ε

2118 776 2370 832 πλάσεων
2405 780 2523 834 εἷπε
2569 779 2841 836 τελεῖσθαι
2874 783 3011 858 πρὸς
3054 784 3117 839 τὸ
3165 786 3302 858 ἡμῖν
3333 784 3549 863 ἐφικτὸν
3579 787 3780 864 τύπον,

349 877 602 934 imitatio
625 891 803 932 sacrae
826 872 1171 946 angelorum
1195 869 1862 942 descriptionis;merito
1884 885 1978 940 qua

2118 866 2279 921 οὖσαν
2305 867 2395 922 καὶ
2429 868 2658 942 μίμημα
2685 877 2786 941 τῆς
2814 873 2943 947 παρ’
2984 871 3240 948 ἀγγέλοις
3285 875 3434 950 ἱερᾶς
3463 875 3780 950 διακοσμή-

348 968 409 1024 in
440 966 560 1023 illis
591 969 682 1022 est
711 961 994 1020 antistitis
1023 976 1324 1018 sacrorum
1348 959 1609 1031 dignitas
1632 958 1880 1030 apicem,
1905 974 1978 1014 εει

2117 975 2276 1028 σεως,
2309 956 2534 1020 εῒκότως
2589 960 2688 1029 τὴν
2745 961 2874 1036 παρ’
2918 960 3145 1025 ἐκείνοις
3205 963 3550 1042 ἱεροφαντίαν
3607 967 3772 1042 ἀκρό-

347 1055 756 1112 summitatem
799 1050 1146 1125 appellavit;
1180 1049 1583 1106 summitatem
1624 1047 1783 1105 enim
1815 1045 2009 1119 appel-

347 1145 470 1204 lare
501 1147 862 1202 consuerunt
894 1141 995 1216 qui
1027 1139 1180 1196 circa
1211 1140 1333 1196 hac
1371 1143 1599 1207 vacant,
1632 1139 2009 1210 uniuscujus-

347 1252 459 1307 que
489 1234 757 1292 essentia:
808 1229 1196 1304 purissimum
1244 1232 1302 1285 et
1333 1243 1401 1285 ex
1431 1244 1544 1301 quo
1589 1228 1801 1300 pendet
1843 1246 2006 1300 προσ-

345 1326 491 1399 εχῶς
521 1323 655 1395 (hoc
681 1324 770 1377 est
816 1319 1122 1390 continuo)
1149 1318 1428 1387 essentia,
1463 1321 1528 1373 ut
1578 1317 1742 1373 verbi
1789 1316 2001 1389 gratia,

342 1411 658 1469 summitas
688 1409 1092 1477 animae,mens
1112 1406 1304 1478 ipsius
1324 1406 1646 1479 purissima
1669 1424 1685 1477 ;
1707 1409 1765 1462 et
1781 1405 2002 1462 amoris

340 1501 679 1565 summitas,
705 1513 907 1554 eorum
930 1495 1031 1568 qui
1053 1496 1542 1551 transcenderunt
1565 1499 1621 1550 et
1640 1493 1998 1550 divinissimi

340 1594 502 1661 sunt,
532 1587 755 1662 ignitus
780 1602 977 1652 amor;
1013 1589 1224 1641 nostrae
1255 1583 1434 1656 igitur
1454 1584 1631 1640 etiam
1655 1583 1997 1640 hierarchiaa

337 1683 396 1736 et
425 1695 651 1735 arcana:
681 1673 1094 1747 descriptionis
1123 1673 1457 1743 summitas,
1480 1673 1870 1747 purissimum
1903 1673 1994 1745 ip-

337 1769 484 1840 sius,
519 1783 588 1824 ex
616 1783 733 1838 quo
783 1769 1023 1836 accepta
1050 1768 1163 1831 est,
1195 1768 1252 1820 et
1298 1763 1455 1836 quod
1504 1779 1685 1836 prope
1735 1762 1992 1819 materias

2113 1065 2254 1116 τητα
2309 1046 2573 1118 κέκληκεν
2611 1068 2625 1082 ·
2685 1048 2962 1126 ἀκρότητα
3015 1050 3117 1127 γὰρ
3177 1052 3400 1108 εἱώθασι
3476 1053 3663 1111 καλεῖν
3719 1057 3775 1112 οἱ

2114 1136 2240 1212 περὶ
2271 1140 2439 1192 ταῦτα
2478 1137 2849 1213 σχολάσαντες
2903 1139 3132 1211 ἑκάστης
3182 1143 3370 1206 οὐσίας
3416 1144 3480 1199 τὸ
3527 1146 3774 1220 καθαρώ-

2111 1245 2292 1297 τατον,
2325 1227 2413 1281 καὶ
2465 1225 2514 1300 ἐξ
2574 1228 2636 1283 οὗ
2675 1227 2910 1303 ἤρτηται
2957 1235 3276 1307 προσεχῶς,
3311 1233 3586 1288 τουτέστιν
3643 1232 3772 1309 ἐχοο

2116 1312 2307 1387 μὲνως,
2358 1317 2393 1385 ἡ
2449 1315 2624 1371 οὐσία·
2677 1315 2752 1380 ὠς
2804 1318 2930 1396 φὲρε
2979 1317 3174 1390 εἴπεῖν,
3224 1322 3413 1395 ψυχῆς
3470 1322 3707 1396 ἀκρότης
3739 1324 3768 1378 ὁ

2109 1407 2236 1466 νοῦς
2294 1403 2464 1474 αὐτῆς
2523 1405 2553 1458 ὁ
2609 1406 3012 1482 καθαρώτατος·
3063 1406 3154 1462 καὶ
3207 1403 3410 1482 ἔρωτος
3469 1410 3706 1486 ἀκρότης
3735 1412 3765 1466 ὁ

2107 1496 2214 1547 τῶν
2260 1488 2677 1564 ἀναϐεϐηκότων
2723 1496 2812 1551 καὶ
2864 1494 3157 1559 θειοτᾶτων
3209 1495 3473 1573 διάπυρος
3524 1497 3664 1576 ἔρως
3694 1503 3762 1539 ¹⁷·

2105 1581 2195 1636 καὶ
2225 1589 2326 1652 τῆς
2371 1584 2486 1638 καθ’
2535 1585 2684 1656 ἡμᾶς
2728 1584 2820 1640 οὗν
2866 1585 3151 1660 ἰεραρχίας
3199 1587 3291 1641 καὶ
3345 1585 3765 1664 μυστηριώδους

2106 1668 2520 1745 διακοσμήσεως
2554 1672 2790 1746 ἀκρότης
2835 1675 2898 1729 τὸ
2945 1675 3324 1750 καθαρώτατον
3375 1676 3568 1747 αὐτῆς,
3601 1676 3651 1752 ἐξ
3698 1679 3762 1734 οὗ

2101 1760 2359 1831 ἀνῆπται,
2415 1762 2507 1817 καὶ
2557 1763 2620 1818 τὸ
2674 1761 2833 1838 ἔγγὺς
2906 1769 3175 1820 συντεῖνον
3243 1763 3477 1829 ἀϋλίας·
3528 1767 3592 1822 τὸ
3665 1768 3759 1824 οὗν

334 1856 721 1931 privationem
754 1854 1096 1921 contendit;
1131 1853 1519 1924 purissimum
1560 1869 1699 1924 ergo
1728 1852 1788 1908 in
1821 1853 1978 1908 nobis

2103 1850 2555 1929 ἀκραιφνέστατον
2617 1852 2668 1952 ἐν
2728 1853 2865 1926 ἡμῖν
2927 1849 3233 1926 σύμϐολον,
3286 1857 3322 1924 ἡ
3373 1855 3611 1928 ἀκρότης
3647 1861 3759 1913 τῶν

333 1947 571 2019 signum
616 1949 706 2002 est
733 1943 1051 2001 summitas
1099 1941 1512 2014 mysteriorum
1548 1959 1664 1999 non
1704 1943 1990 2014 figurato-

332 2051 466 2093 rum
491 2042 544 2092 et
573 2033 936 2106 simplicium
959 2037 1015 2088 et
1044 2031 1644 2104 incorporeorum,cui
1662 2030 1991 2087 hierarchia

330 2126 646 2197 conjuncta
668 2123 898 2179 insistit
926 2127 1214 2194 tanquam
1247 2120 1366 2177 illis
1383 2137 1511 2193 qua:
1538 2121 1690 2176 inter
1719 2120 1990 2177 homines

329 2219 419 2272 est
449 2213 734 2270 antistitis
781 2227 1086 2269 sacrorum
1140 2211 1424 2282 dignitas,
1449 2214 1507 2266 et
1537 2227 1640 2282 per
1669 2209 1990 2266 simulacra

327 2304 515 2361 elevat
544 2320 725 2377 puras
771 2301 1029 2357 visiones
1078 2299 1496 2356 intellectualis
1525 2299 1698 2369 ritus,
1727 2301 1826 2371 qui
1856 2317 1989 2373 pro-

326 2392 602 2450 babiliter
633 2391 948 2449 summitas
1000 2388 1329 2462 appellatur
1357 2405 1564 2447 eorum
1593 2389 1694 2462 qui
1724 2389 1821 2448 hic
1846 2394 1989 2447 sunt

327 2497 740 2560 corporeorum
772 2484 830 2538 et
852 2479 1268 2537 materialium.

959 2598 1030 2652 IN
1071 2595 1225 2652 CAP.
1271 2597 1341 2652 II.

395 2688 425 2762 §
469 2688 508 2744 I.
570 2688 1056 2759 Explanationem.
1113 2689 1212 2741 Gr.
1271 2682 1623 2761 ἔκφαντορίαν
1685 2684 1983 2760 Ἐκφαντο-

323 2776 441 2853 ρίαν
470 2777 613 2833 dicit
642 2775 1135 2832 enuntiationem.
1167 2773 1544 2831 Manifestum
1576 2781 1794 2842 autem,
1831 2793 1982 2845 eam,

322 2883 451 2939 quae
475 2882 576 2939 per
599 2867 642 2924 ὅ
669 2865 839 2938 signa
856 2868 911 2921 et
937 2864 1158 2937 figuras
1181 2880 1310 2936 quae
1333 2865 1512 2920 etiam
1538 2865 1804 2921 fictiones
1821 2883 1984 2922 voca‘

317 2956 418 3026 vit,
453 2954 755 3028 perficitur
778 2971 793 3024 ;
816 2955 1230 3025 simplicitatem
1252 2969 1405 3020 vero,
1437 2953 1823 3025 privationem
1859 2972 1981 3011 ma-

319 3044 474 3101 terim
506 3044 562 3099 in
617 3048 863 3110 natura;
899 3043 1124 3098 sciebat
1155 3041 1312 3097 enim
1364 3043 1519 3114 quod
1555 3041 1856 3098 celebrans
1890 3061 1980 3099 sa-

315 3150 446 3191 cras
479 3133 538 3188 in
585 3132 746 3189 caelis
801 3136 1029 3188 mentes
1084 3131 1238 3186 sicut
1285 3130 1410 3202 ipse
1461 3131 1604 3187 dicit
1653 3133 1978 3187 secundum

313 3221 701 3295 Scripturam,
726 3237 965 3278 necesse
991 3219 1268 3276 habuerit
1298 3219 1490 3276 dicere
1520 3220 1591 3276 de
1613 3221 1972 3277 animalibus

315 3314 535 3368 formas
560 3312 817 3368 ferarum
839 3309 1218 3380 habentibus,
1251 3313 1310 3365 et
1347 3308 1562 3382 aquilis
1598 3314 1655 3366 et
1685 3310 1816 3366 aliis
1847 3312 1973 3383 qui-

312 3399 426 3455 bus
455 3399 665 3455 divinae
696 3398 1010 3470 Scriptura
1041 3396 1377 3454 assimilant
1397 3397 1839 3470 archangelicas
1866 3398 1974 3454 vir-

312 3491 470 3544 tutes
497 3530 511 3556 ,
543 3487 687 3544 dicit
730 3487 888 3543 enim
926 3505 940 3543 :
977 3487 1042 3544 Ut
1071 3503 1181 3542 non
1213 3489 1384 3542 etiam
1431 3503 1556 3554 nos,
1586 3489 1728 3542 sicut
1757 3487 1971 3557 vulgus,

309 3579 547 3650 profane
590 3575 952 3644 arbitremur,
987 3575 1233 3631 minime
1259 3575 1475 3631 habere
1523 3575 1971 3647 explicationem

314 3667 551 3723 ordines
582 3680 787 3722 eorum
817 3665 919 3738 qui
953 3663 1172 3719 multas
1204 3665 1382 3720 facies
1424 3664 1641 3720 habent
1669 3669 1726 3721 et
1756 3666 1972 3722 multos

311 3756 489 3828 pedes
519 3755 579 3811 in
611 3753 773 3811 caelis
807 3771 819 3810 :
854 3753 963 3809 hos
995 3752 1181 3826 igitur
1229 3754 1542 3826 explanare
1583 3755 1752 3826 juxta
1781 3772 1970 3812 sacro-

312 3861 443 3902 rum
472 3843 845 3902 oraculorum
872 3842 1323 3917 explicationem
1355 3843 1667 3917 prmelegit.

377 3935 596 4006 Palam,
628 3933 727 3991 Gr.
760 3930 1025 4008 ἀτεχνῶς.
1075 3931 1485 4004 Vehementer,
1531 3937 1633 3991 aut
1677 3934 1966 3991 omnimo-

307 4024 405 4095 do,
433 4027 535 4082 aut
565 4038 718 4091 vere,
752 4029 854 4080 aut
882 4021 1255 4095 simpliciter.

375 4114 637 4170 Poeticis.
687 4112 1058 4185 Scripturam
1109 4128 1346 4184 quoque
1393 4112 1640 4185 poeticis
1694 4131 1863 4170 usam
1898 4114 1966 4168 li-

307 4201 626 4268 ctionibus,
660 4202 732 4258 ad
768 4201 1297 4258 manuductionem
1331 4201 1665 4259 intellectus
1699 4203 1966 4269 humani,

308 4305 424 4346 non
457 4290 706 4347 valentis
736 4306 932 4346 rerum
965 4289 1261 4361 majorum
1294 4289 1626 4346 doctrinam
1663 4291 1964 4364 accipere;

308 4377 526 4436 similia
565 4379 724 4436 enim
754 4382 895 4436 sunt
925 4378 1184 4435 coelestia
1229 4378 1401 4451 signa
1431 4379 1505 4436 iis
1555 4397 1683 4451 quas
1715 4397 1748 4434 a
1779 4379 1968 4452 poetis

302 4472 499 4525 mente
549 4467 878 4541 ﬁnguntur,
913 4467 1066 4524 sicut
1114 4483 1279 4524 sacer
1309 4467 1404 4524 hic
1431 4467 1521 4524 vir
1550 4468 1692 4524 dicit
1737 4470 1966 4541 (poetas

302 4561 497 4614 autem
528 4557 792 4631 intellige
814 4561 916 4614 aut
939 4556 1073 4613 illos
1094 4558 1192 4628 qui
1234 4558 1390 4629 apud
1423 4556 1676 4630 gentiles
1699 4558 1759 4612 in
1778 4557 1964 4613 admi-

2100 1939 2397 1994 ἀτυπώτων
2425 1940 2515 1994 καὶ
2561 1938 2751 1996 ἁπλῶν
2783 1941 2872 1996 καὶ
2920 1940 3227 2015 ἀσωμάτων
3275 1943 3612 2019 μυστηρίων,
3644 1945 3682 2020 ᾗ
3717 1948 3754 2016 ἡ

2099 2029 2357 2104 ἱεραρχία
2413 2031 2789 2102 συναπτομένη
2849 2025 3154 2088 ἔπιϐατεύει
3188 2075 3202 2101 ,
3261 2032 3429 2088 οἷονεί
3484 2037 3552 2108 τῇ
3609 2035 3756 2110 παρὰ

2098 2115 2410 2192 ἀνθρώποις
2460 2117 2793 2195 ἱεροφαντίᾳ·
2846 2122 2939 2175 καὶ
2987 2118 3077 2175 διὰ
3124 2124 3232 2176 τῶν
3291 2120 3510 2177 εἰκόνων
3566 2123 3751 2197 ἀνάγει

2096 2204 2182 2261 ἐπὶ
2215 2206 2284 2261 τὰ
2309 2207 2518 2281 καθαρὰ
2565 2209 2805 2281 θεάματα
2849 2215 2952 2278 τῆς
2999 2210 3199 2280 νοητῆς
3246 2210 3474 2282 τελετῆς
3510 2211 3753 2287 ἀκρότη-

2093 2317 2188 2357 τος
2219 2293 2527 2372 λεγομένης
2575 2295 2801 2360 εῗκότως
2839 2302 2949 2354 τῶν
2982 2295 3168 2354 ἐνθάδε
3212 2305 3538 2375 σωματικῶν
3567 2322 3629 2358 τε
3658 2301 3749 2357 καὶ

2098 2382 2379 2442 ὑλοειδῶν.

2593 2593 2712 2649 ΕΙΣ
2747 2593 2836 2651 ΤΟ
2873 2595 3130 2651 ΚΕΦΑΛ.
3173 2595 3246 2652 Β“.

2165 2683 2194 2756 ἕ
2249 2687 2290 2738 Ι.
2343 2681 2458 2754 [α“.]
2517 2682 2923 2760 Ἐκφαντορίαν.
2991 2685 3383 2763 Ἑκφαντορίαν
3440 2683 3588 2763 λέγει
3644 2689 3748 2758 τὴν

2093 2769 2423 2846 ἐξάγγελσιν·
2478 2766 2760 2846 πρόδηλον
2809 2769 2887 2844 δὲ,
2919 2771 3004 2827 ὅτι
3049 2775 3150 2843 τήν
3201 2770 3292 2829 διὰ
3328 2770 3624 2849 συμϐόλων
3657 2778 3747 2832 καὶ

2090 2861 2298 2928 τύπων,
2362 2860 2516 2914 ἅτινα
2572 2862 2660 2914 καὶ
2736 2859 3032 2934 πλάσματα
3087 2861 3232 2918 εἶπεν
3268 2883 3281 2897 ·
3350 2863 3636 2937 ἁπλότητα
3692 2863 3751 2921 δὲ

2090 2949 2153 3004 τὸ
2204 2956 2304 3018 τῆς
2363 2947 2572 3024 φύσεως
2626 2947 2814 3005 ἅϋλον·
3052 2952 3320 3021 ἠπίστατο
3368 2954 3494 3030 γὰρ,
3525 2954 3609 3010 ὅτι
3662 2955 3748 3010 ἀν·

2093 3044 2277 3111 υμνῶν
2309 3038 2436 3102 τοὺς
2481 3039 2532 3092 ἐν
2580 3043 2696 3100 τοῖς
2746 3039 2999 3116 οὐρανοῖς
3043 3041 3224 3116 ἱεροὺς
3270 3043 3416 3111 νόας,
3459 3044 3535 3108 ὡς
3581 3043 3747 3100 αὐτός

2092 3149 2224 3206 φησι
2269 3128 2402 3183 κατὰ
2448 3129 2549 3196 τήν
2609 3131 2850 3206 Γραφήν,
2908 3129 3144 3204 ἀνάγκην
3196 3131 3341 3206 εἶχεν
3394 3133 3563 3189 εἱπεῖν
3614 3135 3742 3209 περὶ

2095 3216 2246 3286 ζώων
2301 3218 2717 3295 θηριομόρφων,
2749 3219 2838 3272 καὶ
2892 3218 3084 3288 ἀετῶν,
3132 3219 3220 3274 καί
3265 3225 3374 3275 τῶν
3423 3219 3607 3277 ἄλλων
3660 3226 3746 3286 οἷς

2087 3308 2466 3376 ἀπεικάζουσιν
2510 3307 2564 3362 αἱ
2615 3312 2752 3371 θεῖαι
2804 3309 3008 3385 Γραφαὶ
3055 3308 3151 3372 τὰς
3199 3309 3604 3388 ἀρχαγγελικὰς
3652 3309 3745 3367 δυ-

2080 3397 2292 3468 νάμεις·
2356 3394 2497 3470 λέγει
2557 3397 2682 3471 γάρ·
2738 3397 2855 3451 Ἵνα
2916 3397 2991 3469 μῆ
3040 3396 3129 3451 καὶ
3160 3400 3349 3471 ἡμεῖς,
3381 3400 3456 3463 ὡς
3506 3400 3557 3455 οἱ
3598 3398 3746 3456 πολ-

2083 3483 2195 3556 λοῖ,
2226 3484 2541 3558 νομίζωμεν
2591 3483 2819 3559 ἀνιέρως
2874 3495 2948 3557 μη
3003 3480 3149 3560 ἔχειν
3193 3487 3447 3562 ἐξήγησιν
3493 3487 3587 3551 τὰς
3635 3492 3750 3544 τῶν

2081 3573 2539 3649 πολυπροσώπων
2591 3572 2680 3628 καὶ
2738 3571 3068 3629 πολυπόδων
3138 3575 3312 3648 τάξεις
3365 3575 3419 3631 ἐν
3471 3576 3744 3653 οὐρανοῖς·

2079 3661 2275 3724 ταύτας
2333 3662 2425 3717 οὗν
2501 3659 2827 3739 διασαφῆσαι
2904 3662 3220 3740 προῄρηται
3275 3667 3412 3721 κατά
3475 3667 3576 3736 τὴν
3631 3671 3744 3722 τῶν

2080 3753 2240 3828 ἱερῶν
2276 3750 2482 3826 λογίων
2512 3749 2889 3828 ἐκφαντορίαν.

2153 3930 2453 4005 Ἀτεχνῶς.
2514 3928 2813 4004 Μεγάλως,
2872 3930 2908 3999 ἢ
2965 3929 3256 4003 παντοίως,
3306 3931 3342 4000 ἦ
3397 3930 3646 4006 ἀληθῶς,
3704 3936 3741 4006 ἢ

2081 4017 2294 4081 ἁπλῶς.

2151 4109 2245 4183 [γ’]
2286 4110 2632 4178 Ιιοιητικαῖς.
2686 4108 2812 4163 "Ott
2868 4105 2958 4161 καὶ
3015 4115 3330 4179 ποιητικαῖς
3391 4113 3547 4185 [τισι]
3602 4109 3744 4168 πλά-

2080 4217 2222 4252 σεσιν
2255 4195 2532 4271 ἐχρήσατο
2579 4197 2614 4265 ἡ
2664 4196 2851 4272 Γραφή
2903 4195 3037 4272 πρὸς
3095 4199 3468 4275 χειραγωγίαν
3509 4206 3611 4272 τῆς
3643 4201 3740 4256 ἀν-

2077 4285 2355 4362 θρωπίνης
2406 4282 2667 4356 διανοίας,
2726 4281 2854 4339 ἀλλ’
2909 4284 2983 4346 ὡς
3034 4286 3095 4340 οὐ
3151 4283 3458 4360 δυναμένης
3498 4289 3598 4358 τήν
3628 4294 3736 4345 τῶν

2083 4375 2346 4450 μειζόνων
2397 4368 2733 4448 παραλαϐεῖν
2794 4371 3172 4430 διδασκαλίαν·
3231 4374 3461 4432 ἐοικέναι
3517 4379 3616 4454 γὰρ
3671 4378 3741 4435 τὰ

2077 4465 2301 4540 οὐράνια
2339 4458 2594 4537 σύμϐολα
2639 4469 2758 4526 τοῖς
2806 4462 2953 4540 παρά
2998 4469 3258 4536 ποιηταῖς
3289 4469 3736 4543 φανταζομένοις,

2077 4553 2154 4616 ὠς
2203 4554 2231 4608 ὁ
2276 4552 2420 4628 ἱερὸς
2465 4552 2600 4627 ἀνὴρ
2651 4551 2808 4614 οὗτός
2857 4572 3013 4629 φησι,
3065 4552 3325 4626 (ποιητὰς
3376 4551 3434 4609 δὲ
3471 4549 3736 4627 νὸησονῆ

301 4647 526 4704 ratione
557 4630 814 4716 fuerunt,
849 4647 1000 4703 sicut
1031 4647 1374 4712 Homerum,
1405 4646 1723 4702 Hesiodum
1773 4651 1831 4702 et
1880 4663 1964 4702 re-

2093 4641 2198 4706 τοὺς
2244 4642 2371 4715 παρ’
2415 4639 2657 4710 Ἕλλησι
2709 4641 3184 4714 θαυμαζομένους,
3242 4643 3357 4698 οἷον
3427 4646 3684 4719 ’Όμηρον
3718 4691 3733 4718 ,

301 4735 540 4809 liquos),
573 4740 674 4792 aut
692 4736 936 4809 poeticis
962 4736 1130 4808 quasi
1155 4735 1378 4791 ﬁctitiis
1419 4734 1958 4800 informationibus,

299 4842 402 4882 seu
425 4825 943 4884 delineationibus.
975 4825 1120 4881 Cum
1145 4824 1303 4881 enim
1345 4829 1547 4882 nosset
1593 4825 1830 4897 sapiens
1863 4823 1962 4881 Dei

298 4915 718 4972 condescensio
750 4919 1013 4971 nostram
1047 4919 1306 4971 mentem
1329 4914 1652 4984 infirmam,
1686 4918 1743 4970 et
1763 4915 1835 4970 ad
1868 4931 1962 4970 su-

299 5002 632 5060 blimiorem
681 5002 1238 5075 contemplationem
1298 5004 1578 5074 ineptam,
1638 5003 1959 5061 elevations

299 5091 412 5164 ipsi
436 5092 806 5148 oonnaturali
838 5093 1052 5162 efﬁcta,
1081 5092 1166 5148 sic
1197 5091 1637 5165 archangelicas
1659 5093 1718 5147 in
1745 5109 1956 5164 propa-

297 5179 421 5237 tulo
445 5181 582 5237 fecit
600 5181 1046 5254 descriptiones,
1077 5198 1196 5238 non
1237 5183 1530 5254 quomodo
1563 5198 1761 5238 revera
1794 5187 1953 5252 sunt,

297 5271 398 5326 sed
432 5278 606 5343 prout
637 5287 744 5326 nos
783 5271 1281 5343 comprehendere
1331 5271 1605 5344 quimus;
1652 5271 1801 5327 nihil
1851 5271 1955 5345 igi-

293 5363 391 5416 tur
419 5359 756 5416 ccelestibus
787 5359 1178 5433 improprium
1211 5361 1559 5434 imaginare.

2069 4729 2341 4798 Ἡσίοδον,
2394 4729 2647 4791 καὶτοὺς
2698 4729 2870 4804 ἑξῆς.)
2921 4728 2957 4798 ἢ
3007 4736 3324 4800 ποιητικαῖς
3372 4731 3566 4788 ὠσανεί
3597 4733 3737 4790 πλα-

2070 4826 2276 4882 στικαῖς
2320 4820 2752 4875 ὑποτυπώσεσιν.
2797 4815 2991 4875 Εἰδυῖα
3041 4820 3144 4894 γὰρ
3276 4824 3373 4875 τοῢ
3422 4825 3556 4877 Θεοῦ
3587 4825 3730 4900 σοφὴ

2069 4905 2461 4986 συγκατάϐασις
2517 4908 2606 4962 τὸν
2661 4908 2930 4983 ἡμέτερον
2999 4911 3124 4962 νοῦν
3202 4909 3392 4980 ἀσθενῆ
3448 4911 3539 4966 καὶ
3595 4913 3736 4987 πρὸς

2070 4999 2410 5076 ὑψηλοτέραν
2464 4996 2695 5069 Θεωρίαν
2744 4995 3139 5066 ἀνεπιτηδείως
3182 4995 3406 5072 ἔχοντα,
3437 4999 3731 5076 ἀναγωγὴν

2064 5091 2210 5162 αὒτῷ
2241 5094 2460 5163 συμφυῆ
2493 5085 2842 5159 πλασαμένη,
2874 5084 3018 5141 οὕτω
3063 5085 3160 5148 τὰς
3209 5086 3614 5163 ἀρχαγγελικὰς
3644 5088 3722 5154 εἲς

2065 5181 2290 5259 φανερὸν
2349 5177 2523 5253 ἤγαγε
2579 5175 2992 5248 διακοσμήσεις,
3049 5173 3158 5250 οὐχ
3213 5173 3364 5238 ὅπως
3407 5175 3596 5253 ἔχουσι
3649 5182 3719 5253 τῇ

2063 5268 2292 5343 ἀληθείῃ
2352 5265 2763 5343 διασαφήσασα,
2821 5261 2949 5320 ἀλλ’
3023 5262 3173 5326 ὅπως
3227 5265 3394 5338 ἡμεῖς
3453 5263 3730 5340 δυνάμεθα

2060 5352 2408 5415 καταλαϐεῖν·
2464 5351 2638 5430 μηδὲν
2691 5353 2782 5408 οὗν
2833 5350 3098 5410 ἀνοίκειον
3150 5354 3422 5430 φαντάζου
3469 5359 3579 5410 τῶν
3631 5356 3729 5412 οὐ-

2060 5448 2280 5525 ρανίων.

1293 5602 1532 5660 νΑιιιλΕ
1571 5603 1972 5663 LECTIONEB
2027 5602 2117 5662 ET
2153 5596 2717 5660 CORRECTIONES.

366 5719 412 5759 ιθ
441 5712 777 5789 διεξοδικῶν.
855 5719 897 5756 ¹⁶
927 5717 1118 5784 πόθος.
