4134 6410
366 399 443 456 37
1076 403 1138 456 Β.
1178 400 1458 456 MAXIM!
1494 397 1811 458 BCHOLIA
1847 400 1921 455 IN
1961 401 2097 455 LIB.
2138 403 2234 455 DE
2272 401 2600 459 C(ELESTI
2637 403 3115 460 HIERARCHIA.
3731 401 3804 459 38

433 527 464 595 §
517 529 590 581 II.
647 521 962 588 Συνθέσεις.
1029 521 1311 584 Συνθέσεις
1392 522 1524 601 φησὶ
1599 523 1695 584 τὰς
1747 521 2040 597 εἰρημένας

2223 523 2354 599 §ll.
2406 525 2856 598 Compositiones.
2905 526 3372 599 Compositiones
3419 526 3564 583 dicit
3610 527 3802 585 dictas

360 613 598 676 πλάσεις
627 614 717 668 καὶ
755 632 872 689 σχη
885 611 1232 688 ματοποιίας.

440 706 556 782 Ἐφ’
616 704 851 760 ἑαυτῶν.
913 703 1032 780 Ἐφ’
1090 703 1325 774 ὶαυτῶν,
1380 701 1659 757 τουτέστιν
1720 702 1794 763 ὡς
1852 699 2042 777 ἔχουσι

365 793 604 872 φύσεως,
639 790 916 866 ἄγνωστοι
975 795 1138 865 ἡμῖν,
1170 793 1330 870 φησὶ,
1361 791 1452 847 καὶ
1512 791 1822 866 ἀθεώρητοι
1880 789 2046 866 ὑπάρο

367 903 590 959 χουσιν.

443 971 779 1044 Ἀπότομον.
815 970 1126 1042 Ἀπότομον
1178 971 1332 1044 οἶμαι
1378 969 1557 1046 λέγειν
1599 968 1757 1024 αὐτὸν
1807 970 1906 1038 τὴν
1960 969 2038 1040 ξέ-

367 1081 497 1132 νην,
529 1060 619 1115 καὶ
649 1061 764 1118 οἷον
810 1064 917 1113 τῶν
969 1061 1219 1130 συνήθων
1266 1058 1724 1132 ἄποτετμημένην
1772 1055 1898 1113 ὁδὸν
1952 1058 2044 1113 καὶ

368 1148 576 1205 πλάσιν
610 1167 625 1182 α
662 1146 750 1203 διὸ
788 1148 881 1204 καὶ
932 1149 1138 1219 σκηνήν
1181 1148 1354 1218 αὐτὴν
1402 1148 1683 1222 ὀνομάζει,
1735 1146 2042 1226 σαφηνίζων

367 1239 474 1294 οὐκ
523 1236 754 1308 ἀληθεῖς
808 1238 945 1292 εἶναι
995 1238 1090 1300 τὰς
1164 1238 1652 1314 ἀναγεγραμμένας
1717 1241 1825 1292 τῶν
1877 1237 2040 1312 ἁγίων

372 1327 627 1405 ἀγγέλων
664 1329 878 1406 μορφάς
915 1345 926 1358 ·
963 1324 1084 1382 οὔτε
1114 1327 1216 1404 γὰρ
1241 1331 1311 1402 τῇ
1344 1325 1581 1398 ἀληθείᾳ
1608 1327 1852 1382 τοιοῦτοί
1884 1325 2045 1399 εἶσιν,

369 1415 525 1478 οἵους
592 1416 790 1479 αὐτοὺς
840 1418 876 1486 ἡ
929 1417 1050 1492 ἱερᾶ
1096 1413 1438 1492 παραδίδωσι
1491 1417 1676 1494 Γραφή
1714 1435 1727 1448 ⁸
1775 1413 1904 1470 ἀλλ’
1954 1413 2045 1470 ’ίνα

371 1509 592 1581 [ἡμεῖς]
642 1506 962 1584 ἐφικώμεθα
1010 1513 1112 1576 τῆς
1167 1505 1594 1584 μεγαλειότητος
1641 1504 1839 1562 αὐτῶν.
1871 1505 2046 1567 Αὐτὸς

373 1595 431 1652 δὲ
466 1598 495 1651 ὁ
521 1599 717 1670 [θεῖος]
745 1597 1027 1658 Διονύσιος
1059 1602 1315 1672 πειρᾶται
1369 1590 1709 1668 συμϐάλλειν
1767 1595 1837 1649 τὰ
1893 1594 2046 1671 εἰρη-

378 1688 513 1759 μένα
541 1687 669 1760 περὶ
713 1685 914 1757 αὐτῶν,
946 1685 1036 1740 καὶ
1091 1681 1379 1753 δεικνύειν,
1414 1684 1497 1739 ὅτι
1547 1681 1770 1739 δυνατὸν
1819 1680 1889 1738 δι’
1915 1682 2044 1737 ἀνα-

375 1776 617 1846 πτύξεως
653 1772 801 1829 οὕτω
831 1779 975 1829 νοεῖν
1027 1775 1124 1836 τὰς
1174 1774 1469 1850 ἆγγεΛικᾶς
1511 1771 1926 1846 διακοσμήσεις,
1967 1773 2043 1833 ὠς

389 1862 619 1936 εἴρηται.

456 1950 664 2009 Ἀΰλων
723 1955 934 2014 ποσῶς.
970 1956 1159 2015 Ποσῶς
1215 1951 1423 2021 ἀΰλων,
1453 1951 1696 2006 τουτέστι
1752 1953 1991 2027 μερικῶς
2026 1966 2039 1981 ⁸

380 2041 444 2096 οὐ
470 2043 575 2118 γὰρ
601 2042 778 2112 πάντη
814 2039 998 2096 at.me
1034 2060 1046 2072 '
1082 2040 1477 2118 ὑπερκειμένας
1510 2038 1567 2096 δὲ
1597 2039 1782 2104 οὐσίας
1812 2039 2040 2115 οὐρανὸν

376 2131 464 2185 καὶ
526 2129 596 2184 τὰ
652 2131 772 2185 κατ’
803 2130 1032 2206 οῢρανὸν
1088 2128 1260 2205 λέγει,
1314 2132 1428 2185 οἷον
1487 2130 1712 2206 ἀστέρας
1747 2149 1760 2164 ο
1817 2130 1882 2184 τὸ
1937 2130 2042 2206 γὰρ

377 2217 886 2293 λεπτομερέστατον
939 2219 1116 2276 αὐτῶν
1172 2219 1265 2275 καὶ
1329 2219 1652 2294 μονοούσιον
1713 2217 1878 2294 ἐγγύς
1934 2218 2045 2274 ἐστί

375 2329 499 2371 πως
531 2307 751 2371 ἀϋλίας.

453 2575 781 2636 Θεοειδέσιν.
827 2575 1096 2641 Θεοειδεῖς
1155 2576 1469 2650 ἀπλότητάς
1523 2598 1655 2654 φησι
1701 2576 1797 2639 τὰς
1847 2574 2045 2647 νοητὰς

377 2669 576 2731 οὐσίας
611 2687 627 2701 ο
661 2668 824 2724 ἅϋλοι
867 2669 971 2744 γὰρ
1003 2668 1182 2724 οὐσίαι
1225 2670 1316 2724 καὶ
1360 2666 1643 2723 ἀσόνθετοι
1698 2667 1916 2729 πάντως
1970 2665 2046 2722 εἷ-

381 2759 489 2831 σὶν,
525 2759 632 2814 οὐκ
660 2759 818 2813 οὖσαι
851 2764 1037 2835 κρᾶμα
1083 2758 1172 2812 καὶ
1225 2755 1496 2832 σύγκριμα
1540 2760 1649 2811 τῶν
1707 2755 1994 2832 στοιχείων
2031 2774 2044 2788 ·

379 2848 450 2903 τὰ
477 2846 584 2925 γὰρ
620 2848 849 2920 σώματα
879 2846 940 2902 έκ
965 2845 1197 2920 τούτων,
1229 2844 1424 2901 ἐκεῖνοι
1456 2847 1498 2882 ¹⁸
1530 2842 1588 2900 δὲ
1615 2845 1924 2919 ἀσώματοι.

452 3028 764 3097 Ἐνιζᾶνον.
797 3025 1138 3102 Ἐγκαθίζον,
1177 3025 1268 3080 καὶ
1321 3024 1674 3098 έναπομένειν
1724 3028 1941 3082 ποιοῦν.

452 3203 779 3263 Λεοντείων.
807 3205 980 3261 Αὗται
1009 3205 1063 3260 αἱ
1099 3203 1306 3281 μορφαὶ
1353 3208 1462 3260 τῶν
1512 3203 1669 3260 θείων
1727 3202 1817 3258 καὶ
1874 3202 2043 3278 ἁγίων

2154 614 2417 672 ﬁctiones
2446 621 2503 671 et
2533 616 2854 690 ﬁgurarum
2887 616 3230 674 efﬁcliones.

2225 707 2285 760 In
2313 706 2533 777 «ipsis.
2570 707 2631 761 In
2664 705 2898 777 seipsis,
2931 707 3039 762 hoc
3067 712 3178 774 est,
3211 707 3365 763 sicut
3396 712 3609 765 natura
3653 707 3801 766 exsi-

2154 798 2352 862 stunt;
2385 794 2568 867 ignoti
2598 795 2789 862 nobis,
2821 795 3039 868 inquit,
3072 801 3132 852 et
3161 797 3484 854 invisibiles
3515 802 3679 855 sunt.

2227 971 2450 1039 Rudem,
2483 973 2581 1029 Gr.
2614 970 2923 1046 ἀπότομον.
2959 959 3279 1047 Ἀπότομον
3305 976 3559 1034 arbitror
3603 977 3804 1050 ipsum

2151 1059 2344 1118 dicere
2374 1062 2740 1135 peregrinam
2772 1067 2828 1120 et
2855 1062 3036 1120 veluti
3067 1081 3100 1120 a
3129 1065 3556 1123 consuetudine
3578 1067 3804 1124 abscis-

2153 1165 2280 1206 sam
2312 1151 2466 1207 viam
2500 1156 2556 1207 et
2586 1151 2908 1223 fictionem,
2941 1152 3190 1224 ideoque
3220 1155 3666 1213 tabernaculum
3716 1157 3806 1231 ip-

2152 1255 2277 1294 sam
2306 1239 2599 1312 appellat:
2625 1240 2928 1297 declarans
2959 1241 3205 1300 minime
3231 1259 3397 1300 veras
3428 1261 3559 1302 esse
3588 1246 3810 1303 descri-

2153 1332 2286 1400 ptas
2335 1329 2681 1402 angelorum
2733 1328 2988 1399 formas;
3043 1348 3160 1388 non
3205 1333 3364 1388 enim
3413 1350 3614 1392 revera
3658 1335 3807 1392 tales

2155 1421 2314 1488 sunt,
2347 1418 2552 1489 quales
2581 1418 2744 1490 ipsos
2767 1436 2936 1476 sacra
2966 1421 3146 1477 tradit
3171 1423 3472 1495 Scriptura
3519 1439 3533 1478 :
3591 1426 3691 1481 sed
3742 1429 3810 1481 ut

2153 1508 2566 1579 perveniamus
2599 1509 2669 1564 ad
2697 1510 3173 1580 magnitudinem
3201 1510 3488 1583 ipsorum.
3525 1513 3659 1586 Ipse
3701 1530 3806 1569 au-

2152 1600 2270 1651 tem
2303 1596 2614 1668 Dionysius
2646 1603 2896 1654 conatur
2925 1599 3294 1656 committere
3325 1601 3484 1657 dicta
3513 1603 3586 1658 de
3635 1603 3805 1676 ipsis,

2151 1689 2212 1741 et
2243 1686 2546 1742 ostendere
2573 1686 2700 1742 ﬁeri
2732 1702 2927 1759 posse,
2973 1693 3040 1744 ut
3073 1705 3176 1761 per
3222 1688 3672 1762 explicationem
3723 1693 3807 1748 ita

2153 1773 2562 1848 intelligantur
2591 1774 2864 1849 angelicae
2897 1777 3343 1850 descriptiones,
3379 1777 3532 1835 sicut
3579 1780 3804 1836 dictum

2152 1867 2261 1920 est.

2223 1954 2305 2009 Ex
2330 1960 2484 2024 parte
2524 1955 3014 2026 immaterialium,
3065 1955 3160 2012 Gr.
3207 1951 3391 2010 ἆΰλων
3435 1959 3642 2022 ποσῶς.
3698 1962 3808 2013 Πο-

2152 2044 2261 2105 σῶς
2292 2039 2501 2111 ἀΰλων,
2531 2043 2640 2101 hoc
2689 2047 2777 2100 est
2826 2043 3062 2116 partim,
3117 2061 3308 2118 neque
3355 2046 3513 2102 enim
3566 2047 3808 2105 omnino

2151 2131 2674 2201 immaterialium;
2708 2133 2757 2188 ϐ
2789 2134 3197 2206 superpositas
3221 2140 3416 2191 autem
3440 2136 3811 2194 substantias

2153 2220 2365 2277 calum
2413 2225 2472 2277 et
2519 2238 2646 2288 quas
2709 2222 2864 2278 infra
2929 2221 3142 2278 coelum
3207 2228 3348 2279 sunt
3413 2225 3577 2297 dicit,
3627 2225 3810 2283 veluti

2154 2312 2315 2365 astra
2347 2324 2360 2364 :
2393 2308 2523 2381 ipsa
2552 2309 2710 2366 enim
2741 2310 3111 2368 tenuissimis
3139 2316 3411 2370 constare
3441 2314 3733 2386 partibus,
3751 2319 3812 2372 et

2154 2396 2283 2454 sola
2308 2394 2643 2454 substantia
2671 2414 2853 2472 prope
2879 2397 3079 2472 aliquo
3103 2400 3280 2457 modo
3312 2403 3538 2459 accedit
3574 2405 3646 2461 ad
3695 2404 3812 2461 im-

2155 2486 2631 2543 materialitatem

2227 2576 2615 2646 Dei/omnibus.
2652 2576 2971 2635 Deiformes
3001 2577 3414 2652 simplicitates
3444 2581 3585 2638 dicit
3631 2580 3809 2639 intel-

2154 2665 2438 2722 lectuales
2468 2665 2854 2739 substantias;
2887 2667 3311 2726 immateriales
3337 2670 3498 2727 enim
3528 2671 3812 2730 substan-

2155 2754 2250 2811 tiae
2279 2759 2336 2811 et
2363 2755 2781 2827 incompositae
2823 2757 3066 2813 omnino
3116 2762 3278 2828 sunt,
3332 2775 3449 2816 non
3493 2762 3813 2820 existentes

2158 2843 2491 2901 commistio
2522 2849 2580 2901 et
2609 2849 3142 2917 temperamentum
3173 2846 3637 2920 elementorum;
3684 2869 3812 2910 cor-

2157 2949 2300 3006 pora
2327 2934 2486 2990 enim
2517 2950 2588 2989 ex
2617 2933 2733 3000 his,
2758 2934 2870 2990 illas
2901 2939 3100 2991 autem
3132 2935 3507 3010 incorporeas.

2229 3022 2500 3094 Inhares,
2531 3023 2630 3079 Gr.
2664 3020 2924 3092 ἐνιζάνον.
2956 3023 3230 3083 Insidens
3259 3031 3318 3083 et
3345 3026 3674 3087 immanere
3722 3031 3812 3088 fa-

2155 3128 2339 3169 olens.

2229 3202 2510 3259 Leonim's.
2563 3203 2658 3258 Hea
2709 3203 2909 3260 forma
2971 3204 3306 3261 divinorum
3356 3210 3423 3263 et
3470 3215 3810 3266 sanctorum

379 3289 669 3371 χερουϐὶμ
714 3295 804 3350 καὶ
856 3295 1003 3370 παρὰ
1066 3299 1148 3367 τῷ
1207 3291 1383 3367 [θείῳ]
1431 3291 1698 3362 Ἰεζεκιὴλ
1753 3291 1844 3346 καὶ
1899 3292 2048 3366 παρὰ

2178 3291 2486 3364 :bsrubim,
2513 3291 2668 3348 etab
2698 3292 2999 3350 Ezechiele
3028 3299 3082 3350 et
3111 3292 3471 3370 diviniloquo
3500 3297 3730 3358 Joanne
3752 3301 3812 3357 in

380 3389 462 3457 τῷ
521 3386 792 3458 θεσπεσίῳ
847 3385 1064 3458 Ἰωάννῃ
1137 3382 1191 3438 ἐν
1265 3384 1336 3457 τῇ
1393 3381 1765 3456 Ἀποκαλύψει
1824 3378 2052 3457 ἀνεγρά-

391 3495 599 3553 φησιν.

460 3565 681 3636 Ἐσμῶν
716 3606 730 3619 .

392 3652 636 3724 πλῆθος.

469 3741 568 3796 Καὶ
595 3743 662 3798 τὸ
690 3739 982 3818 ὀρνιθείας.
1015 3741 1148 3800 Οἲον
1182 3735 1550 3816 ὀρνιθοειδοῦς
1601 3740 1816 3816 μορφῆς
1863 3737 1953 3794 καὶ
2003 3736 2056 3810 ἐξ

406 3831 659 3887 ὀρνίθων.

474 3852 659 3887 νιυων.

440 3852 656 3979 ρΖώων.
688 3924 811 3976 Ζῶα
839 3917 984 3976 ἅλλα
1011 3919 1200 3998 φησὶν,
1231 3919 1346 3975 οἷον
1370 3915 1601 3990 ἵππους,
1645 3916 1936 3992 ἡμιόνους,
1965 3914 2058 3972 καὶ

387 4010 459 4066 τὰ
501 4013 732 4066 τοιαῦτα
765 4012 830 4050 *⁸ο
864 4008 1000 4072 ὅλας
1031 4005 1091 4063 δὲ
1138 4008 1486 4083 ἀτιμοτέρας,
1521 4009 1636 4062 οἷον
1706 4005 1933 4083 θρόνους
1985 4005 2061 4068 ὡς

389 4100 454 4157 lx
513 4097 719 4170 ξύλων,
751 4098 844 4154 καὶ
898 4097 1164 4174 τροχοὺς,
1208 4098 1297 4154 καὶ
1359 4096 1633 4174 ῥομφαίας
1691 4095 1752 4151 ἐκ
1805 4093 2058 4173 σιδήρου,

387 4189 470 4252 ὡς
499 4189 602 4257 τήν
637 4187 909 4264 ῥομφαίαν
942 4189 1046 4257 τήν
1075 4185 1478 4260 ἐξεσπασμένην
1511 4185 1599 4240 ἐπὶ
1646 4185 1738 4240 τὸν
1786 4181 2020 4257 Βαλαάμ
2041 4201 2057 4220 ⁸

384 4279 481 4334 καὶ
514 4279 579 4348 ἣν
612 4275 751 4334 εἶδεν
784 4279 813 4333 ὁ
845 4273 1033 4349 Δαυὶδ,
1065 4276 1141 4339 ὡς
1187 4275 1240 4331 ἂν
1289 4280 1412 4338 ταῖς
1466 4272 1782 4338 Βασιλείαις
1843 4269 2061 4351 εἷ’ρηται

391 4363 607 4444 βιϐλίῳ
641 4369 708 4443 ﬂ"
734 4366 828 4423 καὶ
860 4369 1077 4443 ἅρματα
1107 4366 1182 4428 ὡς
1212 4363 1420 4437 ξύλινα.

469 4477 766 4550 Ἐμπαθές.
815 4473 1091 4550 Ἐμπαθὲς
1138 4470 1308 4550 λέγει,
1357 4469 1547 4544 ἐπειδή
1605 4473 1670 4528 τὸ
1723 4467 2062 4548 λεοντὸμορ-

390 4587 502 4646 φον
533 4565 768 4639 θυμικόν
794 4585 849 4620 τι
875 4562 1131 4636 σημαίνει
1167 4583 1180 4597 ο
1212 4561 1302 4618 καὶ
1336 4561 1400 4616 τὸ
1432 4560 1696 4635 μόσχειον
1751 4558 1893 4622 είδος
1941 4557 2059 4615 ἐπι-

819 3563 1024 3637 Ἐσμός
1123 3559 1236 3617 ιστι
1334 3560 1400 3617 τὸ
1499 3557 2052 3638 συμπεπληρωμένον

2160 3380 2508 3456 Apocalypsi
2538 3381 2844 3454 descriptae
2875 3386 3034 3439 sunt.

2234 3561 2621 3631 Examinibus,
2653 3559 2753 3617 Gr.
2774 3556 3190 3634 ἒσμῶν.Ἐσμός
3220 3567 3311 3621 est
3338 3565 3630 3639 completa
3661 3547 3815 3624 mul;

2162 3651 2380 3708 titudo.

2238 3740 2306 3797 Et
2332 3736 2618 3815 ὀρνιθείας,
2650 3739 2834 3797 veluti
2864 3739 3089 3799 volucri
3131 3742 3348 3800 similis
3398 3743 3598 3803 formae
3647 3751 3706 3804 et
3751 3764 3820 3804 ex

2167 3828 2392 3886 avibus.

2238 3919 2608 3976 Animalium.
2637 3919 2930 3976 Animalia
2962 3919 3077 3977 alia
3105 3921 3269 3992 dicit,
3304 3927 3368 3979 ut
3397 3937 3598 3996 equos,
3625 3925 3820 3998 mulos

2168 4011 2224 4066 et
2253 4007 2504 4077 similia;
2539 4009 2819 4065 materias
2850 4014 3047 4066 autem
3076 4009 3336 4080 viliores,
3371 4015 3437 4068 ut
3475 4014 3645 4071 sedes
3691 4019 3821 4072 tan-

2168 4114 2347 4170 quam
2379 4115 2448 4154 ex
2477 4097 2680 4170 lignis,
2711 4102 2769 4154 et
2798 4102 2955 4155 rotas
2989 4102 3046 4155 et
3075 4100 3410 4173 romphmas
3440 4117 3509 4158 ex
3540 4103 3724 4174 ferro;
3759 4108 3825 4162 ut

2168 4187 2528 4260 rompheam
2561 4190 2884 4243 extractam
2919 4188 2977 4244 in
3019 4187 3255 4245 Balaam
3310 4194 3369 4246 et
3416 4207 3595 4265 quam
3644 4191 3822 4250 David

2169 4276 2318 4333 vidit
2347 4294 2360 4333 :
2394 4276 2549 4333 sicut
2577 4275 2800 4332 dictum
2831 4281 2921 4333 est
2951 4276 3010 4334 in
3040 4278 3192 4334 libro
3224 4281 3484 4338 secundo
3517 4281 3829 4356 Regum;et

2169 4383 2381 4424 currus
2412 4363 2593 4422 veluti
2625 4364 2872 4439 ligneos.

2239 4471 2654 4528 Passionatum.
2712 4469 3033 4528 Aﬂ‘ectibus
3085 4471 3405 4531 obnoxium
3455 4475 3617 4545 dicit,
3674 4493 3830 4549 quo-

2172 4559 2334 4618 niam
2369 4561 2557 4617 forma
2587 4559 2825 4616 leonina
2853 4560 3076 4632 aliquid
3130 4562 3430 4621 irascibile
3478 4564 3723 4635 indicat,
3772 4569 3831 4621 et
3927 4563 3936 4570 ’

391 4654 707 4728 θυμητικόν
738 4671 751 4685 ⁸
813 4653 970 4708 ἅτινα
1025 4653 1171 4722 πάθη
1258 4650 1348 4706 καὶ
1427 4649 1639 4727 μεγάλα
1697 4650 2050 4726 ὑπάρχουσιν.

2178 4650 2397 4724 species
2423 4647 2676 4706 vitulina
2704 4649 3187 4722 concupiscibile,
3219 4668 3347 4725 quae
3391 4652 3720 4726 passiones,
3770 4660 3830 4712 et

389 4743 763 4816 Ὀμοιότητας
813 4739 872 4798 δέ
917 4763 1051 4817 φησι
1095 4741 1190 4804 τὰς
1241 4741 1580 4815 ὁμοιωτικᾶς
1621 4739 1910 4802 ὑπονοίας·
1941 4761 2063 4795 τοι·

389 4835 600 4909 γαροῦν
656 4830 806 4908 λέγει
857 4833 884 4887 ὁ
933 4830 1298 4900 ωἸεζεκιὴλ,
1327 4829 1401 4892 ὡς
1454 4829 1718 4904 ὁμοίωμα
1767 4827 2062 4906 ἑωρακέναι

387 4925 496 4978 τοῦ
529 4921 728 4997 θρόνου
765 4941 780 4956 ο
809 4920 901 4976 καὶ
955 4919 1219 4994 ὁμοίωμα
1270 4917 1520 4989 λέοντος,
1551 4915 1685 4996 ὅπερ
1737 4916 1908 4990 δηλοῖ
1959 4919 2060 4988 τὴν

391 5007 786 5084 πλασματώδη
818 5014 925 5065 τῶν
959 5007 1269 5065 δοκούντων
1302 5006 1599 5084 φαντασίαν
1631 5028 1644 5042 ·
1699 5005 1784 5063 διὸ
1832 5007 2061 5063 κάνταῦ-

392 5113 469 5167 θα
516 5098 729 5174 εἴρηται
762 5118 775 5133 ·
825 5101 1113 5174 ’Δνόμοιοι
1163 5099 1492 5174 ὁμοιότητες
1523 5115 1536 5130 ⁶
1586 5097 1648 5153 οὗ
1699 5098 1804 5174 γὰρ
1861 5096 2064 5160 πάντας

393 5187 635 5264 ὁμοίους
665 5191 769 5266 ὁρᾷ
797 5191 827 5245 ὁ
856 5191 1168 5268 προφήτης,
1192 5185 1342 5243 ἀλλὰ
1362 5187 1491 5250 τοὺς
1527 5188 1622 5262 μὶν
1651 5183 1906 5260 τοιώσδε,
1933 5186 2062 5250 τοὺς

392 5276 460 5334 δὲ
487 5275 722 5334 τοιώσδε
753 5299 768 5312 ’
802 5276 950 5335 ἀλλά
978 5277 1067 5334 καὶ
1102 5276 1357 5352 ἀνόμοιοί
1389 5275 1490 5333 εἶσι
1520 5274 1828 5351 παντελῶς,
1861 5276 1942 5340 οἷς
1971 5275 2062 5332 δο-

387 5374 586 5428 κοῦσιν
616 5369 753 5428 εἶναι
785 5370 975 5446 ὅμοιοι
1005 5388 1019 5402 ·
1055 5365 1212 5427 οὐδὲν
1259 5371 1361 5448 γὰρ
1411 5367 1654 5442 λέοντος,
1683 5367 1720 5439 ἢ
1753 5367 1992 5446 μόσχου,
2024 5368 2060 5438 ἢ

2174 4739 2411 4812 quidem
2438 4754 2686 4811 magnas,
2725 4741 2884 4795 sunt.
2935 4737 3369 4798 Similitudines
3418 4746 3613 4802 autem
3665 4743 3829 4812 dicit,

2173 4846 2386 4886 sensus
2416 4827 2747 4886 reconditos
2777 4827 2894 4883 vim
2925 4828 3300 4887 assimilandi
3333 4831 3618 4890 habentes
3643 4851 3655 4887 :
3685 4833 3830 4890 dicit

2172 4917 2356 4992 igitur
2385 4916 2670 4986 Ezechiel,
2702 4921 2992 4990 tanquam
3024 4918 3483 4978 similitudinem
3511 4921 3712 4979 throni
3741 4923 3831 4978 vi-

2173 5008 2356 5076 disse,
2390 5011 2446 5064 et
2476 5006 2933 5064 similitudinem
2964 5007 3178 5077 leonis;
3209 5011 3362 5081 quod
3398 5010 3654 5068 declarat
3686 5013 3834 5069 ﬁcti-

2171 5097 2316 5154 tiam
2350 5096 2721 5170 opinantium
2754 5095 3236 5169 imaginationem
3272 5116 3284 5156 :
3319 5100 3452 5157 ideo
3481 5100 3578 5157 hic
3607 5102 3833 5159 dictum

2172 5187 2586 5255 est,dissimiles
2614 5185 3021 5244 similitudines
3046 5206 3067 5242 :
3103 5204 3297 5261 neque
3325 5190 3483 5247 enim
3516 5207 3724 5248 omnes
3753 5191 3838 5248 si-

2174 5276 2342 5333 miles
2376 5275 2661 5348 propheta
2688 5275 2865 5344 videt;
2890 5276 2994 5333 sed
3026 5276 3135 5334 hos
3168 5279 3405 5347 quidem
3433 5280 3539 5350 sic,
3567 5279 3700 5338 illos
3730 5298 3834 5339 au-

2175 5370 2294 5423 tem
2325 5363 2410 5423 sic
2444 5380 2685 5422 :verum
2717 5364 3041 5424 dissimiles
3071 5367 3314 5426 omnino
3345 5373 3488 5427 sunt
3518 5369 3836 5444 iis,quibus

1412 5575 1658 5634 VARI/El
1696 5571 2092 5634 LECTIONES
2129 5570 2219 5628 ET
2255 5566 2827 5628 GORRECTIONES.

476 5745 524 5786 ⁸⁸
553 5742 778 5821 ἐκεῖναι,
811 5747 1063 5808 refertur
1085 5746 1246 5806 enim
1277 5748 1352 5806 ad
1383 5744 1587 5804 οὐσίαι.
1665 5747 1711 5785 ⁸³
1734 5742 1947 5817 ἵππων.
1977 5743 2050 5817 ἡμ

2178 5760 2229 5798 ον
2258 5739 2347 5797 καὶ
2379 5739 2488 5794 τῶν
2517 5734 2808 5797 τοιούτων.
2882 5739 2928 5776 ³ο
2957 5735 3103 5814 λέγει
3132 5759 3233 5816 γαρ
3267 5740 3316 5799 ὁ.
