4134 6418
388 386 458 456 39
481 447 497 459 ι,
1208 382 1578 439 APPENDIX
1617 384 1713 437 AD
1749 382 1991 436 OPERA
2026 383 2086 436 S.
2125 381 2442 437 DIONYSII
2478 383 2979 443 AREOPAGITE.
3737 391 3809 447 40

385 513 660 570 videntur
689 528 817 569 esse
847 510 1074 568 similes
1108 529 1122 568 :
1155 510 1305 567 nihil
1335 510 1495 567 enim
1527 507 1714 564 leonis
1744 511 1846 563 aut
1874 505 2040 562 vituli

2166 511 2262 561 τῶν
2297 507 2420 576 ἑξῆς
2451 509 2676 579 ἀληθῶς
2726 503 2915 584 ἔχουσι
2948 529 2962 544 ο
2994 511 3046 566 τί
3071 507 3128 567 δὲ
3159 509 3327 584 δηλοῖ
3351 513 3414 568 τὸ
3444 511 3728 588 ἀνόμοιον,
3761 515 3814 572 ἐν

385 607 487 660 aut
519 601 881 674 reliquorum
911 617 1045 659 vere
1069 601 1327 671 habent;
1352 599 1494 671 quid
1527 614 1702 671 porro
1753 595 2040 669 signiﬁcet

2166 600 2269 658 τοῖς
2301 596 2423 670 ἑξῆς
2455 597 2723 674 εὑρήσεις.

386 691 670 764 ἀνόμοιον,
702 691 763 747 in
794 692 1185 764 sequentibus
1213 689 1496 748 invenies.

457 781 865 854 Verumtamen,
911 782 1012 838 Gr.
1063 777 1191 834 ἀλλ’
1239 780 1297 849 ἡ.
1351 780 1460 835 Per
1507 777 1750 834 modum
1800 791 2044 848 respon-

385 870 595 928 sionis.

460 961 524 1018 Ut
551 975 728 1033 neque
759 959 986 1017 divinae.
1021 957 1338 1016 Pollicetur
1366 971 1472 1029 per
1517 954 1812 1030 propriam
1862 953 2043 1010 inter-

389 1051 779 1123 pretationem
805 1054 1126 1121 utrumque
1148 1047 1483 1118 ostendere;
1501 1050 1569 1102 ut
1591 1061 1781 1117 neque
1808 1043 2043 1100 videan-

389 1144 482 1195 tur
511 1138 769 1196 coelestia
799 1139 1018 1210 injuria
1048 1137 1226 1204 afﬁci,
1259 1151 1450 1208 neque
1481 1153 1589 1192 nos
1619 1134 1678 1190 in
1721 1133 2044 1206 humipetis

2225 773 2387 830 Ἀλλ’
2417 776 2476 845 ἡ,
2511 774 2980 854 Ἀπολογητικῶς.

2224 955 2338 1026 [α’.]
2369 958 2454 1016 Ὠς
2489 955 2630 1027 μήτε
2659 953 2738 1017 εἷς
2766 954 2859 1019 τὰς
2893 955 3061 1019 θείας.
3093 954 3526 1033 Ἐπαγγίλλεται
3577 955 3665 1012 διὰ
3711 957 3815 1027 τῆς

2154 1038 2294 1104 ῗδίας
2363 1043 2656 1120 ἑρμηνείας
2701 1042 2960 1102 δεικνύειν
3017 1047 3290 1123 ἑκάτερον,
3343 1048 3418 1112 ὡς
3470 1049 3610 1121 μήτε
3661 1044 3811 1118 δόξαι

2153 1125 2466 1203 ὓϐρίζεσθαι
2504 1133 2570 1189 τὰ
2622 1135 2867 1212 οὐράνια,
2905 1137 3044 1209 μήτε
3097 1138 3245 1210 ἡμᾶς
3299 1136 3374 1199 είς
3425 1135 3816 1213 χαμαιζήλους

383 1227 708 1285 vilitatibus
738 1227 901 1284 inﬁxi
930 1244 1081 1296 esse,
1113 1227 1255 1283 dum
1289 1226 1446 1282 circa
1475 1223 1759 1282 animalia
1790 1239 1918 1296 quas
1973 1223 2040 1279 de

2166 1220 2543 1293 ταπεινότητας
2575 1222 2885 1300 ἐμπαγῆναι
2919 1224 3044 1300 περὶ
3066 1230 3176 1280 τῶν
3212 1224 3262 1281 έν
3297 1224 3555 1303 ἀγγέλοις
3583 1225 3815 1301 λεγομέ-

384 1317 610 1390 angelis
640 1318 941 1389 dicuntur,
974 1333 1306 1373 versamur.

455 1406 654 1461 Merito
685 1403 936 1460 obducta.
969 1403 1088 1460 Cur
1116 1404 1288 1476 signa
1317 1418 1520 1459 eorum
1554 1418 1680 1473 qua
1723 1401 1912 1474 figura
1943 1416 2043 1456 ex-

386 1493 561 1566 primi
594 1497 921 1565 nequeunt,
952 1493 1073 1548 sint
1101 1493 1326 1565 ﬁgurae,
1361 1497 1417 1548 et
1445 1507 1648 1548 eorum
1681 1507 1809 1563 quae
1854 1490 2044 1546 forma

385 1587 606 1650 carent,
636 1583 860 1650 formas,
895 1582 1004 1638 hoc
1034 1581 1162 1638 loco
1194 1581 1358 1637 dicit.

458 1673 498 1726 7
534 1672 873 1743 Inﬁguratis,
906 1675 1003 1727 Gr.
1054 1667 1506 1744 ἀσχηματίοτων.
1557 1675 1667 1725 Pro
1705 1671 1905 1740 formae
1947 1685 2045 1724 ex-

385 1762 653 1830 pertium.

452 1851 797 1906 Immediate.
831 1853 947 1906 Hoc
979 1853 1069 1906 est
1099 1867 1214 1906 non
1249 1866 1352 1922 per
1383 1850 1611 1905 medias
1647 1849 1888 1921 ﬁguras,
1939 1847 2038 1904 sed

383 1939 698 1996 confestim
729 1943 786 1995 et
815 1939 1005 2012 primo
1037 1939 1206 2008 nisu;
1241 1938 1386 1994 illud
1442 1942 1640 1996 autem
1687 1937 2044 2010 praetendunt

381 2029 534 2086 idem
566 2032 656 2085 est
684 2044 820 2086 cum
848 2035 1180 2102 praeponam
1212 2033 1271 2084 et
1295 2029 1682 2100 praestiiuuni.

452 2209 855 2264 Formationes.
896 2207 1047 2263 Nota
1077 2208 1228 2278 quod
1275 2207 1604 2280 incorporei
1654 2211 1713 2264 et
1758 2206 2042 2262 informes

383 2296 504 2353 sint
535 2314 547 2352 :
583 2298 822 2368 quando
854 2296 1035 2368 igitur
1064 2296 1326 2352 audieris
1359 2296 1430 2352 de
1455 2292 2040 2369 supersubstantiali,

384 2386 630 2456 quicum
659 2388 718 2442 in
738 2387 919 2457 forma
942 2388 1042 2442 Dei
1063 2389 1202 2442 esset
1220 2385 1876 2457 (g),immutabilitatem
1905 2399 2045 2455 erga

388 2475 611 2531 Patrem
643 2474 937 2547 intellige;
970 2475 1081 2531 hoc
1111 2475 1266 2531 enim
1301 2475 1557 2530 declarat
1606 2478 1664 2530 et
1711 2477 1894 2543 imago
1945 2472 2046 2531 Dei

382 2565 687 2620 invisibilis
707 2564 872 2636 (h),et
901 2564 1180 2633 illuszui
1204 2564 1340 2620 vidit
1360 2564 1612 2631 me,vidit
1631 2569 1686 2620 et
1710 2570 1933 2620 Palrem
1954 2565 2040 2637 (ι).

380 2652 474 2708 Sic
504 2652 680 2708 etiam
709 2658 951 2709 sanctus
983 2653 1235 2710 Basilius
1266 2653 1687 2725 interpretatur
1717 2654 1775 2709 in
1822 2670 2041 2711 sermo-

384 2757 456 2798 ne
482 2743 554 2797 ad
584 2743 888 2814 pr0prium
922 2744 1160 2798 fratrem
1194 2743 1264 2798 de
1313 2742 1647 2798 differentia
1697 2743 2040 2800 substantiis

381 2836 438 2885 et
468 2830 892 2886 subsistentiis.

452 2922 480 2988 §
529 2920 624 2976 Ill.
677 2922 961 2992 Duplicem
1006 2937 1120 2976 esse
1166 2936 1362 2977 sacrae.
1397 2921 1774 2976 Divinitatem
1809 2922 2042 2978 duobus

384 3009 578 3063 modis
609 3009 833 3063 laudari
866 3025 880 3063 :
916 3013 1017 3063 aut
1047 3009 1305 3065 similem
1340 3010 1854 3077 omnibus,omnia
1882 3009 2038 3064 enim

380 3105 439 3158 in
475 3097 605 3168 ipsa
624 3100 978 3166 consistunt;
1002 3098 1276 3154 autsicut
1296 3098 1674 3167 dissimilem,
1708 3097 1855 3152 nihil
1879 3098 2038 3154 enim

381 3191 472 3242 cst
503 3186 938 3243 universorum.

2153 1331 2257 1364 νων
2290 1311 2446 1380 ζώων
2457 1357 2470 1370 .

2377 1399 2616 1464 Εἰκότως
2674 1397 3109 1478 προϐέϐληνται.
3140 1405 3238 1458 Διά
3292 1403 3345 1460 τί
3397 1399 3653 1478 σύμϐολα
3702 1408 3816 1460 τῶν

2151 1489 2451 1546 ἀτυπώτων
2481 1493 2531 1547 οἱ
2562 1492 2727 1548 τύποι
2756 1493 2846 1549 καὶ
2895 1497 3004 1548 τῶν
3057 1494 3408 1572 ἀμορφώτων
3467 1495 3522 1548 αἱ
3583 1493 3817 1570 μορφαὶ,

2153 1577 2381 1634 ἐνταῦθά
2406 1602 2591 1658 φησιν.

2226 1669 2712 1744 Ἀσχηματίστων.
2747 1672 2891 1728 Ἀντὶ
2925 1675 3023 1727 τοῦ
3055 1673 3424 1750 ἀμορφώτων.

2226 1848 2338 1922 [γ’.]
2387 1849 2655 1921 Ἀμέσως.
2708 1850 2968 1905 Τουτέστι
3031 1851 3108 1924 μὴ
3170 1848 3259 1904 διὰ
3319 1847 3498 1923 μέσων
3554 1852 3663 1904 τῶν
3719 1847 3814 1904 τύ-

2154 1955 2294 2004 πων,
2332 1933 2458 1991 ἀλλ’
2488 1937 2701 2012 ἀθρόως
2756 1939 2848 1993 καὶ
2904 1938 3040 1994 κατά
3095 1940 3322 2014 πρώτην
3381 1931 3650 2008 ἐπιϐολήν
3682 1956 3696 1971 ’
3750 1936 3814 1992 τὸ

2155 2021 2213 2078 δὲ
2261 2024 2597 2100 προτείνουσι
2646 2023 2840 2082 ταύτόν
2897 2025 3010 2083 ἐστι
3063 2033 3144 2100 τῷ
3174 2026 3514 2104 προτιθέασι,
3541 2025 3631 2082 καὶ
3678 2046 3816 2102 προ-

2155 2107 2453 2169 ϐάλλονται
2464 2159 2476 2172 .

2225 2199 2338 2276 [δ’.]
2397 2206 2745 2283 Μορφώσιις.
2827 2206 3172 2280 Σημείωσαι,
3227 2206 3312 2261 ὅτι
3395 2205 3466 2261 τὰ
3551 2205 3815 2278 ἀσώματα

2153 2291 2459 2368 ἀμόρφωτά
2489 2295 2620 2350 εἰσιν
2657 2315 2668 2328 ·
2706 2296 2831 2350 ὅταν
2860 2295 2950 2350 οῦν
2985 2295 3218 2369 ἀκούσῃς
3270 2294 3396 2371 περὶ
3452 2294 3550 2349 τοῦ
3583 2295 3814 2368 ὑπερθυ-

2155 2380 2296 2457 σίου,
2328 2384 2387 2446 ὃς
2420 2381 2472 2437 έν
2524 2387 2707 2462 μορφῇ
2760 2388 2893 2440 Θεοῦ
2947 2385 3236 2460 ὑπάρχων,
3263 2384 3324 2438 τὸ
3383 2381 3809 2460 ἀπαράλλακτον

2152 2477 2290 2555 πρὸς
2319 2475 2413 2531 τὸν
2445 2475 2636 2529 ἑαυτοῦ
2667 2472 2880 2549 Πατέρα
2909 2474 3107 2544 νόησόν
3143 2492 3160 2509 θ
3190 2477 3352 2529 τοῦτο
3382 2471 3482 2549 γὰρ
3525 2469 3694 2542 δηλοῖ
3720 2470 3812 2526 καὶ

2151 2570 2186 2637 ἡ
2219 2566 2376 2621 εῗκὼν
2431 2564 2529 2618 τοῦ
2587 2566 2720 2617 Θεοῦ
2772 2566 2867 2618 τοῦ
2928 2560 3183 2639 ἀοράτου,
3215 2561 3307 2616 καὶ
3363 2561 3425 2615 τό
3462 2579 3475 2593 °
3520 2560 3582 2617 Ὁ
3633 2560 3812 2632 tmpor-

2150 2657 2261 2718 κὼς
2326 2653 2443 2726 ἐμὲ,
2489 2654 2696 2728 ἑώρακε
2760 2653 2851 2707 τὸν
2928 2652 3160 2728 Πατέρα.
3212 2650 3370 2708 Οὕτω
3423 2648 3512 2704 καὶ
3573 2649 3600 2702 6
3659 2649 3815 2725 ἅγιος

2151 2747 2435 2806 Βασίλειος
2469 2743 2756 2818 ὲρμηνεύει
2797 2741 2848 2798 ἐν
2881 2747 2962 2815 τῷ
3001 2743 3140 2818 πρὸς
3182 2743 3272 2796 τὸν
3324 2739 3525 2795 οἰκεῖον
3575 2735 3815 2815 ἀδελφὸν

2152 2835 2324 2910 λόγῳ,
2351 2838 2433 2904 τῷ
2461 2832 2584 2905 περὶ
2619 2830 2881 2908 διαφορᾶς
2914 2829 3101 2892 οὐσίας
3132 2829 3222 2885 καὶ
3259 2827 3628 2889 ὑποστάσεως.

2222 2927 2376 2994 §IIl.
2427 2923 2516 2985 Ὠς
2575 2919 2755 2984 διττός
2814 2919 2925 2974 ἐστι
2986 2926 3086 2989 τῆς
3147 2921 3319 2993 ἱερᾶς.
3361 2921 3483 2973 Ὅτι
3540 2916 3677 2972 κατά
3717 2913 3821 2971 δύο

2149 3014 2389 3086 τρόπους
2423 3011 2668 3084 ὑμνεῖται
2698 3009 2761 3064 τὸ
2807 3013 2982 3063 Θεῖον·
3017 3009 3052 3077 ἢ
3087 3008 3160 3070 ὡς
3195 3007 3389 3080 ὅμοιον
3415 3013 3546 3062 πᾶσι
3590 3024 3602 3039 °
3641 3006 3825 3060 πάντα

2147 3102 2248 3177 γὰρ
2282 3101 2332 3155 ἐν
2388 3099 2537 3171 αὐτῷ
2591 3096 2898 3152 συνίσταται
2933 3116 2946 3130 ·
2981 3095 3016 3166 ἢ
3062 3097 3134 3159 ὡς
3165 3096 3424 3168 ἀνόμοιον
3461 3115 3473 3127 ·
3509 3090 3662 3151 οὐδὶν
3713 3092 3822 3171 γάρ

2151 3189 2261 3246 ἐστι
2293 3194 2400 3245 τῶν
2429 3187 2598 3243 ὅλων.

448 3276 556 3330 Per
583 3275 910 3332 dissimilia.
942 3275 1105 3342 Quod
1138 3277 1340 3349 ﬁguras
1371 3292 1475 3348 per
1505 3275 1724 3332 similia
1755 3279 1812 3332 et
1860 3275 2039 3332 dissi-

2223 3280 2322 3334 Διά
2367 3282 2476 3333 τῶν
2523 3274 2822 3350 ἀνομοίων.
2856 3277 2980 3333 ’Ότι
3027 3272 3097 3330 δι’
3149 3274 3356 3349 ὁμοίων
3403 3274 3495 3329 καὶ
3545 3271 3827 3346 ἀνομοίων

380 3363 544 3420 milia
577 3365 902 3438 ﬁngantur,
935 3369 992 3421 et
1032 3366 1326 3437 quomodo
1377 3365 1699 3439 ﬁngantur,
1755 3366 1868 3422 hoc
1913 3364 2040 3424 loco

379 3458 613 3509 tractat.

378 3553 387 3564 ‘
450 3542 761 3613 Aliquando
783 3542 1005 3614 quidem
1033 3544 1359 3600 utverbum.
1394 3545 1732 3600 Secundum
1768 3545 1908 3616 quid
1943 3544 2039 3599 di-

381 3631 535 3686 ('itur
563 3632 806 3686 verbum
840 3637 898 3685 et
931 3649 1120 3700 mens,
1153 3633 1308 3688 Deus
1343 3651 1356 3688 :
1390 3635 1449 3688 in
1477 3650 1544 3690 eo
1575 3650 1588 3688 ε
1627 3635 1758 3702 Quis
1788 3637 2041 3704 cognovit

376 3735 596 3773 sensum
626 3719 846 3774 Domini
877 3720 950 3792 (k)
970 3723 996 3773 .9
1024 3726 1081 3776 et
1111 3722 1168 3775 in
1203 3739 1269 3777 eo
1306 3740 1319 3779 :
1353 3724 1416 3777 Et
1447 3726 1656 3787 factum
1687 3730 1768 3780 est
1811 3723 2040 3779 verbum

378 3809 602 3863 Domini
630 3809 700 3863 ad
729 3825 816 3864 me
846 3809 1036 3864 dicens
1067 3811 1217 3881 (l),et
1247 3829 1374 3883 quae
1415 3812 1728 3884 deinceps;
1779 3812 2036 3869 rationa-

381 3895 667 3952 bilitatem
703 3903 900 3953 autem
930 3898 1072 3954 dicit
1102 3899 1161 3954 in
1195 3905 1454 3965 Deo,non
1489 3902 1641 3973 quod
1676 3899 1816 3955 velit
1845 3900 2036 3957 decla-

376 4001 504 4040 rare
535 3984 723 4041 Deum
757 4002 887 4042 esse
920 3987 1588 4061 rationalem,tanquam
1622 3989 1869 4045 rationis
1900 4005 2036 4061 par-

374 4073 755 4145 ticipem;hoo
786 4076 942 4131 enim
987 4077 1373 4134 manifestum
1423 4082 1544 4147 est;
1601 4078 1702 4132 sed
1757 4079 1911 4149 quod
1961 4077 2039 4133 sit

373 4161 628 4234 ipsamet
658 4165 1252 4236 rationabilitas,cum
1285 4171 1444 4224 totus
1474 4167 1720 4224 exsistat
1751 4168 1919 4236 ratio;
1941 4184 2031 4224 es-

371 4251 625 4308 sentiam
660 4257 858 4309 autem
892 4254 1099 4310 dicunt
1131 4255 1188 4310 in
1221 4256 1360 4327 Deo,
1393 4272 1526 4311 cum
1571 4255 1846 4311 dixerunt
1881 4274 1893 4312 :
1928 4258 2033 4328 Ego

371 4358 494 4396 sum
528 4345 630 4414 qui
657 4345 1007 4413 sum,et,Qui
1034 4346 1295 4414 est,misit
1323 4361 1410 4401 me
1440 4345 1643 4416 (m);Tu
1672 4352 1862 4400 autem
1893 4345 2036 4402 idem

372 4431 488 4502 ipse
517 4447 570 4488 es
599 4431 854 4504 (n).Nam
888 4433 960 4488 ab
993 4433 1124 4486 εἶναι
1157 4437 1214 4488 et
1245 4429 1398 4494 ὄντος
1433 4433 1498 4489 ﬁt
1523 4432 1660 4487 οὖσα
1686 4444 1742 4490 et
1766 4435 1901 4491 inde
1924 4437 2031 4491 de-

374 4519 610 4575 ducitur
643 4518 823 4588 οὐσία,
857 4521 1220 4578 substantia.

442 4610 507 4664 Et
534 4611 724 4665 vitam.
761 4612 926 4677 Quod
961 4611 1118 4666 Deus
1150 4627 1339 4683 neque
1372 4613 1512 4680 vita,
1566 4630 1757 4685 neque
1806 4613 2030 4686 lumen,
2061 4635 2108 4700 D

374 4712 566 4768 neque
597 4700 857 4755 essentia
889 4701 1122 4772 proprie
1171 4701 1433 4766 dicatur;
1488 4703 1588 4756 sed
1640 4719 1740 4772 per
1789 4703 2029 4758 modum

370 4801 561 4841 causae
597 4803 610 4842 :
646 4791 738 4842 est
769 4787 927 4842 enim
965 4804 1147 4860 supra
1178 4787 1322 4857 haec,
1357 4805 1546 4861 neque
1575 4791 1730 4846 sicut
1761 4791 1902 4846 haec.

390 4875 396 4881 ’
442 4875 783 4931 Invisibilem
811 4878 1007 4948 ipsam.
1042 4877 1203 4940 Quod
1237 4895 1340 4949 per
1368 4879 1739 4950 negationem
1773 4881 1930 4936 dicta
1959 4881 2032 4936 de

370 4962 508 5030 Deo,
543 4964 697 5019 sicut
725 4965 1050 5036 invisibilis,
1085 4968 1360 5038 inﬁnitus,
1394 4972 1450 5023 et
1500 4969 1661 5039 talia,
1713 4969 2032 5026 dissimilia

372 5057 544 5121 sunt;
607 5053 910 5111 declarant
953 5057 1135 5124 enim,
1187 5074 1302 5113 non
1355 5059 1511 5132 quod
1563 5065 1676 5128 est,
1726 5061 1828 5116 sed
1879 5061 2025 5117 illud

367 5143 522 5210 quod
561 5143 710 5198 Deus
743 5160 860 5199 non
891 5144 1091 5201 estzita
1122 5146 1298 5202 etiam
1323 5147 1642 5220 Gregorius
1674 5149 2026 5222 Theologus.

438 5230 501 5284 In
531 5231 970 5304 intelligibilem,
1006 5233 1101 5289 Gr.
1131 5233 1380 5304 ἀνόητον.
1417 5236 1657 5294 Minime
1689 5237 2030 5312 intelligibi-

2151 3368 2479 3426 πλάττονται
2557 3367 2610 3422 οἱ
2663 3366 2826 3421 τύποι
2861 3384 2874 3398 ⁸
2932 3364 3024 3420 καὶ
3097 3368 3216 3427 πῶς
3293 3362 3650 3431 πλάττονται,
3710 3357 3825 3416 ὧδέ

2151 3481 2284 3536 φησι
2317 3461 2387 3515 ²¹.

2221 3548 2360 3604 Ποτὶ
2421 3547 2513 3620 μὶν
2575 3545 2648 3606 ὡς
2708 3542 2895 3618 λόγον.
2935 3544 3080 3599 Κατά
3129 3564 3181 3597 τι
3242 3540 3457 3618 λέγεται
3510 3539 3678 3616 λόγος
3725 3540 3826 3594 καὶ

2147 3641 2272 3698 νοῦς
2303 3638 2330 3690 6
2363 3635 2492 3697 Θεός
2530 3655 2542 3666 ·
2577 3632 2627 3688 ἐν
2661 3637 2739 3705 τῷ
2771 3652 2783 3666 °
2817 3633 2915 3694 Τίς
2963 3627 3104 3708 ἔγνω
3158 3635 3282 3686 νοῦν
3339 3629 3579 3703 Κυρίου;
3611 3627 3702 3684 καὶ
3763 3628 3822 3684 ἐν

2147 3731 2272 3797 τῷ·
2332 3731 2432 3780 Καί
2489 3722 2700 3798 ἐγένετο
2785 3721 2956 3797 λόγος
3029 3721 3234 3797 Κυρίου
3292 3720 3430 3794 πρὸς
3493 3720 3560 3791 μὲ
3618 3717 3820 3791 λέγων,

2147 3816 2234 3870 καὶ
2294 3816 2361 3869 τὰ
2418 3814 2562 3886 ἑξῆς.
2594 3813 2908 3887 Λογιότητα
2953 3807 3011 3865 δέ
3071 3831 3232 3887 φησιν
3265 3808 3352 3864 ἐπὶ
3381 3812 3480 3863 τοῦ
3514 3812 3671 3875 Θεοῦ,
3706 3806 3822 3882 οὐχ

2148 3905 2230 3959 ὅτι
2266 3902 2489 3978 λογικὸν
2541 3899 2688 3965 θέλει
2737 3898 2987 3971 δηλῶσαι
3039 3899 3130 3953 τὸν
3188 3899 3337 3967 Θεὸν,
3372 3897 3446 3960 ὡς
3505 3897 3820 3970 μετέχοντα

2147 3992 2312 4066 Λόγου
2340 4010 2352 4023 ·
2381 3995 2543 4046 τοῦτο
2588 3991 2688 4065 γὰρ
2742 3987 2992 4061 ἐμφαίνει
3026 4005 3039 4018 ·
3095 3983 3223 4041 ἀλλ’
3265 3985 3348 4040 ὅτι
3406 3983 3821 4058 αὖτολογιότης

2145 4079 2309 4150 ἐστὶν,
2344 4078 2476 4141 ὅλος
2521 4077 2684 4153 λόγος
2718 4073 2790 4130 ὤν
2829 4097 2841 4111 ’
2878 4075 3064 4130 οὐσίαν
3114 4072 3172 4129 δὲ
3223 4074 3480 4148 λέγουσιν
3526 4072 3614 4128 ἐπὶ
3651 4075 3817 4142 Θεοῦ,

2145 4169 2268 4225 ὅταν
2302 4167 2527 4224 εἷ’πωσιν
2557 4187 2570 4200 ·
2611 4169 2753 4241 Ἐγώ
2803 4165 2976 4238 εἶμιὸ
3028 4162 3124 4236 ὢν,
3158 4164 3248 4220 καὶ
3308 4165 3336 4218 6
3399 4160 3470 4218 ὣν
3535 4159 3813 4218 ἀπέσταλ-

2144 4259 2204 4316 κέ
2265 4280 2331 4332 με
2363 4279 2376 4292 ο
2409 4257 2472 4312 σὺ
2504 4257 2562 4311 δὲ
2611 4257 2638 4311 ὁ
2699 4253 2862 4316 αὐτὸς
2919 4259 2966 4309 εἱ
3003 4273 3015 4286 ·
3052 4254 3158 4308 ἀπὸ
3205 4253 3308 4328 γὰρ
3368 4256 3464 4306 τοῦ
3525 4254 3660 4306 εἶναι
3717 4249 3813 4305 καὶ

2142 4353 2238 4406 τοῦ
2310 4343 2464 4410 ὄντος
2533 4348 2569 4415 ἡ
2632 4345 2783 4413 οὖσα,
2844 4344 2934 4398 καὶ
3011 4344 3074 4398 τὸ
3151 4343 3482 4418 παράγωγον
3561 4338 3718 4395 οὐσία
3770 4340 3810 4408 ἡ

2142 4437 2390 4512 ὕπαρξις.

2215 4527 2316 4583 Καὶ
2368 4525 2532 4594 ζωήν.
2585 4524 2709 4579 ’Ότι
2762 4517 2887 4576 οὔτε
2941 4522 3077 4591 ζωὴ,
3113 4516 3236 4574 οὕτε
3285 4522 3422 4598 φῶς,
3478 4514 3600 4573 οὔτε
3654 4515 3808 4587 νοῦς,

2141 4612 2263 4670 οὔτε
2295 4611 2450 4668 οὐσία
2480 4611 2684 4686 κυρίως
2713 4610 2928 4688 λέγεται
2961 4611 2989 4665 6
3019 4609 3150 4671 Θεός
3181 4629 3192 4642 ·
3230 4606 3356 4664 ἀλλ’
3388 4605 3804 4681 αἰτιολογικῶς·

2140 4700 2252 4760 ἔστι
2283 4703 2385 4779 γὰρ
2411 4701 2500 4756 καὶ
2535 4701 2667 4775 ὑπὲρ
2693 4705 2883 4766 ταῦτα,
2920 4699 3009 4754 καὶ
3044 4697 3152 4772 οὐχ
3182 4699 3270 4752 οἷα
3307 4701 3496 4753 ταῦτα.

2214 4777 2473 4868 ’Δόρατον
2529 4790 2718 4861 αὐτήν.
2750 4791 2874 4846 Ὅτι
2916 4788 2985 4842 τά
3027 4786 3163 4842 κατά
3210 4785 3480 4862 ἀπόφασιν
3532 4777 3808 4858 λεγόμενα

2143 4880 2230 4935 ἐπὶ
2281 4885 2439 4949 Θεοῦ,
2501 4881 2620 4933 οἷον
2674 4877 2929 4953 ἀόρατος,
2991 4873 3238 4951 ἄπειρος,
3287 4875 3378 4930 καὶ
3432 4874 3499 4928 τὶ
3553 4877 3805 4939 τοιαῦτα,

2142 4969 2377 5043 ἀνόμοιά
2435 4968 2537 5022 εἱσι
2574 4986 2586 4998 ·
2641 4965 2873 5036 δηλοῦσι
2929 4965 3032 5039 γάρ
3094 4964 3155 5019 οὐ
3215 4965 3267 5018 τί
3329 4961 3496 5032 ἔστιν,
3556 4959 3703 5016 ἀλλὰ
3752 4959 3805 5014 τί

2142 5059 2244 5112 οὐκ
2281 5056 2422 5112 ἔστιν
2455 5057 2482 5110 6
2513 5054 2641 5118 Θεός
2677 5076 2690 5089 ·
2728 5053 2870 5109 οὕτω
2901 5053 2989 5108 καὶ
3026 5054 3054 5107 6
3086 5051 3348 5128 θεολόγος
3380 5051 3703 5127 Γρηγόριος.

2213 5237 2492 5308 ’Δνόητον.
2524 5233 2782 5306 Ἀνόητόν
2827 5254 2990 5313 φησιν
3040 5230 3101 5286 οὐ
3149 5231 3212 5286 τὸ
3268 5227 3516 5301 ἠλίθιον,
3546 5224 3694 5282 ἀλλά
3738 5226 3803 5281 τὸ

440 5400 518 5480 (gl
543 5399 894 5480 Pliilippi‘u,
926 5402 979 5456 6.
1055 5403 1136 5478 (h)
1169 5405 1393 5463 Coloss.
1429 5424 1468 5474 1,
1504 5407 1590 5462 15.
1670 5408 1736 5479 (i)
1765 5407 1938 5464 Joan.
1972 5425 2040 5464 xr

2166 5449 2179 5464 .
2258 5408 2335 5480 (k)
2367 5407 2388 5463 Ι
2417 5407 2547 5465 Cor.
2583 5421 2644 5474 ιι,
2681 5405 2767 5461 16.
2845 5404 2910 5478 (ί)
2937 5407 3054 5460 Jer.
3091 5420 3132 5473 ι,
3163 5403 3217 5458 4.
3295 5401 3393 5474 (m)
3423 5396 3802 5467 Exod.1n,14.

367 5471 451 5543 (η)
482 5471 637 5527 Psal.
671 5471 757 5544 cn,
776 5474 867 5528 28.

1378 5603 1614 5659 VARI/1‘3
1657 5604 2053 5663 LECTIONES
2095 5605 2188 5662 ET
2229 5602 2788 5662 CORRECTIONES.

440 5694 485 5731 ²¹
520 5691 687 5772 λέγει.
