4134 6394
318 360 389 417 41
1038 364 1097 418 8.
1143 362 1418 420 ΜΔΧΙΜΙ
1455 363 1763 422 SCHOLIA
1800 370 1873 422 IN
1913 369 1990 422 LL

2109 372 2184 423 )E
2222 371 2544 427 CCELESTI
2584 374 3058 430 HIERARCHIA.
3693 376 3764 430 42

325 485 409 559 μὴ
433 484 730 557 νοούμενον
783 483 889 539 ὑπό
937 505 1105 548 τινος·
1136 485 1388 561 ἀόριστος
1420 485 1477 544 δὲ
1506 490 1534 544 ὁ
1566 490 1719 558 Θεὸς,
1751 489 1827 553 ὡς
1875 487 1989 566 ὅρῳ

2109 492 2218 550 lem
2249 495 2533 565 dicit,non
2565 496 2947 565 stultum,sed
2980 516 3011 554 a
3040 498 3202 555 nullo
3231 498 3593 556 intellectum
3626 516 3640 555 :
3673 501 3762 556 in-

327 571 525 648 μηδενὶ
581 572 931 643 ὑποπίπτων,
980 572 1108 629 ἄλλ’
1159 576 1322 640 αὐτὸς
1368 579 1578 634 πάντων
1625 577 1752 653 ὅρος
1796 578 1869 634 ὣν
1902 579 1994 634 καὶ

321 663 394 718 τὰ
422 665 602 718 πάντα
655 661 707 718 ἐν
769 663 945 735 ἑαυτῷ
1001 663 1220 739 ὁρίζων,
1270 663 1384 741 ὅρῳ
1433 664 1490 723 δὶ
1537 668 1645 743 οὐχ
1677 667 1991 723 ὑποπίπτειο

324 749 469 806 διότι
502 752 555 806 οἱ
591 752 687 824 μὲν
724 750 845 829 ὅροι
897 751 959 808 ἐκ
1002 757 1110 808 τῶν
1161 755 1512 832 καταφάσεων
1565 757 1894 831 σύγκεινται·
1938 758 1993 811 αἱ

325 839 385 895 δὲ
426 841 752 919 καταφάσεις
797 841 886 896 ἐπὶ
935 846 1069 897 Θεοῦ
1117 841 1474 917 ἀνάρμοστοι,
1522 845 1596 908 ὡς
1643 843 1990 920 ψευδόμεναι⁶

325 930 462 1004 ὑπὲρ
494 929 598 1007 γὰρ
627 928 826 992 ταύτας
857 931 886 985 ὁ
935 931 1088 1003 Θεὸς,
1118 930 1191 993 ὠς
1222 930 1321 986 οὐκ
1367 929 1440 988 ὢν
1492 934 1667 1004 ούσία,
1700 933 1827 990 ἀλλ’
1860 935 1992 1010 ὑπὲρ

323 1018 544 1076 ούσίαν.

389 1217 464 1274 Ai
496 1216 821 1295 ἀποφάσεις.
875 1217 949 1274 Οὐ
1011 1217 1176 1291 μόνον
1236 1217 1324 1274 ἐπὶ
1375 1224 1530 1288 Θεοῦ,
1580 1218 1727 1276 ἀλλὰ
1772 1220 1862 1276 καὶ
1902 1220 1990 1276 ἐπὶ

315 1312 428 1362 τῶν
481 1306 644 1362 θείων
700 1307 978 1377 ἁπάντων,
1032 1308 1311 1364 τουτέστιν
1361 1306 1449 1364 ἐπὶ
1495 1313 1605 1365 τῶν
1668 1310 1803 1383 μετᾶ
1859 1311 1989 1366 Θεὸν

320 1400 541 1465 νοητῶν
594 1397 837 1465 πάντων,
896 1395 989 1451 καὶ
1047 1397 1142 1458 τὰς
1195 1397 1493 1475 ἀποφάσεις
1551 1396 1778 1469 ἀληθεῖς
1857 1399 1992 1454 εἷναί

322 1504 483 1560 φησι,
542 1485 635 1540 καὶ
693 1484 788 1546 τὰς
848 1486 1174 1560 καταφάσεις
1252 1484 1621 1562 ἀναρμοδίους
1655 1531 1668 1545 .
1727 1488 1992 1565 Ἀναρμό-

322 1573 429 1630 ὃιοι
487 1574 584 1647 μὶν
637 1573 730 1628 οὗν
765 1572 898 1637 εἰσιν
931 1575 987 1629 αἱ
1017 1574 1366 1654 καταφάσεις,
1400 1575 1527 1630 ὅταν
1559 1574 1796 1650 εἷ’πωμεν
1830 1577 1864 1646 ἢ
1895 1579 1988 1633 τὸν

321 1664 476 1734 Θεὸν,
509 1665 544 1734 ἢ
575 1663 673 1726 τὰς
723 1664 914 1740 νοερὰς
957 1660 1235 1738 δυνάμεις,
1289 1667 1433 1735 ζωὴν
1465 1664 1501 1734 ἢ
1533 1671 1670 1743 φῶς·
1714 1664 1842 1722 οὔτε
1887 1669 1990 1742 γὰρ

328 1755 442 1823 ζωὴ
495 1751 726 1823 τοιαύτη
778 1752 862 1815 τίς
921 1753 1086 1825 ἐστιν,
1147 1752 1223 1817 ὠς
1282 1751 1372 1808 διὰ
1428 1755 1703 1820 εἰσπνοίας
1756 1756 1846 1811 καὶ
1903 1755 1990 1811 ἐκο

2104 583 2385 641 deﬁnitus
2414 587 2571 641 enim
2605 591 2695 642 est
2724 587 2880 642 Deus
2909 592 3192 658 tanquam
3216 587 3364 643 nulli
3397 589 3649 645 termino
3671 607 3766 646 su-

2104 672 2357 742 bjectus,
2389 675 2491 729 sed
2537 675 2660 745 ipse
2707 676 2998 731 terminus
3049 677 3313 732 omnium
3363 678 3673 745 exsistens,
3705 683 3764 736 et

2103 767 2313 817 cuncta
2344 763 2401 817 in
2452 763 2644 834 seipso
2695 764 3068 827 terminans;
3097 766 3345 821 termino
3395 773 3589 822 autem
3642 784 3756 823 non

2103 851 2441 921 subjicitur,
2463 851 2600 923 quia
2628 853 2863 909 termini
2895 869 2964 910 ex
2992 854 3488 911 afﬁrmationibus
3518 872 3760 929 compo-

2104 944 2364 1007 nuntur;
2396 941 2824 998 afﬁrmationes
2873 947 3070 998 autem
3104 944 3162 999 in
3215 949 3329 1000 Deo
3382 945 3625 1000 minime
3657 962 3758 1001 co-

2102 1029 2294 1100 aptari
2326 1035 2596 1100 possunt,
2630 1035 2910 1102 tanquam
2945 1031 3144 1100 falsae;
3180 1050 3315 1088 nam
3365 1032 3472 1089 has
3521 1037 3765 1106 superat

2102 1122 2350 1181 Deus,ut
2379 1119 2480 1190 qui
2512 1136 2626 1175 non
2661 1121 2736 1175 sit
2766 1121 3042 1190 essentia,
3076 1123 3178 1176 sed
3211 1139 3391 1193 supra
3422 1125 3758 1180 essentiam.

2175 1226 2222 1280 8
2251 1227 2582 1297 [Vegetio-nes
2611 1227 2850 1297 quidem.
2896 1227 3021 1284 Non
3073 1233 3306 1284 tantum
3359 1230 3419 1284 in
3467 1230 3606 1296 Deo,
3659 1232 3759 1286 sed

2103 1315 2280 1370 etiam
2312 1315 2372 1370 in
2406 1315 2620 1370 divinis
2652 1315 2950 1384 omnibus,
2971 1315 3081 1371 hoc
3110 1321 3199 1371 est
3230 1318 3286 1371 in
3320 1319 3596 1373 omnibus
3628 1324 3762 1390 post

2102 1403 2288 1458 Deum
2340 1403 2830 1474 intelligibilibus,
2863 1409 2919 1460 et
2949 1407 3268 1474 negationes
3312 1423 3464 1462 veras
3513 1424 3643 1463 esse
3672 1407 3758 1462 in—

2102 1492 2252 1563 quit,
2283 1499 2342 1548 et
2371 1494 2776 1563 afﬁrmatione:
2822 1495 3056 1550 minime
3084 1504 3266 1566 aptas.
3310 1499 3524 1568 Inepta:
3575 1497 3759 1568 igitur

2102 1581 2342 1653 quidem
2375 1587 2512 1637 sunt
2561 1582 3006 1649 afﬁrmationes,
3039 1585 3275 1654 quando
3301 1585 3624 1640 dixerimus
3655 1589 3760 1640 aut

2101 1671 2308 1741 Deum,
2361 1676 2464 1727 aut
2513 1670 2940 1727 intellectuales
2987 1671 3255 1743 virtutes,
3287 1673 3466 1728 vitam
3517 1679 3621 1730 aut
3667 1674 3756 1730 lu-

2103 1777 2237 1815 men
2264 1778 2277 1828 ;
2311 1777 2501 1832 neque
2531 1762 2688 1816 enim
2711 1761 2826 1816 vita
2854 1760 2988 1817 talis
3022 1762 3291 1833 quaedam
3324 1767 3508 1832 est,ut
3536 1778 3641 1834 per
3670 1763 3756 1819 in-

334 1843 516 1904 πνοίας
545 1845 667 1915 ζῆν’
702 1839 828 1896 οὔτε
867 1845 985 1919 φῶς
1030 1843 1094 1896 τὸ
1145 1842 1465 1916 φαινόμενον
1515 1845 1604 1898 καὶ
1636 1849 1827 1898 ποιοῦν
1863 1845 1990 1918 ὁρᾶ-

2109 1848 2484 1921 spirationem
2518 1854 2574 1904 et
2626 1849 3081 1919 exspirationem
3112 1850 3304 1916 vivat;
3335 1867 3524 1922 neque
3553 1851 3754 1908 lumen

333 1933 448 1986 σθαι
475 1933 541 1986 τρὶ
570 1930 928 2006 προκείμενα·
961 1928 1108 1986 ἀλλὰ
1158 1927 1426 2008 ἀνώτερόν
1469 1953 1522 1988 τι
1566 1933 1797 1990 τούτων.
1830 1934 1900 1990 Αἱ
1929 1931 1988 1987 δὲ

331 2019 628 2098 ἀποφάσεις
677 2020 732 2074 αἱ
783 2017 872 2074 διὰ
919 2019 1195 2096 ἀρνήσεων
1249 2025 1434 2084 ποσῶς
1484 2021 1573 2076 ἐπὶ
1618 2027 1724 2078 τῶν
1773 2026 1985 2093 νοητῶν

322 2107 675 2184 οῗκειότεραι·
726 2107 961 2184 λέγομεν
1010 2108 1137 2185 γὰρ,
1187 2110 1270 2164 ὅτι
1318 2110 1563 2185 ἀόρατοι,
1613 2111 1702 2166 καὶ
1753 2111 1838 2166 ὅτι
1882 2110 1988 2188 οὐχ

324 2198 698 2253 ὑποπίπτουσι
754 2198 870 2270 θέᾳ,
921 2203 1184 2270 νοοῦμενο
1231 2199 1282 2252 τί
1336 2196 1411 2254 δὲ·
1445 2198 1588 2254 ἐστιν
1639 2201 1770 2255 αὐτὸ
1817 2201 1878 2255 τὸ
1909 2203 1984 2274 μὴ

321 2287 697 2361 φαινόμενον,
757 2284 883 2342 οὔτε
941 2285 1430 2364 πολυπραγμονεῖν
1468 2331 1482 2355 ,
1541 2286 1664 2344 οὔτε
1721 2294 1984 2363 παριστᾷν

319 2374 535 2432 δοκε.ῖὸ
578 2377 771 2452 λόγος’
826 2373 1007 2432 καίτοι
1062 2377 1127 2432 τὸ
1187 2380 1300 2447 ζωὴ
1360 2378 1452 2432 καὶ
1512 2383 1626 2456 φῶς
1681 2376 1831 2434 δοκεῖ
1888 2400 1988 2450 ση-

323 2466 536 2540 μαίνειν
586 2465 640 2521 τί
691 2465 824 2537 ἔστι,
870 2465 961 2521 καὶ
1017 2467 1185 2522 ταῦτα
1247 2463 1508 2541 μηδόλως
1558 2465 1760 2539 δηλοῦν
1791 2468 1844 2523 τί
1874 2467 1984 2523 ἐστι

317 2555 478 2618 Θεός.

384 2755 612 2826 Τιμῶσι
651 2756 972 2830 τοιγαροῦν.
1033 2754 1174 2830 "Op:
1229 2757 1347 2816 πῶς
1408 2752 1593 2818 καλῶς
1633 2752 1986 2829 ἀπελογήσα-

314 2863 404 2911 το,
439 2839 534 2897 διὰ
563 2842 618 2896 τί
653 2841 810 2910 ζώων
847 2843 1067 2916 μνήμην
1119 2836 1238 2918 ἔχει
1286 2842 1355 2896 τὰ
1407 2841 1651 2917 οὐράνια,
1684 2839 1808 2910 ἤτοι
1841 2841 1984 2897 εἶ’κό-

319 2952 437 2993 νας·
475 2931 662 3005 ὥσπερ
694 2930 797 3005 γὰρ
828 2932 856 2984 ὁ
887 2930 977 2985 ἐπὶ
1026 2932 1242 2986 πάντων
1292 2931 1422 2994 Θεὸς
1467 2929 1623 2986 οὐδὲν
1654 2929 1707 2986 ἐν
1735 2936 1851 2993 τοῖς
1881 2937 1987 2986 πᾶ-

318 3043 402 3075 σιν
437 3015 560 3095 ἔχει
591 3019 880 3094 ὁμογενὶς,
911 3019 1002 3074 καὶ
1056 3016 1146 3074 διὰ
1185 3023 1349 3074 τοῦτο
1403 3019 1629 3082 εῗκότως
1675 3017 1831 3075 οὐδὲν
1877 3025 1986 3076 τῶν

313 3112 538 3166 πάντων
572 3108 739 3164 αὐτοῦ
787 3108 899 3163 ἐστι
932 3105 1267 3180 δηλωτικόν·
1302 3106 1450 3164 ἀλλὰ
1489 3107 1685 3165 λοιπὸν
1718 3106 1866 3184 ἄλλῃ
1899 3130 1989 3182 με·

2099 1938 2254 2009 quod
2285 1941 2610 2008 apparet,et
2640 1939 2796 2008 quod
2832 1937 2970 1992 facit
2999 1938 3229 2008 objecta
3258 1939 3442 1994 videri
3470 1957 3482 1993 :
3517 1941 3618 1995 sed
3644 1940 3755 1996 ali-

2098 2025 2236 2098 quid
2269 2026 2363 2081 his
2410 2027 2701 2098 superius.
2735 2025 3087 2097 Negationes
3121 2032 3341 2092 autem,
3372 2044 3501 2098 qua:
3533 2045 3636 2100 per
3664 2029 3754 2084 in-

2098 2115 2420 2172 ﬂciationee
2455 2116 2926 2186 ﬁunt,quantum
2958 2115 3019 2170 in
3052 2115 3528 2187 intelligibilibus
3561 2117 3753 2189 magis

2097 2205 2344 2277 proprias
2375 2209 2552 2270 sunt;
2586 2204 2838 2259 dicimus
2870 2203 3400 2275 enim,invisibiles,
3435 2221 3626 2277 neque
3657 2222 3753 2262 oa-

2096 2293 2230 2348 dere
2278 2293 2387 2348 sub
2433 2296 2739 2364 aspectum
2788 2291 3216 2364 intelligimus;
3250 2293 3391 2363 quid
3446 2310 3618 2365 porro
3673 2293 3754 2350 sit

2096 2384 2280 2452 ipsum
2312 2397 2422 2436 non
2451 2397 2748 2452 apparens,
2780 2398 2970 2453 neque
3001 2382 3231 2438 curiose
3263 2399 3539 2454 quaerere,
3573 2398 3762 2454 neque

2097 2469 2368 2526 exhibere
2395 2469 2666 2537 videtur;
2700 2470 2970 2540 quamvis
2999 2469 3140 2540 vita,
3172 2474 3230 2525 et
3269 2469 3494 2538 lumen,
3527 2470 3763 2526 videtur

2097 2559 2454 2631 signiﬁcare,
2503 2559 2645 2630 quid
2680 2559 2776 2630 sit,
2833 2564 2890 2614 et
2919 2559 3042 2615 haec
3094 2557 3242 2614 nihil
3293 2559 3536 2616 omnino
3567 2559 3762 2616 decla-

2097 2665 2250 2716 rare,
2281 2647 2424 2720 quid
2459 2648 2536 2703 sit
2566 2648 2741 2704 Deus.

2172 2755 2549 2811 Condeoorant
2576 2756 2772 2824 igitur.
2804 2754 2950 2809 Vide
2982 2756 3277 2826 quomodo
3308 2753 3553 2826 pulchre
3582 2755 3760 2811 ratio-

2097 2859 2230 2898 nem
2264 2843 2475 2897 dixerit
2525 2847 2760 2912 propter
2790 2841 2930 2911 quid
2971 2842 3235 2897 caelestia
3275 2841 3619 2896 memoriam
3653 2841 3762 2897 ha-

2097 2933 2275 2988 beant
2323 2931 2693 2992 animalium,
2734 2947 2838 2986 seu
2891 2930 3219 3001 imagines;
3257 2930 3762 3000 quemadmodum

2098 3021 2274 3088 enim,
2313 3022 2463 3076 Deus
2494 3019 2788 3075 exsistens
2811 3019 2868 3073 in
2894 3019 3195 3086 omnibus,
3231 3018 3378 3073 nihil
3397 3017 3458 3073 in
3481 3017 3760 3074 omnibus

2099 3110 2276 3165 habet
2299 3109 2564 3178 ejusdem
2591 3125 2790 3162 secum
2815 3107 3049 3179 generis
3075 3125 3089 3174 ;
3125 3107 3340 3176 idoque
3364 3106 3573 3184 merito
3615 3105 3763 3161 nihil

313 3195 467 3270 θόδῳ
509 3195 902 3272 θεολογοῦμεν,
954 3196 1224 3271 λέγοντες,
1255 3197 1306 3252 τί
1351 3197 1451 3252 οὐκ
1497 3195 1607 3253 ἔστι
1656 3199 1808 3266 Θεὸς,
1851 3198 1983 3274 ὅπερ

2109 3214 2297 3253 rerum
2330 3199 2620 3262 omnium,
2653 3201 2742 3252 est
2773 3196 2961 3267 ipsius
2993 3195 3445 3262 declarativum;
3471 3195 3573 3251 sed
3598 3200 3758 3266 post-

311 3285 479 3343 καλεῖ
538 3282 628 3340 διὰ
680 3286 788 3340 τῶν
849 3285 1152 3359 ἀνομοίων·
1211 3283 1354 3340 οὕτω
1409 3286 1496 3340 καὶ
1551 3286 1636 3341 ἐπὶ
1683 3290 1790 3342 τῶν
1820 3288 1984 3362 ούρα-

311 3375 444 3431 νίων
476 3372 786 3448 δυνάμεων,
815 3375 872 3429 αἳ
927 3395 1065 3448 μετα
1111 3373 1242 3430 Θεόν
1298 3373 1422 3447 εἶσι,
1470 3378 1742 3449 τεχνικῶς
1792 3372 1988 3444 ἐποίη·

313 3486 408 3520 σαν
469 3464 524 3518 οἱ
583 3463 829 3539 θεΑόγοι,
891 3460 1084 3536 μηδενὶ
1141 3467 1250 3517 τῶν
1301 3467 1514 3534 νοητῶν
1563 3462 1728 3525 αὐτὰς
1779 3463 1989 3535 ὁμοιώ-

317 3575 532 3616 σαντες·
568 3551 698 3610 ἆλλ²
749 3553 805 3608 ἐκ
864 3558 975 3608 τῶν
1036 3553 1334 3627 αἰσθητῶν,
1395 3555 1530 3629 ἅπερ
1587 3552 1748 3608 καλεῖ
1798 3551 1988 3626 ἄτιμα,

322 3648 424 3715 τὴν
477 3643 688 3700 τούτων
742 3637 1004 3708 λαϐόντες
1051 3642 1368 3719 ἰμφιρειαν,
1418 3647 1580 3697 τοῦτο
1638 3641 1775 3718 πρὸς
1821 3643 1988 3716 τιμὴν

329 3734 506 3789 αὐτῶν
535 3732 928 3803 πεποιηκότες,
978 3729 1070 3787 ⁹ίνα
1113 3728 1547 3805 πλασματώδης,
1578 3730 1670 3785 καὶ
1722 3731 1821 3786 οὐκ
1851 3728 1990 3802 ἀλη-

334 3825 433 3893 θὴς
477 3823 699 3897 γένηται
748 3821 956 3876 τούτων
991 3822 1026 3889 ἡ
1063 3820 1318 3894 μίμησις
1363 3819 1408 3875 εἷ
1452 3820 1556 3895 γὰρ
1589 3821 1616 3874 ὁ
1656 3819 1990 3895 λεοντόμορ-

327 3933 426 3989 eo;
481 3909 814 3987 λεγόμενος,
855 3908 946 3964 καὶ
988 3907 1297 3982 πολύπους,
1347 3908 1438 3965 καὶ
1483 3906 1829 3985 πολύπτερός
1879 3907 1988 3962 ἐστι

321 4002 416 4057 καὶ
470 3999 722 4075 λογικὸς,
772 3996 866 4053 καὶ
915 3996 1108 4071 ἄυλος,
1157 4002 1276 4060 πῶς
1327 3997 1388 4053 ού
1438 3995 1632 4071 δῆλον,
1685 3997 1769 4053 ὅτι
1831 3997 1991 4073 ὑπερ-

318 4087 577 4162 κοσμίως
632 4081 974 4163 ὑπερϐέϐηκε
1000 4087 1070 4142 τὰ
1119 4085 1303 4161 ὑλικὰ,
1334 4087 1424 4142 καὶ
1472 4086 1601 4162 παρ’
1651 4088 1789 4160 ἡμῖν
1839 4085 1993 4140 νοού-

323 4198 465 4252 μενα
500 4197 516 4246 ;

404 4353 502 4418 Εἷς
540 4356 635 4429 μὲν
667 4355 767 4431 γὰρ
813 4353 910 4418 τὰς
952 4353 1306 4428 τιμιωτέρας.
1338 4351 1481 4409 Ἰδοὺ
1528 4352 1618 4408 καὶ
1662 4348 1844 4427 ἕτερος
1895 4350 1992 4407 λο-

323 4446 555 4522 γισμὸς,
590 4441 662 4498 δι’
692 4444 750 4498 ’ὸν
782 4442 1064 4505 τοιαύταις
1095 4441 1418 4517 ὁμοιότησιν
1449 4443 1485 4512 ἡ
1518 4441 1706 4519 Γραφή
1737 4440 1860 4515 περὶ
1883 4444 1990 4495 τῶν

321 4532 600 4610 οὐρανίων
659 4530 936 4608 ἐχρήσατο
970 4553 983 4567 ο
1044 4531 1090 4588 εἰ
1147 4531 1251 4608 γὰρ
1307 4531 1660 4605 τιμιωτέροις
1716 4529 1993 4605 ἐχρήσατο)

2098 3303 2164 3342 ea
2196 3285 2313 3341 alia
2345 3285 2622 3340 methodo
2653 3286 2724 3339 de
2772 3284 2887 3339 Deo
2919 3283 3244 3355 loquimur,
3277 3283 3560 3352 dicentes,
3614 3282 3758 3354 quid

2099 3392 2215 3430 non
2249 3379 2325 3429 sit
2372 3373 2568 3441 Deus;
2603 3373 2760 3444 quod
2793 3371 3068 3442 appellat,
3119 3387 3218 3439 per
3246 3369 3598 3432 dissimilia;
3631 3387 3760 3442 quas

2099 3470 2230 3536 post
2279 3464 2462 3518 Deum
2514 3468 2672 3529 sunt,
2723 3461 2952 3516 erudite
2996 3461 3258 3516 fecerunt
3307 3459 3588 3531 theologi,
3623 3475 3761 3516 cum

2101 3552 2248 3608 nulli
2269 3550 2734 3622 intelligibilium
2758 3550 2919 3620 ipsas
2943 3548 3376 3616 assimilarunt;
3400 3549 3502 3604 sed
3525 3565 3596 3603 ex
3626 3563 3762 3603 sen-

2101 3641 2398 3710 sibilibus,
2422 3657 2549 3711 quas
2579 3643 2749 3694 vocat
2772 3638 2932 3704 vilia,
2967 3637 3178 3692 harum
3211 3641 3513 3692 sumentes
3542 3635 3760 3692 simili-

2099 3731 2392 3798 tudinem,
2409 3730 2515 3784 hoc
2540 3729 2610 3784 ad
2633 3728 2869 3782 illarum
2895 3727 3171 3782 honorem
3199 3727 3486 3794 fecerunt,
3519 3729 3584 3780 ut
3605 3721 3761 3780 ﬁcti-

2101 3819 2202 3888 tia,
2235 3824 2291 3874 et
2324 3835 2440 3874 non
2471 3834 2608 3873 vera
2637 3821 2796 3872 esset
2821 3816 3030 3871 horum
3062 3814 3353 3882 imitatio;
3388 3815 3438 3868 si
3468 3812 3626 3869 enim
3656 3813 3760 3883 qui

2101 3906 2288 3963 leonis
2319 3909 2566 3962 formam
2602 3906 2814 3960 referre
2846 3905 3066 3959 dicitur
3093 3909 3150 3958 et
3179 3902 3484 3973 multipes,
3515 3906 3572 3956 et
3603 3901 3760 3956 mul-

2100 4001 2192 4054 tas
2222 4013 2431 4070 gerens
2463 3995 2611 4065 alas,
2641 3999 2730 4049 est
2759 3992 2936 4048 etiam
2969 3991 3276 4048 rationalis
3307 3996 3364 4046 et
3395 3990 3760 4047 immateria-

2100 4087 2212 4154 lis;
2266 4085 2562 4156 quomodo
2611 4099 2727 4138 non
2777 4085 2868 4137 est
2914 4079 3317 4151 manifestum,
3373 4095 3506 4136 eum
3561 4079 3760 4149 modo,

2102 4175 2203 4247 qui
2237 4174 2456 4229 mundo
2486 4171 2615 4243 capi
2648 4174 2918 4242 nequeat,
2952 4169 3370 4224 transcendere
3408 4167 3762 4238 materialia,

2103 4269 2161 4320 et
2189 4280 2257 4320 ea
2288 4279 2418 4334 quae
2448 4279 2481 4316 a
2511 4260 2681 4316 nobis
2711 4258 3170 4330 intelliguntur?

2172 4354 2235 4408 In
2265 4351 2627 4407 nobilioribus
2655 4349 2824 4404 enim.
2861 4349 3003 4414 Ecce
3035 4345 3210 4401 aliam
3260 4362 3495 4418 quoque
3525 4345 3766 4402 ratioci—

2104 4441 2673 4510 nationem,propter
2703 4453 2882 4509 quam
2913 4435 3216 4506 Scriptura
3247 4434 3463 4490 talibus
3495 4435 3769 4490 similitu-

2105 4529 2345 4584 dinibus
2376 4529 2436 4583 in
2469 4526 2804 4583 caelestibus
2836 4541 2946 4580 usa
2976 4523 3190 4590 fuerit;
3227 4523 3275 4578 si
3331 4523 3549 4577 etenim
3595 4522 3769 4576 nobi-

322 4603 844 4696 πλάσμασιν,ηὸῖον
893 4603 1258 4698 χρυσοειδεῖς,
1308 4603 1853 4694 ἣῖταστράπτοντας
1915 4617 1990 4672 λέ-

2109 4617 2350 4674 lioribus
2382 4633 2488 4672 usa
2519 4616 2728 4670 fuisset
2751 4611 3111 4676 fictionibus,
3143 4611 3318 4681 sicut,
3351 4611 3480 4666 auri
3512 4609 3770 4681 speciem

321 4732 504 4788 γουσα
553 4710 686 4766 εἶναι
725 4709 822 4774 τὰς
869 4710 1015 4774 θείας
1066 4707 1344 4781 δυνάμεις,
1394 4710 1610 4763 πάντως
1657 4705 1716 4762 ὸὶν
1751 4705 1998 4774 ἐπείσθη-

321 4822 426 4857 σαν
454 4801 509 4855 oi.
557 4798 849 4856 ἀκούοντες
881 4798 941 4854 ἐκ
967 4803 1074 4854 τῶν
1121 4801 1268 4873 παρὰ
1313 4797 1624 4872 ἀνθρώποις
1654 4793 1998 4866 τιμιωτέρων

319 4891 389 4947 τὸ
424 4889 619 4944 πιστὸν
671 4882 1065 4960 λαμϐάνοντες·
1115 4891 1206 4940 νῦν
1263 4884 1320 4941 δὲ
1360 4886 1429 4940 τὰ
1469 4883 1882 4958 ἀπεμφαίνοντα
1907 4881 1998 4936 καὶ

325 4977 572 5054 αἰσχρὰς
618 4975 832 5038 εἰκόνας
883 4970 1272 5050 παρενέλαϐεν,
1312 4972 1426 5042 τίνα,
1490 4969 1734 5049 ἀκριϐῶς
1770 4970 1998 5038 εἷ’δότες,

323 5067 417 5124 ὅτι
453 5065 555 5121 οὐκ
584 5064 687 5122 εἶσὶ
717 5065 784 5121 τὰ
811 5069 1057 5134 τοιαῦτα,
1094 5066 1419 5138 ζητήσωμεν
1452 5063 1550 5132 τήν
1584 5061 1850 5133 ἀλήθειαν
1893 5063 2003 5115 τῶν

322 5153 424 5213 ὅντ
431 5178 508 5212 ων
518 5199 533 5214 .

403 5327 727 5396 ’Λϐλαϐῶς.
775 5333 846 5390 Αἱ
902 5333 1004 5409 γὰρ
1055 5326 1342 5407 λεγόμεναι
1389 5330 1560 5406 πυρὸς
1609 5323 1814 5409 φλόγες
1863 5329 2003 5383 θεῖαι

327 5423 526 5484 οὐσίαι
554 5423 619 5480 οὐ
650 5421 958 5493 καυστικαὶ,
990 5420 1137 5478 ἀλλὰ
1169 5420 1393 5492 ζωτικαί
1426 5420 1583 5479 εἶσιν.

402 5601 679 5680 Αἱσχράς.
721 5604 848 5665 Πῶς
878 5600 985 5678 γὰρ
1035 5597 1137 5656 οὐκ
1177 5597 1407 5678 αἰσχρὸν
1437 5599 1501 5656 τὸ
1533 5597 1585 5670 ἐξ
1633 5595 1838 5652 ὗλικῶν
1874 5596 2007 5653 εἶναι

323 5694 399 5756 τὰ
426 5687 692 5772 σύμϐολα
719 5693 853 5769 [τῶν
881 5690 1123 5766 νοητῶν]
1153 5706 1172 5762 ;

627 5826 899 5890 Pauor.
942 5822 1054 5888 Gn.
1101 5821 1212 5888 IV.

2105 4707 2443 4772 referentes,
2475 4709 2578 4760 aut
2610 4703 2955 4774 effulgentes
3005 4699 3276 4754 homines
3326 4699 3644 4754 asserenda
3675 4697 3771 4752 di-

2105 4796 2272 4852 vinas
2318 4795 2603 4862 virtutes;
2637 4792 2968 4855 audientes,
3013 4805 3257 4861 prorsus
3303 4787 3571 4859 persuasi
3626 4786 3770 4841 fuis-

2107 4891 2258 4953 sent,
2293 4882 2701 4939 credulitatem
2733 4897 2802 4935 ex
2832 4879 2905 4934 iis
2937 4895 3068 4949 quae
3101 4879 3256 4933 inter
3285 4876 3556 4932 homines
3588 4874 3771 4930 maxi-

2110 4973 2188 5029 mi
2221 4978 2359 5028 sunt
2409 4971 2603 5044 pretii,
2654 4967 3045 5039 accipientes;
3081 4982 3238 5021 nunc
3289 4970 3509 5032 autem,
3543 4980 3610 5019 ea
3639 4979 3765 5034 qua

2111 5062 2356 5118 minime
2405 5062 2847 5132 repraesentant,
2884 5062 2942 5112 et
2967 5060 3171 5126 turpes
3211 5054 3500 5125 imagines
3532 5052 3774 5123 adjecit,

2111 5156 2177 5206 ut
2205 5150 2458 5222 perfecte
2489 5147 2764 5212 scientes,
2798 5145 2952 5215 quod
2988 5159 3103 5199 non
3136 5143 3256 5198 sint
3285 5142 3653 5211 talia,rerum
3683 5157 3778 5197 ve-

2112 5239 2346 5295 ritatem
2377 5236 2749 5308 indagemus.

2183 5327 2433 5384 Innoxie.
2467 5325 2601 5388 Quae
2648 5325 2807 5379 enim
2841 5321 3124 5377 dicuntur
3166 5320 3324 5393 ignis
3373 5319 3654 5385 ﬂammea,
3686 5318 3781 5374 di-

2111 5417 2262 5473 vinae
2321 5411 2688 5480 substantiae,
2748 5426 2866 5466 non
2919 5409 3322 5478 combustiva,
3381 5408 3483 5464 sed
3541 5405 3782 5463 vivifica

2118 5509 2282 5563 sunt.

2186 5611 2234 5667 9
2267 5591 2573 5650 lndecoris.
2597 5587 2898 5654 Quomodo
2931 5586 3091 5642 enim
3121 5601 3241 5642 non
3273 5589 3470 5658 turpe,
3497 5601 3567 5641 ex
3598 5588 3788 5641 mate-

2115 5683 2365 5744 rialibus
2394 5684 2667 5740 constare
2695 5677 2866 5750 signa
2887 5675 3107 5750 [rerum
3138 5673 3600 5745 intellectilium]
3619 5671 3650 5729 7

3467 5801 3508 5866 2
