4134 6450
376 409 446 465 43
1208 409 1577 462 APPENDIX
1620 406 1719 460 AD
1757 408 2002 462 OPERA
2040 409 2096 462 S.
2140 405 2457 462 DIONYSII
2498 407 2999 462 AREOPAGITE.
3745 410 3813 464 44

446 535 792 604 Spectacula,
848 534 944 588 Gr.
1003 529 1265 604 θεάματα.
1315 531 1572 604 Οεάματα
1605 530 1883 587 dicuntur
1911 545 2017 601 qua

2225 526 2496 602 Θεάματα.
2567 529 2823 603 Θεάματα
2893 526 3150 604 λέγονται
3209 528 3277 585 τὰ
3349 530 3483 603 μετὰ
3537 530 3813 604 θαύματος

377 638 506 678 cum
543 623 930 679 admiratione
960 623 1253 678 videntur.

451 715 480 780 §
511 711 600 768 ιν.
631 714 919 785 Siquidem
969 714 1198 784 aﬂectus
1246 714 1364 767 irae.
1398 713 1557 779 Quod
1609 729 1722 768 non
1759 711 2040 783 simplici-

381 805 471 858 ter
500 801 978 858 rationabilitatis
1011 802 1222 873 plenus
1250 802 1327 857 sit
1354 801 1670 858 irascibilis
1701 801 2037 866 motus,sed

381 892 444 947 in
477 891 867 947 irrationabili
901 895 1149 960 natura;
1183 891 1497 963 legendum
1555 894 1645 947 est
1673 898 2036 964 postremum

382 981 562 1052 hujus
594 981 732 1037 libri
784 985 977 1052 caput,
1007 980 1108 1036 ubi
1157 985 1368 1036 tractat
1415 982 1489 1036 de
1537 980 1759 1037 visione
1807 989 2036 1035 sancto-

379 1087 512 1126 rum
562 1070 909 1139 cberubim;
945 1070 1064 1126 illic
1111 1071 1270 1126 enim
1303 1071 1480 1126 etiam
1530 1071 1653 1126 hmo
1683 1071 1880 1127 omnia
1909 1071 2037 1127 fuse

377 1159 671 1232 expl‘anati
704 1163 863 1215 sunt.

443 1248 602 1307 Nihil
625 1265 833 1320 eorum,
866 1265 988 1323 quae
1015 1252 1307 1306 exsistunt.
1339 1253 1509 1318 Nota,
1540 1249 1772 1306 nullum
1805 1251 2033 1306 entium

369 1337 664 1410 privatum
699 1354 830 1394 esse
852 1337 1303 1410 participatione
1327 1338 1821 1408 boni;notandum
1854 1337 2034 1409 igitur

370 1431 461 1483 est
489 1427 630 1499 quid
661 1426 1031 1500 intelligatur
1063 1427 1148 1482 ira
1175 1426 1237 1482 in
1267 1427 1862 1492 irrationabilibus,et
1890 1426 2032 1499 quid

369 1515 429 1571 in
488 1515 982 1585 rationabilibus;
1017 1521 1075 1572 et
1103 1517 1245 1588 quid
1283 1521 1677 1589 utrorumque
1711 1516 2027 1588 concupis-

375 1606 590 1662 centia.

392 1755 394 1759 _
446 1695 750 1750 Rationem.
784 1694 1116 1750 Notandum
1173 1695 1332 1767 quod
1361 1694 1536 1750 etiam
1589 1695 1648 1749 in
1681 1694 1907 1766 angelis
1937 1710 2032 1749 ra-

375 1783 597 1840 tionem
627 1783 822 1851 dicat;
856 1785 958 1839 sed
989 1798 1115 1856 quae
1144 1783 1449 1840 demulceri
1475 1793 1736 1856 nequeat,
1770 1799 1874 1839 seu
1908 1799 2034 1854 qua:

375 1889 566 1943 neque
596 1873 786 1942 cedat,
819 1887 1010 1945 neque
1037 1877 1353 1944 torpescat.

447 1979 1533 2052 Concupiscentiam.Concupiscentiam
1547 1979 2031 2053 intelligibilium,

373 2085 505 2126 esse
536 2085 796 2126 amorem
826 2069 886 2124 in
917 2069 1102 2125 Deum
1134 2069 1419 2125 contineri
1445 2070 1897 2142 nescium,quod
1929 2087 2029 2142 ap-

369 2158 553 2230 pellat
582 2161 828 2214 materiae
855 2159 1253 2230 privationem.

435 2266 682 2337 Propter
711 2265 1590 2338 impermistum.1mpermistum
1617 2266 1760 2320 dicit
1790 2282 2028 2339 purum,

363 2358 421 2411 et
449 2354 509 2410 in
541 2355 703 2410 nullo
735 2355 850 2410 alio
885 2359 1211 2411 vacantem.
1244 2355 1350 2418 Qui
1387 2355 1542 2410 enim
1597 2355 1798 2412 divino
1831 2373 2028 2412 amore

358 2444 716 2500 constrictus
747 2448 856 2512 est,
889 2447 1050 2500 totus
1081 2448 1171 2500 est
1199 2443 1410 2515 ipsius,
1443 2448 1500 2499 et
1547 2445 1608 2499 in
1657 2444 1848 2501 solum
1881 2445 2030 2500 desi-

358 2531 618 2589 derabile
663 2533 938 2603 intendit,
967 2550 1000 2589 a
1035 2531 1193 2588 nullo
1254 2533 1575 2605 impeditus
1629 2533 1941 2590 transitive
1971 2539 2029 2589 et

366 2638 646 2693 corporeo
697 2638 1010 2690 sermone;
1044 2623 1185 2677 dum
1236 2627 1434 2678 autem
1478 2622 1754 2694 dicimus,
1807 2639 1939 2679 esse
1967 2621 2024 2678 in

361 2710 726 2782 incorporeis
776 2711 1127 2767 substantiis
1183 2711 1426 2768 rationis
1458 2712 1876 2784 privationem,
1907 2728 2025 2766 non

361 2801 788 2870 exprobramus
818 2799 907 2855 vel
942 2799 1284 2873 afﬁngimus
1315 2801 1462 2872 ipsis
1495 2818 1627 2856 cum
1663 2800 1902 2872 injuria,
1938 2800 2027 2855 in-

363 2889 636 2946 tellectus
688 2889 1112 2962 privationem;
1148 2892 1418 2960 dicendo,
1471 2908 1573 2963 per
1620 2891 1886 2947 leoninas
1918 2891 2028 2946 for-

368 2985 594 3047 mas,et
619 2979 924 3050 vitulinas,
949 2984 1007 3036 et
1033 2980 1251 3051 avium,
1277 2980 1432 3036 sicut
1463 2980 1521 3034 in
1555 2979 1774 3051 aquila,
1795 2979 2025 3036 irratio-

377 3067 664 3126 nabilium
696 3070 917 3142 ﬁguras
947 3073 1004 3125 et
1032 3068 1566 3142 signa,cmlestibus
1596 3069 1904 3126 convenire
1935 3086 2027 3126 or-

377 3157 653 3228 dinibus;
687 3160 786 3216 sed
847 3158 1094 3232 mystice
1151 3157 1557 3230 signiﬁcamus
1603 3157 2023 3228 diversitatem,

374 3264 504 3320 quae
535 3251 625 3306 est
653 3249 807 3304 inter
835 3248 1072 3305 illorum
1103 3251 1159 3304 et
1181 3250 1443 3302 nostram
1471 3247 2021 3318 rationabilitatem;

370 3355 478 3396 nos
508 3339 666 3396 enim
699 3338 1217 3397 rationabilitatem
1250 3342 1742 3410 reprmsentamus
1773 3353 1877 3410 per
1903 3336 2020 3393 vim

365 3429 646 3500 operandi
674 3429 914 3502 linguas,
945 3433 1002 3484 et
1030 3429 1246 3498 ﬁguras
1276 3426 1432 3484 vocis
1475 3428 1785 3496 effectivae,
1818 3443 2018 3499 percu-

362 3517 576 3574 tientes
624 3535 816 3574 aerem
869 3517 1358 3583 sermocinamur,
1414 3521 1471 3572 et
1517 3533 1787 3574 sermone
1817 3523 2018 3573 trans-

362 3610 539 3663 eunte
577 3625 610 3664 a
639 3608 809 3664 nobis
841 3608 910 3662 ad
943 3605 1312 3662 audientium
1363 3622 1557 3672 aures,
1589 3623 1658 3662 ex
1685 3622 1924 3677 corpore
1955 3606 2013 3660 in

363 3710 620 3768 corpus;
654 3697 808 3752 sicut
854 3695 999 3750 dicit
1047 3694 1283 3751 divinus
1330 3694 1584 3752 Basilius
1634 3695 1692 3751 in
1747 3711 2016 3751 sermone

360 3785 596 3842 Attende
642 3787 750 3842 tibi
796 3783 925 3857 ipsi,
977 3782 1097 3839 illic
1147 3787 1345 3840 autem
1399 3801 1514 3840 non
1563 3785 1682 3853 ita;
1734 3785 1836 3840 sed
1885 3802 2014 3840 cor-

359 3889 500 3944 pore
558 3874 847 3943 destituti,
880 3878 939 3930 et
994 3875 1068 3930 ad
1125 3890 1188 3930 se
1247 3874 1494 3930 invicem
1555 3874 1900 3930 accedentes
1959 3879 2017 3930 et

357 3963 697 4019 recedentes
755 3962 969 4018 clarius
1028 3963 1189 4018 omni
1247 3979 1514 4018 sermone
1569 3967 1807 4018 mutuas
1866 3963 2015 4034 cogi-

356 4050 611 4107 tationes
668 4052 968 4108 intuentes
1025 4050 1185 4107 velut
1247 4051 1400 4107 inter
1455 4068 1518 4107 se
1573 4051 2015 4122 colloquuntur,

356 4156 461 4212 per
503 4140 804 4199 silentium
851 4157 1180 4198 sermonem
1230 4141 1344 4197 sibi
1388 4141 1636 4197 invicem
1689 4141 2014 4197 communi-

355 4233 580 4286 cantes.

423 4321 878 4391 Propensionem,
915 4320 1012 4376 Gr.
1065 4317 1378 4376 ἀπόκλισιν.
1410 4324 1521 4377 Pro
1564 4319 2010 4377 inclinationem

350 4421 452 4463 seu
486 4409 963 4482 propensionem.

421 4497 768 4554 Transitorii.
803 4498 1209 4555 Transitorius
1239 4503 1328 4555 est
1359 4503 1560 4556 noster
1589 4516 1782 4557 sermo
1818 4500 2008 4572 prola-

346 4584 521 4656 tivus,
544 4591 830 4660 tanquam
863 4605 898 4644 a
927 4588 1161 4644 dicente
1194 4589 1491 4644 transiens
1522 4590 1593 4644 ad
1627 4590 1963 4646 audientem
1990 4610 2003 4658 ;

2152 617 2264 693 ὁρώ
2274 637 2426 691 μενα.

2220 707 2369 776 §IV.
2406 707 2508 763 Καὶ
2539 709 2644 784 γὰρ
2698 709 2726 763 ὁ
2783 709 2978 782 θυμός.
3011 711 3137 766 "Ott
3185 709 3294 784 οὐχ
3345 709 3536 772 ἀπλῶς
3584 708 3814 786 ἀλογίας

2147 790 2402 867 ἔμπλεως
2432 799 2466 865 ἡ
2511 793 2810 869 θυμοειδὴς
2857 796 3089 868 κίνησις,
3142 796 3270 853 ἀλλ’
3312 797 3404 854 ἐπὶ
3449 806 3551 869 τῆς
3600 797 3812 874 ἀλόγου

2147 884 2380 962 φύσεως.
2437 887 2835 961 ’Λναγνωστέον
2887 889 2979 942 τὸν
3030 887 3343 944 τελευταῖον
3385 887 3548 963 λόγον
3590 887 3688 944 τοῦ
3722 891 3808 965 βι-

2147 968 2330 1045 ϐλίου,
2385 975 2443 1029 ὃν
2493 975 2637 1030 εἶπεν
2668 975 2743 1038 εἰς
2790 977 2893 1046 τὴν
2943 976 3199 1032 ὀπτασίαν
3252 982 3360 1032 τῶν
3399 978 3571 1054 ἁγίων
3604 998 3808 1056 χερου-

2147 1060 2267 1137 ϐίμ’
2325 1065 2438 1120 ἐκεῖ
2491 1066 2592 1142 γὰρ
2641 1067 2731 1122 καὶ
2782 1071 2953 1123 ταῦτα
3007 1067 3182 1124 πάντα
3238 1065 3492 1132 πλατέως
3551 1066 3806 1147 διαγεγύ-

2147 1176 2401 1228 μνασται.

2216 1244 2286 1298 Τὸ
2345 1241 2486 1318 μηδὲ
2556 1245 2611 1300 ἓν
2671 1250 2780 1301 τῶν
2841 1245 3050 1305 ὄντων.
3107 1248 3450 1322 Σημείωσαι,
3509 1247 3594 1304 ὅτι
3652 1246 3809 1306 οὐδὲν

2147 1339 2253 1388 τῶν
2288 1330 2460 1388 ὄντων
2509 1334 2793 1410 ἐπέρηται
2837 1343 2937 1407 τῆς
2986 1341 3085 1392 τοῦ
3133 1336 3306 1393 καλοῦ
3354 1339 3662 1412 μετουσίας·
3715 1360 3814 1410 ση-

2149 1424 2409 1494 μειωτέον
2448 1425 2539 1478 οὗν
2592 1424 2645 1478 τί
2695 1427 2962 1480 νοεῖταιὸ
2996 1427 3170 1500 θυμὸς
3227 1426 3318 1482 ἐπὶ
3373 1432 3482 1483 τῶν
3542 1427 3759 1504 ἀλόγων
3795 1475 3811 1499 ,

2143 1512 2230 1566 καὶ
2288 1512 2341 1566 τί
2416 1513 2503 1568 ἐπὶ
2560 1517 2668 1569 τῶν
2742 1514 3002 1590 λογικῶνο
3063 1517 3151 1573 καὶ
3228 1517 3280 1572 τί
3350 1515 3612 1592 ἐπιθυμία
3685 1518 3814 1574 ἰκα-

2140 1602 2310 1675 τὲρων
2321 1647 2333 1659 .

2215 1691 2545 1764 Λογιότητα.
2596 1691 2969 1764 Σημειωτέον,
3017 1693 3101 1749 ὅτι
3149 1695 3240 1750 καὶ
3287 1693 3378 1751 ἇπὶ
3423 1694 3674 1772 ἀγγέλων
3709 1695 3809 1752 λο-

2140 1780 2370 1853 γιότητα
2426 1779 2590 1856 λέγει·
2653 1781 2976 1855 ἀμείλικτον
3033 1780 3111 1855 δὶ,
3165 1783 3290 1854 ἤτοι
3349 1783 3657 1859 ἀνένδοτον,
3713 1785 3810 1841 καὶ

2143 1868 2462 1944 ἀχαύνωτον
2473 1913 2484 1924 .

2215 1978 2576 2052 Ἐπιθυμίαν.
2627 1982 2753 2038 ’Ότι
2808 1983 2843 2050 ἡ
2905 1979 3166 2054 ἐπιθυμία
3223 1986 3330 2036 τῶν
3399 1987 3610 2053 νοητῶν
3665 1981 3807 2057 ἔρως

2142 2065 2372 2143 ἄσχετός
2407 2067 2516 2124 ἐστι
2547 2070 2670 2143 περὶ
2701 2069 2794 2125 τὸν
2827 2071 2981 2143 Θεὸν,
3017 2071 3149 2145 ὅπερ
3181 2069 3341 2127 καλεῖ
3373 2069 3588 2131 ἀϋλίαν.

2213 2265 2310 2320 Διά
2339 2267 2430 2320 τὸν
2464 2264 2661 2341 ἀμιγῆ.
2711 2266 2912 2342 Ἀμιγῆ
2968 2288 3100 2345 φησι
3149 2268 3241 2322 τὸν
3295 2269 3534 2344 καθαρὸν
3579 2269 3669 2324 καὶ
3724 2270 3807 2335 εἷς

2140 2352 2293 2409 οὐδὲν
2339 2350 2522 2430 ⁴ἕτερον
2580 2353 2944 2430 ἐσχολακότα·
2995 2357 3023 2410 ὁ
3052 2356 3152 2431 γὰρ
3204 2356 3333 2429 θείῳ
3383 2355 3544 2431 ἔρωτι
3584 2357 3807 2432 περιδε-

2140 2442 2443 2519 δραγμένος
2477 2441 2610 2506 ὅλος
2657 2443 2799 2500 ἐστὶν
2848 2443 3034 2514 αὐτοῦ,
3065 2443 3155 2500 καὶ
3207 2444 3282 2508 εἷς
3319 2445 3381 2500 τὸ
3414 2446 3601 2525 ἰφετὸν
3636 2448 3808 2522 μόνον

2136 2533 2491 2602 ἀνατείνεται,
2544 2532 2689 2609 παρᾶ
2736 2530 2972 2606 μηδενὸς
3021 2531 3375 2609 κωλυόμενος
3434 2531 3802 2610 μεταϐατικοῦ

2136 2622 2225 2676 καὶ
2285 2625 2601 2692 σωματικοῦ
2659 2619 2850 2697 λόγου.
2909 2621 3163 2697 ’Λλογίαν
3224 2621 3282 2678 δὲ
3326 2623 3619 2702 φάσκοντες
3659 2627 3799 2683 εἶναι

2138 2708 2188 2764 ἐν
2252 2715 2371 2772 ταῖς
2434 2710 2746 2782 ἀσωμάτοις
2819 2709 3047 2781 οὐσίαις,
3109 2713 3212 2767 οὐκ
3277 2713 3539 2785 ἀνοησίαν
3607 2715 3798 2781 αὐταῖς

2137 2793 2488 2873 ἐνυϐρίζομεν
2533 2797 2587 2854 ἐν
2624 2804 2704 2872 τῷ
2754 2797 2843 2855 διὰ
2892 2805 2998 2854 τῶν
3062 2800 3342 2857 λεοντείων
3408 2809 3654 2880 μορφῶν,
3703 2806 3797 2862 καὶ
3876 2838 3882 2844 -

2134 2891 2240 2942 τῶν
2278 2887 2551 2962 μοσχείων
2585 2887 2674 2942 καὶ
2717 2894 2824 2943 τῶν
2876 2888 3178 2963 όρνιθείων,
3214 2891 3290 2952 ὡς
3341 2890 3429 2946 ἐπὶ
3477 2897 3578 2947 τοῦ
3609 2893 3795 2964 ἀετοῦ,

2137 2975 2350 3052 ἀλόγων
2405 2975 2611 3038 τόπους
2666 2976 2754 3031 καὶ
2813 2973 3068 3050 σύμϐολα
3122 2979 3335 3054 λέγειν,
3396 2980 3618 3056 πρέπειν
3677 2989 3801 3049 τοῖς

2138 3063 2407 3141 οὐρανίοις
2456 3065 2743 3140 τάγμασιν,
2789 3062 2935 3120 ἀλλὰ
2995 3071 3272 3138 μυστικῶς
3326 3069 3388 3123 τὸ
3448 3067 3795 3147 ἐξηλλαγμὲ-

2134 3175 2226 3210 νον
2281 3157 2379 3209 τοῦ
2421 3155 2538 3208 κατ’
2599 3153 2833 3217 ἐκείνους
2892 3153 3123 3231 λνγικοῦ
3181 3157 3320 3232 πρὸς
3368 3158 3432 3213 τὸ
3479 3161 3600 3224 καθ’
3643 3162 3795 3234 ἡμᾶς

2139 3244 2501 3317 σημαίνομεν·
2575 3246 2740 3317 ἡμεῖς
2817 3243 2919 3320 γὰρ
2993 3246 3055 3299 τὸ
3134 3244 3361 3322 λογικὸν
3439 3254 3793 3327 παριστῶμεν

2136 3330 2224 3389 διὰ
2274 3337 2371 3388 τοῦ
2422 3339 2522 3404 τῆς
2552 3331 2806 3408 γλώττης
2837 3335 3147 3411 ὀργανικοῦ,
3179 3336 3271 3391 καὶ
3324 3341 3433 3393 τῶν
3463 3340 3792 3417 φωνητικῶν

2127 3422 2334 3492 τύπων,
2383 3422 2676 3487 τύπτοντες
2717 3424 2808 3478 τὸν
2851 3421 2980 3498 ἀέρα
3025 3428 3104 3497 τῷ
3155 3422 3501 3500 διαλεκτικῷ,
3551 3429 3642 3484 καὶ
3689 3436 3790 3487 τοῦ

2127 3511 2295 3586 λόγου
2347 3507 2760 3584 μεταϐαίνοντος
2809 3509 2860 3582 ἐξ
2891 3514 3054 3584 ἡμῶν
3099 3513 3176 3577 εὶς
3204 3516 3302 3578 τὰς
3344 3514 3452 3572 τῶν
3493 3517 3787 3594 ἀκροώμέο

2125 3621 2232 3654 νων
2289 3601 2454 3662 ἀκοάς
2508 3600 2568 3656 ἐκ
2615 3601 2869 3672 σώματος
2922 3599 2998 3662 εἷς
3051 3605 3254 3675 σῶμα,
3304 3606 3443 3669 καθά
3499 3627 3632 3682 φησι
3689 3611 3784 3665 καὶ

2126 3690 2153 3742 ὁ
2185 3691 2328 3752 θεῖος
2357 3687 2638 3751 Βασίλειος
2676 3687 2727 3744 ἐν
2775 3693 2857 3761 τῷ
2907 3689 3032 3754 περὶ
3079 3696 3197 3760 τοῦ,
3249 3693 3495 3770 Πρόσεχε
3549 3699 3782 3771 σεαυτῷ,

2126 3776 2299 3853 λόγῳ,
2333 3778 2443 3832 ἐκεῖ
2478 3775 2534 3833 δὲ
2581 3777 2689 3852 οὐχ
2733 3777 2927 3846 οὕτως,
2960 3777 3087 3834 ἀλλ’
3137 3779 3188 3835 ἐν
3242 3782 3528 3856 ἀσωματίᾳ
3569 3791 3784 3864 τυγχά.

2124 3887 2322 3939 νοντες,
2356 3868 2446 3921 καὶ
2495 3865 2572 3928 εἷς
2621 3865 2908 3938 ἀλλήλους
2941 3873 3252 3945 χωροῦντες
3289 3870 3380 3926 καὶ
3429 3874 3786 3952 ἀποχωροῦν·

2123 3977 2232 4026 τες,
2266 3957 2466 4018 παντὸς
2508 3952 2677 4030 λόγου
2727 3955 3050 4030 τρανότερον
3099 3959 3194 4022 τὰς
3249 3958 3517 4033 ἀλλήλων
3563 3968 3784 4037 νοήσεις

2121 4044 2560 4116 κατοπτεύοντες,
2593 4043 2870 4115 ἀλλήλοις
2899 4044 3079 4121 ὥσπερ
3110 4045 3480 4126 διαλέγονται,
3514 4050 3602 4109 διὰ
3625 4063 3784 4132 σιγῆς

2123 4135 2218 4189 τοῦ
2250 4132 2418 4211 λόγου
2452 4131 2830 4208 μεταδιδόντες
2865 4133 3142 4207 ἀλλήλοις

2192 4313 2529 4375 ’Λπόκλισιν.
2562 4315 2709 4373 Ἀντὶ
2738 4318 2836 4371 τοῦ
2866 4314 3172 4376 ἀπόνευσιν.

2189 4499 2277 4572 [α’]
2318 4489 2713 4552 Μεταϐατικοῦ.
2768 4490 3144 4558 Μεταϐατικὸς
3191 4497 3220 4552 ὁ
3280 4499 3550 4576 ἡμέτερος
3610 4500 3779 4581 λόγος

2118 4589 2146 4642 ὁ
2177 4587 2535 4665 προφορικὸς,
2575 4583 2649 4646 ὡς
2695 4584 2802 4640 ἀπὸ
2840 4589 2938 4640 τοῦ
2989 4582 3243 4660 λέγοντος
3293 4584 3587 4648 διαϐαίνων
3635 4597 3776 4671 πρὸς

346 4676 607 4747 corporei
639 4682 836 4733 autem
888 4678 962 4733 ad
1011 4677 1409 4733 differentiam
1459 4679 1744 4734 reconditi
1793 4681 1895 4736 10
1925 4680 2005 4751 (in

2139 4678 2204 4733 ὸν
2239 4675 2523 4731 ἀκούονταο
2558 4679 2876 4747 σωματικοῦ
2925 4672 2982 4729 δὲ
3024 4676 3161 4752 πρὸς
3207 4675 3630 4752 ἀντιδιαστολήν
3677 4667 3776 4740 τοῦ

345 4768 600 4834 mente);
632 4764 730 4821 hic
759 4764 919 4822 enim
967 4779 1157 4836 neque
1187 4781 1526 4837 corporeus,
1558 4782 1751 4838 neque
1781 4768 2002 4822 transi-

340 4852 517 4910 tivus.

412 4943 678 5002 Materiae.
736 4943 1101 4999 Vilissimam
1161 4942 1470 4998 materiam
1541 4943 1703 5014 dicit,
1761 4961 1997 5002 omnem

342 5035 615 5088 naturam
660 5032 887 5104 corpori
932 5031 1186 5088 similem
1219 5031 1276 5086 in
1328 5032 1504 5088 variis
1537 5033 1844 5105 speciebus
1874 5035 1997 5090 ani-

345 5122 522 5178 matis
553 5126 612 5177 et
637 5122 941 5191 inanimis,
974 5129 1030 5177 et
1061 5120 1326 5192 reliquis,
1359 5138 1392 5176 a
1421 5123 1532 5178 Deo
1562 5123 1632 5178 de
1663 5124 1946 5196 scriptam
1977 5143 1990 5193 ;

330 5211 750 5283 intelligibilem
774 5217 970 5268 autem
1001 5212 1254 5268 decorem
1281 5228 1406 5283 quae
1439 5212 1507 5267 de
1538 5213 1655 5269 Deo
1685 5214 1990 5281 dicuntur,

323 5315 580 5370 quorum
615 5302 941 5358 mediocres
969 5306 1025 5357 et
1054 5303 1337 5358 obscuras
1383 5301 1672 5374 imagines
1703 5303 1761 5359 in
1813 5305 1989 5360 rebus

318 5387 679 5461 invenimus,
715 5390 871 5448 sicut
921 5389 1269 5461 simpliciter
1317 5407 1462 5459 esse,
1497 5391 1709 5458 vivere,
1744 5392 1984 5462 sentire,

314 5480 371 5531 et
395 5476 638 5535 similia.
665 5479 829 5544 Quod
855 5483 1054 5535 autem
1077 5479 1324 5535 materia
1345 5480 1538 5536 omnis
1557 5497 1625 5536 ex
1657 5481 1774 5537 Deo
1806 5481 1987 5538 exsis-

315 5566 562 5624 tentiam
598 5567 1043 5637 babeat,nullus
1076 5568 1315 5642 sapiens
1347 5584 1537 5625 sermo
1569 5570 1935 5626 oontradicet
1967 5589 1980 5640 ;

2111 4763 2439 4830 ἐνδιαθέτου·
2493 4764 2650 4826 οὗτος
2703 4762 2805 4839 γὰρ
2861 4759 2985 4818 οὔτε
3035 4767 3376 4840 σωματικὸς,
3429 4767 3552 4826 οὔτε
3607 4794 3773 4846 μετα-

2111 4851 2355 4913 ϐατικὸς.

2180 4941 2493 5020 [β“Ῑ”Ἰ“λης.
2553 4941 2924 5014 Ἀτιμοτάτην
3003 4939 3144 5012 ὕλην
3209 4948 3339 5023 φησὶ
3419 4948 3520 5017 τὴν
3579 4971 3770 5022 σωμα-

2104 5032 2289 5102 τοειδῆ
2337 5035 2537 5088 ἅπασαν
2589 5029 2771 5108 φύσιν,
2820 5031 2958 5106 πρὸς
3007 5030 3236 5088 ποικίλα
3287 5032 3402 5101 εἷ’δη
3456 5033 3681 5114 ἔμψυχά
3709 5061 3771 5096 τε

2102 5122 2192 5178 καὶ
2244 5125 2450 5198 ἄψυχα,
2507 5121 2598 5175 καὶ
2655 5119 2829 5174 λοιπὰ
2889 5119 2992 5174 ὑπὸ
3053 5125 3189 5176 Θεοῦ
3249 5121 3764 5198 διακοσμηθεῖσαν·

2100 5212 2288 5286 νοερὰν
2345 5209 2402 5266 δὲ
2457 5209 2774 5285 εὐπρέπειαν
2834 5207 2900 5263 τὰ
2959 5210 3081 5282 περὶ
3144 5215 3281 5266 Θεοῦ
3343 5211 3636 5290 λεγὸμενα,
3688 5219 3765 5273 ὧν

2103 5300 2319 5376 μετρίας
2363 5300 2450 5354 καὶ
2503 5295 2748 5373 ἀμυδρὰς
2797 5295 3008 5359 εἷ’κὸνας
3060 5298 3111 5354 ἐν
3159 5305 3278 5362 τοῖς
3331 5301 3482 5358 οὗσιν
3515 5303 3764 5380 εὑρίσκο-

2102 5413 2220 5466 μεν,
2254 5392 2368 5445 οἷον
2424 5390 2488 5444 τὸ
2547 5385 2738 5451 ἅπλῶς
2794 5385 2951 5454 εἶναι,
3007 5388 3071 5442 τὸ
3125 5391 3242 5462 ζῇν,
3289 5391 3351 5446 τὸ
3395 5390 3762 5466 αἰσθάνεσθαι,

2093 5480 2182 5536 καὶ
2212 5481 2278 5534 τὸ.
2307 5478 2492 5552 ὅμοια.
2526 5478 2620 5551 [γ’]
2645 5477 2770 5534 Ὅτι
2817 5476 2912 5550 μὲν
2946 5474 3007 5530 ἐκ
3048 5481 3182 5532 Θεοῦ
3229 5478 3320 5534 καὶ
3367 5482 3402 5550 ἡ
3455 5478 3562 5554 ὕλη
3588 5492 3590 5494 ’
3615 5490 3762 5540 πᾶσα

2091 5569 2190 5638 τήν
2249 5567 2474 5643 ὕπαρξιν
2524 5563 2722 5642 ἔσχεν,
2784 5561 2963 5628 οὐδεὶς
3019 5565 3183 5643 σοφὸς
3259 5567 3475 5645 ἀντεριῖ
3536 5569 3705 5646 λδγρς
3740 5593 3754 5607 .

318 5654 470 5746 gerit
502 5660 700 5746 autem
750 5663 808 5715 et
837 5657 967 5730 ipsa
997 5658 1056 5712 in
1107 5657 1305 5730 seipsa
1355 5662 1725 5730 argumenta,
1758 5660 1915 5730 quod
1948 5677 1982 5718 a

2139 5657 2238 5735 ἑρει
2272 5656 2330 5713 δὲ
2357 5656 2446 5712 καὶ
2492 5656 2671 5746 αὐτὴν
2709 5653 2768 5746 ἐν
2805 5655 2971 5730 ἑαυτῇ
3019 5651 3298 5746 ἀποδείξας
3354 5661 3452 5714 τοῦ
3502 5657 3562 5715 εκ
3617 5666 3768 5746 Θεοῦ-

322 5740 439 5800 Deo
469 5744 547 5802 sit
575 5749 858 5818 producta
887 5750 945 5804 et
972 5751 1285 5816 exornata;
1321 5748 1517 5804 omnis
1547 5747 1729 5819 igitur
1760 5763 1830 5805 ex
1860 5764 1980 5806 ma-

2087 5746 2178 5804 καὶ
2229 5748 2514 5823 παρῆχθαι
2590 5745 2681 5803 καὶ
2746 5740 3263 5820 διακεκοσμῆσθαιί
3301 5750 3454 5804 fma
3508 5740 3660 5828 γοῦνἰ
