4134 6462
326 486 400 540 45
1041 489 1100 542 S.
1142 487 1420 544 MAXIMI
1459 488 1766 544 SCHOLIA
1804 488 1878 540 IN
1916 487 2052 542 LIB.
2096 492 2191 545 DE
2228 493 2548 552 C(ELESTI
2593 497 3061 552 HIERARCHIA.
3694 501 3764 555 46

329 603 471 676 ὕλης
505 603 869 679 διακόσμησις
932 604 1150 682 ἄμυδρά
1202 630 1327 665 τινα
1384 608 1473 665 καὶ
1534 604 1741 677 σκιώδη
1773 607 2000 682 ἆπηχή-

2120 614 2260 670 toria
2291 618 2606 690 descriptio
2629 620 2907 676 obscuras
2927 620 3216 692 quasdam
3248 625 3305 678 et
3335 622 3648 680 umbrosas
3670 623 3763 679 in-

333 716 480 768 ματα
532 699 640 750 τῶν
698 699 909 771 νοερῶν
969 693 1088 771 ἔχει
1123 717 1135 731 ο
1193 697 1377 772 ὥσπερ
1435 699 1538 775 γὰρ
1599 695 1882 768 ἐπιτήδεια
1937 697 2005 752 τὰ

327 785 496 862 νοερὰ
536 785 614 848 εἷς
661 782 979 862 ὑποδοχὴν,
1012 788 1086 849 ὡς
1140 786 1378 865 ἐφικτὸν,
1416 792 1524 843 τῶν
1567 785 1626 842 ἐκ
1678 791 1812 842 Θεοῦ
1868 805 2004 860 προ-

330 879 606 946 νοητικῶν
638 873 918 951 προόδων,
950 877 1042 930 καὶ
1082 878 1196 946 ζωή
1230 873 1376 948 ὄντα,
1414 882 1676 946 ζωοῦνται
1714 877 1861 950 παρᾶ
1905 879 2003 930 τοῦ

333 965 470 1037 ὑπὲρ
503 969 679 1019 πᾶσαν
733 965 880 1034 ζωήν
929 961 1131 1040 [ὄντος]
1183 965 1319 1021 Θεοῦ
1353 987 1365 998 θ
1399 965 1489 1021 καὶ
1532 963 1788 1039 δυνάμεις
1838 959 2002 1040 ἔχου-

331 1075 417 1107 σιν
477 1054 557 1116 εἷς
631 1053 940 1130 εὐεργεσίαν
1013 1054 1388 1130 ένεργητικάς,
1443 1056 1532 1111 καὶ
1609 1053 1820 1126 κίνησίν
1887 1073 2006 1108 τινα

335 1141 712 1217 ὗπερκόσμιον
746 1160 761 1175 ’
797 1142 942 1198 οὕτω
971 1143 1062 1199 καὶ
1113 1145 1181 1198 τὰ
1237 1142 1401 1200 ὑλαῖα
1430 1145 1607 1199 πάντα
1655 1143 1796 1216 ὁμοῦ
1827 1162 1886 1197 τε
1913 1141 2004 1196 καὶ

325 1231 470 1287 κατὰ
503 1233 694 1308 μέρος,
724 1233 824 1304 τήν
859 1252 920 1288 τε
966 1232 1234 1309 πρόνοιαν
1282 1237 1379 1288 τοῦ
1429 1237 1564 1288 Θεοῦ
1613 1230 1833 1294 οἰκείως
1883 1231 2002 1285 ἑαυ-

325 1326 449 1383 τοῖς
483 1318 762 1397 δέχεσθαι,
796 1319 1128 1394 ἐπιτηδείως
1173 1319 1420 1399 ἔχουσιν,
1451 1323 1542 1377 καὶ
1592 1326 1883 1392 ζιυοῦσθαι,
1915 1319 2005 1375 καὶ

331 1413 451 1481 ζωὴ
500 1410 746 1486 γίνεσθαι
816 1408 1090 1481 δύνανται,
1140 1413 1214 1475 ὡς
1281 1411 1344 1468 τό
1378 1431 1392 1446 ο
1445 1411 1784 1489 Ἑξαγαγέτω
1835 1413 1870 1480 ἡ
1930 1415 2001 1486 γῆ

330 1501 524 1576 ψυχήν
610 1504 782 1570 ζῶσαν
817 1519 831 1533 ·
892 1501 981 1557 καὶ
1057 1499 1210 1564 αὖθις
1247 1522 1259 1536 ·
1323 1501 1666 1576 Ἐξαγαγέτω
1720 1501 1788 1555 τὰ
1840 1497 2008 1554 ὕδατα

332 1589 534 1664 ἑρπετᾶ
581 1592 778 1665 ψυχῶν
829 1594 1019 1660 ζωσῶν
1059 1609 1072 1623 ·
1129 1588 1276 1646 ἀλλᾶ
1329 1590 1418 1645 καὶ
1480 1587 1733 1664 δυνάμεις
1791 1587 2006 1664 εὐεργε-

331 1678 487 1740 τικᾶς
513 1685 634 1742 τοῖς
664 1679 770 1734 ἀπὸ
813 1686 920 1755 γῆς
953 1681 1226 1750 πνέουσιν,
1261 1679 1336 1743 ὡς
1393 1677 1653 1750 δηλοῦσιν
1702 1675 1757 1733 ait
1810 1698 1868 1732 τε
1916 1674 2006 1731 διὰ

337 1769 581 1844 βοτανῶν
613 1769 706 1823 καὶ
755 1771 866 1824 τῶν
918 1768 1260 1842 μεταλλικῶν
1306 1767 1614 1848 ὠφέλειαι·
1665 1767 1755 1823 καὶ
1795 1767 2006 1837 κίνησιν

340 1855 398 1912 δὲ
421 1855 778 1929 κατάλληλον
809 1858 878 1913 τὰ
911 1857 1076 1914 ὑλαῖα
1104 1854 1221 1935 ἔχει
1251 1859 1352 1928 τὴν
1398 1858 1475 1922 εἰς
1525 1858 1731 1933 γένεσιν
1776 1858 2005 1932 προϊοῦ-

347 1968 436 2002 σαν
487 1946 580 2002 καὶ
637 1946 844 2025 φθοράν
875 1966 889 1979 ·
922 1950 1012 2003 καί
1070 1947 1218 2018 τάξιν
1272 1946 1488 2024 δέχεται
1545 1948 1647 2017 τήν
1705 1945 1852 2020 παρὰ
1905 1947 2003 1999 τοῦ
2035 1985 2082 2050 Β

349 2042 379 2050 -
448 2041 470 2050 -
563 2035 580 2050 ς
726 2047 739 2050 _
780 2041 802 2050 ..
851 2035 863 2050 ,
1180 2036 1193 2050 .
1273 2035 1288 2050 .
1430 2047 1441 2050 _
1616 2037 1626 2050 .
1821 2032 1995 2050 .-κη

342 2041 472 2092 Θεοῦ
561 2035 898 2101 ἑπιτεθεῖσάν
975 2056 1036 2092 τε
1107 2036 1198 2091 καὶ
1269 2035 1758 2110 έπιτεθησομένην.
1821 2032 2005 2090 Ἀλλὰ

335 2126 422 2181 καὶ
455 2126 783 2204 φωτίζεσθαι
835 2125 1043 2204 πέφυκε
1097 2123 1368 2202 παρουσίᾳ
1406 2130 1610 2200 νοερῶν
1667 2122 1948 2196 δυνάμεων
1985 2141 1998 2156 ο

334 2217 408 2276 ὡς
458 2213 548 2270 ἐπὶ
589 2219 691 2271 τοῦ
733 2216 874 2270 κατά
917 2217 1018 2285 τὴν
1068 2215 1351 2271 ἀνάστασιν
1403 2219 1501 2270 τοῦ
1543 2213 1749 2290 Κυρίου
1804 2213 2003 2288 ἀστρά-

333 2325 570 2370 πτοντος
600 2303 864 2381 ἀγγέλου,
894 2304 988 2360 καὶ
1039 2305 1370 2380 φωτίζοντος
1417 2306 1480 2360 τὸ
1527 2304 1811 2380 περιέχον.
1842 2304 2004 2377 Ἔχει

333 2391 394 2449 δὲ
443 2399 618 2450 ταῦτα
672 2396 708 2464 ἠ
767 2393 877 2466 ὕλη
941 2394 1252 2469 πάσχουσα,
1303 2393 1366 2450 ού
1427 2393 1535 2467 μὴν
1595 2394 1670 2456 ὡς
1724 2391 1792 2448 τὰ
1839 2392 2006 2466 νοερὰ

329 2485 663 2560 ἐνεργοῦντα
695 2501 709 2514 ·
769 2480 856 2538 διὸ
940 2483 1058 2539 κατ’
1117 2481 1346 2560 ἔσχατον
1433 2482 1715 2558 ἀπήχημα
1790 2479 2002 2555 λέγεται

328 2577 501 2628 ταῦτα
544 2566 698 2647 ἔχειν
732 2590 746 2604 ’
794 2571 850 2628 τί
903 2569 962 2627 δέ
1018 2571 1160 2627 ἐστιν
1211 2572 1491 2646 ἀπήχημα
1529 2565 1783 2646 ἔσχατον,
1816 2569 1868 2624 έν
1921 2572 2003 2640 τῷ

330 2665 465 2738 Περί
538 2661 699 2716 θείων
785 2660 1073 2735 ὀνομάτων
1147 2658 1299 2737 λόγῳ
1371 2659 1652 2738 σαφηνίσω
1709 2661 1754 2696 ²²
1810 2656 1862 2713 ἐν
1919 2677 2005 2712 κε-

329 2750 470 2826 φαλ.
506 2747 574 2807 δ’.

405 2932 511 2987 Καὶ
559 2935 669 2986 τῶν
712 2931 915 2987 αὐτῶν.
965 2929 1310 3004 Σημιίωσαι,
1343 2929 1419 2992 ὡς
1476 2933 1650 2984 πᾶσαν
1708 2928 1808 2997 τὴν
1864 2926 2002 2999 ὕλην

329 3021 397 3078 οὗ
455 3022 594 3091 φησὶ
650 3019 836 3097 νοεράν
866 3039 880 3054 ·
915 3020 1116 3076 οὐκοῦν
1175 3019 1266 3076 καί
1316 3020 1368 3074 οἱ
1409 3019 1626 3096 ἀστέρες
1653 3016 1861 3094 ἄψυχοι
1895 3036 1909 3048 ⁸
1943 3016 2004 3072 ού

327 3113 438 3188 γὰρ
498 3109 694 3186 ἔχουσι
743 3114 889 3167 νοῦν.
953 3109 1016 3168 Εἰ
1079 3109 1171 3165 καὶ
1220 3110 1287 3164 τὰ
1341 3107 1478 3164 αὐτὰ
1524 3107 1764 3183 ὀνόμοτά
1821 3128 2003 3186 φησιν,

326 3199 463 3257 ἀλλ’
518 3200 627 3278 οὐχ
683 3201 896 3275 ὁμοίως
950 3193 1327 3272 λαμϐάνονται
1361 3215 1376 3231 ·
1435 3197 1571 3273 πρὸς
1627 3199 1727 3267 τὴν
1774 3197 2008 3275 φυσικήν

327 3289 390 3347 δὲ
449 3288 706 3362 ἰδιότητα
749 3293 847 3346 τοῦ
899 3289 1264 3364 ὑποκειμένου
1311 3288 1402 3344 καὶ
1449 3286 1723 3364 ὁρίζονται
1773 3285 1863 3342 καὶ
1920 3307 2006 3342 νο-

326 3385 496 3438 οῦντα
505 3403 544 3440 ι.

403 3473 524 3544 §V.
574 3473 930 3545 Θεαρχικαῖς.
983 3469 1030 3505 ³³
1079 3467 1338 3524 ’[ὀυτέστι
1384 3470 1504 3530 τοῖς
1551 3466 1672 3540 περὶ
1730 3468 1866 3521 Θεοῦ
1915 3484 2006 3521 νο-

328 3563 365 3633 ή
377 3581 540 3634 μασι.

403 3654 527 3704 Τῶν
589 3647 932 3726 φαινομένων
1016 3644 1240 3718 τιμίων.
1313 3643 1632 3717 Σημείωσαι
1716 3641 1838 3697 τίνα
1905 3663 2008 3696 κα·-

337 3739 430 3795 λεῖ
484 3736 667 3811 τίμια,
719 3736 798 3799 ὡς
877 3733 1041 3805 ἥλιον
1091 3733 1180 3791 καὶ
1236 3733 1364 3795 τοὺς
1425 3733 1688 3804 ἀστέρας³
1744 3732 1834 3788 καὶ
1887 3729 2010 3786 τίνα

351 3829 508 3900 μέσα,
552 3831 660 3902 πῦρ
705 3825 798 3881 καὶ
849 3822 997 3900 ὕδωρ
1027 3843 1040 3857 ο
1091 3823 1182 3879 καὶ
1237 3821 1357 3878 τίνα
1400 3818 1623 3898 ἔσχατα,
1672 3821 1746 3883 ὡς
1796 3820 2004 3897 μύρον·

338 3916 429 3971 καὶ
481 3917 602 3972 τίνα
655 3913 845 3989 ἄτιμα,
905 3914 979 3977 ὡς
1022 3913 1187 3990 θηρία
1233 3913 1324 3968 καὶ
1386 3909 1681 3982 σκώληκας
1717 3931 1729 3943 ·
1773 3911 1861 3965 καὶ
1922 3909 2005 3965 ὅτι

330 4005 420 4062 ἐπὶ
469 4010 608 4062 Θεοῦ
649 4006 736 4061 καὶ
782 4004 850 4060 τὰ
896 4000 1148 4081 Θηριώδη
1209 3999 1467 4077 σύμϐολα
1526 3999 1761 4076 εἴρηται,
1792 4000 1885 4056 καὶ
1940 4000 2007 4057 τὰ

325 4095 379 4166 ἐξ
437 4095 582 4166 ὕλης
616 4115 628 4127 ·
686 4094 780 4150 καὶ
836 4094 907 4150 τὰ
960 4093 1121 4168 τίμια
1177 4089 1256 4161 δὲ,
1310 4093 1400 4148 καὶ
1459 4091 1530 4146 τὰ
1588 4091 1744 4165 μέσα,
1793 4090 1884 4146 καὶ
1940 4093 2007 4146 τὰ

326 4181 538 4258 ἄτιμα.

393 4273 630 4332 “Ηλιον.
687 4270 892 4330 ’Ἠλιον
945 4268 1301 4342 δικαιοσύνης
1356 4267 1656 4345 Μαλαχίας
1707 4268 1736 4323 ὃ
1787 4271 2005 4344 προφή-

317 4385 426 4434 της
461 4363 750 4436 ὀνομάζει.
785 4362 849 4420 '0
881 4357 940 4416 δὲ
971 4365 1116 4426 θεῖος
1153 4359 1354 4436 Πέτρος
1383 4357 1437 4416 ἰν
1490 4361 1560 4432 τῇ
1590 4356 1859 4432 καθολικῇ
1909 4356 2004 4412 αύ-

318 4457 428 4510 τοῦ
510 4449 821 4526 ἐπιστολῇ·
880 4452 1023 4515 Ἕως
1088 4450 1154 4505 οὗ
1240 4447 1533 4526 φωσφόρος
1612 4444 1867 4523 ἀνατείλῃ
1952 4445 2004 4502 ἐν

320 4547 448 4604 ταῖς
499 4537 758 4617 καρδίαις
815 4539 995 4614 ὑμῶν,
1055 4537 1142 4594 καὶ
1187 4537 1257 4592 τὰ
1312 4538 1436 4608 ἑξῆς
1471 4557 1484 4571 ο
1519 4536 1678 4598 οὗτος
1728 4537 1828 4612 γάρ
1860 4535 2000 4591 ἐστιν

325 4633 355 4688 ὁ
389 4633 532 4704 ἑῷος
587 4629 782 4702 ἀστήρ.
814 4629 876 4686 Ὁ
935 4626 995 4684 δὶ
1052 4629 1299 4697 Μωΰσῆς
1335 4645 1348 4658 ·
1385 4627 1472 4683 Ἐν
1532 4627 1602 4699 τῇ
1665 4625 1814 4702 βάτῳ
1869 4628 2001 4698 πῦρ,

2113 702 2576 776 telligentiarum
2599 709 2775 764 habet
2807 714 3009 776 notas;
3055 711 3553 780 quemadmodum
3605 712 3764 767 enim

2114 805 2180 845 ea
2223 809 2352 864 quae
2391 796 2732 869 intelligunt
2774 802 2909 868 apta
2958 803 3118 869 sunt,
3169 804 3452 870 quantum
3501 800 3655 868 licet,
3690 801 3762 856 ad

2115 884 2548 954 susceptionem
2611 887 2988 958 providarum
3037 904 3104 942 ex
3149 889 3264 944 Deo
3298 889 3762 962 processionum,

2115 974 2286 1041 atque
2312 989 2441 1029 cum
2470 974 2592 1030 sint
2621 975 2764 1046 vita,
2783 975 3155 1032 viviﬁcantur
3184 995 3218 1033 a
3247 977 3365 1033 Deo
3395 979 3498 1051 qui
3527 995 3764 1035 omnem

2112 1058 2292 1116 vitam
2326 1069 2583 1134 superat,
2602 1069 2659 1120 et
2683 1065 2905 1121 habent
2924 1065 3172 1122 virtutes
3203 1067 3274 1123 ad
3300 1067 3447 1123 bene
3467 1070 3765 1140 agendum

2115 1149 2462 1223 operativas,
2500 1156 2556 1208 et
2603 1159 2825 1210 motum
2861 1157 3181 1227 quemdam
3215 1156 3502 1213 terminos
3559 1157 3768 1213 mundi

2114 1235 2409 1294 inferioris
2441 1241 2851 1312 excedentem;
2889 1245 2968 1298 ita
2998 1246 3177 1300 etiam
3210 1243 3538 1300 materialia
3561 1245 3765 1302 omnia

2115 1328 2334 1398 pariter
2358 1335 2414 1385 et
2442 1330 2676 1387 divisim
2714 1334 2809 1387 Dei
2850 1333 3280 1404 providentiam
3314 1351 3418 1405 pro
3451 1338 3628 1406 captu
3657 1352 3767 1392 suo

2115 1419 2393 1489 accipere,
2428 1423 2565 1491 apta
2596 1425 2757 1488 sunt,
2774 1422 3081 1489 viviﬁcari,
3107 1427 3164 1478 et
3184 1424 3302 1479 vita
3334 1440 3464 1480 esse
3494 1428 3765 1495 possunt,

2115 1507 2200 1560 uti
2233 1507 2376 1563 illud
2411 1526 2424 1564 :
2461 1510 2729 1566 Producal
2759 1515 2906 1567 terra
2937 1514 3190 1567 animam
3219 1513 3494 1568 viventem
3542 1511 3654 1586 (0);
3708 1515 3769 1568 et

2115 1612 2353 1651 rursum
2380 1598 2730 1654 :Producant
2758 1616 2916 1671 aquae
2946 1599 3149 1670 reptile
3179 1602 3382 1656 anima
3403 1602 3637 1656 viventis
3658 1600 3766 1672 (p);

2115 1683 2234 1738 imo
2293 1685 2469 1741 etiam
2527 1688 2774 1744 virtutes
2819 1689 3102 1744 beniﬁcas
3151 1690 3400 1745 terrenis
3461 1688 3766 1758 exhalant,

2114 1774 2266 1829 sicut
2285 1775 2586 1832 declarant
2625 1779 2937 1834 commoda
2967 1795 3094 1850 qua;
3125 1779 3198 1834 ab
3229 1778 3429 1834 herbis
3458 1783 3516 1834 et
3559 1777 3768 1834 metal-

2113 1860 2242 1918 licis
2273 1864 3034 1939 capiuntur.Habentporro
3068 1867 3242 1924 etiam
3277 1867 3608 1924 materialia
3637 1884 3768 1923 mu-

2114 1955 2283 2007 tuum
2317 1953 2387 2008 ad
2419 1955 2858 2025 generationem
2904 1959 2961 2011 et
2986 1956 3422 2028 corruptionem
3473 1957 3768 2029 prodeun-

2115 2044 2234 2096 tem
2267 2047 2517 2109 motum,
2543 2047 2600 2098 et
2629 2043 2898 2098 ordinem
2944 2043 3242 2115 accipiunt
3285 2062 3319 2100 a
3363 2049 3474 2100 Deo
3523 2043 3769 2116 imposi-

2113 2133 2240 2184 tum
2270 2135 2328 2184 et
2357 2130 2805 2202 imponendum,
2829 2132 2931 2188 sed
2962 2136 3020 2188 et
3050 2131 3373 2189 illuminari
3406 2150 3440 2189 a
3462 2131 3772 2206 praesentia

2114 2217 2574 2291 intelligontium
2590 2221 2875 2275 virtutum
2895 2225 3034 2276 nata
3063 2227 3223 2292 sunt,
3257 2222 3766 2292 quemadmodum

2114 2310 2542 2364 resurrectione
2564 2308 2798 2364 Domini
2826 2315 3174 2366 coruscante
3197 2311 3404 2382 angelo
3427 2316 3484 2365 et
3510 2310 3765 2366 circum-

2113 2395 2270 2453 circa
2311 2396 2706 2453 illuminante.
2762 2399 2889 2453 Haec
2936 2403 3134 2454 autem
3161 2399 3336 2454 habet
3367 2398 3614 2454 materia
3658 2414 3768 2470 pa-

2112 2487 2289 2555 tiens,
2325 2503 2439 2541 non
2474 2501 2606 2542 vero
2638 2487 2793 2543 sicut
2823 2487 3220 2558 intelligentia
3253 2487 3766 2559 operativar,ideo-

2113 2591 2228 2648 que
2273 2577 2601 2632 secundum
2644 2581 2968 2632 extremam
2999 2576 3396 2632 resonantiam
3429 2591 3534 2632 seu
3567 2579 3769 2632 notam

2114 2665 2235 2720 haec
2266 2665 2482 2721 habere
2511 2665 2730 2721 dicitur
2762 2683 2774 2720 :
2810 2666 2952 2737 quid
2986 2682 3158 2738 porro
3206 2665 3284 2721 sit
3315 2665 3642 2721 resonantia
3669 2679 3773 2720 ex-

2111 2759 2289 2812 trema
2349 2755 2649 2828 explicabo
2702 2754 2763 2812 in
2818 2756 3007 2829 capite
3054 2759 3269 2829 quarto
3296 2754 3432 2811 libri
3462 2756 3536 2811 De
3563 2753 3775 2811 divini:

2113 2846 2451 2901 nominibus.

2184 2937 2251 2991 Et
2279 2937 2518 2991 easdem.
2541 2939 2693 2991 Nota
2719 2935 2878 2990 haud
2912 2950 3175 2990 asserere
3199 2932 3508 2989 materiam
3531 2947 3770 2988 omnem

2115 3040 2245 3082 esse
2275 3024 2638 3096 intelligendi
2688 3041 2986 3096 capacem,
3036 3024 3303 3094 adeoque
3348 3029 3406 3079 et
3451 3026 3612 3079 astra
3640 3022 3774 3078 ina-

2116 3115 2316 3181 nima;
2351 3130 2540 3186 neque
2564 3113 2722 3169 enim
2754 3117 3014 3170 mentem
3063 3112 3323 3168 habent:
3355 3111 3488 3167 etsi
3529 3110 3775 3167 nomina

2115 3202 2322 3258 eadem
2351 3202 2526 3272 dicat,
2559 3204 2660 3258 sed
2687 3219 2800 3258 non
2825 3200 3103 3258 similiter
3126 3199 3502 3272 accipiuntur
3525 3219 3539 3268 ;
3559 3204 3623 3255 at
3662 3215 3770 3271 pro

2120 3290 2372 3347 naturali
2424 3292 2781 3363 proprietate
2823 3290 3077 3362 subjecti
3107 3295 3167 3346 et
3195 3289 3566 3346 deﬁniuntur
3592 3292 3650 3344 et
3678 3289 3769 3344 in-

2118 3380 2486 3452 telliguntur.

2188 3469 2308 3538 §V.
2343 3471 2444 3526 Dei
2469 3469 2891 3541 principalibus.
2924 3471 3274 3542 Θεαρχικαῖς,
3298 3467 3410 3523 hoc
3439 3471 3526 3523 est
3553 3465 3770 3539 cogita-

2117 3559 2378 3615 tionibus
2410 3559 2480 3614 de
2515 3560 2650 3614 Deo.
3001 3607 3012 3609 _

2190 3650 2319 3718 Quae
2347 3655 2614 3720 apparent
2642 3649 2904 3719 pretiosa.
2936 3648 3084 3704 Nota
3115 3663 3389 3720 quasnam
3437 3649 3606 3703 vocet
3635 3662 3766 3717 pre-

2117 3738 2289 3807 tiosa,
2322 3737 2501 3794 veluti
2551 3737 2734 3793 solem
2781 3741 2840 3792 et
2889 3741 3096 3806 astra;
3147 3740 3206 3791 et
3248 3752 3517 3808 quaenam
3552 3734 3770 3803 media,

2118 3828 2273 3883 sicut
2297 3826 2494 3898 ignem
2522 3830 2580 3882 et
2609 3842 2824 3896 aquam
2848 3830 2907 3881 et
2938 3843 3205 3897 quaenam
3238 3828 3522 3893 extrema,
3556 3829 3620 3878 ut
3650 3841 3764 3878 un-

2115 3921 2422 3990 guentum;
2471 3922 2528 3972 et
2563 3932 2835 3987 quasnam
2878 3915 3042 3986 vilia,
3080 3915 3233 3971 sicut
3275 3913 3545 3970 Ilferas
3567 3916 3625 3968 et
3644 3928 3766 3968 ver-

2116 4022 2263 4074 mes,
2284 4010 2341 4061 et
2375 4006 2533 4077 quod
2573 4005 2644 4060 de
2679 4009 2792 4060 Deo
2823 4004 3093 4075 quaedam
3145 4003 3317 4076 signa
3346 4003 3606 4058 ferarum
3637 4018 3772 4073 spe-

2115 4095 2264 4152 ciem
2295 4094 2605 4152 referentia
2635 4094 2792 4150 dicta
2822 4098 2984 4161 sunt,
3003 4097 3061 4150 et
3083 4090 3417 4150 materialia
3435 4095 3494 4147 et
3513 4091 3772 4163 pretiosa

2115 4185 2315 4250 etiam,
2339 4187 2512 4254 atque
2544 4182 2736 4238 media
2767 4186 2825 4238 et
2845 4182 3004 4237 vilia.

2186 4274 2382 4330 Solem.
2409 4273 2590 4328 Solem
2613 4273 2852 4341 justitiae
2892 4270 3218 4328 Malachias
3253 4271 3538 4344 propheta
3567 4267 3770 4342 appel-

2114 4361 2254 4418 lavit
2275 4365 2372 4432 (q).
2404 4360 2644 4417 Divinus
2666 4365 2862 4416 autem
2888 4361 3096 4416 Petrus
3119 4359 3178 4415 in
3201 4359 3492 4416 catholica
3520 4374 3630 4413 sua
3646 4355 3774 4429 Epi-

2113 4450 2265 4508 stola
2297 4468 2309 4505 :
2345 4451 2522 4506 Donec
2551 4451 2751 4520 lucifer
2779 4451 3002 4506 oriatur
3029 4451 3088 4505 in
3119 4449 3376 4505 cordibus
3408 4446 3776 4519 vestris(r),ct

2113 4555 2240 4611 quae
2274 4542 2630 4609 sequuntur.
2681 4537 2785 4594 Hic
2830 4537 2991 4594 enim
3035 4543 3124 4594 est
3154 4538 3327 4594 Stella
3368 4536 3648 4592 matutina
3681 4534 3772 4607 (ε).

2114 4629 2343 4701 Moyses
2372 4633 2570 4684 autem
2598 4645 2610 4683 :
2634 4629 2800 4700 Ignis
2830 4627 2890 4682 in
2917 4627 3052 4683 rubo
3070 4628 3301 4682 minime
3329 4626 3655 4682 comburens
3677 4624 3767 4696 (t),

326 4719 523 4800 φησὶν,
579 4719 643 4774 ού
695 4722 1009 4786 κατακαῖον,
1050 4717 1080 4772 ὃ
1137 4715 1277 4772 ἰστιν
1329 4709 1589 4777 ἀϐλαϐως
1639 4714 1892 4794 φωτίζον.
1934 4715 1994 4772 Ὁ

2120 4718 2263 4791 quod
2291 4722 2398 4786 est,
2448 4719 2575 4773 sine
2597 4718 2814 4773 damno
2850 4715 3218 4772 illuminans.
3251 4715 3544 4771 Jeremias
3577 4719 3774 4769 autem

327 4808 389 4866 δὲ
439 4807 707 4883 Ἱερεμίας
759 4804 904 4882 ὕδωρ
955 4804 1100 4880 λέγει
1135 4823 1151 4838 θ
1207 4805 1340 4878 Ἐμὲ
1404 4802 1764 4880 ἐγκατέλιπον
1818 4805 2004 4879 πηγὴν

328 4897 532 4961 ὕδατος
569 4902 773 4967 ζῶντος
801 4915 813 4928 ·
849 4895 938 4953 καὶ
970 4893 1137 4951 ἄλλοι
1170 4891 1228 4950 δὲ
1285 4890 1433 4950 ἄλλα
1461 4914 1473 4927 ·
1520 4893 1611 4949 καὶ
1671 4895 1699 4948 ὁ
1759 4893 1956 4971 Κύριος
1990 4914 2003 4927 ·

328 4987 592 5062 Ηοταμοὶ
662 4986 720 5042 ἐκ
774 4992 875 5056 τῆς
951 4983 1170 5047 κοιλίας
1247 4983 1416 5038 αὐτοῦ
1473 4981 1752 5059 ῥεύσουσιν
1812 4980 2006 5045 ὕδατος

331 5084 542 5148 ζῶντος
579 5096 592 5108 ⁶
627 5077 656 5132 ὁ
688 5073 746 5131 δὲ
777 5074 1049 5148 Σολομῶν
1095 5073 1147 5129 έν
1179 5077 1259 5144 τῷ
1288 5074 1529 5144 ’ᾍσματι
1583 5075 1690 5127 τῶν
1745 5071 2003 5146 ᾀσμάτων

331 5167 514 5244 μύρον
575 5166 755 5244 φησί·
817 5163 1006 5240 Μύρον
1065 5161 1355 5225 έκκενωθέθ
1411 5156 1588 5234 ὄνομά
1636 5181 1752 5216 σου·
1805 5162 1891 5219 Ἐν
1949 5158 2006 5216 δὲ

319 5263 449 5321 τοῖς
480 5253 696 5313 δώδεκα
728 5254 1042 5332 προφήταις
1072 5251 1236 5322 Ὠσηέ
1290 5251 1380 5305 καὶ
1440 5248 1688 5325 Μιχαίας
1737 5252 1805 5305 τὰ
1850 5249 2002 5327 εἰρη-

2119 4823 2334 4878 aquam
2359 4807 2503 4861 dicit
2526 4823 2538 4863 :
2568 4813 2651 4864 Me
2677 4807 3033 4878 deliquerunt
3071 4807 3277 4877 fontem
3300 4819 3463 4876 aqua
3497 4804 3634 4860 vivae
3662 4802 3769 4873 (α),

2117 4899 2175 4952 et
2204 4895 2302 4953 alii
2333 4895 2467 4966 alia,
2520 4901 2576 4951 et
2635 4896 2916 4952 Dominus
2950 4913 2963 4951 :
2997 4897 3257 4950 Flumina
3313 4894 3376 4950 de
3417 4901 3607 4948 ventre
3652 4891 3774 4962 ejus

2115 4987 2288 5056 ﬂuent
2311 5000 2467 5058 aquae
2497 4985 2744 5058 vivae(v).
2768 4984 3039 5041 Salomon
3073 4990 3271 5040 autem
3297 4982 3355 5038 in
3375 4981 3613 5037 Cantica
3634 4995 3773 5035 can-

2117 5075 2388 5146 ticorum,
2451 5079 2816 5147 unguentum
2861 5074 3062 5129 dicit:
3129 5073 3481 5141 Unguentum
3540 5072 3776 5141 eﬂusum

2114 5179 2320 5218 nomen
2349 5171 2505 5218 tuum
2525 5163 2621 5234 (ξε).
2644 5163 2709 5217 In
2734 5162 3044 5219 duodecim
3070 5160 3401 5234 prophetis,
3426 5159 3573 5216 Osee
3591 5162 3649 5215 et
3665 5157 3773 5214 Mi-

2115 5252 2305 5308 chaeas
2337 5252 2523 5309 dictas
2557 5253 2665 5308 hoc
2694 5251 2822 5307 loco
2852 5251 3005 5307 feras
3057 5253 3372 5307 recensent
3417 5249 3478 5304 in
3523 5248 3597 5304 iis
3643 5263 3776 5318 qua

397 5412 481 5540 (ο)
511 5415 634 5468 Gen
665 5427 708 5475 1,
737 5409 830 5466 24.
907 5408 986 5552 Sp)
1015 5405 1162 5462 Ibid.
1192 5406 1284 5461 20.
1363 5405 1438 5477 (q)
1469 5405 1607 5475 Cap.
1639 5421 1717 5471 v1,
1750 5421 1805 5459 v.
1837 5404 1894 5459 2.
1973 5406 2003 5477 (λ

397 5486 411 5552 >
482 5499 562 5540 er.
595 5499 658 5552 11,
693 5483 781 5538 13.
861 5481 914 5552 (υ
965 5479 1136 5535 Joan.
1165 5493 1272 5549 vu,
1294 5475 1384 5534 38.
1463 5475 1542 5549 (ω)
1575 5475 1747 5532 Cant.
1778 5493 1820 5544 1,
1854 5477 1911 5532 2.

2120 5406 2126 5460 ζ
2171 5405 2320 5461 Petr.
2374 5419 2417 5467 1,
2469 5403 2556 5457 19.
2635 5405 2696 5474 (3)
2733 5406 2908 5473 Apoc.
2946 5418 3086 5472 χλιι,
3120 5401 3208 5455 16.
3286 5401 3344 5472 (ι)
3374 5401 3552 5455 Exod.
3588 5413 3686 5468 111,
3715 5399 3774 5452 2.

323 5475 414 5559 (αἱ
443 5475 562 5540 Jer.
595 5499 658 5556 11,
693 5483 781 5538 13.
861 5475 944 5552 (υ)’
965 5475 1136 5535 Joan.
1165 5493 1272 5549 vu,
1294 5475 1427 5534 38’."
1463 5475 1542 5549 (ω)
1575 5475 1747 5532 Cant.
1778 5493 1820 5544 1,
1854 5477 1911 5532 2.

1361 5627 1597 5686 VARI/13
1629 5628 2026 5687 LECTIONES
2049 5629 2152 5685 ET
2188 5627 2762 5705 GQRRECTIONES.

408 5755 458 5841 εξ
486 5749 915 5841 ἰσαφηνίοζαμεν,
943 5747 1352 5841 εφξιξριιίηιιιδ.
1427 5745 1474 5841 ’ξ
1525 5748 1843 5841 θεαρχικαῖξ
1889 5742 2292 5841 ἐκφαντορίαις,
2321 5742 2389 5799 τὰ
2441 5703 2564 5819 περὶ
2607 5703 2742 5798 Osci»
2789 5741 3042 5816 νοήματά
3100 5762 3280 5818 φησιν.
3313 5735 3782 5822 Θεαρχικάςμςθιι

339 5830 444 5888 Dei
469 5819 818 5902 prineipale':
847 5819 1276 5881 elnoidationes
1305 5820 1476 5877 vocat
1504 5819 1776 5876 notiones
1806 5819 1880 5874 de
1914 5819 2051 5876 Deo.
