4134 6460
361 440 428 494 47
1187 440 1554 493 APPENDIX
1593 439 1690 490 AD
1728 434 1970 489 OPERA
2004 434 2063 485 Β.
2104 431 2424 487 DIONYSII
2463 433 2968 489 AREOPAGITE.
3715 435 3788 490 48

352 565 428 622 de
464 569 576 620 Deo
611 563 1035 636 praedicuntur.
1068 562 1250 619 David
1297 567 1492 618 autem
1526 561 1723 633 ipsum
1753 573 2010 615 vermem

2144 555 2269 625 utve:
2316 551 2424 608 ὧδε
2499 555 2664 631 θηρία
2724 553 3113 633 καταλέγουσιν
3181 556 3235 611 έν
3291 561 3408 620 τοῖς
3465 559 3590 632 περὶ
3647 563 3786 615 Θεοῦ

360 655 504 710 dicit
535 669 546 707 :
586 656 701 726 Ego
730 671 848 710 sum
879 655 1090 709 vermis
1121 657 1172 708 et
1202 668 1315 708 non
1349 651 1509 707 homo
1541 650 1624 722 (y)
1669 665 1739 705 ex
1769 663 2017 720 persona

355 742 623 814 Domini;
673 747 777 799 aut
824 743 1018 815 ipsum
1071 743 1250 798 vermi
1301 738 1680 812 comparavit,
1729 742 2013 808 tanquam

356 831 599 888 minime
639 848 710 887 ex
752 832 975 887 semine
1024 831 1288 901 genitum
1330 829 1506 884 sicuti
1553 844 1692 895 nos;
1741 827 1842 882 sed
1889 825 2017 880 sine

363 921 626 977 semine:
664 920 845 976 veluti
878 936 1130 989 vermes,
1179 919 1281 991 qui
1331 935 1445 974 non
1481 934 1546 973 ex
1567 916 1792 973 semine
1841 930 2013 986 gene-

358 1013 585 1079 rantur,
636 1011 740 1065 sed
792 1025 860 1065 ex
906 1013 1062 1064 terra
1106 1013 1210 1065 aut
1241 1006 1589 1080 putredine;
1635 1004 1784 1060 illud
1810 1003 2014 1059 enim:

355 1100 469 1167 Ego
499 1115 622 1154 sum
651 1101 855 1154 vermis
882 1106 932 1154 et
961 1115 1072 1154 non
1119 1097 1298 1164 homo,
1331 1103 1615 1168 tanquam
1647 1112 1716 1151 ex
1768 1109 2019 1166 persona

358 1187 463 1244 Dei
495 1188 788 1243 incarnati
821 1186 1061 1255 dicitur,
1093 1187 1205 1243 etsi
1238 1203 1355 1242 non
1379 1185 1708 1241 secundum
1740 1182 2018 1238 divinita-

357 1280 540 1332 tatem
570 1277 860 1348 capiatur,
893 1277 996 1332 sed
1029 1276 1360 1332 secundum
1395 1279 1779 1346 apparentem
1824 1272 2018 1327 carnis

360 1364 778 1441 humilitatem.
849 1363 1175 1441 [Θεοσόφους
1220 1365 1405 1421 divine
1433 1367 1711 1432 sapientes
1740 1361 2019 1433 interpre-

357 1459 448 1509 tes
478 1454 620 1508 dicit
647 1454 990 1525 prophetas.
1029 1454 1355 1509 Simulacra
1385 1454 1543 1509 enim
1575 1453 1840 1524 quaedam
1874 1467 2018 1522 prse-

361 1543 525 1600 misit
555 1545 615 1599 in
649 1545 799 1600 libro
834 1545 907 1600 De
935 1544 1145 1601 divinis
1173 1544 1535 1610 nominibus].

435 1812 894 1869 Simulacrorum.
946 1813 1224 1877 Quaenam
1269 1811 1679 1884 signiﬁcentur
1720 1808 2020 1866 recondita

2123 645 2629 722 προφητευομένοις
2663 667 2674 678 ·
2729 646 2758 700 6
2810 642 2867 700 δὲ
2925 643 3087 702 Δαυὶδ
3141 644 3406 719 σκώληκα
3461 646 3618 703 αὐτὸν
3691 647 3784 705 λέ-

2121 751 2254 810 γει·
2308 735 2452 808 Ἐγώ
2529 734 2645 806 εἶμι
2723 734 2944 806 σκώληξ
3017 737 3106 790 καὶ
3187 736 3284 791 οὐκ
3363 735 3668 813 ἅνθρωπος,
3727 736 3788 794 ἐκ

2125 824 2424 898 προσώπου
2473 827 2569 878 τοῦ
2628 823 2832 898 Κυρίου
2866 826 2901 895 ἢ
2947 824 3196 896 σκωληκι
3248 826 3409 882 αὐτὸν
3441 826 3783 902 παρείκασεν,

2126 912 2199 973 ὡς
2253 913 2330 983 μή
2387 913 2492 967 ἀπὸ
2547 912 2856 985 σπέρματος
2882 915 3226 988 γεννηθέντα,
3260 915 3333 977 ὡς
3391 918 3556 988 ἡμεῖς
3591 936 3603 949 ·
3641 915 3787 972 ἀλλὰ

2127 1001 2438 1072 σπέρματος
2470 1001 2669 1076 χωρὶς,
2701 1003 2776 1064 ὡς
2831 1004 2887 1057 οἱ
2933 1003 3241 1076 σκώληκες,
3277 1001 3474 1066 οἷσινες
3525 1003 3623 1059 οὐκ
3677 1005 3785 1060 ἀπὸ

2127 1090 2435 1162 σπέρματος
2465 1091 2765 1162 τίκτοθται,
2795 1090 2922 1148 ἀλλ’
2961 1092 3068 1147 ἀπὸ
3116 1101 3219 1168 γῆς
3266 1094 3301 1162 ἢ
3352 1093 3458 1148 ἀπὸ
3516 1095 3734 1168 σήψεως
3766 1113 3781 1128 °

2125 1179 2187 1234 τὸ
2232 1180 2377 1253 γάρ·
2428 1179 2575 1253 Ἐγώ
2627 1180 2740 1253 εἶμι
2802 1179 3023 1254 σκώληξ
3077 1181 3167 1238 καὶ
3222 1181 3320 1237 οὐκ
3367 1180 3676 1256 ἅνθρωπος,
3709 1183 3786 1242 ὡς

2130 1267 2189 1322 ἐκ
2219 1269 2518 1344 προσώπου
2576 1273 2672 1323 τοῦ
2722 1269 3095 1343 σαρκωθέντος
3147 1275 3280 1326 Θεοῦ
3329 1269 3571 1346 λέγεται,
3602 1272 3646 1326 εἱ
3695 1270 3787 1326 καὶ

2133 1359 2210 1431 μή
2259 1357 2394 1412 κατά
2443 1358 2542 1426 τὴν
2598 1358 2832 1429 θεότητα
2863 1355 3304 1434 λαμϐανόμενον,
3341 1359 3486 1417 ἀλλά
3535 1359 3673 1416 κατὰ
3718 1359 3784 1415 τὸ

2130 1446 2456 1525 φαινόμενον
2515 1449 2770 1504 ταπεινὸν
2826 1456 2929 1520 τῆς
3006 1451 3224 1525 σαρκός.
3271 1449 3602 1525 [Θεοσόφους
3660 1451 3791 1505 ὐπο-

2130 1539 2304 1612 φήτας
2378 1535 2506 1598 τοὺς
2576 1541 2861 1616 προφήτας
2936 1540 3119 1618 φησίν.
3181 1540 3318 1598 Τινᾶ
3377 1540 3481 1616 γὰρ
3541 1538 3790 1614 ἀγάλμα-

2128 1648 2194 1682 τα
2250 1624 2358 1696 ἤδη
2413 1627 2827 1701 προπαρέθηκεν
2885 1628 2936 1684 έν
2981 1634 3063 1701 τῷ
3112 1629 3242 1704 Περὶ
3293 1629 3451 1693 θείων
3501 1628 3788 1702 ὀνομάτων

2131 1718 2587 1887 λόῖζργάλμάτων.
2637 1813 2766 1867 Τίνα
2830 1807 3094 1881 δηλοῦται
3173 1806 3565 1881 έναποκείμενα
3620 1807 3788 1884 ἀγάλ-

363 1901 705 1969 simulacra,
759 1902 1125 1958 declaratum
1158 1905 1249 1958 est
1279 1902 1337 1956 in
1389 1901 1538 1958 libro
1569 1902 1642 1957 De
1671 1901 1887 1956 divinis
1918 1915 2016 1956 no-

2144 1923 2296 1969 ιιατα,
2354 1908 2471 1964 τοῖς
2557 1899 2879 1978 λεγομένοις
2960 1898 3013 1954 ίν
3071 1902 3151 1970 τῷ
3213 1896 3341 1972 Περὶ
3373 1896 3529 1952 θείων
3585 1897 3790 1997 ὄναομά-

361 1992 628 2059 minibus,
658 1991 720 2046 in
752 1992 1042 2064 principio
1070 1991 1284 2063 capitis
1319 1991 1479 2046 noni.

439 2171 836 2239 Vestigiorum.
874 2170 1150 2226 Extrema
1203 2169 1304 2225 Dei
1355 2169 1733 2242 vestigiorum
1768 2169 1824 2224 in
1856 2186 2019 2226 crea-

367 2259 527 2316 tione
559 2259 702 2315 dicit
730 2275 859 2330 quae
909 2263 1083 2314 antea
1130 2259 1280 2313 dixit
1309 2260 1614 2315 vilisssima
1639 2261 2024 2315 materialium

371 2347 825 2420 descriptionum.
857 2347 1156 2412 Quomodo
1203 2353 1399 2404 autem
1451 2347 1572 2404 haec
1621 2349 1896 2404 dicantur
1925 2365 2022 2403 ex~

371 2439 629 2493 tremum
662 2436 996 2508 vestigium,
1040 2436 1221 2492 fuisse
1253 2454 1286 2492 a
1318 2437 1488 2493 nobis
1536 2437 1752 2494 dicitur
1785 2440 1842 2494 in
1874 2437 2022 2492 libro

368 2527 447 2584 De
475 2526 676 2582 divinis
704 2525 1037 2596 nominibus,
1071 2525 1258 2596 capite
1289 2527 1341 2582 4.

438 2634 562 2690 Nisi
587 2633 932 2704 deformitas.
965 2633 1275 2703 Deformis,
1319 2632 1583 2705 intellige
1624 2635 1878 2690 ferarum
1908 2635 2021 2690 for-

370 2739 531 2778 mam
563 2726 620 2778 et
649 2738 925 2794 pecorum
960 2721 1437 2789 similitudinem,
1481 2739 1658 2794 quam
1695 2725 1766 2778 de
1798 2722 2022 2795 angelis

369 2812 673 2882 Scriptura
695 2810 838 2866 dicit
866 2828 878 2866 :
907 2811 1050 2866 illud
1085 2816 1305 2879 autem,
1325 2813 1704 2883 declarativae,
1728 2812 2024 2884 signiﬁcat

371 2900 755 2956 manifestum
785 2900 1053 2955 facientis
1085 2915 1185 2955 seu
1219 2899 1707 2956 demonstrantis.

443 3006 862 3078 Angeli/ormes.
899 3006 1166 3062 Pulchrae
1196 3007 1537 3080 figurativas
1565 3006 2019 3071 delineationes;

374 3110 525 3166 quas
553 3093 710 3149 enim
740 3100 876 3150 ante
907 3095 1074 3162 dixit,
1124 3111 1238 3150 non
1291 3094 1609 3165 angelicas,
1659 3095 1759 3150 sed
1811 3096 2022 3166 angeli-

373 3185 576 3254 formes
606 3183 960 3251 nominavit;
1015 3201 1130 3238 non
1177 3183 1333 3236 enim
1389 3183 1645 3253 ipsorum
1680 3182 2021 3255 angelorum

2125 2013 2234 2046 των
2296 1989 2450 2068 λόγῳ
2522 1990 2574 2046 έν
2651 1993 2720 2064 τῇ
2795 1989 2944 2064 ἀρχῇ
3014 1991 3111 2042 τοῦ
3171 1993 3214 2050 θ’
3262 1985 3565 2064 κεφαλαίου
3633 1983 3791 2058 δεδή-

2129 2079 2325 2139 λωται.

2199 2170 2643 2246 Ἀπηχημάτων.
2677 2171 2923 2243 Ἔσχατα
2974 2170 3083 2222 τῶν
3139 2170 3236 2222 τοῦ
3285 2170 3419 2222 Θεοῦ
3479 2163 3791 2241 ἀπηχημά-

2130 2281 2235 2314 των
2269 2258 2321 2314 έν
2357 2257 2690 2334 δημιουργίᾳ
2721 2257 2909 2336 φησὶν,
2940 2256 2973 2310 ’ὰ
3021 2260 3276 2330 προεῖπεν
3338 2254 3637 2331 ἀτιμότερα
3681 2257 3790 2308 τῶν

2136 2347 2342 2405 ὑλαίων
2378 2346 2823 2421 διακοσμήσεων.
2865 2350 2985 2408 Ηῶς
3020 2342 3076 2399 δὲ
3123 2349 3292 2400 ταῦτα
3341 2343 3591 2421 λέγονται
3623 2339 3794 2418 ἔσχα-

2130 2459 2222 2493 τον
2279 2439 2580 2513 ἁπήχημα,
2615 2435 2668 2490 έν
2729 2440 2808 2508 τῷ
2859 2435 2991 2509 Περὶ
3051 2435 3212 2489 θείων
3273 2433 3558 2508 ὀνομάτων
3617 2431 3792 2508 λόγῳ,

2131 2525 2409 2602 κεφαλαίῳ
2440 2522 2503 2594 δ’,
2539 2524 2868 2601 λεχθήσεται
2899 2525 3037 2596 ἡμῖν
3069 2521 3432 2599 πλατύτερον.

2206 2633 2271 2688 Εἴ
2333 2636 2410 2704 μή
2467 2632 2530 2687 τὸ
2581 2629 2842 2694 δυσειδὲς.
2875 2630 2946 2685 T6
2998 2627 3236 2692 δυσειδὲς
3284 2631 3346 2685 τὸ
3404 2628 3786 2708 θηριόμορφον

2130 2722 2328 2792 νόησον
2374 2721 2464 2776 καὶ
2512 2718 2812 2791 κτηνῶδες,
2847 2720 2876 2774 ’ὁ
2925 2719 3050 2794 περὶ
3096 2723 3204 2774 τῶν
3257 2715 3508 2795 ἀγγέλων
3539 2719 3704 2796 φησὶν
3755 2719 3791 2786 ἡ

2133 2813 2317 2889 Γραφή
2357 2829 2370 2842 ·
2428 2811 2491 2865 τὸ
2549 2808 2607 2864 δὲ
2682 2809 3007 2887 ἐκφαντικῆς
3080 2807 3336 2882 σημαίνει
3403 2814 3503 2877 τῆς
3565 2826 3792 2885 φανερο-

2130 2905 2315 2971 ποιοῦ,
2348 2900 2515 2976 ἤγουν
2546 2906 2646 2969 τῆς
2677 2898 3055 2976 ἐκφαινούσης.

2205 3003 2618 3082 Ἀγγελοειδεῖς.
2707 3003 2905 3066 Καλῶς
2978 3006 3074 3067 τὰς
3156 3003 3427 3066 τυπικὰς“
3472 3002 3786 3079 εἶκονογρα-

2133 3097 2281 3174 φίας,
2346 3095 2407 3158 ἃς
2464 3095 2555 3150 καὶ
2612 3099 2894 3169 προεῖπεν,
2939 3093 3038 3149 οὐκ
3095 3091 3408 3169 ἂγγελικὰς,
3459 3089 3588 3147 ἀλλ’
3635 3090 3790 3169 ἀγγε-

2137 3183 2368 3247 λοειδεῖς
2400 3184 2681 3256 ὠνόμασεν
2720 3205 2732 3217 ·
2769 3182 2831 3238 οὗ
2875 3183 2976 3258 γὰρ
3033 3182 3208 3237 αὐτῶν
3261 3185 3367 3236 τῶν
3418 3179 3686 3255 ἀγγέλων,
3719 3181 3799 3244 ὡς

373 3272 531 3328 sicut
551 3275 712 3341 sunt,
744 3272 1034 3344 imagines
1065 3270 1312 3342 depictas
1341 3279 1500 3338 sunt,
1547 3273 1649 3327 sed
1703 3289 2023 3345 represen-

2144 3274 2297 3343 εἰσὶν,
2333 3275 2386 3328 αἱ
2447 3274 2650 3337 εἰκόνες
2706 3271 3013 3350 ἐγράφησαν
3049 3291 3061 3304 ’
3093 3269 3224 3327 ἀλλ’
3254 3268 3483 3350 ἔμφασίν
3508 3357 3515 3358 7
3537 3291 3660 3325 τινα
3717 3271 3802 3324 εἶ-

373 3360 657 3416 tationem
710 3359 972 3432 aliquam
1034 3359 1350 3415 eiﬁctionis
1392 3361 1593 3416 forma:
1653 3361 2026 3435 incorporeo-

375 3466 509 3505 rum
539 3450 783 3505 obscure
815 3448 1117 3515 exhibent,
1153 3449 1309 3505 sicut
1333 3449 1460 3522 ipse
1489 3452 1751 3522 seipsum
1785 3451 2033 3524 explica-

373 3538 479 3594 vit.

447 3629 549 3685 12
579 3629 994 3699 Deﬁniendum,
1030 3628 1125 3684 Gr.
1169 3625 1546 3704 ἀφορίσασθαι.
1598 3630 1911 3685 Consuevit
1941 3631 2032 3686 di-

375 3732 506 3772 cere
536 3714 895 3791 ἀφορίσασθαι
928 3717 999 3771 de
1027 3717 1100 3771 iis
1132 3733 1261 3788 quas
1293 3716 1571 3772 distincte
1591 3717 1958 3774 definiuntur
1979 3724 2036 3774 et

376 3803 790 3876 explanantur.

451 3912 836 3968 Arbitramur.
872 3910 1364 3966 Subaudiendum
1400 3909 1630 3982 οἷ’όμεθα
1665 3929 1677 3968 :
1711 3916 1777 3968 ut
1806 3914 1902 3984 sit,
1935 3931 2030 3970 ar-

379 4001 675 4056 bitramur
703 4000 1095 4056 hierarchiam
1147 4017 1278 4056 esse
1326 4003 1383 4057 et
1423 4001 1784 4058 arbitramur
1813 4003 2031 4060 hierar-

379 4090 523 4148 chas
554 4089 822 4162 quaedam
855 4089 1168 4145 commoda
1199 4089 1462 4162 accipere
1516 4107 1583 4146 ex
1632 4092 1814 4148 sacris
1859 4110 2028 4150 caere-

380 4179 618 4236 moniis.

448 4288 524 4342 Tu
551 4301 696 4356 vero,
719 4301 748 4342 ο
777 4285 882 4356 ﬁli.
916 4285 1218 4349 Quomodo
1270 4301 1524 4359 magnus
1570 4287 1888 4360 Dionysius
1938 4290 2029 4346 di-

371 4375 576 4432 vinum
606 4374 982 4428 Timotheum
1015 4378 1178 4430 vocet
1225 4373 1437 4442 ﬁlium,
1482 4378 1896 4448 quaerendum;
1931 4385 2032 4435 aut

374 4464 552 4535 enim,
598 4461 773 4518 sicuti
824 4463 1122 4531 existimo,
1164 4463 1276 4519 hoc
1325 4464 1406 4519 ait
1459 4463 1639 4520 veluti
1702 4469 2031 4538 provectior

369 4553 503 4625 ipso
536 4551 728 4617 annis,
762 4554 819 4607 et
849 4551 906 4606 in
940 4551 1315 4623 philosophia
1346 4553 1740 4627 excellentior,
1773 4557 1852 4612 ita
1878 4561 2026 4615 utab

2145 3361 2393 3425 δοποιίας
2468 3361 2771 3436 ἀσωμάτων
2851 3359 3296 3437 ὑπεμφαίνουσιν,
3350 3360 3424 3422 ὡς
3501 3357 3807 3434 ἐξηγήσατο

2145 3452 2306 3516 αὐτὸς
2341 3453 2552 3510 ἑαυτόν.

2219 3633 2632 3710 Ἀφορίσασθαι.
2692 3631 2768 3689 Τὸ
2824 3631 3183 3709 ἀφορίσασθαι
3260 3627 3419 3684 εἷ’ωθε
3475 3627 3654 3703 λέγειν
3715 3628 3810 3685 ἰπὶ

2143 3725 2250 3776 τῶν
2303 3718 2734 3796 διακεκριμένως
2793 3720 3129 3795 ὁριζομένων
3187 3718 3277 3774 καὶ
3328 3715 3808 3795 διασαφουμένων.

2215 3914 2478 3988 Οῗόμεθα.
2530 3914 2681 3972 Κατά
2727 3917 2914 3970 κοινοῦ
2975 3916 3039 3970 τὸ
3088 3915 3316 3990 οἷ’όμεθα
3349 3936 3361 3950 ·
3404 3915 3498 3973 (ίνα
3539 3916 3649 3990 εἴη,
3686 3917 3807 3974 οἰό-

2146 4016 2281 4078 μεθα
2335 4005 2617 4082 ἱεραρχίαν
2679 4005 2833 4078 εἶναι,
2893 4003 2984 4059 καί
3039 4026 3158 4061 τινα
3215 4004 3451 4080 οῗόμεθα
3511 4007 3807 4079 ὀνήνασθαι

2142 4095 2436 4168 [τουτέστιν
2469 4093 2701 4172 ὠφελεῖν
2754 4091 3034 4168 δύνασθαι]
3065 4094 3191 4158 τοὺς
3242 4096 3508 4172 ἱεράρχας
3557 4093 3646 4151 διὰ
3694 4100 3810 4152 τῶν

2141 4184 2303 4259 ἰερῶν
2331 4182 2589 4240 τελετῶν.

2213 4292 2289 4348 Σὺ
2344 4290 2421 4358 δὲ,
2455 4292 2499 4346 ὧ
2557 4296 2678 4347 παῖ.
2711 4295 2838 4354 Πῶς
2894 4289 3065 4346 παῖδα
3120 4290 3282 4348 καλεῖ
3331 4294 3422 4350 τὸν
3457 4298 3600 4359 θεῖον
3633 4293 3813 4366 Τιμό-

2141 4393 2257 4445 θεον
2294 4383 2321 4435 6
2358 4381 2525 4456 μέγας
2575 4380 2877 4449 Διονύσιος,
2905 4381 3168 4452 ζητητέον
3203 4401 3216 4416 ο
3265 4383 3303 4453 ἢ
3350 4384 3476 4460 γὰρ,
3510 4383 3586 4447 ὡς
3628 4381 3811 4456 οἶμαι,

2140 4471 2230 4525 ἅτε
2272 4464 2636 4544 προϐεϐηκὼς
2688 4470 2849 4524 αὐτὸν
2899 4475 3018 4534 τοῖς
3075 4469 3236 4544 ἔτεσι,
3286 4471 3446 4527 τοῦτό
3492 4493 3648 4549 φησι,
3709 4471 3809 4526 καὶ

2135 4563 2204 4633 τῇ
2255 4557 2554 4638 φιλοσοφίᾳ
2603 4561 2880 4635 προέχων,
2942 4560 3017 4624 ὡς
3064 4560 3154 4614 καὶ
3202 4563 3616 4638 προερωτᾶσθαι
3673 4579 3786 4634 παρ

373 4659 442 4698 eo
474 4644 888 4712 interrogetur,
913 4643 1441 4713 quemadmodum,
1476 4645 1576 4715 qui
1611 4662 1726 4717 prie
1754 4649 2023 4704 manibus

2144 4647 2322 4721 αὐτοῦ,
2378 4648 2517 4712 καθά
2576 4645 2745 4718 δηλοῖ
2796 4649 2864 4703 τὰ
2916 4648 3051 4721 μετά
3098 4653 3291 4726 χεῖρας
3345 4651 3748 4728 συγγράμματα
3782 4660 3799 4684 ⁶

371 4730 531 4800 libri,
555 4730 886 4800 declarant;
919 4731 1027 4786 etsi
1060 4731 1216 4786 enim
1242 4735 1375 4787 ante
1399 4733 1659 4789 divinum
1685 4735 2028 4809 Dionysium

372 4820 686 4876 crediderit
715 4824 966 4877 sanctus
1013 4819 1382 4891 Timotheus,
1416 4822 1571 4878 sicut
1620 4828 1763 4881 Acta
1794 4832 2024 4884 sancto-

370 4924 503 4963 rum
537 4909 941 4981 apostolorum
971 4906 1312 4980 declarant;
1356 4924 1561 4966 verum
1609 4929 1861 4985 magnus
1897 4916 2028 4972 Dio-

369 4998 576 5070 nysius
606 4997 808 5055 eratin
839 4999 1082 5069 profana
1113 4997 1429 5070 disciplina
1452 4998 1581 5072 ipso
1615 5005 1984 5073 praestantior
2012 5022 2024 5063 :

368 5091 470 5142 aut
501 5088 686 5142 filium
719 5088 914 5159 ipsum
950 5091 1136 5155 vocat,
1185 5091 1470 5159 tanquam
1501 5089 1792 5148 imitando
1825 5093 2027 5150 Domi-

367 5192 511 5231 num
545 5176 835 5233 dicentem
872 5192 884 5231 :
920 5176 1115 5244 Pueri,
1159 5176 1416 5247 nunquid
1441 5179 1883 5250 pulmentarium
1924 5184 2028 5238 ha-

369 5263 500 5321 betis
525 5264 630 5337 (2.)?
655 5264 743 5321 vel
792 5264 1064 5336 quoniam
1119 5280 1218 5321 eos
1263 5265 1364 5337 qui
1397 5266 1861 5344 simplicitatem,
1899 5289 2027 5345 quas

433 5445 514 5519 (y)
545 5443 698 5501 Psal.
730 5461 846 5517 xxr,
878 5444 934 5502 7.
1010 5444 1090 5518 (ε)
1119 5444 1291 5502 Joan.
1323 5463 1440 5518 xxx,
1472 5447 1528 5502 5.

2140 4738 2234 4794 κᾶν
2275 4738 2376 4815 γὰρ
2420 4738 2526 4814 πρὸ
2573 4741 2671 4792 τοῦ
2725 4739 2874 4802 θείου
2918 4738 3199 4794 Διονυσίου
3245 4738 3548 4796 ἐπίστευσεν
3582 4740 3611 4795 6
3643 4741 3802 4814 ἅγιος

2137 4827 2428 4900 Τιμόθεος,
2457 4828 2530 4887 ὡς
2592 4828 2647 4880 αἱ
2692 4826 2917 4902 Πράξεις
2967 4832 3075 4882 τῶν
3124 4827 3294 4904 ἁγίων
3339 4827 3664 4884 ἀποστόλων
3698 4825 3800 4899 δη-

2138 4916 2346 4990 λοῦσιν,
2379 4916 2506 4972 ἀλλ’
2540 4913 2631 4972 οὖν
2680 4916 2778 4985 τὴν
2830 4913 2930 4986 ἔξω
2980 4914 3226 4972 παιδείαν
3259 4917 3592 4990 ἱκανώτερος
3647 4918 3715 4986 ἦν
3768 4919 3801 4973 6

2144 5009 2312 5082 μέγας
2365 5004 2647 5068 Διονύσιος
2683 5024 2695 5036 ·
2752 5004 2788 5074 ἢ
2837 5003 3006 5060 παῖδα
3054 5003 3215 5061 καλεῖ
3260 5005 3439 5078 αὐτὸν,
3473 5008 3546 5069 ὡς
3599 5005 3804 5080 μιμού-

2144 5117 2303 5171 μενος
2355 5097 2446 5150 τὸν
2493 5095 2695 5171 Κύριον
2750 5093 2982 5170 λέγοντα
3012 5113 3024 5128 ·
3076 5093 3294 5165 Παιδία,
3333 5099 3407 5170 μή
3456 5119 3508 5152 τι
3557 5095 3806 5172 προσφά-

2139 5207 2258 5261 γιον
2317 5179 2510 5260 ἕχετε;
2563 5183 2598 5253 ἢ
2654 5180 2842 5254 ἐπειδὴ
2902 5182 3029 5247 τοὺς
3088 5185 3224 5240 κατά
3273 5187 3317 5222 ²⁴
3373 5186 3502 5241 Θεὸν
3576 5185 3805 5240 ἀκακίαν

2141 5276 2433 5340 ἀσκοῦντας
2491 5270 2690 5336 παῖδας
2755 5270 3010 5345 ἐκάλουν,
3067 5275 3144 5338 ὡς
3213 5275 3300 5331 καὶ
3362 5273 3572 5338 Παπίας
3633 5271 3808 5346 δηλοῖ

1359 5627 1601 5691 VARIZE
1641 5632 2038 5697 LECTIONES
2077 5637 2170 5698 ET
2206 5636 2767 5700 CORBECTIONES.

429 5753 478 5792 ³⁴
505 5748 614 5814 διά.
