4134 6394
367 410 441 468 ιο
1080 417 1140 470 8.
1180 416 1453 472 ΜΔΧΓΜΙ
1493 416 1804 473 SCHOLIA
1839 419 1916 473 IN
1953 418 2045 473 LII

2177 421 2227 474 Ε
2264 421 2516 478 C(ELES
2524 425 2595 478 ΤΙ
2633 427 3104 482 HIERARCHIA.
3737 427 3810 481 50

372 531 579 624 βιϐλίῳ
607 533 816 624 πρώτῳ
843 539 954 592 τῶν
988 538 1269 624 Κυριακῶν
1307 535 1644 613 ἐξηγήσεων,
1675 541 1766 594 καὶ
1798 538 2035 613 Κλήμης

2180 545 2476 602 ocundum
2511 547 2692 604 Deum
2725 552 2834 617 est,
2862 555 3369 618 exercent,pueros
3400 551 3798 624 appellabant,

370 627 400 680 ὁ
433 622 821 701 Ἀλεξανδρεὺς
854 625 907 682 ἐν
938 630 1020 698 τῷ
1052 623 1424 703 Παιδαγωγῷ.

441 892 721 964 Πληθύος.
773 893 920 970 Πρὸς
971 893 1032 948 τὸ
1085 890 1336 962 πληθύος
1388 894 1451 949 τὸ
1499 892 1712 965 ἐνοειδῆ
1768 894 2033 972 ἐπήγαγεο

363 983 435 1038 τὰ
489 984 586 1056 μὶν
631 983 732 1059 γὰρ
780 983 912 1059 ἅγια
961 984 1240 1038 ὲνοποιεῖ·
1295 983 1365 1038 τὰ
1411 980 1470 1038 δὲ
1530 979 1740 1059 βὲϐηλα
1787 985 1879 1039 καὶ
1932 992 2034 1054 τῆς

367 1073 645 1149 ἁμαρτίας
695 1067 824 1127 ὄντα
881 1071 958 1134 είς
1007 1069 1199 1127 πολλᾶ
1245 1069 1336 1127 διὰ
1386 1079 1487 1142 τῆς
1539 1070 1853 1146 διαιρέσεως
1885 1073 2034 1145 πλη-

367 1161 544 1227 θύνει.
594 1165 768 1217 Τοῦτο
813 1165 946 1237 γοῦν
975 1165 1065 1216 νῦν
1115 1160 1275 1218 καλεῖ
1321 1161 1562 1235 πλῆθος,
1608 1163 1673 1218 τὸ
1724 1164 1890 1219 οἱονεὶ
1945 1163 2036 1239 βέ-

369 1245 442 1322 ϐη
452 1250 553 1307 λον
565 1294 579 1308 .

878 1363 992 1414 ΕΙΣ
1019 1359 1113 1417 ΤΟ
1156 1361 1426 1417 ΚΕΦΑΛ.
1459 1360 1532 1417 Γ’.

441 1467 600 1522 ’Ἐστι
632 1464 726 1539 μὶν
755 1465 1034 1541 ἱεραρχία.
1066 1467 1230 1540 Ὀρος
1261 1464 1570 1541 ἱεραρχίας.

441 1561 530 1617 Ὠς
559 1552 797 1632 ἐφικτόν.
833 1555 925 1618 Ὧς
959 1552 1208 1612 δυνατον.

444 1732 884 1812 Τελεταρχικόν.
917 1735 1119 1811 Ἦγουν
1150 1733 1494 1791 τελειποιοῦν
1509 1737 1575 1792 ³⁵.

2148 633 2302 689 sicut
2330 639 2387 690 et
2418 635 2627 706 Papias
2657 637 2916 692 declarat
2945 638 3093 694 libro
3144 641 3334 710 primo
3391 641 3808 696 Dominicarum

2145 725 2568 794 expositionum,
2633 731 2690 782 et
2754 726 3023 782 Clemens
3095 727 3527 785 Alexandrinus
3577 730 3636 785 in
3684 732 3806 784 Pw-

2147 811 2378 882 dagogo.

2217 903 2586 959 Multitudine.
2620 904 2712 974 Τῷ
2742 906 3104 962 multitudine
3152 905 3214 960 τὸ
3268 909 3580 977 uniformia
3623 925 3804 980 oppo-

2147 991 2304 1060 suit;
2339 997 2541 1048 sancta
2589 995 2746 1049 enim
2815 1011 2999 1050 unum
3056 995 3324 1065 faciunt;
3378 997 3624 1068 profana
3669 1013 3803 1051 vero

2146 1085 2203 1136 et
2233 1097 2360 1151 quas
2394 1082 2612 1152 peccati
2637 1087 2796 1152 sunt,
2829 1082 2890 1138 in
2924 1084 3111 1139 multa
3142 1100 3244 1156 per
3275 1085 3623 1141 divisionem
3660 1085 3808 1140 mul-

2145 1167 2641 1241 tiplicantur.Hoc
2671 1170 2851 1243 igitur
2872 1189 3025 1228 nunc
3046 1173 3306 1246 appellat
3339 1173 3804 1244 multitudinem,

2145 1259 2302 1330 quod
2330 1258 2555 1316 scilicet
2583 1261 2923 1333 profanum.

2769 1367 2842 1423 IN
2882 1368 3042 1426 CAP.
3078 1369 3178 1425 III.

2221 1476 2314 1529 Bst
2342 1472 2564 1542 quidem
2593 1473 2934 1530 hierarchia.
2969 1475 3240 1531 Deﬁnitio
3272 1475 3638 1532 bierarchie.

2220 1562 2501 1630 Quantum
2545 1563 2632 1632 fas
2678 1566 2778 1631 est,
2841 1563 2937 1618 Gr.
2994 1563 3068 1624 ὡς
3119 1561 3359 1640 ἐφικτόν,
3405 1565 3560 1622 sicut
3610 1566 3806 1639 possi-

2148 1649 2287 1705 bile.

2223 1739 2394 1812 Origo
2433 1741 2811 1812 perfectionis,
2866 1740 2964 1797 Gr.
3010 1739 3420 1816 τελειαρχικὸν,
3472 1758 3573 1798 seu
3610 1742 3801 1814 perfe-

2151 1832 2312 1884 ctum
2349 1827 2590 1885 faciens.

455 1917 687 1992 Ἀμιγίς
725 1915 840 1972 ἐστι
888 1916 1153 1982 καθόλου.
1205 1917 1527 1992 Ὁμοιότης,
1563 1918 1650 1972 καὶ
1683 1916 1893 1990 ἱσότης,
1947 1917 2038 1973 καὶ

2218 1917 2566 1989 Impermista
2595 1920 2678 1973 est
2705 1919 2950 1974 omnino.
2991 1918 3357 1991 Similitudo,
3389 1923 3448 1976 et
3494 1919 3803 1992 aequalitas

379 2004 646 2077 ταυτότης
675 2005 741 2061 τὸ
787 2003 842 2062 ἓν
892 2005 985 2062 καὶ
1016 2005 1289 2080 ἑνοποιὸν,
1344 2008 1435 2062 ἅτε
1465 2005 1674 2063 ἁπλοῦν
1721 2006 1811 2063 καὶ
1845 2008 2041 2083 ἀμιγὲς

375 2095 469 2149 καὶ
529 2095 817 2151 ἀσύνθετον
882 2095 1154 2152 καλεῖται’
1229 2096 1490 2170 ἀνόμοιον
1551 2093 1646 2165 δὲ,
1696 2098 1785 2152 καὶ
1836 2094 2040 2166 ἄνισον,

374 2184 467 2239 καὶ
526 2183 842 2259 ἑτερότητα,
875 2184 966 2240 καὶ
1001 2185 1211 2259 μικτὸν,
1244 2187 1334 2240 καὶ
1365 2184 1417 2241 ἐν
1456 2180 1737 2260 μεταϐολῇ
1781 2187 1842 2242 τὸ
1873 2185 2042 2260 πρόσ-

376 2271 517 2327 υλόν
549 2295 703 2350 φασι.
737 2274 818 2332 Τὸ
849 2274 941 2330 οὗν
973 2270 1028 2330 ἓν
1063 2275 1092 2329 ὁ
1122 2275 1252 2337 Θεὸς
1285 2274 1456 2330 νοοῖτ’
1485 2271 1569 2329 ἃν.

448 2454 756 2517 Θιασώτας.
788 2451 986 2516 Θίασος
1042 2454 1136 2527 μὶν
1183 2455 1392 2529 κυρίως
1441 2454 1470 2508 ὁ
1520 2472 1713 2529 χορος.
1775 2455 2044 2518 θιασώτας

372 2541 434 2598 δέ
473 2541 705 2606 ἐνταῦθα
750 2541 882 2605 τοὺς
929 2543 1054 2619 περὶ
1099 2544 1168 2598 τὰ
1198 2547 1318 2608 θεῖα
1347 2542 1853 2621 ἀναστρεφομένους
1886 2563 2040 2620 φησι.

374 2629 731 2688 Διειδὲστατα
815 2632 910 2706 μὲν
997 2630 1249 2709 λαμπρὰ,
1318 2629 1546 2707 διαυγῆο
1607 2630 1930 2704 ἀκηλίδωτα
1988 2629 2045 2687 δὲ

375 2719 684 2798 ἆῤῥῦπωτα
700 2723 768 2779 ³⁸.

454 2901 823 2975 Ἐνεργῆσαι.
884 2903 1064 2956 Ταῦτα
1109 2900 1323 2974 νομίζω
1381 2896 1615 2973 δηλοῦν,
1662 2898 1745 2955 ὅτι
1806 2899 1868 2955 οὐ
1931 2901 2042 2976 χρή

375 3010 506 3045 τινα
552 2991 662 3044 τῶν
715 2988 767 3044 ἐν
819 2990 1078 3065 ἱερατικῷ
1112 2991 1308 3064 βαθμῷ
1357 2988 1813 3065 καταλεγομένων
1865 2989 2047 3062 μεῖζόν

376 3100 432 3134 τι
486 3085 587 3149 τῆς
643 3079 844 3140 οῗκείας
890 3079 1094 3152 τάξεως
1139 3083 1340 3133 ποιεῖν’
1382 3078 1527 3134 ἀλλὰ
1554 3079 1616 3134 τὸ
1646 3073 1946 3134 ἐπιϐάλλον
1977 3084 2048 3154 τῇ

378 3168 566 3241 οἶκείᾳ
623 3168 746 3241 ἀξίᾳ
807 3169 974 3244 μόνον
1033 3167 1270 3244 ἐνεργεῖν
1323 3165 1416 3222 καί
1471 3165 1830 3243 παραδιδόναι
1898 3165 2048 3224 διδά-

2153 2005 2499 2063 etidentitas
2523 2023 2706 2062 unum
2723 2012 2976 2063 etunum
2999 2008 3531 2079 faciens,tanquam
3555 2007 3806 2081 simplex

2153 2099 2212 2152 et
2241 2112 2388 2167 pura
2419 2101 2477 2150 et
2508 2097 2750 2152 minime
2781 2096 3112 2169 composita
3142 2096 3494 2169 appellatur.
3509 2097 3802 2154 Dissimile

2152 2203 2306 2253 vero,
2341 2191 2396 2240 et
2425 2185 2732 2257 inaequale,
2781 2192 2838 2242 et
2879 2186 3202 2253 diversum,
3250 2191 3308 2242 et
3359 2188 3627 2259 mistum,
3659 2188 3802 2244 etin

2154 2275 2481 2330 mutatione
2530 2275 2830 2332 materiale
2880 2276 3106 2332 dicunt.
3155 2275 3347 2332 Unum
3399 2276 3599 2350 igitur,
3648 2278 3806 2334 Deus

2155 2364 2543 2436 intelligatur.

2224 2454 2443 2510 Divinos
2470 2456 2562 2509 sui
2607 2459 2899 2522 consortes,
2951 2455 3048 2511 Gr.
3103 2454 3393 2517 θιασώτας.
3445 2454 3637 2518 Θίασος
3671 2474 3810 2528 pro-

2155 2544 2278 2616 prie
2309 2543 2547 2614 quidem
2580 2542 2797 2600 cborus
2825 2561 2839 2612 ;
2873 2544 3142 2606 Θιασώτας
3163 2549 3386 2616 autem,
3419 2545 3529 2602 hoc
3568 2546 3628 2600 in
3659 2545 3809 2612 loco,

2154 2649 2253 2689 eos
2293 2632 2394 2704 qui
2438 2633 2594 2688 circa
2636 2633 2836 2688 divina
2887 2640 3196 2690 versantur
3242 2635 3408 2691 dicit.
3469 2630 3814 2688 Διειδέστατα

2155 2722 2396 2794 quidem
2429 2721 2764 2793 splendida,
2798 2722 3118 2795 pellucida,
3147 2719 3474 2793 ἀκηλίδωτα
3503 2740 3660 2794 vero,
3693 2741 3809 2780 non

2157 2811 2416 2867 sordida.

2229 2900 2618 2971 Operarillaec
2640 2899 2894 2956 arbitror
2923 2899 3408 2972 declarare,quod
3442 2919 3556 2958 non
3582 2905 3810 2975 oportet

2157 2989 2417 3061 aliquem
2449 2990 2508 3044 in
2559 3004 2727 3044 sacro
2774 2989 2962 3059 gradu
3012 2989 3538 3046 adnumeratorum
3585 2990 3810 3062 aliquid

2159 3096 2340 3150 supra
2372 3079 2672 3150 proprium
2707 3079 2972 3134 ordinem
3001 3078 3224 3146 facere;
3259 3079 3358 3134 sed
3390 3085 3619 3135 tantum
3654 3080 3810 3152 quod

2159 3166 2404 3240 propriae
2427 3167 2716 3222 incumbit
2737 3166 3008 3240 dignitati
3031 3167 3346 3233 efﬁcere,et
3364 3169 3668 3226 docentem
3694 3172 3812 3226 tra-

386 3278 616 3325 σκοντα,
681 3258 755 3330 μὴ
818 3260 931 3331 μὴν
989 3255 1288 3332 ἐπιχειρεῖν
1327 3255 1406 3319 εἷς
1453 3258 1521 3312 τὰ
1583 3259 1714 3332 ὑπὲρ
1744 3258 1842 3326 τήν
1875 3257 2044 3328 ἀξίαν·

2177 3258 2329 3325 lere;
2364 3273 2477 3312 non
2510 3273 2640 3312 vero
2657 3273 2899 3312 manum
2915 3257 3225 3312 admovere
3247 3257 3319 3312 iis
3343 3259 3444 3313 13
3473 3275 3599 3329 qum
3624 3258 3815 3331 digni-

383 3350 551 3417 οἷον,
610 3345 740 3409 τοὺς
793 3341 1196 3422 πρεσϐυτερους
1253 3343 1547 3414 διδάσκειν,
1605 3347 1696 3401 καὶ
1753 3347 1814 3401 τὸ
1872 3343 2045 3421 δῶρον

2177 3350 2344 3402 μειθῐη
2376 3350 2661 3416 superant
2682 3345 2856 3400 sicuti
2890 3345 3259 3418 presbyteros
3281 3346 3571 3414 docere,et
3590 3348 3813 3402 donum

375 3435 801 3512 προσκομίζιιν,
863 3435 926 3491 οὐ
989 3437 1096 3508 μὴν
1129 3435 1220 3491 καὶ
1251 3441 1609 3510 χειροτονεῖν
1654 3433 1937 3497 διακόνους
1967 3433 2050 3489 δι-

381 3525 642 3597 δάσκειν,
704 3526 768 3580 οὗ
843 3526 954 3598 μὴν
1010 3523 1101 3580 καὶ
1163 3525 1475 3600 βαπτίζειν
1533 3523 1596 3578 οὗ
1648 3525 1752 3599 γὰρ
1813 3521 2050 3578 δώσουσι

380 3619 612 3686 Πνεῦμα
663 3614 843 3690 ἅγιον,
889 3615 966 3678 ὡς
995 3611 1124 3669 οὐδὲ
1171 3615 1200 3668 ὁ
1233 3611 1519 3675 Φίλιππος
1553 3611 1605 3667 ἐν
1664 3617 1784 3675 ταῖς
1817 3613 2047 3688 ΙῙράξεσι

382 3708 492 3759 τῶν
552 3702 726 3778 ἁγίων
758 3700 1104 3758 ἀποστόλων.
1151 3703 1180 3756 ὁ
1212 3699 1467 3763 διάκονος
1487 3720 1498 3733 ·
1532 3697 1678 3756 ἀλλὰ
1713 3703 1852 3775 μήτε
1881 3722 2049 3777 προσ-

392 3792 587 3870 φέρεινο
618 3791 712 3847 καὶ
744 3791 921 3854 οὕτως
953 3790 1165 3869 ἐφεξῆςο
1199 3787 1346 3846 ἀλλὰ
1387 3787 1477 3844 καὶ
1507 3789 1635 3852 τοὺς
1681 3787 2049 3864 τελουμένους

381 3884 448 3939 τὰ
478 3883 795 3953 καθήκοντα
831 3879 996 3955 μόνον
1029 3881 1310 3957 πράσσειν,
1357 3877 1452 3934 ’ίνα
1503 3879 1832 3958 φυλάττοιτο
1862 3879 2047 3944 καλῶς

378 3973 443 4028 τὸ
473 3971 628 4046 παρᾶ
653 3974 734 4042 τῷ
764 3969 896 4043 θείῳ
925 3968 1151 4042 Παύλῳο
1181 3971 1448 4032 Ἕκαστος
1479 3967 1532 4024 ἐν
1562 3969 1607 4042 ᾧ
1659 3967 1868 4040 ἐκλήθη
1919 3970 2048 4045 βαθ-

386 4061 478 4134 μῷ
514 4080 610 4132 μεν
619 4059 744 4115 ἐτωο

451 4147 844 4224 Τελεταρχίας.
877 4145 1140 4205 Τουτέστι
1175 4144 1534 4210 τελειώσεως.

448 4325 672 4400 Τάξεσι.
713 4325 866 4384 Κατὰ
909 4325 973 4381 τὸ
1023 4322 1284 4401 διάφορον
1311 4326 1413 4400 γὰρ
1444 4325 1535 4380 καὶ
1581 4319 2054 4398 ὑπεραναϐεϐηκὸς

371 4420 488 4473 τῶν
524 4413 752 4487 τᾶξεων,
780 4414 872 4471 καὶ
899 4415 964 4470 τὸ
993 4413 1419 4488 ἐπιστημονικὸν
1454 4414 1592 4470 εἶναι
1624 4411 1725 4472 δεῖ.

455 4591 918 4669 Κεκληρωμένων
977 4595 1012 4664 ἡ
1089 4591 1415 4655 τελείωσις.
1498 4591 1816 4666 Σημείωσαι
1869 4591 1952 4656 τίς
2009 4595 2042 4663 ἦ

2157 3435 2385 3504 offerre,
2421 3451 2532 3489 non
2567 3439 2760 3489 autem
2796 3433 3090 3488 ordinare.
3131 3433 3421 3491 Diaconos
3454 3436 3814 3504 docere,non

2160 3529 2356 3579 autem
2387 3523 2563 3578 etiam
2596 3522 3048 3594 baptizare.Non
3082 3522 3239 3578 enim
3272 3523 3499 3579 dabunt
3527 3523 3812 3595 Spiritum

2159 3619 2457 3680 sanctum,
2491 3612 2646 3668 sicut
2678 3628 2866 3683 neque
2899 3611 3206 3684 Philippus
3238 3612 3622 3680 diaconus,in
3657 3614 3817 3669 Actis

2158 3707 2498 3759 sanctorum
2566 3702 2968 3773 apostolorum
3003 3717 3016 3755 :
3051 3701 3154 3756 sed
3189 3718 3304 3757 non
3355 3702 3532 3758 etiam
3581 3703 3809 3769 oﬂ'erre,

2158 3795 2216 3848 et
2244 3792 2325 3847 ita
2353 3789 2649 3862 deinceps,
2690 3790 2792 3846 sed
2825 3794 2881 3846 et
2924 3789 3213 3861 perfectos
3275 3807 3402 3863 quae
3454 3791 3631 3847 ofﬁcii
3677 3797 3812 3848 tan-

2158 3885 2286 3937 tum
2320 3885 2460 3936 sunt
2489 3880 2700 3946 facere,
2735 3884 2799 3935 ut
2828 3878 3193 3935 custodiatur
3240 3879 3389 3936 bene
3440 3879 3584 3936 illud
3620 3883 3812 3938 sancti

2159 3969 2325 4026 Pauli
2359 3987 2373 4026 :
2411 3971 2787 4042 Unusquisque
2819 3971 2876 4024 in
2926 3985 3030 4040 quo
3079 3973 3304 4024 vocatus
3351 3975 3430 4025 est
3470 3971 3656 4042 gradu
3686 3987 3808 4026 ma-

2159 4064 2287 4117 neat
2315 4059 2414 4131 (a).

2233 4149 2619 4205 Ordinationis
2665 4147 2956 4219 principii,
3005 4145 3103 4202 Gr.
3149 4141 3530 4220 τελεταρχίας,
3580 4147 3690 4204 hoc
3721 4151 3812 4204 est

2160 4237 2559 4311 perfectionis.

2235 4327 2552 4384 Ordinibus.
2587 4324 2924 4381 Secundum
2957 4324 3347 4381 differentiam
3379 4325 3558 4395 enim,
3591 4329 3648 4382 et
3669 4325 3815 4381 emi-

2162 4415 2424 4473 nentiam
2457 4414 2733 4470 ordinum
2767 4413 2945 4470 etiam
2992 4413 3213 4469 sciendi
3247 4413 3592 4471 facultatem
3620 4415 3815 4472 inesse

2162 4509 2412 4577 oportet.

2233 4595 2455 4663 Eorum,
2487 4593 2584 4664 qui
2612 4590 2864 4646 ordinem
2913 4592 3099 4646 sortiti
3136 4598 3288 4656 sunt,
3331 4593 3613 4663 perfeetio.
3665 4591 3817 4651 Nota

373 4687 491 4739 τῶν
545 4660 823 4760 ἱεραρχιῖιν
879 4660 1187 4753 τελείωσις,
1214 4681 1306 4738 καὶ
1336 4686 1455 4745 πῶς
1488 4686 1621 4738 Θεοῦ
1670 4682 1773 4737 εἶσι
1803 4682 2044 4760 συνεργοὶ

2177 4700 2283 4756 [usa
2315 4683 2393 4738 sit
2437 4660 2861 4753 episcoporum
2910 4680 3210 4752 perfectio,
3265 4660 3344 4736 et-
3370 4660 3665 4752 quomodo
3717 4682 3816 4739 Dei

375 4774 523 4830 κατᾶ
551 4774 645 4828 τὸν
679 4775 821 4830 θεῖον
856 4769 1219 4832 Ἀπόστολον.

456 4865 576 4933 Τὴν
629 4863 774 4927 θείαν
823 4862 1119 4938 ἐνέργειαν.
1178 4859 1441 4919 Τουτέστι
1497 4859 1566 4916 τὰ
1612 4864 1710 4916 τοῖν⁹
1738 4865 1872 4917 Θεοῦ
1919 4858 2054 4937 ἔργα

381 4951 481 5007 καὶ
531 4951 692 5007 αὐτὸν
741 4950 1127 5029 ἐργαζόμενον,
1177 4952 1515 5026 σοφίζονται,
1573 4948 1908 5020 τελειοῦντα,
1964 4951 2056 5006 καὶ

2159 4773 2280 4829 sint
2309 4775 2719 4843 cooperatores
2751 4771 3079 4828 secundum
3113 4768 3376 4825 divinum
3407 4769 3671 4826 Paulum.

2235 4863 2492 4917 Divinam
2520 4861 2910 4932 operationem.
2945 4859 3063 4915 Hoc
3093 4862 3182 4914 est
3212 4858 3410 4930 ipsum
3441 4875 3676 4931 quoque
3717 4861 3818 4918 Dei

2167 4967 2344 5023 opera
2371 4953 2736 5022 operantem,
2766 4949 3095 5012 decentem,
3128 4947 3549 5018 perﬁcientem,
3568 4952 3629 5004 et
3659 4947 3819 5005 simi-

380 5042 458 5096 τὰ
489 5042 681 5113 ὅμοια,
740 5041 816 5104 εἷς
874 5039 1004 5103 τοὺς
1063 5036 1634 5115 παιδαγωγουμένους
1665 5040 1800 5094 κατὰ
1831 5037 2045 5114 δύναμιη

2177 5041 2252 5096 lia
2279 5039 2338 5095 in
2370 5039 2443 5094 iis
2473 5037 2575 5110 qui
2609 5038 2897 5094 docentur
2926 5053 3030 5109 pro
3060 5035 3285 5092 viribus
3315 5035 3642 5094 facientem.

391 5130 809 5205 ἐργαζόμενον.

485 5217 721 5289 Ἐπειδῆ
776 5219 950 5290 τάξις.
1002 5217 1323 5293 Σημείωσαι
1377 5217 1478 5286 τήν
1509 5215 1654 5290 τάξιν
1706 5217 1797 5272 καὶ
1854 5207 1928 5273 τὸ
1971 5222 2071 5284 τῆς

2254 5217 2390 5273 Cum
2417 5217 2570 5274 ordo.
2599 5217 2748 5272 Nota
2777 5215 3042 5272 ordinem
3069 5217 3127 5270 et
3154 5213 3494 5271 hierarobia
3517 5216 3825 5286 perfectio-

395 5307 705 5384 ἱεραρχίας
764 5306 1136 5382 ἀποτέλεσμα,
1191 5306 1280 5362 καὶ
1309 5307 1392 5360 δτι
1450 5304 1580 5369 τοὺς
1635 5305 1962 5381 προσιόντας
1993 5305 2045 5362 δε

2185 5323 2343 5371 nem,
2394 5310 2454 5362 et
2483 5306 2638 5378 quod
2689 5306 3032 5362 accedentes
3081 5307 3309 5376 oportet
3351 5303 3541 5375 primo
3589 5307 3831 5379 purgari

376 5402 611 5472 πρῶτον
645 5395 1000 5472 καθαίρεσθαι
1048 5399 1119 5470 τῇ
1176 5391 1502 5466 διδασκαλίᾳ
1555 5397 1668 5449 τῶν
1731 5391 2044 5472 διαιρετικῶ

2189 5395 2457 5453 doctrina
2499 5410 2704 5452 eorum
2755 5411 2884 5466 quas
2951 5391 3271 5449 dissolvere
3331 5397 3551 5464 queant
3609 5395 3831 5466 peccati

471 5553 558 5621 (α)
595 5551 616 5607 Ι
645 5554 784 5606 ('or.
815 5566 918 5619 vn,
948 5550 1041 5605 24.

1419 5646 1662 5704 νΑΒΙιΕ
1699 5647 2109 5706 LECTIONES'
2135 5649 2231 5706 ET
2271 5644 2818 5705 CORRECTIONES

475 5766 530 5804 ⁸⁸
561 5761 964 5824 τελειοποιοΰν.
1043 5763 1090 5802 ³⁸
1119 5757 1353 5841 ἅρῤυπα.
