4134 6394
326 367 396 423 51
786 340 803 354 °
1161 355 1524 412 APPENDIX
1559 355 1658 410 AD
1695 350 1937 407 OPERA
1971 349 2030 404 s.
2068 346 2388 404 moust
2427 351 2940 411 AREOPAGITB.
3690 354 3767 412 52

332 487 777 545 oommistiones
803 502 818 555 ;
845 481 1057 539 deinde
1091 477 1375 536 illustrari
1409 493 1510 550 per
1540 473 1935 547 cognitionem
1965 487 1996 524 ιι

2130 473 2208 535 τῆς
2241 469 2508 547 ἁμαρτίας
2567 473 2950 552 συμφόρσεων·
2988 476 3104 530 εἶτα
3135 471 3458 554 φωτίζεσθαι
3498 477 3567 550 τῇ
3616 476 3766 553 γνώ-

341 578 460 635 Deo
509 577 934 648 inspiratarum
963 570 1400 642 Scripturarum
1433 567 1490 620 in
1525 562 1772 620 decretis
1801 561 1873 616 de
1903 557 2007 616 Dei

343 667 692 740 cognitione,
725 667 783 720 et
813 666 938 718 tum
987 660 1188 733 perﬁci
1240 654 1702 730 regenerationis
1751 651 1999 707 lavacro.

410 845 513 901 Hos
541 842 762 916 quidem
790 841 1084 896 illustrari.
1112 837 1261 894 Nota
1293 835 1450 907 quod
1497 829 1814 889 illustratio
1849 845 1995 901 pra-

349 934 520 990 cedat
551 934 935 1004 baptismum.

932 1045 1140 1101 Divina
1173 1041 1414 1099 beatitas

484 1162 714 1228 purgat,
1042 1151 1316 1215 illustrat,
1620 1145 1856 1218 perﬁcit,

340 1246 559 1303 docens
589 1248 869 1312 mentem,
931 1257 1173 1298 sursum
1202 1240 1447 1308 ducens,
1497 1237 1685 1293 Deum
1715 1233 2000 1291 efﬁciens.

934 1358 1142 1414 Divina
1177 1355 1406 1411 beatitas

483 1468 765 1539 purgatio,
1005 1464 1334 1532 illustratio,
1575 1458 1857 1531 perfectio.

919 1601 1142 1657 Divina?
1172 1597 1451 1654 beatitatis

345 1691 655 1750 hierarchw
711 1691 841 1764 qui-
1058 1686 1364 1745 hierarchis
1393 1688 1576 1742 autem
1606 1683 1836 1755 subjecti

2115 577 2191 611 σει
2252 560 2360 612 τῶν
2421 561 2794 623 θεοπνεύστων
2863 568 3092 641 Γραφῶν
3135 565 3202 620 τὰ
3252 563 3377 640 περὶ
3438 564 3767 642 θεογνωσίας

2115 643 2384 724 δόγματα,
2413 651 2499 706 καὶ
2533 651 2656 708 τότε
2692 651 3032 719 τελειοῦσθαι
3089 658 3168 728 τῷ
3198 661 3298 726 τῆς
3352 651 3766 731 παλιγγενεσίας

2113 733 2352 814 λουτρῷ.

2184 826 2318 890 Τοὺς
2353 829 2448 902 μὲν
2495 830 2840 907 φωτίζεσθαι.
2890 833 3232 908 Σημείωσαι,
3266 831 3349 890 ὅτι
3399 833 3462 890 τὸ
3509 835 3769 913 φώτισμα

2111 916 2218 990 πρὸ
2247 922 2344 972 τοῦ
2379 919 2753 994 βαπτίσματός
2786 921 2950 979 ἑστιν.

2647 1038 2711 1096 Ἦ
2742 1037 2857 1103 θεία
2889 1038 3234 1114 μακαριότης

2149 1141 2416 1218 καθαίρει,
2818 1146 3063 1221 φωτίζει,
3497 1144 3730 1218 τελειοῖ,

2113 1225 2440 1286 διδάσκουσα
2761 1234 2821 1290 ἀν
2831 1237 3056 1312 ἀγουσα,
3415 1246 3583 1302 θεοπο
3592 1241 3770 1296 ιοῦσα.

2647 1350 2710 1404 Ἥ
2742 1349 2860 1406 θεία
2893 1350 3227 1430 μακαριότης

2217 1452 2496 1532 κάθαρσις,
2767 1459 3050 1536 φωτισμὸς
3067 1506 3084 1533 ,
3351 1456 3657 1521 τελείωσις.

2558 1576 2674 1643 Τῆς
2717 1575 2863 1638 θείας
2907 1571 3314 1652 μακαριότητος

2114 1678 2167 1732 οἱ
2203 1678 2296 1752 μὶν
2334 1677 2516 1756 ἱεράρ-
2948 1682 3002 1738 οὶ
3034 1679 3092 1738 δὶ
3123 1681 3574 1758 ἱεραρχοόμενοι,

2301 1789 2375 1834 αι,

417 1783 696 1942 βοῒ-ἔξελε,
828 1867 888 1922 hi
921 1866 1163 1939 quidem
1265 1864 1365 1921 isti
1395 1880 1527 1920 vero
1558 1862 1630 1917 il-
1705 1861 1789 1917 illi
1810 1864 2005 1918 autem

2184 1787 2527 1932 καθῗίιρουσι,
2641 1859 2693 1914 οἱ
2723 1859 2817 1933 μὶν
2850 1880 2943 1914 κα·
3051 1860 3105 1914 οὶ
3137 1858 3195 1916 δὲ
3221 1858 3386 1939 φωτί-
3497 1860 3555 1915 οἱ
3607 1857 3664 1915 δὶ
3692 1880 3779 1916 τε-

415 1959 738 2026 illustrant,
817 1959 1190 2029 purgantur;
1268 1954 1619 2022 lustrantur;
1698 1951 2005 2024 perficiun-

2187 1947 2506 2025 φωτίζουσι,
2644 1947 2942 2024 θαίρονται,
3057 1954 3260 2021 ζονται,
3473 1949 3770 2008 λειοῦνται.

417 2047 744 2121 perﬁciunt
775 2063 789 2102 :
1704 2048 1820 2098 tur.

2183 2036 2476 2095 τελειοῦσι.

418 2133 578 2197 Νοός.
616 2135 813 2192 Ionica
853 2151 1000 2192 usus
1053 2137 1146 2190 est
1177 2131 1429 2190 dialecto
1462 2131 1490 2186 ὁ
1521 2134 1666 2201 νοῦς,
1714 2134 1810 2185 τοῦ
1858 2131 2004 2201 νοὸς,

348 2223 401 2279 οἱ
430 2223 572 2285 νόες.
606 2225 819 2280 Dicunt
848 2224 1008 2280 enim
1041 2223 1242 2289 Attici,
1275 2221 1303 2275 ὁ
1334 2224 1480 2288 νοῦς,
1514 2223 1610 2275 τοῦ
1638 2223 1755 2286 νοῦ,
1787 2225 1844 2276 et
1875 2221 2002 2292 plu-

346 2315 552 2372 raliter
583 2313 632 2368 οἳ
659 2317 768 2382 νοῖ,
799 2316 906 2367 τῶν
943 2315 1072 2379 νῶν,
1104 2317 1164 2368 et
1193 2307 1354 2365 νοισί.

419 2405 449 2479 §
480 2405 580 2461 III.
627 2408 720 2460 14
750 2403 1102 2474 Expiatores.
1129 2402 1246 2457 Hoc
1278 2400 1405 2456 loco
1439 2401 1510 2456 de
1538 2399 1687 2473 ipsis
1715 2400 2007 2473 episcOpis

347 2493 506 2566 agit;
542 2494 602 2548 in
635 2491 1104 2564 praecedentibus
1135 2491 1203 2545 de
1235 2489 1307 2547 iis
1338 2489 1436 2562 qui
1468 2491 1761 2562 episcopis
1791 2487 2010 2545 subditi

349 2586 491 2638 sunt
533 2581 806 2649 locutus;
854 2579 1158 2636 declarans
1203 2585 1259 2635 et
1303 2579 1558 2645 ordines,
1607 2585 1664 2635 et
1712 2578 2006 2650 quomodo

362 2673 677 2744 expiatores
707 2669 947 2742 quidem
972 2668 1280 2725 inferiores
1310 2669 1452 2736 sint,
1494 2668 1648 2724 sicut
1675 2667 1715 2722 ii
1747 2667 1847 2740 qui
1878 2667 2008 2722 dia-

352 2760 520 2817 bolos
553 2759 1031 2831 adjurationibus
1082 2759 1358 2828 ejiciunt;
1410 2757 1778 2814 illuminativi
1807 2760 2005 2812 autem

351 2850 687 2921 superiores
720 2848 988 2904 doctrina
1019 2849 1322 2914 sint,sicut
1357 2846 1680 2920 presbyteri
1703 2845 2005 2900 etdiaconi

349 2940 643 3012 perfectivi
673 2941 866 2994 autem
903 2937 1020 2992 sint
1049 2936 1089 2990 ii
1120 2937 1219 3008 qui
1245 2953 1348 3008 per
1370 2935 1732 3007 baptismum
1757 2934 2008 3006 implent

351 3027 572 3099 Spiritu
604 3032 832 3093 sancto,
865 3027 1366 3098 quemadmodum
1406 3023 1684 3094 episcopi.
1722 3023 1871 3078 Dicit
1902 3041 2006 3078 au-

354 3121 474 3173 tem
507 3117 710 3172 eadem
743 3115 895 3170 infra
924 3114 1071 3170 libro
1103 3115 1176 3171 De
1207 3112 1532 3169 hierarchia
1552 3113 1932 3169 ecclesiastica.

2186 2127 2349 2189 Νοός.
2383 2129 2635 2190 Ἰωνικῶς
2675 2127 2949 2204 ἐχρήσατο
2981 2127 3010 2182 ὁ
3034 2132 3181 2199 νοῦς,
3230 2133 3328 2185 τοῦ
3359 2129 3508 2198 νοὸς,
3543 2129 3596 2184 οἱ
3625 2127 3771 2191 νόες·

2116 2215 2243 2294 φασὶ
2275 2217 2377 2292 γὰρ
2405 2218 2457 2271 οἱ
2490 2217 2748 2284 Ἀττικοὶ,
2780 2218 2808 2272 ὁ
2838 2221 2988 2288 νοῦς,
3017 2221 3115 2273 τοῦ
3134 2222 3230 2274 νοῦ
3260 2218 3350 2274 καὶ
3380 2218 3773 2289 πληθυντικῶς

2117 2307 2169 2360 οἱ
2199 2311 2306 2372 νοῖ,
2336 2310 2443 2360 τῶν
2477 2310 2607 2374 νῶν,
2638 2305 2728 2360 καὶ
2756 2305 2915 2362 νοισί.

2190 2397 2349 2466 §lli.
2401 2394 2788 2468 Καθαρτικοός·
2841 2396 3099 2451 Ἐνταῦθα
3153 2396 3278 2472 περὶ
3335 2400 3442 2452 τῶν
3493 2396 3774 2472 ἱεραρχῶν

2122 2483 2299 2540 αὐτῶν
2359 2505 2512 2560 φησι,
2571 2484 2637 2538 τὰ
2698 2484 2807 2559 πρὸ
2853 2484 3060 2540 τούτων
3091 2485 3356 2561 περὶτῶν
3409 2486 3775 2564 ἱεραρχουμὲ-

2118 2595 2224 2628 νων
2287 2571 2477 2646 εἰπὼν,
2534 2569 2870 2648 παραδηλῶν
2903 2574 3109 2638 καὶτὰς
3154 2576 3349 2648 τάξεις
3378 2573 3485 2636 ,καὶ
3517 2574 3670 2638 ὅπως
3720 2577 3772 2632 οἱ

2121 2663 2214 2734 μὲν
2275 2663 2590 2738 καθαρτικοὶ
2653 2657 3058 2734 ὑποϐεϐήκασιν
3091 2708 3105 2734 ,
3174 2664 3250 2729 ὡς
3324 2665 3377 2719 οἱ
3453 2665 3772 2742 ἰπορκισταὶ

2117 2748 2289 2814 ὄντες·
2347 2752 2398 2807 οἱ
2460 2749 2517 2807 δὲ
2571 2753 2887 2830 φωτιστικοὶ
2919 2747 3355 2826 ἐπαναϐεϐήκασι
3411 2758 3480 2830 τῇ
3515 2751 3772 2810 διδασκα-

2117 2837 2233 2912 λίᾳ,
2292 2842 2406 2895 οἷον
2464 2842 2515 2895 οἱ
2545 2837 2899 2918 πρεσϐύτεροι
2932 2842 3022 2897 καὶ
3056 2843 3108 2897 οἱ
3137 2840 3402 2898 διάκονοι⁸
3447 2844 3499 2898 οἱ
3529 2841 3588 2898 δὶ
3615 2842 3773 2900 τελε-

2117 2931 2384 3004 σιουργοὶ,
2435 2932 2486 2985 οἱ
2531 2935 2610 3002 τῷ
2667 2931 2997 3006 βαπτίσματι
3052 2931 3368 3006 Πνεόματος
3421 2931 3772 3010 πληροῦντες

2118 3020 2296 3094 ἁγίου,
2348 3021 2421 3082 ὡς
2461 3021 2512 3074 οἱ
2561 3019 2870 3076 ἐπίσκοποι.
2917 3022 3079 3096 Λέγει
3128 3018 3185 3076 δὲ
3213 3025 3383 3078 ταῦτα
3409 3023 3498 3077 καὶ
3533 3025 3681 3078 κάτω
3712 3020 3768 3080 ἐν

2116 3113 2195 3181 τῷ
2227 3107 2356 3184 Περὶ
2388 3107 2844 3180 ἐκκλησιαστικῆς
2875 3111 3165 3186 ἱεραρχίας
3195 3109 3372 3186 λόγῳ.

420 3207 770 3262 Naturaliter
798 3212 850 3262 et
875 3204 1384 3277 supernaturaliter
1430 3202 1638 3257 insunt.
1682 3205 1843 3268 Quod
1897 3222 1998 3260 na-

2189 3203 2442 3260 Φυσικῶς
2526 3199 2616 3253 καὶ
2703 3201 2991 3275 ὑπερφυῶς
3055 3199 3258 3256 ἐνόντα.
3327 3202 3452 3258 ’Ότι
3529 3201 3771 3278 φυσικῶς

348 3295 625 3354 turaliter
655 3300 712 3350 et
742 3293 1272 3366 supernaturaliter
1292 3291 1472 3347 insint
1501 3309 1626 3364 quae
1658 3293 1728 3348 ad
1754 3293 2007 3351 salutem

351 3383 653 3441 illustrare
692 3384 940 3456 possint.
979 3381 1223 3439 Pulchre
1269 3385 1468 3438 autem
1521 3383 1787 3440 ordinem
1830 3402 2008 3442 sacra

353 3474 711 3546 operationis
745 3472 1152 3529 ecclesiasticas
1185 3471 1534 3542 explanavit,
1571 3478 1634 3528 ut
1689 3475 1878 3546 primo
1909 3476 2010 3546 qui

355 3561 429 3617 ad
460 3562 724 3617 divinum
758 3561 1056 3633 baptisma
1085 3560 1373 3615 accedunt
1403 3562 1633 3633 purgati
1681 3562 2011 3620 valedicaut

353 3651 574 3706 mundo
602 3667 615 3717 ;
650 3657 853 3722 postea
885 3649 1154 3704 doctrina
1183 3647 1579 3716 illustrantur,
1605 3651 2009 3706 sacerdotibus

350 3740 424 3795 ad
456 3739 565 3793 hoc
597 3738 924 3806 institutis;
961 3737 1108 3792 tales
1151 3741 1349 3792 autem
1389 3739 1748 3808 purgativos,
1799 3739 2010 3810 dignos

347 3843 478 3883 esse
509 3827 610 3899 qui
641 3827 776 3882 aliis
807 3826 1182 3883 sanctitatem
1216 3827 1675 3897 communicent,
1710 3833 1888 3898 atque
1933 3829 2010 3883 ita

352 3920 558 3988 postea
601 3915 908 3988 episcopos
959 3914 1296 3986 baptizare;
1331 3915 1491 3986 ipsos
1544 3915 1702 3972 enim
1752 3916 2011 3988 appellat

343 4007 694 4080 perfectivos.
747 4008 914 4059 Hunc
967 4009 1163 4058 autem
1233 4004 1502 4059 ordinem
1565 4005 1862 4061 custodire
1908 4022 2008 4062 ne-

351 4110 516 4151 cesse
545 4097 655 4150 est.

993 4199 1064 4255 IN
1098 4199 1256 4256 CAP.
1289 4201 1365 4256 IV

419 4319 448 4385 §
491 4316 534 4371 I.
580 4316 659 4371 Ad
705 4314 1178 4371 communionem.
1230 4317 1380 4372 Nota
1433 4316 1723 4372 rationem
1773 4321 2012 4390 propter

352 4423 532 4479 quam
570 4412 718 4462 Deus
748 4406 946 4462 omnia
970 4407 1340 4477 produxit,ut
1372 4407 1693 4479 unicuique
1719 4425 1852 4463 eum
1872 4426 2006 4480 pro-

352 4495 618 4568 portione
649 4497 721 4551 de
753 4512 862 4551 sua
893 4496 1154 4551 bonitate
1185 4496 1687 4568 communicaref;
1721 4498 1827 4553 hoc
1850 4500 2006 4554 enim

2117 3289 2206 3344 καὶ
2266 3289 2552 3366 ὑπερφυῶς
2611 3284 2781 3344 ἔνεστι
2836 3290 2902 3344 τὰ
2958 3289 3094 3365 πρὸς
3127 3287 3400 3366 σωτηρίαν
3445 3292 3776 3366 φωτιστικά.

2121 3377 2312 3442 Καλῶς
2365 3376 2422 3433 δὲ
2469 3379 2566 3448 τὴν
2607 3379 2754 3449 τάξιν
2807 3375 3097 3458 διεσάφησε
3153 3386 3252 3450 τῆς
3311 3379 3777 3452 ἑκκλησιαστικῆς

2118 3468 2445 3545 ἱερουργίας,
2501 3470 2615 3522 οἷον
2667 3465 2760 3523 Ἱνα
2813 3471 3032 3544 πρῶτον
3091 3469 3143 3524 οἱ
3189 3468 3613 3544 προσιόντεςτῷ
3643 3469 3775 3545 θείῳ

2124 3558 2458 3632 βαπτίσματι
2517 3557 2928 3613 ἀποτάττωνται
2986 3557 3394 3634 καθαιρόμενον
3453 3560 3565 3615 εἶτα
3595 3561 3774 3638 φωτί-

2121 3652 2319 3716 ζωνται
2347 3650 2416 3720 τῇ
2451 3643 2776 3719 διδασκαλίᾳ
2803 3651 2909 3702 τῶν
2942 3641 3322 3724 πρεσϐυτὲρων
3353 3647 3429 3710 εἰς
3476 3653 3639 3704 τοῦτο
3671 3670 3775 3705 πε-

2117 3736 2460 3807 ποιημένων·
2525 3737 2808 3800 τοιούτους
2866 3733 2924 3791 δὶ
2981 3737 3110 3792 εἶναι
3170 3736 3300 3792 τοὺς
3351 3737 3778 3814 καθαρτικοὺς²⁷

2118 3823 2296 3894 ἀξίους
2327 3827 2423 3878 τοῦ
2475 3821 2801 3895 μεταδοῦναι
2857 3825 3061 3898 ἑτέροις
3109 3826 3421 3901 ἁγιότητος·
3474 3827 3563 3882 καὶ
3625 3826 3772 3883 οὕτω

2120 3911 2314 3968 λοιπὸν
2346 3911 2474 3974 τοὺς
2532 3912 2862 3977 ἐπισκόπους
2923 3914 3226 3988 βαπτίζειν·
3249 3914 3444 3978 αὐτοὺς
3476 3915 3581 3992 γὰρ
3611 3915 3776 3973 καλεῖ

2116 3999 2548 4077 τελεσιουργοός.
2581 4000 2798 4073 Ταύτην
2829 3999 2911 4057 δεῖ
2935 4003 3036 4072 τὴν
3065 4004 3214 4075 τάξιν
3247 4003 3632 4084 φυλάττεσθαι.

2617 4203 2732 4254 ΕΙΣ
2773 4200 2864 4258 ΤΟ
2903 4201 3162 4258 ΚΕΦΑΛ.
3197 4200 3271 4257 Δ’.

2191 4321 2217 4386 §
2250 4321 2293 4371 Ι.
2325 4315 2395 4370 Τὸ
2425 4315 2564 4390 πρὸς
2593 4315 2902 4373 κοινωνίαν.
2927 4318 3250 4390 Σημείωσαι
3271 4315 3365 4372 τὸν
3400 4315 3672 4394 λογισμὸν
3706 4317 3780 4374 δι’

2119 4404 2177 4458 ὃν
2233 4404 2298 4458 τὰ
2352 4403 2524 4458 πάντα
2556 4406 2870 4480 παρήγαγεν
2905 4407 2933 4459 ὁ
2965 4403 3232 4476 Θεὸς,“ίνα
3259 4409 3643 4477 κοινωνήσωσι
3673 4415 3777 4478 τῆς

2117 4492 2280 4548 αὐτοῦ
2330 4493 2662 4568 ἀγαθότητος
2694 4490 2980 4569 ἀναλόγως
3025 4490 3271 4549 ἕκαστον
3320 4499 3483 4550 τοῦτο
3540 4497 3643 4571 γὰρ
3677 4495 3776 4568 δη-

350 4584 669 4656 signiﬁcat,
699 4583 1002 4640 Mansiones
1032 4585 1228 4641 multa
1256 4585 1404 4656 apud
1435 4586 1663 4640 Patrem
1692 4586 1789 4657 (b).
1825 4586 2005 4643 Unus-

2130 4583 2214 4638 ltoi'
2267 4580 2351 4655 τό,
2414 4582 2591 4638 Μοναὶ
2639 4581 2850 4638 πολλαὶ
2881 4588 3029 4658 παρὰ
3083 4587 3161 4656 τῷ
3189 4585 3379 4659 Πατρί’
3415 4582 3638 4648 ἕκαστος
3669 4587 3773 4663 γὰρ

347 4673 599 4744 quisque
631 4673 788 4728 enim
822 4675 1152 4730 secundum
1187 4689 1336 4745 opus
1363 4674 1662 4745 proprium
1696 4675 2009 4750 participe-

347 4761 436 4817 bit
464 4762 536 4817 de
567 4761 756 4834 ipsius
787 4761 1046 4817 bonitate
1081 4777 1095 4816 :
1129 4761 1215 4817 ita
1243 4761 1421 4816 etiam
1467 4763 1639 4818 Titus
1671 4765 1816 4820 dicit
1846 4764 1904 4820 in
1938 4765 2010 4819 li-

352 4851 477 4907 bris
507 4850 712 4906 Contra
742 4851 1090 4906 Manichaeos.

421 4940 646 4994 Rerum.
677 4939 889 4995 Omnia
913 4938 1024 4994 hoc
1056 4939 1183 4995 loro
1215 4943 1411 4996 creata
1456 4939 1746 4998 collectim
1778 4957 1881 5013 per
1909 4960 2012 5000 no-

348 5044 483 5083 men
515 5022 683 5080 ὅντων
709 5027 1006 5099 signiﬁcat
1035 5031 1092 5083 et
1122 5028 1592 5099 intelligibiliaet
1621 5031 1873 5087 visibilia
1894 5049 2014 5088 om-

356 5116 496 5185 nia;
532 5120 747 5171 cuncta
790 5117 948 5170 enim
997 5118 1149 5172 Deus
1193 5133 1262 5172 ex
1315 5118 1502 5172 nihilo
1548 5121 1700 5186 fecit,
1739 5122 2014 5193 utipsius

357 5205 618 5262 bonitate
646 5205 1016 5274 fruerentur;
1051 5205 1539 5263 fruunturautem
1571 5223 1674 5280 per
1704 5211 2014 5281 providen-

423 5361 500 5430 (b)
529 5359 701 5417 Joan.
731 5376 848 5430 xxv,
881 5362 936 5415 2.

2121 4671 2256 4726 κατὰ⁵
2282 4671 2344 4726 τὸ
2375 4669 2515 4726 ἴδιον
2546 4668 2700 4747 ἔργον
2732 4673 3051 4743 κοινωνήσει
3081 4674 3180 4742 τῆς
3215 4672 3378 4728 αὐτοῦ
3408 4673 3772 4750 ἀγαθότητος⁶

2123 4759 2266 4816 οὕτω
2296 4759 2384 4815 καὶ
2418 4760 2585 4822 Τίτος
2617 4760 2781 4836 φησὶν
2827 4759 2879 4815 ἐν
2939 4765 3057 4826 τοῖς
3113 4763 3264 4820 Κατὰ
3318 4763 3643 4839 Μανιχαίων
3673 4763 3776 4820 λό-

2120 4871 2263 4926 γοις.

2193 4945 2426 4998 ”Οντων.
2459 4943 2722 5005 Ἐνταῦθα
2751 4942 2927 4997 πάντα
2969 4938 3290 5014 συλλήϐδην
3321 4943 3390 5000 τὰ
3418 4941 3473 4999 ἰν
3504 4941 3775 5021 δημιουρ-

2122 5031 2216 5105 γίᾳ
2248 5028 2416 5100 δηλοῖ
2445 5027 2535 5084 διὰ
2561 5034 2660 5084 τοῦ
2693 5029 2966 5103 ὀνόματος
2993 5035 3102 5086 τῶν
3131 5027 3324 5103 ὄντων,
3355 5033 3446 5088 καὶ
3471 5033 3643 5102 νοητὰ
3683 5033 3776 5090 καὶ

2124 5121 2292 5195 ὁρατὰ
2357 5120 2566 5173 πάντα·
2630 5119 2838 5174 ἅπαντα
2903 5119 3005 5196 γὰρ
3066 5121 3094 5175 ὁ
3165 5122 3296 5182 Θεὸς
3353 5121 3415 5177 ἐκ
3469 5123 3544 5195 μὴ
3603 5119 3775 5178 όντων

2123 5208 2376 5280 ἐποίησεν
2407 5205 2522 5282 [διὰ
2548 5211 2714 5264 τοῦτο
2765 5208 2856 5264 καὶ
2909 5209 3120 5283 μόνον],
3166 5208 3258 5265 ’ἱνα
3306 5216 3406 5282 τῆς
3438 5210 3603 5268 αὐτοῦ
3649 5211 3778 5288 ἀγα-

1355 5486 1600 5544 νΑΗΙιΕ
1642 5489 2046 5547 LECTIONES
2087 5491 2180 5548 ET
2220 5491 2765 5550 CORRECTIONES

419 5599 462 5634 ’τ
496 5599 651 5670 ἴσως,
682 5599 1012 5675 φωτιστικού

348 5669 435 5726 his
467 5671 538 5726 ad
564 5673 851 5744 episcopos
880 5671 1014 5729 itur.

496 5595 654 5684 ἴσως,
682 5599 1068 5684 φωτιστικούς,
1097 5604 1230 5676 quia
1253 5617 1367 5660 non
1390 5610 1477 5660 est
1492 5608 1856 5678 καθαρτικῶν,
1887 5607 1989 5664 sed

2130 5610 2368 5662 τιστικῶν
2401 5587 2610 5681 docere,
2641 5609 2784 5666 sicut
2807 5611 2986 5667 etiam
3015 5610 3105 5666 hic
3141 5609 3444 5680 indicatur,
3492 5615 3659 5684 atque
3703 5613 3773 5670 ab
