4134 6390
337 411 417 468 53
1066 413 1127 467 Β.
1161 415 1437 490 MAXIM]
1473 413 1782 470 BCHOLIA
1817 412 1892 467 1N
1932 410 2066 464 LIB.
2105 412 2204 466 DE
2241 413 2564 468 C(ELEBTI
2601 413 3076 468 EIERARCHIA.
3713 418 3783 474 54

341 533 579 605 οότητος
629 529 986 590 ἀπολαύοιεν.
1038 531 1410 592 Ἀπολαύουσι
1469 533 1528 614 δξ
1587 532 1678 590 διὰ
1739 536 1840 599 τῆς
1879 551 2011 608 προ-

2136 533 2278 590 tiam
2311 538 2484 607 prout
2515 535 2752 608 singula
2784 536 2996 592 idonea
3027 540 3196 608 sunt;
3245 537 3602 612 principium
3623 541 3780 597 enim

343 625 520 692 νοίας,
565 624 641 685 ὡς
685 619 912 679 ἕκαστον
963 620 1292 695 ἐπιτηδείως
1342 622 1506 700 ἔχει’
1558 624 1707 701 ἀρχὴ
1757 623 1861 698 γάρ
1905 622 2011 678 ἐστι

2135 625 2397 680 essentiaa
2432 642 2628 681 rerum
2662 629 2751 681 est
2783 625 2885 682 Dei
2916 626 3306 698 providentia.

343 718 450 783 τῆς
477 716 587 768 τῶν
627 707 798 766 ὄντων
831 711 1020 774 οὐσίας
1049 714 1084 783 ἡ
1117 717 1216 768 τοῦ
1246 718 1380 768 Θεοῦ
1409 713 1658 789 πρόνοια.

418 800 600 856 Πάντα
655 799 749 874 μὶν
804 799 898 856 οὖν
947 801 1016 856 τὰ
1045 797 1192 857 ὄντα.
1228 804 1354 858 ’Ότι
1395 803 1572 858 πάντα
1617 803 1685 858 τὰ
1731 797 1860 856 ὄντα
1913 807 2015 870 τῆς

333 895 436 947 τοῦ
468 895 605 945 Θεοῦ
635 890 899 965 προνοίας
936 891 1158 968 μετέχει
1193 911 1207 924 ’
1245 889 1370 947 οὐδὲ
1397 893 1504 969 γὰρ
1535 890 1658 948 οὔτε
1687 889 1741 947 ἐν
1772 897 1890 953 τοῖς
1921 889 2012 945 οὗ·

336 981 427 1036 σίν
462 980 576 1036 ἐστι
605 981 669 1035 τὸ
706 981 782 1053 μὴ
819 981 1052 1057 μετέχον
1081 985 1180 1036 τοῦ
1209 987 1344 1038 Θεοῦ
1376 1001 1388 1015 ⁸
1445 981 1584 1038 ὥστε
1642 981 2008 1037 ἀνυπόστατον

332 1071 398 1125 τὸ
448 1071 642 1138 κακὸν,
694 1069 884 1139 ἐπειδὴ
948 1071 1026 1144 μή
1090 1072 1310 1146 μετέχει
1356 1077 1452 1127 τοῦ
1510 1076 1644 1128 Θεοῦ
1703 1072 1838 1126 κατὰ
1891 1069 2007 1126 στέ-

333 1179 496 1234 ρησιν
552 1156 713 1232 ἕξεως
759 1159 1116 1234 φαινόμενον.
1157 1159 1316 1218 Ἀλλ’
1367 1163 1472 1217 οὐκ
1520 1159 1671 1232 αὑτὸ,
1725 1160 2006 1235 πρωτοτό-

337 1269 461 1312 πως
490 1249 552 1303 ’ὀν
587 1247 641 1303 ἐν
671 1247 828 1320 οὐσίᾳ
861 1266 872 1279 ·
909 1247 1053 1304 οὕτω
1082 1247 1335 1314 πλατέως
1383 1248 1605 1324 εἴπομεν
1656 1248 1767 1304 ἄνω
1818 1248 1870 1304 ἐν
1928 1252 2008 1321 τῷ

334 1336 649 1413 προσφόρῳ
673 1335 982 1416 κεφαλαίῳ.

1012 1546 1139 1602 Τῶν
1176 1538 1346 1600 ὅντων

339 1633 407 1690 Ἡ
443 1630 703 1713 ἄςωάεῖς
775 1634 1147 1713 ξΗΗζῶντα,
1419 1635 1582 1712 νοερὰ
1652 1642 1735 1713 Ἠ.
1807 1637 2009 1713 λογικᾶ

342 1705 510 1780 om":
539 1703 702 1780 καλεῖ
772 1705 838 1780 ξιΔ
867 1703 1017 1780 λέγει
1081 1703 1147 1761 ἀὲ
1221 1703 1522 1780 ἀσώματα’
1561 1754 1576 1779 ,
1652 1707 1741 1763 καὶ
1839 1703 2006 1765 ἐν’σώ-

350 1771 512 1858 μόνον
611 1771 692 1858 ὅν·
771 1771 957 1858 λόγως
990 1781 1140 1858 βῆν,
1217 1778 1294 1842 ὡς
1322 1771 1388 1836 τὰ
1415 1771 1576 1858 οὐράί
1652 1800 1860 1858 ματα,
1965 1781 2007 1858 ᾖ

349 1847 571 1917 τα,οἷον
597 1847 688 1903 οὗ-
762 1847 879 1904 οἷον
947 1847 1016 1905 τὰ
1066 1847 1134 1904 ii;
1204 1870 1312 1907 νια·
1486 1847 1495 1858 ’
1639 1847 1801 1908 ιὶαλεῖ
1847 1847 2007 1909 ’καθ’

353 1921 498 2000 ρανοῖ
595 1919 688 1976 καὶ
765 1919 904 1999 λογα
970 1925 1081 1991 ζῶα
1113 1941 1126 1955 ⁸
1641 1926 1812 2000 ἡμᾶς.

417 2170 498 2228 Οὔ
555 2170 660 2247 γὰρ
722 2171 783 2227 ἂν
834 2171 928 2241 ἧν.
958 2173 1050 2230 ’Ev
1097 2174 1317 2238 τούτοις
1365 2170 1496 2231 ὄντα
1535 2177 1604 2232 τὰ
1657 2180 1772 2242 θεῖα
1827 2182 2007 2248 καλεῖ,

341 2262 594 2316 τουτέστι
648 2262 750 2330 τήν
808 2260 962 2338 ἁγίαν
1039 2261 1266 2336 Τριάδα,
1325 2266 1472 2335 ἥτις,
1518 2269 1626 2320 τῶν
1695 2267 2008 2341 κτισμάτων

342 2347 482 2404 οὖσα
539 2348 884 2426 δημιουργὸς
911 2351 1002 2407 καὶ
1060 2353 1233 2429 ἀρχὴ,
1290 2352 1463 2428 ἤγουν
1523 2355 1690 2423 αἰτία,
1721 2354 1772 2427 ἐξ
1830 2357 2005 2412 αὐτῶν

341 2444 452 2495 τῶν
485 2445 616 2507 παρ’
646 2440 817 2512 αὐτῆς
865 2441 944 2505 είς
993 2441 1178 2498 οὐσίαν
1229 2442 1496 2508 ἐλθόντων
1547 2444 1863 2520 μετέρχεσθαι
1915 2445 2009 2501 λέ-

344 2549 501 2602 γεται
512 2572 526 2585 .

414 2619 499 2676 Τὰ
533 2619 630 2692 μὲν
659 2617 757 2674 οὖν
800 2617 970 2689 ἅζωα.
999 2622 1122 2679 “Ou
1173 2622 1264 2676 καὶ
1312 2623 1382 2677 τὰ
1428 2624 1578 2692 ἄζωα
1636 2626 1854 2701 μετέχει
1907 2633 2010 2695 τῆς

338 2705 609 2779 προνοίας
633 2712 734 2764 τοῦ
765 2713 898 2765 Θεοῦ
931 2711 1048 2764 κατ’
1075 2709 1207 2765 αὐτὸ
1235 2711 1298 2765 τὸ
1328 2711 1462 2766 εἶναι
1497 2731 1510 2744 ο
1550 2713 1698 2782 ἄζωα
1741 2711 1798 2769 δὲ
1853 2715 2008 2785 εἰσιν,

341 2797 462 2850 οἷον
497 2793 644 2852 λίθοι
675 2796 767 2853 καὶ
798 2798 970 2854 πάντα
997 2799 1066 2854 τὰ
1098 2800 1173 2873 μὴ
1207 2799 1475 2875 προϊόντα
1505 2800 1583 2865 εἲς
1624 2801 1859 2878 γένεσιν.

419 2978 608 3029 Ζῶντα
655 2981 758 3045 τῆς
805 2975 996 3042 αὐτῆς.
1032 2979 1182 3034 Κατᾶ
1235 2982 1423 3034 κοινοῦ
1475 2979 1564 3034 ἐπὶ
1622 2981 1846 3038 δκάστου
1901 2986 2009 3038 τῶν

346 3061 768 3141 ἐπιφερομένων
826 3066 1267 3143 προσυπακοόειν
1329 3067 1430 3143 δεῖ,
1491 3067 1560 3125 δι⁶
1617 3071 1690 3126 ὧν
1749 3071 2010 3148 προνοίας

347 3155 596 3230 μετὲχει.

2037 1907 2084 1973 Β

2198 806 2387 874 Quare
2415 822 2500 861 res
2529 821 2736 862 omnes.
2769 805 2929 869 Quod
2954 806 3150 862 omnia
3172 807 3329 861 entia
3351 807 3775 878 providentiam

2124 894 2227 950 Dei
2262 895 2641 966 participent;
2675 912 2866 967 neque
2895 896 3051 950 enim
3081 894 3304 966 aliquid
3341 897 3581 952 omnino
3606 904 3694 954 est
3716 898 3775 952 in

2123 984 2299 1039 rebus
2331 986 2485 1054 quod
2538 1002 2654 1040 non
2709 991 2891 1039 Deum
2940 984 3289 1056 participat:
3319 986 3397 1040 ita
3447 990 3512 1040 ut
3549 986 3772 1042 malum

2121 1073 2515 1128 subsistentia
2564 1079 2776 1142 careat,
2823 1074 3303 1144 quandoquidem
3356 1080 3639 1146 appareat
3682 1092 3775 1130 se-

2120 1163 2378 1218 cundum
2434 1164 2756 1217 existentiae
2797 1163 3188 1233 privationem
3251 1164 3498 1218 minime
3548 1165 3617 1219 de
3659 1165 3774 1219 Deo

2118 1252 2491 1324 participare.
2518 1256 2732 1306 Verum
2770 1268 2858 1306 res
2891 1268 3003 1306 non
3028 1252 3106 1306 ita
3136 1269 3199 1306 se
3229 1251 3569 1321 habet,cum
3603 1252 3661 1307 in
3688 1269 3772 1308 es-

2117 1342 2309 1398 sentia
2357 1345 2639 1414 tanquam
2690 1341 2747 1395 in
2785 1340 2972 1412 primo
3003 1340 3320 1413 exemplari
3363 1341 3608 1398 exsistat
3640 1359 3653 1396 :
3687 1342 3771 1398 sic

2117 1432 2246 1487 fuse
2275 1429 2532 1486 diximus
2565 1446 2767 1502 supra,
2799 1429 2856 1484 in
2886 1430 3249 1487 convenienti
3281 1431 3490 1503 capite.

2650 1545 2749 1601 15
2783 1545 3018 1600 Entium
3042 1546 3236 1617 aliqua

2114 1635 2220 1690 Aut
2248 1635 2362 1688 vita
2409 1649 2506 1688 ca-
2545 1631 2650 1688 Aut
2725 1634 2940 1699 tivunt,
2980 1633 3082 1688 Aut
3153 1634 3360 1690 intelli-
3398 1635 3505 1690 Aut
3535 1637 3766 1692 ratioci-

2115 1714 2513 1775 rent,quaavo-
2551 1721 2681 1776 quae
2703 1705 2941 1761 dicitsi-
2979 1707 3117 1774 gunt
3153 1710 3210 1760 et
3234 1722 3359 1761 cor-
3397 1714 3628 1774 nantur,
3705 1712 3764 1764 et

2117 1781 2211 1833 cat
2277 1780 2511 1832 tantum
2553 1775 2624 1832 ne
2719 1775 2945 1832 ratione
2985 1781 3356 1848 porecarent,
3399 1794 3612 1850 corpus
3662 1778 3764 1835 ha-

2115 1865 2304 1938 entia,
2355 1865 2510 1920 sicut
2546 1864 2734 1921 vivere
2765 1907 2778 1933 ,
2877 1869 2942 1938 ut
2979 1865 3152 1936 sicut,
3193 1865 3368 1922 cosle-
3408 1867 3570 1938 bent,
3634 1883 3765 1938 quae

2115 1936 2504 2006 cmlietterra;
2547 1938 2720 1992 bruta
2803 1936 2931 1992 ani-
2975 1938 3122 2005 stia;
3390 1936 3767 1995 dicunturse-

2546 2007 2720 2064 malia
2747 2026 2761 2076 ;
3397 2011 3660 2068 cundum

3401 2098 3532 2140 nos.

2188 2188 2369 2258 Neque
2395 2187 2547 2242 enim
2575 2191 2774 2242 essent.
2808 2189 2870 2242 In
2903 2187 2996 2244 his
3026 2187 3187 2244 entia
3229 2187 3600 2244 divinitatem
3659 2205 3766 2260 ap-

2117 2275 2317 2348 pellat,
2342 2275 2448 2331 hoc
2475 2275 2597 2331 haec
2619 2279 2884 2331 sanctam
2905 2276 3280 2342 Trinitatem,
3307 2293 3434 2349 quis
3455 2293 3589 2332 cum
3613 2293 3767 2332 crea-

2116 2369 2380 2421 turarum
2409 2366 2654 2421 exsistat
2675 2365 3418 2438 conditrix,etprincipium
3442 2383 3544 2422 seu
3567 2383 3766 2436 causa,

2119 2456 2190 2509 ab
2222 2455 2307 2509 eis
2338 2471 2466 2525 quae
2490 2455 2562 2508 ab
2593 2454 2723 2526 ipsa
2757 2454 2818 2509 in
2850 2454 3169 2510 essentiam
3201 2457 3494 2527 prodeunt
3525 2455 3766 2528 partici-

2119 2544 2244 2616 pari
2276 2543 2512 2599 dicitur.

2193 2635 2321 2702 Quae
2352 2635 2528 2704 igitur
2557 2634 2673 2689 vita
2703 2636 2918 2689 carent.
2953 2634 3115 2698 Quod
3153 2633 3332 2689 etiam
3359 2651 3428 2690 ea
3475 2651 3601 2704 quae
3647 2635 3767 2690 vita

2121 2724 2525 2780 destituuntur
2555 2722 2908 2795 participent
2939 2722 3038 2778 Dei
3068 2723 3516 2794 providentiam,
3559 2740 3768 2779 secun-

2122 2814 2264 2869 dum
2296 2813 2492 2885 ipsum
2526 2828 2695 2868 esse:
2727 2811 2847 2868 vita
2877 2812 3137 2868 carentia
3168 2817 3307 2868 sunt
3338 2814 3490 2868 sicut
3518 2812 3765 2886 lapides,

2123 2907 2180 2959 et
2209 2902 2409 2958 omnia
2437 2918 2563 2973 qua
2593 2918 2708 2957 non
2750 2901 3040 2973 prodeunt
3069 2901 3128 2957 in
3161 2903 3622 2975 generationem.

2195 2995 2294 3048 Res
2324 2994 2568 3048 viventes
2595 2991 2858 3062 ejusdem.
2888 2992 2967 3046 Ex
2997 2993 3298 3048 communi
3321 2992 3381 3047 in
3414 3007 3771 3064 unoquoque

2125 3083 2278 3154 quod
2313 3081 2554 3136 aﬁ'ertur
2583 3079 2900 3136 subaudire
2931 3083 3178 3152 oportet,
3204 3095 3307 3153 per
3325 3095 3451 3152 quae
3476 3079 3771 3152 providen-

2123 3173 2260 3228 tiam
2289 3171 2654 3242 participant.

413 3245 487 3301 Ai.
545 3248 678 3319 γοῦν
742 3245 913 3322 ἅγιαι.
974 3247 1295 3344 ξημείωσαι
1364 3245 1422 3304 δὲ
1489 3251 1614 3323 περὶ
1664 3257 1762 3320 τῆς
1812 3251 2010 3323 τάξεως

2195 3261 2534 3330 Quapropter
2559 3263 2788 3315 sanctae.
2819 3257 2968 3313 Nota
3001 3273 3130 3314 vero
3161 3259 3318 3315 circa
3347 3261 3612 3318 ordinem
3641 3264 3772 3320 uni-

342 3337 444 3389 τοῦ
493 3334 699 3398 παντὸς
727 3337 792 3404 ³³,
825 3336 910 3391 ὅτι
970 3333 1225 3415 διάφοροι
1272 3338 1328 3392 αἱ
1380 3342 1490 3394 τῶν
1536 3336 1648 3394 ἄνω
1701 3337 2010 3413 δυνάμεων,

343 3422 573 3478 οὐσίαι·
654 3423 803 3500 λέγει
889 3422 949 3482 δι
1036 3427 1203 3499 μόνον
1285 3421 1416 3482 ὄντα
1521 3430 1657 3504 ἅπερ
1763 3428 2012 3486 έιάλεσεν

345 3510 520 3582 ἄζωα.

421 3603 657 3671 Νοητῶς
706 3603 814 3680 γὰρ
865 3602 953 3659 ἐπὶ
999 3605 1064 3660 τὸ
1113 3605 1478 3680 θεομίμητον.
1512 3609 1655 3683 ’Ὀρα
1686 3608 1770 3662 δτι
1816 3609 1907 3663 καὶ
1960 3610 2015 3664 αἱ

346 3690 541 3760 νοηταὶ
574 3688 836 3765 δυνάμεις
869 3691 928 3748 ἐκ
957 3693 1330 3770 προαιρέσεως
1371 3696 1510 3750 κατᾶ
1547 3697 1611 3751 τὸ
1658 3695 1827 3752 πλέον
1885 3719 2017 3772 μετ-

357 3779 541 3853 έχουσι
589 3785 688 3836 τοῦ
735 3780 963 3858 ἀγαθοῦ,
1013 3782 1090 3845 ὡς
1134 3781 1281 3839 πολὺ
1333 3783 1608 3863 ἑφιέμεναι
1659 3785 1824 3842 αὐτοῦ
1858 3809 1870 3822 ·
1923 3785 2016 3843 λέ-

352 3888 430 3944 γει
487 3869 615 3944 γὰρ,
647 3871 840 3934 ἑαυτὰς
897 3871 1296 3942 ἀποτυποῦσαι,
1347 3873 1480 3949 ὅπερ
1533 3873 1646 3930 ἐστὶ
1704 3896 2016 3953 προαιρετι-

347 3959 464 4012 κόν·
500 3958 698 4014 οὐκοῦν
729 3957 936 4036 ψευδὴς
965 3963 994 4016 ὁ
1027 3958 1198 4038 λόγος
1240 3963 1268 4018 ὁ
1300 3959 1472 4038 λέγων
1505 3965 1597 4019 τὸν
1634 3961 1894 4021 διάϐολον
1919 3988 2014 4022 πε-

345 4060 458 4110 σεῖν
488 4055 548 4111 ἐκ
574 4059 684 4112 τῶν
719 4058 964 4131 οὐρανῶν
999 4077 1012 4092 ⁶
1048 4058 1254 4134 έτράπη
1289 4061 1393 4136 γὰρ
1446 4061 1524 4122 εἷς
1574 4061 1636 4115 τὸ
1702 4062 1865 4117 κακὸν
1928 4043 2022 4137 ἀφ’

341 4145 562 4202 ἑαυτοῦ.
596 4151 867 4222 Προεχεῖς
900 4150 947 4186 ²⁹
969 4145 1027 4204 δὶ
1062 4148 1181 4204 ἀντὶ
1217 4153 1315 4204 τοῦ
1347 4150 1716 4224 συνημμέναι.

1018 4270 1136 4322 Τῶν
1170 4262 1340 4324 ὅντων

338 4353 424 4426 Τὰ
550 4354 671 4426 μὶν
1060 4355 1128 4411 τὰ
1159 4353 1216 4412 δὶ
1249 4360 1446 4426 ζῶντα,
1520 4358 1621 4426 ῶν,

338 4420 497 4501 ἔστινΔ
541 4420 676 4501 ἄλο-ο
748 4427 817 4501 τὰ
870 4442 966 4500 μεν
1001 4420 1319 4501 ἀναίσθητα,
1361 4420 1443 4492 ὡς⁷
1510 4429 1578 4484 τὸ,
1609 4420 1671 4485 δὲ
1700 4429 2012 4501 αἰσθητικά,

340 4517 440 4572 γα,
467 4495 680 4579 ὡς-λί-
751 4500 821 4579 τᾲ
850 4495 1036 4579 (puram
1214 4495 1224 4501 ⁷
1306 4495 1317 4500 ⁷
1513 4502 1552 4555 ὦ

343 4570 538 4647 animi
565 4571 682 4627 λοι·
752 4573 822 4628 τὰ
853 4570 948 4647 μὲν
983 4570 1178 4646 ἄλογα,

341 4641 425 4716 πᾶ
465 4641 536 4696 τὰ
568 4665 678 4716 μη-

345 4711 548 4790 ὂεμιᾶς
568 4711 676 4785 ξ...
749 4715 825 4790 τά-
850 4715 949 4790 μὶν
977 4714 1244 4790 ἀσώματα

339 4809 373 4842 τ
384 4785 473 4864 ι)ιῆ
484 4808 510 4849 ς
522 4785 666 4864 ἐνερ-
739 4785 998 4864 διαί-ὑπὲρ

343 4859 499 4986 leta:
535 4859 665 4932 μετ·
741 4860 911 4933 ἡμᾶς.

373 4951 573 4986 rio-na-

373 4951 573 5007 χοντω

1513 4522 1588 4555 ων

1513 4575 1580 4628 τὰ
1595 4569 1667 4646 Ῠδὶ
1707 4570 1907 4646 λογικά
1927 4591 1939 4603 ⁸

1518 4645 1609 4701 καὶ
1639 4643 1869 4700 τούτων.

1512 4787 1601 4844 καὶ
1660 4788 1779 4851 καθ’
1836 4787 2008 4861 ἡμᾶς.

422 5091 533 5148 Καὶ
559 5090 866 5168 πολλαχῶς
925 5091 976 5146 έν
1031 5087 1311 5164 μετουσίᾳ.
1345 5090 1416 5146 Αἱ
1457 5088 1558 5166 γὰρ
1609 5089 1784 5146 αὐτῶν
1836 5089 2013 5146 οὐσίαι

342 5187 476 5243 νοῦς
539 5180 641 5236 εΐσι
705 5184 832 5250 ζῶν.
895 5177 1214 5254 Σημείωσαι
1274 5175 1352 5251 δὲ,
1408 5176 1491 5234 ὅτι
1538 5178 1604 5234 τὰ
1653 5180 1825 5251 νοητᾶ
1879 5179 2014 5236 πάν-

339 5293 414 5326 τα
442 5271 683 5344 πρώτως
719 5271 938 5346 μετέχει
961 5273 1060 5326 τοῦ
1091 5272 1245 5326 Θεοῦ.
1279 5268 1696 5344 Ἐκφαντορικαὶ
1752 5268 1829 5338 δὲ,
1860 5291 2015 5324 τουτ-

343 5363 495 5418 έστιν
529 5356 928 5437 έξαγγελτικαί.

419 5453 542 5520 Τῆς
584 5449 884 5526 ἀγγελικῆς
953 5447 1292 5522 ἐπωνυμίας.
1333 5445 1650 5520 Σημείωσαι
1706 5447 1759 5504 τί
1817 5449 2020 5526 κυρίως

346 5539 588 5617 ἄγγελος
621 5558 634 5573 ·
693 5539 784 5596 καὶ
842 5537 926 5596 ὅτι
982 5539 1083 5609 τήν
1142 5537 1368 5613 πρώτην
1419 5535 1619 5600 αὐτοὺς
1662 5537 1810 5610 τάξιν
1867 5536 2018 5616 λέγει

1511 4718 1591 4788 τάκ
1627 4713 1685 4770 δὲ
1728 4714 2014 4788 ἐνσώματα
2050 4713 2080 4716 “
2125 4717 2347 4774 caciam
2442 4715 2679 4786 partici-

2122 3349 2298 3415 versi,
2333 3349 2487 3420 quod
2519 3347 2761 3403 diversa
2792 3351 2934 3403 sunt
2965 3346 3339 3418 superiorum
3372 3350 3651 3408 virtutum
3686 3370 3772 3410 es-

2125 3439 2353 3506 sentia;
2389 3437 2531 3492 dicit
2559 3440 2781 3505 autem,
2814 3443 3034 3492 tantum
3081 3438 3234 3493 entia
3272 3454 3400 3510 quas
3431 3441 3771 3514 appellavit,

2121 3531 2236 3584 vita
2264 3529 2540 3583 carentia.

2197 3617 2335 3672 Nam
2366 3613 2825 3671 intellectualiter
2869 3614 2941 3668 ad
2995 3615 3335 3671 imitandum
3381 3619 3574 3676 Deum.
3629 3620 3774 3678 Vide

2127 3706 2281 3780 quod
2317 3703 2716 3776 intelligibiles
2744 3703 2994 3759 virtutes
3024 3719 3093 3758 ex
3121 3705 3680 3782 instituto,amplius
3705 3711 3782 3767 de

2126 3797 2242 3853 Deo
2274 3794 2646 3866 participant,
2681 3797 2747 3848 ut
2767 3809 2893 3864 quae
2919 3792 3176 3850 multum
3199 3795 3397 3867 ipsum
3421 3798 3776 3869 desiderent;

2128 3885 2270 3942 dicit
2298 3884 2477 3954 enim,
2508 3885 2723 3955 seipsas
2747 3883 3152 3953 conﬁrmantcs,
3199 3887 3350 3956 quod
3384 3890 3475 3942 est
3502 3887 3779 3946 volunta-

2128 3975 2283 4031 rium
2316 3971 2538 4029 :falsus
2585 3973 2766 4044 igitur
2795 3975 2885 4028 est
2914 3988 3128 4044 sermo,
3162 3973 3264 4044 qui
3296 3974 3442 4031 dicit
3474 3977 3778 4036 diabolum

2127 4064 2410 4122 cecidisse
2441 4078 2508 4118 ex
2537 4061 2734 4130 caelis;
2777 4077 2983 4117 versus
3029 4061 3184 4118 enim
3217 4063 3330 4119 fuit
3379 4064 3440 4121 in
3491 4066 3713 4124 malum
3743 4085 3778 4125 a

2126 4154 2341 4226 seipse.
2374 4153 2645 4226 Ηροεχεῖς
2675 4153 2893 4220 autem,
2922 4167 3026 4223 pro
3055 4153 3381 4224 conjunctae.

2834 4269 3066 4323 Entium

2123 4358 2252 4415 Alia
2281 4357 2516 4432 quidem
2541 4359 2682 4432 sunt
2789 4356 2914 4432 Alia
2972 4363 3166 4432 autem
3226 4358 3454 4432 vivunt,
3515 4376 3771 4432 quorum

2125 4427 2679 4496 irrationibitia,sic-
2791 4427 2922 4483 Haec
2953 4427 3190 4499 quidem
3222 4431 3311 4485 in-
3387 4429 3492 4486 Illa
3506 4427 3642 4488 vero
3663 4449 3780 4489 sen-

2125 4507 2194 4576 ut
2222 4501 2450 4574 lapides
2494 4505 2553 4556 et
2583 4515 2677 4576 re-
2786 4499 3080 4576 sensibitia
3110 4542 3126 4570 ,
3252 4506 3317 4557 ut
3388 4503 3600 4574 sibilia,
3632 4520 3779 4576 quo-

2124 4570 2301 4646 liqua'
2346 4588 2473 4646 quas
2542 4571 2678 4646 nul-
2789 4570 3101 4646 ριαῑιιειθλ⁸
3245 4643 3253 4646 _
3389 4588 3522 4646 rum

2049 4652 2094 4716 D
2125 4641 2244 4702 lam
2276 4641 2509 4701 vitalem
2555 4643 2687 4716 efﬁ-
2791 4641 2925 4716 Exeo
2967 4641 3204 4716 quidem
3232 4643 3316 4697 ir-
3391 4644 3498 4701 Illa
3581 4649 3779 4703 autem

2789 4714 3171 4782 rationabiiia,
3390 4717 3776 4788 rationabilia;

3396 4793 3453 4843 et
3481 4789 3693 4844 horum

2803 4856 2934 4912 Haec
2958 4855 3198 4929 quidem
3228 4857 3317 4912 in-
3391 4859 3498 4916 Illa
3510 4876 3644 4916 vero
3665 4876 3778 4917 cor-

2799 4944 3062 5000 eorporea
3127 4933 3183 4985 et
3231 4945 3323 4987 su-
3397 4935 3660 5003 porea,et
3678 4948 3780 4990 nos

2798 5017 2909 5072 pra
2935 5016 3056 5058 nos.
3405 5002 3516 5058 illa
3539 5002 3774 5061 sumus.

2197 5094 2274 5148 Et
2304 5091 2748 5163 multicipliciter
2785 5091 3152 5162 participant.
3200 5092 3468 5162 Ipsorum
3494 5093 3650 5150 enim
3687 5110 3778 5149 es-

2127 5181 2347 5246 sentiae,
2393 5185 2534 5236 sunt
2582 5194 2750 5235 mens
2793 5177 2943 5234 viva.
2994 5177 3144 5234 Nota
3189 5179 3777 5254 vero,intelligibilia

2127 5269 2547 5340 omnia,primo
2586 5267 2946 5340 participant
2974 5266 3180 5322 Deum.
3212 5269 3632 5346 Ἐκφαντορικαί
3669 5286 3776 5328 au-

2126 5365 2269 5424 tem,
2296 5359 2406 5414 hoc
2437 5363 2527 5414 est
2555 5355 2952 5413 enuntiativae.

2201 5450 2302 5505 16
2334 5426 2653 5519 AngetiEum
2685 5461 3001 5517 cognomen.
3035 5446 3193 5503 Nota
3236 5446 3376 5518 quid
3427 5449 3664 5522 proprie
3703 5450 3784 5508 sit

2130 5541 2398 5614 angelus,
2431 5542 2490 5594 et
2521 5539 2678 5610 quod
2710 5537 2870 5609 ipsos
2901 5536 3159 5609 primum
3192 5553 3477 5611 occupare
3511 5539 3780 5599 ordinem

2125 4795 2270 4862 pant

1301 5694 1303 5698 η
1367 5654 1614 5711 VARI/ii
1653 5655 2046 5716 LECTIONES
2084 5659 2174 5716 ET
2210 5653 2769 5715 CORRECTIONES.

425 5750 473 5786 ’⁸
503 5753 607 5818 τῆς
633 5745 843 5805 τούτων
873 5743 1095 5818 τάξεως.
1173 5745 1220 5784 ³⁸
1245 5747 1564 5822 προσεχεῖς.
