4134 6384
389 429 462 486 55
1207 431 1586 488 ΑΡΡΕΝΒΙΧ
1626 432 1722 485 ΔΙ)
1761 430 2004 486 ΟΡΕΒΔ
2041 431 2055 484 ξ

2176 429 2462 485 )IONYSII
2501 429 3006 486 AREOPAGITE.
3746 423 3822 480 56

393 556 568 628 dicat,
598 557 840 628 insuper
857 560 1056 612 autem
1077 561 1134 613 et
1157 558 1453 630 quomodo
1479 573 1579 628 per
1599 553 1838 628 angelos
1856 553 2044 610 initie-

2176 546 2306 627 ἔχειν
2343 547 2456 607 ’ἔτι
2507 549 2564 607 δὲ
2610 552 2701 607 καὶ
2744 550 2894 615 ὅπως
2941 549 3013 606 δι’
3060 547 3310 625 ἀγγέλων
3366 547 3650 623 μυοόμεθα
3682 567 3695 580 °
3730 549 3820 604 καὶ

394 663 552 714 mur,
575 647 943 720 etquomodo
966 664 1069 719 per
1094 648 1250 720 ipsos
1273 649 1407 702 data
1429 647 1505 702 sit
1529 647 1638 712 lex,
1666 651 1722 701 et
1744 647 1896 717 quod
1921 663 2051 702 ma-

385 735 546 806 jores
579 739 816 790 nostros
845 742 900 789 et
920 752 1020 791 eos
1052 736 1151 807 qui
1184 735 1369 807 legem
1390 740 1836 808 praecesserunt,
1872 740 1928 790 et
1952 750 2051 790 eos

397 824 499 895 qui
527 841 653 880 eam
677 825 980 880 subsecuti
1006 831 1164 893 sunt,
1190 827 1259 880 ad
1285 826 1652 881 divinitatem
1678 827 1994 880 deducunt.

473 911 1622 979 Cetebres,Grmlewosqﬂloriosos.Illud
1650 931 1818 986 porro
1841 915 2053 986 facien-

396 1002 548 1067 dum,
584 1001 740 1056 sicut
767 1001 824 1055 in
855 1002 1034 1056 Josue
1081 1002 1200 1057 ﬁlio
1223 1003 1398 1072 Nave,
1431 1009 1486 1058 et
1518 1004 1789 1060 Gedeone
1811 1010 1867 1058 et
1897 1003 2048 1072 aliis;

396 1091 468 1145 ad
498 1097 701 1144 rectam
733 1099 920 1144 autem
952 1092 1126 1144 vitam
1159 1108 1194 1145 a
1226 1093 1340 1146 vita
1371 1099 1614 1163 pro/(ma.
1647 1093 1802 1147 sicut
1832 1093 1890 1147 in
1915 1097 2052 1148 tior-

397 1177 550 1233 nelio
565 1179 927 1246 centurione;
955 1179 1180 1250 primus
1209 1181 1365 1236 enim
1410 1198 1477 1237 ex
1497 1181 1836 1237 inlidelibus
1865 1181 2052 1254 genti-

404 1268 517 1322 bus
541 1267 938 1338 transpositus
959 1273 1076 1323 est:
1102 1269 1322 1324 ordines
1347 1274 1539 1327 autem
1586 1287 1767 1325 sarros
1812 1271 1962 1325 sicut
1993 1270 2052 1324 in

397 1355 637 1411 Daniele
660 1357 750 1428 (α)
775 1381 788 1411 :
812 1357 994 1412 Decies
1028 1356 1239 1413 millies
1260 1362 1482 1414 centena
1506 1360 1717 1425 millia;
1750 1364 1807 1414 et
1837 1361 1894 1412 in
1920 1359 2052 1414 Eze-

395 1444 546 1500 chiel
563 1445 869 1516 cherubim,
889 1449 946 1501 et
964 1446 1022 1500 in
1047 1447 1220 1515 Isaia,
1243 1449 1525 1520 scraphim
1547 1449 1655 1504 visi
1679 1448 2052 1520 sunt.Super-

395 1534 709 1589 mundanas
727 1541 920 1589 autem
949 1537 1192 1592 visiones
1227 1537 1462 1592 sicutin
1489 1538 1668 1594 Paulo
1704 1539 1772 1593 ad
1807 1539 2052 1594 tertium

393 1623 601 1678 omium
635 1629 798 1694 rapto
819 1624 920 1694 (ἀ),
944 1625 1003 1678 in
1023 1624 1374 1697 Apocalypsi
1397 1627 1513 1680 divi
1535 1626 1800 1683 Joannis.

462 1714 491 1785 ξ
522 1713 619 1767 III.
652 1712 996 1769 Immediate.
1027 1715 1086 1769 Id
1120 1721 1209 1769 est
1234 1717 1360 1770 sine
1389 1715 1744 1787 angelorum
1784 1717 2056 1772 ministe-

393 1818 510 1857 ῙῚΟ.

465 1892 648 1962 Ipsum
675 1892 852 1959 illud,
874 1892 1015 1963 quod
1049 1898 1148 1948 est.
1177 1892 1316 1948 Vide
1339 1896 1635 1965 quomodo
1659 1893 1898 1966 explicet
1934 1911 2053 1950 ser-

397 1997 634 2037 monem
656 1982 971 2052 dicentem,
994 1985 1170 2038 Deum
1193 2000 1352 2038 nemo
1377 1984 1515 2040 vidit
1534 2002 1779 2056 unquam
1810 1987 1878 2057 (ε)
1896 1986 2052 2058 quod

393 2071 771 2126 verissimum
811 2087 1042 2139 censeo;
1072 2078 1128 2128 et
1169 2073 1362 2128 sciens
1379 2090 1508 2129 esse
1529 2076 1702 2130 verba
1747 2075 2054 2147 Scriptum

395 2175 524 2230 quas
557 2159 764 2214 dicunt
787 2160 973 2215 Deum
997 2161 1188 2218 visum
1247 2179 1379 2218 esse
1401 2162 1763 2232 hominibus,
1792 2164 1945 2220 sicut
1991 2165 2050 2219 in

390 2247 869 2312 Adamo,sicutin
893 2249 1328 2321 paradiso(/),et
1352 2251 1410 2306 in
1435 2252 1814 2322 Abraham,in
1833 2269 2052 2325 quercu

394 2336 660 2392 Mambre
681 2337 782 2408 (g);
807 2341 865 2393 et
885 2339 1043 2408 quod
1079 2340 1136 2393 in
1161 2340 1418 2396 Sodoma
1435 2341 1981 2412 proﬁciscebantur,
1999 2347 2058 2398 et

393 2425 544 2479 Mosi
564 2424 625 2479 in
651 2431 872 2494 monte,
896 2427 1009 2481 etsi
1035 2428 1363 2498 posteriora
1380 2430 1611 2485 dicatur
1634 2429 1934 2502 vidisse(h)
1960 2449 1972 2486 :
1997 2435 2054 2486 et

394 2512 538 2568 dicit
581 2514 765 2583 ipsum
791 2514 1013 2584 quidem
1054 2517 1154 2570 Dei
1183 2518 1474 2584 occultum,
1505 2535 1664 2575 nemo
1693 2520 1850 2586 vidit,
1882 2536 2054 2594 neque

391 2601 618 2668 videbit,
650 2604 805 2674 quod
825 2607 915 2658 est
955 2605 1087 2675 ejus
1113 2608 1391 2674 essentia;
1421 2614 1523 2662 aut
1553 2611 1705 2680 quod
1747 2610 1922 2664 etiam
1953 2626 2052 2664 su-

393 2689 860 2755 blimius,nultus
888 2695 1129 2764 cogitare
1158 2705 1255 2750 aut
1284 2697 1570 2768 explicare
1596 2703 1772 2769 potest
1801 2699 1884 2754 vel
1912 2708 2054 2770 pote-

394 2781 474 2834 rit
505 2780 634 2851 quid
681 2782 755 2835 sit
784 2782 923 2836 Deus
952 2799 964 2837 :
993 2783 1042 2837 si
1084 2800 1217 2840 vero
1266 2786 1433 2842 factas
1486 2787 1704 2842 fuerint
1751 2787 2053 2858 aliquibus

397 2872 740 2924 sanctorum
772 2871 868 2924 Dei
903 2872 1318 2942 apparitiones,
1340 2875 1530 2947 cogita
1552 2876 1709 2945 quod
1731 2877 2053 2946 unusquis-

397 2973 510 3029 que
542 2974 646 3028 pro
676 2958 885 3014 merito
912 2961 1160 3031 proprias
1185 2963 1318 3017 ﬁdei
1351 2963 1547 3034 aliqua
1569 2964 1785 3036 dignus
1818 2965 2054 3020 habitus

405 3045 485 3102 sit
543 3045 770 3102 visione
806 3048 919 3119 ipsi
965 3049 1333 3106 divinitatem
1411 3057 1889 3123 repraesentante,
1953 3070 2056 3125 per

399 3150 578 3206 quam
612 3135 1062 3194 illustrationem
1097 3140 1430 3196 divinarum
1473 3143 1545 3197 ad
1577 3141 1773 3213 ipsum
1814 3143 2052 3198 venien-

398 3224 550 3278 tium
583 3224 988 3295 cognitionum
1015 3227 1392 3298 suscipiebat.

477 3315 768 3383 Tanquam
794 3315 856 3368 in
885 3317 1240 3384 formatione.
1264 3317 1548 3387 Arbitror,
1582 3321 2052 3378 transformatio—
2083 3301 2125 3369 (ἶ

398 3416 533 3457 nem
567 3401 777 3472 dicere,
802 3408 904 3457 aut
935 3404 1290 3460 miraculum
1334 3406 1391 3461 in
1439 3411 1638 3464 monte
1685 3409 1866 3478 Sinai,
1900 3411 2055 3467 sicut

400 3489 598 3561 ignem
611 3529 624 3544 .

471 3579 570 3632 Dei
596 3579 1024 3649 apparitionem.
1068 3581 1165 3637 Dei
1211 3583 1638 3654 apparitionem
1662 3601 1811 3657 esse,
1837 3589 2050 3660 inquit,

403 3681 520 3720 non
545 3666 699 3736 quod
725 3671 876 3723 Deus
919 3669 1282 3740 manifestet,
1319 3677 1377 3726 et
1427 3675 1718 3743 ostendat,
1743 3676 1883 3747 quid
1937 3678 2049 3746 sit;

401 3753 511 3809 hoc
528 3754 686 3809 enim
711 3755 832 3810 fieri
857 3757 1191 3827 nequit;sed
1219 3760 1354 3831 quia
1378 3763 1562 3817 sancti
1580 3763 1776 3820 divina
1799 3765 2055 3821 illustra-

399 3843 558 3898 tions
573 3843 1155 3918 dignibabenturper
1167 3848 1395 3921 aliquas
1408 3851 1662 3908 visiones
1676 3870 1871 3910 sacras
1886 3855 2056 3927 ipsis-

400 3947 512 4002 que
531 3933 1181 4007 proportionatas,quas
1194 3937 1539 4010 angelorum
1559 3957 1734 4011 opera
1749 3943 2051 4000 tieridicit.

471 4019 925 4088 Legislationem.
961 4024 1109 4080 Nota
1150 4026 1334 4097 legem
1387 4044 1517 4084 esse
1561 4029 1874 4086 obscuram
1905 4031 2053 4088 alte-
2125 4026 2136 4042 ”

400 4108 525 4164 rius
556 4109 764 4165 divinas
816 4111 962 4182 legis
1013 4114 1323 4184 positionis
1363 4116 1840 4192 delineatiouem,
1875 4121 1933 4176 id
1964 4125 2056 4177 est

401 4197 611 4252 divinae
644 4198 701 4252 in
735 4200 969 4255 Christo
1003 4208 1225 4259 naturae
1272 4204 1544 4261 humanae
1585 4209 2052 4281 assumptionis;

399 4287 555 4357 quod
588 4292 785 4342 autem
819 4305 921 4360 per
953 4291 1194 4362 angelos
1226 4293 1362 4350 data
1394 4297 1487 4349 17
1525 4296 1606 4351 sit
1637 4297 1830 4367 prima
1878 4298 2053 4371 legis-

394 4373 637 4445 positio,
683 4375 945 4432 declarat
979 4379 1153 4435 etiam
1187 4385 1428 4438 sanctus
1449 4383 1784 4456 Stephanus
1806 4386 2008 4444 dicens
2036 4405 2050 4444 :

397 4461 502 4529 Qui
538 4465 824 4535 accepistis
856 4466 1030 4535 legem
1071 4470 1132 4523 in
1161 4468 1521 4540 dispositione
1547 4472 1975 4544 angelurorum,
2001 4482 2056 4533 et

393 4566 508 4606 non
535 4553 854 4608 custodistis
884 4555 972 4624 (ἰ).

471 4643 630 4696 Eam.
667 4642 1117 4714 Legislationem
1149 4645 1393 4703 scilicet.

469 4733 579 4783 Per
607 4731 810 4801 prima.
842 4734 994 4788 Nota
1026 4737 1343 4805 quomodo,
1369 4753 1473 4806 per
1499 4740 1679 4810 prima
1715 4739 1824 4796 hoc
1847 4745 1954 4814 est,
1986 4759 2054 4799 ea

401 4833 529 4888 quae
589 4821 1102 4891 transcenderunt,
1165 4825 1405 4880 secunda
1454 4827 1582 4898 (pro
1630 4830 1922 4898 inferiora)
1981 4833 2053 4888 ad

397 4905 584 4962 Deum
616 4907 928 4980 eriguntur
959 4910 1137 4968 etiam
1169 4929 1274 4984 per
1305 4914 1602 4987 angelicas
1635 4919 1890 4976 ordines.

467 5083 1033 5158 Supersubstantiali,
1095 5089 1192 5144 Gr.
1281 5087 1625 5163 ὕπεροόσιον.
1707 5095 2054 5165 Ὑπερούσιον

394 5169 728 5244 ταξιαρχίαν,
769 5175 1130 5248 principium
1177 5183 1232 5234 et
1271 5195 1512 5236 causam
1543 5183 1862 5241 etI'ectivam
1894 5188 2050 5242 ordi-

394 5259 488 5316 nis
519 5260 784 5331 ipsorum
816 5263 981 5320 dicit.

390 5500 591 5554 xxxm,
623 5486 712 5542 23.
790 5486 861 5560 (i)
886 5491 1010 5548 Act.
1043 5510 1142 5560 vn,
1165 5486 1217 5549 ’5

2160 645 2277 702 πῶς
2334 638 2404 695 δι’
2465 640 2641 696 αὐτῶν
2702 641 2729 695 ὁ
2761 641 2933 714 νόμος
2987 635 3173 710 ἐδόθη,
3207 639 3294 694 καὶ
3325 636 3407 694 ὅτι
3440 637 3528 694 καὶ
3559 637 3686 700 τοὺς
3713 638 3821 713 πρὸ

2159 729 2334 802 νόμου
2377 729 2467 784 καὶ
2513 731 2648 804 μετά
2692 729 2862 803 νόμον
2914 730 3148 803 πατέρας
3193 731 3354 802 ἡμῶν
3413 725 3637 804 ἄγγελοι
3684 728 3822 805 πρὸς

2162 825 2303 882 θεῖον
2339 821 2531 894 ἀνῆγον
2543 863 2554 876 .

2233 906 2514 971 Κλεινούς.
2547 907 2850 980 Ἐνδόξους.
2893 910 2968 967 Τὸ
3020 906 3078 963 δὲ
3126 909 3414 984 πρακτέον,
3461 907 3534 970 ὡς
3585 906 3673 962 ἐπὶ
3706 909 3818 980 Ἰη-

2161 1001 2257 1052 co?)
2310 1001 2406 1051 τοῦ
2465 999 2642 1066 Ναυῆ,
2675 997 2762 1052 καί
2820 995 3048 1070 Γεδεὼν,
3102 996 3190 1052 καὶ
3251 995 3438 1053 ἄλλων
3471 1015 3484 1029 ⁸
3538 997 3676 1073 πρὸς
3734 995 3824 1052 εὖ-

2163 1087 2307 1140 θεῖαν
2343 1084 2400 1141 δὲ
2431 1085 2556 1141 ὁδὸν
2589 1087 2695 1142 ἀπὸ
2739 1089 2956 1163 ἀνιέρου
2991 1092 3156 1156 ζωῆς,
3188 1088 3266 1149 ὡς
3324 1086 3413 1142 ἰπὶ
3469 1090 3566 1141 τοῦ
3615 1093 3828 1162 Κορνη-

2162 1173 2287 1230 λίου
2319 1180 2414 1230 τοῦ
2445 1175 2877 1252 ἐκατοντάρχου’
2913 1182 3132 1252 πρῶτος
3167 1177 3270 1251 γὰρ
3298 1175 3351 1246 ἐξ
3383 1174 3624 1230 ἀπίστων
3660 1174 3830 1231 ἐθνῶν

2165 1267 2422 1338 μετετέθη
2459 1285 2472 1299 ⁸
2507 1265 2682 1336 τάξεις
2714 1263 2771 1320 δὲ
2815 1267 2984 1340 ἱερὰς,
3020 1267 3094 1327 ὡς
3135 1265 3223 1320 ἐπὶ
3275 1269 3374 1320 τοῦ
3425 1263 3630 1335 Δανιήλ
3655 1282 3670 1297 ⁸
3707 1267 3827 1322 Μυ-

2164 1354 2272 1430 ρίαι
2308 1351 2565 1430 μυριάδες
2601 1376 2613 1390 ·
2657 1354 2746 1410 καὶ
2801 1359 2900 1410 τοῦ
2933 1352 3224 1426 Ἰεζεκιήλ,
3255 1353 3322 1409 τὰ
3379 1349 3659 1430 χερουϐίμ.
3685 1372 3698 1386 ⁸
3733 1355 3828 1408 καὶ

2160 1447 2257 1498 τοῦ
2305 1442 2552 1513 Ἠσαίου,
2596 1443 2663 1498 τὰ
2706 1445 2944 1521 σεραφῖμ
2999 1441 3280 1523 ὤφθησαν.
3331 1444 3730 1517 ’Υποκοσμίους
3779 1445 3829 1480 ³ο

2164 1530 2221 1588 δι
2254 1534 2490 1608 ὁράσεις,
2523 1533 2596 1594 ὡς
2631 1533 2719 1589 ἐπὶ
2749 1539 2846 1589 τοῦ
2878 1533 3099 1589 Παύλου
3131 1534 3462 1610 ἀρπαγὲντος
3491 1530 3595 1596 ἕως
3631 1532 3826 1607 τρίτου

2163 1621 2415 1696 οὐρανοῦ·
2439 1622 2528 1678 καὶ
2560 1622 2646 1678 ἐπὶ
2671 1629 2772 1694 τῆς
2801 1628 2900 1678 τοῦ
2931 1622 3078 1687 θείου
3095 1621 3350 1679 Ἰωάννου
3373 1621 3823 1697 Ἀποκαλύψεως.

2234 1713 2389 1782 §III.
2424 1713 2690 1786 Ἀμὲσως.
2735 1712 3024 1771 Τουτέστιν
3077 1709 3201 1767 ἄνευ
3249 1718 3350 1782 τῆς
3395 1710 3638 1788 ἀγγέλων
3701 1709 3825 1768 δια-

2161 1801 2368 1865 κονίας.

2233 1890 2324 1952 Ὠς
2358 1889 2487 1944 αὐτὸ
2548 1891 2578 1944 ὅ
2626 1911 2680 1944 τι
2731 1890 2864 1946 ποτε
2921 1890 3051 1946 ἐστι.
3081 1893 3224 1964 Ὅρα
3273 1894 3391 1952 πῶς
3435 1888 3709 1966 ὶξηγεῖται
3758 1890 3828 1944 τὸ

2165 1977 2330 2055 ῥητὸν
2389 1980 2452 2033 τὸ
2499 1977 2682 2053 λέγον,
2711 1979 2840 2034 Θεὸν
2896 1976 3075 2042 οὐδεὶς
3133 1979 3342 2052 ἑώρακε
3387 1980 3636 2052 πώποτε,
3690 1979 3830 2056 ὅπερ

2161 2067 2530 2139 ἀληθέστατον
2576 2071 2844 2144 ἡγοῦμαι,
2891 2069 2985 2123 καὶ
3030 2065 3190 2130 εἰδὼς
3257 2067 3342 2123 ὅτι
3411 2067 3516 2123 εἶσὶ
3587 2070 3836 2148 γραφικὰ

2164 2155 2382 2233 ῥήματα
2430 2155 2682 2231 λέγοντα,
2735 2158 2808 2219 ὡς
2855 2159 2883 2212 ὁ
2933 2158 3064 2219 Θεὸς
3113 2154 3271 2235 ὤφθη
3310 2161 3430 2219 τοῖς
3491 2158 3829 2233 ἀνθρώποις,

2164 2246 2239 2309 ὡς
2297 2243 2383 2300 ἐπί
2430 2250 2527 2300 τοῦ
2575 2243 2768 2319 Ἀδὰμ,
2813 2246 2889 2309 ὡς
2941 2246 2993 2301 ὲν
3044 2251 3124 2318 τῷ
3173 2243 3486 2322 παραδείσῳ
3521 2266 3533 2280 ο
3583 2245 3675 2301 καὶ
3732 2245 3825 2302 ἰπὶ

2159 2339 2257 2390 τοῦ
2289 2330 2563 2410 Ἀϐραὰμ,
2615 2336 2666 2390 ἐν
2708 2338 2777 2410 τῇ
2837 2333 2962 2410 δρυῒ
3013 2339 3082 2410 τῇ
3136 2331 3403 2410 Μαμϐρῆ,
3451 2336 3541 2391 καὶ
3605 2335 3696 2391 ὅτε
3745 2336 3825 2400 εἰς

2164 2421 2387 2498 Σόδομα
2415 2422 2736 2499 ἐπορεύοντο
2761 2443 2774 2456 ’
2808 2424 2898 2480 καὶ
2928 2429 3008 2497 τῷ
3045 2430 3234 2481 Μωσεῖ
3264 2423 3342 2488 είς
3371 2426 3434 2480 τὸ
3466 2421 3617 2500 ὅρος,
3652 2423 3702 2480 εΐ
3731 2426 3824 2481 καὶ

2160 2515 2227 2568 τὰ
2280 2514 2502 2568 ὀπίσθια
2561 2512 2772 2588 λέγεται
2831 2515 3126 2590 ἑωρακέναι
3163 2532 3176 2548 ⁸
3232 2513 3324 2569 καὶ
3369 2512 3518 2590 λέγει
3551 2513 3637 2569 ὅτι
3688 2513 3822 2570 αὐτὸ

2166 2604 2261 2675 μὲν
2318 2603 2380 2656 τὸ
2439 2602 2668 2679 κρύφιον
2742 2607 2839 2657 τοῦ
2915 2608 3049 2660 Θεοῦ
3121 2601 3298 2668 οὐδεὶς
3372 2604 3632 2677 δώρακεν,
3693 2601 3826 2660 οὖδδ

2163 2689 2375 2764 ὄψεται,
2407 2689 2540 2765 ὅπερ
2587 2689 2728 2747 ἐστὶν
2778 2691 2931 2747 οὐσία
2982 2692 3148 2748 αὐτοῦ
3180 2711 3194 2726 ο
3227 2692 3263 2761 ἧ
3312 2692 3402 2747 καὶ
3455 2691 3822 2768 ὑψηλότερον,

2163 2780 2245 2836 ὅτι
2309 2777 2488 2842 οὐδεὶς
2554 2787 2886 2849 κατανοῆσαι
2943 2781 3033 2837 καὶ
3093 2781 3293 2857 φράσαι
3367 2779 3588 2837 δύναται
3641 2781 3677 2851 ἢ
3727 2779 3822 2838 δυ-

2161 2872 2404 2938 νήσεται,
2436 2867 2488 2922 τί
2547 2867 2688 2924 ἐστιν
2749 2871 2776 2924 ὁ
2833 2868 2982 2931 Θεός.
3030 2869 3092 2926 Εἰ
3153 2867 3211 2924 δὲ
3265 2869 3356 2925 καὶ
3409 2868 3655 2946 ἐγίνοντό
3709 2891 3822 2926 τισι

2161 2957 2466 3035 θεοφάνειαι
2495 2961 2602 3012 τῶν
2652 2957 2844 3032 ἁγίων,
2876 2959 3076 3030 νόησον
3129 2957 3214 3013 ὅτι
3263 2956 3551 3034 ἀναλόγως
3597 2955 3825 3023 ἕκαστος

2163 3054 2262 3116 τῆς
2299 3043 2436 3101 ἰδίας
2466 3046 2697 3109 πίστεως
2747 3047 2972 3117 ἠξιοῦτό
3019 3068 3168 3109 τινος
3219 3047 3460 3124 ὁράσεως
3519 3047 3824 3122 ἰμφαινού-

2165 3156 2266 3206 σης
2297 3136 2448 3207 αὐτῷ
2477 3135 2540 3190 τὸ
2572 3141 2737 3207 θεῖον,
2775 3133 2843 3190 δι’
2873 3139 2939 3206 ἧς
2969 3138 3069 3207 τήν
3117 3135 3396 3212 ἔλλαμψιν
3443 3135 3664 3214 ἐδέχετο
3711 3143 3823 3195 τῶν

2165 3224 2240 3287 εἷς
2270 3224 2430 3280 αὐτὸν
2468 3225 2784 3300 ἐρχομένων
2819 3225 2974 3281 θείων
3007 3227 3287 3302 γνώσεων.

2235 3315 2324 3376 Ὠς
2357 3313 2411 3369 ἐν
2465 3314 2766 3391 μορφώσει.
2799 3315 2992 3388 Οἶμαι,
3024 3317 3126 3386 τὴν
3177 3316 3602 3392 μεταμόρφωσιν
3649 3313 3831 3392 λέγει,

2163 3405 2198 3475 ἢ
2228 3403 2291 3458 τὸ
2321 3401 2374 3458 ἐν
2405 3403 2486 3475 τῷ
2523 3403 2724 3476 Σιναίῳ
2754 3399 2866 3480 ὄρει
2900 3404 3083 3478 θαῦμα
3106 3405 3180 3467 ὡς
3211 3408 3342 3479 πῦρ.

2234 3581 2577 3660 Θεοφάνειαν.
2606 3581 2927 3660 Θεοφάνειαν
2961 3580 3096 3638 εἷναί
3127 3602 3292 3660 φησιν
3321 3580 3384 3637 οὗ
3435 3579 3526 3636 διὰ
3578 3582 3644 3637 τὸ
3698 3581 3830 3660 φαί-

2160 3691 2270 3725 νειν
2325 3672 2420 3726 τὸν
2480 3672 2606 3725 Θεὸν
2665 3670 2756 3726 καὶ
2811 3668 3150 3745 δεικνύειν,ὅ
3195 3692 3248 3726 τι
3297 3668 3432 3726 ποτέ
3466 3669 3578 3727 ἐστι
3613 3675 3830 3728 ’τοῦτο

2162 3760 2266 3834 γὰρ
2298 3759 2586 3834 ἀμήχανον
2619 3778 2631 3790 ·
2665 3757 2793 3814 ἀλλ’
2839 3759 2922 3814 ὅτι
2975 3761 3123 3823 θείας
3181 3758 3512 3834 ἇλλάμψεως
3571 3760 3623 3815 οὶ
3677 3761 3828 3836 ἅγιοι

2163 3848 2435 3918 ἀξιοῦνται
2486 3845 2575 3902 διά
2603 3869 2767 3902 τινων
2810 3847 3046 3922 ὁράσεων
3095 3849 3256 3924 ἱερῶν
3303 3848 3394 3903 καὶ
3451 3847 3638 3910 αὐτοῖς
3694 3847 3831 3903 ἀνα-

2165 3935 2370 4011 λόγων,
2402 3935 2464 3998 ’ὰς
2505 3933 2575 3990 δι’
2607 3935 2850 4011 ἀγγέλων
2878 3937 3117 4012 γίνέσθαι
3151 3936 3320 4013 λέγει.

2237 4024 2623 4098 Θεσμοθεσίαν.
2657 4025 3000 4098 Σημείωσαι,
3034 4025 3119 4082 ὅτι
3175 4027 3264 4082 καὶ
3324 4028 3353 4082 ὁ
3408 4021 3580 4101 νόμος
3639 4026 3830 4100 ἑτέρας

2165 4118 2310 4178 θείας
2338 4114 2656 4187 νομοθεσίας
2707 4114 3055 4179 ὑποτύπωσίς
3101 4115 3235 4185 ἐστι,
3273 4117 3519 4172 τουτέστι
3568 4123 3669 4187 τῆς
3722 4137 3832 4172 κα-

2161 4203 2227 4258 τὰ
2258 4205 2487 4280 Χριστὸν
2531 4204 2676 4268 θείας
2715 4204 3194 4282 ἐνανθρωπήσεως·
3230 4204 3313 4261 ὅτι
3353 4203 3412 4261 δὶ
3461 4203 3528 4261 δι’
3578 4204 3831 4282 άγγὲλων

2163 4290 2324 4364 ἐδόθη
2357 4295 2391 4362 ἡ
2423 4293 2614 4368 πρώτη
2642 4295 2958 4368 νομοθεσία,
2994 4292 3162 4366 δηλοῖ
3200 4295 3290 4350 καὶ
3329 4296 3359 4351 ὁ
3406 4295 3562 4370 ἅγιος
3619 4295 3827 4373 Στέφα-

2160 4403 2252 4445 νος
2283 4380 2459 4459 λέγων
2492 4402 2504 4413 ·
2541 4382 2753 4445 Οἳτινες
2806 4378 3030 4439 ἐλάϐετε
3075 4384 3168 4439 τὸν
3215 4384 3385 4458 νόμον
3439 4384 3514 4448 εἷς
3564 4382 3826 4460 διαταγὰς

2162 4471 2428 4548 ἀγγέλων,
2461 4471 2550 4527 καὶ
2583 4473 2684 4527 οὐκ
2714 4472 3032 4550 Ξφυλάξατε.

2083 4675 2129 4738 D
2232 4652 2442 4721 Αὐτήν.
2476 4653 2594 4720 Τὴν
2627 4649 2979 4725 θεσμοθεσίαν
3015 4649 3298 4720 δηλονότι.

2234 4741 2310 4796 Τὸ
2363 4737 2453 4794 διὰ
2507 4745 2615 4794 τῶν
2674 4741 2930 4816 πρώτων.
2985 4739 3328 4814 Σημείωσαι,
3387 4745 3504 4804 πῶς
3567 4739 3656 4796 διὰ
3709 4745 3820 4797 τῶν

2163 4831 2420 4906 πρώτων,
2477 4830 2724 4884 τουτέστι
2778 4833 2889 4884 τῶν
2966 4824 3405 4900 ἀναϐεϐηκότων,
3461 4832 3530 4885 τὰ
3599 4827 3825 4905 δεύτερα

2162 4919 2300 4992 (ἀντὶ
2334 4923 2432 4974 τοῦ
2471 4920 2540 4974 τὰ
2582 4913 2990 4990 ὑποϐεϐηκότα)
3020 4919 3161 4996 πρὸς
3209 4919 3337 4976 Θεὸν
3392 4920 3675 4997 ἀνάγονται
3728 4919 3824 4975 καὶ

2161 5008 2285 5080 περὶ
2314 5011 2420 5062 τῶν
2450 5006 2754 5082 ἀγγελικῶν
2785 5004 3095 5078 διατάξεων.

2231 5095 2600 5173 Ὑπεθούσιον.
2673 5097 3020 5171 Ὑπερούσιον
3123 5097 3444 5174 ταξιαρχίαν
3532 5098 3635 5168 τὴν
3716 5103 3823 5168 τῆς

2157 5186 2356 5259 τάξεως
2386 5185 2561 5240 αὐτῶν
2591 5186 2771 5261 ἀρχὴν
2804 5189 2892 5241 καὶ
2921 5188 3220 5258 ποιητικὴν
3251 5186 3425 5243 αἰτίαν
3457 5181 3584 5266 ἔφη.

462 5413 532 5485 (ο)
554 5417 739 5486 Caput
767 5433 870 5500 VI},
903 5435 954 5475 v.
993 5422 1077 5476 10.
1159 5423 1252 5549 (εἰ)ἴ
1273 5423 1320 5480 II
1353 5426 1484 5481 Cor.
1515 5403 1616 5497 xli,
1644 5430 1700 5484 2.
1780 5431 1831 5502 (e
1862 5431 2052 5502 )Joan.

462 5501 591 5549 xm,
623 5486 712 5542 23.
790 5489 854 5549 (ι)
886 5491 1010 5548 Act.
1043 5510 1142 5549 vn.
1181 5495 1217 5549 5
1259 5537 1272 5549 .

2199 5432 2287 5487 18.
2363 5431 2434 5503 (f)
2482 5431 2626 5488 Gen.
2658 5449 2743 5501 In,
2769 5433 2826 5490 9.
2904 5432 2976 5504 (g)
3024 5436 3165 5490 Gen.
3193 5450 3356 5505 xvnl,
3389 5435 3442 5491 1.
3522 5435 3604 5507 (Ιι)
3637 5434 3817 5492 Exod.

1419 5620 1662 5680 VARI/E
1703 5624 2097 5686 LECTIONES
2137 5629 2228 5685 ET
2269 5626 2841 5686 COBRECTIONES.

458 5709 504 5743 ⁸ο
537 5707 954 5783 ὑπερκοσμίους.
