4134 6390
378 415 450 469 57
1092 419 1154 472 s.
1196 415 1473 472 aaxm
1510 417 1822 473 scaeua
1859 419 1935 472 IN
1972 419 2106 472 LIB.
2147 420 2244 473 na
2279 419 2603 475 CCELESTI
2641 421 3116 477 HIERARCHIA.
3747 400 3822 477 '58

455 541 607 616 διν.
637 531 911 615 Γαϐριηλ.
979 537 1328 613 Σημείωσαι,
1374 537 1458 595 ὅτι
1504 540 1573 595 τὰ
1623 540 1748 616 περὶ
1779 546 1880 610 τῆς
1912 538 2044 595 ένανι

2242 542 2386 610 ειν.
2421 544 2659 601 Gabriel.
2710 547 2876 611 Nota,
2924 545 3148 616 primos
3197 545 3437 618 angelos
3485 545 3679 604 doceri
3731 546 3820 603 in-

379 629 722 707 θρωπήσεως
751 633 970 700 πρῶτοι
1010 632 1275 702 μυοῦνται
1335 626 1582 706 ἄγγελοι,
1643 631 1716 692 ὡς
1773 628 1942 699 ὸηλοῖ
1987 628 2044 684 τὰ

2162 633 2587 701 carnationem,
2621 633 2774 689 sicut
2802 634 3103 690 declarant
3131 633 3311 690 divini
3344 636 3630 692 Gabrielis
3665 641 3817 708 acta,

380 720 522 775 κατᾶ
570 719 663 773 τὸν
723 717 1006 782 θειότατον
1057 712 1327 794 Γαϐριὴλ,
1384 717 1622 792 μαθόντα
1677 720 1744 773 τὰ
1783 719 1906 793 περὶ
1955 723 2051 773 τοῦ

381 807 544 884 ἁγίου
604 807 902 863 Ἰωάννου·
965 805 1468 883 εὖαγγελισάμενον
1527 804 1584 862 δὲ
1636 806 1725 862 καὶ
1775 811 1844 882 τῇ
1904 813 2052 882 Παρ-

379 899 545 970 θένῳ,
608 895 692 951 ὅτι
744 895 804 951 ἐκ
835 895 1146 970 Πνεύματος
1198 896 1353 972 ἁγίου
1412 894 1754 971 συλλήψεται
1816 897 2050 973 σαρκού-

379 1008 548 1062 μενον
580 987 673 1042 τὸν
709 987 839 1041 Θεὸν
869 986 1068 1062 Λόγον.

448 1074 771 1151 Ἀνδρικῆς.
844 1073 1111 1152 Ἀνδρική
1184 1075 1437 1152 θεουργία
1505 1078 1540 1146 ἡ
1601 1079 1840 1151 Χριστοῦ
1900 1074 2047 1130 ἐναν-

375 1168 698 1240 θρώπησις,
750 1166 869 1221 καθ’
930 1165 998 1234 ἦν
1059 1165 1186 1227 Θεὸς
1241 1165 1318 1220 ὥν
1371 1163 1422 1220 ἐν
1480 1165 1638 1242 σαρκὶ
1690 1167 1758 1221 τὰ
1788 1171 1906 1229 θεῖα
1935 1165 2048 1240 εἶρ-

370 1257 592 1332 γάζετο.
660 1254 862 1310 Σκόπει
923 1251 1006 1321 δὲ,
1058 1258 1198 1320 πῶς,
1254 1253 1422 1310 εἰπὼν
1457 1254 1686 1319 ἆνταῦθα
1713 1255 1805 1310 τὸν
1839 1255 2050 1325 Ἰησοῦν

375 1343 645 1421 ἀνδρικὴν
707 1343 1016 1420 θεουργίαν,
1057 1344 1148 1398 καὶ
1199 1341 1288 1399 διὰ
1345 1346 1439 1418 μὲν
1486 1349 1584 1400 τοῦ
1633 1343 1815 1420 λέγειν
1865 1342 2047 1420 ἄνδρι-

373 1438 503 1506 κήν,
538 1432 748 1505 δηλῶν,
783 1432 867 1489 δτι
894 1432 1109 1496 τέλειος
1137 1432 1421 1508 ἅνθρωπος
1450 1435 1661 1510 γέγονε·
1724 1431 1813 1488 διὰ
1865 1431 1922 1488 δὶ
1949 1437 2047 1489 τοῦ

376 1522 684 1600 θεουργίαν,
740 1521 824 1578 ὅτι
887 1523 1018 1585 Θεὸς
1075 1521 1166 1577 καὶ
1226 1518 1338 1578 ἔστι
1398 1520 1771 1600 ἅνθρωποςυ,
1810 1525 1838 1579 ὁ
1889 1523 2049 1588 αὐτὸς

372 1614 472 1676 τὰς
523 1611 853 1686 θεοσημείας
901 1609 1294 1687 ἐργασάμενος,
1341 1613 1477 1686 μετὰ
1532 1612 1710 1689 βραχὺ
1765 1612 1933 1689 λέγει,
1961 1612 2042 1668 ὅτι

377 1697 793 1776 ἀμετάϐλητος⁹
860 1696 1045 1776 ἔμεινε
1093 1702 1194 1777 γὰρ
1228 1703 1316 1757 καὶ
1377 1703 1406 1757 ὃ
1437 1703 1505 1773 ἦν
1565 1701 1668 1760 ἀεί.
1706 1700 1928 1757 Κεικεῖνο
1989 1699 2046 1758 δὲ

380 1790 544 1848 πάλιν
607 1791 733 1868 δρα,
781 1795 902 1855 πῶς
948 1812 1114 1870 φησιν
1167 1790 1221 1846 έν
1278 1795 1348 1866 τῇ
1401 1791 1527 1867 ἁγίᾳ
1583 1791 1832 1865 Θεοτόκῳ
1862 1791 2048 1868 Μαρίᾳ

2163 721 2262 792 qui
2305 721 2448 776 dicit
2495 739 2562 778 ea
2609 739 2740 794 quae
2786 729 3058 779 sanctum
3105 724 3391 780 Joannem
3441 724 3818 797 (Baptistam)

2161 810 2528 880 spectabant,
2561 811 2934 868 annuntiavit
2963 815 3158 867 autem
3191 812 3368 868 etiam
3398 811 3818 885 Virgini,quod

2160 915 2229 954 ex
2279 900 2497 972 Spiritu
2558 905 2760 957 sancto
2820 901 3152 974 conciperet
3197 902 3571 958 incarnatum
3628 903 3815 958 Deum

2158 989 2444 1046 Verbum.

2230 1079 2525 1136 Humanze.
2559 1079 2829 1136 Humana
2885 1081 3082 1136 divina
3136 1081 3396 1153 operatio
3444 1085 3546 1136 aut
3599 1080 3816 1137 Christi

2159 1183 2296 1222 cum
2325 1167 2666 1224 hominibus
2691 1169 3078 1238 conversatio,
3104 1169 3162 1224 in
3187 1187 3304 1241 qua
3326 1169 3482 1226 Deus
3505 1170 3816 1240 exsistens,

2157 1255 2354 1312 divina
2385 1258 2442 1313 in
2476 1274 2650 1313 carne
2679 1259 3054 1330 operabatur.
3089 1259 3405 1315 Considera
3435 1265 3634 1314 autem
3675 1275 3818 1330 quo-

2157 1347 2353 1412 modo,
2387 1352 2704 1419 postquam
2735 1348 2949 1402 dixerit
2979 1348 3088 1404 hoc
3119 1347 3244 1405 loco
3273 1349 3817 1419 Jesum,humanam

2155 1437 2255 1492 Dei
2278 1438 2660 1507 Operationem
2686 1455 2706 1492 :
2737 1441 2794 1493 et
2824 1437 3063 1508 quidem
3092 1437 3339 1494 dicendo
3378 1439 3683 1494 humanam
3712 1439 3817 1494 de-

2155 1525 2340 1582 clarat
2369 1527 2520 1596 quod
2556 1527 2847 1597 perfectus
2881 1527 3052 1582 homo
3087 1527 3295 1596 fuerit;
3321 1544 3424 1599 per
3451 1543 3648 1583 vocem
3679 1543 3816 1583 vero

2154 1617 2254 1671 Dei
2306 1623 2698 1686 operationem,
2732 1616 2887 1688 quod
2949 1616 3028 1672 sit
3085 1616 3264 1684 Deus,
3313 1621 3372 1672 et
3425 1616 3625 1686 homo,
3657 1615 3816 1672 idem

2155 1705 2283 1776 ipse
2339 1704 2576 1760 deitatis
2635 1705 2804 1777 signa
2860 1709 3178 1776 operatus;
3212 1704 3387 1775 paulo
3446 1710 3581 1777 post
3635 1705 3814 1775 dicat,

2155 1793 2308 1865 quod
2365 1793 2791 1860 immutabilis;
2853 1794 3075 1849 mansit
3130 1793 3289 1849 enim
3343 1809 3579 1866 semper
3633 1793 3812 1850 etiam

381 1881 616 1957 γενέσθαι
697 1887 798 1952 τῆς
877 1879 1123 1958 ἀῤῥήτου
1203 1879 1566 1945 θεοπλαστίας
1621 1883 1682 1936 τὸ
1751 1880 2044 1957 θεαρχικὸν

2162 1881 2308 1954 quod
2343 1887 2508 1938 erat:
2544 1882 2812 1954 illudque
2861 1900 3069 1938 rursus
3112 1882 3264 1952 vide,
3315 1884 3609 1954 quomodo
3657 1882 3817 1939 dicat

380 1941 703 2043 μυστήριον.
756 1941 1143 2025 ’Θεοπλαστίαν
1204 1941 1262 2024 di
1321 1969 1488 2046 λέγει,
1549 1941 1735 2041 ὸηλῶν
1787 1941 2040 2032 ὅτδιΝΘεὸς

2162 1941 2209 2026 in
2241 1976 2445 2028 sancta
2477 1941 2733 2044 Deiparal
2755 1973 2938 2027 Maria
2972 1973 3154 2028 fuisse
3203 1941 3520 2028 ineffabilis
3553 1971 3655 2027 Dei
3686 1973 3815 2028 effi-

371 2057 646 2128 ιπλάσθη,
698 2060 820 2122 καθ’
872 2059 901 2114 ὃ
932 2059 1153 2133 γέγονεν
1186 2056 1496 2133 ἄνθρωπος,
1529 2059 1602 2121 ὡς
1633 2060 1695 2113 τὸ
1727 2058 1843 2136 εἲρη
1856 2059 2039 2132 μένονο

2162 2062 2360 2116 clionis
2407 2064 2872 2126 sacramentum,
2907 2062 3064 2134 quod
3102 2079 3136 2118 ιι
3165 2061 3280 2117 Deo
3313 2060 3670 2134 principium
3702 2061 3817 2116 du-

371 2148 438 2206 Ὀ
488 2147 662 2221 Λόγος
719 2147 851 2224 σὰρξ
907 2147 1141 2222 ἐγένετο.
1175 2148 1478 2223 Θεαρχικὸν
1512 2146 1592 2217 δὶ,
1638 2149 1721 2204 ὅτι
1778 2153 1877 2204 τοῦ
1907 2148 2042 2204 Θεοῦ

2162 2151 2255 2207 cit.
2287 2148 2654 2205 Θεοπλαστίαν
2689 2157 2885 2208 autem
2917 2150 3084 2220 dixit,
3116 2151 3425 2207 declarans
3474 2151 3630 2223 quod
3663 2154 3817 2208 Deus

372 2240 474 2291 τοῦ
532 2235 713 2292 αίτίου
770 2236 861 2291 καὶ
923 2237 1104 2312 ἀρχῆς
1159 2233 1314 2299 ἔντος
1362 2241 1472 2291 τῶν
1519 2235 1826 2312 λεγομένων
1883 2241 2041 2307 θεῶν,

2162 2241 2387 2297 efﬁctus
2416 2241 2594 2297 fuerit
2636 2242 2962 2297 secundum
2996 2243 3150 2313 quod
3187 2241 3296 2296 fuit
3326 2241 3526 2306 homo,
3557 2240 3716 2296 sicut
3745 2239 3815 2295 il-

373 2324 636 2402 ἀγγέλων
673 2347 726 2382 ιε
753 2326 844 2382 καὶ
878 2323 1108 2382 δικαίων
1153 2326 1475 2399 ἀνθρώπων,
1515 2326 1580 2381 τὸ
1616 2329 1914 2401 μυστήριον
1946 2329 2044 2397 τῆς

2162 2328 2256 2384 Iud
2290 2330 2604 2402 Scriptura
2639 2347 2651 2385 :
2685 2330 2927 2385 Verbum
2954 2345 3081 2385 caro
3108 2332 3320 2401 factum
3351 2333 3437 2384 est
3465 2328 3814 2403 (Ιε).Θεαρχι-

375 2415 854 2504 ἒνανθρωπήσεως
917 2415 1010 2486 ἦν,
1077 2415 1134 2472 ’ὸν
1190 2416 1319 2470 Θεὸν
1357 2415 1570 2486 Ἰησοῦν
1599 2415 2042 2491 προωνόμασε⁸².

2162 2417 2253 2472 κόν
2287 2425 2508 2486 autem,
2543 2420 2682 2492 quia
2713 2423 2825 2475 Deo
2855 2436 3035 2474 causa
3067 2424 3124 2475 et
3153 2418 3442 2491 principio
3498 2418 3818 2475 exsistente

376 2507 623 2563 illorum
656 2506 756 2580 qui
791 2506 1077 2563 dicuntur
1105 2506 1210 2576 dii,
1241 2506 1587 2580 angelorum
1636 2512 1694 2563 et
1736 2508 2037 2580 justorum
2086 2506 2418 2577 hominum,
2464 2512 2900 2564 sacramentum
2951 2506 3378 2564 incarnationis
3426 2506 3623 2573 fiebat,
3657 2507 3814 2579 quod

373 2595 588 2651 Jesum
621 2595 808 2652 Deum
841 2595 1314 2667 praenominavit.

447 2683 568 2752 Τὴν
631 2680 689 2738 δὲ
744 2684 996 2758 Μαριάμ.
1057 2683 1380 2758 Σημείωσαι
1433 2687 1603 2740 ταῦτα
1656 2685 1794 2739 κατά
1840 2685 2044 2741 Νεστο-

371 2776 604 2848 ριανῶψ
665 2771 728 2827 οὗ
773 2772 974 2834 πάντες
1031 2769 1089 2827 δὲ
1137 2770 1366 2848 ἄγγελοι
1420 2771 1799 2851 έθαῤῥήθησαν
1852 2774 1916 2829 τὸ
1950 2784 2070 2847 μυ‹“

372 2863 608 2937 στήριον
667 2867 770 2931 τῆς
821 2861 1180 2935 οῗκονομίαςο
1231 2861 1368 2934 ἐπεὶ,
1428 2863 1518 2918 ὅτε
1573 2857 1982 2936 ἀνελαμϐάνετο
2014 2863 2042 2918 ὁ

372 2950 584 3027 Κύριος
619 2951 757 3025 μετὰ
779 2951 842 3007 τὸ
872 2951 1073 3019 πάθος,
1104 2952 1248 3013 τινὶς
1305 2951 1442 3020 ἦσαν
1495 2953 1548 3006 οἱ
1601 2951 1878 3028 λέγοντες,
1934 2952 2043 3022 ὅτι,

367 3038 467 3101 Τίς
541 3038 685 3095 ἐστιν
749 3040 908 3102 οὗτος
985 3041 1013 3094 ὁ
1090 3039 1358 3105 Βασιλεὺς
1432 3045 1534 3104 τῆς
1584 3039 1782 3113 δόξηςς
1839 3044 1874 3111 ἡ
1935 3043 2040 3118 γὰρ

372 3127 654 3205 ἰρώτησις
703 3129 926 3206 ἄγνοιαν
982 3129 1254 3209 ἐμφαίνει.
1316 3131 1633 3204 Σημείωσαι
1683 3132 1821 3186 κατὰ
1844 3136 2044 3187 Νεστο-

371 3223 580 3295 ριανῶν
638 3219 727 3274 καὶ
789 3217 1129 3297 Ἀκεφάλων,
1181 3220 1264 3275 ὅτι
1321 3219 1416 3275 τὸν
1449 3221 1656 3291 Ἰησοῦν
1719 3219 2038 3296 ὑπερούσιον

2228 2687 2475 2742 Mariam
2524 2689 2728 2742 autem.
2769 2685 2920 2741 Nota
2968 2684 3089 2741 haec
3137 2688 3341 2741 contra
3389 2685 3820 2754 Nestorianos;

2153 2792 2268 2831 non
2301 2792 2507 2831 omnes
2555 2779 2750 2831 autem
2799 2773 2994 2847 angeli
3045 2790 3253 2830 secure
3305 2789 3407 2830 seu
3443 2775 3667 2846 absque
3695 2773 3816 2830 ullo

2153 2853 2333 2921 dubio
2362 2865 2681 2920 credebant
2711 2863 3060 2933 mysterium
3095 2863 3558 2935 dispensationis
3588 2879 3688 2918 seu
3722 2862 3818 2918 in-

2151 2953 2553 3020 carnationis;
2585 2952 3091 3024 quandoquidem,
3125 2953 3366 3024 quando
3399 2951 3821 3008 assumebatur

2153 3043 2438 3099 Dominus
2472 3047 2602 3112 post
2636 3042 2973 3114 passionem
3005 3041 3184 3112 aliqui
3234 3041 3487 3096 dixerint
3519 3057 3533 3095 :
3567 3042 3707 3111 Quis
3737 3045 3819 3097 est

2150 3135 2254 3189 iste
2283 3134 2395 3188 Rea:
2421 3133 2618 3201 gloriae
2642 3132 2704 3205 (ι)
2726 3131 2754 3187 ?
2776 3131 3157 3204 interrogatio
3190 3129 3349 3186 enim
3383 3129 3816 3202 ignorationem

2150 3222 2522 3294 arguit.Nota
2543 3225 2748 3277 contra
2771 3221 3147 3277 Nestorianos
3170 3223 3229 3275 et
3250 3217 3577 3288 Acephalos
3610 3235 3623 3272 :
3657 3219 3816 3290 quod

372 3307 580 3378 αἰτίαν,
637 3308 826 3386 φησὶν,
889 3309 982 3364 ἅτε
1036 3309 1279 3380 ποιητὴν
1338 3305 1468 3364 ὄντα
1520 3308 1758 3365 πάντων·
1816 3308 1906 3364 καὶ
1956 3311 2038 3364 ὅτι

2162 3313 2349 3368 Iesum
2405 3309 2962 3382 superessentialem
3011 3325 3256 3365 causam
3305 3309 3484 3374 dicat,
3527 3313 3815 3379 tanquam

369 3391 742 3472 ἆμεταϐόλως
801 3396 949 3474 λέγει
979 3397 1138 3454 αὐτὸν
1168 3401 1518 3476 γεγεννῆσθαι
1548 3400 1667 3463 καθ’
1715 3401 1886 3472 ἡμᾶς’
1933 3397 2040 3475 οὐχ

2162 3405 2470 3457 ΒΓΘΕιΟΓϐΠ]
2503 3399 2794 3468 omnium,
2821 3399 2974 3470 quod
3007 3398 3185 3454 etiam
3219 3398 3396 3467 dicat,
3429 3405 3561 3452 eum
3592 3397 3817 3453 immu-

369 3465 585 3558 ἠάὗτὴ
621 3484 680 3543 δὲ
707 3487 796 3543 καὶ
835 3465 934 3562 μία
989 3492 1155 3543 ταῦτα
1181 3465 1399 3563 'qa-ﬁstc,
1459 3487 1504 3543 εί
1556 3489 1645 3543 καὶ
1707 3465 1945 3551 δ”αὐτὸς
1973 3465 2040 3543 τέ

2162 3489 2410 3546 tabiliter
2457 3489 2642 3545 fuisse
2691 3465 2865 3545 nobis
2910 3487 3167 3544 similem
3205 3505 3218 3543 :
3253 3465 3388 3542 non
3420 3490 3563 3541 sunt
3615 3490 3814 3542 autem

371 3573 495 3631 δύου
548 3575 638 3632 καὶ
671 3575 754 3631 ὅτι
787 3575 952 3640 αὐτὸς
979 3576 1068 3632 καὶ
1099 3577 1407 3651 νομοθέτης
1438 3570 1661 3632 καῖὑπὸ
1708 3575 1900 3650 νόμον,
1949 3577 2040 3632 καὶ

2162 3581 2273 3636 haec
2295 3597 2414 3636 una
2435 3581 2716 3637 eteadem
2743 3584 2976 3647 natura,
2997 3579 3106 3636 etsi
3126 3579 3284 3635 idem
3307 3577 3435 3650 ipse
3453 3577 3532 3633 sit
3560 3577 3678 3634 duo
3709 3592 3815 3634 seu

375 3665 461 3720 δτι
492 3665 585 3720 καὶ
616 3666 780 3730 αὐτὸς
813 3667 888 3728 ὼς
939 3664 1227 3742 ἄνθρωπος
1274 3663 1346 3720 δι’
1406 3664 1654 3740 ἀγγέλων
1709 3663 2037 3736 διετάττετο,

2162 3674 2470 3742 utrumque
2495 3687 2509 3736 ;
2533 3675 2590 3726 et
2631 3670 2786 3742 quod
2815 3669 2971 3725 idem
3016 3669 3093 3724 sit
3123 3667 3427 3741 legislalor
3446 3670 3503 3722 et
3526 3665 3642 3739 legi
3671 3665 3814 3722 sub-

382 3751 438 3808 ῐν
491 3775 546 3810 τε
582 3759 656 3829 τῇ
715 3755 794 3818 εἷς
851 3753 1128 3829 Αἴγυπτον
1181 3755 1554 3830 ἀναχωρήσει,
1603 3755 1695 3810 καὶ
1753 3754 1805 3810 ἐν
1863 3759 1932 3829 τῇ
1987 3754 2040 3826 ἐξ

2162 3761 2334 3825 lectus
2363 3776 2377 3825 ;
2401 3764 2458 3814 et
2479 3759 2634 3831 quod
2660 3759 2910 3824 idem,ut
2929 3757 3240 3830 homo,per
3255 3754 3495 3828 angelos
3515 3753 3814 3828 dirigeba-

379 3843 548 3914 αὐτῆς
605 3843 952 3922 ὗποστροφῇ,
990 3844 1080 3900 καὶ
1135 3844 1218 3900 ὅτι
1279 3843 1438 3907 αὐτός
1495 3844 1638 3900 ἑστιν
1697 3845 1725 3899 ὁ
1780 3845 1869 3900 καὶ
1927 3849 2038 3900 τῶν

2162 3865 2246 3904 :ur
2275 3865 2411 3904 cum
2443 3848 2504 3903 in
2529 3864 2766 3904 secessu
2798 3847 2858 3903 in
2890 3848 3358 3920 IEgyptum,tum
3400 3844 3493 3900 I8
3527 3844 3587 3900 in
3619 3844 3812 3900 reditu

369 3932 629 4008 ἀγγέλων
689 3931 1058 4010 δημιουργός.
1114 3936 1278 3989 ⁴⁹Ωστε
1330 3935 1410 3997 εἷς
1466 3935 1555 3989 καὶ
1614 3933 1775 3996 αὐτὸς
1806 3935 2037 4010 Χριστὸς

2162 3952 2216 3993 3x
2246 3937 2473 4004 eadem,
2513 3941 2572 3992 et
2603 3937 2758 4008 quod
2808 3936 2964 3992 idem
2998 3935 3124 4007 ipse
3153 3935 3233 3990 sit
3261 3934 3590 4004 angelorum
3616 3931 3813 3989 condi-

367 4021 424 4076 ἐν
459 4019 560 4078 δύο
607 4023 796 4102 φύσεσι
856 4027 920 4079 τὸ
984 4023 1120 4100 μέγα
1162 4025 1261 4093 τῆς
1295 4022 1619 4098 οἶκονομίας
1669 4023 2037 4098 κατεπράξατο

369 4113 706 4189 μυστήριον⁸
759 4109 972 4189 εἴρηται
1029 4112 1156 4189 γάρ.
1189 4114 1308 4182 "Oc,
1369 4111 1420 4167 ἐν
1487 4117 1671 4191 μορφῇ
1703 4117 1836 4168 Θεοῦ
1870 4113 2039 4190 ὖπάρ-

369 4221 494 4277 χων
529 4247 546 4274 ,
607 4201 716 4278 οὐχ
792 4201 1078 4280 ἁρπαγμὸν
1132 4205 1384 4278 ἡγήσατο
1439 4202 1502 4258 τὸ
1560 4203 1692 4258 εἶναι
1753 4199 1844 4258 ί¹σα
1896 4207 2032 4277 Θεῷ·

366 4290 503 4346 ἀλλ’
579 4291 767 4348 ἑαυτὸν
856 4291 1120 4363 ἐκένωσε,
1210 4293 1428 4371 μορφὴν
1526 4289 1728 4348 δούλου
1809 4287 2032 4350 λαϐὼν,

363 4378 516 4438 Ἰδοὺ
580 4378 676 4436 δύο
756 4381 998 4459 μορφαί·
1053 4381 1187 4458 ὅπερ
1245 4383 1351 4457 γάρ
1408 4402 1570 4459 φησιν
1629 4379 1879 4451 ἐνταῦθα,
1937 4382 2040 4437 οὐκ

365 4466 663 4542 ἀποπηδᾷ,
720 4471 883 4525 τοῦτό
943 4470 1054 4526 έστι
1113 4469 1203 4539 τὸ,
1255 4471 1366 4546 οὐχ
1422 4469 1708 4545 ἁρπαγμὸν
1770 4472 2040 4545 ἡγήσατο,

2148 4035 2270 4094 tor;
2301 4026 2382 4081 ita
2412 4031 2478 4082 ut
2509 4043 2664 4082 unus
2695 4031 2752 4082 et
2799 4027 2952 4082 idem
3001 4024 3266 4080 Christus
3297 4025 3355 4078 in
3390 4021 3620 4078 naturis
3663 4021 3808 4078 dua-

2146 4117 2282 4184 bus,
2314 4132 2595 4188 magnum
2627 4115 3087 4187 dispensationis
3138 4114 3428 4185 peregerit
3475 4127 3810 4168 sacramen-

2145 4210 2272 4261 tum
2299 4222 2311 4272 ;
2346 4206 2566 4261 dictum
2600 4204 2896 4276 siquidem
2928 4209 3018 4261 est
3050 4221 3064 4260 :
3099 4203 3207 4272 Qui
3235 4219 3360 4258 cum
3391 4203 3452 4257 in
3492 4203 3683 4272 forma
3709 4201 3816 4256 Dei

2147 4299 2303 4362 esset,
2335 4312 2451 4351 non
2497 4295 2757 4366 rapinam
2808 4295 3109 4350 arbitratus
3155 4296 3236 4348 est
3281 4308 3398 4348 esse
3440 4307 3500 4347 se
3539 4291 3816 4363 aequalem

2147 4386 2255 4442 Deo
2279 4403 2292 4450 ;
2326 4385 2420 4441 sed
2446 4386 2799 4457 semetipsum
2841 4384 3181 4450 exinanivit,
3212 4386 3462 4454 formam
3489 4382 3637 4436 servi
3663 4381 3814 4435 acci-

2143 4479 2304 4549 piens
2331 4478 2455 4550 (νη).
2486 4477 2632 4532 Ecce
2675 4478 2822 4531 duas
2855 4476 3114 4543 formas;
3147 4475 3304 4546 quod
3335 4473 3492 4530 enim
3522 4472 3619 4527 hic
3648 4471 3812 4542 dicit,

364 4559 655 4616 τουτέστιν
713 4561 813 4617 οὐχ
867 4561 1179 4632 ἀπηξίωσεν
1252 4561 1328 4623 ὡς
1403 4559 1688 4636 ἅνθρωπος
1737 4562 2038 4618 ὑπακοῦσαι

2162 4582 2264 4621 non
2298 4565 2535 4637 refugit,
2565 4563 2624 4620 id
2657 4569 2750 4620 est
2775 4580 2886 4621 non
2919 4566 3183 4635 rapinam
3229 4563 3534 4618 arbitratus
3561 4568 3662 4626 est,
3692 4559 3805 4617 hoc

362 4649 464 4704 καὶ
495 4649 784 4725 ἀγγέλοις,
844 4650 1110 4716 εὐπειθῶς
1168 4647 1283 4705 δὶ³³
1329 4650 1682 4706 ὑποτάττεται
1765 4655 1884 4714 ταῖς
1939 4655 2038 4707 τοῦ

2162 4659 2239 4711 est
2269 4672 2383 4710 non
2413 4654 2769 4726 dedignatus
2799 4658 2889 4708 est
2921 4659 2986 4708 ut
3016 4653 3214 4718 homo,
3250 4649 3488 4706 obedire
3534 4649 3762 4722 angelis
3793 4664 3810 4705 :

363 4742 508 4794 Θεοῦ
542 4737 632 4793 καὶ
686 4739 898 4815 Πατρὸς
949 4737 1021 4795 δι’
1051 4737 1302 4814 ἀγγέλων
1349 4741 1781 4795 ὑποτυπώσεσιν·
1815 4741 2038 4804 αὖτὸς³⁴

2162 4743 2501 4816 )bsequiose
2534 4747 2730 4800 autem
2783 4741 3101 4812 subjicitur
3135 4741 3230 4795 Dei
3263 4749 3311 4796 el
3349 4739 3540 4795 Patris
3572 4754 3677 4812 per
3705 4755 3818 4794 an-

357 4827 471 4904 γὰρ
499 4829 661 4890 οὗτος
691 4826 838 4903 ἔταξε
866 4829 931 4884 τὸ
963 4828 1302 4906 ἀνθρώπινον
1334 4829 1492 4904 γένος
1524 4825 1746 4888 διέπειν.

2162 4833 2307 4905 ςοιοε
2337 4833 2900 4902 informationibus;
2932 4831 3027 4887 hic
3068 4831 3226 4886 enim
3260 4828 3560 4886 ordinavit
3601 4831 3666 4883 ut
3696 4827 3813 4901 ipsi

2144 4938 2334 4994 genus
2361 4922 2694 4978 humanum
2729 4920 3240 4977 administrarent.

2213 5012 2659 5068 Immutabiliter.
2695 5011 2895 5082 Neque
2923 5011 3079 5066 enim
3111 5025 3280 5066 versa
3310 5007 3423 5064 fuit
3452 5007 3516 5064 in
3547 5005 3810 5064 divinam

2143 5107 2420 5158 naturam
2451 5126 2466 5169 ;
2500 5101 2761 5157 humana
2790 5098 3017 5156 scilicet
3050 5103 3284 5154 natura.

2212 5191 2332 5246 Non
2359 5193 2583 5262 refugit.
2617 5191 2765 5246 Nam
2797 5189 2871 5246 ab
2903 5189 3033 5262 ipso
3077 5189 3352 5245 ordinata
3381 5203 3488 5245 seu
3539 5185 3808 5261 pradon-

442 5001 857 5080 Ἀμεταϐόλως.
893 5007 972 5066 Οὔ
1000 5006 1102 5085 γὰρ
1144 5006 1350 5084 ἐτράπη
1380 5009 1478 5078 τήν
1511 5006 1658 5063 θείαν
1691 5007 1869 5086 φύσιν.

439 5184 562 5244 Οὐκ
603 5184 885 5259 ἀποπηδᾷ.
945 5187 1030 5246 Τὰ
1079 5185 1181 5264 γὰρ
1243 5185 1332 5242 ὑπ’
1391 5183 1559 5243 αὐτοῦ
1613 5187 1905 5264 ταχθέντα,
1963 5184 2030 5256 ἤ-

438 5361 523 5432 (k)
553 5361 719 5418 Joan.
763 5377 804 5433 ι,
839 5361 926 5419 14.
1004 5361 1071 5434 (ι)
1100 5360 1252 5418 Psal.
1285 5378 1451 5431 xxm,
1482 5362 1538 5428 8,
1574 5361 1660 5417 10.
1741 5363 1833 5433 (m)
1868 5361 2044 5436 Phili]

2162 5379 2222 5432 II,
2253 5365 2346 5420 67.

1387 5589 1626 5655 VARI!!!
1665 5597 2062 5657 LECTIONES
2101 5599 2190 5656 ET
2228 5599 2794 5660 CORRECTIONES.

439 5733 482 5769 ³¹
516 5731 646 5797 Θεὸς
675 5729 771 5789 καὶ
806 5728 1124 5807 ἄνθρωπος.
1197 5733 1244 5770 ⁸³
1271 5733 1690 5809 προσωνόμασε.
1769 5735 1816 5772 ³³
1843 5731 1968 5812 γάρ.
2044 5736 2092 5773 ³⁴
2115 5733 2333 5809 αὐτούς,
2365 5735 2610 5810 respicit
2639 5735 2797 5793 enim
2829 5732 3121 5811 ἀγγέλους.
