4134 6390
380 366 458 425 59
1219 373 1586 428 APPENDIX
1619 374 1721 428 AD
1756 370 2001 427 OPEBA
2033 373 2041 424 l

2156 370 2453 431 )IONYSII
2495 375 3001 434 ΔΒΕΟΡΔΟΙΤΕ.
3741 380 3817 437 60

382 493 528 561 uita,
561 493 778 568 ipsein
809 495 1090 552 extremis
1121 496 1486 568 assumpsit;
1517 500 1576 552 et
1605 495 1665 551 in
1717 495 1913 567 seipse
1945 509 2039 548 os-

2156 512 2283 565 γουν
2311 498 2726 570 προορισθέντα,
2759 497 2919 563 αὐτὸς
2942 497 3025 555 ἐπ’
3048 499 3290 577 ἐσχάτων
3323 497 3577 574 ἀνέλαϐε,
3609 503 3702 560 καὶ
3733 503 3811 568 εἶς

391 584 599 640 tendit.

458 673 531 710 ³⁵*
562 678 632 733 Et
661 692 760 748 per
789 674 1038 746 angelos.
1053 675 1181 732 Fuit
1212 676 1428 732 etenim
1462 675 1573 731 sub
1607 672 1887 747 lege,quaa
1918 689 2051 730 con-

388 763 602 821 stituta
633 766 744 821 fuit
774 781 878 836 per
907 765 1148 837 angelos
1181 765 1240 820 in
1275 783 1454 820 manu
1488 765 1850 820 mediatoris.

458 856 525 910 El
551 855 619 912 de
649 856 868 928 angelo.
897 858 1083 928 Caput
1113 857 1185 912 de
1215 854 1422 928 angelo
1453 855 1815 911 confortante
1846 852 2048 909 Domi-

387 961 554 1010 num,
589 946 744 1016 quod
797 946 856 1000 in
888 950 1042 1001 Luca
1089 945 1357 1013 habetur,
1388 947 1530 1001 citat
1579 945 1755 999 etiam
1801 960 2049 1014 magnus

388 1035 707 1108 Dionysius
735 1053 750 1103 ;
784 1036 902 1090 imo
958 1035 1039 1090 ait
1072 1034 1214 1090 illud
1247 1035 1381 1102 sibi,
1405 1039 1582 1106 atque
1615 1037 1818 1089 sancto
1845 1033 2046 1088 Timo-

387 1123 524 1178 theo
583 1125 644 1180 in
704 1124 984 1195 mysterio
1041 1128 1098 1179 et
1154 1123 1379 1179 occulte
1433 1123 1716 1178 traditum
1765 1139 1798 1176 a
1844 1125 2047 1176 sancto

388 1213 611 1279 Paulo;
645 1213 834 1283 ipsius
865 1213 1020 1268 enim
1054 1212 1526 1285 praedicationem
1579 1216 1820 1266 sanctus
1862 1210 2047 1266 Lucas

389 1301 762 1372 conscripsit.
799 1301 918 1357 Hoc
972 1301 1231 1357 declarat
1276 1315 1434 1366 vero,
1467 1315 1602 1354 eum
1651 1303 1934 1371 tanquam
1984 1298 2043 1354 in

390 1390 669 1464 mysterio
701 1391 999 1464 accepisse
1034 1390 1174 1462 quia
1202 1390 1347 1446 dicit
1380 1407 1392 1446 :
1426 1391 1639 1446 Nostris
1665 1391 1841 1446 sacris
1870 1389 2044 1445 tradi-

383 1480 628 1536 tionibus
677 1480 1015 1552 explanata.
1048 1480 1196 1536 Vide
1243 1496 1376 1536 vero
1425 1480 1601 1534 etiam
1635 1477 1811 1534 aliam
1861 1477 2044 1533 inter-

384 1567 776 1641 pretationem
811 1586 940 1641 qua
993 1569 1157 1636 dicit,
1191 1569 1414 1625 dictum
1446 1567 1596 1624 enim
1629 1583 1758 1624 esse
1789 1567 1861 1622 ab
1894 1567 2043 1622 Isaia

379 1661 573 1729 magni
621 1660 848 1716 consilii
895 1659 1161 1729 angelum
1189 1677 1208 1715 :
1241 1657 1535 1715 nominari
1582 1657 1849 1730 genitum
1898 1673 2040 1730 pue-

382 1764 538 1818 rum,
569 1747 731 1804 carni
762 1748 948 1820 ipsius
995 1749 1309 1805 convenire
1341 1749 1501 1819 dicit,
1534 1754 1592 1804 et
1620 1752 1860 1820 propter
1897 1747 2038 1819 quid

2101 626 2107 633 .
2157 582 2345 639 ἐαυτὸν
2379 580 2562 657 ἔδειξε.

2228 853 2326 906 Καὶ
2385 853 2508 928 περὶ
2563 857 2661 911 τοῦ
2717 854 2974 932 ἀγγέλου.
3033 859 3155 917 Ὅτι
3185 857 3246 914 τὸ
3302 863 3399 915 τοῦ
3431 859 3809 938 ἐνισχύσαντος

2158 940 2399 1017 ἀγγέλου
2449 945 2540 999 τὸν
2601 944 2795 1021 Κύριον
2855 944 3174 1022 κεφάλαιον,
3234 946 3368 1026 ὅπερ
3426 948 3477 1005 ἰν
3535 955 3616 1023 τῷ
3672 952 3812 1007 κατὰ

2159 1035 2363 1088 Δουκᾶν
2416 1032 2654 1109 φέρεται,
2702 1035 2852 1110 λέγει
2909 1037 2998 1091 καὶ
3057 1038 3086 1092 6
3147 1038 3314 1114 μέγας
3372 1039 3676 1107 Διονύσιος,
3716 1041 3810 1096 καὶ

2157 1118 2239 1174 ὅτι
2271 1121 2524 1199 ἀγράφως
2559 1121 2774 1196 μᾶλλον
2809 1124 2860 1180 ἐν
2899 1127 3192 1201 μυστηρίῳ
3221 1129 3470 1205 κρυφίως
3499 1129 3632 1184 αὑτὸ
3663 1149 3809 1203 παρ..

2156 1207 2318 1281 εδόθη
2373 1211 2518 1281 αὐτῷ
2579 1212 2670 1267 καὶ
2724 1218 2805 1286 τῷ
2861 1213 3002 1289 ἁγίῳ
3047 1217 3300 1289 Τιμοθέῳ
3361 1217 3465 1272 ὑπὸ
3516 1221 3613 1272 τοῦ
3669 1219 3809 1273 ἀπο-

2155 1298 2356 1355 στόλου
2389 1298 2629 1356 Παύλουο
2684 1303 2748 1358 τὸ
2795 1304 2895 1379 γὰρ
2949 1304 3118 1359 αὐτοῦ
3159 1307 3417 1382 κηρυγμα
3474 1306 3808 1383 συνέγραψεν

2154 1390 2182 1444 6
2215 1396 2441 1453 Λουκᾶς·
2469 1388 2734 1462 δηλοῦται
2763 1389 2821 1447 δὲ
2849 1397 3033 1466 τοῦτο,
3062 1393 3144 1449 δτι
3167 1398 3241 1456 ὡς
3271 1393 3323 1449 ἐν
3351 1394 3636 1472 μυστηρίῳ
3666 1416 3808 1472 παρ-

2153 1473 2346 1534 έλαϐεν
2403 1479 2510 1535 ἀπὸ
2567 1484 2664 1534 τοῦ
2723 1479 2915 1536 εῗπεῖν⁹
2971 1487 3099 1548 Ταῖς
3148 1483 3446 1560 ἱερατικαῖς
3474 1486 3634 1558 ἡμῶν
3693 1503 3804 1540 πα·-

2150 1565 2429 1643 ραδόσεσιν
2490 1568 2886 1646 ἐκπεφασμένα.
2962 1574 3098 1645 Ὅρα
3169 1569 3227 1628 δὲ
3301 1574 3392 1628 καὶ
3462 1575 3562 1642 τὴν
3622 1571 3805 1642 ἄλλην

2148 1655 2462 1732 ἐρμηνείαν,
2519 1659 2643 1728 ἥτις
2699 1659 2855 1738 φησὶ,
2913 1661 2976 1715 τὸ
3032 1661 3134 1735 γὰρ
3196 1662 3518 1736 είρῆσθαιδδ
3543 1665 3691 1738 παρὰ
3721 1668 3804 1737 τῷ

2147 1745 2340 1818 Ἡσαΐᾳ
2409 1753 2510 1818 τῆς
2590 1747 2835 1825 μεγάλης
2917 1749 3127 1826 βουλῆς
3205 1750 3460 1827 ἄγγελον·
3538 1751 3806 1826 ὀνομάζε-

380 1843 625 1894 vocatus
673 1840 750 1894 sit
796 1837 1063 1909 angelus,
1097 1837 1239 1910 quia
1285 1839 1477 1894 Patris
1524 1837 1838 1894 consilium
1869 1835 2039 1893 nobis

2156 1847 2265 1901 seat
2313 1838 2376 1891 τὸ
2427 1839 2683 1912 γεννηθὲν
2740 1836 2958 1894 παιδίον
3011 1843 3082 1915 τῇ
3139 1840 3296 1917 σαρκὶ
3353 1839 3519 1897 αὐτοῦ
3575 1843 3804 1918 πρέπειν

382 1927 755 1983 annuntiavit
786 1944 798 1982 :
833 1943 1072 1983 servans
1101 1928 1258 1983 enim
1293 1945 1400 1984 nos
1431 1944 1532 1999 per
1570 1926 1867 1999 propriam
1900 1943 2038 1997 pas-

379 2013 630 2084 sionem,
692 2017 954 2071 ostendit
1012 2020 1237 2071 Patrem
1295 2018 1562 2087 ejusdem
1617 2018 1796 2071 etiam
1855 2015 2038 2071 fuisse

379 2104 610 2160 consilii
640 2125 655 2173 ;
693 2120 884 2175 neque
912 2104 1069 2160 enim
1103 2109 1170 2160 ut
1208 2104 1450 2160 inferior
1480 2105 1649 2161 Patre
1677 2109 1919 2160 vocatus
1949 2108 2039 2159 est

381 2193 629 2266 angelus
662 2209 676 2248 :
710 2193 820 2249 hoc
853 2198 944 2249 est
971 2198 1174 2250 contra
1207 2193 1476 2250 Arianos.
1509 2195 1693 2265 Caput
1724 2194 1795 2248 de
1828 2199 2036 2266 angelo

381 2284 771 2339 confirmante
817 2301 929 2338 non
989 2284 1190 2355 capias
1238 2289 1448 2355 prater
1477 2289 1690 2340 sanctis
1729 2281 2038 2356 Scriptura:

380 2372 953 2445 interpretationem,
991 2372 1100 2428 hoc
1133 2373 1286 2429 enim
1324 2373 1564 2444 intelligi
1605 2373 1798 2443 debet,
1829 2389 2038 2429 secun-

381 2461 524 2516 dum
590 2477 874 2526 carnem;
935 2477 1072 2516 nam
1125 2465 1182 2516 et
1241 2460 1380 2516 alibi
1439 2461 1576 2516 dicit
1631 2459 2038 2532 Evangelium,

380 2553 513 2620 post
558 2548 911 2604 tentationes
945 2565 957 2604 :
991 2549 1314 2606 Aceedentes
1343 2550 1528 2621 angeli
1555 2550 1956 2604 ministrabant
1985 2550 2042 2604 ei

381 2639 484 2710 (n):
505 2643 562 2693 et
589 2639 744 2709 quod
762 2640 1034 2709 fatigatus
1056 2656 1130 2696 ea:
1156 2640 1446 2709 itinere,et
1467 2640 1621 2710 quod
1644 2641 1901 2696 esurierit
1928 2639 2036 2710 (0):

380 2727 504 2784 haec
519 2728 672 2783 enim
689 2728 886 2784 omnia
908 2731 1373 2785 ostendunteum
1395 2730 1714 2800 perfectum
1739 2729 2038 2784 hominem

381 2835 515 2876 cum
557 2818 683 2876 suis
739 2820 1121 2892 passionibus
1183 2821 1604 2892 assumpsisse.
1644 2821 1854 2876 Verum
1886 2820 2043 2875 dicet

381 2907 618 2982 aliquis,
645 2909 742 2965 ubi
776 2909 1092 2965 necessitas
1113 2911 1223 2966 fuit
1243 2909 1451 2982 angelo
1481 2910 1995 2982 deitatepraasente
2019 2914 2042 2965 Ρ

382 2997 649 3054 Dicimus
701 2998 886 3072 igitur
933 2999 1116 3054 Deum
1169 2999 1430 3070 plurima
1479 3015 1582 3071 per
1631 2997 1870 3070 angelos
1925 2999 2040 3054 mi-

381 3086 584 3144 racula
631 3088 905 3160 operari:
949 3091 1124 3162 atque
1172 3089 1278 3145 hoc
1328 3087 1603 3145 universa
1653 3086 1795 3144 dicit
1844 3087 2037 3160 Scrip-

379 3180 538 3232 tura.

461 3357 560 3412 ιο
597 3359 1126 3428 lani/estawrium.
1156 3358 1496 3414 Secundum
1526 3356 1671 3414 illud
1704 3357 1777 3413 ab
1806 3358 1932 3431 ipso
1963 3358 2035 3415 ad

379 3449 607 3502 Patrem
657 3447 878 3504 dictum
915 3466 928 3505 :
961 3449 1312 3520 Manifestan
1339 3463 1539 3505 nomen
1587 3457 1746 3504 tuum
1793 3448 2037 3505 homini-

379 3533 478 3590 bus
507 3535 606 3607 (ρ).

1024 3625 1098 3682 ΙΝ
1137 3627 1292 3683 CAP.
1326 3626 1394 3681 V.

450 3713 698 3770 Caelesles
744 3715 1032 3770 essentias.
1066 3713 1182 3772 Cur
1238 3732 1431 3788 porro,
1493 3715 1750 3772 Ecclesia
1808 3717 2039 3774 dicente

380 3803 686 3860 universos
745 3809 984 3861 sanctos
1045 3809 1290 3877 angelos,
1325 3811 1502 3862 untus
1558 3824 1690 3864 esse
1747 3808 2034 3874 essentiae,

381 3893 615 3950 divinus
643 3894 963 3968 Dionysius
1013 3895 1232 3952 multas
1283 3897 1552 3953 nominat
1596 3897 1887 3953 virtutes?
1918 3901 2038 3952 Ma-

380 3999 535 4057 gnus
563 3984 902 4056 Dionysius,
931 3984 1295 4042 Alexandriae
1325 3986 1660 4060 episcopus,
1693 3991 1892 4043 orator
1919 3985 2039 4054 ille,

380 4074 442 4130 in
473 4076 914 4132 commentariis
961 4077 1087 4133 suis
1119 4094 1267 4150 quos
1317 4078 1375 4132 in
1426 4077 1664 4134 beatum
1696 4075 2040 4148 Dionysium

382 4163 498 4221 sibi
546 4167 980 4237 cognominem,
1031 4168 1189 4239 fecit,
1220 4167 1304 4223 ita
1352 4167 1542 4223 dicit:
1577 4166 1740 4231 Quod
1795 4165 2042 4237 profana

382 4253 675 4326 sapientia
706 4273 811 4328 pro
845 4273 1006 4314 more
1036 4257 1251 4313 habeat
1301 4256 1602 4329 appellare
1633 4252 1922 4330 ἀγέννητον
1956 4255 2044 4311 in-

381 4349 669 4412 creatum,
703 4346 1037 4402 universam
1068 4345 1429 4402 invisibilem
1463 4343 2044 4416 naturam,similiter

381 4439 443 4490 et
470 4435 758 4490 essentias
790 4435 1234 4503 subsistentias,
1265 4440 1445 4505 atque
1472 4450 1542 4489 ex
1571 4433 1681 4488 hoc
1730 4432 1892 4500 dicit,
1933 4433 2041 4489 has

383 4540 552 4580 voces
601 4540 670 4581 ex
721 4542 882 4582 more
933 4526 1314 4597 profanorum
1373 4522 1729 4595 scriptorum
1773 4539 1806 4578 a
1835 4528 2040 4580 sancto

384 4611 661 4686 Dionysio
695 4615 939 4671 abusive
969 4616 1157 4671 dictas
1188 4629 1340 4670 esse.

454 4702 973 4775 Mani/estationem,
1021 4708 1119 4758 Gr.
1171 4698 1582 4778 Ἐκφαντορίαν,
1615 4699 1674 4756 id
1715 4704 1807 4758 est
1852 4700 2040 4758 eluci-

378 4791 676 4850 dationem
709 4811 810 4850 seu
843 4791 1326 4849 declarationem.

451 4882 764 4955 Appellant.
815 4887 1189 4939 Postremum
1247 4878 1516 4935 ordinem
1576 4879 2037 4955 intelligibilium

344 4969 544 5038 .dicit,
597 4972 890 5030 nominari
940 4971 1179 5043 proprie
1228 4969 1477 5041 angelos,
1527 4969 1862 5041 superiores
1906 4988 2040 5028 vero

381 5058 589 5129 aliter;
615 5078 866 5133 quorum
889 5060 1124 5133 aliquos
1143 5059 1322 5115 etiam
1354 5059 1649 5128 nominat;
1682 5061 1741 5117 in
1772 5063 2043 5134 sequenti

347 5163 554 5222 iporro
601 5152 814 5223 capite,
867 5150 1143 5205 ordinum
1196 5165 1402 5205 novem
1457 5150 1702 5222 mystice
1748 5152 2040 5220 meminit,

381 5255 538 5294 nunc
571 5243 771 5295 autem
803 5238 1053 5310 perfecte
1084 5237 1247 5306 dicit,
1272 5238 1606 5309 superiores
1629 5240 1864 5296 ordines
1895 5241 2046 5296 scire

381 5329 584 5383 omnia
615 5343 746 5400 quae
793 5326 1102 5383 inferiores
1148 5323 1540 5383 illustrations
1592 5327 1909 5398 docentur;
1947 5345 2044 5386 co-

2147 1927 2303 2004 φησῖ,
2353 1926 2442 1982 καὶ
2484 1924 2575 1982 διὰ
2601 1928 2653 1982 τί
2687 1926 2895 1999 ἐκλήθη
2925 1925 3177 2005 ἅγγελος,
3213 1931 3295 1986 ὅτι
3325 1931 3424 2000 τὴν
3457 1935 3554 1986 τοῦ
3585 1932 3807 2009 Πατρὸς

2151 2015 2359 2090 βουλὴν
2417 2013 2744 2091 ἀνήγγειλεν
2799 2019 2960 2091 ἡμῖν·
3008 2019 3187 2082 σώσας
3237 2020 3338 2096 γὰρ
3370 2021 3520 2093 ἡμᾶς
3554 2016 3648 2076 διὰ
3699 2023 3802 2076 τοῦ

2145 2104 2355 2161 οἰκείου
2395 2107 2620 2175 πάθους,
2671 2101 2888 2180 ἔδειξεν,
2933 2105 3016 2162 δτι
3061 2108 3150 2163 καὶ
3201 2109 3228 2163 ὁ
3279 2110 3465 2185 Πατὴρ
3504 2108 3707 2181 ταύτης
3733 2110 3803 2179 ἦν

2146 2201 2246 2264 τῆς
2291 2193 2517 2269 βουλῆς
2574 2193 2698 2249 οὔτε
2735 2197 2836 2272 γὰρ
2886 2197 2962 2260 ὡς
3012 2192 3373 2269 ὑποϐεϐηκὼς
3425 2202 3523 2254 τοῦ
3587 2198 3802 2266 Πατρὸς

2147 2283 2355 2354 ἐκλήθη
2403 2282 2655 2360 ἄγγελος’
2705 2285 2842 2360 πρὸς
2889 2286 3206 2361 Ἀρειανοὺς
3253 2291 3436 2347 τοῦτο.
3469 2288 3549 2346 Τὸ
3577 2291 3679 2343 τοῦ
3712 2287 3804 2343 ἐν-

2150 2373 2472 2448 ισχύσαντος
2503 2372 2742 2448 ἀγγέλου
2765 2372 3062 2452 κεφάλαιον
3100 2379 3174 2448 μή
3206 2377 3354 2453 παρὰ
3380 2377 3480 2444 τὴν
3509 2375 3803 2451 ἑρμηνείαν

2149 2460 2273 2536 δέξῃ
2323 2469 2423 2532 τῆς
2475 2463 2630 2539 ἁγίας
2680 2469 2921 2543 Γραφῆς·
2965 2465 3103 2537 πρὸς
3154 2465 3258 2542 γὰρ
3307 2467 3407 2536 τὴν
3450 2465 3620 2542 σάρκα
3651 2465 3805 2544 ὀφεί-

2150 2566 2234 2606 Λει
2290 2555 2452 2606 τοῦτο
2499 2557 2762 2616 νοεῖσθαι·
2813 2553 2904 2608 καὶ
2955 2551 3210 2631 ἀλλαχοῦ
3239 2555 3339 2631 γάρ
3371 2577 3502 2631 φησι
3533 2557 3595 2610 τὸ
3628 2556 3806 2632 Εὐαγ-

2147 2640 2330 2718 γέλιον
2360 2685 2374 2712 ,
2451 2642 2585 2715 μετᾶ
2635 2643 2767 2705 τοὺς
2821 2643 3196 2719 πειρασμοὺς,
3275 2644 3358 2701 ὅτι
3407 2642 3806 2721 προσελθόντες

2148 2728 2372 2806 ἄγγελοι
2434 2726 2718 2801 διηκὸνουν
2771 2731 2939 2806 αὐτῷ’
3001 2733 3090 2790 καὶ
3123 2733 3206 2789 ὅτι
3247 2732 3530 2792 ἐκοπίασεν
3567 2733 3654 2796 ,ἐκ
3704 2737 3806 2804 τῆς

2149 2816 2468 2895 ὁδοιπορίας
2527 2821 2615 2876 καὶ
2669 2820 2752 2877 ὅτι
2797 2820 3069 2893 ἐπείνησε’
3101 2828 3268 2880 ταῦτα
3291 2824 3396 2900 γάρ
3431 2826 3608 2881 πάντά
3655 2821 3807 2880 δείκ-

2147 2930 2319 2980 νυσιν,
2377 2908 2460 2964 ὅτι
2489 2911 2698 2967 τέλειον
2729 2907 2984 2968 ἀνέλαϐεν
3016 2909 3299 2988 ἄνθρωπον
3336 2913 3471 2988 μετὰ
3497 2919 3607 2971 τῶν
3639 2914 3808 2970 αὐτοῦ

2147 3001 2508 3072 παθημάτων.
2549 2998 2712 3057 Ἀλλ’
2762 3001 2874 3077 ἐρεῖ
2915 3022 3018 3070 τις,
3069 3007 3176 3057 ποῦ
3232 3003 3393 3078 χρεία
3439 3004 3506 3073 ἦν
3568 3002 3807 3081 ἀγγέλου

2147 3088 2490 3159 θειότητος³⁶
2536 3090 2854 3164 παρούσης;
2908 3093 3148 3166 Λέγομεν
3203 3089 3294 3146 οὗν
3343 3091 3427 3147 ὅτι
3469 3091 3538 3148 τὰ
3565 3092 3743 3149 πλείω
3777 3093 3810 3148 6

2148 3179 2277 3241 Θεὸς
2302 3176 2371 3234 δι’
2399 3177 2646 3255 ἀγγέλων
2677 3181 3098 3257 θαυματουργεῖο
3131 3181 3222 3236 καὶ
3249 3185 3412 3237 τοῦτο
3463 3180 3608 3256 λέγει
3658 3186 3812 3238 πασᾶ

2063 3244 2106 3311 CI
2144 3272 2180 3340 ἠ
2212 3269 2331 3324 θεία
2359 3244 2568 3346 Γράςρή.

2220 3359 2647 3436 Ἐκφαντορικήν
2690 3400 2704 3414 .
2768 3357 2917 3415 Κατᾶ
2990 3359 3053 3414 τὸ
3103 3359 3240 3435 πρὸς
3297 3357 3393 3414 τὸν
3450 3357 3659 3436 Πατέρα
3717 3360 3812 3414 ὑπ’

2146 3449 2315 3504 αὐτοῦ
2373 3437 2592 3524 λεχθέν·
2650 3447 2996 3527 Ἐφανέρωσά
3048 3469 3143 3504 σου
3198 3448 3260 3504 τὸ
3314 3444 3490 3524 ὄνομα
3534 3454 3652 3512 τοῖς
3710 3447 3808 3504 ἀν-

2148 3537 2417 3613 θρώποις.

2637 3626 2752 3684 ΕΙΣ
2793 3627 2887 3684 ΤΟ
2927 3630 3196 3684 ΚΕΦΑΔ.
3229 3627 3310 3682 Ε’·

2219 3714 2321 3776 Τὰς
2390 3713 2641 3789 οὐρανίας
2713 3713 2931 3778 οὐσίας.
2994 3715 3060 3773 Τί
3117 3714 3360 3787 δήποτε,
3434 3720 3563 3790 μιᾶς
3617 3713 3806 3780 οὐσίας

2150 3804 2283 3862 εἶναι
2343 3807 2546 3866 πάντας
2603 3802 2794 3880 ἀγίους
2862 3803 2995 3868 τοὺς
3050 3803 3319 3880 ἀγγέλους
3371 3801 3641 3880 λεγούσης
3697 3811 3805 3876 τῆς

2150 3891 2560 3966 Ἐκκλησίας³’¹,
2619 3894 2647 3949 6
2715 3898 2859 3958 θεῖος
2933 3893 3212 3958 Διονύσιος
3269 3892 3484 3958 πολλὰς
3545 3893 3808 3969 ὀνομάζει

2151 3981 2442 4057 δυνάμεις,
2497 3985 2557 4041 Ὁ
2611 3987 2741 4058 γοῦν
2805 3984 2972 4058 μέγας
3003 3984 3281 4047 Διονύσιος
3331 3985 3359 4040 6
3391 3979 3808 4061 ’Δλεξανδρείας

2150 4072 2471 4144 ἐπίσκοπος,
2528 4073 2556 4127 6
2614 4072 2720 4127 ἀπὸ
2753 4071 3021 4148 ῥητόρων,
3067 4073 3118 4129 ἐν
3151 4079 3269 4137 τοῖς
3299 4072 3558 4149 σχολίοις
3592 4076 3674 4136 οἷς
3708 4094 3808 4129 πε-

2148 4163 2374 4234 ποίηκεν
2423 4162 2500 4224 εἷς
2540 4163 2632 4217 τὸν
2683 4160 2949 4237 μακάριον
2997 4160 3276 4218 Διονύσιον
3310 4163 3402 4218 τὸν
3452 4163 3622 4219 αὐτοῦ
3679 4183 3814 4217 συν·-

2151 4253 2392 4325 ῴνυμον,
2422 4252 2564 4307 οὕτω
2595 4249 2764 4325 λέγει,
2799 4249 2882 4306 ὅτι
2913 4249 3203 4328 ἀγέννητον
3235 4249 3393 4316 εἴωθε
3421 4251 3608 4308 καλεῖν
3637 4254 3672 4321 ἠ
3705 4247 3812 4322 ἔξω

2151 4341 2313 4421 σοφία
2365 4346 2536 4396 πᾶσαν
2591 4340 2820 4416 ἀόρατον
2849 4341 3031 4418 φύσιν,
3086 4341 3294 4414 ὁμοίως
3349 4341 3438 4397 καὶ
3489 4339 3673 4403 οὐσίας
3711 4339 3812 4403 τὰς

2152 4429 2490 4494 ὑποστάσεις·
2550 4429 2655 4487 κάκ
2710 4430 2908 4486 τούτου
2966 4430 3154 4506 φησὶν,
3214 4431 3299 4487 ὅτι
3347 4430 3486 4487 κατὰ
3531 4431 3659 4494 τοὺς
3707 4426 3813 4502 ἔξω

2150 4519 2394 4597 εἷ’ρηνται
2448 4525 2531 4594 τῷ
2581 4519 2723 4596 ἁγίῳ
2772 4519 3039 4595 Διονυσίῳ
3064 4522 3118 4576 αἱ
3165 4525 3410 4576 τοιαῦται
3443 4520 3614 4600 φωναὶ
3644 4541 3811 4576 κατα-

2065 4621 2114 4687 D
2142 4614 2483 4690 χρηστικῶς.

2222 4700 2630 4782 Ἐκφαντορίαν.
2689 4699 2942 4757 Τουτέστι
2993 4699 3091 4770 τὴν
3143 4696 3419 4780 ἔκφανσιν,
3449 4697 3578 4771 ἤτοι
3619 4695 3809 4756 διασά-

2188 4813 2334 4865 ησιν.

2229 4815 2334 4848 σιν.

2148 4815 2606 4955 φηὈνομτιὶζουσι.
2657 4881 2769 4948 Τὴν
2815 4877 3054 4956 ἐσχάτην
3097 4883 3207 4935 τῶν
3254 4883 3467 4952 νοητῶν
3509 4879 3653 4952 τάξιν
3710 4900 3810 4934 κυ-

2151 4972 2282 5049 ρίως
2327 4969 2595 5047 ἀγγέλους
2641 4969 2774 5048 φησὶ
2824 4968 3340 5047 προσαγορεύεσθαιο
3399 4969 3496 5034 τὰς
3550 4966 3610 5024 δὶ
3643 4969 3808 5045 ὑπερ-

2151 5056 2447 5130 ϐεϐηκυίας
2495 5059 2718 5135 ἑτέρως,
2751 5059 2826 5113 ὧν
2876 5057 3017 5121 ἐνίας
3065 5059 3157 5113 καὶ
3198 5057 3475 5133 ὀνομάζει·
3528 5057 3579 5113 ἐν
3614 5053 3672 5112 δὲ
3727 5061 3809 5130 τῷ

2151 5150 2273 5220 ἑξῆς
2323 5147 2606 5226 κεφαλαίῳ
2654 5151 2762 5202 τῶν
2818 5146 2966 5203 ἐννέα
3012 5151 3302 5223 ταγμάτων
3345 5151 3618 5221 μυστικῶς
3666 5146 3807 5202 ἀπο-

2157 5236 2510 5313 μνημονεύει·
2540 5241 2631 5291 νῦν
2661 5234 2720 5292 δὶ
2748 5235 2951 5300 τελέως
2997 5234 3165 5312 λέγει,
3220 5236 3302 5292 ὅτι
3335 5238 3388 5292 αἱ
3419 5236 3684 5310 ἀνώτεραι
3710 5237 3806 5291 τά·

2155 5327 2259 5399 ξεις
2305 5325 2612 5382 ἐπίστανται
2666 5327 2759 5400 μὶν
2811 5326 2910 5382 ὅσα
2959 5328 3013 5381 αἱ
3058 5322 3458 5400 ὑποϐεϐηκυῖαι
3495 5323 3566 5381 δι’
3596 5323 3806 5399 ἐλλάμ-

455 5472 540 5542 (n)
569 5470 777 5528 Matth.
809 5487 886 5540 Iv,
924 5475 1010 5527 Μ.
1086 5471 1161 5545 (o)
1189 5471 1358 5529 Joan.
1392 5489 1471 5542 ιν,
1498 5473 1574 5542 6;
1610 5471 1813 5529 Matth.
1848 5490 1926 5544 ιν,
1953 5474 2010 5528 2.

2156 5475 2167 5545 >
2194 5477 2366 5530 Joan.
2397 5490 2537 5542 xvn,
2567 5474 2623 5528 6.

1344 5619 1596 5684 VARI/ﬁ
1634 5627 2036 5687 LECTIONES
2068 5629 2163 5685 ET
2203 5626 2763 5685 GOBRECTIONES.

450 5723 522 5766 “*
554 5727 686 5786 Hec
717 5729 934 5789 desunt
960 5729 1022 5786 in
1052 5729 1270 5789 Graec.
1346 5729 1394 5767 ³⁸
1421 5729 1540 5806 εἱρη
1553 5729 1733 5802 μένον.
1811 5731 1857 5769 ³⁸
1886 5729 2041 5805 ἀγγέ)

2162 5727 2443 5801 θεότητος.
2519 5730 2564 5767 ⁸⁷
2596 5725 2838 5806 Γραφῆς,
2870 5727 3202 5800 Scriptura.
