4134 6402
248 402 317 458 61
976 407 1036 459 8.
1073 403 1349 460 HAXIMI
1383 403 1691 459 SCHOLIA
1725 404 1802 458 IN
1839 403 1976 457 LIB.
2015 403 2116 458 DE
2151 403 2475 458 CCELESTI
2513 403 2990 457 HIERABCHIA.
3623 399 3697 455 62

253 531 404 603 ψεως
437 525 756 602 μεμύηνται
795 545 808 558 ·
852 527 1185 603 γινώσκουσι
1236 523 1294 582 δὲ
1330 527 1418 582 καὶ
1450 522 1610 602 ἕτερα
1636 530 1757 592 ταῖς
1789 525 1924 580 ὑπο-

2043 543 2315 600 gnoscere
2335 543 2469 583 vero
2487 527 2666 584 etiam
2689 525 2806 582 alia
2827 524 3112 598 subjectis
3129 525 3464 599 incognita;
3490 542 3700 600 quam-

257 615 539 692 κειμέναις
589 613 886 694 ἄγνωστασ
945 615 991 673 εἰ
1051 614 1110 672 δὲ
1168 617 1258 672 καὶ
1321 614 1494 681 οὕτως
1553 615 1719 686 ἐστὶν,
1779 614 1934 689 ὅμως

259 711 463 784 γενικῷ
499 707 733 781 ὀνόματι
764 707 858 763 καὶ
903 704 1128 785 ἄγγελοι
1179 703 1287 771 ἴσθ’
1319 704 1408 762 ὅτε
1437 706 1735 763 καλοῦνται
1759 706 1933 761 πάντα

259 797 330 853 τὰ
363 797 535 868 νοητὰ
562 798 841 872 τάγματα.
874 796 1020 868 Φησὶ
1067 793 1125 852 δὲ
1171 797 1260 853 καὶ
1289 793 1379 852 διὰ
1404 795 1480 864 τί,
1511 796 1586 859 ὡς
1618 795 1672 852 ἐν
1697 800 1778 868 τῷ
1808 795 1931 851 ἕκα-

262 891 444 960 τοστῷ
478 883 718 962 δευτέρῳ
769 886 978 960 ψαλμῷ
1013 906 1026 919 ·
1072 883 1372 962 Εὐλογεῖτε
1416 885 1510 941 τὸν
1542 885 1758 960 Κύριον,
1789 889 1929 940 πάν-

254 997 348 1040 τες
389 977 444 1032 οἱ
496 973 732 1052 ἄγγελοι
789 975 955 1031 αὐτοῦ
983 996 994 1008 ·
1028 975 1120 1030 καὶ
1171 974 1224 1031 ἐν
1282 979 1364 1047 τῷ
1414 975 1688 1048 ἑκατοστῷ
1714 974 1881 1051 τρίτῳ
1915 993 1928 1008 ·

255 1068 320 1125 Ὀ
372 1069 552 1121 ποιῶν
601 1062 732 1127 τοὺς
802 1062 1073 1141 ἀγγέλους
1138 1063 1309 1120 αὐτοῦ
1364 1064 1665 1137 πνεύματα,
1717 1064 1809 1118 καὶ
1864 1065 1933 1119 τὰ

256 1154 408 1225 ἰξῆς.
445 1153 562 1212 Οὖκ
606 1152 946 1232 ἀντιστρέφει
996 1151 1056 1209 δὲ
1104 1155 1133 1208 ὁ
1165 1151 1337 1229 λόγος
1370 1194 1386 1208 .
1415 1153 1483 1208 τὰ
1514 1153 1619 1229 γὰρ
1653 1148 1930 1224 ὑποϐεϐη-

253 1245 395 1300 κότα
426 1243 530 1300 οὐκ
560 1243 889 1316 ὀνομάζεται
936 1246 1016 1314 τῷ
1057 1246 1168 1298 τῶν
1218 1243 1503 1319 ἀνωτέρων
1537 1245 1880 1318 γνωρίσματι
1913 1263 1926 1278 ο

254 1333 349 1389 καὶ
409 1333 495 1388 δτι
544 1329 636 1388 διὰ
677 1335 788 1388 τῶν
841 1325 1288 1407 ὑπερϐεϐηκυιῶν
1343 1329 1624 1406 δυνάμεων
1682 1331 1737 1387 αἱ
1795 1333 1931 1388 ὑπο-

259 1416 562 1492 ϐεϐηκυῖαι
592 1424 1094 1498 μυπαγωγοῦνται.

339 1513 848 1588 Ἀποπερατοῦσαν.
939 1511 1198 1566 Σουτέστι
1290 1510 1390 1580 τὴν
1479 1508 1716 1587 ἐσχάτην
1783 1509 1927 1582 τάξιν

264 1605 372 1656 τῶν
407 1597 715 1677 ἀγγελικῶν
750 1596 1058 1672 διατάξεων.

334 1690 527 1763 Φαμὲν
562 1686 640 1747 δέ.
694 1690 1053 1764 Ἐρωτήσειεν
1105 1685 1166 1744 ἄν
1217 1710 1301 1751 τις
1336 1711 1349 1724 ·
1403 1688 1572 1747 Αὗται
1628 1691 1685 1746 αἱ
1712 1694 1820 1745 τῶν
1844 1689 1934 1744 οό-

264 1778 459 1852 ρανίων
503 1779 712 1851 τάξεις,
797 1777 853 1832 αἶ
913 1772 1280 1854 ὑπερϐηκυῖαι
1328 1779 1396 1848 ⁸⁸,
1463 1778 1553 1834 καὶ
1605 1779 1930 1853 κατώτεραι,

267 1868 358 1922 καὶ
403 1864 478 1924 ἔτι
541 1865 830 1946 ὑφειμέναι
902 1865 1077 1929 οὕτως
1137 1865 1412 1941 ἐγένοντο,
1474 1866 1614 1924 ὥστε
1667 1869 1767 1938 τήν
1833 1866 1926 1941 μὲν

268 1955 533 2034 ἀνωτέραν
590 1957 749 2030 εἶναι,
807 1957 908 2026 τήν
963 1953 1020 2011 δὲ
1083 1957 1446 2032 κατωτέρανς
1505 1958 1608 2015 Καὶ
1669 1954 1924 2034 λέγομεν,

259 2047 341 2101 δτι
380 2046 472 2102 καὶ
518 2045 586 2102 τά
624 2045 799 2104 νοητὰ
847 2046 1021 2101 πάντα
1068 2043 1384 2117 αὐτεξούσια
1433 2043 1866 2123 ἐδημιούργησεν
1898 2047 1926 2101 ὁ

254 2135 387 2197 θεός
416 2155 428 2167 ·
492 2132 546 2190 εἲ
590 2137 695 2211 γὰρ
756 2136 786 2190 ὁ
845 2135 1136 2208 ἄνθρωπος
1181 2133 1525 2206 αὖτεξούσιος
1585 2135 1816 2212 ἐγένετο,
1867 2135 1928 2191 ἐκ

253 2227 460 2298 χοϊκοῦ
491 2223 818 2300 φυράματος
849 2224 937 2279 καὶ
985 2225 1173 2300 ψυχῆς
1203 2223 1492 2300 ὑπάρχων,
1523 2223 1678 2298 πόσῳ
1713 2223 1923 2299 μᾶλλον

254 2314 313 2368 αἱ
343 2314 540 2384 νοηταὶ
573 2310 858 2387 δυνάμεις,
893 2314 947 2368 αἱ
981 2310 1150 2387 μηδὲν
1197 2309 1422 2389 ἔχουσαι
1464 2311 1662 2390 γεῶδες
1693 2311 1730 2384 ἤ
1766 2312 1926 2391 βαρὺ,

256 2401 602 2476 αὖτεξούσιοι
663 2401 955 2479 ἐγένοντο;
1018 2403 1130 2461 Τοῦ
1197 2403 1302 2478 γὰρ
1358 2401 1448 2458 καὶ
1514 2405 1550 2474 ἡ
1612 2403 1728 2469 θεία
1782 2424 1927 2480 παρ-

265 2491 450 2563 ίστησι
501 2492 714 2571 Γραφή,
765 2491 1024 2569 λέγουσα,
1079 2492 1170 2548 τὸν
1234 2487 1494 2548 διάϐολον
1551 2492 1603 2564 ἐξ
1629 2491 1925 2569 ἀγγελικῆς

257 2580 530 2643 ἑκουσίως
562 2579 806 2636 ἐκπεσεῖν
853 2581 1056 2653 τάξεως
1089 2599 1102 2614 ·
1155 2581 1247 2636 καὶ
1279 2578 1439 2643 οὗτος
1469 2578 1527 2636 δὲ
1557 2583 1585 2636 ὁ
1613 2586 1756 2645 θεῖος
1788 2583 1926 2656 ἀνὴρ

253 2672 368 2746 πρὸ
425 2668 524 2726 δύο
557 2673 602 2709 ³³
651 2669 882 2750 φύλλων
933 2670 1060 2749 περὶ
1110 2669 1416 2749 ἀγγελικῶν
1465 2669 1742 2746 δυνάμεων
1778 2692 1789 2704 ⁸
1843 2673 1927 2727 ὅτι

255 2763 480 2830 νοητῶς
537 2760 640 2836 γὰρ
698 2758 788 2815 ἐπὶ
847 2760 912 2815 τὸ
972 2759 1311 2834 θεομίμητον
1372 2759 1562 2824 ἑαυτὰς
1611 2760 1927 2817 ἀποτυποῦ-

253 2869 370 2919 σαι,
458 2847 553 2904 καὶ
629 2849 768 2924 πρὸς
849 2851 950 2920 τήν
1039 2850 1340 2926 θεαρχικὴν
1427 2847 1714 2929 ἐμφέρειαν
1772 2851 1930 2927 ὑπερ-

253 2938 514 3011 κοσμίως
566 2939 776 3014 ἀρῶσαι
832 2937 926 2994 καὶ
980 2942 1228 3017 μορφοῦν
1284 2937 1560 3017 ἐφιέμεναι
1617 2940 1680 2994 τὸ
1737 2941 1925 3016 νοερὸν

256 3025 445 3103 αὐτῶν
504 3023 649 3089 εἶδος
683 3046 696 3058 ·
759 3025 812 3098 ἐξ
872 3023 946 3081 ὧν
1008 3025 1224 3081 πάντων
1287 3023 1578 3097 δείκνυται,
1632 3027 1708 3089 ὡς
1767 3027 1926 3082 αύτο-

253 3116 585 3191 προαίρετοι
635 3115 726 3171 καὶ
785 3114 1122 3187 αὖτεξούσιοί
1153 3115 1285 3170 εἰσιν
1317 3117 1373 3171 αἱ
1422 3115 1613 3187 νοηταὶ
1649 3112 1925 3190 δυνάμεις.

248 3205 505 3269 Εἰκότως
547 3206 640 3260 οὖν
691 3227 883 3284 φησιν,
935 3206 1018 3261 ὅτι
1069 3205 1266 3276 ἑκάστη
1312 3204 1450 3280 πρὸς
1495 3206 1593 3276 τήν
1627 3203 1925 3282 ἀναλογίαν

2037 617 2128 674 vis
2157 621 2351 673 autem
2387 634 2479 673 res
2511 617 2594 672 ita
2623 633 2686 673 se
2716 616 3216 688 habeat,attamen
3248 614 3570 690 aliquando
3600 633 3703 688 ge-

2039 707 2220 763 nerali
2253 707 2509 778 nomine,
2534 704 2940 778 intelligibiles
2969 705 3207 762 ordines
3238 705 3496 762 universi
3518 705 3696 761 etiam

2039 795 2230 868 angeli
2271 796 2664 868 appellantur.
2698 795 2850 851 Dicit
2896 800 3091 852 autem
3142 799 3200 852 et
3238 811 3503 862 causam,
3539 798 3604 850 ut
3636 797 3697 850 in

2037 884 2268 958 psalmo
2298 886 2622 942 centesimo
2653 885 2931 952 secundo,
2956 887 2991 955 Ῡ
3021 886 3123 941 2οε
3156 885 3478 942 Benedicite
3508 886 3697 942 Domi-

2037 991 2194 1039 num,
2226 989 2409 1030 omnes
2439 975 2628 1044 angeli
2655 974 2859 1046 ejus,et
2889 974 2948 1028 in
2982 973 3304 1030 centesimo
3325 973 3582 1042 tertio,ir.
3616 975 3648 1029 4
3683 991 3698 1029 :

2037 1066 2271 1120 Faciem
2312 1064 2535 1134 angelos
2580 1080 2709 1120 suos
2750 1065 3003 1135 spiritus,
3054 1067 3114 1120 et
3165 1080 3290 1134 quas
3342 1068 3696 1136 sequuntur.

2037 1153 2163 1210 Non
2225 1154 2620 1226 reciprocatur
2676 1158 2872 1209 autem
2933 1169 3172 1209 sermo:
3206 1153 3485 1209 inferiora
3539 1152 3699 1208 enim

2039 1259 2152 1299 non
2187 1242 2561 1315 appellantur
2589 1242 2828 1298 nomine
2857 1241 3223 1314 superiorum
3260 1257 3274 1296 :
3306 1246 3364 1298 et
3392 1240 3701 1299 interiores

2038 1331 2435 1388 instituuntur
2465 1349 2498 1387 a
2527 1331 2934 1404 superioribus
2965 1330 3304 1388 virtutibus.

2111 1513 2540 1568 Terminantem.
2579 1512 2695 1568 Hoc
2726 1515 2819 1567 est
2845 1515 3175 1568 extremum
3225 1511 3494 1568 ordinem
3528 1525 3703 1584 auge-

2036 1601 2284 1658 licarum
2317 1599 2802 1673 dispositionum.

2111 1692 2416 1747 Asserimus
2473 1695 2680 1746 autem.
2716 1690 3101 1762 Interrogarit
3157 1689 3397 1763 aliquis,
3442 1707 3583 1746 num
3646 1689 3699 1747 si

2037 1779 2364 1837 caelestium
2386 1779 2623 1835 ordines
2647 1779 2980 1850 superiores
3002 1783 3060 1834 et
3086 1778 3395 1835 interiores
3416 1785 3476 1836 et
3503 1777 3697 1835 adhuc

2041 1869 2326 1926 submissi
2359 1868 2442 1925 ita
2473 1868 2782 1940 exsistant,
2804 1871 2870 1923 ut
2896 1867 2992 1923 hic
3022 1867 3263 1940 quidem
3295 1867 3568 1940 superior
3595 1867 3713 1939 sit,

2037 1958 2136 2016 ille
2164 1963 2363 2015 autem
2396 1958 2640 2014 inferior
2659 1957 2687 2014 ?
2707 1958 2777 2013 Et
2807 1957 3083 2029 dicimus,
3102 1958 3283 2014 Deum
3305 1955 3702 2030 intelligibilia

2036 2048 2235 2106 omnia
2266 2048 2601 2104 condidisse
2650 2046 2873 2117 libera;
2908 2047 2955 2102 si
2988 2047 3144 2103 enim
3177 2047 3354 2103 homo
3387 2045 3537 2102 liber
3565 2046 3698 2116 fuit,

2035 2154 2100 2196 ex
2137 2138 2411 2210 pulverea
2471 2155 2667 2193 massa
2722 2145 2774 2193 et
2835 2137 3033 2193 anima
3090 2137 3442 2203 consistens,
3475 2140 3698 2209 quanto

2037 2229 2228 2300 magis
2262 2227 2663 2300 intelligibiles
2691 2227 2960 2297 virtutes,
2994 2225 3139 2282 nihil
3172 2229 3446 2282 terrestre
3475 2226 3698 2282 haben-

2035 2322 2124 2373 tes
2157 2321 2260 2373 aut
2309 2333 2506 2389 grave,
2538 2315 2734 2373 liberae
2778 2317 3061 2372 fuerunt?
3094 2317 3208 2371 Hoc
3255 2314 3468 2372 etenim
3501 2315 3700 2372 divina

2037 2411 2420 2478 repraesentat
2449 2405 2756 2478 Scriptura
2785 2406 3007 2474 dicens,
3039 2404 3340 2461 diabolum
3370 2403 3698 2462 voluntarie

2037 2512 2108 2553 ex
2137 2495 2397 2568 angelico
2447 2494 2754 2567 delapsum
2787 2495 3011 2550 ordine.
3047 2494 3148 2549 Hic
3199 2509 3433 2566 quoque
3464 2492 3698 2550 divinus

2035 2587 2127 2642 vir
2155 2590 2291 2641 ante
2332 2585 2449 2639 duo
2482 2583 2634 2652 folia,
2669 2584 2741 2639 de
2774 2582 3054 2657 angelicis
3105 2583 3428 2638 virtutibus
3459 2582 3648 2655 (dicit)
3683 2600 3698 2640 :

2037 2677 2138 2733 20
2169 2672 2634 2745 Inlelligibzliter
2661 2675 2811 2730 enim
2839 2675 3046 2745 seipsas
3072 2671 3143 2728 ad
3177 2673 3272 2728 Dei
3322 2674 3702 2729 imitationem

2035 2765 2418 2838 eﬂ’ormantes,
2453 2767 2503 2818 et
2534 2764 2594 2818 in
2644 2762 2894 2817 divinam
2923 2760 3350 2818 similitudinem
3375 2777 3700 2833 supermun-

2037 2855 2185 2911 dane
2214 2854 2558 2926 aspicientes,
2592 2857 2756 2924 atque
2777 2853 3032 2926 formare
3059 2852 3332 2923 cupientes
3367 2851 3700 2921 intelligibi—

2036 2944 2146 3000 lem
2171 2960 2334 2999 suam
2381 2943 2654 3014 speciem;
2685 2957 2754 2997 ex
2783 2941 2998 3013 quibus
3029 2939 3308 2996 omnibus
3346 2939 3699 3002 ostenditur,

2038 3033 2336 3107 quomodo
2366 3031 2600 3103 proprio
2631 3029 2873 3086 arbitrio
2914 3033 2972 3084 et
3000 3029 3240 3102 prepria
3271 3027 3542 3086 libertate
3571 3029 3701 3086 fru-

2037 3119 2634 3193 anturintelligibiles
2662 3119 2905 3176 virtutes
2937 3135 2950 3174 :
2987 3118 3370 3192 probabiliter
3398 3119 3581 3192 igitur
3610 3117 3700 3175 di-

2037 3213 2137 3282 cit,
2172 3225 2657 3282 unumquemque
2700 3208 2966 3265 ordinem
3017 3225 3120 3280 pro
3160 3207 3535 3280 proportione
3565 3224 3697 3280 pro-

248 3302 355 3364 τῆς
406 3292 549 3358 ἴδίας
602 3281 713 3350 τοῦή
758 3296 962 3370 ἀγαθοῦ
1015 3293 1247 3374 ἐφέσεως
1303 3293 1646 3369 ἐλλάμπεται
1708 3281 1852 3360 θείας
1879 3298 1926 3334 ⁴⁰

2043 3301 2178 3375 prim
2210 3301 2348 3356 boni
2380 3281 2744 3372 icupiditatis
2787 3296 3076 3354 illustrari
3125 3297 3326 3354 divina
3358 3295 3699 3353 considera-

249 3387 619 3456 κατανοήσεις
645 3403 658 3417 ·
694 3381 784 3440 διὰ
811 3387 975 3440 τοῦτο
1020 3382 1110 3440 καὶ
1157 3384 1333 3456 τάξεις
1365 3384 1681 3457 καλοῦνται,
1712 3385 1924 3461 βαθμη-

254 3471 375 3541 δὸν,
411 3473 599 3548 ὥσπερ
624 3479 726 3544 τῆς
759 3472 812 3529 ἐν
863 3473 1053 3537 αὐταῖς
1105 3473 1336 3551 ἐφέσεως
1374 3472 1613 3548 [οὕσης].
1647 3471 1736 3528 διὰ
1760 3478 1922 3529 τοῦτο

257 3563 512 3630 ἐνταῦθα,
559 3564 751 3641 φησὶν,
797 3563 902 3619 οὐκ
953 3559 1069 3638 ἔχει
1117 3559 1311 3637 λόγον,
1359 3562 1463 3630 τὴν
1492 3559 1803 3617 τελευταίαν
1835 3561 1923 3617 τά·

259 3653 340 3724 ξιν
372 3653 615 3731 σεραφὶμ
661 3650 698 3721 ἤ
747 3651 975 3728 θρόνους
1029 3650 1338 3725 ὀνομάζειν.
1391 3651 1712 3724 Σημείωσαι
1746 3648 1804 3706 δὲ
1835 3649 1924 3707 διὰ

261 3743 315 3797 τί
346 3740 635 3798 καλοῦνται
667 3739 845 3796 πάντά
880 3740 951 3796 τὰ
1005 3741 1255 3815 τάγματα
1301 3738 1534 3816 ἄγγελοι
1567 3759 1582 3773 ·
1618 3739 1702 3795 ὅτι
1735 3741 1787 3796 οἱ
1827 3762 1922 3796 κυ-

268 3830 402 3906 ρίως
455 3829 679 3908 ἄγγελοι
722 3830 987 3906 ἀνάγουσι
1039 3829 1171 3892 τοὺς
1227 3830 1414 3904 ἱερούς
1459 3829 1782 3904 ἀνθρώπους
1833 3830 1921 3886 ἐπὶ

258 3921 356 3983 τὰς
386 3919 740 3996 ἐγνωσμέδας
773 3919 957 3982 αὐτοῖς
985 3917 1134 3981 θείας
1161 3918 1349 3996 αὐγάς.

326 4007 495 4066 Ἀλλ’
544 4006 729 4087 ὥσπερ
777 4008 940 4077 αὕτη.
983 4009 1050 4066 Ἠ
1089 4011 1196 4064 τῶν
1258 4007 1508 4086 ἀγγέλων
1561 4005 1778 4081 δηλαδή
1825 4011 1922 4065 τά-

256 4099 360 4172 ξις.

322 4189 474 4252 Τοὺς
519 4188 640 4244 καθ’
693 4190 874 4262 ἡμᾶς.
925 4190 1048 4246 Τῶν
1090 4185 1550 4243 ἐποπτικωτάτων
1614 4187 1926 4262 μυστηρίων

249 4277 471 4334 τούτων
531 4275 866 4355 ἐμφορηθεὶς
933 4278 962 4332 ὁ
1039 4276 1186 4350 ἱερὸς
1241 4276 1543 4347 Διονύσιος,
1597 4276 1925 4335 ἐκκαλύπτει

254 4366 464 4442 λέγων,
520 4367 596 4429 ὡς
655 4369 690 4437 ἡ
757 4367 853 4439 μὲν
928 4365 1215 4422 τελευταία
1286 4363 1456 4439 τάξις,
1515 4368 1550 4437 ἡ
1604 4365 1921 4441 καλουμένη

251 4453 506 4533 ἄγγελοι,
567 4453 699 4517 τοὺς
748 4453 800 4509 ἐν
861 4453 1172 4527 ἀνθρώποις
1221 4455 1485 4530 ἱεράρχας
1531 4459 1640 4512 τῶν
1693 4455 1927 4528 Ἐκκλη-

250 4550 390 4601 σιῶν
421 4541 856 4621 παιδαγωγικῶς
904 4547 1342 4619 χειραγωγοῢσιν
1375 4542 1462 4598 ἐπὶ
1492 4545 1592 4613 τὴν
1626 4545 1762 4619 πρὸς
1794 4545 1926 4601 θεὸν

2033 3389 2225 3458 tione;
2272 3388 2402 3444 ideo
2453 3390 2510 3443 et
2557 3387 2794 3443 ordines
2841 3391 3164 3454 vocantur;
3209 3385 3526 3459 gradatim,
3575 3389 3704 3441 tan-

2033 3497 2211 3552 quam
2243 3477 2567 3550 cupiditate
2595 3477 2656 3532 in
2688 3476 2836 3549 ipsis
2869 3476 3190 3533 exsistente
3228 3493 3242 3534 :
3270 3479 3578 3548 propterea
3607 3474 3701 3531 hic

2030 3568 2270 3641 (inquit)
2301 3567 2466 3623 nulla
2496 3571 2586 3624 est
2616 3566 2788 3633 ratio,
2809 3569 3175 3639 postremum
3210 3565 3478 3623 ordinem
3509 3564 3700 3621 nomi-

2031 3657 2210 3714 nandi
2242 3657 2564 3728 seraphim,
2599 3661 2700 3712 aut
2749 3656 3017 3712 thronos.
3057 3655 3208 3714 Nota
3238 3672 3433 3728 porro,
3466 3658 3706 3728 propter

2031 3747 2173 3820 quid
2205 3751 2485 3802 vocentur
2515 3761 2720 3801 omnes
2751 3745 2990 3801 ordines
3020 3746 3248 3815 angeli;
3281 3743 3555 3817 quia,qui
3574 3760 3704 3816 pro.

2032 3836 2157 3909 prie
2187 3835 2403 3906 angeli,
2454 3833 2685 3889 elevant
2734 3840 2971 3890 sanctos
3025 3833 3297 3890 homines
3329 3833 3400 3890 ad
3433 3833 3702 3906 cognitos

2033 3925 2146 3981 sibi
2175 3925 2406 3980 divinos
2438 3923 2806 3996 splendores.

2105 4013 2208 4071 Sed
2235 4016 2379 4071 sicut
2397 4015 2505 4070 hic.
2539 4012 2897 4086 Angelorum
2931 4013 3155 4070 scilicet
3189 4013 3356 4068 ordo.

2104 4193 2347 4260 Nostros,
2377 4195 2474 4247 Gr.
2525 4189 2661 4252 Τοὺς
2708 4190 2827 4253 καθ’
2875 4191 3047 4262 ἡμᾶς.
3099 4189 3395 4264 Mysteriis
3443 4190 3699 4246 maxime

2033 4281 2102 4339 ad
2137 4286 2381 4354 epoptas
2412 4280 2844 4354 pertinentibus
2870 4279 3272 4353 ingurgitatus
3304 4283 3546 4336 sanctus
3567 4279 3700 4336 Dio-

2035 4371 2264 4444 nysius,
2296 4370 2516 4442 detegit
2563 4372 2788 4437 dicens,
2821 4370 2976 4442 quod
3022 4373 3357 4442 postremus
3403 4369 3544 4426 ordo
3595 4367 3700 4442 qui

2038 4466 2302 4532 vocatur,
2349 4461 2558 4532 angeli,
2590 4475 2689 4516 eos
2740 4460 2837 4532 qui
2892 4460 3047 4514 inter
3073 4459 3344 4515 homines
3392 4457 3701 4531 pontiﬁces

2045 4550 2440 4606 Ecclesiarum
2476 4553 2637 4618 sunt,
2667 4547 2970 4621 paedagogi
3003 4564 3164 4605 more
3194 4547 3604 4603 manuducunt
3631 4547 3704 4604 ad

253 4633 551 4710 ἀναγωγήν
590 4652 603 4667 ο
635 4633 736 4702 τὴν
771 4630 830 4688 δὲ
871 4633 1183 4708 κατωτέραν
1228 4631 1376 4703 τάξιν
1408 4631 1600 4702 αὐτὴν,
1631 4635 1731 4704 τὴν
1765 4635 1926 4708 ἡμῶν

2043 4640 2256 4695 mentis
2309 4639 2364 4694 in
2411 4643 2593 4694 Deum
2645 4637 3069 4705 elevationem;
3113 4636 3449 4693 inferiorem
3501 4641 3699 4694 autem

251 4721 638 4799 παιδαγωγὸν,
687 4721 780 4777 καὶ
861 4721 957 4784 τὰς
1038 4719 1324 4798 βαθμηδὸν
1407 4722 1795 4799 ὑπερκειμένας
1867 4725 1922 4779 αἱ

2043 4729 2231 4802 ipsum
2265 4729 2556 4795 ordinem,
2589 4727 2976 4799 paedagogum
3010 4731 3302 4792 nostrum,
3325 4729 3383 4783 et
3411 4727 3699 4799 gradatim

251 4813 527 4887 ἀνώτεραι
553 4811 630 4874 ὦς
658 4804 1062 4878 ὗποὸεϐηκυίας
1101 4815 1548 4887 μυπαγωγοῦσι.

325 4991 448 5057 Τῆς
527 4987 980 5066 ἀποκληρούσης,
1065 4989 1322 5045 Τουτέστι
1405 4996 1506 5062 τῆς
1587 4989 1926 5062 τελευταίας,

251 5087 358 5152 τῆς
398 5084 512 5136 τῶν
558 5078 813 5156 ἀγγέλων
861 5078 1030 5157 φημί.
1079 5079 1402 5154 Σημείωσαι
1456 5077 1534 5150 δὲ,
1586 5081 1670 5136 ὅτι
1720 5077 1928 5153 δοξάζει

251 5169 448 5234 κοινὰς
505 5170 636 5224 εἶναι
691 5169 868 5234 πάσας
922 5169 1020 5234 τὰς
1073 5167 1373 5240 ὀνομασίας
1426 5173 1535 5224 τῶν
1593 5168 1743 5225 ἐννέα
1795 5190 1931 5245 ταγ-

256 5259 472 5332 μάτων,
532 5257 764 5313 ἒκάστου
811 5257 1112 5334 τάγματος,
1184 5253 1276 5313 διὰ
1326 5259 1389 5313 τὸ
1446 5262 1646 5320 κοινῶς
1710 5256 1929 5331 ἐλλάμο

250 5358 454 5413 πεσθαι
495 5347 557 5402 ἐκ
599 5350 698 5402 τοῦ
739 5343 1014 5411 θεπιδοῦς
1063 5346 1141 5409 εἷς
1171 5347 1270 5416 τὴν
1303 5345 1362 5403 ἐκ
1399 5351 1535 5403 Θεοῦ
1566 5345 1930 5426 φωτοδοσίαν,

251 5439 299 5494 εἳ
331 5438 428 5494 καί
475 5438 553 5513 μή
605 5436 836 5512 ὁμοίως.
867 5439 1049 5509 "Ean,
1073 5436 1228 5513 φησὶ,
1270 5439 1468 5501 κοινῶς
1519 5435 1782 5511 ὀνομάσαι
1823 5438 1932 5492 πά-

2035 4833 2217 4890 supra
2273 4817 2588 4873 collocatos
2646 4816 2981 4888 superiores
3039 4821 3321 4889 tanquam
3371 4815 3700 4888 inferiores,

2037 4907 2336 4980 mysteriis
2369 4906 2668 4963 imbuunt.

2107 4995 2406 5068 Adimplet,
2437 4999 2536 5051 Gr.
2566 4995 2668 5063 τῆς
2699 4991 3144 5068 ἀποκληρούσης.
3184 4994 3246 5050 Id
3275 4998 3366 5050 est
3396 4994 3702 5067 postremi,

2039 5085 2385 5158 angelorum
2433 5084 2701 5157 inquam.
2734 5085 2882 5140 Nota
2933 5089 3131 5140 autem
3178 5083 3332 5156 quod
3383 5083 3709 5141 arbitratur

2040 5190 2388 5229 communes
2444 5189 2574 5230 esse
2631 5171 3052 5245 appellationes
3122 5189 3330 5229 novem
3399 5173 3702 5246 ordinum,

2041 5265 2520 5336 uniuscujusque
2549 5263 2796 5334 ordinis,
2815 5263 2954 5336 quia
2977 5263 3369 5319 communiter
3391 5262 3704 5320 illustran-

2041 5355 2141 5407 tur
2171 5369 2236 5408 ex
2268 5351 2367 5407 Dei
2403 5351 2799 5408 similitudine
2830 5353 2887 5406 in
2924 5351 3168 5408 luminis
3200 5368 3266 5408 ex
3297 5351 3706 5427 Deolargitio-

2043 5456 2203 5513 nem,
2233 5440 2343 5496 etsi
2377 5456 2494 5496 non
2528 5439 2820 5496 similiter.
2857 5439 3039 5512 Licet,
3070 5440 3284 5513 inquit,
3309 5441 3707 5500 communiter

1294 5609 1540 5668 νΑΡιω
1576 5608 1983 5669 LECTIONES
2021 5611 2114 5668 ET
2151 5610 2693 5671 CORRECTIONES

261 5786 272 5797 .
328 5740 378 5777 ³⁸
401 5731 832 5810 ὁποϐεϐηκυῖαι.
892 5737 956 5820 ⁸³⁸
983 5737 1090 5812 πρό
1118 5756 1286 5801 τινος.
1364 5739 1412 5777 ⁴⁰
1438 5738 1535 5802 τὰς
1567 5734 1732 5802 θείας.
