4134 6390
407 400 483 457 63
1254 409 1346 463 ΔΡ

1563 415 1614 466 Χ
1645 416 1744 468 ΔΙ)
1779 413 2026 469 OPERA
2060 415 2100 468 Β

2220 413 2479 470 [ONYSII
2519 414 3020 472 ABEOPAGITE.
3773 416 3848 470 64

408 525 708 599 appellare
739 544 946 584 omnes
977 527 1382 602 intelligibiles
1421 538 1480 590 et
1511 534 1898 605 incorporeos
1928 535 2088 592 ordi-

2220 556 2295 598 τας
2323 535 2418 598 τὰς
2457 534 2648 612 νοεράς
2692 534 2781 591 καὶ
2833 536 3156 609 ἀσωμάτους
3208 535 3385 607 τάξεις
3431 533 3524 591 καὶ
3573 537 3694 602 καθ’
3733 533 3848 593 ἓτε-

411 631 537 683 nes,
570 621 629 672 et
681 619 1009 674 secundum
1041 619 1221 675 alium
1284 623 1552 695 modum,
1586 624 1696 681 hoc
1727 630 1817 682 est
1861 624 1997 679 κατὰ
2023 625 2086 678 τὸ

412 702 645 768 θεοειδές
677 709 832 778 quod
865 713 954 764 est
989 712 1318 766 secundum
1353 713 1469 769 Deo
1502 714 1900 770 assimilatum
1935 731 2084 783 esse;

410 794 471 850 in
505 801 798 868 quantum
829 798 1069 870 assequi
1099 801 1422 872 unicuique
1452 803 1724 875 ipsorum
1774 805 1948 873 licet;
1983 804 2088 860 ita-

414 900 530 957 que
573 901 780 942 omnes
831 887 1068 959 quidem
1119 893 1638 962 supermundanos
1689 895 1950 962 ordines,
1987 894 2083 950 Dei

413 972 644 1029 similes
677 976 892 1042 vocari,
926 982 983 1031 et
1012 977 1188 1032 aliam
1223 996 1392 1049 porro
1427 981 1590 1052 ipsos
1633 999 1840 1037 omnes
1872 983 2087 1038 habere

413 1060 800 1118 lucidissime
833 1064 1562 1138 illustrationis,nimirum
1592 1086 1662 1125 ex
1693 1071 1810 1126 Deo
1843 1089 2081 1136 munus,

413 1151 684 1221 quamvis
715 1169 820 1224 pro
854 1155 1142 1226 cujusque
1173 1160 1370 1228 captu,
1405 1163 1507 1212 aut
1563 1159 1780 1228 minus,
1814 1166 1915 1214 aut
1960 1177 2086 1214 am-

412 1239 572 1310 plius
605 1239 922 1297 illustratio
953 1243 1228 1300 donetur.
1266 1247 1325 1300 ln
1360 1245 1511 1302 libro
1543 1254 1740 1304 autem
1772 1251 1844 1304 De
1875 1249 2085 1306 divinis

409 1330 730 1384 nominibus
759 1331 924 1398 dicit,
958 1331 1188 1389 divinos
1220 1333 1378 1392 solos
1411 1335 1523 1392 dici
1557 1338 1785 1394 ordinis
1825 1339 2084 1395 universi

413 1417 742 1488 praefectos.

487 1506 883 1577 Proprietates.
916 1507 1062 1564 Nota
1123 1511 1419 1582 quomodo
1483 1512 1871 1584 proprietates
1928 1514 2086 1570 dicat

414 1594 888 1668 uniuscujusque
918 1598 1149 1654 ordinis
1185 1599 1616 1670 proportiones.

981 1707 1076 1762 21
1122 1710 1198 1762 IN
1238 1706 1392 1762 CAP.
1433 1708 1528 1764 VI.

489 1810 520 1883 §
551 1815 594 1865 ῐ.
626 1812 816 1868 Solam
866 1816 1076 1868 exacte.
1112 1812 1271 1876 Quod
1308 1813 1474 1870 solus
1524 1820 1676 1873 Deus
1709 1816 1806 1888 qui
1838 1820 1894 1872 et
1923 1817 2086 1890 ipsos

2195 644 2289 699 ρον
2351 625 2578 700 τρόπον,
2628 625 2872 680 τουτέστι
2930 625 3068 680 κατᾶ
3113 624 3176 680 τὸ
3232 622 3483 697 θεοειδὶς,
3546 624 3679 702 ὅπερ
3733 627 3846 682 ἰστὶ

2193 713 2330 768 κατᾶ
2367 715 2429 769 τὸ
2457 715 2538 784 τῷ
2573 719 2690 786 Θεῷ
2738 713 2970 768 ἑοικέναι
3007 735 3020 748 ο
3067 715 3187 778 καθ’
3237 715 3365 769 ὅσον
3405 711 3621 791 ἐφικτὸν
3654 713 3850 790 ἑκάστῃ

2195 802 2372 857 αὐτῶν
2411 822 2423 834 ·
2483 801 2622 858 ὥστε
2706 804 2880 864 πάσας
2960 803 3054 875 μὶν
3136 804 3232 866 τὰς
3306 801 3709 878 ὑπὲρκοσμίους
3759 805 3854 860 τά·

2194 891 2300 962 ξεις
2355 889 2614 954 θεοειδεῖς
2673 889 2980 960 καλεῖσθαι,
3056 892 3146 946 καὶ
3215 893 3396 966 ἑτέραν
3450 889 3508 948 δὲ
3563 892 3853 948 κοινωνίαν

2193 979 2339 1056 ἔχειν
2373 981 2544 1042 πάσας
2578 979 2740 1042 αὐτὰς
2788 982 2886 1049 τήν
2939 987 3039 1050 τῆς
3083 982 3489 1055 φωτεινοτάτης
3522 980 3854 1054 ἰλλάμψεως

2191 1067 2250 1122 ἐκ
2279 1073 2414 1124 Θεοῦ
2453 1066 2684 1144 δωρεὰν,
2733 1066 2828 1123 κᾶν
2887 1069 3024 1145 πρὸς
3069 1072 3133 1124 τὸ
3178 1070 3374 1144 ὶκάστῃ
3423 1070 3663 1148 ἐφικτὸν,
3695 1069 3732 1140 ἤ
3765 1071 3852 1125 ἐπ’

2191 1153 2436 1226 ἔλαττον,
2484 1157 2520 1227 ἤ
2574 1157 2660 1213 ἐπὶ
2713 1158 2905 1214 πλεῖον
2950 1161 2985 1228 ἡ
3031 1155 3313 1233 ἓλλαμψις
3368 1157 3617 1216 διδῶται.
3666 1162 3754 1217 Ἐν
3793 1157 3855 1214 δὲ

2189 1252 2269 1320 τῷ
2324 1247 2454 1324 Περὶ
2513 1247 2668 1302 θείων
2723 1247 3007 1321 ὀνομάτων
3077 1246 3233 1324 λόγῳ
3284 1249 3476 1326 φησὶν,
3529 1249 3610 1304 ὅτι
3663 1251 3854 1322 [θεῖοι]

2196 1334 2354 1412 μὸοοι
2388 1336 2636 1413 λέγονται
2667 1337 2719 1392 οἱ
2753 1338 2957 1400 παντὸς
2985 1337 3263 1413 τάγματος
3286 1337 3596 1415 ταξίαρχοι.

2266 1513 2589 1588 Ἰδιότητας.
2640 1516 2959 1589 Σημείωσαι
3017 1521 3135 1580 πῶς
3197 1514 3482 1587 ἰδιότητας
3539 1513 3689 1592 λὲγει
3747 1515 3850 1578 τὰς

2192 1606 2388 1678 ἑκάστη
2399 1627 2422 1669 ς
2452 1605 2650 1680 τάξεως
2682 1605 2978 1681 ἀναλογίας
2990 1649 3003 1663 .

2692 1714 2806 1770 ΕΙΣ
2845 1718 2932 1772 ΤΟ
2977 1717 3238 1770 ΚΕΦΑΛ.
3271 1715 3338 1778 ς’.

2264 1823 2362 1892 §I.
2421 1821 2610 1890 Μόνην
2668 1816 2934 1895 ἀκριϐῶς.
2991 1822 3112 1875 Ὅτι
3171 1819 3337 1894 μόνος
3396 1821 3424 1875 6
3484 1822 3614 1882 Θεὸς
3663 1821 3692 1875 6
3753 1818 3853 1874 καὶ

416 1900 602 1956 efﬁcit
630 1901 790 1971 deos,
827 1902 988 1958 novit
1018 1907 1291 1958 accurate
1324 1909 1381 1959 et
1413 1903 1573 1976 ipsos
1599 1911 1656 1960 et
1686 1907 1948 1978 ipsorum
1981 1907 2087 1962 mi-

2220 1914 2458 1965 ιεοποιῶν
2507 1909 2724 1981 αὖτοὺς,
2785 1908 2924 1964 οἶδεν
2975 1905 3218 1986 ἀκριϐῶς
3269 1907 3466 1971 αὐτοὺς
3513 1930 3573 1964 τε
3619 1908 3711 1965 καὶ
3756 1909 3864 1972 τὰς

421 1989 688 2061 nisteria,
723 1995 899 2062 atque
949 1991 1062 2062 ipsi
1123 2000 1490 2064 cognoscunt
1547 2011 1633 2065 se,
1671 2001 1729 2051 et
1781 2013 1910 2052 sua.
1975 1996 2094 2051 Nos

434 2078 593 2133 enim
646 2078 792 2134 nihil
855 2081 1106 2150 perfecte
1163 2097 1365 2138 eorum
1427 2100 1554 2154 qua
1615 2084 1775 2156 ipsos
1829 2089 2099 2158 spectant

431 2166 683 2233 scimus,
725 2167 836 2223 nisi
869 2185 939 2223 ea
970 2185 1098 2240 quas
1132 2186 1165 2224 a
1194 2169 1394 2226 divina
1435 2173 1626 2228 edocti
1657 2191 1868 2230 sumus
1900 2175 2096 2247 Scrip-

433 2259 594 2311 tura.

503 2347 726 2400 Novem.
764 2350 932 2412 Nota,
985 2363 1189 2404 novem
1235 2363 1364 2404 esse
1395 2349 1631 2406 ordines
1662 2349 1895 2407 divinos
1925 2350 2097 2406 intel-

429 2432 777 2503 ligibilium.

505 2522 635 2591 §ll.
692 2523 988 2580 Sacrorum
1047 2527 1321 2587 initiator.
1385 2527 1480 2583 Gr.
1536 2525 1932 2600 ἱεροτελεστής.
1967 2533 2102 2584 Pro-

432 2612 631 2684 prium
677 2613 919 2684 quidem
973 2632 1208 2670 sacrum
1261 2616 1482 2672 rituum
1535 2617 1935 2674 institutorem
1967 2634 2101 2674 con-

434 2701 626 2757 suevit
654 2718 860 2758 vocare
890 2708 994 2758 aut
1029 2704 1469 2761 divinissimum
1503 2704 1773 2773 Paulum,
1808 2715 1903 2760 aut
1939 2722 2103 2762 sanc-

431 2793 563 2845 tum
595 2790 974 2846 Hierotheum
1004 2811 1018 2859 ;
1053 2793 1208 2848 sicut
1241 2794 1297 2848 in
1332 2794 1480 2850 libro
1508 2796 1580 2850 De
1609 2795 1815 2850 divinis
1857 2796 2101 2850 nomini-

434 2880 534 2935 bus
563 2879 784 2935 dictum
841 2886 968 2949 est;
1001 2898 1158 2936 nunc
1209 2888 1400 2938 autem
1435 2883 1688 2939 arbitror
1734 2883 1930 2956 ipsum
1968 2884 2101 2940 nul-

432 2967 558 3023 lum
589 2967 774 3024 alium
807 2970 1021 3040 dicere,
1048 2987 1227 3043 quam
1255 2977 1529 3027 sanctum
1563 2972 1809 3028 Paulum
1839 2999 1852 3039 ;
1881 2973 2105 3028 nullius

434 3057 592 3112 enim
625 3057 777 3113 alius
799 3064 925 3114 erat
956 3076 1135 3131 quam
1170 3060 1384 3132 ipsius,
1409 3062 1507 3132 qui
1541 3077 1725 3132 usque
1757 3063 1826 3117 ad
1863 3063 2103 3118 tertium

435 3143 648 3201 caelum
710 3147 968 3219 pertigit,
1000 3153 1057 3204 et
1105 3165 1171 3205 ea
1228 3164 1356 3221 quae
1406 3149 1476 3206 de
1524 3149 2106 3224 his'cognoscuntur

435 3235 681 3292 edoctus
711 3240 820 3292 est.

890 3326 1121 3384 Primus
1153 3329 1451 3385 ternarius
1482 3329 1645 3384 ordo.

692 3415 923 3482 Throni,
1069 3418 1380 3486 cherubim,
1536 3419 1847 3491 seraphim.

510 3521 766 3577 Assidue.
799 3521 881 3578 De
909 3524 1098 3595 primo
1150 3541 1450 3581 sacrorum
1502 3525 1779 3582 ordinum
1833 3526 1950 3582 Deo
2001 3543 2103 3598 ap-

440 3609 901 3682 propinquante.

515 3699 920 3756 Sanctissimos.
959 3702 1220 3757 Primum
1253 3703 1580 3758 ternarium
1621 3704 1780 3758 hunc
1809 3706 1867 3758 et
1897 3703 1992 3758 Dei
2025 3702 2107 3758 si-

445 3787 644 3844 milem
686 3789 912 3845 ordinis
961 3789 1357 3862 principatum
1418 3789 1554 3846 licet
1607 3791 1659 3846 ei
1719 3792 1820 3863 qui
1882 3795 2108 3847 attenta

444 3882 642 3933 mente
674 3882 730 3933 et
760 3878 936 3950 digne
969 3884 1080 3934 Deo
1112 3879 1394 3948 intuetur,
1429 3881 2010 3951 comprehendere,et
2041 3897 2108 3934 ex

444 3967 574 4039 ipso
607 3967 923 4034 Ezechiele,
956 3969 1057 4040 qui
1088 3969 1250 4039 dicit,
1283 3969 1562 4025 thronum
1604 3969 1862 4041 primum
1897 3971 1956 4026 in
1990 3986 2107 4042 quo

443 4054 610 4112 visus
639 4060 730 4112 est
762 4061 952 4125 Deus;
991 4061 1190 4130 postea
1239 4056 1440 4112 statim
1489 4059 1839 4114 assistentes
1876 4058 2107 4114 divinos

443 4145 751 4202 cherubim
786 4163 800 4201 :
837 4147 990 4218 apud
1026 4146 1236 4202 Isaiam
1269 4151 1467 4202 autem
1501 4147 1915 4204 sanctissimos
1947 4163 2106 4203 sera-

445 4233 614 4307 phim
646 4234 802 4291 circa
849 4236 1031 4292 Deum
1065 4240 1288 4292 stantes
1321 4236 1772 4308 contemplatur.
1809 4237 1941 4294 Hec
1970 4253 2106 4294 vero

445 4322 748 4379 declarant
795 4340 1134 4397 supremam
1182 4324 1446 4397 ipsorum
1500 4343 1682 4398 supra
1713 4343 1918 4383 omnes
1949 4328 2106 4398 apud

445 4411 631 4467 Deum
664 4418 904 4469 sortem.
941 4413 1340 4485 Explanantur
1369 4419 1564 4470 autem
1607 4415 1729 4472 haec
1760 4416 1878 4472 fere
1907 4415 2110 4473 simili-

445 4504 540 4557 ter
567 4501 746 4557 etiam
789 4502 846 4558 in
900 4503 1247 4577 Apocalypsi
1308 4505 1497 4560 sancti
1548 4504 1794 4561 Joannis
1856 4505 2107 4577 apostoli

450 4589 822 4662 evangelista
853 4595 910 4646 et
943 4591 1215 4666 theologi.

2204 1998 2380 2054 αὐτῶν
2427 1996 2766 2074 λειτουργίας
2803 2021 2814 2032 ·
2860 1998 2948 2054 καὶ
2999 1998 3155 2053 αὐτοὶ
3203 1997 3260 2054 δὲ
3313 1997 3491 2054 ἴσασιν
3541 1997 3738 2062 αὐτοὺς
3767 1996 3870 2054 καὶ

2203 2090 2270 2146 τὰ
2320 2092 2545 2146 ἑαυτῶν.
2607 2091 2798 2164 Ἡμεῖς
2864 2092 2967 2167 γὰρ
3046 2088 3199 2146 οὐδὲν
3268 2085 3511 2166 ἀκριϐῶς
3570 2094 3680 2145 τῶν
3738 2091 3863 2144 κατ’

2205 2179 2399 2243 αὐτοὺς
2441 2180 2791 2254 ἐπιστάμεθα,
2843 2178 2888 2235 εί
2942 2182 3018 2254 μὴ
3075 2179 3175 2235 ὅσα
3224 2178 3284 2235 ἐκ
3338 2182 3437 2250 τῆς
3497 2178 3642 2245 θείας
3674 2175 3865 2234 ἐδιδά-

2207 2281 2318 2345 χθη
2331 2290 2426 2342 μεν
2452 2275 2689 2343 Γραφῆς-

2281 2359 2485 2416 Ἐννέα.
2550 2359 2891 2432 Σημείωσαι,
2951 2357 3034 2414 ὅτι
3091 2357 3244 2414 ἰννέα
3293 2357 3398 2414 εἶσὶ
3443 2359 3691 2434 τάγματα
3748 2359 3878 2412 θεῖα

2207 2452 2317 2504 τῶν
2347 2448 2583 2518 νοητῶν,

2282 2525 2309 2591 §
2368 2515 2445 2578 II.
2515 2517 2936 2593 Ἱεροτελεστής.
3009 2518 3408 2594 Ἱεροτελεστήν
3491 2519 3588 2592 μὶν
3662 2515 3881 2573 οῗκεῖον

2211 2607 2369 2673 εἴωθε
2398 2607 2608 2675 καλεῖν,
2657 2606 2692 2677 ἤ
2741 2606 2831 2662 τὸν
2885 2607 3162 2663 θειότατον
3209 2606 3520 2664 ἀπόστολον
3556 2606 3794 2675 Παῦλον,
3839 2604 3876 2677 ἤ

2208 2699 2298 2754 τὸν
2331 2700 2481 2773 ἅγιον
2515 2697 2799 2773 Ἱερόθεον,
2845 2697 2921 2760 ὡς
2969 2696 3019 2751 ἐν
3067 2701 3149 2770 τῷ
3191 2698 3321 2772 Περὶ
3374 2696 3530 2762 θείων
3582 2696 3878 2769 ὀνομάτων

2211 2788 2415 2864 ἐλέχθη
2451 2785 2602 2864 λόγῳ
2635 2806 2648 2820 ο
2683 2791 2770 2841 νῦν
2805 2784 2864 2841 δὲ
2914 2783 3107 2842 οὐδένα
3156 2783 3343 2862 ἕτερον
3395 2788 3642 2861 ἠγοῦμαι
3684 2783 3814 2861 λέγε
3833 2807 3877 2842 ιν

2211 2877 2370 2934 αὐτὸν
2403 2875 2439 2946 ἤ
2469 2877 2558 2930 τὸν
2612 2876 2761 2952 ἅγιον
2815 2873 3033 2930 Παῦλον
3062 2895 3074 2908 ’
3135 2874 3352 2937 οὖδενὸς
3397 2876 3498 2950 γὰρ
3532 2875 3599 2944 ἦν
3633 2872 3813 2930 ἄλλου
3843 2872 3881 2944 ἤ

2211 2967 2371 3023 αὐτὸν
2405 2965 2440 3036 ἢ
2469 2965 2561 3020 τὸν
2597 2967 2743 3040 ἅγιον
2802 2962 3016 3019 Παῦλον
3049 2983 3062 2996 ο
3121 2963 3341 3027 οὐδενὸς
3380 2963 3483 3039 γάρ
3515 2963 3581 3033 ἦν
3616 2960 3800 3019 ἄλλου
3834 2961 3872 3034 ἤ

2213 3057 2376 3113 αὐτοῦ
2426 3060 2520 3110 τοῦ
2572 3053 2701 3131 ἄχρι
2758 3055 2944 3131 τρίτου
2999 3055 3236 3132 οὐρανοῦ
3294 3053 3619 3132 φθάσαντος,
3677 3053 3769 3108 καὶ
3811 3055 3881 3110 τὰ

2213 3146 2337 3224 περὶ
2366 3144 2573 3201 τούτων
2609 3144 2928 3218 μυηθέντος.

2697 3321 2897 3397 Πρώτη
2929 3317 3182 3396 τριαδική
3213 3320 3382 3394 τάξις.

2838 3406 3136 3488 χερουόίμ,
3321 3407 3578 3487 σεραφίμ.

2285 3523 2606 3596 Προσεχῶς.
2668 3519 2801 3595 Περὶ
2847 3521 2946 3575 τοῦ
2995 3522 3112 3590 Θεῷ
3161 3516 3470 3593 ἐγγίξοντος
3503 3514 3726 3591 πρώτου
3753 3520 3873 3572 τῶν

2214 3612 2374 3684 ἱερῶν
2398 3610 2718 3684 ταγμάτων.

2283 3699 2675 3773 Ἀγιωτάτους.
2735 3699 2842 3766 Τὴν
2900 3697 3127 3773 πρώτην
3180 3693 3468 3773 τριαδικὴν
3523 3693 3724 3764 ταύτην
3782 3694 3873 3749 καὶ

2215 3785 2426 3856 θεοειδῆ
2479 3786 2794 3863 ταξιαρχίαν
2864 3782 2975 3841 ἔστι
3049 3785 3140 3841 τὸν
3215 3788 3493 3861 νουνεχῶς
3565 3782 3656 3838 καὶ
3714 3781 3880 3853 ἀξίως

2217 3881 2349 3933 Θεοῦ
2391 3876 2792 3933 κατοπτεῦοντα
2837 3870 3184 3945 καταλαϐεῖν,
3221 3873 3326 3929 ἀπό
3355 3895 3414 3929 τε
3441 3877 3539 3929 τοῦ
3570 3869 3873 3942 Ἰεζεκιήλ,

2217 3964 2276 4031 ὅς
2306 3987 2438 4045 φησι
2482 3964 2672 4041 Θρόνον
2718 3968 2962 4038 πρῶτον,
3017 3963 3100 4040 ἐφ’
3148 3964 3210 4019 οὗ
3253 3957 3409 4042 ὤφθη
3457 3963 3485 4018 6
3533 3961 3662 4024 Θεός
3697 3977 3710 3991 ·
3765 3961 3882 4015 εἶτα

2219 4054 2374 4120 εὐθὺς
2407 4053 2649 4130 ἐχόμενα
2674 4054 2742 4109 τὰ
2793 4060 2910 4119 θεῖα
2949 4048 3228 4130 χερουϐἰμ
3259 4072 3272 4084 ·
3306 4052 3454 4128 παρὰ
3487 4049 3544 4107 δὶ
3572 4054 3654 4124 τῷ
3681 4047 3882 4120 Ἡσαΐᾳ

2215 4145 2284 4200 τὰ
2340 4145 2619 4218 ἁγιώτατα
2698 4143 2939 4221 σεραφὶμ
3013 4141 3206 4216 κύκλῳ
3280 4141 3544 4215 ἱστάμενα
3593 4143 3690 4194 τοῦ
3741 4141 3880 4194 Θεοῦ

2218 4235 2546 4308 θεωροῦντα.
2597 4237 2772 4288 Ταῦτα
2813 4230 2871 4287 δὲ
2919 4229 3088 4303 δηλοῖ
3133 4233 3233 4302 τὴν
3289 4231 3424 4307 ὖπὶρ
3480 4229 3682 4290 πάντας
3735 4227 3880 4282 ἀνω-

2213 4321 2359 4378 τάτω
2409 4322 2556 4398 παρὰ
2602 4321 2694 4377 τὸν
2741 4323 2872 4377 Θεὸν
2933 4319 3112 4376 αὐτῶν
3171 4319 3328 4390 λῆξιν
3359 4338 3372 4353 ·
3431 4316 3780 4396 σαφηνίζεται
3818 4313 3876 4371 δι

2214 4415 2382 4468 ταῦτα
2435 4407 2634 4487 σχεδὸν
2696 4408 3100 4486 παραπλησίως
3140 4408 3231 4464 καὶ
3280 4407 3331 4463 ἐν
3376 4411 3445 4482 τῇ
3496 4404 3875 4479 ’Δποκαλύψει

2214 4505 2311 4558 τοῦ
2369 4503 2524 4577 ἀγίου
2583 4499 2863 4572 Ἰωάννου,
2929 4499 3026 4555 τοῦ
3086 4495 3418 4566 ἀποστόλου,
3481 4493 3877 4572 εὐαγγελιστοῦ

2215 4590 2305 4645 καὶ
2337 4584 2628 4662 θεολὸγου.

2401 3412 2618 3489 Θρόνοι,

518 4680 860 4752 Immediate,
907 4685 1004 4736 Gr.
1037 4663 1277 4754 ἀμέσως.
1311 4681 1451 4739 Sine
1495 4683 1690 4738 medio
1719 4683 1941 4740 dictum
1976 4688 2100 4753 est;

2285 4676 2554 4751 Ἀμὲσως.
2609 4676 2862 4749 Ἀμὲσως
2911 4672 3145 4752 εἴρηται,
3197 4670 3386 4744 ἰπειδὴ
3439 4671 3539 4728 οὐκ
3591 4669 3734 4726 ἔστιν
3767 4669 3875 4725 ἀλ-

447 4769 925 4841 quandoquidem
959 4788 1071 4826 non
1098 4776 1187 4827 est
1216 4771 1368 4827 alius
1398 4773 1540 4827 ordo
1571 4776 1707 4828 ante
1734 4772 2110 4844 ipsum.Nota

444 4873 600 4927 vero,
634 4874 767 4915 eum
801 4861 1048 4917 thronos
1078 4877 1181 4917 seu
1233 4859 1632 4917 multi-oculos
1665 4865 1722 4917 et
1773 4861 2110 4933 multi-pen.

442 4962 548 5002 nes
580 4947 886 5006 cherubim
912 4954 971 5005 et
1001 4949 1301 5022 seraphim
1355 4950 1549 5006 dicere
1596 4951 1932 5022 superiores
1978 4967 2109 5008 esse

446 5035 719 5092 omnibus
749 5037 1023 5105 virtutes,
1054 5045 1111 5094 et
1143 5039 1321 5094 unius
1352 5039 1519 5094 trinae
1551 5039 1913 5095 hierarchias.

516 5125 784 5197 Inclytus.
819 5126 1103 5185 Sanctum
1137 5129 1388 5184 Paulum
1419 5127 1704 5184 insinuat.

518 5216 868 5272 Potestatem.
901 5215 1060 5272 Duos
1094 5221 1410 5288 sequentes
1439 5217 1738 5274 terniones
1767 5216 2108 5291 intelligibi-

445 5301 594 5358 lium
619 5308 856 5361 sanctos
872 5305 1146 5362 ordinum
1175 5305 1547 5377 principatus
1570 5307 1643 5362 ah
1669 5306 1873 5364 infimo
1904 5309 1976 5364 ad
2009 5325 2110 5364 su-

446 5407 720 5464 premum
743 5398 1028 5450 recenset.
1061 5394 1268 5451 Primis
1290 5394 1450 5450 enim
1474 5398 1614 5449 sunt
1638 5396 2109 5464 dominationes;

448 5484 653 5552 postea
683 5487 1013 5552 sequuntur
1040 5484 1324 5551 virtutes;
1350 5482 1608 5554 denique
1640 5487 2114 5558 potestates.lpse

449 5572 648 5625 autem
683 5575 996 5642 potestates
1027 5572 1249 5644 primas
1281 5571 1598 5641 collucens,
1635 5574 1861 5630 medias
1892 5574 2116 5647 accepit

451 5658 886 5717 dominationes
913 5682 927 5729 ;
952 5665 1009 5718 et
1033 5660 1188 5718 tertii
1225 5661 1485 5734 liturgici
1518 5662 1618 5719 22
1651 5665 1958 5736 ternionis,
1994 5664 2114 5737 pri-

454 5747 536 5804 mi
558 5749 947 5822 principatus,
973 5750 1186 5808 deinde
1213 5749 1574 5822 archangeli,
1603 5755 1661 5808 et
1690 5758 1988 5825 postremo
2016 5769 2116 5810 an-

2216 4766 2284 4823 λο
2329 4765 2510 4841 τάγμα
2539 4766 2645 4842 πρὸ
2691 4765 2879 4835 αὑτῆς.
2934 4763 3251 4837 Σημείωσαι
3302 4761 3381 4837 δὶ,
3428 4760 3510 4818 δτι
3568 4759 3695 4816 τοὺς
3743 4760 3872 4834 Θρό-

2215 4877 2371 4924 νους,
2430 4853 2559 4926 ἤτοι
2604 4855 2671 4910 τά
2719 4854 3094 4928 πολυόμματα
3143 4855 3230 4908 καὶ
3293 4853 3360 4907 τὰ
3408 4849 3729 4927 πολύπτερα
3777 4869 3875 4924 χε-

2218 4941 2424 5020 ρουϐὶμ
2487 4943 2576 5000 καὶ
2626 4945 2867 5023 σεραφὶμ
2928 4941 3078 5018 λίγει
3141 4940 3417 5018 ἀνωτίρας
3491 4941 3626 4995 εἶναι
3682 4941 3874 4994 πασῶν

2217 5032 2474 5108 δυνάμεις
2505 5034 2596 5089 καὶ
2627 5036 2725 5103 τῆς
2774 5039 2900 5107 μιᾶς
2947 5029 3238 5108 τριαδικῆς
3282 5031 3591 5106 ἱεραρχίας·

2285 5125 2348 5181 Ὀ
2379 5122 2614 5186 κλεινός.
2649 5123 2753 5180 Τὸν
2787 5122 2936 5200 ’ἀγιον
2971 5119 3186 5177 Παῦλον
3214 5118 3524 5176 αἰνίττεται.

2286 5215 2597 5285 Ἐξουσιῶν.
2657 5212 2759 5276 Τὰς
2838 5211 3027 5291 ἑφεξῆς
3075 5207 3172 5264 δύο
3229 5206 3514 5286 τριαδικὰς
3572 5211 3682 5264 τῶν
3744 5226 3872 5276 νοη-

2215 5307 2322 5358 τῶν
2380 5303 2540 5379 ἀγίας
2595 5303 2916 5379 ταξιαρχίας
2955 5301 3195 5356 κάτωθεν
3247 5298 3324 5360 εἰς
3369 5298 3482 5353 ἅνω
3530 5294 3820 5370 καταλέγει
3858 5312 3872 5326 ·

2217 5395 2430 5468 πρῶται
2461 5412 2565 5467 γαρ
2606 5389 2741 5446 εἰσιν
2787 5391 2843 5444 αἱ
2888 5407 3207 5463 κυριοτητες
3239 5404 3250 5417 ·
3304 5384 3419 5440 εἶτα
3461 5384 3584 5455 ἑξῆς
3613 5384 3669 5438 αἱ
3709 5379 3877 5438 δυνά-

2224 5503 2341 5555 μεις
2375 5501 2388 5514 ⁸
2433 5484 2548 5536 εἶτα
2581 5480 2635 5534 αἱ
2680 5477 2936 5552 ἱξουσίαι.
2977 5476 3152 5538 Αὐτὸς
3206 5471 3266 5530 δὶ
3309 5473 3406 5536 τὰς
3444 5471 3687 5546 ἐξουσίας
3729 5470 3880 5547 πρώ-

2218 5590 2314 5632 τας
2369 5571 2549 5643 τάξας,
2602 5567 2765 5643 μὲσας
2832 5561 2996 5622 ἔλαϐε
3059 5565 3158 5626 τὰς
3214 5561 3569 5638 κυριότητας,
3631 5562 3724 5618 καὶ
3774 5561 3878 5624 τῆς

2219 5658 2409 5736 τρίτης
2463 5659 2845 5735 λειτουργικῆς
2894 5652 3114 5733 τριάδος
3171 5657 3384 5728 πρῶται
3429 5653 3484 5708 αἱ
3541 5649 3734 5728 ἀρχαὶ,
3763 5648 3876 5704 εἶτα

2221 5749 2422 5806 λοιπὸν
2455 5749 2508 5804 οὶ
2533 5746 2877 5825 άρχάγγελοι
2920 5763 2934 5780 ⁸
2986 5743 3079 5800 καὶ
3127 5743 3190 5800 τὸ
3237 5741 3550 5800 τελεοταῖον
3588 5737 3813 5819 ἄγγελοι
3857 5752 3872 5770 ⁸
