4134 6394
302 387 380 440 65
1016 389 1075 440 8'
1118 386 1393 440 MAXIMI
1432 384 1742 440 SCHOLIA
1777 388 1853 439 IN
1894 387 2027 441 LIB.
2065 388 2164 442 DE
2203 385 2526 442 C(ELESTI
2565 384 3045 442 HIERARCHIA.
3673 387 3749 442 66

307 514 419 567 Νῦν
452 509 543 566 οὗν
578 507 695 584 οὑχ
737 505 917 571 οὕτως
965 506 1141 563 αὐτῶν
1189 504 1592 582 ἐμνημόνευσεν
1639 505 1694 562 ἐν
1723 512 1802 580 τῷ
1855 508 1975 582 ἑξῆς

2116 510 2224 582 geli.
2252 509 2417 566 Nunc
2442 508 2625 582 igitur
2647 526 2762 565 non
2787 509 2871 565 ita
2890 509 3159 566 meminit
3186 511 3453 582 ipsorum
3475 511 3534 568 in
3558 513 3750 584 capite

308 596 614 676 κεφαλαίῳ,
666 595 815 653 ἀλλὰ
857 597 1096 651 κάτωθεν
1150 594 1226 660 εἷς
1275 593 1387 650 ἅνω
1438 590 1623 651 λαϐὼν
1671 595 1975 670 ὠνόμασεν.

280 690 378 746 -Ὁ
429 688 522 761 μὲν
573 685 668 741 οὗν
725 684 1068 747 Ἀπόστολος
1121 682 1173 739 ἕν
1232 705 1292 738 τε
1347 689 1418 758 τῇ
1469 685 1606 759 πρὸς
1652 685 1981 758 Ῥωμαίους,

311 778 406 832 καὶ
457 777 508 832 ἰν
565 780 637 850 τῇ
693 776 834 852 πρὸς
888 775 1167 850 Ἐφεσίους
1229 773 1498 848 μὲμνηται
1550 773 1706 829 ἐνίων
1756 772 1981 852 ἀγγελι-

310 871 428 921 κῶν
472 864 789 943 ταγμάτων·
841 863 904 920 οὐ
954 863 1156 934 ταύτην
1215 860 1272 918 δὶ
1328 864 1430 932 τήν
1475 862 1620 936 τάξιν
1675 865 1982 942 ὑφηγεῖται.

313 954 497 1024 Δηλοῖ
527 952 640 1010 δὲὸ
692 956 863 1029 μέγας
913 952 1214 1026 Διονύσιος,
1247 952 1330 1007 ὅτι
1381 951 1435 1007 ὲν
1486 954 1772 1027 μυστηρίῳ
1817 951 1985 1009 ταῦτα

310 1042 606 1120 παρέδωκε
634 1049 753 1106 τοῖς
780 1041 962 1118 ἁγίοις
991 1043 1019 1097 ὁ
1054 1045 1200 1106 θεῖος
1231 1037 1590 1104 Ἀπόστολος.

818 1153 934 1207 E12
971 1150 1060 1207 ΤΟ
1102 1151 1372 1208 ΚΕΦΑΑ.
1420 1150 1480 1218 ζ’.

387 1244 495 1312 §I.
549 1239 722 1296 Παλιν
771 1242 806 1309 ἡ
859 1237 1136 1318 ἐπιγραφή
1183 1235 1425 1294 κᾶτωθεν
1472 1237 1560 1293 ἐπὶ
1607 1239 1676 1294 τὰ
1723 1237 1986 1314 ὑπὲρτερα

315 1329 514 1386 ἄνεισιο
545 1330 617 1386 τὰ
659 1330 762 1404 γὰρ
809 1329 970 1403 τρίτα
1022 1327 1277 1406 σεραφίμ·
1311 1327 1381 1384 τὰ
1425 1324 1483 1383 δὶ
1532 1325 1756 1404 δεύτερα
1787 1347 1986 1404 χερου-

315 1416 442 1494 ϐίμ·
503 1420 594 1475 καὶ
652 1420 718 1475 τὰ
770 1423 966 1494 πρῶτα
1023 1417 1228 1492 θρόνοι.
1291 1417 1696 1496 Ἀντιστρόφως
1750 1420 1840 1474 οὖν
1891 1419 1985 1476 ἐπ-

317 1509 557 1585 έγραψεν
568 1553 582 1566 .

393 1597 761 1672 Ἐπωνυμία.,
795 1598 1138 1672 Σημείωσαι,
1186 1598 1267 1652 ὅτι
1318 1602 1422 1652 πᾶν
1474 1592 1652 1670 ὄνομα
1680 1601 1787 1652 τῶν
1821 1598 1982 1673 ἱερῶν

321 1688 597 1761 σημασίαν
648 1688 897 1763 περιέχει
955 1694 1057 1757 τῆς
1108 1691 1207 1742 τοῦ
1260 1685 1540 1762 τάγματος
1599 1683 1783 1756 ἰδικῆς
1833 1686 1984 1763 ἐνερ-

324 1779 496 1853 γείας,
557 1778 635 1840 ὡς
692 1781 802 1832 τῶν
867 1776 1038 1853 ἁγίων
1097 1776 1335 1855 σεραφὶμ
1380 1775 1470 1831 καὶ
1529 1771 1806 1852 χερουϐἰμ
1854 1779 1982 1850 [τῶν

2091 599 2388 672 sequenti,
2414 599 2513 654 sed
2545 598 2617 654 ab
2643 599 2848 654 inﬁmo
2872 599 2943 653 ad
2978 615 3322 670 supremum
3367 617 3611 658 exorsus
3651 618 3754 657 no-

2093 687 2685 758 minavit.Apostolus
2705 686 2908 758 igitur,
2930 688 3135 743 tumin
3160 689 3418 760 Epistola
3439 691 3510 746 ad
3537 691 3750 747 Roma-

2093 794 2224 846 nos,
2256 783 2383 832 tum
2419 777 2490 832 ad
2515 776 2820 847 Ephesios.
2855 777 3125 832 meminit
3153 780 3546 848 quorumdam
3578 795 3751 852 ange-

2091 866 2339 923 licorum
2393 866 2670 921 ordinum
2699 883 2712 933 ;
2746 864 2903 921 hunc
2935 882 3068 922 vero
3100 866 3368 922 ordinem
3401 885 3515 924 non
3557 870 3747 925 docet.

2092 955 2360 1012 Declarat
2393 960 2588 1011 autem
2625 971 2876 1027 magnus
2909 956 3227 1028 Dionysius
3258 955 3523 1013 divinum
3566 959 3749 1031 Apos-

2093 1045 2282 1102 tolum
2317 1045 2437 1101 haec
2465 1045 2523 1100 in
2558 1045 2838 1118 mysterio
2869 1045 3092 1102 sanctis
3122 1046 3461 1104 tradidisse.

2699 1157 2774 1208 IN
2814 1152 2971 1208 CAP.
3006 1153 3130 1210 VII.

2167 1241 2198 1315 §
2228 1243 2270 1297 l.
2305 1245 2561 1297 Rursum
2595 1241 2903 1312 inscriptio
2935 1242 3007 1297 ab
3040 1242 3246 1299 inﬁmo
3278 1245 3346 1299 ad
3401 1259 3751 1317 supremum

2092 1331 2402 1387 ascendit:
2452 1330 2608 1388 tertii
2657 1331 2811 1387 enim
2861 1331 3184 1404 seraphim,
3251 1333 3495 1389 secundi
3553 1337 3750 1390 autem

2092 1420 2423 1490 cherubim,
2456 1425 2515 1476 et
2544 1420 2719 1492 primi
2751 1421 2985 1476 throni:
3019 1421 3313 1478 contrario
3364 1422 3546 1496 igitur
3577 1425 3752 1480 modo

2093 1509 2417 1580 inscripsit.

2163 1597 2499 1670 Appellalio.
2531 1598 2697 1667 Nota,
2731 1615 2905 1654 omne
2935 1615 3148 1656 nomen
3181 1617 3483 1658 sacrorum
3523 1601 3751 1674 signiﬁ-

2093 1688 2383 1744 cntionem
2417 1687 2724 1760 complecti
2750 1689 3000 1761 propria
3025 1689 3250 1745 ordinis
3272 1690 3523 1764 energies
3547 1711 3562 1760 ;
3595 1691 3754 1748 sicut

2094 1783 2433 1835 sanctorum
2459 1777 2756 1849 seraphim
2779 1783 2836 1834 et
2856 1777 3158 1834 cherubim
3186 1780 3543 1852 [nominum]
3571 1780 3750 1836 inter-

335 1865 634 1941 ὀνομάτων]
689 1867 743 1922 αἱ
795 1869 1080 1944 ἑρμηνεῖαι
1134 1863 1419 1938 δηλοῦσιν,
1453 1863 1642 1937 ἐπειδῆ
1695 1865 1796 1922 οὐκ
1842 1865 1982 1923 ἔστιν

2116 1867 2452 1924 natationes
2483 1866 2784 1923 declarant
2808 1885 2822 1924 :
2847 1869 3327 1940 quandoquidem
3362 1886 3477 1925 non
3500 1871 3578 1926 sit
3597 1868 3752 1926 alius

333 1953 468 2012 ἄλλο
496 1955 689 2032 τάγμα
715 1956 824 2031 πρὸ
858 1955 1049 2026 αὐτῆς.

398 2044 746 2124 Θεοφανείας.
805 2045 900 2108 Εἲς
961 2045 1063 2120 γὰρ
1119 2043 1248 2107 τοὺς
1322 2045 1577 2122 πρώτους
1644 2044 1985 2121 ἐργάζονται,

324 2134 706 2210 ἐνεργούμεναι
737 2135 794 2189 αἱ
823 2138 1037 2209 πρῶται
1071 2132 1403 2212 θεοφάνειαι.

396 2225 836 2299 Ἐκφαντορικῷ.
899 2222 1047 2280 ’Δντὶ
1095 2227 1192 2278 τοῦ
1241 2224 1623 2296 ἑρμηνευτικῷ
1672 2225 1761 2279 καὶ
1813 2245 1986 2298 παρα-

326 2317 590 2386 πατικῷ.

397 2399 691 2458 Θεοειδῶν.
721 2399 951 2471 Ἐπειδὴ
1002 2399 1260 2465 θεοειδεῖς
1309 2399 1446 2473 ἕξεις
1506 2404 1670 2479 φησὶν
1733 2401 1819 2458 ἐπὶ
1876 2407 1984 2457 τῶν

325 2491 487 2555 θείων
519 2495 686 2563 νοῶν,
719 2489 781 2546 οὐ
831 2492 945 2567 χρή
997 2485 1407 2564 ὑπολαμϐάνειν
1450 2491 1542 2546 τὸν
1598 2492 1768 2567 μέγαν
1800 2491 1989 2546 Διονό-

324 2600 444 2636 σιον
497 2579 596 2645 τὰς
642 2580 835 2656 ἀρετὰς
881 2578 1080 2641 ταύτας
1127 2579 1225 2643 τὰς
1261 2581 1462 2651 νοητὰς
1493 2578 1570 2642 ὠς
1620 2575 1987 2653 συμϐεϐηκὸς,

325 2668 420 2722 ἅτε
475 2667 570 2721 καὶ
623 2665 705 2745 ἐφ’
761 2669 924 2740 ἡμῶν
979 2666 1156 2722 αὐτῶν
1213 2667 1598 2744 προσγίνεσθαι
1661 2667 1863 2743 λέγειν,
1916 2667 1993 2733 ὠς

327 2753 478 2827 ἄλλη
507 2757 550 2793 η
585 2754 638 2810 ἐν
672 2753 832 2828 ἄλλῳ
885 2754 1254 2829 ὑποκειμένῳ,
1289 2757 1458 2811 οἱονεὶ
1505 2755 1774 2822 ποιότητα
1821 2777 1992 2833 προσ-

328 2846 658 2921 γινομένην·
736 2845 800 2899 τὸ
876 2845 981 2920 γὰρ
1050 2839 1401 2919 συμϐεϐηκὸς
1469 2846 1559 2900 καὶ
1636 2847 1990 2920 ὑποκείμενον

333 2933 543 2998 ἐκεῖθεν
602 2931 974 3007 ἀπελήλαται,
1019 2932 1110 2989 ὅτε
1157 2934 1245 2989 καὶ
1289 2939 1436 2989 πᾶσα
1483 2933 1744 3004 σύνθεσις,
1793 2935 1882 2990 καὶ
1930 2933 1994 2990 τὸ

329 3031 436 3094 τῆς
488 3022 630 3096 ὕλης
681 3021 954 3099 ἄμορφον,
1015 3022 1215 3079 ἐκεῖθεν
1274 3022 1591 3098 ἐξώρισται.
1644 3023 1709 3080 Εἰ
1763 3026 1865 3100 γὰρ
1924 3025 1993 3093 ἦν

2095 1957 2238 2012 ordo
2264 1961 2400 2011 ante
2430 1955 2646 2028 ipsum.

2168 2047 2714 2117 Dei-apparitiones.
2749 2048 2811 2101 In
2845 2045 3050 2117 primis
3082 2047 3240 2102 enim
3275 2055 3614 2120 operantur,
3641 2047 3756 2120 pri-

2096 2150 2202 2190 mae
2235 2133 2774 2206 Dei-apparitiones
2803 2134 3092 2190 efficaces.

2166 2224 2646 2296 Explanalorz‘am.
2680 2222 2781 2280 Gr.
2812 2221 3206 2298 ἐκφαντορικῷ.
3247 2225 3356 2280 Pro
3404 2225 3754 2297 interpreta-

2098 2311 2211 2367 tivo
2242 2315 2300 2366 et
2329 2311 2825 2383 representative.

2171 2402 2553 2474 Deiformium.
2585 2402 2872 2466 Quoniam
2903 2401 3225 2458 deisimiles
3256 2403 3492 2460 habitus
3522 2403 3665 2459 dicit
3696 2403 3754 2460 in

2099 2491 2316 2547 divinis
2341 2492 2660 2560 mentibus,
2688 2509 2802 2547 non
2827 2492 3294 2564 oportetopinari
3321 2509 3603 2566 magnum
3630 2493 3758 2550 Dio-

2101 2580 2332 2652 nysium
2349 2581 2596 2636 virtutes
2609 2581 2717 2636 has
2730 2579 3444 2653 intelligibilcs,tanquam
3459 2583 3756 2652 accidens,

2102 2670 2254 2725 sicut
2301 2669 2476 2725 etiam
2510 2670 2568 2724 in
2602 2671 2773 2726 nobis
2803 2669 2972 2742 ipsis,
3004 2670 3218 2737 inesse,
3251 2671 3485 2740 dicere;
3519 2675 3586 2726 ut
3637 2671 3755 2729 alia

2099 2758 2161 2813 in
2211 2757 2323 2814 alio
2373 2759 2661 2829 subjecto,
2718 2765 3007 2830 tanquam
3057 2759 3402 2830 qualitatem
3454 2759 3758 2817 adhaeren-

2103 2854 2220 2904 tem
2248 2865 2260 2902 :
2296 2847 2566 2904 accidens
2595 2847 2754 2903 enim
2786 2853 2843 2902 et
2874 2848 3210 2918 subjectum
3249 2847 3413 2903 illinc
3442 2847 3758 2921 expulsum

2103 2943 2213 3004 est,
2239 2939 2475 3009 quando
2499 2942 2556 2992 et
2578 2938 2774 2992 omnis
2797 2937 3169 3009 compositio,
3194 2942 3250 2992 et
3285 2937 3540 2993 materia:
3565 2938 3760 3010 priva-

2101 3029 2183 3084 tio
2215 3027 2415 3083 formae
2446 3026 2610 3082 illinc
2640 3027 3029 3083 exterminata
3054 3030 3163 3082 est.
3198 3026 3257 3082 Si
3302 3027 3459 3083 enim
3503 3026 3662 3084 aliud
3695 3027 3757 3084 in

333 3111 485 3169 ἄλλο
518 3112 572 3169 ἐν
605 3111 788 3186 ἄλλῳ,
822 3115 939 3168 οἷον
991 3107 1338 3186 συμϐεϐηκὸς
1387 3111 1438 3167 ἐν
1493 3114 1865 3187 ὑποκειμὲνῳ,
1897 3115 1989 3169 οὐκ

2116 3116 2218 3173 alio
2255 3121 2401 3182 erat,
2432 3116 2587 3171 sicut
2617 3116 2889 3172 accidens
2919 3117 2978 3172 in
3009 3117 3298 3186 subjecto,
3329 3133 3520 3189 neque
3567 3116 3760 3173 vivere

330 3202 393 3257 ἂν
443 3199 540 3274 ἔζη
600 3204 720 3258 καθ’
767 3203 962 3271 ἑαυτὴν
1012 3204 1045 3271 ἡ
1099 3201 1259 3256 οὑσία
1299 3200 1504 3272 ἐκείνη,
1558 3199 1683 3257 οὐδὲ
1745 3205 1993 3266 θεοῦσθαι

2109 3206 2304 3277 seipse
2335 3205 2614 3275 essentia,
2649 3221 2840 3277 neque
2872 3205 3066 3277 seipsa
3096 3204 3252 3261 Deus
3285 3205 3437 3261 efﬁci
3469 3210 3760 3277 quantum

325 3294 451 3347 καθ’
487 3269 701 3360 -ἒαυτὴν
752 3291 829 3356 ὠς
878 3269 1096 3370 ἐιρικτὸν
1154 3288 1414 3360 ἠδύνατο,
1467 3269 1557 3346 διὰ
1624 3292 1795 3365 μόνην
1847 3292 1989 3363 τάξιν

2116 3269 2245 3350 licet
2274 3295 2487 3367 quiret,
2520 3269 2624 3366 per
2654 3269 2848 3350 solum
2883 3269 3147 3350 ordinem
3200 3300 3266 3350 ut
3315 3269 3504 3350 aliud-
3530 3293 3590 3350 in
3645 3293 3762 3352 alio

323 3385 426 3454 τήν
462 3382 536 3445 ὡς
571 3381 711 3437 ἄλλο
754 3382 806 3438 ἐν
858 3380 1017 3456 ἄλλῳ
1070 3381 1513 3456 φυλαττομένην
1550 3383 1604 3436 αὶ
1655 3382 1747 3437 οὗν
1799 3382 1850 3435 ἐν
1897 3381 1992 3436 αὑ-

322 3479 442 3535 τοῖς
493 3472 781 3547 εἰρημέναι
832 3469 970 3542 ἑξεις
1019 3471 1526 3546 αὐτουσιωμὲναι⁴²
1559 3469 1716 3542 εῗσὶν,
1770 3471 1834 3526 οὐ
1887 3472 1996 3544 μὴν

326 3562 402 3624 ὦς
444 3556 797 3637 συμϐεϐηκὸς
847 3560 900 3617 ἰν
955 3561 1322 3636 ὑποκειμένῳ,
1373 3559 1462 3616 διὰ
1508 3561 1570 3615 τὸ
1618 3559 1808 3616 ἅϋλον.
1840 3561 1997 3616 Ὅθεν

328 3653 356 3707 ὁ
393 3651 565 3728 μὲγας
613 3652 898 3714 Διονύσιος
945 3652 1183 3708 κᾶτωθεν
1235 3650 1286 3706 ἐν
1340 3654 1420 3723 τῷ
1477 3650 1607 3726 Περὶ
1654 3657 1755 3720 τῆς
1789 3648 1993 3720 ἐκκλη-

337 3749 616 3813 σιαστικῆς
693 3741 982 3819 ἱεραρχίας
1055 3739 1206 3819 λόγῳ
1259 3739 1540 3819 κεφαλαίῳ
1598 3740 1840 3816 τετάρτῳ
1899 3739 1995 3795 οό-

339 3829 547 3895 σιώδεις
576 3831 742 3910 φησὶν
777 3833 912 3886 εἶναι
941 3831 1034 3893 τὰς
1056 3827 1187 3904 ἔξεις
1215 3829 1312 3892 τὰς
1339 3829 1392 3885 ἐν
1425 3830 1635 3894 αὐτοῖς.

401 3923 626 3992 Ἕξεων.
690 3921 1032 3994 Σημείωσαι,
1095 3919 1178 3976 ὅτι
1237 3919 1291 3974 αἱ
1351 3925 1490 3984 θεῖαι
1563 3916 1817 3992 δυνάμεις
1876 3919 1997 3974 καθ’

325 4006 434 4084 ἕξιν
466 4005 660 4086 ἔχουσι
690 4011 754 4066 τὸ
787 4007 1038 4075 θεοειδές.
1071 4009 1218 4080 Ἕξις
1266 4006 1324 4063 δὲ
1371 4007 1484 4064 ἐστι
1537 4009 1768 4079 ποιότης
1816 4003 1995 4082 ἔμμο-

325 4121 446 4163 νος.

397 4192 678 4254 Ἐντεῦθεν
725 4189 818 4245 οὖν
871 4187 1166 4260 δηλοῦται,
1216 4187 1303 4244 ὅτι
1337 4185 1675 4260 αὑτεξοόσιοί
1726 4187 1858 4241 εἰσιν
1890 4182 1994 4256 ἕξει

316 4278 418 4342 τὰς
478 4279 672 4356 ἀρετὰς
729 4279 1032 4352 κτώμεναι,
1088 4281 1261 4333 Τοῦτο
1337 4274 1676 4351 πλατύτερον
1758 4279 1996 4350 παριστᾷ

321 4375 571 4443 ’Δμμων
621 4371 650 4424 ὁ
699 4365 1226 4444 Ἀδριανουπολίτης
1287 4369 1355 4440 ⁴³,
1402 4366 1453 4420 ἐν
1499 4371 1616 4430 τοῖς
1675 4366 1807 4442 Περὶ
1864 4365 1990 4420 ἀνα-

320 4458 570 4520 στάσεως
625 4455 773 4531 αὑτῷ
828 4456 966 4514 κατᾶ
1038 4457 1350 4534 Ὠριγὲνους
1421 4455 1830 4532 γεγραμμένοις
1891 4452 1991 4508 λό-

320 4569 473 4624 γοις.

396 4635 808 4711 Ὑψηλοτάτων.
843 4637 943 4691 Διά
969 4635 1022 4691 τί
1054 4632 1307 4712 λέγονται
1344 4632 1553 4710 θρόνοι.

402 4727 747 4800 Περιπεζίας.
809 4725 953 4783 Ἀντὶ
1006 4728 1145 4796 τοῦ,
1201 4731 1304 4794 τῆς
1362 4723 1500 4798 πρὸς
1573 4722 1634 4777 τὸ
1694 4719 1989 4797 χθαμαλὸν

331 4817 572 4892 βάσεως.
612 4815 931 4886 Σημείωσαι
993 4811 1071 4884 δὲ,
1111 4813 1194 4876 τίς
1250 4814 1278 4868 ὁ
1339 4813 1540 4875 σκοπὸς
1595 4811 1773 4881 πάσης
1811 4813 1992 4888 ἱεραρ-

331 4905 490 4981 χίας.

402 4995 692 5072 ἰ’φὲσεως.
744 4994 1055 5064 Ἀνωτάτην
1102 4992 1225 5048 τινὶ
1275 4990 1431 5070 φύσιν
1475 4991 1564 5047 καὶ
1623 4990 1756 5065 μετὰ
1786 4993 1831 5028 “
1863 4991 1992 5046 Θεὸν

327 5086 498 5150 εὐθὺς
530 5085 619 5140 ὑπ’
651 5083 816 5140 αὐτοῦ
860 5083 1191 5161 τεταγμένην
1247 5079 1415 5153 δηλοῖ
1455 5080 1584 5144 τοὺς
1619 5081 1871 5156 θρόνους,
1903 5080 1995 5136 οὐ·

327 5174 420 5232 δέν
454 5173 545 5230 ἐπὶ
571 5176 637 5229 τὰ
668 5173 832 5230 ὑλικᾶ
873 5175 1273 5250 προσέχοντας,
1305 5172 1380 5235 ὡς
1430 5169 1718 5246 σημαίνειν
1770 5171 1832 5224 τὸ
1886 5191 1993 5243 μη-

329 5266 421 5331 θὶν
484 5263 680 5327 αὐτοὺς
731 5257 881 5339 ἔχειν
939 5263 1258 5340 περιπεζίας
1319 5259 1603 5336 ὑφὲσεως,
1659 5257 1786 5330 ἤτοι
1845 5255 1995 5314 ἐνδό-

329 5375 498 5427 σεως,
541 5354 632 5410 καὶ
682 5359 784 5424 τῆς
830 5353 970 5430 πρὸς
1013 5353 1078 5409 τὸ
1121 5349 1270 5407 κάτω
1317 5349 1572 5414 νεύσεως”
1621 5345 1769 5404 ἀλλὰ
1812 5345 1875 5404 τὸ
1907 5346 1996 5404 ἐπὶ

333 5444 474 5503 Θεὸν
532 5437 879 5516 ἂναϐατικὸν,
937 5439 1233 5518 ἆνωφερῶς
1297 5437 1573 5518 προσὲχον
1610 5483 1624 5496 .
1683 5435 1882 5499 Καλῶς
1939 5434 1998 5492 δὲ

2103 3389 2508 3441 conservatum
2541 3401 2554 3438 :
2588 3400 2727 3456 ergo
2757 3384 2896 3439 dicti
2930 3384 2988 3439 in
3038 3383 3187 3456 ipsis
3237 3382 3500 3451 habitus,
3547 3401 3651 3456 per
3699 3400 3764 3440 so

2105 3471 2491 3529 substantiati
2519 3477 2698 3541 sunt;
2725 3489 2840 3527 non
2862 3488 2999 3528 vero
3021 3472 3177 3528 sicut
3218 3472 3494 3528 accidens
3536 3471 3595 3527 in
3629 3473 3766 3528 sub-

2097 3563 2274 3634 jccto,
2310 3566 2549 3634 propter
2578 3561 2836 3617 materias
2871 3561 3278 3633 privationem.
3314 3561 3477 3617 Unde
3509 3577 3764 3634 magnus

2102 3650 2419 3724 Dionysius
2450 3651 2621 3716 infra,
2662 3651 2722 3706 in
2755 3649 2904 3706 libro
2940 3654 3020 3706 Dc
3039 3649 3423 3706 ecclesiastica
3443 3649 3766 3706 hierarchia

2103 3740 2294 3812 capite
2319 3745 2530 3812 quarto
2561 3740 2724 3811 dicit,
2753 3738 3177 3796 substantiales
3208 3755 3340 3796 esse
3374 3739 3634 3808 habitus,
3661 3737 3766 3810 qui

2104 3830 2252 3900 ipsis
2283 3829 2511 3884 insunt.

2183 3918 2615 3974 Habiludinum.
2647 3919 2795 3974 Nota
2835 3917 3066 3974 divinas
3109 3917 3358 3973 virtutes
3410 3915 3621 3972 habere
3663 3933 3770 3988 per

2106 4009 2351 4064 modum
2378 4007 2623 4064 habitus
2672 4005 3282 4064 dei-similitudinem.
3333 4005 3582 4062 Habitus
3631 4021 3766 4062 vero

2105 4103 2196 4155 est
2226 4096 2484 4169 qualitas
2517 4096 2876 4153 immanens.

2177 4187 2324 4243 Hinc
2354 4186 2536 4260 igitur
2563 4172 2918 4256 declaratur,
2952 4185 3108 4258 quod
3149 4184 3316 4242 liberi
3367 4183 3507 4255 sint,
3559 4184 3767 4242 habitu

2104 4277 2354 4334 virtutes
2385 4277 2742 4332 obtinentes.
2772 4276 2890 4332 Hoc
2915 4276 3016 4332 28
3041 4274 3236 4331 fusius
3259 4273 3493 4330 exhibet
3510 4275 3770 4332 Ammon

2105 4365 2573 4438 Adrianopolita,
2607 4368 2666 4421 in
2699 4365 2870 4421 libris
2922 4370 3002 4421 De
3048 4367 3478 4437 resurrectione,
3512 4380 3548 4420 a
3576 4363 3773 4436 seipso

2105 4461 2308 4512 contra
2336 4455 2651 4528 Origenem
2682 4454 2940 4527 scriptis.

2027 4650 2074 4714 Ι)
2181 4634 2747 4702 Sublimissimorum,
2781 4632 3024 4704 Propter
3053 4631 3193 4702 quid
3231 4630 3512 4686 dicuntur
3540 4630 3762 4686 throni.

2184 4725 2528 4783 Humilitate.
2565 4721 2664 4777 Gr.
2699 4718 3012 4796 περιπεζίας
3046 4735 3193 4793 pro:
3226 4719 3296 4774 ad
3350 4720 3622 4776 incessus
3665 4719 3774 4775 hu-

2107 4812 2444 4868 militatem.
2479 4811 2630 4866 Nota
2659 4827 2819 4880 vero,
2851 4809 2985 4882 quis
3017 4811 3094 4865 sit
3124 4825 3338 4882 scopus
3365 4809 3619 4865 univerae.
3646 4807 3771 4864 hie-

2113 4901 2381 4958 rarchize.

2173 4991 2636 5049 Submissionem.
2693 4989 3046 5062 Supremam
3101 4987 3361 5061 aliquam
3414 4991 3686 5043 naturam
3717 4990 3775 5044 et

2107 5085 2243 5154 post
2275 5084 2456 5136 Deum
2509 5080 2711 5135 statim
2774 5077 2885 5135 sub
2947 5078 3078 5151 ipso
3127 5077 3461 5134 ordinatam
3515 5075 3776 5132 declarat

2103 5171 2349 5226 thronos
2383 5169 2528 5225 nihil
2561 5169 2633 5225 ad
2667 5167 2998 5224 materialia
3029 5169 3398 5223 attendentes
3423 5183 3438 5235 ;
3461 5169 3526 5222 ut
3546 5165 3774 5238 signiﬁ-

2105 5264 2198 5316 cet
2229 5259 2376 5314 nihil
2418 5259 2580 5330 ipsos
2617 5257 2832 5314 habere
2852 5256 3153 5313 terrestris
3193 5254 3637 5323 submissionis,
3667 5269 3774 5311 seu

2105 5347 2504 5414 remissionis,
2532 5351 2590 5403 et
2623 5345 3039 5419 propensionis
3071 5346 3143 5400 ad
3183 5345 3498 5413 inferiora;
3527 5345 3630 5400 sed
3655 5343 3776 5398 vim

2109 5435 2466 5494 ascendendi
2497 5436 2570 5492 ad
2605 5437 2810 5502 Deum,
2835 5435 2980 5491 dum
3005 5450 3247 5491 sursum
3270 5435 3456 5492 fertur
3475 5433 3781 5491 attenden-

1363 5591 1610 5651 VARL/E
1646 5587 2043 5650 LEGTIONES
2083 5588 2171 5645 ET
2209 5583 2764 5648 CORRECTIONES.

416 5719 465 5761 “
497 5715 664 5778 ἄλλο.
740 5714 792 5752 ⁸³
820 5710 1293 5788 ἀντιουσιωμιναι.
1362 5710 1410 5749 ⁴⁸
1438 5703 2001 5787 Ἀνδριανουπόλεως.
2074 5707 2122 5745 ⁴⁴
2147 5702 2296 5785 περι.
