4134 6390
378 393 451 448 67
1080 421 1088 430 -
1205 393 1570 447 APPENDIX
1610 392 1706 445 AD
1745 390 1986 444 OPERA
2021 391 2080 444 Β.
2122 390 2438 447 DIONYSII
2474 391 2978 449 AREOPAGI‘I‘E.
3737 398 3810 453 68

379 520 523 574 tem.
558 517 731 573 Recte
783 518 981 572 autem
1040 514 1285 571 adduxit
1333 510 1712 589 ὑπερκοσμίως
1759 528 1863 583 pro
1913 510 2020 566 sint

2153 508 2422 589 ἐπήγαγεν
2507 513 2891 587 ὑπιρκοσμίως
2924 560 2939 586 ,
2996 515 3111 570 ἀντὶ
3182 519 3281 571 τοῦ
3336 516 3644 592 ἀσωμάτως
3716 518 3809 575 καὶ

380 622 645 676 corpore,
678 609 738 659 et
767 604 895 659 sine
917 604 1185 672 materia,
1208 611 1265 659 et
1286 601 1732 674 intelligibiliter
1756 618 1770 669 ;
1797 606 1860 655 ut
1882 601 2020 655 enin

2149 598 2331 664 ἀΰλως
2379 604 2469 657 καὶ
2519 607 2753 674 νοητῶς,
2806 602 2933 672 ἤτοι
2974 608 3201 679 νοερῶς*
3229 603 3320 661 ἵνα
3364 608 3463 684 γὰρ
3517 610 3593 681 μή
3642 608 3811 682 νομί-
3846 596 3891 631 Κ

382 694 629 750 minime
650 692 976 762 arbitreris,
994 690 1059 745 τὸ
1084 688 1304 752 ἄναντες
1334 707 1466 747 esse
1494 691 1649 746 viam
1673 704 2038 760 corpoream,

382 782 674 855 adjunxit,
707 780 1191 837 immaterialitcr.

456 874 757 944 Dei/erum.
784 871 951 932 Nota.
984 887 1120 926 eum
1172 871 1346 927 etiam
1400 874 1741 926 sanctorum
1793 867 2039 923 throno-

382 979 517 1019 rum
549 963 818 1018 ordinem
848 963 1128 1032 Dciferum
1158 960 1403 1026 dixisse,
1434 964 1719 1031 tanquam
1756 957 2035 1013 ferentem

382 1053 568 1109 Deum
613 1052 785 1107 modo
831 1049 1192 1122 intelligibili
1241 1049 1848 1122 superquiescentem.
1892 1046 2037 1101 Vide

380 1142 581 1213 igitur,
616 1140 1097 1213 quandoquidem
1121 1140 1298 1195 etiam
1320 1140 1523 1195 beatus
1546 1137 1800 1194 Basilius
1818 1137 2037 1209 Cappa-

379 1234 513 1300 dox,
549 1232 828 1289 deiferam
856 1230 1003 1287 dixit
1042 1248 1303 1299 carnem,
1359 1230 1856 1287 considerandum
1891 1245 2035 1301 quo-

381 1323 556 1379 modo
586 1322 810 1378 dictum
844 1322 941 1376 sit.
969 1320 1187 1377 Verum
1227 1338 1362 1377 caro
1414 1321 1656 1392 quidem
1703 1319 1890 1391 ipsius
1918 1319 2036 1374 Do-

379 1411 525 1467 mini
550 1412 875 1467 secundum
902 1412 1299 1466 substantiam
1321 1415 1378 1466 et
1399 1409 1848 1466 subsistentiam
1871 1408 2036 1463 unita

377 1502 488 1557 fuit
509 1501 618 1573 ipsi
651 1501 766 1556 Deo
788 1500 978 1557 Verbo
1008 1519 1021 1568 ;
1058 1501 1188 1556 ideo
1219 1501 1397 1557 etiam
1428 1501 1552 1571 ipse
1578 1516 1814 1555 carnem
1841 1502 2034 1571 gesta-

373 1606 435 1647 re
465 1591 803 1647 aPatribus
853 1590 1092 1657 dicitur,
1144 1597 1203 1646 et
1246 1607 1482 1645 carnem
1534 1589 1839 1655 induisse;
1891 1587 2033 1660 quid

371 1680 553 1751 igitur
584 1680 938 1746 absurdum,
972 1679 1023 1734 si
1055 1679 1227 1734 etiam
1261 1679 1449 1750 ipsius
1472 1695 1610 1734 caro
1641 1679 1862 1734 deifera
1887 1676 2033 1733 dici-

368 1774 487 1837 tur,
519 1773 805 1840 tanquam
839 1770 1030 1825 ferens
1064 1774 1245 1824 Deum
1267 1768 1523 1825 Verbum
1546 1769 1873 1825 secundum
1896 1766 2030 1823 uni-

2148 712 2251 765 σῃς
2301 692 2363 746 τὸ
2424 692 2644 755 ἄναντες
2694 690 2819 748 ὁδὸν
2873 693 3007 748 εἶναι
3052 696 3393 769 σωματικήν,
3451 695 3693 775 ἐπήγαγε
3741 698 3806 754 τὸ

2147 779 2352 842 ἀῦλωτ.

2218 870 2510 949 Θεοφόρον.
2566 870 2912 945 Σημείωσαι,
2943 871 3026 926 ὅτι
3068 872 3158 928 καὶ
3210 875 3274 930 τὸ
3320 878 3428 931 τῶν
3474 876 3641 952 ἁγίων
3675 879 3802 951 θρό-

2144 978 2247 1013 νων
2304 962 2485 1037 τάγμα
2543 961 2813 1040 Θεοφόρον
2876 960 3045 1034 εἶπεν,
3106 961 3182 1025 ὠς
3240 965 3401 1042 φέρον
3459 965 3803 1022 ἐπαναπαυό-

2150 1070 2309 1121 μενον
2367 1055 2580 1121 νοητῶς
2629 1052 2720 1106 τὸν
2778 1048 2927 1107 Θεόν.
2977 1053 3119 1128 “Ορα
3166 1054 3277 1121 οὗν,
3333 1052 3521 1125 ἐπειδή
3554 1057 3582 1111 ὁ
3626 1056 3804 1131 μακά-

2144 1158 2263 1213 ριος
2321 1139 2608 1197 Βασίλειος
2666 1141 2695 1195 ὀ
2754 1137 3129 1211 Καππαδόκης
3197 1145 3298 1213 τὴν
3360 1142 3623 1224 θεοφόρον
3682 1150 3804 1203 εἷπε

2146 1228 2335 1302 σάρκα,
2392 1232 2693 1301 σκοπητέον
2755 1236 2872 1294 πῶς
2931 1228 3164 1306 εἴρηται.
3213 1233 3370 1290 Ἀλλ’
3422 1238 3457 1304 ἡ
3514 1235 3610 1309 μὶν
3670 1235 3801 1313 σὰρξ

2144 1317 2308 1373 αὐτοῦ
2346 1323 2442 1374 τοῦ
2500 1320 2706 1394 Κυρίου
2761 1323 2879 1375 κατ’
2939 1321 3121 1377 οὐσίαν
3181 1324 3272 1377 καὶ
3330 1326 3450 1389 καθ’
3509 1326 3804 1380 ὑπόστασιν

2142 1405 2345 1475 ἥνωται
2390 1409 2537 1479 αὐτῷ
2565 1414 2644 1480 τῷ
2692 1413 2809 1481 Θεῷ
2841 1411 3017 1484 Λόγῳ·
3076 1408 3161 1465 διὸ
3191 1411 3279 1467 καὶ
3308 1420 3669 1491 σαρκοφορεῖν
3703 1414 3801 1470 αὖ·-

2140 1496 2234 1557 τὸς
2294 1495 2509 1572 λέγεται
2566 1499 2712 1573 παρὰ
2766 1502 2875 1553 τῶν
2929 1500 3199 1576 πατέρων,
3232 1501 3322 1556 καὶ
3382 1502 3552 1579 σάρκα
3582 1500 3802 1558 ἰνδύσα-

2143 1586 2284 1640 σθαι*
2314 1586 2367 1640 τί
2416 1583 2616 1641 ἄτοπον
2664 1588 2753 1641 οὖν
2788 1587 2834 1643 εί
2877 1589 2965 1643 καὶ
2997 1591 3033 1659 ἡ
3079 1591 3209 1665 σὰρξ
3239 1591 3404 1647 αὐτοῦ
3437 1591 3648 1669 λέγεται
3675 1594 3801 1649 θεο-

2142 1674 2337 1751 φόρος,
2370 1674 2444 1738 ὠς
2476 1676 2714 1754 φέρουσα
2740 1677 2835 1731 τὸν
2886 1679 3016 1732 Θεὸν
3073 1678 3249 1756 Λόγον
3278 1681 3401 1745 καθ’
3425 1677 3620 1736 ’ένωσιν
3649 1678 3802 1737 ἀδιά-

2142 1785 2353 1833 στατον,
2402 1765 2570 1820 αὖτοῦ
2808 1765 2933 1841 σὰρξ
2984 1766 3076 1822 καὶ
3139 1767 3414 1845 λεγομένη
3477 1769 3802 1846 ὑπάρχουσα

371 1858 595 1915 tionem
626 1858 1073 1925 indivisibilem,
1108 1858 1299 1930 ipsius
1324 1857 1503 1914 etiam
1527 1874 1682 1925 caro,
1706 1873 1833 1928 quae
1864 1861 1921 1912 et
1941 1855 2020 1911 di-

2142 1852 2344 1958 κυρίως
2393 1853 2484 1908 καὶ
2540 1855 2676 1908 κατὰ
2731 1851 3045 1927 ἀλήθειαν;
3096 1857 3264 1915 Οὗτοι
3324 1856 3381 1914 δὲ
3445 1859 3581 1915 κατὰ
3633 1861 3798 1937 χάριν

370 1947 525 2002 citur
553 1952 609 2002 et
638 1948 869 2002 exsistit
900 1947 1156 2019 proprie,
1181 1953 1238 2003 et
1258 1947 1585 2003 secundum
1607 1947 1936 2004 veritatem.
1958 1944 2029 2001 Hi

372 2039 571 2092 autem
591 2036 919 2091 secundum
943 2037 1194 2108 gratiam
1224 2036 1506 2092 habentes
1528 2036 1588 2090 in
1609 2036 1823 2107 seipsis
1846 2035 2028 2090 Deum

370 2123 656 2180 ineffabili
676 2141 948 2180 sermone
970 2130 1027 2180 et
1052 2124 1485 2196 inconceptibili
1511 2123 2028 2197 cogitatione,dei-

371 2213 476 2270 feri
507 2214 686 2270 etiam
717 2214 832 2285 ipsi
866 2214 994 2269 ideo
1027 2214 1325 2281 dicuntur,
1362 2214 1501 2286 quia
1552 2214 1741 2284 primo
1787 2213 2027 2285 partici-

370 2306 516 2375 pant
551 2302 750 2374 primas
775 2303 1023 2359 virtutes
1055 2304 1126 2358 de
1156 2304 1292 2371 Deo,
1341 2310 1516 2375 atque
1563 2303 1646 2358 ita
1690 2302 2026 2359 communi-

370 2395 504 2447 cant
535 2391 1034 2465 indigentioribus
1067 2386 1281 2447 factam
1315 2392 1374 2448 in
1407 2409 1471 2448 se
1508 2391 1988 2448 illustrationem.

443 2480 473 2553 Ξ
502 2480 571 2536 II.
600 2482 830 2536 Primis.
863 2480 956 2536 Sic
989 2482 1321 2537 secundum
1371 2480 1903 2554 transgressionem
1938 2480 2027 2534 in-

372 2569 691 2642 telligenda
724 2574 812 2627 est
842 2570 1013 2626 lectio
1040 2589 1051 2625 :
1090 2571 1300 2643 primis
1332 2571 1684 2627 substantiis
1725 2569 2023 2643 pr0priam

372 2660 703 2732 putandum
735 2676 865 2716 esse
898 2660 1288 2717 hierarchiam
1341 2660 1691 2717 uniformem
1734 2659 1883 2732 ipsis
1932 2674 2022 2715 se-

370 2751 632 2807 cundum
664 2750 902 2817 omnia;
938 2750 1165 2822 reliqua
1195 2757 1417 2816 autem,
1445 2751 1505 2805 in
1540 2750 1754 2805 medio.

437 2839 807 2894 Invisibiiem.
843 2839 988 2895 Nota
1020 2840 1176 2911 quod
1209 2840 1370 2897 omni
1401 2838 1683 2896 invisibili
1709 2843 1767 2893 et
1804 2837 2024 2895 visibili

367 2926 587 2983 virtute
616 2928 866 2998 majores
897 2928 1015 2984 sint
1047 2934 1166 2985 tres
1193 2930 1253 2984 hi
1288 2929 1463 3001 primi
1494 2928 1754 2983 ordines.

441 3107 721 3175 Creatam,
755 3107 851 3164 Gr.
882 3105 1188 3181 γεγονυίας.
1224 3108 1342 3163 Ηοο
1373 3110 1463 3162 est
1492 3105 1801 3162 conditam.

443 3216 584 3272 Visa.
617 3214 780 3280 Quod
823 3214 1052 3270 nullum
1096 3215 1314 3280 visum,
1369 3228 1472 3268 seu
1526 3212 2013 3285 imaginationem

365 3303 733 3360 materialem
760 3304 1013 3376 recipere
1033 3309 1272 3375 queant,
1302 3306 1360 3358 et
1385 3300 1545 3370 ;nulli
1591 3301 1868 3358 immistae
1896 3303 2018 3360 sint

364 3393 782 3459 submissioni;
808 3394 961 3464 quod
986 3410 1101 3449 non
1124 3397 1355 3447 tantum
1375 3391 1585 3447 divina:
1607 3391 1851 3448 virtutes
1873 3392 2019 3465 ipse

363 3481 662 3537 amaculis
692 3487 749 3537 et
778 3482 1246 3553 inquinamentis
1269 3481 1531 3537 liberatae
1559 3481 1699 3551 sint,
1721 3484 1821 3537 sed
1848 3484 2021 3538 etiam

361 3571 585 3627 nullam
618 3572 721 3628 τι
753 3571 1241 3643 imaginationem
1291 3571 1655 3626 materialem
1706 3572 2020 3627 admittere

360 3666 600 3730 queant,
626 3676 816 3731 neque
840 3659 941 3715 ulli
970 3659 1162 3715 mistse
1182 3658 1614 3724 imminutioni,
1638 3664 1697 3713 et
1719 3659 1880 3714 nullo
1907 3677 2022 3714 mo-

364 3750 436 3803 do
467 3749 942 3803 extenuationem
976 3748 1048 3802 ad
1099 3748 1377 3803 inferiora
1425 3752 1867 3819 cognoscentes.
1901 3749 2020 3804 Hoc

360 3852 494 3893 vero
530 3837 815 3910 intellige,
840 3854 954 3891 non
980 3838 1134 3908 quod
1161 3837 1482 3892 secundum
1509 3841 1780 3891 naturam
1807 3838 2020 3893 immu-

364 3926 571 3982 tabiles
603 3926 758 3995 sint;
796 3926 893 3982 sed
931 3927 1086 3998 quod
1118 3925 1301 3981 libero
1329 3925 1573 3981 arbitrio
1623 3930 1862 3997 agentes
1917 3943 2019 3999 per

362 4016 605 4073 nimiam
641 4016 699 4071 in
735 4016 950 4071 bonum
978 4014 1383 4088 cupiditatem,
1411 4017 1468 4069 in
1491 4014 1854 4071 divinitatem
1878 4032 2018 4086 pro-

360 4122 554 4177 pensas
586 4105 668 4162 ita
688 4105 1092 4177 perstiterunt,
1118 4104 1589 4161 immobilitatem
1612 4108 1895 4177 tanquam
1920 4106 2021 4161 ha-

358 4196 551 4251 bitum
587 4195 889 4251 habentes.
942 4194 1115 4251 Solus
1155 4195 1312 4250 enim
1369 4198 1692 4249 secundum
1745 4199 2018 4250 naturam

360 4285 754 4343 immutabilis
786 4285 963 4341 Deus.
986 4284 1082 4340 Has
1106 4287 1303 4340 autem
1328 4284 1378 4340 si
1404 4284 1486 4341 ita
1509 4290 1717 4341 creatae
1744 4284 2016 4352 fuissent,

361 4391 479 4431 non
511 4375 828 4433 excidisset
857 4373 1156 4430 diabolus.
1188 4373 1407 4429 Verum
1434 4378 1491 4429 et
1516 4374 1603 4429 his
1621 4391 1819 4430 omnes
1843 4374 2020 4430 unius

362 4468 419 4519 et
449 4463 692 4536 aequalis
723 4462 949 4519 ordinis
977 4482 991 4531 ;
1026 4464 1182 4534 quod
1216 4464 1371 4518 enim
1405 4467 1618 4519 natura
1657 4463 1877 4519 bonum
1908 4467 2016 4532 est,

358 4554 717 4609 descensum
750 4569 869 4608 non
899 4552 1096 4608 habet.

2139 1937 2359 2017 ἔχοντες
2408 1942 2460 1998 έν
2512 1943 2726 2005 ἑαυτοῖς
2777 1943 2867 1997 τὸν
2920 1946 3048 2000 Θεὸν
3106 1944 3329 2022 ἇρῥήτῳ
3383 1969 3442 2003 τε
3500 1947 3650 2024 λόγῳ
3698 1948 3793 2005 καὶ

2138 2031 2445 2105 ἀνεννοήτῳ
2501 2036 2569 2106 τῇ
2629 2030 2841 2104 διανοίᾳ
2898 2033 3151 2112 θεοφόροι
3211 2039 3298 2109 [α’]
3357 2037 3447 2093 καὶ
3504 2037 3656 2093 αὐτοὶ
3704 2034 3797 2093 διὰ

2136 2126 2298 2176 τοῦτο
2350 2118 2627 2195 λέγονται,
2672 2120 2756 2177 ὅτι
2814 2124 3050 2196 πρώτως
3110 2124 3433 2201 μετέχουσιν
3476 2128 3530 2182 αἱ
3579 2131 3794 2201 πρῶται

2140 2207 2397 2281 δυνάμεις
2435 2214 2533 2263 τοῦ
2576 2210 2733 2283 Θεοῦ,
2766 2211 2857 2265 καὶ
2908 2212 3050 2267 οὕτω
3102 2211 3450 2285 μεταδιδόασι
3501 2222 3621 2280 ταῖς
3653 2215 3795 2272 ὐπο-

2139 2296 2441 2375 δεεστέραις
2463 2301 2563 2369 τήν
2592 2300 2900 2375 γενομένην
2933 2300 3010 2366 εἰς
3038 2301 3203 2366 αὐτὰς
3234 2301 3535 2379 ἔλλαμψιν.

2205 2482 2232 2547 §
2264 2481 2331 2535 ΙΙ.
2366 2478 2483 2553 [β’.]
2515 2481 2649 2541 Ταῖς
2694 2481 2961 2554 πρώταις.
2996 2479 3155 2539 Οὕτω
3198 2484 3301 2553 τὴν
3347 2486 3467 2549 καθ’
3501 2479 3795 2563 ὑπέρϐασιν

2136 2568 2434 2642 ἀνάγνωσιν
2491 2567 2756 2638 νοητέον·
2812 2576 2931 2633 ταῖς
3005 2574 3251 2646 πρώταις
3318 2573 3527 2637 οὐσίαις
3589 2574 3792 2630 οἰκείαν

2136 2655 2348 2727 οἰητέον
2410 2659 2546 2712 εἶναι
2610 2658 2895 2736 ἱεραρχίαν
2955 2662 3054 2730 τὴν
3112 2660 3346 2737 ὁμοειδῆ
3406 2663 3595 2727 αὐταῖς
3657 2664 3800 2719 κατὰ

2133 2745 2327 2801 πάντα·
2357 2746 2424 2801 τὰ
2453 2744 2510 2801 δέ
2544 2748 2712 2802 λοιπὰ
2743 2745 2833 2803 διὰ
2865 2748 3055 2822 μέσου.

2206 2833 2505 2910 Ἀοράτου.
2571 2835 2891 2909 Σημείωσαι
2927 2882 2941 2908 ,
3002 2838 3086 2893 ὅτι
3160 2840 3341 2913 πάσης
3411 2843 3646 2918 ἀοράτου
3698 2842 3795 2897 καὶ

2132 2923 2333 2997 ὁρατῆς
2364 2921 2643 2999 δυνάμεως
2676 2926 2896 2999 μείζους
2925 2927 3058 2983 εἲσίν
3090 2930 3148 2983 αἱ
3188 2935 3401 3005 πρῶται
3452 2937 3603 3008 τρεῖς
3634 2932 3797 2988 αὗται

2130 3012 2330 3083 τάξεις.

2205 3105 2315 3178 [γ’.]
2340 3104 2645 3177 Γεγονυίας.
2671 3104 2930 3162 Τουτέστι
2961 3114 3213 3178 κτιστῆς.

2201 3214 2540 3269 Φαντασιῶν.
2589 3214 2715 3269 ’Ὁτι
2770 3212 2949 3285 πάσης
3010 3216 3305 3293 φαντασίας
3354 3214 3635 3292 προσόλου
3689 3216 3791 3271 ἀν-

2133 3295 2406 3355 επίδεκτοί
2438 3299 2539 3355 εἷ’σι
2568 3300 2659 3356 καὶ
2709 3301 2930 3379 ἀμιγεῖς
2962 3306 3146 3377 πάσης
3179 3303 3438 3381 ὑφέσεως,
3472 3306 3555 3361 δτι
3589 3305 3651 3361 οὐ
3687 3303 3791 3380 μό-

2127 3408 2217 3442 νον
2247 3389 2302 3443 αί
2333 3394 2472 3453 θεῖαι
2527 3387 2786 3463 δυνάμεις
2834 3393 2995 3449 αὐταὶ
3047 3391 3296 3464 κηλίδων
3346 3394 3436 3449 καὶ
3491 3391 3795 3469 μολυσμῶν

2127 3474 2556 3551 ἡλευθέρωνται,
2612 3478 2761 3535 ἀλλὰ
2805 3481 2895 3535 καὶ
2948 3482 3128 3553 πάσης
3178 3483 3471 3561 φαντασίας
3507 3484 3795 3561 προσύλου

2129 3562 2462 3622 άνεπίδεκτοί
2508 3568 2604 3622 εἷσε
2659 3570 2748 3623 καὶ
2799 3569 3017 3646 ἀμιγεῖς
3068 3572 3248 3642 πάσης
3292 3572 3665 3642 ἐλαττώσεως,
3698 3572 3793 3629 καὶ

2129 3656 2229 3723 τήν
2260 3656 2348 3710 ἐπὶ
2380 3657 2447 3710 τὰ
2497 3657 2668 3731 χείρω
2725 3660 2950 3730 μείωσιν
3004 3658 3120 3716 οὐδ’
3167 3659 3315 3724 ὅλως
3354 3659 3575 3719 εῗδυῖαι.
3608 3665 3789 3720 Τοῦτο

2130 3740 2187 3797 δὲ
2217 3745 2435 3813 νόησον,
2480 3745 2587 3820 οὐχ
2636 3744 2718 3801 ὅτι
2767 3748 2903 3801 κατὰ
2949 3749 3105 3825 φύσιν
3145 3748 3402 3823 ἅτρεπτοί
3454 3751 3608 3820 εἰσιν,
3660 3750 3795 3808 ἀλλ’

2131 3831 2235 3904 ὅτι,
2270 3833 2717 3907 αὐτοπροαίρετοι
2751 3836 2903 3889 οὗσαι
2954 3835 3042 3892 διὰ
3069 3845 3171 3907 τῆς
3211 3839 3285 3902 εἰς
3316 3840 3378 3895 τὸ
3410 3840 3613 3915 ἀγαθὸν
3645 3839 3783 3917 ἄγαν

2132 3922 2385 3999 ἐφέσεως,
2431 3921 2520 3977 ἐπὶ
2570 3924 2634 3978 τὸ
2686 3928 2828 3988 θεῖον
2882 3925 3107 4001 ῥέψασαι
3163 3924 3378 4001 ἔμειναν
3432 3929 3628 3999 οὕτως,
3675 3929 3782 4002 ἔξιν

2132 4011 2313 4087 ὥσπερ
2374 4009 2601 4088 ἔχουσαι
2656 4013 2719 4067 τὸ
2773 4014 3196 4088 ἀμετακίνητον.
3256 4020 3435 4083 Μόνος
3489 4020 3592 4096 γὰρ
3648 4018 3788 4077 κατὰ

2130 4098 2286 4175 φύσιν
2322 4098 2585 4176 ἄτρεπτος
2614 4103 2642 4156 ὁ
2673 4103 2822 4168 Θεός’
2866 4105 3017 4160 αὗται
3072 4103 3127 4161 δὲ
3176 4106 3222 4161 εἰ
3273 4106 3444 4173 οὕτως
3488 4107 3788 4186 ἐδημιουρ-

2128 4189 2396 4263 γήθησαν,
2454 4190 2553 4245 οὐκ
2609 4189 2669 4246 ἂν
2731 4191 3010 4263 ἐξέπιπτεν
3070 4196 3097 4249 ὁ
3148 4191 3430 4260 διάϐολος.
3473 4196 3653 4254 Ἀλλὰ
3698 4199 3788 4255 καὶ

2130 4278 2285 4333 αὗται
2340 4286 2505 4336 πᾶσαι
2569 4286 2698 4367 μιᾷς
2746 4284 2835 4338 καὶ
2898 4282 3021 4367 ἴσης
3068 4286 3289 4358 τάξεως’
3347 4288 3408 4342 τὸ
3455 4287 3556 4366 γὰρ
3606 4287 3668 4344 ἐκ
3694 4287 3793 4367 φύ-

2130 4387 2267 4430 σεως
2299 4367 2493 4443 ἀγαθὸν
2522 4365 2789 4428 ὑπόϐασιν
2823 4371 2923 4429 οὐκ
2950 4366 3092 4448 ἕχει.

426 4662 520 4719 Per
559 4677 614 4717 se
641 4661 916 4717 mobilem.
950 4660 1062 4716 Per
1096 4678 1157 4718 se
1190 4660 1467 4716 mobilem
1496 4659 1638 4715 dicit
1658 4659 1754 4715 hic
1776 4663 2020 4715 sanctus

2200 4651 2311 4727 [δ¹.]
2361 4655 2793 4726 Ταυτοκινήτου.
2860 4657 3259 4728 Ταυτοκίνητόν
3321 4682 3483 4739 φησιν
3545 4662 3572 4716 ὁ
3633 4661 3787 4738 ἅγιος

354 4751 618 4822 ipsorum
645 4765 774 4806 esse
805 4751 1164 4806 motionem:
1192 4755 1253 4806 ut
1277 4749 1707 4820 invariabilem,
1726 4754 1781 4804 et
1803 4750 2016 4806 immu-

354 4838 617 4907 tabilem,
642 4840 847 4895 eodem
872 4844 1062 4895 autem
1090 4840 1263 4895 modo
1288 4854 1350 4894 se
1372 4838 1711 4894 habentem.
1728 4839 2014 4897 Motiones

353 4944 491 4985 vero
516 4928 573 4983 in
599 4928 744 5000 ipsis
778 4934 942 4993 sunt,
978 4928 1380 4982 indesinentes
1403 4926 1556 4980 circa
1592 4926 2011 4984 consideratio-

358 5032 462 5072 nes
493 5017 861 5088 operationes
889 5017 1178 5072 efficaces.
1207 5015 1431 5070 Mentes
1454 5014 1608 5069 enim
1634 5020 1773 5071 sunt
1800 5016 2012 5072 silendi

355 5107 747 5178 impotentes;
782 5112 840 5162 et
869 5112 1029 5172 nota,
1059 5104 1361 5161 secundum
1384 5105 1651 5175 pietatem
1689 5106 2012 5161 immutabi-

354 5197 589 5252 litaiem.
625 5197 774 5267 Lege
807 5212 1037 5267 quoque
1069 5200 1247 5265 caput
1276 5198 1553 5264 quartum
1585 5192 1719 5248 libri
1766 5195 1840 5250 De
1869 5196 2011 5251 divi-

351 5287 439 5341 nis
467 5286 809 5351 nominibus,
847 5290 904 5339 et
932 5289 1111 5356 caput
1141 5289 1409 5339 octavum
1448 5283 1752 5355 praesentis
1778 5283 1937 5339 libri.

424 5372 927 5445 Contamplatrices.
966 5373 1112 5428 Nota
1135 5374 1424 5444 quomodo
1447 5372 1727 5427 dicuntur
1750 5377 2001 5428 contem-

352 5461 554 5535 plativi
584 5462 645 5517 hi
677 5462 867 5519 sancti
901 5462 1158 5531 ordines,
1190 5466 1245 5517 et
1270 5462 1424 5533 quod
1450 5477 1565 5516 non
1592 5477 1695 5533 per
1715 5461 1884 5533 signa
1907 5466 2012 5518 aut

355 5550 881 5624 contemplationes
916 5550 1227 5623 Scriptum
1261 5550 1362 5606 Dei
1396 5549 1795 5623 cognitionem
1816 5550 2013 5621 acqui-

355 5645 515 5707 runt,
548 5639 721 5698 sicuti
756 5656 888 5697 nos.

423 5730 837 5789 Intellectiiium
879 5731 1250 5804 spectatrices.
1306 5733 1512 5803 Θεωροι
1573 5727 1855 5785 dicuntur
1883 5726 2031 5803 my;

2125 4743 2286 4805 οὗτος
2347 4743 2477 4798 εἶναι
2540 4746 2639 4813 τὴν
2696 4746 2910 4816 κίνησιν
2961 4746 3161 4816 αὐτῶν,
3222 4749 3295 4812 ὠς
3356 4748 3784 4825 ἀπαράλλακτον

2121 4833 2210 4887 καὶ
2263 4829 2632 4905 ἀμετάϐολον,
2683 4834 2943 4898 ὡσαύτως
2996 4834 3054 4891 δὲ
3104 4836 3373 4913 ἔχουσαν.
3426 4843 3675 4910 Κινήσεις
3728 4838 3786 4896 δέ

2124 4921 2256 4976 εἷ’σιν
2301 4920 2383 4976 ἐπ’
2428 4921 2603 4977 αὐτῶν
2654 4924 2709 4977 αἱ
2744 4921 3008 4980 ἄπαυστοι
3057 4928 3180 5001 περὶ
3228 4929 3323 4991 τὰς
3372 4931 3591 4999 νοήσεις
3639 4928 3785 5005 ἐνέρ-

2123 5030 2288 5087 γειαι·
2351 5010 2468 5074 νόες
2528 5013 2628 5086 γάρ
2692 5011 2823 5068 εἷ’σιν
2880 5015 3156 5090 ἀσίγητοι.
3219 5016 3321 5071 Καὶ
3372 5018 3682 5092 σημείωσαι
3721 5021 3787 5075 τὸ

2121 5101 2260 5155 κατά
2282 5101 2345 5154 τὸ
2378 5098 2650 5177 φιλοθέως
2682 5100 2969 5178 ἄτρεπτον,
3003 5106 3092 5159 καὶ
3124 5105 3393 5182 ἀνάγνωθι
3426 5109 3487 5163 τὸ
3526 5108 3782 5183 τέταρτον

2121 5188 2418 5267 κεφάλαιον
2466 5194 2562 5245 τοῦ
2616 5192 2743 5259 Περῖ
2802 5192 2960 5256 θείων
3004 5194 3290 5268 ὀνομάτων
3334 5194 3527 5273 λόγου,
3576 5197 3667 5253 καὶ
3719 5198 3784 5254 τὸ

2122 5277 2315 5352 ὄγδοον
2348 5277 2644 5353 κεφάλαιον
2678 5285 2776 5335 τοῦ
2806 5281 3077 5357 παρόντος
3108 5283 3298 5358 Λόγου.

2195 5368 2300 5441 [ε’.]
2352 5366 2718 5443 Θεωρητικάς.
2782 5369 3102 5444 Σημείωσαι
3157 5377 3276 5436 πῶς
3337 5372 3593 5452 λέγονται
3652 5388 3789 5440 θεω-

2124 5458 2346 5532 ρητικαὶ
2378 5458 2430 5512 αἱ
2481 5459 2627 5533 ἅγιαι
2665 5459 2840 5530 τάξεις
2873 5461 3047 5516 αὗται·
3081 5462 3171 5517 καὶ
3220 5462 3303 5519 ὅτι
3337 5465 3397 5520 οὐ
3449 5463 3540 5521 διὰ
3571 5462 3789 5537 συμϐό-

2122 5546 2237 5605 λων
2292 5546 2327 5615 ἢ
2370 5548 2765 5631 θεωρημάτων
2828 5556 2931 5621 τῆς
3002 5555 3222 5631 Γραφῆς
3286 5556 3388 5626 τὴν
3448 5555 3787 5634 θεογνωσίαν

2117 5641 2379 5707 κτῶνται,
2413 5636 2487 5699 ὠς
2518 5638 2704 5711 ἡμεῖς.

2146 5714 2307 5800 ¹Ϊ[ς’.]
2348 5702 2577 5802 ’Νοερεῖίν
2626 5725 2920 5804 θεωρούς.
2971 5731 3180 5807 Θεωροί
3238 5731 3509 5808 ’λέγονται
3570 5734 3622 5790 οἱ
3674 5702 3784 5792 τῶν
