4134 6400
315 417 391 472 69
1021 417 1081 470 S.
1121 413 1400 480 MAXIMI
1436 415 1748 472 SCHOLIA
1783 415 1858 470 IN
1896 413 2033 470 LIB.
2078 413 2176 466 DE
2215 413 2536 470 C(ELESTI
2575 413 3050 470 HIERARCEIA.
3687 414 3761 471 70

325 539 645 617 μυστηρίων
692 535 927 594 ἐπόπται
962 555 976 569 ο
1031 541 1199 594 ταῦτα
1248 535 1306 593 δὲ
1352 543 1468 599 τοῖς
1523 537 1703 612 ἁγίοις
1762 533 1853 591 διὰ
1879 538 1988 590 τῶν

2117 535 2415 592 ateriorum
2456 537 2853 608 inspectores;
2888 537 3012 594 haec
3061 541 3257 594 autem
3303 539 3528 597 sanctis
3562 556 3665 612 per
3694 556 3765 597 ea

321 625 681 706 συμϐολικῶς
720 625 1035 704 λεγομένων
1086 625 1210 703 περὶ
1259 631 1394 683 Θεοῦ
1436 626 1708 695 αἰσθητῶν
1759 623 1984 681 ἐκκαλό·

320 741 574 789 πτονται,
615 714 780 794 οἵπερ
809 719 858 754 ⁸⁸
901 715 990 772 ἐπὶ
1038 720 1150 772 τῶν
1202 717 1312 771 ἅνω
1362 713 1645 790 δυνάμεων
1697 715 1797 771 οὐκ
1843 713 1982 770 ἔστιν

325 810 531 866 ἐννοεῖν
542 851 554 863 .

395 896 664 974 Θεωρίας,
709 894 1030 971 Σημείωσαι
1066 897 1165 966 τὴν
1217 894 1514 971 εἰρημένην
1571 901 1804 974 τριφανῆ
1852 896 1986 949 θεω-

323 990 446 1065 ρίαν
479 985 599 1042 ἀντὶ
628 989 728 1042 τοῦ
757 985 1187 1060 τρισυπόστατον
1225 984 1350 1058 μίαν
1385 984 1648 1056 Θεότητα.

391 1167 602 1238 Ἰησοῦ.
652 1165 837 1236 Ἰησοῦ
880 1163 1169 1220 κοινωνίαν
1219 1164 1318 1233 τήν
1376 1163 1620 1240 μετοχὴν
1667 1169 1767 1231 τῆς
1827 1159 1989 1235 δόξης

316 1256 412 1312 καὶ
443 1259 546 1324 τῆς
575 1255 821 1332 ἆῤῥήτου
871 1252 1268 1328 λαμπρότητος
1322 1251 1420 1309 τοῦ
1447 1253 1704 1326 σώματος
1734 1253 1830 1307 τοῦ
1861 1257 1990 1328 Χρι-

317 1350 451 1401 στοῦ
508 1344 664 1420 λέγει
696 1363 710 1376 ·
777 1345 914 1418 μετὰ
972 1345 1173 1420 σαρκὸς
1245 1342 1348 1420 γὰρ
1402 1339 1706 1419 συνεδρεόει
1752 1345 1834 1414 τῷ
1881 1347 1992 1397 Πα-

322 1435 438 1510 τρί.

389 1526 483 1581 Ἑν
541 1522 736 1579 εἰκόσι.
793 1522 864 1578 Τὸ
931 1518 990 1577 δὲ
1055 1520 1348 1598 είρημένον
1420 1520 1474 1576 ἐν
1521 1519 1722 1576 εἰκόσιν
1785 1520 1992 1576 ἀποτυ-

320 1616 489 1667 ποῦσι
520 1611 625 1679 τὴν
670 1611 966 1685 ὁμοίωσιν,
1021 1607 1141 1666 δέον
1198 1609 1366 1665 ε’πεῖν
1417 1609 1840 1681 άποτυπούσαις,
1880 1630 1990 1683 μη-

323 1700 439 1765 δεὶς
465 1693 740 1757 ὑπολάϐοι
776 1699 1058 1770 σόλοικον,
1102 1699 1176 1764 ὡς
1221 1700 1590 1777 ἀγνοήσαντος
1621 1703 1718 1755 τοῦ
1752 1697 1990 1776 μεγάλου

329 1791 610 1846 Διονυσίου
695 1788 823 1846 ἀλλ’
873 1784 1113 1865 ἀκριϐῶς
1165 1787 1320 1862 ἵστω,
1353 1790 1435 1845 ὅτι
1480 1787 1570 1845 καί
1597 1789 1760 1845 τοῦτο
1791 1788 1865 1851 ὡς
1911 1792 1990 1860 τῷ

2093 625 2400 682 sensibilis
2431 643 2554 697 quae
2602 627 2848 700 figurate
2877 628 2948 682 de
3000 628 3116 684 Deo
3162 628 3445 684 dicuntur
3497 629 3761 687 revelan-

2097 721 2212 787 tur,
2240 716 2396 789 quod
2429 717 2485 772 in
2519 717 2924 790 superioribus
2951 717 3272 774 virtutibus
3293 719 3458 776 nefas
3491 723 3580 777 est
3610 719 3764 793 cogi-

2098 808 2154 861 ta
2165 822 2244 862 re.

2170 895 2684 969 Contemplationes.
2711 901 2861 954 Nota
2910 896 3134 953 dictum
3183 898 3349 955 tertio
3397 904 3762 971 apparentem

2095 987 2633 1058 contemplationem,
2666 1004 2769 1059 pro
2807 1004 2983 1042 unam
3030 987 3314 1043 Deitatem
3342 987 3523 1044 trium
3565 989 3764 1046 subsi-

2098 1076 2473 1133 stentiarum.

2170 1166 2315 1221 Jesu.
2345 1165 2484 1221 Jesu
2536 1167 3039 1234 communionem,
3092 1167 3604 1240 participationem
3635 1167 3764 1242 glo-

2101 1253 2220 1317 rize,
2256 1263 2309 1310 et
2340 1255 2655 1312 inelfabilis
2686 1254 3022 1328 splendoris
3054 1257 3317 1329 corporis
3347 1256 3568 1314 Christi
3597 1257 3762 1328 dicit;

2101 1361 2235 1401 cum
2268 1360 2443 1400 carne
2473 1345 2628 1401 enim
2664 1345 2931 1402 considet
2959 1346 3139 1402 Patri.

2173 1523 2235 1577 In
2263 1521 2620 1594 imaginibus.
2657 1523 2819 1590 Quod
2854 1526 3051 1578 autem
3098 1523 3320 1580 dictum
3355 1529 3446 1582 est
3477 1522 3528 1578 ἐν
3563 1521 3764 1578 εἶ’κόσιν

2101 1609 2439 1665 ἀποτυποῦσι
2499 1610 2599 1680 τήν
2657 1610 2951 1683 ὁμοίωσιν,
3012 1629 3147 1669 cum
3206 1613 3526 1670 dicendum
3589 1613 3770 1670 fuerit

2100 1698 2528 1768 ἆποτυπούσαις,
2561 1700 2759 1757 nullus
2789 1701 3128 1774 suspicetur
3168 1702 3594 1774 solmcismum,
3629 1709 3765 1760 tan-

2100 1807 2279 1863 quam
2311 1808 2563 1864 magnus
2593 1791 2907 1863 Dionysius
2939 1792 3271 1864 ignorasset
3297 1818 3312 1860 ;
3345 1793 3447 1849 sed
3493 1797 3767 1850 accurate

334 1875 447 1935 ὄντι
477 1881 764 1948 ’Δνηναῖος
795 1879 889 1935 καὶ
939 1877 1062 1935 λίαν
1113 1879 1361 1944 Ἀττικὸς
1409 1877 1553 1935 οὕτω
1593 1877 1778 1956 φησίν.
1811 1879 1988 1936 Ἀττι-

2117 1882 2271 1948 sciat,
2304 1881 2460 1952 quod
2511 1880 2687 1936 etiam
2722 1881 2831 1936 hoc
2880 1879 3032 1936 sicut
3063 1897 3266 1937 revera
3296 1881 3679 1938 Atheniensis
3711 1884 3770 1938 et

332 1974 440 2024 κῶν
491 1969 596 2045 γάρ
655 1969 771 2025 ἔστι
809 1970 874 2024 τὸ
925 1967 1165 2045 μετοχὰς
1213 1969 1498 2043 ἇρσενικὰς
1551 1968 1814 2038 Θηλυκοῖς
1862 1990 1991 2024 συν-

321 2061 558 2128 τάττειν,
594 2059 671 2122 ὡς
698 2059 790 2114 καὶ
841 2060 1098 2136 ⁸⁹Ομηρος
1141 2064 1293 2114 ποιεῖ
1340 2059 1440 2126 τὴν
1466 2059 1611 2132 ’Ἰριν
1644 2056 1703 2112 ἐκ
1743 2057 1866 2120 Διὸς
1898 2057 1992 2112 Αὲ-

317 2169 521 2224 γουσαν
552 2147 692 2224 πρὸς
722 2147 822 2216 τὴν
858 2148 1034 2223 ’Ἥραν
1062 2147 1156 2202 καὶ
1181 2149 1280 2217 τήν
1315 2148 1568 2217 Ἀθηνᾶν.

317 2343 434 2400 Οὐκ
493 2340 568 2399 ἔτ’
631 2343 712 2423 ἐφ’
793 2340 1069 2419 ὑμετέρων
1159 2341 1338 2420 όχᾶων
1391 2341 1664 2419 πληγέντε
1727 2346 1990 2419 κεραυνῷ,

429 2507 542 2578 "Atla
567 2504 619 2566 ἒς
648 2502 944 2579 ’Όλυμπον
970 2501 1204 2562 ἵκεσθον.

396 2609 549 2667 Ἔδει
581 2613 685 2686 γὰρ
720 2612 837 2667 ἀντὶ
883 2610 981 2668 τοῦ
1020 2610 1320 2686 πληγέντε,
1371 2612 1654 2688 ἀρσενικοῦ
1686 2609 1841 2676 ὄντος
1875 2610 1990 2668 δυϊ-

318 2706 448 2769 κοῦ,
481 2700 656 2756 εἰπεῖν
704 2700 1004 2778 πληγείσα,
1049 2699 1234 2757 δυ’ίκὸν
1283 2701 1374 2758 καὶ
1424 2700 1686 2773 θηλυκόν.
1715 2703 1821 2759 Καὶ
1873 2707 1994 2759 τοῦ-

317 2789 387 2844 τό
440 2811 572 2869 φασι
619 2790 710 2846 καὶ
761 2790 1029 2864 κωμικοὶ,
1065 2787 1306 2861 θηλυκὸν
1361 2791 1473 2847 ἀντ’
1506 2788 1790 2868 οὐδετέρου
1820 2794 1885 2861 ⁸⁸,
1919 2793 1994 2858 ὡς

320 2878 613 2953 ἀρσενικὸν
639 2881 779 2934 κατὰ
827 2878 1094 2952 θηλυκοῦ,
1129 2879 1220 2936 καὶ
1271 2879 1501 2937 Ηλάτων
1551 2880 1641 2936 καὶ
1691 2878 1994 2957 Εὐριπίδης

318 2967 378 3022 ἐν
411 2967 662 3042 Βάκχαις
688 2987 701 3000 ·

469 3073 744 3131 Διανεόων
781 3072 1016 3150 δρομάσι
1054 3073 1372 3155 βλεφάροις.

335 3187 348 3202 ⁸
395 3184 478 3240 Τὸ
515 3182 794 3263 βλέφαρον
825 3185 928 3261 γὰρ
961 3180 1173 3260 δρομὰς
1204 3182 1306 3239 οὐκ
1356 3181 1416 3239 ἄν
1457 3206 1542 3249 τις
1587 3183 1753 3241 εἷ’ποι.
1788 3187 1891 3244 Καὶ
1937 3187 1990 3244 ἐν

315 3273 560 3347 Ὀρέστῃ
583 3292 597 3305 °

469 3381 710 3435 Μανιάσι
745 3377 920 3450 λυσσή
931 3400 1084 3452 μασι.

401 3489 764 3563 Θεουργικήν.
817 3485 1161 3560 Σημείωσαι,
1213 3485 1296 3543 ὅτι
1351 3490 1387 3558 ἡ
1447 3489 1584 3564 πρὸς
1639 3489 1733 3546 τὸν
1799 3490 1994 3568 Κύριον

329 3579 552 3647 Ἰησοῦν
581 3575 857 3650 ὁμοίωσις
884 3579 1173 3652 θεουργική
1225 3576 1362 3648 ἐστι,
1395 3577 1668 3635 τουτέστιν
1717 3579 1994 3657 ἐργάζεται

337 3666 496 3729 θεοὺς
553 3665 686 3728 τοὺς
737 3665 1138 3740 ὁμοιουμένους
1171 3686 1184 3699 ·
1215 3668 1306 3722 καὶ
1335 3671 1453 3730 πῶς
1484 3668 1700 3741 ἀμέσως
1740 3671 1831 3725 καὶ
1864 3669 1997 3747 δίχα

339 3750 634 3827 συμϐόλων
688 3757 745 3810 αἱ
792 3756 969 3827 τάξεις
1019 3756 1176 3811 αὗται
1221 3757 1539 3831 ὁμοιοῦνται
1586 3761 1836 3834 Χριστῷ,
1867 3763 1997 3836 παρ’

341 3847 499 3902 αὐτοῦ
537 3853 702 3905 τοῦτο
736 3845 1026 3908 λαϐοῦσαι.
1713 3872 1716 3874 ⁷

406 3939 784 4013 Πρωτουργῷ.
821 3945 899 4009 Ση
914 3940 1166 4012 μείωσαι,
1201 3939 1285 3994 ὅτι
1312 3941 1404 3996 καὶ
1443 3937 1842 4013 πρωτόκτιστοί
1890 3944 1990 4000 είσι

324 4022 588 4099 δυνάμεις
646 4027 826 4097 αὗται,
859 4027 950 4082 καὶ
1007 4029 1107 4092 τὰς
1162 4027 1355 4106 ἀρετὰς
1412 4029 1509 4086 τοῦ
1559 4032 1760 4108 Κυρίου
1810 4035 1992 4106 Ἰησοῦ

321 4120 568 4193 Χριστοῦ
594 4116 671 4180 ὡς
700 4113 954 4191 δυνάμεις
984 4117 1140 4173 αὗται
1172 4111 1382 4194 ἔχουσι.

389 4203 804 4280 Τετελεσμὲνας
865 4204 946 4264 δε.
993 4207 1336 4282 Σημείωσαι,
1381 4213 1498 4273 πῶς
1547 4209 1795 4287 λέγονται
1841 4234 1991 4270 τετι-

315 4291 588 4367 λεσμὲναι
620 4295 677 4350 αἱ
706 4296 847 4351 Θεῖαι
883 4293 1143 4372 δυνάμεις
1173 4300 1216 4335 ⁴⁷
1247 4298 1424 4354 αὗται.

391 4381 788 4456 Ἀναλυτικήν.
833 4386 942 4456 Τήν
989 4391 1096 4442 τῶν
1143 4385 1438 4443 ποικιλιῶν
1489 4387 1800 4464 ἐπιστήμην
1857 4394 1989 4470 φησὶ

314 4473 423 4542 τήν
486 4472 885 4549 ὶρμηνευτικὴν
960 4475 1050 4530 καὶ
1118 4477 1510 4550 σαφηνιπικήν
1579 4479 1831 4556 ἐξήγησιν
1889 4488 1991 4552 τῆς

316 4559 846 4637 περιπεπλεγμένης
894 4563 1044 4638 ἱερᾶς
1089 4563 1460 4640 παραδόσεως,
1508 4568 1578 4636 ἦς
1637 4564 1845 4624 δέονται
1895 4571 1985 4626 καὶ

2102 1969 2270 2025 valde
2303 1969 2530 2026 Atticus
2559 1970 2643 2026 ita
2673 1969 2854 2038 dicit;
2891 1969 3219 2026 Atticorum
3269 1972 3428 2027 enim
3460 1975 3550 2026 est
3583 1971 3772 2043 parti-

2102 2059 2254 2132 cipia
2288 2059 2618 2115 masculina
2640 2059 2941 2114 femininis
2972 2061 3352 2132 conjungere,
3386 2060 3542 2116 sicut
3589 2060 3770 2116 etiam

2103 2149 2393 2204 Homerus
2441 2147 2579 2204 facit
2609 2149 2726 2204 Irin
2754 2165 2824 2204 ex
2869 2149 3006 2205 Jove
3037 2149 3334 2205 dicentem
3367 2151 3437 2205 ad
3471 2150 3766 2206 Junonem

2101 2242 2159 2293 et
2189 2237 2490 2295 Palladem
2525 2253 2538 2292 :

2100 2351 2221 2404 Non
2279 2346 2529 2416 amplius
2576 2361 2742 2418 super
2783 2346 2980 2402 vestris
3039 2346 3296 2404 curribus
3332 2362 3611 2431 percussa;
3656 2346 3773 2419 [ul-

3526 2435 3696 2476 mine.

2210 2509 2416 2563 Rursus
2446 2507 2505 2562 in
2538 2505 2837 2579 Olympum
2866 2507 3120 2564 venietis.
3505 2419 3522 2491 [

2172 2614 2490 2686 Oportebat
2517 2614 2813 2686 siquidem
2846 2631 2953 2688 pro
2987 2613 3256 2689 πληγέντε
3297 2615 3453 2686 quod
3485 2614 3770 2672 masculi-

2103 2721 2245 2759 num
2279 2708 2369 2760 est
2419 2703 2613 2770 duale,
2659 2703 2880 2760 dixisse
2910 2699 3183 2776 πληγείσα
3233 2703 3408 2760 duale
3440 2709 3499 2760 et
3526 2704 3765 2761 femini-

2103 2810 2287 2860 num;
2320 2799 2498 2865 atque
2548 2793 2642 2850 25
2679 2792 2788 2849 hoc
2817 2793 2994 2849 etiam
3051 2793 3258 2849 dicunt
3288 2792 3498 2850 comici
3543 2793 3771 2850 femini-

2103 2899 2246 2939 num
2278 2899 2383 2956 pro
2434 2886 2665 2950 neutro,
2696 2881 2852 2938 sicut
2904 2881 3306 2938 masculinum
3360 2885 3494 2955 post
3534 2881 3768 2940 femini-

2104 2988 2272 3045 num,
2304 2977 2360 3028 et
2393 2971 2552 3028 Plato
2582 2975 2640 3028 et
2669 2970 2980 3044 Euripides
3011 2970 3072 3026 in
3106 2971 3331 3028 Bacchis
3361 2989 3381 3029 :

2283 3081 2654 3136 Tranmatans
2682 3079 3033 3136 currentibus
3063 3079 3238 3135 oculis

2173 3187 2356 3243 Nemo
2395 3187 2555 3243 enim
2612 3186 2825 3242 dixerit
2851 3185 2914 3240 τὸ
2977 3182 3252 3262 βλέφαρον
3305 3182 3539 3260 δρομάς.
3586 3189 3657 3245 Et
3700 3187 3787 3257 in.

2023 3283 2067 3352 α
2107 3275 2298 3333 Oreste
2323 3294 2344 3332 :

2283 3385 2536 3440 Furiosis
2563 3383 2844 3442 rabiebus.

2181 3495 2465 3563 Deiﬂcam.
2497 3491 2646 3548 Nota
2672 3490 3152 3562 similitudinem,
3184 3491 3430 3548 Domino
3460 3492 3601 3549 Jesu
3631 3509 3764 3549 esse

2105 3585 2520 3650 deiﬁcativam,
2550 3582 2662 3639 hoc
2707 3587 2798 3638 est
2827 3598 2926 3638 eos
2956 3582 3188 3639 efﬁcere
3235 3583 3374 3638 deos
3405 3582 3507 3654 qui
3537 3583 3764 3641 similes

2105 3679 2265 3729 sunt.
2299 3674 2448 3729 Nota
2494 3672 2694 3743 etiam,
2722 3672 3018 3744 quomodo
3072 3671 3200 3727 sine
3231 3673 3422 3728 medio
3452 3676 3510 3728 et
3538 3673 3766 3746 absque

2104 3763 2292 3836 signis
2345 3762 2583 3820 ordines
2613 3761 2672 3817 hi
2725 3760 2952 3817 similes
3001 3761 3232 3817 Christo
3261 3761 3615 3830 efficiantur,
3654 3765 3765 3819 hoc

2102 3853 2175 3908 ab
2209 3852 2335 3925 ipso
2366 3850 2687 3907 consecuti.

2172 3941 2467 3995 Primwva.
2499 3939 2649 3994 Nota
2691 3944 2747 3994 et
2805 3938 2994 4010 primo
3055 3946 3285 3995 creatas
3342 3955 3472 3996 esse
3517 3942 3765 3998 virtutes

2100 4030 2294 4097 has,et
2323 4029 2474 4100 quod
2524 4028 2774 4084 virtutes
2819 4028 3055 4085 Domini
3100 4027 3245 4086 Jesu
3293 4028 3508 4087 Christi
3553 4030 3640 4086 hae
3699 4034 3768 4088 ut

2099 4119 2346 4175 virtutes
2378 4118 2652 4174 habeant.

2168 4210 2448 4281 Per/actas
2479 4213 2686 4262 autem.
2719 4205 2890 4278 Nota,
2924 4209 3217 4278 quomodo
3253 4208 3521 4282 perfecta
3556 4209 3766 4266 divina

2099 4297 2190 4354 hae
2218 4298 2469 4352 virtutes
2498 4296 2794 4352 dicantur.
3087 4300 3094 4304 ’

2168 4386 2530 4443 Resolutoria.
2600 4384 2968 4441 Varietatum
3020 4387 3331 4445 scientiam
3386 4387 3548 4457 dicit,
3580 4387 3767 4445 inter-

2097 4475 2444 4548 pretativam
2472 4479 2530 4530 et
2558 4473 2976 4530 declarativam
3001 4474 3453 4548 explicationem
3479 4477 3766 4550 perplexa

2100 4582 2278 4622 sacrm
2304 4562 2658 4631 traditionis;
2693 4579 2812 4635 qua
2832 4563 3010 4620 etiam
3036 4565 3305 4637 indigent
3331 4565 3638 4623 inferiores
3668 4583 3768 4624 or-

318 4651 379 4704 αῑ
456 4651 742 4728 ὖφιιμέναι
809 4651 1006 4724 τάξεις,
1055 4653 1128 4716 ὡς
1196 4653 1388 4730 ἐφεξῆς
1450 4676 1582 4734 φησι
1616 4675 1630 4689 ⁸
1680 4655 1883 4732 πολλῷ
1937 4656 1990 4714 δὶ

2117 4657 2364 4724 iines,ut
2386 4660 2589 4729 postea
2608 4654 2753 4710 dicit
2785 4672 2799 4711 :
2827 4655 3012 4712 multo
3041 4660 3235 4713 autem
3259 4657 3448 4729 magis
3469 4657 3764 4729 homines;

314 4736 496 4794 πλέον
559 4737 841 4815 ἅνθρωποι
876 4759 891 4774 ο
926 4737 1062 4817 δίχα
1119 4742 1226 4818 γὰρ
1285 4742 1590 4818 ἐξηγήσεων
1638 4743 1988 4804 ἀναλυουσῶν

312 4829 422 4896 τὴν
453 4821 862 4885 πολυποίκιλον
893 4831 1086 4908 σοφίαν
1129 4835 1236 4885 τῶν
1287 4831 1457 4907 ἁγίων
1506 4835 1881 4909 θεωρημάτων
1925 4836 1987 4892 οὗ

314 4913 553 4972 δυνατὸν
600 4916 735 4973 αὐτᾶ
781 4922 996 4990 νοῆσαι,
1029 4916 1153 4974 οὔτε
1201 4922 1372 4994 ἡμᾶς,
1407 4918 1530 4977 οὔτε
1570 4923 1636 4978 τὰ
1686 4921 1990 5002 ὑπερϐεϐη-

310 5006 459 5061 κότα
505 5005 605 5068 τὰς
653 5008 878 5082 πρώτας
924 5013 1070 5084 τρεῖς
1112 5009 1306 5080 τάξεις.
1332 5012 1493 5074 "Ost
1535 5013 1719 5084 φησὶν,
1753 5015 1827 5077 ὡς
1883 5020 1990 5071 τῶν

317 5097 426 5169 μὲν
478 5090 901 5167 ὑποϐεϐηκυιῶν
951 5097 1152 5169 τάξεων
1203 5098 1398 5170 ἑκάστη
1432 5103 1704 5178 ἡπρώτη
1740 5105 1992 5180 ἱεραρχεῖ

315 5184 518 5258 μόνος,
549 5186 636 5240 καὶ
692 5185 793 5240 οὐκ
840 5185 988 5257 ἄλλη
1041 5184 1270 5261 δύναμις
1305 5209 1317 5222 ο
1349 5192 1450 5254 τῆς
1501 5188 1560 5245 δὲ
1596 5195 1705 5246 τῶν
1734 5193 1988 5250 ἀνωτάτω

308 5272 536 5329 τούτων
569 5270 886 5348 διακόσμων
919 5275 1205 5351 ἱεραρχίας
1237 5278 1266 5332 ὁ
1311 5278 1440 5342 Θεὸς
1491 5280 1741 5356 ἱεραρχεῖ
1800 5283 1986 5356 μόνος,

311 5362 416 5418 καὶ
446 5360 552 5417 οὐκ
584 5358 734 5434 ἄλλη
771 5360 1034 5438 δύναμις.

2103 4763 2239 4802 nam
2281 4747 2408 4802 sine
2447 4744 2936 4818 exPlicationibus
2997 4744 3432 4804 resolventibus
3485 4747 3766 4804 multiva-

2099 4837 2248 4892 riam
2282 4838 2622 4892 sanctarum
2657 4834 3226 4907 contemplationum
3260 4835 3766 4908 sapientiam,im-

2100 4925 2381 4999 possibile
2411 4929 2500 4981 est
2529 4925 2693 4997 ipsas
2722 4923 3053 4998 intelligere
3085 4941 3099 4980 :
3134 4941 3323 4997 neque
3354 4925 3548 4997 nobis,
3571 4940 3764 4998 neque

2099 5015 2478 5072 inferioribus
2523 5013 2749 5086 angelis
2797 5013 2935 5070 licet
2989 5014 3320 5087 intelligere
3370 5019 3492 5070 tres
3539 5013 3767 5088 primos

2100 5106 2358 5162 ordines.
2392 5104 2555 5160 Unde
2604 5103 2769 5174 dicit,
2820 5103 3169 5160 inferiorum
3205 5104 3446 5176 quidem
3488 5105 3765 5160 ordinum

2099 5196 2358 5267 primum
2389 5208 2688 5264 quemque
2716 5196 2948 5248 tantum
3007 5210 3240 5249 sacrum
3274 5193 3570 5250 sustinere
3603 5192 3768 5267 prin-

2099 5287 2382 5356 cipatum,
2412 5287 2470 5338 et
2505 5299 2620 5337 non
2652 5280 2829 5336 aliam
2861 5281 3138 5338 virtutem
3169 5301 3185 5352 ;
3218 5299 3636 5356 supremorum
3665 5299 3769 5339 au-

2099 5381 2212 5431 tem
2246 5373 2522 5429 ordinum
2555 5369 2893 5426 hierarchiaa
2924 5370 3116 5427 solum
3147 5375 3332 5429 Deum
3363 5389 3554 5445 neque
3585 5371 3763 5430 aliam

2096 5465 2372 5520 virtutem
2404 5475 2638 5518 sacrum
2669 5463 2869 5517 tenere
2897 5459 3320 5533 principatum.
3469 5462 3471 5464 ’

1334 5628 1586 5686 VARle
1626 5630 2021 5694 LECTIONES
2060 5634 2150 5692 ET
2185 5630 2741 5692 GORRECTIONES.

391 5754 444 5792 ιι
476 5750 640 5830 ὅπερ,
723 5751 770 5789 ιι
799 5748 920 5804 κατ’
951 5743 1265 5826 οὐδετέρου.
1343 5755 1387 5792 ⁸⁷
1415 5753 1610 5828 τάξεις.
