4134 6442
406 401 476 460 71
1129 469 1136 476 _
1224 398 1590 455 APPENDIX
1625 399 1724 450 AD
1761 397 2006 452 OPERA
2043 398 2103 455 Β.
2143 398 2462 459 DIONYSII
2499 399 3008 459 ABEOPAGITE.
3762 392 3835 450 72

478 523 668 581 Sacris
695 523 1022 592 initiantur,
1052 525 1150 576 Gr.
1183 517 1628 594 ἱεραρχούμεναι.
1678 521 1743 576 ld
1769 525 1859 576 est
1899 537 2063 592 mys-
2093 523 2149 590 Α

405 615 555 670 teria
586 615 931 669 edocentur.

479 707 602 759 Hoc
631 704 823 775 igitur.
857 699 1401 757 Demonstrationes
1448 699 1740 755 dictorum
1775 713 1843 756 ex
1870 697 2062 771 Scrip-

404 798 558 850 tura.

478 883 636 951 §III.
688 880 943 948 Edoceri,
977 880 1075 937 Gr.
1127 873 1551 932 ἐκδιδάσκεσθαι.
1613 876 1764 933 Nota
1808 874 1870 930 τὸ
1920 871 2065 929 ἐκδι-

2250 520 2719 597 Ἱεραρχούμεναι.
2749 522 3006 576 Τουτὲστι
3043 514 3580 596 μυσταγωγούμεναι.

2221 700 2422 842 ἐΤοῦτο
2507 704 2638 776 γοῦν
2676 744 2688 758 .
2749 696 3080 771 Ἀποδείξεις
3162 693 3426 774 γραφικαῖ
3507 698 3615 749 τῶν
3685 691 3836 770 εἶρηη

2246 809 2372 842 νων.

2179 808 2272 860 μεν
2280 809 2372 847 ων,

2244 879 2437 948 §III.
2495 877 2977 943 Ἐκδιδάσκεσθαι.
3067 875 3387 950 Σημείωσαι
3470 873 3531 928 τὸ
3616 869 3830 928 ἐκδιδά-

411 968 717 1040 δάσκεσθαι,
767 972 1034 1038 edoceri;
1083 968 1340 1024 declarat
1387 967 1545 1022 enim
1595 967 1758 1038 ipsas
1818 965 2045 1022 minimc

2177 978 2392 1032 σκεσθαι
2426 987 2438 1000 ο
2475 965 2644 1040 δηλοῖ
2674 969 2778 1044 γὰρ
2814 969 2891 1042 μή
2923 966 3058 1024 κατὰ
3089 965 3247 1044 φύσιν
3304 967 3439 1020 εἶναι
3501 961 3662 1025 αὐτὰς
3711 983 3831 1018 τοι-

403 1061 556 1118 tales
583 1077 715 1117 esse
743 1060 1070 1121 secundum
1099 1063 1390 1114 naturam.

479 1150 742 1208 Omnibus
773 1159 956 1205 autem
981 1148 1352 1204 sublimiores.
1386 1146 1872 1218 Quandoquidem
1904 1144 2060 1201 enim

2173 1055 2360 1120 αύτας.

2241 1146 2342 1209 Τὰς
2403 1144 2460 1202 δὲ
2511 1153 2698 1204 πασῶν
2761 1145 3129 1223 ὑψηλοτέρας.
3186 1141 3408 1214 Ἐπειδὴ
3464 1141 3566 1220 γὰρ
3644 1144 3831 1197 πασῶν

403 1245 547 1297 sunt
575 1239 851 1296 omnibus
885 1237 1241 1310 superiores,
1290 1241 1348 1292 et
1380 1235 1527 1290 nihil
1577 1235 1835 1291 habeant
1884 1252 2045 1306 supe-

2177 1235 2434 1312 ἀνώτερα(
2484 1236 2609 1304 εἶσι,
2650 1238 2742 1293 καὶ
2784 1235 2939 1293 οὐδὲν
2989 1231 3179 1314 ἔχουσι
3230 1233 3290 1289 τὸ
3343 1232 3655 1308 ὑπέρτερον,
3701 1231 3827 1285 ὅσον

402 1329 548 1395 rius,
581 1332 873 1400 quantum
907 1327 979 1382 ad
1029 1325 1178 1382 alias
1227 1325 1496 1392 virtutes,
1549 1325 1759 1380 merito
1809 1325 1881 1380 ab
1931 1323 2045 1395 ipsc

2177 1325 2248 1388 εἷς
2301 1325 2486 1404 ἑτέρας
2541 1327 2819 1401 δυνάμεις,
2869 1326 3095 1388 εἰκότως
3159 1325 3248 1380 ὑπ’
3297 1323 3464 1378 αὐτοῦ
3533 1325 3631 1376 τοῦ
3692 1323 3830 1375 Θεοῦ

405 1419 517 1474 Deo
549 1417 695 1484 solo,
727 1417 903 1488 primi
935 1421 1218 1487 tanquam
1252 1416 1610 1487 superiores,
1643 1413 1842 1469 divina
1881 1413 2058 1470 insti-

399 1511 653 1563 tuuntur
680 1505 1034 1578 cognitione.

468 1597 531 1652 In
560 1596 776 1652 cazlum.
797 1595 946 1650 Nota
975 1597 1180 1650 contra
1210 1591 1539 1648 Basilianos
1570 1597 1628 1648 et
1655 1591 2056 1662 Nestorianos,

394 1685 601 1742 Jesum
647 1684 945 1740 Christum
978 1682 1039 1737 in
1093 1680 1267 1738 ccelos
1317 1686 1694 1753 assumptum
1726 1681 2054 1738 secundum

393 1775 551 1847 quod
584 1774 760 1830 homo
790 1777 879 1828 est
905 1789 1035 1828 esse
1063 1772 1380 1828 Dominum
1433 1770 1894 1843 intelligibilium
1928 1787 2054 1826 om-

2172 1414 2338 1488 μόνου
2393 1420 2603 1492 πρῶται
2654 1416 2729 1479 ὠς
2779 1416 3045 1492 ἀνώτεραι
3077 1417 3339 1490 μυοῦνται
3368 1411 3470 1481 τὴν
3503 1410 3648 1466 θείαν
3680 1413 3829 1486 γνῶ-

2167 1525 2270 1562 σιν.

2236 1593 2331 1658 Εἷς
2391 1595 2674 1670 οὐρανούς.
2717 1594 3037 1670 Σημείωσαι
3085 1591 3224 1649 κατᾶ
3276 1587 3647 1647 Βασιλείανῶν
3697 1584 3828 1658 ἤτοι

2165 1689 2562 1758 Νεστοριανῶν,
2595 1685 2676 1739 ὅτι
2748 1685 2775 1738 6
2806 1683 3141 1762 ἀναληφθεὶς
3185 1681 3304 1746 καθ’
3333 1679 3363 1734 ’ὀ
3403 1675 3690 1755 ἅνθρωπος
3714 1677 3830 1748 Ἰη-

2165 1777 2290 1836 σοῦς
2322 1775 2580 1848 Χριστὸς,
2613 1773 2772 1836 αὐτός
2807 1773 2949 1829 ἐστιν
2979 1774 3008 1828 6
3039 1770 3236 1846 Κύριος
3265 1774 3373 1826 τῶν
3419 1772 3633 1840 νοητῶν
3683 1766 3830 1822 πάν-

392 1865 586 1932 nium,
645 1872 698 1919 el
758 1879 956 1935 regem
1015 1859 1788 1934 glorise;quemadmodum
1840 1876 2045 1915 arcana

2177 1865 2397 1934 εων,καί
2428 1863 2684 1940 βασιλεὺς
2713 1871 2813 1935 τῆς
2842 1861 3120 1936 δόξηςὼς
3158 1859 3456 1936 μυούμενοι
3493 1859 3828 1932 μανθάνουσι

391 1953 584 2010 edocti
615 1952 858 2008 discunt
887 1969 919 2006 a
950 1950 1283 2006 dicentibus
1319 1966 1332 2005 ς
1369 1949 1566 2005 Tollite
1599 1953 1816 2022 portas,
1847 1951 2055 2020 princi-

383 2059 500 2114 pes,
531 2046 764 2110 vestras,
795 2045 854 2097 et
884 2041 1318 2112 interrogantes
1347 2057 1360 2095 :
1395 2040 1528 2108 Quis
1566 2044 1647 2095 est
1675 2041 1776 2094 iste
1805 2041 1918 2095 Rea:
1940 2039 2054 2108 glo-

386 2134 538 2190 ria?
566 2138 739 2203 atque
771 2147 979 2186 rursus
1010 2130 1617 2198 audientes,Dominus
1648 2130 1921 2184 virtutum
1953 2128 2048 2201 (q);

387 2225 446 2276 et
493 2236 620 2294 qua:
669 2219 966 2289 deinceps.
1002 2219 1104 2274 σε
1147 2218 1362 2274 Contra
1415 2235 1549 2274 vero
1598 2217 1944 2290 Acepbalos,
1995 2223 2052 2274 et

386 2308 801 2381 Eutychianos,
836 2308 992 2380 quod
1021 2307 1293 2379 quamvis
1324 2307 1611 2363 Dominus
1642 2307 2050 2375 virtutum,ve-

385 2403 721 2454 rumtamen
754 2414 889 2454 caro
920 2403 976 2454 et
1027 2397 1378 2452 manifestus
1428 2396 1637 2465 homo;
1673 2398 1753 2452 ita
1781 2401 1846 2452 ut
1879 2413 2049 2468 prop-

382 2493 474 2544 ter
503 2488 586 2544 rei
634 2487 950 2545 novitatem
1000 2492 1316 2558 sequentes
1369 2487 1737 2558 principatus
1771 2487 2048 2558 obtupes-

379 2582 600 2634 cersnt.

451 2667 645 2721 Divini
674 2668 878 2738 aperis,
913 2665 1012 2721 Gr.
1048 2662 1354 2738 θεουργίας.
1409 2664 1581 2721 Recte
1612 2664 1836 2720 vocavit
1865 2673 2048 2736 θεουρ-

377 2752 520 2827 γίαν,
555 2754 657 2810 Dei
690 2753 1026 2827 opus,illam
1060 2771 1160 2824 pro
1194 2755 1364 2811 nobis
1391 2754 1918 2824 dispensationem;
1944 2752 2046 2808 Dei

381 2843 539 2899 enim
573 2849 742 2899 erant
771 2860 902 2900 vere
932 2859 1110 2915 opera
1141 2844 1337 2899 omnia
1367 2843 1626 2910 Domini,
1659 2858 1784 2914 quae
1832 2858 2046 2896 secun-

381 2933 524 2988 dum
557 2933 1082 3005 dispensationem,
1119 2936 1184 2988 ut
1216 2940 1423 3005 partus
1455 2935 1788 2996 sanctus,et
1819 2929 2043 2986 sanita-

380 3025 494 3088 tes,
527 3021 698 3093 signa
727 3022 784 3076 in
821 3020 1114 3094 passione,
1148 3025 1206 3077 et
1238 3019 1610 3076 resurrectio.

449 3111 558 3180 Ego
589 3111 740 3166 enim
788 3111 998 3181 inquio.
1033 3110 1140 3166 Illa
1189 3115 1433 3165 autem:
1483 3111 1603 3177 Ego
1646 3109 1796 3163 enim
1847 3109 2043 3179 loquor

371 3199 656 3269 justitiam
706 3209 758 3254 el
804 3200 1077 3268 iudicium
1123 3198 1409 3266 salutaris,
1462 3201 1602 3252 sunt
1649 3198 1856 3268 Isaiae;
1907 3197 2040 3254 vide

373 3286 575 3358 etiam,
609 3289 903 3360 quomodo
935 3288 1058 3344 haec
1089 3286 1394 3342 intellexit.

440 3377 612 3431 Miror
655 3380 862 3434 autem.
901 3376 1135 3433 Locutio
1183 3375 1265 3431 ita
1295 3379 1383 3432 est
1435 3377 1842 3447 componenda
1876 3393 1889 3432 :
1928 3375 2038 3431 mi-

369 3482 466 3520 ror
496 3467 793 3536 quomodo
825 3466 999 3538 primi
1032 3465 1186 3521 sicut
1217 3466 1394 3521 medii
1427 3466 1659 3522 divinas
1690 3465 2038 3522 illustratio-

369 3570 476 3610 nes
506 3555 715 3611 timide
742 3555 1005 3627 cupiant.

441 3645 504 3698 In
539 3644 714 3700 medio
762 3646 1036 3700 volantes.
1087 3647 1414 3705 Μεσοπετεῖς
1465 3647 1523 3699 in
1573 3644 1748 3700 medio
1792 3645 2038 3700 volantes

370 3731 537 3802 dixit,
571 3737 634 3787 ut
669 3733 914 3788 minime
948 3733 1018 3788 ad
1054 3732 1387 3788 altitudinis
1441 3733 1741 3806 fastigium
1794 3749 2033 3789 sursum

371 3819 659 3889 volantes,
689 3825 792 3878 sed
825 3823 896 3877 ad
950 3823 1210 3878 medium
1265 3822 1666 3893 pervenientes
1693 3840 1706 3889 ;
1738 3820 1800 3874 τὸ
1847 3818 1903 3875 δέ
1931 3823 2034 3878 du-

369 3909 569 3980 bitare,
603 3911 897 3981 signiﬁcat
944 3910 1093 3966 illud
1140 3911 1378 3967 dicere:
1415 3911 1557 3984 Quis
1601 3911 1693 3967 hic
1741 3912 2034 3967 adveniens

367 4016 436 4055 ex
466 3999 633 4056 Edam
664 4001 737 4072 (r)
759 3999 786 4054 ‘I

439 4094 807 4162 Interroganl.
840 4089 1008 4159 Vide,
1041 4108 1178 4147 cum
1211 4096 1431 4164 quanto
1479 4095 1633 4148 metu
1676 4095 1732 4148 et
1761 4107 2030 4149 reveren-

364 4179 449 4234 tia
474 4179 738 4252 supremi
773 4181 1040 4235 omnium
1073 4181 1332 4249 ordines,
1368 4187 1430 4236 ut
1461 4182 1641 4237 medii
1675 4187 1730 4237 et
1762 4200 1876 4236 non
1911 4181 2029 4254 pri-

368 4266 847 4340 mi,interrogant
876 4268 1411 4341 invicem,primum
1445 4288 1569 4342 quae
1603 4271 1757 4343 apud
1790 4270 2026 4326 Isaiam.

367 4357 503 4425 Quis
552 4358 642 4413 hic
697 4359 921 4413 veniens
968 4375 1040 4414 ea:
1089 4359 1296 4415 Edam?
1357 4361 1529 4417 rubor
1577 4362 2028 4416 vestimentorum

2163 1953 2310 2028 παρὰ
2336 1957 2445 2008 τῶν
2478 1950 2764 2028 λεγόντων,
2797 1955 2998 2027 ’Ἄρατε
3027 1949 3226 2021 πύλας,
3260 1950 3312 2004 οἳ
3343 1947 3824 2024 ἄρχοντες,ὗμῶν⁶

2160 2042 2250 2096 καὶ
2307 2041 2703 2115 πυνθανόμενοι
2731 2059 2745 2075 ⁸
2777 2042 2871 2103 Τίς
2923 2039 3065 2096 ἐστιν
3125 2039 3283 2101 οὗτος
3327 2039 3356 2093 6
3405 2036 3666 2098 Βασιλεὺς
3713 2042 3824 2106 τῆς

2163 2128 2364 2201 δόξηςς
2396 2130 2486 2186 καὶ
2531 2127 2682 2192 αὖθις
2728 2130 3039 2199 ἀκούοντες,
3083 2128 3284 2205 Κύριος
3325 2131 3429 2182 τῶν
3483 2124 3764 2199 δυνάμεων
3804 2142 3822 2157 ⁸

2159 2222 2250 2276 καί
2281 2220 2347 2274 τὰ
2377 2220 2522 2289 ἑξῆς.
2568 2220 2716 2276 Κατὰ
2746 2217 2804 2274 δί
2834 2215 3150 2297 Ἀκεφάλων
3208 2216 3298 2272 καὶ
3348 2215 3823 2291 Εὗτυχιανιστῶν,

2161 2309 2267 2381 ὅτι,
2293 2306 2388 2364 κᾶν
2429 2307 2635 2384 Κύριος
2683 2304 2988 2381 δυνάμεων,
3020 2304 3147 2362 ἀλλ’
3179 2302 3270 2360 οῦν
3318 2305 3447 2379 σὰρξ
3495 2303 3586 2359 καὶ
3642 2303 3826 2380 σαφὴς

2160 2397 2469 2474 ἄνθρωπος,
2501 2399 2575 2461 ὡς
2629 2396 2719 2451 καὶ
2772 2397 2908 2471 πρὸς
2963 2394 3028 2450 τὸ
3078 2393 3223 2466 ξενον
3280 2391 3676 2464 ἐκπλήττεσθαι
3722 2391 3829 2452 τὰς

2159 2487 2280 2559 ἑξῆς
2311 2486 2511 2564 ἀρχάς.

2228 2665 2537 2740 Θεουργίας.
2598 2662 2800 2728 Καλῶς
2854 2663 3132 2740 θεουργίαν
3202 2661 3423 2718 ἐκάλεσε
3497 2661 3597 2730 τήν
3677 2659 3818 2736 ὑπὲρ

2155 2757 2316 2828 ἡμῶν
2360 2755 2672 2828 οἰκονομίαν
2704 2773 2717 2785 ⁸
2751 2757 2885 2810 Θεοῦ
2915 2753 3019 2830 γὰρ
3051 2753 3117 2822 ἦν
3150 2753 3224 2814 ὡς
3253 2749 3478 2820 άληθῶς
3511 2746 3641 2826 ἔργα
3673 2749 3820 2804 πάν-

2153 2865 2220 2899 τα
2246 2846 2321 2900 τᾶν
2341 2844 2476 2900 κατὰ
2508 2843 2828 2917 οἰκονομίαν
2856 2846 2954 2898 τοῦ
2983 2842 3186 2914 Κυρίου
3222 2862 3235 2875 ·
3279 2841 3307 2895 6
3337 2840 3500 2901 τόκος
3554 2840 3582 2894 6
3633 2839 3818 2913 ἅγιος,

2151 2933 2241 2988 καὶ
2302 2933 2492 3003 ἰάσεις,
2550 2934 2618 2988 τὰ
2673 2931 2762 2988 ἐπὶ
2817 2936 2897 3005 τῷ
2946 2931 3104 2996 πάθει
3167 2935 3393 3003 σημεῖα,
3445 2929 3531 2984 καὶ
3594 2929 3628 2997 ἡ
3683 2927 3818 2982 ἀνά-

2153 3043 2361 3083 στασις.
3491 3009 3499 3016 .

2217 3110 2362 3185 Ἐγὼ
2417 3110 2517 3187 γάρ
2573 3131 2738 3189 φημι.
2772 3111 2849 3164 Τὰ
2902 3107 2960 3165 δὲ
3012 3111 3077 3179 ⁸⁸,
3135 3107 3280 3183 Ἐγὼ
3323 3105 3424 3183 γὰρ
3485 3102 3823 3181 διαλεγομαι

2151 3196 2500 3270 δικαιοσύνην
2562 3199 2652 3254 καὶ
2709 3198 2889 3274 κρίσιν
2949 3197 3251 3272 σωτηρίου,
3300 3192 3524 3254 Ἡσαΐου
3584 3193 3828 3250 εῗσί⁴⁹⁶

2074 3273 2117 3339 C
2150 3288 2238 3343 καὶ
2282 3287 2381 3364 ὅρα
2409 3289 2527 3351 πῶς
2555 3293 2727 3344 ταῦτα
2758 3287 3031 3359 νενόηκεν.

2222 3379 2473 3453 Ἀγαμαι
2507 3375 2584 3434 δὲ..
2617 3379 2688 3432 Τὸ
2722 3376 2886 3454 ῥητὸν
2923 3375 3065 3432 οὕτω
3107 3373 3379 3430 συνθετέον
3412 3375 3457 3411 ⁸ο
3489 3393 3502 3407 ⁶
3550 3370 3818 3447 θαυμάζω

2149 3473 2267 3532 πῶς
2293 3469 2346 3522 αἱ
2377 3473 2584 3542 πρῶται
2621 3468 2696 3529 ὡς
2749 3464 2905 3539 μὲσαι
2950 3470 3060 3520 τῶν
3111 3468 3420 3540 θεαρχικῶν
3480 3460 3815 3537 ἐλλάμψεων

2150 3552 2396 3619 εὐλαϐῶς
2429 3555 2687 3632 ἐφίενται.

2219 3652 2574 3708 Μεσοπετεῖς.
2627 3647 2962 3709 Μεσοπετεῖς
3048 3639 3176 3722 ἔφη,
3237 3643 3311 3706 ὡς
3406 3643 3482 3716 μὴ
3556 3639 3695 3716 πρὸς
3749 3639 3818 3694 τὸ

2148 3733 2310 3813 ἄκρον
2341 3740 2438 3790 τοῦ
2481 3734 2648 3808 ὕψους
2698 3735 3086 3808 άνιπταμὲνας,
3119 3731 3265 3788 ἀλλὰ
3317 3736 3415 3787 τοῦ
3478 3731 3642 3804 μέσου
3701 3727 3818 3806 ἐφι-

2145 3823 2448 3898 κνουμένας
2483 3845 2497 3858 θ
2530 3825 2591 3878 τὸ
2623 3822 2679 3878 δὲ
2711 3820 2990 3898 διαπορεῖν
3043 3822 3298 3896 σημαίνει
3344 3822 3407 3876 τὸ
3453 3819 3630 3895 λεγειν
3661 3837 3674 3853 ⁸
3708 3815 3814 3879 Τίς

2147 3915 2304 3976 οὗτος
2336 3915 2362 3968 6
2396 3911 2837 3989 παραγενόμενος
2879 3911 2930 3983 ἐξ
2963 3908 3192 3986 Ἐδώμ;

2215 4094 2544 4166 Ἐρωτῶσιν.
2604 4092 2745 4166 Ὅρα
2830 4090 2964 4166 μετὰ
3035 4089 3208 4145 πόσου
3265 4082 3440 4167 φόϐου
3496 4085 3587 4143 καί
3642 4085 3808 4142 εὐλα-

2143 4177 2296 4243 ϐείας
2328 4181 2382 4236 αἱ
2412 4185 2599 4236 πασῶν
2630 4181 2896 4236 ἀνώταται
2936 4179 3136 4253 τάξεις,
3170 4181 3246 4242 ὠς
3309 4179 3493 4252 μὲσαι,
3522 4176 3614 4233 καὶ
3669 4175 3806 4252 οὐχὶ

2139 4270 2469 4346 πρώτισται,
2513 4268 2791 4346 ἐρωτῶσιν
2839 4266 3120 4340 ἀλλήλας,
3153 4272 3371 4345 πρῶτον
3420 4266 3487 4323 τὰ
3534 4267 3681 4342 παρᾶ
3721 4269 3807 4339 τῷ

2138 4357 2351 4431 Ἠσαίᾳ·
2376 4359 2468 4422 Τίς
2500 4360 2658 4422 οὗτος
2691 4360 2718 4414 6
2749 4359 3196 4436 παραγενόμενος
3228 4356 3280 4428 ἐξ
3308 4353 3530 4431 Ἐδώμς
3555 4354 3809 4432 ἐρύθημα

371 4446 494 4517 ejus
544 4462 615 4502 ex
663 4447 978 4521 Bosor(s),-
1008 4457 1060 4503 el
1091 4452 1219 4504 tum
1267 4449 1434 4520 quasi
1490 4467 1632 4505 cura
1683 4449 1796 4505 sibi
1831 4466 1863 4504 a
1909 4448 2027 4504 Deo

2177 4448 2369 4503 ιατίων
2403 4448 2567 4504 αὐτοῦ
2601 4447 2659 4503 ἐκ
2711 4448 2885 4524 Βοσόρ
2920 4466 2934 4480 ·
2969 4446 3060 4502 καὶ
3101 4445 3248 4516 τότε,
3283 4445 3465 4520 ὥσπερ
3515 4443 3806 4520 ἐπιτρεπό-

364 4534 705 4605 commissa,
738 4535 940 4592 dicunt
999 4537 1071 4594 ad
1132 4538 1376 4610 ipsum:
1423 4540 1608 4608 Quare
1662 4539 1839 4594 rubra
1897 4545 2026 4593 sunt

361 4626 684 4680 vestimenta
717 4630 819 4680 tua
843 4628 868 4679 .9

430 4712 853 4771 Sanctissimam
877 4718 1295 4788 purgationem.
1329 4717 1496 4787 Nota,
1533 4717 1829 4789 quomodo
1868 4717 2022 4773 dicat

359 4801 604 4875 expiari,
636 4807 692 4861 et
722 4803 1030 4872 illustrari,
1064 4810 1121 4862 et
1148 4806 1348 4880 perﬁci
1383 4805 1610 4862 divinos
1643 4806 1900 4864 ordines.

435 4982 804 5054 Bxpialionis.
837 4989 1007 5055 Nota,
1037 5001 1307 5056 quaenam
1344 4983 1420 5040 sit
1461 4985 1731 5058 purgatio
1762 4986 1820 5041 in
1856 5003 2021 5042 men-

360 5069 542 5140 tibus,
576 5076 633 5127 et
662 5089 788 5145 qua;
820 5074 1135 5146 ignoratio.

434 5163 668 5233 Copioso
730 5161 965 5232 lumine,
1028 5162 1126 5218 Gr.
1185 5161 1424 5217 ἆπΛὲτου
1478 5161 1681 5242 φωτός.
1748 5161 2018 5220 Ἀπλετον

357 5247 654 5320 signiﬁcat
683 5269 962 5324 magnum
993 5257 1052 5309 et
1082 5253 1361 5310 multum.

429 5425 685 5500 (‘1)Psal.
719 5445 882 5497 xxiii,
911 5429 1068 5486 7-10.
1145 5432 1220 5504 (ν)
1253 5433 1366 5488 Isa.
1400 5448 1558 5501 LXIII,
1595 5435 1646 5487 1.
1725 5432 1794 5504 (s)
1827 5432 1972 5488 Ibid-

2140 4559 2294 4611 μεναι
2352 4537 2500 4615 παρὰ
2547 4541 2703 4607 Θεοῦ,
2753 4538 2892 4613 πρὸς
2940 4537 3103 4592 αὐτὸν
3163 4535 3417 4613 λέγουσιξ
3445 4535 3544 4590 Διὰ
3596 4533 3649 4590 τί
3703 4553 3803 4588 σου

2057 4648 2102 4713 D
2135 4626 2336 4704 ἐρυθρὰ
2363 4629 2430 4682 τὰ
2461 4627 2655 4700 ἱμάτια
2683 4645 2696 4697 ;

2211 4713 2630 4792 Παναγεστᾶτης
2688 4711 3024 4790 καθάρσεως.
3088 4713 3416 4787 Σημείωσαι
3485 4716 3604 4775 πῶς
3665 4725 3801 4788 φησι

2131 4805 2504 4880 καθαίρεσθαι,
2537 4803 2627 4858 καὶ
2660 4801 3007 4883 φωτίζεσθαι,
3040 4802 3131 4857 καὶ
3162 4801 3664 4878 τελεσιουργεῖσθαι
3704 4801 3802 4863 τὰς

2132 4893 2279 4956 θείας
2312 4893 2515 4964 τάξεις.

2204 4986 2319 5051 Τῆς
2349 4983 2681 5058 καθάρσεως.
2713 4987 2791 5053 Ση
2805 4981 3032 5054 μείωσαι
3061 4980 3144 5046 τίς
3173 4983 3208 5052 ἡ
3241 4981 3505 5058 κάθαρσις
3569 4977 3658 5035 ἐπὶ
3691 4983 3804 5034 τῶν

2131 5076 2296 5144 νοῶν,
2327 5072 2415 5126 καὶ
2443 5070 2526 5134 τίς
2556 5073 2590 5140 ὴ
2623 5066 2836 5145 ἄγνοια.

2204 5157 2477 5218 Ἀπλέτου
2509 5160 2710 5238 φωτός.
2744 5160 3020 5218 Ἀπλετον
3051 5161 3114 5216 τὸ
3152 5160 3292 5237 μέγα
3321 5159 3412 5214 καὶ
3449 5154 3618 5216 πολύ.

1380 5609 1613 5668 VARle
1651 5610 2052 5670 LECTIONES
2086 5615 2170 5671 ET
2207 5609 2770 5670 CORBECTIONES.

430 5732 476 5771 ⁴⁸
505 5731 566 5788 τὸ
596 5728 674 5791 δι.
750 5734 797 5772 ⁸ο
819 5731 953 5791 ἔστί.
1029 5734 1074 5772 ⁵ο
1103 5731 1320 5799 σύνθες.
