4134 6388
312 407 391 462 73

394 529 870 610 Τελεσιουργεῖται
908 577 921 591 .

314 623 413 678 καὶ
443 621 800 701 φωτίζονται,
834 623 925 678 καὶ
969 622 1474 702 τελεσιουργοῦνται
1525 626 1580 679 αἱ
1629 630 1766 690 θεῖαι
1811 621 1982 697 τᾶξεις

319 713 501 769 αὗται.

393 803 524 858 Καθ’
579 799 711 872 ἕξιν.
765 803 893 866 Καθ’
941 799 1048 874 ἕξιν
1110 801 1392 877 ἐπιστήμη
1452 801 1590 858 ἐστὶν
1641 806 1675 873 ἡ
1737 796 1984 876 ἕμμονος

310 893 409 947 καὶ
459 887 848 964 ἀναπόϐλητος
892 900 994 962 τῆς
1036 890 1453 972 ἐλλαμφθείσης
1509 894 1764 970 γνώσεως
1817 890 1986 946 κατά-

313 979 518 1056 ληψις-

385 1071 453 1126 Ἢ
483 1068 702 1144 κύκλῳ.
737 1069 962 1141 Ἐπειδή
993 1074 1084 1127 καὶ
1136 1073 1427 1144 ἑστηκυίας
1466 1070 1558 1127 καὶ
1609 1069 1800 1143 κύκλῳ
1852 1072 1986 1125 Θεοῦ

304 1160 786 1236 περιχορευούσας
839 1161 1057 1234 ἂμὲσως
1103 1161 1200 1227 τὰς
1245 1163 1467 1238 πρώτας
1517 1159 1714 1222 ταύτας
1767 1160 1983 1234 ταξιαρ-

303 1249 440 1324 χίας
470 1248 634 1326 φησὶ,
667 1251 1045 1328 σαφηνιστὲον,
1077 1255 1196 1314 πῶς
1244 1252 1332 1307 καὶ
1388 1252 1568 1306 ἑστᾶσι
1615 1249 1705 1305 καὶ
1763 1250 1978 1302 κινοῦν-

304 1359 421 1408 ται,
455 1339 702 1413 καθάπερ
755 1337 806 1393 ἐν
860 1340 1058 1415 χορείᾳ
1104 1339 1295 1413 κύκλῳ
1342 1345 1440 1396 τοῦ
1492 1343 1650 1398 Θεοῦ.
1693 1337 1795 1395 Καὶ
1851 1337 1987 1397 τίως

310 1427 411 1500 μὲν
445 1426 498 1498 ὶξ
529 1425 762 1483 ⁸Ησαΐου
805 1429 906 1498 τὴν
958 1429 1218 1506 ἀφορμὴν
1267 1427 1518 1508 εἴληφεν;
1550 1429 1608 1491 ’ὸς
1661 1428 1808 1501 Λὲγει
1839 1443 1851 1456 '
1888 1431 1986 1490 Καὶ

307 1517 560 1594 σεραφὶμ
619 1517 861 1588 εἱστήκει
916 1517 1108 1592 κύκλῳ
1184 1518 1351 1574 αὐτοῦ
1385 1538 1396 1549 °
1588 1518 1850 1592 πτὲρυγες
1905 1515 1986 1586 τῷ

307 1606 531 1679 δνῖ,κ²ἶ
589 1606 658 1661 τὰ
717 1606 881 1678 ἑξῆς·
943 1606 1125 1685 ἐπάγει
1187 1606 1265 1679 δὲ,
1325 1609 1428 1665 Καὶ
1477 1612 1599 1670 ταῖς
1659 1604 1808 1661 δυσὶν
1872 1601 1988 1658 ἐπέ-

308 1716 472 1751 ταντο
506 1716 519 1727 ·
574 1701 698 1758 πῶς
756 1697 861 1772 γὰρ
913 1698 1118 1753 ἑστῶτα
1166 1698 1558 1774 περιεπέταντο
1603 1694 1831 1769 κύκλῳ;
1887 1692 1981 1748 Καὶ

313 1786 540 1855 νοητέον
572 1783 750 1848 οὕτως
785 1804 800 1818 ⁸
829 1790 935 1851 πᾶς
963 1791 1092 1849 νοῦς
1121 1787 1224 1862 [ἐκ]
1257 1791 1358 1842 τοῦ
1388 1788 1604 1842 πάντων
1639 1785 1818 1841 αἰτίου
1851 1785 1985 1837 Θεοῦ

323 1873 624 1948 ἐκλάμψας,
659 1873 851 1944 ἐπειδὴ
897 1876 1003 1931 ἀπὸ
1041 1881 1138 1932 τοῦ
1189 1875 1702 1953 δημιουργήσαντος
1753 1873 1981 1945 ἐξέλαμ-

318 1967 405 2037 ψε,
454 1960 673 2038 λέγεται
710 1964 837 2039 περὶ
893 1964 1054 2021 αὐτὸν
1111 1966 1184 2028 ὡς
1240 1966 1364 2042 περὶ
1412 1967 1632 2041 κέντρον
1684 1963 1970 2032 κινεῖσθαι,

310 2058 414 2121 τῆς
467 2054 738 2124 κινήσεως
797 2053 860 2108 ού
917 2056 1151 2125 τοπικῆς
1185 2078 1339 2120 τινος
1369 2053 1554 2126 οῦσης,
1589 2051 1738 2109 ἀλλὰ
1784 2057 1974 2128 νοερᾶς

309 2143 401 2196 καὶ
433 2141 612 2214 ζώσης
647 2162 661 2174 ·
693 2138 804 2198 ἔστι
840 2140 898 2199 δὶ
927 2149 1023 2199 νοῦ
1065 2145 1254 2219 κύκλῳ
1305 2145 1520 2215 κίνησις
1556 2143 1784 2214 τοιαύτη
1821 2161 1833 2174 ·
1867 2146 1971 2195 πᾶν

308 2232 373 2286 τὸ
421 2237 581 2287 νοοῦν
630 2231 667 2302 ἢ
715 2237 843 2297 νοῦς
891 2231 964 2288 ὢν
1007 2241 1142 2305 νοεῖ,
1175 2237 1209 2304 ἢ
1245 2235 1320 2299 ὡς
1354 2231 1584 2310 μετέχον
1617 2236 1734 2288 νοῦ.
1767 2233 1824 2285 Ὀ
1877 2230 1970 2304 μὲν

309 2325 438 2384 νοῦς
484 2318 583 2388 ὢν,
627 2324 862 2397 πρώτως
909 2330 1023 2379 νοεῖ
1053 2343 1066 2356 ⁸
1099 2326 1163 2380 τὸ
1209 2323 1266 2380 δὲ
1300 2327 1532 2400 μετέχον
1562 2327 1658 2378 νοῦ
1709 2319 1972 2392 δευτέρως

308 2417 430 2466 νοεῖ
463 2431 476 2444 ο
509 2413 649 2468 κατὰ
674 2417 836 2468 τοῦτο
868 2414 966 2487 μὶν
998 2412 1108 2483 οὗν,
1141 2416 1261 2469 καθ’
1291 2415 1319 2469 ὃ
1349 2418 1474 2475 νοῦς
1523 2413 1598 2467 ὢν
1643 2418 1776 2475 νοεῖ,
1808 2414 1976 2465 κινεῖ-

310 2511 434 2563 σθαι
488 2499 710 2576 λέγοιτο
760 2503 819 2556 ἄν
858 2521 868 2534 ·
903 2501 1137 2572 κυκλική
1199 2502 1256 2558 δὲ
1313 2503 1608 2557 ἐπινοεῖται
1666 2504 1700 2570 ἡ
1759 2497 1974 2570 κίνησις

307 2588 449 2660 αὕτη
505 2591 623 2644 καθ’
667 2591 696 2646 ὃ
747 2591 1099 2665 ἀνακάμπτον
1149 2593 1238 2647 καὶ
1287 2593 1410 2668 περὶ
1458 2591 1620 2646 αὐτὸν
1667 2585 1971 2666 γινόμενος,

310 2677 491 2743 οὕτως
550 2678 743 2734 ἑαυτὸν
799 2683 984 2752 νοήσει
1041 2681 1131 2736 καὶ
1189 2682 1280 2736 τὸν
1341 2682 1447 2759 πρὸ
1506 2680 1690 2750 αὐτοῦ,
1725 2679 1774 2752 ἐξ
1808 2678 1869 2732 οὗ
1898 2676 1977 2747 ἐξ-

309 2765 557 2842 λαμψεν,
592 2770 668 2830 ὡς
725 2767 819 2824 οῦν
877 2769 936 2825 ἐκ
991 2775 1124 2826 Θεοῦ
1186 2769 1556 2848 βουληθέντος
1609 2764 1973 2844 προϐληθεὶς,

307 2857 437 2934 περὶ
501 2857 838 2926 αὐτὸν,ἆντί
893 2865 991 2914 τοῦ
1053 2861 1176 2935 περῖ
1232 2863 1333 2930 τήν
1386 2864 1519 2916 Θεοῦ
1551 2862 1594 2898 ³¹
1646 2856 1825 2936 ἔφεσιν
1883 2854 1975 2910 καὶ

307 2946 553 3022 ἀγάπην,
607 2949 682 3010 ὡς
740 2949 866 3023 περὶ
916 2950 1150 3025 κέντρον,
1205 2946 1352 3004 ἔσται
1387 2968 1400 2982 ·
1446 2951 1510 3005 ού
1571 2948 1673 3024 γὰρ
1730 2948 1974 3002 ἓνοῦνται

305 3039 374 3091 τὰ
405 3034 634 3111 δεύτερα
663 3041 782 3101 τοῖς
808 3038 916 3114 πρὸ
966 3039 1164 3107 αὐτῶν,
1202 3037 1348 3094 ἀλλὰ
1396 3037 1590 3114 χορείᾳ
1638 3035 1743 3091 τινὶ
1785 3035 1847 3090 τὸ
1896 3054 1977 3108 γι-

309 3124 546 3198 νόμενον
584 3119 729 3181 ἔοικε
760 3145 773 3158 ·
805 3126 874 3182 τὰ
902 3127 1005 3203 γὰρ
1038 3129 1354 3203 γεννώμενα
1385 3128 1518 3182 εἶναι
1557 3126 1608 3180 ἐν
1656 3129 1736 3197 τῷ
1785 3123 1974 3194 οἱκείῳ

1036 409 1094 461 S.
1137 408 1412 465 MAXIM!
1449 410 1756 466 SCHOLIA
1795 411 1870 465 IN
1909 410 2041 464 LIB.
2084 411 2180 463 DE
2219 411 2545 465 C(ELESTI
2583 408 3060 468 HIERARCHIA.
3684 417 3753 473 ’74

1012 533 1332 608 Σημείωσαι
1413 533 1566 599 πῶς’
1616 533 1979 610 καθαίρονται,

2174 537 2494 607 Perﬁcitur.
2519 537 2667 594 Nota
2689 539 2982 610 quomodo
3012 541 3358 612 purgentur,
3383 543 3439 598 et
3459 539 3758 600 illustran-

2099 628 2216 694 tur,
2255 631 2312 681 et
2340 627 2725 698 perﬁciantur
2754 627 2815 682 bi
2842 627 3022 684 divini
3056 629 3314 686 ordines.

2170 807 2482 865 Secundum
2515 809 2779 865 habitum.
2799 808 2926 862 Καθ’
2945 803 3076 880 ἕξιν,
3098 811 3422 866 secundum
3468 811 3759 883 habitum,

2098 897 2345 953 scientia
2375 902 2465 954 est
2495 899 2812 963 inhaerens,
2845 902 2903 954 et
2931 915 3060 969 qua
3089 899 3266 970 abjici
3298 907 3570 973 nequeat,
3609 903 3748 960 illu-

2101 991 2298 1042 stratsa
2325 987 2699 1060 cogitationis
2726 987 3087 1044 consecutio.

2167 1077 2227 1132 In
2258 1078 2518 1147 circuitu,
2551 1076 2650 1132 Gr.
2707 1077 2741 1144 ἠ
2795 1074 3004 1148 κύκλῳ.
3065 1078 3354 1142 Quoniam
3414 1083 3470 1136 et
3529 1085 3756 1139 stantes

2095 1170 2153 1221 et
2184 1165 2568 1222 circumcirca
2598 1166 2783 1221 Deum
2813 1165 3081 1223 saltando
3112 1184 3244 1222 cum
3300 1173 3474 1224 cantu
3531 1171 3756 1227 obeun-

2098 1259 2185 1311 tes
2218 1255 2343 1310 sine
2394 1255 2585 1310 medio
2628 1255 2850 1326 primos
2899 1255 3006 1310 hos
3055 1256 3330 1313 ordinum
3383 1259 3754 1332 principatus

2096 1343 2257 1414 dicit,
2289 1344 2704 1416 explicandum
2760 1349 2869 1407 est.
2925 1346 3221 1416 quomodo
3254 1350 3311 1401 et
3339 1352 3514 1415 stent,
3545 1353 3602 1404 et
3631 1365 3757 1404 mo-

2096 1438 2361 1504 veantur,
2397 1434 2899 1506 quemadmodum
2949 1433 3008 1488 in
3061 1433 3320 1506 tripudio
3375 1436 3760 1493 circumcirca

2097 1527 2300 1578 Deum.
2333 1523 2720 1578 Ethactenus
2773 1523 3011 1594 quidem
3064 1524 3432 1581 occasionem
3482 1542 3552 1581 ex
3605 1527 3758 1582 Isaia

2096 1613 2343 1684 accepit,
2376 1613 2477 1685 qui
2501 1611 2678 1668 dicit:
2704 1615 2767 1667 Et
2788 1612 3067 1684 seraphim
3106 1614 3333 1669 stabant
3373 1617 3523 1670 circa
3555 1617 3755 1687 ipsum,

2094 1718 2190 1759 sea:
2208 1703 2320 1758 alae
2341 1703 2460 1770 uni,
2486 1706 2544 1757 et
2586 1702 2920 1773 sequentia;
2951 1701 3116 1757 addit
3136 1719 3268 1758 vero
3289 1721 3301 1758 :
3344 1708 3394 1758 el
3416 1703 3628 1760 duabus
3652 1706 3752 1762 2⁵1

2093 1793 2352 1848 volabant
2376 1791 2436 1862 (ι)
2463 1807 2476 1858 ;
2501 1793 2796 1863 quomodo
2822 1792 2976 1846 enim
3000 1795 3224 1846 stantes
3246 1792 3753 1850 circumvolabant

2096 1881 2157 1936 in
2182 1880 2422 1936 orbem?
2445 1885 2633 1952 Atque
2657 1881 2737 1936 ita
2761 1879 3209 1952 intelligendum
3233 1899 3246 1937 :
3273 1898 3440 1938 mens
3464 1883 3656 1938 omnis
3679 1900 3749 1939 ex

2087 1970 2204 2026 Deo
2262 1969 2666 2026 universorum
2730 1974 2970 2026 auctore
3038 1970 3298 2041 elucens,
3370 1973 3744 2044 quandoqui-

2088 2060 2220 2115 dem
2254 2077 2286 2114 a
2317 2059 2589 2114 Creatorc
2618 2058 2886 2125 eluxerit,
2915 2059 3131 2114 dicitur
3161 2059 3317 2116 circa
3359 2060 3578 2132 ipsum,
3630 2063 3745 2118 sic-

2087 2154 2152 2204 ut
2180 2149 2336 2203 circa
2365 2152 2628 2203 centrum
2664 2148 2922 2217 moveri;
2976 2148 3234 2204 motione
3288 2149 3533 2205 minime
3572 2149 3746 2206 lo'cali

2085 2236 2285 2308 aliqua
2313 2237 2652 2303 exsistente,
2703 2237 2803 2292 sed
2855 2236 3209 2309 intelligibili
3244 2242 3301 2293 et
3329 2239 3493 2307 viva;
3550 2244 3748 2295 motus

2085 2331 2282 2382 autem
2316 2326 2528 2382 mentis
2560 2326 2889 2392 circularis,
2938 2326 3073 2381 talis
3123 2331 3251 2381 est:
3302 2344 3476 2384 omne
3527 2327 3746 2385 intelli-

2084 2431 2250 2487 gens,
2285 2421 2386 2471 aut
2410 2432 2574 2472 mens
2597 2418 2886 2472 exsistens
2911 2415 3186 2488 intelligit
3210 2442 3224 2484 ;
3245 2415 3331 2472 vel
3364 2421 3428 2472 ut
3452 2419 3747 2492 particeps

2088 2505 2326 2561 mentis.
2360 2506 2526 2561 Mens
2558 2506 2797 2578 quidem
2839 2507 3154 2574 exsistens,
3203 2507 3391 2577 primo
3431 2507 3745 2580 intelligit:

2086 2595 2240 2666 quod
2261 2599 2457 2650 autem
2486 2595 2556 2650 de
2577 2598 2772 2650 mente
2794 2595 3134 2667 participat,
3155 2597 3414 2652 secundo
3435 2596 3743 2669 intelligit;

2086 2684 2412 2739 secundum
2440 2684 2549 2739 hoc
2580 2685 2782 2756 igitur,
2818 2687 3147 2740 secundum
3173 2686 3323 2756 quod
3363 2701 3532 2742 mens
3561 2688 3748 2742 exsis-

2083 2775 2216 2828 tens
2242 2772 2542 2845 intelligit,
2578 2773 2793 2828 moveri
2829 2774 2942 2828 dici
2977 2778 3191 2844 queat;
3217 2774 3522 2830 circularis
3547 2780 3745 2831 autem

2085 2860 2182 2916 hic
2203 2866 2394 2918 motus
2415 2863 2802 2933 excogitatur,
2828 2867 3123 2932 quatenus
3150 2863 3476 2931 reﬂectens,
3502 2868 3558 2919 et
3589 2864 3746 2920 circa

2086 2950 2341 3022 seipsam
2377 2949 2666 3006 exsistens
2698 2950 2780 3004 ita
2830 2951 3083 3020 seipsam
3141 2950 3450 3022 intelliget,
3508 2956 3564 3007 et
3611 2969 3742 3008 eam

2086 3055 2214 3110 quas
2238 3039 2426 3110 ipsam
2450 3039 2724 3110 praecedit
2747 3055 2814 3093 ex
2836 3055 2952 3109 qua
2980 3038 3211 3094 illuxit:
3237 3043 3520 3110 tanquam
3553 3040 3740 3112 igitur

2085 3143 2154 3182 ex
2184 3128 2299 3184 Deo
2345 3127 2571 3183 volente
2621 3129 2902 3199 projects,
2955 3127 3107 3183 circa
3158 3128 3377 3200 ipsum,
3427 3146 3531 3200 pro
3582 3130 3742 3185 circa

304 3214 588 3290 ἆφιὲμενα,
617 3215 713 3270 τὸν
742 3220 1011 3290 γεννῶντα
1041 3218 1326 3293 περιαθρεῖ
1348 3236 1360 3249 ·
1393 3217 1456 3271 τὸ
1517 3213 1610 3270 οὖν
1660 3217 1729 3288 τῇ
1787 3213 1971 3283 νοήσει

2094 3217 2186 3272 Dei
2237 3216 2590 3272 desiderium
2624 3221 2680 3272 et
2709 3233 2992 3287 amorem,
3043 3217 3205 3280 sicut
3251 3218 3402 3272 circa
3451 3225 3739 3286 centrum,

304 3306 446 3382 πρὸς
497 3305 568 3358 τὰ
614 3305 722 3379 πρὸ
771 3305 936 3361 αὐτοῦ
987 3305 1445 3381 ἐπεστραμμένον,
1497 3303 1767 3372 κυκλικῆς
1815 3305 1971 3372 κινή-

308 3415 447 3456 σεως
502 3387 715 3448 ἔννοιαν
769 3393 992 3471 εἰσάγει,
1043 3393 1268 3464 Ἐπειδὴ
1319 3394 1411 3450 οῦν
1444 3397 1727 3469 πανταχοῦ
1779 3391 1918 3446 ἐστιν
1948 3391 1976 3446 ὁ

307 3484 464 3556 Θεὸς,
496 3484 552 3538 αἱ
583 3488 870 3559 πανταχοῦ
917 3483 1066 3558 αύτῷ
1115 3482 1611 3548 συνακολουθοῦσαι
1658 3487 1738 3554 τῷ
1795 3481 1974 3546 θέλειν

309 3572 474 3628 αύτὸν
505 3577 656 3626 νοεῖν
703 3571 812 3640 ἀεὶ,
847 3572 937 3628 ἐπὶ
979 3572 1159 3647 τούτῳ
1205 3571 1560 3649 ἆγᾶλλονται,
1595 3575 1684 3626 καί
1743 3590 1975 3646 περιχο-

315 3662 585 3736 ρεύουσιν,
621 3661 804 3738 ὥσπερ
836 3666 905 3738 τῇ
957 3661 1283 3740 εὐφροσύνῃ.
1318 3663 1536 3739 Λὲγεται
1589 3660 1679 3716 οὖν
1741 3665 1875 3724 νοῦς,
1924 3659 1976 3715 ἐν

320 3751 494 3821 tanta.)
533 3749 692 3819 εἶναι,
753 3751 844 3805 καὶ
902 3751 1041 3824 πρὸς
1097 3751 1283 3807 ἑαυτὸν
1345 3748 1636 3805 σπεύδειν·
1693 3750 1722 3805 ’ὁ
1780 3748 1872 3804 οὖν
1918 3747 1971 3804 ἐν

319 3838 490 3911 ἑαυτῷ
534 3838 670 3907 ἐστι,
700 3839 790 3894 καὶ
837 3837 1006 3910 δηλοῖ
1054 3838 1366 3908 ἀθανασίαν,
1401 3838 1580 3893 στάσιν
1635 3833 1751 3914 ἔχει
1788 3857 1802 3870 ·
1835 3838 1973 3894 κατά

311 3929 411 4006 γὰρ
469 3929 530 3982 τὸ
585 3929 746 3998 εἶναι,
779 3928 809 3984 ὅ
855 3929 996 3984 ἐστιν
1054 3929 1334 3992 ἀθανάτως
1383 3931 1542 3995 εἶναι,
1572 3929 1785 3984 ἑστάναι
1825 3934 1970 3982 νοεῖ-

306 4039 396 4072 ται
432 4037 446 4050 ·
497 4019 634 4072 κατὰ
687 4015 745 4072 δὲ
790 4018 852 4072 τὸ
895 4019 1033 4095 πρὸς
1086 4018 1272 4074 ἑαυτὸν
1305 4015 1574 4087 σπεύδειν,
1605 4022 1832 4072 κινεῖται
1891 4019 1966 4091 μὴ

311 4107 657 4184 βουλόμενος
690 4105 998 4183 διαχεῖσθαί
1028 4128 1148 4170 πως
1178 4107 1253 4170 εἷς
1281 4105 1376 4169 τὰς
1422 4104 1614 4178 ἔξωθεν
1669 4106 1835 4162 αὐτοῦ
1881 4106 1971 4161 καὶ

307 4195 634 4273 προσύλους
684 4198 922 4269 νοήσεις.
965 4197 1114 4251 Κατά
1173 4197 1268 4270 μὶν
1327 4194 1420 4251 οῦν
1465 4197 1528 4251 τὸ
1585 4194 1972 4267 ταυτοκίνητον

309 4285 427 4362 οὐχ
452 4281 708 4357 ἕστηκεν,
738 4283 901 4340 ἀλλὰ·
924 4290 1172 4357 κινεῖται,
1204 4286 1342 4341 κατά
1391 4283 1448 4340 δὲ
1498 4287 1595 4355 τήν
1658 4285 1840 4340 οὐσίαν
1893 4284 1974 4340 ἀεὶ

311 4373 582 4436 ὡσαύτως
612 4371 847 4451 ἔχουσαν
890 4372 1097 4446 στᾶσιν,
1141 4373 1265 4431 ἀλλ’
1299 4375 1360 4430 οὐ
1400 4373 1608 4445 κίνησιν
1659 4371 1792 4451 ἔχει.
1827 4380 1982 4429 Ἔστι

309 4465 501 4522 τοίνυν
553 4463 644 4518 καὶ
703 4463 838 4519 κατὰ
897 4464 1053 4542 φύσιν
1107 4465 1316 4536 ἑκάστῳ
1370 4467 1479 4520 τῶν
1533 4467 1673 4518 νοῶν
1725 4464 1894 4539 ὁρμὴ,
1945 4464 1980 4533 ἡ

314 4555 461 4629 πρὸς
491 4553 621 4610 Θεὸν
653 4551 833 4629 ἔφεσις
881 4553 974 4609 καὶ
1005 4557 1040 4624 ἡ
1073 4553 1196 4629 περὶ
1235 4553 1417 4621 αὐτὸν,
1449 4554 1524 4615 ὡς
1581 4553 1705 4630 περὶ
1764 4552 1984 4626 κέντρον

2085 3306 2451 3373 versabitur;
2485 3322 2598 3360 non
2633 3307 2788 3360 enim
2817 3306 3075 3360 secunda
3097 3307 3387 3361 uniuntur
3409 3308 3740 3378 praeceden-

2085 3396 2286 3460 tibus;
2320 3396 2413 3449 sed
2449 3394 2505 3448 id
2541 3395 2695 3465 quod
2730 3394 2816 3460 ﬁt,
2852 3393 3043 3450 simile
3075 3399 3160 3450 est
3212 3395 3388 3450 alicui
3439 3397 3739 3468 tripudio;

2087 3501 2214 3557 qum
2245 3483 2401 3540 enim
2434 3488 2786 3556 generantur
2813 3483 2873 3538 in
2906 3485 3140 3556 proprio
3166 3483 3311 3554 loco,
3336 3501 3465 3540 esse
3485 3485 3742 3556 gestien-

2084 3574 2187 3643 tia,
2221 3578 2596 3646 generantem
2631 3572 3159 3645 circumspiciunt:
3196 3575 3353 3645 quod
3387 3591 3526 3646 ergo
3568 3574 3740 3630 intel-

2086 3662 2289 3718 lective
2311 3663 2380 3718 ad
2406 3678 2473 3717 ea
2495 3679 2625 3734 quae
2649 3661 2844 3734 ipsum
2871 3663 3229 3718 antecedunt
3248 3679 3596 3719 conversum
3621 3667 3736 3730 est,

2082 3752 2388 3808 circularis
2422 3751 2695 3806 motionis
2725 3750 3138 3823 cogitationem
3170 3751 3418 3809 inducit.
3444 3753 3734 3817 Quoniam

2080 3842 2262 3914 igitur
2294 3841 2448 3896 Deus
2478 3840 2700 3912 ubique
2729 3845 2838 3907 est,
2876 3857 3003 3912 quae
3041 3840 3402 3911 ubicumque
3431 3843 3628 3914 ipsum
3653 3859 3740 3898 se-

2081 3938 2247 4000 cutas,
2281 3947 2348 3986 eo
2379 3931 2531 4002 quod
2561 3929 2742 3985 velint
2772 3946 3006 4001 semper
3035 3930 3232 4001 ipsum
3275 3930 3622 4004 intelligere,
3674 3933 3733 3986 in

2080 4021 2189 4075 hoc
2217 4017 2537 4085 exsultant,
2571 4023 2628 4073 et
2656 4018 2876 4074 circum
2907 4019 3237 4090 tripudiant
3257 4021 3413 4075 sicut
3446 4020 3501 4075 in
3532 4021 3734 4076 convi-

2079 4109 2213 4175 vio;
2247 4108 2465 4162 dicitur
2493 4107 2693 4178 itaque
2726 4122 2892 4162 mens
2923 4106 2981 4161 in
3024 4107 3222 4178 seipsa
3270 4125 3420 4179 esse,
3455 4113 3510 4164 et
3539 4110 3608 4165 ad
3644 4126 3734 4165 se-

2081 4199 2273 4270 ipsam
2304 4196 2581 4252 festinare
2607 4213 2619 4250 :
2653 4197 2812 4267 quod
2843 4195 3026 4267 igitur
3047 4197 3106 4252 in
3131 4198 3324 4268 seipso
3348 4201 3456 4265 est,
3481 4201 3539 4254 et
3556 4198 3739 4270 signi-

2087 4288 2225 4344 ficat
2238 4285 2741 4341 immortalitatem
2755 4289 2994 4350 ,statum
3024 4285 3198 4341 habet
3215 4307 3228 4353 ;
3245 4287 3570 4342 secundum
3585 4289 3743 4342 enim

2089 4393 2218 4432 esse
2248 4376 2403 4447 quod
2437 4379 2529 4431 est
2556 4373 2971 4431 immortaliter
2997 4389 3146 4441 esse,
3176 4380 3334 4431 stare
3360 4376 3748 4448 intelligitur;

2093 4465 2423 4522 secundum
2453 4467 2653 4518 autem
2704 4464 2776 4518 ad
2825 4463 3086 4535 seipsum
3138 4463 3437 4532 festinare,
3485 4471 3753 4520 movetur

2095 4554 2261 4609 nulla
2283 4553 2507 4608 ratione
2531 4551 2732 4608 volens
2749 4552 2999 4607 diffundi
3022 4553 3082 4606 in
3109 4569 3207 4608 eas
3227 4570 3353 4625 quas
3372 4559 3535 4608 extra
3557 4554 3755 4625 ipsum

313 4617 565 4708 κύκλική
597 4617 817 4716 χορεία,
849 4641 924 4704 ὡς
967 4643 1002 4710 ἡ
1029 4617 1152 4696 ’τοῦι
1177 4617 1556 4715 κύκλου-περὶ
1613 4617 1677 4696 τὸ
1733 4617 1979 4712 σημεῒον,

2099 4647 2260 4710 sunt,
2294 4646 2353 4697 et
2384 4640 2718 4696 materiales
2748 4640 3199 4696 intellectiones.
3232 4617 3535 4705 Quatenus
3576 4617 3761 4715 igitur

314 4728 452 4798 ἤτοι
485 4729 730 4804 κίντρον,
764 4730 854 4807 ἅφ¹
885 4730 948 4784 οὗ
979 4730 1202 4801 συνέστη
1239 4749 1253 4764 ⁸
1287 4729 1377 4784 καὶ
1415 4729 1516 4804 γὰρ
1565 4730 1654 4784 καὶ
1708 4730 1845 4784 κατά
1890 4751 1989 4805 φυ-

320 4821 489 4889 σικὴν
520 4819 759 4894 ἀνάγκην
789 4816 1014 4875 ἕκαστον
1047 4823 1153 4874 τῶν
1186 4815 1358 4874 ὄντων
1383 4823 1484 4888 τήν
1530 4818 1657 4894 περὶ
1709 4820 1800 4874 τὸν
1859 4820 1990 4875 Θεὸν

318 4909 551 4986 χορεύει
583 4911 832 4985 χορείαν,
865 4913 948 4982 τῷ
977 4911 1110 4965 εἶναι
1143 4908 1422 4989 ἐφήμενον
1472 4913 1569 4964 τοῦ
1619 4911 1756 4964 εἶναι
1788 4911 1852 4964 ⁵³.
1887 4908 1995 4966 Οὕ-

315 5021 434 5061 τως
467 4997 563 5054 οῦν
592 4998 716 5074 περὶ
774 5003 884 5054 τῶν
943 4999 1159 5055 πάντων
1227 4997 1454 5075 βασιλέα
1510 4999 1682 5054 πάντα
1727 4997 1861 5067 ἰστῖ,
1905 4997 1998 5053 καὶ

320 5088 544 5145 ἐκείνου
571 5084 728 5144 ’ἑνεκα
781 5088 952 5144 πάντα
999 5089 1090 5144 καὶ
1141 5087 1317 5144 ἐκεῖνο
1367 5088 1617 5142 ἀπάντων
1667 5087 1852 5143 καλῶν
1908 5085 1998 5142 αἶ’-

325 5199 472 5235 τιον.
509 5179 576 5235 Ὀ
625 5177 682 5233 δὶ
733 5181 882 5234 εἶπεν
933 5177 1150 5252 ἇμὲσως
1191 5180 1261 5234 τὰ
1289 5181 1480 5254 πρῶτα
1535 5178 1658 5254 περὶ
1723 5177 1853 5233 Θεὸν
1893 5197 2001 5253 χο-

323 5269 534 5348 ρεύειν,
568 5272 643 5334 ὡς
672 5273 748 5347 μὴ
780 5267 982 5349 ἔχοντά
1005 5292 1056 5327 τι
1087 5272 1193 5348 πρὸ
1223 5270 1390 5326 αὐτοῦ
1422 5268 1611 5342 δηλοῖ,
1641 5267 1726 5325 ὅτι
1767 5269 1834 5325 τὰ
1882 5267 2004 5324 δεύ-

403 5454 422 5490 ¹
458 5455 576 5511 Isa.
613 5469 692 5522 v1,
721 5453 778 5508 2.

2101 4749 2206 4805 per
2235 4747 2297 4787 se
2330 4729 2568 4786 mobilis
2597 4733 2704 4798 est,
2736 4747 2851 4785 non
2885 4734 3027 4796 stat,
3059 4730 3159 4785 sed
3194 4735 3502 4801 movetur;
3548 4735 3760 4802 quate-

2105 4838 2216 4877 nus
2241 4824 2435 4876 autem
2461 4823 2550 4874 est
2575 4819 2830 4875 essentia
2856 4835 2978 4875 sem
2991 4836 3090 4891 per
3112 4820 3314 4875 eodem
3342 4821 3516 4875 modo
3558 4836 3620 4875 se
3653 4819 3761 4874 ha-

2106 4913 2272 4980 bens,
2303 4915 2546 4976 statum,
2578 4925 2692 4963 non
2727 4925 2862 4963 vero
2898 4914 3146 4973 motum,
3180 4909 3377 4963 habet.
3425 4909 3530 4964 Est
3581 4908 3766 4981 igitur

2108 5005 2164 5056 et
2185 4999 2514 5056 secundum
2534 5002 2800 5053 naturam
2827 4998 3149 5070 unicuique
3171 4999 3459 5054 mentium
3484 4999 3765 5070 impetus,

2110 5089 2406 5162 cupiditas
2436 5105 2575 5161 erga
2629 5093 2808 5143 Deum
2853 5091 2911 5141 et
2957 5104 3096 5159 erga
3154 5088 3435 5159 seipsam,
3487 5096 3770 5159 tanquam

2111 5181 2266 5236 circa
2298 5183 2566 5235 centrum
2611 5176 2897 5232 circulare
2942 5177 3295 5248 tripudium,
3345 5177 3518 5232 sicuti
3567 5177 3774 5233 circuli

2113 5270 2266 5326 circa
2297 5271 2581 5340 punctum
2615 5283 2718 5322 seu
2751 5270 3020 5322 centrum
3071 5282 3141 5320 ex
3190 5282 3306 5337 quo
3354 5267 3652 5336 constitit;
3684 5271 3774 5323 et-

1359 5602 1604 5661 VARUE
1641 5599 2037 5660 LECTIONES
2075 5601 2169 5658 ET
2207 5595 2771 5657 CORRECTIONES.

407 5751 459 5788 "
491 5745 684 5804 αὺτοῦ.
762 5749 809 5782 ⁸³
837 5744 1036 5805 αἰτίου.

675 5878 945 5937 ΡΑτιοι..
990 5875 1090 5939 IV.
