4134 6414
399 414 472 469 75
1243 408 1611 463 APPENDIX
1654 410 1750 463 AD
1785 406 2028 461 OPERA
2067 406 2124 458 Β.
2166 405 2481 462 DIONYBII
2520 408 3025 465 AREOPAGITE.
3755 412 3825 466 76

402 540 561 597 enim
618 536 799 594 etiam
857 532 1187 591 secundum
1246 530 1575 588 naturalem
1636 528 2050 588 necessitatem

2179 545 2293 600 τερα
2335 529 2426 582 καὶ
2471 530 2539 584 τὰ
2592 531 2775 603 τρίτα,
2803 528 3049 585 τουτὲστι
3098 526 3164 584 τὰ
3212 526 3464 602 αἴσθητιὶ,
3508 528 3599 586 διὰ
3649 532 3825 606 μὲσων

405 627 879 701 unumquodque
926 621 1153 679 entium
1186 621 1563 677 saltationem
1614 636 1741 692 quae
1794 620 1860 673 ﬁt
1908 617 2064 672 circa

409 721 591 775 Deum
624 716 802 772 saltat
832 714 958 785 ipso
992 727 1121 766 esse
1144 709 1387 782 cupiens
1411 725 1571 765 esse:
1598 709 1682 766 sic
1704 708 1885 781 igitur
1909 705 2065 762 circa

2171 620 2281 670 τῶν
2329 618 2436 691 πρὸ
2485 618 2661 675 αὐτῶν
2702 619 2827 695 περὶ
2858 619 2951 675 τὸν
2992 619 3145 690 Θεὸν,
3176 620 3251 683 ὡς
3283 616 3517 694 εἷ’ρηται,
3546 619 3831 699 ἀναλόγως

2174 706 2416 779 χορεύει.

406 823 605 880 regem
632 802 899 861 omnium
932 804 1072 857 sunt
1104 799 1397 869 universa,
1428 802 1485 854 et
1510 798 1671 853 illius
1702 814 1880 854 causa
1908 794 2108 851 omnia
2136 799 2196 849 et
2227 795 2327 852 ille
2356 799 2648 856 bonorum
2680 800 2949 856 omnium
2982 805 3205 855 auctor.
3239 801 3403 865 Quod
3438 805 3632 857 autem
3659 802 3832 883 dixit,

407 895 751 953 immediate
780 891 1002 965 primos
1033 890 1185 946 circa
1221 891 1400 943 Deum
1434 888 1781 960 tripudiare,
1814 891 2101 957 tanquam
2130 884 2281 939 nihil
2329 894 2468 945 ante
2515 905 2575 945 se
2625 889 2926 957 habentia,
2977 889 3237 946 declarat
3281 892 3435 961 quod
3490 893 3743 947 secunda
3774 899 3834 948 et

410 985 608 1052 tertia,
631 983 743 1038 hoc
773 985 859 1037 est
889 978 1219 1044 sensibilis,
1238 977 1336 1033 28
1368 993 1471 1049 per
1496 978 1691 1033 media
1724 972 2118 1049 prmcedentia
2147 973 2303 1030 circa
2328 977 2537 1049 Deum,
2565 978 2719 1034 sicut
2748 980 2973 1035 dictum
3007 984 3118 1049 est,
3144 996 3249 1051 pro
3282 984 3459 1051 captu
3483 979 3835 1051 tripudiant.

484 1072 853 1130 Intelleclilia.
888 1067 1122 1140 Species
1154 1067 1393 1139 quidem
1424 1071 1481 1122 et
1512 1067 1898 1138 proprietates
1923 1068 2066 1120 sunt

412 1159 892 1220 exsistentiarum
932 1156 1386 1211 distinctarum:
1440 1156 1499 1210 in
1551 1154 1812 1226 corporis
1865 1155 2062 1208 autem

412 1252 757 1326 privatione,
788 1251 847 1304 et
875 1246 1013 1318 quia
1045 1243 1458 1311 immateriala,
1484 1243 1610 1299 loco
1636 1260 1753 1299 non
1777 1241 2062 1313 indigent,

410 1345 478 1398 ut
505 1341 851 1412 separentur
878 1335 1034 1391 sicut
1062 1349 1307 1405 corpora
1336 1332 1571 1400 omnia;
1606 1332 1706 1387 ubi
1736 1331 1893 1387 enim
1936 1345 2063 1385 cor-

409 1448 523 1503 pus
550 1436 659 1499 σει,
691 1426 773 1483 ibi
805 1440 1040 1498 quoque
1066 1422 1234 1478 locus
1264 1426 1374 1490 est,
1420 1421 1522 1494 qui
1572 1421 1699 1477 sine
1746 1420 2066 1477 certamine

407 1536 654 1592 corpora
681 1520 1067 1588 suscepturus
1097 1517 1205 1569 est.

481 1609 649 1678 Quasi
676 1623 807 1664 vox.
848 1606 979 1661 Hac
1011 1606 1154 1659 sunt
1184 1599 1526 1658 Ezechielis.

477 1700 553 1754 De
579 1713 679 1754 suo
710 1696 844 1751 loco.
887 1693 1192 1759 Quomodo
1233 1695 1463 1762 oportet
1494 1689 1824 1763 intelligere
1869 1689 2063 1746 locum
2096 1704 2145 1771 Β

408 1789 469 1844 in
504 1788 638 1853 Deo,
673 1784 982 1856 Scriptura
1028 1780 1247 1852 ubique
1306 1778 1535 1836 dicente
1584 1778 2065 1850 incircumscrip-

405 1883 529 1933 tam
562 1890 691 1933 esse
722 1873 1118 1938 Divinitatem,
1143 1875 1229 1925 et:
1258 1870 1462 1925 Caelum
1482 1869 1629 1925 sedes
1647 1871 1941 1939 ejus,terra
1960 1884 2067 1923 au-

408 1971 521 2022 tem
550 1964 850 2020 scabel/um
877 1962 1080 2033 pedum
1110 1960 1228 2030 ejus
1269 1958 1395 2028 (u);
1440 1962 1497 2014 et
1553 1975 1802 2014 rursus:
1864 1958 2069 2013 Statuit

407 2055 582 2109 valles
638 2055 868 2116 statera,
899 2057 950 2104 et
979 2063 1196 2104 omnem
1243 2050 1451 2102 terram
1486 2048 1696 2118 pugillo
1726 2047 1840 2118 (v);
1889 2050 2065 2117 atque

410 2144 624 2199 iterum
652 2157 664 2197 :
699 2140 760 2195 Si
787 2138 1075 2195 ascendere
1106 2139 1166 2192 in
1204 2137 1421 2206 caelum,
1450 2141 1512 2191 tu
1537 2137 1657 2191 illic
1685 2152 1739 2192 es
1764 2154 1778 2205 ;
1811 2137 2067 2191 siautem

406 2231 735 2289 descendere
776 2231 839 2283 in
886 2229 1191 2296 infernum,
1252 2225 1383 2281 ades
1441 2226 1545 2297 (ac).
1608 2224 1851 2291 Qualem
1885 2225 2065 2297 igitur

408 2318 671 2377 Ezechiel
701 2315 1052 2389 excogitavit
1083 2319 1197 2370 Deo
1245 2313 1491 2369 locum?
1541 2313 1830 2382 Dicimus,
1880 2315 2061 2386 quod,

408 2426 537 2482 quin
574 2407 851 2464 videntur
879 2405 1052 2460 nobis
1083 2404 1356 2474 obscura,
1387 2403 1541 2459 Deus
1573 2403 1668 2471 iis,
1715 2403 1816 2474 qui
1866 2403 2064 2473 ipsum

405 2504 529 2555 toto
560 2498 785 2568 impetu
816 2493 1145 2564 inquirunt,
1178 2490 1471 2561 illustret;
1509 2492 1651 2547 dicit
1678 2492 1835 2547 enim
1868 2491 2067 2548 divina

408 2587 756 2658 Scriptura:
792 2583 853 2640 Si
887 2586 1176 2655 praecepta
1207 2598 1339 2637 mea
1369 2582 1662 2637 custodiat
1694 2581 1931 2653 aliquis,
1958 2597 2064 2654 ego

410 2681 469 2732 et
498 2676 666 2731 Pater
692 2675 996 2742 veniemus,
1029 2675 1084 2726 et
1120 2673 1470 2727 mansionem
1517 2670 1668 2742 apud
1715 2688 1841 2726 eum
1888 2673 2065 2740 facie-

412 2781 536 2821 mus
564 2764 683 2837 (y);
721 2763 921 2834 itaque
974 2761 1153 2832 igitur
1181 2765 1239 2816 et
1267 2759 1669 2832 intelligibiles
1716 2761 1978 2829 virtutes,
2011 2765 2068 2815 et

416 2858 752 2912 sanctorum
774 2858 949 2924 atque
970 2849 1233 2906 omnium
1254 2854 1542 2921 praecepta
1558 2849 1917 2906 servantium
1940 2849 2066 2903 ani-

416 2960 546 3012 mm,
580 2941 790 2998 merito
821 2940 1015 2995 vocari
1049 2938 1347 3011 potuerint
1377 2938 1473 2993 Dei
1505 2937 1671 2993 locus
1696 2943 1754 2992 et
1798 2938 2064 3009 requies:

408 3032 626 3090 etenim
659 3029 801 3086 alibi
831 3029 976 3084 dicit
1004 3044 1018 3083 :
1054 3028 1334 3099 Requievit
1363 3026 1610 3097 Spiritus
1631 3042 1783 3083 meus
1816 3030 1875 3081 in
1905 3028 2060 3098 ipsis.

484 3211 547 3267 In
575 3210 670 3278 iis,
700 3224 827 3281 qua:
855 3208 920 3265 de
947 3208 1152 3264 divinis
1181 3207 1423 3279 hymnis.
1458 3205 1625 3274 Nota,
1658 3203 1843 3260 alium
1883 3205 2062 3260 etiam

406 3300 650 3357 librum.
683 3300 759 3355 De
786 3298 999 3353 divinis
1026 3297 1249 3367 hymnis
1277 3296 1352 3351 ab
1384 3294 1513 3367 ipso
1545 3293 1935 3351 elaboratum.

468 3481 672 3536 Divina
702 3479 845 3534 loca.
878 3475 1163 3542 Quisnam
1199 3475 1298 3530 Dei
1332 3474 1518 3531 locus.

468 3570 594 3624 Loci
622 3567 821 3623 divini.
857 3567 1200 3636 Scriptura:
1236 3564 1465 3633 Qualem
1497 3563 1724 3619 domum
1751 3565 2062 3622 mihiaedi-

408 3658 666 3729 ﬁcabitis,
697 3655 829 3710 dicit
858 3655 1140 3720 Dominus,
1194 3656 1293 3707 aut
1339 3653 1461 3722 quis
1512 3653 1659 3707 locus
1704 3655 2064 3724 requietionis

396 3746 650 3818 "(63(1),
682 3743 962 3810 declarat,
996 3758 1112 3798 non
1144 3741 1261 3798 dici
1284 3742 1356 3796 de
1382 3740 1584 3797 sensili
1612 3740 1831 3813 aliquo,
1858 3759 2060 3798 verum

400 3837 473 3894 de
490 3835 707 3893 divinis
729 3834 820 3890 his
847 3832 1141 3889 mentibus
1168 3857 1181 3899 ;
1203 3836 1306 3888 aut
1325 3832 1502 3888 etiam
1531 3832 1635 3888 hoc
1660 3833 2064 3890 modo:voluit

403 3931 559 3982 Deus
617 3923 951 3996 signiﬁcare
1008 3920 1268 3977 divinam
1330 3925 1603 3977 naturam
1654 3921 2061 3993 circumscribi

405 4032 523 4073 non
557 4030 753 4086 posse.
786 4013 854 4068 Et
884 4009 1085 4066 aliter:
1134 4026 1322 4082 neque
1375 4010 1434 4065 in
1488 4011 1636 4082 ipsis
1683 4011 2059 4070 audientibus

407 4105 523 4160 Deo
553 4103 749 4159 locum
781 4098 1167 4171 requietionis
1200 4099 1385 4156 fuisse
1415 4103 1653 4172 propter
1674 4099 2059 4158 incredulita-

401 4198 523 4249 tem
552 4192 844 4264 ipsorum,
878 4189 1034 4244 sicut
1064 4188 1146 4243 ait
1175 4188 1235 4243 in
1266 4188 1594 4261 Evangeliis
1617 4190 1899 4246 Dominus
1926 4208 1938 4246 :
1967 4192 2061 4247 Fi-

401 4281 520 4338 lius
559 4284 744 4338 autem
773 4278 1017 4335 hominis
1046 4293 1157 4334 non
1189 4277 1352 4333 habet
1386 4278 1484 4334 ubi
1510 4282 1674 4351 caput
1701 4280 1931 4336 reclinet
1958 4280 2059 4352 (a).

2247 1064 2321 1118 Τὰ
2349 1066 2538 1137 νοητά.
2573 1066 2667 1140 [Τὰ
2696 1069 2889 1139 νοητὰ]
2921 1064 3040 1137 εἷ’δη
3103 1067 3198 1139 μὶν
3251 1066 3352 1122 εἶσὶ
3412 1066 3503 1122 καὶ
3558 1064 3832 1139 ἰδιότητες

2176 1150 2452 1226 ὖπάρξεων
2504 1151 2934 1228 διακεκριμένων
2968 1176 2981 1189 ο
3029 1155 3080 1211 ἐν
3142 1153 3201 1211 δὶ
3250 1160 3320 1230 τῇ
3380 1156 3684 1230 ἀσωματίᾳ,
3742 1156 3834 1211 καὶ

2177 1242 2254 1313 μή
2312 1244 2485 1298 τόπου
2536 1241 2743 1309 δεῖσθαι
2792 1245 2862 1299 τὰ
2904 1242 3188 1319 ἅϋλα,⁹ίνα
3238 1249 3610 1320 χωρισθῶσιν,
3645 1245 3719 1307 ὡς
3769 1246 3838 1299 τὰ

2176 1330 2406 1403 σώματα
2452 1333 2627 1388 πάντα
2657 1352 2670 1366 °
2705 1333 2844 1388 ὅπου
2889 1335 2991 1410 γὰρ
3039 1336 3199 1407 σῶμα
3227 1336 3314 1391 καὶ
3348 1334 3517 1398 τόπος
3547 1336 3575 1389 6
3611 1332 3832 1408 μέλλων

2177 1425 2380 1494 χωρεῖν
2414 1421 2652 1498 ἀμάχως
2680 1422 2748 1478 τὰ
2777 1424 3027 1497 σώματα.

2245 1604 2331 1661 Ὡς
2363 1604 2515 1677 φωνῆ
2531 1644 2544 1657 .
2574 1606 2750 1657 Ταῦτα
2776 1607 2873 1657 τοῦ
2906 1602 3194 1673 Ἰεζεκιήλ.

2248 1689 2342 1745 Ἐκ
2396 1688 2493 1744 τοῦ
2566 1690 2739 1745 τόπου
2817 1691 3003 1748 αὐτοῦ.
3062 1696 3185 1753 Πῶς
3241 1691 3356 1767 χρὴ
3422 1699 3617 1763 νοῆσαι
3665 1693 3840 1747 τόπον

2176 1776 2265 1833 ἐπὶ
2310 1782 2465 1848 Θεοῦ,
2508 1786 2610 1849 τῆς
2664 1786 2885 1854 Γραφῆς
2936 1783 3257 1856 ἁπανταχοῦ
3304 1780 3595 1857 λεγούσης,
3645 1782 3840 1857 ἀπερι-

2177 1866 2392 1940 όριστον
2420 1869 2644 1923 εἶναιτὸ
2684 1875 2857 1939 Θεῖον,
2892 1872 2984 1924 καὶ
3030 1869 3094 1925 τό
3132 1892 3142 1902 ·
3198 1870 3444 1946 Οὐρανὸς
3488 1871 3681 1947 θρόνος
3736 1870 3840 1926 αὖ·

2172 1960 2292 2028 τοῦ,
2352 1959 2386 2026 ἠ
2447 1954 2505 2012 δὲ
2576 1965 2647 2033 γῆ
2711 1957 3013 2014 ὑποπόδιον
3067 1964 3175 2014 τῶν
3227 1958 3412 2015 ποδῶν
3472 1961 3684 2015 αὐτοῦ’
3746 1960 3842 2015 καὶ

2174 2044 2340 2100 πάλιν
2370 2064 2385 2078 ⁸
2438 2049 2675 2117 Ἕστηκε
2747 2049 2845 2111 τὰς
2920 2050 3093 2111 νάπας
3176 2054 3340 2125 ζυγῷ,
3399 2049 3489 2105 καὶ
3566 2050 3666 2119 τήν
3730 2051 3842 2124 γῆν

2176 2131 2375 2211 δρακί·
2436 2136 2527 2190 καὶ
2587 2134 2739 2201 αὖθις
2773 2155 2785 2168 ·
2823 2137 2944 2195 Ἐὰν
3004 2143 3255 2212 πορευθῶ
3304 2138 3381 2200 εἷς
3434 2139 3524 2193 τὸν
3585 2138 3844 2213 οὐρανὸν,

2176 2224 2239 2278 σὺ
2297 2222 2453 2279 ἐκεῖ·
2515 2224 2602 2280 ἰὰν
2664 2224 2722 2281 δὲ
2776 2223 2999 2283 καταϐῶ
3074 2227 3149 2290 εἷς
3229 2228 3321 2282 τὸν
3397 2224 3525 2298 ᾅδην
3564 2272 3579 2299 ,
3634 2230 3843 2303 πάρει.

2175 2319 2343 2368 Ποῖον
2376 2312 2466 2368 οὖν
2497 2315 2524 2369 6
2558 2316 2820 2385 Ἰεσεκιήλ
2856 2316 3115 2388 ἐπενόησε
3171 2322 3252 2389 τῷ
3283 2321 3399 2389 Θεῷ
3427 2318 3597 2373 τόπον
3624 2337 3638 2387 ;
3676 2323 3847 2393 Atye-

2179 2422 2294 2475 μεν,
2328 2401 2411 2457 ὅτι
2441 2404 2508 2458 τὰ
2538 2402 2806 2460 δοκοῦντα
2835 2409 2972 2476 ἡμῖν
3002 2404 3181 2483 ἄπορα
3212 2407 3240 2461 6
3271 2406 3401 2469 Θεὸς
3432 2412 3551 2469 τοῖς
3600 2406 3651 2478 ἐξ
3699 2407 3845 2477 ὅλης

2174 2492 2333 2546 αὐτὸν
2394 2491 2718 2564 ἐπιζητοῦσι
2779 2497 3046 2565 κινήσεως
3105 2495 3376 2573 φωτίζει·
3440 2494 3585 2573 λέγει
3640 2496 3747 2573 γὰρ
3809 2500 3843 2567 ἡ

2177 2580 2293 2635 θεία
2322 2584 2507 2660 Γραφή
2545 2603 2557 2616 ·
2595 2583 2719 2640 Ἐὰν
2749 2584 2845 2647 τὰς
2878 2582 3105 2647 ἐντολάς
3157 2605 3264 2657 μου
3296 2582 3542 2661 φυλάττῃ
3592 2606 3697 2654 τις,
3730 2584 3845 2661 ἐγὼ

2174 2670 2265 2724 καὶ
2323 2671 2351 2725 6
2410 2671 2597 2746 Πατὴρ
2677 2671 3033 2745 ἐλευσόμεθα,
3093 2673 3184 2727 καὶ
3267 2674 3441 2745 μονὴν
3507 2675 3636 2749 παρ’
3686 2675 3844 2748 αὐτῷ

2175 2760 2540 2833 ποιησόμεθα.
2575 2763 2735 2816 Ὥστε
2790 2760 2881 2817 οῦν
2935 2761 3025 2817 καὶ
3070 2763 3124 2817 αἱ
3164 2764 3358 2834 νοηταὶ
3421 2762 3695 2836 δυνάμεις,
3749 2761 3843 2819 καὶ

2177 2848 2231 2902 αἱ
2278 2853 2387 2905 τῶν
2435 2848 2601 2925 ἁγίων
2653 2852 2850 2925 ψυχαὶ,
2881 2850 2973 2905 καὶ
3024 2853 3240 2907 πάντων
3286 2857 3394 2908 τῶν
3446 2850 3841 2925 φυλασσόντων

2173 2936 2269 2998 τὰς
2328 2936 2775 3009 ἐντολὰς,τόπος
2835 2939 3090 3010 κληθεῖεν
3143 2939 3204 2996 ἂν
3259 2940 3484 3004 εἰκότως
3541 2947 3638 2997 τοῦ
3698 2947 3842 2998 Θεοῦ

2176 3025 2265 3080 καὶ
2323 3025 2621 3091 ἀνάπαυσις
2654 3047 2666 3059 ·
2714 3028 2806 3083 καὶ
2867 3029 3124 3105 ἀλλαχοῦ
3176 3030 3279 3107 γάρ
3339 3048 3501 3110 φησιν
3539 3051 3551 3064 ’
3605 3033 3839 3088 Ἐπανα-

2177 3115 2445 3171 πέπαυται
2474 3118 2536 3171 τὸ
2572 3120 2788 3191 Πνεῦμά
2820 3139 2928 3192 μου
2958 3118 3040 3175 ἐπ’
3079 3119 3295 3185 αὐτούς.

2246 3210 2335 3259 Ἐν
2382 3210 2498 3268 τοῖς
2545 3207 2669 3282 περὶ
2717 3211 2823 3262 τῶν
2898 3207 3054 3272 θείων
3109 3209 3313 3283 ὕμνων.
3365 3211 3688 3283 Σημείωσαι
3753 3210 3841 3266 ὅτι

2172 3293 2262 3348 καὶ
2293 3291 2435 3350 ἄλλο
2485 3294 2766 3371 σύνταγμα
2809 3298 2960 3370 αὐτῷ
3015 3300 3144 3375 Περὶ
3206 3299 3364 3364 θείων
3415 3299 3603 3373 ὕμνων
3655 3301 3842 3354 πεπό-

2171 3404 2358 3454 νηται.

2244 3475 2313 3531 Οἱ
2343 3476 2481 3529 Θεῖοι
2508 3475 2690 3533 τόποι,
2722 3476 2813 3540 Τίς
2843 3477 2870 3532 6
2899 3481 2996 3533 τοῦ
3027 3482 3160 3533 Θεοῦ
3189 3479 3380 3543 τόπος.

2242 3565 2409 3618 Τόποι
2467 3572 2567 3635 τῆς
2626 3568 2952 3641 θεαρχικῆς.
3010 3567 3081 3622 Τὸ
3138 3567 3475 3643 εἰρημένονο
3522 3574 3688 3624 Ποῖον
3746 3573 3842 3625 οἶ-

2170 3672 2263 3707 κον
2324 3650 2720 3727 οἰκοδομήσετὲ
2781 3677 2899 3728 μοι,
2962 3654 3106 3731 λέγει
3161 3659 3383 3731 Κύριος,
3436 3657 3472 3726 ἢ
3530 3657 3616 3716 τίς
3664 3658 3843 3723 τόπος

2169 3748 2270 3811 τῆς
2324 3743 2711 3806 καταπαύσεώς
2768 3766 2894 3816 μου,
2929 3742 3098 3815 δηλοῖ
3158 3746 3234 3819 μὴ
3296 3745 3542 3821 λέγεσθαι
3586 3749 3715 3822 περὶ
3748 3750 3840 3804 αἱ·

2172 3835 2374 3902 σθητοῦ
2405 3852 2575 3905 τινος,
2608 3831 2757 3889 ἀλλὰ
2785 3834 2910 3909 περὶ
2956 3838 3065 3890 τῶν
3111 3834 3266 3899 θείων
3312 3834 3521 3890 τούτων
3569 3840 3706 3891 νοῶν
3747 3856 3763 3869 ’
3799 3838 3837 3907 ἢ

2170 3922 2258 3976 καὶ
2307 3920 2478 3984 οὕτως
2516 3941 2527 3952 ·
2578 3918 2869 3993 ἠϐουλήθη
2920 3924 2947 3977 6
2998 3924 3129 3985 Θεὸς
3191 3929 3455 3997 σημᾶναι,
3502 3923 3587 3979 ὅτι
3643 3925 3844 4001 ἀπερί-

2172 4030 2412 4085 γραπτον
2455 4012 2519 4066 τὸ
2569 4017 2747 4067 Θεῖον.
2782 4012 2881 4066 Καὶ
2927 4011 3116 4076 ἄλλως
3153 4034 3167 4049 ·
3218 4012 3302 4068 ὅτι
3363 4012 3414 4067 ἐν
3474 4013 3659 4076 αὐτοῖς
3716 4021 3844 4077 τοῖς

2174 4100 2458 4155 ἀκούουσιν
2521 4100 2621 4155 οὐκ
2674 4102 2741 4170 ἦν
2788 4106 2870 4174 τῷ
2919 4106 3037 4175 Θεῷ
3084 4103 3255 4167 τόπος
3300 4102 3688 4163 καταπαύσεως
3746 4101 3849 4158 διὸ.

2170 4189 2270 4257 τὴν
2318 4188 2569 4244 ἀπιστίαν
2625 4189 2828 4261 αὐτῶν,
2862 4189 2939 4252 ὥς
2988 4212 3150 4267 φησιν
3184 4190 3235 4245 ἐν
3275 4189 3635 4267 Εὔαγγελίοις
3665 4192 3695 4246 6
3725 4194 3845 4247 Κύ-

2172 4295 2332 4352 ριος⁶
2383 4280 2444 4336 Ὁ
2497 4276 2555 4333 δὲ
2597 4279 2717 4341 υἱὸς
2764 4283 2861 4334 τοῦ
2914 4278 3208 4354 ἀνθρώπου
3260 4280 3360 4336 οὐκ
3403 4277 3519 4356 ἔχει
3575 4284 3683 4336 ποῦ
3733 4282 3841 4351 τὴν

2168 4366 2412 4446 κεφαλὴν
2442 4366 2638 4425 κλίνει.

474 4460 666 4518 Unitas
695 4460 793 4513 est.
828 4456 953 4514 Non
984 4458 1241 4527 tantum,
1274 4456 1489 4529 inquit,
1515 4461 1603 4513 ter
1623 4462 1866 4514 sanctus
1890 4459 2059 4531 bym-

2244 4459 2425 4521 Μονάς
2470 4456 2605 4514 ἐστι.
2648 4457 2722 4515 Οὐ
2778 4459 2968 4531 μόνον,
3019 4458 3210 4535 φησὶν,
3256 4460 3285 4513 6
3334 4462 3616 4536 τρισάγιος
3665 4458 3847 4533 ὕμνος

398 4567 511 4606 nus
537 4547 815 4617 declarat,
849 4549 1028 4617 atque
1057 4561 1169 4600 vox
1211 4562 1281 4602 ex
1331 4545 1457 4602 loco
1512 4546 1641 4618 ipso
1693 4551 1876 4603 Deum
1926 4565 2062 4604 cum

394 4638 583 4713 gloria
612 4636 962 4711 pradicans,
995 4635 1422 4691 communicari
1454 4636 1631 4693 etiam
1664 4636 1949 4709 subjectis
1974 4656 2063 4694 or-

402 4728 644 4785 dinibus
685 4739 1040 4798 cognoscere
1098 4728 1156 4779 et
1202 4724 1521 4781 decantare
1569 4724 1795 4792 Deum;
1858 4742 2059 4783 verum

402 4818 581 4875 etiam
613 4815 837 4888 aliquid
870 4813 1030 4870 aliud
1064 4817 1274 4886 praeter
1302 4813 1426 4869 hinc
1459 4814 1777 4886 signiﬁcat.
1807 4814 1926 4871 Hoc
1956 4833 2060 4871 au-

402 4912 523 4964 tem
553 4906 816 4963 declarat
844 4903 1138 4960 sententia
1168 4903 1405 4959 dicens:
1457 4903 1733 4975 equidem
1770 4905 2059 4962 unitatem

404 5002 461 5053 et
491 4995 802 5052 monadem
852 4992 1032 5049 trium
1082 4990 1605 5048 subsistentiarum
1656 4994 1754 5049 29
1807 4993 2059 5050 dicimus

404 5101 534 5142 esse
568 5084 776 5149 Deum,
802 5086 861 5139 et
893 5081 1174 5137 omnibus
1211 5081 1536 5151 providere,
1562 5098 1595 5136 a
1619 5082 1827 5153 primis
1859 5085 1931 5140 ad
1956 5101 2057 5140 ex-

401 5180 594 5231 trama
622 5178 787 5228 terra;
814 5169 1407 5243 comprehendentem
1432 5169 1707 5226 universa
1732 5171 2059 5245 incompre-

399 5263 788 5329 hensibiliter,
820 5261 931 5317 hoc
959 5265 1048 5317 est
1077 5277 1194 5316 non
1227 5276 1525 5332 corporea,
1558 5262 1657 5318 sed
1690 5262 1889 5319 divina
1919 5281 2056 5336 pro-

392 5353 653 5411 videntia
682 5349 1264 5423 superessentialiter
1293 5350 1720 5407 continentem.
1755 5353 1916 5416 Quod
1951 5370 2053 5409 au-

390 5447 510 5499 tem
543 5443 620 5498 sit
650 5440 849 5496 unitas
881 5443 937 5494 et
970 5455 1199 5509 monas,
1226 5438 1403 5495 etiam
1437 5439 1724 5513 Evagrius
1748 5441 1970 5514 impius
1993 5442 2053 5498 in

2172 4543 2363 4617 δηλοῖ,
2393 4546 2483 4601 καὶ
2516 4550 2551 4617 ἡ
2586 4548 2645 4604 ἐκ
2669 4553 2767 4604 τοῦ
2794 4547 2968 4603 τόπου
3000 4548 3171 4603 αὐτοῦ
3200 4549 3292 4603 τὸν
3326 4549 3455 4604 Θεὸν
3499 4546 3843 4623 δοξολογοῦ-

2171 4656 2237 4690 σα
2285 4637 2463 4713 φωνὴ,
2495 4637 2557 4692 τὸ
2612 4634 2999 4711 μεταδεδόσθαι
3056 4638 3147 4692 καὶ
3204 4644 3324 4702 ταῖς
3373 4637 3690 4716 ὑφειμέναις
3739 4643 3842 4694 τά·

2171 4725 2280 4796 ξεσι
2323 4727 2612 4801 γινώσκειν
2666 4726 2757 4781 καὶ
2802 4727 2989 4800 ὑμνεῖν
3035 4727 3127 4781 τὸν
3180 4726 3334 4795 Θεὸν,
3371 4726 3519 4782 ἀλλὰ
3569 4726 3661 4782 καὶ
3718 4724 3845 4783 ἓτε-

2171 4815 2265 4887 ρόν
2286 4835 2338 4868 τι
2366 4815 2622 4888 σημαίνει
2653 4818 2791 4889 πρὸς
2822 4817 3042 4879 τούτοις
3074 4834 3086 4847 ·
3122 4819 3285 4870 τοῦτο
3321 4813 3378 4870 δὲ
3410 4813 3581 4886 δηλοῖ
3620 4818 3684 4871 τὸ
3733 4816 3844 4892 ῥη-

2166 4904 2261 4959 τὸν
2290 4905 2352 4958 τὸ
2384 4902 2541 4979 λέγον
2575 4923 2587 4936 ·
2619 4904 2711 4959 καὶ
2748 4905 2855 4977 μὴν
2907 4902 2997 4958 καὶ
3047 4901 3205 4959 ὲνάδα
3256 4905 3344 4960 καὶ
3414 4902 3623 4977 μονάδα
3679 4924 3845 4978 τρισ-

2168 4993 2469 5048 υπόστατον
2522 4992 2755 5070 λέγομεν
2823 4996 2956 5047 εἴναι
3033 4994 3123 5048 τὸν
3206 4993 3359 5066 Θεὸν,
3415 4994 3508 5048 καὶ
3575 5000 3840 5069 προνοεῖν

2169 5082 2443 5155 ἁπάντων,
2476 5083 2582 5137 ἀπὸ
2628 5087 2736 5138 τῶν
2791 5084 3025 5156 πρώτων
3072 5082 3161 5137 καὶ
3200 5084 3365 5159 μὲγρι
3423 5087 3531 5138 τῶν
3589 5081 3845 5158 ἐσχάτων

2165 5178 2265 5243 τῆς
2314 5178 2416 5248 γῆς
2464 5168 2969 5247 περιδεδραγμὲνον
3016 5173 3268 5227 ἁπάντων
3342 5173 3618 5246 ἀσχέτως,
3666 5193 3839 5228 τουτ-

2166 5261 2307 5316 ἇστιν
2356 5260 2417 5315 οὐ
2468 5264 2757 5333 σωματικῇ
2809 5258 3131 5335 κατίχοντα,
3182 5258 3330 5315 ἀλλὰ
3381 5264 3536 5334 θεϊκῇ
3594 5259 3841 5335 προνοίᾳ

2165 5349 2527 5425 ὸπερουσίως.
2556 5351 2674 5404 ’Ὀτι
2722 5346 2780 5403 δά
2830 5350 2972 5405 ἐστιν
3032 5350 3155 5411 ὲνὰς
3205 5350 3292 5403 καὶ
3353 5349 3545 5422 μονὰς,
3575 5350 3667 5403 καὶ
3716 5347 3837 5404 Εὐ-

2163 5441 2350 5517 άγριος
2381 5441 2409 5493 6
2442 5438 2657 5501 ἀνόσιος
2691 5438 2743 5492 ἐν
2783 5441 2852 5512 τῇ
2900 5435 3124 5514 δευτέρᾳ
3169 5436 3487 5493 ὶκατοντάδι
3541 5436 3839 5513 κεφαλαίῳ

386 5531 648 5589 secunda
678 5526 947 5585 centuria
994 5526 1188 5600 capite
1218 5528 1412 5599 tertio,
1465 5528 1575 5585 hoc
1627 5528 1808 5585 dicit:
1860 5532 2054 5603 «Ipse

2179 5529 2330 5604 τρίτῳ
2360 5526 2491 5603 φησὶ
2522 5531 2710 5582 τοῦτο·
2733 5550 2763 5578 ‹‹
2796 5526 2977 5589 Αὐτός
3008 5526 3118 5582 ἐστι
3155 5528 3348 5599 μονὰς,
3368 5525 3555 5597 ἐπεξδή
3589 5527 3649 5580 τὸ
3671 5526 3834 5579 Θεῖον

455 5675 536 5749 (u)
568 5678 679 5733 Isa.
713 5689 861 5749 va},
894 5674 943 5728 1.
1020 5671 1097 5743 (υ)
1126 5672 1239 5729 Isa.
1275 5690 1367 5746 XL,
1403 5675 1489 5733 12.
1568 5674 1651 5747 (π)
1680 5674 1834 5730 Psal.
1871 5691 2064 5734 cxxxw

2179 5679 2220 5733 Β.
2301 5674 2379 5748 (y)
2402 5674 2572 5732 Joan.
2606 5690 2723 5743 xiv,
2750 5673 2843 5730 23.
2886 5675 2961 5747 (π.)
2992 5676 3106 5731 Isa.
3156 5690 3307 5742 va1,
3346 5674 3413 5744 1;
3450 5675 3577 5728 Act.
3610 5668 3828 5740 νιι,47.

382 5745 469 5821 (α)
496 5745 628 5805 Luc.
660 5762 740 5813 1x,
769 5745 859 5803 58.
