4134 6400
304 424 382 478 77
1034 420 1092 475 S.
1136 417 1413 477 ΜΔΧΙΜΙ
1450 416 1755 474 SCHOLIA
1794 418 1869 472 IN
1908 418 2041 472 LIB.
2081 417 2179 471 DE
2217 418 2539 475 C(ELESTI
2578 422 3051 479 HIERARCHIA.
3683 419 3756 477 78

303 544 519 603 ἁπλοῦν
575 545 669 599 καὶ
731 540 1039 618 ἀδιαίρετόν
1094 540 1237 597 ἐστι’
1296 541 1495 596 τούτου
1547 542 1710 617 χάριν
1757 538 1924 613 μονάς
1957 557 1971 571 ⁸

2106 550 2182 602 ast
2212 562 2442 615 mones,
2474 545 2753 617 quoniam
2786 546 3067 601 divinitas
3099 549 3188 602 est
3213 544 3467 619 simplex
3497 548 3555 602 et
3596 545 3755 602 indi-

308 638 403 693 καὶ
436 636 606 709 μονὰς
643 633 759 709 ’γὰρ
812 633 1190 708 ἀριθμητικῶς
1241 631 1438 699 εἰπεῖν,
1485 631 1636 700 ἁπλῆ
1687 632 1777 685 καὶ
1821 628 1978 684 ἀσύν-

308 725 464 786 θετός
498 722 665 779 ἑστιν·
702 723 823 784 ἕνας
866 719 926 777 δὶ
975 718 1066 775 διὰ
1106 724 1293 791 τοῦτο,
1327 716 1516 788 ἐπειδὴ
1547 719 1639 775 καὶ
1689 720 1827 794 πρὸς
1859 720 1980 773 εαυ-

306 817 413 885 τήν
443 813 650 883 ἥνωται
682 814 719 882 ἡ
768 810 897 886 ἁγία
947 810 1107 885 Τριᾶς
1160 814 1426 884 φυσικῶς,
1478 809 1570 865 καὶ
1618 809 1732 864 ἑνοῖ
1781 808 1982 869 πάντας

304 902 441 964 τοὺς
489 900 629 975 αὐτῇ
691 898 1097 972 πλησιάζοντας
1148 900 1286 954 κατᾶ
1341 899 1405 953 τὸ
1456 899 1745 976 εἰρημένον
1801 897 1854 951 ἐν
1904 900 1984 967 τῷ

304 988 658 1066 Εὖαγγελίῳ,
689 992 804 1044 Ἵνα
856 989 987 1043 ὦσιν
1037 986 1192 1042 αὐτοὶ
1238 984 1319 1057 ἓν,
1354 986 1534 1062 ὥσπερ
1582 987 1672 1041 καὶ
1722 989 1887 1059 ἡμεῖς
1926 982 1979 1039 ἓν

304 1078 499 1153 ἔσμεν.
531 1104 560 1131 η

383 1236 661 1333 Ἀσγέτω.
695 1259 966 1333 ’Ἃσχετον
998 1257 1241 1332 συνοχὴν
1293 1253 1445 1331 λίγει
1492 1256 1593 1324 τὴν
1636 1255 1977 1330 ἐξῃρημένην

307 1347 491 1418 πάντη
524 1348 614 1403 καὶ
650 1350 894 1425 ἀσυναφῆ
927 1347 1065 1423 πρὸς
1094 1347 1162 1402 τὰ
1207 1345 1550 1422 συνεχόμενα
1596 1344 1855 1421 πρόνοιαν
1882 1348 1980 1399 τοῦ

308 1441 452 1492 Θεοῦ
483 1436 577 1492 καὶ
608 1436 1019 1512 περικράτησιν.

820 1620 937 1671 ΕΙΣ
976 1616 1064 1673 ΤΟ
1105 1617 1361 1672 ΚΕΦΑΛ.
1396 1615 1477 1670 H'.

385 1702 619 1760 A'avatai.
655 1701 1033 1780 Ἱσχυρὸτατα.

387 1791 768 1867 Ἐπωνυμίας.
797 1795 863 1847 "0
893 1814 946 1848 τι
988 1795 1025 1864 ἡ
1057 1790 1341 1867 ἐπωνυμία
1384 1792 1563 1848 αὐτῶν
1598 1788 1871 1865 σημαίνει,
1900 1789 1982 1852 τίς

319 1885 357 1952 ἡ
389 1879 601 1957 ἰδιότης
632 1879 836 1937 αὐτῶν.

820 1968 977 2040 Μέση
1018 1966 1274 2044 τριαδικὴ
1305 1968 1474 2041 τάξις,

631 2055 998 2134 Κυριὸτητες,
1042 2056 1326 2131 Δυνάμεις,
1369 2057 1661 2128 Ἐξουσίαι.

387 2145 765 2205 ’Δδοῦλωτον.
797 2150 922 2206 ’Ότι
953 2151 1100 2203 πᾶσα
1145 2149 1318 2218 νοητή
1369 2144 1599 2218 δύναμις
1641 2143 1979 2219 ἀμειλίκτως

311 2239 451 2313 πρὸς
480 2238 546 2292 τὸ
578 2241 771 2312 χεῖρον
799 2234 941 2312 ἔχει.

384 2330 519 2403 ΞΠ.
574 2327 667 2388 Ὠς
723 2326 1046 2399 ἀμείλικτον
1101 2326 1419 2401 κυριότητα.
1489 2325 1752 2386 Ἐνταῦθα
1807 2320 1979 2400 σφάλ-

312 2438 449 2491 ματι
478 2420 592 2472 τῶν
622 2413 938 2485 έλληνικῶν
971 2414 1289 2493 φιλοσόφων
1344 2407 1580 2474 εὐσεϐῶς
1626 2412 1976 2467 ἐπισκώπτευ

308 2502 522 2568 οἷ’τινες
559 2502 735 2560 ἰδικᾶς
762 2509 911 2579 τρεῖς
944 2501 1200 2577 δυνάμεις
1242 2503 1390 2566 τινας
1433 2501 1785 2575 ἀμειλίκτους
1817 2522 1981 2576 προσ-

307 2595 645 2672 ηγόρευσαν,
703 2592 1078 2670 προελθούσας
1137 2592 1213 2654 εἰς
1268 2590 1492 2669 ὕπαρξιν
1547 2587 1609 2646 ἔκ
1662 2612 1824 2645 τινων
1874 2591 1982 2666 πρὸ

305 2685 495 2739 αὑτῶν
554 2681 752 2758 ἑτέρων
811 2686 980 2757 τριῶν
1041 2679 1318 2755 δυνάμεων
1354 2701 1368 2716 ·
1430 2680 1492 2736 οὐ
1565 2681 1675 2755 μὴν
1733 2680 1792 2735 ἐκ
1848 2682 1982 2735 Θεοῦ

303 2778 471 2852 φῶτα
500 2775 571 2841 ⁸³,
629 2769 1133 2849 δημιουργηθείσας
1196 2768 1409 2832 ἰδικῶς.
1474 2771 1577 2827 Καὶ
1638 2769 1795 2844 φασὶν
1849 2770 1980 2824 εἶναι

302 2862 441 2925 τοὺς
476 2861 834 2936 ἀμειλίκτους
865 2860 1097 2923 τούτους
1150 2860 1479 2930 ὑποπεζίους
1522 2864 1628 2914 τῶν
1664 2854 1984 2934 προϐαλλο-

313 2951 499 3024 μένων
546 2951 746 3014 αὐτοὺς
793 2953 1008 3021 νοητῶν
1064 2946 1371 3023 δυνάμεων,
1412 2947 1841 3011 ἀναστέλλοντας
1893 2948 1983 3003 καὶ

311 3043 510 3117 ὥσπτρ
556 3037 984 3110 ἀντιϐαίνοντας,
1032 3043 1121 3096 καὶ
1171 3039 1485 3119 ἐφεκτικοὺς
1531 3045 1637 3095 τῶν
1670 3040 1777 3115 πρὸ
1807 3039 1984 3095 αὐτῶν

314 3133 412 3188 καὶ
446 3133 677 3200 ἑαυτῶν,
709 3132 807 3187 τοῦ
859 3131 938 3204 μὴ
986 3134 1170 3185 πεσεῖν
1219 3128 1298 3191 εἷς
1344 3128 1623 3199 ὕλην,καί
1671 3127 1986 3184 ἀσθενεστέ-

317 3243 455 3299 ρους
486 3222 626 3277 κατὰ
652 3226 817 3277 τοῦτο
863 3224 971 3276 τῶν
1021 3214 1492 3293 προϐαλλομένων
1534 3218 1776 3291 ὶαυτοὺς,
1807 3219 1926 3282 καθ’
1956 3217 1984 3272 ὃ

312 3308 535 3365 δέονται
563 3315 664 3365 τοῦ
711 3309 963 3384 κατέχειν
1016 3308 1094 3371 είς
1141 3308 1203 3363 τὸ
1252 3306 1499 3361 ἄπτωτον
1533 3306 1774 3368 ἑαυτούς.
1806 3305 1986 3362 Ταῦτα

317 3401 415 3473 μὲν
452 3397 547 3453 οὖν
600 3398 674 3460 ὡς
726 3398 777 3453 ἐν
812 3396 1054 3470 ἐπιτομῇ
1101 3395 1169 3450 τὰ
1217 3394 1456 3450 ἐκείνων·
1492 3396 1520 3449 ὁ
1553 3392 1611 3449 δὲ
1662 3393 1831 3469 μέγας
1862 3403 1984 3448 Διο-

313 3489 505 3550 νύσιος
560 3492 744 3565 σοφῶς
794 3488 863 3541 τὰ
920 3483 1132 3541 ἐναντία
1190 3485 1365 3539 πάντα
1420 3483 1605 3546 αὐτοῖς
1660 3503 1864 3561 φησιν·
1926 3483 1986 3538 ἐκ

317 3581 457 3635 Θεοῦ
508 3577 614 3651 γὰρ
664 3574 828 3637 αὐτὰς
882 3572 1298 3651 δημιουργικῶς
1355 3571 1653 3642 ὑποστῆναί
1704 3590 1889 3651 φησιν’
1924 3571 1986 3625 οὗ

316 3666 413 3723 καὶ
440 3667 540 3737 τὴν
590 3663 878 3744 ἐμφέρειαν
930 3660 1154 3740 ἔχουσιν
1206 3661 1284 3726 εἷς
1332 3660 1651 3738 κυριότητα,
1685 3659 1866 3737 ὥσπερ
1895 3660 1986 3715 καὶ

325 3756 494 3826 ἡμεῖς
548 3754 601 3809 οἱ
659 3753 781 3808 καθ’
838 3752 1111 3826 ὁμοίωσιν
1171 3751 1472 3813 κτισθέντες
1505 3768 1518 3781 ·
1566 3748 1764 3813 αὐτοὺς
1820 3746 1877 3805 δὲ
1922 3749 1986 3804 τὸ

332 3840 649 3914 ἀμείλικτον
679 3840 817 3896 κατᾶ
845 3839 1024 3912 πάσης
1072 3840 1313 3918 ὁφέσεως
1359 3843 1439 3912 τῷ
1490 3837 1642 3915 λόγῳ
1670 3845 1769 3909 τῆς
1797 3838 1984 3914 κυριό-

322 3952 494 4002 τητος
525 3928 674 4008 ἔχειν
726 3928 896 4007 λέγει,
949 3928 1250 3992 κόπτοντας
1308 3926 1487 4003 ὥσπερ
1535 3928 1625 3983 καὶ
1671 3927 1986 4002 διατέμνον-

318 4041 440 4090 τας,
496 4020 592 4075 καὶ
651 4018 751 4076 οὐκ
795 4017 999 4081 ἐῶντας
1048 4022 1267 4096 κρατεῖν
1317 4018 1417 4087 τὴν
1472 4017 1611 4094 πρὸς
1654 4018 1721 4072 τὰ
1757 4016 1989 4088 αἰσθητὰ

316 4108 642 4183 ἐπιθυμίαν,
703 4108 767 4165 οὐ
825 4109 935 4183 μὴν
985 4106 1114 4171 τοὺς
1161 4107 1269 4183 πρὸ
1320 4105 1498 4163 αὐτῶν
1541 4106 1987 4169 ἀναστέλλονταςο

313 4199 388 4255 τὸ.
448 4196 510 4253 δὲ
567 4198 804 4270 αἷσθητὰ
860 4198 952 4253 καὶ
1012 4196 1300 4271 σωματικὰ
1367 4193 1796 4272 δουλοπρέπειάν
1855 4218 1990 4275 φησι

312 4288 413 4344 καὶ
465 4287 842 4360 ἀνελευθερίαν
899 4286 989 4343 καὶ
1040 4286 1244 4343 εἰκαίαν
1294 4283 1475 4359 δόξαν.
1522 4283 1886 4350 Δουλοποιίας
1935 4283 1992 4341 δὲ

316 4376 446 4433 ἀντὶ
504 4382 603 4431 τοῦ
652 4374 1085 4451 δουλοπρεπείας
1119 4420 1133 4447 ,
1187 4375 1304 4431 έπεὶ
1367 4376 1444 4449 μή
1517 4380 1869 4451 συγχωροῦσι
1922 4376 1992 4430 τὰ

314 4461 683 4531 ὅντως”ὂ’ντα
742 4464 967 4537 ἰννοεῖν,
997 4464 1146 4522 ἀλλὰ
1200 4463 1523 4541 κατάγουσιν
1576 4462 1636 4519 ἐκ
1680 4470 1779 4535 τῆς
1832 4461 1991 4518 ἆκλι-

313 4552 453 4618 νοῦς
510 4549 867 4627 ἐδραιότητος
923 4553 1012 4611 ἐπὶ
1057 4555 1157 4623 τὴν
1206 4558 1316 4609 τῶν
1354 4554 1733 4627 ματαιοτήτων
1788 4553 1991 4607 ὑποκα-

2090 638 2238 704 visa,
2272 635 2453 704 hujus
2476 633 2663 705 gratia
2688 650 2896 689 mones
2922 651 2937 702 ;
2957 632 3173 688 etenim
3193 649 3399 690 monas
3420 634 3755 690 secundum

2096 724 2329 782 numeri
2352 724 2639 779 rationem
2668 722 2987 794 loquendo,
3013 723 3268 794 simplex
3283 728 3340 778 et
3362 723 3756 795 incomposita

2093 822 2218 871 est:
2256 814 2453 869 unitas
2486 817 2685 868 autem
2716 811 2870 882 ideo,
2905 813 3181 882 quoniam
3217 816 3273 867 et
3295 813 3355 868 in
3380 828 3442 867 se
3465 812 3748 868 naturali-

2092 911 2181 960 ter
2210 904 2375 960 unita
2406 908 2496 959 est
2534 906 2741 959 sancta
2782 902 3068 970 Trinitas,
3122 906 3179 957 et
3230 902 3360 957 unit
3418 918 3623 957 omnes
3672 902 3746 957 ad

2092 996 2285 1067 ipsam
2317 994 2661 1049 accedentes
2694 1010 2706 1059 ;
2740 992 3068 1048 secundum
3105 992 3260 1064 quod
3293 992 3516 1048 dictum
3547 996 3639 1047 est
3688 992 3749 1046 in

2091 1082 2407 1155 Evangelio
2432 1098 2445 1137 :
2485 1083 2547 1138 Ut
2576 1084 2687 1137 sint
2716 1083 2827 1153 ipsi
2856 1098 3053 1149 unum,
3086 1083 3231 1138 sicut
3262 1086 3315 1136 et
3336 1097 3438 1136 nos
3468 1097 3644 1136 unum
3663 1096 3754 1136 su-

2090 1189 2209 1229 mus
2237 1175 2337 1242 (ὁ).
2375 1194 2404 1223 ››

2160 1258 2750 1332 Ineomprehensibiti.
2785 1259 2884 1326 Gr,
2917 1257 3158 1333 ἀσχέτῳ.
3199 1260 3470 1334 ’Άσχετον
3521 1260 3752 1316 incom-

2090 1349 2551 1424 prehensibilem
2583 1364 2927 1421 compagem
2957 1350 3120 1417 dicit,
3175 1349 3452 1405 selectam
3508 1350 3750 1406 omnino

2089 1444 2148 1497 et
2178 1439 2425 1495 minime
2455 1454 2780 1495 connexam
2810 1454 2945 1493 cum
2975 1438 3407 1494 cohaerentibus
3430 1437 3531 1494 Dei
3554 1438 3753 1510 provi-

2090 1528 2348 1585 dentiam
2381 1530 2440 1583 et
2469 1527 2958 1583 dominationem.

2683 1616 2755 1671 IN
2799 1617 2952 1672 CAP.
2995 1617 3149 1672 VIII.

2162 1708 2446 1775 Potentia,
2477 1705 2576 1762 Gr.
2610 1701 2827 1758 δυνατά.
2863 1705 3230 1761 Fortissima.

2161 1796 2491 1868 Appellatio.
2551 1795 2702 1860 Quid
2751 1810 3040 1866 agnomen
3099 1795 3367 1866 ipsorum
3427 1794 3749 1867 signiﬁcet,

2014 1913 2063 1979 B
2091 1900 2363 1956 quasnam
2396 1886 2473 1940 sit
2500 1883 2766 1956 ipsorum
2799 1883 3151 1955 proprietas.

2593 1973 2824 2028 Medius
2854 1974 3049 2029 trinus
3081 1974 3244 2029 ordo.

2374 2064 2811 2128 Dominationes,
2850 2063 3105 2132 Virtutes,
3140 2067 3458 2119 Potestates.

2160 2154 2399 2209 Minime
2425 2152 2801 2222 subjugatam.
2835 2152 2999 2219 Quod
3024 2152 3190 2207 nulla
3208 2151 3601 2225 intelligibilis
3631 2153 3748 2209 vir-

2088 2246 2188 2298 tus
2218 2241 2539 2297 demulceri
2570 2257 2705 2313 erga
2739 2242 3000 2296 deterius
3034 2241 3348 2297 sustineat.

2160 2331 2290 2399 §II.
2364 2332 2429 2387 Ut
2482 2347 2731 2385 severam
2798 2332 3261 2387 dominationem.
3320 2331 3425 2387 Hic
3481 2348 3741 2388 errorem

2090 2436 2414 2492 graecorum
2441 2419 2929 2492 philosophorum
2963 2420 3055 2491 pie
3086 2420 3478 2491 reprehendit,
3503 2422 3601 2492 qui
3623 2426 3743 2477 tres

2091 2508 2477 2581 particulares
2510 2508 2801 2579 quaedam
2833 2508 3078 2563 virtutes
3112 2508 3517 2580 implacabiles
3548 2512 3744 2567 nomi-

2092 2601 2333 2665 narunt,
2363 2613 2707 2669 progressas
2737 2598 2797 2651 in
2856 2596 3262 2652 exsistentiam
3296 2613 3364 2653 ex
3393 2598 3746 2669 quibusdam

2092 2687 2285 2742 tribus
2318 2686 2645 2759 aliisipsas
2696 2686 3165 2757 praecedentibus
3211 2686 3573 2757 virtutibus;
3627 2706 3746 2745 non

2092 2781 2293 2832 tamen
2326 2793 2360 2831 a
2398 2776 2515 2831 Deo
2548 2775 2984 2847 particulariter
3014 2781 3280 2831 creatas:
3316 2778 3601 2833 etdicunt
3621 2795 3751 2836 esse

2093 2864 2500 2936 implacabiles
2532 2865 2639 2919 has
2672 2864 2918 2934 pedibus
2950 2865 3121 2934 quasi
3153 2866 3488 2921 substratas
3537 2867 3752 2922 intelli-

2094 2955 2366 3029 gibilium
2400 2955 2707 3024 virtutum,
2741 2972 2868 3025 quae
2903 2954 3064 3026 ipsas
3096 2955 3471 3026 antecedunt,
3514 2962 3745 3012 contra-

2094 3045 2300 3101 hentes
2332 3048 2390 3100 et
2421 3043 2588 3116 quasi
2620 3048 2825 3098 contra
2856 3044 3181 3112 tendentes,
3216 3048 3393 3115 atque
3424 3046 3539 3101 vim
3592 3046 3749 3101 inhi-

2095 3133 2271 3190 bendi
2304 3134 2610 3202 habentes,
2644 3148 2716 3187 ne
2747 3132 2887 3204 ipsa;
2913 3137 2971 3187 et
3001 3149 3130 3203 quae
3163 3135 3503 3205 prmcedunt
3529 3135 3589 3190 in
3625 3153 3748 3191 ma-

2097 3221 2307 3277 teriam
2341 3221 2726 3290 delabantur;
2762 3225 2932 3291 atque
2964 3222 3292 3277 secundum
3324 3222 3434 3278 hoc
3485 3223 3749 3279 imbecil-

2098 3310 2274 3367 liores
2304 3310 2397 3378 iis,
2431 3326 2562 3381 quis
2587 3310 2748 3381 ipsas
2786 3310 3144 3382 praecedunt,
3196 3316 3489 3381 quatenus
3537 3313 3752 3369 debent

2096 3416 2159 3457 se
2172 3400 2468 3456 continere
2500 3416 2571 3454 ne
2595 3398 2874 3454 labantur
2897 3419 2911 3467 ;
2947 3398 3069 3454 haec
3087 3399 3267 3470 igitur
3285 3401 3568 3458 orationis
3589 3418 3749 3457 com-

2096 3489 2308 3562 pendio
2340 3487 2578 3544 illorum
2614 3495 2705 3543 est
2743 3487 3057 3543 sententia.
3091 3491 3338 3561 Magnus
3371 3494 3567 3546 autem
3612 3491 3750 3546 Dio-

2097 3578 2303 3652 nysius
2331 3577 2630 3650 sapienter
2660 3578 2861 3632 omnia
2892 3577 3039 3649 ipsis
3071 3580 3365 3634 contraria
3386 3579 3529 3636 dicit
3553 3598 3565 3637 :
3592 3581 3753 3652 ipsas

2097 3668 2253 3724 enim
2285 3685 2353 3723 ex
2412 3666 2529 3723 Deo
2579 3666 2818 3722 creandi
2875 3666 3152 3723 facultate
3195 3668 3522 3725 subsistere
3572 3670 3754 3739 dicit;

2097 3760 2272 3829 cujus
2302 3757 2479 3812 etiam
2510 3755 2961 3812 similitudinem
2996 3756 3216 3812 habent
3247 3757 3305 3813 in
3328 3758 3753 3829 dominatione,

2098 3848 2253 3903 sicut
2284 3849 2341 3901 et
2372 3861 2480 3900 nos
2501 3845 2601 3916 qui
2622 3845 2950 3900 secundum
2975 3844 3429 3901 similitudinem
3451 3848 3630 3903 creati
3650 3864 3753 3903 su-

2099 3952 2253 3990 mus.
2281 3939 2447 4006 Ipsas
2471 3950 2604 3989 vero
2637 3932 3181 4005 implacabilitatem
3199 3949 3338 4006 erga
3355 3950 3590 3990 omnem
3609 3936 3754 3991 sub-

2097 4023 2444 4080 missionem
2474 4021 2699 4077 ratione
2730 4020 3150 4077 dominationis
3182 4022 3399 4078 habere
3432 4025 3534 4079 80
3587 4024 3754 4091 dicit,

2096 4112 2270 4184 quasi
2296 4112 2586 4167 caedentes
2616 4115 2674 4165 et
2705 4110 3092 4177 dissecantes,
3126 4126 3317 4182 neque
3341 4112 3603 4169 sinentes
3626 4113 3753 4168 vin-

2099 4218 2227 4259 cere
2258 4200 2644 4272 cupiditatem
2679 4199 2751 4253 ad
2779 4197 3108 4265 sensibilis,
3142 4216 3257 4254 non
3284 4204 3476 4256 tamen
3499 4218 3598 4258 eas
3625 4220 3753 4273 quas

2099 4290 2432 4363 praecedunt
2457 4288 2820 4345 cohibentes.
2842 4287 3159 4344 Sensihilia
3185 4293 3379 4345 autem
3403 4294 3459 4346 et
3478 4307 3757 4363 corporea

2099 4380 2241 4435 dicit
2258 4377 2640 4434 servilitatem
2663 4380 2721 4432 et
2744 4377 3032 4433 libertatis
3056 4378 3531 4450 privationem,et
3544 4397 3755 4438 vanam

2099 4468 2367 4539 gloriam.
2404 4464 2770 4528 Δουλοποιίας
2799 4484 2903 4537 pro
2955 4462 3412 4542 δουλοπρεπείας,
3457 4486 3587 4539 qua
3635 4486 3760 4526 εει--

2098 4559 2346 4615 vitutem
2380 4558 2571 4623 docet,
2631 4555 2913 4627 quoniam
2966 4572 3082 4611 non
3132 4558 3463 4612 concedunt
3517 4574 3585 4614 ea
3632 4575 3761 4629 quas

312 4644 601 4702 τάκλισιν.
631 4646 1032 4720 ’Δνομοιότητα
1082 4641 1140 4699 δὶ
1182 4641 1339 4708 αὖθις
1386 4640 1549 4699 καλεῖ
1592 4642 1660 4697 τὰ
1702 4640 1885 4712 ὑλικὰ,
1918 4640 1985 4703 ὠς

2106 4665 2249 4703 verae
2280 4646 2573 4702 exsistunt
2602 4644 2881 4717 cogitare,
2933 4645 3035 4700 sed
3087 4645 3389 4701 deducunt
3418 4663 3487 4702 ex
3521 4647 3763 4703 minime

322 4732 617 4810 μηδέποτε
675 4735 906 4808 μένοντα
956 4734 1043 4789 ἐπὶ
1098 4732 1454 4809 ταύτότητος,
1503 4729 1653 4789 ἀλλὰ
1698 4732 1780 4788 ἀεὶ
1829 4752 1995 4807 μετα-

319 4820 637 4880 ϐάλλοντα.

402 5090 772 5169 Κυριαρχίας.
833 5091 1175 5169 Κυριαρχίαν
1253 5091 1354 5161 τὴν
1417 5088 1649 5162 θεότητα
1704 5086 1805 5170 ἔφη
1843 5112 1855 5125 ·
1915 5089 1996 5147 ὅτι

320 5184 517 5253 πάσης
543 5183 871 5256 κυριότητος
901 5182 1048 5257 ἀρχὴ
1076 5180 1168 5237 καὶ
1200 5179 1347 5236 αίτία
1374 5178 1720 5249 καθέστηκεν.

400 5361 521 5422 Οὔκ
598 5360 1042 5418 ἀπολείπουσαν.
1121 5358 1439 5433 Σημείωσαι
1514 5362 1634 5423 πῶς
1714 5365 2001 5437 πανταχοῦ

401 5511 485 5583 (b)
516 5511 692 5569 Joan.
725 5526 869 5583 xvu,
906 5510 994 5566 it.

2106 4735 2428 4792 inclinante
2463 4734 2786 4790 stabilitate
2814 4734 2886 4788 ad
2921 4732 3179 4804 aliquam
3210 4734 3545 4791 vanitatum
3592 4736 3763 4792 recli-

2106 4826 2405 4881 nationem
2427 4841 2441 4891 ;
2477 4822 3026 4879 dissimilitudinem
3047 4839 3182 4879 vero
3206 4822 3417 4879 iterum
3438 4824 3766 4881 materialia

2107 4918 2293 4982 vocat,
2326 4918 2390 4969 ut
2419 4930 2547 4986 qum
2580 4928 2881 4983 nunquam
2917 4912 2975 4967 in
3009 4912 3315 4970 identitate
3338 4919 3636 4984 maneant,
3659 4917 3761 4971 sed

2107 5019 2344 5075 semper
2371 5005 2700 5057 mutentur.

2179 5091 2457 5164 Principii
2484 5091 2906 5157 dominationis,
2966 5090 3065 5146 Gr.
3117 5088 3468 5167 κυριαρχίας.
3527 5094 3765 5166 Κυριαρ·

2109 5181 2237 5257 χίαν
2264 5179 2690 5238 dominationis
2714 5179 3111 5252 principatum
3140 5181 3418 5238 deitatem
3440 5182 3601 5252 dicit,
3626 5182 3769 5254 quia

2110 5272 2307 5329 omnis
2336 5268 2761 5327 dominationis
2788 5269 3147 5342 principium
3179 5275 3237 5327 et
3266 5289 3446 5328 causa
3477 5273 3728 5329 exsistit.

2184 5362 2312 5429 Qua
2342 5377 2455 5418 non
2482 5360 2646 5417 deest.
2678 5362 2849 5431 Nota,
2883 5360 3181 5431 quomodo
3225 5361 3447 5434 ubique
3485 5362 3642 5418 dicat
3670 5378 3770 5419 su-

1361 5625 1598 5685 VARIIE
1638 5623 2036 5684 LECTIONES
2072 5623 2166 5684 ET
2206 5621 2773 5682 CORBEGTIONES.

405 5754 452 5793 ⁸³
488 5757 647 5830 φῶτα
674 5756 941 5813 omissum
968 5762 1051 5813 est
1081 5771 1117 5812 a
1145 5754 1441 5826 Pachym.,
1473 5756 1724 5827 adeoque
1751 5754 1895 5811 mihi
1922 5754 1985 5812 vi:

2129 5748 2505 5820 ἐπιπολάζειν.
