  <div class='ocr_page' id='page_1' title='image "/cluster/home/n/w/nwhite01/storage/ocr_20150623/4:no.2/coo.31924054872837/047.png"; bbox 0 0 4134 6404; ppageno 0'>
   <div class='ocr_carea' id='block_1_1' title="bbox 362 407 3802 494">
    <p class='ocr_par' dir='ltr' id='par_1_1' title="bbox 362 407 3802 494">
     <span class='ocr_line' id='line_1_1' title="bbox 362 407 3802 494; baseline -0.009 -2"><span class='ocrx_word' id='word_1_1' title='bbox 362 440 434 494; x_wconf 79' lang='lat'>79</span> <span class='ocrx_word' id='word_1_2' title='bbox 1187 432 1556 488; x_wconf 77' lang='lat' dir='ltr'>APPENDIX</span> <span class='ocrx_word' id='word_1_3' title='bbox 1594 429 1692 481; x_wconf 80' lang='lat' dir='ltr'><strong>AD</strong></span> <span class='ocrx_word' id='word_1_4' title='bbox 1730 423 1973 479; x_wconf 80' lang='lat' dir='ltr'><strong>OPERA</strong></span> <span class='ocrx_word' id='word_1_5' title='bbox 2008 421 2068 472; x_wconf 76' lang='grc' dir='ltr'>Β.</span> <span class='ocrx_word' id='word_1_6' title='bbox 2111 412 2432 468; x_wconf 85' lang='lat' dir='ltr'>DIONYSII</span> <span class='ocrx_word' id='word_1_7' title='bbox 2474 411 2978 466; x_wconf 75' lang='lat' dir='ltr'>AREOPOGITE.</span> <span class='ocrx_word' id='word_1_8' title='bbox 3731 407 3802 461; x_wconf 93' lang='lat'>80</span> 
     </span>
    </p>
   </div>
   <div class='ocr_carea' id='block_1_2' title="bbox 366 527 2050 638">
    <p class='ocr_par' dir='ltr' id='par_1_2' title="bbox 366 546 2020 638">
     <span class='ocr_line' id='line_1_2' title="bbox 366 546 2020 638; baseline -0.015 -15"><span class='ocrx_word' id='word_1_9' title='bbox 366 564 625 638; x_wconf 92' lang='lat' dir='ltr'><strong>periores</strong></span> <span class='ocrx_word' id='word_1_10' title='bbox 643 562 891 618; x_wconf 79' lang='lat' dir='ltr'>virtutes</span> <span class='ocrx_word' id='word_1_11' title='bbox 914 556 1353 616; x_wconf 77' lang='lat' dir='ltr'>communicare</span> <span class='ocrx_word' id='word_1_12' title='bbox 1366 546 2020 628; x_wconf 84' lang='lat' dir='ltr'><strong>propriainferioribus,</strong></span> 
     </span>
    </p>
   </div>
   <div class='ocr_carea' id='block_1_3' title="bbox 2190 527 3798 638">
    <p class='ocr_par' dir='ltr' id='par_1_3' title="bbox 2190 527 3798 638">
     <span class='ocr_line' id='line_1_3' title="bbox 2190 527 3798 607; baseline -0.002 -19"><span class='ocrx_word' id='word_1_13' title='bbox 2190 555 2275 606; x_wconf 80' lang='grc' dir='ltr'>ησι</span> <span class='ocrx_word' id='word_1_14' title='bbox 2329 534 2425 595; x_wconf 79' lang='grc' dir='ltr'>τὰς</span> <span class='ocrx_word' id='word_1_15' title='bbox 2487 527 2913 607; x_wconf 76' lang='grc' dir='ltr'>ὑπερϐεϐηκυίας</span> <span class='ocrx_word' id='word_1_16' title='bbox 2973 527 3228 602; x_wconf 85' lang='grc' dir='ltr'>δυνάμεις</span> <span class='ocrx_word' id='word_1_17' title='bbox 3293 527 3642 602; x_wconf 79' lang='grc' dir='ltr'>μεταδιδόναι</span> <span class='ocrx_word' id='word_1_18' title='bbox 3689 534 3798 585; x_wconf 89' lang='grc' dir='ltr'>τῶν</span> 
     </span>
     <span class='ocr_line' id='line_1_4' title="bbox 2263 615 3768 638; baseline -0.001 1"><span class='ocrx_word' id='word_1_19' title='bbox 2263 623 2274 638; x_wconf 85' lang='grc'><strong><em>,</em></strong></span> <span class='ocrx_word' id='word_1_20' title='bbox 2461 627 2486 638; x_wconf 83' lang='grc'>..</span> <span class='ocrx_word' id='word_1_21' title='bbox 2679 622 2690 638; x_wconf 94' lang='grc'>.</span> <span class='ocrx_word' id='word_1_22' title='bbox 2785 619 2798 638; x_wconf 80' lang='lat'>.</span> <span class='ocrx_word' id='word_1_23' title='bbox 2853 620 2868 638; x_wconf 67' lang='grc' dir='ltr'>τ</span> <span class='ocrx_word' id='word_1_24' title='bbox 3025 618 3039 636; x_wconf 65' lang='grc' dir='ltr'><strong>ε</strong></span> <span class='ocrx_word' id='word_1_25' title='bbox 3132 617 3146 636; x_wconf 64' lang='grc' dir='ltr'>ι</span> <span class='ocrx_word' id='word_1_26' title='bbox 3237 615 3260 638; x_wconf 61' lang='grc' dir='ltr'>θ</span> <span class='ocrx_word' id='word_1_27' title='bbox 3345 617 3356 638; x_wconf 74' lang='grc' dir='ltr'>ι</span> <span class='ocrx_word' id='word_1_28' title='bbox 3475 625 3498 638; x_wconf 89' lang='grc'>.</span> <span class='ocrx_word' id='word_1_29' title='bbox 3536 615 3561 638; x_wconf 69' lang='grc' dir='ltr'>ε.</span> <span class='ocrx_word' id='word_1_30' title='bbox 3743 623 3768 634; x_wconf 80' lang='grc'>.-</span> 
     </span>
    </p>
   </div>
   <div class='ocr_carea' id='block_1_4' title="bbox 367 638 2026 710">
    <p class='ocr_par' dir='ltr' id='par_1_4' title="bbox 367 638 2026 710">
     <span class='ocr_line' id='line_1_5' title="bbox 367 638 2026 710; baseline -0.013 0"><span class='ocrx_word' id='word_1_31' title='bbox 367 660 426 710; x_wconf 88' lang='lat' dir='ltr'>et</span> <span class='ocrx_word' id='word_1_32' title='bbox 453 656 702 710; x_wconf 81' lang='lat' dir='ltr'>virtutes</span> <span class='ocrx_word' id='word_1_33' title='bbox 748 649 1129 707; x_wconf 87' lang='lat' dir='ltr'><strong>corroborare</strong></span> <span class='ocrx_word' id='word_1_34' title='bbox 1186 645 1495 710; x_wconf 87' lang='lat' dir='ltr'><strong>subditas;</strong></span> <span class='ocrx_word' id='word_1_35' title='bbox 1557 641 1779 697; x_wconf 81' lang='lat' dir='ltr'>scimus</span> <span class='ocrx_word' id='word_1_36' title='bbox 1829 638 2026 692; x_wconf 89' lang='lat' dir='ltr'><strong>autem</strong></span> 
     </span>
    </p>
   </div>
   <div class='ocr_carea' id='block_1_5' title="bbox 371 722 2027 814">
    <p class='ocr_par' dir='ltr' id='par_1_5' title="bbox 371 722 2027 814">
     <span class='ocr_line' id='line_1_6' title="bbox 371 722 2027 814; baseline -0.014 -15"><span class='ocrx_word' id='word_1_37' title='bbox 371 745 522 814; x_wconf 91' lang='lat' dir='ltr'><strong>quod</strong></span> <span class='ocrx_word' id='word_1_38' title='bbox 555 742 844 813; x_wconf 88' lang='lat' dir='ltr'><strong>scriptum</strong></span> <span class='ocrx_word' id='word_1_39' title='bbox 879 739 975 804; x_wconf 85' lang='lat' dir='ltr'>sit,</span> <span class='ocrx_word' id='word_1_40' title='bbox 1000 735 1276 809; x_wconf 79' lang='lat' dir='ltr'>angelum</span> <span class='ocrx_word' id='word_1_41' title='bbox 1301 733 1710 789; x_wconf 90' lang='lat' dir='ltr'><strong>corroborasse</strong></span> <span class='ocrx_word' id='word_1_42' title='bbox 1727 722 2027 782; x_wconf 88' lang='lat' dir='ltr'><strong>Danielem</strong></span> 
     </span>
    </p>
   </div>
   <div class='ocr_carea' id='block_1_6' title="bbox 373 812 2028 901">
    <p class='ocr_par' dir='ltr' id='par_1_6' title="bbox 373 812 2028 901">
     <span class='ocr_line' id='line_1_7' title="bbox 373 812 2028 901; baseline -0.014 -13"><span class='ocrx_word' id='word_1_43' title='bbox 373 837 431 888; x_wconf 90' lang='lat' dir='ltr'>et</span> <span class='ocrx_word' id='word_1_44' title='bbox 459 831 628 899; x_wconf 89' lang='lat' dir='ltr'><strong>alios,</strong></span> <span class='ocrx_word' id='word_1_45' title='bbox 662 812 739 901; x_wconf 82' lang='lat' dir='ltr'>et,</span> <span class='ocrx_word' id='word_1_46' title='bbox 774 828 930 899; x_wconf 88' lang='lat' dir='ltr'><strong>quod</strong></span> <span class='ocrx_word' id='word_1_47' title='bbox 963 824 1241 882; x_wconf 89' lang='lat' dir='ltr'><strong>omnibus</strong></span> <span class='ocrx_word' id='word_1_48' title='bbox 1267 823 1484 892; x_wconf 82' lang='lat' dir='ltr'>majus,</span> <span class='ocrx_word' id='word_1_49' title='bbox 1506 818 1682 874; x_wconf 87' lang='lat' dir='ltr'><strong>etiam</strong></span> <span class='ocrx_word' id='word_1_50' title='bbox 1712 812 2028 872; x_wconf 90' lang='lat' dir='ltr'><strong>Dominum</strong></span> 
     </span>
    </p>
   </div>
   <div class='ocr_carea' id='block_1_7' title="bbox 374 907 2028 983">
    <p class='ocr_par' dir='ltr' id='par_1_7' title="bbox 374 907 2028 983">
     <span class='ocr_line' id='line_1_8' title="bbox 374 907 2028 983; baseline -0.013 -6"><span class='ocrx_word' id='word_1_51' title='bbox 374 924 640 978; x_wconf 85' lang='lat' dir='ltr'><strong>nostrum</strong></span> <span class='ocrx_word' id='word_1_52' title='bbox 663 919 865 975; x_wconf 90' lang='lat' dir='ltr'><strong>Jesum</strong></span> <span class='ocrx_word' id='word_1_53' title='bbox 885 915 1207 980; x_wconf 86' lang='lat' dir='ltr'><strong>Christum,</strong></span> <span class='ocrx_word' id='word_1_54' title='bbox 1233 915 1436 983; x_wconf 78' lang='lat' dir='ltr'><strong>utpote</strong></span> <span class='ocrx_word' id='word_1_55' title='bbox 1457 907 1760 964; x_wconf 83' lang='lat' dir='ltr'>hominem</span> <span class='ocrx_word' id='word_1_56' title='bbox 1775 914 2028 976; x_wconf 89' lang='lat' dir='ltr'><strong>quoque,</strong></span> 
     </span>
    </p>
   </div>
   <div class='ocr_carea' id='block_1_8' title="bbox 378 995 1874 1079">
    <p class='ocr_par' dir='ltr' id='par_1_8' title="bbox 378 995 1874 1079">
     <span class='ocr_line' id='line_1_9' title="bbox 378 995 1874 1079; baseline -0.013 -13"><span class='ocrx_word' id='word_1_57' title='bbox 378 1010 534 1066; x_wconf 88' lang='lat' dir='ltr'><strong>sicut</strong></span> <span class='ocrx_word' id='word_1_58' title='bbox 563 1009 622 1064; x_wconf 93' lang='lat' dir='ltr'>in</span> <span class='ocrx_word' id='word_1_59' title='bbox 652 1004 961 1079; x_wconf 87' lang='lat' dir='ltr'><strong>Evangelio</strong></span> <span class='ocrx_word' id='word_1_60' title='bbox 992 1003 1322 1060; x_wconf 89' lang='lat' dir='ltr'><strong>secundum</strong></span> <span class='ocrx_word' id='word_1_61' title='bbox 1359 1001 1573 1054; x_wconf 84' lang='lat' dir='ltr'><strong>Lucam</strong></span> <span class='ocrx_word' id='word_1_62' title='bbox 1605 995 1874 1052; x_wconf 87' lang='lat' dir='ltr'><strong>habetur.</strong></span> 
     </span>
    </p>
   </div>
   <div class='ocr_carea' id='block_1_9' title="bbox 459 1161 2034 1242">
    <p class='ocr_par' dir='ltr' id='par_1_9' title="bbox 459 1161 2034 1242">
     <span class='ocr_line' id='line_1_10' title="bbox 459 1161 2034 1242; baseline -0.015 -6"><span class='ocrx_word' id='word_1_63' title='bbox 459 1184 667 1236; x_wconf 85' lang='lat' dir='ltr'><strong>Bonum</strong></span> <span class='ocrx_word' id='word_1_64' title='bbox 697 1176 969 1234; x_wconf 76' lang='lat' dir='ltr'>ordinem.</span> <span class='ocrx_word' id='word_1_65' title='bbox 1000 1177 1144 1228; x_wconf 89' lang='lat' dir='ltr'>Cum</span> <span class='ocrx_word' id='word_1_66' title='bbox 1177 1185 1264 1240; x_wconf 92' lang='lat' dir='ltr'>eo,</span> <span class='ocrx_word' id='word_1_67' title='bbox 1299 1167 1454 1242; x_wconf 89' lang='lat' dir='ltr'><strong>quod</strong></span> <span class='ocrx_word' id='word_1_68' title='bbox 1479 1165 1749 1238; x_wconf 84' lang='lat' dir='ltr'><strong>superius</strong></span> <span class='ocrx_word' id='word_1_69' title='bbox 1771 1161 2034 1235; x_wconf 89' lang='lat' dir='ltr'><strong>positum</strong></span> 
     </span>
    </p>
   </div>
   <div class='ocr_carea' id='block_1_10' title="bbox 382 1249 2036 1338">
    <p class='ocr_par' dir='ltr' id='par_1_10' title="bbox 382 1249 2036 1338">
     <span class='ocr_line' id='line_1_11' title="bbox 382 1249 2036 1338; baseline -0.015 -11"><span class='ocrx_word' id='word_1_70' title='bbox 382 1275 474 1328; x_wconf 89' lang='lat' dir='ltr'>est</span> <span class='ocrx_word' id='word_1_71' title='bbox 499 1270 622 1325; x_wconf 72' lang='lat' dir='ltr'><strong>haec</strong></span> <span class='ocrx_word' id='word_1_72' title='bbox 643 1282 878 1338; x_wconf 87' lang='lat' dir='ltr'><strong>quoque</strong></span> <span class='ocrx_word' id='word_1_73' title='bbox 895 1260 1326 1326; x_wconf 88' lang='lat' dir='ltr'><strong>connectenda;</strong></span> <span class='ocrx_word' id='word_1_74' title='bbox 1350 1255 1830 1313; x_wconf 83' lang='lat' dir='ltr'><strong>subaudiendum</strong></span> <span class='ocrx_word' id='word_1_75' title='bbox 1853 1249 2036 1316; x_wconf 89' lang='lat' dir='ltr'><strong>enim,</strong></span> 
     </span>
    </p>
   </div>
   <div class='ocr_carea' id='block_1_11' title="bbox 381 1354 960 1413">
    <p class='ocr_par' dir='ltr' id='par_1_11' title="bbox 381 1354 960 1413">
     <span class='ocr_line' id='line_1_12' title="bbox 381 1354 960 1413; baseline -0.016 1"><span class='ocrx_word' id='word_1_76' title='bbox 381 1357 625 1413; x_wconf 74' lang='lat' dir='ltr'><strong>arbitror</strong></span> <span class='ocrx_word' id='word_1_77' title='bbox 651 1354 960 1410; x_wconf 79' lang='lat' dir='ltr'><strong>declarare.</strong></span> 
     </span>
    </p>
   </div>
   <div class='ocr_carea' id='block_1_12' title="bbox 457 1432 2038 1506">
    <p class='ocr_par' dir='ltr' id='par_1_12' title="bbox 457 1432 2038 1506">
     <span class='ocr_line' id='line_1_13' title="bbox 457 1432 2038 1506; baseline -0.013 -5"><span class='ocrx_word' id='word_1_78' title='bbox 457 1443 810 1501; x_wconf 71' lang='lat' dir='ltr'><strong>Assimilatae.</strong></span> <span class='ocrx_word' id='word_1_79' title='bbox 868 1439 1034 1505; x_wconf 86' lang='lat' dir='ltr'><strong>Quod</strong></span> <span class='ocrx_word' id='word_1_80' title='bbox 1093 1437 1266 1493; x_wconf 87' lang='lat' dir='ltr'><strong>etiam</strong></span> <span class='ocrx_word' id='word_1_81' title='bbox 1327 1435 1698 1506; x_wconf 85' lang='lat' dir='ltr'><strong>potestatem,</strong></span> <span class='ocrx_word' id='word_1_82' title='bbox 1749 1432 2038 1499; x_wconf 90' lang='lat' dir='ltr'><strong>quantum</strong></span> 
     </span>
    </p>
   </div>
   <div class='ocr_carea' id='block_1_13' title="bbox 382 1515 2040 1608">
    <p class='ocr_par' dir='ltr' id='par_1_13' title="bbox 382 1515 2040 1608">
     <span class='ocr_line' id='line_1_14' title="bbox 382 1515 2040 1608; baseline -0.013 -17"><span class='ocrx_word' id='word_1_83' title='bbox 382 1534 531 1608; x_wconf 86' lang='lat' dir='ltr'><strong>ipsis</strong></span> <span class='ocrx_word' id='word_1_84' title='bbox 559 1533 715 1600; x_wconf 90' lang='lat' dir='ltr'><strong>licet,</strong></span> <span class='ocrx_word' id='word_1_85' title='bbox 749 1528 1158 1602; x_wconf 84' lang='lat' dir='ltr'><strong>sequentibus,</strong></span> <span class='ocrx_word' id='word_1_86' title='bbox 1209 1528 1412 1596; x_wconf 81' lang='lat' dir='ltr'><strong>utpote</strong></span> <span class='ocrx_word' id='word_1_87' title='bbox 1461 1519 1710 1593; x_wconf 87' lang='lat' dir='ltr'><strong>angelis,</strong></span> <span class='ocrx_word' id='word_1_88' title='bbox 1759 1515 2040 1588; x_wconf 86' lang='lat' dir='ltr'><strong>intelligi-</strong></span> 
     </span>
    </p>
   </div>
   <div class='ocr_carea' id='block_1_14' title="bbox 382 1615 1297 1680">
    <p class='ocr_par' dir='ltr' id='par_1_14' title="bbox 382 1615 1297 1680">
     <span class='ocr_line' id='line_1_15' title="bbox 382 1615 1297 1680; baseline -0.013 -1"><span class='ocrx_word' id='word_1_89' title='bbox 382 1623 534 1680; x_wconf 87' lang='lat' dir='ltr'><strong>biles</strong></span> <span class='ocrx_word' id='word_1_90' title='bbox 562 1623 812 1678; x_wconf 84' lang='lat' dir='ltr'><strong>virtutes</strong></span> <span class='ocrx_word' id='word_1_91' title='bbox 843 1615 1297 1675; x_wconf 87' lang='lat' dir='ltr'><strong>communicent.</strong></span> 
     </span>
    </p>
   </div>
   <div class='ocr_carea' id='block_1_15' title="bbox 459 1696 2043 1785">
    <p class='ocr_par' dir='ltr' id='par_1_15' title="bbox 459 1696 2043 1785">
     <span class='ocr_line' id='line_1_16' title="bbox 459 1696 2043 1785; baseline -0.013 -17"><span class='ocrx_word' id='word_1_92' title='bbox 459 1712 744 1785; x_wconf 76' lang='lat' dir='ltr'><strong>Expiatur</strong></span> <span class='ocrx_word' id='word_1_93' title='bbox 770 1710 944 1764; x_wconf 83' lang='lat' dir='ltr'><strong>enim.</strong></span> <span class='ocrx_word' id='word_1_94' title='bbox 977 1703 1279 1771; x_wconf 91' lang='lat' dir='ltr'><strong>Quomodo</strong></span> <span class='ocrx_word' id='word_1_95' title='bbox 1311 1703 1368 1757; x_wconf 89' lang='lat' dir='ltr'><strong>et</strong></span> <span class='ocrx_word' id='word_1_96' title='bbox 1398 1715 1500 1772; x_wconf 90' lang='lat' dir='ltr'>per</span> <span class='ocrx_word' id='word_1_97' title='bbox 1530 1696 1669 1770; x_wconf 90' lang='lat' dir='ltr'><strong>quid</strong></span> <span class='ocrx_word' id='word_1_98' title='bbox 1714 1710 2043 1768; x_wconf 84' lang='lat' dir='ltr'><strong>expurgen-</strong></span> 
     </span>
    </p>
   </div>
   <div class='ocr_carea' id='block_1_16' title="bbox 385 1783 2043 1866">
    <p class='ocr_par' dir='ltr' id='par_1_16' title="bbox 385 1783 2043 1866">
     <span class='ocr_line' id='line_1_17' title="bbox 385 1783 2043 1866; baseline -0.014 -7"><span class='ocrx_word' id='word_1_99' title='bbox 385 1807 485 1859; x_wconf 90' lang='lat' dir='ltr'><strong>tur</strong></span> <span class='ocrx_word' id='word_1_100' title='bbox 513 1783 571 1857; x_wconf 84' lang='lat' dir='ltr'>et</span> <span class='ocrx_word' id='word_1_101' title='bbox 598 1799 991 1866; x_wconf 90' lang='lat' dir='ltr'><strong>illustrentur,</strong></span> <span class='ocrx_word' id='word_1_102' title='bbox 1022 1799 1199 1866; x_wconf 90' lang='lat' dir='ltr'><strong>atque</strong></span> <span class='ocrx_word' id='word_1_103' title='bbox 1229 1789 1614 1864; x_wconf 84' lang='lat' dir='ltr'><strong>perficiantur</strong></span> <span class='ocrx_word' id='word_1_104' title='bbox 1655 1784 1833 1841; x_wconf 90' lang='lat' dir='ltr'><strong>medii</strong></span> <span class='ocrx_word' id='word_1_105' title='bbox 1883 1783 2043 1839; x_wconf 89' lang='lat' dir='ltr'><strong>ordi-</strong></span> 
     </span>
    </p>
   </div>
   <div class='ocr_carea' id='block_1_17' title="bbox 2137 615 3802 695">
    <p class='ocr_par' dir='ltr' id='par_1_17' title="bbox 2137 615 3802 695">
     <span class='ocr_line' id='line_1_18' title="bbox 2137 615 3802 695; baseline -0.004 -17"><span class='ocrx_word' id='word_1_106' title='bbox 2137 623 2352 679; x_wconf 77' lang='grc' dir='ltr'>οἰκείων</span> <span class='ocrx_word' id='word_1_107' title='bbox 2394 627 2518 684; x_wconf 80' lang='grc' dir='ltr'>ταῖς</span> <span class='ocrx_word' id='word_1_108' title='bbox 2575 622 2690 695; x_wconf 84' lang='grc' dir='ltr'>μετ’</span> <span class='ocrx_word' id='word_1_109' title='bbox 2741 619 2906 682; x_wconf 77' lang='grc' dir='ltr'>αύτᾶς</span> <span class='ocrx_word' id='word_1_110' title='bbox 2953 618 3044 674; x_wconf 85' lang='grc' dir='ltr'>καὶ</span> <span class='ocrx_word' id='word_1_111' title='bbox 3089 617 3184 680; x_wconf 75' lang='grc' dir='ltr'>τὰς</span> <span class='ocrx_word' id='word_1_112' title='bbox 3233 615 3498 690; x_wconf 67' lang='grc' dir='ltr'>δυνάμεις</span> <span class='ocrx_word' id='word_1_113' title='bbox 3533 615 3802 693; x_wconf 85' lang='grc' dir='ltr'>δυναμοῦν</span> 
     </span>
    </p>
   </div>
   <div class='ocr_carea' id='block_1_18' title="bbox 2135 705 3806 784">
    <p class='ocr_par' dir='ltr' id='par_1_18' title="bbox 2135 705 3806 784">
     <span class='ocr_line' id='line_1_19' title="bbox 2135 705 3806 784; baseline -0.004 -16"><span class='ocrx_word' id='word_1_114' title='bbox 2135 712 2230 774; x_wconf 78' lang='grc' dir='ltr'>τὰς</span> <span class='ocrx_word' id='word_1_115' title='bbox 2293 711 2680 784; x_wconf 72' lang='grc' dir='ltr'>ὑποκειμένας·</span> <span class='ocrx_word' id='word_1_116' title='bbox 2739 707 2894 784; x_wconf 64' lang='grc' dir='ltr'>ἴσμεν</span> <span class='ocrx_word' id='word_1_117' title='bbox 2947 705 3026 778; x_wconf 78' lang='grc' dir='ltr'>δὲ,</span> <span class='ocrx_word' id='word_1_118' title='bbox 3079 709 3163 763; x_wconf 82' lang='grc' dir='ltr'>δτι</span> <span class='ocrx_word' id='word_1_119' title='bbox 3210 707 3301 762; x_wconf 82' lang='grc' dir='ltr'>καὶ</span> <span class='ocrx_word' id='word_1_120' title='bbox 3349 707 3441 762; x_wconf 89' lang='grc' dir='ltr'>τὸν</span> <span class='ocrx_word' id='word_1_121' title='bbox 3473 705 3678 778; x_wconf 81' lang='grc' dir='ltr'>Δανιὴλ</span> <span class='ocrx_word' id='word_1_122' title='bbox 3712 709 3806 784; x_wconf 83' lang='grc' dir='ltr'>γέ-</span> 
     </span>
    </p>
   </div>
   <div class='ocr_carea' id='block_1_19' title="bbox 2137 792 3801 878">
    <p class='ocr_par' dir='ltr' id='par_1_19' title="bbox 2137 792 3801 878">
     <span class='ocr_line' id='line_1_20' title="bbox 2137 792 3801 878; baseline -0.003 -23"><span class='ocrx_word' id='word_1_123' title='bbox 2137 821 2371 878; x_wconf 83' lang='grc' dir='ltr'>γραπται</span> <span class='ocrx_word' id='word_1_124' title='bbox 2423 797 2662 875; x_wconf 70' lang='grc' dir='ltr'>ἅγγελος</span> <span class='ocrx_word' id='word_1_125' title='bbox 2713 797 3003 872; x_wconf 70' lang='grc' dir='ltr'>ἐνισχύων,</span> <span class='ocrx_word' id='word_1_126' title='bbox 3051 795 3142 851; x_wconf 86' lang='grc' dir='ltr'>καὶ</span> <span class='ocrx_word' id='word_1_127' title='bbox 3191 792 3398 860; x_wconf 74' lang='grc' dir='ltr'>ἄλλους</span> <span class='ocrx_word' id='word_1_128' title='bbox 3431 814 3445 828; x_wconf 82' lang='lat'><strong>&#39;</strong></span> <span class='ocrx_word' id='word_1_129' title='bbox 3497 795 3588 850; x_wconf 83' lang='grc' dir='ltr'>καὶ</span> <span class='ocrx_word' id='word_1_130' title='bbox 3638 796 3701 851; x_wconf 84' lang='grc' dir='ltr'>τὸ</span> <span class='ocrx_word' id='word_1_131' title='bbox 3734 793 3801 867; x_wconf 82' lang='grc' dir='ltr'>δὴ</span> 
     </span>
    </p>
   </div>
   <div class='ocr_carea' id='block_1_20' title="bbox 2139 882 3802 961">
    <p class='ocr_par' dir='ltr' id='par_1_20' title="bbox 2139 882 3802 961">
     <span class='ocr_line' id='line_1_21' title="bbox 2139 882 3802 961; baseline -0.004 -17"><span class='ocrx_word' id='word_1_132' title='bbox 2139 888 2353 944; x_wconf 84' lang='grc' dir='ltr'>πάντων</span> <span class='ocrx_word' id='word_1_133' title='bbox 2391 893 2594 961; x_wconf 81' lang='grc' dir='ltr'>μεῖζον,</span> <span class='ocrx_word' id='word_1_134' title='bbox 2645 887 2736 942; x_wconf 84' lang='grc' dir='ltr'>καὶ</span> <span class='ocrx_word' id='word_1_135' title='bbox 2781 886 2945 941; x_wconf 82' lang='grc' dir='ltr'>αὐτὸν</span> <span class='ocrx_word' id='word_1_136' title='bbox 2993 885 3084 940; x_wconf 86' lang='grc' dir='ltr'>τὸν</span> <span class='ocrx_word' id='word_1_137' title='bbox 3133 882 3334 961; x_wconf 80' lang='grc' dir='ltr'>Κύριον</span> <span class='ocrx_word' id='word_1_138' title='bbox 3385 886 3548 957; x_wconf 75' lang='grc' dir='ltr'>ἡμῶν</span> <span class='ocrx_word' id='word_1_139' title='bbox 3594 885 3802 956; x_wconf 79' lang='grc' dir='ltr'>Ἰησοῦν</span> 
     </span>
    </p>
   </div>
   <div class='ocr_carea' id='block_1_21' title="bbox 2142 973 3804 1055">
    <p class='ocr_par' dir='ltr' id='par_1_21' title="bbox 2142 973 3804 1055">
     <span class='ocr_line' id='line_1_22' title="bbox 2142 973 3804 1055; baseline -0.004 -21"><span class='ocrx_word' id='word_1_140' title='bbox 2142 978 2396 1055; x_wconf 83' lang='grc' dir='ltr'>Χριστὸν,</span> <span class='ocrx_word' id='word_1_141' title='bbox 2431 978 2524 1032; x_wconf 80' lang='grc' dir='ltr'>ἅτε</span> <span class='ocrx_word' id='word_1_142' title='bbox 2563 977 2656 1031; x_wconf 81' lang='grc' dir='ltr'>καὶ</span> <span class='ocrx_word' id='word_1_143' title='bbox 2706 973 3017 1053; x_wconf 73' lang='grc' dir='ltr'>ἄνθρωπον,</span> <span class='ocrx_word' id='word_1_144' title='bbox 3069 975 3144 1038; x_wconf 85' lang='grc' dir='ltr'>ὡς</span> <span class='ocrx_word' id='word_1_145' title='bbox 3195 973 3246 1028; x_wconf 82' lang='grc' dir='ltr'>ἐν</span> <span class='ocrx_word' id='word_1_146' title='bbox 3295 977 3376 1047; x_wconf 79' lang='grc' dir='ltr'>τῷ</span> <span class='ocrx_word' id='word_1_147' title='bbox 3421 974 3557 1030; x_wconf 84' lang='grc' dir='ltr'>κατᾶ</span> <span class='ocrx_word' id='word_1_148' title='bbox 3591 977 3804 1030; x_wconf 81' lang='grc' dir='ltr'>Λουκᾶν</span> 
     </span>
    </p>
   </div>
   <div class='ocr_carea' id='block_1_22' title="bbox 2142 1064 2691 1144">
    <p class='ocr_par' dir='ltr' id='par_1_22' title="bbox 2142 1064 2691 1144">
     <span class='ocr_line' id='line_1_23' title="bbox 2142 1064 2691 1144; baseline -0.004 -19"><span class='ocrx_word' id='word_1_149' title='bbox 2142 1064 2465 1144; x_wconf 77' lang='grc' dir='ltr'>Εὖαγγελίῳ</span> <span class='ocrx_word' id='word_1_150' title='bbox 2493 1070 2691 1123; x_wconf 85' lang='grc' dir='ltr'>κεῖται.</span> 
     </span>
    </p>
   </div>
   <div class='ocr_carea' id='block_1_23' title="bbox 2216 1151 3810 1230">
    <p class='ocr_par' dir='ltr' id='par_1_23' title="bbox 2216 1151 3810 1230">
     <span class='ocr_line' id='line_1_24' title="bbox 2216 1151 3810 1230; baseline -0.003 -17"><span class='ocrx_word' id='word_1_151' title='bbox 2216 1156 2500 1228; x_wconf 81' lang='grc' dir='ltr'>Εὖταξίαν.</span> <span class='ocrx_word' id='word_1_152' title='bbox 2566 1155 2709 1230; x_wconf 86' lang='grc' dir='ltr'>Πρὸς</span> <span class='ocrx_word' id='word_1_153' title='bbox 2783 1158 2864 1227; x_wconf 82' lang='grc' dir='ltr'>τῷ</span> <span class='ocrx_word' id='word_1_154' title='bbox 2941 1154 3224 1228; x_wconf 81' lang='grc' dir='ltr'>ἀνωτέρως</span> <span class='ocrx_word' id='word_1_155' title='bbox 3299 1155 3345 1190; x_wconf 75' lang='grc'>⁸⁴</span> <span class='ocrx_word' id='word_1_156' title='bbox 3421 1151 3660 1227; x_wconf 85' lang='grc' dir='ltr'>κειμένῴ</span> <span class='ocrx_word' id='word_1_157' title='bbox 3715 1153 3810 1209; x_wconf 85' lang='grc' dir='ltr'>καὶ</span> 
     </span>
    </p>
   </div>
   <div class='ocr_carea' id='block_1_24' title="bbox 2143 1241 3811 1320">
    <p class='ocr_par' dir='ltr' id='par_1_24' title="bbox 2143 1241 3811 1320">
     <span class='ocr_line' id='line_1_25' title="bbox 2143 1241 3811 1320; baseline -0.002 -18"><span class='ocrx_word' id='word_1_158' title='bbox 2143 1250 2312 1302; x_wconf 88' lang='grc' dir='ltr'>ταῦτα</span> <span class='ocrx_word' id='word_1_159' title='bbox 2370 1244 2713 1302; x_wconf 76' lang='grc' dir='ltr'>συντακτέον·</span> <span class='ocrx_word' id='word_1_160' title='bbox 2775 1243 2913 1300; x_wconf 76' lang='grc' dir='ltr'>κατὰ</span> <span class='ocrx_word' id='word_1_161' title='bbox 2968 1248 3152 1300; x_wconf 87' lang='grc' dir='ltr'>κοινοῦ</span> <span class='ocrx_word' id='word_1_162' title='bbox 3210 1241 3314 1320; x_wconf 79' lang='grc' dir='ltr'>γὰρ</span> <span class='ocrx_word' id='word_1_163' title='bbox 3370 1244 3433 1298; x_wconf 88' lang='grc' dir='ltr'>τὸ</span> <span class='ocrx_word' id='word_1_164' title='bbox 3493 1245 3651 1317; x_wconf 79' lang='grc' dir='ltr'>οἶμαι</span> <span class='ocrx_word' id='word_1_165' title='bbox 3709 1241 3811 1315; x_wconf 87' lang='grc' dir='ltr'>δη-</span> 
     </span>
    </p>
   </div>
   <div class='ocr_carea' id='block_1_25' title="bbox 2151 1335 2308 1392">
    <p class='ocr_par' dir='ltr' id='par_1_25' title="bbox 2151 1335 2308 1392">
     <span class='ocr_line' id='line_1_26' title="bbox 2151 1335 2308 1392; baseline 0.006 -1"><span class='ocrx_word' id='word_1_166' title='bbox 2151 1335 2308 1392; x_wconf 87' lang='grc' dir='ltr'>λοῦν.</span> 
     </span>
    </p>
   </div>
   <div class='ocr_carea' id='block_1_26' title="bbox 2221 1421 3821 1504">
    <p class='ocr_par' dir='ltr' id='par_1_26' title="bbox 2221 1421 3821 1504">
     <span class='ocr_line' id='line_1_27' title="bbox 2221 1421 3821 1504; baseline -0.003 -21"><span class='ocrx_word' id='word_1_167' title='bbox 2221 1424 2704 1504; x_wconf 83' lang='grc' dir='ltr'>Ἀφομοιωμένης.</span> <span class='ocrx_word' id='word_1_168' title='bbox 2755 1425 2880 1482; x_wconf 77' lang='grc' dir='ltr'>’Ὀτι</span> <span class='ocrx_word' id='word_1_169' title='bbox 2932 1424 3021 1478; x_wconf 86' lang='grc' dir='ltr'>καὶ</span> <span class='ocrx_word' id='word_1_170' title='bbox 3081 1428 3184 1493; x_wconf 83' lang='grc' dir='ltr'>τῆς</span> <span class='ocrx_word' id='word_1_171' title='bbox 3241 1421 3483 1493; x_wconf 79' lang='grc' dir='ltr'>ἐξουσίας</span> <span class='ocrx_word' id='word_1_172' title='bbox 3541 1421 3667 1478; x_wconf 78' lang='grc' dir='ltr'>ὅσον</span> <span class='ocrx_word' id='word_1_173' title='bbox 3723 1422 3821 1478; x_wconf 83' lang='grc' dir='ltr'>αύ-</span> 
     </span>
    </p>
   </div>
   <div class='ocr_carea' id='block_1_27' title="bbox 2146 1509 3818 1590">
    <p class='ocr_par' dir='ltr' id='par_1_27' title="bbox 2146 1509 3818 1590">
     <span class='ocr_line' id='line_1_28' title="bbox 2146 1509 3818 1590; baseline -0.001 -20"><span class='ocrx_word' id='word_1_174' title='bbox 2146 1520 2266 1577; x_wconf 84' lang='grc' dir='ltr'>ταῖς</span> <span class='ocrx_word' id='word_1_175' title='bbox 2298 1514 2542 1588; x_wconf 86' lang='grc' dir='ltr'>θεμιτὸν,</span> <span class='ocrx_word' id='word_1_176' title='bbox 2572 1513 2647 1577; x_wconf 85' lang='grc' dir='ltr'>ὠς</span> <span class='ocrx_word' id='word_1_177' title='bbox 2679 1511 2936 1590; x_wconf 77' lang='grc' dir='ltr'>ἀγγέλοις</span> <span class='ocrx_word' id='word_1_178' title='bbox 2991 1511 3164 1582; x_wconf 76' lang='grc' dir='ltr'>οὖσιν,</span> <span class='ocrx_word' id='word_1_179' title='bbox 3216 1513 3270 1566; x_wconf 77' lang='grc' dir='ltr'>αἱ</span> <span class='ocrx_word' id='word_1_180' title='bbox 3319 1513 3510 1582; x_wconf 84' lang='grc' dir='ltr'>νοηταὶ</span> <span class='ocrx_word' id='word_1_181' title='bbox 3556 1509 3818 1586; x_wconf 85' lang='grc' dir='ltr'>δυνάμεις</span> 
     </span>
    </p>
   </div>
   <div class='ocr_carea' id='block_1_28' title="bbox 2148 1601 3054 1676">
    <p class='ocr_par' dir='ltr' id='par_1_28' title="bbox 2148 1601 3054 1676">
     <span class='ocr_line' id='line_1_29' title="bbox 2148 1601 3054 1676; baseline -0.001 -17"><span class='ocrx_word' id='word_1_182' title='bbox 2148 1608 2265 1666; x_wconf 89' lang='grc' dir='ltr'>τοῖς</span> <span class='ocrx_word' id='word_1_183' title='bbox 2301 1604 2417 1676; x_wconf 90' lang='grc' dir='ltr'>μετ’</span> <span class='ocrx_word' id='word_1_184' title='bbox 2449 1602 2646 1664; x_wconf 78' lang='grc' dir='ltr'>αὐτοὺς</span> <span class='ocrx_word' id='word_1_185' title='bbox 2679 1601 3054 1676; x_wconf 83' lang='grc' dir='ltr'>μεταδιδόασι.</span> 
     </span>
    </p>
   </div>
   <div class='ocr_carea' id='block_1_29' title="bbox 2224 1687 3819 1768">
    <p class='ocr_par' dir='ltr' id='par_1_29' title="bbox 2224 1687 3819 1768">
     <span class='ocr_line' id='line_1_30' title="bbox 2224 1687 3819 1768; baseline -0.001 -20"><span class='ocrx_word' id='word_1_186' title='bbox 2224 1691 2544 1767; x_wconf 80' lang='grc' dir='ltr'>Καθαίρεται</span> <span class='ocrx_word' id='word_1_187' title='bbox 2601 1691 2723 1768; x_wconf 89' lang='grc' dir='ltr'>γάρ.</span> <span class='ocrx_word' id='word_1_188' title='bbox 2787 1695 2910 1754; x_wconf 86' lang='grc' dir='ltr'>Πῶς</span> <span class='ocrx_word' id='word_1_189' title='bbox 2967 1690 3058 1746; x_wconf 89' lang='grc' dir='ltr'>καὶ</span> <span class='ocrx_word' id='word_1_190' title='bbox 3113 1687 3204 1746; x_wconf 79' lang='grc' dir='ltr'>διὰ</span> <span class='ocrx_word' id='word_1_191' title='bbox 3247 1689 3395 1754; x_wconf 87' lang='grc' dir='ltr'>τίνος</span> <span class='ocrx_word' id='word_1_192' title='bbox 3443 1690 3819 1768; x_wconf 75' lang='grc' dir='ltr'>καθαίρονται,</span> 
     </span>
    </p>
   </div>
   <div class='ocr_carea' id='block_1_30' title="bbox 2153 1778 3819 1861">
    <p class='ocr_par' dir='ltr' id='par_1_30' title="bbox 2153 1778 3819 1861">
     <span class='ocr_line' id='line_1_31' title="bbox 2153 1778 3819 1861; baseline -0.001 -24"><span class='ocrx_word' id='word_1_193' title='bbox 2153 1783 2240 1837; x_wconf 80' lang='grc' dir='ltr'>καὶ</span> <span class='ocrx_word' id='word_1_194' title='bbox 2275 1781 2625 1861; x_wconf 78' lang='grc' dir='ltr'>φωτίζονται,</span> <span class='ocrx_word' id='word_1_195' title='bbox 2656 1779 2748 1837; x_wconf 67' lang='grc' dir='ltr'><strong>καῖ</strong></span> <span class='ocrx_word' id='word_1_196' title='bbox 2799 1780 3304 1855; x_wconf 84' lang='grc' dir='ltr'>τελεσιουργοῦνται</span> <span class='ocrx_word' id='word_1_197' title='bbox 3337 1780 3391 1834; x_wconf 69' lang='grc' dir='ltr'>αἱ</span> <span class='ocrx_word' id='word_1_198' title='bbox 3425 1778 3582 1853; x_wconf 81' lang='grc' dir='ltr'>μέσαι</span> <span class='ocrx_word' id='word_1_199' title='bbox 3613 1781 3819 1851; x_wconf 77' lang='grc' dir='ltr'>τάξεις·</span> 
     </span>
    </p>
   </div>
   <div class='ocr_carea' id='block_1_31' title="bbox 391 1866 2050 1977">
    <p class='ocr_par' dir='ltr' id='par_1_31' title="bbox 391 1873 2042 1961">
     <span class='ocr_line' id='line_1_32' title="bbox 391 1873 2042 1961; baseline -0.013 -13"><span class='ocrx_word' id='word_1_200' title='bbox 391 1908 497 1948; x_wconf 90' lang='lat' dir='ltr'>nes</span> <span class='ocrx_word' id='word_1_201' title='bbox 521 1908 534 1947; x_wconf 91' lang='lat'><strong>:</strong></span> <span class='ocrx_word' id='word_1_202' title='bbox 569 1895 627 1945; x_wconf 91' lang='lat' dir='ltr'>et</span> <span class='ocrx_word' id='word_1_203' title='bbox 656 1889 810 1961; x_wconf 89' lang='lat' dir='ltr'><strong>quod</strong></span> <span class='ocrx_word' id='word_1_204' title='bbox 843 1885 1150 1957; x_wconf 88' lang='lat' dir='ltr'><strong>Scriptura</strong></span> <span class='ocrx_word' id='word_1_205' title='bbox 1177 1881 1376 1947; x_wconf 88' lang='lat' dir='ltr'><strong>habet,</strong></span> <span class='ocrx_word' id='word_1_206' title='bbox 1399 1877 1552 1949; x_wconf 90' lang='lat' dir='ltr'><strong>quod</strong></span> <span class='ocrx_word' id='word_1_207' title='bbox 1587 1875 1740 1932; x_wconf 87' lang='lat' dir='ltr'><strong>alius</strong></span> <span class='ocrx_word' id='word_1_208' title='bbox 1770 1875 1840 1929; x_wconf 89' lang='lat' dir='ltr'>ad</span> <span class='ocrx_word' id='word_1_209' title='bbox 1859 1873 2042 1928; x_wconf 89' lang='lat' dir='ltr'><strong>alium</strong></span> 
     </span>
    </p>
   </div>
   <div class='ocr_carea' id='block_1_32' title="bbox 2190 1866 3823 1977">
    <p class='ocr_par' dir='ltr' id='par_1_32' title="bbox 2190 1866 3823 1977">
     <span class='ocr_line' id='line_1_33' title="bbox 2190 1866 3823 1977; baseline -0.001 -51"><span class='ocrx_word' id='word_1_210' title='bbox 2190 1870 2354 1977; x_wconf 54' lang='grc' dir='ltr'>αὶέτι</span> <span class='ocrx_word' id='word_1_211' title='bbox 2382 1869 2944 1977; x_wconf 31' lang='grc' dir='ltr'>’ἔχειὶηιΓραφίἦιώξ</span> <span class='ocrx_word' id='word_1_212' title='bbox 2997 1867 3168 1932; x_wconf 82' lang='grc' dir='ltr'>ἄλλος</span> <span class='ocrx_word' id='word_1_213' title='bbox 3215 1866 3374 1942; x_wconf 72' lang='grc' dir='ltr'>ἄλλῳ</span> <span class='ocrx_word' id='word_1_214' title='bbox 3415 1867 3651 1945; x_wconf 75' lang='grc' dir='ltr'>ἄγγελος</span> <span class='ocrx_word' id='word_1_215' title='bbox 3697 1867 3823 1925; x_wconf 87' lang='grc' dir='ltr'>δια-</span> 
     </span>
    </p>
   </div>
   <div class='ocr_carea' id='block_1_33' title="bbox 393 1969 1383 2047">
    <p class='ocr_par' dir='ltr' id='par_1_33' title="bbox 393 1969 1383 2047">
     <span class='ocr_line' id='line_1_34' title="bbox 393 1969 1383 2047; baseline -0.013 -10"><span class='ocrx_word' id='word_1_216' title='bbox 393 1978 638 2047; x_wconf 77' lang='lat' dir='ltr'><strong>angelus</strong></span> <span class='ocrx_word' id='word_1_217' title='bbox 669 1975 927 2047; x_wconf 88' lang='lat' dir='ltr'><strong>trajiciat</strong></span> <span class='ocrx_word' id='word_1_218' title='bbox 960 1972 1160 2028; x_wconf 88' lang='lat' dir='ltr'><strong>divina</strong></span> <span class='ocrx_word' id='word_1_219' title='bbox 1192 1969 1383 2042; x_wconf 85' lang='lat' dir='ltr'><strong>signa.</strong></span> 
     </span>
    </p>
   </div>
   <div class='ocr_carea' id='block_1_34' title="bbox 464 2051 2048 2139">
    <p class='ocr_par' dir='ltr' id='par_1_34' title="bbox 464 2051 2048 2139">
     <span class='ocr_line' id='line_1_35' title="bbox 464 2051 2048 2139; baseline -0.013 -14"><span class='ocrx_word' id='word_1_220' title='bbox 464 2071 532 2124; x_wconf 82' lang='lat' dir='ltr'><strong>Et</strong></span> <span class='ocrx_word' id='word_1_221' title='bbox 559 2084 657 2139; x_wconf 88' lang='lat' dir='ltr'>per</span> <span class='ocrx_word' id='word_1_222' title='bbox 684 2065 950 2121; x_wconf 83' lang='lat' dir='ltr'><strong>medium.</strong></span> <span class='ocrx_word' id='word_1_223' title='bbox 985 2059 1377 2117; x_wconf 86' lang='lat' dir='ltr'><strong>Perfectiones</strong></span> <span class='ocrx_word' id='word_1_224' title='bbox 1410 2073 1513 2129; x_wconf 89' lang='lat' dir='ltr'>per</span> <span class='ocrx_word' id='word_1_225' title='bbox 1556 2053 1782 2109; x_wconf 86' lang='lat' dir='ltr'><strong>medios</strong></span> <span class='ocrx_word' id='word_1_226' title='bbox 1830 2051 2048 2108; x_wconf 81' lang='lat' dir='ltr'><strong>obscu-</strong></span> 
     </span>
    </p>
   </div>
   <div class='ocr_carea' id='block_1_35' title="bbox 394 2139 2046 2223">
    <p class='ocr_par' dir='ltr' id='par_1_35' title="bbox 394 2139 2046 2223">
     <span class='ocr_line' id='line_1_36' title="bbox 394 2139 2046 2223; baseline -0.013 -9"><span class='ocrx_word' id='word_1_227' title='bbox 394 2159 580 2214; x_wconf 89' lang='lat' dir='ltr'><strong>riores</strong></span> <span class='ocrx_word' id='word_1_228' title='bbox 611 2170 740 2212; x_wconf 87' lang='lat' dir='ltr'><strong>esse</strong></span> <span class='ocrx_word' id='word_1_229' title='bbox 772 2153 865 2223; x_wconf 86' lang='lat' dir='ltr'><strong>iis,</strong></span> <span class='ocrx_word' id='word_1_230' title='bbox 898 2167 1026 2214; x_wconf 73' lang='lat' dir='ltr'><strong>quas</strong></span> <span class='ocrx_word' id='word_1_231' title='bbox 1090 2148 1282 2220; x_wconf 89' lang='lat' dir='ltr'><strong>primo</strong></span> <span class='ocrx_word' id='word_1_232' title='bbox 1332 2147 1682 2219; x_wconf 80' lang='lat' dir='ltr'><strong>apparenter</strong></span> <span class='ocrx_word' id='word_1_233' title='bbox 1713 2160 1744 2198; x_wconf 88' lang='lat' dir='ltr'>a</span> <span class='ocrx_word' id='word_1_234' title='bbox 1779 2143 1890 2198; x_wconf 92' lang='lat' dir='ltr'><strong>Deo</strong></span> <span class='ocrx_word' id='word_1_235' title='bbox 1919 2139 2046 2196; x_wconf 82' lang='lat' dir='ltr'>efﬁ-</span> 
     </span>
    </p>
   </div>
   <div class='ocr_carea' id='block_1_36' title="bbox 395 2240 1261 2318">
    <p class='ocr_par' dir='ltr' id='par_1_36' title="bbox 395 2240 1261 2318">
     <span class='ocr_line' id='line_1_37' title="bbox 395 2240 1261 2318; baseline -0.014 -14"><span class='ocrx_word' id='word_1_236' title='bbox 395 2248 673 2315; x_wconf 87' lang='lat' dir='ltr'><strong>ciuntur;</strong></span> <span class='ocrx_word' id='word_1_237' title='bbox 708 2261 836 2318; x_wconf 68' lang='lat' dir='ltr'><strong>quas</strong></span> <span class='ocrx_word' id='word_1_238' title='bbox 866 2246 1005 2299; x_wconf 89' lang='lat' dir='ltr'><strong>sunt</strong></span> <span class='ocrx_word' id='word_1_239' title='bbox 1035 2240 1261 2313; x_wconf 70' lang='lat' dir='ltr'><strong>primm.</strong></span> 
     </span>
    </p>
   </div>
   <div class='ocr_carea' id='block_1_37' title="bbox 467 2320 2048 2408">
    <p class='ocr_par' dir='ltr' id='par_1_37' title="bbox 467 2320 2048 2408">
     <span class='ocr_line' id='line_1_38' title="bbox 467 2320 2048 2408; baseline -0.012 -15"><span class='ocrx_word' id='word_1_240' title='bbox 467 2339 596 2407; x_wconf 66' lang='lat' dir='ltr'><strong>Quae</strong></span> <span class='ocrx_word' id='word_1_241' title='bbox 623 2350 725 2408; x_wconf 84' lang='lat' dir='ltr'>per</span> <span class='ocrx_word' id='word_1_242' title='bbox 753 2333 938 2389; x_wconf 83' lang='lat' dir='ltr'><strong>aliam</strong></span> <span class='ocrx_word' id='word_1_243' title='bbox 958 2329 1192 2386; x_wconf 82' lang='lat' dir='ltr'><strong>dicitur.</strong></span> <span class='ocrx_word' id='word_1_244' title='bbox 1218 2325 1559 2383; x_wconf 88' lang='lat' dir='ltr'><strong>Secundum</strong></span> <span class='ocrx_word' id='word_1_245' title='bbox 1593 2339 1662 2379; x_wconf 88' lang='lat' dir='ltr'>ea</span> <span class='ocrx_word' id='word_1_246' title='bbox 1693 2339 1821 2395; x_wconf 67' lang='lat' dir='ltr'>qua</span> <span class='ocrx_word' id='word_1_247' title='bbox 1847 2320 1906 2376; x_wconf 90' lang='lat' dir='ltr'>in</span> <span class='ocrx_word' id='word_1_248' title='bbox 1942 2321 2048 2375; x_wconf 89' lang='lat' dir='ltr'>Za-</span> 
     </span>
    </p>
   </div>
   <div class='ocr_carea' id='block_1_38' title="bbox 393 2411 2046 2494">
    <p class='ocr_par' dir='ltr' id='par_1_38' title="bbox 393 2411 2046 2494">
     <span class='ocr_line' id='line_1_39' title="bbox 393 2411 2046 2494; baseline -0.011 -12"><span class='ocrx_word' id='word_1_249' title='bbox 393 2425 615 2494; x_wconf 89' lang='lat' dir='ltr'><strong>charia,</strong></span> <span class='ocrx_word' id='word_1_250' title='bbox 648 2427 706 2479; x_wconf 88' lang='lat' dir='ltr'>et</span> <span class='ocrx_word' id='word_1_251' title='bbox 725 2419 981 2489; x_wconf 88' lang='lat' dir='ltr'><strong>Daniele,</strong></span> <span class='ocrx_word' id='word_1_252' title='bbox 1005 2422 1064 2475; x_wconf 88' lang='lat' dir='ltr'>et</span> <span class='ocrx_word' id='word_1_253' title='bbox 1081 2414 1381 2472; x_wconf 85' lang='lat' dir='ltr'><strong>Ezechiele</strong></span> <span class='ocrx_word' id='word_1_254' title='bbox 1405 2412 1712 2487; x_wconf 84' lang='lat' dir='ltr'><strong>prOphetis</strong></span> <span class='ocrx_word' id='word_1_255' title='bbox 1733 2411 2046 2467; x_wconf 87' lang='lat' dir='ltr'><strong>habentur.</strong></span> 
     </span>
    </p>
   </div>
   <div class='ocr_carea' id='block_1_39' title="bbox 471 2587 2053 2672">
    <p class='ocr_par' dir='ltr' id='par_1_39' title="bbox 471 2587 2053 2672">
     <span class='ocr_line' id='line_1_40' title="bbox 471 2587 2053 2672; baseline -0.021 -10"><span class='ocrx_word' id='word_1_256' title='bbox 471 2605 748 2672; x_wconf 57' lang='lat' dir='ltr'><strong>Obscura,</strong></span> <span class='ocrx_word' id='word_1_257' title='bbox 783 2600 880 2658; x_wconf 85' lang='lat' dir='ltr'>Gr.</span> <span class='ocrx_word' id='word_1_258' title='bbox 942 2592 1364 2670; x_wconf 77' lang='grc' dir='ltr'>ἀμυδρουμένης</span> <span class='ocrx_word' id='word_1_259' title='bbox 1407 2587 1862 2666; x_wconf 70' lang='grc' dir='ltr'>Ἀμυδρουμὲνης</span> <span class='ocrx_word' id='word_1_260' title='bbox 1912 2587 2053 2644; x_wconf 70' lang='lat' dir='ltr'>obs-</span> 
     </span>
    </p>
   </div>
   <div class='ocr_carea' id='block_1_40' title="bbox 400 2678 2052 2760">
    <p class='ocr_par' dir='ltr' id='par_1_40' title="bbox 400 2678 2052 2760">
     <span class='ocr_line' id='line_1_41' title="bbox 400 2678 2052 2760; baseline -0.013 -9"><span class='ocrx_word' id='word_1_261' title='bbox 400 2712 553 2751; x_wconf 64' lang='lat' dir='ltr'><strong>cura:</strong></span> <span class='ocrx_word' id='word_1_262' title='bbox 585 2691 753 2760; x_wconf 88' lang='lat' dir='ltr'><strong>dixit,</strong></span> <span class='ocrx_word' id='word_1_263' title='bbox 784 2706 902 2746; x_wconf 92' lang='lat' dir='ltr'>non</span> <span class='ocrx_word' id='word_1_264' title='bbox 934 2691 1175 2760; x_wconf 83' lang='lat' dir='ltr'><strong>prapter</strong></span> <span class='ocrx_word' id='word_1_265' title='bbox 1197 2682 1496 2756; x_wconf 85' lang='lat' dir='ltr'><strong>propriam</strong></span> <span class='ocrx_word' id='word_1_266' title='bbox 1525 2683 1655 2752; x_wconf 85' lang='lat' dir='ltr'><strong>ejus</strong></span> <span class='ocrx_word' id='word_1_267' title='bbox 1686 2678 2052 2742; x_wconf 88' lang='lat' dir='ltr'><strong>relationem,</strong></span> 
     </span>
    </p>
   </div>
   <div class='ocr_carea' id='block_1_41' title="bbox 403 2766 2055 2854">
    <p class='ocr_par' dir='ltr' id='par_1_41' title="bbox 403 2766 2055 2854">
     <span class='ocr_line' id='line_1_42' title="bbox 403 2766 2055 2854; baseline -0.013 -14"><span class='ocrx_word' id='word_1_268' title='bbox 403 2785 506 2841; x_wconf 88' lang='lat' dir='ltr'>sed</span> <span class='ocrx_word' id='word_1_269' title='bbox 538 2786 776 2854; x_wconf 90' lang='lat' dir='ltr'><strong>propter</strong></span> <span class='ocrx_word' id='word_1_270' title='bbox 805 2775 1204 2833; x_wconf 88' lang='lat' dir='ltr'><strong>humilitatem</strong></span> <span class='ocrx_word' id='word_1_271' title='bbox 1239 2771 1688 2845; x_wconf 83' lang='lat' dir='ltr'><strong>recipientium;</strong></span> <span class='ocrx_word' id='word_1_272' title='bbox 1737 2767 1848 2822; x_wconf 89' lang='lat' dir='ltr'>hoc</span> <span class='ocrx_word' id='word_1_273' title='bbox 1896 2766 2055 2821; x_wconf 90' lang='lat' dir='ltr'><strong>enim</strong></span> 
     </span>
    </p>
   </div>
   <div class='ocr_carea' id='block_1_42' title="bbox 403 2855 2058 2944">
    <p class='ocr_par' dir='ltr' id='par_1_42' title="bbox 403 2855 2058 2944">
     <span class='ocr_line' id='line_1_43' title="bbox 403 2855 2058 2944; baseline -0.012 -16"><span class='ocrx_word' id='word_1_274' title='bbox 403 2871 702 2944; x_wconf 79' lang='lat' dir='ltr'><strong>significat</strong></span> <span class='ocrx_word' id='word_1_275' title='bbox 733 2866 977 2923; x_wconf 91' lang='lat' dir='ltr'><strong>dicendo</strong></span> <span class='ocrx_word' id='word_1_276' title='bbox 1011 2860 1331 2936; x_wconf 83' lang='grc' dir='ltr'>δευτέρωσιν</span> <span class='ocrx_word' id='word_1_277' title='bbox 1366 2857 1766 2933; x_wconf 84' lang='lat' dir='ltr'><strong>perfectionis,</strong></span> <span class='ocrx_word' id='word_1_278' title='bbox 1802 2855 1909 2911; x_wconf 88' lang='lat' dir='ltr'>hoc</span> <span class='ocrx_word' id='word_1_279' title='bbox 1969 2857 2058 2909; x_wconf 89' lang='lat' dir='ltr'>est</span> 
     </span>
    </p>
   </div>
   <div class='ocr_carea' id='block_1_43' title="bbox 405 2953 1256 3030">
    <p class='ocr_par' dir='ltr' id='par_1_43' title="bbox 405 2953 1256 3030">
     <span class='ocr_line' id='line_1_44' title="bbox 405 2953 1256 3030; baseline -0.014 -12"><span class='ocrx_word' id='word_1_280' title='bbox 405 2959 713 3018; x_wconf 88' lang='lat' dir='ltr'><strong>obscurius</strong></span> <span class='ocrx_word' id='word_1_281' title='bbox 743 2955 946 3030; x_wconf 86' lang='lat' dir='ltr'><strong>perﬁci</strong></span> <span class='ocrx_word' id='word_1_282' title='bbox 975 2953 1256 3010; x_wconf 87' lang='lat' dir='ltr'><strong>secunda.</strong></span> 
     </span>
    </p>
   </div>
   <div class='ocr_carea' id='block_1_44' title="bbox 476 3033 2058 3116">
    <p class='ocr_par' dir='ltr' id='par_1_44' title="bbox 476 3033 2058 3116">
     <span class='ocr_line' id='line_1_45' title="bbox 476 3033 2058 3116; baseline -0.013 -10"><span class='ocrx_word' id='word_1_283' title='bbox 476 3049 677 3106; x_wconf 80' lang='lat' dir='ltr'><strong>Periti.</strong></span> <span class='ocrx_word' id='word_1_284' title='bbox 710 3046 878 3115; x_wconf 89' lang='lat' dir='ltr'><strong>Nota,</strong></span> <span class='ocrx_word' id='word_1_285' title='bbox 912 3043 1208 3116; x_wconf 90' lang='lat' dir='ltr'><strong>quomodo</strong></span> <span class='ocrx_word' id='word_1_286' title='bbox 1248 3039 1584 3096; x_wconf 84' lang='lat' dir='ltr'><strong>sacerdotes</strong></span> <span class='ocrx_word' id='word_1_287' title='bbox 1632 3035 1755 3090; x_wconf 67' lang='lat' dir='ltr'><strong>haec</strong></span> <span class='ocrx_word' id='word_1_288' title='bbox 1799 3033 2058 3090; x_wconf 90' lang='lat' dir='ltr'><strong>tradide-</strong></span> 
     </span>
    </p>
   </div>
   <div class='ocr_carea' id='block_1_45' title="bbox 406 3127 2057 3209">
    <p class='ocr_par' dir='ltr' id='par_1_45' title="bbox 406 3127 2057 3209">
     <span class='ocr_line' id='line_1_46' title="bbox 406 3127 2057 3209; baseline -0.012 -13"><span class='ocrx_word' id='word_1_289' title='bbox 406 3143 548 3196; x_wconf 88' lang='lat' dir='ltr'><strong>runt</strong></span> <span class='ocrx_word' id='word_1_290' title='bbox 577 3152 792 3209; x_wconf 88' lang='lat' dir='ltr'><strong>magno</strong></span> <span class='ocrx_word' id='word_1_291' title='bbox 825 3132 1140 3205; x_wconf 85' lang='lat' dir='ltr'><strong>Dionysio;</strong></span> <span class='ocrx_word' id='word_1_292' title='bbox 1182 3127 1502 3206; x_wconf 76' lang='grc' dir='ltr'>αὐτοφανεῖς</span> <span class='ocrx_word' id='word_1_293' title='bbox 1541 3143 1643 3198; x_wconf 87' lang='lat' dir='ltr'>per</span> <span class='ocrx_word' id='word_1_294' title='bbox 1674 3139 1738 3181; x_wconf 87' lang='lat' dir='ltr'>se</span> <span class='ocrx_word' id='word_1_295' title='bbox 1769 3139 2057 3195; x_wconf 86' lang='lat' dir='ltr'><strong>apparen-</strong></span> 
     </span>
    </p>
   </div>
   <div class='ocr_carea' id='block_1_46' title="bbox 405 3215 2060 3293">
    <p class='ocr_par' dir='ltr' id='par_1_46' title="bbox 405 3215 2060 3293">
     <span class='ocr_line' id='line_1_47' title="bbox 405 3215 2060 3293; baseline -0.011 -9"><span class='ocrx_word' id='word_1_296' title='bbox 405 3233 495 3284; x_wconf 89' lang='lat' dir='ltr'>tes</span> <span class='ocrx_word' id='word_1_297' title='bbox 527 3230 724 3282; x_wconf 89' lang='lat' dir='ltr'><strong>autem</strong></span> <span class='ocrx_word' id='word_1_298' title='bbox 753 3223 980 3280; x_wconf 87' lang='lat' dir='ltr'><strong>vocavit</strong></span> <span class='ocrx_word' id='word_1_299' title='bbox 1027 3222 1252 3293; x_wconf 88' lang='lat' dir='ltr'><strong>primas</strong></span> <span class='ocrx_word' id='word_1_300' title='bbox 1301 3217 1532 3272; x_wconf 89' lang='lat' dir='ltr'><strong>divinas</strong></span> <span class='ocrx_word' id='word_1_301' title='bbox 1570 3215 1857 3281; x_wconf 88' lang='lat' dir='ltr'><strong>virtutes;</strong></span> <span class='ocrx_word' id='word_1_302' title='bbox 1917 3227 2060 3282; x_wconf 90' lang='lat' dir='ltr'><strong>quo-</strong></span> 
     </span>
    </p>
   </div>
   <div class='ocr_carea' id='block_1_47' title="bbox 2154 1955 3004 2034">
    <p class='ocr_par' dir='ltr' id='par_1_47' title="bbox 2154 1955 3004 2034">
     <span class='ocr_line' id='line_1_48' title="bbox 2154 1955 3004 2034; baseline -0.002 -17"><span class='ocrx_word' id='word_1_303' title='bbox 2154 1960 2452 2034; x_wconf 80' lang='grc' dir='ltr'>πορθμεύει</span> <span class='ocrx_word' id='word_1_304' title='bbox 2479 1960 2547 2015; x_wconf 77' lang='grc' dir='ltr'>τὰ</span> <span class='ocrx_word' id='word_1_305' title='bbox 2578 1961 2695 2015; x_wconf 87' lang='grc' dir='ltr'>θεῖα</span> <span class='ocrx_word' id='word_1_306' title='bbox 2724 1955 3004 2032; x_wconf 75' lang='grc' dir='ltr'>σύμϐολα.</span> 
     </span>
    </p>
   </div>
   <div class='ocr_carea' id='block_1_48' title="bbox 2230 2044 3829 2122">
    <p class='ocr_par' dir='ltr' id='par_1_48' title="bbox 2230 2044 3829 2122">
     <span class='ocr_line' id='line_1_49' title="bbox 2230 2044 3829 2122; baseline -0.003 -16"><span class='ocrx_word' id='word_1_307' title='bbox 2230 2050 2330 2106; x_wconf 82' lang='grc' dir='ltr'>Καὶ</span> <span class='ocrx_word' id='word_1_308' title='bbox 2387 2046 2476 2104; x_wconf 79' lang='grc' dir='ltr'>διὰ</span> <span class='ocrx_word' id='word_1_309' title='bbox 2536 2047 2750 2122; x_wconf 71' lang='grc' dir='ltr'>μέσης.</span> <span class='ocrx_word' id='word_1_310' title='bbox 2809 2049 2932 2105; x_wconf 74' lang='grc' dir='ltr'>’Ὁτι</span> <span class='ocrx_word' id='word_1_311' title='bbox 2992 2048 3049 2102; x_wconf 74' lang='grc' dir='ltr'>αἱ</span> <span class='ocrx_word' id='word_1_312' title='bbox 3107 2044 3196 2102; x_wconf 70' lang='grc' dir='ltr'>διὰ</span> <span class='ocrx_word' id='word_1_313' title='bbox 3255 2047 3432 2121; x_wconf 81' lang='grc' dir='ltr'>μέσων</span> <span class='ocrx_word' id='word_1_314' title='bbox 3503 2045 3829 2112; x_wconf 80' lang='grc' dir='ltr'>τελειώσεις</span> 
     </span>
    </p>
   </div>
   <div class='ocr_carea' id='block_1_49' title="bbox 2159 2135 3828 2214">
    <p class='ocr_par' dir='ltr' id='par_1_49' title="bbox 2159 2135 3828 2214">
     <span class='ocr_line' id='line_1_50' title="bbox 2159 2135 3828 2214; baseline -0.002 -19"><span class='ocrx_word' id='word_1_315' title='bbox 2159 2136 2524 2214; x_wconf 80' lang='grc' dir='ltr'>ἀμυδρότεραι</span> <span class='ocrx_word' id='word_1_316' title='bbox 2552 2141 2660 2192; x_wconf 91' lang='grc' dir='ltr'>τῶν</span> <span class='ocrx_word' id='word_1_317' title='bbox 2687 2140 3066 2214; x_wconf 80' lang='grc' dir='ltr'>πρωτοφανῶς</span> <span class='ocrx_word' id='word_1_318' title='bbox 3090 2136 3193 2191; x_wconf 85' lang='grc' dir='ltr'>ὑπὸ</span> <span class='ocrx_word' id='word_1_319' title='bbox 3220 2140 3355 2192; x_wconf 89' lang='grc' dir='ltr'>Θεοῦ</span> <span class='ocrx_word' id='word_1_320' title='bbox 3387 2135 3794 2212; x_wconf 76' lang='grc' dir='ltr'>ἐνεργουμένων</span> <span class='ocrx_word' id='word_1_321' title='bbox 3812 2181 3828 2208; x_wconf 95' lang='grc'>,</span> 
     </span>
    </p>
   </div>
   <div class='ocr_carea' id='block_1_50' title="bbox 2159 2227 2761 2302">
    <p class='ocr_par' dir='ltr' id='par_1_50' title="bbox 2159 2227 2761 2302">
     <span class='ocr_line' id='line_1_51' title="bbox 2159 2227 2761 2302; baseline -0.002 -17"><span class='ocrx_word' id='word_1_322' title='bbox 2159 2227 2358 2291; x_wconf 75' lang='grc' dir='ltr'>α’ίτινές</span> <span class='ocrx_word' id='word_1_323' title='bbox 2392 2227 2494 2282; x_wconf 74' lang='grc' dir='ltr'>εἶσι</span> <span class='ocrx_word' id='word_1_324' title='bbox 2526 2230 2761 2302; x_wconf 88' lang='grc' dir='ltr'>πρῶται.</span> 
     </span>
    </p>
   </div>
   <div class='ocr_carea' id='block_1_51' title="bbox 2232 2313 3833 2389">
    <p class='ocr_par' dir='ltr' id='par_1_51' title="bbox 2232 2313 3833 2389">
     <span class='ocr_line' id='line_1_52' title="bbox 2232 2313 3833 2389; baseline -0.002 -14"><span class='ocrx_word' id='word_1_325' title='bbox 2232 2319 2347 2386; x_wconf 78' lang='grc' dir='ltr'>Τὴν</span> <span class='ocrx_word' id='word_1_326' title='bbox 2408 2313 2475 2372; x_wconf 84' lang='grc' dir='ltr'>δι’</span> <span class='ocrx_word' id='word_1_327' title='bbox 2564 2313 2740 2370; x_wconf 77' lang='grc' dir='ltr'>ἄλλου</span> <span class='ocrx_word' id='word_1_328' title='bbox 2819 2313 3156 2389; x_wconf 84' lang='grc' dir='ltr'>λεγομένην.</span> <span class='ocrx_word' id='word_1_329' title='bbox 3237 2315 3382 2370; x_wconf 84' lang='grc' dir='ltr'>Κατᾶ</span> <span class='ocrx_word' id='word_1_330' title='bbox 3462 2314 3530 2370; x_wconf 77' lang='grc' dir='ltr'>τὰ</span> <span class='ocrx_word' id='word_1_331' title='bbox 3603 2315 3655 2370; x_wconf 80' lang='grc' dir='ltr'>έν</span> <span class='ocrx_word' id='word_1_332' title='bbox 3739 2314 3833 2389; x_wconf 76' lang='grc' dir='ltr'>τῷ</span> 
     </span>
    </p>
   </div>
   <div class='ocr_carea' id='block_1_52' title="bbox 2161 2401 3834 2484">
    <p class='ocr_par' dir='ltr' id='par_1_52' title="bbox 2161 2401 3834 2484">
     <span class='ocr_line' id='line_1_53' title="bbox 2161 2401 3834 2484; baseline -0.001 -23"><span class='ocrx_word' id='word_1_333' title='bbox 2161 2405 2426 2483; x_wconf 76' lang='grc' dir='ltr'>Ζαχαρία,</span> <span class='ocrx_word' id='word_1_334' title='bbox 2475 2405 2565 2459; x_wconf 86' lang='grc' dir='ltr'>καὶ</span> <span class='ocrx_word' id='word_1_335' title='bbox 2617 2401 2844 2474; x_wconf 79' lang='grc' dir='ltr'>Δανιὴλ,</span> <span class='ocrx_word' id='word_1_336' title='bbox 2897 2403 2988 2458; x_wconf 86' lang='grc' dir='ltr'>καὶ</span> <span class='ocrx_word' id='word_1_337' title='bbox 3040 2403 3323 2474; x_wconf 82' lang='grc' dir='ltr'>Ἰεζεκιὴλ,</span> <span class='ocrx_word' id='word_1_338' title='bbox 3366 2408 3485 2467; x_wconf 83' lang='grc' dir='ltr'>τοῖς</span> <span class='ocrx_word' id='word_1_339' title='bbox 3512 2406 3834 2484; x_wconf 74' lang='grc' dir='ltr'>προφήταις</span> 
     </span>
    </p>
   </div>
   <div class='ocr_carea' id='block_1_53' title="bbox 2161 2495 2405 2570">
    <p class='ocr_par' dir='ltr' id='par_1_53' title="bbox 2161 2495 2405 2570">
     <span class='ocr_line' id='line_1_54' title="bbox 2161 2495 2405 2570; baseline -0.008 -19"><span class='ocrx_word' id='word_1_340' title='bbox 2161 2495 2405 2570; x_wconf 87' lang='grc' dir='ltr'>κείμενα.</span> 
     </span>
    </p>
   </div>
   <div class='ocr_carea' id='block_1_54' title="bbox 2234 2579 3832 2661">
    <p class='ocr_par' dir='ltr' id='par_1_54' title="bbox 2234 2579 3832 2661">
     <span class='ocr_line' id='line_1_55' title="bbox 2234 2579 3832 2661; baseline 0.001 -23"><span class='ocrx_word' id='word_1_341' title='bbox 2234 2581 2734 2659; x_wconf 81' lang='grc' dir='ltr'>Ἀμυδρουμένης.</span> <span class='ocrx_word' id='word_1_342' title='bbox 2789 2579 3241 2658; x_wconf 87' lang='grc' dir='ltr'>Ἀμυδρουμένης</span> <span class='ocrx_word' id='word_1_343' title='bbox 3310 2580 3438 2661; x_wconf 71' lang='grc' dir='ltr'>ἔφη,</span> <span class='ocrx_word' id='word_1_344' title='bbox 3519 2584 3582 2639; x_wconf 82' lang='grc' dir='ltr'>ού</span> <span class='ocrx_word' id='word_1_345' title='bbox 3674 2586 3832 2660; x_wconf 74' lang='grc' dir='ltr'>παρὰ</span> 
     </span>
    </p>
   </div>
   <div class='ocr_carea' id='block_1_55' title="bbox 2162 2669 3828 2746">
    <p class='ocr_par' dir='ltr' id='par_1_55' title="bbox 2162 2669 3828 2746">
     <span class='ocr_line' id='line_1_56' title="bbox 2162 2669 3828 2746; baseline -0.002 -17"><span class='ocrx_word' id='word_1_346' title='bbox 2162 2675 2262 2743; x_wconf 75' lang='grc' dir='ltr'>τὴν</span> <span class='ocrx_word' id='word_1_347' title='bbox 2296 2671 2496 2728; x_wconf 67' lang='grc' dir='ltr'>οἰκείαν</span> <span class='ocrx_word' id='word_1_348' title='bbox 2551 2670 2719 2740; x_wconf 80' lang='grc' dir='ltr'>αὑτῆς</span> <span class='ocrx_word' id='word_1_349' title='bbox 2760 2669 3002 2740; x_wconf 78' lang='grc' dir='ltr'>ἀτονίαν,</span> <span class='ocrx_word' id='word_1_350' title='bbox 3053 2669 3200 2726; x_wconf 77' lang='grc' dir='ltr'>ἀλλὰ</span> <span class='ocrx_word' id='word_1_351' title='bbox 3247 2673 3393 2746; x_wconf 83' lang='grc' dir='ltr'>παρὰ</span> <span class='ocrx_word' id='word_1_352' title='bbox 3421 2673 3484 2726; x_wconf 88' lang='grc' dir='ltr'>τὸ</span> <span class='ocrx_word' id='word_1_353' title='bbox 3529 2669 3828 2746; x_wconf 73' lang='grc' dir='ltr'>ὑφειμένον</span> 
     </span>
    </p>
   </div>
   <div class='ocr_carea' id='block_1_56' title="bbox 2163 2757 3833 2836">
    <p class='ocr_par' dir='ltr' id='par_1_56' title="bbox 2163 2757 3833 2836">
     <span class='ocr_line' id='line_1_57' title="bbox 2163 2757 3833 2836; baseline -0.001 -19"><span class='ocrx_word' id='word_1_354' title='bbox 2163 2766 2272 2817; x_wconf 90' lang='grc' dir='ltr'>τῶν</span> <span class='ocrx_word' id='word_1_355' title='bbox 2301 2757 2637 2836; x_wconf 74' lang='grc' dir='ltr'>δεχομένων·</span> <span class='ocrx_word' id='word_1_356' title='bbox 2669 2763 2830 2814; x_wconf 89' lang='grc' dir='ltr'>τοῦτο</span> <span class='ocrx_word' id='word_1_357' title='bbox 2855 2758 2956 2835; x_wconf 82' lang='grc' dir='ltr'>γὰρ</span> <span class='ocrx_word' id='word_1_358' title='bbox 2989 2757 3156 2830; x_wconf 84' lang='grc' dir='ltr'>δηλοῖ</span> <span class='ocrx_word' id='word_1_359' title='bbox 3181 2759 3246 2814; x_wconf 85' lang='grc' dir='ltr'>τὸ</span> <span class='ocrx_word' id='word_1_360' title='bbox 3283 2759 3451 2815; x_wconf 69' lang='grc' dir='ltr'>εἰπεῖν</span> <span class='ocrx_word' id='word_1_361' title='bbox 3500 2758 3833 2836; x_wconf 89' lang='grc' dir='ltr'>δευτέρωσιν</span> 
     </span>
    </p>
   </div>
   <div class='ocr_carea' id='block_1_57' title="bbox 2163 2844 3834 2924">
    <p class='ocr_par' dir='ltr' id='par_1_57' title="bbox 2163 2844 3834 2924">
     <span class='ocr_line' id='line_1_58' title="bbox 2163 2844 3834 2924; baseline -0.002 -18"><span class='ocrx_word' id='word_1_362' title='bbox 2163 2849 2522 2918; x_wconf 78' lang='grc' dir='ltr'>τελειώσεως,</span> <span class='ocrx_word' id='word_1_363' title='bbox 2570 2845 2812 2903; x_wconf 85' lang='grc' dir='ltr'>τουτέστι</span> <span class='ocrx_word' id='word_1_364' title='bbox 2847 2848 2911 2902; x_wconf 88' lang='grc' dir='ltr'>τὸ</span> <span class='ocrx_word' id='word_1_365' title='bbox 2960 2844 3330 2924; x_wconf 85' lang='grc' dir='ltr'>ἀμυδρότερον</span> <span class='ocrx_word' id='word_1_366' title='bbox 3383 2847 3729 2904; x_wconf 77' lang='grc' dir='ltr'>τελειοῦσθαι</span> <span class='ocrx_word' id='word_1_367' title='bbox 3762 2848 3834 2903; x_wconf 79' lang='grc' dir='ltr'>τὰ</span> 
     </span>
    </p>
   </div>
   <div class='ocr_carea' id='block_1_58' title="bbox 2169 2936 2412 3009">
    <p class='ocr_par' dir='ltr' id='par_1_58' title="bbox 2169 2936 2412 3009">
     <span class='ocr_line' id='line_1_59' title="bbox 2169 2936 2412 3009; baseline -0.008 -15"><span class='ocrx_word' id='word_1_368' title='bbox 2169 2936 2412 3009; x_wconf 87' lang='grc' dir='ltr'>δεύτερα.</span> 
     </span>
    </p>
   </div>
   <div class='ocr_carea' id='block_1_59' title="bbox 2239 3023 3834 3100">
    <p class='ocr_par' dir='ltr' id='par_1_59' title="bbox 2239 3023 3834 3100">
     <span class='ocr_line' id='line_1_60' title="bbox 2239 3023 3834 3100; baseline -0.001 -17"><span class='ocrx_word' id='word_1_369' title='bbox 2239 3029 2306 3086; x_wconf 73' lang='grc' dir='ltr'>Οἱ</span> <span class='ocrx_word' id='word_1_370' title='bbox 2357 3024 2547 3084; x_wconf 87' lang='grc' dir='ltr'>δεινοί.</span> <span class='ocrx_word' id='word_1_371' title='bbox 2602 3025 2946 3100; x_wconf 85' lang='grc' dir='ltr'>Σημείωσαι,</span> <span class='ocrx_word' id='word_1_372' title='bbox 2999 3023 3083 3080; x_wconf 73' lang='grc' dir='ltr'>ὅτι</span> <span class='ocrx_word' id='word_1_373' title='bbox 3137 3026 3300 3100; x_wconf 79' lang='grc' dir='ltr'>ἱερεῖς</span> <span class='ocrx_word' id='word_1_374' title='bbox 3357 3030 3528 3081; x_wconf 89' lang='grc' dir='ltr'>ταῦτα</span> <span class='ocrx_word' id='word_1_375' title='bbox 3587 3024 3834 3100; x_wconf 87' lang='grc' dir='ltr'>παραδε-</span> 
     </span>
    </p>
   </div>
   <div class='ocr_carea' id='block_1_60' title="bbox 2169 3113 3839 3191">
    <p class='ocr_par' dir='ltr' id='par_1_60' title="bbox 2169 3113 3839 3191">
     <span class='ocr_line' id='line_1_61' title="bbox 2169 3113 3839 3191; baseline -0.002 -18"><span class='ocrx_word' id='word_1_376' title='bbox 2169 3116 2374 3173; x_wconf 88' lang='grc' dir='ltr'>δώκασι</span> <span class='ocrx_word' id='word_1_377' title='bbox 2404 3121 2482 3188; x_wconf 84' lang='grc' dir='ltr'>τῷ</span> <span class='ocrx_word' id='word_1_378' title='bbox 2534 3114 2754 3190; x_wconf 87' lang='grc' dir='ltr'>μεγάλῳ</span> <span class='ocrx_word' id='word_1_379' title='bbox 2802 3114 3091 3188; x_wconf 82' lang='grc' dir='ltr'>Διονυσίῳ·</span> <span class='ocrx_word' id='word_1_380' title='bbox 3144 3115 3466 3191; x_wconf 73' lang='grc' dir='ltr'>αὖτοφανεῙς</span> <span class='ocrx_word' id='word_1_381' title='bbox 3520 3113 3578 3170; x_wconf 61' lang='grc' dir='ltr'>δέ</span> <span class='ocrx_word' id='word_1_382' title='bbox 3606 3113 3839 3170; x_wconf 79' lang='grc' dir='ltr'>ἐκάλεσε</span> 
     </span>
    </p>
   </div>
   <div class='ocr_carea' id='block_1_61' title="bbox 2166 3200 3842 3284">
    <p class='ocr_par' dir='ltr' id='par_1_61' title="bbox 2166 3200 3842 3284">
     <span class='ocr_line' id='line_1_62' title="bbox 2166 3200 3842 3284; baseline -0.001 -23"><span class='ocrx_word' id='word_1_383' title='bbox 2166 3206 2260 3268; x_wconf 80' lang='grc' dir='ltr'>τὰς</span> <span class='ocrx_word' id='word_1_384' title='bbox 2307 3206 2529 3284; x_wconf 85' lang='grc' dir='ltr'>πρώτας</span> <span class='ocrx_word' id='word_1_385' title='bbox 2579 3203 2722 3268; x_wconf 88' lang='grc' dir='ltr'>θείας</span> <span class='ocrx_word' id='word_1_386' title='bbox 2774 3200 3050 3276; x_wconf 88' lang='grc' dir='ltr'>δυνάμεις,</span> <span class='ocrx_word' id='word_1_387' title='bbox 3104 3201 3294 3272; x_wconf 80' lang='grc' dir='ltr'>ἐπειδὴ</span> <span class='ocrx_word' id='word_1_388' title='bbox 3345 3205 3435 3278; x_wconf 80' lang='grc' dir='ltr'>ἀφ’</span> <span class='ocrx_word' id='word_1_389' title='bbox 3487 3204 3691 3258; x_wconf 76' lang='grc' dir='ltr'>ἑαυτῶν</span> <span class='ocrx_word' id='word_1_390' title='bbox 3737 3205 3842 3266; x_wconf 81' lang='grc' dir='ltr'>τὰς</span> 
     </span>
    </p>
   </div>
   <div class='ocr_carea' id='block_1_62' title="bbox 407 3282 2050 3386">
    <p class='ocr_par' dir='ltr' id='par_1_62' title="bbox 407 3301 2050 3386">
     <span class='ocr_line' id='line_1_63' title="bbox 407 3301 2050 3386; baseline -0.012 -12"><span class='ocrx_word' id='word_1_391' title='bbox 407 3318 568 3374; x_wconf 87' lang='lat' dir='ltr'><strong>niam</strong></span> <span class='ocrx_word' id='word_1_392' title='bbox 601 3313 880 3386; x_wconf 88' lang='lat' dir='ltr'><strong>aseipsis</strong></span> <span class='ocrx_word' id='word_1_393' title='bbox 935 3311 1165 3366; x_wconf 88' lang='lat' dir='ltr'><strong>divinas</strong></span> <span class='ocrx_word' id='word_1_394' title='bbox 1223 3305 1522 3378; x_wconf 88' lang='lat' dir='ltr'><strong>accipiunt</strong></span> <span class='ocrx_word' id='word_1_395' title='bbox 1587 3301 2050 3370; x_wconf 77' lang='lat' dir='ltr'><strong>illustrationes;</strong></span> 
     </span>
    </p>
   </div>
   <div class='ocr_carea' id='block_1_63' title="bbox 2190 3282 3841 3386">
    <p class='ocr_par' dir='ltr' id='par_1_63' title="bbox 2190 3282 3841 3386">
     <span class='ocr_line' id='line_1_64' title="bbox 2190 3282 3841 3386; baseline -0.002 -35"><span class='ocrx_word' id='word_1_396' title='bbox 2190 3296 2315 3386; x_wconf 67' lang='grc' dir='ltr'>μίας</span> <span class='ocrx_word' id='word_1_397' title='bbox 2352 3282 2622 3371; x_wconf 73' lang='grc' dir='ltr'>δέχονται</span> <span class='ocrx_word' id='word_1_398' title='bbox 2659 3291 2996 3386; x_wconf 23' lang='grc' dir='ltr'>μέλλάμψεις·</span> <span class='ocrx_word' id='word_1_399' title='bbox 3039 3293 3096 3346; x_wconf 81' lang='grc' dir='ltr'>αἱ</span> <span class='ocrx_word' id='word_1_400' title='bbox 3145 3292 3250 3367; x_wconf 76' lang='grc' dir='ltr'>γὰρ</span> <span class='ocrx_word' id='word_1_401' title='bbox 3304 3291 3494 3348; x_wconf 83' lang='grc' dir='ltr'>λοιπαὶ</span> <span class='ocrx_word' id='word_1_402' title='bbox 3547 3289 3841 3365; x_wconf 83' lang='grc' dir='ltr'>δυνάμεις,</span> 
     </span>
    </p>
   </div>
   <div class='ocr_carea' id='block_1_64' title="bbox 409 3391 2060 3478">
    <p class='ocr_par' dir='ltr' id='par_1_64' title="bbox 409 3391 2060 3478">
     <span class='ocr_line' id='line_1_65' title="bbox 409 3391 2060 3478; baseline -0.01 -16"><span class='ocrx_word' id='word_1_403' title='bbox 409 3405 644 3478; x_wconf 72' lang='lat' dir='ltr'><strong>reliquae</strong></span> <span class='ocrx_word' id='word_1_404' title='bbox 676 3403 834 3460; x_wconf 92' lang='lat' dir='ltr'><strong>enim</strong></span> <span class='ocrx_word' id='word_1_405' title='bbox 864 3400 1135 3467; x_wconf 87' lang='lat' dir='ltr'><strong>virtutes,</strong></span> <span class='ocrx_word' id='word_1_406' title='bbox 1171 3413 1287 3453; x_wconf 91' lang='lat' dir='ltr'>non</span> <span class='ocrx_word' id='word_1_407' title='bbox 1321 3411 1424 3467; x_wconf 90' lang='lat' dir='ltr'>per</span> <span class='ocrx_word' id='word_1_408' title='bbox 1449 3395 1677 3465; x_wconf 89' lang='lat' dir='ltr'><strong>seipsas</strong></span> <span class='ocrx_word' id='word_1_409' title='bbox 1699 3391 1898 3447; x_wconf 90' lang='lat' dir='ltr'><strong>divina</strong></span> <span class='ocrx_word' id='word_1_410' title='bbox 1927 3406 2060 3446; x_wconf 89' lang='lat' dir='ltr'><strong>sus-</strong></span> 
     </span>
    </p>
   </div>
   <div class='ocr_carea' id='block_1_65' title="bbox 410 3480 1990 3566">
    <p class='ocr_par' dir='ltr' id='par_1_65' title="bbox 410 3480 1990 3566">
     <span class='ocr_line' id='line_1_66' title="bbox 410 3480 1990 3566; baseline -0.01 -16"><span class='ocrx_word' id='word_1_411' title='bbox 410 3495 641 3566; x_wconf 88' lang='lat' dir='ltr'><strong>cipiunt</strong></span> <span class='ocrx_word' id='word_1_412' title='bbox 661 3507 909 3547; x_wconf 86' lang='lat' dir='ltr'><strong>munera</strong></span> <span class='ocrx_word' id='word_1_413' title='bbox 939 3484 1336 3560; x_wconf 83' lang='lat' dir='ltr'><strong>cogitationis,</strong></span> <span class='ocrx_word' id='word_1_414' title='bbox 1368 3484 1469 3539; x_wconf 90' lang='lat' dir='ltr'>sed</span> <span class='ocrx_word' id='word_1_415' title='bbox 1505 3498 1607 3554; x_wconf 91' lang='lat' dir='ltr'>per</span> <span class='ocrx_word' id='word_1_416' title='bbox 1635 3480 1990 3553; x_wconf 86' lang='lat' dir='ltr'><strong>superiores.</strong></span> 
     </span>
    </p>
   </div>
   <div class='ocr_carea' id='block_1_66' title="bbox 487 3569 2065 3639">
    <p class='ocr_par' dir='ltr' id='par_1_66' title="bbox 487 3569 2065 3639">
     <span class='ocr_line' id='line_1_67' title="bbox 487 3569 2065 3639; baseline -0.011 0"><span class='ocrx_word' id='word_1_417' title='bbox 487 3585 583 3639; x_wconf 78' lang='lat'>8|</span> <span class='ocrx_word' id='word_1_418' title='bbox 623 3580 1007 3638; x_wconf 70' lang='lat' dir='ltr'><strong>Sacerdotalis.</strong></span> <span class='ocrx_word' id='word_1_419' title='bbox 1037 3580 1185 3632; x_wconf 84' lang='lat' dir='ltr'><strong>Nota</strong></span> <span class='ocrx_word' id='word_1_420' title='bbox 1228 3572 1653 3630; x_wconf 86' lang='lat' dir='ltr'><strong>sacerdotalem</strong></span> <span class='ocrx_word' id='word_1_421' title='bbox 1705 3586 1835 3627; x_wconf 90' lang='lat' dir='ltr'><strong>esse</strong></span> <span class='ocrx_word' id='word_1_422' title='bbox 1883 3569 2065 3624; x_wconf 86' lang='lat' dir='ltr'><strong>tradi-</strong></span> 
     </span>
    </p>
   </div>
   <div class='ocr_carea' id='block_1_67' title="bbox 416 3663 1779 3742">
    <p class='ocr_par' dir='ltr' id='par_1_67' title="bbox 416 3663 1779 3742">
     <span class='ocr_line' id='line_1_68' title="bbox 416 3663 1779 3742; baseline -0.01 -14"><span class='ocrx_word' id='word_1_423' title='bbox 416 3673 662 3742; x_wconf 88' lang='lat' dir='ltr'><strong>tionem,</strong></span> <span class='ocrx_word' id='word_1_424' title='bbox 693 3671 764 3726; x_wconf 90' lang='lat' dir='ltr'>de</span> <span class='ocrx_word' id='word_1_425' title='bbox 796 3667 1140 3741; x_wconf 85' lang='lat' dir='ltr'><strong>angelorum</strong></span> <span class='ocrx_word' id='word_1_426' title='bbox 1175 3663 1381 3718; x_wconf 88' lang='lat' dir='ltr'><strong>ordine</strong></span> <span class='ocrx_word' id='word_1_427' title='bbox 1411 3675 1779 3730; x_wconf 75' lang='lat' dir='ltr'><strong>cognoscere.</strong></span> 
     </span>
    </p>
   </div>
   <div class='ocr_carea' id='block_1_68' title="bbox 491 3747 2072 3822">
    <p class='ocr_par' dir='ltr' id='par_1_68' title="bbox 491 3747 2072 3822">
     <span class='ocr_line' id='line_1_69' title="bbox 491 3747 2072 3822; baseline -0.012 -3"><span class='ocrx_word' id='word_1_428' title='bbox 491 3761 954 3819; x_wconf 68' lang='lat' dir='ltr'><strong>“lustrationum.</strong></span> <span class='ocrx_word' id='word_1_429' title='bbox 982 3752 1412 3813; x_wconf 88' lang='lat' dir='ltr'><strong>Demonstratio</strong></span> <span class='ocrx_word' id='word_1_430' title='bbox 1435 3751 1563 3822; x_wconf 88' lang='lat' dir='ltr'><strong>ejus</strong></span> <span class='ocrx_word' id='word_1_431' title='bbox 1590 3750 1745 3820; x_wconf 91' lang='lat' dir='ltr'><strong>quod</strong></span> <span class='ocrx_word' id='word_1_432' title='bbox 1768 3747 2072 3817; x_wconf 84' lang='lat' dir='ltr'><strong>Scriptura</strong></span> 
     </span>
    </p>
   </div>
   <div class='ocr_carea' id='block_1_69' title="bbox 421 3836 2071 3920">
    <p class='ocr_par' dir='ltr' id='par_1_69' title="bbox 421 3836 2071 3920">
     <span class='ocr_line' id='line_1_70' title="bbox 421 3836 2071 3920; baseline -0.01 -12"><span class='ocrx_word' id='word_1_433' title='bbox 421 3850 582 3920; x_wconf 88' lang='lat' dir='ltr'><strong>dicit,</strong></span> <span class='ocrx_word' id='word_1_434' title='bbox 616 3848 881 3906; x_wconf 89' lang='lat' dir='ltr'><strong>secunda</strong></span> <span class='ocrx_word' id='word_1_435' title='bbox 909 3862 944 3902; x_wconf 92' lang='lat' dir='ltr'>a</span> <span class='ocrx_word' id='word_1_436' title='bbox 969 3843 1179 3918; x_wconf 89' lang='lat' dir='ltr'><strong>primis</strong></span> <span class='ocrx_word' id='word_1_437' title='bbox 1209 3841 1467 3908; x_wconf 88' lang='lat' dir='ltr'><strong>institui,</strong></span> <span class='ocrx_word' id='word_1_438' title='bbox 1500 3855 1570 3894; x_wconf 83' lang='lat' dir='ltr'><strong>ex</strong></span> <span class='ocrx_word' id='word_1_439' title='bbox 1610 3836 1889 3894; x_wconf 88' lang='lat' dir='ltr'><strong>Zacharia</strong></span> <span class='ocrx_word' id='word_1_440' title='bbox 1943 3853 2071 3908; x_wconf 85' lang='lat' dir='ltr'><strong>pro-</strong></span> 
     </span>
    </p>
   </div>
   <div class='ocr_carea' id='block_1_70' title="bbox 422 3941 1534 4094">
    <p class='ocr_par' dir='ltr' id='par_1_70' title="bbox 422 3941 1534 4094">
     <span class='ocr_line' id='line_1_71' title="bbox 422 3941 1534 4094; baseline -0.013 -8"><span class='ocrx_word' id='word_1_441' title='bbox 422 3941 836 4094; x_wconf 59' lang='lat' dir='ltr'><strong>ph;::delibus,</strong></span> <span class='ocrx_word' id='word_1_442' title='bbox 865 4025 962 4080; x_wconf 90' lang='lat' dir='ltr'><strong>Gr.</strong></span> <span class='ocrx_word' id='word_1_443' title='bbox 985 4019 1318 4081; x_wconf 79' lang='grc' dir='ltr'>ἀτιθάσσοις.</span> <span class='ocrx_word' id='word_1_444' title='bbox 1349 4018 1534 4075; x_wconf 82' lang='lat' dir='ltr'><strong>Foris.</strong></span> 
     </span>
    </p>
   </div>
   <div class='ocr_carea' id='block_1_71' title="bbox 488 4102 2070 4185">
    <p class='ocr_par' dir='ltr' id='par_1_71' title="bbox 488 4102 2070 4185">
     <span class='ocr_line' id='line_1_72' title="bbox 488 4102 2070 4185; baseline -0.01 -10"><span class='ocrx_word' id='word_1_445' title='bbox 488 4118 728 4175; x_wconf 80' lang='lat' dir='ltr'><strong>Tradita.</strong></span> <span class='ocrx_word' id='word_1_446' title='bbox 762 4115 842 4171; x_wconf 90' lang='lat' dir='ltr'>De</span> <span class='ocrx_word' id='word_1_447' title='bbox 884 4113 960 4169; x_wconf 91' lang='lat' dir='ltr'>iis</span> <span class='ocrx_word' id='word_1_448' title='bbox 1017 4128 1150 4185; x_wconf 70' lang='lat' dir='ltr'><strong>qua:</strong></span> <span class='ocrx_word' id='word_1_449' title='bbox 1208 4107 1528 4181; x_wconf 79' lang='lat' dir='ltr'><strong>Babylonio</strong></span> <span class='ocrx_word' id='word_1_450' title='bbox 1585 4104 1796 4177; x_wconf 80' lang='lat' dir='ltr'><strong>angelo</strong></span> <span class='ocrx_word' id='word_1_451' title='bbox 1851 4102 2070 4160; x_wconf 87' lang='lat' dir='ltr'><strong>tradita</strong></span> 
     </span>
    </p>
   </div>
   <div class='ocr_carea' id='block_1_72' title="bbox 414 4209 657 4266">
    <p class='ocr_par' dir='ltr' id='par_1_72' title="bbox 414 4209 657 4266">
     <span class='ocr_line' id='line_1_73' title="bbox 414 4209 657 4266; baseline -0.008 -2"><span class='ocrx_word' id='word_1_452' title='bbox 414 4209 657 4266; x_wconf 78' lang='lat' dir='ltr'><strong>fuerint.</strong></span> 
     </span>
    </p>
   </div>
   <div class='ocr_carea' id='block_1_73' title="bbox 485 4281 2065 4362">
    <p class='ocr_par' dir='ltr' id='par_1_73' title="bbox 485 4281 2065 4362">
     <span class='ocr_line' id='line_1_74' title="bbox 485 4281 2065 4362; baseline -0.011 -9"><span class='ocrx_word' id='word_1_453' title='bbox 485 4298 647 4353; x_wconf 82' lang='lat' dir='ltr'><strong>Omni</strong></span> <span class='ocrx_word' id='word_1_454' title='bbox 674 4293 854 4352; x_wconf 84' lang='lat' dir='ltr'><strong>modo.</strong></span> <span class='ocrx_word' id='word_1_455' title='bbox 887 4293 1041 4348; x_wconf 89' lang='lat' dir='ltr'><strong>Nota</strong></span> <span class='ocrx_word' id='word_1_456' title='bbox 1071 4290 1228 4362; x_wconf 88' lang='lat' dir='ltr'><strong>quod</strong></span> <span class='ocrx_word' id='word_1_457' title='bbox 1263 4293 1417 4344; x_wconf 90' lang='lat' dir='ltr'><strong>Deus</strong></span> <span class='ocrx_word' id='word_1_458' title='bbox 1449 4285 1651 4342; x_wconf 91' lang='lat' dir='ltr'><strong>omnia</strong></span> <span class='ocrx_word' id='word_1_459' title='bbox 1681 4282 1965 4339; x_wconf 87' lang='lat' dir='ltr'><strong>moliatur</strong></span> <span class='ocrx_word' id='word_1_460' title='bbox 1995 4281 2065 4338; x_wconf 90' lang='lat' dir='ltr'>ad</span> 
     </span>
    </p>
   </div>
   <div class='ocr_carea' id='block_1_74' title="bbox 409 4384 1188 4444">
    <p class='ocr_par' dir='ltr' id='par_1_74' title="bbox 409 4384 1188 4444">
     <span class='ocr_line' id='line_1_75' title="bbox 409 4384 1188 4444; baseline -0.013 0"><span class='ocrx_word' id='word_1_461' title='bbox 409 4385 873 4444; x_wconf 87' lang='lat' dir='ltr'><strong>oonvertendum</strong></span> <span class='ocrx_word' id='word_1_462' title='bbox 903 4384 1188 4438; x_wconf 86' lang='lat' dir='ltr'><strong>errantes.</strong></span> 
     </span>
    </p>
   </div>
   <div class='ocr_carea' id='block_1_75' title="bbox 484 4460 2068 4536">
    <p class='ocr_par' dir='ltr' id='par_1_75' title="bbox 484 4460 2068 4536">
     <span class='ocr_line' id='line_1_76' title="bbox 484 4460 2068 4536; baseline -0.009 -6"><span class='ocrx_word' id='word_1_463' title='bbox 484 4477 793 4536; x_wconf 78' lang='lat' dir='ltr'><strong>Clementer</strong></span> <span class='ocrx_word' id='word_1_464' title='bbox 819 4471 1056 4527; x_wconf 61' lang='lat' dir='ltr'><strong>adduxti!</strong></span> <span class='ocrx_word' id='word_1_465' title='bbox 1089 4468 1416 4534; x_wconf 81' lang='lat' dir='ltr'><strong>Clementer,</strong></span> <span class='ocrx_word' id='word_1_466' title='bbox 1461 4463 1560 4520; x_wconf 90' lang='lat' dir='ltr'><strong>Gr.</strong></span> <span class='ocrx_word' id='word_1_467' title='bbox 1628 4460 1906 4531; x_wconf 64' lang='grc' dir='ltr'>ἐπιεικῶς,</span> <span class='ocrx_word' id='word_1_468' title='bbox 1959 4461 2068 4518; x_wconf 86' lang='lat' dir='ltr'>hoc</span> 
     </span>
    </p>
   </div>
   <div class='ocr_carea' id='block_1_76' title="bbox 407 4553 1749 4636">
    <p class='ocr_par' dir='ltr' id='par_1_76' title="bbox 407 4553 1749 4636">
     <span class='ocr_line' id='line_1_77' title="bbox 407 4553 1749 4636; baseline -0.013 -14"><span class='ocrx_word' id='word_1_469' title='bbox 407 4569 501 4624; x_wconf 91' lang='lat' dir='ltr'>est</span> <span class='ocrx_word' id='word_1_470' title='bbox 528 4565 804 4636; x_wconf 88' lang='lat' dir='ltr'><strong>benigne,</strong></span> <span class='ocrx_word' id='word_1_471' title='bbox 837 4563 938 4616; x_wconf 89' lang='lat' dir='ltr'>aut</span> <span class='ocrx_word' id='word_1_472' title='bbox 966 4557 1233 4623; x_wconf 88' lang='lat' dir='ltr'><strong>omnino,</strong></span> <span class='ocrx_word' id='word_1_473' title='bbox 1267 4559 1326 4611; x_wconf 89' lang='lat' dir='ltr'>et</span> <span class='ocrx_word' id='word_1_474' title='bbox 1353 4553 1749 4609; x_wconf 88' lang='lat' dir='ltr'><strong>vehementer.</strong></span> 
     </span>
    </p>
   </div>
   <div class='ocr_carea' id='block_1_77' title="bbox 2172 3378 3842 3458">
    <p class='ocr_par' dir='ltr' id='par_1_77' title="bbox 2172 3378 3842 3458">
     <span class='ocr_line' id='line_1_78' title="bbox 2172 3378 3842 3458; baseline -0.002 -18"><span class='ocrx_word' id='word_1_475' title='bbox 2172 3387 2235 3440; x_wconf 87' lang='grc' dir='ltr'>οὑ</span> <span class='ocrx_word' id='word_1_476' title='bbox 2269 3381 2339 3438; x_wconf 90' lang='grc' dir='ltr'>δι’</span> <span class='ocrx_word' id='word_1_477' title='bbox 2363 3385 2566 3440; x_wconf 72' lang='grc' dir='ltr'>ἑαυτῶν</span> <span class='ocrx_word' id='word_1_478' title='bbox 2597 3383 2703 3458; x_wconf 76' lang='grc' dir='ltr'>[τὰ]</span> <span class='ocrx_word' id='word_1_479' title='bbox 2738 3387 2854 3446; x_wconf 82' lang='grc' dir='ltr'>θεῖα</span> <span class='ocrx_word' id='word_1_480' title='bbox 2905 3379 3160 3455; x_wconf 85' lang='grc' dir='ltr'>δέχονται</span> <span class='ocrx_word' id='word_1_481' title='bbox 3203 3378 3354 3458; x_wconf 87' lang='grc' dir='ltr'>δῶρα</span> <span class='ocrx_word' id='word_1_482' title='bbox 3399 3389 3502 3452; x_wconf 82' lang='grc' dir='ltr'>τῆς</span> <span class='ocrx_word' id='word_1_483' title='bbox 3555 3381 3842 3457; x_wconf 84' lang='grc' dir='ltr'>γνώσεως,</span> 
     </span>
    </p>
   </div>
   <div class='ocr_carea' id='block_1_78' title="bbox 2175 3469 3041 3546">
    <p class='ocr_par' dir='ltr' id='par_1_78' title="bbox 2175 3469 3041 3546">
     <span class='ocr_line' id='line_1_79' title="bbox 2175 3469 3041 3546; baseline -0.003 -17"><span class='ocrx_word' id='word_1_484' title='bbox 2175 3472 2322 3530; x_wconf 81' lang='grc' dir='ltr'>ἀλλὰ</span> <span class='ocrx_word' id='word_1_485' title='bbox 2352 3471 2442 3529; x_wconf 80' lang='grc' dir='ltr'>διὰ</span> <span class='ocrx_word' id='word_1_486' title='bbox 2463 3478 2572 3528; x_wconf 92' lang='grc' dir='ltr'>τῶν</span> <span class='ocrx_word' id='word_1_487' title='bbox 2617 3469 3041 3546; x_wconf 74' lang='grc' dir='ltr'>ὑπερκειμένων.</span> 
     </span>
    </p>
   </div>
   <div class='ocr_carea' id='block_1_79' title="bbox 2246 3557 3843 3639">
    <p class='ocr_par' dir='ltr' id='par_1_79' title="bbox 2246 3557 3843 3639">
     <span class='ocr_line' id='line_1_80' title="bbox 2246 3557 3843 3639; baseline -0.003 -19"><span class='ocrx_word' id='word_1_488' title='bbox 2246 3564 2568 3639; x_wconf 80' lang='grc' dir='ltr'>Ἱερατικῆς.</span> <span class='ocrx_word' id='word_1_489' title='bbox 2643 3559 2992 3634; x_wconf 88' lang='grc' dir='ltr'>Σημείωσαι,</span> <span class='ocrx_word' id='word_1_490' title='bbox 3062 3558 3146 3614; x_wconf 74' lang='grc' dir='ltr'>δτι</span> <span class='ocrx_word' id='word_1_491' title='bbox 3215 3560 3460 3635; x_wconf 73' lang='grc' dir='ltr'>ἱερατική</span> <span class='ocrx_word' id='word_1_492' title='bbox 3532 3557 3843 3634; x_wconf 85' lang='grc' dir='ltr'>παράδοσίς</span> 
     </span>
    </p>
   </div>
   <div class='ocr_carea' id='block_1_80' title="bbox 2179 3646 3455 3727">
    <p class='ocr_par' dir='ltr' id='par_1_80' title="bbox 2179 3646 3455 3727">
     <span class='ocr_line' id='line_1_81' title="bbox 2179 3646 3455 3727; baseline -0.002 -18"><span class='ocrx_word' id='word_1_493' title='bbox 2179 3653 2290 3709; x_wconf 74' lang='grc' dir='ltr'>ἐστι</span> <span class='ocrx_word' id='word_1_494' title='bbox 2319 3654 2382 3708; x_wconf 87' lang='grc' dir='ltr'>τὸ</span> <span class='ocrx_word' id='word_1_495' title='bbox 2411 3651 2537 3727; x_wconf 81' lang='grc' dir='ltr'>περὶ</span> <span class='ocrx_word' id='word_1_496' title='bbox 2565 3657 2666 3721; x_wconf 86' lang='grc' dir='ltr'>τῆς</span> <span class='ocrx_word' id='word_1_497' title='bbox 2693 3649 2892 3720; x_wconf 79' lang='grc' dir='ltr'>τάξεως</span> <span class='ocrx_word' id='word_1_498' title='bbox 2920 3653 3028 3704; x_wconf 90' lang='grc' dir='ltr'>τῶν</span> <span class='ocrx_word' id='word_1_499' title='bbox 3060 3653 3203 3704; x_wconf 88' lang='grc' dir='ltr'>νοῶν</span> <span class='ocrx_word' id='word_1_500' title='bbox 3235 3646 3455 3707; x_wconf 77' lang='grc' dir='ltr'>εἰδέναι.</span> 
     </span>
    </p>
   </div>
   <div class='ocr_carea' id='block_1_81' title="bbox 2252 3737 3844 3814">
    <p class='ocr_par' dir='ltr' id='par_1_81' title="bbox 2252 3737 3844 3814">
     <span class='ocr_line' id='line_1_82' title="bbox 2252 3737 3844 3814; baseline -0.003 -14"><span class='ocrx_word' id='word_1_501' title='bbox 2252 3740 2618 3814; x_wconf 79' lang='grc' dir='ltr'>Ἐλλάμψεων</span> <span class='ocrx_word' id='word_1_502' title='bbox 2655 3783 2668 3797; x_wconf 93' lang='grc'>.</span> <span class='ocrx_word' id='word_1_503' title='bbox 2730 3737 3035 3809; x_wconf 78' lang='grc' dir='ltr'>’Λπόὸειξις</span> <span class='ocrx_word' id='word_1_504' title='bbox 3109 3743 3206 3793; x_wconf 88' lang='grc' dir='ltr'>τοῦ</span> <span class='ocrx_word' id='word_1_505' title='bbox 3265 3739 3524 3814; x_wconf 74' lang='grc' dir='ltr'>ῥηθέντος</span> <span class='ocrx_word' id='word_1_506' title='bbox 3559 3781 3572 3807; x_wconf 90' lang='grc'>,</span> <span class='ocrx_word' id='word_1_507' title='bbox 3629 3737 3713 3794; x_wconf 77' lang='grc' dir='ltr'>δτι</span> <span class='ocrx_word' id='word_1_508' title='bbox 3773 3741 3844 3795; x_wconf 77' lang='grc' dir='ltr'>τὰ</span> 
     </span>
    </p>
   </div>
   <div class='ocr_carea' id='block_1_82' title="bbox 2183 3827 3845 3906">
    <p class='ocr_par' dir='ltr' id='par_1_82' title="bbox 2183 3827 3845 3906">
     <span class='ocr_line' id='line_1_83' title="bbox 2183 3827 3845 3906; baseline -0.002 -19"><span class='ocrx_word' id='word_1_509' title='bbox 2183 3829 2406 3906; x_wconf 87' lang='grc' dir='ltr'>δεύτερα</span> <span class='ocrx_word' id='word_1_510' title='bbox 2434 3831 2580 3904; x_wconf 79' lang='grc' dir='ltr'>παρὰ</span> <span class='ocrx_word' id='word_1_511' title='bbox 2623 3833 2732 3883; x_wconf 68' lang='grc' dir='ltr'>τῶν</span> <span class='ocrx_word' id='word_1_512' title='bbox 2776 3827 3011 3900; x_wconf 85' lang='grc' dir='ltr'>πρώτων</span> <span class='ocrx_word' id='word_1_513' title='bbox 3065 3831 3348 3899; x_wconf 86' lang='grc' dir='ltr'>μυοῦνται,</span> <span class='ocrx_word' id='word_1_514' title='bbox 3399 3828 3506 3883; x_wconf 86' lang='grc' dir='ltr'>ἀπὸ</span> <span class='ocrx_word' id='word_1_515' title='bbox 3555 3830 3845 3903; x_wconf 85' lang='grc' dir='ltr'>Ζαχαρίου</span> 
     </span>
    </p>
   </div>
   <div class='ocr_carea' id='block_1_83' title="bbox 2177 3920 3033 3996">
    <p class='ocr_par' dir='ltr' id='par_1_83' title="bbox 2177 3920 3033 3996">
     <span class='ocr_line' id='line_1_84' title="bbox 2177 3920 3033 3996; baseline -0.009 -20"><span class='ocrx_word' id='word_1_516' title='bbox 2177 3924 2276 3976; x_wconf 90' lang='grc' dir='ltr'>τοῦ</span> <span class='ocrx_word' id='word_1_517' title='bbox 2306 3920 2617 3996; x_wconf 74' lang='grc' dir='ltr'>προφήτου.</span> <span class='ocrx_word' id='word_1_518' title='bbox 3009 3963 3033 3969; x_wconf 82' lang='grc'>.-</span> 
     </span>
    </p>
   </div>
   <div class='ocr_carea' id='block_1_84' title="bbox 2254 4003 2996 4080">
    <p class='ocr_par' dir='ltr' id='par_1_84' title="bbox 2254 4003 2996 4080">
     <span class='ocr_line' id='line_1_85' title="bbox 2254 4003 2996 4080; baseline -0.003 -16"><span class='ocrx_word' id='word_1_519' title='bbox 2254 4008 2617 4072; x_wconf 85' lang='grc' dir='ltr'>Ἀτιθάσσοις.</span> <span class='ocrx_word' id='word_1_520' title='bbox 2649 4003 2996 4080; x_wconf 80' lang='grc' dir='ltr'>Ἀνημέροις.</span> 
     </span>
    </p>
   </div>
   <div class='ocr_carea' id='block_1_85' title="bbox 2253 4091 3848 4172">
    <p class='ocr_par' dir='ltr' id='par_1_85' title="bbox 2253 4091 3848 4172">
     <span class='ocr_line' id='line_1_86' title="bbox 2253 4091 3848 4172; baseline -0.001 -18"><span class='ocrx_word' id='word_1_521' title='bbox 2253 4093 2635 4154; x_wconf 85' lang='grc' dir='ltr'>Ἐκδεδωκυῖα.</span> <span class='ocrx_word' id='word_1_522' title='bbox 2705 4095 2836 4172; x_wconf 86' lang='grc' dir='ltr'>Περὶ</span> <span class='ocrx_word' id='word_1_523' title='bbox 2887 4098 2996 4150; x_wconf 90' lang='grc' dir='ltr'>τῶν</span> <span class='ocrx_word' id='word_1_524' title='bbox 3049 4091 3467 4170; x_wconf 82' lang='grc' dir='ltr'>παραδοθέντων</span> <span class='ocrx_word' id='word_1_525' title='bbox 3522 4101 3603 4168; x_wconf 81' lang='grc' dir='ltr'>τῷ</span> <span class='ocrx_word' id='word_1_526' title='bbox 3659 4091 3848 4153; x_wconf 78' lang='grc' dir='ltr'>Βαϐυ-</span> 
     </span>
    </p>
   </div>
   <div class='ocr_carea' id='block_1_86' title="bbox 2182 4185 2394 4260">
    <p class='ocr_par' dir='ltr' id='par_1_86' title="bbox 2182 4185 2394 4260">
     <span class='ocr_line' id='line_1_87' title="bbox 2182 4185 2394 4260; baseline 0.005 -17"><span class='ocrx_word' id='word_1_527' title='bbox 2182 4185 2394 4260; x_wconf 85' lang='grc' dir='ltr'>λωνίῳ.</span> 
     </span>
    </p>
   </div>
   <div class='ocr_carea' id='block_1_87' title="bbox 2247 4273 3845 4351">
    <p class='ocr_par' dir='ltr' id='par_1_87' title="bbox 2247 4273 3845 4351">
     <span class='ocr_line' id='line_1_88' title="bbox 2247 4273 3845 4351; baseline 0 -19"><span class='ocrx_word' id='word_1_528' title='bbox 2247 4280 2330 4344; x_wconf 78' lang='grc' dir='ltr'>Τῇ</span> <span class='ocrx_word' id='word_1_529' title='bbox 2361 4274 2609 4347; x_wconf 82' lang='grc' dir='ltr'>παντοίᾳ.</span> <span class='ocrx_word' id='word_1_530' title='bbox 2642 4275 2804 4350; x_wconf 82' lang='grc' dir='ltr'>’¹Ορα,</span> <span class='ocrx_word' id='word_1_531' title='bbox 2865 4273 2947 4329; x_wconf 76' lang='grc' dir='ltr'>ὅτι</span> <span class='ocrx_word' id='word_1_532' title='bbox 3009 4275 3038 4329; x_wconf 91' lang='grc' dir='ltr'>ὁ</span> <span class='ocrx_word' id='word_1_533' title='bbox 3099 4275 3230 4336; x_wconf 84' lang='grc' dir='ltr'>Θεὸς</span> <span class='ocrx_word' id='word_1_534' title='bbox 3286 4273 3464 4330; x_wconf 88' lang='grc' dir='ltr'>πάντα</span> <span class='ocrx_word' id='word_1_535' title='bbox 3518 4281 3845 4351; x_wconf 77' lang='grc' dir='ltr'>μηχανᾶται</span> 
     </span>
    </p>
   </div>
   <div class='ocr_carea' id='block_1_88' title="bbox 2176 4362 3333 4442">
    <p class='ocr_par' dir='ltr' id='par_1_88' title="bbox 2176 4362 3333 4442">
     <span class='ocr_line' id='line_1_89' title="bbox 2176 4362 3333 4442; baseline -0.003 -20"><span class='ocrx_word' id='word_1_536' title='bbox 2176 4365 2314 4442; x_wconf 81' lang='grc' dir='ltr'>πρός</span> <span class='ocrx_word' id='word_1_537' title='bbox 2341 4366 2404 4421; x_wconf 90' lang='grc' dir='ltr'>τὸ</span> <span class='ocrx_word' id='word_1_538' title='bbox 2430 4364 2745 4440; x_wconf 71' lang='grc' dir='ltr'>ἐπιστρέψαι</span> <span class='ocrx_word' id='word_1_539' title='bbox 2768 4364 2895 4426; x_wconf 82' lang='grc' dir='ltr'>τοὺς</span> <span class='ocrx_word' id='word_1_540' title='bbox 2918 4362 3333 4436; x_wconf 84' lang='grc' dir='ltr'>πλανωμένους.</span> 
     </span>
    </p>
   </div>
   <div class='ocr_carea' id='block_1_89' title="bbox 2249 4451 3847 4528">
    <p class='ocr_par' dir='ltr' id='par_1_89' title="bbox 2249 4451 3847 4528">
     <span class='ocr_line' id='line_1_90' title="bbox 2249 4451 3847 4528; baseline -0.001 -17"><span class='ocrx_word' id='word_1_541' title='bbox 2249 4457 2534 4516; x_wconf 86' lang='grc' dir='ltr'>Ἐπιεικῶς</span> <span class='ocrx_word' id='word_1_542' title='bbox 2609 4453 2896 4528; x_wconf 74' lang='grc' dir='ltr'>ἐπανῆγεν.</span> <span class='ocrx_word' id='word_1_543' title='bbox 2957 4451 3029 4506; x_wconf 88' lang='grc' dir='ltr'>Τὸ</span> <span class='ocrx_word' id='word_1_544' title='bbox 3104 4454 3148 4488; x_wconf 79' lang='grc'>³⁵</span> <span class='ocrx_word' id='word_1_545' title='bbox 3222 4451 3478 4516; x_wconf 79' lang='grc' dir='ltr'>ἐπιεικῶς</span> <span class='ocrx_word' id='word_1_546' title='bbox 3555 4453 3672 4508; x_wconf 77' lang='grc' dir='ltr'>ἀντὶ</span> <span class='ocrx_word' id='word_1_547' title='bbox 3740 4459 3847 4510; x_wconf 87' lang='grc' dir='ltr'>τοῦ</span> 
     </span>
    </p>
   </div>
   <div class='ocr_carea' id='block_1_90' title="bbox 2176 4539 3491 4624">
    <p class='ocr_par' dir='ltr' id='par_1_90' title="bbox 2176 4539 3491 4624">
     <span class='ocr_line' id='line_1_91' title="bbox 2176 4539 3491 4624; baseline -0.002 -24"><span class='ocrx_word' id='word_1_548' title='bbox 2176 4543 2580 4624; x_wconf 75' lang='grc' dir='ltr'>φιλανθρώπως</span> <span class='ocrx_word' id='word_1_549' title='bbox 2611 4542 2646 4612; x_wconf 70' lang='grc' dir='ltr'>ἢ</span> <span class='ocrx_word' id='word_1_550' title='bbox 2677 4542 2819 4598; x_wconf 86' lang='grc' dir='ltr'>πάνυ</span> <span class='ocrx_word' id='word_1_551' title='bbox 2849 4540 2939 4596; x_wconf 85' lang='grc' dir='ltr'>καὶ</span> <span class='ocrx_word' id='word_1_552' title='bbox 2976 4539 3234 4616; x_wconf 84' lang='grc' dir='ltr'>μεγάλως</span> <span class='ocrx_word' id='word_1_553' title='bbox 3267 4541 3491 4611; x_wconf 87' lang='grc' dir='ltr'>νόησον.</span> 
     </span>
    </p>
   </div>
   <div class='ocr_carea' id='block_1_91' title="bbox 482 4629 2050 4725">
    <p class='ocr_par' dir='ltr' id='par_1_91' title="bbox 482 4639 2050 4712">
     <span class='ocr_line' id='line_1_92' title="bbox 482 4639 2050 4712; baseline -0.01 0"><span class='ocrx_word' id='word_1_554' title='bbox 482 4655 780 4712; x_wconf 82' lang='lat' dir='ltr'><strong>Commune</strong></span> <span class='ocrx_word' id='word_1_555' title='bbox 802 4650 969 4707; x_wconf 85' lang='lat' dir='ltr'><strong>enim.</strong></span> <span class='ocrx_word' id='word_1_556' title='bbox 989 4643 1301 4706; x_wconf 88' lang='lat' dir='ltr'><strong>Communi</strong></span> <span class='ocrx_word' id='word_1_557' title='bbox 1324 4642 1564 4699; x_wconf 89' lang='lat' dir='ltr'><strong>nomine</strong></span> <span class='ocrx_word' id='word_1_558' title='bbox 1584 4656 1792 4697; x_wconf 90' lang='lat' dir='ltr'><strong>omnes</strong></span> <span class='ocrx_word' id='word_1_559' title='bbox 1816 4639 2050 4696; x_wconf 70' lang='lat' dir='ltr'><strong>virtute:</strong></span> 
     </span>
    </p>
   </div>
   <div class='ocr_carea' id='block_1_92' title="bbox 2190 4629 3846 4725">
    <p class='ocr_par' dir='ltr' id='par_1_92' title="bbox 2247 4629 3846 4710">
     <span class='ocr_line' id='line_1_93' title="bbox 2247 4629 3846 4710; baseline -0.003 -18"><span class='ocrx_word' id='word_1_560' title='bbox 2247 4635 2441 4692; x_wconf 89' lang='grc' dir='ltr'>Κοινὸν</span> <span class='ocrx_word' id='word_1_561' title='bbox 2476 4635 2602 4710; x_wconf 83' lang='grc' dir='ltr'>γάρ.</span> <span class='ocrx_word' id='word_1_562' title='bbox 2635 4633 2759 4689; x_wconf 72' lang='grc' dir='ltr'>’Ότι</span> <span class='ocrx_word' id='word_1_563' title='bbox 2790 4635 2964 4702; x_wconf 83' lang='grc' dir='ltr'>κοινῷ</span> <span class='ocrx_word' id='word_1_564' title='bbox 3015 4631 3245 4704; x_wconf 81' lang='grc' dir='ltr'>ὀνόματι</span> <span class='ocrx_word' id='word_1_565' title='bbox 3275 4637 3443 4687; x_wconf 80' lang='grc' dir='ltr'>πᾶσαι</span> <span class='ocrx_word' id='word_1_566' title='bbox 3494 4633 3549 4687; x_wconf 80' lang='grc' dir='ltr'>αἱ</span> <span class='ocrx_word' id='word_1_567' title='bbox 3581 4629 3846 4706; x_wconf 81' lang='grc' dir='ltr'>δυνάμεις</span> 
     </span>
    </p>
   </div>
   <div class='ocr_carea' id='block_1_93' title="bbox 408 4733 1429 4817">
    <p class='ocr_par' dir='ltr' id='par_1_93' title="bbox 408 4733 1429 4817">
     <span class='ocr_line' id='line_1_94' title="bbox 408 4733 1429 4817; baseline -0.017 -13"><span class='ocrx_word' id='word_1_568' title='bbox 408 4741 817 4817; x_wconf 87' lang='lat' dir='ltr'><strong>intelligibiles</strong></span> <span class='ocrx_word' id='word_1_569' title='bbox 849 4741 1090 4813; x_wconf 89' lang='lat' dir='ltr'><strong>angelos</strong></span> <span class='ocrx_word' id='word_1_570' title='bbox 1121 4733 1429 4808; x_wconf 87' lang='lat' dir='ltr'><strong>appellari.</strong></span> 
     </span>
    </p>
   </div>
   <div class='ocr_carea' id='block_1_94' title="bbox 481 4819 2067 4904">
    <p class='ocr_par' dir='ltr' id='par_1_94' title="bbox 481 4819 2067 4904">
     <span class='ocr_line' id='line_1_95' title="bbox 481 4819 2067 4904; baseline -0.01 -14"><span class='ocrx_word' id='word_1_571' title='bbox 481 4833 837 4904; x_wconf 80' lang='lat' dir='ltr'><strong>Inferiorum.</strong></span> <span class='ocrx_word' id='word_1_572' title='bbox 873 4829 967 4884; x_wconf 89' lang='lat' dir='ltr'><strong>Gr.</strong></span> <span class='ocrx_word' id='word_1_573' title='bbox 1003 4823 1330 4900; x_wconf 76' lang='grc' dir='ltr'>ὑφειμένων.</span> <span class='ocrx_word' id='word_1_574' title='bbox 1385 4819 1818 4890; x_wconf 86' lang='lat' dir='ltr'><strong>Subjectionem</strong></span> <span class='ocrx_word' id='word_1_575' title='bbox 1871 4821 1928 4874; x_wconf 91' lang='lat' dir='ltr'><strong>et</strong></span> <span class='ocrx_word' id='word_1_576' title='bbox 1976 4834 2067 4875; x_wconf 88' lang='lat' dir='ltr'><strong>se-</strong></span> 
     </span>
    </p>
   </div>
   <div class='ocr_carea' id='block_1_95' title="bbox 409 4910 1394 4980">
    <p class='ocr_par' dir='ltr' id='par_1_95' title="bbox 409 4910 1394 4980">
     <span class='ocr_line' id='line_1_96' title="bbox 409 4910 1394 4980; baseline -0.016 0"><span class='ocrx_word' id='word_1_577' title='bbox 409 4923 673 4980; x_wconf 89' lang='lat' dir='ltr'><strong>cundum</strong></span> <span class='ocrx_word' id='word_1_578' title='bbox 706 4920 904 4976; x_wconf 89' lang='lat' dir='ltr'><strong>locum</strong></span> <span class='ocrx_word' id='word_1_579' title='bbox 940 4910 1394 4971; x_wconf 88' lang='lat' dir='ltr'><strong>obstinentium.</strong></span> 
     </span>
    </p>
   </div>
   <div class='ocr_carea' id='block_1_96' title="bbox 480 4996 2066 5070">
    <p class='ocr_par' dir='ltr' id='par_1_96' title="bbox 480 4996 2066 5070">
     <span class='ocr_line' id='line_1_97' title="bbox 480 4996 2066 5070; baseline -0.009 -2"><span class='ocrx_word' id='word_1_580' title='bbox 480 5009 918 5069; x_wconf 60' lang='lat' dir='ltr'><strong>Prwcedentem.</strong></span> <span class='ocrx_word' id='word_1_581' title='bbox 951 5004 1319 5059; x_wconf 71' lang='lat' dir='ltr'><strong>Praeeuntem</strong></span> <span class='ocrx_word' id='word_1_582' title='bbox 1352 5000 1501 5054; x_wconf 81' lang='lat' dir='ltr'><strong>forte</strong></span> <span class='ocrx_word' id='word_1_583' title='bbox 1533 4997 1828 5070; x_wconf 70' lang='lat' dir='ltr'><strong>prophetas</strong></span> <span class='ocrx_word' id='word_1_584' title='bbox 1856 5015 1869 5065; x_wconf 91' lang='lat'><strong>;</strong></span> <span class='ocrx_word' id='word_1_585' title='bbox 1918 4996 2066 5053; x_wconf 87' lang='lat' dir='ltr'><strong>forte</strong></span> 
     </span>
    </p>
   </div>
   <div class='ocr_carea' id='block_1_97' title="bbox 408 5083 2064 5168">
    <p class='ocr_par' dir='ltr' id='par_1_97' title="bbox 408 5083 2064 5168">
     <span class='ocr_line' id='line_1_98' title="bbox 408 5083 2064 5168; baseline -0.01 -11"><span class='ocrx_word' id='word_1_586' title='bbox 408 5104 610 5157; x_wconf 88' lang='lat' dir='ltr'><strong>autem</strong></span> <span class='ocrx_word' id='word_1_587' title='bbox 641 5103 964 5168; x_wconf 87' lang='lat' dir='ltr'><strong>antequam</strong></span> <span class='ocrx_word' id='word_1_588' title='bbox 997 5091 1191 5162; x_wconf 86' lang='lat' dir='ltr'><strong>major</strong></span> <span class='ocrx_word' id='word_1_589' title='bbox 1219 5087 1468 5162; x_wconf 90' lang='lat' dir='ltr'><strong>angelus</strong></span> <span class='ocrx_word' id='word_1_590' title='bbox 1498 5088 1569 5144; x_wconf 89' lang='lat' dir='ltr'>ad</span> <span class='ocrx_word' id='word_1_591' title='bbox 1621 5087 1821 5159; x_wconf 89' lang='lat' dir='ltr'><strong>ipsum</strong></span> <span class='ocrx_word' id='word_1_592' title='bbox 1872 5083 2064 5141; x_wconf 88' lang='lat' dir='ltr'><strong>venis-</strong></span> 
     </span>
    </p>
   </div>
   <div class='ocr_carea' id='block_1_98' title="bbox 407 5194 518 5246">
    <p class='ocr_par' dir='ltr' id='par_1_98' title="bbox 407 5194 518 5246">
     <span class='ocr_line' id='line_1_99' title="bbox 407 5194 518 5246; baseline -0.027 0"><span class='ocrx_word' id='word_1_593' title='bbox 407 5194 518 5246; x_wconf 89' lang='lat' dir='ltr'><strong>set.</strong></span> 
     </span>
    </p>
   </div>
   <div class='ocr_carea' id='block_1_99' title="bbox 476 5265 2059 5345">
    <p class='ocr_par' dir='ltr' id='par_1_99' title="bbox 476 5265 2059 5345">
     <span class='ocr_line' id='line_1_100' title="bbox 476 5265 2059 5345; baseline -0.008 -11"><span class='ocrx_word' id='word_1_594' title='bbox 476 5276 681 5334; x_wconf 83' lang='lat' dir='ltr'><strong>Deinde</strong></span> <span class='ocrx_word' id='word_1_595' title='bbox 717 5274 784 5330; x_wconf 91' lang='lat' dir='ltr'>ab</span> <span class='ocrx_word' id='word_1_596' title='bbox 816 5275 934 5345; x_wconf 79' lang='lat' dir='ltr'><strong>ipso</strong></span> <span class='ocrx_word' id='word_1_597' title='bbox 963 5271 1233 5326; x_wconf 84' lang='lat' dir='ltr'><strong>divinam.</strong></span> <span class='ocrx_word' id='word_1_598' title='bbox 1284 5266 1424 5322; x_wconf 87' lang='lat' dir='ltr'><strong>Vult</strong></span> <span class='ocrx_word' id='word_1_599' title='bbox 1473 5266 1580 5322; x_wconf 90' lang='lat' dir='ltr'>hoc</span> <span class='ocrx_word' id='word_1_600' title='bbox 1631 5265 2059 5332; x_wconf 88' lang='lat' dir='ltr'><strong>demonstrare,</strong></span> 
     </span>
    </p>
   </div>
   <div class='ocr_carea' id='block_1_100' title="bbox 403 5353 2062 5440">
    <p class='ocr_par' dir='ltr' id='par_1_100' title="bbox 403 5353 2062 5440">
     <span class='ocr_line' id='line_1_101' title="bbox 403 5353 2062 5440; baseline -0.008 -17"><span class='ocrx_word' id='word_1_601' title='bbox 403 5367 563 5440; x_wconf 91' lang='lat' dir='ltr'><strong>quod</strong></span> <span class='ocrx_word' id='word_1_602' title='bbox 592 5364 769 5421; x_wconf 89' lang='lat' dir='ltr'><strong>etiam</strong></span> <span class='ocrx_word' id='word_1_603' title='bbox 802 5363 860 5416; x_wconf 91' lang='lat' dir='ltr'>in</span> <span class='ocrx_word' id='word_1_604' title='bbox 889 5357 1175 5432; x_wconf 87' lang='lat' dir='ltr'><strong>angelicis</strong></span> <span class='ocrx_word' id='word_1_605' title='bbox 1219 5355 1532 5412; x_wconf 88' lang='lat' dir='ltr'><strong>ordinibus</strong></span> <span class='ocrx_word' id='word_1_606' title='bbox 1573 5353 1748 5426; x_wconf 89' lang='lat' dir='ltr'><strong>primi</strong></span> <span class='ocrx_word' id='word_1_607' title='bbox 1782 5353 2062 5410; x_wconf 89' lang='lat' dir='ltr'><strong>secundis</strong></span> 
     </span>
    </p>
   </div>
   <div class='ocr_carea' id='block_1_101' title="bbox 402 5443 2059 5517">
    <p class='ocr_par' dir='ltr' id='par_1_101' title="bbox 402 5443 2059 5517">
     <span class='ocr_line' id='line_1_102' title="bbox 402 5443 2059 5517; baseline -0.008 -5"><span class='ocrx_word' id='word_1_608' title='bbox 402 5454 713 5512; x_wconf 89' lang='lat' dir='ltr'><strong>enuntient</strong></span> <span class='ocrx_word' id='word_1_609' title='bbox 742 5451 844 5507; x_wconf 91' lang='lat' dir='ltr'>Dei</span> <span class='ocrx_word' id='word_1_610' title='bbox 875 5448 1264 5505; x_wconf 86' lang='lat' dir='ltr'><strong>voluntatem.</strong></span> <span class='ocrx_word' id='word_1_611' title='bbox 1298 5443 1669 5517; x_wconf 82' lang='grc' dir='ltr'>Κατακάρπως</span> <span class='ocrx_word' id='word_1_612' title='bbox 1698 5447 1918 5514; x_wconf 89' lang='lat' dir='ltr'><strong>autem,</strong></span> <span class='ocrx_word' id='word_1_613' title='bbox 1955 5459 2059 5515; x_wconf 92' lang='lat' dir='ltr'>pro</span> 
     </span>
    </p>
   </div>
   <div class='ocr_carea' id='block_1_102' title="bbox 403 5537 1125 5615">
    <p class='ocr_par' dir='ltr' id='par_1_102' title="bbox 403 5537 1125 5615">
     <span class='ocr_line' id='line_1_103' title="bbox 403 5537 1125 5615; baseline -0.014 -12"><span class='ocrx_word' id='word_1_614' title='bbox 403 5545 670 5615; x_wconf 89' lang='lat' dir='ltr'><strong>omnino,</strong></span> <span class='ocrx_word' id='word_1_615' title='bbox 705 5557 774 5598; x_wconf 84' lang='lat' dir='ltr'><strong>ex</strong></span> <span class='ocrx_word' id='word_1_616' title='bbox 809 5537 1125 5597; x_wconf 85' lang='lat' dir='ltr'><strong>Ezechiele.</strong></span> 
     </span>
    </p>
   </div>
   <div class='ocr_carea' id='block_1_103' title="bbox 2176 4720 3020 4799">
    <p class='ocr_par' dir='ltr' id='par_1_103' title="bbox 2176 4720 3020 4799">
     <span class='ocr_line' id='line_1_104' title="bbox 2176 4720 3020 4799; baseline -0.002 -20"><span class='ocrx_word' id='word_1_617' title='bbox 2176 4725 2231 4780; x_wconf 74' lang='lat' dir='ltr'>ai</span> <span class='ocrx_word' id='word_1_618' title='bbox 2261 4723 2454 4795; x_wconf 85' lang='grc' dir='ltr'>νοηταὶ</span> <span class='ocrx_word' id='word_1_619' title='bbox 2484 4720 2706 4799; x_wconf 76' lang='grc' dir='ltr'>ἄγγελοι</span> <span class='ocrx_word' id='word_1_620' title='bbox 2743 4721 3020 4796; x_wconf 78' lang='grc' dir='ltr'>λέγονται.</span> 
     </span>
    </p>
   </div>
   <div class='ocr_carea' id='block_1_104' title="bbox 2247 4804 3588 4891">
    <p class='ocr_par' dir='ltr' id='par_1_104' title="bbox 2247 4804 3588 4891">
     <span class='ocr_line' id='line_1_105' title="bbox 2247 4804 3588 4891; baseline 0 -23"><span class='ocrx_word' id='word_1_621' title='bbox 2247 4811 2597 4891; x_wconf 79' lang='grc' dir='ltr'>Ὑφειμένων.</span> <span class='ocrx_word' id='word_1_622' title='bbox 2630 4804 3108 4881; x_wconf 76' lang='grc' dir='ltr'>Ὑποϐεόηκότων,</span> <span class='ocrx_word' id='word_1_623' title='bbox 3141 4807 3588 4888; x_wconf 86' lang='grc' dir='ltr'>δευτερευόντων.</span> 
     </span>
    </p>
   </div>
   <div class='ocr_carea' id='block_1_105' title="bbox 2246 4988 3847 5066">
    <p class='ocr_par' dir='ltr' id='par_1_105' title="bbox 2246 4988 3847 5066">
     <span class='ocr_line' id='line_1_106' title="bbox 2246 4988 3847 5066; baseline -0.001 -20"><span class='ocrx_word' id='word_1_624' title='bbox 2246 4989 2758 5066; x_wconf 85' lang='grc' dir='ltr'>Προπορευόμενον.</span> <span class='ocrx_word' id='word_1_625' title='bbox 2813 4988 3302 5064; x_wconf 87' lang='grc' dir='ltr'>Προπορευόμενον</span> <span class='ocrx_word' id='word_1_626' title='bbox 3359 4989 3507 5064; x_wconf 84' lang='grc' dir='ltr'>τάχα</span> <span class='ocrx_word' id='word_1_627' title='bbox 3555 4992 3652 5044; x_wconf 91' lang='grc' dir='ltr'>τοῦ</span> <span class='ocrx_word' id='word_1_628' title='bbox 3697 5008 3847 5062; x_wconf 86' lang='grc' dir='ltr'>προ-</span> 
     </span>
    </p>
   </div>
   <div class='ocr_carea' id='block_1_106' title="bbox 2175 5075 3848 5159">
    <p class='ocr_par' dir='ltr' id='par_1_106' title="bbox 2175 5075 3848 5159">
     <span class='ocr_line' id='line_1_107' title="bbox 2175 5075 3848 5159; baseline -0.002 -25"><span class='ocrx_word' id='word_1_629' title='bbox 2175 5082 2372 5159; x_wconf 79' lang='grc' dir='ltr'>φήτου.</span> <span class='ocrx_word' id='word_1_630' title='bbox 2405 5079 2551 5153; x_wconf 86' lang='grc' dir='ltr'>τάχα</span> <span class='ocrx_word' id='word_1_631' title='bbox 2599 5075 2677 5149; x_wconf 76' lang='grc' dir='ltr'>δὶ,</span> <span class='ocrx_word' id='word_1_632' title='bbox 2710 5076 2818 5152; x_wconf 87' lang='grc' dir='ltr'>πρὸ</span> <span class='ocrx_word' id='word_1_633' title='bbox 2865 5081 2963 5132; x_wconf 88' lang='grc' dir='ltr'>τοῦ</span> <span class='ocrx_word' id='word_1_634' title='bbox 3006 5078 3099 5132; x_wconf 76' lang='grc' dir='ltr'>τὸν</span> <span class='ocrx_word' id='word_1_635' title='bbox 3148 5075 3375 5151; x_wconf 82' lang='grc' dir='ltr'>μείζονα</span> <span class='ocrx_word' id='word_1_636' title='bbox 3403 5077 3631 5154; x_wconf 79' lang='grc' dir='ltr'>ἄγγελον</span> <span class='ocrx_word' id='word_1_637' title='bbox 3661 5076 3848 5133; x_wconf 67' lang='grc' dir='ltr'>ἐλθεῖν</span> 
     </span>
    </p>
   </div>
   <div class='ocr_carea' id='block_1_107' title="bbox 2174 5168 2472 5226">
    <p class='ocr_par' dir='ltr' id='par_1_107' title="bbox 2174 5168 2472 5226">
     <span class='ocr_line' id='line_1_108' title="bbox 2174 5168 2472 5226; baseline -0.007 0"><span class='ocrx_word' id='word_1_638' title='bbox 2174 5169 2259 5226; x_wconf 69' lang='grc' dir='ltr'>ἐπ’</span> <span class='ocrx_word' id='word_1_639' title='bbox 2285 5168 2446 5224; x_wconf 77' lang='grc' dir='ltr'>αὐτόν</span> <span class='ocrx_word' id='word_1_640' title='bbox 2460 5210 2472 5224; x_wconf 93' lang='grc'>.</span> 
     </span>
    </p>
   </div>
   <div class='ocr_carea' id='block_1_108' title="bbox 2243 5253 3848 5332">
    <p class='ocr_par' dir='ltr' id='par_1_108' title="bbox 2243 5253 3848 5332">
     <span class='ocr_line' id='line_1_109' title="bbox 2243 5253 3848 5332; baseline -0.001 -20"><span class='ocrx_word' id='word_1_641' title='bbox 2243 5260 2381 5316; x_wconf 81' lang='grc' dir='ltr'>Εἶτα</span> <span class='ocrx_word' id='word_1_642' title='bbox 2428 5257 2566 5332; x_wconf 88' lang='grc' dir='ltr'>πρὸς</span> <span class='ocrx_word' id='word_1_643' title='bbox 2626 5256 2794 5310; x_wconf 88' lang='grc' dir='ltr'>αὑτοῦ</span> <span class='ocrx_word' id='word_1_644' title='bbox 2845 5258 2946 5326; x_wconf 82' lang='grc' dir='ltr'>τὴν</span> <span class='ocrx_word' id='word_1_645' title='bbox 3002 5254 3168 5314; x_wconf 89' lang='grc' dir='ltr'>θείαν.</span> <span class='ocrx_word' id='word_1_646' title='bbox 3218 5259 3389 5312; x_wconf 91' lang='grc' dir='ltr'>Τοῦτο</span> <span class='ocrx_word' id='word_1_647' title='bbox 3451 5254 3599 5321; x_wconf 84' lang='grc' dir='ltr'>θέλει</span> <span class='ocrx_word' id='word_1_648' title='bbox 3644 5253 3848 5327; x_wconf 77' lang='grc' dir='ltr'>δεῖξαι,</span> 
     </span>
    </p>
   </div>
   <div class='ocr_carea' id='block_1_109' title="bbox 2171 5343 3844 5422">
    <p class='ocr_par' dir='ltr' id='par_1_109' title="bbox 2171 5343 3844 5422">
     <span class='ocr_line' id='line_1_110' title="bbox 2171 5343 3844 5422; baseline -0.002 -18"><span class='ocrx_word' id='word_1_649' title='bbox 2171 5347 2256 5404; x_wconf 75' lang='grc' dir='ltr'>δτι</span> <span class='ocrx_word' id='word_1_650' title='bbox 2297 5346 2387 5402; x_wconf 88' lang='grc' dir='ltr'>καὶ</span> <span class='ocrx_word' id='word_1_651' title='bbox 2438 5345 2488 5400; x_wconf 81' lang='grc' dir='ltr'>ἐν</span> <span class='ocrx_word' id='word_1_652' title='bbox 2531 5349 2648 5408; x_wconf 86' lang='grc' dir='ltr'>τοῖς</span> <span class='ocrx_word' id='word_1_653' title='bbox 2697 5343 3010 5422; x_wconf 84' lang='grc' dir='ltr'>ἀγγελικοῖς</span> <span class='ocrx_word' id='word_1_654' title='bbox 3061 5346 3327 5422; x_wconf 87' lang='grc' dir='ltr'>τάγμασιν</span> <span class='ocrx_word' id='word_1_655' title='bbox 3384 5347 3436 5401; x_wconf 77' lang='grc' dir='ltr'>οἱ</span> <span class='ocrx_word' id='word_1_656' title='bbox 3467 5350 3678 5416; x_wconf 85' lang='grc' dir='ltr'>πρῶτοι</span> <span class='ocrx_word' id='word_1_657' title='bbox 3720 5351 3844 5408; x_wconf 87' lang='grc' dir='ltr'>τοῖς</span> 
     </span>
    </p>
   </div>
   <div class='ocr_carea' id='block_1_110' title="bbox 2173 5432 3843 5512">
    <p class='ocr_par' dir='ltr' id='par_1_110' title="bbox 2173 5432 3843 5512">
     <span class='ocr_line' id='line_1_111' title="bbox 2173 5432 3843 5512; baseline -0.003 -19"><span class='ocrx_word' id='word_1_658' title='bbox 2173 5437 2442 5512; x_wconf 73' lang='grc' dir='ltr'>δευτέροις</span> <span class='ocrx_word' id='word_1_659' title='bbox 2491 5432 2881 5512; x_wconf 81' lang='grc' dir='ltr'>διαγγέλλουσι</span> <span class='ocrx_word' id='word_1_660' title='bbox 2929 5435 3031 5504; x_wconf 83' lang='grc' dir='ltr'>τὴν</span> <span class='ocrx_word' id='word_1_661' title='bbox 3081 5438 3178 5490; x_wconf 87' lang='grc' dir='ltr'>τοῦ</span> <span class='ocrx_word' id='word_1_662' title='bbox 3210 5435 3344 5490; x_wconf 86' lang='grc' dir='ltr'>Θεοῦ</span> <span class='ocrx_word' id='word_1_663' title='bbox 3392 5433 3622 5512; x_wconf 77' lang='grc' dir='ltr'>βουλήν.</span> <span class='ocrx_word' id='word_1_664' title='bbox 3659 5437 3843 5492; x_wconf 83' lang='grc' dir='ltr'>Κατα-</span> 
     </span>
    </p>
   </div>
   <div class='ocr_carea' id='block_1_111' title="bbox 2170 5522 3463 5601">
    <p class='ocr_par' dir='ltr' id='par_1_111' title="bbox 2170 5522 3463 5601">
     <span class='ocr_line' id='line_1_112' title="bbox 2170 5522 3463 5601; baseline -0.003 -17"><span class='ocrx_word' id='word_1_665' title='bbox 2170 5529 2396 5601; x_wconf 86' lang='grc' dir='ltr'>κάρπως</span> <span class='ocrx_word' id='word_1_666' title='bbox 2427 5522 2485 5580; x_wconf 71' lang='grc' dir='ltr'>δὲ</span> <span class='ocrx_word' id='word_1_667' title='bbox 2516 5523 2630 5579; x_wconf 79' lang='grc' dir='ltr'>ἀντὶ</span> <span class='ocrx_word' id='word_1_668' title='bbox 2660 5527 2759 5578; x_wconf 89' lang='grc' dir='ltr'>τοῦ</span> <span class='ocrx_word' id='word_1_669' title='bbox 2784 5525 2924 5579; x_wconf 88' lang='grc' dir='ltr'>πάνυ</span> <span class='ocrx_word' id='word_1_670' title='bbox 2958 5522 3018 5578; x_wconf 79' lang='grc' dir='ltr'>ἐκ</span> <span class='ocrx_word' id='word_1_671' title='bbox 3043 5527 3143 5579; x_wconf 87' lang='grc' dir='ltr'>τοῦ</span> <span class='ocrx_word' id='word_1_672' title='bbox 3170 5522 3463 5595; x_wconf 80' lang='grc' dir='ltr'>Ἰεζεκιήλ.</span> 
     </span>
    </p>
   </div>
   <div class='ocr_carea' id='block_1_112' title="bbox 1405 5627 2830 5708">
    <p class='ocr_par' dir='ltr' id='par_1_112' title="bbox 1405 5627 2830 5708">
     <span class='ocr_line' id='line_1_113' title="bbox 1405 5627 2830 5708; baseline -0.006 -2"><span class='ocrx_word' id='word_1_673' title='bbox 1405 5649 1652 5708; x_wconf 79' lang='lat' dir='ltr'>VARle</span> <span class='ocrx_word' id='word_1_674' title='bbox 1692 5647 2094 5707; x_wconf 81' lang='lat' dir='ltr'>LECTIONES</span> <span class='ocrx_word' id='word_1_675' title='bbox 2131 5627 2226 5706; x_wconf 77' lang='lat' dir='ltr'>ET</span> <span class='ocrx_word' id='word_1_676' title='bbox 2265 5641 2830 5703; x_wconf 79' lang='lat' dir='ltr'>GORRECTIONES.</span> 
     </span>
    </p>
   </div>
   <div class='ocr_carea' id='block_1_113' title="bbox 478 5738 1156 5823">
    <p class='ocr_par' dir='ltr' id='par_1_113' title="bbox 478 5738 1156 5823">
     <span class='ocr_line' id='line_1_114' title="bbox 478 5738 1156 5823; baseline -0.007 -18"><span class='ocrx_word' id='word_1_677' title='bbox 478 5752 523 5788; x_wconf 75' lang='lat'><strong>“</strong></span> <span class='ocrx_word' id='word_1_678' title='bbox 551 5748 827 5823; x_wconf 74' lang='grc' dir='ltr'>ἀνωτέρω.</span> <span class='ocrx_word' id='word_1_679' title='bbox 905 5747 950 5783; x_wconf 76' lang='grc'>⁵⁸</span> <span class='ocrx_word' id='word_1_680' title='bbox 979 5743 1041 5799; x_wconf 86' lang='grc' dir='ltr'>τὸ</span> <span class='ocrx_word' id='word_1_681' title='bbox 1077 5738 1156 5800; x_wconf 85' lang='grc' dir='ltr'>δέ.</span> 
     </span>
    </p>
   </div>
  </div>
