4134 6412
390 418 463 472 81
1117 423 1176 474 S.
1217 419 1490 476 MAXIM!
1526 420 1838 476 SCHOLIA
1871 421 1949 474 IN
1987 420 2122 474 LIB.
2162 418 2260 475 DE
2298 421 2621 480 C(ELBSTI
2657 425 3131 481 HIERARCHIA.
3774 419 3846 483 82

468 538 908 615 Ἀποκρίνεσθαι.
944 539 1140 605 Καλῶς
1185 543 1334 597 εἶπεν
1387 543 1415 596 6
1462 542 1667 618 Κύριος
1699 541 1750 596 ἐν
1799 546 1878 614 τῷ
1925 561 2061 618 προ-

2253 546 2609 618 Responderc.
2635 552 2808 605 Recte
2840 547 2987 604 dixit
3008 545 3286 602 dominus
3311 544 3370 600 in
3397 541 3683 616 propheta
3705 542 3842 598 Eze-

395 632 548 708 φήτῃ
579 628 871 705 ⁸1εζεκιήλ,
901 628 1042 686 ὥστε
1092 638 1436 707 χωρισθῆναι
1494 636 1603 687 τῶν
1656 629 1882 686 δικαίων
1943 629 2071 692 τοὺς

401 717 776 795 ἁμαρτωλούς
807 737 821 751 ·
854 724 1020 775 τοῦτο
1050 722 1156 796 γὰρ
1186 721 1274 776 καὶ
1304 719 1357 776 ἄν
1386 726 1504 783 τοῖς
1547 720 1901 798 Εὐαγγελίοις
1949 719 2074 798 φαί-

400 829 552 864 νεται
586 809 937 879 πεποιηκὼς,
971 809 1111 865 ὥστε
1140 812 1185 847 ⁸⁸
1212 812 1280 864 τὰ
1308 805 1556 884 πρόϐατα
1605 810 1665 866 ἐκ
1708 813 1816 865 τῶν
1869 810 2071 886 ἐρίφων

398 895 734 974 διεμὲρισεν.
795 896 940 954 Ἰδοὺ
1002 896 1217 971 συνᾴδει
1275 899 1363 954 καὶ
1427 898 1481 954 ἰν
1535 899 1717 972 τούτῳ
1765 901 1800 970 ἠ
1859 898 2074 955 Παλαιὰ

396 989 653 1058 Διαθήκη
685 991 755 1062 τῇ
789 988 920 1060 Νέᾳ.

470 1081 567 1139 ⁸ος
597 1077 691 1132 τὸν
723 1073 971 1152 ποδήρη.
1007 1075 1138 1153 Περὶ
1165 1081 1266 1133 τοῦ
1309 1078 1399 1132 τὸν
1451 1075 1672 1155 ποδήρη
1721 1075 2074 1142 ἐνδεδυκότος

393 1171 618 1242 χιτῶνα
648 1168 714 1224 ⁸⁷.
745 1165 1068 1240 Σημείωσαι
1101 1164 1180 1238 δὲ,
1214 1165 1297 1222 ὅτι
1345 1171 1426 1240 τῷ
1473 1168 1570 1240 μὲν
1618 1165 1836 1244 ἀγγέλῳ
1882 1171 1963 1240 τῷ
2009 1169 2071 1222 τὸ

396 1258 498 1329 μὲν
589 1261 822 1329 σημεῖον
910 1253 1174 1321 ἐπιθεῖναι
1257 1254 1598 1312 κελευσθέντι
1671 1254 1926 1333 ποδήρης
2005 1256 2074 1325 ἧν

392 1344 603 1421 χιτὼν,
651 1347 739 1400 καὶ
826 1345 970 1416 ζώνη
1034 1345 1162 1421 περὶ
1218 1347 1319 1415 τὴν
1366 1345 1557 1424 ὀσφὺν,
1612 1353 1809 1422 σχῆμα
1865 1344 2075 1421 πρέπον

395 1435 538 1510 ἱερεῖ
569 1453 584 1466 ⁸
644 1439 766 1497 τοῖς
826 1431 885 1490 δὲ
966 1432 1227 1510 ἀγγίλοις
1289 1432 1488 1498 ἄλλοις
1560 1434 1794 1497 πέλεκυς
1847 1435 1898 1490 ἐν
1956 1438 2075 1497 ταῖς

393 1523 613 1598 χερσὶν,
665 1522 802 1599 ὅπερ
850 1519 1022 1594 δηλοῖ
1067 1526 1453 1599 τιμωρητικήν
1512 1545 1628 1580 τινα
1681 1521 1910 1597 δύναμιν
1947 1543 1960 1556 ·
1997 1524 2071 1586 ὡς

400 1611 464 1668 lx
492 1613 694 1668 τούτου
724 1618 868 1668 νοεῖν
899 1614 1074 1685 ἡμᾶς,
1113 1611 1196 1667 δτι
1228 1613 1366 1689 πρὸς
1413 1612 1477 1667 τὸ
1529 1612 1733 1686 μέλλον
1789 1612 2070 1668 ἀποτελεῖ-

395 1704 522 1757 σθαι
565 1703 660 1757 καὶ
709 1702 774 1757 τὸ
823 1705 933 1756 τῶν
983 1700 1233 1777 ἀγγέλων
1286 1700 1431 1764 εἶδος
1482 1701 1904 1778 σχηματίζεται,
1936 1701 2070 1778 ὅπερ

399 1792 652 1856 ἆννοῆσαι
687 1791 988 1869 ὀφείλομεν
1018 1792 1142 1868 περί
1180 1796 1289 1846 τῶν
1343 1791 1585 1870 σεραφίμ
1631 1793 1717 1847 καὶ
1770 1787 2066 1868 χερουϐὶμ,

2183 634 2386 702 chiele,
2448 642 2512 692 ut
2566 642 2916 710 separentur
2952 635 3100 708 justi
3150 652 3184 691 a
3239 632 3692 706 peccatoribus:
3730 630 3838 686 hoc

2181 723 2338 780 enim
2365 725 2423 780 in
2447 726 2777 799 Evangeliis
2807 729 3051 798 apparet
3081 723 3286 780 fecisse
3317 722 3552 792 quando
3583 735 3721 776 oves
3765 719 3838 775 ab

2182 813 2364 870 haedis
2395 814 2596 871 divisit
2621 815 2716 888 (ε).
2757 819 2896 872 Ecce
2924 814 3102 870 etiam
3126 813 3186 868 in
3212 812 3322 868 hoc
3343 813 3631 867 consonat
3651 813 3834 865 Vetus

2182 903 2628 960 Testamentum
2656 904 2834 962 Novo.

2254 994 2362 1062 Qui
2390 996 2556 1050 talari
2583 1003 2743 1051 veste.
2778 999 2856 1050 De
2886 1010 2974 1064 eo,
3007 994 3107 1065 qui
3139 993 3389 1048 indutus
3419 993 3546 1047 erat
3573 987 3838 1045 tunicam

2181 1081 2447 1139 talarem.
2480 1083 2630 1140 Nota
2659 1100 2818 1152 vero,
2852 1084 3005 1154 quod
3030 1081 3238 1156 angelo
3279 1081 3511 1152 signum
3543 1093 3840 1151 apponere

2172 1173 2368 1242 jusso,
2400 1173 2602 1229 talari:
2633 1177 2750 1229 erat
2781 1175 2995 1240 tunica,
3021 1181 3072 1228 et
3100 1171 3395 1241 cingulum
3421 1171 3573 1225 circa
3603 1167 3838 1233 lumbos,

2187 1262 2394 1318 habitu
2444 1263 2732 1319 sacerdoti
2776 1263 3151 1318 conveniens.
3183 1259 3421 1333 Angelis
3451 1275 3624 1331 porro
3671 1261 3846 1312 ciste-

2187 1351 2290 1419 ris,
2321 1354 2526 1408 :ecuri:
2565 1353 2626 1408 in
2654 1352 2932 1421 manibus,
2978 1351 3136 1422 quod
3187 1349 3488 1422 signiﬁcat
3526 1346 3846 1402 vindicati-

2183 1457 2314 1496 vam
2345 1440 2607 1513 aliquam
2638 1441 2917 1497 virtutem
2951 1457 2964 1496 :
3000 1445 3067 1496 ut
3115 1456 3184 1496 ex
3231 1439 3344 1495 hoc
3395 1454 3504 1494 nos
3552 1434 3846 1507 intelliga-

2187 1546 2340 1596 mus,
2373 1531 2530 1601 quod
2556 1531 2727 1602 juxta
2756 1528 2926 1596 illud,
2967 1530 3120 1600 quod
3151 1527 3528 1585 efﬁciendum
3560 1529 3672 1594 est,
3702 1541 3843 1596 spe-

2183 1619 2303 1675 cies
2333 1620 2512 1675 etiam
2544 1618 2890 1691 angelorum
2924 1618 3184 1690 ﬁngatur
3213 1635 3226 1672 :
3258 1617 3413 1689 quod
3445 1614 3702 1687 cogitare
3733 1614 3835 1668 de-

2182 1708 2388 1764 bemus
2445 1708 2517 1762 de
2573 1706 2874 1778 seraphim
2933 1710 2990 1761 et
3046 1704 3351 1760 cherubim
3381 1707 3440 1758 et
3469 1700 3692 1756 caeteris
3721 1700 3837 1756 vir-

2178 1797 2441 1865 tutibus;
2475 1797 2616 1868 quia
2645 1795 2972 1852 secundum
3007 1794 3310 1866 proprium
3341 1791 3610 1848 ordinem
3653 1789 3834 1845 etiam

404 1881 492 1934 καὶ
519 1885 627 1935 τῶν
656 1876 849 1936 ἄλλων
885 1877 1188 1953 δυνάμεων,
1217 1878 1300 1935 ὅτι
1339 1881 1477 1954 πρὸς
1523 1881 1623 1950 τὴν
1671 1879 1870 1936 οἰκείαν
1919 1881 2061 1953 τάξιν

2181 1885 2445 1941 habitum
2477 1885 2761 1952 habeant;
2793 1883 2896 1956 qui
2926 1883 3085 1940 enim
3107 1881 3387 1956 τρισάγιον
3423 1880 3712 1952 hymnum
3743 1875 3837 1933 di-

405 1969 490 2024 καὶ
533 1969 595 2024 τὸ
642 1975 843 2044 σχῆμα
888 1966 1112 2045 ἔχουσιν
1148 1989 1160 2001 ·
1198 1969 1251 2023 οἱ
1297 1969 1401 2044 γὰρ
1449 1969 1542 2024 τὸν
1573 1969 1849 2043 τρισάγιον
1898 1968 2064 2042 ὕμνον

365 2119 374 2128 ⁸
400 2059 660 2133 Λέγοντες
689 2057 1132 2132 πολυπρόσωποι
1166 2058 1626 2132 σχηματίζονται,
1643 2055 1946 2128 δηλοῦντος
1969 2059 2066 2114 τοῦ

400 2145 599 2224 λόγου,
633 2148 719 2202 ὅτι
751 2144 1012 2222 ἆσίγητός
1063 2145 1173 2202 ἐστι
1217 2147 1310 2201 καὶ
1351 2145 1529 2210 πολὺς
1559 2147 1588 2202 6
1619 2145 1796 2202 αὐτῶν
1846 2145 2013 2220 ὕμνος
2048 2164 2063 2182 ⁶

395 2234 547 2291 οὕτω
578 2237 670 2292 καὶ
698 2235 825 2311 περὶ
856 2240 966 2292 τῶν
1001 2236 1124 2307 ἑξῆς
1155 2236 1379 2306 νόησον.

462 2324 534 2378 Τὸ
592 2328 828 2396 σημεῖον
889 2322 965 2386 είς
1019 2323 1089 2377 τὰ
1149 2323 1398 2397 μέτωπα.
1433 2321 1778 2397 Σημείωσαι,
1825 2323 1906 2380 ὅτι
1966 2326 2066 2394 τὴν

391 2412 540 2477 θείαν
604 2412 962 2488 προτῦπωσιν
1019 2412 1070 2483 ἐξ
1125 2412 1330 2468 ἐκείνου
1389 2416 1763 2489 προεμήνυσε,
1816 2415 1878 2469 τὸ
1934 2413 2065 2476 τοὺς

393 2501 629 2564 πιστοὺς
661 2502 798 2558 κατᾶ
821 2501 884 2556 τὸ
920 2503 1172 2575 μέτωπον
1201 2504 1246 2539 ⁸⁸
1282 2504 1384 2572 τήν
1443 2504 1713 2572 ζωοποιὸν
1768 2502 2064 2567 ὶπιτιθὲναι

394 2590 698 2669 σφραγῖδα,
731 2591 823 2647 καὶ
854 2593 1247 2668 περισώζεσθαι
1281 2592 1342 2647 ὲκ
1367 2596 1465 2647 τοῦ
1495 2592 1826 2668 ὀλοθρευτοῦ
1859 2611 1872 2623 ·
1919 2591 2066 2648 ἀλλὰ

386 2681 518 2737 τότε
583 2683 680 2756 μὲν
732 2680 953 2758 ἄγγελοι
1007 2680 1058 2737 ἐν
1127 2683 1378 2756 σχήματι
1427 2682 1615 2757 ἱερέων
1663 2686 1825 2737 τοῦτο
1883 2687 2062 2737 ποιεῖν

387 2769 793 2841 ἐκελεύσθησαν
849 2775 968 2835 τοῖς
1016 2770 1326 2835 ἀνευθύνοις
1361 2789 1374 2802 ·
1436 2773 1470 2841 ἡ
1528 2772 1630 2847 γὰρ
1693 2772 1834 2841 ζώνη
1894 2771 1984 2826 καὶ
2032 2773 2061 2826 6

392 2857 658 2937 ποδήρης
687 2861 864 2935 χιτὼν
890 2860 955 2915 τὸ
997 2861 1317 2936 ἱεροπρεπὲς
1345 2865 1452 2915 τῶν
1485 2861 1674 2935 ἱερέων
1721 2858 1890 2931 δηλοῖ
1928 2867 2065 2936 σχῆ-

394 2972 473 3023 μα
509 2969 522 2981 ·
557 2949 653 3004 νῦν
688 2947 746 3004 δε
792 2950 881 3004 καὶ
945 2951 1135 3023 ἡμεῖς,
1191 2950 1402 3011 ὲαυτοῖς
1460 2949 1511 3003 οἱ
1571 2949 1753 3004 πιστοὶ
1809 2950 1909 3018 τήν
1965 2953 2062 3003 τοῦ

390 3043 641 3114 σταυροῦ
712 3036 984 3117 σφραγῖδα
1046 3059 1184 3094 κατα
1249 3039 1314 3094 τὸ
1382 3037 1634 3112 μέτωπον
1691 3036 2060 3108 ἐντυποῦντες,

389 3126 769 3206 διαφιόγομεν
821 3129 912 3183 τὸν
970 3126 1170 3204 ἐχθρόν
1207 3146 1221 3161 ⁸
1269 3125 1390 3182 ἰδοὺ
1447 3129 1535 3183 καὶ
1599 3125 1745 3198 ἄλλη
1796 3127 2061 3202 ὁμοίωσις

385 3216 642 3280 Ηαλαιᾶς
684 3217 824 3294 πρὸς
883 3218 986 3286 τήν
1055 3217 1216 3274 Νέαν.
1270 3217 1591 3291 Σημείωσαι
1642 3214 1718 3289 δὲ,
1767 3218 1850 3272 ὅτι
1910 3215 2063 3272 αὗταί

2179 1979 2323 2031 cunt
2354 1975 2574 2030 multas
2615 1975 2833 2030 habere
2883 1972 3064 2028 facies
3111 1973 3400 2044 ﬁguntur,
3432 1983 3707 2027 sermone
3737 1969 3841 2022 de-

2180 2064 2460 2131 clarante,
2491 2065 2642 2134 quod
2675 2063 3019 2118 indesinens
3051 2061 3131 2117 sit
3173 2065 3232 2116 et
3260 2060 3538 2131 frequens
3567 2057 3838 2130 ipsorum

2178 2153 2436 2228 hymnus
2469 2171 2482 2210 :
2526 2153 2725 2224 itaque
2751 2153 2824 2207 de
2847 2150 3092 2223 reliquis
3123 2148 3407 2221 intelligo.

2247 2332 2487 2400 Signum
2517 2332 2575 2386 in
2604 2331 2903 2402 frontibus.
2937 2329 3087 2388 Nota
3118 2327 3376 2385 divinam
3408 2324 3834 2399 prasﬁguratio-

2177 2437 2312 2477 nem
2345 2438 2413 2477 ex
2444 2421 2544 2477 illo
2575 2419 3148 2493 praamonstravisse,
3178 2417 3381 2473 ﬁdeles
3403 2417 3463 2471 in
3480 2416 3670 2472 fronte
3687 2413 3833 2469 vivi-

2178 2511 2354 2566 ﬁcum
2388 2527 2682 2582 opponere
2730 2509 3014 2582 sigillum,
3048 2512 3107 2563 et
3149 2504 3481 2563 conservari
3525 2504 3598 2560 ab
3637 2506 3832 2558 exter-

2177 2600 2498 2669 minatore;
2533 2600 2634 2655 sed
2667 2604 2796 2655 tum
2829 2599 3072 2670 quidem
3104 2595 3293 2670 angeli
3319 2596 3379 2651 in
3409 2593 3616 2650 habitu
3639 2608 3835 2648 sacer-

2175 2691 2379 2745 dotum
2413 2690 2520 2744 hoc
2562 2689 2787 2760 iniquis
2837 2689 2937 2744 82
2986 2685 3349 2757 facerejussi
3403 2688 3585 2740 sunt:
3618 2681 3833 2754 cingu-

2174 2779 2300 2835 lum
2333 2781 2490 2836 enim
2521 2783 2578 2835 et
2624 2779 2830 2834 talaria
2878 2777 3103 2848 tunica,
3145 2777 3328 2834 sacris
3385 2773 3830 2831 convenientem

2175 2869 2548 2926 sacerdotum
2581 2867 2878 2941 signiﬁcat
2906 2866 3207 2934 habitum;
3261 2881 3414 2921 nunc
3461 2880 3594 2920 vero
3649 2863 3832 2918 etiam

2175 2975 2283 3014 nos
2341 2957 2541 3014 ﬁdeles
2591 2957 2761 3014 nobis
2811 2957 2958 3030 ipsis
3007 2956 3248 3028 signum
3294 2953 3488 3008 crucis
3536 2951 3597 3006 in
3639 2950 3832 3006 fronte

2173 3047 2602 3120 imprimentes,
2637 3047 2910 3117 fugamus
2960 3044 3226 3110 hostem;
3260 3058 3331 3098 en
3372 3045 3429 3096 et
3474 3039 3652 3096 aliam
3684 3054 3834 3106 quo-

2176 3154 2290 3210 que
2320 3135 2777 3193 similitudinem
2812 3133 3056 3206 Antiqui
3088 3130 3451 3189 Testamenti
3483 3145 3619 3186 cum
3650 3127 3833 3184 Novo.

2176 3227 2326 3283 Nota
2356 3230 2574 3296 autem,
2607 3224 2716 3281 hos
2748 3240 2880 3281 esse
2907 3227 3029 3279 tres
3060 3221 3248 3278 trinos
3274 3219 3512 3276 ordines
3544 3217 3832 3288 intelligi-

383 3305 526 3362 εἰσιν
561 3307 618 3362 αἱ
648 3312 795 3382 τρεῖς
826 3304 1104 3380 τριαδικαί
1132 3305 1310 3378 τάξεις
1339 3310 1446 3361 τῶν
1475 3311 1688 3378 νοητῶν
1724 3303 2006 3379 δυνάμεων
2037 3326 2052 3340 ο

2181 3315 2376 3371 silium
2406 3314 2692 3370 virtutum
2727 3331 2740 3370 :
2776 3313 3003 3385 primus
3033 3310 3244 3378 ternio,
3277 3307 3496 3377 throni,
3530 3311 3652 3364 tum
3692 3305 3828 3361 che-

387 3397 588 3471 πρώτη
619 3398 796 3474 τριὰς,
829 3396 1014 3473 θρόνοι
1050 3416 1063 3430 ⁸
1107 3399 1224 3452 εἶτα
1272 3391 1572 3473 χερουϐἰμ,
1605 3399 1722 3451 εἶτα
1778 3394 2016 3474 σεραφίμ
2037 3415 2052 3431 ο

390 3483 622 3563 δευτέρα
712 3486 890 3561 τριὰς,
973 3485 1312 3563 κυριότητες,
1401 3485 1680 3559 δυνάμεις,
1765 3483 1999 3555 ἐξουσίαι
2037 3503 2052 3517 ο

390 3575 553 3630 αὗται
628 3575 720 3630 καὶ
795 3575 954 3649 μέσαι
1032 3573 1332 3652 λέγονται⁸
1392 3574 1551 3650 τρίτη
1626 3576 1817 3650 τριὰς,
1860 3573 2051 3649 ἀρχαὶ,

386 3664 761 3742 ἀρχάγγελοι,
838 3663 1060 3740 ἄγγελοι
1093 3685 1105 3698 '
1159 3669 1328 3738 κοινῷ
1400 3661 1458 3719 δὲ
1535 3663 1758 3737 ὀνόματι
1853 3665 2050 3728 πάντες

394 3753 641 3828 ἄγγελοι.

467 3842 745 3916 Εὐτιξίας.
797 3842 929 3919 Περῖ
981 3841 1225 3914 εὐταξίας
1267 3845 1378 3898 τῶν
1423 3839 1685 3918 δευτέρων
1738 3842 1874 3920 πρὸς
1923 3843 2051 3904 τοὺς

383 3931 720 4009 ἆνωτὲρους.

451 4040 554 4093 Τὸν
636 4037 912 4094 θειότατον
991 4033 1262 4113 Γαϐριήλ.
1326 4039 1670 4110 Σημείωσαι,
1736 4037 1819 4093 ὅτι
1880 4037 1971 4092 καὶ
2019 4038 2048 4092 6

381 4123 637 4202 Γαϐριὴλ
700 4129 804 4184 οὐκ
858 4125 970 4184 ἔστι
1027 4131 1136 4183 τῶν
1188 4126 1474 4204 ἀνωτέρων
1537 4125 1844 4202 δυνάμεων,
1903 4125 2052 4183 ἀλλὰ

375 4223 495 4274 τῶν
536 4217 859 4297 ὑφειμένων.

451 4307 790 4384 Ἱεραρχίας.
880 4306 1225 4381 Σημείωσαι,
1273 4304 1356 4361 ὅτι
1446 4306 1675 4380 μίμημα
1753 4311 1854 4372 τῆς
1939 4305 2050 4362 ἅνω

384 4404 666 4472 μυστικῆς
719 4395 1011 4473 ἱεραρχίας
1063 4396 1131 4451 τὰ
1187 4395 1239 4450 ἐν
1296 4399 1366 4470 τῇ
1424 4394 1724 4467 Ἐκκλησία
1795 4395 2054 4472 γινόμενα

377 4490 634 4561 σήμερον
669 4505 680 4517 ·
715 4487 807 4542 καὶ
838 4486 942 4562 γὰρ
976 4487 1027 4540 οἱ
1059 4487 1224 4560 ἱερεῖς
1274 4482 1546 4561 σφραγῖδα
1603 4481 1901 4549 ἐπιτιθέασι
1954 4490 2052 4540 τοῦ

383 4581 670 4647 ζωοποιοῦ
720 4579 953 4650 σταυροῦ
1003 4580 1121 4638 τοῖς
1166 4577 1455 4650 προσιοῦσι
1505 4578 1585 4646 τῷ
1619 4573 1929 4650 μυστηρίῳ,
1963 4572 2054 4629 διὰ

2168 3403 2386 3472 rubim,
2420 3403 2634 3459 deinde
2660 3401 2984 3475 seraphim.
3041 3399 3350 3456 Secundus
3395 3396 3591 3464 tertio,
3637 3395 3827 3449 domi-

2167 3492 2461 3563 nationes,
2519 3491 2794 3558 virtutes,
2850 3492 3208 3562 potestates;
3259 3487 3345 3543 ha
3389 3485 3566 3542 etiam
3611 3483 3818 3539 mediae

2164 3582 2472 3648 dicuntur;
2506 3582 2719 3636 tertius
2776 3579 2988 3646 ternio,
3033 3578 3422 3650 principatus,
3455 3572 3817 3646 archangeli,

2162 3667 2352 3742 angeli
2389 3685 2403 3724 :
2433 3666 2734 3724 communi
2763 3669 2961 3723 autem
2992 3665 3232 3721 nomine
3264 3659 3524 3719 universi
3554 3658 3769 3733 angeli.

2234 3846 2370 3903 Boni
2395 3846 2628 3903 ordinis.
2666 3846 2743 3902 De
2772 3849 2931 3901 recto
2981 3843 3188 3900 ordine
3241 3839 3642 3897 secundorum
3674 3851 3814 3909 erga

2157 3936 2513 4008 superiores.

2239 4043 2670 4099 Diviniuimum
2700 4041 3032 4096 Gabrielem.
3066 4039 3214 4094 Nota
3261 4038 3439 4094 etiam
3487 4032 3820 4091 Gabrielem

2159 4149 2275 4189 non
2305 4148 2435 4189 esse
2465 4131 2839 4205 superiorum
2869 4133 3180 4195 virtutum,
3205 4128 3308 4183 sed
3339 4124 3708 4182 inferiorum.

2233 4309 2594 4367 Hiemi-Chiae.
2628 4310 2796 4374 Nota,
2829 4327 2898 4366 ea
2923 4325 3051 4382 qua
3082 4306 3258 4363 hodie
3289 4305 3350 4360 in
3382 4301 3641 4360 Ecclesia
3669 4302 3821 4357 ﬁunt

2161 4417 2292 4456 esse
2343 4400 2732 4456 imitationem
2796 4415 3065 4471 supernae
3115 4395 3376 4469 mysticae
3429 4391 3816 4456 hierarcbim;

2162 4491 2381 4545 etenim
2413 4489 2750 4545 sacerdotes
2771 4487 3087 4559 imponunt
3108 4485 3346 4557 signum
3370 4480 3608 4537 viviﬁcm
3630 4478 3819 4535 crucis

2163 4578 2578 4633 accedentibus
2609 4579 2680 4633 ad
2714 4580 3180 4640 sacramentum;
3213 4572 3353 4645 quia
3392 4569 3646 4641 separati
3678 4571 3822 4624 sunt

373 4666 446 4720 τὸ
505 4669 853 4740 χωρισθῆναι
912 4662 1110 4725 αὐτοὺς
1166 4667 1273 4717 τῶν
1331 4661 1599 4724 ἀπίστων,
1657 4662 1748 4717 καὶ
1809 4662 1901 4717 τίνα
1956 4663 2048 4718 τὸν

2181 4668 2236 4722 ιι)
2266 4666 2629 4739 inﬁdelibus,
2661 4675 2858 4738 atque,
2890 4669 2957 4720 ut
2987 4664 3214 4719 hostem
3259 4659 3606 4732 effugerint;
3651 4656 3824 4714 aliter

385 4754 594 4831 ἰχθρὸν
627 4751 963 4832 διαφύγωσιν
1000 4771 1012 4785 ⁶
1047 4749 1238 4813 ἄλΛως
1276 4772 1336 4806 τε
1381 4751 1472 4807 καὶ
1521 4751 1670 4822 τάξις
1726 4750 2053 4830 φυλάττεται

374 4845 526 4900 κατὰ
581 4844 682 4912 τήν
738 4843 890 4917 ἁγίαν
955 4840 1285 4912 Ἐκκλησίαν
1321 4857 1338 4875 ⁶
1397 4841 1426 4895 ὃ
1482 4840 1584 4917 γὰρ
1635 4846 1810 4896 ποιεῖν
1870 4841 2052 4897 ἐπιτέ-

370 4951 619 5007 τραπται
655 4931 683 4986 6
714 4927 1100 5002 ὑποδιάκονος,
1136 4928 1198 4984 οὐ
1231 4933 1480 4984 ποιοῦσιν
1521 4931 1573 4983 οἱ
1627 4927 2004 5004 ὑποδεέστεροι
2039 4950 2052 4962 ⁸

372 5019 476 5076 καὶ
509 5020 540 5074 ’ὁ
573 5025 723 5074 ποιεῖ
751 5021 780 5074 6
806 5013 1193 5096 πρεσϐύτερος,
1231 5017 1291 5073 οὐ
1351 5024 1501 5073 ποιεῖ
1555 5019 1583 5073 6
1641 5015 1923 5084 διάκονοςο
1965 5021 2055 5075 καὶ

378 5108 589 5172 ἁπλῶς
647 5109 841 5177 εἰπεῖν,
899 5105 1124 5172 ἕκαστος
1185 5102 1303 5183 ἔχει
1357 5109 1457 5178 τήν
1533 5107 1846 5184 πρέπουσαν
1903 5111 2054 5182 αὐτῷ

379 5198 736 5276 λειτουργίαν
773 5218 786 5232 ⁸
821 5202 991 5270 κοινῷ
1035 5194 1093 5252 δὲ
1141 5196 1366 5270 ὀνόματι
1412 5197 1607 5260 πάντες
1653 5197 1914 5275 κληρικοὶ
1962 5200 2051 5254 καὶ

370 5287 703 5365 λειτουργοὶ
765 5287 1084 5356 καλοῦνται,
1120 5287 1195 5349 ὡς
1252 5285 1342 5342 καὶ
1397 5287 1448 5340 οἱ
1505 5284 1732 5362 ἄγγελοι
1765 5305 1779 5322 ο
1815 5287 2054 5352 ἐντεῦθεν

452 5462 521 5534 (c)
555 5459 765 5518 Matth.
798 5475 934 5532 xxv,
963 5457 1059 5518 32.

2166 4773 2404 4829 quoque
2435 4756 2578 4811 ordo
2611 4755 2788 4812 etiam
2841 4755 2902 4810 in
2948 4757 3155 4810 sancta
3204 4749 3463 4806 Ecclesia
3513 4750 3819 4815 servatur;

2165 4845 2320 4916 quod
2353 4845 2510 4900 enim
2545 4846 2735 4901 facere
2786 4843 3149 4900 subdiacono
3196 4839 3536 4906 mandatur,
3573 4836 3822 4891 minime

2167 4934 2392 4989 faciunt
2421 4934 2750 5002 inferiores,
2779 4938 2836 4989 et
2857 4933 3009 5003 quod
3031 4931 3170 4986 facit
3201 4929 3500 4993 sacerdos,
3534 4941 3648 4981 non
3677 4922 3821 4979 facit

2167 5022 2478 5090 diaconus,
2509 5027 2688 5095 atque
2718 5027 2782 5078 ut
2811 5021 2987 5078 verbo
3026 5019 3352 5087 absolvam,
3407 5010 3823 5086 unusquisque

2168 5110 2344 5168 habet
2381 5112 2738 5168 conveniens
2769 5110 2881 5168 sibi
2913 5106 3349 5174 ministerium;
3381 5101 3683 5160 communi
3711 5118 3820 5157 au-

2166 5204 2286 5256 tem
2344 5201 2583 5258 nomine
2633 5217 2838 5256 omnes
2887 5197 3084 5254 clerici
3128 5201 3186 5252 et
3231 5193 3486 5251 ministri
3516 5195 3819 5262 vocantur,

2169 5288 2326 5347 sicut
2354 5291 2532 5347 etiam
2564 5289 2758 5363 angeli
2795 5306 2808 5346 :
2843 5288 3000 5344 unde
3032 5283 3360 5358 intelligere
3390 5286 3641 5357 oportet,
3672 5297 3819 5355 quo-

1387 5599 1628 5658 VARIJE
1667 5599 2050 5660 LECTIONES
2087 5601 2182 5660 ET
2221 5602 2782 5663 CORRECTIONES.

445 5761 491 5799 ⁸⁸
522 5755 634 5816 ὅτε.
716 5757 760 5794 ⁵⁷
792 5752 1059 5832 ἀγγίλου.
1135 5753 1181 5790 ⁸⁸
1210 5750 1525 5829 πρόσωπον.
