4134 6416
384 398 454 452 83
1209 401 1575 458 APPENDIX
1616 403 1712 456 AD
1750 399 1992 454 OPEBA
2029 400 2088 453 Β.
2126 397 2444 454 DIONYSIl
2484 397 2990 454 AREOPAGITE.
3748 400 3819 455 84

388 522 563 578 modo
596 521 823 577 dictum
858 520 941 577 sit
974 537 1007 576 a
1035 521 1237 578 divino
1265 524 1564 596 Stephano
1599 539 1613 581 :
1648 524 1755 594 Qui
1771 523 2055 594 accepistis

2205 521 2279 596 ,ρὴ
2310 524 2476 589 νοεῖν,
2509 523 2629 582 πῶς
2661 515 2874 594 εἴρηται
2927 520 3008 589 τῷ
3059 514 3191 589 Θείῳ
3250 516 3510 595 Στεφάνῳ
3542 535 3557 552 ο
3609 515 3822 586 Οἵτίνες

390 614 566 682 legem
608 615 670 668 in
710 612 1077 685 dispositione
1133 617 1489 686 angelorum,
1546 625 1598 673 et
1652 632 1765 672 non
1811 614 2051 672 custodi-

391 703 513 758 stis.
546 701 648 773 (ά).

1018 793 1091 848 ΙΝ
1124 794 1280 850 CAP.
1315 795 1413 850 IX.

465 880 494 954 ἕ
561 879 579 934 l
631 881 1160 952 Superessentiatem
1215 885 1329 940 eius
1385 884 1599 940 ordinis
1651 884 2051 955 principatum.

395 968 592 1041 Ipsius
617 970 972 1041 principium
996 972 1265 1027 facientis
1295 973 1664 1044 principatus
1693 974 2060 1028 demonstrat

396 1059 950 1129 superessentialem
983 1061 1209 1117 ordinis
1263 1062 1685 1135 principatum,
1718 1061 1846 1133 ipse
1893 1061 2055 1132 prin-

398 1147 701 1220 cipatuum
735 1149 900 1204 ordo.
2063 1217 2067 1221 ,

471 1239 599 1305 §II.
632 1239 1128 1310 Archangetorum.
1161 1241 1242 1297 De
1283 1240 1693 1314 archangelico
1737 1243 1970 1306 ornatu,
2004 1241 2063 1293 et

407 1326 551 1399 quid
582 1326 894 1400 signiﬁcet.

467 1417 830 1473 Hierarchia.
850 1417 1000 1474 Nota
1023 1419 1556 1476 nniversalitatem:
1582 1433 1816 1476 omnem
1835 1416 2062 1472 hierar-

405 1505 599 1562 chiam
628 1505 844 1562 habere
876 1508 1100 1579 primas
1147 1514 1205 1564 et
1243 1508 1470 1564 medias
1517 1513 1698 1579 atque
1734 1510 2062 1578 postremas

398 1593 670 1665 virtutes,
696 1595 805 1651 hoc
836 1601 928 1652 est
956 1601 1074 1654 tres
1105 1598 1294 1654 trinos
1327 1597 1586 1653 ordines.

473 1683 874 1753 Sanctissimis,
926 1685 1025 1742 Gr.
1106 1685 1454 1759 ἁγιωτάταις.
1509 1684 1698 1742 Serib.
1746 1683 1837 1738 καὶ
1893 1682 2062 1756 ἱερω-

396 1769 602 1840 τάταις,
635 1782 691 1829 et
716 1777 1138 1832 sacratissimis.
1191 1775 1496 1840 Quomodo
1545 1774 1720 1830 etiam
1753 1773 1936 1828 divini
1967 1789 2060 1828 ar-

2160 604 2383 664 ἒλάόετε
2430 609 2524 664 τὸν
2582 608 2752 681 νόμον
2813 607 2891 670 εἷς
2951 604 3206 682 διαταγὰς
3257 606 3528 683 ἀγγέλων,
3573 607 3665 663 καὶ
3723 609 3822 664 οὐκ

2161 696 2475 776 ἐφυλάξατε.

2655 792 2766 842 ΕΙΣ
2805 789 2894 843 ΤΟ
2931 786 3198 842 ΚΕΦΔΛ.
3239 786 3314 842 Θ’.

2241 878 2269 951 Ξ
2319 879 2358 934 Ι.
2419 875 2766 953 Ὑπερούσιον
2837 874 3006 944 αὐτῆς
3073 874 3416 950 ταξιαρχίαν.
3471 874 3659 946 Αὐτῆς
3723 885 3823 948 τῆς

2167 965 2477 1041 ἆρχοποιοῦ
2526 967 2709 1040 ἀρχῆς
2761 963 3043 1041 ἀναφαίνει
3102 965 3200 1032 τὴν
3253 962 3577 1039 ὁπερούσιον
3606 967 3822 1044 ταξιαρ-

2171 1054 2297 1130 χίαν
2326 1056 2467 1124 αὖτή
2499 1058 2534 1124 ἠ
2557 1059 2668 1110 τῶν
2707 1053 2898 1129 ἀρχῶν
2930 1054 3100 1124 τάξις.

2241 1237 2269 1303 §
2297 1236 2367 1291 ΙΙ.
2401 1231 2814 1310 Ἀρχαγγᾶλων.
2851 1232 2983 1308 Περὶ
3013 1235 3111 1288 τοῦ
3141 1229 3554 1310 ἀρχαγγελικοῦ
3592 1234 3827 1307 κόσμου,

2168 1320 2258 1377 καὶ
2288 1321 2341 1376 τί
2372 1319 2559 1392 δηλοῖ.

2241 1412 2541 1486 Ἱεραρχία.
2618 1413 2936 1485 Σημείωσαι
3008 1411 3072 1467 τὸ
3139 1410 3459 1481 καθολικόν,
3526 1410 3609 1466 ὅτι
3687 1413 3832 1468 πᾶσα

2169 1500 2426 1576 ἱεραρχία
2482 1497 2600 1576 ἔχει
2658 1501 2904 1573 πρώτας,
2959 1500 3050 1556 καὶ
3113 1502 3298 1574 μέσας,
3358 1502 3450 1556 καὶ
3515 1501 3835 1566 τελευταίας

2172 1587 2454 1663 δυνάμεις,
2482 1590 2760 1646 τουτέστιν
2793 1591 2849 1645 αἱ
2876 1596 3024 1663 τρεῖς
3045 1588 3320 1667 τριαδικαὶ
3353 1591 3552 1663 τάξεις.

2240 1678 2624 1754 Ἀγιωτάταις.
2683 1685 2778 1754 Γρ,
2849 1681 2940 1734 καὶ
3009 1681 3354 1754 ἱερωτάταις.
3417 1685 3542 1744 Πῶς
3615 1683 3710 1736 καὶ
3784 1683 3837 1736 οἱ

2172 1771 2309 1823 Θεῖοι
2370 1767 2710 1844 ἇρχάγγελοι
2760 1775 2881 1831 ταῖς
2938 1769 3046 1845 πρὸ
3101 1769 3278 1824 αὐτῶν
3328 1770 3416 1825 καὶ
3471 1772 3585 1844 μετ’
3637 1769 3836 1834 αὐτοὺς

401 1862 672 1935 changeli
701 1879 837 1919 cum
871 1865 1337 1936 praecedentibus
1377 1869 1435 1920 et
1483 1863 1872 1935 sequentibus
1901 1877 2062 1917 com-

2205 1862 2518 1916 κοινωνοῦσι.

399 1953 726 2008 municent.

471 2041 783 2098 Secundum
807 2047 1166 2114 postremum.
1221 2043 1387 2111 Quod
1438 2045 1740 2098 extremus
1788 2040 1864 2097 sit
1921 2040 2065 2096 ordo

410 2131 784 2203 angelorum,
809 2135 866 2188 et
886 2133 1176 2189 mundum
1209 2133 1529 2204 attingens.

781 2239 883 2294 88
917 2237 1260 2294 Postremus
1291 2237 1482 2293 trinus
1515 2238 1678 2293 ordo.

711 2326 1101 2397 Principatus,
1141 2323 1495 2396 Arohangeli,
1531 2324 1748 2394 Angeli.

476 2431 540 2488 Et
572 2433 750 2502 magis
779 2432 869 2488 ad.
901 2433 1244 2488 Extremum
1279 2432 1546 2488 ordinem
1597 2431 1922 2488 caelestium
1953 2431 2064 2487 vir-

405 2526 602 2577 tutum
634 2520 962 2594 digniorem
993 2539 1124 2578 esse
1155 2520 1559 2594 appellarique
1593 2520 1857 2594 angelos,
1891 2525 1957 2576 ut
1990 2520 2064 2576 ad

404 2609 678 2666 homines
709 2611 1110 2679 accedentem,
1142 2628 1244 2683 per
1276 2627 1450 2684 quem
1485 2610 1660 2667 etiam
1709 2609 1911 2666 divina
1952 2609 2062 2666 ho-

409 2699 600 2755 mines
630 2700 971 2756 edocentur.

479 2791 619 2846 Nam
641 2789 862 2860 quidem
892 2806 1228 2863 supremum.
1285 2790 1543 2846 Primum
1593 2790 1920 2846 ternionem
1973 2804 2066 2844 se-

407 2878 600 2934 cundo
633 2895 799 2935 sacre
822 2896 1092 2952 praeesse,
1116 2883 1173 2935 et
1201 2879 1571 2935 secunudum
1603 2878 1798 2948 tertio;
1822 2878 2064 2934 tertium

408 2971 601 3024 autem
639 2967 711 3024 iis
765 2969 865 3040 qui
899 2969 1050 3024 inter
1096 2967 1370 3024 homines
1431 2968 1768 3024 sacerdotes
1817 2970 1977 3039 sunt,
2010 2971 2068 3022 et

406 3055 736 3129 inspiciunt
767 3075 834 3114 ea
867 3075 993 3130 quea
1026 3059 1096 3113 ab
1128 3057 1276 3131 ipsis
1301 3058 1471 3113 ﬁunt.

478 3147 778 3202 Occultius.
850 3147 1153 3212 Quomodo
1212 3147 1300 3202 hae
1372 3146 1613 3219 quidem
1674 3146 2065 3211 obscuriores,

407 3234 521 3290 illae
548 3251 680 3292 vero
716 3235 1040 3308 perspicuae
1071 3237 1259 3308 magis
1300 3237 1421 3291 sint
1451 3234 1812 3290 hierarchiee.

481 3325 750 3381 Humanis
791 3325 1147 3381 hierarchiis.
1199 3324 1452 3388 Quinam
1505 3324 1673 3380 nobis
1706 3323 2068 3380 hierarchice

411 3414 668 3486 praesint.
722 3413 874 3472 Nota
924 3413 1489 3470 demonstrationem
1532 3430 1601 3470 ex
1649 3413 1909 3480 Daniele,
1964 3413 2074 3468 hoc

413 3507 504 3558 est
533 3507 861 3559 extremum
910 3504 1177 3561 ordinem
1220 3503 1564 3559 hierarcbiaa
1617 3507 1830 3559 nostrae
1885 3504 2073 3575 impe-

417 3608 545 3648 rare
555 3636 566 3648 .

489 3681 625 3748 Quw
652 3683 844 3738 etiam.
874 3681 1383 3750 Subaudiendum,
1425 3689 1486 3737 ut
1533 3683 1604 3736 sit
1654 3681 1956 3737 secundum
1983 3697 2072 3736 or-

415 3770 621 3842 dinem,
655 3771 735 3826 ita
766 3776 831 3826 ut
864 3771 997 3826 talis
1029 3773 1107 3826 sit
1137 3771 1495 3826 constructio
1530 3787 1543 3828 :
1577 3770 1850 3842 equidem
1883 3775 1948 3825 ut
1979 3786 2072 3826 se-

414 3859 674 3914 cundum
707 3859 972 3914 ordinem
1007 3859 1104 3930 sit,
1137 3864 1193 3914 et
1223 3859 1322 3930 qui
1355 3877 1386 3914 a
1417 3858 1556 3929 Deo,
1589 3863 1646 3913 et
1679 3862 1906 3914 czetera.

486 3947 636 4014 Quod
663 3949 714 4001 si
739 3951 960 4019 quaerat
981 3948 1215 4019 aliquis.
1269 3947 1572 4012 Quomodo
1626 3947 1800 4001 bonis
1847 3946 2074 4018 angelis

410 4035 692 4108 gentibus
720 4035 1028 4108 praefectis,
1084 4035 1250 4092 solus
1310 4035 1487 4092 Israel
1522 4041 1702 4091 Deum
1748 4052 2072 4108 cognosce-

411 4125 546 4181 hat:
574 4142 943 4198 unaquaque
965 4125 1120 4182 enim
1154 4141 1299 4198 gens
1330 4125 1508 4180 habet
1541 4123 1817 4197 angelum
1846 4124 1956 4180 sibi
1983 4139 2072 4180 se-

411 4213 654 4284 lectum,
687 4213 841 4270 sicut
871 4214 1057 4271 Judsai
1089 4213 1465 4282 Michaelem;
1514 4229 1682 4286 quem
1730 4230 1799 4269 ex
1847 4216 2072 4284 postre-

411 4318 508 4357 mo
540 4307 880 4360 sanctorum
917 4303 1258 4375 angelorum
1291 4303 1494 4359 ordine
1527 4318 1657 4358 esse
1689 4301 1854 4357 dicit.

481 4396 842 4465 Nequaquam
896 4391 1245 4465 angelorum.
1297 4392 1423 4447 Non
1477 4395 1716 4465 propter
1771 4390 2072 4463 imperan-

407 4481 559 4538 tium
607 4481 950 4554 angelorum
995 4482 1230 4553 culpam
1283 4482 1422 4538 talia
1471 4481 1644 4548 dicit;
1688 4481 1790 4537 sed
1835 4483 2075 4552 propter

409 4571 711 4643 pr0priam
745 4571 991 4629 liberam
1031 4572 1103 4628 ad
1136 4589 1204 4628 ea
1235 4588 1361 4644 qus.-
1397 4570 1643 4626 minime
1675 4568 1802 4625 ﬁeri
1833 4568 2071 4639 debent,

409 4661 887 4732 propensionem.

479 4751 680 4807 Amore
707 4752 950 4822 proprio.
1009 4750 1177 4818 Nota,
1239 4749 1398 4823 quod
1467 4748 1721 4822 quisque
1781 4747 1897 4805 sibi
1954 4747 2067 4820 ipsi

408 4855 587 4896 causa
615 4841 754 4897 boni
781 4845 838 4897 et
869 4840 1009 4896 mali
1041 4840 1321 4909 exsistat;
1369 4856 1530 4897 amor
1561 4843 1758 4896 autem
1806 4840 2069 4912 proprius

407 4933 467 4986 et
490 4931 812 5003 pervicacia
863 4931 1164 5002 aequaliter
1211 4931 1325 4987 sibi
1359 4929 1846 5001 complacentiam
1880 4926 2068 5001 signi-

406 5018 609 5075 ﬁcant.

477 5109 591 5164 Hoc
619 5110 802 5180 ipsum
832 5110 1212 5179 conﬁrmatur.
1241 5108 1368 5164 Non
1401 5108 1558 5182 quod
1607 5113 1757 5165 Deus
1793 5106 2070 5166 Israelem

406 5197 600 5253 solum
632 5196 893 5269 elegerit,
917 5199 1015 5254 sed
1052 5199 1209 5269 quod
1233 5199 1396 5255 solus
1420 5197 1596 5254 Israel
1618 5197 1866 5254 voluerit
1888 5202 2068 5253 Deum

425 5287 632 5358 sequi:
682 5287 766 5344 ita
796 5287 951 5343 enim
992 5288 1399 5361 interpretatio
1437 5288 1712 5344 dictionis
1757 5286 2072 5359 signiﬁcat,

405 5395 564 5435 mens
586 5379 758 5436 Deum
788 5379 1016 5436 videns:
1038 5379 1118 5435 sic
1151 5379 1478 5454 intelligere
1508 5381 1811 5451 debemus,
1848 5397 1976 5452 quae
2010 5378 2069 5435 in

479 5501 558 5575 (ά)
579 5507 708 5561 Act.
739 5521 840 5574 vn,
870 5506 960 5561 53.

2247 2039 2400 2096 Κατὰ
2444 2039 2508 2094 τὸ
2554 2037 2890 2098 τελευταῖον.
2922 2041 3041 2095 Ὅτι
3101 2037 3308 2116 ἆσχάτη
3356 2039 3506 2110 τάξις
3553 2036 3836 2116 ἀγγέλων,

2175 2129 2265 2184 καὶ
2295 2127 2678 2206 περικόσμιος.

2565 2237 2629 2294 ἸΙ
2660 2234 2944 2292 τελευταία
2973 2235 3228 2312 τριαδικὴ
3259 2237 3429 2309 τάξις.

2774 2325 3146 2403 Ἀρχάγγελοι
3166 2373 3182 2399 ,
3399 2324 3694 2405 Ἄγγελοι.

2245 2430 2344 2487 Καὶ
2381 2429 2594 2505 μᾶλλον
2642 2431 2796 2508 πρός.
2830 2434 2956 2490 ’Ότι
2987 2433 3022 2503 ἡ
3054 2431 3341 2489 τελευταία
3389 2435 3538 2507 τάξις
3582 2438 3699 2489 τῶν
3749 2431 3842 2488 οὗ-

2177 2519 2376 2597 ρανίων
2412 2517 2691 2594 δυνάμεων
2729 2518 2944 2594 μᾶλλον
2975 2519 3096 2594 ἀξία
3125 2522 3265 2577 ἐστὶν
3299 2519 3530 2598 ἄγγελοι
3563 2543 3846 2600 προσαγο-

2177 2608 2445 2687 ρεύεσθαι,
2479 2609 2552 2671 ὡς
2616 2608 2996 2679 πλησιάζουσα
3038 2609 3369 2686 ἀνθρώποις,
3404 2610 3473 2666 δι’
3521 2613 3589 2681 ἧς
3640 2610 3738 2666 καὶ
3783 2613 3849 2666 τὰ

2176 2703 2294 2763 θεῖα
2330 2701 2587 2772 μυοῦνται
2621 2696 2926 2774 ἄνθρωποι.

2243 2787 2352 2856 Τὴν
2385 2788 2479 2861 μὶν
2524 2788 2626 2863 γὰρ
2673 2788 2999 2862 ὑπερτάτην.
3034 2788 3161 2846 ’Ότι
3199 2789 3234 2857 ἡ
3285 2788 3479 2863 πρώτη
3524 2788 3691 2863 τριὰς
3748 2795 3848 2858 τῆς

2177 2873 2430 2951 δευτέρας
2481 2877 2752 2952 ἱεραρχεῖ,
2785 2876 2875 2932 καὶ
2921 2879 2955 2946 ἡ
3002 2874 3223 2950 δευτέρα
3277 2883 3376 2946 τῆς
3421 2877 3612 2952 τρίτης
3649 2897 3664 2910 ·
3703 2880 3739 2948 ἠ
3793 2875 3849 2932 δὲ

2173 2965 2330 3041 τρίτη
2362 2970 2470 3020 τῶν
2504 2965 2556 3021 ἐν
2581 2965 2891 3042 ἀνθρώποις
2920 2965 3135 3043 ἱερέων,
3159 2967 3246 3021 καὶ
3305 2965 3544 3044 ἐφορῶσι
3593 2969 3672 3022 τὰ
3722 2969 3849 3042 παρ’

2178 3055 2352 3110 αὐτῶν
2384 3054 2714 3128 τελούμενα.

2316 2323 2519 2401 Ἀρχαὶ
2537 2372 2553 2398 ,

2247 3141 2785 3224 Κρυφιοειδέστερον.
2834 3150 2957 3207 Πῶς
3005 3145 3058 3200 αἱ
3112 3145 3206 3219 μὶν
3257 3146 3661 3223 κρυφιώτεραι,
3691 3147 3748 3202 αἱ
3799 3143 3855 3201 δὲ

2181 3232 2571 3311 ἐμφανὲστεραι
2604 3233 2900 3309 ἱεραρχίαι.

2257 3326 2392 3386 Ταῖς
2458 3323 2821 3398 ἀνθρωπείαις
2879 3323 3210 3400 ῖεραρχίαις.
3241 3323 3389 3386 Τίνες
3442 3326 3606 3397 ἡμῶν
3681 3326 3860 3402 ἱεραρ·

2184 3416 2362 3488 χικῶς
2394 3411 2743 3491 ἐφεστήκασι.
2778 3413 3100 3486 Σημείωσαι
3150 3414 3251 3481 τὴν
3301 3411 3576 3484 ἀπόδειξιν
3639 3414 3703 3469 ἐκ
3759 3417 3856 3469 τοῦ

2184 3499 2412 3573 Δανιὴλ,
2440 3503 2716 3556 τουτέστιν
2752 3500 2989 3578 ἐσχάτην
3015 3502 3160 3574 τάξιν
3191 3500 3494 3557 ἐπιστατεῖν
3528 3504 3575 3539 ⁸⁸
3605 3509 3712 3573 τῆς
3739 3503 3856 3558 καθ’

2184 3593 2333 3664 ἡμᾶς
2364 3591 2665 3668 ἱεραρχίας.

2255 3680 2359 3735 Καὶ
2400 3681 2505 3752 μὴν
2537 3681 2714 3750 καὶ
2750 3681 2900 3737 Κατᾶ
2927 3685 3115 3736 κοινοῦ
3163 3681 3226 3736 τὸ
3268 3679 3362 3735 ’ἶνα
3406 3680 3446 3754 ᾖ
3477 3680 3621 3736 κατᾶ
3678 3680 3857 3752 τάξιν,

2187 3769 2260 3831 ὡς
2295 3768 2427 3823 εἶναι
2454 3771 2554 3838 τὴν
2587 3769 2856 3840 σύνταξιν,
2886 3769 2974 3825 καὶ
3011 3772 3120 3843 μὴν
3145 3767 3237 3825 τίνα
3265 3771 3403 3826 κατά
3429 3770 3578 3842 τάξιν
3618 3770 3659 3846 ᾔ
3693 3771 3788 3827 καὶ
3820 3773 3855 3840 ἢ

2186 3857 2331 3931 παρὰ
2359 3861 2516 3927 Θεοῦ,
2547 3857 2638 3912 καὶ
2668 3858 2735 3912 τὰ
2765 3859 2910 3930 ἑξῆς.

2255 3947 2322 4001 Εἴ
2354 3943 2411 4000 δέ
2457 3967 2543 4008 τις
2592 3946 2750 4023 φαίη.
2784 3948 2910 4012 Πῶς
2957 3947 3203 4023 ἀγγέλων
3249 3949 3463 4024 ἀγαθῶν
3523 3947 3860 4024 ἐφεστώτων

2180 4040 2298 4097 τοῖς
2350 4033 2544 4106 ἔθνεσι,
2610 4035 2775 4108 μόνος
2821 4035 2848 4089 ὁ
2907 4035 3126 4111 Ἰσραὴλ
3187 4037 3446 4114 ἐγίνωσκε
3503 4037 3596 4094 τὸν
3669 4039 3806 4094 Θεόν
3839 4055 3858 4070 ”

2180 4121 2404 4178 ἕκαστον
2456 4124 2559 4199 γὰρ
2619 4122 2771 4189 ἔθνος
2822 4121 3049 4202 ἄγγελον
3105 4122 3222 4202 ἔχει
3299 4125 3860 4204 ἀποκεκληρωμένον

2183 4212 2352 4285 αὐτῷ,
2387 4213 2462 4275 ὡς
2495 4211 2758 4270 Ἰονδαῖοί
2787 4215 2878 4269 τὸν
2911 4214 3171 4291 Μιχαὴλ,
3200 4215 3258 4271 ὃν
3308 4214 3399 4271 καὶ
3455 4223 3556 4287 τῆς
3613 4216 3868 4293 ἐσχάτης

2179 4302 2381 4375 τάξεως
2410 4306 2520 4357 τῶν
2550 4301 2718 4378 ἁγίων
2747 4302 2996 4380 ἀγγέλων
3029 4304 3208 4382 φησίν.

2251 4392 2374 4448 ’Ότι
2455 4392 2530 4465 μή
2608 4391 2703 4454 τὰς
2753 4396 2863 4447 τῶν
2925 4392 3193 4468 ἀγγέλων.
3253 4392 3326 4449 Οὐ
3386 4393 3532 4470 παρᾶ
3584 4397 3699 4466 τὴν
3757 4397 3870 4451 τῶν

2183 4480 2610 4536 ἐπιστατούντων
2637 4479 2887 4557 ἀγγέλων
2931 4481 3107 4537 αἰτίαν
3140 4484 3272 4560 φησὶ
3306 4483 3368 4539 τὸ
3413 4487 3670 4554 τοιοῦτο,
3715 4483 3871 4541 ἀλλὰ

2179 4569 2328 4644 παρά
2377 4569 2476 4638 τὴν
2537 4568 2743 4625 οἲκείαν
2803 4569 3145 4644 αὐτεξούσιον
3201 4570 3338 4648 πρὸς
3388 4571 3455 4627 τὰ
3509 4574 3588 4646 μὴ
3660 4571 3868 4630 δέοντα

2094 4647 2141 4713 D
2175 4657 2375 4736 ῥοπήν.

2250 4751 2332 4823 Τῇ
2386 4745 2664 4822 φιλαυτία.
2727 4747 3046 4822 Σημείωσαι
3093 4747 3176 4804 ὅτι
3223 4746 3447 4814 ἕκαστος
3527 4751 3719 4824 ἑαυτῷ
3778 4749 3867 4806 αἴ-

2176 4858 2293 4900 τιος
2342 4837 2432 4892 καὶ
2480 4843 2578 4894 τοῦ
2621 4838 2828 4912 ἀγαθοῦ
2877 4839 2963 4893 καὶ
2996 4842 3094 4893 τοῦ
3127 4843 3295 4894 κακοῦ
3335 4857 3350 4876 ⁸
3377 4840 3440 4895 τὸ
3473 4836 3530 4895 δὲ
3588 4839 3871 4919 φιλαυτία

2179 4928 2269 4983 καὶ
2295 4924 2552 4992 αὐθάδεια
2582 4926 2644 4982 ἐκ
2671 4924 3041 5005 παραλλήλου
3070 4930 3133 4983 τὸ
3166 4929 3496 5006 αὖτάρεσκον
3528 4926 3736 5002 δηλοῖ.

2251 5109 2431 5164 Τοῦτο
2465 5103 2522 5162 δὲ
2559 5111 2930 5183 μαρτυρεῖται.
2967 5108 3088 5184 Οὐχ
3119 5107 3201 5162 δτι
3236 5109 3264 5163 ὁ
3295 5109 3425 5172 Θεὸς
3474 5109 3567 5164 τὸν
3629 5109 3876 5186 Ἰσραὴλ

2187 5196 2352 5269 μόνον
2393 5194 2694 5269 ἐξελέξατο,
2726 5195 2855 5253 ἀλλ’
2884 5195 2967 5252 ὅτι
3000 5198 3028 5251 ὁ
3059 5195 3282 5272 Ἰσραὴλ
3345 5197 3516 5272 μόνος
3563 5194 3875 5272 ἐϐουλήθη

2180 5283 2401 5341 ἕπεσθαι
2429 5291 2546 5359 Θεῷ
2581 5303 2594 5320 ·
2629 5286 2771 5342 οὕτω
2801 5287 2902 5363 γὰρ
2938 5286 3048 5360 [καὶ
3079 5288 3138 5360 ἠ]
3172 5287 3432 5364 ἑρμηνεία
3487 5289 3593 5356 τῆς
3657 5287 3876 5360 λέξεως

2184 5375 2460 5450 σημαίνει,
2493 5379 2618 5438 νοῦς
2675 5377 2818 5452 ὁρῶν
2876 5376 3014 5450 [τὸν]
3063 5375 3194 5432 Θεόν
3229 5394 3242 5410 ·
3296 5375 3440 5433 οὕτω
3483 5383 3638 5432 νοεῖν
3706 5378 3873 5460 ὀφεί-

1410 5632 1649 5691 VARIJE
1689 5629 2087 5689 LECTIONES
2125 5629 2218 5688 ET
2259 5628 2823 5687 CORRECTIONES.

485 5743 530 5780 ⁸ο
557 5743 639 5798 ὅτι
670 5746 760 5800 καὶ
790 5746 824 5817 ἡ
859 5743 1065 5823 ἐσχάτη
1097 5745 1243 5819 τάξις
1274 5745 1568 5806 ἐπιστατεῖ.
