4134 6394
351 392 430 446 85
1073 399 1131 451 Β.
1172 396 1445 450 ΜΑΧΙΜΙ
1482 394 1791 449 BCHOLIA
1827 396 1902 447 IN
1941 394 2078 446 LIB.
2117 393 2215 445 DE
2251 392 2578 447 CGELESTI
2619 394 3094 447 HIERARCHIA.

3726 390 3800 444 86

354 513 533 591 λομεν
582 516 650 573 τὰ
695 515 749 573 ἐν
799 521 869 593 τῇ
922 516 1041 594 ᾠδῇ
1094 521 1376 584 Μωϋσὲως
1424 520 1707 598 εἰρημένα,
1755 519 2011 594 Ἐγενήθη

2137 522 2363 579 cantico
2394 522 2611 595 Moysis
2640 523 2795 579 dicta
2825 526 2985 592 sunt,
3019 523 3214 577 Factus
3245 524 3330 577 est
3354 521 3534 593 portio
3565 522 3795 579 Domini

359 608 520 682 μερὶς
580 608 782 683 Κυρίου
860 608 1162 683 σχοίνισμα
1234 606 1456 683 Ἰακὼϐ,
1516 613 1650 687 ὅπερ
1710 608 1878 681 δηλοῖ
1931 607 2011 663 τὸν

2137 613 2425 684 funiculus
2450 614 2613 671 Iacob
2645 614 2735 686 (ε),
2764 614 2920 686 quod
2969 611 3264 685 signiﬁcat
3312 611 3619 679 Israelem;
3673 628 3793 667 non

354 698 611 772 Ἰσραήλ’
647 696 809 772 ούχὸ
843 699 973 761 Θεὸς
1023 699 1128 774 γὰρ
1176 698 1269 754 τὸν
1325 700 1550 775 Ἰσραὴλ
1603 701 1771 775 μόνον
1822 699 2022 773 ἀγαπᾷ,

2134 703 2290 758 enim
2324 703 2479 759 Deus
2511 703 2702 758 solum
2736 702 3014 758 Israelem
3040 701 3252 774 diligit,
3287 701 3791 772 quemadmodum

353 787 436 848 ὡς
468 787 560 842 καὶ
589 788 618 841 6
651 785 989 850 Ἀπόστολος
1037 787 1334 864 πολλαχοῦ
1384 788 1659 862 ἐδήλωσεν
1702 787 1889 844 εἰπών’
1925 787 2011 851 Mi

2137 792 2309 848 etiam
2342 792 2655 864 Apostolus
2687 808 2840 864 saepe
2872 790 3191 846 declaravit
3217 790 3417 845 dicens
3452 806 3465 846 :
3499 789 3691 845 Nonne
3710 793 3792 845 est

352 875 459 931 οὐκ
510 870 655 931 ἔστιν
719 878 748 932 6
799 878 931 941 Θεὸς
985 879 1077 933 καὶ
1123 877 1341 950 ἐθνῶν;
1394 881 1478 935 ναὶ
1529 879 1619 935 καί
1676 879 1838 934 ἐθνῶν
1867 920 1881 947 ,
1944 875 2019 931 εἶ’-

348 987 457 1041 περ
520 968 595 1031 εἷς
653 968 681 1022 6
734 968 890 1030 Θεός*
930 964 1057 1023 ἀλλ’
1116 969 1144 1022 6
1204 968 1425 1045 Ἰσραὴλ
1486 975 1704 1047 πρῶτος
1751 966 2013 1042 ἐπορεύθη

346 1054 579 1113 ὄπισθεν
612 1063 770 1127 Θεοῦ,
823 1057 938 1113 ἐπεὶ
984 1058 1202 1135 ὕστερον
1255 1060 1491 1124 ἀποστὰς
1540 1062 1632 1116 καὶ
1681 1060 1838 1121 αὐτὸς
1885 1059 2016 1113 ἀπε-

344 1145 602 1223 διώχθη·
633 1148 698 1203 τὸ
728 1148 831 1223 γὰρ
868 1147 1215 1219 αὐτεξούσιον
1250 1147 1473 1225 ἔχοντες
1506 1150 1557 1205 οἱ
1599 1148 1900 1225 ἅνθρωποι,
1928 1145 2017 1202 ὅτε

344 1235 599 1308 θέλουσι,
631 1240 851 1292 ποιοῦσι
880 1239 972 1293 τὸν
1005 1238 1135 1293 Θεὸν
1170 1240 1287 1312 μεθ’
1318 1240 1545 1295 ἑαυτῶν.

418 1323 782 1392 Πεπονθέναι.
815 1329 941 1384 ’Ότι
966 1328 1057 1383 καὶ
1089 1329 1117 1383 ὁ
1148 1328 1374 1404 Ἰσραὴλ
1406 1328 1565 1391 αὐτὸς
1596 1327 1823 1399 ἀπέστη.

418 1418 603 1487 Ζωήν.
636 1419 764 1474 "Ott
794 1415 1139 1488 αὒτεξούσιος
1172 1418 1200 1472 ὁ
1232 1416 1537 1495 ἄνθρωπος.

419 1506 662 1580 Ὀψεων.
694 1507 868 1581 ’Όπερ
920 1505 1148 1571 ἐνταῦθά
1198 1529 1360 1584 φησιν
1394 1509 1422 1562 6
1453 1507 1665 1583 Πατήρ,
1704 1510 1867 1562 τοῦτο
1921 1506 2011 1561 καὶ

348 1594 437 1650 ἐπὶ
468 1599 572 1651 τοῦ
601 1595 843 1666 ἡλιακοῦ
868 1598 1050 1672 φωτὸς
1083 1598 1373 1673 γινόμενον
1407 1595 1548 1652 ἔστιν
1594 1593 1750 1667 ἲδεῖν,
1783 1594 1871 1649 ἐπὶ
1916 1595 2008 1667 μὲν

346 1689 459 1739 τῶν
507 1683 787 1761 διαφανῶν
837 1683 1007 1756 ὑλῶν,
1048 1687 1149 1755 τὴν
1189 1686 1391 1741 οἰκείαν
1452 1683 1692 1741 διάδοσιν
1742 1685 2012 1756 ποιουμέ-

350 1795 469 1830 νου’
503 1775 592 1830 ἐπὶ
626 1772 687 1830 δὲ
714 1780 824 1829 τῶν
854 1776 1178 1852 παχυτέρων
1208 1775 1317 1852 οὐχ
1346 1777 1582 1848 ὁμοίως,
1615 1772 1744 1830 ἀλλ’
1779 1775 1806 1845 ἢ
1833 1774 2006 1844 πάντη

2132 884 2269 938 Deus
2295 886 2462 939 etiam
2507 883 2803 955 gentium?
2851 886 2930 938 ita
2978 884 3153 938 etiam
3202 883 3476 953 gentium,
3517 880 3791 953 siquidem

2130 990 2273 1030 unus
2304 975 2443 1030 Deus
2475 976 2538 1046 (Ι)
2591 992 2609 1029 .·
2663 974 2762 1030 sed
2788 972 2967 1029 Israel
3012 974 3244 1044 primus
3279 971 3381 1027 ivit
3413 974 3546 1043 post
3574 971 3786 1039 Deum,

2136 1080 2269 1119 cum
2296 1068 2502 1135 postea
2522 1063 2753 1134 defecit,
2777 1063 2905 1135 ipse
2929 1078 3162 1135 quoque
3185 1062 3451 1131 abjectus
3482 1066 3573 1116 est
3598 1078 3612 1129 ;
3643 1059 3789 1116 libe-

2126 1171 2260 1210 rum
2291 1155 2448 1211 enim
2508 1154 2819 1211 arbitrium
2860 1154 3147 1209 habentes
3205 1151 3504 1219 homines,
3551 1152 3789 1224 quando

2122 1243 2350 1313 volunt,
2381 1249 2568 1300 Deum
2602 1243 2711 1299 sibi
2742 1246 3091 1315 praesentem
3122 1241 3367 1297 faciunt.

2196 1334 2299 1389 84
2328 1336 2563 1389 Passum
2598 1332 2913 1396 esse.Quod
2941 1332 3117 1387 etiam
3139 1330 3267 1402 ipse
3290 1329 3470 1386 Israel
3487 1330 3785 1387 defecerit.

2202 1420 2395 1475 Vitam.
2424 1419 2589 1483 Quod
2622 1419 2798 1474 homo
2831 1416 2925 1474 sui
2956 1416 3035 1472 sit
3055 1415 3234 1487 juris.

2195 1510 2507 1567 Oculorum.
2561 1509 2725 1574 Quod
2778 1509 2873 1565 hic
2927 1512 3095 1564 Pater
3122 1508 3252 1566 ait:
3284 1508 3395 1564 hoc
3433 1523 3669 1580 quoque
3720 1507 3781 1563 in

2123 1599 2301 1656 solari
2332 1599 2558 1655 lumine
2589 1600 2715 1655 ﬁeri
2747 1598 2943 1655 videre
2970 1598 3123 1667 licet,
3159 1598 3218 1653 in
3260 1596 3780 1669 transparentibus
3880 1600 3881 1603 “

2121 1690 2363 1761 quidem
2394 1689 2740 1762 corporibus
2771 1687 3068 1760 propriam
3102 1688 3351 1743 faciente
3377 1686 3779 1743 communica-

2120 1780 2374 1848 tionem;
2407 1780 2467 1834 in
2500 1778 2890 1834 crassioribus
2924 1782 3119 1833 autem
3172 1793 3288 1832 non
3340 1774 3635 1845 similiter,
3668 1776 3776 1831 sed

361 1861 663 1929 ἆδιαδότως
712 1867 749 1936 ἢ
799 1862 1083 1940 ἀμυδρῶς.
1132 1866 1305 1940 ’Όπερ
1356 1865 1445 1920 οὗν
1502 1864 1728 1921 ἐνταῦθα
1791 1862 1853 1919 τὰ
1909 1866 2009 1928 τῆς

2137 1873 2226 1923 tut
2255 1868 2495 1925 omnino
2517 1864 3175 1933 incommunicabiliter,
3200 1864 3586 1931 autobscure;
3618 1864 3778 1935 quod

362 1952 498 2023 ὕλης
544 1951 807 2033 διάφορον
840 1960 1010 2023 ποιεῖ,
1042 1959 1205 2011 τοῦτο
1254 1954 1341 2009 ἐπὶ
1370 1962 1471 2025 τῆς
1499 1954 1645 2018 θείας
1682 1952 2011 2028 ἐλλάμψεως

2137 1957 2309 2030 igitur
2359 1956 2454 2012 hic
2515 1956 2827 2013 diversitas
2878 1954 3141 2027 corporis
3198 1953 3362 2019 facit,
3404 1953 3516 2009 hoc
3573 1954 3635 2008 in
3691 1951 3781 2007 di-

351 2045 387 2112 ἠ
419 2038 678 2114 ἀνισότης
704 2050 807 2114 τῆς
838 2043 1184 2117 αύτεξουσίου
1214 2042 1501 2122 ἐργάζεται
1526 2044 1726 2121 ῥοπῆς.

424 2221 814 2295 ’Δνομοιότης.
865 2223 1151 2293 Τουτὲστι,
1180 2226 1290 2277 τῶν
1340 2225 1439 2277 τοῦ
1485 2224 1586 2276 νοῦ
1634 2218 1935 2300 ὀφθαλμῶν
1974 2224 2010 2291 ἡ

344 2314 683 2387 παρατροπή
696 2356 710 2369 .

419 2402 494 2458 Ἦ
552 2399 840 2465 παντελῶς
898 2401 1195 2474 ἀμέθεκτον
1253 2405 1428 2458 ποιεῖ.
1486 2401 1627 2475 Ὀρα
1682 2403 1801 2461 πῶς
1849 2420 2009 2476 φησιν

341 2489 503 2561 ἡμᾶς
531 2487 728 2550 αὐτοὺς
760 2487 971 2551 αῗτίους
1004 2488 1139 2543 εἶναι
1168 2493 1267 2544 τοῦ
1321 2486 1568 2561 δέξασθαι
1599 2489 1699 2557 τὴν
1730 2485 2010 2561 ἓλλαμψιν

340 2580 449 2648 τὴν
478 2577 649 2650 θείαν,
683 2577 719 2646 ἢ
753 2576 966 2653 ὀλίγον,
1005 2579 1041 2648 ἢ
1085 2575 1231 2632 πολὺ
1284 2577 1455 2647 αὐτῆς
1505 2575 1780 2653 δέχεσθαι,
1810 2576 1845 2645 ἢ
1874 2597 2012 2631 παν-

342 2666 528 2728 τελῶς
592 2664 762 2739 μηδὶν
822 2666 990 2737 αὐτῆς
1050 2664 1404 2739 εἰσδέξασθαι,
1465 2664 1588 2720 ὅταν
1648 2666 1786 2738 πρὸς
1841 2664 2009 2735 αὐτὴν

344 2757 639 2812 ἀντίτυποι
668 2757 977 2832 γενώμεθα,
1009 2756 1177 2811 οἱονεὶ
1226 2755 1459 2830 σκληροὶ
1489 2753 1615 2825 ’ἤτοι
1647 2753 1867 2811 λίθινοι·
1903 2777 2009 2834 φη-

346 2845 435 2900 σὶν
498 2846 593 2900 οὖν
654 2844 707 2901 ἐν
754 2844 1114 2920 Εὐαγγελίοις
1158 2846 1322 2909 αὐτὸς
1369 2847 1398 2900 ὁ
1444 2845 1666 2919 Κύριος·
1720 2845 1949 2899 Δύναται
1982 2846 2009 2900 ὁ

344 2936 481 2997 Θεὸς
562 2934 624 2990 ἐκ
686 2938 796 2990 τῶν
874 2934 1043 2989 Λίθων
1125 2934 1332 2990 τούτων
1411 2934 1617 3010 ἐγεῖραι
1690 2936 1851 2990 τὲκνα
1931 2941 2011 3007 τῷ

344 3018 631 3097 Ἀϐραάμ·
667 3024 801 3099 ὅπερ
831 3024 932 3100 γὰρ
967 3025 1103 3097 ἡμῖν
1139 3022 1380 3099 σκληρὰν
1411 3025 1501 3079 καὶ
1532 3021 1817 3094 ἄδύνατον,
1848 3029 2009 3080 τοῦτο

340 3118 427 3185 τῷ
459 3116 581 3185 Θεῷ
613 3110 837 3168 δυνατόν
849 3157 862 3170 .

416 3204 618 3275 Ἡμεῖς
677 3201 1061 3276 ἀνενεύσαμεν.
1124 3201 1474 3275 Σημείωσαι,
1538 3202 1776 3277 μάλιστα
1831 3201 2008 3259 ἐντεῦ-

344 3304 434 3356 θεν
489 3289 899 3365 ἐπιστομίζεται
930 3292 1103 3361 θοτὴν
1154 3289 1376 3369 ἄκαιρόν
1421 3313 1584 3347 τινων
1635 3291 1725 3347 καὶ
1756 3290 2009 3369 ἀδιάκρι-

342 3403 441 3437 τον
496 3379 871 3449 ἀπαιδευσίαν,
924 3382 978 3437 οἳ
1008 3380 1264 3455 τολμῶσι
1312 3383 1555 3458 φάσκειν,
1586 3380 1653 3436 τὰ
1702 3387 1819 3445 θεῖα
1846 3384 2012 3437 ταῦτα

347 3472 759 3545 συγγράμματα
788 3468 1223 3546 Ἀπολλιναρίου
1245 3471 1399 3541 εἶναι,
1437 3472 1512 3543 μή
1544 3472 1587 3508 ⁶¹
1621 3468 1681 3525 ἐκ
1706 3475 1813 3525 τῶν
1841 3491 2011 3546 προσ-

349 3561 523 3615 ώπων
556 3557 631 3613 ὧν
687 3560 1016 3633 μνημονεύει
1060 3560 1599 3634 καταστοχαζόμενοι
1642 3566 1742 3630 τῆς
1777 3561 2011 3637 ἀρχαιό-

346 3670 517 3719 τητος
547 3652 648 3704 τοῦ
700 3646 919 3722 ἀνδρὸς,
953 3647 1100 3705 ἀλλὰ
1146 3647 1584 3726 ψευδεπίγραφον
1631 3648 1881 3726 λέγοντες
1910 3652 2009 3720 τὴν

358 3738 639 3793 Διονυσίου
668 3739 1069 3815 προσηγορίανο
1104 3737 1244 3813 μηδὲ
1267 3742 1349 3795 ὅτι
1380 3744 1471 3794 νῦν
1503 3738 1555 3811 ἐξ
1587 3737 2009 3816 εἰδωλολατρῶν

358 3829 502 3882 εἶπεν
530 3828 693 3883 αὐτὸν
739 3828 786 3866 ﬂ
817 3827 1154 3904 ἐπιστρέψαι,
1205 3828 1383 3885 καίτοι
1429 3828 1863 3907 Ἀπολλινᾶριος
1913 3830 2014 3886 οὐκ

350 3914 412 3971 ἐκ
437 3917 707 3972 τοιούτων
739 3917 831 3986 ἦν.

424 4006 552 4063 Ἐπὶ
606 4008 669 4062 τὸ
719 4011 882 4062 πᾶσιν
944 4005 1202 4080 ἑτοίμως.
1258 4010 1381 4065 ’Ότι
1444 4007 1471 4062 6
1530 4008 1659 4069 Θεὸς
1726 4006 1881 4084 φύσει
1940 4007 2012 4064 ὥν

347 4095 575 4172 ἀγαθὸς,
607 4092 832 4168 ἕτοιμον
867 4096 1053 4151 ἑαυτὸν
1103 4100 1223 4158 τοῖς
1272 4097 1404 4150 πᾶσι
1453 4096 1686 4172 παρέχει
1726 4096 1803 4158 εἷς
1830 4098 1894 4151 τὸ
1928 4118 2019 4170 με-

344 4179 730 4258 ταλαμϐάνειν
787 4190 888 4254 τῆς
949 4184 1243 4260 ἁγιότητος
1297 4185 1465 4239 αὐτοῦ
1532 4185 1621 4239 καὶ
1680 4187 2015 4263 φωτισθῆναι

339 4276 451 4344 τὴν
486 4275 699 4350 ψυχήν,
733 4273 930 4330 λοιπὸν
960 4275 1024 4330 τὸ
1053 4273 1135 4353 ἐφ’
1165 4277 1303 4348 ἡμῖν
1333 4280 1595 4345 ζητεῖται,
1625 4274 1712 4343 τὸ,
1734 4279 1853 4337 πῶς
1877 4274 2015 4349 ἐρῶ-

2122 2050 2259 2103 vina
2287 2046 2688 2104 illustrations
2718 2043 3094 2117 inaequalitas
3132 2042 3328 2099 liberae
3365 2042 3782 2115 propensionis

2123 2142 2421 2209 operatur.

2195 2225 2634 2284 Dissimilitudo.
2668 2225 2787 2281 Hoc
2818 2227 2910 2281 est
2938 2221 3246 2280 oculorum
3279 2221 3497 2278 mentis
3529 2223 3776 2279 aversio.

2193 2406 2299 2462 Aut
2327 2406 2550 2462 omnino
2597 2419 2807 2460 cassam
2855 2403 3013 2474 facit.
3059 2401 3226 2470 Vide,
3260 2400 3558 2474 quomodo
3600 2398 3781 2465 dicat,

2121 2512 2231 2551 nos
2262 2495 2422 2566 ipsos
2463 2510 2676 2550 causas
2720 2509 2851 2549 esse
2901 2490 3266 2564 suscipiendi
3314 2489 3779 2545 illustrationem

2122 2584 2405 2653 divinam,
2439 2587 2541 2638 aut
2570 2598 2800 2655 parum,
2833 2585 2936 2637 aut
2966 2580 3223 2636 multum
3260 2578 3451 2650 ipsius
3492 2578 3778 2650 accipere,

2121 2678 2225 2729 aut
2255 2673 2401 2729 nihil
2458 2673 2701 2729 omnino
2761 2672 2893 2743 ejus
2944 2669 3273 2739 admittere,
3308 2669 3548 2741 quando
3576 2671 3783 2723 contra

2119 2762 2311 2834 ipsam
2365 2761 2700 2818 referientes
2749 2760 3039 2815 fuerimus
3084 2762 3367 2829 tanquam
3429 2756 3621 2829 asperi
3676 2772 3779 2812 seu

2119 2851 2358 2924 lapidei.
2389 2852 2482 2907 Ait
2525 2851 2706 2923 igitur
2754 2849 2815 2903 in
2866 2847 3197 2920 Evangeliis
3256 2847 3384 2918 ipse
3440 2846 3778 2901 Dominus:

2116 2943 2300 2998 Potest
2358 2942 2496 2997 Deus
2552 2956 2622 2995 ex
2680 2938 2970 3011 lapidibus
3023 2938 3108 2992 his
3148 2937 3393 2992 excitare
3422 2935 3572 3005 ﬁlios
3602 2935 3782 2990 Abra-

2116 3030 2329 3103 hae(g);
2358 3030 2513 3103 quod
2545 3029 2700 3085 enim
2734 3026 2904 3084 nobis
2935 3026 3150 3082 durum
3173 3030 3230 3081 et
3250 3023 3643 3097 impossibile,
3670 3024 3781 3080 hoc

2116 3121 2235 3178 Deo
2266 3124 2358 3177 est
2385 3119 2687 3193 possibile.

2191 3211 2297 3266 Nos
2326 3210 2670 3279 mersimus.
2704 3209 2850 3263 Nota
2870 3205 3125 3262 maxime
3147 3220 3215 3259 ex
3245 3202 3357 3259 hoc
3388 3202 3515 3259 loco
3532 3201 3777 3275 reprimi

2120 3296 2522 3369 importunam
2558 3294 2952 3367 quorumdam
2964 3296 3022 3347 et
3040 3290 3420 3347 indiscretum
3453 3290 3775 3356 inscitiam,

2122 3386 2221 3458 qui
2255 3385 2476 3441 audent
2504 3384 2717 3453 dicere,
2742 3382 2974 3438 divinos
3012 3380 3123 3435 bos
3159 3379 3341 3435 libros
3363 3395 3491 3434 esse
3525 3377 3777 3451 Appolli-

2121 3474 2292 3539 uarii,
2325 3490 2398 3529 ne
2428 3472 2666 3545 quidem
2697 3488 2765 3527 ex
2791 3469 3061 3542 personis
3092 3485 3339 3540 quarum
3360 3468 3652 3537 meminit,
3669 3484 3777 3522 an-

2122 3564 2455 3636 tiquitatem
2504 3560 2612 3616 viri
2659 3560 3068 3631 conjicientes;
3102 3558 3204 3613 sed
3238 3556 3387 3613 falso
3426 3557 3776 3629 inscriptam

2121 3651 2383 3725 Dionysii
2414 3649 2894 3723 appellationem,
2936 3648 3164 3715 dicunt,
3214 3662 3399 3718 neque
3429 3646 3587 3718 quod
3620 3661 3778 3701 nunc

2122 3742 2288 3812 dixit,
2310 3758 2373 3797 se
2393 3741 2464 3795 ab
2488 3737 2819 3794 idololatria
2842 3751 3218 3803 conversum;
3244 3735 3409 3808 atqui
3431 3733 3779 3807 Appollina—

2122 3833 2248 3887 rius
2278 3847 2393 3886 non
2425 3831 2551 3885 erat
2578 3844 2648 3883 ex
2676 3826 2916 3882 talibus.

2197 4008 2346 4079 Quod
2372 4010 2438 4064 in
2463 4017 2717 4079 promptu
2738 4006 3012 4063 omnibus.
3039 4005 3203 4071 Quod
3234 4003 3392 4059 Deus
3431 4005 3643 4058 natura
3674 4001 3777 4057 bo-

2124 4117 2238 4155 nus
2271 4099 2561 4155 exsistens
2594 4100 2867 4168 paratum
2901 4094 3166 4166 seipsum
3202 4092 3481 4150 omnibus
3502 4091 3782 4163 praebeat,

2125 4194 2192 4244 ut
2223 4186 2575 4259 participent
2605 4185 2676 4240 de
2706 4183 3018 4241 sanctitate
3049 4181 3260 4253 ipsius,
3309 4183 3367 4236 et
3387 4180 3447 4234 in
3480 4179 3679 4234 anima
3711 4177 3780 4233 il-

2123 4277 2454 4334 lustrentur
2492 4290 2507 4329 :
2555 4273 2849 4345 reliquum
2883 4272 2940 4327 in
2984 4269 3155 4327 nobis
3203 4269 3386 4326 situm
3436 4266 3780 4339 requiritur,

351 4385 452 4437 μιν
486 4368 782 4439 μετασχεῖν
812 4371 914 4433 τῆς
941 4365 1195 4438 γνώσεως
1224 4363 1413 4434 αὐτοῦ,
1439 4362 1533 4419 τίνοι
1571 4361 1768 4440 δειχθῇ
1798 4366 1861 4419 τὸ
1890 4364 2011 4420 αὖτε

2137 4383 2341 4438 nempe
2369 4364 2666 4436 quomodo
2698 4361 2993 4433 cupimus,
3027 4358 3346 4432 participes
3368 4357 3491 4414 ﬁeri
3531 4357 3662 4429 ejus
3683 4372 3778 4413 co-

346 4452 624 4523 εξούσιον·
686 4451 748 4508 οὖ
804 4455 906 4528 γὰρ
966 4451 1144 4515 αἷθτιος
1200 4456 1308 4508 τῶν
1361 4458 1543 4508 κακῶν
1589 4453 1617 4507 6
1670 4454 1833 4526 Θεὸς,
1884 4454 2011 4527 ὅπερ

2137 4453 2433 4529 gnitionis,
2466 4457 2531 4507 ut
2560 4452 2911 4508 ostendatur
2932 4449 3183 4505 liberum
3206 4446 3522 4504 arbitrium
3551 4463 3565 4500 :
3589 4461 3783 4516 neque

348 4542 503 4598 ἐστὶν
536 4545 565 4597 6
598 4543 651 4613 ἐξ
682 4543 848 4599 αὐτοῦ
889 4542 1200 4619 χωρισμός·
1235 4545 1270 4613 ἡ
1323 4540 1381 4598 δὲ
1423 4543 1669 4613 σύνταξις
1710 4542 1869 4614 αὕτη·
1904 4542 2011 4599 ἐπεῖ

2137 4547 2284 4602 enim
2319 4550 2471 4599 Deus
2501 4547 2593 4597 est
2622 4546 2830 4597 auctor
2857 4537 3178 4604 malorum,
3211 4536 3368 4607 quod
3411 4539 3502 4591 est
3547 4537 3620 4590 ab
3650 4535 3780 4604 ipso

348 4632 440 4687 ὅτι
505 4652 567 4705 γε
616 4633 706 4687 καὶ
752 4637 861 4688 τῶν
913 4633 1111 4707 ἑτέρων
1182 4631 1349 4696 ἐθνῶν
1419 4632 1520 4687 οὑκ
1590 4627 1822 4711 ἕκφυλοί
1875 4654 2011 4696 τινες

2137 4633 2453 4707 separatio;
2505 4632 2630 4687 haec
2668 4635 2760 4685 est
2802 4633 2999 4684 autem
3047 4623 3409 4682 constructio
3443 4639 3458 4678 :
3491 4623 3781 4690 Quoniam

351 4721 686 4777 ἐπεστάτουν
727 4721 875 4791 θεοὶ,
934 4722 1030 4796 μία
1088 4720 1146 4777 δὶ
1200 4721 1417 4777 πάντων
1472 4722 1644 4798 ἀρχή·
1702 4722 1793 4776 καὶ
1852 4722 2011 4778 οὕτωι

2137 4724 2358 4781 ceteris
2388 4722 2565 4777 etiam
2597 4719 2875 4792 gentibus
2906 4733 3022 4772 non
3052 4714 3233 4770 exteri
3257 4713 3502 4785 quidam
3533 4713 3784 4785 impera-

347 4810 560 4879 τᾶλλα,
596 4808 685 4866 διὰ
719 4812 907 4885 μέσουο
943 4813 1032 4867 καὶ
1066 4813 1151 4867 ὅτι
1199 4811 1290 4866 καὶ
1338 4816 1446 4866 τῶν
1497 4809 1683 4867 ἄλλων
1717 4810 1883 4866 ἐθνῶν
1922 4811 2011 4885 μία

2137 4815 2274 4870 bant
2304 4811 2408 4878 dii,
2435 4825 2620 4864 unum
2633 4824 2766 4863 vero
2786 4809 2877 4862 est
2904 4804 3170 4861 omnium
3205 4801 3588 4874 principium,
3608 4806 3782 4873 atque

349 4902 510 4977 ἀρχὴ
540 4904 639 4955 τοῦ
669 4906 803 4958 Θεοῦ
832 4903 999 4977 ἦρχε,
1032 4900 1122 4956 καὶ
1151 4900 1277 4956 τότε
1303 4898 1392 4955 διὰ
1420 4904 1527 4956 τῶν
1582 4898 1736 4956 ἰδίων
1771 4898 2011 4977 ἀγγέλων

2137 4903 2212 4959 ita
2242 4901 2470 4972 reliqua
2498 4896 2869 4954 intermedia.
2888 4895 2958 4950 Et
2978 4893 3134 4966 quod
3168 4891 3301 4947 aliis
3333 4907 3568 4963 quoque
3589 4890 3783 4963 genti-

347 4990 772 5067 ὶεραρχούντων
806 4993 874 5047 ⁵³.

2137 4994 2245 5049 bus
2272 5006 2458 5046 unum
2492 4989 2588 5044 Dei
2616 4985 2937 5059 imperium
2961 4982 3311 5055 imperabat,
3330 4984 3459 5036 tum
3482 4980 3657 5036 etiam
3680 4996 3784 5053 per

2131 5079 2401 5155 proprios
2432 5075 2671 5150 angelos
2699 5091 2862 5130 sacre
2899 5072 3281 5145 imperantes.

436 5167 808 5246 Μελχισεδῶι.
856 5168 1175 5243 Σημείωσαι
1222 5168 1289 5224 τὰ
1334 5169 1459 5245 περὶ
1506 5172 1602 5223 τοῦ
1652 5167 2011 5245 Μελχισεδὲκ,

2205 5166 2571 5224 Melchisedec.
2601 5165 2750 5220 Nota
2779 5179 2906 5234 qua!
2938 5162 3009 5216 de
3054 5159 3442 5215 Melchisedec
3473 5161 3784 5230 tanquam,

359 5260 440 5322 ὦς
470 5260 740 5337 ἱεράρχου
774 5255 954 5333 ὄντος,
1002 5259 1093 5314 καὶ
1144 5265 1209 5329 τῆ
1264 5256 1334 5313 δι’
1383 5258 1636 5334 ἀγγέλων
1688 5255 1891 5334 ὁδηγίᾳ
1932 5260 2011 5314 τὸι

2137 5257 2445 5316 bierarcba
2475 5255 2777 5321 dicuntur,
2809 5254 2867 5307 et
2900 5251 2970 5306 de
2999 5265 3066 5306 eo
3098 5249 3199 5321 qui
3232 5248 3586 5304 deductione
3618 5263 3767 5323 ange

432 5445 511 5518 (ε)
540 5430 712 5501 Deut.
745 5460 924 5511 χχιιι,
953 5443 1009 5500 9.
1086 5442 1153 5515 (f)
1184 5442 1353 5499 Rom.
1388 5458 1474 5511 ιιι,
1505 5441 1597 5508 29,
1628 5443 1719 5499 30.
1796 5442 1871 5515 (ς)
1911 5442 2053 5499 Luc.
2083 5458 2172 5515 In,
2203 5443 2256 5497 8.

1372 5623 1613 5682 VARIIE
1653 5623 2043 5681 LECTIONES
2080 5622 2176 5680 ET
2215 5617 2780 5680 CORRECTIONES.

431 5744 481 5783 ⁶⁰
512 5740 979 5817 ἐπιστομίζεσθαι.
1056 5743 1100 5780 ⁶¹
1138 5738 1299 5815 μηδι.
1374 5741 1423 5779 ⁶²
1454 5738 1665 5797 ἑαυτόν.
1742 5742 1788 5778 ⁸³
1810 5741 2221 5816 ἱεραρχοῦντος.
