  <div class='ocr_page' id='page_1' title='image "/cluster/home/n/w/nwhite01/storage/ocr_20150623/4:no.2/coo.31924054872837/051.png"; bbox 0 0 4134 6390; ppageno 0'>
   <div class='ocr_carea' id='block_1_1' title="bbox 350 368 3781 432">
    <p class='ocr_par' dir='ltr' id='par_1_1' title="bbox 350 368 3781 432">
     <span class='ocr_line' id='line_1_1' title="bbox 350 368 3781 432; baseline -0.001 -4"><span class='ocrx_word' id='word_1_1' title='bbox 350 375 420 428; x_wconf 87' lang='lat'><strong>87</strong></span> <span class='ocrx_word' id='word_1_2' title='bbox 1169 377 1538 430; x_wconf 82' lang='lat' dir='ltr'><strong>APPENDIX</strong></span> <span class='ocrx_word' id='word_1_3' title='bbox 1574 377 1674 428; x_wconf 77' lang='lat' dir='ltr'><strong>AD</strong></span> <span class='ocrx_word' id='word_1_4' title='bbox 1711 374 1956 430; x_wconf 79' lang='lat' dir='ltr'><strong>OPERA</strong></span> <span class='ocrx_word' id='word_1_5' title='bbox 1995 377 2052 429; x_wconf 84' lang='lat' dir='ltr'><strong>S.</strong></span> <span class='ocrx_word' id='word_1_6' title='bbox 2094 375 2416 430; x_wconf 83' lang='lat' dir='ltr'><strong>DIONYSII</strong></span> <span class='ocrx_word' id='word_1_7' title='bbox 2455 375 2961 432; x_wconf 71' lang='lat' dir='ltr'><strong>AREOPAGITE.</strong></span> <span class='ocrx_word' id='word_1_8' title='bbox 3709 368 3781 424; x_wconf 85' lang='lat'>88</span> 
     </span>
    </p>
   </div>
   <div class='ocr_carea' id='block_1_2' title="bbox 354 489 2020 572">
    <p class='ocr_par' dir='ltr' id='par_1_2' title="bbox 354 498 2010 572">
     <span class='ocr_line' id='line_1_2' title="bbox 354 498 2010 572; baseline -0.001 -17"><span class='ocrx_word' id='word_1_9' title='bbox 354 498 560 556; x_wconf 77' lang='lat' dir='ltr'><strong>lorum&quot;</strong></span> <span class='ocrx_word' id='word_1_10' title='bbox 585 515 786 555; x_wconf 89' lang='lat' dir='ltr'><strong>verum</strong></span> <span class='ocrx_word' id='word_1_11' title='bbox 810 499 1078 570; x_wconf 75' lang='lat' dir='ltr'><strong>agnovit:</strong></span> <span class='ocrx_word' id='word_1_12' title='bbox 1104 508 1382 572; x_wconf 79' lang='lat' dir='ltr'><strong>sequentes</strong></span> <span class='ocrx_word' id='word_1_13' title='bbox 1430 501 1626 554; x_wconf 88' lang='lat' dir='ltr'><strong>autem</strong></span> <span class='ocrx_word' id='word_1_14' title='bbox 1671 498 1836 568; x_wconf 82' lang='lat' dir='ltr'><strong>dixit,</strong></span> <span class='ocrx_word' id='word_1_15' title='bbox 1878 515 2010 571; x_wconf 91' lang='lat' dir='ltr'><strong>pro-</strong></span> 
     </span>
    </p>
   </div>
   <div class='ocr_carea' id='block_1_3' title="bbox 2139 489 3780 572">
    <p class='ocr_par' dir='ltr' id='par_1_3' title="bbox 2139 489 3780 571">
     <span class='ocr_line' id='line_1_3' title="bbox 2139 489 3780 571; baseline -0.002 -20"><span class='ocrx_word' id='word_1_16' title='bbox 2139 494 2294 559; x_wconf 74' lang='lat' dir='ltr'><strong>iv1wc</strong></span> <span class='ocrx_word' id='word_1_17' title='bbox 2327 493 2455 552; x_wconf 73' lang='grc' dir='ltr'>ὄντα</span> <span class='ocrx_word' id='word_1_18' title='bbox 2486 499 2617 554; x_wconf 92' lang='grc' dir='ltr'>Θεὸν</span> <span class='ocrx_word' id='word_1_19' title='bbox 2660 497 3056 571; x_wconf 79' lang='grc' dir='ltr'>έπεγνωκότος·</span> <span class='ocrx_word' id='word_1_20' title='bbox 3101 491 3400 566; x_wconf 82' lang='grc' dir='ltr'>έπομένους</span> <span class='ocrx_word' id='word_1_21' title='bbox 3443 490 3500 549; x_wconf 69' lang='grc' dir='ltr'><strong>δέ</strong></span> <span class='ocrx_word' id='word_1_22' title='bbox 3544 493 3656 549; x_wconf 76' lang='grc' dir='ltr'>εἶπε</span> <span class='ocrx_word' id='word_1_23' title='bbox 3687 489 3780 548; x_wconf 75' lang='grc' dir='ltr'>διὰ</span> 
     </span>
    </p>
   </div>
   <div class='ocr_carea' id='block_1_4' title="bbox 356 588 1782 661">
    <p class='ocr_par' dir='ltr' id='par_1_4' title="bbox 356 588 1782 661">
     <span class='ocr_line' id='line_1_4' title="bbox 356 588 1782 661; baseline -0.001 -17"><span class='ocrx_word' id='word_1_24' title='bbox 356 593 488 661; x_wconf 90' lang='lat' dir='ltr'><strong>pter</strong></span> <span class='ocrx_word' id='word_1_25' title='bbox 518 589 849 644; x_wconf 86' lang='lat' dir='ltr'><strong>libertatem</strong></span> <span class='ocrx_word' id='word_1_26' title='bbox 881 588 1132 656; x_wconf 83' lang='lat' dir='ltr'><strong>arbitrii,</strong></span> <span class='ocrx_word' id='word_1_27' title='bbox 1166 593 1222 643; x_wconf 90' lang='lat' dir='ltr'><strong>et</strong></span> <span class='ocrx_word' id='word_1_28' title='bbox 1255 606 1368 644; x_wconf 92' lang='lat' dir='ltr'><strong>non</strong></span> <span class='ocrx_word' id='word_1_29' title='bbox 1401 588 1782 644; x_wconf 88' lang='lat' dir='ltr'><strong>coactionem.</strong></span> 
     </span>
    </p>
   </div>
   <div class='ocr_carea' id='block_1_5' title="bbox 432 676 2011 750">
    <p class='ocr_par' dir='ltr' id='par_1_5' title="bbox 432 676 2011 750">
     <span class='ocr_line' id='line_1_5' title="bbox 432 676 2011 750; baseline -0.001 -16"><span class='ocrx_word' id='word_1_30' title='bbox 432 679 529 735; x_wconf 75' lang='lat'><strong>85</strong></span> <span class='ocrx_word' id='word_1_31' title='bbox 564 680 592 746; x_wconf 88' lang='lat'>§</span> <span class='ocrx_word' id='word_1_32' title='bbox 622 677 712 733; x_wconf 92' lang='lat' dir='ltr'><strong>IV.</strong></span> <span class='ocrx_word' id='word_1_33' title='bbox 753 678 1061 733; x_wconf 83' lang='lat' dir='ltr'><strong>Pharaoni.</strong></span> <span class='ocrx_word' id='word_1_34' title='bbox 1096 677 1243 733; x_wconf 89' lang='lat' dir='ltr'><strong>Nota</strong></span> <span class='ocrx_word' id='word_1_35' title='bbox 1274 678 1427 750; x_wconf 90' lang='lat' dir='ltr'><strong>quod</strong></span> <span class='ocrx_word' id='word_1_36' title='bbox 1461 677 1618 732; x_wconf 81' lang='lat' dir='ltr'><strong>dicat</strong></span> <span class='ocrx_word' id='word_1_37' title='bbox 1662 676 1916 732; x_wconf 84' lang='lat' dir='ltr'><strong>visiones</strong></span> <span class='ocrx_word' id='word_1_38' title='bbox 1951 677 2011 732; x_wconf 91' lang='lat' dir='ltr'><strong>in</strong></span> 
     </span>
    </p>
   </div>
   <div class='ocr_carea' id='block_1_6' title="bbox 358 764 2014 839">
    <p class='ocr_par' dir='ltr' id='par_1_6' title="bbox 358 764 2014 839">
     <span class='ocr_line' id='line_1_6' title="bbox 358 764 2014 839; baseline -0.002 -16"><span class='ocrx_word' id='word_1_39' title='bbox 358 766 610 823; x_wconf 86' lang='lat' dir='ltr'><strong>somniis</strong></span> <span class='ocrx_word' id='word_1_40' title='bbox 650 783 753 839; x_wconf 92' lang='lat' dir='ltr'><strong>per</strong></span> <span class='ocrx_word' id='word_1_41' title='bbox 800 764 1041 837; x_wconf 78' lang='lat' dir='ltr'><strong>angelos</strong></span> <span class='ocrx_word' id='word_1_42' title='bbox 1083 766 1268 822; x_wconf 85' lang='lat' dir='ltr'><strong>factas</strong></span> <span class='ocrx_word' id='word_1_43' title='bbox 1326 765 1529 833; x_wconf 84' lang='lat' dir='ltr'><strong>fuisse,</strong></span> <span class='ocrx_word' id='word_1_44' title='bbox 1593 765 1905 831; x_wconf 79' lang='lat' dir='ltr'><strong>Pharaoni,</strong></span> <span class='ocrx_word' id='word_1_45' title='bbox 1957 770 2014 820; x_wconf 91' lang='lat' dir='ltr'><strong>et</strong></span> 
     </span>
    </p>
   </div>
   <div class='ocr_carea' id='block_1_7' title="bbox 356 852 2009 930">
    <p class='ocr_par' dir='ltr' id='par_1_7' title="bbox 356 852 2009 930">
     <span class='ocr_line' id='line_1_7' title="bbox 356 852 2009 930; baseline -0.002 -18"><span class='ocrx_word' id='word_1_46' title='bbox 356 855 941 927; x_wconf 86' lang='lat' dir='ltr'><strong>Nabuchodonosori,</strong></span> <span class='ocrx_word' id='word_1_47' title='bbox 973 859 1031 911; x_wconf 91' lang='lat' dir='ltr'><strong>et</strong></span> <span class='ocrx_word' id='word_1_48' title='bbox 1061 855 1277 910; x_wconf 89' lang='lat' dir='ltr'><strong>horum</strong></span> <span class='ocrx_word' id='word_1_49' title='bbox 1308 852 1658 930; x_wconf 83' lang='grc' dir='ltr'>ἐκφαντορίας</span> <span class='ocrx_word' id='word_1_50' title='bbox 1691 871 1794 910; x_wconf 88' lang='lat' dir='ltr'><strong>seu</strong></span> <span class='ocrx_word' id='word_1_51' title='bbox 1827 855 2009 910; x_wconf 88' lang='lat' dir='ltr'><strong>inter-</strong></span> 
     </span>
    </p>
   </div>
   <div class='ocr_carea' id='block_1_8' title="bbox 356 943 737 1016">
    <p class='ocr_par' dir='ltr' id='par_1_8' title="bbox 356 943 737 1016">
     <span class='ocr_line' id='line_1_8' title="bbox 356 943 737 1016; baseline 0 -18"><span class='ocrx_word' id='word_1_52' title='bbox 356 943 737 1016; x_wconf 87' lang='lat' dir='ltr'><strong>pretationes.</strong></span> 
     </span>
    </p>
   </div>
   <div class='ocr_carea' id='block_1_9' title="bbox 427 1033 2010 1106">
    <p class='ocr_par' dir='ltr' id='par_1_9' title="bbox 427 1033 2010 1106">
     <span class='ocr_line' id='line_1_9' title="bbox 427 1033 2010 1106; baseline 0 -18"><span class='ocrx_word' id='word_1_53' title='bbox 427 1035 668 1089; x_wconf 85' lang='lat' dir='ltr'><strong>Famuli.</strong></span> <span class='ocrx_word' id='word_1_54' title='bbox 691 1033 910 1105; x_wconf 89' lang='lat' dir='ltr'><strong>Joseph</strong></span> <span class='ocrx_word' id='word_1_55' title='bbox 940 1033 1179 1105; x_wconf 84' lang='lat' dir='ltr'>quidem</span> <span class='ocrx_word' id='word_1_56' title='bbox 1211 1035 1635 1106; x_wconf 64' lang='lat' dir='ltr'><strong>Egyptiorum,</strong></span> <span class='ocrx_word' id='word_1_57' title='bbox 1667 1033 1861 1089; x_wconf 82' lang='lat' dir='ltr'><strong>Daniel</strong></span> <span class='ocrx_word' id='word_1_58' title='bbox 1909 1051 2010 1088; x_wconf 90' lang='lat' dir='ltr'><strong>au-</strong></span> 
     </span>
    </p>
   </div>
   <div class='ocr_carea' id='block_1_10' title="bbox 357 1121 2012 1195">
    <p class='ocr_par' dir='ltr' id='par_1_10' title="bbox 357 1121 2012 1195">
     <span class='ocr_line' id='line_1_10' title="bbox 357 1121 2012 1195; baseline 0.001 -19"><span class='ocrx_word' id='word_1_59' title='bbox 357 1126 477 1177; x_wconf 88' lang='lat' dir='ltr'><strong>tem</strong></span> <span class='ocrx_word' id='word_1_60' title='bbox 512 1121 984 1195; x_wconf 83' lang='lat' dir='ltr'><strong>Babyloniorum,</strong></span> <span class='ocrx_word' id='word_1_61' title='bbox 1020 1121 1251 1195; x_wconf 86' lang='lat' dir='ltr'><strong>angelis</strong></span> <span class='ocrx_word' id='word_1_62' title='bbox 1283 1123 1716 1194; x_wconf 84' lang='lat' dir='ltr'><strong>imperantibus</strong></span> <span class='ocrx_word' id='word_1_63' title='bbox 1748 1122 1841 1178; x_wconf 91' lang='lat' dir='ltr'><strong>his</strong></span> <span class='ocrx_word' id='word_1_64' title='bbox 1871 1139 2012 1195; x_wconf 82' lang='lat' dir='ltr'><strong>gen-</strong></span> 
     </span>
    </p>
   </div>
   <div class='ocr_carea' id='block_1_11' title="bbox 356 1210 1724 1282">
    <p class='ocr_par' dir='ltr' id='par_1_11' title="bbox 356 1210 1724 1282">
     <span class='ocr_line' id='line_1_11' title="bbox 356 1210 1724 1282; baseline 0 -16"><span class='ocrx_word' id='word_1_65' title='bbox 356 1210 539 1282; x_wconf 88' lang='lat' dir='ltr'><strong>tibus,</strong></span> <span class='ocrx_word' id='word_1_66' title='bbox 563 1210 662 1266; x_wconf 86' lang='lat' dir='ltr'><strong>Dei</strong></span> <span class='ocrx_word' id='word_1_67' title='bbox 694 1210 993 1267; x_wconf 80' lang='lat' dir='ltr'><strong>voluntate</strong></span> <span class='ocrx_word' id='word_1_68' title='bbox 1017 1211 1270 1268; x_wconf 87' lang='lat' dir='ltr'><strong>visiones</strong></span> <span class='ocrx_word' id='word_1_69' title='bbox 1302 1211 1724 1267; x_wconf 88' lang='lat' dir='ltr'><strong>revelantibus.</strong></span> 
     </span>
    </p>
   </div>
   <div class='ocr_carea' id='block_1_12' title="bbox 434 1389 2011 1461">
    <p class='ocr_par' dir='ltr' id='par_1_12' title="bbox 434 1389 2011 1461">
     <span class='ocr_line' id='line_1_12' title="bbox 434 1389 2011 1461; baseline 0.001 -17"><span class='ocrx_word' id='word_1_70' title='bbox 434 1390 607 1458; x_wconf 82' lang='lat' dir='ltr'><strong>Quasi</strong></span> <span class='ocrx_word' id='word_1_71' title='bbox 632 1392 848 1447; x_wconf 87' lang='lat' dir='ltr'><strong>sortito.</strong></span> <span class='ocrx_word' id='word_1_72' title='bbox 907 1390 1056 1447; x_wconf 87' lang='lat' dir='ltr'><strong>Nota</strong></span> <span class='ocrx_word' id='word_1_73' title='bbox 1103 1389 1650 1461; x_wconf 80' lang='lat' dir='ltr'><strong>interpretationem</strong></span> <span class='ocrx_word' id='word_1_74' title='bbox 1701 1390 2011 1447; x_wconf 88' lang='lat' dir='ltr'><strong>verborum</strong></span> 
     </span>
    </p>
   </div>
   <div class='ocr_carea' id='block_1_13' title="bbox 360 1479 2011 1552">
    <p class='ocr_par' dir='ltr' id='par_1_13' title="bbox 360 1479 2011 1552">
     <span class='ocr_line' id='line_1_13' title="bbox 360 1479 2011 1552; baseline 0.001 -17"><span class='ocrx_word' id='word_1_75' title='bbox 360 1479 574 1535; x_wconf 83' lang='lat' dir='ltr'><strong>cantici</strong></span> <span class='ocrx_word' id='word_1_76' title='bbox 607 1481 821 1552; x_wconf 81' lang='lat' dir='ltr'><strong>Moysis</strong></span> <span class='ocrx_word' id='word_1_77' title='bbox 845 1497 858 1536; x_wconf 93' lang='lat'>:</span> <span class='ocrx_word' id='word_1_78' title='bbox 885 1481 1112 1549; x_wconf 83' lang='lat' dir='ltr'><strong>Quando</strong></span> <span class='ocrx_word' id='word_1_79' title='bbox 1140 1480 1417 1535; x_wconf 77' lang='lat' dir='ltr'><strong>dividebat</strong></span> <span class='ocrx_word' id='word_1_80' title='bbox 1446 1481 1762 1536; x_wconf 77' lang='lat' dir='ltr'><strong>Altissimus</strong></span> <span class='ocrx_word' id='word_1_81' title='bbox 1804 1489 2011 1550; x_wconf 82' lang='lat' dir='ltr'><strong>gentes,</strong></span> 
     </span>
    </p>
   </div>
   <div class='ocr_carea' id='block_1_14' title="bbox 364 1570 2013 1641">
    <p class='ocr_par' dir='ltr' id='par_1_14' title="bbox 364 1570 2013 1641">
     <span class='ocr_line' id='line_1_14' title="bbox 364 1570 2013 1641; baseline 0.002 -18"><span class='ocrx_word' id='word_1_82' title='bbox 364 1584 497 1639; x_wconf 82' lang='lat' dir='ltr'><strong>quos</strong></span> <span class='ocrx_word' id='word_1_83' title='bbox 526 1570 789 1640; x_wconf 74' lang='lat' dir='ltr'><strong>dispersit</strong></span> <span class='ocrx_word' id='word_1_84' title='bbox 814 1571 959 1640; x_wconf 83' lang='lat' dir='ltr'><strong>ﬁlios</strong></span> <span class='ocrx_word' id='word_1_85' title='bbox 1001 1570 1196 1638; x_wconf 88' lang='lat' dir='ltr'><strong>Adam,</strong></span> <span class='ocrx_word' id='word_1_86' title='bbox 1228 1571 1421 1625; x_wconf 81' lang='lat' dir='ltr'><strong>statuit</strong></span> <span class='ocrx_word' id='word_1_87' title='bbox 1469 1573 1735 1626; x_wconf 83' lang='lat' dir='ltr'><strong>terminos</strong></span> <span class='ocrx_word' id='word_1_88' title='bbox 1764 1573 2013 1641; x_wconf 88' lang='lat' dir='ltr'><strong>gentium</strong></span> 
     </span>
    </p>
   </div>
   <div class='ocr_carea' id='block_1_15' title="bbox 363 1659 2014 1732">
    <p class='ocr_par' dir='ltr' id='par_1_15' title="bbox 363 1659 2014 1732">
     <span class='ocr_line' id='line_1_15' title="bbox 363 1659 2014 1732; baseline 0.002 -20"><span class='ocrx_word' id='word_1_89' title='bbox 363 1659 664 1713; x_wconf 87' lang='lat' dir='ltr'><strong>secundum</strong></span> <span class='ocrx_word' id='word_1_90' title='bbox 693 1676 988 1715; x_wconf 83' lang='lat' dir='ltr'><strong>numerum</strong></span> <span class='ocrx_word' id='word_1_91' title='bbox 1002 1659 1338 1730; x_wconf 82' lang='lat' dir='ltr'><strong>angelorum</strong></span> <span class='ocrx_word' id='word_1_92' title='bbox 1359 1662 1478 1722; x_wconf 85' lang='lat' dir='ltr'><strong>Dei;</strong></span> <span class='ocrx_word' id='word_1_93' title='bbox 1501 1668 1554 1716; x_wconf 87' lang='lat' dir='ltr'><strong>et</strong></span> <span class='ocrx_word' id='word_1_94' title='bbox 1579 1663 1759 1732; x_wconf 73' lang='lat' dir='ltr'><strong>factus</strong></span> <span class='ocrx_word' id='word_1_95' title='bbox 1787 1669 1870 1716; x_wconf 84' lang='lat' dir='ltr'><strong>est</strong></span> <span class='ocrx_word' id='word_1_96' title='bbox 1884 1678 2014 1731; x_wconf 85' lang='lat' dir='ltr'><strong>por-</strong></span> 
     </span>
    </p>
   </div>
   <div class='ocr_carea' id='block_1_16' title="bbox 360 1748 2016 1820">
    <p class='ocr_par' dir='ltr' id='par_1_16' title="bbox 360 1748 2016 1820">
     <span class='ocr_line' id='line_1_16' title="bbox 360 1748 2016 1820; baseline 0.002 -18"><span class='ocrx_word' id='word_1_97' title='bbox 360 1749 438 1803; x_wconf 87' lang='lat' dir='ltr'><strong>tio</strong></span> <span class='ocrx_word' id='word_1_98' title='bbox 463 1749 685 1803; x_wconf 87' lang='lat' dir='ltr'><strong>Domini</strong></span> <span class='ocrx_word' id='word_1_99' title='bbox 711 1750 942 1820; x_wconf 83' lang='lat' dir='ltr'><strong>pOpulus</strong></span> <span class='ocrx_word' id='word_1_100' title='bbox 969 1749 1152 1816; x_wconf 86' lang='lat' dir='ltr'><strong>Jacob,</strong></span> <span class='ocrx_word' id='word_1_101' title='bbox 1175 1748 1467 1820; x_wconf 77' lang='lat' dir='ltr'><strong>funiculus</strong></span> <span class='ocrx_word' id='word_1_102' title='bbox 1488 1750 1825 1806; x_wconf 64' lang='lat' dir='ltr'><strong>hzreditatis</strong></span> <span class='ocrx_word' id='word_1_103' title='bbox 1840 1752 2016 1820; x_wconf 77' lang='lat' dir='ltr'><strong>ipsius</strong></span> 
     </span>
    </p>
   </div>
   <div class='ocr_carea' id='block_1_17' title="bbox 361 1837 2013 1910">
    <p class='ocr_par' dir='ltr' id='par_1_17' title="bbox 361 1837 2013 1910">
     <span class='ocr_line' id='line_1_17' title="bbox 361 1837 2013 1910; baseline 0.001 -18"><span class='ocrx_word' id='word_1_104' title='bbox 361 1838 530 1892; x_wconf 84' lang='lat' dir='ltr'><strong>Israel</strong></span> <span class='ocrx_word' id='word_1_105' title='bbox 555 1837 665 1909; x_wconf 79' lang='lat' dir='ltr'><strong>(h):</strong></span> <span class='ocrx_word' id='word_1_106' title='bbox 692 1855 806 1892; x_wconf 89' lang='lat' dir='ltr'><strong>non</strong></span> <span class='ocrx_word' id='word_1_107' title='bbox 837 1839 996 1894; x_wconf 90' lang='lat' dir='ltr'><strong>enim</strong></span> <span class='ocrx_word' id='word_1_108' title='bbox 1027 1843 1273 1909; x_wconf 85' lang='lat' dir='ltr'><strong>oportet,</strong></span> <span class='ocrx_word' id='word_1_109' title='bbox 1308 1838 1522 1910; x_wconf 88' lang='lat' dir='ltr'><strong>inquit,</strong></span> <span class='ocrx_word' id='word_1_110' title='bbox 1556 1839 1828 1895; x_wconf 88' lang='lat' dir='ltr'><strong>arbitrari</strong></span> <span class='ocrx_word' id='word_1_111' title='bbox 1869 1840 2013 1895; x_wconf 90' lang='lat' dir='ltr'><strong>divi-</strong></span> 
     </span>
    </p>
   </div>
   <div class='ocr_carea' id='block_1_18' title="bbox 365 1924 2018 1998">
    <p class='ocr_par' dir='ltr' id='par_1_18' title="bbox 365 1924 2018 1998">
     <span class='ocr_line' id='line_1_18' title="bbox 365 1924 2018 1998; baseline 0.003 -18"><span class='ocrx_word' id='word_1_112' title='bbox 365 1924 517 1980; x_wconf 87' lang='lat' dir='ltr'><strong>sisse</strong></span> <span class='ocrx_word' id='word_1_113' title='bbox 551 1942 684 1980; x_wconf 88' lang='lat' dir='ltr'><strong>cum</strong></span> <span class='ocrx_word' id='word_1_114' title='bbox 719 1925 852 1982; x_wconf 89' lang='lat' dir='ltr'><strong>aliis</strong></span> <span class='ocrx_word' id='word_1_115' title='bbox 881 1927 996 1982; x_wconf 89' lang='lat' dir='ltr'><strong>diis</strong></span> <span class='ocrx_word' id='word_1_116' title='bbox 1027 1932 1127 1982; x_wconf 85' lang='lat' dir='ltr'><strong>aut</strong></span> <span class='ocrx_word' id='word_1_117' title='bbox 1158 1925 1379 1996; x_wconf 78' lang='lat' dir='ltr'><strong>angelis</strong></span> <span class='ocrx_word' id='word_1_118' title='bbox 1404 1931 1638 1998; x_wconf 84' lang='lat' dir='ltr'><strong>gentes;</strong></span> <span class='ocrx_word' id='word_1_119' title='bbox 1695 1945 1810 1983; x_wconf 90' lang='lat' dir='ltr'><strong>non</strong></span> <span class='ocrx_word' id='word_1_120' title='bbox 1859 1928 2018 1985; x_wconf 90' lang='lat' dir='ltr'><strong>enim</strong></span> 
     </span>
    </p>
   </div>
   <div class='ocr_carea' id='block_1_19' title="bbox 361 2013 2026 2086">
    <p class='ocr_par' dir='ltr' id='par_1_19' title="bbox 361 2013 2026 2086">
     <span class='ocr_line' id='line_1_19' title="bbox 361 2013 2026 2086; baseline 0.004 -19"><span class='ocrx_word' id='word_1_121' title='bbox 361 2013 569 2068; x_wconf 87' lang='lat' dir='ltr'><strong>sortito</strong></span> <span class='ocrx_word' id='word_1_122' title='bbox 606 2015 816 2086; x_wconf 85' lang='lat' dir='ltr'><strong>obtigit</strong></span> <span class='ocrx_word' id='word_1_123' title='bbox 865 2019 978 2070; x_wconf 89' lang='lat' dir='ltr'><strong>Deo</strong></span> <span class='ocrx_word' id='word_1_124' title='bbox 1029 2015 1268 2086; x_wconf 88' lang='lat' dir='ltr'><strong>quidem</strong></span> <span class='ocrx_word' id='word_1_125' title='bbox 1303 2014 1504 2083; x_wconf 88' lang='lat' dir='ltr'><strong>Israel,</strong></span> <span class='ocrx_word' id='word_1_126' title='bbox 1537 2015 1666 2072; x_wconf 89' lang='lat' dir='ltr'><strong>aliis</strong></span> <span class='ocrx_word' id='word_1_127' title='bbox 1698 2022 1894 2073; x_wconf 87' lang='lat' dir='ltr'><strong>autem</strong></span> <span class='ocrx_word' id='word_1_128' title='bbox 1918 2037 2026 2074; x_wconf 87' lang='lat' dir='ltr'><strong>an-</strong></span> 
     </span>
    </p>
   </div>
   <div class='ocr_carea' id='block_1_20' title="bbox 368 2101 2022 2176">
    <p class='ocr_par' dir='ltr' id='par_1_20' title="bbox 368 2101 2022 2176">
     <span class='ocr_line' id='line_1_20' title="bbox 368 2101 2022 2176; baseline 0.004 -19"><span class='ocrx_word' id='word_1_129' title='bbox 368 2101 518 2174; x_wconf 89' lang='lat' dir='ltr'><strong>gelis</strong></span> <span class='ocrx_word' id='word_1_130' title='bbox 547 2102 845 2174; x_wconf 85' lang='lat' dir='ltr'><strong>privatim,</strong></span> <span class='ocrx_word' id='word_1_131' title='bbox 871 2108 937 2159; x_wconf 89' lang='lat' dir='ltr'><strong>ut</strong></span> <span class='ocrx_word' id='word_1_132' title='bbox 960 2105 1018 2159; x_wconf 92' lang='lat' dir='ltr'><strong>in</strong></span> <span class='ocrx_word' id='word_1_133' title='bbox 1043 2103 1204 2160; x_wconf 92' lang='lat' dir='ltr'><strong>nullo</strong></span> <span class='ocrx_word' id='word_1_134' title='bbox 1229 2103 1342 2160; x_wconf 91' lang='lat' dir='ltr'><strong>alio</strong></span> <span class='ocrx_word' id='word_1_135' title='bbox 1367 2104 1479 2176; x_wconf 90' lang='lat' dir='ltr'><strong>ipsi</strong></span> <span class='ocrx_word' id='word_1_136' title='bbox 1503 2105 1619 2161; x_wconf 92' lang='lat' dir='ltr'><strong>Deo</strong></span> <span class='ocrx_word' id='word_1_137' title='bbox 1653 2107 2022 2165; x_wconf 87' lang='lat' dir='ltr'><strong>ministrent:</strong></span> 
     </span>
    </p>
   </div>
   <div class='ocr_carea' id='block_1_21' title="bbox 374 2191 2029 2270">
    <p class='ocr_par' dir='ltr' id='par_1_21' title="bbox 374 2191 2029 2270">
     <span class='ocr_line' id='line_1_21' title="bbox 374 2191 2029 2270; baseline 0.003 -23"><span class='ocrx_word' id='word_1_138' title='bbox 374 2191 628 2264; x_wconf 86' lang='lat' dir='ltr'><strong>exempli</strong></span> <span class='ocrx_word' id='word_1_139' title='bbox 659 2193 868 2264; x_wconf 88' lang='lat' dir='ltr'><strong>gratia,</strong></span> <span class='ocrx_word' id='word_1_140' title='bbox 903 2193 1025 2249; x_wconf 69' lang='lat' dir='ltr'><strong>haec</strong></span> <span class='ocrx_word' id='word_1_141' title='bbox 1055 2209 1201 2265; x_wconf 88' lang='lat' dir='ltr'><strong>gens</strong></span> <span class='ocrx_word' id='word_1_142' title='bbox 1235 2193 1373 2248; x_wconf 90' lang='lat' dir='ltr'><strong>huic</strong></span> <span class='ocrx_word' id='word_1_143' title='bbox 1398 2194 1605 2266; x_wconf 86' lang='lat' dir='ltr'><strong>angelo</strong></span> <span class='ocrx_word' id='word_1_144' title='bbox 1625 2200 1781 2252; x_wconf 87' lang='lat' dir='ltr'><strong>sorte</strong></span> <span class='ocrx_word' id='word_1_145' title='bbox 1797 2198 2029 2270; x_wconf 88' lang='lat' dir='ltr'><strong>obtigit,</strong></span> 
     </span>
    </p>
   </div>
   <div class='ocr_carea' id='block_1_22' title="bbox 375 2281 2031 2354">
    <p class='ocr_par' dir='ltr' id='par_1_22' title="bbox 375 2281 2031 2354">
     <span class='ocr_line' id='line_1_22' title="bbox 375 2281 2031 2354; baseline 0.005 -19"><span class='ocrx_word' id='word_1_146' title='bbox 375 2295 568 2352; x_wconf 88' lang='lat' dir='ltr'><strong>neque</strong></span> <span class='ocrx_word' id='word_1_147' title='bbox 599 2281 716 2337; x_wconf 88' lang='lat' dir='ltr'><strong>ista</strong></span> <span class='ocrx_word' id='word_1_148' title='bbox 752 2298 897 2354; x_wconf 88' lang='lat' dir='ltr'><strong>gens</strong></span> <span class='ocrx_word' id='word_1_149' title='bbox 928 2287 1019 2338; x_wconf 90' lang='lat' dir='ltr'><strong>est</strong></span> <span class='ocrx_word' id='word_1_150' title='bbox 1052 2283 1167 2338; x_wconf 92' lang='lat' dir='ltr'><strong>Deo</strong></span> <span class='ocrx_word' id='word_1_151' title='bbox 1191 2299 1366 2354; x_wconf 68' lang='lat' dir='ltr'><strong>curae,</strong></span> <span class='ocrx_word' id='word_1_152' title='bbox 1399 2290 1501 2339; x_wconf 88' lang='lat' dir='ltr'><strong>aut</strong></span> <span class='ocrx_word' id='word_1_153' title='bbox 1550 2285 1696 2340; x_wconf 90' lang='lat' dir='ltr'><strong>nulli</strong></span> <span class='ocrx_word' id='word_1_154' title='bbox 1735 2286 1834 2341; x_wconf 85' lang='lat' dir='ltr'><strong>alii</strong></span> <span class='ocrx_word' id='word_1_155' title='bbox 1864 2292 2031 2344; x_wconf 87' lang='lat' dir='ltr'><strong>vacat</strong></span> 
     </span>
    </p>
   </div>
   <div class='ocr_carea' id='block_1_23' title="bbox 376 2370 2030 2446">
    <p class='ocr_par' dir='ltr' id='par_1_23' title="bbox 376 2370 2030 2446">
     <span class='ocr_line' id='line_1_23' title="bbox 376 2370 2030 2446; baseline 0.007 -22"><span class='ocrx_word' id='word_1_156' title='bbox 376 2370 532 2441; x_wconf 85' lang='lat' dir='ltr'><strong>apud</strong></span> <span class='ocrx_word' id='word_1_157' title='bbox 588 2372 792 2442; x_wconf 89' lang='lat' dir='ltr'><strong>Deum,</strong></span> <span class='ocrx_word' id='word_1_158' title='bbox 844 2371 1097 2443; x_wconf 88' lang='lat' dir='ltr'><strong>alicujus</strong></span> <span class='ocrx_word' id='word_1_159' title='bbox 1165 2373 1360 2444; x_wconf 85' lang='lat' dir='ltr'><strong>gentis</strong></span> <span class='ocrx_word' id='word_1_160' title='bbox 1409 2373 1655 2446; x_wconf 88' lang='lat' dir='ltr'><strong>angelus</strong></span> <span class='ocrx_word' id='word_1_161' title='bbox 1691 2392 1703 2432; x_wconf 88' lang='lat'>:</span> <span class='ocrx_word' id='word_1_162' title='bbox 1737 2393 1871 2433; x_wconf 89' lang='lat' dir='ltr'><strong>vero</strong></span> <span class='ocrx_word' id='word_1_163' title='bbox 1915 2395 2030 2434; x_wconf 89' lang='lat' dir='ltr'><strong>non</strong></span> 
     </span>
    </p>
   </div>
   <div class='ocr_carea' id='block_1_24' title="bbox 379 2457 2031 2538">
    <p class='ocr_par' dir='ltr' id='par_1_24' title="bbox 379 2457 2031 2538">
     <span class='ocr_line' id='line_1_24' title="bbox 379 2457 2031 2538; baseline 0.005 -25"><span class='ocrx_word' id='word_1_164' title='bbox 379 2457 589 2530; x_wconf 60' lang='lat' dir='ltr'><strong>aquali</strong></span> <span class='ocrx_word' id='word_1_165' title='bbox 621 2459 842 2516; x_wconf 89' lang='lat' dir='ltr'><strong>honore</strong></span> <span class='ocrx_word' id='word_1_166' title='bbox 873 2461 962 2517; x_wconf 90' lang='lat' dir='ltr'><strong>vel</strong></span> <span class='ocrx_word' id='word_1_167' title='bbox 986 2461 1254 2533; x_wconf 90' lang='lat' dir='ltr'><strong>opposite</strong></span> <span class='ocrx_word' id='word_1_168' title='bbox 1273 2462 1533 2534; x_wconf 87' lang='lat' dir='ltr'><strong>suscepit</strong></span> <span class='ocrx_word' id='word_1_169' title='bbox 1553 2462 1707 2520; x_wconf 91' lang='lat' dir='ltr'><strong>Deus</strong></span> <span class='ocrx_word' id='word_1_170' title='bbox 1721 2464 1873 2522; x_wconf 91' lang='lat' dir='ltr'><strong>hanc</strong></span> <span class='ocrx_word' id='word_1_171' title='bbox 1895 2483 2031 2538; x_wconf 85' lang='lat' dir='ltr'><strong>gen-</strong></span> 
     </span>
    </p>
   </div>
   <div class='ocr_carea' id='block_1_25' title="bbox 383 2550 2032 2628">
    <p class='ocr_par' dir='ltr' id='par_1_25' title="bbox 383 2550 2032 2628">
     <span class='ocr_line' id='line_1_25' title="bbox 383 2550 2032 2628; baseline 0.006 -25"><span class='ocrx_word' id='word_1_172' title='bbox 383 2552 536 2616; x_wconf 86' lang='lat' dir='ltr'><strong>tem;</strong></span> <span class='ocrx_word' id='word_1_173' title='bbox 566 2553 621 2604; x_wconf 91' lang='lat' dir='ltr'><strong>et</strong></span> <span class='ocrx_word' id='word_1_174' title='bbox 653 2550 906 2623; x_wconf 90' lang='lat' dir='ltr'><strong>quisque</strong></span> <span class='ocrx_word' id='word_1_175' title='bbox 943 2550 1287 2624; x_wconf 88' lang='lat' dir='ltr'><strong>angelorum</strong></span> <span class='ocrx_word' id='word_1_176' title='bbox 1333 2553 1744 2625; x_wconf 78' lang='lat' dir='ltr'><strong>particularem</strong></span> <span class='ocrx_word' id='word_1_177' title='bbox 1777 2561 2032 2628; x_wconf 86' lang='lat' dir='ltr'><strong>gentem,</strong></span> 
     </span>
    </p>
   </div>
   <div class='ocr_carea' id='block_1_26' title="bbox 385 2637 2030 2713">
    <p class='ocr_par' dir='ltr' id='par_1_26' title="bbox 385 2637 2030 2713">
     <span class='ocr_line' id='line_1_26' title="bbox 385 2637 2030 2713; baseline 0.006 -21"><span class='ocrx_word' id='word_1_178' title='bbox 385 2637 542 2693; x_wconf 88' lang='lat' dir='ltr'><strong>sicut</strong></span> <span class='ocrx_word' id='word_1_179' title='bbox 563 2637 621 2694; x_wconf 90' lang='lat' dir='ltr'><strong>in</strong></span> <span class='ocrx_word' id='word_1_180' title='bbox 660 2639 810 2695; x_wconf 86' lang='lat' dir='ltr'><strong>Isaia</strong></span> <span class='ocrx_word' id='word_1_181' title='bbox 833 2640 1057 2695; x_wconf 89' lang='lat' dir='ltr'><strong>dictum</strong></span> <span class='ocrx_word' id='word_1_182' title='bbox 1080 2646 1191 2712; x_wconf 91' lang='lat' dir='ltr'><strong>est,</strong></span> <span class='ocrx_word' id='word_1_183' title='bbox 1222 2643 1378 2713; x_wconf 90' lang='lat' dir='ltr'><strong>quod</strong></span> <span class='ocrx_word' id='word_1_184' title='bbox 1401 2642 1673 2699; x_wconf 87' lang='lat' dir='ltr'><strong>diabolus</strong></span> <span class='ocrx_word' id='word_1_185' title='bbox 1699 2649 1927 2702; x_wconf 88' lang='lat' dir='ltr'><strong>montes</strong></span> <span class='ocrx_word' id='word_1_186' title='bbox 1959 2647 2030 2702; x_wconf 88' lang='lat' dir='ltr'><strong>ad</strong></span> 
     </span>
    </p>
   </div>
   <div class='ocr_carea' id='block_1_27' title="bbox 380 2726 2034 2803">
    <p class='ocr_par' dir='ltr' id='par_1_27' title="bbox 380 2726 2034 2803">
     <span class='ocr_line' id='line_1_27' title="bbox 380 2726 2034 2803; baseline 0.006 -21"><span class='ocrx_word' id='word_1_187' title='bbox 380 2726 645 2795; x_wconf 82' lang='lat' dir='ltr'><strong>boream,</strong></span> <span class='ocrx_word' id='word_1_188' title='bbox 693 2729 802 2786; x_wconf 92' lang='lat' dir='ltr'><strong>hoc</strong></span> <span class='ocrx_word' id='word_1_189' title='bbox 831 2733 922 2786; x_wconf 88' lang='lat' dir='ltr'><strong>est</strong></span> <span class='ocrx_word' id='word_1_190' title='bbox 949 2735 1156 2803; x_wconf 87' lang='lat' dir='ltr'><strong>gentes</strong></span> <span class='ocrx_word' id='word_1_191' title='bbox 1203 2731 1349 2787; x_wconf 83' lang='lat' dir='ltr'><strong>dixit</strong></span> <span class='ocrx_word' id='word_1_192' title='bbox 1379 2731 1436 2786; x_wconf 91' lang='lat' dir='ltr'><strong>in</strong></span> <span class='ocrx_word' id='word_1_193' title='bbox 1484 2732 1677 2803; x_wconf 89' lang='lat' dir='ltr'><strong>seipso</strong></span> <span class='ocrx_word' id='word_1_194' title='bbox 1709 2734 1944 2802; x_wconf 90' lang='lat' dir='ltr'><strong>habere,</strong></span> <span class='ocrx_word' id='word_1_195' title='bbox 1977 2740 2034 2792; x_wconf 91' lang='lat' dir='ltr'><strong>et</strong></span> 
     </span>
    </p>
   </div>
   <div class='ocr_carea' id='block_1_28' title="bbox 380 2817 2033 2891">
    <p class='ocr_par' dir='ltr' id='par_1_28' title="bbox 380 2817 2033 2891">
     <span class='ocr_line' id='line_1_28' title="bbox 380 2817 2033 2891; baseline 0.006 -20"><span class='ocrx_word' id='word_1_196' title='bbox 380 2817 726 2873; x_wconf 84' lang='lat' dir='ltr'><strong>contrariari</strong></span> <span class='ocrx_word' id='word_1_197' title='bbox 761 2820 895 2888; x_wconf 90' lang='lat' dir='ltr'><strong>Deo,</strong></span> <span class='ocrx_word' id='word_1_198' title='bbox 931 2819 1258 2891; x_wconf 89' lang='lat' dir='ltr'><strong>similisque</strong></span> <span class='ocrx_word' id='word_1_199' title='bbox 1285 2837 1413 2877; x_wconf 89' lang='lat' dir='ltr'><strong>esse</strong></span> <span class='ocrx_word' id='word_1_200' title='bbox 1452 2821 1777 2878; x_wconf 89' lang='lat' dir='ltr'><strong>Altissimo.</strong></span> <span class='ocrx_word' id='word_1_201' title='bbox 1822 2824 2033 2882; x_wconf 90' lang='lat' dir='ltr'><strong>Omnia</strong></span> 
     </span>
    </p>
   </div>
   <div class='ocr_carea' id='block_1_29' title="bbox 379 2906 2027 2986">
    <p class='ocr_par' dir='ltr' id='par_1_29' title="bbox 379 2906 2027 2986">
     <span class='ocr_line' id='line_1_29' title="bbox 379 2906 2027 2986; baseline 0.006 -24"><span class='ocrx_word' id='word_1_202' title='bbox 379 2906 535 2962; x_wconf 89' lang='lat' dir='ltr'><strong>enim</strong></span> <span class='ocrx_word' id='word_1_203' title='bbox 569 2908 832 2964; x_wconf 89' lang='lat' dir='ltr'><strong>serviunt</strong></span> <span class='ocrx_word' id='word_1_204' title='bbox 865 2911 998 2978; x_wconf 92' lang='lat' dir='ltr'><strong>Deo,</strong></span> <span class='ocrx_word' id='word_1_205' title='bbox 1032 2914 1087 2966; x_wconf 89' lang='lat' dir='ltr'><strong>et</strong></span> <span class='ocrx_word' id='word_1_206' title='bbox 1120 2911 1246 2983; x_wconf 87' lang='lat' dir='ltr'><strong>ipse</strong></span> <span class='ocrx_word' id='word_1_207' title='bbox 1273 2912 1550 2968; x_wconf 90' lang='lat' dir='ltr'><strong>omnibus</strong></span> <span class='ocrx_word' id='word_1_208' title='bbox 1601 2914 1890 2986; x_wconf 88' lang='lat' dir='ltr'><strong>imperat:</strong></span> <span class='ocrx_word' id='word_1_209' title='bbox 1926 2917 2027 2972; x_wconf 87' lang='lat' dir='ltr'><strong>sed</strong></span> 
     </span>
    </p>
   </div>
   <div class='ocr_carea' id='block_1_30' title="bbox 372 2994 2026 3074">
    <p class='ocr_par' dir='ltr' id='par_1_30' title="bbox 372 2994 2026 3074">
     <span class='ocr_line' id='line_1_30' title="bbox 372 2994 2026 3074; baseline 0.007 -24"><span class='ocrx_word' id='word_1_210' title='bbox 372 2994 570 3067; x_wconf 89' lang='lat' dir='ltr'><strong>ipsum</strong></span> <span class='ocrx_word' id='word_1_211' title='bbox 605 3003 1022 3070; x_wconf 88' lang='lat' dir='ltr'><strong>cognoscentes</strong></span> <span class='ocrx_word' id='word_1_212' title='bbox 1045 2999 1233 3072; x_wconf 86' lang='lat' dir='ltr'><strong>pluris</strong></span> <span class='ocrx_word' id='word_1_213' title='bbox 1265 3001 1403 3056; x_wconf 80' lang='lat' dir='ltr'><strong>facit</strong></span> <span class='ocrx_word' id='word_1_214' title='bbox 1432 3001 1683 3074; x_wconf 88' lang='lat' dir='ltr'><strong>ideoque</strong></span> <span class='ocrx_word' id='word_1_215' title='bbox 1723 3003 1846 3074; x_wconf 90' lang='lat' dir='ltr'><strong>ipse</strong></span> <span class='ocrx_word' id='word_1_216' title='bbox 1879 3005 2026 3061; x_wconf 89' lang='lat' dir='ltr'><strong>dici-</strong></span> 
     </span>
    </p>
   </div>
   <div class='ocr_carea' id='block_1_31' title="bbox 370 3084 2028 3166">
    <p class='ocr_par' dir='ltr' id='par_1_31' title="bbox 370 3084 2028 3166">
     <span class='ocr_line' id='line_1_31' title="bbox 370 3084 2028 3166; baseline 0.008 -29"><span class='ocrx_word' id='word_1_217' title='bbox 370 3087 468 3138; x_wconf 85' lang='lat' dir='ltr'><strong>tur</strong></span> <span class='ocrx_word' id='word_1_218' title='bbox 523 3084 667 3156; x_wconf 90' lang='lat' dir='ltr'><strong>ipsis</strong></span> <span class='ocrx_word' id='word_1_219' title='bbox 719 3087 1028 3159; x_wconf 84' lang='lat' dir='ltr'><strong>imperare,</strong></span> <span class='ocrx_word' id='word_1_220' title='bbox 1094 3089 1204 3144; x_wconf 89' lang='lat' dir='ltr'><strong>etsi</strong></span> <span class='ocrx_word' id='word_1_221' title='bbox 1264 3089 1520 3146; x_wconf 88' lang='lat' dir='ltr'><strong>habeant</strong></span> <span class='ocrx_word' id='word_1_222' title='bbox 1577 3090 1852 3163; x_wconf 86' lang='lat' dir='ltr'><strong>angelum</strong></span> <span class='ocrx_word' id='word_1_223' title='bbox 1887 3111 2028 3166; x_wconf 59' lang='lat' dir='ltr'><strong>pra;-</strong></span> 
     </span>
    </p>
   </div>
   <div class='ocr_carea' id='block_1_32' title="bbox 371 3172 2022 3252">
    <p class='ocr_par' dir='ltr' id='par_1_32' title="bbox 371 3172 2022 3252">
     <span class='ocr_line' id='line_1_32' title="bbox 371 3172 2022 3252; baseline 0.008 -26"><span class='ocrx_word' id='word_1_224' title='bbox 371 3172 615 3242; x_wconf 79' lang='lat' dir='ltr'><strong>fectum,</strong></span> <span class='ocrx_word' id='word_1_225' title='bbox 639 3175 791 3232; x_wconf 90' lang='lat' dir='ltr'><strong>sicut</strong></span> <span class='ocrx_word' id='word_1_226' title='bbox 818 3177 996 3233; x_wconf 88' lang='lat' dir='ltr'><strong>Israel</strong></span> <span class='ocrx_word' id='word_1_227' title='bbox 1027 3177 1394 3247; x_wconf 85' lang='lat' dir='ltr'><strong>Michaelem;</strong></span> <span class='ocrx_word' id='word_1_228' title='bbox 1419 3183 1475 3234; x_wconf 84' lang='lat' dir='ltr'><strong>et</strong></span> <span class='ocrx_word' id='word_1_229' title='bbox 1517 3183 1810 3252; x_wconf 90' lang='lat' dir='ltr'><strong>quomodo</strong></span> <span class='ocrx_word' id='word_1_230' title='bbox 1830 3185 2022 3239; x_wconf 88' lang='lat' dir='ltr'><strong>omni-</strong></span> 
     </span>
    </p>
   </div>
   <div class='ocr_carea' id='block_1_33' title="bbox 2118 585 3327 663">
    <p class='ocr_par' dir='ltr' id='par_1_33' title="bbox 2118 585 3327 663">
     <span class='ocr_line' id='line_1_33' title="bbox 2118 585 3327 663; baseline -0.002 -22"><span class='ocrx_word' id='word_1_231' title='bbox 2118 588 2181 641; x_wconf 91' lang='grc' dir='ltr'><strong>τὸ</strong></span> <span class='ocrx_word' id='word_1_232' title='bbox 2206 589 2543 663; x_wconf 81' lang='grc' dir='ltr'>αὑθαιρετον,</span> <span class='ocrx_word' id='word_1_233' title='bbox 2574 587 2663 642; x_wconf 84' lang='grc' dir='ltr'><strong>καὶ</strong></span> <span class='ocrx_word' id='word_1_234' title='bbox 2698 589 2762 642; x_wconf 80' lang='grc' dir='ltr'>οὐ</span> <span class='ocrx_word' id='word_1_235' title='bbox 2789 585 3327 659; x_wconf 74' lang='grc' dir='ltr'><strong>κατηναγκασμένον.</strong></span> 
     </span>
    </p>
   </div>
   <div class='ocr_carea' id='block_1_34' title="bbox 2195 669 3779 750">
    <p class='ocr_par' dir='ltr' id='par_1_34' title="bbox 2195 669 3779 750">
     <span class='ocr_line' id='line_1_34' title="bbox 2195 669 3779 750; baseline -0.004 -18"><span class='ocrx_word' id='word_1_236' title='bbox 2195 677 2344 750; x_wconf 83' lang='lat' dir='ltr'><strong>§IV.</strong></span> <span class='ocrx_word' id='word_1_237' title='bbox 2379 680 2473 749; x_wconf 79' lang='grc' dir='ltr'><strong>Τῷ</strong></span> <span class='ocrx_word' id='word_1_238' title='bbox 2513 677 2737 750; x_wconf 86' lang='grc' dir='ltr'>Φαραώ.</span> <span class='ocrx_word' id='word_1_239' title='bbox 2791 674 3131 748; x_wconf 87' lang='grc' dir='ltr'>Σημείωσαι,</span> <span class='ocrx_word' id='word_1_240' title='bbox 3167 674 3249 728; x_wconf 81' lang='grc' dir='ltr'><strong>δτι</strong></span> <span class='ocrx_word' id='word_1_241' title='bbox 3291 669 3339 727; x_wconf 87' lang='grc' dir='ltr'>δ’</span> <span class='ocrx_word' id='word_1_242' title='bbox 3371 671 3613 750; x_wconf 85' lang='grc' dir='ltr'>ἀγγέλων</span> <span class='ocrx_word' id='word_1_243' title='bbox 3643 670 3779 750; x_wconf 81' lang='grc' dir='ltr'><strong>φησῖ</strong></span> 
     </span>
    </p>
   </div>
   <div class='ocr_carea' id='block_1_35' title="bbox 2119 761 3781 840">
    <p class='ocr_par' dir='ltr' id='par_1_35' title="bbox 2119 761 3781 840">
     <span class='ocr_line' id='line_1_35' title="bbox 2119 761 3781 840; baseline -0.001 -23"><span class='ocrx_word' id='word_1_244' title='bbox 2119 763 2216 826; x_wconf 77' lang='grc' dir='ltr'>τὰς</span> <span class='ocrx_word' id='word_1_245' title='bbox 2239 767 2357 829; x_wconf 90' lang='grc' dir='ltr'>καθ’</span> <span class='ocrx_word' id='word_1_246' title='bbox 2390 764 2589 827; x_wconf 78' lang='grc' dir='ltr'>ὕπνους</span> <span class='ocrx_word' id='word_1_247' title='bbox 2639 763 2881 840; x_wconf 70' lang='grc' dir='ltr'>γενέσθαι</span> <span class='ocrx_word' id='word_1_248' title='bbox 2933 763 3144 840; x_wconf 82' lang='grc' dir='ltr'><strong>ὁράσεις</strong></span> <span class='ocrx_word' id='word_1_249' title='bbox 3193 766 3275 834; x_wconf 78' lang='grc' dir='ltr'>τῷ</span> <span class='ocrx_word' id='word_1_250' title='bbox 3323 761 3548 836; x_wconf 78' lang='grc' dir='ltr'>Φαραὼ,</span> <span class='ocrx_word' id='word_1_251' title='bbox 3578 762 3665 816; x_wconf 81' lang='grc' dir='ltr'>καὶ</span> <span class='ocrx_word' id='word_1_252' title='bbox 3698 765 3781 831; x_wconf 82' lang='grc' dir='ltr'>τῷ</span> 
     </span>
    </p>
   </div>
   <div class='ocr_carea' id='block_1_36' title="bbox 2123 849 3775 930">
    <p class='ocr_par' dir='ltr' id='par_1_36' title="bbox 2123 849 3775 930">
     <span class='ocr_line' id='line_1_36' title="bbox 2123 849 3775 930; baseline -0.002 -22"><span class='ocrx_word' id='word_1_253' title='bbox 2123 849 2640 930; x_wconf 85' lang='grc' dir='ltr'>Ναϐουχοδονόσορ,</span> <span class='ocrx_word' id='word_1_254' title='bbox 2685 855 2776 910; x_wconf 88' lang='grc' dir='ltr'><strong>καὶ</strong></span> <span class='ocrx_word' id='word_1_255' title='bbox 2822 856 2916 916; x_wconf 74' lang='grc' dir='ltr'>τὰς</span> <span class='ocrx_word' id='word_1_256' title='bbox 2961 853 3166 908; x_wconf 82' lang='grc' dir='ltr'>τούτων</span> <span class='ocrx_word' id='word_1_257' title='bbox 3201 851 3574 930; x_wconf 80' lang='grc' dir='ltr'>ἐκφαντορίας,</span> <span class='ocrx_word' id='word_1_258' title='bbox 3607 849 3775 926; x_wconf 81' lang='grc' dir='ltr'>ἤγουν</span> 
     </span>
    </p>
   </div>
   <div class='ocr_carea' id='block_1_37' title="bbox 2123 943 2442 1020">
    <p class='ocr_par' dir='ltr' id='par_1_37' title="bbox 2123 943 2442 1020">
     <span class='ocr_line' id='line_1_37' title="bbox 2123 943 2442 1020; baseline 0.006 -22"><span class='ocrx_word' id='word_1_259' title='bbox 2123 943 2442 1020; x_wconf 72' lang='grc' dir='ltr'>ἰρμηνείας.</span> 
     </span>
    </p>
   </div>
   <div class='ocr_carea' id='block_1_38' title="bbox 2193 1025 3785 1110">
    <p class='ocr_par' dir='ltr' id='par_1_38' title="bbox 2193 1025 3785 1110">
     <span class='ocr_line' id='line_1_38' title="bbox 2193 1025 3785 1110; baseline -0.003 -22"><span class='ocrx_word' id='word_1_260' title='bbox 2193 1035 2546 1109; x_wconf 80' lang='grc' dir='ltr'>Θεράποντες.</span> <span class='ocrx_word' id='word_1_261' title='bbox 2580 1035 2638 1087; x_wconf 74' lang='grc' dir='ltr'>Ὀ</span> <span class='ocrx_word' id='word_1_262' title='bbox 2696 1034 2790 1106; x_wconf 71' lang='grc' dir='ltr'>μὲν</span> <span class='ocrx_word' id='word_1_263' title='bbox 2842 1034 3044 1110; x_wconf 80' lang='grc' dir='ltr'>Ἰωσὴφ</span> <span class='ocrx_word' id='word_1_264' title='bbox 3091 1034 3199 1086; x_wconf 77' lang='grc' dir='ltr'>τῶν</span> <span class='ocrx_word' id='word_1_265' title='bbox 3246 1028 3588 1105; x_wconf 69' lang='grc' dir='ltr'>Αἰγυπτίων·</span> <span class='ocrx_word' id='word_1_266' title='bbox 3643 1029 3671 1084; x_wconf 99' lang='lat'><strong>6</strong></span> <span class='ocrx_word' id='word_1_267' title='bbox 3723 1025 3785 1083; x_wconf 75' lang='grc' dir='ltr'>δὲ</span> 
     </span>
    </p>
   </div>
   <div class='ocr_carea' id='block_1_39' title="bbox 2123 1117 3781 1198">
    <p class='ocr_par' dir='ltr' id='par_1_39' title="bbox 2123 1117 3781 1198">
     <span class='ocr_line' id='line_1_39' title="bbox 2123 1117 3781 1198; baseline -0.003 -21"><span class='ocrx_word' id='word_1_268' title='bbox 2123 1121 2326 1192; x_wconf 77' lang='grc' dir='ltr'>Δανιὴλ</span> <span class='ocrx_word' id='word_1_269' title='bbox 2374 1127 2481 1178; x_wconf 84' lang='grc' dir='ltr'><strong>τῶν</strong></span> <span class='ocrx_word' id='word_1_270' title='bbox 2533 1117 2930 1191; x_wconf 87' lang='grc' dir='ltr'>Βαϐυλωνίων,</span> <span class='ocrx_word' id='word_1_271' title='bbox 2974 1119 3219 1198; x_wconf 84' lang='grc' dir='ltr'>ἀγγέλων</span> <span class='ocrx_word' id='word_1_272' title='bbox 3270 1124 3378 1175; x_wconf 83' lang='grc' dir='ltr'>τῶν</span> <span class='ocrx_word' id='word_1_273' title='bbox 3430 1118 3781 1174; x_wconf 66' lang='grc' dir='ltr'>έπιστατούνυ</span> 
     </span>
    </p>
   </div>
   <div class='ocr_carea' id='block_1_40' title="bbox 2121 1207 3780 1286">
    <p class='ocr_par' dir='ltr' id='par_1_40' title="bbox 2121 1207 3780 1286">
     <span class='ocr_line' id='line_1_40' title="bbox 2121 1207 3780 1286; baseline -0.003 -20"><span class='ocrx_word' id='word_1_274' title='bbox 2121 1233 2228 1267; x_wconf 90' lang='grc' dir='ltr'><strong>των</strong></span> <span class='ocrx_word' id='word_1_275' title='bbox 2261 1217 2376 1274; x_wconf 88' lang='grc' dir='ltr'>τοῖς</span> <span class='ocrx_word' id='word_1_276' title='bbox 2408 1210 2579 1268; x_wconf 77' lang='grc' dir='ltr'>ἔθνεσι</span> <span class='ocrx_word' id='word_1_277' title='bbox 2608 1211 2844 1283; x_wconf 84' lang='grc' dir='ltr'>τούτεις,</span> <span class='ocrx_word' id='word_1_278' title='bbox 2882 1209 3058 1286; x_wconf 79' lang='grc' dir='ltr'>βουλῇ</span> <span class='ocrx_word' id='word_1_279' title='bbox 3096 1213 3231 1265; x_wconf 91' lang='grc' dir='ltr'>Θεοῦ</span> <span class='ocrx_word' id='word_1_280' title='bbox 3277 1207 3780 1266; x_wconf 81' lang='grc' dir='ltr'>ἀποκαλυπτόντων</span> 
     </span>
    </p>
   </div>
   <div class='ocr_carea' id='block_1_41' title="bbox 2121 1302 2559 1378">
    <p class='ocr_par' dir='ltr' id='par_1_41' title="bbox 2121 1302 2559 1378">
     <span class='ocr_line' id='line_1_41' title="bbox 2121 1302 2559 1378; baseline 0.007 -23"><span class='ocrx_word' id='word_1_281' title='bbox 2121 1303 2187 1356; x_wconf 80' lang='grc' dir='ltr'>τὰ</span> <span class='ocrx_word' id='word_1_282' title='bbox 2218 1302 2468 1378; x_wconf 81' lang='grc' dir='ltr'>ὁράματα</span> <span class='ocrx_word' id='word_1_283' title='bbox 2496 1305 2559 1358; x_wconf 68' lang='grc'><strong>⁸⁸.</strong></span> 
     </span>
    </p>
   </div>
   <div class='ocr_carea' id='block_1_42' title="bbox 2196 1389 3779 1466">
    <p class='ocr_par' dir='ltr' id='par_1_42' title="bbox 2196 1389 3779 1466">
     <span class='ocr_line' id='line_1_42' title="bbox 2196 1389 3779 1466; baseline -0.003 -20"><span class='ocrx_word' id='word_1_284' title='bbox 2196 1390 2722 1466; x_wconf 83' lang='grc' dir='ltr'>Ἀποκληρωτικῶς.</span> <span class='ocrx_word' id='word_1_285' title='bbox 2779 1389 3109 1464; x_wconf 87' lang='grc' dir='ltr'>Σημείωσαι</span> <span class='ocrx_word' id='word_1_286' title='bbox 3157 1389 3258 1456; x_wconf 85' lang='grc' dir='ltr'>τήν</span> <span class='ocrx_word' id='word_1_287' title='bbox 3318 1389 3612 1464; x_wconf 75' lang='grc' dir='ltr'>ἑρμηνείαν</span> <span class='ocrx_word' id='word_1_288' title='bbox 3669 1393 3779 1443; x_wconf 83' lang='grc' dir='ltr'>τῶν</span> 
     </span>
    </p>
   </div>
   <div class='ocr_carea' id='block_1_43' title="bbox 2125 1476 3782 1556">
    <p class='ocr_par' dir='ltr' id='par_1_43' title="bbox 2125 1476 3782 1556">
     <span class='ocr_line' id='line_1_43' title="bbox 2125 1476 3782 1556; baseline 0 -23"><span class='ocrx_word' id='word_1_289' title='bbox 2125 1479 2304 1556; x_wconf 78' lang='grc' dir='ltr'>ῥητῶν</span> <span class='ocrx_word' id='word_1_290' title='bbox 2352 1488 2452 1550; x_wconf 85' lang='grc' dir='ltr'>τῆς</span> <span class='ocrx_word' id='word_1_291' title='bbox 2500 1482 2740 1536; x_wconf 80' lang='grc' dir='ltr'>Μωσέως</span> <span class='ocrx_word' id='word_1_292' title='bbox 2769 1477 2941 1553; x_wconf 82' lang='grc' dir='ltr'>ᾠδῆς·</span> <span class='ocrx_word' id='word_1_293' title='bbox 2973 1482 3102 1537; x_wconf 77' lang='grc' dir='ltr'>’Ότε</span> <span class='ocrx_word' id='word_1_294' title='bbox 3137 1476 3439 1555; x_wconf 69' lang='grc' dir='ltr'><strong>διεμέριζεν</strong></span> <span class='ocrx_word' id='word_1_295' title='bbox 3468 1479 3496 1533; x_wconf 90' lang='lat'><strong>6</strong></span> <span class='ocrx_word' id='word_1_296' title='bbox 3527 1481 3782 1552; x_wconf 83' lang='grc' dir='ltr'>Ὕψιστος</span> 
     </span>
    </p>
   </div>
   <div class='ocr_carea' id='block_1_44' title="bbox 2123 1562 3784 1644">
    <p class='ocr_par' dir='ltr' id='par_1_44' title="bbox 2123 1562 3784 1644">
     <span class='ocr_line' id='line_1_44' title="bbox 2123 1562 3784 1644; baseline 0 -22"><span class='ocrx_word' id='word_1_297' title='bbox 2123 1564 2274 1639; x_wconf 76' lang='grc' dir='ltr'>ἔθνη,</span> <span class='ocrx_word' id='word_1_298' title='bbox 2332 1569 2422 1632; x_wconf 78' lang='grc' dir='ltr'><strong>οὓς</strong></span> <span class='ocrx_word' id='word_1_299' title='bbox 2496 1568 2798 1644; x_wconf 87' lang='grc' dir='ltr'>διεμέρισεν</span> <span class='ocrx_word' id='word_1_300' title='bbox 2877 1569 3028 1630; x_wconf 64' lang='grc' dir='ltr'>υἳοὺς</span> <span class='ocrx_word' id='word_1_301' title='bbox 3088 1566 3311 1641; x_wconf 82' lang='grc' dir='ltr'>Ἀδάμ,</span> <span class='ocrx_word' id='word_1_302' title='bbox 3374 1562 3596 1638; x_wconf 77' lang='grc' dir='ltr'>ἔστησεν</span> <span class='ocrx_word' id='word_1_303' title='bbox 3656 1568 3784 1642; x_wconf 77' lang='grc' dir='ltr'>ὅρια</span> 
     </span>
    </p>
   </div>
   <div class='ocr_carea' id='block_1_45' title="bbox 2125 1655 3780 1735">
    <p class='ocr_par' dir='ltr' id='par_1_45' title="bbox 2125 1655 3780 1735">
     <span class='ocr_line' id='line_1_45' title="bbox 2125 1655 3780 1735; baseline -0.002 -21"><span class='ocrx_word' id='word_1_304' title='bbox 2125 1659 2286 1714; x_wconf 81' lang='grc' dir='ltr'>έθνῶν</span> <span class='ocrx_word' id='word_1_305' title='bbox 2345 1661 2482 1714; x_wconf 75' lang='grc' dir='ltr'>κατὰ</span> <span class='ocrx_word' id='word_1_306' title='bbox 2555 1660 2786 1735; x_wconf 78' lang='grc' dir='ltr'>ἀριθμὸν</span> <span class='ocrx_word' id='word_1_307' title='bbox 2843 1658 3091 1735; x_wconf 79' lang='grc' dir='ltr'>ἀγγέλων</span> <span class='ocrx_word' id='word_1_308' title='bbox 3150 1661 3284 1713; x_wconf 88' lang='grc' dir='ltr'>Θεοῦ</span> <span class='ocrx_word' id='word_1_309' title='bbox 3325 1676 3338 1689; x_wconf 72' lang='grc' dir='ltr'><strong><em>ο</em></strong></span> <span class='ocrx_word' id='word_1_310' title='bbox 3398 1655 3489 1711; x_wconf 86' lang='grc' dir='ltr'><strong>καὶ</strong></span> <span class='ocrx_word' id='word_1_311' title='bbox 3547 1655 3780 1731; x_wconf 79' lang='grc' dir='ltr'>ἐγενήθη</span> 
     </span>
    </p>
   </div>
   <div class='ocr_carea' id='block_1_46' title="bbox 2129 1742 3783 1826">
    <p class='ocr_par' dir='ltr' id='par_1_46' title="bbox 2129 1742 3783 1826">
     <span class='ocr_line' id='line_1_46' title="bbox 2129 1742 3783 1826; baseline -0.002 -22"><span class='ocrx_word' id='word_1_312' title='bbox 2129 1750 2282 1826; x_wconf 86' lang='grc' dir='ltr'>μερὶς</span> <span class='ocrx_word' id='word_1_313' title='bbox 2383 1752 2588 1823; x_wconf 87' lang='grc' dir='ltr'>Κυρίου</span> <span class='ocrx_word' id='word_1_314' title='bbox 2673 1749 2807 1812; x_wconf 84' lang='grc' dir='ltr'>λαὸς</span> <span class='ocrx_word' id='word_1_315' title='bbox 2909 1750 3074 1804; x_wconf 80' lang='grc' dir='ltr'>αὐτοῦ</span> <span class='ocrx_word' id='word_1_316' title='bbox 3154 1742 3394 1817; x_wconf 85' lang='grc' dir='ltr'>Ἰακὼϐ,</span> <span class='ocrx_word' id='word_1_317' title='bbox 3481 1748 3783 1822; x_wconf 83' lang='grc' dir='ltr'>σχοίνισμα</span> 
     </span>
    </p>
   </div>
   <div class='ocr_carea' id='block_1_47' title="bbox 2125 1833 3779 1915">
    <p class='ocr_par' dir='ltr' id='par_1_47' title="bbox 2125 1833 3779 1915">
     <span class='ocr_line' id='line_1_47' title="bbox 2125 1833 3779 1915; baseline -0.001 -23"><span class='ocrx_word' id='word_1_318' title='bbox 2125 1838 2502 1914; x_wconf 81' lang='grc' dir='ltr'>κληρονομίας</span> <span class='ocrx_word' id='word_1_319' title='bbox 2573 1840 2738 1894; x_wconf 82' lang='grc' dir='ltr'>αὑτοῦ</span> <span class='ocrx_word' id='word_1_320' title='bbox 2815 1835 3057 1914; x_wconf 79' lang='grc' dir='ltr'>Ἰσραήλ·</span> <span class='ocrx_word' id='word_1_321' title='bbox 3119 1837 3182 1892; x_wconf 84' lang='grc' dir='ltr'>οὑ</span> <span class='ocrx_word' id='word_1_322' title='bbox 3251 1837 3357 1914; x_wconf 80' lang='grc' dir='ltr'>γὰρ</span> <span class='ocrx_word' id='word_1_323' title='bbox 3428 1833 3529 1906; x_wconf 78' lang='grc' dir='ltr'>δεῖ,</span> <span class='ocrx_word' id='word_1_324' title='bbox 3591 1835 3779 1915; x_wconf 79' lang='grc' dir='ltr'>φησὶν,</span> 
     </span>
    </p>
   </div>
   <div class='ocr_carea' id='block_1_48' title="bbox 2137 1924 3783 2004">
    <p class='ocr_par' dir='ltr' id='par_1_48' title="bbox 2137 1924 3783 2004">
     <span class='ocr_line' id='line_1_48' title="bbox 2137 1924 3783 2004; baseline -0.002 -22"><span class='ocrx_word' id='word_1_325' title='bbox 2137 1925 2340 1991; x_wconf 66' lang='grc' dir='ltr'>δίεσθαι</span> <span class='ocrx_word' id='word_1_326' title='bbox 2392 1927 2708 2002; x_wconf 71' lang='grc' dir='ltr'>μερίσασθαι</span> <span class='ocrx_word' id='word_1_327' title='bbox 2757 1928 2894 2002; x_wconf 89' lang='grc' dir='ltr'>πρὸς</span> <span class='ocrx_word' id='word_1_328' title='bbox 2942 1927 3157 2004; x_wconf 70' lang='grc' dir='ltr'>ἑτέρους</span> <span class='ocrx_word' id='word_1_329' title='bbox 3215 1925 3369 1990; x_wconf 83' lang='grc' dir='ltr'>θεοὺς</span> <span class='ocrx_word' id='word_1_330' title='bbox 3427 1927 3461 1997; x_wconf 76' lang='grc' dir='ltr'><strong>ἢ</strong></span> <span class='ocrx_word' id='word_1_331' title='bbox 3513 1924 3783 2002; x_wconf 76' lang='grc' dir='ltr'>ἀγγέλους</span> 
     </span>
    </p>
   </div>
   <div class='ocr_carea' id='block_1_49' title="bbox 2137 2013 3789 2094">
    <p class='ocr_par' dir='ltr' id='par_1_49' title="bbox 2137 2013 3789 2094">
     <span class='ocr_line' id='line_1_49' title="bbox 2137 2013 3789 2094; baseline -0.002 -23"><span class='ocrx_word' id='word_1_332' title='bbox 2137 2017 2202 2071; x_wconf 85' lang='grc' dir='ltr'>τὰ</span> <span class='ocrx_word' id='word_1_333' title='bbox 2233 2014 2380 2087; x_wconf 77' lang='grc' dir='ltr'>ἔθνη·</span> <span class='ocrx_word' id='word_1_334' title='bbox 2416 2019 2480 2072; x_wconf 89' lang='grc' dir='ltr'><strong>οὑ</strong></span> <span class='ocrx_word' id='word_1_335' title='bbox 2527 2018 2629 2094; x_wconf 71' lang='grc' dir='ltr'>γὰρ</span> <span class='ocrx_word' id='word_1_336' title='bbox 2656 2015 3134 2090; x_wconf 80' lang='grc' dir='ltr'>ἀποκληρωτικῶς</span> <span class='ocrx_word' id='word_1_337' title='bbox 3181 2013 3370 2090; x_wconf 84' lang='grc' dir='ltr'>ἔλαχε,</span> <span class='ocrx_word' id='word_1_338' title='bbox 3412 2019 3492 2087; x_wconf 82' lang='grc' dir='ltr'>τῷ</span> <span class='ocrx_word' id='word_1_339' title='bbox 3539 2019 3658 2087; x_wconf 85' lang='grc' dir='ltr'>Θεῷ</span> <span class='ocrx_word' id='word_1_340' title='bbox 3693 2014 3789 2087; x_wconf 73' lang='grc' dir='ltr'><strong>μέν</strong></span> 
     </span>
    </p>
   </div>
   <div class='ocr_carea' id='block_1_50' title="bbox 2141 2101 3801 2181">
    <p class='ocr_par' dir='ltr' id='par_1_50' title="bbox 2141 2101 3801 2181">
     <span class='ocr_line' id='line_1_50' title="bbox 2141 2101 3801 2181; baseline -0.003 -18"><span class='ocrx_word' id='word_1_341' title='bbox 2141 2105 2384 2181; x_wconf 79' lang='grc' dir='ltr'>Ἰσραὴλ,</span> <span class='ocrx_word' id='word_1_342' title='bbox 2418 2112 2533 2168; x_wconf 82' lang='grc' dir='ltr'>τοῖς</span> <span class='ocrx_word' id='word_1_343' title='bbox 2583 2104 2641 2160; x_wconf 68' lang='grc' dir='ltr'>δὲ</span> <span class='ocrx_word' id='word_1_344' title='bbox 2688 2104 2885 2168; x_wconf 78' lang='grc' dir='ltr'>ἄλλοις</span> <span class='ocrx_word' id='word_1_345' title='bbox 2933 2103 3191 2181; x_wconf 73' lang='grc' dir='ltr'>ἀγγέλοις</span> <span class='ocrx_word' id='word_1_346' title='bbox 3242 2101 3420 2177; x_wconf 75' lang='grc' dir='ltr'>ἰδίως,</span> <span class='ocrx_word' id='word_1_347' title='bbox 3452 2103 3527 2167; x_wconf 84' lang='grc' dir='ltr'><strong>ὠς</strong></span> <span class='ocrx_word' id='word_1_348' title='bbox 3563 2105 3639 2178; x_wconf 77' lang='grc' dir='ltr'>μὴ</span> <span class='ocrx_word' id='word_1_349' title='bbox 3683 2102 3801 2158; x_wconf 85' lang='grc' dir='ltr'>δια-</span> 
     </span>
    </p>
   </div>
   <div class='ocr_carea' id='block_1_51' title="bbox 2139 2193 3797 2271">
    <p class='ocr_par' dir='ltr' id='par_1_51' title="bbox 2139 2193 3797 2271">
     <span class='ocr_line' id='line_1_51' title="bbox 2139 2193 3797 2271; baseline -0.002 -22"><span class='ocrx_word' id='word_1_350' title='bbox 2139 2201 2317 2250; x_wconf 84' lang='grc' dir='ltr'>κονεῖν</span> <span class='ocrx_word' id='word_1_351' title='bbox 2346 2196 2543 2257; x_wconf 77' lang='grc' dir='ltr'>αὑτοὺς</span> <span class='ocrx_word' id='word_1_352' title='bbox 2571 2195 2644 2258; x_wconf 85' lang='grc' dir='ltr'><strong>είς</strong></span> <span class='ocrx_word' id='word_1_353' title='bbox 2677 2193 2819 2250; x_wconf 78' lang='grc' dir='ltr'>ἄλλο</span> <span class='ocrx_word' id='word_1_354' title='bbox 2865 2217 2918 2250; x_wconf 94' lang='grc' dir='ltr'><strong>τι</strong></span> <span class='ocrx_word' id='word_1_355' title='bbox 2962 2199 3043 2266; x_wconf 80' lang='grc' dir='ltr'>τῷ</span> <span class='ocrx_word' id='word_1_356' title='bbox 3095 2198 3230 2266; x_wconf 82' lang='grc' dir='ltr'>Θεῷ·</span> <span class='ocrx_word' id='word_1_357' title='bbox 3285 2194 3397 2249; x_wconf 80' lang='grc' dir='ltr'>οἶον</span> <span class='ocrx_word' id='word_1_358' title='bbox 3444 2193 3569 2271; x_wconf 76' lang='grc' dir='ltr'>φέρε</span> <span class='ocrx_word' id='word_1_359' title='bbox 3599 2193 3797 2263; x_wconf 79' lang='grc' dir='ltr'>εἷπεῖν,</span> 
     </span>
    </p>
   </div>
   <div class='ocr_carea' id='block_1_52' title="bbox 2140 2279 3798 2358">
    <p class='ocr_par' dir='ltr' id='par_1_52' title="bbox 2140 2279 3798 2358">
     <span class='ocr_line' id='line_1_52' title="bbox 2140 2279 3798 2358; baseline -0.001 -20"><span class='ocrx_word' id='word_1_360' title='bbox 2140 2281 2264 2339; x_wconf 85' lang='grc' dir='ltr'>τόδε</span> <span class='ocrx_word' id='word_1_361' title='bbox 2311 2285 2372 2339; x_wconf 90' lang='grc' dir='ltr'><strong>τὸ</strong></span> <span class='ocrx_word' id='word_1_362' title='bbox 2421 2280 2572 2346; x_wconf 80' lang='grc' dir='ltr'>ἔθνος</span> <span class='ocrx_word' id='word_1_363' title='bbox 2618 2281 2760 2357; x_wconf 77' lang='grc' dir='ltr'>τῷδε</span> <span class='ocrx_word' id='word_1_364' title='bbox 2810 2288 2887 2356; x_wconf 82' lang='grc' dir='ltr'>τῷ</span> <span class='ocrx_word' id='word_1_365' title='bbox 2916 2282 3136 2358; x_wconf 86' lang='grc' dir='ltr'>ἀγγέλῳ</span> <span class='ocrx_word' id='word_1_366' title='bbox 3185 2279 3376 2358; x_wconf 82' lang='grc' dir='ltr'>ἔλαχε,</span> <span class='ocrx_word' id='word_1_367' title='bbox 3409 2282 3499 2337; x_wconf 82' lang='grc' dir='ltr'><strong>καὶ</strong></span> <span class='ocrx_word' id='word_1_368' title='bbox 3529 2281 3592 2337; x_wconf 79' lang='grc' dir='ltr'>οὗ</span> <span class='ocrx_word' id='word_1_369' title='bbox 3640 2280 3798 2354; x_wconf 87' lang='grc' dir='ltr'>μέλει</span> 
     </span>
    </p>
   </div>
   <div class='ocr_carea' id='block_1_53' title="bbox 2140 2369 3802 2448">
    <p class='ocr_par' dir='ltr' id='par_1_53' title="bbox 2140 2369 3802 2448">
     <span class='ocr_line' id='line_1_53' title="bbox 2140 2369 3802 2448; baseline -0.002 -19"><span class='ocrx_word' id='word_1_370' title='bbox 2140 2377 2220 2445; x_wconf 84' lang='grc' dir='ltr'>τῷ</span> <span class='ocrx_word' id='word_1_371' title='bbox 2251 2379 2367 2447; x_wconf 83' lang='grc' dir='ltr'>Θεῷ</span> <span class='ocrx_word' id='word_1_372' title='bbox 2395 2377 2490 2429; x_wconf 88' lang='grc' dir='ltr'><strong>τοῦ</strong></span> <span class='ocrx_word' id='word_1_373' title='bbox 2536 2369 2721 2438; x_wconf 78' lang='grc' dir='ltr'>ἔθνους</span> <span class='ocrx_word' id='word_1_374' title='bbox 2769 2373 2955 2428; x_wconf 80' lang='grc' dir='ltr'>αὐτοῦ·</span> <span class='ocrx_word' id='word_1_375' title='bbox 2987 2371 3023 2442; x_wconf 72' lang='grc' dir='ltr'><strong>ἢ</strong></span> <span class='ocrx_word' id='word_1_376' title='bbox 3057 2371 3117 2426; x_wconf 84' lang='lat' dir='ltr'>o6</span> <span class='ocrx_word' id='word_1_377' title='bbox 3169 2369 3433 2448; x_wconf 73' lang='grc' dir='ltr'>σχολάζει</span> <span class='ocrx_word' id='word_1_378' title='bbox 3483 2372 3652 2448; x_wconf 69' lang='grc' dir='ltr'>ἑτέρῳ</span> <span class='ocrx_word' id='word_1_379' title='bbox 3689 2392 3802 2426; x_wconf 86' lang='grc' dir='ltr'>τινι</span> 
     </span>
    </p>
   </div>
   <div class='ocr_carea' id='block_1_54' title="bbox 2144 2459 3804 2539">
    <p class='ocr_par' dir='ltr' id='par_1_54' title="bbox 2144 2459 3804 2539">
     <span class='ocr_line' id='line_1_54' title="bbox 2144 2459 3804 2539; baseline -0.001 -21"><span class='ocrx_word' id='word_1_380' title='bbox 2144 2464 2280 2539; x_wconf 90' lang='grc' dir='ltr'>πρὸς</span> <span class='ocrx_word' id='word_1_381' title='bbox 2310 2465 2460 2532; x_wconf 74' lang='grc' dir='ltr'>Θεὸν,</span> <span class='ocrx_word' id='word_1_382' title='bbox 2493 2465 2522 2518; x_wconf 88' lang='lat'><strong>6</strong></span> <span class='ocrx_word' id='word_1_383' title='bbox 2549 2467 2647 2518; x_wconf 90' lang='grc' dir='ltr'><strong>τοῦ</strong></span> <span class='ocrx_word' id='word_1_384' title='bbox 2687 2461 2874 2527; x_wconf 73' lang='grc' dir='ltr'>ἔθνους</span> <span class='ocrx_word' id='word_1_385' title='bbox 2903 2460 3157 2538; x_wconf 82' lang='grc' dir='ltr'>ἄγγελος,</span> <span class='ocrx_word' id='word_1_386' title='bbox 3193 2459 3318 2516; x_wconf 76' lang='grc' dir='ltr'>ἀλλ’</span> <span class='ocrx_word' id='word_1_387' title='bbox 3358 2459 3481 2517; x_wconf 80' lang='grc' dir='ltr'>οὐδ’</span> <span class='ocrx_word' id='word_1_388' title='bbox 3512 2460 3804 2535; x_wconf 72' lang='grc' dir='ltr'>ὁμοτίμους</span> 
     </span>
    </p>
   </div>
   <div class='ocr_carea' id='block_1_55' title="bbox 2145 2547 3803 2622">
    <p class='ocr_par' dir='ltr' id='par_1_55' title="bbox 2145 2547 3803 2622">
     <span class='ocr_line' id='line_1_55' title="bbox 2145 2547 3803 2622; baseline -0.001 -15"><span class='ocrx_word' id='word_1_389' title='bbox 2145 2552 2178 2622; x_wconf 76' lang='grc' dir='ltr'>ἦ</span> <span class='ocrx_word' id='word_1_390' title='bbox 2213 2553 2501 2617; x_wconf 71' lang='grc' dir='ltr'>ἀντιθέτως</span> <span class='ocrx_word' id='word_1_391' title='bbox 2534 2548 2724 2608; x_wconf 73' lang='grc' dir='ltr'>ἔλαϐεν</span> <span class='ocrx_word' id='word_1_392' title='bbox 2756 2554 2783 2608; x_wconf 92' lang='lat'><strong>6</strong></span> <span class='ocrx_word' id='word_1_393' title='bbox 2814 2553 2944 2614; x_wconf 85' lang='grc' dir='ltr'>Θεὸς</span> <span class='ocrx_word' id='word_1_394' title='bbox 2976 2550 3102 2607; x_wconf 82' lang='grc' dir='ltr'>τόδε</span> <span class='ocrx_word' id='word_1_395' title='bbox 3147 2551 3209 2606; x_wconf 84' lang='grc' dir='ltr'><strong>τὸ</strong></span> <span class='ocrx_word' id='word_1_396' title='bbox 3239 2547 3415 2620; x_wconf 79' lang='grc' dir='ltr'>ἔθνος,</span> <span class='ocrx_word' id='word_1_397' title='bbox 3446 2551 3534 2605; x_wconf 82' lang='grc' dir='ltr'><strong>καὶ</strong></span> <span class='ocrx_word' id='word_1_398' title='bbox 3572 2550 3803 2614; x_wconf 72' lang='grc' dir='ltr'>’ἕκαστος</span> 
     </span>
    </p>
   </div>
   <div class='ocr_carea' id='block_1_56' title="bbox 2142 2637 3801 2719">
    <p class='ocr_par' dir='ltr' id='par_1_56' title="bbox 2142 2637 3801 2719">
     <span class='ocr_line' id='line_1_56' title="bbox 2142 2637 3801 2719; baseline -0.001 -21"><span class='ocrx_word' id='word_1_399' title='bbox 2142 2649 2250 2699; x_wconf 79' lang='grc' dir='ltr'><strong>τῶν</strong></span> <span class='ocrx_word' id='word_1_400' title='bbox 2283 2641 2525 2719; x_wconf 81' lang='grc' dir='ltr'>ἀγγέλων</span> <span class='ocrx_word' id='word_1_401' title='bbox 2583 2640 2719 2697; x_wconf 63' lang='grc' dir='ltr'>ἴδιον</span> <span class='ocrx_word' id='word_1_402' title='bbox 2767 2637 2937 2715; x_wconf 78' lang='grc' dir='ltr'>ἔθνος,</span> <span class='ocrx_word' id='word_1_403' title='bbox 2973 2641 3046 2704; x_wconf 85' lang='grc' dir='ltr'><strong>ὠς</strong></span> <span class='ocrx_word' id='word_1_404' title='bbox 3096 2639 3148 2695; x_wconf 84' lang='grc' dir='ltr'>ἐν</span> <span class='ocrx_word' id='word_1_405' title='bbox 3197 2645 3278 2713; x_wconf 79' lang='grc' dir='ltr'>τῷ</span> <span class='ocrx_word' id='word_1_406' title='bbox 3323 2639 3518 2712; x_wconf 74' lang='grc' dir='ltr'>Ἡσαΐᾳ</span> <span class='ocrx_word' id='word_1_407' title='bbox 3561 2638 3801 2716; x_wconf 66' lang='grc' dir='ltr'>εἴρηται,</span> 
     </span>
    </p>
   </div>
   <div class='ocr_carea' id='block_1_57' title="bbox 2144 2725 3794 2806">
    <p class='ocr_par' dir='ltr' id='par_1_57' title="bbox 2144 2725 3794 2806">
     <span class='ocr_line' id='line_1_57' title="bbox 2144 2725 3794 2806; baseline -0.001 -18"><span class='ocrx_word' id='word_1_408' title='bbox 2144 2734 2226 2788; x_wconf 77' lang='grc' dir='ltr'>ὅτι</span> <span class='ocrx_word' id='word_1_409' title='bbox 2287 2733 2314 2786; x_wconf 82' lang='grc' dir='ltr'>ὅ</span> <span class='ocrx_word' id='word_1_410' title='bbox 2372 2726 2634 2794; x_wconf 84' lang='grc' dir='ltr'>διάϐολος</span> <span class='ocrx_word' id='word_1_411' title='bbox 2689 2731 2758 2786; x_wconf 78' lang='grc' dir='ltr'>τὰ</span> <span class='ocrx_word' id='word_1_412' title='bbox 2813 2733 2950 2805; x_wconf 90' lang='grc' dir='ltr'>πρὸς</span> <span class='ocrx_word' id='word_1_413' title='bbox 3003 2729 3200 2806; x_wconf 75' lang='grc' dir='ltr'><strong>βορῥᾶν</strong></span> <span class='ocrx_word' id='word_1_414' title='bbox 3254 2725 3380 2806; x_wconf 74' lang='grc' dir='ltr'>ὅρη,</span> <span class='ocrx_word' id='word_1_415' title='bbox 3431 2731 3677 2785; x_wconf 78' lang='grc' dir='ltr'>τουτέστι</span> <span class='ocrx_word' id='word_1_416' title='bbox 3722 2732 3794 2786; x_wconf 75' lang='grc' dir='ltr'>τὰ</span> 
     </span>
    </p>
   </div>
   <div class='ocr_carea' id='block_1_58' title="bbox 2143 2817 3790 2895">
    <p class='ocr_par' dir='ltr' id='par_1_58' title="bbox 2143 2817 3790 2895">
     <span class='ocr_line' id='line_1_58' title="bbox 2143 2817 3790 2895; baseline -0.002 -19"><span class='ocrx_word' id='word_1_417' title='bbox 2143 2820 2292 2892; x_wconf 73' lang='grc' dir='ltr'>ἔθνη,</span> <span class='ocrx_word' id='word_1_418' title='bbox 2335 2822 2473 2876; x_wconf 75' lang='grc' dir='ltr'>εἶπεν</span> <span class='ocrx_word' id='word_1_419' title='bbox 2519 2819 2573 2876; x_wconf 79' lang='grc' dir='ltr'>ἐν</span> <span class='ocrx_word' id='word_1_420' title='bbox 2623 2820 2798 2892; x_wconf 71' lang='grc' dir='ltr'>ἑαυτῷ</span> <span class='ocrx_word' id='word_1_421' title='bbox 2823 2817 2992 2895; x_wconf 80' lang='grc' dir='ltr'>ἔχειν,</span> <span class='ocrx_word' id='word_1_422' title='bbox 3023 2819 3112 2874; x_wconf 84' lang='grc' dir='ltr'><strong>καὶ</strong></span> <span class='ocrx_word' id='word_1_423' title='bbox 3145 2819 3513 2883; x_wconf 67' lang='grc' dir='ltr'>ἐναντιοῦσθαι</span> <span class='ocrx_word' id='word_1_424' title='bbox 3542 2823 3622 2891; x_wconf 77' lang='grc' dir='ltr'>τῷ</span> <span class='ocrx_word' id='word_1_425' title='bbox 3650 2823 3790 2891; x_wconf 82' lang='grc' dir='ltr'>Θεῷ,</span> 
     </span>
    </p>
   </div>
   <div class='ocr_carea' id='block_1_59' title="bbox 2140 2905 3792 2984">
    <p class='ocr_par' dir='ltr' id='par_1_59' title="bbox 2140 2905 3792 2984">
     <span class='ocr_line' id='line_1_59' title="bbox 2140 2905 3792 2984; baseline -0.002 -18"><span class='ocrx_word' id='word_1_426' title='bbox 2140 2911 2228 2966; x_wconf 88' lang='grc' dir='ltr'><strong>καὶ</strong></span> <span class='ocrx_word' id='word_1_427' title='bbox 2279 2914 2412 2966; x_wconf 82' lang='grc' dir='ltr'>εἶναι</span> <span class='ocrx_word' id='word_1_428' title='bbox 2469 2911 2661 2984; x_wconf 76' lang='grc' dir='ltr'>ὅμοιος</span> <span class='ocrx_word' id='word_1_429' title='bbox 2702 2914 2782 2982; x_wconf 80' lang='grc' dir='ltr'>τῷ</span> <span class='ocrx_word' id='word_1_430' title='bbox 2815 2908 3071 2983; x_wconf 77' lang='grc' dir='ltr'>Ὑψίστῳ·</span> <span class='ocrx_word' id='word_1_431' title='bbox 3113 2909 3286 2964; x_wconf 80' lang='grc' dir='ltr'>πάντα</span> <span class='ocrx_word' id='word_1_432' title='bbox 3339 2908 3440 2984; x_wconf 83' lang='grc' dir='ltr'>γὰρ</span> <span class='ocrx_word' id='word_1_433' title='bbox 3493 2905 3664 2964; x_wconf 87' lang='grc' dir='ltr'>δοῦλα</span> <span class='ocrx_word' id='word_1_434' title='bbox 3691 2912 3792 2962; x_wconf 89' lang='grc' dir='ltr'><strong>τοῦ</strong></span> 
     </span>
    </p>
   </div>
   <div class='ocr_carea' id='block_1_60' title="bbox 2140 2995 3794 3074">
    <p class='ocr_par' dir='ltr' id='par_1_60' title="bbox 2140 2995 3794 3074">
     <span class='ocr_line' id='line_1_60' title="bbox 2140 2995 3794 3074; baseline -0.002 -19"><span class='ocrx_word' id='word_1_435' title='bbox 2140 3005 2295 3068; x_wconf 85' lang='grc' dir='ltr'>Θεοῦ,</span> <span class='ocrx_word' id='word_1_436' title='bbox 2344 3001 2433 3055; x_wconf 80' lang='grc' dir='ltr'><strong>καὶ</strong></span> <span class='ocrx_word' id='word_1_437' title='bbox 2473 2999 2661 3055; x_wconf 75' lang='grc' dir='ltr'>πάντω</span> <span class='ocrx_word' id='word_1_438' title='bbox 2711 3000 2874 3061; x_wconf 85' lang='grc' dir='ltr'>αὑτὸς</span> <span class='ocrx_word' id='word_1_439' title='bbox 2915 2996 3097 3074; x_wconf 66' lang='grc' dir='ltr'>ἆρχεν</span> <span class='ocrx_word' id='word_1_440' title='bbox 3131 2995 3278 3053; x_wconf 75' lang='grc' dir='ltr'>ἀλλὰ</span> <span class='ocrx_word' id='word_1_441' title='bbox 3313 2996 3442 3060; x_wconf 79' lang='grc' dir='ltr'>τοὺς</span> <span class='ocrx_word' id='word_1_442' title='bbox 3489 2998 3794 3074; x_wconf 84' lang='grc' dir='ltr'>γινώσκον-</span> 
     </span>
    </p>
   </div>
   <div class='ocr_carea' id='block_1_61' title="bbox 2138 3084 3791 3166">
    <p class='ocr_par' dir='ltr' id='par_1_61' title="bbox 2138 3084 3791 3166">
     <span class='ocr_line' id='line_1_61' title="bbox 2138 3084 3791 3166; baseline -0.001 -21"><span class='ocrx_word' id='word_1_443' title='bbox 2138 3111 2233 3152; x_wconf 85' lang='grc' dir='ltr'><strong>τας</strong></span> <span class='ocrx_word' id='word_1_444' title='bbox 2265 3091 2426 3145; x_wconf 82' lang='grc' dir='ltr'>αὑτὸν</span> <span class='ocrx_word' id='word_1_445' title='bbox 2455 3094 2716 3166; x_wconf 51' lang='grc' dir='ltr'>προτιμᾷ</span> <span class='ocrx_word' id='word_1_446' title='bbox 2749 3087 2837 3143; x_wconf 80' lang='grc' dir='ltr'><strong>καὶ</strong></span> <span class='ocrx_word' id='word_1_447' title='bbox 2889 3086 2977 3142; x_wconf 75' lang='grc' dir='ltr'>διὰ</span> <span class='ocrx_word' id='word_1_448' title='bbox 3022 3092 3187 3142; x_wconf 84' lang='grc' dir='ltr'>τοῦτο</span> <span class='ocrx_word' id='word_1_449' title='bbox 3235 3086 3325 3142; x_wconf 86' lang='grc' dir='ltr'><strong>καὶ</strong></span> <span class='ocrx_word' id='word_1_450' title='bbox 3375 3087 3534 3150; x_wconf 87' lang='grc' dir='ltr'>αὑτὸς</span> <span class='ocrx_word' id='word_1_451' title='bbox 3575 3084 3791 3162; x_wconf 84' lang='grc' dir='ltr'>λέγεται</span> 
     </span>
    </p>
   </div>
   <div class='ocr_carea' id='block_1_62' title="bbox 2135 3175 3795 3255">
    <p class='ocr_par' dir='ltr' id='par_1_62' title="bbox 2135 3175 3795 3255">
     <span class='ocr_line' id='line_1_62' title="bbox 2135 3175 3795 3255; baseline -0.001 -21"><span class='ocrx_word' id='word_1_452' title='bbox 2135 3179 2311 3234; x_wconf 73' lang='grc' dir='ltr'>αὐτῶν</span> <span class='ocrx_word' id='word_1_453' title='bbox 2342 3177 2554 3255; x_wconf 77' lang='grc' dir='ltr'>ἄρχειν,</span> <span class='ocrx_word' id='word_1_454' title='bbox 2595 3176 2690 3232; x_wconf 75' lang='grc' dir='ltr'><strong>κᾶν</strong></span> <span class='ocrx_word' id='word_1_455' title='bbox 2739 3177 2918 3254; x_wconf 81' lang='grc' dir='ltr'>ἔχοιεν</span> <span class='ocrx_word' id='word_1_456' title='bbox 2969 3179 3013 3214; x_wconf 78' lang='grc'><strong>⁸⁸</strong></span> <span class='ocrx_word' id='word_1_457' title='bbox 3062 3175 3292 3252; x_wconf 74' lang='grc' dir='ltr'>ἄγγελον</span> <span class='ocrx_word' id='word_1_458' title='bbox 3331 3175 3625 3254; x_wconf 75' lang='grc' dir='ltr'>ἐφεστῶτα,</span> <span class='ocrx_word' id='word_1_459' title='bbox 3658 3177 3735 3240; x_wconf 80' lang='grc' dir='ltr'>ὥς</span> <span class='ocrx_word' id='word_1_460' title='bbox 3766 3177 3795 3232; x_wconf 94' lang='lat'><strong>6</strong></span> 
     </span>
    </p>
   </div>
   <div class='ocr_carea' id='block_1_63' title="bbox 372 3260 2020 3345">
    <p class='ocr_par' dir='ltr' id='par_1_63' title="bbox 372 3261 2020 3339">
     <span class='ocr_line' id='line_1_63' title="bbox 372 3261 2020 3339; baseline 0.007 -21"><span class='ocrx_word' id='word_1_461' title='bbox 372 3261 485 3319; x_wconf 88' lang='lat' dir='ltr'><strong>bus</strong></span> <span class='ocrx_word' id='word_1_462' title='bbox 514 3263 668 3321; x_wconf 87' lang='lat' dir='ltr'><strong>Deus</strong></span> <span class='ocrx_word' id='word_1_463' title='bbox 704 3265 1022 3338; x_wconf 89' lang='lat' dir='ltr'><strong>imperans,</strong></span> <span class='ocrx_word' id='word_1_464' title='bbox 1058 3285 1161 3339; x_wconf 90' lang='lat' dir='ltr'><strong>per</strong></span> <span class='ocrx_word' id='word_1_465' title='bbox 1191 3267 1594 3324; x_wconf 85' lang='lat' dir='ltr'><strong>excellentiam</strong></span> <span class='ocrx_word' id='word_1_466' title='bbox 1638 3274 1836 3328; x_wconf 90' lang='lat' dir='ltr'><strong>tamen</strong></span> <span class='ocrx_word' id='word_1_467' title='bbox 1885 3273 2020 3328; x_wconf 85' lang='lat' dir='ltr'><strong>dici-</strong></span> 
     </span>
    </p>
   </div>
   <div class='ocr_carea' id='block_1_64' title="bbox 2139 3260 3797 3345">
    <p class='ocr_par' dir='ltr' id='par_1_64' title="bbox 2139 3266 3797 3345">
     <span class='ocr_line' id='line_1_64' title="bbox 2139 3266 3797 3345; baseline -0.002 -20"><span class='ocrx_word' id='word_1_468' title='bbox 2139 3267 2357 3345; x_wconf 75' lang='grc' dir='ltr'>Ἰσραὴλ</span> <span class='ocrx_word' id='word_1_469' title='bbox 2391 3269 2480 3323; x_wconf 88' lang='grc' dir='ltr'><strong>τὸν</strong></span> <span class='ocrx_word' id='word_1_470' title='bbox 2535 3266 2790 3344; x_wconf 78' lang='grc' dir='ltr'>Μιχαήλ.</span> <span class='ocrx_word' id='word_1_471' title='bbox 2821 3267 2928 3323; x_wconf 86' lang='grc' dir='ltr'>Καὶ</span> <span class='ocrx_word' id='word_1_472' title='bbox 2969 3271 3086 3329; x_wconf 76' lang='grc' dir='ltr'><strong>πῶς</strong></span> <span class='ocrx_word' id='word_1_473' title='bbox 3118 3268 3335 3321; x_wconf 74' lang='grc' dir='ltr'>πάντων</span> <span class='ocrx_word' id='word_1_474' title='bbox 3387 3267 3414 3320; x_wconf 86' lang='grc' dir='ltr'>ὁ</span> <span class='ocrx_word' id='word_1_475' title='bbox 3441 3267 3574 3329; x_wconf 89' lang='grc' dir='ltr'>Θεὸς</span> <span class='ocrx_word' id='word_1_476' title='bbox 3604 3267 3797 3341; x_wconf 79' lang='grc' dir='ltr'>ἄρχων</span> 
     </span>
    </p>
   </div>
   <div class='ocr_carea' id='block_1_65' title="bbox 368 3353 2024 3434">
    <p class='ocr_par' dir='ltr' id='par_1_65' title="bbox 368 3353 2024 3434">
     <span class='ocr_line' id='line_1_65' title="bbox 368 3353 2024 3434; baseline 0.007 -27"><span class='ocrx_word' id='word_1_477' title='bbox 368 3355 467 3409; x_wconf 90' lang='lat' dir='ltr'><strong>tur</strong></span> <span class='ocrx_word' id='word_1_478' title='bbox 498 3353 652 3410; x_wconf 86' lang='lat' dir='ltr'><strong>Deus</strong></span> <span class='ocrx_word' id='word_1_479' title='bbox 703 3356 901 3426; x_wconf 88' lang='lat' dir='ltr'><strong>Israel,</strong></span> <span class='ocrx_word' id='word_1_480' title='bbox 959 3360 1017 3412; x_wconf 89' lang='lat' dir='ltr'><strong>et</strong></span> <span class='ocrx_word' id='word_1_481' title='bbox 1063 3355 1238 3412; x_wconf 88' lang='lat' dir='ltr'><strong>Israel</strong></span> <span class='ocrx_word' id='word_1_482' title='bbox 1291 3357 1479 3429; x_wconf 90' lang='lat' dir='ltr'><strong>ipsius</strong></span> <span class='ocrx_word' id='word_1_483' title='bbox 1529 3359 1804 3431; x_wconf 92' lang='lat' dir='ltr'><strong>populus.</strong></span> <span class='ocrx_word' id='word_1_484' title='bbox 1837 3363 2024 3434; x_wconf 83' lang='lat' dir='ltr'><strong>Atque</strong></span> 
     </span>
    </p>
   </div>
   <div class='ocr_carea' id='block_1_66' title="bbox 370 3441 2019 3516">
    <p class='ocr_par' dir='ltr' id='par_1_66' title="bbox 370 3441 2019 3516">
     <span class='ocr_line' id='line_1_66' title="bbox 370 3441 2019 3516; baseline 0.007 -21"><span class='ocrx_word' id='word_1_485' title='bbox 370 3441 625 3499; x_wconf 86' lang='lat' dir='ltr'><strong>dicimus</strong></span> <span class='ocrx_word' id='word_1_486' title='bbox 652 3446 806 3515; x_wconf 90' lang='lat' dir='ltr'><strong>quod</strong></span> <span class='ocrx_word' id='word_1_487' title='bbox 841 3445 996 3501; x_wconf 89' lang='lat' dir='ltr'><strong>Deus</strong></span> <span class='ocrx_word' id='word_1_488' title='bbox 1025 3447 1395 3503; x_wconf 88' lang='lat' dir='ltr'><strong>omniumest</strong></span> <span class='ocrx_word' id='word_1_489' title='bbox 1425 3448 2019 3516; x_wconf 86' lang='lat' dir='ltr'><strong>Deus;accedentium</strong></span> 
     </span>
    </p>
   </div>
   <div class='ocr_carea' id='block_1_67' title="bbox 373 3533 2023 3611">
    <p class='ocr_par' dir='ltr' id='par_1_67' title="bbox 373 3533 2023 3611">
     <span class='ocr_line' id='line_1_67' title="bbox 373 3533 2023 3611; baseline 0.007 -25"><span class='ocrx_word' id='word_1_490' title='bbox 373 3535 570 3587; x_wconf 88' lang='lat' dir='ltr'><strong>autem</strong></span> <span class='ocrx_word' id='word_1_491' title='bbox 587 3533 656 3588; x_wconf 88' lang='lat' dir='ltr'><strong>ad</strong></span> <span class='ocrx_word' id='word_1_492' title='bbox 681 3533 899 3605; x_wconf 88' lang='lat' dir='ltr'><strong>ipsum,</strong></span> <span class='ocrx_word' id='word_1_493' title='bbox 926 3534 1246 3606; x_wconf 89' lang='lat' dir='ltr'><strong>ipsumque</strong></span> <span class='ocrx_word' id='word_1_494' title='bbox 1268 3537 1458 3592; x_wconf 91' lang='lat' dir='ltr'><strong>solum</strong></span> <span class='ocrx_word' id='word_1_495' title='bbox 1480 3537 2023 3611; x_wconf 86' lang='lat' dir='ltr'><strong>adorantiumjuste</strong></span> 
     </span>
    </p>
   </div>
   <div class='ocr_carea' id='block_1_68' title="bbox 368 3619 2020 3694">
    <p class='ocr_par' dir='ltr' id='par_1_68' title="bbox 368 3619 2020 3694">
     <span class='ocr_line' id='line_1_68' title="bbox 368 3619 2020 3694; baseline 0.008 -21"><span class='ocrx_word' id='word_1_496' title='bbox 368 3622 523 3676; x_wconf 90' lang='lat' dir='ltr'><strong>Deus</strong></span> <span class='ocrx_word' id='word_1_497' title='bbox 547 3619 784 3690; x_wconf 91' lang='lat' dir='ltr'><strong>dicitur;</strong></span> <span class='ocrx_word' id='word_1_498' title='bbox 808 3621 1018 3694; x_wconf 89' lang='lat' dir='ltr'><strong>reliqui</strong></span> <span class='ocrx_word' id='word_1_499' title='bbox 1047 3641 1180 3679; x_wconf 91' lang='lat' dir='ltr'><strong>vero</strong></span> <span class='ocrx_word' id='word_1_500' title='bbox 1208 3623 1360 3681; x_wconf 87' lang='lat' dir='ltr'><strong>idola</strong></span> <span class='ocrx_word' id='word_1_501' title='bbox 1403 3625 1684 3694; x_wconf 90' lang='lat' dir='ltr'><strong>colentes,</strong></span> <span class='ocrx_word' id='word_1_502' title='bbox 1717 3627 1862 3684; x_wconf 88' lang='lat' dir='ltr'><strong>alios</strong></span> <span class='ocrx_word' id='word_1_503' title='bbox 1907 3630 2020 3686; x_wconf 89' lang='lat' dir='ltr'><strong>sibi</strong></span> 
     </span>
    </p>
   </div>
   <div class='ocr_carea' id='block_1_69' title="bbox 367 3707 784 3766">
    <p class='ocr_par' dir='ltr' id='par_1_69' title="bbox 367 3707 784 3766">
     <span class='ocr_line' id='line_1_69' title="bbox 367 3707 784 3766; baseline 0.007 -2"><span class='ocrx_word' id='word_1_504' title='bbox 367 3707 596 3764; x_wconf 82' lang='lat' dir='ltr'><strong>faciunt</strong></span> <span class='ocrx_word' id='word_1_505' title='bbox 625 3710 784 3766; x_wconf 89' lang='lat' dir='ltr'><strong>deos.</strong></span> 
     </span>
    </p>
   </div>
   <div class='ocr_carea' id='block_1_70' title="bbox 439 3801 2020 3876">
    <p class='ocr_par' dir='ltr' id='par_1_70' title="bbox 439 3801 2020 3876">
     <span class='ocr_line' id='line_1_70' title="bbox 439 3801 2020 3876; baseline 0.004 -21"><span class='ocrx_word' id='word_1_506' title='bbox 439 3803 646 3855; x_wconf 77' lang='lat' dir='ltr'><strong>Factus</strong></span> <span class='ocrx_word' id='word_1_507' title='bbox 692 3804 771 3856; x_wconf 89' lang='lat' dir='ltr'><strong>est</strong></span> <span class='ocrx_word' id='word_1_508' title='bbox 815 3817 949 3872; x_wconf 83' lang='lat' dir='ltr'><strong>pars</strong></span> <span class='ocrx_word' id='word_1_509' title='bbox 1003 3801 1262 3858; x_wconf 87' lang='lat' dir='ltr'><strong>Domini.</strong></span> <span class='ocrx_word' id='word_1_510' title='bbox 1299 3803 1470 3859; x_wconf 82' lang='lat' dir='ltr'><strong>Recte</strong></span> <span class='ocrx_word' id='word_1_511' title='bbox 1500 3803 1920 3876; x_wconf 85' lang='lat' dir='ltr'><strong>interpretatur</strong></span> <span class='ocrx_word' id='word_1_512' title='bbox 1951 3807 2020 3862; x_wconf 91' lang='lat' dir='ltr'><strong>il-</strong></span> 
     </span>
    </p>
   </div>
   <div class='ocr_carea' id='block_1_71' title="bbox 364 3886 2020 3966">
    <p class='ocr_par' dir='ltr' id='par_1_71' title="bbox 364 3886 2020 3966">
     <span class='ocr_line' id='line_1_71' title="bbox 364 3886 2020 3966; baseline 0.005 -24"><span class='ocrx_word' id='word_1_513' title='bbox 364 3886 466 3942; x_wconf 93' lang='lat' dir='ltr'><strong>lud</strong></span> <span class='ocrx_word' id='word_1_514' title='bbox 505 3889 669 3942; x_wconf 85' lang='lat' dir='ltr'><strong>:Fuit</strong></span> <span class='ocrx_word' id='word_1_515' title='bbox 689 3905 820 3960; x_wconf 84' lang='lat' dir='ltr'><strong>pars</strong></span> <span class='ocrx_word' id='word_1_516' title='bbox 851 3891 1074 3946; x_wconf 84' lang='lat' dir='ltr'><strong>Domini</strong></span> <span class='ocrx_word' id='word_1_517' title='bbox 1098 3891 1312 3948; x_wconf 81' lang='lat' dir='ltr'><strong>Israel.</strong></span> <span class='ocrx_word' id='word_1_518' title='bbox 1355 3893 1674 3964; x_wconf 87' lang='lat' dir='ltr'><strong>Oportebat</strong></span> <span class='ocrx_word' id='word_1_519' title='bbox 1716 3894 1916 3966; x_wconf 88' lang='lat' dir='ltr'><strong>igitur,</strong></span> <span class='ocrx_word' id='word_1_520' title='bbox 1969 3895 2020 3952; x_wconf 88' lang='lat' dir='ltr'><strong>si</strong></span> 
     </span>
    </p>
   </div>
   <div class='ocr_carea' id='block_1_72' title="bbox 364 3977 2016 4054">
    <p class='ocr_par' dir='ltr' id='par_1_72' title="bbox 364 3977 2016 4054">
     <span class='ocr_line' id='line_1_72' title="bbox 364 3977 2016 4054; baseline 0.005 -23"><span class='ocrx_word' id='word_1_521' title='bbox 364 3977 602 4047; x_wconf 89' lang='lat' dir='ltr'><strong>quidem</strong></span> <span class='ocrx_word' id='word_1_522' title='bbox 621 3979 798 4035; x_wconf 88' lang='lat' dir='ltr'><strong>Israel</strong></span> <span class='ocrx_word' id='word_1_523' title='bbox 815 3980 979 4036; x_wconf 91' lang='lat' dir='ltr'><strong>solus</strong></span> <span class='ocrx_word' id='word_1_524' title='bbox 1001 3981 1804 4054; x_wconf 83' lang='lat' dir='ltr'><strong>cognoscebatDeum,ipsum</strong></span> <span class='ocrx_word' id='word_1_525' title='bbox 1821 3985 2016 4040; x_wconf 89' lang='lat' dir='ltr'><strong>solum</strong></span> 
     </span>
    </p>
   </div>
   <div class='ocr_carea' id='block_1_73' title="bbox 361 4066 2016 4144">
    <p class='ocr_par' dir='ltr' id='par_1_73' title="bbox 361 4066 2016 4144">
     <span class='ocr_line' id='line_1_73' title="bbox 361 4066 2016 4144; baseline 0.006 -25"><span class='ocrx_word' id='word_1_526' title='bbox 361 4081 395 4119; x_wconf 88' lang='lat' dir='ltr'><strong>a</strong></span> <span class='ocrx_word' id='word_1_527' title='bbox 420 4066 531 4120; x_wconf 89' lang='lat' dir='ltr'><strong>Deo</strong></span> <span class='ocrx_word' id='word_1_528' title='bbox 553 4070 610 4122; x_wconf 89' lang='lat' dir='ltr'><strong>et</strong></span> <span class='ocrx_word' id='word_1_529' title='bbox 633 4068 858 4139; x_wconf 86' lang='lat' dir='ltr'><strong>angelis</strong></span> <span class='ocrx_word' id='word_1_530' title='bbox 894 4069 1022 4140; x_wconf 86' lang='lat' dir='ltr'><strong>ejus</strong></span> <span class='ocrx_word' id='word_1_531' title='bbox 1064 4070 1276 4138; x_wconf 89' lang='lat' dir='ltr'><strong>curari;</strong></span> <span class='ocrx_word' id='word_1_532' title='bbox 1317 4086 1518 4127; x_wconf 88' lang='lat' dir='ltr'><strong>verum</strong></span> <span class='ocrx_word' id='word_1_533' title='bbox 1552 4070 1611 4125; x_wconf 91' lang='lat' dir='ltr'><strong>in</strong></span> <span class='ocrx_word' id='word_1_534' title='bbox 1635 4070 1742 4126; x_wconf 92' lang='lat' dir='ltr'><strong>hoc</strong></span> <span class='ocrx_word' id='word_1_535' title='bbox 1784 4088 2016 4144; x_wconf 90' lang='lat' dir='ltr'><strong>quoque</strong></span> 
     </span>
    </p>
   </div>
   <div class='ocr_carea' id='block_1_74' title="bbox 360 4156 2014 4233">
    <p class='ocr_par' dir='ltr' id='par_1_74' title="bbox 360 4156 2014 4233">
     <span class='ocr_line' id='line_1_74' title="bbox 360 4156 2014 4233; baseline 0.005 -24"><span class='ocrx_word' id='word_1_536' title='bbox 360 4156 692 4212; x_wconf 89' lang='lat' dir='ltr'><strong>ostenditur</strong></span> <span class='ocrx_word' id='word_1_537' title='bbox 721 4157 1015 4215; x_wconf 88' lang='lat' dir='ltr'><strong>immensa</strong></span> <span class='ocrx_word' id='word_1_538' title='bbox 1059 4164 1117 4216; x_wconf 91' lang='lat' dir='ltr'><strong>et</strong></span> <span class='ocrx_word' id='word_1_539' title='bbox 1173 4159 1598 4233; x_wconf 83' lang='lat' dir='ltr'><strong>investigabilis</strong></span> <span class='ocrx_word' id='word_1_540' title='bbox 1633 4160 1729 4216; x_wconf 88' lang='lat' dir='ltr'><strong>Dei</strong></span> <span class='ocrx_word' id='word_1_541' title='bbox 1779 4161 2014 4218; x_wconf 58' lang='lat' dir='ltr'><strong>miseri.</strong></span> 
     </span>
    </p>
   </div>
   <div class='ocr_carea' id='block_1_75' title="bbox 359 4244 2016 4322">
    <p class='ocr_par' dir='ltr' id='par_1_75' title="bbox 359 4244 2016 4322">
     <span class='ocr_line' id='line_1_75' title="bbox 359 4244 2016 4322; baseline 0.005 -24"><span class='ocrx_word' id='word_1_542' title='bbox 359 4244 580 4313; x_wconf 90' lang='lat' dir='ltr'><strong>cordia,</strong></span> <span class='ocrx_word' id='word_1_543' title='bbox 605 4249 760 4317; x_wconf 92' lang='lat' dir='ltr'><strong>quod</strong></span> <span class='ocrx_word' id='word_1_544' title='bbox 785 4247 859 4304; x_wconf 87' lang='lat' dir='ltr'><strong>iis</strong></span> <span class='ocrx_word' id='word_1_545' title='bbox 879 4248 1056 4305; x_wconf 89' lang='lat' dir='ltr'><strong>etiam</strong></span> <span class='ocrx_word' id='word_1_546' title='bbox 1099 4250 1198 4322; x_wconf 87' lang='lat' dir='ltr'><strong>qui</strong></span> <span class='ocrx_word' id='word_1_547' title='bbox 1231 4249 1505 4306; x_wconf 90' lang='lat' dir='ltr'><strong>videntur</strong></span> <span class='ocrx_word' id='word_1_548' title='bbox 1524 4267 1638 4305; x_wconf 90' lang='lat' dir='ltr'><strong>non</strong></span> <span class='ocrx_word' id='word_1_549' title='bbox 1662 4267 1791 4306; x_wconf 89' lang='lat' dir='ltr'><strong>esse</strong></span> <span class='ocrx_word' id='word_1_550' title='bbox 1831 4252 2016 4322; x_wconf 88' lang='lat' dir='ltr'><strong>partis</strong></span> 
     </span>
    </p>
   </div>
   <div class='ocr_carea' id='block_1_76' title="bbox 359 4333 2013 4411">
    <p class='ocr_par' dir='ltr' id='par_1_76' title="bbox 359 4333 2013 4411">
     <span class='ocr_line' id='line_1_76' title="bbox 359 4333 2013 4411; baseline 0.005 -24"><span class='ocrx_word' id='word_1_551' title='bbox 359 4333 489 4402; x_wconf 87' lang='lat' dir='ltr'><strong>ejus</strong></span> <span class='ocrx_word' id='word_1_552' title='bbox 520 4335 934 4406; x_wconf 89' lang='lat' dir='ltr'><strong>particularem</strong></span> <span class='ocrx_word' id='word_1_553' title='bbox 969 4338 1246 4411; x_wconf 86' lang='lat' dir='ltr'><strong>angelum</strong></span> <span class='ocrx_word' id='word_1_554' title='bbox 1282 4339 1665 4411; x_wconf 80' lang='lat' dir='ltr'><strong>praeposuerit</strong></span> <span class='ocrx_word' id='word_1_555' title='bbox 1712 4341 1872 4411; x_wconf 89' lang='lat' dir='ltr'><strong>genti</strong></span> <span class='ocrx_word' id='word_1_556' title='bbox 1912 4357 2013 4396; x_wconf 89' lang='lat' dir='ltr'><strong>cu-</strong></span> 
     </span>
    </p>
   </div>
   <div class='ocr_carea' id='block_1_77' title="bbox 2132 3354 3799 3432">
    <p class='ocr_par' dir='ltr' id='par_1_77' title="bbox 2132 3354 3799 3432">
     <span class='ocr_line' id='line_1_77' title="bbox 2132 3354 3799 3432; baseline -0.001 -18"><span class='ocrx_word' id='word_1_557' title='bbox 2132 3360 2249 3414; x_wconf 89' lang='lat' dir='ltr'><strong>xu1’</strong></span> <span class='ocrx_word' id='word_1_558' title='bbox 2280 3357 2545 3432; x_wconf 76' lang='grc' dir='ltr'>ἐξαίρετον</span> <span class='ocrx_word' id='word_1_559' title='bbox 2577 3361 2674 3412; x_wconf 88' lang='grc' dir='ltr'><strong>τοῦ</strong></span> <span class='ocrx_word' id='word_1_560' title='bbox 2705 3355 2923 3429; x_wconf 79' lang='grc' dir='ltr'>Ἰσραὴλ</span> <span class='ocrx_word' id='word_1_561' title='bbox 2958 3354 3175 3431; x_wconf 87' lang='grc' dir='ltr'>λέγεται</span> <span class='ocrx_word' id='word_1_562' title='bbox 3208 3356 3363 3423; x_wconf 84' lang='grc' dir='ltr'>Θεὸς,</span> <span class='ocrx_word' id='word_1_563' title='bbox 3384 3357 3475 3410; x_wconf 77' lang='grc' dir='ltr'><strong>καὶ</strong></span> <span class='ocrx_word' id='word_1_564' title='bbox 3513 3357 3541 3410; x_wconf 89' lang='grc' dir='ltr'>ὁ</span> <span class='ocrx_word' id='word_1_565' title='bbox 3573 3355 3799 3432; x_wconf 67' lang='grc' dir='ltr'>Ἰσραὴλ</span> 
     </span>
    </p>
   </div>
   <div class='ocr_carea' id='block_1_78' title="bbox 2133 3443 3795 3522">
    <p class='ocr_par' dir='ltr' id='par_1_78' title="bbox 2133 3443 3795 3522">
     <span class='ocr_line' id='line_1_78' title="bbox 2133 3443 3795 3522; baseline -0.001 -20"><span class='ocrx_word' id='word_1_566' title='bbox 2133 3449 2299 3504; x_wconf 82' lang='grc' dir='ltr'>αὐτοῦ</span> <span class='ocrx_word' id='word_1_567' title='bbox 2335 3466 2349 3517; x_wconf 86' lang='grc'>;</span> <span class='ocrx_word' id='word_1_568' title='bbox 2381 3447 2478 3502; x_wconf 70' lang='grc' dir='ltr'><strong>Καὶ</strong></span> <span class='ocrx_word' id='word_1_569' title='bbox 2527 3445 2786 3522; x_wconf 86' lang='grc' dir='ltr'>λέγομεν,</span> <span class='ocrx_word' id='word_1_570' title='bbox 2842 3445 2924 3501; x_wconf 79' lang='grc' dir='ltr'><strong>δτι</strong></span> <span class='ocrx_word' id='word_1_571' title='bbox 2976 3445 3003 3500; x_wconf 90' lang='lat'><strong>6</strong></span> <span class='ocrx_word' id='word_1_572' title='bbox 3047 3446 3178 3508; x_wconf 89' lang='grc' dir='ltr'>Θεὸς</span> <span class='ocrx_word' id='word_1_573' title='bbox 3230 3444 3443 3501; x_wconf 85' lang='grc' dir='ltr'>πάντων</span> <span class='ocrx_word' id='word_1_574' title='bbox 3495 3443 3606 3500; x_wconf 81' lang='grc' dir='ltr'>ἐστὶ</span> <span class='ocrx_word' id='word_1_575' title='bbox 3638 3446 3795 3508; x_wconf 85' lang='grc' dir='ltr'>Θεός·</span> 
     </span>
    </p>
   </div>
   <div class='ocr_carea' id='block_1_79' title="bbox 2129 3533 3800 3609">
    <p class='ocr_par' dir='ltr' id='par_1_79' title="bbox 2129 3533 3800 3609">
     <span class='ocr_line' id='line_1_79' title="bbox 2129 3533 3800 3609; baseline -0.001 -18"><span class='ocrx_word' id='word_1_576' title='bbox 2129 3542 2237 3592; x_wconf 81' lang='grc' dir='ltr'><strong>τῶν</strong></span> <span class='ocrx_word' id='word_1_577' title='bbox 2274 3534 2332 3591; x_wconf 75' lang='grc' dir='ltr'>δὲ</span> <span class='ocrx_word' id='word_1_578' title='bbox 2382 3535 2800 3607; x_wconf 80' lang='grc' dir='ltr'>πλησιαζόντων</span> <span class='ocrx_word' id='word_1_579' title='bbox 2851 3534 3022 3606; x_wconf 77' lang='grc' dir='ltr'>αὐτῷ,</span> <span class='ocrx_word' id='word_1_580' title='bbox 3055 3536 3143 3590; x_wconf 82' lang='grc' dir='ltr'><strong>καὶ</strong></span> <span class='ocrx_word' id='word_1_581' title='bbox 3197 3533 3357 3590; x_wconf 79' lang='grc' dir='ltr'>αὐτὸν</span> <span class='ocrx_word' id='word_1_582' title='bbox 3413 3533 3576 3606; x_wconf 88' lang='grc' dir='ltr'>μόνον</span> <span class='ocrx_word' id='word_1_583' title='bbox 3622 3554 3800 3609; x_wconf 87' lang='grc' dir='ltr'>προσ-</span> 
     </span>
    </p>
   </div>
   <div class='ocr_carea' id='block_1_80' title="bbox 2131 3621 3797 3701">
    <p class='ocr_par' dir='ltr' id='par_1_80' title="bbox 2131 3621 3797 3701">
     <span class='ocr_line' id='line_1_80' title="bbox 2131 3621 3797 3701; baseline 0 -22"><span class='ocrx_word' id='word_1_584' title='bbox 2131 3625 2436 3680; x_wconf 75' lang='grc' dir='ltr'>κυνούντων</span> <span class='ocrx_word' id='word_1_585' title='bbox 2509 3623 2724 3701; x_wconf 86' lang='grc' dir='ltr'>λέγεται</span> <span class='ocrx_word' id='word_1_586' title='bbox 2771 3625 2901 3686; x_wconf 89' lang='grc' dir='ltr'>Θεὸς</span> <span class='ocrx_word' id='word_1_587' title='bbox 2951 3621 3196 3685; x_wconf 76' lang='grc' dir='ltr'>δικαίως⁶</span> <span class='ocrx_word' id='word_1_588' title='bbox 3249 3625 3304 3679; x_wconf 78' lang='grc' dir='ltr'><strong>οἱ</strong></span> <span class='ocrx_word' id='word_1_589' title='bbox 3360 3621 3417 3678; x_wconf 75' lang='grc' dir='ltr'>δὲ</span> <span class='ocrx_word' id='word_1_590' title='bbox 3475 3626 3520 3661; x_wconf 72' lang='grc'>⁸⁸</span> <span class='ocrx_word' id='word_1_591' title='bbox 3580 3622 3797 3694; x_wconf 72' lang='grc' dir='ltr'>λοιποὶ,</span> 
     </span>
    </p>
   </div>
   <div class='ocr_carea' id='block_1_81' title="bbox 2131 3709 3616 3789">
    <p class='ocr_par' dir='ltr' id='par_1_81' title="bbox 2131 3709 3616 3789">
     <span class='ocr_line' id='line_1_81' title="bbox 2131 3709 3616 3789; baseline 0.001 -20"><span class='ocrx_word' id='word_1_592' title='bbox 2131 3712 2337 3769; x_wconf 76' lang='grc' dir='ltr'>εἷ’δωλα</span> <span class='ocrx_word' id='word_1_593' title='bbox 2369 3709 2639 3782; x_wconf 87' lang='grc' dir='ltr'>σέϐοντες,</span> <span class='ocrx_word' id='word_1_594' title='bbox 2672 3714 2888 3789; x_wconf 71' lang='grc' dir='ltr'>ἑτέρους</span> <span class='ocrx_word' id='word_1_595' title='bbox 2919 3717 3169 3769; x_wconf 90' lang='grc' dir='ltr'>ποιοῦσιν</span> <span class='ocrx_word' id='word_1_596' title='bbox 3203 3713 3404 3768; x_wconf 69' lang='grc' dir='ltr'>ἑαυτῶν</span> <span class='ocrx_word' id='word_1_597' title='bbox 3441 3712 3616 3776; x_wconf 83' lang='grc' dir='ltr'>θεούς.</span> 
     </span>
    </p>
   </div>
   <div class='ocr_carea' id='block_1_82' title="bbox 2200 3799 3790 3879">
    <p class='ocr_par' dir='ltr' id='par_1_82' title="bbox 2200 3799 3790 3879">
     <span class='ocr_line' id='line_1_82' title="bbox 2200 3799 3790 3879; baseline -0.003 -19"><span class='ocrx_word' id='word_1_598' title='bbox 2200 3805 2461 3878; x_wconf 79' lang='grc' dir='ltr'>Ἐγενήθη</span> <span class='ocrx_word' id='word_1_599' title='bbox 2546 3802 2702 3879; x_wconf 87' lang='grc' dir='ltr'>μερὶς</span> <span class='ocrx_word' id='word_1_600' title='bbox 2778 3801 3002 3879; x_wconf 81' lang='grc' dir='ltr'>Κυρίου.</span> <span class='ocrx_word' id='word_1_601' title='bbox 3077 3799 3274 3866; x_wconf 82' lang='grc' dir='ltr'>Καλῶς</span> <span class='ocrx_word' id='word_1_602' title='bbox 3353 3801 3640 3876; x_wconf 81' lang='grc' dir='ltr'>έρμηνεύει</span> <span class='ocrx_word' id='word_1_603' title='bbox 3702 3803 3790 3856; x_wconf 76' lang='grc' dir='ltr'><strong>τόο</strong></span> 
     </span>
    </p>
   </div>
   <div class='ocr_carea' id='block_1_83' title="bbox 2131 3889 3790 3968">
    <p class='ocr_par' dir='ltr' id='par_1_83' title="bbox 2131 3889 3790 3968">
     <span class='ocr_line' id='line_1_83' title="bbox 2131 3889 3790 3968; baseline -0.001 -20"><span class='ocrx_word' id='word_1_604' title='bbox 2131 3892 2373 3968; x_wconf 81' lang='grc' dir='ltr'>Ἐγένετο</span> <span class='ocrx_word' id='word_1_605' title='bbox 2437 3893 2590 3966; x_wconf 82' lang='grc' dir='ltr'>μερὶς</span> <span class='ocrx_word' id='word_1_606' title='bbox 2651 3892 2848 3967; x_wconf 83' lang='grc' dir='ltr'>Κυρίου</span> <span class='ocrx_word' id='word_1_607' title='bbox 2906 3889 3152 3967; x_wconf 74' lang='grc' dir='ltr'>Ἰσραήλ.</span> <span class='ocrx_word' id='word_1_608' title='bbox 3212 3892 3418 3966; x_wconf 81' lang='grc' dir='ltr'>Ἐχρῆν</span> <span class='ocrx_word' id='word_1_609' title='bbox 3470 3892 3586 3964; x_wconf 84' lang='grc' dir='ltr'>οὗν,</span> <span class='ocrx_word' id='word_1_610' title='bbox 3637 3890 3790 3967; x_wconf 84' lang='grc' dir='ltr'>εἷ’περ</span> 
     </span>
    </p>
   </div>
   <div class='ocr_carea' id='block_1_84' title="bbox 2128 3980 3787 4056">
    <p class='ocr_par' dir='ltr' id='par_1_84' title="bbox 2128 3980 3787 4056">
     <span class='ocr_line' id='line_1_84' title="bbox 2128 3980 3787 4056; baseline 0 -20"><span class='ocrx_word' id='word_1_611' title='bbox 2128 3981 2410 4056; x_wconf 82' lang='grc' dir='ltr'>ὁἸσραὴλ</span> <span class='ocrx_word' id='word_1_612' title='bbox 2448 3981 2614 4054; x_wconf 84' lang='grc' dir='ltr'>μόνος</span> <span class='ocrx_word' id='word_1_613' title='bbox 2668 3981 2999 4056; x_wconf 74' lang='grc' dir='ltr'>έπεγίνωσκε</span> <span class='ocrx_word' id='word_1_614' title='bbox 3042 3982 3196 4048; x_wconf 88' lang='grc' dir='ltr'>Θεὸν,</span> <span class='ocrx_word' id='word_1_615' title='bbox 3248 3981 3410 4036; x_wconf 85' lang='grc' dir='ltr'>αὐτὸν</span> <span class='ocrx_word' id='word_1_616' title='bbox 3462 3982 3625 4053; x_wconf 86' lang='grc' dir='ltr'>μόνον</span> <span class='ocrx_word' id='word_1_617' title='bbox 3678 3980 3787 4036; x_wconf 83' lang='grc' dir='ltr'><strong>ὐπὸ</strong></span> 
     </span>
    </p>
   </div>
   <div class='ocr_carea' id='block_1_85' title="bbox 2125 4069 3790 4148">
    <p class='ocr_par' dir='ltr' id='par_1_85' title="bbox 2125 4069 3790 4148">
     <span class='ocr_line' id='line_1_85' title="bbox 2125 4069 3790 4148; baseline -0.002 -21"><span class='ocrx_word' id='word_1_618' title='bbox 2125 4076 2222 4127; x_wconf 90' lang='grc' dir='ltr'><strong>τοῦ</strong></span> <span class='ocrx_word' id='word_1_619' title='bbox 2271 4071 2470 4148; x_wconf 80' lang='grc' dir='ltr'>Κυρίου</span> <span class='ocrx_word' id='word_1_620' title='bbox 2523 4071 2955 4142; x_wconf 71' lang='grc' dir='ltr'>ἐπισκοπεῖσθαι,</span> <span class='ocrx_word' id='word_1_621' title='bbox 3006 4071 3097 4125; x_wconf 83' lang='grc' dir='ltr'><strong>καὶ</strong></span> <span class='ocrx_word' id='word_1_622' title='bbox 3146 4075 3255 4126; x_wconf 80' lang='grc' dir='ltr'><strong>τῶν</strong></span> <span class='ocrx_word' id='word_1_623' title='bbox 3307 4069 3553 4145; x_wconf 79' lang='grc' dir='ltr'>ἀγγέλων</span> <span class='ocrx_word' id='word_1_624' title='bbox 3599 4070 3790 4126; x_wconf 85' lang='grc' dir='ltr'>αὐτοῦ·</span> 
     </span>
    </p>
   </div>
   <div class='ocr_carea' id='block_1_86' title="bbox 2127 4157 3788 4234">
    <p class='ocr_par' dir='ltr' id='par_1_86' title="bbox 2127 4157 3788 4234">
     <span class='ocr_line' id='line_1_86' title="bbox 2127 4157 3788 4234; baseline 0 -20"><span class='ocrx_word' id='word_1_625' title='bbox 2127 4158 2274 4215; x_wconf 73' lang='grc' dir='ltr'>ἀλλὰ</span> <span class='ocrx_word' id='word_1_626' title='bbox 2304 4161 2393 4215; x_wconf 82' lang='grc' dir='ltr'><strong>καὶ</strong></span> <span class='ocrx_word' id='word_1_627' title='bbox 2426 4160 2476 4215; x_wconf 82' lang='grc' dir='ltr'>ἐν</span> <span class='ocrx_word' id='word_1_628' title='bbox 2508 4161 2687 4233; x_wconf 81' lang='grc' dir='ltr'>τούτῳ</span> <span class='ocrx_word' id='word_1_629' title='bbox 2719 4157 2989 4216; x_wconf 75' lang='grc' dir='ltr'>δείκνυται</span> <span class='ocrx_word' id='word_1_630' title='bbox 3038 4160 3100 4214; x_wconf 88' lang='grc' dir='ltr'><strong>τὸ</strong></span> <span class='ocrx_word' id='word_1_631' title='bbox 3133 4161 3439 4234; x_wconf 84' lang='grc' dir='ltr'>ἀμέτρητον</span> <span class='ocrx_word' id='word_1_632' title='bbox 3483 4157 3575 4213; x_wconf 82' lang='lat' dir='ltr'><strong>xui</strong></span> <span class='ocrx_word' id='word_1_633' title='bbox 3615 4160 3788 4232; x_wconf 78' lang='grc' dir='ltr'>ἀνεξι-</span> 
     </span>
    </p>
   </div>
   <div class='ocr_carea' id='block_1_87' title="bbox 2125 4245 3793 4324">
    <p class='ocr_par' dir='ltr' id='par_1_87' title="bbox 2125 4245 3793 4324">
     <span class='ocr_line' id='line_1_87' title="bbox 2125 4245 3793 4324; baseline -0.001 -20"><span class='ocrx_word' id='word_1_634' title='bbox 2125 4249 2380 4324; x_wconf 88' lang='grc' dir='ltr'>χνίαστον</span> <span class='ocrx_word' id='word_1_635' title='bbox 2415 4249 2568 4313; x_wconf 80' lang='grc' dir='ltr'>ἕλεος</span> <span class='ocrx_word' id='word_1_636' title='bbox 2593 4254 2690 4304; x_wconf 90' lang='grc' dir='ltr'><strong>τοῦ</strong></span> <span class='ocrx_word' id='word_1_637' title='bbox 2738 4254 2893 4321; x_wconf 78' lang='grc' dir='ltr'>Θεοῦ,</span> <span class='ocrx_word' id='word_1_638' title='bbox 2927 4249 3010 4304; x_wconf 74' lang='grc' dir='ltr'>ὅτι</span> <span class='ocrx_word' id='word_1_639' title='bbox 3058 4249 3149 4303; x_wconf 82' lang='grc' dir='ltr'><strong>καὶ</strong></span> <span class='ocrx_word' id='word_1_640' title='bbox 3193 4254 3309 4310; x_wconf 80' lang='grc' dir='ltr'>τοῖς</span> <span class='ocrx_word' id='word_1_641' title='bbox 3340 4245 3567 4303; x_wconf 88' lang='grc' dir='ltr'>δοκοῦσι</span> <span class='ocrx_word' id='word_1_642' title='bbox 3604 4249 3680 4321; x_wconf 87' lang='grc' dir='ltr'>μὴ</span> <span class='ocrx_word' id='word_1_643' title='bbox 3714 4249 3793 4303; x_wconf 73' lang='grc' dir='ltr'><strong>εἶ-</strong></span> 
     </span>
    </p>
   </div>
   <div class='ocr_carea' id='block_1_88' title="bbox 2122 4333 3792 4416">
    <p class='ocr_par' dir='ltr' id='par_1_88' title="bbox 2122 4333 3792 4416">
     <span class='ocr_line' id='line_1_88' title="bbox 2122 4333 3792 4416; baseline -0.001 -23"><span class='ocrx_word' id='word_1_644' title='bbox 2122 4360 2209 4394; x_wconf 89' lang='grc' dir='ltr'><strong>ναι</strong></span> <span class='ocrx_word' id='word_1_645' title='bbox 2238 4346 2339 4409; x_wconf 83' lang='grc' dir='ltr'>τῆς</span> <span class='ocrx_word' id='word_1_646' title='bbox 2375 4336 2598 4415; x_wconf 83' lang='grc' dir='ltr'>μερίδος</span> <span class='ocrx_word' id='word_1_647' title='bbox 2629 4337 2820 4408; x_wconf 76' lang='grc' dir='ltr'>αὐτοῦ,</span> <span class='ocrx_word' id='word_1_648' title='bbox 2855 4337 2993 4394; x_wconf 63' lang='grc' dir='ltr'>ἴδιον</span> <span class='ocrx_word' id='word_1_649' title='bbox 3027 4337 3260 4414; x_wconf 79' lang='grc' dir='ltr'>ἄγγελον</span> <span class='ocrx_word' id='word_1_650' title='bbox 3304 4333 3645 4414; x_wconf 75' lang='grc' dir='ltr'>προεϐάλετο</span> <span class='ocrx_word' id='word_1_651' title='bbox 3693 4337 3792 4416; x_wconf 72' lang='grc' dir='ltr'><strong>φύ-</strong></span> 
     </span>
    </p>
   </div>
   <div class='ocr_carea' id='block_1_89' title="bbox 358 4423 2020 4504">
    <p class='ocr_par' dir='ltr' id='par_1_89' title="bbox 358 4425 2016 4500">
     <span class='ocr_line' id='line_1_89' title="bbox 358 4425 2016 4500; baseline 0.005 -22"><span class='ocrx_word' id='word_1_652' title='bbox 358 4426 618 4480; x_wconf 87' lang='lat' dir='ltr'><strong>stodem:</strong></span> <span class='ocrx_word' id='word_1_653' title='bbox 646 4425 802 4482; x_wconf 89' lang='lat' dir='ltr'><strong>Oriri</strong></span> <span class='ocrx_word' id='word_1_654' title='bbox 826 4429 975 4484; x_wconf 82' lang='lat' dir='ltr'><strong>enim</strong></span> <span class='ocrx_word' id='word_1_655' title='bbox 993 4430 1134 4497; x_wconf 80' lang='lat' dir='ltr'><strong>facit</strong></span> <span class='ocrx_word' id='word_1_656' title='bbox 1156 4428 1326 4484; x_wconf 87' lang='lat' dir='ltr'><strong>solem</strong></span> <span class='ocrx_word' id='word_1_657' title='bbox 1354 4444 1516 4483; x_wconf 86' lang='lat' dir='ltr'><strong>suum</strong></span> <span class='ocrx_word' id='word_1_658' title='bbox 1553 4445 1720 4500; x_wconf 84' lang='lat' dir='ltr'><strong>super</strong></span> <span class='ocrx_word' id='word_1_659' title='bbox 1757 4429 1938 4499; x_wconf 85' lang='lat' dir='ltr'><strong>justas</strong></span> <span class='ocrx_word' id='word_1_660' title='bbox 1965 4439 2016 4487; x_wconf 87' lang='lat' dir='ltr'><strong>et</strong></span> 
     </span>
    </p>
   </div>
   <div class='ocr_carea' id='block_1_90' title="bbox 2139 4423 3786 4504">
    <p class='ocr_par' dir='ltr' id='par_1_90' title="bbox 2139 4423 3786 4504">
     <span class='ocr_line' id='line_1_90' title="bbox 2139 4423 3786 4504; baseline -0.001 -22"><span class='ocrx_word' id='word_1_661' title='bbox 2139 4433 2262 4482; x_wconf 63' lang='lat' dir='ltr'><strong>lluxu</strong></span> <span class='ocrx_word' id='word_1_662' title='bbox 2304 4432 2400 4483; x_wconf 86' lang='grc' dir='ltr'><strong>τοῦ</strong></span> <span class='ocrx_word' id='word_1_663' title='bbox 2449 4423 2666 4490; x_wconf 78' lang='grc' dir='ltr'>ἔθνους⁶</span> <span class='ocrx_word' id='word_1_664' title='bbox 2715 4426 3033 4484; x_wconf 83' lang='grc' dir='ltr'>Ἀνατέλλει</span> <span class='ocrx_word' id='word_1_665' title='bbox 3081 4427 3186 4504; x_wconf 72' lang='grc' dir='ltr'>γὰρ</span> <span class='ocrx_word' id='word_1_666' title='bbox 3244 4428 3334 4482; x_wconf 92' lang='grc' dir='ltr'><strong>τὸν</strong></span> <span class='ocrx_word' id='word_1_667' title='bbox 3393 4425 3556 4496; x_wconf 67' lang='grc' dir='ltr'>ἣλιον</span> <span class='ocrx_word' id='word_1_668' title='bbox 3617 4425 3786 4482; x_wconf 75' lang='grc' dir='ltr'>αὐτοῦ</span> 
     </span>
    </p>
   </div>
   <div class='ocr_carea' id='block_1_91' title="bbox 356 4513 2020 4591">
    <p class='ocr_par' dir='ltr' id='par_1_91' title="bbox 356 4513 2010 4591">
     <span class='ocr_line' id='line_1_91' title="bbox 356 4513 2010 4591; baseline 0.005 -24"><span class='ocrx_word' id='word_1_669' title='bbox 356 4513 592 4584; x_wconf 86' lang='lat' dir='ltr'><strong>injustas</strong></span> <span class='ocrx_word' id='word_1_670' title='bbox 614 4515 704 4587; x_wconf 78' lang='lat' dir='ltr'><strong>(i);</strong></span> <span class='ocrx_word' id='word_1_671' title='bbox 725 4517 1009 4572; x_wconf 87' lang='lat' dir='ltr'><strong>etiterum</strong></span> <span class='ocrx_word' id='word_1_672' title='bbox 1032 4534 1043 4571; x_wconf 92' lang='lat'><strong>:</strong></span> <span class='ocrx_word' id='word_1_673' title='bbox 1064 4518 1182 4573; x_wconf 89' lang='lat' dir='ltr'><strong>Non</strong></span> <span class='ocrx_word' id='word_1_674' title='bbox 1206 4516 1394 4573; x_wconf 85' lang='lat' dir='ltr'><strong>volens</strong></span> <span class='ocrx_word' id='word_1_675' title='bbox 1422 4522 1650 4573; x_wconf 86' lang='lat' dir='ltr'><strong>mortem</strong></span> <span class='ocrx_word' id='word_1_676' title='bbox 1687 4522 2010 4591; x_wconf 84' lang='lat' dir='ltr'><strong>peccatoris,</strong></span> 
     </span>
    </p>
   </div>
   <div class='ocr_carea' id='block_1_92' title="bbox 2139 4513 3782 4591">
    <p class='ocr_par' dir='ltr' id='par_1_92' title="bbox 2139 4513 3782 4590">
     <span class='ocr_line' id='line_1_92' title="bbox 2139 4513 3782 4590; baseline 0.002 -21"><span class='ocrx_word' id='word_1_677' title='bbox 2139 4516 2208 4570; x_wconf 72' lang='grc' dir='ltr'><strong>ιπὶ</strong></span> <span class='ocrx_word' id='word_1_678' title='bbox 2259 4513 2499 4580; x_wconf 81' lang='grc' dir='ltr'>δικαίους</span> <span class='ocrx_word' id='word_1_679' title='bbox 2547 4517 2634 4573; x_wconf 89' lang='lat' dir='ltr'><strong>xui</strong></span> <span class='ocrx_word' id='word_1_680' title='bbox 2689 4515 2931 4580; x_wconf 79' lang='grc' dir='ltr'>ἀδίκους.</span> <span class='ocrx_word' id='word_1_681' title='bbox 2981 4516 3077 4571; x_wconf 82' lang='grc' dir='ltr'>Καὶ</span> <span class='ocrx_word' id='word_1_682' title='bbox 3129 4514 3317 4571; x_wconf 77' lang='grc' dir='ltr'>πάλινο</span> <span class='ocrx_word' id='word_1_683' title='bbox 3364 4518 3426 4574; x_wconf 92' lang='grc' dir='ltr'>Ὁ</span> <span class='ocrx_word' id='word_1_684' title='bbox 3481 4517 3554 4590; x_wconf 82' lang='grc' dir='ltr'>μὴ</span> <span class='ocrx_word' id='word_1_685' title='bbox 3605 4515 3782 4572; x_wconf 85' lang='grc' dir='ltr'>θέλων</span> 
     </span>
    </p>
   </div>
   <div class='ocr_carea' id='block_1_93' title="bbox 355 4601 2020 4704">
    <p class='ocr_par' dir='ltr' id='par_1_93' title="bbox 355 4601 2010 4679">
     <span class='ocr_line' id='line_1_93' title="bbox 355 4601 2010 4679; baseline 0.006 -24"><span class='ocrx_word' id='word_1_686' title='bbox 355 4601 448 4656; x_wconf 85' lang='lat' dir='ltr'><strong>sed</strong></span> <span class='ocrx_word' id='word_1_687' title='bbox 469 4606 525 4658; x_wconf 89' lang='lat' dir='ltr'><strong>ut</strong></span> <span class='ocrx_word' id='word_1_688' title='bbox 553 4613 906 4662; x_wconf 88' lang='lat' dir='ltr'><strong>convertatur</strong></span> <span class='ocrx_word' id='word_1_689' title='bbox 934 4611 990 4661; x_wconf 84' lang='lat' dir='ltr'><strong>et</strong></span> <span class='ocrx_word' id='word_1_690' title='bbox 1020 4608 1169 4662; x_wconf 85' lang='lat' dir='ltr'><strong>vivat</strong></span> <span class='ocrx_word' id='word_1_691' title='bbox 1191 4606 1497 4677; x_wconf 80' lang='lat' dir='ltr'><strong>(k);verum</strong></span> <span class='ocrx_word' id='word_1_692' title='bbox 1515 4606 1697 4675; x_wconf 88' lang='lat' dir='ltr'><strong>dices,</strong></span> <span class='ocrx_word' id='word_1_693' title='bbox 1714 4610 2010 4679; x_wconf 87' lang='lat' dir='ltr'><strong>quomodo</strong></span> 
     </span>
    </p>
   </div>
   <div class='ocr_carea' id='block_1_94' title="bbox 2139 4601 3782 4704">
    <p class='ocr_par' dir='ltr' id='par_1_94' title="bbox 2139 4604 3782 4682">
     <span class='ocr_line' id='line_1_94' title="bbox 2139 4604 3782 4682; baseline 0 -22"><span class='ocrx_word' id='word_1_694' title='bbox 2139 4606 2209 4660; x_wconf 79' lang='grc' dir='ltr'>τὸν</span> <span class='ocrx_word' id='word_1_695' title='bbox 2289 4607 2516 4662; x_wconf 83' lang='grc' dir='ltr'>θάνατον</span> <span class='ocrx_word' id='word_1_696' title='bbox 2588 4611 2686 4663; x_wconf 90' lang='grc' dir='ltr'><strong>τοῦ</strong></span> <span class='ocrx_word' id='word_1_697' title='bbox 2761 4605 3117 4680; x_wconf 81' lang='grc' dir='ltr'>ἀμαρτωλοῦ,</span> <span class='ocrx_word' id='word_1_698' title='bbox 3177 4605 3251 4668; x_wconf 84' lang='grc' dir='ltr'>ὠς</span> <span class='ocrx_word' id='word_1_699' title='bbox 3328 4605 3391 4661; x_wconf 90' lang='grc' dir='ltr'><strong>τὸ</strong></span> <span class='ocrx_word' id='word_1_700' title='bbox 3463 4604 3782 4682; x_wconf 81' lang='grc' dir='ltr'>ἐπιστρέψαι</span> 
     </span>
    </p>
   </div>
   <div class='ocr_carea' id='block_1_95' title="bbox 357 4689 2020 4770">
    <p class='ocr_par' dir='ltr' id='par_1_95' title="bbox 357 4691 2009 4768">
     <span class='ocr_line' id='line_1_95' title="bbox 357 4691 2009 4768; baseline 0.006 -23"><span class='ocrx_word' id='word_1_701' title='bbox 357 4691 458 4746; x_wconf 77' lang='lat'><strong>36</strong></span> <span class='ocrx_word' id='word_1_702' title='bbox 483 4693 581 4763; x_wconf 92' lang='lat' dir='ltr'><strong>qui</strong></span> <span class='ocrx_word' id='word_1_703' title='bbox 615 4692 835 4750; x_wconf 88' lang='lat' dir='ltr'><strong>habent</strong></span> <span class='ocrx_word' id='word_1_704' title='bbox 860 4694 1101 4768; x_wconf 89' lang='lat' dir='ltr'><strong>angelos</strong></span> <span class='ocrx_word' id='word_1_705' title='bbox 1135 4695 1250 4750; x_wconf 87' lang='lat' dir='ltr'><strong>sibi</strong></span> <span class='ocrx_word' id='word_1_706' title='bbox 1279 4713 1311 4751; x_wconf 88' lang='lat' dir='ltr'><strong>a</strong></span> <span class='ocrx_word' id='word_1_707' title='bbox 1334 4700 1446 4751; x_wconf 91' lang='lat' dir='ltr'><strong>Deo</strong></span> <span class='ocrx_word' id='word_1_708' title='bbox 1471 4696 1529 4751; x_wconf 90' lang='lat' dir='ltr'><strong>in</strong></span> <span class='ocrx_word' id='word_1_709' title='bbox 1565 4712 1730 4768; x_wconf 90' lang='lat' dir='ltr'><strong>reges</strong></span> <span class='ocrx_word' id='word_1_710' title='bbox 1755 4701 1812 4752; x_wconf 90' lang='lat' dir='ltr'><strong>et</strong></span> <span class='ocrx_word' id='word_1_711' title='bbox 1832 4698 2009 4755; x_wconf 88' lang='lat' dir='ltr'><strong>duces</strong></span> 
     </span>
    </p>
   </div>
   <div class='ocr_carea' id='block_1_96' title="bbox 2139 4689 3783 4770">
    <p class='ocr_par' dir='ltr' id='par_1_96' title="bbox 2139 4689 3783 4770">
     <span class='ocr_line' id='line_1_96' title="bbox 2139 4689 3783 4770; baseline 0 -20"><span class='ocrx_word' id='word_1_712' title='bbox 2139 4695 2210 4750; x_wconf 76' lang='grc' dir='ltr'><strong>ιαὶ</strong></span> <span class='ocrx_word' id='word_1_713' title='bbox 2265 4699 2360 4769; x_wconf 78' lang='grc' dir='ltr'><strong>ζῇν</strong></span> <span class='ocrx_word' id='word_1_714' title='bbox 2423 4697 2607 4753; x_wconf 80' lang='grc' dir='ltr'>αὐτόν.</span> <span class='ocrx_word' id='word_1_715' title='bbox 2670 4693 2835 4753; x_wconf 80' lang='grc' dir='ltr'>Ἀλλ’</span> <span class='ocrx_word' id='word_1_716' title='bbox 2893 4694 3056 4769; x_wconf 74' lang='grc' dir='ltr'>έρεῖςο</span> <span class='ocrx_word' id='word_1_717' title='bbox 3120 4695 3227 4750; x_wconf 86' lang='grc' dir='ltr'>Καὶ</span> <span class='ocrx_word' id='word_1_718' title='bbox 3285 4699 3403 4756; x_wconf 81' lang='grc' dir='ltr'><strong>πῶς</strong></span> <span class='ocrx_word' id='word_1_719' title='bbox 3451 4695 3502 4750; x_wconf 80' lang='grc' dir='ltr'>οἱ</span> <span class='ocrx_word' id='word_1_720' title='bbox 3560 4689 3783 4770; x_wconf 73' lang='grc' dir='ltr'>ἔχοντες</span> 
     </span>
    </p>
   </div>
   <div class='ocr_carea' id='block_1_97' title="bbox 353 4778 2020 4861">
    <p class='ocr_par' dir='ltr' id='par_1_97' title="bbox 353 4778 2008 4850">
     <span class='ocr_line' id='line_1_97' title="bbox 353 4778 2008 4850; baseline 0.006 -16"><span class='ocrx_word' id='word_1_721' title='bbox 353 4778 544 4850; x_wconf 90' lang='lat' dir='ltr'><strong>datos,</strong></span> <span class='ocrx_word' id='word_1_722' title='bbox 578 4781 979 4840; x_wconf 87' lang='lat' dir='ltr'><strong>discesserunt</strong></span> <span class='ocrx_word' id='word_1_723' title='bbox 1037 4803 1069 4841; x_wconf 92' lang='lat' dir='ltr'><strong>a</strong></span> <span class='ocrx_word' id='word_1_724' title='bbox 1119 4785 1235 4840; x_wconf 89' lang='lat' dir='ltr'><strong>Deo</strong></span> <span class='ocrx_word' id='word_1_725' title='bbox 1265 4785 1492 4840; x_wconf 89' lang='lat' dir='ltr'><strong>vivente</strong></span> <span class='ocrx_word' id='word_1_726' title='bbox 1534 4790 1592 4840; x_wconf 92' lang='lat' dir='ltr'><strong>et</strong></span> <span class='ocrx_word' id='word_1_727' title='bbox 1615 4787 2008 4845; x_wconf 88' lang='lat' dir='ltr'><strong>adoraverunt</strong></span> 
     </span>
    </p>
   </div>
   <div class='ocr_carea' id='block_1_98' title="bbox 2139 4778 3781 4861">
    <p class='ocr_par' dir='ltr' id='par_1_98' title="bbox 2139 4782 3781 4861">
     <span class='ocr_line' id='line_1_98' title="bbox 2139 4782 3781 4861; baseline 0.001 -23"><span class='ocrx_word' id='word_1_728' title='bbox 2139 4785 2388 4861; x_wconf 80' lang='grc' dir='ltr'>ἱγγέλους</span> <span class='ocrx_word' id='word_1_729' title='bbox 2421 4786 2564 4859; x_wconf 81' lang='grc' dir='ltr'>παρὰ</span> <span class='ocrx_word' id='word_1_730' title='bbox 2593 4789 2690 4841; x_wconf 90' lang='grc' dir='ltr'><strong>τοῦ</strong></span> <span class='ocrx_word' id='word_1_731' title='bbox 2739 4789 2874 4841; x_wconf 88' lang='grc' dir='ltr'>Θεοῦ</span> <span class='ocrx_word' id='word_1_732' title='bbox 2904 4782 3230 4856; x_wconf 84' lang='grc' dir='ltr'>δεδομένους</span> <span class='ocrx_word' id='word_1_733' title='bbox 3265 4783 3341 4846; x_wconf 80' lang='grc' dir='ltr'>εἷς</span> <span class='ocrx_word' id='word_1_734' title='bbox 3376 4784 3438 4839; x_wconf 89' lang='grc' dir='ltr'><strong>τὸ</strong></span> <span class='ocrx_word' id='word_1_735' title='bbox 3479 4783 3781 4839; x_wconf 83' lang='grc' dir='ltr'>ἐπιστατεῖν</span> 
     </span>
    </p>
   </div>
   <div class='ocr_carea' id='block_1_99' title="bbox 349 4867 2020 4949">
    <p class='ocr_par' dir='ltr' id='par_1_99' title="bbox 349 4867 2007 4949">
     <span class='ocr_line' id='line_1_99' title="bbox 349 4867 2007 4949; baseline 0.006 -26"><span class='ocrx_word' id='word_1_736' title='bbox 349 4867 554 4925; x_wconf 79' lang='lat' dir='ltr'><strong>idola?</strong></span> <span class='ocrx_word' id='word_1_737' title='bbox 602 4871 861 4929; x_wconf 90' lang='lat' dir='ltr'><strong>Dicimus</strong></span> <span class='ocrx_word' id='word_1_738' title='bbox 911 4890 1146 4930; x_wconf 89' lang='lat' dir='ltr'><strong>omnem</strong></span> <span class='ocrx_word' id='word_1_739' title='bbox 1201 4873 1613 4929; x_wconf 87' lang='lat' dir='ltr'><strong>necessitatem</strong></span> <span class='ocrx_word' id='word_1_740' title='bbox 1661 4876 1731 4931; x_wconf 89' lang='lat' dir='ltr'><strong>ab</strong></span> <span class='ocrx_word' id='word_1_741' title='bbox 1786 4875 1857 4932; x_wconf 86' lang='lat' dir='ltr'><strong>iis</strong></span> <span class='ocrx_word' id='word_1_742' title='bbox 1905 4879 2007 4949; x_wconf 90' lang='lat' dir='ltr'><strong>qui</strong></span> 
     </span>
    </p>
   </div>
   <div class='ocr_carea' id='block_1_100' title="bbox 2139 4867 3781 4949">
    <p class='ocr_par' dir='ltr' id='par_1_100' title="bbox 2139 4872 3781 4949">
     <span class='ocr_line' id='line_1_100' title="bbox 2139 4872 3781 4949; baseline 0.001 -22"><span class='ocrx_word' id='word_1_743' title='bbox 2139 4874 2207 4928; x_wconf 81' lang='grc' dir='ltr'><strong>ιαὶ</strong></span> <span class='ocrx_word' id='word_1_744' title='bbox 2234 4877 2482 4949; x_wconf 83' lang='grc' dir='ltr'>ἡγεῖσθαι</span> <span class='ocrx_word' id='word_1_745' title='bbox 2516 4877 2718 4946; x_wconf 81' lang='grc' dir='ltr'>αὐτῶν,</span> <span class='ocrx_word' id='word_1_746' title='bbox 2752 4874 3058 4944; x_wconf 83' lang='grc' dir='ltr'>ἀπέστησαν</span> <span class='ocrx_word' id='word_1_747' title='bbox 3106 4872 3212 4928; x_wconf 76' lang='grc' dir='ltr'><strong>ὄιπὸ</strong></span> <span class='ocrx_word' id='word_1_748' title='bbox 3261 4877 3399 4928; x_wconf 84' lang='grc' dir='ltr'>Θεοῦ</span> <span class='ocrx_word' id='word_1_749' title='bbox 3433 4877 3654 4942; x_wconf 82' lang='grc' dir='ltr'>ζῶντος,</span> <span class='ocrx_word' id='word_1_750' title='bbox 3687 4873 3781 4929; x_wconf 86' lang='grc' dir='ltr'><strong>καὶ</strong></span> 
     </span>
    </p>
   </div>
   <div class='ocr_carea' id='block_1_101' title="bbox 347 4956 2020 5040">
    <p class='ocr_par' dir='ltr' id='par_1_101' title="bbox 347 4956 2005 5030">
     <span class='ocr_line' id='line_1_101' title="bbox 347 4956 2005 5030; baseline 0.004 -17"><span class='ocrx_word' id='word_1_751' title='bbox 347 4956 534 5014; x_wconf 90' lang='lat' dir='ltr'><strong>Deum</strong></span> <span class='ocrx_word' id='word_1_752' title='bbox 569 4958 873 5018; x_wconf 90' lang='lat' dir='ltr'><strong>intuentur</strong></span> <span class='ocrx_word' id='word_1_753' title='bbox 904 4963 1205 5030; x_wconf 83' lang='lat' dir='ltr'><strong>abactam;</strong></span> <span class='ocrx_word' id='word_1_754' title='bbox 1231 4967 1436 5017; x_wconf 90' lang='lat' dir='ltr'><strong>contra</strong></span> <span class='ocrx_word' id='word_1_755' title='bbox 1465 4979 1601 5018; x_wconf 91' lang='lat' dir='ltr'><strong>vero</strong></span> <span class='ocrx_word' id='word_1_756' title='bbox 1631 4962 1884 5020; x_wconf 90' lang='lat' dir='ltr'><strong>liberum</strong></span> <span class='ocrx_word' id='word_1_757' title='bbox 1909 4981 2005 5020; x_wconf 89' lang='lat' dir='ltr'><strong>ar-</strong></span> 
     </span>
    </p>
   </div>
   <div class='ocr_carea' id='block_1_102' title="bbox 2139 4956 3779 5040">
    <p class='ocr_par' dir='ltr' id='par_1_102' title="bbox 2139 4962 3779 5040">
     <span class='ocr_line' id='line_1_102' title="bbox 2139 4962 3779 5040; baseline -0.001 -23"><span class='ocrx_word' id='word_1_758' title='bbox 2139 4963 2516 5036; x_wconf 76' lang='grc' dir='ltr'>τροσεκύνησαν</span> <span class='ocrx_word' id='word_1_759' title='bbox 2570 4963 2873 5034; x_wconf 76' lang='grc' dir='ltr'>εἷδώλοις;</span> <span class='ocrx_word' id='word_1_760' title='bbox 2920 4962 3183 5040; x_wconf 87' lang='grc' dir='ltr'>Λέγομεν,</span> <span class='ocrx_word' id='word_1_761' title='bbox 3242 4965 3326 5019; x_wconf 80' lang='grc' dir='ltr'><strong>δτι</strong></span> <span class='ocrx_word' id='word_1_762' title='bbox 3375 4968 3520 5017; x_wconf 78' lang='grc' dir='ltr'>πᾶσα</span> <span class='ocrx_word' id='word_1_763' title='bbox 3567 4963 3779 5037; x_wconf 81' lang='grc' dir='ltr'>ἀνάγκη</span> 
     </span>
    </p>
   </div>
   <div class='ocr_carea' id='block_1_103' title="bbox 345 5045 2020 5131">
    <p class='ocr_par' dir='ltr' id='par_1_103' title="bbox 345 5045 2001 5125">
     <span class='ocr_line' id='line_1_103' title="bbox 345 5045 2001 5125; baseline 0.005 -23"><span class='ocrx_word' id='word_1_764' title='bbox 345 5045 590 5105; x_wconf 87' lang='lat' dir='ltr'><strong>bitrium</strong></span> <span class='ocrx_word' id='word_1_765' title='bbox 614 5049 1046 5120; x_wconf 88' lang='lat' dir='ltr'><strong>introductum;</strong></span> <span class='ocrx_word' id='word_1_766' title='bbox 1082 5051 1131 5108; x_wconf 90' lang='lat' dir='ltr'><strong>si</strong></span> <span class='ocrx_word' id='word_1_767' title='bbox 1163 5052 1296 5122; x_wconf 88' lang='lat' dir='ltr'><strong>quis</strong></span> <span class='ocrx_word' id='word_1_768' title='bbox 1317 5051 1500 5124; x_wconf 88' lang='lat' dir='ltr'><strong>igitur</strong></span> <span class='ocrx_word' id='word_1_769' title='bbox 1525 5051 1702 5125; x_wconf 89' lang='lat' dir='ltr'><strong>eligat</strong></span> <span class='ocrx_word' id='word_1_770' title='bbox 1730 5070 1866 5109; x_wconf 88' lang='lat' dir='ltr'><strong>cum</strong></span> <span class='ocrx_word' id='word_1_771' title='bbox 1890 5058 2001 5110; x_wconf 89' lang='lat' dir='ltr'><strong>Deo</strong></span> 
     </span>
    </p>
   </div>
   <div class='ocr_carea' id='block_1_104' title="bbox 2139 5045 3781 5131">
    <p class='ocr_par' dir='ltr' id='par_1_104' title="bbox 2139 5050 3781 5131">
     <span class='ocr_line' id='line_1_104' title="bbox 2139 5050 3781 5131; baseline 0 -25"><span class='ocrx_word' id='word_1_772' title='bbox 2139 5074 2177 5107; x_wconf 26' lang='lat' dir='ltr'><strong>lx</strong></span> <span class='ocrx_word' id='word_1_773' title='bbox 2195 5057 2302 5108; x_wconf 82' lang='grc' dir='ltr'><strong>τῶν</strong></span> <span class='ocrx_word' id='word_1_774' title='bbox 2338 5051 2416 5116; x_wconf 73' lang='grc' dir='ltr'><strong>εἷς</strong></span> <span class='ocrx_word' id='word_1_775' title='bbox 2447 5054 2576 5110; x_wconf 90' lang='grc' dir='ltr'>Θεὸν</span> <span class='ocrx_word' id='word_1_776' title='bbox 2606 5054 2860 5131; x_wconf 86' lang='grc' dir='ltr'>ὁρώντων</span> <span class='ocrx_word' id='word_1_777' title='bbox 2895 5051 3166 5126; x_wconf 76' lang='grc' dir='ltr'>ἐλήλαται</span> <span class='ocrx_word' id='word_1_778' title='bbox 3208 5050 3298 5108; x_wconf 85' lang='grc' dir='ltr'><strong>καὶ</strong></span> <span class='ocrx_word' id='word_1_779' title='bbox 3347 5051 3685 5127; x_wconf 79' lang='grc' dir='ltr'>ἀντεισήχθη</span> <span class='ocrx_word' id='word_1_780' title='bbox 3715 5053 3781 5106; x_wconf 88' lang='grc' dir='ltr'><strong>τὸ</strong></span> 
     </span>
    </p>
   </div>
   <div class='ocr_carea' id='block_1_105' title="bbox 413 5285 2020 5363">
    <p class='ocr_par' dir='ltr' id='par_1_105' title="bbox 413 5285 2020 5363">
     <span class='ocr_line' id='line_1_105' title="bbox 413 5285 2020 5363; baseline 0.004 -24"><span class='ocrx_word' id='word_1_781' title='bbox 413 5285 495 5358; x_wconf 84' lang='lat' dir='ltr'><strong>(h)</strong></span> <span class='ocrx_word' id='word_1_782' title='bbox 529 5287 695 5343; x_wconf 88' lang='lat' dir='ltr'><strong>Deut.</strong></span> <span class='ocrx_word' id='word_1_783' title='bbox 728 5301 907 5352; x_wconf 62' lang='grc' dir='ltr'>χχχιι,</span> <span class='ocrx_word' id='word_1_784' title='bbox 936 5286 992 5354; x_wconf 89' lang='grc'>8,</span> <span class='ocrx_word' id='word_1_785' title='bbox 1022 5287 1076 5345; x_wconf 90' lang='lat'><strong>9.</strong></span> <span class='ocrx_word' id='word_1_786' title='bbox 1153 5288 1218 5361; x_wconf 85' lang='lat' dir='ltr'><strong>(i)</strong></span> <span class='ocrx_word' id='word_1_787' title='bbox 1251 5287 1462 5346; x_wconf 90' lang='lat' dir='ltr'><strong>Matth.</strong></span> <span class='ocrx_word' id='word_1_788' title='bbox 1495 5305 1553 5360; x_wconf 91' lang='lat' dir='ltr'><strong>v,</strong></span> <span class='ocrx_word' id='word_1_789' title='bbox 1586 5288 1673 5344; x_wconf 83' lang='grc'><strong>45.</strong></span> <span class='ocrx_word' id='word_1_790' title='bbox 1754 5288 1831 5363; x_wconf 75' lang='grc' dir='ltr'><strong>(Ιί)</strong></span> <span class='ocrx_word' id='word_1_791' title='bbox 1863 5288 2020 5348; x_wconf 89' lang='lat' dir='ltr'><strong>Ezec]</strong></span> 
     </span>
    </p>
   </div>
   <div class='ocr_carea' id='block_1_106' title="bbox 2139 5285 2396 5363">
    <p class='ocr_par' dir='ltr' id='par_1_106' title="bbox 2144 5291 2396 5361">
     <span class='ocr_line' id='line_1_106' title="bbox 2144 5291 2396 5361; baseline 0.008 -15"><span class='ocrx_word' id='word_1_792' title='bbox 2144 5307 2309 5361; x_wconf 65' lang='grc' dir='ltr'>χχιιι,</span> <span class='ocrx_word' id='word_1_793' title='bbox 2342 5291 2396 5348; x_wconf 91' lang='lat'><strong>9.</strong></span> 
     </span>
    </p>
   </div>
   <div class='ocr_carea' id='block_1_107' title="bbox 1345 5523 2754 5585">
    <p class='ocr_par' dir='ltr' id='par_1_107' title="bbox 1345 5523 2754 5585">
     <span class='ocr_line' id='line_1_107' title="bbox 1345 5523 2754 5585; baseline 0.004 -7"><span class='ocrx_word' id='word_1_794' title='bbox 1345 5523 1586 5582; x_wconf 78' lang='lat' dir='ltr'><strong>VARUE</strong></span> <span class='ocrx_word' id='word_1_795' title='bbox 1624 5523 2024 5581; x_wconf 87' lang='lat' dir='ltr'><strong>LECTIONES</strong></span> <span class='ocrx_word' id='word_1_796' title='bbox 2063 5523 2155 5581; x_wconf 88' lang='lat' dir='ltr'>ET</span> <span class='ocrx_word' id='word_1_797' title='bbox 2194 5524 2754 5585; x_wconf 82' lang='lat' dir='ltr'><strong>CORRECTIONES.</strong></span> 
     </span>
    </p>
   </div>
   <div class='ocr_carea' id='block_1_108' title="bbox 412 5693 2020 5784">
    <p class='ocr_par' dir='ltr' id='par_1_108' title="bbox 412 5693 2020 5781">
     <span class='ocr_line' id='line_1_108' title="bbox 412 5693 2020 5781; baseline 0.007 -31"><span class='ocrx_word' id='word_1_798' title='bbox 412 5698 459 5734; x_wconf 65' lang='grc'>⁵⁸</span> <span class='ocrx_word' id='word_1_799' title='bbox 490 5693 870 5754; x_wconf 83' lang='grc' dir='ltr'>ἆπεκάλυπτον</span> <span class='ocrx_word' id='word_1_800' title='bbox 901 5701 989 5754; x_wconf 82' lang='grc' dir='ltr'><strong>καὶ</strong></span> <span class='ocrx_word' id='word_1_801' title='bbox 1023 5706 1164 5780; x_wconf 77' lang='grc' dir='ltr'>σαφῆ</span> <span class='ocrx_word' id='word_1_802' title='bbox 1191 5697 1405 5758; x_wconf 80' lang='grc' dir='ltr'>ἐποίουν</span> <span class='ocrx_word' id='word_1_803' title='bbox 1437 5703 1502 5759; x_wconf 84' lang='grc' dir='ltr'>τὰ</span> <span class='ocrx_word' id='word_1_804' title='bbox 1533 5705 1699 5781; x_wconf 84' lang='grc' dir='ltr'>ὁράμ.</span> <span class='ocrx_word' id='word_1_805' title='bbox 1734 5705 1982 5764; x_wconf 74' lang='lat' dir='ltr'><strong>Visiones</strong></span> <span class='ocrx_word' id='word_1_806' title='bbox 2012 5722 2020 5762; x_wconf 77' lang='grc' dir='ltr'><strong>ι</strong></span> 
     </span>
    </p>
   </div>
   <div class='ocr_carea' id='block_1_109' title="bbox 2139 5693 3759 5784">
    <p class='ocr_par' dir='ltr' id='par_1_109' title="bbox 2139 5700 3759 5784">
     <span class='ocr_line' id='line_1_109' title="bbox 2139 5700 3759 5784; baseline 0.001 -23"><span class='ocrx_word' id='word_1_807' title='bbox 2139 5704 2342 5764; x_wconf 81' lang='lat' dir='ltr'><strong>labant</strong></span> <span class='ocrx_word' id='word_1_808' title='bbox 2368 5722 2432 5763; x_wconf 85' lang='lat' dir='ltr'><strong>ac</strong></span> <span class='ocrx_word' id='word_1_809' title='bbox 2460 5706 2918 5782; x_wconf 83' lang='lat' dir='ltr'><strong>maui/estabani.</strong></span> <span class='ocrx_word' id='word_1_810' title='bbox 2991 5706 3036 5744; x_wconf 76' lang='grc'><strong>⁸⁵</strong></span> <span class='ocrx_word' id='word_1_811' title='bbox 3066 5700 3238 5784; x_wconf 80' lang='grc' dir='ltr'>ἔχωσι</span> <span class='ocrx_word' id='word_1_812' title='bbox 3268 5701 3381 5765; x_wconf 87' lang='grc' dir='ltr'>καί.</span> <span class='ocrx_word' id='word_1_813' title='bbox 3457 5707 3501 5744; x_wconf 82' lang='grc'><strong>⁶⁶</strong></span> <span class='ocrx_word' id='word_1_814' title='bbox 3544 5703 3596 5759; x_wconf 77' lang='grc' dir='ltr'>οἱ</span> <span class='ocrx_word' id='word_1_815' title='bbox 3636 5700 3759 5782; x_wconf 82' lang='grc' dir='ltr'>γάρ.</span> 
     </span>
    </p>
   </div>
  </div>
