4134 6390
312 385 388 438 89

319 502 797 580 αὐτοπροαίρετυν
830 521 842 534 ·
898 499 1029 562 εἷίτις
1077 498 1167 555 οὖν
1225 499 1457 574 αἱρεῖται
1517 495 1608 550 σὺν
1665 497 1782 566 Θεῷ
1836 495 1992 564 εἶναι,
2024 495 2077 562 Α

319 597 645 674 φρουρεῖται
704 591 809 646 ὑπὸ
866 594 966 647 τοῦ
1029 587 1289 665 ἀγγέλου,
1318 586 1407 643 καὶ
1465 585 1756 642 τάττεται·
1792 581 1993 656 Κύριος

315 671 454 762 γὰρ,
513 683 666 762 φησὶ,
725 682 988 758 γινώσκει
1071 677 1195 734 ὁδὸν
1285 675 1552 732 δικαίων·
1614 674 1703 729 καὶ
1769 671 1984 728 πάλιν.

323 760 614 850 Νεώτερος
669 768 850 846 ἤμην,
901 769 992 825 καὶ
1051 768 1154 846 γὰρ
1212 767 1474 844 ἔγήρασα,
1533 764 1622 820 καὶ
1695 763 1794 818 οὐκ
1849 760 1996 816 εἶδον

319 862 533 920 δίκαιον
589 858 1164 936 ἐγκαταλελειμμένον
1203 876 1216 889 '
1253 853 1306 912 εἷ’
1345 877 1430 918 τις
1492 852 1550 910 δὲ
1597 855 1698 923 τήν
1757 851 1995 907 ἐναντίαν

317 955 583 1030 αἱρεῖται,
617 950 716 1006 οὐκ
744 948 1101 1026 ἀναγκάζεται
1161 947 1265 1002 ὐπὸ
1319 950 1415 1002 τοῦ
1475 943 1714 1021 ἀγγέλου
1759 940 1886 997 τόδε
1945 962 1998 1030 τι

316 1048 502 1098 ποιεῖν
533 1061 549 1074 ⁸
585 1043 746 1103 οὗτος
771 1041 874 1117 γὰρ
908 1040 936 1093 ὁ
988 1038 1108 1114 βίος
1157 1038 1247 1092 καὶ
1279 1032 1566 1106 κτηνώδτ,ς
1622 1030 1862 1106 μᾶλλον,
1907 1015 1998 1085 καιὶ

312 1133 420 1187 οὐκ
467 1130 964 1208 αὖτοπροαίρετος..
1013 1125 1235 1200 Ἀμέλει
1286 1126 1374 1181 καὶ
1437 1124 1562 1200 περὶ
1620 1127 1721 1179 τοῦ
1773 1121 1998 1197 Ἰσραήλ

316 1242 514 1300 φησιν,
569 1218 653 1275 ὅτι
703 1219 920 1293 ἥμαρτε
967 1217 1059 1272 καὶ
1121 1214 1564 1291 ἐμοσχοποίησεν
1600 1233 1612 1245 ·
1676 1211 1995 1300 Ἐπίγνωσιν

310 1297 450 1385 γὰρ,
513 1308 676 1388 φησὶ,
734 1311 870 1364 Θεοῦ
926 1306 1155 1377 ἀπώσω,
1209 1305 1300 1360 καὶ
1360 1303 1538 1358 ὀπίσω
1595 1305 1696 1371 τῆς
1771 1297 1998 1377 καρδίας

315 1421 423 1454 σου
485 1397 818 1473 ἰπορεύθης,
875 1395 1123 1453 τουτέστι
1173 1397 1238 1451 τὸ
1298 1391 1439 1450 ἴδιον
1499 1391 1719 1467 θέλημα
1782 1388 2000 1467 προετί·

319 1511 402 1564 μη
410 1509 531 1551 σας.

396 1579 505 1634 Τὸν
536 1574 799 1653 Μιχαήλ.
828 1580 949 1632 ’Ότι
990 1575 1080 1632 καὶ
1113 1577 1141 1630 ὁ
1169 1574 1411 1651 Ἰσραὴλ,
1443 1573 1492 1629 εἷ
1533 1573 1625 1630 καὶ
1689 1572 1844 1650 μερὶς
1893 1576 1999 1624 Κυ-

322 1667 449 1744 ρίου
475 1666 711 1744 ἐγένετο,
747 1663 876 1722 ἀλλ’
900 1664 991 1722 οὖν
1014 1665 1106 1720 καὶ
1137 1663 1295 1720 αὐτοὶ
1328 1660 1505 1717 ῗδικὸν
1557 1659 1784 1737 ἄγγελον
1841 1661 1996 1733 εἶχον

323 1758 420 1812 τὸν
454 1753 716 1830 Μιχαήλ.

403 1845 787 1909 Ἐθελουσίως.
839 1845 1022 1904 Τοῦτό
1073 1866 1204 1925 φησι
1257 1840 1346 1899 διὰ
1393 1842 1455 1896 τὸ
1505 1837 1851 1914 αὐτεξούσιον
1905 1834 1996 1892 καὶ
2031 1865 2080 1930 Β

333 1930 607 1994 ἆϐίαστον.

847 2049 962 2102 ΕΙΣ
1002 2045 1094 2102 ΤΟ
1133 2049 1393 2099 ΚΕΦΑΛ.
1439 2043 1495 2100 Ι’.

409 2138 438 2204 §
468 2139 513 2191 Ι.
547 2131 984 2211 Τελεταρχικῆς.
1015 2133 1428 2210 Τελεταρχικήν
1459 2131 1558 2200 τὴν
1617 2127 1863 2205 ἀρχηγὸν
1913 2147 1981 2181 κα

330 2221 515 2278 αἰτίαν
549 2229 651 2292 τῆς
685 2224 866 2280 αὐτῶν
892 2222 1255 2287 τελειώσεως.

1997 2107 2015 2165 2

410 2401 780 2480 Κρυφιωτέρα
839 2404 960 2477 μέν.
1022 2403 1342 2476 Σημείωσαι
1403 2400 1486 2457 ὅτι
1545 2398 1772 2457 ἐνταῦθα
1821 2402 2004 2477 σαφῶς

331 2489 532 2562 δηλοῖ,
567 2489 660 2546 διὰ
689 2491 850 2547 ποίαν
881 2490 1052 2546 αῗτίαν
1085 2493 1139 2546 αἱ
1167 2491 1346 2562 τάξεις
1375 2494 1484 2546 τῶν
1541 2489 1808 2565 οὐρανίων
1842 2485 2003 2542 δυνά-

336 2603 492 2653 μεων
550 2580 726 2643 οὕτως
775 2581 932 2651 εἰσὶν,
966 2580 1103 2636 ὥστε
1154 2583 1254 2651 τήν
1318 2580 1412 2653 μὶν
1463 2578 1755 2655 ὑπερτέραν
1814 2580 1952 2632 εἶναι
1986 2595 1999 2609 ο

328 2672 434 2738 τήν
473 2667 532 2725 δὲ
571 2669 740 2744 μέσην
777 2690 790 2702 ·
819 2672 919 2739 τὴν
955 2669 1012 2725 δὲ
1041 2669 1352 2726 τελευταίαν
1389 2689 1401 2702 ·
1436 2669 1580 2746 λέγει
1613 2669 1715 2746 γὰρ
1765 2665 1854 2722 διὰ
1898 2667 1997 2734 τὴν

333 2761 616 2837 ἀνωτέραν
667 2760 838 2832 τάξιν,
871 2759 994 2830 ἥτις
1039 2759 1150 2816 ἐστὶ
1201 2759 1406 2836 θρόνοι,
1461 2759 1718 2837 σεραφὶμ,
1769 2757 1858 2813 καὶ
1909 2777 2002 2831 χε-

337 2845 572 2926 ρουϐἰμ,
603 2851 687 2905 ὅτι
739 2850 829 2905 ὑπ’
857 2849 1026 2919 αὐτῆς
1066 2857 1166 2921 τῆς
1216 2850 1360 2912 Θείας
1409 2851 1660 2925 γνώσεως
1718 2846 2002 2921 ἑλλαμπό-

341 2959 526 3012 μεναι,
563 2935 656 2994 διὰ
709 2940 772 2994 τὸ
813 2939 1036 3013 ἀμέσως
1084 2940 1168 2994 ἐπ’
1196 2938 1365 3009 αὐτὴν
1415 2937 1866 3006 ἰπανατείνεσθαι,
1910 2935 2001 2991 καὶ

343 3030 421 3101 μὴ
455 3026 609 3104 ἔχειν
657 3030 719 3084 τὸ
767 3025 1184 3104 προλαμϐάνον,
1220 3026 1393 3092 οὕτως
1443 3029 1530 3084 ὑπ’
1561 3027 1729 3098 αὐτῆς
1769 3033 1869 3096 τῆς
1915 3047 2002 3082 τε-

337 3117 648 3194 λεταρχίας
698 3122 796 3187 τῆς
847 3117 994 3183 θείας
1042 3118 1372 3193 καθαίρεται,
1413 3118 1503 3173 καὶ
1551 3118 1861 3196 φωτίζεται,
1911 3114 2002 3170 καὶ

333 3207 853 3310 τελεσιουργεῖται
890 3207 936 3264 εἰ
989 3207 1090 3284 γὰρ
1150 3207 1320 3271 οὕτως
1377 3205 1824 3282 ἑδημιουργήθη,
1865 3205 2002 3262 ὥστε
2033 3242 2075 3310 C

335 3294 532 3369 πρώτη
600 3298 758 3368 εἶναι,
792 3295 916 3352 οὔτε
944 3299 1257 3373 καθάρσεως
1316 3295 1440 3352 οὔτε
1483 3300 1768 3375 φωτισμοῦ
1800 3293 1999 3366 ἐδέετο,

339 3383 487 3439 οὕτω
517 3385 845 3459 κλασθεῖσα,
882 3387 1022 3442 ὥστε
1050 3387 1138 3442 καὶ
1189 3385 1310 3460 ἀξία
1365 3389 1502 3442 εἶναι
1529 3387 1630 3456 τῆς
1659 3385 1883 3462 πρώτης
1912 3383 2007 3439 τά·-

338 3472 494 3543 ξεως.
531 3471 758 3538 Ἀλλως
788 3497 868 3544 τε,
905 3477 1005 3550 δρα
1032 3475 1086 3531 τί
1136 3474 1285 3551 λέγει
1341 3477 1476 3549 μετὰ
1525 3475 1717 3548 μικρὸν
1776 3475 1803 3528 ὁ
1857 3479 2006 3538 θεῖος

339 3563 500 3626 οὗτος
589 3565 752 3640 ἀνὴρ,
812 3565 889 3628 ὡς
973 3566 1316 3642 κρυφιωτέρα
1401 3565 1615 3638 μᾶλλόν
1693 3562 1854 3635 ἔστιν,
1921 3565 2009 3620 ὅτι

339 3656 672 3728 νοητοτέρα,
710 3653 802 3709 καὶ
865 3652 1081 3728 μᾶλλον
1141 3654 1430 3725 ἁπλωτική
1467 3674 1480 3688 ’
1525 3654 1596 3709 ἐκ
1647 3653 1854 3710 τούτων
1903 3657 2004 3732 γὰρ

348 3738 459 3796 ἔστι
507 3742 676 3799 πλέον
723 3739 912 3799 λαϐεῖν
961 3745 1024 3799 τὸ
1055 3743 1512 3821 αὐτοπροαίρετον
1562 3743 1736 3799 αὐτῶν
1768 3764 1781 3778 ο
1811 3744 1861 3800 εἲ
1902 3748 2002 3822 γὰρ

355 3832 428 3902 μὴ
462 3831 624 3888 πλέον
659 3836 768 3888 τῶν
812 3829 1212 3907 ὑποδεεστέρων
1266 3832 1452 3903 ἧπλου
1502 3833 1722 3904 ἑαυτὴν,
1752 3834 1844 3890 καὶ
1896 3832 2004 3890 διε-

345 3927 544 3991 νοεῖτο,
580 3923 683 3978 οὐκ
730 3922 791 3978 ἃν
843 3920 1142 3993 ἐπλησίαζε
1185 3927 1302 3996 Θεῷ
1337 3943 1350 3956 ·
1397 3921 1652 3999 ἐγγίσασα
1700 3923 1758 3980 δὲ
1815 3929 1931 3997 Θεῷ
1960 3929 2004 3963 ⁸⁷

342 4011 630 4083 ἑκουσίως,
688 4016 934 4087 κρεῖττον
984 4012 1318 4089 καθαίρεται,
1378 4014 1467 4068 καὶ
1541 4014 1854 4091 φωτίζεται,
1913 4015 2005 4070 καὶ

335 4099 829 4178 τελεσιουργεῖται,
859 4100 1108 4172 τουτέστι
1141 4101 1349 4179 ἐνεργεῖ
1401 4103 1469 4158 τὰ
1522 4102 1728 4174 τέλεια,
1758 4102 1876 4159 ἀντὶ
1906 4109 2004 4159 τοῦ

332 4190 406 4243 τὰ
435 4192 564 4264 περῖ
613 4191 743 4246 Θεόν
781 4211 794 4224 ·
847 4191 939 4246 καὶ
985 4196 1148 4248 τοῦτο
1192 4191 1347 4266 οἶμαι
1398 4193 1496 4263 τήν
1547 4194 1764 4272 Γραφὴν
1828 4192 2004 4248 αἰνίτ-

331 4282 524 4334 τεσθαι
558 4299 572 4312 ’
633 4279 971 4356 Προσέλθετε
1042 4282 1179 4357 πρὸς
1262 4280 1444 4352 αὐτὸν,
1503 4281 1592 4337 καὶ
1673 4281 2000 4360 φωτίσθητε,

331 4370 424 4424 καὶ
488 4370 558 4423 τὰ
613 4370 888 4445 πρόσωπα
940 4371 1094 4444 ὑμῶν
1127 4371 1204 4444 μή
1250 4372 1622 4447 καταισχυνθῇ
1657 4390 1670 4403 °
1718 4371 1861 4427 οὕτω
1908 4370 2000 4426 καὶ

333 4457 463 4532 περὶ
521 4463 631 4513 τῶν
688 4458 877 4538 ἐφεξῆς
929 4457 1211 4534 δυνάμεων
1262 4461 1486 4532 νόησον,
1518 4459 1600 4516 ὅτι
1633 4461 1828 4532 ἑκάστη
1864 4463 2002 4517 κατὰ

329 4549 436 4618 τὴν
474 4546 679 4602 οἲκείαν
712 4548 1008 4624 ἀναλογίαν
1045 4551 1144 4624 ὁρᾷ
1171 4550 1265 4606 τὸν
1296 4550 1448 4606 Θεόν·
1481 4555 1649 4605 τοῦτο
1673 4550 1998 4628 σαφέστερον

333 4635 490 4711 λέγει
522 4637 613 4692 καὶ
644 4637 696 4692 ἐν
726 4643 808 4711 τῷ
836 4638 983 4696 τέλει
1012 4645 1109 4695 τοῦ
1140 4637 1442 4718 κεφαλαίου
1475 4638 1694 4697 τούτου.

408 4731 436 4796 §
496 4732 569 4785 II.
628 4727 1061 4807 Ἐκφαντορικοί.
1110 4731 1234 4787 Ὅτι
1303 4730 1498 4792 πάντες
1545 4730 1598 4784 οἱ
1651 4726 1875 4806 ἄγγελοι
1932 4729 2000 4786 τὰ

328 4815 485 4890 παρᾶ
526 4819 635 4871 τῶν
693 4819 800 4892 πρὸ
852 4817 1027 4874 αὐτῶν
1061 4817 1138 4880 εἷς
1168 4817 1366 4882 αὐτοὺς
1398 4814 1673 4896 φερόμενα
1701 4824 1855 4898 φῶτα
1883 4825 1999 4883 τοῖς

329 4902 753 4982 ὑποδεεστέροις
811 4907 1148 4985 ἐκφαίνουσι.
1193 4908 1337 4963 Κατᾶ
1395 4913 1583 4963 κοινοῦ
1641 4907 1880 4980 ληπτέον
1936 4910 1997 4964 τὸ

325 4993 719 5070 ἐκφαντορικοί
752 5016 764 5029 ⁸
795 4997 856 5053 ἐκ
885 5002 1019 5053 Θεοῦ
1052 4995 1110 5052 Si
1139 4997 1510 5071 κεκινημένων
1541 4999 1676 5074 φησὶ
1730 5000 1854 5074 περὶ
1897 5007 1996 5070 τῆς

325 5087 565 5160 πρώτης
590 5091 700 5142 τῶν
733 5087 922 5165 σεραφῖ
933 5110 974 5161 μ
1000 5087 1343 5164 ταξιαρχίας.

2028 4615 2078 4681 D

405 5177 683 5255 Σεραφίμ.
718 5177 818 5232 ΔΙά
845 5177 896 5232 τί
929 5177 1052 5254 περὶ
1086 5182 1192 5233 τῶν
1244 5177 1484 5256 σεραφὶμ
1541 5179 1568 5234 ὁ
1629 5184 1772 5244 θεῖος
1825 5178 1997 5254 ὕμνος

324 5266 468 5346 φησί
499 5267 824 5343 κεκραγέναι
852 5263 1035 5344 ἕτερον
1069 5269 1204 5340 πρὸς
1231 5267 1323 5324 τὸν
1371 5264 1592 5345 ἓτερον;
1628 5265 1719 5325 διὰ
1759 5270 1821 5326 τὸ
1869 5270 1997 5334 τοὺς

1030 384 1090 436 S.
1129 380 1399 434 MAXIM!
1438 373 1748 430 SCHOLIA
1787 374 1861 428 IN
1900 373 2036 427 LIB.
2076 373 2174 427 DE
2211 376 2535 436 C(ELESTI
2575 384 3046 438 HIERARCHIA.

3678 380 3750 432 90

2109 512 2258 566 esse,
2292 505 2351 556 et
2380 503 2712 561 custoditur
2760 505 2832 561 ab
2881 504 3110 576 angelo,
3141 507 3198 560 et
3229 502 3585 576 disponitur,
3631 503 3750 558 ait:

2107 586 2370 646 Dominus
2399 595 2548 649 enim
2582 597 2737 650 novit
2759 597 2911 650 viam
2929 595 3209 664 justorum
3243 593 3305 664 (ι)
3333 612 3348 663 ;
3397 597 3456 648 et
3504 608 3752 648 rursus:

2105 679 2310 735 Iunior
2334 685 2442 753 fui,
2478 686 2684 741 etenim
2703 687 2886 754 senui,
2917 689 2970 741 ct
2998 701 3110 740 non
3142 684 3258 740 vidi
3279 685 3497 756 justum
3525 683 3758 738 derelic-

2110 776 2222 822 tum
2251 771 2351 843 (γη)
2385 790 2397 828 :
2422 774 2472 829 si
2495 774 2630 846 quis
2653 780 2846 831 autem
2868 773 3223 830 contrariam
3242 773 3394 829 viam
3417 772 3612 845 eligat,
3638 789 3755 827 non

2110 859 2340 930 cogitur
2369 863 2440 918 ab
2469 864 2679 937 angelo
2712 863 2934 936 aliquid
2966 865 3110 919 certi
3159 863 3345 919 facere
3378 879 3391 917 :
3427 861 3547 917 haec
3594 861 3752 917 enim

2110 947 2240 1002 vitae
2273 951 2419 1007 ratio
2457 954 2731 1024 pecuaria
2763 954 2956 1025 potius
2989 959 3079 1009 est
3117 969 3291 1024 quam
3342 951 3524 1006 libero
3574 967 3756 1022 agens

2111 1039 2353 1096 arbitrio
2380 1059 2393 1110 ;
2420 1043 2698 1099 nimirum
2723 1045 2902 1100 etiam
2927 1044 2999 1100 de
3022 1042 3238 1099 Israele
3260 1041 3424 1110 dicit,
3449 1042 3605 1113 quod
3629 1056 3761 1112 pec-

2111 1127 2261 1183 cavit
2290 1133 2346 1183 et
2376 1129 2623 1186 vitulum
2658 1129 2833 1198 fecit;
2891 1131 3273 1200 Gogniiioncm
3319 1129 3489 1196 enim,
3541 1127 3760 1198 inquit,

2108 1217 2211 1272 Dei
2240 1221 2518 1289 reputisti,
2554 1223 2757 1292 etpost
2786 1236 2880 1276 cor
2937 1224 3092 1275 tuum
3131 1218 3458 1286 ambulasti,
3509 1217 3618 1273 hoc
3667 1219 3758 1272 est

2109 1305 2469 1366 voluntatem
2505 1310 2799 1382 propriam
2830 1308 3222 1383 praeposuisti.

2180 1577 2514 1635 Michaclem.
2551 1578 2714 1646 Quod
2746 1579 2947 1646 lsrael,
2980 1577 3088 1634 etsi
3119 1595 3256 1651 pars
3287 1577 3516 1634 Domini
3564 1577 3761 1644 fuerit,

2108 1670 2306 1722 tamen
2341 1666 2454 1739 ipsi
2489 1667 2665 1724 etiam
2698 1668 3059 1740 peculiarem
3092 1667 3365 1738 angelum
3417 1665 3758 1724 Michaelem

2109 1755 2446 1813 habuerint.

2186 1846 2526 1902 Voluntaria.
2552 1846 2670 1902 Hoc
2703 1845 2846 1901 dicit
2881 1849 3120 1917 propter
3166 1845 3469 1917 propriam
3517 1843 3762 1900 liberta-

2121 1938 2260 2003 tem,
2293 1939 2350 1991 et
2379 1952 2411 1992 a
2439 1935 2716 1992 violentia
2745 1935 3202 1992 immunitatem.

2743 2044 2816 2098 IN
2856 2042 3010 2098 CAP.
3053 2041 3126 2097 X.

2191 2130 2294 2204 §I.
2340 2133 2610 2187 Primitus
2656 2133 2938 2198 initiante,
2988 2131 3084 2186 Gr.
3127 2126 3546 2205 τελεταρχικῆς.
3597 2126 3765 2182 Τελε-

2116 2221 2410 2294 ταρχικήν,
2440 2221 2763 2294 principem
2798 2225 2856 2277 et
2884 2237 3125 2276 causam
3174 2219 3548 2292 perfectionis
3603 2219 3764 2291 ipso-

2118 2326 2272 2364 rum.

2188 2397 2469 2456 Occultior
2495 2400 2736 2472 quidem.
2769 2399 2917 2455 Nota
2947 2399 3100 2470 quod
3159 2398 3254 2454 hic
3305 2397 3615 2453 manifeste
3661 2397 3766 2452 de-

2115 2487 2318 2558 claret,
2349 2495 2586 2562 propter
2636 2507 2815 2562 quam
2860 2505 3101 2546 causam
3159 2487 3394 2544 ordines
3437 2486 3762 2543 caelestium

2111 2577 2397 2634 virtutum
2433 2579 2578 2636 tales
2610 2581 2750 2647 sint,
2786 2584 2848 2633 ut
2879 2579 2975 2634 hic
3017 2577 3260 2650 quidem
3313 2592 3630 2648 supremus
3661 2575 3758 2642 sit,

2115 2665 2224 2722 iste
2253 2669 2504 2737 medius;
2556 2661 2678 2725 ille.
2713 2685 2850 2724 vero
2901 2671 3238 2740 postremus
3285 2665 3550 2721 exsistat.
3612 2663 3766 2719 Dicit

2114 2757 2270 2812 enim
2301 2764 2537 2830 propter
2565 2773 2912 2830 supremum
2944 2756 3236 2822 ordinem,
3270 2754 3369 2826 qui
3403 2759 3491 2809 est
3540 2751 3764 2824 throni,

2115 2847 2409 2918 seraphim
2446 2852 2502 2903 et
2532 2847 2862 2906 cherubim.
2896 2846 3049 2917 quod
3079 2846 3149 2900 ab
3182 2845 3312 2916 ipsa
3341 2843 3538 2898 divina
3558 2843 3764 2914 cogni-
3829 2868 3834 2872 -

2113 2937 2271 2992 tione
2290 2937 2690 3006 illustrentur;
2716 2937 2856 3009 quia
2876 2935 3219 2991 immediate
3247 2934 3306 2988 in
3331 2933 3459 3005 ipsa
3482 2932 3761 3000 intendit,

2114 3027 2383 3099 nihilque
2404 3028 2571 3084 habet
2606 3028 2762 3099 quod
2787 3029 3173 3099 prmoccupet,
3201 3023 3284 3079 ita
3306 3024 3378 3078 ab
3403 3024 3530 3094 ipso
3563 3021 3760 3076 divino

2115 3115 2337 3171 rituum
2380 3117 2714 3189 principatu
2768 3121 3056 3188 purgatur
3102 3118 3161 3169 et
3209 3112 3542 3168 illustratur
3588 3114 3764 3181 atque

2115 3206 2437 3278 perficitur.
2469 3207 2527 3261 Si
2559 3205 2714 3262 enim
2750 3205 2834 3261 sic
2864 3209 3097 3260 creatus
3128 3206 3236 3268 est,
3270 3205 3337 3256 ut
3381 3200 3609 3272 primus
3663 3200 3763 3266 sit,

2118 3311 2309 3368 neque
2330 3296 2900 3368 expiationis,neque
2918 3291 3337 3348 illustrationis
3357 3289 3602 3362 indiget,
3627 3305 3764 3344 cum

2117 3384 2200 3440 ita
2230 3385 2460 3442 efﬁctus
2491 3387 2588 3454 sit,
2619 3390 2684 3441 ut
2711 3385 2888 3441 etiam
2921 3383 3138 3455 dignus
3168 3381 3359 3454 primo
3409 3379 3616 3434 ordine
3669 3396 3766 3434 ex-

2117 3475 2308 3531 sistat.
2340 3475 2522 3541 Alias,
2552 3476 2684 3530 vide
2712 3475 2850 3545 quid
2884 3472 3058 3546 paulo
3091 3477 3223 3544 post
3251 3470 3342 3526 vir
3389 3469 3486 3524 hic
3523 3468 3765 3524 divinus

2115 3565 2270 3622 dicat
2295 3583 2307 3620 :
2336 3566 2497 3635 Quod
2523 3567 2839 3622 abstrusior
2867 3565 3046 3632 magis
3075 3565 3171 3631 sit,
3196 3563 3330 3633 quia
3350 3558 3768 3628 intelligibitior

2114 3658 2166 3710 et
2194 3655 2442 3727 simpteac
2459 3657 2638 3727 magis
2664 3673 2677 3724 ;
2707 3671 2776 3710 ex
2807 3653 2902 3709 his
2935 3652 3091 3709 enim
3125 3655 3317 3723 potest
3333 3647 3592 3721 amplius
3617 3647 3766 3720 ipso-

2115 3761 2246 3800 rum
2277 3745 2528 3802 liberum
2561 3744 2872 3802 arbitrium
2923 3741 3154 3813 colligi:
3187 3741 3235 3796 si
3266 3739 3424 3796 enim
3481 3756 3596 3794 non
3646 3754 3767 3792 am-

2115 3833 2271 3904 plius
2300 3834 2680 3892 inferioribus
2711 3833 2976 3905 seipsum
3001 3829 3348 3904 explicabat,
3383 3833 3439 3883 et
3469 3824 3766 3897 intellige-

2116 3927 2235 3994 bat,
2268 3942 2410 3981 sane
2442 3943 2558 3981 non
2589 3924 2902 3980 accedebat
2932 3922 3002 3976 ad
3031 3921 3209 3975 Deum
3237 3935 3251 3986 ;
3280 3915 3765 3989 appropinquans

2113 4016 2270 4071 enim
2293 4016 2623 4071 voluntarie
2645 4019 2780 4080 Deo,
2805 4011 3018 4068 melius
3040 4014 3330 4081 purgatur
3350 4011 3408 4063 et
3429 4006 3767 4061 illustratur

2113 4111 2288 4176 atque
2320 4105 2642 4177 perficitur,
2692 4102 2804 4158 hoc
2860 4106 2970 4169 est,
3025 4101 3262 4171 perfecta
3319 4104 3598 4168 operatur,
3657 4110 3762 4166 pro

2111 4213 2239 4267 quae
2269 4196 2453 4252 Deum
2482 4198 2779 4267 tangunt;
2814 4197 2992 4263 atque
3031 4189 3140 4244 hoc
3190 4187 3462 4253 arbitror,
3497 4186 3762 4256 Scriptu-

2112 4300 2237 4339 ram
2269 4283 2610 4339 insinuare:
2643 4281 2891 4338 Accedite
2917 4279 2995 4335 ad
3026 4280 3224 4348 ipsum,
3256 4283 3306 4332 et
3327 4273 3758 4343 ittuminamini,

2111 4381 2161 4429 et
2190 4375 2360 4445 facies
2393 4376 2588 4430 vestrae
2615 4387 2722 4428 non
2753 4367 3163 4440 confundantur
3195 4364 3278 4438 (η)
3305 4383 3318 4421 :
3353 4364 3438 4419 ita
3486 4362 3661 4419 etiam
3689 4361 3763 4416 de

2111 4464 2208 4518 37
2244 4463 2490 4535 reliquis
2527 4461 2846 4518 virtutibus
2877 4457 3158 4528 intellige,
3194 4454 3350 4527 quod
3391 4465 3762 4523 unaquaeque

2112 4570 2214 4624 pro
2246 4569 2356 4608 sua
2388 4549 2763 4623 proportione
2791 4546 2988 4602 videat
3020 4545 3201 4600 Deum
3234 4560 3248 4610 ;
3280 4539 3619 4610 clariusque
3651 4537 3761 4592 hoc

2071 4635 2079 4709 ἶ
2111 4641 2253 4696 dicit
2281 4641 2341 4696 in
2375 4641 2489 4697 fine
2521 4640 2701 4712 hujus
2732 4635 2960 4709 capitis.

2180 4733 2308 4801 §Il.
2343 4731 2790 4804 bitcrpretantcs.
2838 4725 3000 4792 Quod
3047 4739 3247 4779 omnes
3298 4719 3489 4792 angeli
3536 4716 3765 4773 lumina

2109 4826 2182 4881 ad
2214 4840 2278 4880 se
2307 4841 2342 4880 a
2370 4821 2778 4896 superioribus
2807 4816 3021 4885 delata,
3047 4809 3548 4885 indigentioribus
3567 4805 3762 4862 decla-

2109 4917 2258 4980 rent,
2291 4910 2766 4969 subaudiendum
2798 4910 2908 4978 est,
2944 4903 3371 4974 interpretantes
3397 4913 3410 4952 :
3445 4913 3478 4952 a
3506 4896 3625 4952 Deo
3656 4911 3761 4949 au-

2108 5007 2227 5060 tem
2259 5005 2662 5075 permotorum
2692 4996 2834 5054 dicit
2865 4996 2937 5051 de
2967 4993 3159 5066 primo
3180 4986 3405 5046 ordinis
3425 4983 3762 5059 principatu

2109 5092 2584 5165 seraphinorum.

2179 5181 2497 5256 Seraphim.
2531 5180 2648 5236 Cur
2676 5177 2942 5233 divinum
2994 5171 3293 5229 canticum
3346 5167 3504 5222 dicat
3549 5165 3621 5256 de
3671 5179 3765 5256 se-

2112 5251 2366 5346 raphim,
2400 5285 2580 5327 unum
2633 5267 2706 5324 ad
2764 5265 3016 5322 alterum
3075 5258 3412 5316 clamasse?
3463 5254 3604 5328 quia
3657 5251 3767 5308 sci-

399 5428 463 5502 (ι)
495 5426 654 5485 Psal.
686 5443 728 5497 ι,
760 5427 816 5483 6.
895 5427 993 5501 (m)
1023 5427 1173 5485 Psal.
1205 5444 1396 5500 xxxvx,
1426 5427 1518 5485 25.
1597 5427 1678 5502 (η)
1709 5427 1864 5486 Psal.
1897 5445 2104 5503 χχχιιι,
2135 5431 2190 5488 6.

1345 5608 1588 5668 VARIIE
1619 5609 2015 5670 LECTIONES
2057 5609 2150 5670 ET
2181 5607 2738 5670 CORRECTIONES.

397 5723 444 5760 ⁶τ
476 5719 647 5795 αὐτῷ.
