4134 6410
373 389 440 444 91
1199 384 1568 440 APPENDIX
1608 385 1705 436 AD
1741 381 1983 436 OPERA
2019 382 2079 434 8.
2119 379 2438 436 DIONYBII
2473 381 2971 442 AREOPAGITB.

3729 383 3809 438 92

374 514 512 570 licet
543 512 720 586 primi
754 510 1116 568 annuntiant
1147 508 1424 566 secundis
1483 506 1686 563 divina
1734 504 2034 578 mysteria.

2172 504 2403 579 τρώτους
2459 503 2742 582 ἀγγέλλειν
2799 511 2917 569 τοῖς
2972 505 3247 583 δευτέροις
3299 505 3367 562 τὰ
3414 511 3532 571 θεῖα
3588 510 3804 580 μυστη-

447 695 478 767 §
517 695 615 750 ΙΙΙ.
651 696 773 749 Non
807 693 1103 747 immerito.
1137 691 1220 745 Ex
1251 688 1590 744 rudioribus
1614 685 1770 742 enim
1796 685 2032 742 institu-

375 784 639 841 tionibus
662 783 843 856 (quod
878 781 1047 837 lactis
1074 779 1538 853 potionationem
1572 775 1888 848 Apostolus
1931 791 2032 830 vo-

376 873 550 944 cavit)
584 873 655 928 ad
687 871 925 940 media;
955 874 1013 925 et
1043 870 1115 924 ab
1148 868 1241 923 his
1268 868 1336 921 ad
1374 867 1599 936 majora
1659 881 1762 920 seu
1813 864 2032 936 perfec-

379 969 579 1022 torum
611 963 807 1019 cibum
842 961 1189 1026 ascendens,
1222 964 1586 1030 postremum
1630 955 1888 1011 ostendit
1943 972 2034 1010 or-

379 1055 579 1110 dinem
610 1057 669 1108 et
694 1053 995 1107 virtutem.
1024 1050 1182 1105 Licet
1197 1064 1333 1103 vero
1355 1051 1411 1102 et
1432 1047 1547 1102 alio
1571 1046 1742 1101 modo
1765 1045 1887 1100 haec
1906 1060 2036 1116 quae

378 1143 574 1200 locum
604 1146 859 1215 tangunt
895 1139 1248 1212 intelligere,
1281 1143 1458 1210 atque
1488 1136 1747 1208 primum
1795 1135 2037 1208 quidem

380 1234 575 1290 dicere
604 1231 993 1289 intentionem
1027 1230 1097 1286 ad
1137 1229 1205 1301 {id
1253 1229 1412 1300 quod
1463 1225 1881 1300 supereminet.
1915 1224 2038 1281 Me-

381 1323 548 1378 dium
582 1326 802 1389 autem,
836 1319 1280 1377 conversionem
1311 1321 1370 1373 et
1388 1315 1860 1372 convolutionem
1885 1314 2040 1370 circa

382 1411 581 1484 ipsum
609 1430 624 1482 ;
656 1413 1025 1483 postremum
1056 1424 1213 1474 vero,
1240 1422 1373 1462 eum
1400 1405 1501 1477 qui
1527 1404 1695 1460 illum
1716 1404 1818 1476 qui
1841 1402 2040 1459 subin-

383 1500 681 1572 digentior
710 1502 822 1566 est,
853 1498 1076 1554 elevat:
1112 1497 1268 1569 quod
1301 1512 1445 1552 sane
1474 1494 1670 1568 potius
1699 1493 1760 1549 in
1813 1491 2038 1566 angelis

381 1587 858 1660 intelligendum.

455 1681 528 1734 Et
551 1679 765 1749 primo:
793 1683 850 1732 et
870 1676 1097 1733 medios.
1137 1678 1321 1749 [Nota]
1357 1675 1512 1746 quod
1566 1674 2039 1746 uniuscujusque

380 1771 650 1823 nostrum
683 1783 850 1822 mens
882 1767 1106 1840 primos
1139 1771 1198 1822 et
1224 1765 1450 1821 medios
1482 1769 1540 1819 et
1571 1769 1904 1837 postremos
1943 1781 2036 1819 or-

2142 613 2252 668 ρια.

2211 687 2366 755 §IlI.
2402 685 2515 743 Οὐκ
2564 686 2887 750 ἀπεικότως.
2942 689 3038 745 ’Ex
3091 688 3192 765 γὰρ
3247 692 3356 744 τῶν
3413 686 3804 763 ἁπλουστέρων

2147 774 2570 851 μυήσεων,ὅπερ
2600 775 2869 851 γάλακτος
2898 778 3166 851 ποτισμὸν
3199 776 3450 833 ἐκάλεσεν
3481 779 3510 832 ὁ
3533 777 3802 836 Ἀπόστο-

2145 863 2266 934 λος,
2299 866 2437 940 πρὸς
2466 866 2534 921 τά
2567 866 2725 940 μέσα,
2754 869 2844 922 καὶ
2875 867 2934 923 ἐκ
2978 868 3187 924 τούτων
3235 870 3372 945 πρὸς
3425 867 3492 923 τὰ
3552 869 3801 941 μείζονα,

2144 952 2321 1028 ἤγουν
2351 957 2450 1025 τὴν
2483 960 2589 1010 τῶν
2615 955 2841 1012 τελείων
2872 959 3081 1034 τροφὴν
3117 958 3299 1031 ἀνιὼν,
3330 957 3431 1026 τήν
3483 956 3804 1014 τελευταίαν

2149 1045 2424 1120 ἀναφαίνει
2459 1046 2602 1118 τάξιν
2629 1047 2720 1102 καὶ
2753 1044 3004 1121 δύναμιν.
3039 1048 3191 1104 Ἔστι
3245 1045 3302 1102 δὲ
3348 1047 3439 1102 καὶ
3489 1046 3686 1123 ἑτέρως
3737 1046 3811 1102 τὰ

2145 1134 2283 1190 κατὰ
2310 1136 2402 1190 τὸν
2434 1137 2600 1191 τόπον
2656 1138 2849 1206 νοῆσαι
2885 1157 2896 1168 ·
2934 1138 3023 1192 xui
3060 1137 3286 1211 πρώτην
3341 1137 3436 1210 μὶν
3487 1135 3656 1191 εἷπεῖν
3702 1137 3808 1206 τὴν

2148 1226 2285 1302 πρὸς
2312 1227 2375 1281 τὸ
2419 1225 2800 1300 ὑπερκείμενον
2852 1226 3105 1282 ἀνάτασιν
3142 1245 3154 1260 ·
3193 1225 3362 1301 μέσην
3414 1224 3470 1282 δὶ
3526 1227 3626 1296 τήν
3681 1224 3812 1301 περὶ

2149 1315 2309 1372 αὑτὸν
2338 1315 2677 1394 ἀναστροφὴν
2728 1316 2819 1371 καὶ
2871 1313 3136 1387 συνέλιξιν
3169 1336 3182 1350 ·
3229 1316 3542 1372 τελευταίαν
3590 1313 3647 1370 δὲ
3703 1316 3812 1384 τήν

2147 1407 2210 1460 τὸ
2261 1403 2645 1480 ὑποδεέστερον
2688 1405 3010 1481 ἀνάγουσαν,
3051 1405 3080 1461 ὖ
3128 1407 3215 1461 καὶ
3276 1406 3490 1480 μᾶλλον
3549 1404 3637 1460 ἐπὶ
3692 1408 3811 1459 τῶν

2147 1494 2400 1572 ἀγγέλων
2428 1494 2675 1566 νοητέον.

2223 1674 2325 1733 Καὶ
2373 1676 2594 1751 πρώτας
2635 1673 2726 1730 καὶ
2781 1675 2965 1748 μέσας.
3015 1673 3380 1749 [Σημείωσαι]
3430 1672 3514 1728 δτι
3573 1673 3811 1729 ἑκάστου

2149 1767 2310 1837 ἡμῶν
2345 1767 2373 1820 ὁ
2401 1769 2528 1826 νοῦς
2559 1765 2776 1839 πρώτας
2803 1764 2895 1820 καὶ
2951 1766 3115 1838 μέσας
3153 1765 3242 1819 καὶ
3280 1762 3596 1825 τελευταίας
3627 1761 3811 1832 τάξεις

381 1856 552 1912 dines
581 1855 816 1923 habeat,
851 1859 917 1911 ut
947 1853 1241 1925 intelligat
1267 1853 1326 1908 in
1351 1854 1468 1908 Deo
1494 1856 1616 1908 tres
1637 1851 1746 1908 hos
1773 1853 2036 1920 ordines,

2172 1851 2265 1931 ’χει
2299 1855 2375 1920 εἷς
2405 1857 2466 1911 τὸ
2497 1861 2637 1912 νοεῖν
2671 1856 2794 1932 περὶ
2825 1860 2959 1912 Θεοῦ
3005 1856 3100 1920 τὰς
3143 1862 3291 1933 τρεῖς
3336 1855 3514 1927 τάξεις
3555 1852 3752 1916 ταύτας
3796 1869 3812 1885 ⁸

385 1945 471 2000 sic
503 1943 956 2016 intelligendum
992 1947 1248 1999 mentem
1294 1957 1530 1998 omnem
1582 1941 1796 1997 habere
1839 1957 2039 1998 essen-

383 2034 534 2088 tiam
581 2033 910 2089 secundum
966 2048 1144 2104 quam
1198 2031 1458 2104 primum
1517 2029 1781 2098 exsistit;
1835 2030 2044 2086 deinde

386 2121 564 2178 etiam
589 2121 1218 2186 virtutem,secundum
1243 2137 1420 2192 quam
1439 2119 2045 2192 perdurat,postremo

389 2214 585 2268 autem
621 2211 969 2281 efﬁcaciam,
997 2211 1324 2266 secundum
1359 2226 1534 2282 quam
1567 2209 1803 2281 propria
1825 2207 2044 2264 faciens

387 2299 482 2372 pie
512 2299 652 2370 agit.
687 2299 819 2356 Haec
849 2299 1026 2356 etiam
1060 2299 1118 2354 in
1154 2300 1345 2370 capite
1375 2296 1648 2370 sequenti
1676 2296 1952 2352 declarat.

459 2387 618 2444 Unde
646 2388 780 2444 licet
810 2388 944 2444 hinc
975 2393 1175 2460 aperte
1204 2392 1262 2443 et
1293 2387 1421 2443 sine
1453 2385 1920 2442 contradictione
1951 2399 2045 2440 ac-

387 2479 606 2551 cipere,
637 2495 747 2534 nos
776 2478 952 2550 paulo
987 2482 1120 2532 ante
1149 2493 1285 2532 vera
1315 2475 1688 2548 ascripsisse.
1725 2479 1864 2530 Ecce
1887 2473 2044 2530 enim

391 2567 690 2640 quomodo
720 2567 865 2622 dicit
893 2584 906 2622 :
946 2568 1298 2638 Unaquaeque
1328 2566 1562 2621 caelestis
1592 2572 1756 2637 atque
1801 2565 2050 2618 humana

387 2672 566 2726 mens,
594 2658 808 2728 primas
828 2660 882 2710 et
905 2655 1115 2710 medias
1154 2663 1536 2725 extremasque
1583 2653 1744 2707 habet
1787 2652 2046 2707 elevatio-

393 2759 512 2811 nes,
543 2743 853 2799 secundum
883 2759 1017 2816 qua:
1043 2757 1394 2814 unaquaeque
1422 2742 1484 2812 ﬁt
1510 2742 1784 2814 particeps
1825 2740 2046 2796 divina-

389 2849 520 2888 rum
548 2837 604 2888 et
647 2832 717 2887 ad
764 2833 1083 2888 hierarchas
1127 2833 1534 2904 pertinentium
1581 2831 2045 2886 illustrationum.

392 2919 584 2977 Primo
618 2920 880 2993 quidem,
907 2920 1046 2992 quia
1067 2920 1350 2992 aequalem
1376 2919 1846 2976 dixithominum
1869 2925 1927 2975 et
1947 2935 2044 2974 su-

399 3012 701 3084 periorum
733 3013 1020 3068 virtutum
1053 3013 1344 3081 ordinem,
1366 3011 1716 3083 nullumque
1736 3011 2046 3066 hominum

393 3102 621 3157 scimus
653 3116 843 3172 neque
875 3100 1242 3173 prophetam,
1278 3117 1470 3171 neque
1494 3101 1745 3168 justum,
1771 3099 1872 3171 qui
1900 3098 2048 3154 nihil

393 3187 708 3260 peculiaris
738 3205 926 3244 causa:
960 3190 1242 3261 posuerit,
1276 3193 1342 3243 ut
1371 3190 1442 3243 ad
1485 3188 1669 3243 Deum
1725 3189 2045 3244 accederet.

2130 2109 2135 2116 '
2154 2039 2371 2111 πρῶτόν
2407 2035 2548 2092 ἐστιν
2585 2056 2597 2069 -

2153 1947 2380 2016 νοητέον
2433 1945 2623 2017 οὕτως,
2675 1944 2759 2000 ὅτι
2816 1951 2920 2008 πᾶς
2979 1950 3106 2008 νοῦς
3160 1940 3276 2022 ἔχει
3336 1944 3540 2014 οὐσίαν,
3589 1943 3710 1998 καθ’
3743 1943 3814 2011 ἣν

2633 2036 2744 2092 εἶτα
2771 2037 2864 2092 καὶ
2896 2033 3146 2110 δύναμιν,
3175 2037 3296 2100 καθ’
3325 2037 3391 2106 ἣν
3427 2033 3639 2110 διαρκεῖ
3665 2050 3678 2064 ·
3711 2053 3814 2087 τε-

2156 2127 2404 2184 λευταῖον
2439 2124 2496 2181 δὲ
2527 2126 2821 2201 ἐνέργειαν,
2852 2127 2972 2180 καθ’
3002 2128 3071 2196 ἣν
3100 2125 3168 2180 τὰ
3197 2125 3372 2181 οἰκεῖα
3422 2125 3674 2200 πράττων
3721 2119 3819 2177 εὑ-

2156 2212 2322 2273 σεϐεῖ.
2353 2219 2530 2271 Ταῦτα
2559 2217 2646 2271 καὶ
2683 2215 2734 2270 ἐν
2763 2219 2843 2288 τῷ
2874 2215 2996 2286 ἑξῆς
3025 2212 3314 2294 κεφαλαίῳ
3359 2212 3663 2292 σαφηνίζει.

2225 2397 2386 2458 ’Ὅθεν
2420 2394 2660 2459 ἐντεῦθεν
2706 2399 2890 2472 σαφῶς
2934 2393 3023 2448 καὶ
3075 2392 3481 2470 ἀναντιρῥήτως
3532 2391 3644 2448 ἔστι
3706 2391 3820 2448 λα·

2156 2478 2291 2552 ϐεῖν,
2324 2481 2407 2538 ὅτι
2441 2482 2620 2555 ἀληθῆ
2655 2488 2762 2558 πρὸ
2792 2486 2991 2560 μικροῦ
3021 2485 3441 2558 παρεγράψαμεν
3478 2502 3492 2518 ’
3528 2479 3652 2539 ἰδοὺ
3701 2483 3816 2558 γὰρ

2155 2577 2274 2636 πῶς
2336 2594 2496 2651 φησιν
2533 2615 2546 2628 .
2602 2575 2872 2634 ’Ἑκαστος
2953 2573 3204 2649 οὐράνιος
3293 2573 3384 2627 καὶ
3469 2572 3820 2647 ἀνθρώπινος

2155 2668 2278 2728 νοῦς
2321 2664 2541 2736 πρώτας
2594 2662 2685 2717 καὶ
2746 2661 2910 2735 μέσας
2980 2661 3071 2717 καὶ
3143 2659 3456 2724 τελευταίας
3505 2657 3622 2736 ἔχει
3679 2660 3818 2716 ἀνα-

2154 2754 2361 2830 γωγὰς,
2414 2755 2530 2817 καθ’
2591 2752 2653 2815 ἃς
2702 2749 2928 2814 ἕκαστος
2987 2750 3038 2805 ἐν
3102 2750 3362 2825 μετουσίᾳ
3431 2751 3636 2826 γίνεται
3697 2755 3816 2806 τῶν

2157 2846 2313 2911 θείων
2345 2847 2434 2901 καὶ
2489 2847 2819 2922 ἱεραρχικῶν
2880 2842 3234 2918 ἐλλάμψεων.
3283 2847 3504 2918 Πρῶτον
3559 2844 3678 2917 μὶν,
3727 2839 3819 2897 ὅτι

2159 2933 2279 3007 ἷ¹σην
2306 2934 2492 3013 τάξιφν
2523 2936 2636 2990 εἶπε
2682 2937 2789 2988 τῶν
2837 2934 3138 3009 ἀνθρώπων
3188 2930 3278 2988 καί
3323 2936 3432 2986 τῶν
3483 2928 3594 2989 ἅνω
3651 2929 3822 2986 δυνά-

2161 3046 2328 3100 μεων,
2359 3024 2450 3080 καὶ
2483 3021 2670 3080 οὐδένα
2697 3028 2805 3079 τῶν
2847 3023 3151 3097 ἀνθρώπων
3205 3019 3386 3095 ἴσμεν,
3419 3018 3548 3076 οὕτε
3592 3023 3823 3095 προφή-

2155 3133 2256 3184 την
2286 3109 2410 3167 οὕτε
2459 3109 2686 3181 δίκαιον,
2720 3108 2891 3184 μηδὲν
2935 3111 3089 3174 θέντα
3135 3116 3237 3179 τῆς
3291 3107 3432 3172 ίδίας
3487 3110 3822 3187 προφάσεως

2162 3202 2238 3264 εἷς
2265 3203 2328 3256 τὸ
2357 3201 2662 3272 πλησιάσαι
2691 3204 2830 3273 Θεῷ.
2862 3203 3002 3276 ’Όρα
3059 3198 3164 3275 γὰρ
3203 3199 3256 3254 τί
3287 3219 3452 3277 φησιν
3481 3199 3508 3254 ὁ
3537 3195 3646 3260 ἕως
3691 3199 3824 3274 τρί-

393 3256 540 3335 Vide
569 3279 726 3335 enim
760 3281 901 3352 quid
935 3256 1095 3336 dicat
1122 3280 1173 3336 is
1203 3256 1300 3351 qui
1333 3296 1524 3352 usque
1555 3281 1625 3335 ad
1661 3281 1900 3336 tertium
1935 3297 2046 3336 coe-

2172 3313 2257 3347 ιτου
2306 3291 2537 3366 οὐρανοῦ
2586 3256 2812 3368 φθάσας,
2846 3256 2946 3344 ὅτιΙ
2990 3256 3310 3358 ὑπωπιάζωι
3353 3309 3460 3362 μου
3516 3287 3577 3342 τὸ
3629 3256 3822 3360 σῶμα,

391 3369 518 3424 lum
551 3371 834 3442 pervenit,
867 3370 1008 3440 quia
1035 3371 1246 3439 castigo
1273 3385 1468 3442 corpus
1497 3385 1682 3425 meum
1697 3375 1750 3426 et
1781 3372 1845 3425 in
1872 3372 2044 3426 servi-

394 3462 567 3512 tatem
594 3457 802 3528 redigo,
833 3475 903 3514 ne
929 3461 1071 3530 forte
1091 3475 1215 3514 cum
1236 3459 1370 3513 aliis
1387 3459 1796 3530 praedicavero,
1823 3461 1938 3532 ipse
1966 3476 2048 3516 re-

391 3548 598 3620 probus
627 3550 846 3619 ef/iciar
869 3549 966 3620 (ο).
995 3552 1199 3604 Postea
1227 3549 1538 3605 manifeste
1562 3549 1652 3605 hic
1678 3549 1820 3605 dicit
1844 3550 2050 3606 etlibe-

399 3653 532 3691 rum
549 3637 856 3692 arbitrium
873 3637 1212 3708 angelorum
1233 3643 1292 3694 et
1312 3637 1903 3710 peculiarisipsorum
1924 3656 2052 3710 pro-

399 3727 699 3800 pensionis
728 3729 1140 3802 cupiditatem,
1173 3733 1239 3786 ut
1270 3733 1466 3785 autem
1489 3729 1688 3785 nullus
1711 3729 1890 3785 nimis
1912 3746 2050 3786 con-

401 3818 792 3874 tentiosorum
827 3819 1070 3889 rixatur,
1100 3824 1387 3892 tanquam
1417 3837 1520 3892 pro
1543 3819 1921 3876 conclusione
1951 3820 2051 3875 38

404 3907 567 3979 dicit,
601 3907 750 3964 nihil
783 3926 914 3966 esse
945 3908 1168 3965 nullius
1200 3910 1282 3966 rei
1317 3910 1587 3982 indigum
1637 3914 1696 3965 et
1742 3905 2053 3976 αὑτοτελές,

404 3997 516 4054 hoc
547 4002 635 4054 est
667 4015 699 4052 a
730 3997 924 4070 seipso
952 3999 1301 4070 perfectum,
1326 3999 1442 4055 nisi
1465 3999 1657 4055 solum
1681 4005 1890 4070 Deum,
1915 3999 2058 4054 adeo

408 4089 475 4140 ut
505 4085 698 4158 angeli
728 4090 787 4142 et
814 4085 1088 4143 homines
1121 4087 1384 4159 profectu
1416 4091 1474 4144 et
1515 4085 1869 4160 perfectione
1915 4087 2064 4142 indi-

407 4186 604 4256 geant.

1036 4279 1109 4331 IN
1139 4275 1295 4333 CAP.
1330 4273 1432 4330 ΧΙ.

481 4382 666 4452 Neque
693 4381 851 4438 enim
880 4384 1024 4439 utin
1045 4382 1258 4452 angelis
1277 4382 1458 4439 dicere
1472 4396 1782 4455 possumus.
1807 4381 2066 4437 Virtutes

413 4472 573 4528 enim
604 4473 876 4530 secundae
907 4478 1049 4530 sunt
1077 4479 1135 4530 et
1165 4474 1375 4532 mediae
1414 4474 1625 4530 triadis
1651 4477 1784 4546 post
1804 4472 2069 4529 domina-

411 4561 606 4618 tiones
634 4563 916 4620 ordinatae
948 4582 962 4632 ;
996 4564 1080 4620 ita
1111 4567 1174 4619 ut
1227 4581 1344 4620 non
1389 4564 1530 4636 quia
1567 4569 1878 4637 postremae
1907 4567 2069 4630 sunt,

2155 3381 2246 3438 xui
2323 3378 2690 3456 δουλαγωγῶ,
2771 3380 2990 3452 μήπως,
3052 3375 3248 3440 ἄλλοις
3316 3377 3573 3454 κηρύξας,
3651 3374 3822 3440 αὐτὸς

2159 3472 2424 3547 ἀδόκιμος
2471 3471 2718 3547 γένωμαι
2751 3489 2763 3502 ·
2799 3467 2986 3526 ἔπειτα
3033 3473 3216 3546 σαφῶς
3255 3466 3362 3523 ὧδέ
3393 3488 3526 3548 φησι
3569 3467 3632 3522 τὸ
3685 3466 3819 3522 αὑτ-

2160 3563 2398 3634 εξούσιον
2459 3563 2550 3616 καὶ
2605 3565 2712 3615 τῶν
2745 3557 3012 3635 ἀγγέλων,
3044 3558 3134 3614 καὶ
3163 3560 3263 3628 τὴν
3311 3565 3412 3627 τῆς
3470 3555 3610 3621 ἰδίας
3638 3555 3821 3612 αὐτῶν

2165 3655 2346 3728 ὁρμῆς
2381 3649 2586 3728 ἔφεσιν
2627 3648 2714 3704 ἵνα
2745 3647 2803 3703 δὲ
2836 3645 3031 3722 μηδεὶς
3063 3653 3171 3703 τῶν
3216 3646 3339 3704 λίαν
3391 3645 3676 3722 ἐριστικῶν
3727 3667 3821 3722 φι-

2166 3739 2484 3815 λονεικήσῃ,
2518 3740 2591 3801 ὡς
2621 3739 2673 3794 ἐν
2705 3736 2951 3812 ἐπιλόγῳ
2981 3737 3166 3816 φησῖν,
3200 3736 3283 3792 ὅτι
3317 3734 3468 3792 οὗδὶν
3525 3732 3827 3813 ἀπροσδεὲς

2167 3830 2258 3886 xui
2308 3827 2622 3897 αὐτοτελὲς,
2660 3825 2934 3883 τουτέστιν
2976 3827 3067 3906 ἀφ’
3114 3827 3305 3882 ἐαυτοῦ
3360 3825 3594 3900 τέλειον,
3634 3825 3680 3880 εί
3743 3826 3825 3898 μὴ

2175 3920 2339 3995 μόνος
2369 3921 2396 3974 ὁ
2427 3919 2558 3982 Θεός
2589 3938 2602 3952 ο
2639 3917 2777 3973 ὥστε
2808 3914 3031 3994 ἄγγελοι
3070 3918 3162 3973 καὶ
3208 3913 3484 3993 ἅνθρωποι
3531 3920 3828 3992 προκοπῆς

2170 4009 2262 4066 καὶ
2291 4006 2632 4072 τελειώσεως
2663 4006 2895 4066 δέονται.

2660 4284 2773 4337 ΕΙΣ
2812 4283 2895 4332 ΤΟ
2933 4282 3198 4334 ΚΕΦΑΛ.
3241 4279 3346 4332 ΙΔ’.

2251 4387 2331 4445 Οὗ
2388 4386 2492 4462 γὰρ
2543 4383 2684 4441 ἔστιν
2741 4385 2908 4440 εἰπεῖν
2965 4384 3041 4446 ὡς
3074 4382 3162 4439 ἐπὶ
3191 4387 3298 4439 τῶν
3330 4381 3599 4458 ἀγγέλων.
3633 4383 3702 4438 Ai
3731 4381 3838 4455 γὰρ

2181 4475 2439 4550 δυνάμεις
2513 4482 2616 4545 τῆς
2694 4471 2945 4550 δευτέρας
3030 4471 3132 4527 eici
3207 4471 3297 4527 xui
3374 4469 3542 4545 μέσης
3617 4466 3844 4547 τριάδος

2187 4566 2320 4640 μετᾶ
2347 4566 2442 4628 τὰς
2470 4565 2800 4640 κυριότητας
2825 4566 3152 4636 ταττόμεναι
3185 4580 3198 4594 °
3233 4560 3374 4616 ὥστε
3408 4559 3517 4636 οὐχ
3545 4560 3619 4622 ὡς
3649 4556 3845 4614 τελευ-

415 4666 622 4707 omnes
655 4652 890 4709 ordines
922 4654 1109 4710 vocati
1141 4653 1262 4710 sint
1291 4653 1562 4723 virtutes,
1593 4653 1749 4710 sicut
1778 4653 1838 4709 in
1893 4667 2049 4724 ange-

2181 4631 2351 4712 ταίων
2382 4631 2558 4710 αὐτῶν
2592 4631 2770 4708 οὐσῶν
2818 4631 3006 4707 πᾶσαι·
3042 4652 3097 4706 ui
3151 4651 3329 4722 τάξεις
3382 4631 3694 4720 ἐκλήθησαν
3748 4645 3847 4702 δυ-

417 4739 514 4796 lis.

488 4839 952 4899 Novissimarum.
992 4841 1219 4898 Altiora
1250 4841 1467 4898 habere
1497 4858 1622 4913 quae
1653 4840 1950 4910 inferiora,
1982 4841 2075 4895 in-

419 4930 634 4986 feriora
663 4946 798 4987 vero
832 4948 948 4986 non
976 4931 1194 4987 habere
1228 4948 1354 5002 quis
1389 4932 1638 4987 altiora:
1673 4931 1756 4987 sic
1778 4931 1954 4986 etiam
1989 4946 2078 4985 su-

418 5021 618 5092 perius
650 5021 875 5078 dictum
908 5027 1000 5078 est
1026 5038 1040 5076 :
1064 5023 1368 5094 nimirum,
1391 5024 1583 5096 prima
1605 5022 1841 5094 quidem
1865 5021 2080 5078 habere

421 5111 664 5167 omnino
687 5111 1482 5185 illustrationem,postrema
1498 5128 1635 5168 vero
1662 5112 1898 5184 partim,
1927 5111 2080 5166 sicut

421 5204 625 5271 postea
661 5199 842 5256 dicit:
877 5203 960 5256 sic
992 5202 1169 5256 etiam
1230 5201 1289 5255 in
1336 5199 1597 5258 Ecclesia
1650 5201 1904 5272 reperire
1953 5203 2078 5267 est;

421 5289 699 5345 sacerdos
730 5289 888 5346 enim
921 5294 1114 5362 potest
1145 5291 1336 5347 facere
1361 5290 1562 5347 omnia
1587 5289 1958 5360 inferiorum,
2000 5286 2080 5343 si-

424 5383 522 5436 cut
554 5379 937 5436 diaconorum
970 5384 1027 5436 et
1060 5381 1460 5453 sequentium,
1493 5380 1738 5436 diacono
1770 5381 1967 5433 autem
1989 5393 2083 5432 sa-

427 5473 732 5529 cerdotum
766 5489 984 5530 munus
1015 5473 1176 5529 obire
1203 5490 1318 5530 non
1365 5471 1770 5544 permittitur;
1819 5473 2083 5525 nostram

2181 4747 2399 4821 νάμεις,
2432 4744 2508 4807 ὡς
2537 4742 2623 4798 ἐπὶ
2657 4746 2765 4797 τῶν
2800 4739 3077 4818 ἀγγέλων.

2253 4837 2378 4893 Τῶν
2429 4833 2701 4910 ἐσχάτων.
2752 4833 2881 4889 ’Ὀτι
2928 4831 2998 4886 τὰ
3042 4834 3150 4885 τῶν
3213 4826 3462 4904 ἐσχάτων
3540 4822 3735 4902 ἔχουσι
3784 4825 3852 4882 τὰ

2190 4923 2548 5001 ὑπερκείμενα
2579 4939 2592 4954 ·
2624 4921 2692 4976 τὰ
2747 4918 2804 4976 δὲ
2849 4920 2957 4976 τῶν
2993 4919 3396 4996 ὑπερκειμένων
3454 4916 3555 4973 οὐκ
3610 4910 3728 4992 ἔχει
3782 4915 3853 4970 τὰ

2188 5010 2393 5090 ἔσχατα
2428 5033 2441 5046 ·
2477 5010 2620 5066 οὕτω
2674 5011 2765 5066 καὶ
2818 5010 3074 5085 ἀνωτέρω
3120 5006 3355 5084 εἴρηται,
3388 5003 3578 5076 ἐπειδὴ
3637 5005 3704 5060 τὰ
3755 5003 3852 5078 μὶν

2190 5108 2382 5180 πρῶτα
2413 5100 2617 5164 ὑλικῶς
2648 5096 2768 5176 ἔχει
2817 5100 2918 5168 τὴν
2967 5096 3246 5172 ἔλλαμψιν
3283 5117 3297 5129 ·
3330 5098 3398 5152 τὰ
3455 5092 3513 5151 δὲ
3563 5093 3854 5150 τελεύταῖα

2197 5197 2457 5268 μερικῶς,
2489 5191 2565 5254 ὡς
2624 5189 2816 5268 ἐφεξῆς
2873 5209 3056 5269 φησιν.
3090 5187 3250 5246 Οὕτω
3293 5186 3382 5242 καὶ
3425 5185 3476 5240 ἐν
3507 5187 3576 5259 τῇ
3611 5182 3852 5253 Ἐκκλη-

2191 5283 2281 5355 σίᾳ
2310 5277 2454 5337 ἔστιν
2482 5280 2679 5355 εὑρεῖν·
2716 5281 2743 5334 ὁ
2777 5280 2882 5355 γὰρ
2917 5277 3097 5354 ἱερεὺς
3147 5274 3365 5332 δύναται
3413 5280 3591 5332 ποιεῖν
3638 5272 3742 5329 ὅλα
3789 5271 3856 5327 τὰ

2191 5376 2302 5428 τῶν
2335 5367 2762 5443 ὑποδεεστέρων,
2798 5370 2913 5423 οἷον
2966 5365 3230 5422 διακόνων
3279 5365 3371 5422 καὶ
3417 5369 3526 5421 τῶν
3557 5361 3745 5441 ἐφεξῆς
3776 5380 3790 5393 °
3824 5359 3852 5416 ὑ

2197 5460 2255 5519 δὲ
2285 5460 2532 5521 διάκονος
2562 5459 2631 5514 τὰ
2658 5462 2766 5513 τῶν
2797 5456 2985 5534 ίερέων
3037 5455 3137 5513 οὐκ
3184 5454 3566 5531 ἐπιτέτραπται
3623 5455 3800 5507 ποιεῖν
3834 5467 3847 5481 ·

428 5561 589 5620 enim
619 5561 1013 5620 hierarchiam
1035 5562 1258 5620 imitari
1274 5560 1571 5620 ccelestem
1593 5559 1884 5628 ordinem,
1907 5574 2049 5631 supr

2198 5552 2281 5609 ὅτι
2311 5552 2416 5628 γὰρ
2445 5553 2480 5621 ἡ
2513 5551 2632 5614 καθ’
2662 5550 2812 5622 ἡμᾶς
2851 5545 3107 5624 ἱεραργία
3151 5550 3402 5621 μιμεῖται
3446 5545 3550 5614 τὴν
3599 5539 3848 5618 οὐρανίαν

503 5749 576 5822 (o)
608 5750 630 5805 Ι
662 5747 791 5806 Cor.
827 5765 905 5816 Ix,
937 5748 1029 5805 27.
