4134 6412
339 437 416 492 93
1059 445 1119 500 Β.
1160 445 1433 500 MAXIM!
1469 444 1778 500 SCHOLIA
1816 446 1888 497 IN
1929 441 2064 498 LIB.
2105 445 2203 498 DE
2239 446 2564 500 C(ELESTI
2603 445 3077 500 ﬂmmeum.
3711 439 3778 492 9!.

339 562 523 633 τάξιν,
581 561 812 636 εἴπομεν
871 555 1002 620 ἀνω.
1035 565 1234 630 Καλῶς
1269 563 1327 622 δὲ
1357 567 1662 644 προσέθηκε
1689 567 1753 621 τὸ
1785 566 2011 637 ὀΛικῶς,

2136 566 2411 624 diximus.
2454 568 2629 624 Recte
2685 571 2880 624 autem
2935 565 3208 639 apposuit
3266 565 3520 634 omnino,
3567 565 3783 636 partim

351 655 597 726 μερικῶς
649 653 755 728 γὰρ
813 655 1128 731 μετέχουσι·
1163 657 1265 726 τήν
1301 655 1544 728 σύνταξιν
1579 653 1636 711 δὲ
1666 655 1773 711 ἀπὸ
1802 660 1917 725 τοῦ,
1953 656 2017 711 οὐ

347 742 458 818 γὰρ
490 740 636 798 ἔστιν
666 742 867 816 εἰπεῖν,
895 741 1002 808 ἓως
1053 743 1160 801 ὧδε
1208 743 1290 802 δεῖ
1335 745 1582 822 συνάψαι,
1643 745 1778 820 [καὶ]
1839 746 2017 821 ἀρχὴν

347 833 685 903 ποιήσασθαι
718 840 788 905 τῆ
800 857 824 896 ς
856 834 1109 910 ἀπορίας.

423 922 615 995 Φαμὲν
644 919 723 979 δέ.
771 928 897 986 Ηῶς
940 925 1133 987 πάντες
1182 922 1434 1001 λέγονται
1487 924 1789 1000 δυνάμεις;
1829 925 2019 1001 τελευτ

343 1009 477 1066 ταία
509 1013 613 1088 γὰρ
662 1012 811 1083 τάξις
863 1015 899 1083 ἡ
931 1018 1038 1068 τῶν
1071 998 1283 1091 ἀρχῶν,
1337 1016 1427 1070 καὶ
1481 998 1869 1092 ἀρχαγγὲλων,
1927 998 2019 1068 καὶ

342 1099 602 1177 ἀγγέλων
630 1099 765 1156 ἐστί·
811 1101 900 1157 καὶ
961 1104 1116 1176 ὅμως
1146 1105 1236 1159 καὶ
1263 1103 1416 1160 αὐτοὶ
1465 1102 1719 1180 δυνάμεις
1754 1102 1897 1160 ἔστιν
1931 1103 2021 1160 ὅτε

340 1187 439 1244 ὀνο
455 1191 744 1264 μάζονται.

414 1277 518 1341 Εἷς
552 1279 740 1335 οὐσίαν
771 1280 861 1335 καὶ
893 1278 1145 1356 δύναμιν.
1177 1283 1266 1346 Ὧς
1313 1283 1365 1339 ἐν
1417 1281 1778 1361 ὑποδείγματι
1827 1282 2019 1360 ῥητέον

342 1365 532 1422 οὐσίαν
573 1369 670 1442 μὲν
704 1368 876 1425 εἰπεῖν
904 1373 1004 1441 τὴν
1045 1371 1217 1446 πυρὸς
1250 1373 1425 1451 φύσιν·
1463 1371 1693 1446 δύναμιν
1730 1371 1788 1428 δὶ
1816 1373 2018 1444 ταύτης

337 1457 406 1512 τὰ
440 1459 798 1534 φωτιστικόν·
851 1457 1120 1537 ἐνέργειαν
1173 1458 1231 1517 δὶ
1280 1463 1344 1517 τὸ
1383 1469 1482 1533 τῆς
1509 1460 1790 1537 δυνάμεως
1821 1463 2017 1518 ἀποτέ-

341 1543 552 1620 λεσμα,
582 1545 754 1625 ἤγουν
784 1550 848 1604 τὸ
881 1550 1136 1628 φωτίζειν
1169 1550 1260 1606 καὶ
1294 1550 1489 1608 καίειν.

422 1728 496 1784 “Ἡ
565 1727 827 1803 οὐρανίας
908 1727 1165 1804 δυνάμεις
1231 1729 1617 1806 ἀποκαλῶμεν.
1689 1733 2014 1806 Ὀμώνυμόν

355 1814 499 1870 ἐστιν
558 1812 738 1891 ὄνομα
793 1818 849 1872 αἱ
909 1815 1186 1893 δυνάμεις·
1248 1820 1459 1897 λέγεται
1505 1822 1606 1899 γὰρ
1662 1822 1804 1878 οὕτω
1833 1823 2015 1879 καὶτὸ

2131 658 2289 712 enim
2338 658 2822 725 communicant;
2880 656 3375 712 constructionem
3423 669 3560 708 vero
3591 653 3664 708 ab
3693 669 3784 724 eo,

2129 762 2241 802 non
2289 749 2442 802 enim
2496 747 2676 804 dicere
2718 761 3033 816 possumus,
3080 746 3390 815 hucusque
3440 746 3785 798 connectere

2131 839 2382 906 oportet,
2419 841 2474 891 et
2505 836 2864 908 principium
2898 836 3086 891 facere
3127 832 3537 889 dubitationis.

2203 926 2452 980 Dicimus
2481 931 2687 982 autem.
2724 925 3026 990 Quomodo
3057 940 3263 980 omnes
3295 922 3567 977 dicantur
3594 921 3782 976 virtu-

2131 1021 2216 1070 tes
2245 1030 2257 1069 :
2283 1019 2622 1086 postremus
2643 1014 2938 1086 siquidem
2964 1017 3105 1069 ordo
3129 1011 3588 1085 principatuum,
3613 1015 3669 1065 et
3695 1027 3782 1066 ar-

2128 1103 2548 1176 changelorum
2581 1108 2639 1160 et
2668 1103 3012 1176 angelorum
3044 1108 3172 1170 est;
3209 1106 3469 1157 attamen
3517 1100 3781 1170 quando-

2130 1209 2242 1264 que
2272 1193 2384 1266 ipsi
2417 1194 2593 1250 etiam
2624 1194 2868 1249 virtutes
2899 1193 3306 1248 nominantur.

2200 1284 2264 1338 In
2291 1284 2585 1338 essentiam
2613 1288 2666 1339 et
2690 1285 2970 1338 virtutem.
3004 1283 3310 1354 Tanquam
3350 1278 3603 1351 exempli
3649 1294 3783 1351 gra-

2129 1371 2211 1428 tia
2239 1371 2580 1442 dicendum,
2611 1372 2930 1429 essentiam
2963 1371 3202 1444 quidem
3250 1368 3581 1442 appellasse
3628 1367 3782 1440 ignis

2127 1466 2445 1530 naturam;
2477 1462 2754 1517 virtutem
2808 1477 2963 1529 vero,
3015 1459 3132 1516 vim
3179 1461 3309 1531 ejus
3357 1459 3429 1514 ad
3473 1455 3782 1513 illustran-

2129 1551 2310 1621 du'm;
2343 1551 2668 1608 efﬁcaciam
2699 1556 2918 1618 autem,
2954 1549 3190 1606 virtutis
3220 1551 3516 1620 effectum,
3551 1564 3656 1604 seu
3709 1545 3780 1602 il-

2130 1641 2423 1699 luminare
2451 1647 2510 1698 et
2538 1643 2904 1699 comburere-

2206 1732 2292 1786 Vel
2319 1733 2559 1787 cwlestes
2591 1733 2821 1787 virtute:
2869 1731 3233 1803 appellamus.
3283 1730 3504 1785 Nomen
3548 1729 3783 1784 virtutes

2127 1825 2218 1876 est
2247 1820 2700 1892 homonymum:
2734 1821 2816 1876 ita
2845 1820 3004 1876 enim
3038 1818 3371 1892 appellatur
3401 1822 3458 1874 et
3501 1817 3778 1889 preprius

359 1902 529 1960 ῗδικόν
571 1905 778 1982 τάγμα,
829 1909 1075 1964 τουτέστι
1128 1909 1192 1965 τὸ
1243 1907 1492 1986 δεύτερον
1525 1919 1625 1982 τῆς
1665 1913 1836 1985 μέσης
1860 1933 2011 1989 τρια-

2136 1909 2290 1976 ordo,
2326 1909 2383 1964 id
2417 1914 2506 1965 est
2547 1910 2844 1965 secundus
2895 1909 3099 1964 medias
3151 1907 3320 1964 trinae
3369 1905 3779 1979 dispositionis

355 1991 510 2063 δικῆς
537 1992 981 2071 διακοσμήσεως,
1031 1999 1121 2054 καὶ
1171 2004 1369 2063 κοινῶς
1408 2000 1580 2056 πάντα
1625 2003 1696 2057 τὰ
1743 2003 2012 2079 τάγματα,

348 2081 425 2144 ὡς
457 2080 690 2158 δύναμιν
722 2082 926 2162 ἔχοντά
955 2107 1097 2145 τινα.

421 2175 562 2236 Ταῖς
621 2174 959 2252 ὑφειμέναις.
1021 2178 1170 2235 Κατᾶ
1217 2183 1407 2234 κοινοῦ
1456 2181 1521 2236 τὸ
1565 2181 1713 2254 ἡμᾶς
1773 2181 2012 2254 οἰητέον.

347 2267 432 2332 Ση
446 2262 702 2336 μείωσαι,
731 2269 853 2327 πῶς
880 2265 1136 2340 ἀνωτέρω
1171 2268 1267 2341 μέν
1296 2267 1575 2344 φησιν,8τι
1609 2269 1686 2333 εἷς
1715 2271 1840 2345 τρία
1871 2268 2011 2326 διαι-

343 2354 574 2426 ροῦνται
604 2353 660 2406 αἱ
692 2352 981 2430 ἀγγελικαὶ
1009 2355 1206 2427 τάξεις,
1249 2356 1325 2419 εἷς
1382 2358 1590 2428 οὐσίαν,
1639 2361 1726 2415 καὶ
1759 2357 2012 2434 δύναμιν,

339 2440 437 2494 καὶ
491 2439 780 2518 ένέργειαν·
828 2442 1054 2508 ἐνταῦθα
1080 2441 1138 2500 δὲ
1185 2443 1334 2522 λέγει
1361 2447 1456 2503 τὸν
1488 2445 1678 2526 λόγον,
1710 2446 1780 2504 δι’
1827 2450 1886 2504 ὃν
1923 2448 2013 2505 δυ-

339 2530 546 2602 νάμεις
577 2536 744 2586 πᾶσαι
773 2533 1092 2591 καλοῦνται.

422 2623 708 2694 Περισσῶς
757 2618 950 2697 ἔχουσι
996 2622 1086 2678 καὶ
1128 2625 1243 2686 τάς.
1313 2627 1468 2681 Δοκεῖ
1509 2648 1628 2692 πως
1668 2625 1889 2683 ἐνταῦθα
1919 2629 2010 2684 λέ-

340 2727 490 2782 γειν,
552 2707 637 2763 ὅτι
685 2712 803 2765 κατ’
862 2710 1007 2781 ἀξίαν
1061 2713 1116 2766 αἱ
1175 2712 1460 2790 ἀγγελικαὶ
1493 2714 1880 2790 διακοσμήσεις
1913 2715 2011 2788 δη-

352 2802 704 2874 μιουργικῶς
733 2797 1064 2875 ἰτάχθησαν,
1119 2801 1182 2856 οὗ
1229 2808 1413 2868 σαφῶς
1445 2803 1503 2860 δὲ
1531 2810 1694 2861 τοῦτο
1743 2806 2010 2882 παρίστη-

344 2907 456 2940 σιν·
514 2885 629 2942 ἂὶνω
673 2888 777 2963 γὰρ
837 2888 890 2943 έν
933 2894 1013 2962 τῷ
1057 2893 1166 2966 πρὸ
1206 2892 1408 2948 τούτου
1456 2894 1734 2973 κεφαλαίῳ
1764 2901 2010 2970 φανερῶς

342 2976 450 3044 τήν
485 2977 669 3032 αὐτῶν
725 2975 902 3053 ἔφεσιν
952 2980 1040 3034 καὶ
1089 2976 1276 3052 νόησιν
1329 2981 1500 3059 λέγει,
1533 2983 1707 3048 αἰτίας
1743 2986 1903 3048 αὐτὰς
1935 2987 2007 3040 εἶ-

342 3085 437 3119 ναι
487 3071 590 3135 τῆς
643 3066 940 3143 ὑπερτέρας
1006 3067 1181 3125 αὐτῶν
1229 3071 1430 3142 τάξεως
1479 3073 1670 3147 ἀμέλει
1725 3074 1807 3130 ὅτι
1855 3076 2008 3131 xui“

345 3153 704 3230 καθαίρεσθαι
752 3157 842 3211 καί
902 3157 1273 3236 φωτίζεσθαι,
1331 3163 1418 3217 καὶ
1473 3162 1812 3218 τελειοῦσθαι
1863 3164 2006 3219 εἶπεν

339 3243 537 3306 αὺτάς.
595 3246 779 3302 ’Ἑστιν
831 3244 921 3300 οὖν
972 3246 1398 3325 ἐπιχειρήσαντα
1425 3251 1592 3306 εἰπεῖν
1625 3247 1884 3322 εὐσεϐῶς,
1925 3254 2007 3308 ὅτι

2128 1997 2496 2054 bierarchias:
2548 1998 3063 2070 communiterque
3110 1997 3348 2053 ordines
3401 1995 3678 2067 universi,
3713 1998 3779 2050 ut

2125 2088 2226 2159 qui
2257 2088 2534 2143 virtutem
2565 2087 2829 2159 aliquam
2863 2087 3141 2143 habeant.

2194 2174 2585 2250 Inferioribus.
2619 2177 3110 2234 Subaudiendum
3140 2174 3202 2230 τὸ
3230 2191 3330 2233 nos
3359 2173 3778 2231 arbitrandum.

2122 2271 2292 2335 Nota,
2309 2267 2604 2338 quomodo
2627 2267 2901 2338 superius
2919 2267 3158 2339 quidem
3182 2266 3339 2322 dicat
3359 2263 3659 2337 angelicas
3683 2281 3778 2320 or-

2121 2356 2292 2412 dines
2332 2355 2392 2412 in
2424 2357 2541 2412 tria
2583 2355 2784 2426 dividi,
2818 2356 2876 2411 in
2909 2355 3251 2423 essentiam,
3285 2358 3341 2411 et
3373 2355 3674 2420 virtutem,
3721 2361 3778 2410 et

2121 2446 2467 2503 efﬁcaciam.
2500 2445 2605 2501 Hic
2635 2449 2830 2502 autem
2863 2445 3006 2501 dicit
3028 2445 3315 2502 rationem
3338 2448 3576 2517 propter
3597 2459 3772 2514 quam

2121 2534 2368 2591 virtutes
2399 2551 2604 2592 omnes
2633 2541 2934 2591 vocentur.

2193 2625 2417 2680 Abunde
2443 2626 2747 2681 continent.
2781 2623 3028 2680 Videtur
3056 2624 3494 2696 quodammodo
3534 2623 3629 2679 hic
3681 2623 3772 2678 di-

2121 2731 2250 2770 cere
2280 2713 2574 2786 angelicas
2607 2713 3031 2785 descriptiones
3060 2715 3384 2770 secundum
3419 2714 3772 2769 creationem

2120 2805 2179 2860 in
2214 2804 2314 2860 89
2343 2803 2609 2859 ordinem
2643 2804 2933 2871 redactas,
2963 2819 3078 2859 non
3109 2807 3307 2859 tamen
3334 2802 3644 2859 manifeste
3666 2802 3773 2858 hoc

2121 2893 2394 2965 exponit;
2429 2909 2610 2964 supra
2640 2893 2796 2948 enim
2830 2893 2890 2947 in
2934 2893 3124 2964 capite
3156 2893 3312 2964 quod
3338 2891 3446 2947 hoc
3470 2891 3774 2963 praecedit,

2119 2987 2319 3056 aperte
2357 2982 2622 3055 ipsorum
2648 2982 3053 3054 cupiditatem,
3079 2981 3611 3038 etintellectionem
3633 2979 3776 3036 dicit

2119 3073 2281 3143 ipsas
2303 3088 2515 3128 causas
2538 3087 2669 3128 esse
2691 3071 3015 3143 superioris
3035 3071 3299 3142 ipsorum
3322 3071 3548 3127 ordinis
3575 3071 3774 3138 ;vide-

2117 3161 2255 3218 licet
2283 3163 2424 3234 quia
2454 3161 2600 3218 dixit
2629 3161 2791 3234 ipsas
2816 3159 3076 3233 purgari,
3108 3159 3390 3216 illustrari
3417 3166 3593 3232 atque
3639 3176 3776 3232 per-

2123 3251 2255 3307 ﬁci:
2290 3252 2427 3307 licet
2462 3251 2643 3323 igitur
2697 3251 3097 3322 conjecturam
3158 3249 3520 3322 aggredienti
3583 3249 3777 3305 dicere

343 3333 375 3386 ὁ
436 3333 593 3402 Θεὸς,
651 3332 923 3409 προειδὼς
969 3311 1167 3392 αὐτῶν.
1357 3347 1458 3411 τῆς
1506 3339 1737 3420 ἐφέσεως
1769 3311 2007 3416 κίνησιν,

2136 3357 2257 3397 :um
2292 3311 2530 3412 pietate,
2566 3345 2747 3396 Deum
2783 3311 3120 3411 previdisse
3151 3311 3773 3411 cupiditatisipsarum

339 3421 434 3476 καὶ
466 3423 565 3484 τὰς
621 3421 796 3478 αὐτῶν
841 3424 1018 3496 τάξεις
1051 3426 1199 3497 ἀξίας
1227 3427 1402 3484 αὐτῶν
1438 3433 1776 3506 παρήγαγεν,
1821 3429 1874 3502 ἐξ
1932 3430 2005 3485 ὦν

343 3510 447 3566 οὐκ
478 3512 542 3566 ἄν
575 3509 720 3567 εἷ’ποι
752 3533 836 3576 τις
866 3515 1030 3577 αὑτὰς
1060 3512 1311 3572 δύνασθαι
1344 3518 1610 3591 ἐκπεσεῖν,
1671 3519 1758 3574 διὰ
1786 3521 1848 3576 τὸ
1902 3519 2005 3590 ἕξιν

339 3601 468 3655 τινὰ
528 3602 830 3672 κτήσασθαι
880 3604 1018 3678 πρὸς
1071 3605 1136 3660 τὸ
1179 3605 1374 3684 ἀγαθὸν
1407 3605 1497 3662 διὰ
1524 3615 1625 3677 τῆς
1674 3605 1801 3683 ἄγαν
1845 3609 2009 3682 θελή-

348 3708 506 3752 σεως·
562 3689 693 3755 τοὺς
738 3689 796 3746 δὲ
833 3689 1124 3768 ἀγγέλους,
1181 3697 1428 3751 τουτέστι
1483 3695 1610 3760 τοὺς
1666 3695 2010 3762 τελευταίους

357 3774 686 3852 διακόσμοος
715 3777 1029 3857 ἐνδέχεσθαι
1062 3779 1193 3846 ἴσως
1222 3784 1312 3839 καὶ
1342 3783 1430 3840 ἐπὶ
1454 3785 1518 3840 τὸ
1561 3791 1750 3862 χεῖρον
1795 3794 2012 3862 τραπῆ-

351 3887 459 3922 ναι·
509 3869 655 3925 εἶπεν
708 3869 906 3935 αὐτοὺς
950 3871 1052 3948 γὰρ
1085 3873 1499 3950 περικοσμίους,
1531 3875 1582 3947 ἒξ
1609 3877 1684 3931 ὧν
1709 3877 1860 3952 οἶμαι
1919 3878 2010 3932 καὶ

342 3957 436 4012 τὸν
469 3953 733 4015 διάϐολόν
765 3980 900 4016 ποτε
927 3961 1061 4016 εἶναι
1093 3963 1200 4037 πρὸ
1226 3968 1323 4019 τοῦ
1376 3966 1453 4037 μή
1499 3965 1765 4022 ἐκπεσεῖν·
1815 3965 1906 4022 καὶ
1964 3963 2018 4022 εἷ’

337 4067 429 4109 τις
459 4046 672 4103 τούτων
705 4048 1044 4126 τελειότερον
1077 4049 1241 4124 οἶδεν,
1275 4052 1412 4109 αἰτῶ
1445 4057 1652 4128 μαθεῖν,
1688 4057 2008 4130 Σημείωσαι

343 4133 427 4206 δὲ,
479 4142 600 4200 πῶς
647 4140 786 4194 κατὰ
825 4140 973 4211 τάξιν
1023 4141 1080 4196 αἱ
1123 4140 1410 4219 ἀγγελικαὶ
1461 4141 1848 4221 διακοσμήσεις
1907 4143 2007 4219 δη-

345 4231 694 4304 μιουργικῶς
724 4231 873 4306 παρή
881 4231 1115 4306 χθησαν.

833 4413 947 4463 ΕΙΣ
987 4411 1080 4468 ΤΟ
1121 4411 1382 4468 ΚΕΦΑΛ.
1417 4413 1523 4470 ΙΒ’.

415 4501 445 4567 §
475 4498 520 4554 Ι.
552 4501 827 4568 Ζητεῖται.
863 4501 985 4561 Πῶς
1015 4500 1066 4555 οἱ
1097 4502 1216 4565 καθ’
1269 4501 1418 4576 ἡμᾶς
1467 4503 1633 4579 ἱερεῖς
1663 4500 1892 4582 ἄγγελοι
1926 4504 2012 4562 λέ-

338 4605 563 4660 γονται.

2119 3429 2461 3497 motionem,
2496 3433 2672 3500 atque
2702 3429 2966 3498 ipsarum
2999 3427 3236 3484 ordines
3269 3427 3354 3484 eis
3385 3427 3598 3499 dignos
3639 3443 3774 3499 pro-

2120 3519 2380 3587 duxisse,
2414 3535 2483 3575 ex
2511 3519 2729 3590 quibus
2760 3533 2932 3573 nemo
2964 3517 3177 3572 dixerit
3214 3517 3375 3589 ipsas
3427 3516 3621 3573 delabi
3671 3533 3774 3589 po-

2119 3609 2327 3679 tuisse,
2359 3623 2426 3664 eo
2457 3608 2616 3680 quod
2639 3607 2908 3663 habitum
2933 3607 3189 3679 aliquem
3216 3607 3284 3662 ad
3309 3607 3533 3663 bonum
3558 3606 3778 3662 habue-

2119 3698 2255 3762 rint,
2282 3701 2519 3770 propter
2539 3697 2783 3754 nimiam
2805 3697 3168 3752 voluntatem
3199 3718 3213 3765 ;
3240 3697 3479 3770 angelos
3499 3695 3776 3766 vero,hoc

2119 3792 2210 3845 est
2239 3791 2591 3861 postremos,
2616 3787 2927 3843 admittere
2950 3787 3217 3843 fortassis
3240 3787 3415 3843 etiam
3440 3786 3777 3843 conversio-

2119 3893 2254 3933 nem
2289 3878 2361 3933 ad
2395 3876 2615 3932 malum
2643 3894 2658 3932 :
2693 3875 2838 3932 dixit
2868 3877 3025 3932 enim
3059 3893 3160 3933 eos
3191 3877 3346 3931 circa
3376 3875 3665 3931 mundum
3690 3876 3777 3931 af-

2120 3966 2239 4034 ﬁci,
2272 3983 2341 4023 ex
2371 3967 2588 4039 quibus
2616 3965 2872 4023 arbitror
2900 3965 3203 4022 diabolum
3237 3965 3416 4021 etiam
3450 3965 3636 4021 fuisse
3669 3981 3776 4021 an-

2120 4061 2363 4128 tequam
2414 4057 2756 4112 corruisset.
2787 4055 2846 4110 Si
2889 4055 3126 4128 quidem
3186 4054 3404 4127 aliquis
3462 4054 3779 4127 perfectius

2121 4145 2254 4202 istis
2285 4145 2427 4218 quid
2478 4145 2726 4212 noverit,
2777 4144 3004 4201 discere
3053 4144 3304 4217 postulo.
3359 4145 3510 4203 Nota
3557 4148 3778 4213 autem,

2121 4236 2418 4308 quomodo
2466 4233 2742 4306 angelicae
2789 4233 3212 4307 descriptiones
3260 4250 3364 4307 per
3419 4233 3774 4290 creationem

2120 4325 2421 4398 productis
2452 4325 2689 4380 fuerint.

2730 4413 2804 4469 IN
2843 4413 2999 4470 CAP.
3042 4413 3166 4470 XII.

2191 4507 2218 4574 §
2249 4507 2294 4562 Ι.
2328 4505 2634 4574 Quaeritur.
2669 4505 2932 4571 Quanam
2966 4504 3190 4560 ratione
3223 4503 3558 4560 sacerdotes
3591 4501 3777 4558 nostri

2121 4595 2315 4669 angeli
2349 4595 2644 4651 dicantur.

420 4677 552 4745 δη.
587 4675 678 4750 [α’]
728 4676 916 4750 Φαμὲν
955 4675 1058 4755 γὰρ
1109 4679 1192 4735 ὅτι
1244 4679 1460 4751 ὁλικῆς.
1514 4680 1852 4755 Σημείωσαι,
1904 4684 2011 4760 ὅτι,

2191 4684 2322 4753 §II.
2357 4685 2599 4740 Dicimus
2650 4684 2802 4739 enim
2859 4683 3158 4754 integram.
3219 4681 3370 4739 Nota
3425 4680 3605 4754 quod,
3665 4679 3780 4736 etsi

335 4762 392 4819 εἲ
418 4765 508 4818 καὶ
550 4771 655 4834 τῆς
701 4769 811 4820 τῶν
845 4767 1101 4845 ἀνωτέρω
1133 4765 1414 4843 δυνάμεων
1448 4769 1770 4829 ἀποδέουσιν
1804 4772 2008 4846 ὁλότη-

331 4873 436 4915 τος
462 4854 516 4908 o't
567 4851 816 4930 ἔσχατοι,
856 4854 986 4913 ἀλλ’
1016 4858 1111 4914 οὗν
1147 4867 1378 4937 μερικῆς
1410 4860 1702 4938 μετέχουσι
1736 4862 1927 4940 σοφίας
1952 4885 2010 4919 τε

331 4941 432 4998 καὶ
463 4943 724 5019 γνώσεως
753 4944 844 5000 καὶ
877 4945 1052 5004 αὐτοί.

412 5033 512 5107 [β’]
545 5033 614 5090 Αἱ
645 5031 705 5090 δὶ
757 5041 867 5092 τῶν
929 5037 1018 5092 ὑπ’
1076 5037 1293 5103 αὐτούς.
1324 5039 1414 5104 Τίς
1466 5043 1501 5111 ἡ
1531 5043 1690 5112 ὁκικὴ
1727 5043 1889 5120 σοφία
1914 5044 2007 5100 καὶ

334 5121 582 5197 μέθεξις,
611 5125 701 5180 καὶ
732 5127 814 5188 τίς
838 5128 874 5196 ἡ
913 5130 1132 5205 μερική·
1163 5130 1226 5184 τὸ
1257 5127 1315 5186 δὶ
1341 5130 1478 5186 κατά
1525 5129 1754 5206 δύναμιν
1802 5132 2006 5190 οἱκείαν

324 5213 437 5282 τήν
471 5215 864 5290 προαιρετικὴν
894 5213 1122 5291 δύναμιν
1155 5220 1376 5290 νοητέον
1400 5219 1651 5286 ἐνταῦθα.

412 5393 506 5469 [γ’]
552 5394 824 5470 Ὥρισται.
883 5395 1199 5469 Σημείωσαι
1230 5443 1243 5466 ,
1295 5397 1379 5454 ὅτι
1437 5399 1662 5474 ὥρισται
1715 5402 1781 5457 οὗ
1839 5399 2010 5474 δηλοῖ

326 5481 678 5560 εἱμαρμένην
725 5484 844 5540 τινὰ
884 5483 975 5540 καὶ
1024 5481 1372 5563 ἀπαράϐατον
1424 5488 1688 5564 ἀνάγκην,
1747 5490 1821 5553 ὡς
1881 5490 2006 5547 εἰω-

415 5778 461 5814 ⁶⁸
495 5773 616 5843 ὅθεν
645 5776 762 5834 καί.

2121 4774 2400 4848 postremi
2434 4776 2674 4830 careant
2702 4776 2826 4829 tota
2855 4773 3231 4845 superiorum
3264 4772 3552 4828 virtutum
3586 4771 3780 4844 perfe-

2121 4865 2334 4936 ctione,
2370 4867 2630 4920 attamen
2665 4862 2826 4937 ipsos
2873 4861 3250 4936 particularis
3299 4867 3424 4918 tum
3473 4860 3776 4933 sapientiae

2118 4957 2246 5011 tum
2279 4953 2635 5028 cognitionis
2666 4951 2984 5026 participes
3014 4969 3165 5010 esse.

2190 5045 2548 5116 Inferiorum.
2572 5043 2852 5108 Quaenam
2878 5041 2958 5099 sit
2976 5046 3098 5099 tota
3119 5041 3410 5114 sapientia
3428 5045 3604 5114 atque
3623 5055 3778 5096 com-

2119 5133 2466 5201 municatio,
2498 5136 2556 5190 et
2585 5148 2860 5205 quanam
2910 5133 3325 5206 particularis;
3377 5130 3521 5187 illud
3569 5135 3772 5186 autem

2116 5223 2420 5281 secundum
2470 5224 2736 5279 virtutem
2791 5223 3100 5294 propriam,
3159 5220 3613 5295 intelligendum
3665 5219 3777 5275 hoc

2116 5313 2245 5371 loco
2276 5317 2366 5370 est
2393 5313 2464 5368 de
2497 5311 2773 5368 facultate
2803 5309 3205 5383 praeligendi.

2190 5403 2564 5460 Distributum
2594 5416 2688 5458 seu
2718 5401 3038 5471 deﬁntium.
3064 5405 3215 5457 Nota
3242 5397 3469 5474 ὥρισται
3529 5415 3644 5456 non
3694 5398 3777 5454 si-

2114 5493 2396 5566 gniﬁcare
2427 5492 2611 5548 fatum
2641 5490 2878 5564 aliquod
2912 5495 2971 5547 et
3001 5490 3414 5548 necessitatem
3465 5488 3777 5547 inevitabi-

1360 5671 1604 5730 VABIIE
1633 5671 2028 5734 LECTIONES
2059 5673 2154 5734 ET
2185 5669 2754 5734 GORREGTIONES.
