4134 6420
371 401 444 456 95
1193 406 1562 461 APPENDIX
1607 407 1704 458 AD
1741 404 1983 461 ΟΡΕΒΔ
2019 407 2039 460 ε

2171 402 2436 458 IONYSII
2472 401 2973 458 AREOPAGITE.
3724 403 3800 459 96

375 523 511 594 lem,
545 523 700 579 sicut
730 523 923 580 solent
954 525 1126 582 multi
1156 527 1387 596 dicere;
1422 543 1623 582 verum
1657 523 1882 599 ὥρισται
1925 542 2026 597 po-

2171 544 2264 578 ιασι
2295 520 2501 578 πολλοὶ
2533 520 2730 599 λέγειν·
2765 519 2914 578 άλλᾶ
2940 523 3002 577 τὸ
3035 520 3259 596 ὥρισταὶ
3299 521 3419 577 ἀντὶ
3467 520 3564 578 τυῦ
3615 521 3798 580 διοιτέ-

378 613 539 668 nitur
570 631 674 685 pro
706 615 1042 672 ordinatum
1076 621 1167 672 est
1197 618 1526 672 secundum
1559 617 1819 688 aliquam
1850 615 2031 671 virtu-

370 702 449 757 tis
480 706 939 774 proportionem,
971 707 1119 761 forte
1155 707 1373 762 mentis
1401 724 1414 772 ;
1449 723 1630 777 supra
1661 721 1841 776 quam
1867 703 2027 760 intel-

374 790 551 862 ligere
583 809 698 847 non
731 798 980 865 oportet.

443 883 472 948 §
507 880 606 936 III.
639 883 908 938 Invenies.
935 884 1237 948 Quomodo
1261 884 1440 940 etiam
1465 883 1767 940 communi
1793 884 2032 940 nomine

377 969 458 1023 dii
489 975 772 1026 vocentur
803 976 926 1026 tum
975 973 1187 1044 angeli,
1245 978 1371 1028 tum
1423 972 1680 1044 religiosi
1738 973 2029 1038 homines,

376 1060 707 1115 secundum
739 1059 884 1116 illud
917 1062 1230 1133 Scripturaa
1258 1079 1271 1118 :
1304 1064 1413 1133 Ego
1433 1063 1598 1118 dixi:
1631 1063 1724 1118 Dii
1753 1064 1884 1118 estis
1929 1062 2030 1133 (ρ).

447 1149 755 1219 Exemplis.
787 1149 1088 1214 Quomodo
1111 1155 1168 1206 et
1189 1151 1441 1222 qualiter
1461 1157 1518 1207 et
1539 1151 1866 1207 secundum
1889 1151 2032 1220 quid

378 1237 595 1293 divinis
627 1238 806 1310 digna
835 1237 1041 1295 habita
1073 1245 1215 1295 sunt
1245 1239 1607 1296 nominibus.

988 1330 1058 1384 IN
1094 1331 1255 1386 CAP.
1277 1331 1437 1386 XIII.

447 1420 476 1486 §
504 1417 547 1474 Ι.
580 1417 886 1489 Seraphim
913 1419 1060 1475 Nota
1089 1418 1116 1472 ὁ
1147 1418 1390 1495 σεραφίμ
1420 1421 1478 1474 in
1530 1434 1743 1491 genere
1793 1435 2028 1474 mascu-

375 1506 520 1561 lino.

449 1598 672 1653 Etenim
704 1596 981 1654 dubitabit
1042 1598 1268 1670 aliquis.
1325 1599 1612 1661 Quoniam
1667 1597 2030 1654 contrarium

379 1702 662 1757 apparere
692 1687 865 1743 dictis
897 1687 1161 1756 videtur;
1195 1688 1343 1744 dixit
1373 1687 1533 1744 enim
1564 1691 1758 1754 antea,
1792 1685 2030 1742 inferio-

383 1791 478 1831 res
507 1776 578 1831 ab
610 1775 683 1831 iis
710 1778 812 1833 40
833 1778 934 1848 qui
963 1777 1126 1849 ipsos
1158 1781 1460 1850 superant,
1495 1794 1612 1833 non
1643 1781 1838 1833 autem
1869 1794 1904 1831 a
1933 1793 2032 1831 su-

384 1865 607 1936 premis
640 1866 857 1936 doceri,
891 1866 1067 1922 sicuti
1104 1867 1342 1922 tertium
1374 1865 1640 1923 ordinem
1673 1885 1708 1922 a
1738 1866 1955 1930 medio,
1978 1867 2037 1920 et

387 1953 651 2009 medium
681 1955 754 2010 ab
785 1971 851 2010 eo
883 1955 985 2027 qui
1015 1959 1107 2011 est
1136 1956 1416 2011 omnibus
1447 1955 1756 2027 superior;
1789 1954 2038 2026 quaesita

387 2047 584 2098 autem
617 2042 740 2098 haec
771 2044 1026 2112 fuerant,
1055 2048 1233 2116 atque
1262 2061 1295 2099 a
1325 2044 1666 2100 diversitate
1695 2043 1908 2100 soluta.

459 2134 488 2198 §
520 2133 587 2186 II.
619 2133 995 2203 Peccatorum,
1027 2148 1154 2206 qua
1191 2135 1461 2189 recensita
1509 2137 1658 2189 sunt.
1707 2137 1834 2190 Non
1869 2148 2041 2204 posse

389 2220 585 2275 doceri
601 2221 819 2290 divina,
843 2223 957 2278 nisi
977 2223 1140 2293 prius
1159 2223 1426 2278 dimissio
1448 2227 1822 2295 peccatorum
1839 2221 2035 2290 fuerit;

389 2326 530 2366 nam
557 2310 859 2384 seraphim
891 2309 1212 2385 ἒμπρηστής
1245 2329 1349 2368 seu
1408 2312 1637 2369 calidus
1692 2311 2038 2384 explicatur.

461 2487 490 2559 Ξ
521 2486 618 2543 ΙΙΙ.
651 2487 807 2543 Alius
840 2489 970 2545 item
1000 2489 1149 2544 haud
1178 2489 1496 2546 admodum.
1554 2489 1702 2547 Nota
1749 2488 1896 2544 illud
1929 2505 2042 2544 non

389 2575 715 2647 admodum,
741 2594 855 2633 non
887 2595 1132 2650 prorsus
1164 2581 1234 2635 ad
1276 2579 1779 2652 comparationem
1814 2575 2039 2634 medio-

390 2665 617 2722 critatis
640 2665 861 2722 dictum
887 2668 1253 2737 fuisse,sicut
1274 2686 1390 2724 non
1413 2669 1495 2723 ita
1515 2667 1737 2724 dictum
1761 2672 1850 2723 est
1871 2665 2038 2720 illud:

389 2771 498 2811 non
530 2755 688 2811 valde
715 2757 1045 2823 absurdum,
1079 2763 1143 2813 ut
1172 2759 1527 2814 arbitremur
1558 2775 1685 2828 nos,
1715 2755 2040 2812 absurdum

391 2845 630 2915 quidem
664 2863 904 2917 prorsus
934 2863 1085 2914 esse,
1115 2849 1215 2902 sed
1253 2847 1624 2903 mediocriter
1670 2845 1996 2902 absurdum
2023 2860 2038 2911 ;

388 2950 593 2990 verum
625 2936 802 2990 etiam
835 2953 936 3007 pro
965 2936 1216 3008 positivo
1248 2936 1605 2992 collocatur:
1639 2935 1750 2990 hoc
1781 2939 1892 3001 est,
1925 2950 2042 2989 non

388 3023 619 3079 videtur
649 3024 793 3079 mihi
821 3026 1145 3081 absurdum
1169 3043 1318 3095 esse,
1345 3031 1515 3082 caute
1539 3029 1603 3080 ut
1623 3023 2042 3096 philosophum

394 3114 560 3168 decet
590 3115 984 3184 pronuntians
1012 3133 1028 3185 ;
1061 3116 1206 3187 quin
1237 3115 1418 3170 etiam
1450 3130 1576 3185 pro,
1635 3113 1795 3169 nullo
1845 3113 2040 3182 modo,

397 3203 667 3273 ponitur,
711 3207 992 3276 tanquam
1029 3204 1080 3260 si
1109 3205 1346 3273 diceret,
1399 3202 1561 3259 nullo
1612 3203 1784 3259 modo
1832 3202 2040 3258 absur-

392 3291 563 3348 dum.

464 3381 571 3449 Qui
589 3382 909 3453 efﬂuxerat.
945 3383 1114 3454 Nota,
1147 3383 1376 3439 divinas
1410 3383 1830 3455 prophetarum
1864 3382 2042 3438 visio-

392 3485 519 3538 nes,
555 3472 854 3541 prael'ectos
873 3473 1114 3543 angelos
1137 3473 1280 3528 dicit
1301 3473 1652 3544 afﬁngentes
1675 3473 1731 3528 in
1754 3472 2042 3543 imagina-

390 3560 612 3614 tionem
635 3561 926 3618 adducere
955 3579 1158 3618 eorum
1189 3579 1318 3634 qua:
1339 3563 1495 3617 cerni
1528 3562 1837 3617 videntur:
1861 3562 2041 3636 aenig-

393 3652 553 3703 mata
583 3649 740 3705 enim
771 3655 827 3706 et
857 3651 1049 3723 signa,
1085 3667 1201 3706 non
1231 3668 1368 3707 vero
1401 3652 1594 3707 nudas
1626 3667 1719 3706 res
1751 3655 1809 3706 et
1839 3667 2041 3707 essen-

392 3739 508 3792 tias
538 3737 836 3795 videbant.

460 3827 526 3881 In
549 3827 742 3885 Deum.
773 3828 972 3900 Vides,
1021 3829 1264 3902 angelos
1312 3829 1413 3901 qui
1472 3828 1856 3885 revelationes
1915 3845 2044 3900 pro-

389 3923 600 3995 phetas
626 3925 858 3995 docent,
883 3928 963 3982 ita
983 3927 1190 3982 fecisse
1215 3947 1229 3996 ;
1257 3929 1683 4000 promovebant
1731 3927 1893 3999 ipsos
1925 3926 2041 3998 pri-

392 4029 489 4068 ma
517 4015 760 4085 quidem
784 4016 972 4071 forma
993 4019 1064 4071 ad
1091 4022 1272 4073 Deum
1300 4016 1555 4072 universi
1577 4016 1812 4088 proprie
1836 4019 2042 4071 aucto-

391 4119 512 4158 rem
540 4105 924 4172 ;secundario
955 4111 1150 4162 autem
1173 4107 1243 4162 ad
1266 4112 1514 4177 mentes,
1539 4123 1666 4177 quae
1690 4106 1889 4177 prima:
1915 4107 2046 4176 post

393 4191 578 4248 Deum
605 4194 978 4264 positione,et
997 4195 1098 4252 Dei
1119 4195 1412 4268 exemplo,
1440 4196 1799 4267 imperantes
1823 4193 2045 4250 hierar-

395 4281 562 4353 chiae,
597 4299 724 4354 quae
755 4286 914 4356 apud
945 4285 1152 4341 Deum.
1188 4286 1318 4341 Haec
1349 4289 1556 4357 postea
1584 4286 1776 4342 docet.

464 4373 532 4426 Et
561 4373 641 4428 ad
668 4375 878 4429 omnia.
902 4374 1068 4443 Nota,
1104 4375 1202 4430 Dei
1233 4374 1661 4447 providentiam
1697 4375 1790 4444 had
1840 4390 2046 4429 omnes

394 4460 620 4517 occulte
649 4463 952 4534 pervenire
977 4482 990 4533 ;
1026 4471 1085 4520 et
1115 4465 1386 4520 infimum
1419 4464 1696 4537 angelum
1717 4464 1919 4522 eodem
1944 4481 2048 4519 no-

394 4550 554 4606 mine
584 4567 719 4607 cum
749 4553 1052 4625 seraphim
1088 4553 1393 4626 appellari.

2135 633 2328 668 τακται
2359 612 2495 667 κατά
2527 611 2837 687 ὡρισμένην
2878 613 3000 666 τινὰ
3029 610 3319 688 ἀναλογίαν
3359 609 3664 685 δυνάμεως,
3695 617 3796 670 τοῦ

2137 707 2232 757 νοῦ
2257 703 2448 778 τυχὸν,
2476 702 2610 778 ὑπὲρ
2635 704 2695 771 ἢν
2725 706 2916 768 νοῆσαι
2949 700 3010 756 οὐ
3045 704 3178 777 χρή.

2213 886 2240 951 §
2271 885 2366 939 III.
2521 881 2807 958 Εὐρήσεις.
2843 886 2968 944 Πῶς
2997 881 3086 937 καὶ
3129 881 3242 936 θεοὶ
3296 880 3573 957 λέγονται,
3624 881 3676 939 οτί
3733 905 3797 939 τε

2139 969 2360 1048 ἄγγελοι
2390 975 2560 1043 κοινῷ
2587 970 2834 1045 ὀνόματι,
2855 971 2946 1026 καὶ
2970 973 3021 1026 οἱ
3053 969 3300 1050 φιλόθεοι
3333 968 3633 1046 ἅνθρωποι,
3661 975 3804 1028 κατὰ

2138 1060 2223 1116 τό·
2258 1061 2401 1135 Ἐγὼ
2433 1061 2573 1114 εἶπα·
2605 1059 2729 1116 Θεοί
2761 1061 2898 1119 ἐστε.

2214 1150 2410 1224 Ἐξῃρη
2424 1150 2612 1224 μένης.
2659 1154 2805 1221 Πῶς,
2832 1150 2922 1205 καὶ
2953 1156 3106 1224 ποῖα,
3136 1150 3227 1206 καὶ
3259 1151 3394 1206 κατὰ
3415 1151 3468 1206 τί
3495 1155 3604 1206 τῶν
3635 1150 3798 1206 θείων

2142 1238 2426 1312 ὀνομάτων
2455 1238 2704 1309 ἠξίωται.

2635 1331 2750 1384 ΕΙΣ
2782 1330 2876 1386 ΤΟ
2911 1329 3165 1386 ΚΕΦΑΛ.
3198 1330 3300 1386 1Γ’.

2211 1423 2238 1488 ε
2294 1419 2338 1474 Ι.
2396 1419 2457 1476 Ὀ
2515 1421 2772 1493 σεραφίμ.
2832 1418 3151 1492 Σημείωσαι
3184 1419 3212 1474 ὁ
3271 1417 3511 1496 σεραφὶμ
3541 1419 3804 1494 ἀρσενικῇ

2138 1506 2338 1564 κλίσει.

2212 1596 2311 1652 Καὶ
2369 1597 2472 1672 γὰρ
2532 1598 2826 1672 ἀπορήσειὲ
2881 1619 2986 1660 τις.
3039 1596 3264 1669 Ἐπειδή
3309 1597 3686 1675 ἐναντιοφανὶς
3721 1597 3807 1652 εῖ-

2139 1708 2224 1741 ναι
2258 1684 2410 1742 δοκεῖ
2435 1691 2553 1749 τοῖς
2599 1685 2897 1763 λεχθεῖσιν
2944 1681 3044 1764 ἔφη
3076 1687 3178 1762 γὰρ
3209 1688 3316 1762 πρὸ
3344 1686 3578 1757 τούτων,
3614 1687 3700 1740 ὅτι
3733 1685 3808 1740 τὰ

2141 1776 2421 1851 κατώτερα
2453 1775 2555 1830 ὑπὸ
2579 1780 2687 1830 τῶν
2725 1776 3124 1850 ὑπερκειμένων
3161 1776 3317 1845 αὐτὰ,
3363 1775 3425 1830 οὐ
3462 1777 3570 1848 μὴν
3605 1774 3664 1829 ἐκ
3691 1778 3807 1829 τῶν

2146 1863 2405 1920 ἀνωτάτω
2440 1869 2722 1938 μυοῦνται,
2755 1867 2872 1920 οἷον
2903 1868 2938 1935 ἡ
2970 1865 3126 1942 τρίτη
3155 1866 3305 1936 τάξις
3349 1865 3408 1920 ἐκ
3460 1871 3561 1933 τῆς
3607 1863 3807 1937 μέσης,

2146 1955 2238 2010 καὶ
2268 1957 2302 2024 ἡ
2335 1953 2472 2027 μίση
2505 1953 2566 2009 ἐκ
2592 1961 2692 2024 τῆς
2720 1952 2864 2010 ὅλων
2889 1954 3180 2030 ἀνωτέρας.
3215 1956 3492 2026 Ἐζητήθη
3546 1953 3604 2009 δὶ
3633 1957 3808 2008 ταῦτα

2147 2043 2236 2099 καὶ
2267 2041 2584 2122 διαφορᾶς⁶⁹
2612 2041 2871 2113 ἐπελύθη.

2220 2135 2251 2208 §
2309 2135 2379 2190 II.
2439 2133 2528 2205 ju’]
2587 2131 2912 2208 Εἷρημένων
2972 2134 3295 2208 ἁμαρτιῶν.
3347 2134 3468 2190 Ὅτι
3527 2131 3630 2186 οὐκ
3687 2125 3802 2185 ἔστι

2154 2229 2432 2296 μυηθῆναι
2455 2222 2524 2276 τὰ
2554 2226 2690 2290 θεῖα,
2741 2220 2792 2276 εἴ
2841 2222 2917 2294 μὴ
2967 2222 3191 2297 γένηται
3222 2221 3486 2296 πρότερον
3516 2218 3800 2296 άμαρτίων

2151 2310 2354 2390 ἄφεσις·
2388 2311 2449 2368 Ὁ
2489 2313 2590 2388 γὰρ
2621 2310 2887 2389 σεραφεὶμ
2933 2309 3278 2387 ἐμπρηστής,
3321 2308 3448 2381 ἤτοι
3497 2307 3809 2385 θερμαίνων

2150 2399 2205 2475 ἐρ
2215 2399 2526 2474 μηνεύεται.

2223 2494 2250 2560 §
2281 2492 2378 2546 III.
2527 2491 2752 2564 ’Έτερος
2806 2486 2864 2544 δὲ
2904 2488 2965 2543 σὺ
2996 2487 3223 2567 σφόδρα.
3259 2487 3663 2562 Σημείωσαιτο,
3721 2486 3807 2543 δτι

2149 2580 2212 2634 τὸ
2243 2578 2306 2633 σὺ
2337 2577 2564 2658 σφόδρα,
2597 2578 2659 2634 οὐ
2691 2578 2904 2642 πάντως
2935 2578 3071 2655 πρὸς
3107 2581 3381 2655 σύγκρισιν
3423 2582 3527 2633 τοῦ
3579 2574 3807 2652 μετρίου

2152 2666 2382 2745 εἷ’ρηται·
2418 2669 2529 2724 οἷον
2562 2668 2673 2745 οὐχ
2702 2668 2874 2730 οὕτως
2905 2667 3116 2743 εἷ’ρηται
3147 2669 3208 2723 τὸ
3239 2668 3301 2723 οὐ
3338 2664 3548 2742 σφόδρα
3578 2667 3811 2733 ἄτοπον,

2153 2759 2291 2813 ὥστε
2319 2759 2539 2831 νομίσαι
2566 2761 2735 2831 ἡμᾶς,
2764 2757 2846 2813 ὅτι
2878 2755 3078 2814 ἄτοπον
3133 2759 3228 2830 μὶν
3259 2756 3371 2812 ἔστι
3421 2755 3655 2823 πάντως,
3708 2776 3807 2828 με·

2151 2847 2315 2924 τρίως
2345 2845 2402 2901 δὲ
2446 2849 2669 2902 ἄτοπον·
2721 2845 2868 2902 ἀλλὰ
2910 2847 3000 2900 καὶ
3048 2845 3165 2901 ἀντὶ
3209 2851 3307 2900 τοῦ
3357 2847 3571 2900 θετικοῦ
3600 2848 3808 2912 κεῖται,

2149 2938 2448 3005 τουτέστιν,
2476 2937 2538 2991 οὐ
2569 2934 2718 2991 δοκεῖ
2749 2956 2844 3009 μοι
2875 2934 3074 2991 ἄτοπον
3104 2936 3234 2990 εἶναι
3268 2930 3514 2995 εὐλαϐῶς
3564 2933 3815 3008 ἀποφαι-

2151 3027 2377 3100 νόμενος
2409 3023 2516 3081 ἔθει
2565 3024 2876 3104 φιλοσόφῳ,
2923 3023 3068 3080 ἀλλὰ
3115 3025 3204 3080 καὶ
3249 3023 3365 3079 ἀντὶ
3413 3027 3509 3078 τοῦ
3541 3018 3812 3094 οὐδαμῶς

2151 3123 2347 3185 κεῖται,
2381 3116 2508 3171 ὡσεὶ
2540 3113 2740 3192 ἔλεγεν,
2772 3111 3034 3188 οὐδαμῶς
3070 3112 3296 3169 ἄτοπον.

2223 3388 2309 3463 [γ’]
2371 3383 2701 3447 Διαπλάσας.
2762 3383 3082 3457 Σημείωσαι
3120 3427 3134 3451 ,
3212 3383 3295 3437 ὅτι
3351 3383 3449 3444 τὰς
3513 3377 3655 3444 θείας
3700 3382 3818 3434 τῶν

2151 3481 2447 3554 προφητῶν
2493 3474 2726 3542 ὁράσεις,
2775 3472 2901 3534 τοὺς
2932 3471 3235 3550 ἐφεστῶτας
3270 3470 3500 3542 [αὐτοῖς]
3533 3466 3812 3542 ἀγγέλους

2152 3567 2281 3642 φησὶ
2352 3563 2746 3626 διπλάττοντας
2815 3563 2891 3624 εἰς
2958 3560 3249 3638 φαντασίαν
3323 3561 3468 3635 ἄγειν
3540 3558 3648 3613 τῶν
3711 3554 3816 3612 δο-

2151 3654 2386 3710 κούντων
2420 3655 2664 3728 ὁρᾶσθαι·
2708 3652 3004 3726 αἰνίγματα
3033 3652 3136 3726 γὰρ
3167 3648 3258 3706 καὶ
3290 3643 3566 3723 σύμϐολα,
3594 3646 3658 3702 οὐ
3695 3646 3812 3720 μὴν

2151 3745 2335 3818 γυμνὰ
2362 3743 2654 3816 πράγματα
2683 3741 2774 3796 καὶ
2800 3739 2985 3801 οὐσίας
3015 3739 3223 3816 ἐώρων.

2223 3833 2347 3888 Ἐπὶ
2398 3831 2550 3887 Θεόν.
2595 3832 2755 3906 Ὁρᾷς
2797 3829 2881 3884 ὅτι
2913 3831 2964 3883 οἱ
3004 3833 3265 3903 μυοῦντες
3294 3826 3527 3903 ἄγγελοι
3550 3828 3644 3887 τὰς
3669 3824 3814 3879 ἀπο-

2152 3920 2416 3996 καλύψεις
2465 3919 2592 3982 τοὺς
2639 3921 2923 3998 προφήτας
2976 3919 3150 3980 οὕτως
3207 3916 3448 3972 ἐποίουν
3512 3915 3812 3990 ἀνάγοντες

2151 4011 2344 4074 αὐτοὺς
2392 4009 2764 4084 πρωτοτύπως
2813 4008 2901 4064 ἐπὶ
2946 4008 3073 4064 Θεὸν
3119 4009 3211 4063 τὸν
3243 4006 3456 4062 πάντων
3490 4003 3691 4078 κυρίως
3724 4003 3817 4057 αἱ·

2149 4121 2286 4158 τιον*
2341 4098 2606 4175 δευτέρως
2658 4097 2715 4153 δὶ
2761 4097 2849 4153 ἐπὶ
2878 4097 3008 4160 τοὺς
3044 4096 3177 4171 μετὰ
3205 4097 3333 4152 Θεὸν
3365 4096 3618 4169 πρώτους
3677 4092 3810 4154 νόας

2153 4192 2293 4246 θὲσει
2337 4189 2424 4245 καὶ
2467 4186 2722 4253 θεοειδῶς
2753 4185 3024 4263 ἄρχοντας
3052 4189 3153 4251 τῆς
3185 4185 3271 4240 ἐπὶ
3321 4184 3450 4240 Θεὸν
3499 4179 3813 4259 ἱεραρχίας.

2152 4283 2333 4339 Ταῦτα
2363 4279 2552 4355 ἐφεξῆς
2583 4275 2844 4333 διδάσκει.

2229 4369 2330 4428 Καὶ
2363 4366 2452 4423 διὰ
2479 4367 2710 4424 πάντων.
2746 4366 3090 4439 Σημείωσαι,
3122 4362 3206 4419 ὅτι
3246 4361 3334 4418 ἐπὶ
3383 4360 3586 4422 πάντας
3630 4362 3664 4429 ἠ
3711 4364 3815 4414 τοῦ

2156 4463 2289 4516 Θεοῦ
2320 4456 2548 4534 πρόνοια
2597 4455 2773 4528 διήκει
2818 4455 3087 4532 κρυφίως,
3119 4452 3209 4508 καὶ
3264 4454 3347 4507 δτι
3377 4451 3682 4525 κατώτερος
3712 4447 3813 4524 ἄγ-

2154 4548 2315 4626 γελος
2347 4547 2655 4622 ὁμωνύμως
2685 4545 2924 4623 σεραφὶμ
2954 4543 3298 4616 ὀνομάζεται.

466 4645 579 4694 Pro
609 4645 792 4712 captu.
836 4642 946 4698 Seu
983 4643 1311 4699 secundum
1340 4660 1682 4699 mensuram
1702 4642 1939 4698 virtutis
1959 4659 2039 4699 eo-

2171 4623 2179 4626 I
2228 4637 2564 4714 Ἀναλόγως.
2596 4639 2795 4712 Ἥγουν
2826 4632 2963 4689 κατᾶ
2991 4633 3053 4687 τὸ
3109 4630 3302 4707 μέτρον
3353 4635 3456 4699 τῆς
3492 4632 3602 4684 τῶν
3650 4623 3814 4700 δεχο-

394 4744 552 4797 rum,
587 4731 692 4801 qui
726 4731 928 4787 lumen
977 4733 1296 4805 recipiunt,
1341 4732 1772 4789 illustrationes
1815 4749 2045 4805 quoque

392 4819 706 4888 protendit.

468 4907 790 4966 Secundum
817 4914 1101 4982 cujusque.
1145 4913 1448 4979 Quomodo
1496 4911 1707 4968 divina;
1746 4911 2044 4968 illumina-

395 4995 587 5054 tiones
618 4997 979 5069 quibusdam
1009 5001 1307 5071 clariores,
1341 5000 1640 5073 aliquibus
1670 5019 1804 5058 vero
1832 5003 2045 5058 obscu-

395 5083 580 5141 riores
612 5087 1070 5158 distribuantur,
1105 5091 1370 5156 exemplo
1400 5090 1679 5147 declarat.

464 5171 703 5231 Solaris.
721 5177 1069 5250 Exemplum
1097 5179 1206 5235 hoc
1229 5179 1404 5235 etiam
1421 5181 1694 5252 superius
1709 5181 2046 5254 appositum

395 5263 540 5332 fuit;
575 5266 832 5338 primam
864 5271 1062 5324 autem
1087 5269 1394 5326 materiam
1425 5276 1613 5340 vocat,
1646 5271 1864 5327 vitrum
1888 5277 1947 5327 et
1969 5271 2048 5326 si-

394 5352 600 5423 miles;
635 5356 1140 5427 quemadmodum
1170 5362 1228 5415 et
1255 5359 1625 5431 crassiorem,
1648 5361 1804 5418 sicut
1817 5362 2047 5429 domos,

468 5497 554 5572 (p)
581 5499 737 5557 Psal.
771 5518 960 5572 Lxxn,
990 5504 1046 5560 6.

2159 4731 2332 4804 μὲνων
2368 4725 2647 4801 δυνάμεως
2677 4724 2767 4780 καὶ
2797 4723 2892 4786 τὰς
2924 4720 3228 4796 ἐλλάμψεις
3259 4718 3505 4775 ἐκτείνει.

2228 4909 2377 4966 Κατὰ
2425 4908 2525 4976 τήν
2575 4906 2829 4975 ἑκάστης.
2879 4906 3002 4966 Πῶς
3048 4901 3102 4956 αἱ
3156 4901 3295 4955 θεῖαι
3342 4897 3686 4970 ἐλλάμψεις,
3737 4891 3819 4954 εἴς

2155 4998 2328 5060 ἐνίους
2357 4998 2450 5070 μὶν
2484 4996 2796 5074 φανότεραι,
2845 4991 2920 5048 εἰς
2971 4991 3147 5053 ἐνίους
3195 4986 3257 5043 δὲ
3295 4985 3664 5062 ἀμυδρότεραι
3697 4979 3817 5036 διά-

2157 5085 2421 5156 δίδονται,
2455 5084 2514 5140 ἐκ
2541 5082 2982 5160 παραδείγματος
3012 5078 3311 5157 σαφηνίζει.

2227 5175 2514 5244 Ἠλιακῆς.
2562 5175 2640 5232 Τὸ
2688 5170 2993 5248 ὑπόδειγμα
3039 5173 3202 5225 τοῦτο
3242 5167 3335 5223 καὶ
3386 5164 3641 5238 ἂνωτέρω
3674 5180 3819 5237 παρ-

2159 5268 2335 5338 ετέθη·
2368 5263 2593 5341 πρώτην
2629 5261 2688 5318 δὶ
2717 5261 2854 5334 ὕλην
2887 5260 3018 5340 φησῖ
3051 5259 3148 5328 τὴν
3183 5256 3340 5312 ὕελον
3364 5253 3568 5316 καὶτὰς
3592 5251 3816 5341 ὁμοίαςξ

2160 5357 2343 5433 ὥσπερ
2369 5339 2460 5411 καὶ
2489 5351 2822 5432 παχυτέραν,
2877 5339 2990 5407 οἷον
3025 5346 3230 5422 οἷὸιους,
3280 5345 3373 5402 καὶ
3404 5344 3672 5416 σπήλαια,
3724 5339 3822 5396 καὶ

1417 5632 1653 5700 ῩΑΒΙιΕ
1683 5632 2079 5693 LECTIONES
2107 5632 2197 5691 ET
2223 5627 2787 5696 CORREGTIONES.

471 5744 517 5780 ⁸9
548 5739 843 5825 διαφόρως.
919 5751 964 5788 ⁷ο
992 5749 1353 5825 σημειωτέον.
1410 5790 1416 5796 -
