4134 6444
281 416 354 470 97
992 414 1050 466 S.
1090 411 1363 466 MAXIM!
1400 407 1710 464 SCHOLIA
1745 408 1822 460 IN
1861 405 1992 458 LIB.
2035 407 2130 458 DE
2168 407 2494 464 C(El.ESTI
2533 409 3008 463 HIERARCHIA.
3644 403 3715 458 98

281 544 353 596 τά
397 536 788 612 παραπλήσια.
826 533 1071 596 ’Ἄλλως
1123 528 1543 610 πρώτηνῦλην
1591 529 1690 597 τήν
1743 526 1993 598 λεπτὴν,

2121 549 2123 583 ;
2156 547 2366 603 specus
2389 538 2446 590 et
2470 533 2710 589 similia.
2737 533 2923 588 Aliter
2945 531 3195 604 primam
3221 530 3531 587 materiam
3571 528 3715 586 dicit

283 629 383 685 καὶ
412 625 625 704 ἀερώδη
659 625 753 681 καὶ
783 624 1044 699 καθαράν.

367 716 536 774 Πάλιν
595 719 632 786 ἡ
694 714 870 791 πυρὸς
927 711 1222 787 θερμότης’
1286 708 1486 770 Καλῶς
1545 707 1822 775 ἀπεικάζει
1876 708 1958 777 τῷ

2065 635 2216 691 eam,
2250 638 2380 693 quas
2411 623 2627 691 tenuis,
2660 638 2848 688 aerea,
2881 625 2939 677 et
2967 638 3115 694 pura
3142 626 3252 676 est.

2137 711 2342 766 Iterum
2371 713 2522 768 calor
2545 713 2716 783 ignis.
2753 712 2926 766 Recte
2983 710 3285 782 componit
3331 710 3525 783 ignem
3582 725 3718 766 cum

295 806 418 880 Θεῷ
473 807 534 861 τὸ
590 809 720 878 πῦρ⁶
783 803 927 878 λέγει
985 801 1089 876 γὰρ
1147 803 1182 869 ἡ
1233 800 1443 877 Γραφή’
1473 799 1532 856 Ὀ
1581 795 1639 852 δὲ
1669 797 1798 858 Θεὸς
1850 799 1958 869 πῦρ

2121 800 2390 866 eo;dicit
2435 801 2591 856 enim
2641 801 2966 872 Scriptura,
3015 801 3155 856 Deus
3203 799 3350 870 ignis
3399 815 3721 855 consumens

294 894 696 954 καταναλίσκον
749 891 883 948 ἐστὶ·
942 891 1034 947 καὶ
1087 888 1171 945 ὅτι
1231 888 1296 943 τὸ
1358 889 1452 961 μὶν
1512 885 1675 942 αὐτοῦ
1733 883 1959 960 θερμαί-

294 1007 405 1059 νει,
435 985 498 1040 τὸ
529 982 586 1039 δὶ
613 980 912 1038 κατακαίει⁹
947 977 1090 1035 οὕτω
1135 977 1227 1032 καὶ
1282 977 1310 1031 ὁ
1359 976 1490 1037 Θεὸς
1532 974 1660 1036 τοὺς
1705 971 1962 1048 προσιόν-

293 1097 399 1138 τας
451 1072 602 1146 αῦτῷ
647 1070 896 1150 φωτίζει,
949 1068 1078 1131 τοὺς
1129 1064 1188 1123 δὶ
1244 1066 1604 1126 ἀπιστοῦντας
1657 1061 1962 1129 κατακαίει,

2067 895 2148 942 est
2178 888 2253 960 (ᾳ)
2285 905 2298 944 :
2333 893 2391 944 et
2420 890 2702 961 quoniam
2733 889 2889 961 ignis
2919 889 3134 961 partim
3190 887 3476 958 calefacit,
3501 887 3719 960 partim

2073 978 2364 1033 comburit
2393 1003 2409 1047 ;
2439 979 2524 1034 sic
2551 978 2728 1034 etiam
2760 983 2913 1034 Deus
2946 978 3292 1033 accedentes
3314 977 3384 1032 ad
3410 976 3606 1048 ipsum
3651 975 3720 1029 il-

2071 1063 2687 1131 luminat,incredulos
2719 1071 2913 1122 autem
2938 1067 3038 1138 qui
3073 1083 3175 1138 per
3205 1066 3381 1122 fidem
3408 1082 3598 1137 neque
3619 1067 3715 1120 4|

294 1164 432 1227 τοῦς
493 1163 572 1237 μὴ
628 1160 682 1216 ἐν
731 1161 914 1216 πίστει
969 1157 1296 1232 προσιόντας
1350 1155 1439 1210 καὶ
1513 1152 1964 1230 προσεγγίζοντας

2121 1155 2362 1211 ccedunt
2383 1172 2571 1228 neque
2602 1156 3080 1228 appropinquant
3101 1154 3236 1228 ipsi,
3256 1154 3566 1210 comburit.

296 1277 404 1311 αυτ
462 1296 475 1311 .

373 1277 525 1415 Πρρὸς
599 1338 657 1395 δὶ
725 1338 822 1401 τὰς
902 1337 1230 1397 ἀντιτυπεῖς.
1303 1334 1434 1391 Οἴον
1521 1328 1805 1406 ἀδάμαντα
1877 1328 1979 1383 καὶ-

300 1430 481 1509 ὕδωρ.

378 1526 649 1589 Φυσικῆς.
712 1517 926 1574 Φυσικά
977 1514 1128 1590 λίγει
1181 1514 1250 1569 τὰ
1318 1512 1551 1584 αἶ’σθητά
1603 1512 1692 1567 καὶ
1754 1509 1920 1587 ὁρατά
1953 1551 1968 1568 .

2157 1356 2355 1412 Verum
2387 1356 2444 1410 in
2479 1353 2904 1410 reluctantibus.
2938 1353 3102 1408 Sicut
3123 1353 3436 1408 adamante
3465 1358 3522 1409 et
3555 1369 3730 1426 aqua.

2153 1535 2455 1591 Naturalis.
2488 1533 2793 1589 Naturalia
2823 1536 2987 1589 vocat
3012 1531 3317 1588 sensibilis
3346 1536 3403 1588 et
3454 1533 3732 1591 visibilia.

303 1613 510 1668 ἰστὲον
562 1607 642 1679 δὶ,
695 1607 778 1663 ὅτι
835 1607 888 1662 ἐν
939 1610 1060 1668 τοῖς
1109 1608 1354 1675 νοητοῖς,
1403 1603 1457 1657 αἱ
1506 1601 1689 1678 ἀρεταὶ
1740 1600 1838 1655 οὐκ
1869 1600 1971 1654 εἰσι

2127 1625 2399 1680 ciendum
2429 1641 2602 1696 porro
2634 1624 2879 1678 virtutes
2911 1639 3026 1678 non
3059 1638 3188 1678 esse
3220 1637 3323 1693 per
3369 1623 3643 1679 accidens
3674 1624 3734 1679 in

305 1702 451 1757 κατὰ
506 1692 880 1771 συμϐεϐηκὸς,
941 1694 1017 1757 ὠς
1074 1694 1201 1770 παρ’
1257 1695 1416 1784 ἡμῖν,
1448 1689 1579 1784 ἀλλ’
1703 1690 1831 1784 Θεὸς
1868 1689 1972 1784 ’μὲν

2131 1731 2158 1768 s
2190 1729 2317 1784 quae
2377 1716 2571 1768 mente
2629 1711 3036 1784 percipiuntur
3090 1710 3244 1766 sicut
3273 1710 3331 1765 in
3387 1711 3583 1780 nobis;
3634 1715 3733 1768 sed

312 1785 431 1846 ἔστι
489 1793 635 1856 ζῶσα
710 1786 876 1861 ἀρετή
951 1783 1040 1839 καὶ
1107 1781 1408 1852 αὐτοτελὴς
1464 1780 1554 1836 καὶ
1615 1777 1922 1856 ἀπροσδεὴς
1960 1822 1976 1848 ,

2087 1799 2241 1854 Deus
2273 1799 2511 1871 quidem
2548 1803 2635 1854 est
2667 1797 2852 1852 virtus
2883 1798 3012 1854 viva
3044 1802 3102 1852 et
3122 1813 3225 1870 per
3275 1815 3337 1854 se
3367 1799 3620 1870 perfecta
3679 1804 3738 1856 et

325 1878 413 1935 ὅτι
467 1875 800 1951 ὑπερουσίως
842 1873 1123 1941 οὐσίωται,
1176 1871 1267 1927 καὶ
1328 1868 1696 1945 μεταδοτικῶς
1753 1868 1978 1945 ἐκφοιτᾷ

2121 1868 2311 1943 ιυιιῑυέ
2342 1888 2572 1959 indiga;
2607 1886 2746 1959 quia
2791 1868 3384 1959 superessentialiter—
3418 1889 3737 1945 essentiam

333 1969 412 2032 εἰς
462 1967 522 2022 τὰ
591 1965 682 2021 ἀπ’
758 1965 931 2030 αὐτῆς
1006 1964 1080 2025 ὡς
1155 1961 1330 2023 αἴτίας
1402 1957 1590 2032 οὔσης,
1675 1957 1984 2034 ὑπάρξαντα

327 2058 516 2126 νοητά·
593 2057 752 2130 πηγὴ
839 2054 938 2127 μὶν
1017 2052 1110 2106 οῦν
1185 2058 1285 2120 τῆς
1361 2049 1559 2126 ἀρετῆς
1633 2049 1812 2119 ζώσης
1892 2045 1984 2101 καὶ

323 2145 561 2216 θεούσης
608 2144 746 2200 κατὰ
783 2144 848 2199 τὸ
898 2142 1112 2221 ἐφικτὸν
1146 2144 1189 2179 τί
1221 2139 1349 2203 τοὺς
1404 2140 1736 2214 μετέχοντας
1769 2138 1798 2191 ὁ
1829 2135 1981 2197 Θεός·

320 2233 458 2290 ἀλλ’
529 2234 685 2306 ὅμως
743 2231 819 2295 εἷς
887 2227 1124 2305 πρόοδον
1201 2233 1582 2304 προνοητικῶς
1659 2226 1885 2304 ἐκφοιτᾷ
1939 2227 1985 2260 ’⁸⁸

322 2324 408 2387 εἷς
463 2325 532 2378 τά
584 2322 916 2377 οὐσιωθέντα
958 2320 1048 2376 ὑπ’
1105 2318 1269 2374 αὐτοῦ
1337 2319 1527 2388 νοητά’
1600 2316 1692 2371 καὶ
1749 2315 1986 2388 ἀκρότης

321 2413 419 2468 καὶ
473 2409 760 2482 τελειότης
806 2409 945 2465 κατά
992 2413 1152 2464 τοῦτο
1207 2409 1340 2462 εἶναι
1382 2412 1489 2462 τῶν
1539 2410 1676 2460 νοῶν
1709 2406 1812 2459 οὐκ
1851 2404 1987 2458 ἁπο-

327 2498 556 2559 6άλλει.
615 2499 691 2555 Οὐ
745 2499 883 2555 κατά
913 2493 1264 2572 συμϐεϐηκὸς
1295 2497 1388 2552 οῦν
1433 2497 1485 2552 οἱ
1515 2496 1658 2564 νόες,
1699 2495 1772 2556 ὠς
1801 2497 1989 2567 ἡμεῖς,

326 2587 529 2668 ἔχουσι
572 2591 674 2658 τὴν
717 2589 940 2666 ἀρετὴν,
977 2589 1077 2658 τήν
1126 2582 1392 2664 φρόνησιν
1446 2585 1498 2655 ἐξ
1544 2585 1825 2655 ἀσκήσεως
1875 2582 1990 2637 οἷον

328 2681 366 2749 ἢ
407 2681 725 2753 μαθήσεως,
756 2677 792 2747 ἢ
836 2678 938 2746 τήν
989 2674 1358 2748 δικαιοσύνην,
1409 2674 1444 2744 ἢ
1491 2676 1593 2744 τὴν
1639 2672 1991 2750 σωφροσύνην

333 2768 407 2825 δι’
460 2767 798 2844 ἐγκρατείας,
849 2767 884 2838 ἢ
933 2766 1032 2834 τήν
1081 2763 1300 2840 ἀνδρίαν
1352 2762 1403 2834 ἐξ
1452 2762 1690 2824 εὐθεσίας
1743 2763 1998 2835 σώματος

333 2859 430 2914 καὶ
479 2857 710 2932 νεύρων’
763 2855 826 2910 οὐ
875 2855 978 2930 γὰρ
1027 2855 1103 2918 ὡς
1149 2851 1294 2909 ἄλλο
1344 2853 1397 2908 ὲν
1447 2849 1629 2925 ἄλλῳ,
1677 2850 1728 2905 ἐν
1777 2849 1995 2912 τούτοις

336 2951 373 3018 ἡ
421 2949 616 3024 ἀρετή⁰
669 2944 816 3002 ἀλλά
853 2945 918 3000 τὸ
971 2944 1040 2998 τά
1087 2943 1263 2999 οἰκεῖα
1313 2941 1543 3018 ἐνεργεῖν
1591 2941 1681 2996 καὶ
1713 2939 1999 3001 ἀπαύστως

340 3037 702 3092 ἀνατετάσθαι
760 3035 894 3108 πρὸς
950 3033 1080 3087 Θεὸν
1138 3029 1227 3087 καί
1285 3031 1361 3094 εἷς
1420 3029 1667 3098 ἑαυτοὺς,
1726 3033 1886 3083 τοῦτο
1945 3027 2000 3082 ἐν

343 3125 536 3188 αὐτοῖς
593 3121 962 3196 θεομίμητον,
1018 3121 1206 3198 ἀρετή
1264 3121 1413 3193 τάξις
1470 3117 1528 3174 δὲ
1582 3118 1738 3192 ὅμως
1779 3119 1878 3186 τὴν
1924 3116 2002 3179 ὠς

339 3212 524 3269 ἄλλου
575 3211 628 3266 ἐν
684 3209 843 3284 ἄλλῳ
900 3208 1274 3288 διαφυλάττει,
1320 3207 1394 3271 ὠς
1445 3207 1529 3262 τόο
1587 3212 1651 3282 ζῇ
1702 3207 1756 3263 ἐν
1810 3206 1935 3280 ἐμοὶ
1965 3208 2000 3276 ἠ

2096 1976 2323 2044 habuit,
2357 1981 2414 2031 et
2443 1974 2818 2031 distributive
2850 1975 3042 2030 exitin
3073 1991 3142 2031 ea
3171 1975 3572 2048 intelligibilia
3612 1995 3740 2049 quae

2095 2082 2196 2138 per
2219 2067 2409 2137 ipsam
2443 2069 2643 2137 utpote
2666 2081 2908 2120 causam
2942 2065 3222 2120 existunt.
3261 2069 3412 2121 Deus
3445 2067 3742 2137 siquidem

2096 2159 2188 2210 est
2219 2154 2349 2209 fons
2380 2153 2517 2208 vivae
2544 2153 2781 2208 virtutis
2814 2157 2870 2208 et
2899 2158 3193 2224 quantum
3227 2153 3362 2209 licet
3417 2156 3557 2210 deos
3616 2156 3744 2210 effi-

2097 2244 2304 2299 cientis
2335 2242 2692 2315 participes:
2738 2246 2935 2298 tamen
2969 2243 3037 2298 ad
3091 2244 3417 2314 prodeundi
3456 2244 3746 2300 actionem

2099 2333 2216 2390 exit
2245 2332 2616 2405 providenter
2646 2331 2703 2386 in
2737 2331 3135 2405 intelligibilia
3165 2349 3292 2404 quas
3316 2335 3389 2389 ab
3412 2333 3537 2404 ipso
3556 2351 3752 2390 essen-

2099 2423 2242 2478 tiam
2277 2425 2627 2493 acceperunt
2654 2445 2667 2489 ;
2701 2437 2892 2493 neque
2922 2420 3141 2477 idcirco
3174 2422 3392 2478 desinit
3421 2439 3550 2479 esse
3583 2423 3750 2478 fasti-

2099 2513 2258 2583 gium
2287 2517 2345 2568 et
2374 2512 2646 2583 perfectio
2668 2511 2978 2567 mentium.
3011 2510 3135 2566 Non
3185 2511 3366 2580 igitur
3394 2518 3620 2568 mentes
3652 2529 3755 2585 per

2104 2601 2399 2671 accidens,
2432 2600 2608 2655 sicuti
2642 2616 2770 2669 nos,
2805 2599 3022 2655 habent
3051 2600 3347 2669 virtutem,
3381 2600 3561 2657 veluti
3621 2619 3757 2674 pru-

2104 2691 2364 2746 dentiam
2397 2705 2500 2762 per
2523 2689 2866 2745 exercitium
2901 2694 2958 2744 et
2987 2689 3389 2762 disciplinam,
3438 2691 3526 2747 vel
3575 2691 3756 2763 justi-

2103 2781 2271 2849 tiam,
2304 2783 2403 2834 aut
2431 2778 2881 2851 temperantiam
2914 2795 3018 2850 per
3036 2779 3480 2850 continentiam,
3507 2781 3594 2836 vel
3639 2783 3758 2836 for-

2105 2869 2420 2925 titudinem
2453 2885 2556 2940 per
2585 2869 2800 2924 bonam
2825 2869 3087 2940 corporis
3109 2872 3166 2923 et
3190 2885 3495 2924 nervorum
3518 2886 3760 2941 compo-

2108 2958 2528 3025 sitionem;non
2560 2956 2718 3011 enim
2743 2959 2806 3010 ut
2838 2955 2995 3010 aliud
3031 2955 3089 3010 in
3119 2955 3253 3027 alio,
3298 2959 3356 3011 in
3393 2957 3488 3012 his
3527 2956 3714 3013 virtus
3743 2976 3758 3028 ;

2111 3047 2214 3104 sed
2262 3047 2500 3118 propria
2529 3045 2756 3117 operari
2801 3049 2860 3100 et
2910 3044 3275 3102 incessanter
3323 3045 3383 3101 in
3459 3046 3644 3102 Deum
3702 3052 3764 3102 et

2113 3136 2339 3208 seipsos
2370 3135 2694 3204 intendere,
2731 3135 2850 3190 haac
2879 3133 2937 3188 in
2961 3133 3108 3206 ipsis
3140 3134 3240 3191 Dei
3267 3135 3543 3208 imitatio,
3575 3136 3764 3192 virtus

2117 3225 2411 3282 censenda
2441 3229 2851 3292 est;attamen
2875 3224 3162 3292 ordinem,
3215 3228 3279 3279 ut
3326 3224 3477 3280 alius
3536 3225 3595 3280 in
3654 3225 3766 3282 alio

342 3304 501 3379 ψυχή
551 3323 672 3370 σου,
704 3277 825 3386 ἀντῖ
868 3277 1016 3367 τοῦ,’
1045 3301 1080 3368 ἡ
1132 3305 1234 3368 τῆς
1261 3277 1638 3386 ’διδασκαλίας
1693 3277 1993 3386 μετάδοσις

2121 3277 2410 3382 esss};
2448 3277 3186 3368 1.;ainazmisase
3224 3277 3595 3380 ’ξιήίῖιιῖἱυάῖ
3642 3277 3768 3386 6ἑᾷ

342 3393 407 3448 τὸ
461 3389 521 3446 δὲ
579 3383 931 3463 συμϐεϐηκὸς
998 3387 1051 3442 ἐν
1110 3387 1455 3460 ὐποκειμίνῳ
1521 3384 1655 3460 ὅπερ
1715 3384 1814 3439 οὐκ
1869 3380 1993 3438 ἕστιπ

2122 3380 2396 3450 doctrinae
2429 3392 2885 3448 communicatio
2911 3409 2925 3448 :
2951 3393 3222 3448 accidens
3253 3397 3448 3448 autem
3477 3395 3536 3448 in
3567 3380 3770 3465 subje4

350 3482 484 3537 ἰκεῖο
549 3479 814 3535 ἀσύνθετα
864 3479 968 3554 γὰρ
1023 3477 1114 3532 καὶ
1171 3474 1316 3531 ἄϋλα
1374 3473 1570 3546 ἐκεῖνα,
1620 3475 1712 3528 καὶ
1766 3475 1836 3529 τὰ
1893 3471 1993 3528 εἷ’δπ

2125 3487 2240 3552 cto,
2273 3482 2426 3554 quod
2459 3482 2646 3550 abest,
2681 3481 2920 3548 existit;
2954 3481 3247 3553 simplicia
3277 3482 3430 3537 enim
3481 3481 3584 3537 illa
3631 3489 3772 3538 sunt

356 3571 539 3626 αὐτῶν
587 3568 745 3638 ζωαὶ,
779 3567 893 3642 οὐχ
935 3567 1010 3628 ὡς
1061 3565 1113 3621 ἄν
1161 3563 1292 3640 ὕλῃ.
1343 3565 1450 3621 Καὶ
1495 3567 1666 3618 ταῦτα
1717 3564 1812 3636 μὶν
1855 3563 1884 3617 ὁ
1913 3582 2015 3617 πα-

365 3658 646 3734 ραγράψας
695 3655 934 3726 ἐνόησεν.
969 3660 1106 3730 Ἔχε
1153 3652 1212 3710 εὶ
1259 3653 1396 3708 κατᾶ
1443 3656 1568 3707 νοῦν
1613 3653 1709 3714 τὰς
1743 3651 1876 3725 ἐμὰς
1920 3673 2019 3722 ση-

2127 3576 2184 3628 et
2214 3571 2470 3626 materiae
2501 3571 2783 3642 expertia,
2806 3570 3151 3642 speciesque
3182 3570 3470 3642 ipsorum,
3496 3571 3771 3642 vitae,non

2130 3661 2284 3717 sicut
2314 3661 2371 3715 in
2404 3660 2670 3716 materia:
2705 3665 2762 3714 et
2794 3659 2913 3715 haec
2944 3660 3182 3731 quidem
3215 3661 3266 3716 is
3297 3660 3474 3732 quiin
3511 3662 3778 3731 margine

377 3747 650 3819 μειώσεις,
691 3745 788 3808 τὰς
831 3745 941 3820 πρὸ
987 3747 1153 3818 τριῶν
1207 3740 1458 3820 φύλλωνο
1505 3741 1596 3796 καὶ
1649 3739 1873 3796 ἐνταῦθα
1919 3741 1993 3815 γιὶἦ

2132 3749 2434 3806 adnotavit
2480 3748 2803 3816 intellexit;
2861 3764 3022 3804 meas
3082 3752 3278 3804 autem
3317 3749 3778 3818 observationes,

376 3837 438 3890 τὸ
500 3836 778 3913 ἐφιέμεναι
842 3838 912 3908 τῇ
991 3832 1100 3907 ἐμῇ
1184 3834 1374 3903 νοήσει
1461 3836 1719 3906 συνεργεῖ·
1799 3830 1890 3885 καὶ
1970 3851 1993 3884 o

2135 3856 2262 3910 quas
2293 3838 2352 3892 in
2382 3838 2575 3892 tribus
2597 3841 2730 3892 ante
2760 3836 2934 3903 foliis,
2976 3837 3034 3891 in
3070 3841 3265 3892 mente
3330 3837 3564 3906 habeto,
3605 3837 3783 3893 isthic

373 3924 594 3998 πατέρες
645 3921 706 3978 δὶ
757 3921 934 3984 οὕτως
973 3920 1220 3992 ἐνόησαν,
1279 3919 1368 3974 καὶ
1431 3917 1591 3980 αὐτός
1653 3916 1710 3973 δὲ
1768 3915 1919 3973 δοκεῖ
1962 3938 1992 3971 τ

2134 3928 2294 3984 enim
2315 3925 2376 3979 τὸ
2407 3923 2681 4002 ἐφιέμεναι
2712 3925 3036 3998 cupientes,
3071 3924 3529 3981 intellectionem
3590 3942 3781 3981 meam

364 4013 828 4089 αὐτοπροαίρετον
906 4015 1036 4082 [τῶν
1129 4007 1412 4086 ἀγγέλων,
1475 4007 1550 4069 ὡς
1636 4007 1754 4081 μετ’
1838 4006 1993 4082 ὀλίγο

2137 4017 2412 4087 adjuvat;
2445 4019 2503 4071 et
2530 4015 2730 4070 Patres
2752 4013 2836 4070 ita
2858 4014 3291 4081 intellexerunt,
3322 4019 3497 4087 atque
3544 4015 3671 4087 ipse
3714 4013 3786 4069 li-

363 4103 663 4179 εὐρήσεις].

435 4281 767 4358 Ταξιάρχία.
800 4278 1092 4338 Τουτιστιν
1127 4277 1155 4332 ὸ
1188 4275 1338 4340 Θεός.

441 4373 629 4426 Ἔστιν
682 4371 774 4425 οὗν
823 4366 1010 4426 ἅπασι.
1069 4364 1389 4439 Σημείωσαι
1437 4363 1520 4420 ὅτι
1570 4364 1753 4442 φωτὸς
1815 4363 1972 4419 οὐσία
2002 4366 2031 4419 ὁ

370 4460 530 4527 Θεὸς,
555 4460 644 4514 καὶ
676 4459 740 4514 τὸ
772 4457 928 4537 φύσει
953 4457 1143 4533 ἀρετὴ,
1175 4455 1264 4510 καὶ
1297 4452 1436 4508 θὲσει
1467 4455 1657 4528 ἀρετή.

2137 4107 2346 4162 berum
2369 4103 2676 4160 arbitrium
2712 4103 3102 4176 [angelorum]
3153 4103 3416 4159 admittit
3467 4106 3556 4174 [ut
3615 4103 3787 4176 paulo

2141 4200 2274 4267 post
2302 4193 2610 4266 invenies].

2214 4282 2438 4340 Ordinis
2465 4283 2644 4352 origo,
2667 4285 2764 4336 Gr.
2782 4278 3092 4355 ταξιαρχίαι.
3125 4281 3187 4338 Id
3213 4285 3301 4338 est
3331 4282 3506 4339 Deus.

2212 4374 2304 4427 Est
2356 4373 2536 4443 igitur
2590 4371 2865 4427 omnibus.
2915 4375 3088 4435 Nota,
3120 4371 3305 4426 Deum
3364 4387 3495 4427 esse
3551 4371 3798 4429 luminis

2145 4461 2466 4518 essentiam
2499 4465 2558 4516 et
2589 4465 2803 4516 natura
2829 4459 3132 4531 virtutem,
3164 4464 3221 4516 et
3249 4460 3591 4517 definitione
3621 4460 3802 4517 virtu-

2144 4554 2288 4607 tem.

447 4641 764 4714 .Il'foﬁvut.
818 4633 1164 4708 Σημείωσαι,
1223 4631 1307 4688 ὅτι
1365 4632 1502 4705 μετὰ
1557 4633 1682 4687 Θεὸν
1734 4633 1882 4708 ἀρχὴ
1935 4653 1993 4687 πε

2222 4639 2471 4696 Censent.
2508 4637 2674 4704 Nota,
2699 4652 3010 4710 supremas
3044 4645 3270 4693 mentes
3300 4653 3430 4693 esse
3460 4642 3593 4710 post
3624 4643 3805 4694 Deum

371 4750 474 4800 σης
507 4727 705 4801 ἀρετῆς
738 4727 791 4783 οἱ
833 4724 1101 4780 ἀνώτατοι
1133 4723 1275 4792 νόες,
1303 4719 1373 4776 δι’
1421 4722 1496 4776 ὦν
1544 4722 1777 4795 πρώτων
1833 4717 2036 4798 ἔχομεν

370 4821 480 4888 τὴν
508 4820 608 4872 τοῦ
639 4819 774 4871 Θεοῦ
806 4813 1108 4888 ἔλλαμψιν.

449 4905 758 4982 Ἑμπύριον
788 4901 1062 4974 ῒδιότητα.
1113 4902 1433 4976 Σημείωσαι
1487 4899 1568 4956 ὅτι
1608 4900 1747 4955 κατὰ
1794 4897 2045 4973 ἴδιότητα

372 4996 643 5071 ἐμπύριοι
676 4995 727 5049 oi
758 4993 1028 5048 ἀνώτατοι
1058 4991 1200 5054 νόες,

451 5083 707 5158 Θρονίαν;
785 5081 987 5146 Καλῶς
1059 5079 1350 5157 ὲρμηνεύει
1416 5080 1468 5134 τί
1532 5078 1634 5134 εἶσι
1701 5081 1885 5157 θρόνοι
1937 5086 2046 5137 τῶν

2153 4728 2512 4802 principium
2546 4727 2740 4783 omnis
2770 4726 3028 4798 virtutis,
3053 4743 3156 4800 per
3185 4743 3334 4798 quas
3386 4727 3640 4799 primam
3701 4727 3804 4784 Dei

2151 4817 2609 4873 illustrationem
2638 4815 2991 4889 accipimus.

2224 4907 2454 4979 lgneam
2473 4905 3048 4978 proprietatemNota
3086 4920 3398 4977 supremas
3432 4908 3660 4961 mentes
3685 4921 3817 4962 esse

2155 4995 2484 5051 secundum
2519 4994 2938 5068 proprietatem
2969 4995 3195 5068 igneas.

2227 5085 2388 5142 Solii.
2423 5085 2600 5140 Recte
2629 5085 3078 5158 interpretatur,
3111 5085 3251 5156 quid
3283 5083 3403 5140 sint
3423 5085 3594 5142 sedes
3645 5085 3816 5142 coale-

377 5174 676 5252 οὐρανίων,
753 5173 816 5227 τὸ
886 5169 1237 5247 ἀνεῳγμίνην
1313 5170 1413 5238 τήν
1476 5168 1603 5245 περὶ
1661 5173 1798 5225 Θεοῦ
1857 5171 1993 5241 νόησ

2160 5175 2366 5246 stium,
2398 5179 2662 5246 apertam
2711 5174 2782 5229 de
2812 5173 2928 5230 Deo
2951 5174 3365 5247 cogitationem
3400 5174 3654 5244 habere;
3690 5174 3823 5232 solii

377 5265 557 5342 ἔχειν·
593 5263 812 5337 θρονίαν
843 5258 901 5317 δέ
931 5281 1095 5338 φησιν
1149 5256 1399 5326 ἰδιότητα
1429 5261 1528 5328 τήν
1574 5257 1993 5334 ἀποκληρωτικί

2162 5269 2360 5320 autem
2414 5263 2556 5319 dicit
2600 5263 3045 5335 proprietatem,
3095 5263 3305 5319 sortito
3351 5265 3824 5322 demonstratum

377 5355 785 5432 ἀποφανθεῖσαν
817 5354 927 5406 τῶν
961 5349 1130 5425 ἁγίων
1159 5347 1366 5424 θρόνων
1399 5347 1602 5423 ἀρχήν.

453 5522 488 5578 q
521 5504 700 5562 Hebr.
737 5520 838 5573 ιιι,
868 5502 959 5557 29.

2163 5357 2504 5410 sanctorum
2536 5352 2887 5408 thronorum
2921 5352 3346 5425 principatum.

1435 5607 1674 5664 VARIZE
1721 5609 2116 5669 LECTIONES
2160 5612 2252 5670 ET
2287 5609 2836 5670 CORRECTIONES

459 5728 506 5765 τί
539 5726 619 5788 ὡς
651 5718 898 5805 ἀφικτόνι
977 5724 1022 5761 ’⁸³
1047 5719 1338 5800 ἕκφοιτῶν.
