4134 6394
412 370 483 425 99
1232 361 1599 416 APPENDIX
1636 362 1735 415 AD
1772 359 2016 415 OPERA
2051 358 2111 411 Β.
2152 354 2473 414 DIONYSII
2510 362 3013 424 ABEOPAGITE.
3738 370 3839 425 100

487 498 849 572 Infeiiorum.
883 495 963 551 De
990 490 1277 563 subjectis
1298 487 1941 562 ordinibus,quomodo
1965 501 2069 558 per
2096 485 2119 553 Α

2250 483 2601 562 Ὑφειμὲνων.
2634 488 2768 566 Περὶ
2815 496 2922 547 τῶν
2971 488 3391 565 ὖποόεϐηκυιῶν
3432 494 3655 568 τάξεων,
3684 494 3835 561 ὅπως

412 570 636 665 primos
668 586 885 643 divinis
920 582 1386 641 communicent.

2174 570 2262 628 διὰ
2288 580 2397 630 τῶν
2429 576 2662 654 πρώτων
2700 583 2994 656 μετέχουσι
3026 580 3135 638 τῶν
3170 583 3351 648 θείων.

2244 666 2356 728 Τὰς
2402 667 2715 742 εἰρημένας.
2761 670 2964 729 Ἦλθεν
3010 672 3087 735 εἷς
3147 672 3406 749 ἐξήγησιν
3455 679 3553 731 τοῦ
3607 696 3835 751 προκει-

476 772 577 828 42
610 770 812 825 Dictus.
841 766 1013 822 Venit
1044 765 1116 821 ad
1148 762 1599 835 explicationem
1635 759 1937 832 propositi.
2175 753 2360 827 μένου.

479 862 507 933 Ξ
536 860 630 917 1V.
664 858 857 914 Aiebat
888 857 1098 926 itaque.
1134 853 1267 925 Agit
1296 852 1369 907 de
1393 868 1459 907 eo
1492 850 1594 923 qui
1626 850 1873 918 dixerat,
1922 864 2059 903 eum

2242 842 2470 921 Ἔλεγεν
2528 848 2642 905 οὗν.
2698 852 2829 924 Περὶ
2878 856 2976 906 τοῦ
3025 847 3277 915 εἰπόντος
3335 852 3523 931 φησὶν,
3582 854 3664 909 ὅτι
3715 857 3827 932 οὐχ

404 969 522 1007 non
557 948 739 1004 tuisse
770 944 1092 1018 seraphim,
1126 958 1300 1015 quem
1323 941 1506 997 Isaias
1537 940 1703 1007 vidit,
1738 938 1839 994 sed
1874 954 2036 993 unun

2195 964 2197 980 ι
2252 935 2491 1013 σεραφὶμ
2540 935 2879 1014 ἐτύγχανειν,
2930 942 2957 995 ὁ
3010 940 3194 1020 ὀφθεὶς
3248 942 3329 1014 τῷ
3384 941 3615 1015 Ἡσαΐᾳ,
3676 943 3827 1002 ἀλλά

400 1058 469 1096 ex
499 1037 879 1095 inferioribus
906 1034 1255 1101 ordinibus;
1318 1031 1471 1086 hanc
1502 1030 1661 1086 enim
1722 1028 2032 1101 opinionen

2188 1043 2249 1085 τις
2308 1029 2415 1079 τῶν
2476 1028 2797 1103 κατωτέρων
2850 1027 3117 1105 ἀγγέλων·
3177 1030 3344 1106 ταύτῃ
3407 1033 3508 1109 γὰρ
3563 1037 3632 1106 τῇ
3689 1032 3820 1110 δόξῃ

401 1131 757 1201 propugnat,
792 1141 970 1196 quam
999 1122 1175 1195 paulo
1214 1125 1349 1177 ante
1381 1120 1442 1175 in
1502 1117 1792 1191 principio
1845 1117 2033 1189 capiti:

2192 1114 2559 1187 παγωνίζεται
2591 1133 2605 1146 ·
2655 1115 2737 1201 ἢν
2796 1118 2903 1194 πρὸ
2962 1118 3153 1193 ὀλίγου
3209 1119 3485 1199 ἀναφαίνει
3546 1126 3613 1196 τῇ
3669 1109 3824 1199 ἀρχῇ

399 1200 679 1285 declarat,
743 1215 842 1269 ubi
894 1213 1089 1268 dicit:
1144 1212 1304 1266 Alius
1349 1220 1537 1265 autem
1590 1225 1704 1264 non
1761 1206 2031 1263 admodun

2187 1205 2259 1254 τοῦ
2290 1202 2610 1281 κεφαλαίου,
2634 1200 2759 1260 ἔνθα
2787 1228 2858 1283 φη
2870 1206 2974 1276 civ,
2999 1203 3182 1285 ἔτερος
3204 1206 3262 1264 δὲ
3284 1209 3345 1264 οὐ
3363 1208 3571 1288 σφόδρα
3593 1212 3819 1284 ἄτοπον,

398 1304 715 1372 absurdam,
748 1308 806 1358 et
834 1319 961 1373 quis
1019 1302 1374 1371 sequuntur.

888 1319 961 1356 ω
1019 1302 1374 1371 sequuntur.
2161 1290 2252 1345 καὶ
2280 1291 2346 1346 τὰ
2376 1293 2520 1363 ἑξῆς.

468 1397 750 1464 Tanquam
803 1393 862 1447 in
910 1390 1194 1462 symbolis.
1250 1387 1535 1451 Quoniam
1571 1385 1872 1457 seraphim
1927 1384 2051 1441 alas

2232 1381 2321 1444 Ὠς
2378 1380 2428 1437 ἐν
2489 1378 2832 1456 συμϐόλοις.
2892 1384 3114 1456 Ἐπειδὴ
3195 1388 3522 1466 ἐξαπτίρυγα
3595 1391 3695 1463 ὁρᾷ
3747 1392 3822 1447 τὰ

393 1502 495 1541 sex
527 1484 811 1539 habentes
837 1480 1013 1535 videt.

783 1500 811 1538 ι
837 1480 1013 1535 videt.
2160 1470 2413 1547 σεραφίμ,

464 1576 530 1628 Et
566 1574 721 1627 circa
742 1571 911 1625 Deum
942 1567 1261 1623 collocatas.
1296 1565 1481 1621 Habet
1512 1563 1667 1619 enim
1702 1562 2044 1635 Scriptura:

2229 1559 2328 1613 Kui
2359 1560 2483 1636 περὶ
2534 1563 2662 1617 Θεὸν
2710 1560 3027 1639 ἱδρυμένας.
3060 1566 3216 1640 Ἔχει
3255 1568 3355 1642 γὰρ
3400 1568 3463 1623 τὸ
3506 1566 3696 1645 λόγιον
3729 1568 3816 1625 ὅτι

394 1664 620 1719 Stabant
650 1663 711 1716 in
732 1659 972 1714 circuitu
1000 1658 1121 1727 ejus
1150 1656 1245 1727 (r).

1212 1657 1245 1725 ),
2157 1645 2412 1719 Εἶστήκει
2446 1649 2635 1724 κύκλῳ
2656 1651 2844 1710 αὐτοῦ.

464 1751 664 1808 Didicit
696 1752 901 1819 itaque.
952 1748 1117 1815 Vide,
1177 1745 1463 1816 quidnam
1525 1743 1781 1799 disceret
1837 1743 2043 1812 Isaias,

2230 1736 2554 1810 Ἐμάνθανεν
2613 1741 2725 1799 οὗν.
2782 1744 2923 1819 Ὅρα
2985 1744 3039 1799 τί
3098 1744 3390 1817 ἐμάνθανεν
3454 1747 3483 1801 ὀ
3536 1748 3758 1812 Ἡσαΐας
3795 1793 3811 1820 ,

392 1858 566 1914 quem
591 1843 759 1895 vocat
792 1835 1149 1906 theologum,
1176 1835 1439 1907 ignotam
1488 1848 1620 1889 esse
1675 1832 2024 1888 divinitatea

2179 1847 2211 1879 ιν
2262 1824 2424 1924 καλεῖ
2450 1827 2751 1924 ⁸θεολόγον,
2804 1830 2887 1885 ὅτι
2936 1832 3210 1909 ἄγνωστον
3258 1835 3320 1890 τὸ
3370 1841 3523 1891 Θεῖον
3566 1837 3655 1892 καὶ
3686 1844 3811 1902 ταῖς

389 1932 564 1987 etiam
600 1928 898 1999 supremis
926 1924 1267 1989 virtutibus,
1321 1926 1379 1978 et
1410 1921 1560 1977 nihil
1592 1922 1651 1975 in
1683 1922 1857 1977 rebus
1912 1937 2021 1977 esse

2178 1914 2412 1973 ενωτάτω
2446 1917 2726 1994 δυνάμεσι,
2756 1922 2848 1977 καὶ
2902 1923 2985 1977 ὅτι
3039 1921 3193 1979 οὐδὲν
3240 1928 3349 1980 τῶν
3376 1922 3547 1982 ὄντων
3577 1927 3810 2004 ἐμφερὲς

387 2020 471 2076 illi
524 2016 740 2075 simile.
800 2015 975 2070 Porro
1032 2008 1161 2067 ὄντα
1210 2028 1337 2084 quis
1389 2015 1549 2081 sunt,
1601 2010 1945 2066 dicebamus
1977 2010 2019 2065 ir

2173 2006 2320 2079 ιύτῷ.
2354 2009 2517 2064 Ὄντα
2548 2007 2605 2065 δὲ
2634 2007 2857 2083 εἷ’πομεν
2901 2009 2953 2066 ἐν
3001 2016 3079 2084 τῷ
3107 2013 3215 2089 πρὸ
3256 2013 3454 2070 τούτου
3499 2011 3705 2091 βιϐλίῳ
3736 2020 3805 2074 τὰ

388 2106 739 2183 praecedenti
768 2105 1079 2175 libro,quaa
1097 2108 1294 2157 mente
1324 2106 1381 2156 et
1402 2116 1580 2156 sensu
1607 2099 2008 2171 percipiuntur

2167 2098 2319 2166 νοητὰ
2356 2099 2444 2152 καὶ
2505 2098 2754 2170 αἶσθητά’
2807 2104 2976 2155 ταῦτα
3036 2100 3093 2157 δὲ
3154 2108 3367 2175 μυεῖται
3422 2106 3451 2159 ὁ
3507 2108 3799 2185 προφήτης

391 2200 510 2256 hac
540 2200 737 2253 autem
769 2192 1091 2249 docebatur
1123 2190 1431 2263 propheta,
1465 2194 1776 2261 postquam
1810 2206 1844 2243 a
1900 2206 2023 2261 pro‘

2166 2185 2287 2239 ιετὰ
2322 2187 2385 2241 τὸ
2413 2190 2747 2263 καθαρθῆναι
2777 2194 2884 2244 τῶν
2929 2188 3079 2247 ἷδίων
3114 2193 3418 2267 ἁμαρτιῶν,
3452 2194 3575 2270 περὶ
3607 2196 3670 2251 οὗ
3707 2218 3798 2270 μι-

386 2289 531 2362 priis
563 2283 818 2359 peccatis
850 2282 1116 2353 expiatus
1147 2280 1394 2350 fuisset;
1420 2280 1491 2335 de
1520 2295 1634 2351 quo
1680 2276 1855 2350 paulo
1906 2295 2018 2350 pos

1176 2280 1491 2350 uisset;de
1520 2295 1634 2351 quo
1680 2276 1855 2350 paulo
1906 2282 2039 2350 post
2146 2276 2274 2349 κρὸν
2307 2274 2524 2351 ὕστερον
2559 2276 2808 2352 ἐροῦμεν.

384 2379 672 2435 dicemus.

456 2468 750 2539 Seraphim
776 2461 1243 2526 docebatur.Quid
1254 2477 1389 2516 nam
1412 2460 1719 2516 doceretur
1744 2474 1848 2531 per
1879 2474 2037 2514 sera-

1956 2475 2037 2513 ra-
2220 2456 2473 2531 Σεραφὶμ
2500 2454 2741 2530 ἐμυεῖτο.
2774 2457 2842 2515 Τί
2872 2457 3093 2532 ἐμυεῖτο
3124 2457 3213 2517 διὰ
3238 2460 3306 2517 τὰ
3335 2462 3588 2542 σεραφίμ.

380 2557 678 2703 phliﬁlmen.
715 2642 1123 2715 Interpretatio
1148 2640 1409 2696 nominis
1433 2638 1755 2711 serapbim.

1574 2638 1755 2711 pbim.
2217 2636 2590 2709 Ἐπωνυμίας.
2619 2638 2916 2713 Ἑρμηνεία
2945 2641 3206 2715 σεραφίμ.

450 2736 698 2791 Aiarum.
732 2733 878 2799 Quid
916 2749 1116 2805 pennae
1144 2730 1497 2802 signiﬁcent.

1435 2734 1497 2783 It.
2215 2728 2454 2799 Πτερῶν.
2486 2726 2549 2780 Τί
2586 2725 2754 2796 δηλοῖ
2784 2728 2851 2781 τὰ
2880 2729 3067 2803 πτερά.

449 2827 514 2881 In
544 2826 715 2879 Deum
746 2825 806 2878 in
834 2823 1053 2893 primis.
1088 2818 1244 2875 Dixit
1266 2818 1422 2875 enim
1444 2835 1624 2890 supra
1665 2819 1721 2871 in
1756 2817 1871 2873 fine
1927 2817 2033 2872 de-

2212 2814 2318 2882 Τὴν
2365 2813 2453 2869 ἐπὶ
2503 2816 2566 2871 τὸ
2615 2822 2772 2871 Θεῑον
2824 2815 2876 2872 ἐν
2926 2818 3195 2892 πρώταις.
3229 2821 3394 2877 Εἶπεν
3448 2816 3557 2876 ἄνω
3605 2820 3709 2898 γὰρ
3740 2820 3796 2878 ἐν

378 2912 516 2969 cimi
548 2912 781 2985 capitis,
844 2910 1179 2967 universam
1213 2908 1532 2974 cmlestem,
1593 2912 1649 2962 et
1707 2906 2010 2962 humanan

2166 2901 2219 2973 ῖῷ
2246 2901 2392 2958 τέλει
2418 2908 2515 2958 τοῦ
2548 2901 2773 2960 δεκάτου
2801 2905 3213 2983 κεφαλαίου,ὅτι
3244 2915 3349 2973 πᾶς
3380 2909 3683 2986 [οὐράνιος]
3704 2912 3798 2967 καὶ

377 3008 635 3059 mentem
667 3002 882 3057 habere
905 2999 1128 3072 primos
1150 3004 1206 3054 et
1236 2996 1460 3053 medios
1492 3000 1549 3051 et
1575 3000 1903 3068 postremos
1936 3012 2009 3051 or

2161 2993 2476 3064 ἱνθρώπειος
2518 2998 2645 3058 νοῦς
2690 2996 2781 3049 καὶ
2828 2995 3069 3069 πρώτας,
3100 2997 3190 3051 καὶ
3242 2998 3429 3071 μὲσας,
3479 3000 3568 3054 καὶ
3598 3000 3793 3056 τελευ-

376 3090 785 3148 dineszmerito
808 3088 988 3162 igitur
1018 3103 1120 3143 sex
1149 3086 1275 3143 alas
1306 3085 1453 3141 dixit
1483 3084 1700 3139 habere
1755 3084 2003 3139 virtutes

2161 3080 2291 3145 ταίας
2320 3079 2435 3157 ἔχει
2467 3084 2661 3153 τάξεις.
2687 3084 2931 3147 Εἰκότως
2963 3087 3054 3140 οὖν
3083 3086 3136 3157 ’ἐξ
3169 3087 3437 3164 πτέρυγας
3467 3092 3611 3144 εἶπεν
3640 3086 3793 3167 ἔχειν

375 3184 440 3236 ut
501 3180 734 3235 duabus
786 3178 962 3235 facies
1016 3180 1300 3248 tegerent,
1331 3172 1540 3230 mediis
1573 3178 1767 3228 autem
1829 3173 2004 3243 pedes

2162 3172 2235 3240 τήν
2267 3168 2514 3245 δύναμιν,
2540 3170 2633 3227 ⁶ίνα
2659 3179 2782 3237 ταῖς
2818 3175 2911 3248 μὶν
2956 3172 3077 3230 δυσὶ
3121 3196 3217 3231 καλ
3233 3176 3373 3253 ύπτῃ
3405 3178 3472 3233 τά
3499 3179 3794 3255 πρόσωπα,

379 3225 440 3236 ...
501 3225 732 3235 ..-η--
787 3225 960 3235 .--η-
1021 3225 1300 3248 --ο-----,
1332 3225 1537 3230 ὼν---
1578 3225 1766 3228 -.,--,_

374 3269 615 3341 reliquis
650 3285 788 3324 vero
819 3268 973 3322 circa
1008 3271 1186 3322 Deum
1220 3263 1504 3331 volarent,
1540 3262 1689 3332 quod
1750 3262 1875 3333 ipse
1932 3279 2003 3317 vo

2193 3225 2202 3240 ,
2277 3225 2284 3226 ,
2345 3225 2442 3245 ..Γ
2479 3225 2514 3242 ν,
2673 3225 2779 3237 η--.
2818 3225 2903 3248 Γ--.
2963 3225 3076 3230 η--
3123 3225 3204 3231 --η
3238 3225 3373 3245 -.--,
3416 3225 3472 3233 -..
3506 3225 3537 3233 .-
3581 3225 3768 3236 πω...

2159 3266 2255 3323 ταῖς
2290 3258 2347 3316 δὲ
2380 3261 2564 3335 μέσαις
2609 3263 2736 3326 τοὺς
2781 3262 2974 3327 πόδας·
3005 3270 3126 3328 ταῖς
3181 3263 3237 3321 δὲ
3270 3225 3491 3330 λοίπαῖς
3539 3225 3602 3323 ’.τὸ
3633 3229 3791 3325 Gaio;

373 3360 589 3415 caverit
619 3373 960 3430 supremam
992 3354 1405 3412 intentionem.
1439 3357 1587 3409 Nota
1641 3369 1797 3418 vero,
1858 3352 2005 3423 quid

2164 3354 2513 3426 εεριπετῆται,
2574 3352 2705 3426 ὅπερ
2767 3356 2913 3409 εἶπεν
2973 3353 3133 3416 αὐτὸς
3180 3356 3280 3424 τὴν
3334 3357 3637 3432 ὑπερτάτην
3670 3361 3796 3414 ἀνά-

372 3466 511 3505 nam
544 3448 862 3504 multitudo
892 3446 1109 3518 pedum
1140 3447 1199 3499 et
1228 3443 1508 3499 facierum
1540 3443 1600 3498 in
1632 3442 2004 3515 seraphim,e

2165 3462 2301 3498 ασιν.
2357 3441 2673 3515 Σημείωσαι
2725 3440 2782 3497 δὲ
2827 3444 2879 3497 τί
2928 3443 2990 3498 τὸ
3039 3444 3325 3500 πολύπουν
3368 3445 3457 3501 καὶ
3506 3449 3569 3502 τὸ
3617 3448 3794 3504 πολυ-

371 3555 477 3594 cur
507 3537 705 3609 aliqua
734 3540 1029 3607 tegantur.

2157 3531 2429 3604 πρόσωπον
2499 3535 2608 3586 τῶν
2684 3531 2923 3608 σεραφὶμ
2962 3577 2979 3605 ,
3037 3534 3127 3588 καὶ
3204 3532 3293 3590 διὰ
3368 3535 3421 3591 τί
3498 3538 3789 3594 σκέπονται

2131 3615 2267 3677 ἔνια.

441 3717 735 3772 Scaurum.
770 3718 917 3771 Nota
974 3713 1271 3785 quomodo
1329 3711 1582 3766 adducat
1639 3724 1741 3766 sex
1797 3727 2021 3783 pennas

2199 3707 2493 3779 Ἐξαπλῆς.
2530 3709 2868 3784 Σημείωσαι⁹
2899 3715 3018 3774 πῶς
3068 3712 3253 3789 ἀνάγει
3300 3713 3396 3778 τὰς
3435 3714 3489 3786 ’ἐξ
3520 3716 3790 3793 πτέρυγας

367 3810 712 3862 sanctorum
744 3803 1067 3875 seraphim.

2127 3802 2235 3852 τῶν
2266 3798 2437 3873 ἁγίων
2466 3800 2721 3875 σεραφίμ.

445 3897 708 3951 Visorum.
734 3895 795 3949 Id
828 3898 919 3949 est
948 3910 981 3948 a
1013 3891 1298 3964 propheta
1328 3894 1747 3964 spectatorum.

2200 3889 2547 3961 ’ορωμὲνων.
2629 3891 2887 3946 Τουτὲστι
2961 3896 3071 3947 τῶν
3146 3893 3251 3949 ὑπὸ
3324 3898 3422 3949 τοῦ
3494 3897 3785 3974 προφήτου

2130 3978 2439 4050 θεωρουμὲν
2449 3998 2545 4033 ων.

446 4071 940 4129 ΒαὺῑεηιίονιιτηᾹη
972 4071 1222 4143 tegendo
1256 4069 1914 4141 facies,profundiorum
1956 4070 2015 4126 in

2200 4068 2323 4121 Τῶν
2375 4065 2756 4139 ὑψηλοτέρων.
2792 4069 2891 4123 Διὰ
2934 4073 3032 4124 τοῦ
3061 4068 3357 4127 καλύπτειν
3388 4072 3453 4127 τὰ
3490 4073 3781 4148 πρόσωπα·

361 4163 608 4235 tegendo
641 4163 842 4234 pedes,
875 4176 978 4233 per
1010 4159 1233 4215 medias
1252 4164 1450 4215 autem
1494 4160 1766 4231 (pennas)
1815 4165 1993 4231 aptan

2154 4157 2232 4208 ὧν
2268 4152 2324 4209 δὲ
2353 4155 2681 4230 βαθυτέρων,
2716 4154 2807 4211 διὰ
2834 4162 2931 4212 τοῦ
2960 4158 3257 4215 καλύπτειν
3287 4161 3416 4224 τοὺς
3447 4160 3641 4225 πόδας·
3692 4161 3786 4219 διὰ

361 4253 677 4309 rationem.

2127 4240 2185 4298 δὲ
2214 4249 2320 4297 τῶν
2356 4245 2533 4317 μέσων
2565 4246 2664 4313 τὴν
2688 4247 3045 4324 συμμετρίαν.

431 4344 498 4399 Et
547 4342 906 4398 celerrimum
967 4339 1157 4397 laudis
1208 4342 1454 4393 cantum.
1508 4337 1658 4393 Illud
1712 4339 2011 4411 :Sanctus,

2198 4333 2295 4387 Καὶ
2354 4334 2731 4408 πολυτίμητον
2792 4334 3092 4410 ὑμνῳδίαν’
3156 4340 3254 4396 Τὸ·
3309 4343 3544 4416 Ἀγιος,
3600 4344 3780 4421 ἅγιος,

358 4439 602 4499 sanctus,
633 4434 854 4486 sanctus
884 4429 951 4501 (ς)
977 4444 990 4483 :
1046 4427 1341 4500 significat
1363 4444 1495 4483 vero
1518 4427 1694 4483 etiam
1737 4428 1990 4500 angelun

2149 4423 2296 4499 ἰγιος·
2332 4422 2589 4495 σημαίνει
2641 4422 2698 4480 δὲ
2744 4426 2827 4479 ὅτι
2870 4428 2960 4481 καὶ
3013 4424 3268 4502 ἅγγελος,
3316 4431 3435 4485 κατ’
3481 4429 3781 4507 ἀναλογίαν

360 4522 688 4578 secundum
716 4519 963 4591 proprius
995 4517 1229 4574 virtutis
1264 4517 1701 4589 pr0portionem
1751 4518 1992 4589 acciperi

2150 4518 2222 4580 ῆς
2254 4508 2394 4572 ἰδίας
2428 4508 2731 4584 δυνάμεως,
2765 4511 2984 4589 δέχεται
3032 4516 3131 4583 τήν
3167 4518 3311 4579 θείαν
3358 4516 3658 4592 ἔλλαμψιν,
3690 4523 3782 4576 καὶ

359 4611 617 4667 divinam
651 4607 1458 4679 illustrationem,ipsumque
1492 4606 1792 4678 prophetis
1850 4624 1991 4663 com'

2151 4601 2280 4662 ;ύτὸς
2314 4598 2641 4673 μεταδίδωσι
2671 4608 2790 4665 τοῖς
2821 4605 3161 4681 προφήταις,
3193 4607 3317 4661 ὅσον
3351 4610 3783 4686 χωροῦσιν,ούχ

359 4699 659 4757 municare
683 4702 973 4771 quantum
1006 4696 1265 4768 capiunt,
1301 4711 1417 4750 non
1442 4700 1733 4767 quantum
1766 4697 1894 4769 ipse
1917 4714 1991 4753 co

1083 4696 1265 4768 piunt,
1301 4711 1417 4750 non
1442 4700 1733 4767 quantum
1766 4697 1894 4769 ipse
1917 4714 2009 4753 co-
2122 4690 2221 4745 ὅσα
2247 4692 2500 4767 γινώσκει
2533 4690 2715 4753 αότός.

359 4789 616 4862 gnoscit.

430 4881 576 4948 Quia
602 4878 857 4949 expiatio
886 4883 988 4932 est.
1031 4874 1323 4940 Quidnam
1358 4874 1439 4930 sit
1470 4875 1745 4947 expiatio,
1780 4881 1837 4932 et
1866 4892 2012 4948 quo-

2192 4874 2315 4929 ’Ὀτι
2343 4869 2603 4947 κάθαρσίς
2635 4870 2768 4930 ἔστι.
2799 4872 2860 4927 Τί
2896 4872 3009 4928 ἐστι
3033 4874 3314 4951 κάθαρσις,
3344 4876 3435 4932 καὶ
3466 4881 3587 4941 πῶς
3615 4876 3781 4942 είςτὰ

357 4968 530 5022 modo
563 4967 665 5022 fiat
695 4983 728 5021 a
759 4966 874 5021 Deo
906 4964 963 5019 in
997 4962 1430 5035 intelligilibus.

1382 4980 1430 5019 ε,
2120 4961 2293 5031 νοητὰ
2319 4958 2519 5033 γίνεται
2549 4960 2699 5035 παρὰ
2726 4965 2823 5015 τοῦ
2854 4966 3009 5017 Θεοῦ.

430 5060 561 5112 Haec
589 5062 791 5110 autem.
824 5052 1060 5108 Scilicet
1090 5053 1361 5125 purgatio
1386 5057 1488 5108 aut
1509 5056 1866 5111 communio.

2195 5049 2340 5117 Αὐτὴ
2376 5046 2452 5104 δέ.
2484 5050 2548 5106 ἹῙ
2579 5050 2836 5125 κάθαρσις
2869 5048 3084 5122 δηλαδή
3119 5053 3154 5123 ἢ
3186 5055 3220 5123 ἡ
3258 5056 3536 5127 μετουσία.

430 5146 531 5201 48
564 5144 893 5214 Praecipitis.
915 5142 1041 5198 Non
1074 5140 1233 5196 enim
1265 5140 1452 5213 qualis
1493 5147 1582 5198 est
1629 5144 1901 5216 purgatio
1951 5145 2010 5200 in

2194 5138 2612 5213 Ἐξῃρημὲναις.
2670 5139 2748 5197 Ού
2799 5141 2901 5215 γὰρ
2955 5140 3045 5197 θ’ία
3092 5142 3203 5198 icti
3247 5150 3357 5200 τῶν
3406 5146 3705 5222 ἀνθρώπων
3740 5150 3775 5218 ἡ

355 5232 720 5299 hominibus,
760 5230 899 5288 talis
928 5234 1019 5288 est
1047 5230 1222 5287 etiam
1253 5231 1312 5285 in
1343 5230 1400 5285 in
1413 5233 1723 5304 corporeis.

2119 5228 2399 5304 κάθαρσις,
2425 5227 2648 5295 τοιαύτη
2679 5228 2790 5285 ἐστὶ
2821 5231 2911 5286 καὶ
2944 5230 3033 5286 ἐπὶ
3064 5236 3171 5287 τῶν
3206 5234 3532 5309 ἀσωμάτων.

428 5325 564 5393 Quae
592 5324 805 5397 circum
838 5337 979 5390 eam,
1013 5319 1246 5376 Circum
1275 5335 1425 5377 eam.
1460 5321 1825 5379 thearchiam
1851 5322 2011 5379 scili-

2190 5323 2320 5381 Ταῖς
2344 5316 2468 5391 περί
2499 5319 2692 5389 αὐτήν.
2721 5321 2851 5396 Περὶ
2876 5322 3047 5391 αὐτὴν
3069 5323 3167 5392 τὴν
3197 5325 3457 5401 θεαρχίαν
3489 5322 3780 5400 δηλονότι,

357 5417 469 5476 cet,
503 5414 560 5468 id
596 5417 687 5468 est
718 5411 874 5467 circa
903 5410 1109 5467 Deum.

2118 5408 2363 5465 τουτέστι
2395 5407 2519 5483 περὶ
2548 5408 2638 5463 τὸν
2672 5408 2822 5467 Θεόν.

426 5503 631 5558 Existit
658 5502 979 5571 manifesta.
1003 5499 1276 5571 Purgatio
1298 5498 1589 5556 videlicet.

1546 5504 1589 5556 t.
2194 5496 2490 5577 Ἐκφαὶνει.
2518 5499 2581 5555 ἸΙ
2613 5496 2869 5575 κάθαρσις
2900 5497 3178 5568 δηλονότι.

426 5701 501 5773 (ν)
534 5704 713 5775 Apoc.
746 5718 848 5774 vn,
882 5702 968 5757 11.
1025 5700 1089 5773 (s)
1121 5704 1230 5757 Isa.
1262 5718 1345 5774 v1,
1374 5704 1446 5772 3;
1478 5704 1655 5776 Apoc.
1688 5718 1765 5777 iv,
1786 5704 1840 5759 8.
