4134 6428
297 407 400 462 101

1001 406 1060 458 S.
1104 404 1380 459 MAXIMI
1419 401 1728 458 SCHOLIA
1765 400 1840 454 IN
1878 401 2013 453 LIB.
2054 402 2152 454 DE
2192 402 2516 459 COELESTI
2558 405 3032 459 HIERARCHIA.

3629 407 3735 462 102

369 530 498 587 Ἐπὶ
555 526 615 583 δὲ
664 532 774 583 τῶν
835 525 1117 603 δευτέρων.
1175 528 1407 581 Σκοπεῖν
1485 520 1587 591 δεῖ,
1647 520 1731 577 ὅτι
1781 518 1993 598 διαφέγ

2145 527 2207 581 1η
2235 527 2490 584 secundi:
2544 532 2749 584 autem.
2806 531 3188 587 Considerare
3246 537 3493 601 Oportet,
3579 536 3736 606 quod

292 641 413 698 ρειν
446 617 610 694 φησὶν
644 616 707 672 οὗ
744 615 980 690 μετρίως
1015 618 1059 652 ⁷³
1088 614 1141 669 ἐν
1193 618 1273 687 τῷ
1324 610 1554 678 θεοειδεῖ
1601 617 1773 667 πᾶσαν
1829 609 1972 664 ἀσώ-

298 697 473 784 ματον
508 704 739 780 δύναμιν
770 724 783 738 ·
819 704 966 761 πολὺ
1016 704 1113 777 μὲν
1164 705 1270 779 γὰρ
1320 700 1467 778 ἔχειν
1495 702 1557 756 τὸ
1584 697 1815 764 θεοειδὲς
1843 697 1973 760 τοὺς

296 798 565 855 ἀνωτάτω
637 796 793 865 νόας,
854 795 1136 871 ὑφειμένον
1198 790 1256 847 δὲ
1315 792 1536 858 λοιπὸν,
1594 790 1824 845 καθόσον
1882 787 1972 842 καὶ

298 892 336 959 ἡ
401 888 551 957 τάξις
621 885 841 939 ἀπαιτεῖ
915 882 1045 944 τοὺς
1121 880 1356 944 λοιποὺς
1426 881 1576 948 νόας,
1641 874 1805 952 μέχρι
1864 880 1972 931 τῶν

300 978 559 1053 ἑσχᾶτων
598 993 611 1008 ³
651 973 822 1029 πλέον
857 971 916 1027 δὶ
943 973 1032 1027 καὶ
1084 975 1193 1026 τῶν
1245 969 1491 1045 ἐσχάτων
1548 968 1644 1030 τὰς
1703 965 1974 1041 ἡμετερας

299 1069 491 1142 ψυχάς
523 1068 569 1102 ⁷⁸
596 1083 610 1096 °
644 1062 761 1119 ἐπεὶ
789 1062 883 1117 καὶ
913 1062 1129 1116 πάντων
1171 1065 1279 1115 τῶν
1330 1064 1469 1114 νοῶν
1523 1057 1669 1113 πολὺ
1731 1054 1977 1110 λείπεται

301 1161 339 1227 ἡ
373 1156 500 1219 καθ’
526 1158 676 1227 ἡμᾶς
709 1153 889 1228 ψυχή.
924 1151 1028 1207 Καὶ
1074 1152 1109 1219 ἡ
1161 1149 1277 1204 θεία
1324 1147 1503 1203 τοίνυν
1543 1142 1821 1219 ἔλλαμψις
1855 1166 1979 1199 συν-

305 1249 535 1321 ηγμένη
590 1264 709 1304 πως
769 1238 984 1315 μᾶλλον
1049 1238 1140 1293 καὶ
1221 1236 1627 1309 συνεσταλμὲνη
1698 1236 1979 1311 θεωρεῖται

304 1336 452 1411 πρὸς
508 1335 610 1403 τήν
665 1335 781 1386 οἷον
839 1329 919 1392 εἰς
981 1335 1158 1402 μῆκος
1218 1327 1511 1383 ἀπόστασιν
1569 1332 1670 1394 τῆς
1729 1323 1803 1386 εἰς
1851 1324 1980 1378 Θεὸν

304 1424 692 1493 πλησιάσεως,
726 1421 1030 1496 συνάγουσα
1087 1418 1253 1473 οἱονεὶ
1307 1416 1444 1486 αὐτή
1476 1418 1511 1486 ἡ
1546 1416 1665 1470 θεία
1707 1411 1984 1486 ἔλλαμψις

305 1515 412 1582 τὴν
448 1510 656 1567 οἰκείαν
700 1508 1003 1588 φανὲρωσιν
1054 1508 1193 1581 πρὸς
1248 1506 1311 1561 τὸ
1368 1503 1568 1561 ἔνιαῖον
1627 1503 1718 1559 καὶ
1776 1500 1985 1557 ἁπλοῦν

309 1604 489 1672 αὐτῆς
522 1598 798 1676 ἄγνωστον
832 1617 845 1631 ·
893 1595 1171 1673 ἄγνωστος
1211 1597 1312 1672 γάρ
1362 1593 1503 1649 ἐστιν
1546 1595 1574 1649 6
1606 1594 1735 1657 Θεὸς
1783 1592 1845 1647 οὐ
1896 1589 1986 1646 διὰ

310 1689 601 1748 ποικιλίαν
636 1686 1033 1762 συλλογισμῶν
1083 1685 1457 1761 ἀγνοουμένην
1490 1686 1649 1757 ἡμῖν,
1680 1681 1827 1738 ἀλλὰ
1850 1681 1987 1736 κατὰ

315 1780 521 1836 ὶνιαίαν
555 1778 678 1832 τινὰ
710 1778 847 1852 πρὸς
882 1777 951 1832 τὰ
978 1777 1098 1839 καθ’
1129 1777 1303 1850 ἡμᾶς,
1337 1774 1456 1839 καθ’
1483 1774 1537 1829 ’ὲν
1592 1772 1683 1828 καὶ
1742 1771 1985 1841 καθάπαξ

329 1868 710 1938 ἀκατάληπτον
746 1864 1037 1921 ἀθανασίαν
1060 1867 1126 1922 ⁷⁸.

407 2047 745 2123 Ἐμπυρίως.
782 2044 1122 2119 Σημείωσαι,
1164 2042 1247 2099 ὅτι
1296 2041 1563 2118 ἔμπῦριος
1615 2038 1827 2111 ἰδιότης
1876 2044 1983 2094 τῶν

325 2138 571 2215 σεραφίμ
625 2137 762 2206 ἔστι,
822 2134 915 2190 καὶ
990 2139 1129 2202 πῶς,
1186 2130 1422 2209 ἀγγέλου
1492 2129 1862 2205 καθαίροντος,
1922 2129 1988 2183 τὰ

331 2229 578 2306 σεραφὶμ
606 2224 822 2299 εἴρηται
848 2223 1147 2300 καθαίρειν,
1179 2222 1268 2278 καὶ
1298 2222 1405 2297 πρὸ
1434 2221 1643 2276 τούτων
1677 2221 1705 2274 6
1735 2220 1889 2306 Θεός.

398 2304 733 2392 Ἠνὶερὲωψ
770 2314 1088 2387 Σημείωσαι
1146 2313 1229 2367 δτι
1287 2311 1339 2367 οἱ
1389 2312 1552 2387 ἱερεῖς
1615 2304 1991 2379 ὑποϐεϐήκασι

318 2411 417 2464 τὸν
448 2408 721 2483 ἱεράρχην
766 2423 777 2436 ’
812 2403 902 2459 καὶ
934 2402 1016 2457 ὅτι
1076 2399 1217 2458 ἄλλο
1249 2401 1502 2479 φωτίζειν
1553 2398 1642 2454 καὶ
1700 2396 1843 2453 ἄλλο
1894 2418 1989 2453 χα-

321 2499 536 2573 θαίρειν
570 2513 584 2527 ·
616 2496 705 2550 καὶ
738 2493 822 2548 ὅτι
884 2491 1027 2548 ἄλλο
1082 2490 1421 2567 λειτουργὸς,
1451 2489 1541 2544 καὶ
1599 2488 1741 2543 ἄλλο
1774 2485 1947 2561 ἱερεύς
1976 2508 1987 2521 ο

322 2587 417 2641 καὶ
476 2589 589 2640 τῶν
640 2583 831 2659 ἱερέων
890 2578 1291 2655 καθαιρούντων
1340 2577 1375 2647 ἢ
1426 2576 1795 2655 φωτιζόντων,
1824 2577 1852 2630 6
1913 2576 1994 2630 ἱε-

325 2675 549 2753 ράρχης
582 2672 799 2748 λέγεται
833 2674 1011 2725 ποιεῖν
1044 2672 1140 2724 7".

401 2766 691 2835 Διατηρῶν
754 2760 1073 2836 ἀτρίπτους.
1106 2760 1229 2815 ’Ότι
1284 2758 1312 2811 6
1363 2756 1494 2819 Θεὸς
1545 2756 1573 2810 6
1629 2755 1718 2810 καὶ
1779 2753 1994 2810 πάντων

328 2853 547 2929 ὁμοίως
605 2856 716 2907 τῶν
773 2854 986 2920 νοητῶν
1045 2845 1385 2922 δημιουργὸς
1421 2892 1436 2917 ,
1492 2844 1652 2907 αὐτὸς
1733 2842 1823 2899 καί
1900 2846 1995 2908 τὰς

327 2944 559 3020 πρώτας
610 2938 793 3001 οὐσίας
853 2936 1068 3012 συνέχεί
1127 2935 1219 2990 καὶ
1259 2932 1508 3008 διατηρεῖ
1536 2932 1671 3020 πρὸς
1736 2932 1992 3007 ἀτρεψίαν

326 3033 421 3088 καὶ
482 3025 905 3104 ἀμεταπτωσίαν
938 3045 950 3058 ·
983 3025 1281 3101 ἀτρέπτους
1338 3020 1396 3078 δὲ
1450 3028 1591 3078 νοεῖν
1654 3019 1736 3076 δεῖ
1785 3020 1995 3093 [αὐτὰς]

327 3123 452 3178 κατ’
484 3121 663 3177 ἐκεῖνο
719 3118 837 3173 καθ’
894 3114 925 3170 8
981 3114 1140 3185 εἰσιν,
1188 3116 1302 3169 οἷον
1364 3114 1440 3175 εἷς
1489 3114 1552 3167 τὸ
1611 3110 1889 3181 ἀθάνατον,
1917 3110 1997 3173 εἰς

324 3215 431 3283 τὴν
498 3211 669 3280 ζωὴν,
711 3207 831 3271 καθ’
860 3207 923 3276 ἣν
983 3203 1277 3260 οὐσίωνται
1322 3201 1400 3264 εἰς
1446 3202 1510 3257 τὸ
1558 3202 1688 3256 εἶναι
1747 3204 1861 3278 φῶς
1895 3219 1907 3232 ·
1942 3199 1992 3255 ἐν

2016 1901 2065 1966 Β

2081 615 2241 671 dicat
2272 634 2389 673 non
2424 635 2631 688 parum
2663 618 2996 691 discrepare
3027 619 3085 675 in
3117 621 3606 681 dissimilitudine
3638 625 3735 681 in-

2083 721 2419 777 corpoream
2455 724 2691 763 omnem
2723 708 3284 777 virtutem;multum
3315 714 3612 785 siquidem
3636 714 3741 771 Dei

2085 793 2502 852 similitudinis
2534 796 2752 852 habere
2781 814 3094 868 supremas
3117 806 3582 873 mentes,parum
3604 820 3740 858 vero

2085 882 2246 940 illius
2278 886 2432 955 quod
2468 885 2786 957 reliquum,
2819 893 3114 957 quatenus
3146 891 3323 945 etiam
3374 893 3515 947 ordo
3564 909 3740 964 expo-

2086 972 2217 1039 scit,
2249 978 2486 1029 caateras
2516 979 2744 1030 mentes
2778 991 2966 1045 usque
2997 977 3068 1032 ad
3100 979 3609 1047 extremas;multo
3630 998 3740 1036 au-

2084 1067 2205 1117 tem
2240 1061 2437 1118 minus
2464 1063 2742 1119 extremis
2766 1068 2998 1121 nostras
3019 1065 3197 1121 etiam
3222 1067 3746 1140 animas,quando-

2088 1150 2325 1221 quidem
2360 1152 2558 1206 anima
2590 1157 2789 1207 nostra
2820 1153 2891 1207 ab
2926 1154 3208 1212 omnibus
3258 1157 3558 1213 mentibus
3590 1159 3744 1213 mul-

2088 1246 2217 1295 tum
2279 1240 2475 1296 distet.
2522 1242 2593 1296 Et
2648 1242 2847 1297 divina
2902 1242 3424 1314 igiturillustratio
3456 1248 3747 1318 quodam-

2092 1329 2267 1385 modo
2290 1334 2493 1385 coacta
2527 1330 2645 1386 imo
2686 1336 2988 1388 contracta
3014 1334 3395 1405 conspicitur,
3458 1337 3517 1391 in
3570 1336 3748 1409 longa

2090 1418 2250 1474 velut
2279 1419 2561 1475 distantia
2593 1436 2869 1477 accessus
2901 1422 2972 1478 ad
3005 1422 3214 1491 Deum,
3276 1429 3564 1497 tanquam
3623 1426 3748 1482 haec

2094 1508 2295 1563 divina
2319 1508 2636 1566 illustratio
2696 1514 2927 1582 cogeret
2977 1512 3277 1584 propriam
3312 1515 3749 1571 manifestatio-

2095 1614 2229 1653 nem
2266 1597 2325 1652 in
2358 1615 2538 1655 unam
2570 1602 2628 1654 et
2657 1598 2989 1671 simplicem
3020 1601 3114 1657 sui
3143 1600 3540 1674 ignorantiam
3563 1604 3751 1676 :igno-

2094 1692 2194 1743 tus
2216 1688 2375 1743 enim
2406 1692 2497 1744 est
2530 1690 2681 1745 Deus
2712 1705 2825 1745 non
2858 1694 3098 1762 prOpter
3125 1691 3471 1748 varietatem
3514 1692 3751 1749 ratioci-

2095 1777 2404 1832 nationum
2438 1777 2607 1833 nobis
2628 1778 3027 1850 ignotam,sed
3060 1782 3388 1836 secundum
3421 1797 3601 1837 unam
3651 1781 3753 1837 ali-

2098 1882 2275 1937 quam
2306 1864 2367 1921 in
2400 1867 2573 1922 nobis
2606 1866 2952 1938 simpliciter
2992 1873 3049 1923 et
3089 1868 3355 1925 absolute
3412 1870 3754 1943 incompre-

2096 1954 2448 2010 hensibilem
2482 1956 2938 2027 ignorationem.

2168 2045 2278 2099 Per
2303 2046 2504 2115 ignem.
2529 2049 2676 2100 Nota
2706 2045 2939 2117 igneam
2972 2048 3393 2119 proprietatem
3421 2064 3551 2105 esse
3602 2064 3756 2105 sera-

2098 2133 2499 2206 phinorum;et
2530 2135 2823 2205 quomodo
2878 2136 3086 2207 angelo
3118 2141 3429 2209 purgante,
3453 2138 3759 2209 seraphini

2100 2223 2374 2279 dicantur
2398 2240 2673 2295 purgare,
2704 2228 2763 2279 et
2793 2229 2928 2280 ante
2958 2225 3065 2281 hos
3100 2232 3269 2282 Deus.

2169 2314 2273 2368 Aut
2301 2313 2662 2369 sacerdotum.
2697 2313 2849 2369 Nota
2899 2315 3236 2371 sacerdotes
3263 2331 3393 2372 esse
3452 2316 3761 2373 inferiores

2100 2400 2478 2474 praesulibus,
2509 2405 2567 2457 et
2594 2401 2754 2457 aliud
2785 2418 2915 2459 esse
2936 2402 3274 2460 illuminare
3304 2410 3363 2461 et
3393 2405 3556 2461 aliud
3618 2422 3760 2477 pur-

2102 2508 2240 2564 gare
2272 2507 2290 2560 ;
2320 2495 2497 2562 atque
2527 2490 2688 2547 aliud
2713 2508 2843 2549 esse
2876 2493 3235 2561 ministrum,
3265 2500 3325 2551 et
3366 2494 3526 2551 aliud
3560 2512 3757 2552 sacer-

2104 2580 2854 2652 dotem;sacerdotibusque
2884 2583 3279 2655 purgantibus
3319 2590 3422 2641 aut
3451 2583 3759 2641 illustran-

2102 2670 2284 2738 tibus,
2318 2669 2531 2742 prmsul
2564 2670 2778 2726 dicitur
2807 2670 3018 2728 facere.

2176 2759 2510 2815 Conservam
2542 2760 2939 2816 immutabiles.
2984 2765 3167 2817 Deum
3216 2761 3485 2819 omnium
3539 2764 3760 2835 pariter

2105 2847 2567 2921 intelligibilium
2598 2851 3178 2921 creatorem,primas
3209 2868 3443 2924 quoque
3465 2853 3756 2908 essentias

2106 2937 2403 2994 continere
2423 2942 2481 2993 et
2498 2954 2843 2994 conservare
2860 2955 2932 2994 ne
2957 2939 3350 2995 immutantur
3373 2946 3431 2996 et
3450 2942 3751 3010 decidant;

2104 3025 2510 3083 immutabiles
2538 3042 2672 3083 vero
2728 3027 3054 3100 intelligere
3109 3032 3337 3099 oportet
3379 3029 3438 3083 in
3470 3028 3570 3085 illo
3602 3031 3762 3102 quod

2107 3116 2505 3174 substantiam
2526 3115 2736 3188 tangit,
2757 3116 2914 3171 velut
2944 3116 3003 3171 in
3034 3116 3499 3186 immortalitate,
3530 3119 3592 3174 in
3623 3119 3766 3187 vita,

2108 3205 2436 3261 secundum
2485 3221 2663 3275 quam
2712 3205 3031 3261 essentiam
3077 3212 3447 3279 acceperunt,
3506 3208 3567 3262 in
3608 3208 3761 3264 exsi-

329 3302 558 3359 τούτοις
614 3299 716 3371 γὰρ
771 3295 864 3351 καὶ
914 3288 1292 3367 ἀμεταϐόλους
1323 3288 1630 3359 οὐσιωδῶς,
1660 3289 1750 3345 καὶ
1810 3288 1885 3351 εἴς
1932 3290 1993 3344 τὸ

2117 3295 2316 3352 stendo
2346 3294 2575 3349 lumen:
2599 3294 2692 3350 his
2722 3294 2876 3349 enim
2909 3293 3309 3350 immutabiles
3367 3300 3508 3351 sunt
3561 3312 3766 3352 essen-

338 3392 417 3466 μὴ
499 3388 794 3463 τρίπεσθαι
880 3383 957 3448 εἰς
1042 3381 1313 3461 ἰκφὺλους
1396 3377 1857 3466 ἑπιθυμίαςηᾶτε
1914 3376 2005 3432 καὶ

335 3464 747 3549 αὐτεξουσίους,
807 3474 835 3529 6
880 3473 1010 3535 Θεὸς
1061 3473 1274 3548 συνέχει
1323 3467 1521 3531 αὑτοὺς
1585 3467 1675 3522 καὶ
1735 3464 2004 3542 διατηρεῖ.

338 3569 416 3625 Τὸ
481 3566 582 3639 μὲν
640 3563 746 3639 γὰρ
805 3561 943 3638 πρὸς
976 3557 1135 3615 αὑτὸν
1163 3561 1207 3596 ⁷⁸
1259 3556 1622 3619 ἀνατείνεσθαι
1679 3560 1779 3625 τῆς
1833 3550 2007 3608 αὐτῶν

345 3658 460 3713 ἔστι
519 3658 715 3729 νοερᾶς
768 3651 1139 3726 προαιρέσεως
1174 3668 1186 3682 ·
1220 3648 1283 3703 τὸ
1340 3645 1398 3701 δὲ
1454 3644 1617 3700 εἰσαεὶ
1678 3644 1801 3716 περὶ
1848 3647 2008 3698 τοῦτο

356 3744 594 3819 διαρκεῖν
651 3749 755 3814 τῆς
802 3738 1152 3814 ἀντιλήψεώς
1198 3736 1309 3793 ἔστι
1339 3738 1435 3792 τοῦ
1468 3737 1603 3792 Θεοῦ
1638 3752 1649 3765 ο
1682 3732 1854 3789 πάντα
1905 3733 2009 3809 γὰρ

370 3831 534 3888 δεῖται
561 3834 709 3907 [τῆς]
740 3827 874 3886 Θεοῦ
909 3827 1191 3905 βοηθείας.

430 3924 489 3981 Ὀ
512 3922 688 3978 ταῦτά
742 3940 810 3995 με
855 3915 1150 3974 διδάσκων.
1181 3914 1520 3988 Σημείωσαι,
1550 3914 1632 3969 ὅτι
1676 3917 1843 3969 ταῦτα
1885 3914 2012 3988 παρ’

350 4014 543 4087 ἑτέρου
574 4006 770 4085 ἔμαθεν
801 4010 830 4064 6
864 4006 1033 4082 μέγας
1067 4005 1370 4066 Διονύσιος.

419 4103 740 4177 Ἱεράρχης.
776 4095 1119 4172 Σημείωσαι,
1159 4094 1242 4150 ὅτι
1290 4095 1424 4168 μετὰ
1454 4093 1581 4149 Θεὸν
1608 4090 1876 4169 ἡγεμόνες
1924 4091 2015 4147 καὶ

346 4194 401 4246 οἱ
433 4191 703 4247 ἀνωτάτω
736 4186 1053 4260 διάκοσμοι.

418 4277 692 4342 Θεοειδῶς
722 4278 994 4351 ἐμυήθην.
1027 4276 1090 4330 Ἡ
1119 4277 1216 4329 τοῦ
1248 4270 1483 4349 ἀγγέλου
1515 4270 1799 4343 ήθοποιία,
1822 4271 2017 4325 ὡσανεὶ

346 4370 687 4442 ὑκαθαίρων
746 4363 974 4443 ἄγγελος
1026 4364 1119 4419 τὸν
1170 4361 1416 4433 Ἡσαΐαν,
1445 4366 1615 4417 ταῦτα
1668 4360 1814 4433 αὑτῷ
1867 4355 2019 4437 ἔλεγε

343 4459 477 4536 περὶ
504 4463 614 4514 τῶν
648 4454 912 4535 σεραφίμ.

420 4535 497 4606 ὸΗ
553 4547 684 4621 παρ’
741 4545 957 4601 ἑαυτοῦ.
993 4544 1109 4614 Τὴν
1168 4544 1287 4597 καθ’
1344 4535 1635 4617 ὑπέρϐασιν
1692 4543 1792 4596 τοῦ
1849 4537 2019 4615 ῥητοῦ

2114 3385 2351 3452 tialiter,
2406 3389 2464 3438 et
2520 3400 2591 3438 ne
2648 3388 2956 3439 mutentur
3005 3385 3065 3439 in
3108 3389 3335 3440 exteras
3391 3385 3768 3456 cupiditates,

2117 3479 2182 3530 ut
2211 3490 2340 3544 quae
2391 3477 2533 3527 sunt
2590 3472 2759 3528 liberi
2820 3472 3075 3541 arbitrii,
3124 3473 3279 3529 Deus
3312 3474 3574 3530 continet
3604 3474 3769 3546 ipsas

2118 3567 2176 3619 et
2196 3564 2522 3618 conservat.
2556 3561 2618 3615 In
2652 3561 2835 3633 ipsam
2865 3561 3021 3616 enim
3054 3561 3283 3632 (Deum)
3336 3563 3641 3619 intendere
3699 3564 3772 3620 ab

2119 3650 2468 3722 intelligenti
2499 3666 2705 3706 eorum
2736 3649 2984 3706 consilio
3016 3652 3256 3722 pendet,
3292 3667 3525 3723 semper
3572 3656 3770 3708 autem

2120 3740 2181 3796 in
2202 3741 2315 3797 isto
2342 3755 2780 3812 perseverarea
2834 3738 2937 3794 Dei
2996 3740 3214 3810 pendet
3271 3738 3513 3808 auxilio,
3570 3741 3774 3797 omnia

2123 3829 2278 3886 enim
2309 3829 2411 3885 Dei
2445 3828 2664 3884 auxilio
2696 3844 2845 3901 Opus
2878 3827 3118 3884 habent.

2197 3922 2305 3989 Qui
2345 3920 2570 3975 haecme
2610 3919 2852 3976 docebat.
2893 3921 3042 3974 Nota
3090 3934 3373 3991 magnum
3431 3918 3776 3992 Dionysium

2124 4009 2247 4065 haec
2271 4008 2344 4065 ab
2374 4007 2488 4063 alio
2519 4007 2817 4063 didicisse.

2193 4102 2297 4155 44
2318 4097 2644 4153 Hierarcha.
2680 4097 2829 4152 Nota
2878 4101 3010 4170 post
3038 4097 3237 4166 Deum,
3298 4097 3595 4169 principes
3649 4115 3778 4154 esse

2126 4203 2438 4260 supremos
2470 4187 2730 4242 ordines.

2198 4278 2552 4347 Deiformiter
2600 4274 2818 4331 edoctus
2861 4277 2992 4339 fuit.
3026 4274 3210 4332 Fictio
3266 4292 3502 4331 morum
3557 4275 3774 4347 angeli,

2127 4369 2409 4436 tanquam
2441 4362 2689 4435 angelus
2714 4363 2927 4419 Isaiam
2955 4380 3312 4437 expurgans,
3336 4364 3457 4420 haec
3479 4364 3564 4419 illi
3584 4365 3655 4420 de
3686 4380 3781 4421 se-

2129 4452 2398 4526 raphinis
2430 4453 2669 4508 diceret.

2201 4549 2310 4601 Aut
2332 4558 2433 4615 per
2452 4541 2853 4598 «Sententiis
2873 4541 3053 4613 hujus
3075 4541 3438 4598 constructio
3450 4542 3779 4598 secundum

346 4636 598 4706 σύνταξιν
663 4634 798 4709 μετά
861 4632 1094 4688 πλεῖστα
1158 4628 1563 4703 ἀποδιδομένην
1625 4630 1767 4685 οὕτω
1824 4648 1988 4683 συντα

2122 4631 2657 4706 transgressionem
2692 4634 2825 4703 post
2855 4630 3115 4702 plurima
3152 4631 3500 4687 redeuntem
3551 4635 3635 4687 sic
3694 4637 3783 4687 est

346 4727 505 4784 ιετὲον
545 4748 557 4760 ·
590 4729 691 4791 τῆς
749 4730 849 4793 σῆς
899 4720 942 4777 δ’
971 4721 1031 4776 ἂν
1096 4719 1181 4792 εἷή
1227 4726 1418 4797 νοερᾶς
1467 4720 1800 4792 ἐπιστήμης,
1831 4718 1866 4788 ἢ
1914 4718 2014 4786 τήν

348 4816 533 4871 αἰτίαν
590 4814 793 4882 ταύτην
856 4809 1125 4883 δέξασθαι,
1183 4809 1219 4879 ἢ
1276 4810 1404 4885 παρ’
1462 4810 1655 4864 ἑαυτοῦ
1723 4808 1919 4881 εὑρεῖν,
1979 4805 2015 4875 ἢ

348 4907 486 4982 παρ’
519 4902 705 4977 ὲτὲρου
741 4906 952 4974 μαθεῖν,
986 4901 1076 4955 καὶ
1126 4898 1470 4973 ἀνακαλύψαι
1524 4895 1738 4972 μᾶλλον
1797 4897 1969 4969 ἐαυτῷ
2002 4916 2015 4930 ⁸

346 4992 508 5068 εἴπερ
543 4991 601 5048 δὶ
631 4991 747 5046 οἶόν
778 5011 837 5046 τε
867 4991 958 5046 καὶ
1016 4988 1141 5062 ἰμοί
1194 4989 1456 5052 ὡσαύτως
1501 4985 1844 5060 ἀνακαλύψω
1891 4986 2017 5062 περὶ

349 5082 609 5160 ἀγγέλων
642 5080 871 5158 ἐραστὴν
916 5080 1171 5151 θεωρίαν.
1205 5078 1283 5135 Τὸ
1339 5082 1570 5150 τιμῆσαι
1633 5073 1691 5130 δὲ
1746 5074 1864 5129 ἀντὶ
1919 5080 2017 5131 τοῦ

345 5178 719 5249 προτιμῆσαι.
774 5168 1144 5244 [Σημείωσαι,
1195 5166 1279 5223 ὅτι
1334 5167 1429 5229 τὰς
1488 5169 1585 5221 τοῦ
1643 5169 1780 5221 Θεοῦ
1840 5162 2015 5227 δόσεις

346 5264 710 5337 προξενοῦσιν
739 5261 876 5332 ἡμῖν
910 5259 963 5315 οἱ
993 5255 1265 5334 ἄγγελοιά

2126 4721 2562 4779 construenda:
2595 4723 2709 4775 tua:
2740 4736 2874 4775 vero
2905 4718 3287 4791 intelligentis
3311 4720 3574 4776 scientia:
3602 4724 3780 4788 esset,

2126 4816 2229 4868 aut
2257 4826 2500 4867 causam
2532 4808 2683 4863 hanc
2716 4808 3051 4875 admittere,
3086 4812 3190 4863 aut
3220 4824 3324 4880 por
3374 4816 3427 4865 te
3487 4809 3776 4879 invenire,

2127 4904 2230 4957 aut
2262 4900 2333 4955 ab
2390 4898 2505 4953 alio
2535 4897 2785 4965 discere,
2807 4901 2865 4953 et
2894 4898 3090 4969 potius
3119 4897 3228 4953 tibi
3276 4896 3535 4954 revelare
3567 4915 3580 4953 :
3631 4897 3777 4969 quin

2126 4989 2304 5046 etiam
2337 4988 2385 5045 si
2419 4985 2547 5042 ﬁeri
2578 4986 2766 5059 possit
2794 4986 2941 5041 mihi
2973 4985 3251 5042 similiter
3278 4986 3519 5043 oharam
3550 4987 3621 5043 de
3671 5004 3775 5043 an-

2123 5079 2271 5153 gelis
2301 5075 2861 5147 contemplationem
2904 5075 3184 5132 revelare.
3240 5080 3482 5149 Τιμῆσαι
3538 5076 3783 5148 ponitur

2122 5184 2227 5240 pro
2258 5164 3105 5239 «parteiam,praeferre.[Nota
3133 5180 3271 5221 vero
3306 5165 3547 5239 angelos
3580 5164 3782 5221 divina

2127 5258 2284 5313 dona
2314 5255 2484 5312 nobis
2507 5253 2995 5326 communioare.]

1400 5444 1644 5503 VARIIE
1682 5441 2078 5501 LECTIONES
2117 5441 2205 5505 ET
2243 5439 2788 5497 CORRECTIONEB

425 5600 475 5634 ’⁷⁸
511 5597 589 5668 μή
669 5593 883 5667 ετρίως.
960 5593 1007 5628 7‘
1038 5591 1207 5667 μέχρι
1233 5594 1342 5646 τῶν
1373 5588 1641 5667 ἐσχάτων,
1677 5586 1964 5680 ὑφειμένον
1994 5584 2053 5640 δὲ
2080 5586 2209 5650 τοὺς
2236 5586 2353 5658 μετ’
2388 5582 2603 5656 αὐτοὺς,
2634 5583 2723 5670 καὶ
2754 5577 2833 5637 ἔτι
2866 5582 3152 5668 ὑφειμένον
3179 5580 3307 5644 τοὺς
3351 5579 3791 5669 ὑποδεεῖστᾶρους,

427 5670 445 5723 ὶ
478 5674 592 5723 τῶν
622 5616 869 5723 ἵσγάτων
902 5660 961 5719 δὲ
984 5659 1208 5720 ἔλαττον
1239 5664 1336 5723 τὰς
1371 5662 1632 5723 ὑμετέρας
1662 5663 1861 5723 ψυγας.
1937 5660 1983 5695 ⁷⁵
2007 5656 2687 5723 ΡαοΙιῃιη.ἀγνωσίαν,οιιι
2707 5656 3124 5714 assentzendum
3144 5671 3503 5723 censemqma
3533 5654 3791 5710 αθανασία

349 5670 445 5726 καὶ
478 5674 592 5724 τῶν

354 5745 465 5801 hoc
494 5743 601 5800 loci
631 5733 989 5817 ἀναρμοστεῖ.
1066 5738 1133 5774 π’
1167 5733 1462 5813 καθαίρειν.
1488 5756 1490 5759 ν
1540 5733 1586 5772 ⁷⁸
1616 5733 1768 5791 Θεόνζ

649 5654 869 5761 σχάτων
902 5660 971 5753 δε
984 5654 1208 5772 ἔλαταξξὸν
1238 5664 1336 5772 ἑὰς
1371 5654 1861 5772 ὑμετέρριὶψέυχάς.
1937 5660 1983 5695 ’⁷⁵

2117 5654 2278 5732 τΙιῃηι.
2296 5654 2689 5733 ἀγνωσίαν,ὀιιὶ
2707 5654 3124 5714 assentiendum
3144 5671 3356 5727 censen,
3373 5658 3503 5729 quia
3533 5654 3793 5710 ἀθανασία
