  <div class='ocr_page' id='page_1' title='image "/cluster/home/n/w/nwhite01/storage/ocr_20150623/4:no.2/coo.31924054872837/059.png"; bbox 0 0 4134 6392; ppageno 0'>
   <div class='ocr_carea' id='block_1_1' title="bbox 400 375 3822 440">
    <p class='ocr_par' dir='ltr' id='par_1_1' title="bbox 400 375 3822 440">
     <span class='ocr_line' id='line_1_1' title="bbox 400 375 3822 440; baseline 0.001 -6"><span class='ocrx_word' id='word_1_1' title='bbox 400 379 502 434; x_wconf 86' lang='grc'><strong>103</strong></span> <span class='ocrx_word' id='word_1_2' title='bbox 1222 386 1454 439; x_wconf 78' lang='lat' dir='ltr'><strong>APPEN</strong></span> <span class='ocrx_word' id='word_1_3' title='bbox 1468 385 1588 439; x_wconf 87' lang='lat' dir='ltr'><strong>DIX</strong></span> <span class='ocrx_word' id='word_1_4' title='bbox 1626 387 1724 440; x_wconf 77' lang='lat' dir='ltr'><strong>AD</strong></span> <span class='ocrx_word' id='word_1_5' title='bbox 1761 383 2005 438; x_wconf 78' lang='lat' dir='ltr'><strong>OPERA</strong></span> <span class='ocrx_word' id='word_1_6' title='bbox 2041 382 2100 434; x_wconf 89' lang='lat' dir='ltr'><strong>S.</strong></span> <span class='ocrx_word' id='word_1_7' title='bbox 2139 377 2456 434; x_wconf 85' lang='lat' dir='ltr'><strong>DIONYSII</strong></span> <span class='ocrx_word' id='word_1_8' title='bbox 2495 375 3001 434; x_wconf 70' lang='lat' dir='ltr'><strong>AREOPAGITE.</strong></span> <span class='ocrx_word' id='word_1_9' title='bbox 3722 383 3822 440; x_wconf 82' lang='grc'><strong>104</strong></span> 
     </span>
    </p>
   </div>
   <div class='ocr_carea' id='block_1_2' title="bbox 469 499 2101 582">
    <p class='ocr_par' dir='ltr' id='par_1_2' title="bbox 469 506 2101 582">
     <span class='ocr_line' id='line_1_2' title="bbox 469 506 2101 582; baseline -0.001 -20"><span class='ocrx_word' id='word_1_10' title='bbox 469 507 884 579; x_wconf 78' lang='lat' dir='ltr'><strong>Interpretibus.</strong></span> <span class='ocrx_word' id='word_1_11' title='bbox 927 507 1264 579; x_wconf 81' lang='lat' dir='ltr'><strong>Considera,</strong></span> <span class='ocrx_word' id='word_1_12' title='bbox 1294 509 1410 566; x_wconf 89' lang='lat' dir='ltr'><strong>Deo</strong></span> <span class='ocrx_word' id='word_1_13' title='bbox 1456 510 1626 566; x_wconf 90' lang='lat' dir='ltr'><strong>nobis</strong></span> <span class='ocrx_word' id='word_1_14' title='bbox 1660 510 1717 565; x_wconf 90' lang='lat' dir='ltr'><strong>in</strong></span> <span class='ocrx_word' id='word_1_15' title='bbox 1751 506 2052 582; x_wconf 86' lang='lat' dir='ltr'><strong>apertione</strong></span> <span class='ocrx_word' id='word_1_16' title='bbox 2081 511 2101 574; x_wconf 66' lang='grc' dir='ltr'><em>Λ</em></span> 
     </span>
    </p>
   </div>
   <div class='ocr_carea' id='block_1_3' title="bbox 2187 499 3819 582">
    <p class='ocr_par' dir='ltr' id='par_1_3' title="bbox 2239 499 3819 582">
     <span class='ocr_line' id='line_1_3' title="bbox 2239 499 3819 582; baseline 0.004 -26"><span class='ocrx_word' id='word_1_17' title='bbox 2239 499 2668 578; x_wconf 80' lang='grc' dir='ltr'>Προξενοόντων.</span> <span class='ocrx_word' id='word_1_18' title='bbox 2732 502 2955 572; x_wconf 79' lang='grc' dir='ltr'><strong>Σκόπει,</strong></span> <span class='ocrx_word' id='word_1_19' title='bbox 3016 499 3126 574; x_wconf 76' lang='grc' dir='ltr'>ὅτε,</span> <span class='ocrx_word' id='word_1_20' title='bbox 3179 506 3313 559; x_wconf 91' lang='grc' dir='ltr'>Θεοῦ</span> <span class='ocrx_word' id='word_1_21' title='bbox 3391 501 3637 570; x_wconf 82' lang='grc' dir='ltr'><strong>διδόντος</strong></span> <span class='ocrx_word' id='word_1_22' title='bbox 3681 508 3819 582; x_wconf 83' lang='grc' dir='ltr'>ἡμῖν</span> 
     </span>
    </p>
   </div>
   <div class='ocr_carea' id='block_1_4' title="bbox 403 589 2035 672">
    <p class='ocr_par' dir='ltr' id='par_1_4' title="bbox 403 597 2035 672">
     <span class='ocr_line' id='line_1_4' title="bbox 403 597 2035 672; baseline 0 -20"><span class='ocrx_word' id='word_1_23' title='bbox 403 597 524 652; x_wconf 92' lang='lat' dir='ltr'><strong>oris</strong></span> <span class='ocrx_word' id='word_1_24' title='bbox 555 598 740 653; x_wconf 85' lang='lat' dir='ltr'><strong>nostri</strong></span> <span class='ocrx_word' id='word_1_25' title='bbox 766 598 1009 654; x_wconf 84' lang='lat' dir='ltr'><strong>verbum</strong></span> <span class='ocrx_word' id='word_1_26' title='bbox 1041 601 1478 672; x_wconf 78' lang='lat' dir='ltr'><strong>suppeditante,</strong></span> <span class='ocrx_word' id='word_1_27' title='bbox 1509 599 1750 672; x_wconf 80' lang='lat' dir='ltr'><strong>angelos</strong></span> <span class='ocrx_word' id='word_1_28' title='bbox 1779 597 2035 671; x_wconf 78' lang='lat' dir='ltr'><strong>pararios</strong></span> 
     </span>
    </p>
   </div>
   <div class='ocr_carea' id='block_1_5' title="bbox 2185 589 3817 672">
    <p class='ocr_par' dir='ltr' id='par_1_5' title="bbox 2185 589 3817 672">
     <span class='ocr_line' id='line_1_5' title="bbox 2185 589 3817 672; baseline 0.004 -26"><span class='ocrx_word' id='word_1_29' title='bbox 2185 589 2323 666; x_wconf 86' lang='grc' dir='ltr'>.όγον</span> <span class='ocrx_word' id='word_1_30' title='bbox 2357 589 2409 646; x_wconf 81' lang='grc' dir='ltr'>ἐν</span> <span class='ocrx_word' id='word_1_31' title='bbox 2444 589 2645 662; x_wconf 77' lang='grc' dir='ltr'>ἀνοίξει</span> <span class='ocrx_word' id='word_1_32' title='bbox 2674 595 2770 645; x_wconf 89' lang='grc' dir='ltr'><strong>τοῦ</strong></span> <span class='ocrx_word' id='word_1_33' title='bbox 2819 592 3090 666; x_wconf 83' lang='grc' dir='ltr'>στόματος</span> <span class='ocrx_word' id='word_1_34' title='bbox 3137 594 3322 666; x_wconf 82' lang='grc' dir='ltr'>ἡμῶν,</span> <span class='ocrx_word' id='word_1_35' title='bbox 3356 589 3580 670; x_wconf 74' lang='grc' dir='ltr'>ἄγγελοι</span> <span class='ocrx_word' id='word_1_36' title='bbox 3623 597 3817 672; x_wconf 83' lang='grc' dir='ltr'>προξε-</span> 
     </span>
    </p>
   </div>
   <div class='ocr_carea' id='block_1_6' title="bbox 403 677 2035 762">
    <p class='ocr_par' dir='ltr' id='par_1_6' title="bbox 403 689 2035 762">
     <span class='ocr_line' id='line_1_6' title="bbox 403 689 2035 762; baseline 0.001 -21"><span class='ocrx_word' id='word_1_37' title='bbox 403 701 596 759; x_wconf 88' lang='lat' dir='ltr'><strong>agere,</strong></span> <span class='ocrx_word' id='word_1_38' title='bbox 630 692 787 760; x_wconf 89' lang='lat' dir='ltr'><strong>palet</strong></span> <span class='ocrx_word' id='word_1_39' title='bbox 817 704 917 745; x_wconf 91' lang='lat' dir='ltr'><strong>eos</strong></span> <span class='ocrx_word' id='word_1_40' title='bbox 946 706 1051 761; x_wconf 93' lang='lat' dir='ltr'><strong>pro</strong></span> <span class='ocrx_word' id='word_1_41' title='bbox 1074 689 1266 758; x_wconf 87' lang='lat' dir='ltr'><strong>nobis,</strong></span> <span class='ocrx_word' id='word_1_42' title='bbox 1288 694 1572 762; x_wconf 88' lang='lat' dir='ltr'><strong>tanquam</strong></span> <span class='ocrx_word' id='word_1_43' title='bbox 1608 691 1830 762; x_wconf 82' lang='lat' dir='ltr'><strong>legatos</strong></span> <span class='ocrx_word' id='word_1_44' title='bbox 1860 689 2035 744; x_wconf 90' lang='lat' dir='ltr'><strong>inter-</strong></span> 
     </span>
    </p>
   </div>
   <div class='ocr_carea' id='block_1_7' title="bbox 1821 677 3453 762">
    <p class='ocr_par' dir='ltr' id='par_1_7' title="bbox 1821 677 3453 757">
     <span class='ocr_line' id='line_1_7' title="bbox 1821 677 3453 757; baseline -0.002 -13"><span class='ocrx_word' id='word_1_45' title='bbox 1821 707 1830 744; x_wconf 78' lang='grc' dir='ltr'><strong>ι</strong></span> <span class='ocrx_word' id='word_1_46' title='bbox 1860 689 2044 744; x_wconf 84' lang='lat' dir='ltr'><strong>inter-</strong></span> <span class='ocrx_word' id='word_1_47' title='bbox 2155 685 2329 751; x_wconf 85' lang='grc' dir='ltr'>νοῦσι,</span> <span class='ocrx_word' id='word_1_48' title='bbox 2363 677 2536 750; x_wconf 84' lang='grc' dir='ltr'>δῆλον</span> <span class='ocrx_word' id='word_1_49' title='bbox 2573 681 2650 743; x_wconf 85' lang='grc' dir='ltr'>ὡς</span> <span class='ocrx_word' id='word_1_50' title='bbox 2685 681 2816 757; x_wconf 74' lang='grc' dir='ltr'>ὑπὲρ</span> <span class='ocrx_word' id='word_1_51' title='bbox 2848 683 3009 755; x_wconf 80' lang='grc' dir='ltr'>ἡμῶν</span> <span class='ocrx_word' id='word_1_52' title='bbox 3042 677 3453 757; x_wconf 76' lang='grc' dir='ltr'>πρεσϐεύοντες.</span> 
     </span>
    </p>
   </div>
   <div class='ocr_carea' id='block_1_8' title="bbox 401 776 626 833">
    <p class='ocr_par' dir='ltr' id='par_1_8' title="bbox 401 776 626 833">
     <span class='ocr_line' id='line_1_8' title="bbox 401 776 626 833; baseline 0 -1"><span class='ocrx_word' id='word_1_53' title='bbox 401 776 626 833; x_wconf 88' lang='lat' dir='ltr'><strong>cedere.</strong></span> 
     </span>
    </p>
   </div>
   <div class='ocr_carea' id='block_1_9' title="bbox 1004 862 2636 924">
    <p class='ocr_par' dir='ltr' id='par_1_9' title="bbox 1004 867 1439 924">
     <span class='ocr_line' id='line_1_9' title="bbox 1004 867 1439 924; baseline 0.002 -1"><span class='ocrx_word' id='word_1_54' title='bbox 1004 867 1077 923; x_wconf 91' lang='lat' dir='ltr'><strong>IN</strong></span> <span class='ocrx_word' id='word_1_55' title='bbox 1111 867 1264 924; x_wconf 88' lang='lat' dir='ltr'><strong>CAP.</strong></span> <span class='ocrx_word' id='word_1_56' title='bbox 1307 869 1439 924; x_wconf 82' lang='lat' dir='ltr'><strong>XIV</strong></span> 
     </span>
    </p>
   </div>
   <div class='ocr_carea' id='block_1_10' title="bbox 1669 862 3301 924">
    <p class='ocr_par' dir='ltr' id='par_1_10' title="bbox 2653 862 3301 920">
     <span class='ocr_line' id='line_1_10' title="bbox 2653 862 3301 920; baseline -0.002 -3"><span class='ocrx_word' id='word_1_57' title='bbox 2653 865 2769 917; x_wconf 85' lang='grc' dir='ltr'><strong>ΕΙΣ</strong></span> <span class='ocrx_word' id='word_1_58' title='bbox 2811 865 2905 919; x_wconf 92' lang='grc' dir='ltr'><strong>ΤΟ</strong></span> <span class='ocrx_word' id='word_1_59' title='bbox 2944 867 3182 918; x_wconf 80' lang='grc' dir='ltr'><strong>ΚΕΦΑΛ</strong></span> <span class='ocrx_word' id='word_1_60' title='bbox 3223 862 3301 920; x_wconf 78' lang='lat' dir='ltr'><strong>IA&#39;</strong></span> 
     </span>
    </p>
   </div>
   <div class='ocr_carea' id='block_1_11' title="bbox 466 948 2098 1028">
    <p class='ocr_par' dir='ltr' id='par_1_11' title="bbox 466 955 1361 1013">
     <span class='ocr_line' id='line_1_11' title="bbox 466 955 1361 1013; baseline 0.003 -3"><span class='ocrx_word' id='word_1_61' title='bbox 466 956 631 1012; x_wconf 74' lang='lat' dir='ltr'><strong>Mille.</strong></span> <span class='ocrx_word' id='word_1_62' title='bbox 668 958 796 1011; x_wconf 59' lang='lat' dir='ltr'><strong>Haec</strong></span> <span class='ocrx_word' id='word_1_63' title='bbox 825 955 881 1010; x_wconf 89' lang='lat' dir='ltr'><strong>in</strong></span> <span class='ocrx_word' id='word_1_64' title='bbox 917 956 1148 1012; x_wconf 89' lang='lat' dir='ltr'><strong>Daniele</strong></span> <span class='ocrx_word' id='word_1_65' title='bbox 1187 957 1361 1013; x_wconf 92' lang='lat' dir='ltr'><strong>dicta.</strong></span> 
     </span>
    </p>
   </div>
   <div class='ocr_carea' id='block_1_12' title="bbox 1721 948 3353 1028">
    <p class='ocr_par' dir='ltr' id='par_1_12' title="bbox 2226 948 3353 1028">
     <span class='ocr_line' id='line_1_12' title="bbox 2226 948 3353 1028; baseline 0.002 -22"><span class='ocrx_word' id='word_1_66' title='bbox 2226 948 2447 1008; x_wconf 78' lang='grc' dir='ltr'>Χιλίας.</span> <span class='ocrx_word' id='word_1_67' title='bbox 2482 954 2656 1006; x_wconf 89' lang='grc' dir='ltr'>Ταῦτα</span> <span class='ocrx_word' id='word_1_68' title='bbox 2689 949 2740 1005; x_wconf 82' lang='grc' dir='ltr'>ἐν</span> <span class='ocrx_word' id='word_1_69' title='bbox 2768 954 2846 1023; x_wconf 77' lang='grc' dir='ltr'><strong>τῷ</strong></span> <span class='ocrx_word' id='word_1_70' title='bbox 2877 949 3084 1021; x_wconf 78' lang='grc' dir='ltr'><strong>Δανιὴλ</strong></span> <span class='ocrx_word' id='word_1_71' title='bbox 3117 949 3353 1028; x_wconf 65' lang='grc' dir='ltr'>εἴρηται.</span> 
     </span>
    </p>
   </div>
   <div class='ocr_carea' id='block_1_13' title="bbox 471 1038 2103 1119">
    <p class='ocr_par' dir='ltr' id='par_1_13' title="bbox 471 1043 2043 1115">
     <span class='ocr_line' id='line_1_13' title="bbox 471 1043 2043 1115; baseline -0.003 -14"><span class='ocrx_word' id='word_1_72' title='bbox 471 1047 1511 1115; x_wconf 75' lang='lat' dir='ltr'><strong>Inﬁrmumetcontractum.Infirmum</strong></span> <span class='ocrx_word' id='word_1_73' title='bbox 1535 1047 1777 1102; x_wconf 92' lang='lat' dir='ltr'><strong>modum</strong></span> <span class='ocrx_word' id='word_1_74' title='bbox 1801 1043 2043 1112; x_wconf 87' lang='lat' dir='ltr'><strong>vocavit,</strong></span> 
     </span>
    </p>
   </div>
   <div class='ocr_carea' id='block_1_14' title="bbox 2188 1038 3820 1119">
    <p class='ocr_par' dir='ltr' id='par_1_14' title="bbox 2224 1038 3820 1119">
     <span class='ocr_line' id='line_1_14' title="bbox 2224 1038 3820 1119; baseline 0.003 -25"><span class='ocrx_word' id='word_1_75' title='bbox 2224 1041 2332 1110; x_wconf 78' lang='grc' dir='ltr'><strong>Τὴν</strong></span> <span class='ocrx_word' id='word_1_76' title='bbox 2374 1040 2568 1110; x_wconf 80' lang='grc' dir='ltr'><strong>ἀσθενῆ</strong></span> <span class='ocrx_word' id='word_1_77' title='bbox 2621 1041 2710 1094; x_wconf 86' lang='grc' dir='ltr'><strong>καὶ</strong></span> <span class='ocrx_word' id='word_1_78' title='bbox 2757 1038 3212 1115; x_wconf 74' lang='grc' dir='ltr'><strong>συνεσταλμένην.</strong></span> <span class='ocrx_word' id='word_1_79' title='bbox 3247 1041 3472 1111; x_wconf 83' lang='grc' dir='ltr'>Ἀσθενῆ</span> <span class='ocrx_word' id='word_1_80' title='bbox 3523 1043 3820 1119; x_wconf 79' lang='grc' dir='ltr'>συμετρίαν</span> 
     </span>
    </p>
   </div>
   <div class='ocr_carea' id='block_1_15' title="bbox 397 1127 2029 1209">
    <p class='ocr_par' dir='ltr' id='par_1_15' title="bbox 397 1134 2029 1209">
     <span class='ocr_line' id='line_1_15' title="bbox 397 1134 2029 1209; baseline -0.001 -19"><span class='ocrx_word' id='word_1_81' title='bbox 397 1151 712 1190; x_wconf 86' lang='lat' dir='ltr'><strong>numerum</strong></span> <span class='ocrx_word' id='word_1_82' title='bbox 735 1135 1065 1201; x_wconf 88' lang='lat' dir='ltr'><strong>hominum,</strong></span> <span class='ocrx_word' id='word_1_83' title='bbox 1090 1141 1356 1209; x_wconf 78' lang='lat' dir='ltr'><strong>respectu</strong></span> <span class='ocrx_word' id='word_1_84' title='bbox 1377 1137 1611 1192; x_wconf 88' lang='lat' dir='ltr'><strong>numeri</strong></span> <span class='ocrx_word' id='word_1_85' title='bbox 1658 1134 1998 1208; x_wconf 79' lang='lat' dir='ltr'><strong>angelorum</strong></span> <span class='ocrx_word' id='word_1_86' title='bbox 2028 1152 2029 1156; x_wconf 45' lang='grc' dir='ltr'><strong>η</strong></span> 
     </span>
    </p>
   </div>
   <div class='ocr_carea' id='block_1_16' title="bbox 2187 1127 3819 1209">
    <p class='ocr_par' dir='ltr' id='par_1_16' title="bbox 2187 1127 3819 1206">
     <span class='ocr_line' id='line_1_16' title="bbox 2187 1127 3819 1206; baseline 0.001 -22"><span class='ocrx_word' id='word_1_87' title='bbox 2187 1127 2376 1185; x_wconf 77' lang='grc' dir='ltr'>κάλεσε</span> <span class='ocrx_word' id='word_1_88' title='bbox 2425 1129 2516 1184; x_wconf 90' lang='grc' dir='ltr'>τὸν</span> <span class='ocrx_word' id='word_1_89' title='bbox 2567 1133 2677 1184; x_wconf 79' lang='grc' dir='ltr'><strong>τῶν</strong></span> <span class='ocrx_word' id='word_1_90' title='bbox 2727 1129 3030 1206; x_wconf 86' lang='grc' dir='ltr'>ἀνθρώπων</span> <span class='ocrx_word' id='word_1_91' title='bbox 3083 1131 3311 1204; x_wconf 84' lang='grc' dir='ltr'>ἀριθμὸν</span> <span class='ocrx_word' id='word_1_92' title='bbox 3365 1132 3506 1204; x_wconf 87' lang='grc' dir='ltr'>πρὸς</span> <span class='ocrx_word' id='word_1_93' title='bbox 3552 1131 3646 1186; x_wconf 88' lang='grc' dir='ltr'><strong>τὸν</strong></span> <span class='ocrx_word' id='word_1_94' title='bbox 3705 1137 3819 1186; x_wconf 83' lang='grc' dir='ltr'><strong>τῶν</strong></span> 
     </span>
    </p>
   </div>
   <div class='ocr_carea' id='block_1_17' title="bbox 395 1216 2027 1298">
    <p class='ocr_par' dir='ltr' id='par_1_17' title="bbox 395 1223 2027 1298">
     <span class='ocr_line' id='line_1_17' title="bbox 395 1223 2027 1298; baseline -0.001 -19"><span class='ocrx_word' id='word_1_95' title='bbox 395 1225 617 1280; x_wconf 89' lang='lat' dir='ltr'><strong>dictum</strong></span> <span class='ocrx_word' id='word_1_96' title='bbox 639 1223 931 1295; x_wconf 89' lang='lat' dir='ltr'><strong>siquidem</strong></span> <span class='ocrx_word' id='word_1_97' title='bbox 971 1231 1062 1281; x_wconf 89' lang='lat' dir='ltr'><strong>est</strong></span> <span class='ocrx_word' id='word_1_98' title='bbox 1113 1227 1426 1298; x_wconf 86' lang='lat' dir='ltr'><strong>aquodam</strong></span> <span class='ocrx_word' id='word_1_99' title='bbox 1457 1226 1592 1294; x_wconf 88' lang='lat' dir='ltr'><strong>alio,</strong></span> <span class='ocrx_word' id='word_1_100' title='bbox 1655 1225 1881 1282; x_wconf 84' lang='lat' dir='ltr'><strong>scilicet</strong></span> <span class='ocrx_word' id='word_1_101' title='bbox 1945 1223 2027 1279; x_wconf 90' lang='lat' dir='ltr'><strong>Di-</strong></span> 
     </span>
    </p>
   </div>
   <div class='ocr_carea' id='block_1_18' title="bbox 2184 1216 3816 1298">
    <p class='ocr_par' dir='ltr' id='par_1_18' title="bbox 2184 1216 3816 1296">
     <span class='ocr_line' id='line_1_18' title="bbox 2184 1216 3816 1296; baseline 0.002 -23"><span class='ocrx_word' id='word_1_102' title='bbox 2184 1219 2400 1296; x_wconf 57' lang='lat' dir='ltr'><strong>,ﬁtlwv</strong></span> <span class='ocrx_word' id='word_1_103' title='bbox 2435 1238 2447 1251; x_wconf 84' lang='lat'><strong><em>°</em></strong></span> <span class='ocrx_word' id='word_1_104' title='bbox 2513 1216 2722 1295; x_wconf 64' lang='grc' dir='ltr'>εἴρηται</span> <span class='ocrx_word' id='word_1_105' title='bbox 2809 1220 2910 1295; x_wconf 79' lang='grc' dir='ltr'>γὰρ</span> <span class='ocrx_word' id='word_1_106' title='bbox 2984 1219 3075 1274; x_wconf 76' lang='grc' dir='ltr'><strong>καὶ</strong></span> <span class='ocrx_word' id='word_1_107' title='bbox 3151 1220 3321 1294; x_wconf 68' lang='grc' dir='ltr'>ἑτέρῳ</span> <span class='ocrx_word' id='word_1_108' title='bbox 3400 1219 3530 1292; x_wconf 84' lang='grc' dir='ltr'>τινὶ,</span> <span class='ocrx_word' id='word_1_109' title='bbox 3585 1217 3816 1294; x_wconf 86' lang='grc' dir='ltr'>Διδόμῳ</span> 
     </span>
    </p>
   </div>
   <div class='ocr_carea' id='block_1_19' title="bbox 393 1304 2025 1387">
    <p class='ocr_par' dir='ltr' id='par_1_19' title="bbox 393 1313 2002 1387">
     <span class='ocr_line' id='line_1_19' title="bbox 393 1313 2002 1387; baseline 0.001 -19"><span class='ocrx_word' id='word_1_110' title='bbox 393 1313 568 1386; x_wconf 89' lang='lat' dir='ltr'><strong>dymo</strong></span> <span class='ocrx_word' id='word_1_111' title='bbox 585 1330 773 1369; x_wconf 64' lang='lat' dir='ltr'><strong>carco:</strong></span> <span class='ocrx_word' id='word_1_112' title='bbox 807 1313 1140 1387; x_wconf 82' lang='lat' dir='ltr'><strong>Nonaginta</strong></span> <span class='ocrx_word' id='word_1_113' title='bbox 1171 1331 1377 1370; x_wconf 88' lang='lat' dir='ltr'><strong>novem</strong></span> <span class='ocrx_word' id='word_1_114' title='bbox 1401 1332 1535 1371; x_wconf 92' lang='lat' dir='ltr'><strong>oves</strong></span> <span class='ocrx_word' id='word_1_115' title='bbox 1581 1331 1710 1371; x_wconf 89' lang='lat' dir='ltr'><strong>esse</strong></span> <span class='ocrx_word' id='word_1_116' title='bbox 1761 1313 2002 1387; x_wconf 80' lang='lat' dir='ltr'><strong>angelos</strong></span> 
     </span>
    </p>
   </div>
   <div class='ocr_carea' id='block_1_20' title="bbox 2187 1304 3819 1387">
    <p class='ocr_par' dir='ltr' id='par_1_20' title="bbox 2188 1304 3819 1386">
     <span class='ocr_line' id='line_1_20' title="bbox 2188 1304 3819 1386; baseline 0.001 -22"><span class='ocrx_word' id='word_1_117' title='bbox 2188 1304 2411 1375; x_wconf 88' lang='grc' dir='ltr'>ηλονότι</span> <span class='ocrx_word' id='word_1_118' title='bbox 2440 1313 2520 1382; x_wconf 81' lang='grc' dir='ltr'>τῷ</span> <span class='ocrx_word' id='word_1_119' title='bbox 2559 1306 2752 1386; x_wconf 75' lang='grc' dir='ltr'>τυφλῷ</span> <span class='ocrx_word' id='word_1_120' title='bbox 2783 1328 2796 1342; x_wconf 79' lang='grc'><strong><em>⁸</em></strong></span> <span class='ocrx_word' id='word_1_121' title='bbox 2829 1309 2902 1363; x_wconf 81' lang='grc' dir='ltr'><strong>Τὰ</strong></span> <span class='ocrx_word' id='word_1_122' title='bbox 2934 1309 3026 1382; x_wconf 77' lang='grc' dir='ltr'>μὲν</span> <span class='ocrx_word' id='word_1_123' title='bbox 3061 1307 3419 1379; x_wconf 66' lang='grc' dir='ltr'>ἐννενήκοντα</span> <span class='ocrx_word' id='word_1_124' title='bbox 3466 1307 3618 1364; x_wconf 73' lang='grc' dir='ltr'>ἐννέα</span> <span class='ocrx_word' id='word_1_125' title='bbox 3668 1310 3819 1385; x_wconf 86' lang='grc' dir='ltr'>πρό-</span> 
     </span>
    </p>
   </div>
   <div class='ocr_carea' id='block_1_21' title="bbox 395 1393 2027 1476">
    <p class='ocr_par' dir='ltr' id='par_1_21' title="bbox 395 1403 1885 1476">
     <span class='ocr_line' id='line_1_21' title="bbox 395 1403 1885 1476; baseline 0.002 -18"><span class='ocrx_word' id='word_1_126' title='bbox 395 1419 574 1458; x_wconf 88' lang='lat' dir='ltr'><strong>unam</strong></span> <span class='ocrx_word' id='word_1_127' title='bbox 606 1408 805 1459; x_wconf 90' lang='lat' dir='ltr'><strong>autem</strong></span> <span class='ocrx_word' id='word_1_128' title='bbox 837 1420 964 1475; x_wconf 63' lang='lat' dir='ltr'><strong>quae</strong></span> <span class='ocrx_word' id='word_1_129' title='bbox 998 1403 1268 1476; x_wconf 88' lang='lat' dir='ltr'><strong>perierat,</strong></span> <span class='ocrx_word' id='word_1_130' title='bbox 1297 1420 1426 1461; x_wconf 88' lang='lat' dir='ltr'><strong>esse</strong></span> <span class='ocrx_word' id='word_1_131' title='bbox 1458 1421 1565 1461; x_wconf 91' lang='lat' dir='ltr'><strong>nos</strong></span> <span class='ocrx_word' id='word_1_132' title='bbox 1595 1404 1885 1461; x_wconf 83' lang='lat' dir='ltr'><strong>homines.</strong></span> 
     </span>
    </p>
   </div>
   <div class='ocr_carea' id='block_1_22' title="bbox 2182 1393 3814 1476">
    <p class='ocr_par' dir='ltr' id='par_1_22' title="bbox 2182 1395 3814 1474">
     <span class='ocr_line' id='line_1_22' title="bbox 2182 1395 3814 1474; baseline 0.001 -22"><span class='ocrx_word' id='word_1_133' title='bbox 2182 1395 2288 1453; x_wconf 73' lang='grc' dir='ltr'>ἱατα</span> <span class='ocrx_word' id='word_1_134' title='bbox 2347 1399 2474 1453; x_wconf 73' lang='grc' dir='ltr'>εἶναι</span> <span class='ocrx_word' id='word_1_135' title='bbox 2532 1397 2661 1461; x_wconf 82' lang='grc' dir='ltr'>τοὺς</span> <span class='ocrx_word' id='word_1_136' title='bbox 2719 1397 2989 1474; x_wconf 75' lang='grc' dir='ltr'><strong>ἀγγέλους</strong></span> <span class='ocrx_word' id='word_1_137' title='bbox 3022 1416 3036 1432; x_wconf 74' lang='grc'><strong>⁸</strong></span> <span class='ocrx_word' id='word_1_138' title='bbox 3068 1399 3131 1454; x_wconf 88' lang='grc' dir='ltr'>τὸ</span> <span class='ocrx_word' id='word_1_139' title='bbox 3190 1395 3248 1453; x_wconf 69' lang='grc' dir='ltr'><strong>δί</strong></span> <span class='ocrx_word' id='word_1_140' title='bbox 3293 1397 3349 1453; x_wconf 78' lang='grc' dir='ltr'><strong>’ἐν</strong></span> <span class='ocrx_word' id='word_1_141' title='bbox 3397 1399 3460 1454; x_wconf 88' lang='grc' dir='ltr'>τὸ</span> <span class='ocrx_word' id='word_1_142' title='bbox 3512 1397 3814 1462; x_wconf 85' lang='grc' dir='ltr'>ἀπολωλὸς</span> 
     </span>
    </p>
   </div>
   <div class='ocr_carea' id='block_1_23' title="bbox 2151 1488 2829 1563">
    <p class='ocr_par' dir='ltr' id='par_1_23' title="bbox 2151 1488 2829 1563">
     <span class='ocr_line' id='line_1_23' title="bbox 2151 1488 2829 1563; baseline 0.004 -23"><span class='ocrx_word' id='word_1_143' title='bbox 2151 1490 2299 1560; x_wconf 74' lang='grc' dir='ltr'>ἡμᾶς</span> <span class='ocrx_word' id='word_1_144' title='bbox 2327 1488 2454 1549; x_wconf 84' lang='grc' dir='ltr'>τοὺς</span> <span class='ocrx_word' id='word_1_145' title='bbox 2489 1488 2829 1563; x_wconf 82' lang='grc' dir='ltr'>ἀνθρώπους.</span> 
     </span>
    </p>
   </div>
   <div class='ocr_carea' id='block_1_24' title="bbox 461 1575 2093 1657">
    <p class='ocr_par' dir='ltr' id='par_1_24' title="bbox 461 1582 2041 1657">
     <span class='ocr_line' id='line_1_24' title="bbox 461 1582 2041 1657; baseline 0.001 -19"><span class='ocrx_word' id='word_1_146' title='bbox 461 1582 728 1638; x_wconf 75' lang='lat' dir='ltr'><strong>Scienter.</strong></span> <span class='ocrx_word' id='word_1_147' title='bbox 775 1583 943 1649; x_wconf 88' lang='lat' dir='ltr'><strong>Nota,</strong></span> <span class='ocrx_word' id='word_1_148' title='bbox 978 1600 1113 1639; x_wconf 90' lang='lat' dir='ltr'><strong>eum</strong></span> <span class='ocrx_word' id='word_1_149' title='bbox 1148 1585 1344 1640; x_wconf 87' lang='lat' dir='ltr'><strong>dicere</strong></span> <span class='ocrx_word' id='word_1_150' title='bbox 1375 1585 1615 1656; x_wconf 90' lang='lat' dir='ltr'><strong>angelos</strong></span> <span class='ocrx_word' id='word_1_151' title='bbox 1636 1584 1796 1657; x_wconf 90' lang='lat' dir='ltr'><strong>ipsos</strong></span> <span class='ocrx_word' id='word_1_152' title='bbox 1857 1584 2041 1641; x_wconf 90' lang='lat' dir='ltr'><strong>scien-</strong></span> 
     </span>
    </p>
   </div>
   <div class='ocr_carea' id='block_1_25' title="bbox 2181 1575 3813 1657">
    <p class='ocr_par' dir='ltr' id='par_1_25' title="bbox 2225 1575 3813 1650">
     <span class='ocr_line' id='line_1_25' title="bbox 2225 1575 3813 1650; baseline 0.002 -20"><span class='ocrx_word' id='word_1_153' title='bbox 2225 1577 2572 1638; x_wconf 83' lang='grc' dir='ltr'>Γνωστικῶς.</span> <span class='ocrx_word' id='word_1_154' title='bbox 2644 1577 2984 1650; x_wconf 77' lang='grc' dir='ltr'>Σημείωσαι,</span> <span class='ocrx_word' id='word_1_155' title='bbox 3053 1575 3138 1632; x_wconf 71' lang='grc' dir='ltr'><strong>ὅτι</strong></span> <span class='ocrx_word' id='word_1_156' title='bbox 3221 1576 3311 1632; x_wconf 81' lang='grc' dir='ltr'><strong>καὶ</strong></span> <span class='ocrx_word' id='word_1_157' title='bbox 3399 1576 3597 1640; x_wconf 81' lang='grc' dir='ltr'>αὐτοὺς</span> <span class='ocrx_word' id='word_1_158' title='bbox 3678 1577 3813 1640; x_wconf 79' lang='grc' dir='ltr'>τοὺς</span> 
     </span>
    </p>
   </div>
   <div class='ocr_carea' id='block_1_26' title="bbox 390 1663 2022 1746">
    <p class='ocr_par' dir='ltr' id='par_1_26' title="bbox 390 1671 2017 1746">
     <span class='ocr_line' id='line_1_26' title="bbox 390 1671 2017 1746; baseline 0.002 -20"><span class='ocrx_word' id='word_1_159' title='bbox 390 1675 500 1738; x_wconf 87' lang='lat' dir='ltr'><strong>ter,</strong></span> <span class='ocrx_word' id='word_1_160' title='bbox 530 1689 644 1727; x_wconf 89' lang='lat' dir='ltr'><strong>non</strong></span> <span class='ocrx_word' id='word_1_161' title='bbox 674 1671 950 1743; x_wconf 88' lang='lat' dir='ltr'><strong>discipuli</strong></span> <span class='ocrx_word' id='word_1_162' title='bbox 987 1673 1172 1728; x_wconf 88' lang='lat' dir='ltr'><strong>instar</strong></span> <span class='ocrx_word' id='word_1_163' title='bbox 1204 1673 1502 1746; x_wconf 89' lang='lat' dir='ltr'><strong>opinando</strong></span> <span class='ocrx_word' id='word_1_164' title='bbox 1536 1690 1888 1745; x_wconf 83' lang='lat' dir='ltr'><strong>cognoscere</strong></span> <span class='ocrx_word' id='word_1_165' title='bbox 1947 1676 2017 1730; x_wconf 91' lang='lat' dir='ltr'><strong>de</strong></span> 
     </span>
    </p>
   </div>
   <div class='ocr_carea' id='block_1_27' title="bbox 2179 1663 3811 1746">
    <p class='ocr_par' dir='ltr' id='par_1_27' title="bbox 2179 1663 3811 1742">
     <span class='ocr_line' id='line_1_27' title="bbox 2179 1663 3811 1742; baseline 0.001 -24"><span class='ocrx_word' id='word_1_166' title='bbox 2179 1663 2418 1739; x_wconf 77' lang='grc' dir='ltr'>εγγὲλους</span> <span class='ocrx_word' id='word_1_167' title='bbox 2475 1664 2605 1741; x_wconf 78' lang='grc' dir='ltr'><strong>φησί</strong></span> <span class='ocrx_word' id='word_1_168' title='bbox 2673 1671 3014 1742; x_wconf 83' lang='grc' dir='ltr'>γνωστικῶς,</span> <span class='ocrx_word' id='word_1_169' title='bbox 3073 1665 3136 1720; x_wconf 76' lang='grc' dir='ltr'>οὐ</span> <span class='ocrx_word' id='word_1_170' title='bbox 3218 1668 3554 1738; x_wconf 82' lang='grc' dir='ltr'>μαθητικῶς,</span> <span class='ocrx_word' id='word_1_171' title='bbox 3611 1664 3811 1722; x_wconf 75' lang='grc' dir='ltr'>εἰδέναι</span> 
     </span>
    </p>
   </div>
   <div class='ocr_carea' id='block_1_28' title="bbox 392 1754 2024 1834">
    <p class='ocr_par' dir='ltr' id='par_1_28' title="bbox 392 1761 2024 1834">
     <span class='ocr_line' id='line_1_28' title="bbox 392 1761 2024 1834; baseline 0.002 -18"><span class='ocrx_word' id='word_1_172' title='bbox 392 1762 709 1832; x_wconf 76' lang='lat' dir='ltr'><strong>finitiones,</strong></span> <span class='ocrx_word' id='word_1_173' title='bbox 733 1761 911 1816; x_wconf 90' lang='lat' dir='ltr'><strong>veluti</strong></span> <span class='ocrx_word' id='word_1_174' title='bbox 969 1768 1232 1834; x_wconf 85' lang='lat' dir='ltr'><strong>quantus</strong></span> <span class='ocrx_word' id='word_1_175' title='bbox 1263 1763 1343 1818; x_wconf 91' lang='lat' dir='ltr'><strong>sit</strong></span> <span class='ocrx_word' id='word_1_176' title='bbox 1391 1762 1718 1819; x_wconf 84' lang='lat' dir='ltr'><strong>caelestium</strong></span> <span class='ocrx_word' id='word_1_177' title='bbox 1750 1764 2024 1820; x_wconf 90' lang='lat' dir='ltr'><strong>essentia-</strong></span> 
     </span>
    </p>
   </div>
   <div class='ocr_carea' id='block_1_29' title="bbox 2177 1754 3809 1834">
    <p class='ocr_par' dir='ltr' id='par_1_29' title="bbox 2182 1754 3809 1831">
     <span class='ocr_line' id='line_1_29' title="bbox 2182 1754 3809 1831; baseline 0.001 -22"><span class='ocrx_word' id='word_1_178' title='bbox 2182 1754 2275 1818; x_wconf 83' lang='grc' dir='ltr'>οὺς</span> <span class='ocrx_word' id='word_1_179' title='bbox 2349 1754 2634 1831; x_wconf 84' lang='grc' dir='ltr'>ὁρισμοὺς,</span> <span class='ocrx_word' id='word_1_180' title='bbox 2717 1755 2886 1810; x_wconf 75' lang='grc' dir='ltr'>οἱονεὶ</span> <span class='ocrx_word' id='word_1_181' title='bbox 2967 1755 3052 1823; x_wconf 82' lang='grc' dir='ltr'><strong>τὸ,</strong></span> <span class='ocrx_word' id='word_1_182' title='bbox 3113 1755 3283 1818; x_wconf 84' lang='grc' dir='ltr'>πόσος</span> <span class='ocrx_word' id='word_1_183' title='bbox 3355 1760 3464 1811; x_wconf 81' lang='grc' dir='ltr'><strong>τῶν</strong></span> <span class='ocrx_word' id='word_1_184' title='bbox 3539 1754 3809 1831; x_wconf 82' lang='grc' dir='ltr'>οὐρανίων</span> 
     </span>
    </p>
   </div>
   <div class='ocr_carea' id='block_1_30' title="bbox 391 1840 2023 1986">
    <p class='ocr_par' dir='ltr' id='par_1_30' title="bbox 391 1840 1876 1910">
     <span class='ocr_line' id='line_1_30' title="bbox 391 1840 1876 1910; baseline 0.003 -5"><span class='ocrx_word' id='word_1_185' title='bbox 391 1866 524 1906; x_wconf 91' lang='lat' dir='ltr'><strong>rum</strong></span> <span class='ocrx_word' id='word_1_186' title='bbox 560 1867 841 1906; x_wconf 87' lang='lat' dir='ltr'><strong>numerus</strong></span> <span class='ocrx_word' id='word_1_187' title='bbox 873 1869 907 1906; x_wconf 91' lang='lat' dir='ltr'><strong>a</strong></span> <span class='ocrx_word' id='word_1_188' title='bbox 937 1851 1052 1907; x_wconf 93' lang='lat' dir='ltr'><strong>Deo</strong></span> <span class='ocrx_word' id='word_1_189' title='bbox 1083 1840 1261 1907; x_wconf 84' lang='lat' dir='ltr'><strong>etiam</strong></span> <span class='ocrx_word' id='word_1_190' title='bbox 1293 1852 1352 1907; x_wconf 91' lang='lat' dir='ltr'><strong>in</strong></span> <span class='ocrx_word' id='word_1_191' title='bbox 1386 1853 1498 1909; x_wconf 89' lang='lat' dir='ltr'><strong>isto</strong></span> <span class='ocrx_word' id='word_1_192' title='bbox 1528 1852 1876 1910; x_wconf 85' lang='lat' dir='ltr'><strong>illustratos.</strong></span> 
     </span>
    </p>
   </div>
   <div class='ocr_carea' id='block_1_31' title="bbox 2176 1840 3808 1986">
    <p class='ocr_par' dir='ltr' id='par_1_31' title="bbox 2176 1842 3808 1986">
     <span class='ocr_line' id='line_1_31' title="bbox 2176 1842 3808 1920; baseline 0.002 -24"><span class='ocrx_word' id='word_1_193' title='bbox 2176 1843 2348 1897; x_wconf 80' lang='grc' dir='ltr'>›ὐσιῶν</span> <span class='ocrx_word' id='word_1_194' title='bbox 2384 1844 2676 1919; x_wconf 84' lang='grc' dir='ltr'>ὑπάρχειὸ</span> <span class='ocrx_word' id='word_1_195' title='bbox 2716 1843 2971 1919; x_wconf 84' lang='grc' dir='ltr'>ἀριθμὸς,</span> <span class='ocrx_word' id='word_1_196' title='bbox 3005 1842 3066 1899; x_wconf 72' lang='grc' dir='ltr'>ἐκ</span> <span class='ocrx_word' id='word_1_197' title='bbox 3113 1848 3247 1899; x_wconf 88' lang='grc' dir='ltr'>Θεοῦ</span> <span class='ocrx_word' id='word_1_198' title='bbox 3293 1843 3384 1898; x_wconf 80' lang='grc' dir='ltr'><strong>καὶ</strong></span> <span class='ocrx_word' id='word_1_199' title='bbox 3435 1849 3597 1899; x_wconf 88' lang='grc' dir='ltr'>τοῦτο</span> <span class='ocrx_word' id='word_1_200' title='bbox 3644 1865 3808 1920; x_wconf 76' lang='grc' dir='ltr'>φωτι-</span> 
     </span>
     <span class='ocr_line' id='line_1_32' title="bbox 2176 1931 2393 1986; baseline 0 0"><span class='ocrx_word' id='word_1_201' title='bbox 2176 1931 2393 1986; x_wconf 74' lang='grc' dir='ltr'>’θὲντας.</span> 
     </span>
    </p>
   </div>
   <div class='ocr_carea' id='block_1_32' title="bbox 2151 1953 2393 1988">
    <p class='ocr_par' dir='ltr' id='par_1_32' title="bbox 2151 1953 2393 1988">
     <span class='ocr_line' id='line_1_33' title="bbox 2151 1953 2393 1988; baseline 0.012 -3"><span class='ocrx_word' id='word_1_202' title='bbox 2151 1953 2393 1988; x_wconf 77' lang='grc' dir='ltr'>σθεντας.</span> 
     </span>
    </p>
   </div>
   <div class='ocr_carea' id='block_1_33' title="bbox 999 1944 2631 2084">
    <p class='ocr_par' dir='ltr' id='par_1_33' title="bbox 999 1944 2631 2084">
     <span class='ocr_line' id='line_1_34' title="bbox 2069 1944 2393 1996; baseline 0.009 -11"><span class='ocrx_word' id='word_1_203' title='bbox 2069 1944 2110 1950; x_wconf 66' lang='grc'>⁷</span> <span class='ocrx_word' id='word_1_204' title='bbox 2151 1944 2393 1996; x_wconf 68' lang='grc' dir='ltr'>σθέντας.</span> 
     </span>
     <span class='ocr_line' id='line_1_35' title="bbox 999 2028 2631 2084; baseline -0.004 -1"><span class='ocrx_word' id='word_1_205' title='bbox 999 2028 1072 2083; x_wconf 89' lang='grc' dir='ltr'><strong>ΙΝ</strong></span> <span class='ocrx_word' id='word_1_206' title='bbox 1113 2028 1266 2083; x_wconf 88' lang='lat' dir='ltr'><strong>CAP.</strong></span> <span class='ocrx_word' id='word_1_207' title='bbox 1310 2028 1434 2084; x_wconf 90' lang='lat' dir='ltr'><strong>XV.</strong></span> <span class='ocrx_word' id='word_1_208' title='bbox 2623 2028 2631 2077; x_wconf 90' lang='lat' dir='ltr'><strong>l</strong></span> 
     </span>
    </p>
   </div>
   <div class='ocr_carea' id='block_1_34' title="bbox 1684 1944 3316 2084">
    <p class='ocr_par' dir='ltr' id='par_1_34' title="bbox 2069 1944 3316 2080">
     <span class='ocr_line' id='line_1_36' title="bbox 2069 1944 2393 1996; baseline 0.009 -11"><span class='ocrx_word' id='word_1_209' title='bbox 2069 1944 2110 1950; x_wconf 75' lang='lat'>&#39;</span> <span class='ocrx_word' id='word_1_210' title='bbox 2151 1944 2393 1996; x_wconf 68' lang='grc' dir='ltr'>σθέντας.</span> 
     </span>
     <span class='ocr_line' id='line_1_37' title="bbox 2623 2023 3316 2080; baseline 0.004 -3"><span class='ocrx_word' id='word_1_211' title='bbox 2623 2027 2734 2077; x_wconf 88' lang='grc' dir='ltr'><strong>ΕΙΣ</strong></span> <span class='ocrx_word' id='word_1_212' title='bbox 2773 2023 2866 2078; x_wconf 89' lang='grc' dir='ltr'>ΤΟ</span> <span class='ocrx_word' id='word_1_213' title='bbox 2905 2025 3172 2080; x_wconf 73' lang='grc' dir='ltr'><strong>ΚΕΦΑΛ.</strong></span> <span class='ocrx_word' id='word_1_214' title='bbox 3216 2024 3316 2080; x_wconf 87' lang='lat' dir='ltr'><strong>IE’.</strong></span> 
     </span>
    </p>
   </div>
   <div class='ocr_carea' id='block_1_35' title="bbox 461 2111 2093 2191">
    <p class='ocr_par' dir='ltr' id='par_1_35' title="bbox 461 2117 2038 2191">
     <span class='ocr_line' id='line_1_38' title="bbox 461 2117 2038 2191; baseline 0.002 -19"><span class='ocrx_word' id='word_1_215' title='bbox 461 2117 488 2189; x_wconf 66' lang='grc' dir='ltr'><strong>ἓ</strong></span> <span class='ocrx_word' id='word_1_216' title='bbox 523 2118 744 2173; x_wconf 75' lang='grc' dir='ltr'>Ι.Ρνοιιε</span> <span class='ocrx_word' id='word_1_217' title='bbox 767 2117 1800 2186; x_wconf 61' lang='lat' dir='ltr'><strong>angelosdecetﬁicutlinteum,sicut</strong></span> <span class='ocrx_word' id='word_1_218' title='bbox 1841 2120 2038 2191; x_wconf 86' lang='lat' dir='ltr'><strong>carbo,</strong></span> 
     </span>
    </p>
   </div>
   <div class='ocr_carea' id='block_1_36' title="bbox 1917 2111 3549 2191">
    <p class='ocr_par' dir='ltr' id='par_1_36' title="bbox 1917 2111 3549 2191">
     <span class='ocr_line' id='line_1_39' title="bbox 1917 2111 3549 2191; baseline -0.001 -21"><span class='ocrx_word' id='word_1_219' title='bbox 1917 2120 2038 2191; x_wconf 74' lang='lat' dir='ltr'><strong>rbo,</strong></span> <span class='ocrx_word' id='word_1_220' title='bbox 2222 2117 2249 2182; x_wconf 88' lang='lat'><strong>§</strong></span> <span class='ocrx_word' id='word_1_221' title='bbox 2282 2113 2324 2168; x_wconf 89' lang='grc' dir='ltr'><strong>Ι.</strong></span> <span class='ocrx_word' id='word_1_222' title='bbox 2357 2111 2856 2187; x_wconf 83' lang='grc' dir='ltr'>Ἀγγελοπρεποῦς.</span> <span class='ocrx_word' id='word_1_223' title='bbox 2890 2113 2978 2175; x_wconf 82' lang='grc' dir='ltr'>Ὧς</span> <span class='ocrx_word' id='word_1_224' title='bbox 3007 2111 3192 2180; x_wconf 82' lang='grc' dir='ltr'>ὀθόνη,</span> <span class='ocrx_word' id='word_1_225' title='bbox 3234 2113 3308 2173; x_wconf 83' lang='grc' dir='ltr'>ὡς</span> <span class='ocrx_word' id='word_1_226' title='bbox 3337 2111 3549 2187; x_wconf 82' lang='grc' dir='ltr'>ἄνθραξ.</span> 
     </span>
    </p>
   </div>
   <div class='ocr_carea' id='block_1_37' title="bbox 464 2201 2096 2283">
    <p class='ocr_par' dir='ltr' id='par_1_37' title="bbox 464 2205 2041 2283">
     <span class='ocr_line' id='line_1_40' title="bbox 464 2205 2041 2283; baseline 0.001 -22"><span class='ocrx_word' id='word_1_227' title='bbox 464 2207 666 2263; x_wconf 72' lang='lat' dir='ltr'><strong>Sensus</strong></span> <span class='ocrx_word' id='word_1_228' title='bbox 701 2207 1016 2276; x_wconf 79' lang='lat' dir='ltr'><strong>anagogici,</strong></span> <span class='ocrx_word' id='word_1_229' title='bbox 1072 2206 1170 2262; x_wconf 86' lang='lat' dir='ltr'><strong>Gr.</strong></span> <span class='ocrx_word' id='word_1_230' title='bbox 1247 2205 1654 2280; x_wconf 85' lang='grc' dir='ltr'>ἀνακαθάρσεις.</span> <span class='ocrx_word' id='word_1_231' title='bbox 1712 2207 2041 2283; x_wconf 83' lang='grc' dir='ltr'>Ἀνακαθάρ·</span> 
     </span>
    </p>
   </div>
   <div class='ocr_carea' id='block_1_38' title="bbox 2171 2201 3803 2283">
    <p class='ocr_par' dir='ltr' id='par_1_38' title="bbox 2222 2201 3803 2280">
     <span class='ocr_line' id='line_1_41' title="bbox 2222 2201 3803 2280; baseline 0 -24"><span class='ocrx_word' id='word_1_232' title='bbox 2222 2202 2655 2274; x_wconf 68' lang='grc' dir='ltr'>’.Δ-δακαθάρσεις.</span> <span class='ocrx_word' id='word_1_233' title='bbox 2693 2201 3109 2277; x_wconf 83' lang='grc' dir='ltr'>Ἀνακαθάρσεις</span> <span class='ocrx_word' id='word_1_234' title='bbox 3151 2202 3283 2280; x_wconf 80' lang='grc' dir='ltr'>φησὶ</span> <span class='ocrx_word' id='word_1_235' title='bbox 3328 2204 3424 2265; x_wconf 81' lang='grc' dir='ltr'><strong>τὰς</strong></span> <span class='ocrx_word' id='word_1_236' title='bbox 3476 2201 3803 2279; x_wconf 72' lang='grc' dir='ltr'>ἐξηγήτικᾶς</span> 
     </span>
    </p>
   </div>
   <div class='ocr_carea' id='block_1_39' title="bbox 392 2290 2024 2370">
    <p class='ocr_par' dir='ltr' id='par_1_39' title="bbox 392 2296 2024 2370">
     <span class='ocr_line' id='line_1_42' title="bbox 392 2296 2024 2370; baseline 0.003 -20"><span class='ocrx_word' id='word_1_237' title='bbox 392 2316 500 2358; x_wconf 86' lang='grc' dir='ltr'>σεις</span> <span class='ocrx_word' id='word_1_238' title='bbox 530 2301 700 2352; x_wconf 86' lang='lat' dir='ltr'><strong>vocat</strong></span> <span class='ocrx_word' id='word_1_239' title='bbox 747 2296 1270 2368; x_wconf 87' lang='lat' dir='ltr'><strong>interpretationes</strong></span> <span class='ocrx_word' id='word_1_240' title='bbox 1326 2297 1444 2352; x_wconf 86' lang='lat' dir='ltr'><strong>vim</strong></span> <span class='ocrx_word' id='word_1_241' title='bbox 1501 2300 1827 2370; x_wconf 85' lang='lat' dir='ltr'><strong>exponendi</strong></span> <span class='ocrx_word' id='word_1_242' title='bbox 1889 2299 2024 2355; x_wconf 69' lang='lat' dir='ltr'><strong>ritus</strong></span> 
     </span>
    </p>
   </div>
   <div class='ocr_carea' id='block_1_40' title="bbox 2171 2290 3803 2370">
    <p class='ocr_par' dir='ltr' id='par_1_40' title="bbox 2171 2290 3803 2369">
     <span class='ocr_line' id='line_1_43' title="bbox 2171 2290 3803 2369; baseline 0.001 -26"><span class='ocrx_word' id='word_1_243' title='bbox 2171 2293 2462 2366; x_wconf 64' lang='lat' dir='ltr'><strong>pprqutaq,</strong></span> <span class='ocrx_word' id='word_1_244' title='bbox 2496 2290 2565 2346; x_wconf 85' lang='grc' dir='ltr'><strong>δι’</strong></span> <span class='ocrx_word' id='word_1_245' title='bbox 2597 2293 2670 2346; x_wconf 84' lang='grc' dir='ltr'>ὧν</span> <span class='ocrx_word' id='word_1_246' title='bbox 2698 2293 3044 2368; x_wconf 79' lang='grc' dir='ltr'><strong>καθαίρονται</strong></span> <span class='ocrx_word' id='word_1_247' title='bbox 3075 2296 3184 2347; x_wconf 81' lang='grc' dir='ltr'>τῶν</span> <span class='ocrx_word' id='word_1_248' title='bbox 3211 2290 3264 2347; x_wconf 74' lang='grc' dir='ltr'>ἐν</span> <span class='ocrx_word' id='word_1_249' title='bbox 3312 2298 3430 2355; x_wconf 83' lang='grc' dir='ltr'>τοῖς</span> <span class='ocrx_word' id='word_1_250' title='bbox 3474 2291 3803 2369; x_wconf 76' lang='grc' dir='ltr'>λεγομὲνυις</span> 
     </span>
    </p>
   </div>
   <div class='ocr_carea' id='block_1_41' title="bbox 391 2377 2023 2460">
    <p class='ocr_par' dir='ltr' id='par_1_41' title="bbox 391 2385 2023 2460">
     <span class='ocr_line' id='line_1_44' title="bbox 391 2385 2023 2460; baseline 0.001 -18"><span class='ocrx_word' id='word_1_251' title='bbox 391 2386 676 2443; x_wconf 86' lang='lat' dir='ltr'><strong>habentes</strong></span> <span class='ocrx_word' id='word_1_252' title='bbox 708 2403 811 2458; x_wconf 86' lang='lat' dir='ltr'><strong>per</strong></span> <span class='ocrx_word' id='word_1_253' title='bbox 833 2402 982 2458; x_wconf 88' lang='lat' dir='ltr'><strong>quas</strong></span> <span class='ocrx_word' id='word_1_254' title='bbox 1013 2385 1181 2456; x_wconf 78' lang='lat' dir='ltr'><strong>signa</strong></span> <span class='ocrx_word' id='word_1_255' title='bbox 1210 2403 1339 2458; x_wconf 65' lang='lat' dir='ltr'><strong>quae</strong></span> <span class='ocrx_word' id='word_1_256' title='bbox 1370 2388 1429 2442; x_wconf 91' lang='lat' dir='ltr'><strong>in</strong></span> <span class='ocrx_word' id='word_1_257' title='bbox 1459 2387 1532 2444; x_wconf 92' lang='lat' dir='ltr'><strong>iis</strong></span> <span class='ocrx_word' id='word_1_258' title='bbox 1564 2405 1691 2460; x_wconf 70' lang='lat' dir='ltr'><strong>quae</strong></span> <span class='ocrx_word' id='word_1_259' title='bbox 1734 2390 2023 2458; x_wconf 39' lang='lat' dir='ltr'><strong>dicuntur,</strong></span> 
     </span>
    </p>
   </div>
   <div class='ocr_carea' id='block_1_42' title="bbox 1477 2377 3109 2460">
    <p class='ocr_par' dir='ltr' id='par_1_42' title="bbox 1483 2377 3109 2460">
     <span class='ocr_line' id='line_1_45' title="bbox 1483 2377 3109 2460; baseline 0 -20"><span class='ocrx_word' id='word_1_260' title='bbox 1483 2388 1532 2444; x_wconf 83' lang='lat' dir='ltr'><strong>is</strong></span> <span class='ocrx_word' id='word_1_261' title='bbox 1564 2405 1691 2460; x_wconf 66' lang='lat' dir='ltr'><strong>quas</strong></span> <span class='ocrx_word' id='word_1_262' title='bbox 1734 2390 2035 2459; x_wconf 69' lang='lat' dir='ltr'><strong>dicuntur,</strong></span> <span class='ocrx_word' id='word_1_263' title='bbox 2150 2378 2458 2436; x_wconf 67' lang='grc' dir='ltr'>δοκούντων</span> <span class='ocrx_word' id='word_1_264' title='bbox 2492 2383 2707 2438; x_wconf 83' lang='grc' dir='ltr'>ἀτόπων</span> <span class='ocrx_word' id='word_1_265' title='bbox 2737 2383 2806 2437; x_wconf 79' lang='grc' dir='ltr'>τὰ</span> <span class='ocrx_word' id='word_1_266' title='bbox 2834 2377 3109 2456; x_wconf 68' lang='grc' dir='ltr'>σύμϐολα.</span> 
     </span>
    </p>
   </div>
   <div class='ocr_carea' id='block_1_43' title="bbox 393 2475 1421 2546">
    <p class='ocr_par' dir='ltr' id='par_1_43' title="bbox 393 2475 1421 2546">
     <span class='ocr_line' id='line_1_46' title="bbox 393 2475 1421 2546; baseline -0.002 -14"><span class='ocrx_word' id='word_1_267' title='bbox 393 2477 652 2532; x_wconf 90' lang='lat' dir='ltr'><strong>absurda</strong></span> <span class='ocrx_word' id='word_1_268' title='bbox 679 2475 975 2542; x_wconf 90' lang='lat' dir='ltr'><strong>videntur,</strong></span> <span class='ocrx_word' id='word_1_269' title='bbox 1002 2480 1421 2546; x_wconf 82' lang='lat' dir='ltr'><strong>expurgantur.</strong></span> 
     </span>
    </p>
   </div>
   <div class='ocr_carea' id='block_1_44' title="bbox 463 2559 2095 2640">
    <p class='ocr_par' dir='ltr' id='par_1_44' title="bbox 463 2563 2037 2640">
     <span class='ocr_line' id='line_1_47' title="bbox 463 2563 2037 2640; baseline 0.004 -20"><span class='ocrx_word' id='word_1_270' title='bbox 463 2567 602 2621; x_wconf 89' lang='lat' dir='ltr'><strong>Nam</strong></span> <span class='ocrx_word' id='word_1_271' title='bbox 630 2566 681 2620; x_wconf 76' lang='lat' dir='ltr'><strong>si</strong></span> <span class='ocrx_word' id='word_1_272' title='bbox 717 2565 968 2636; x_wconf 75' lang='lat' dir='ltr'><strong>quidem.</strong></span> <span class='ocrx_word' id='word_1_273' title='bbox 1000 2563 1187 2636; x_wconf 91' lang='lat' dir='ltr'><strong>Supra</strong></span> <span class='ocrx_word' id='word_1_274' title='bbox 1217 2565 1371 2621; x_wconf 90' lang='lat' dir='ltr'><strong>enim</strong></span> <span class='ocrx_word' id='word_1_275' title='bbox 1395 2567 1639 2634; x_wconf 85' lang='lat' dir='ltr'><strong>dixerat,</strong></span> <span class='ocrx_word' id='word_1_276' title='bbox 1701 2568 2037 2640; x_wconf 86' lang='lat' dir='ltr'><strong>superiores</strong></span> 
     </span>
    </p>
   </div>
   <div class='ocr_carea' id='block_1_45' title="bbox 2172 2559 3804 2640">
    <p class='ocr_par' dir='ltr' id='par_1_45' title="bbox 2220 2559 3804 2638">
     <span class='ocr_line' id='line_1_48' title="bbox 2220 2559 3804 2638; baseline -0.001 -20"><span class='ocrx_word' id='word_1_277' title='bbox 2220 2559 2285 2618; x_wconf 68' lang='lat' dir='ltr'><strong>Et</strong></span> <span class='ocrx_word' id='word_1_278' title='bbox 2343 2561 2438 2634; x_wconf 80' lang='grc' dir='ltr'>μὲν</span> <span class='ocrx_word' id='word_1_279' title='bbox 2497 2561 2620 2637; x_wconf 88' lang='grc' dir='ltr'>γάρ.</span> <span class='ocrx_word' id='word_1_280' title='bbox 2680 2563 2828 2620; x_wconf 84' lang='grc' dir='ltr'>³¹Δνω</span> <span class='ocrx_word' id='word_1_281' title='bbox 2885 2562 2988 2638; x_wconf 84' lang='grc' dir='ltr'><strong>γὰρ</strong></span> <span class='ocrx_word' id='word_1_282' title='bbox 3046 2561 3215 2633; x_wconf 75' lang='grc' dir='ltr'>εἶπεν,</span> <span class='ocrx_word' id='word_1_283' title='bbox 3274 2560 3357 2616; x_wconf 72' lang='grc' dir='ltr'><strong>ὅτι</strong></span> <span class='ocrx_word' id='word_1_284' title='bbox 3426 2563 3482 2616; x_wconf 74' lang='grc' dir='ltr'>αἱ</span> <span class='ocrx_word' id='word_1_285' title='bbox 3539 2561 3804 2636; x_wconf 84' lang='grc' dir='ltr'>ἀνώτεραι</span> 
     </span>
    </p>
   </div>
   <div class='ocr_carea' id='block_1_46' title="bbox 388 2648 2020 2727">
    <p class='ocr_par' dir='ltr' id='par_1_46' title="bbox 388 2653 2020 2727">
     <span class='ocr_line' id='line_1_49' title="bbox 388 2653 2020 2727; baseline 0.001 -14"><span class='ocrx_word' id='word_1_286' title='bbox 388 2657 639 2713; x_wconf 87' lang='lat' dir='ltr'><strong>virtutes</strong></span> <span class='ocrx_word' id='word_1_287' title='bbox 668 2670 834 2709; x_wconf 85' lang='lat' dir='ltr'><strong>sacro</strong></span> <span class='ocrx_word' id='word_1_288' title='bbox 866 2653 1113 2724; x_wconf 91' lang='lat' dir='ltr'><strong>imperio</strong></span> <span class='ocrx_word' id='word_1_289' title='bbox 1146 2671 1395 2726; x_wconf 76' lang='lat' dir='ltr'><strong>praeesse</strong></span> <span class='ocrx_word' id='word_1_290' title='bbox 1419 2657 1810 2727; x_wconf 82' lang='lat' dir='ltr'><strong>sequentibus</strong></span> <span class='ocrx_word' id='word_1_291' title='bbox 1842 2663 1900 2715; x_wconf 88' lang='lat' dir='ltr'><strong>et</strong></span> <span class='ocrx_word' id='word_1_292' title='bbox 1925 2676 2020 2715; x_wconf 89' lang='lat' dir='ltr'><strong>me</strong></span> 
     </span>
    </p>
   </div>
   <div class='ocr_carea' id='block_1_47' title="bbox 2171 2648 3803 2727">
    <p class='ocr_par' dir='ltr' id='par_1_47' title="bbox 2171 2649 3803 2726">
     <span class='ocr_line' id='line_1_50' title="bbox 2171 2649 3803 2726; baseline 0.001 -23"><span class='ocrx_word' id='word_1_293' title='bbox 2171 2649 2405 2723; x_wconf 76' lang='grc' dir='ltr'>ἱυνάμεις</span> <span class='ocrx_word' id='word_1_294' title='bbox 2463 2651 2782 2726; x_wconf 70' lang='grc' dir='ltr'>ἱεραρχοῦσι</span> <span class='ocrx_word' id='word_1_295' title='bbox 2839 2652 2934 2714; x_wconf 79' lang='grc' dir='ltr'><strong>τὰς</strong></span> <span class='ocrx_word' id='word_1_296' title='bbox 2996 2652 3114 2725; x_wconf 86' lang='grc' dir='ltr'>μετ’</span> <span class='ocrx_word' id='word_1_297' title='bbox 3160 2651 3343 2719; x_wconf 80' lang='grc' dir='ltr'>αὐτὰς,</span> <span class='ocrx_word' id='word_1_298' title='bbox 3393 2651 3483 2706; x_wconf 82' lang='grc' dir='ltr'><strong>καὶ</strong></span> <span class='ocrx_word' id='word_1_299' title='bbox 3537 2651 3592 2706; x_wconf 74' lang='grc' dir='ltr'>αἱ</span> <span class='ocrx_word' id='word_1_300' title='bbox 3645 2652 3803 2724; x_wconf 71' lang='grc' dir='ltr'>μέσαι</span> 
     </span>
    </p>
   </div>
   <div class='ocr_carea' id='block_1_48' title="bbox 386 2741 2018 2820">
    <p class='ocr_par' dir='ltr' id='par_1_48' title="bbox 386 2744 2012 2820">
     <span class='ocr_line' id='line_1_51' title="bbox 386 2744 2012 2820; baseline 0.004 -23"><span class='ocrx_word' id='word_1_301' title='bbox 386 2745 514 2799; x_wconf 90' lang='lat' dir='ltr'><strong>dias</strong></span> <span class='ocrx_word' id='word_1_302' title='bbox 545 2744 996 2816; x_wconf 87' lang='lat' dir='ltr'><strong>posterioribus,</strong></span> <span class='ocrx_word' id='word_1_303' title='bbox 1031 2752 1089 2801; x_wconf 94' lang='lat' dir='ltr'><strong>et</strong></span> <span class='ocrx_word' id='word_1_304' title='bbox 1119 2763 1324 2803; x_wconf 89' lang='lat' dir='ltr'><strong>earum</strong></span> <span class='ocrx_word' id='word_1_305' title='bbox 1353 2748 1708 2819; x_wconf 89' lang='lat' dir='ltr'><strong>posteriores</strong></span> <span class='ocrx_word' id='word_1_306' title='bbox 1733 2749 1875 2804; x_wconf 90' lang='lat' dir='ltr'><strong>viris</strong></span> <span class='ocrx_word' id='word_1_307' title='bbox 1900 2765 2012 2820; x_wconf 92' lang='lat' dir='ltr'><strong>pon</strong></span> 
     </span>
    </p>
   </div>
   <div class='ocr_carea' id='block_1_49' title="bbox 2172 2741 3804 2820">
    <p class='ocr_par' dir='ltr' id='par_1_49' title="bbox 2172 2741 3804 2819">
     <span class='ocr_line' id='line_1_52' title="bbox 2172 2741 3804 2819; baseline 0.001 -24"><span class='ocrx_word' id='word_1_308' title='bbox 2172 2743 2243 2804; x_wconf 80' lang='grc' dir='ltr'><strong>τὰς</strong></span> <span class='ocrx_word' id='word_1_309' title='bbox 2304 2743 2548 2817; x_wconf 76' lang='grc' dir='ltr'>ὑστέρας,</span> <span class='ocrx_word' id='word_1_310' title='bbox 2582 2744 2672 2796; x_wconf 79' lang='grc' dir='ltr'><strong>καὶ</strong></span> <span class='ocrx_word' id='word_1_311' title='bbox 2731 2743 2783 2796; x_wconf 75' lang='grc' dir='ltr'>αἱ</span> <span class='ocrx_word' id='word_1_312' title='bbox 2843 2742 3057 2819; x_wconf 74' lang='grc' dir='ltr'>ὕστεραι</span> <span class='ocrx_word' id='word_1_313' title='bbox 3118 2742 3295 2798; x_wconf 79' lang='grc' dir='ltr'>αὐτῶν</span> <span class='ocrx_word' id='word_1_314' title='bbox 3340 2743 3468 2804; x_wconf 84' lang='grc' dir='ltr'>τοὺς</span> <span class='ocrx_word' id='word_1_315' title='bbox 3502 2741 3554 2796; x_wconf 77' lang='grc' dir='ltr'>ἒν</span> <span class='ocrx_word' id='word_1_316' title='bbox 3583 2743 3804 2817; x_wconf 86' lang='grc' dir='ltr'>ἀνηρώ-</span> 
     </span>
    </p>
   </div>
   <div class='ocr_carea' id='block_1_50' title="bbox 388 2829 2020 2910">
    <p class='ocr_par' dir='ltr' id='par_1_50' title="bbox 388 2834 2016 2910">
     <span class='ocr_line' id='line_1_53' title="bbox 388 2834 2016 2910; baseline 0.003 -22"><span class='ocrx_word' id='word_1_317' title='bbox 388 2834 672 2890; x_wconf 80' lang='lat' dir='ltr'><strong>tificibus.</strong></span> <span class='ocrx_word' id='word_1_318' title='bbox 707 2834 833 2890; x_wconf 88' lang='lat' dir='ltr'><strong>Non</strong></span> <span class='ocrx_word' id='word_1_319' title='bbox 860 2835 1016 2890; x_wconf 91' lang='lat' dir='ltr'><strong>enim</strong></span> <span class='ocrx_word' id='word_1_320' title='bbox 1051 2835 1218 2905; x_wconf 86' lang='lat' dir='ltr'><strong>dixit,</strong></span> <span class='ocrx_word' id='word_1_321' title='bbox 1253 2838 1527 2892; x_wconf 88' lang='lat' dir='ltr'><strong>eumdem</strong></span> <span class='ocrx_word' id='word_1_322' title='bbox 1562 2837 1827 2892; x_wconf 89' lang='lat' dir='ltr'><strong>ordinem</strong></span> <span class='ocrx_word' id='word_1_323' title='bbox 1862 2839 2016 2910; x_wconf 90' lang='lat' dir='ltr'><strong>impe</strong></span> 
     </span>
    </p>
   </div>
   <div class='ocr_carea' id='block_1_51' title="bbox 2172 2829 3804 2910">
    <p class='ocr_par' dir='ltr' id='par_1_51' title="bbox 2172 2829 3804 2908">
     <span class='ocr_line' id='line_1_54' title="bbox 2172 2829 3804 2908; baseline -0.001 -22"><span class='ocrx_word' id='word_1_324' title='bbox 2172 2853 2274 2893; x_wconf 77' lang='grc' dir='ltr'>τοις</span> <span class='ocrx_word' id='word_1_325' title='bbox 2331 2831 2610 2908; x_wconf 73' lang='grc' dir='ltr'>ἱεράρχας.</span> <span class='ocrx_word' id='word_1_326' title='bbox 2643 2829 2776 2886; x_wconf 70' lang='grc' dir='ltr'>Οὔτε</span> <span class='ocrx_word' id='word_1_327' title='bbox 2833 2833 2938 2907; x_wconf 73' lang='grc' dir='ltr'><strong>γὰρ</strong></span> <span class='ocrx_word' id='word_1_328' title='bbox 2999 2831 3168 2904; x_wconf 82' lang='grc' dir='ltr'>εἶπεν,</span> <span class='ocrx_word' id='word_1_329' title='bbox 3223 2831 3305 2886; x_wconf 77' lang='grc' dir='ltr'><strong>ὅτι</strong></span> <span class='ocrx_word' id='word_1_330' title='bbox 3364 2834 3399 2901; x_wconf 81' lang='grc' dir='ltr'>ἡ</span> <span class='ocrx_word' id='word_1_331' title='bbox 3461 2831 3597 2900; x_wconf 76' lang='grc' dir='ltr'>αὖτή</span> <span class='ocrx_word' id='word_1_332' title='bbox 3651 2831 3804 2901; x_wconf 86' lang='grc' dir='ltr'>τάξις</span> 
     </span>
    </p>
   </div>
   <div class='ocr_carea' id='block_1_52' title="bbox 391 2918 2023 2998">
    <p class='ocr_par' dir='ltr' id='par_1_52' title="bbox 391 2924 2023 2998">
     <span class='ocr_line' id='line_1_55' title="bbox 391 2924 2023 2998; baseline 0.002 -21"><span class='ocrx_word' id='word_1_333' title='bbox 391 2939 520 2978; x_wconf 90' lang='lat' dir='ltr'><strong>rare</strong></span> <span class='ocrx_word' id='word_1_334' title='bbox 551 2924 959 2994; x_wconf 85' lang='lat' dir='ltr'><strong>sequentibus,</strong></span> <span class='ocrx_word' id='word_1_335' title='bbox 993 2929 1052 2980; x_wconf 89' lang='lat' dir='ltr'><strong>et</strong></span> <span class='ocrx_word' id='word_1_336' title='bbox 1081 2926 1155 2980; x_wconf 90' lang='lat' dir='ltr'><strong>ab</strong></span> <span class='ocrx_word' id='word_1_337' title='bbox 1209 2926 1419 2981; x_wconf 88' lang='lat' dir='ltr'><strong>iisdem</strong></span> <span class='ocrx_word' id='word_1_338' title='bbox 1480 2926 1641 2998; x_wconf 88' lang='lat' dir='ltr'><strong>regi;</strong></span> <span class='ocrx_word' id='word_1_339' title='bbox 1691 2943 1894 2981; x_wconf 90' lang='lat' dir='ltr'><strong>verum</strong></span> <span class='ocrx_word' id='word_1_340' title='bbox 1957 2927 2023 2981; x_wconf 70' lang='lat' dir='ltr'><strong>its</strong></span> 
     </span>
    </p>
   </div>
   <div class='ocr_carea' id='block_1_53' title="bbox 2171 2918 3803 2998">
    <p class='ocr_par' dir='ltr' id='par_1_53' title="bbox 2171 2918 3803 2997">
     <span class='ocr_line' id='line_1_56' title="bbox 2171 2918 3803 2997; baseline -0.002 -21"><span class='ocrx_word' id='word_1_341' title='bbox 2171 2921 2240 2976; x_wconf 78' lang='grc' dir='ltr'>ιαὶ</span> <span class='ocrx_word' id='word_1_342' title='bbox 2290 2919 2448 2996; x_wconf 82' lang='grc' dir='ltr'>ἄρχει</span> <span class='ocrx_word' id='word_1_343' title='bbox 2490 2925 2569 2993; x_wconf 82' lang='grc' dir='ltr'><strong>τῷ</strong></span> <span class='ocrx_word' id='word_1_344' title='bbox 2593 2924 2637 2958; x_wconf 83' lang='grc'><strong>⁷⁷</strong></span> <span class='ocrx_word' id='word_1_345' title='bbox 2673 2923 2788 2993; x_wconf 84' lang='grc' dir='ltr'>μετ’</span> <span class='ocrx_word' id='word_1_346' title='bbox 2821 2920 3012 2990; x_wconf 73' lang='grc' dir='ltr'>αὐτὴν,</span> <span class='ocrx_word' id='word_1_347' title='bbox 3042 2921 3132 2976; x_wconf 86' lang='grc' dir='ltr'><strong>καὶ</strong></span> <span class='ocrx_word' id='word_1_348' title='bbox 3183 2918 3410 2997; x_wconf 72' lang='grc' dir='ltr'>ἄρχεται</span> <span class='ocrx_word' id='word_1_349' title='bbox 3463 2922 3553 2975; x_wconf 85' lang='grc' dir='ltr'>ὑπ’</span> <span class='ocrx_word' id='word_1_350' title='bbox 3601 2919 3803 2990; x_wconf 78' lang='grc' dir='ltr'>αὐτῶν,</span> 
     </span>
    </p>
   </div>
   <div class='ocr_carea' id='block_1_54' title="bbox 393 3007 2025 3087">
    <p class='ocr_par' dir='ltr' id='par_1_54' title="bbox 393 3012 2006 3087">
     <span class='ocr_line' id='line_1_57' title="bbox 393 3012 2006 3087; baseline 0.002 -21"><span class='ocrx_word' id='word_1_351' title='bbox 393 3012 562 3078; x_wconf 79' lang='lat' dir='ltr'><strong>dixit,</strong></span> <span class='ocrx_word' id='word_1_352' title='bbox 594 3013 846 3083; x_wconf 88' lang='lat' dir='ltr'><strong>primum</strong></span> <span class='ocrx_word' id='word_1_353' title='bbox 877 3015 1140 3070; x_wconf 87' lang='lat' dir='ltr'><strong>ordinem</strong></span> <span class='ocrx_word' id='word_1_354' title='bbox 1165 3015 1452 3087; x_wconf 90' lang='lat' dir='ltr'><strong>imperare</strong></span> <span class='ocrx_word' id='word_1_355' title='bbox 1474 3015 1710 3086; x_wconf 88' lang='lat' dir='ltr'><strong>quidem</strong></span> <span class='ocrx_word' id='word_1_356' title='bbox 1737 3016 2006 3087; x_wconf 84' lang='lat' dir='ltr'><strong>sequenti</strong></span> 
     </span>
    </p>
   </div>
   <div class='ocr_carea' id='block_1_55' title="bbox 2173 3007 3805 3087">
    <p class='ocr_par' dir='ltr' id='par_1_55' title="bbox 2173 3007 3805 3086">
     <span class='ocr_line' id='line_1_58' title="bbox 2173 3007 3805 3086; baseline 0 -22"><span class='ocrx_word' id='word_1_357' title='bbox 2173 3007 2276 3065; x_wconf 84' lang='grc' dir='ltr'>ιλλ⁹</span> <span class='ocrx_word' id='word_1_358' title='bbox 2337 3010 2511 3073; x_wconf 76' lang='grc' dir='ltr'>οῦνως</span> <span class='ocrx_word' id='word_1_359' title='bbox 2566 3011 2732 3080; x_wconf 72' lang='grc' dir='ltr'>εἶπεν,</span> <span class='ocrx_word' id='word_1_360' title='bbox 2793 3011 2876 3065; x_wconf 82' lang='grc' dir='ltr'><strong>δτι</strong></span> <span class='ocrx_word' id='word_1_361' title='bbox 2932 3013 2967 3080; x_wconf 84' lang='grc' dir='ltr'>ἡ</span> <span class='ocrx_word' id='word_1_362' title='bbox 3027 3011 3220 3085; x_wconf 86' lang='grc' dir='ltr'>πρώτη</span> <span class='ocrx_word' id='word_1_363' title='bbox 3275 3010 3422 3081; x_wconf 90' lang='grc' dir='ltr'>τάξις</span> <span class='ocrx_word' id='word_1_364' title='bbox 3481 3007 3641 3086; x_wconf 76' lang='grc' dir='ltr'>ἄρχει</span> <span class='ocrx_word' id='word_1_365' title='bbox 3705 3011 3805 3083; x_wconf 78' lang='grc' dir='ltr'>μὶν</span> 
     </span>
    </p>
   </div>
   <div class='ocr_carea' id='block_1_56' title="bbox 397 3097 2029 3178">
    <p class='ocr_par' dir='ltr' id='par_1_56' title="bbox 397 3102 2029 3176">
     <span class='ocr_line' id='line_1_59' title="bbox 397 3102 2029 3176; baseline 0.004 -21"><span class='ocrx_word' id='word_1_366' title='bbox 397 3103 531 3168; x_wconf 88' lang='lat' dir='ltr'><strong>bus,</strong></span> <span class='ocrx_word' id='word_1_367' title='bbox 569 3102 691 3174; x_wconf 90' lang='lat' dir='ltr'><strong>regi</strong></span> <span class='ocrx_word' id='word_1_368' title='bbox 723 3118 856 3158; x_wconf 90' lang='lat' dir='ltr'><strong>vero</strong></span> <span class='ocrx_word' id='word_1_369' title='bbox 889 3121 922 3159; x_wconf 80' lang='grc' dir='ltr'>θ.</span> <span class='ocrx_word' id='word_1_370' title='bbox 951 3105 1437 3176; x_wconf 82' lang='lat' dir='ltr'><strong>praecedentibus:</strong></span> <span class='ocrx_word' id='word_1_371' title='bbox 1458 3105 1542 3160; x_wconf 91' lang='lat' dir='ltr'><strong>sic</strong></span> <span class='ocrx_word' id='word_1_372' title='bbox 1569 3121 1805 3176; x_wconf 89' lang='lat' dir='ltr'><strong>quoque</strong></span> <span class='ocrx_word' id='word_1_373' title='bbox 1835 3105 1892 3161; x_wconf 90' lang='lat' dir='ltr'><strong>in</strong></span> <span class='ocrx_word' id='word_1_374' title='bbox 1925 3122 2029 3162; x_wconf 69' lang='lat' dir='ltr'><strong>caa-</strong></span> 
     </span>
    </p>
   </div>
   <div class='ocr_carea' id='block_1_57' title="bbox 2175 3097 3807 3178">
    <p class='ocr_par' dir='ltr' id='par_1_57' title="bbox 2175 3097 3807 3178">
     <span class='ocr_line' id='line_1_60' title="bbox 2175 3097 3807 3178; baseline 0 -24"><span class='ocrx_word' id='word_1_375' title='bbox 2175 3099 2317 3170; x_wconf 77' lang='grc' dir='ltr'>ιύτήν</span> <span class='ocrx_word' id='word_1_376' title='bbox 2350 3103 2442 3170; x_wconf 73' lang='grc'><strong>⁷⁷⁸,</strong></span> <span class='ocrx_word' id='word_1_377' title='bbox 2477 3099 2700 3177; x_wconf 75' lang='grc' dir='ltr'>ἄρχεται</span> <span class='ocrx_word' id='word_1_378' title='bbox 2749 3097 2806 3154; x_wconf 64' lang='grc' dir='ltr'>δὲ</span> <span class='ocrx_word' id='word_1_379' title='bbox 2854 3100 2958 3155; x_wconf 85' lang='grc' dir='ltr'>ὑπὸ</span> <span class='ocrx_word' id='word_1_380' title='bbox 3003 3104 3111 3154; x_wconf 78' lang='grc' dir='ltr'>τῶν</span> <span class='ocrx_word' id='word_1_381' title='bbox 3162 3100 3268 3178; x_wconf 88' lang='grc' dir='ltr'>πρὸ</span> <span class='ocrx_word' id='word_1_382' title='bbox 3299 3099 3466 3170; x_wconf 79' lang='grc' dir='ltr'>αὐτῆς</span> <span class='ocrx_word' id='word_1_383' title='bbox 3488 3118 3502 3131; x_wconf 78' lang='grc'><strong>⁸</strong></span> <span class='ocrx_word' id='word_1_384' title='bbox 3537 3098 3681 3154; x_wconf 72' lang='grc' dir='ltr'>οὕτω</span> <span class='ocrx_word' id='word_1_385' title='bbox 3711 3100 3807 3154; x_wconf 86' lang='grc' dir='ltr'><strong>καὶ</strong></span> 
     </span>
    </p>
   </div>
   <div class='ocr_carea' id='block_1_58' title="bbox 397 3188 2029 3263">
    <p class='ocr_par' dir='ltr' id='par_1_58' title="bbox 397 3191 1031 3263">
     <span class='ocr_line' id='line_1_61' title="bbox 397 3191 1031 3263; baseline 0.003 -17"><span class='ocrx_word' id='word_1_386' title='bbox 397 3191 542 3247; x_wconf 84' lang='lat' dir='ltr'><strong>teris</strong></span> <span class='ocrx_word' id='word_1_387' title='bbox 562 3191 1031 3263; x_wconf 87' lang='lat' dir='ltr'><strong>intelligendum.</strong></span> 
     </span>
    </p>
   </div>
   <div class='ocr_carea' id='block_1_59' title="bbox 1124 3188 2756 3263">
    <p class='ocr_par' dir='ltr' id='par_1_59' title="bbox 2081 3188 2756 3263">
     <span class='ocr_line' id='line_1_62' title="bbox 2081 3188 2756 3263; baseline 0.006 -19"><span class='ocrx_word' id='word_1_388' title='bbox 2081 3254 2115 3263; x_wconf 75' lang='lat'><strong>_</strong></span> <span class='ocrx_word' id='word_1_389' title='bbox 2155 3188 2230 3252; x_wconf 81' lang='grc' dir='ltr'>εἷς</span> <span class='ocrx_word' id='word_1_390' title='bbox 2259 3191 2324 3244; x_wconf 83' lang='grc' dir='ltr'><strong>τὰ</strong></span> <span class='ocrx_word' id='word_1_391' title='bbox 2351 3191 2476 3260; x_wconf 71' lang='grc' dir='ltr'>ἑξῆς</span> <span class='ocrx_word' id='word_1_392' title='bbox 2506 3189 2756 3259; x_wconf 77' lang='grc' dir='ltr'>νοητέον.</span> 
     </span>
    </p>
   </div>
   <div class='ocr_carea' id='block_1_60' title="bbox 466 3254 2098 3358">
    <p class='ocr_par' dir='ltr' id='par_1_60' title="bbox 466 3254 2098 3356">
     <span class='ocr_line' id='line_1_63' title="bbox 466 3254 2098 3356; baseline 0.003 -20"><span class='ocrx_word' id='word_1_393' title='bbox 466 3282 606 3336; x_wconf 85' lang='lat' dir='ltr'><strong>Nam</strong></span> <span class='ocrx_word' id='word_1_394' title='bbox 633 3283 685 3336; x_wconf 77' lang='lat' dir='ltr'><strong>si</strong></span> <span class='ocrx_word' id='word_1_395' title='bbox 713 3297 774 3336; x_wconf 81' lang='grc' dir='ltr'>ιη</span> <span class='ocrx_word' id='word_1_396' title='bbox 802 3284 976 3336; x_wconf 75' lang='lat' dir='ltr'><strong>sacris</strong></span> <span class='ocrx_word' id='word_1_397' title='bbox 1005 3284 1143 3356; x_wconf 82' lang='lat' dir='ltr'><strong>reqi.</strong></span> <span class='ocrx_word' id='word_1_398' title='bbox 1179 3283 1294 3339; x_wconf 91' lang='lat' dir='ltr'><strong>Hoc</strong></span> <span class='ocrx_word' id='word_1_399' title='bbox 1323 3281 1447 3337; x_wconf 88' lang='lat' dir='ltr'><strong>vult</strong></span> <span class='ocrx_word' id='word_1_400' title='bbox 1477 3282 1689 3350; x_wconf 90' lang='lat' dir='ltr'><strong>dicere,</strong></span> <span class='ocrx_word' id='word_1_401' title='bbox 1726 3284 1774 3340; x_wconf 91' lang='lat' dir='ltr'><strong>si</strong></span> <span class='ocrx_word' id='word_1_402' title='bbox 1833 3285 2041 3341; x_wconf 82' lang='lat' dir='ltr'><strong>dixeri-</strong></span> <span class='ocrx_word' id='word_1_403' title='bbox 2073 3254 2098 3322; x_wconf 72' lang='grc' dir='ltr'><strong>ί</strong></span> 
     </span>
    </p>
   </div>
   <div class='ocr_carea' id='block_1_61' title="bbox 2176 3254 3808 3358">
    <p class='ocr_par' dir='ltr' id='par_1_61' title="bbox 2224 3254 3808 3358">
     <span class='ocr_line' id='line_1_64' title="bbox 2224 3254 3808 3358; baseline -0.002 -23"><span class='ocrx_word' id='word_1_404' title='bbox 2224 3280 2289 3336; x_wconf 78' lang='lat' dir='ltr'><strong>Ei</strong></span> <span class='ocrx_word' id='word_1_405' title='bbox 2505 3254 2606 3356; x_wconf 76' lang='grc' dir='ltr'>γὰρ</span> <span class='ocrx_word' id='word_1_406' title='bbox 2658 3280 3050 3355; x_wconf 79' lang='grc' dir='ltr'>ἱεραρχεῖσθαι.</span> <span class='ocrx_word' id='word_1_407' title='bbox 3104 3280 3174 3336; x_wconf 79' lang='grc' dir='ltr'><strong>’Ὁ</strong></span> <span class='ocrx_word' id='word_1_408' title='bbox 3231 3300 3364 3358; x_wconf 77' lang='grc' dir='ltr'>φησι</span> <span class='ocrx_word' id='word_1_409' title='bbox 3419 3277 3581 3334; x_wconf 87' lang='grc' dir='ltr'>τοῦτό</span> <span class='ocrx_word' id='word_1_410' title='bbox 3638 3277 3808 3349; x_wconf 81' lang='grc' dir='ltr'>ἐστιν,</span> 
     </span>
    </p>
   </div>
   <div class='ocr_carea' id='block_1_62' title="bbox 396 3367 2028 3446">
    <p class='ocr_par' dir='ltr' id='par_1_62' title="bbox 396 3370 2028 3446">
     <span class='ocr_line' id='line_1_65' title="bbox 396 3370 2028 3446; baseline 0.002 -20"><span class='ocrx_word' id='word_1_411' title='bbox 396 3386 532 3427; x_wconf 89' lang='lat' dir='ltr'><strong>mus</strong></span> <span class='ocrx_word' id='word_1_412' title='bbox 562 3370 781 3442; x_wconf 90' lang='lat' dir='ltr'><strong>primos</strong></span> <span class='ocrx_word' id='word_1_413' title='bbox 801 3371 1036 3428; x_wconf 91' lang='lat' dir='ltr'><strong>ordines</strong></span> <span class='ocrx_word' id='word_1_414' title='bbox 1067 3387 1234 3427; x_wconf 92' lang='lat' dir='ltr'><strong>sacro</strong></span> <span class='ocrx_word' id='word_1_415' title='bbox 1262 3371 1510 3443; x_wconf 90' lang='lat' dir='ltr'><strong>imperio</strong></span> <span class='ocrx_word' id='word_1_416' title='bbox 1543 3388 1792 3444; x_wconf 72' lang='lat' dir='ltr'><strong>praeesse</strong></span> <span class='ocrx_word' id='word_1_417' title='bbox 1820 3380 2028 3446; x_wconf 46' lang='lat' dir='ltr'><strong>postre&#39;</strong></span> 
     </span>
    </p>
   </div>
   <div class='ocr_carea' id='block_1_63' title="bbox 2177 3367 3809 3446">
    <p class='ocr_par' dir='ltr' id='par_1_63' title="bbox 2179 3367 3809 3445">
     <span class='ocr_line' id='line_1_66' title="bbox 2179 3367 3809 3445; baseline -0.001 -21"><span class='ocrx_word' id='word_1_418' title='bbox 2179 3391 2254 3438; x_wconf 89' lang='grc' dir='ltr'><strong>τι,</strong></span> <span class='ocrx_word' id='word_1_419' title='bbox 2306 3369 2351 3424; x_wconf 77' lang='grc' dir='ltr'>εἰ</span> <span class='ocrx_word' id='word_1_420' title='bbox 2408 3369 2504 3432; x_wconf 81' lang='grc' dir='ltr'><strong>τὰς</strong></span> <span class='ocrx_word' id='word_1_421' title='bbox 2549 3370 2768 3445; x_wconf 83' lang='grc' dir='ltr'>πρώτας</span> <span class='ocrx_word' id='word_1_422' title='bbox 2817 3369 2993 3440; x_wconf 85' lang='grc' dir='ltr'>τάξεις</span> <span class='ocrx_word' id='word_1_423' title='bbox 3043 3367 3303 3444; x_wconf 67' lang='grc' dir='ltr'>ἐλέγομεν</span> <span class='ocrx_word' id='word_1_424' title='bbox 3361 3369 3640 3444; x_wconf 73' lang='grc' dir='ltr'>ἱεραρχεῖν</span> <span class='ocrx_word' id='word_1_425' title='bbox 3696 3373 3809 3423; x_wconf 81' lang='grc' dir='ltr'><strong>τῶν</strong></span> 
     </span>
    </p>
   </div>
   <div class='ocr_carea' id='block_1_64' title="bbox 395 3455 2027 3534">
    <p class='ocr_par' dir='ltr' id='par_1_64' title="bbox 395 3459 2027 3534">
     <span class='ocr_line' id='line_1_67' title="bbox 395 3459 2027 3534; baseline 0.002 -20"><span class='ocrx_word' id='word_1_426' title='bbox 395 3459 530 3530; x_wconf 81' lang='lat' dir='ltr'><strong>mis,</strong></span> <span class='ocrx_word' id='word_1_427' title='bbox 552 3459 761 3514; x_wconf 84' lang='lat' dir='ltr'><strong>deinde</strong></span> <span class='ocrx_word' id='word_1_428' title='bbox 785 3459 1043 3516; x_wconf 89' lang='lat' dir='ltr'><strong>vicissim</strong></span> <span class='ocrx_word' id='word_1_429' title='bbox 1070 3465 1398 3531; x_wconf 88' lang='lat' dir='ltr'><strong>postremos</strong></span> <span class='ocrx_word' id='word_1_430' title='bbox 1429 3477 1596 3516; x_wconf 90' lang='lat' dir='ltr'><strong>sacro</strong></span> <span class='ocrx_word' id='word_1_431' title='bbox 1617 3461 1860 3534; x_wconf 90' lang='lat' dir='ltr'><strong>imperio</strong></span> <span class='ocrx_word' id='word_1_432' title='bbox 1893 3480 2027 3534; x_wconf 74' lang='lat' dir='ltr'><strong>pras-</strong></span> 
     </span>
    </p>
   </div>
   <div class='ocr_carea' id='block_1_65' title="bbox 2175 3455 3807 3534">
    <p class='ocr_par' dir='ltr' id='par_1_65' title="bbox 2179 3455 3807 3533">
     <span class='ocr_line' id='line_1_68' title="bbox 2179 3455 3807 3533; baseline -0.002 -19"><span class='ocrx_word' id='word_1_433' title='bbox 2179 3456 2495 3530; x_wconf 76' lang='grc' dir='ltr'>ελευταίων,</span> <span class='ocrx_word' id='word_1_434' title='bbox 2529 3461 2644 3513; x_wconf 77' lang='grc' dir='ltr'>εἶτα</span> <span class='ocrx_word' id='word_1_435' title='bbox 2687 3455 2852 3513; x_wconf 78' lang='grc' dir='ltr'>πάλιν</span> <span class='ocrx_word' id='word_1_436' title='bbox 2901 3457 3064 3520; x_wconf 78' lang='grc' dir='ltr'>αὐτὰς</span> <span class='ocrx_word' id='word_1_437' title='bbox 3110 3459 3207 3520; x_wconf 82' lang='grc' dir='ltr'><strong>τὰς</strong></span> <span class='ocrx_word' id='word_1_438' title='bbox 3254 3455 3568 3519; x_wconf 78' lang='grc' dir='ltr'>τελευταίας</span> <span class='ocrx_word' id='word_1_439' title='bbox 3619 3458 3807 3533; x_wconf 79' lang='grc' dir='ltr'>ἱεραρ-</span> 
     </span>
    </p>
   </div>
   <div class='ocr_carea' id='block_1_66' title="bbox 393 3546 2025 3623">
    <p class='ocr_par' dir='ltr' id='par_1_66' title="bbox 393 3546 2025 3620">
     <span class='ocr_line' id='line_1_69' title="bbox 393 3546 2025 3620; baseline 0.004 -18"><span class='ocrx_word' id='word_1_440' title='bbox 393 3564 524 3603; x_wconf 91' lang='lat' dir='ltr'><strong>esse</strong></span> <span class='ocrx_word' id='word_1_441' title='bbox 557 3546 764 3619; x_wconf 85' lang='lat' dir='ltr'><strong>primis</strong></span> <span class='ocrx_word' id='word_1_442' title='bbox 792 3549 1124 3618; x_wconf 90' lang='lat' dir='ltr'><strong>ordinibus,</strong></span> <span class='ocrx_word' id='word_1_443' title='bbox 1159 3565 1192 3604; x_wconf 91' lang='lat' dir='ltr'><strong>a</strong></span> <span class='ocrx_word' id='word_1_444' title='bbox 1223 3549 1440 3620; x_wconf 91' lang='lat' dir='ltr'><strong>quibus</strong></span> <span class='ocrx_word' id='word_1_445' title='bbox 1473 3551 1569 3606; x_wconf 71' lang='lat'><strong>45</strong></span> <span class='ocrx_word' id='word_1_446' title='bbox 1633 3551 1810 3606; x_wconf 90' lang='lat' dir='ltr'><strong>etiam</strong></span> <span class='ocrx_word' id='word_1_447' title='bbox 1871 3569 2025 3608; x_wconf 81' lang='lat' dir='ltr'><strong>sacrc</strong></span> 
     </span>
    </p>
   </div>
   <div class='ocr_carea' id='block_1_67' title="bbox 2173 3546 3805 3623">
    <p class='ocr_par' dir='ltr' id='par_1_67' title="bbox 2173 3547 3805 3623">
     <span class='ocr_line' id='line_1_70' title="bbox 2173 3547 3805 3623; baseline -0.002 -19"><span class='ocrx_word' id='word_1_448' title='bbox 2173 3553 2266 3622; x_wconf 66' lang='grc' dir='ltr'>[εῖν</span> <span class='ocrx_word' id='word_1_449' title='bbox 2325 3552 2432 3603; x_wconf 82' lang='grc' dir='ltr'>τῶν</span> <span class='ocrx_word' id='word_1_450' title='bbox 2487 3548 2719 3622; x_wconf 90' lang='grc' dir='ltr'>πρώτων</span> <span class='ocrx_word' id='word_1_451' title='bbox 2767 3547 2990 3619; x_wconf 81' lang='grc' dir='ltr'>τάξεων,</span> <span class='ocrx_word' id='word_1_452' title='bbox 3018 3547 3107 3622; x_wconf 74' lang='grc' dir='ltr'><strong>ὕφ’</strong></span> <span class='ocrx_word' id='word_1_453' title='bbox 3137 3548 3209 3602; x_wconf 83' lang='grc' dir='ltr'>ὧν</span> <span class='ocrx_word' id='word_1_454' title='bbox 3256 3547 3346 3602; x_wconf 82' lang='grc' dir='ltr'><strong>καὶ</strong></span> <span class='ocrx_word' id='word_1_455' title='bbox 3390 3547 3805 3623; x_wconf 80' lang='grc' dir='ltr'>ἱεραρχοῦνται,</span> 
     </span>
    </p>
   </div>
   <div class='ocr_carea' id='block_1_68' title="bbox 392 3635 2024 3712">
    <p class='ocr_par' dir='ltr' id='par_1_68' title="bbox 392 3636 1724 3709">
     <span class='ocr_line' id='line_1_71' title="bbox 392 3636 1724 3709; baseline 0.001 -17"><span class='ocrx_word' id='word_1_456' title='bbox 392 3636 640 3709; x_wconf 91' lang='lat' dir='ltr'><strong>imperio</strong></span> <span class='ocrx_word' id='word_1_457' title='bbox 666 3642 972 3709; x_wconf 82' lang='lat' dir='ltr'><strong>reguntur‘</strong></span> <span class='ocrx_word' id='word_1_458' title='bbox 1006 3637 1264 3693; x_wconf 86' lang='lat' dir='ltr'><strong>absurda</strong></span> <span class='ocrx_word' id='word_1_459' title='bbox 1292 3641 1382 3693; x_wconf 91' lang='lat' dir='ltr'><strong>est</strong></span> <span class='ocrx_word' id='word_1_460' title='bbox 1413 3639 1724 3694; x_wconf 87' lang='lat' dir='ltr'><strong>sententia.</strong></span> 
     </span>
    </p>
   </div>
   <div class='ocr_carea' id='block_1_69' title="bbox 1093 3635 2725 3712">
    <p class='ocr_par' dir='ltr' id='par_1_69' title="bbox 1093 3635 2725 3712">
     <span class='ocr_line' id='line_1_72' title="bbox 1093 3635 2725 3712; baseline 0.001 -20"><span class='ocrx_word' id='word_1_461' title='bbox 1093 3637 1264 3693; x_wconf 76' lang='lat' dir='ltr'><strong>surda</strong></span> <span class='ocrx_word' id='word_1_462' title='bbox 1292 3641 1382 3693; x_wconf 91' lang='lat' dir='ltr'><strong>est</strong></span> <span class='ocrx_word' id='word_1_463' title='bbox 1413 3639 1724 3694; x_wconf 87' lang='lat' dir='ltr'><strong>sententia.</strong></span> <span class='ocrx_word' id='word_1_464' title='bbox 2148 3635 2346 3692; x_wconf 69' lang='grc' dir='ltr'>ἄτοπον</span> <span class='ocrx_word' id='word_1_465' title='bbox 2379 3642 2608 3712; x_wconf 82' lang='grc' dir='ltr'>πρᾶγμα</span> <span class='ocrx_word' id='word_1_466' title='bbox 2636 3638 2725 3706; x_wconf 81' lang='grc' dir='ltr'><strong>ἦν.</strong></span> 
     </span>
    </p>
   </div>
   <div class='ocr_carea' id='block_1_70' title="bbox 463 3721 2095 3803">
    <p class='ocr_par' dir='ltr' id='par_1_70' title="bbox 463 3725 2040 3802">
     <span class='ocr_line' id='line_1_73' title="bbox 463 3725 2040 3802; baseline 0.004 -23"><span class='ocrx_word' id='word_1_467' title='bbox 463 3725 621 3780; x_wconf 85' lang='lat' dir='ltr'><strong>Haud</strong></span> <span class='ocrx_word' id='word_1_468' title='bbox 651 3727 968 3798; x_wconf 79' lang='lat' dir='ltr'><strong>incongrua.</strong></span> <span class='ocrx_word' id='word_1_469' title='bbox 1002 3726 1127 3782; x_wconf 90' lang='lat' dir='ltr'><strong>Non</strong></span> <span class='ocrx_word' id='word_1_470' title='bbox 1159 3725 1483 3782; x_wconf 86' lang='lat' dir='ltr'><strong>absurdum</strong></span> <span class='ocrx_word' id='word_1_471' title='bbox 1510 3727 1726 3798; x_wconf 88' lang='lat' dir='ltr'><strong>inquit,</strong></span> <span class='ocrx_word' id='word_1_472' title='bbox 1751 3728 2040 3802; x_wconf 90' lang='lat' dir='ltr'><strong>imagines</strong></span> 
     </span>
    </p>
   </div>
   <div class='ocr_carea' id='block_1_71' title="bbox 2171 3721 3803 3803">
    <p class='ocr_par' dir='ltr' id='par_1_71' title="bbox 2219 3721 3803 3803">
     <span class='ocr_line' id='line_1_74' title="bbox 2219 3721 3803 3803; baseline -0.001 -22"><span class='ocrx_word' id='word_1_473' title='bbox 2219 3725 2336 3782; x_wconf 82' lang='grc' dir='ltr'>Οὐκ</span> <span class='ocrx_word' id='word_1_474' title='bbox 2390 3725 2715 3786; x_wconf 77' lang='grc' dir='ltr'>ἀπεικότως.</span> <span class='ocrx_word' id='word_1_475' title='bbox 2775 3725 2890 3782; x_wconf 78' lang='grc' dir='ltr'><strong>Οὐκ</strong></span> <span class='ocrx_word' id='word_1_476' title='bbox 2960 3721 3159 3780; x_wconf 78' lang='grc' dir='ltr'>ἄτοπόν</span> <span class='ocrx_word' id='word_1_477' title='bbox 3235 3746 3369 3803; x_wconf 80' lang='grc' dir='ltr'>φησι</span> <span class='ocrx_word' id='word_1_478' title='bbox 3417 3724 3512 3788; x_wconf 73' lang='grc' dir='ltr'><strong>τὰς</strong></span> <span class='ocrx_word' id='word_1_479' title='bbox 3567 3723 3619 3780; x_wconf 81' lang='grc' dir='ltr'>ἐν</span> <span class='ocrx_word' id='word_1_480' title='bbox 3674 3731 3803 3788; x_wconf 85' lang='grc' dir='ltr'>τοῖς</span> 
     </span>
    </p>
   </div>
   <div class='ocr_carea' id='block_1_72' title="bbox 393 3812 2025 3892">
    <p class='ocr_par' dir='ltr' id='par_1_72' title="bbox 393 3813 2025 3888">
     <span class='ocr_line' id='line_1_75' title="bbox 393 3813 2025 3888; baseline 0.002 -18"><span class='ocrx_word' id='word_1_481' title='bbox 393 3832 521 3888; x_wconf 71' lang='lat' dir='ltr'><strong>quae</strong></span> <span class='ocrx_word' id='word_1_482' title='bbox 552 3813 610 3869; x_wconf 91' lang='lat' dir='ltr'><strong>in</strong></span> <span class='ocrx_word' id='word_1_483' title='bbox 641 3814 854 3871; x_wconf 89' lang='lat' dir='ltr'><strong>divinis</strong></span> <span class='ocrx_word' id='word_1_484' title='bbox 877 3815 1498 3888; x_wconf 68' lang='lat' dir='ltr'><strong>responsisScriptnre</strong></span> <span class='ocrx_word' id='word_1_485' title='bbox 1514 3815 1888 3888; x_wconf 87' lang='lat' dir='ltr'><strong>reperiuntur</strong></span> <span class='ocrx_word' id='word_1_486' title='bbox 1906 3820 2025 3873; x_wconf 87' lang='lat' dir='ltr'><strong>uni-</strong></span> 
     </span>
    </p>
   </div>
   <div class='ocr_carea' id='block_1_73' title="bbox 2195 3812 3827 3892">
    <p class='ocr_par' dir='ltr' id='par_1_73' title="bbox 2195 3812 3827 3892">
     <span class='ocr_line' id='line_1_76' title="bbox 2195 3812 3827 3892; baseline 0 -23"><span class='ocrx_word' id='word_1_487' title='bbox 2195 3815 2361 3892; x_wconf 83' lang='grc' dir='ltr'>ογίοις</span> <span class='ocrx_word' id='word_1_488' title='bbox 2415 3821 2515 3884; x_wconf 83' lang='grc' dir='ltr'><strong>τῆς</strong></span> <span class='ocrx_word' id='word_1_489' title='bbox 2568 3820 2788 3890; x_wconf 78' lang='grc' dir='ltr'>Γραφῆς</span> <span class='ocrx_word' id='word_1_490' title='bbox 2847 3812 3060 3876; x_wconf 83' lang='grc' dir='ltr'>εἷ’κόνας</span> <span class='ocrx_word' id='word_1_491' title='bbox 3116 3816 3318 3877; x_wconf 84' lang='grc' dir='ltr'>πάσαις</span> <span class='ocrx_word' id='word_1_492' title='bbox 3380 3820 3500 3877; x_wconf 85' lang='grc' dir='ltr'>ταῖς</span> <span class='ocrx_word' id='word_1_493' title='bbox 3574 3815 3827 3888; x_wconf 68' lang='grc' dir='ltr'>ἐπουρα-</span> 
     </span>
    </p>
   </div>
   <div class='ocr_carea' id='block_1_74' title="bbox 393 3900 2025 3982">
    <p class='ocr_par' dir='ltr' id='par_1_74' title="bbox 393 3900 2025 3977">
     <span class='ocr_line' id='line_1_77' title="bbox 393 3900 2025 3977; baseline 0.002 -19"><span class='ocrx_word' id='word_1_494' title='bbox 393 3900 578 3958; x_wconf 89' lang='lat' dir='ltr'><strong>versis</strong></span> <span class='ocrx_word' id='word_1_495' title='bbox 607 3901 947 3957; x_wconf 86' lang='lat' dir='ltr'><strong>coelestibus</strong></span> <span class='ocrx_word' id='word_1_496' title='bbox 975 3901 1294 3958; x_wconf 89' lang='lat' dir='ltr'><strong>virtutibus</strong></span> <span class='ocrx_word' id='word_1_497' title='bbox 1355 3902 1698 3975; x_wconf 89' lang='lat' dir='ltr'><strong>attribuere,</strong></span> <span class='ocrx_word' id='word_1_498' title='bbox 1754 3909 2025 3977; x_wconf 76' lang='lat' dir='ltr'><strong>tanquam:</strong></span> 
     </span>
    </p>
   </div>
   <div class='ocr_carea' id='block_1_75' title="bbox 2176 3900 3808 3982">
    <p class='ocr_par' dir='ltr' id='par_1_75' title="bbox 2185 3901 3808 3982">
     <span class='ocr_line' id='line_1_78' title="bbox 2185 3901 3808 3982; baseline -0.001 -23"><span class='ocrx_word' id='word_1_499' title='bbox 2185 3905 2290 3966; x_wconf 77' lang='grc' dir='ltr'>(αις</span> <span class='ocrx_word' id='word_1_500' title='bbox 2351 3901 2611 3976; x_wconf 88' lang='grc' dir='ltr'>δυνάμεσι</span> <span class='ocrx_word' id='word_1_501' title='bbox 2666 3903 3018 3974; x_wconf 70' lang='grc' dir='ltr'>περιτιθέναι,</span> <span class='ocrx_word' id='word_1_502' title='bbox 3053 3905 3127 3966; x_wconf 86' lang='grc' dir='ltr'><strong>ὡς</strong></span> <span class='ocrx_word' id='word_1_503' title='bbox 3187 3905 3382 3973; x_wconf 85' lang='grc' dir='ltr'>πάσας,</span> <span class='ocrx_word' id='word_1_504' title='bbox 3426 3905 3554 3982; x_wconf 74' lang='grc' dir='ltr'>φὲρε</span> <span class='ocrx_word' id='word_1_505' title='bbox 3606 3905 3808 3973; x_wconf 74' lang='grc' dir='ltr'>εἶ’πεῖν,</span> 
     </span>
    </p>
   </div>
   <div class='ocr_carea' id='block_1_76' title="bbox 393 3989 2025 4069">
    <p class='ocr_par' dir='ltr' id='par_1_76' title="bbox 393 3989 2025 4057">
     <span class='ocr_line' id='line_1_79' title="bbox 393 3989 2025 4057; baseline 0.003 -10"><span class='ocrx_word' id='word_1_506' title='bbox 393 4006 601 4047; x_wconf 91' lang='lat' dir='ltr'><strong>omnes</strong></span> <span class='ocrx_word' id='word_1_507' title='bbox 633 3989 772 4057; x_wconf 84' lang='lat' dir='ltr'><strong>sint,</strong></span> <span class='ocrx_word' id='word_1_508' title='bbox 806 3995 871 4048; x_wconf 89' lang='lat' dir='ltr'><strong>ut</strong></span> <span class='ocrx_word' id='word_1_509' title='bbox 901 3991 983 4047; x_wconf 87' lang='lat' dir='ltr'><strong>ita</strong></span> <span class='ocrx_word' id='word_1_510' title='bbox 1013 3991 1227 4057; x_wconf 87' lang='lat' dir='ltr'><strong>dicam,</strong></span> <span class='ocrx_word' id='word_1_511' title='bbox 1262 3993 1550 4048; x_wconf 88' lang='lat' dir='ltr'><strong>sublimes</strong></span> <span class='ocrx_word' id='word_1_512' title='bbox 1581 3997 1639 4048; x_wconf 89' lang='lat' dir='ltr'><strong>et</strong></span> <span class='ocrx_word' id='word_1_513' title='bbox 1667 3993 1958 4051; x_wconf 78' lang='lat' dir='ltr'><strong>salutares</strong></span> <span class='ocrx_word' id='word_1_514' title='bbox 1987 4013 2025 4052; x_wconf 71' lang='lat' dir='ltr'><strong>e&#39;</strong></span> 
     </span>
    </p>
   </div>
   <div class='ocr_carea' id='block_1_77' title="bbox 2177 3989 3809 4069">
    <p class='ocr_par' dir='ltr' id='par_1_77' title="bbox 2178 3990 3809 4069">
     <span class='ocr_line' id='line_1_80' title="bbox 2178 3990 3809 4069; baseline 0 -21"><span class='ocrx_word' id='word_1_515' title='bbox 2178 3995 2287 4048; x_wconf 79' lang='grc' dir='ltr'>ἴναι</span> <span class='ocrx_word' id='word_1_516' title='bbox 2351 3990 2586 4067; x_wconf 78' lang='grc' dir='ltr'>ὑψηλὰς,</span> <span class='ocrx_word' id='word_1_517' title='bbox 2618 3993 2709 4047; x_wconf 83' lang='grc' dir='ltr'><strong>καὶ</strong></span> <span class='ocrx_word' id='word_1_518' title='bbox 2741 3993 3066 4069; x_wconf 84' lang='grc' dir='ltr'>σωτηρίους,</span> <span class='ocrx_word' id='word_1_519' title='bbox 3099 3993 3190 4049; x_wconf 86' lang='grc' dir='ltr'><strong>καὶ</strong></span> <span class='ocrx_word' id='word_1_520' title='bbox 3246 3993 3565 4069; x_wconf 75' lang='grc' dir='ltr'>γνωπικᾶς,</span> <span class='ocrx_word' id='word_1_521' title='bbox 3612 3991 3658 4048; x_wconf 73' lang='grc' dir='ltr'>εἰ</span> <span class='ocrx_word' id='word_1_522' title='bbox 3711 3992 3809 4048; x_wconf 87' lang='grc' dir='ltr'><strong>καὶ</strong></span> 
     </span>
    </p>
   </div>
   <div class='ocr_carea' id='block_1_78' title="bbox 393 4077 2025 4158">
    <p class='ocr_par' dir='ltr' id='par_1_78' title="bbox 393 4079 2025 4155">
     <span class='ocr_line' id='line_1_81' title="bbox 393 4079 2025 4155; baseline 0.003 -19"><span class='ocrx_word' id='word_1_523' title='bbox 393 4080 673 4144; x_wconf 87' lang='lat' dir='ltr'><strong>scientes,</strong></span> <span class='ocrx_word' id='word_1_524' title='bbox 705 4079 817 4135; x_wconf 87' lang='lat' dir='ltr'><strong>etsi</strong></span> <span class='ocrx_word' id='word_1_525' title='bbox 850 4097 966 4136; x_wconf 90' lang='lat' dir='ltr'><strong>non</strong></span> <span class='ocrx_word' id='word_1_526' title='bbox 998 4081 1304 4152; x_wconf 61' lang='lat' dir='ltr'><strong>aequaliter</strong></span> <span class='ocrx_word' id='word_1_527' title='bbox 1330 4081 1466 4150; x_wconf 88' lang='lat' dir='ltr'><strong>;sed</strong></span> <span class='ocrx_word' id='word_1_528' title='bbox 1502 4081 1590 4137; x_wconf 66' lang='lat' dir='ltr'><strong>ba</strong></span> <span class='ocrx_word' id='word_1_529' title='bbox 1647 4084 1887 4155; x_wconf 88' lang='lat' dir='ltr'><strong>quidem</strong></span> <span class='ocrx_word' id='word_1_530' title='bbox 1947 4101 2025 4140; x_wconf 82' lang='lat' dir='ltr'><strong>ex-</strong></span> 
     </span>
    </p>
   </div>
   <div class='ocr_carea' id='block_1_79' title="bbox 2183 4077 3815 4158">
    <p class='ocr_par' dir='ltr' id='par_1_79' title="bbox 2183 4077 3815 4158">
     <span class='ocr_line' id='line_1_82' title="bbox 2183 4077 3815 4158; baseline -0.002 -20"><span class='ocrx_word' id='word_1_531' title='bbox 2183 4084 2231 4152; x_wconf 80' lang='grc' dir='ltr'><strong>ιῆ</strong></span> <span class='ocrx_word' id='word_1_532' title='bbox 2292 4081 2502 4155; x_wconf 75' lang='grc' dir='ltr'>ὁμοίως</span> <span class='ocrx_word' id='word_1_533' title='bbox 2535 4101 2548 4114; x_wconf 90' lang='grc'>·</span> <span class='ocrx_word' id='word_1_534' title='bbox 2592 4079 2739 4137; x_wconf 79' lang='grc' dir='ltr'>ἀλλὰ</span> <span class='ocrx_word' id='word_1_535' title='bbox 2792 4083 2890 4146; x_wconf 78' lang='grc' dir='ltr'><strong>τὰς</strong></span> <span class='ocrx_word' id='word_1_536' title='bbox 2967 4082 3063 4155; x_wconf 77' lang='grc' dir='ltr'>μὶν</span> <span class='ocrx_word' id='word_1_537' title='bbox 3122 4082 3544 4158; x_wconf 73' lang='grc' dir='ltr'>ὑπερκείμὲνως,</span> <span class='ocrx_word' id='word_1_538' title='bbox 3600 4081 3696 4142; x_wconf 78' lang='grc' dir='ltr'>τὰς</span> <span class='ocrx_word' id='word_1_539' title='bbox 3751 4077 3815 4136; x_wconf 72' lang='grc' dir='ltr'>δὲ</span> 
     </span>
    </p>
   </div>
   <div class='ocr_carea' id='block_1_80' title="bbox 392 4168 2024 4250">
    <p class='ocr_par' dir='ltr' id='par_1_80' title="bbox 392 4168 1306 4238">
     <span class='ocr_line' id='line_1_83' title="bbox 392 4168 1306 4238; baseline 0.002 -14"><span class='ocrx_word' id='word_1_540' title='bbox 392 4168 687 4238; x_wconf 88' lang='lat' dir='ltr'><strong>cellentes,</strong></span> <span class='ocrx_word' id='word_1_541' title='bbox 712 4168 836 4223; x_wconf 66' lang='lat' dir='ltr'><strong>ista</strong></span> <span class='ocrx_word' id='word_1_542' title='bbox 866 4185 1001 4225; x_wconf 87' lang='lat' dir='ltr'><strong>vero</strong></span> <span class='ocrx_word' id='word_1_543' title='bbox 1034 4169 1306 4226; x_wconf 81' lang='lat' dir='ltr'><strong>remissae.</strong></span> 
     </span>
    </p>
   </div>
   <div class='ocr_carea' id='block_1_81' title="bbox 845 4168 2477 4250">
    <p class='ocr_par' dir='ltr' id='par_1_81' title="bbox 866 4169 2477 4250">
     <span class='ocr_line' id='line_1_84' title="bbox 866 4169 2477 4250; baseline 0.002 -26"><span class='ocrx_word' id='word_1_544' title='bbox 866 4185 1001 4225; x_wconf 85' lang='lat' dir='ltr'><strong>vero</strong></span> <span class='ocrx_word' id='word_1_545' title='bbox 1034 4169 1306 4226; x_wconf 82' lang='lat' dir='ltr'><strong>remissae.</strong></span> <span class='ocrx_word' id='word_1_546' title='bbox 2153 4172 2477 4250; x_wconf 69' lang='grc' dir='ltr'>ὑφειμένως.</span> 
     </span>
    </p>
   </div>
   <div class='ocr_carea' id='block_1_82' title="bbox 463 4257 2095 4338">
    <p class='ocr_par' dir='ltr' id='par_1_82' title="bbox 463 4257 1591 4331">
     <span class='ocr_line' id='line_1_85' title="bbox 463 4257 1591 4331; baseline 0.002 -17"><span class='ocrx_word' id='word_1_547' title='bbox 463 4257 544 4314; x_wconf 82' lang='lat' dir='ltr'><strong>Ad</strong></span> <span class='ocrx_word' id='word_1_548' title='bbox 565 4259 874 4315; x_wconf 73' lang='lat' dir='ltr'><strong>anteriora.</strong></span> <span class='ocrx_word' id='word_1_549' title='bbox 905 4259 1186 4331; x_wconf 90' lang='lat' dir='ltr'><strong>Superius</strong></span> <span class='ocrx_word' id='word_1_550' title='bbox 1214 4264 1272 4316; x_wconf 90' lang='lat' dir='ltr'><strong>et</strong></span> <span class='ocrx_word' id='word_1_551' title='bbox 1301 4260 1591 4316; x_wconf 91' lang='lat' dir='ltr'><strong>eminens.</strong></span> 
     </span>
    </p>
   </div>
   <div class='ocr_carea' id='block_1_83' title="bbox 2181 4257 3813 4338">
    <p class='ocr_par' dir='ltr' id='par_1_83' title="bbox 2225 4259 3813 4338">
     <span class='ocr_line' id='line_1_86' title="bbox 2225 4259 3813 4338; baseline -0.003 -21"><span class='ocrx_word' id='word_1_552' title='bbox 2225 4261 2327 4318; x_wconf 81' lang='grc' dir='ltr'>Καὶ</span> <span class='ocrx_word' id='word_1_553' title='bbox 2381 4261 2447 4316; x_wconf 88' lang='grc' dir='ltr'>τὸ</span> <span class='ocrx_word' id='word_1_554' title='bbox 2501 4261 2636 4338; x_wconf 90' lang='grc' dir='ltr'>πρὸς</span> <span class='ocrx_word' id='word_1_555' title='bbox 2699 4262 2764 4316; x_wconf 85' lang='grc' dir='ltr'>τὸ</span> <span class='ocrx_word' id='word_1_556' title='bbox 2841 4263 3082 4324; x_wconf 78' lang='grc' dir='ltr'>ἄναντες.</span> <span class='ocrx_word' id='word_1_557' title='bbox 3133 4260 3432 4335; x_wconf 82' lang='grc' dir='ltr'>’Δνώτερον</span> <span class='ocrx_word' id='word_1_558' title='bbox 3490 4259 3580 4314; x_wconf 85' lang='grc' dir='ltr'><strong>καὶ</strong></span> <span class='ocrx_word' id='word_1_559' title='bbox 3643 4260 3813 4335; x_wconf 79' lang='grc' dir='ltr'>ὑπερ-</span> 
     </span>
    </p>
   </div>
   <div class='ocr_carea' id='block_1_84' title="bbox 2151 4352 2432 4408">
    <p class='ocr_par' dir='ltr' id='par_1_84' title="bbox 2151 4352 2432 4408">
     <span class='ocr_line' id='line_1_87' title="bbox 2151 4352 2432 4408; baseline 0 0"><span class='ocrx_word' id='word_1_560' title='bbox 2151 4352 2432 4408; x_wconf 73' lang='grc' dir='ltr'>κείμενον.</span> 
     </span>
    </p>
   </div>
   <div class='ocr_carea' id='block_1_85' title="bbox 467 4374 2099 4515">
    <p class='ocr_par' dir='ltr' id='par_1_85' title="bbox 467 4436 2043 4514">
     <span class='ocr_line' id='line_1_88' title="bbox 467 4436 2043 4514; baseline 0.003 -22"><span class='ocrx_word' id='word_1_561' title='bbox 467 4437 494 4504; x_wconf 89' lang='lat'><strong>§</strong></span> <span class='ocrx_word' id='word_1_562' title='bbox 526 4436 595 4492; x_wconf 89' lang='lat' dir='ltr'><strong>II.</strong></span> <span class='ocrx_word' id='word_1_563' title='bbox 632 4436 1018 4508; x_wconf 76' lang='lat' dir='ltr'><strong>Incipiendum</strong></span> <span class='ocrx_word' id='word_1_564' title='bbox 1043 4440 1096 4491; x_wconf 81' lang='lat' dir='ltr'><strong>et</strong></span> <span class='ocrx_word' id='word_1_565' title='bbox 1125 4437 1507 4508; x_wconf 68' lang='lat' dir='ltr'><strong>quaerendum.</strong></span> <span class='ocrx_word' id='word_1_566' title='bbox 1572 4439 1763 4514; x_wconf 73' lang='lat' dir='ltr'><strong>[Nota]</strong></span> <span class='ocrx_word' id='word_1_567' title='bbox 1821 4457 1927 4496; x_wconf 85' lang='lat' dir='ltr'><strong>cur</strong></span> <span class='ocrx_word' id='word_1_568' title='bbox 1983 4442 2043 4496; x_wconf 90' lang='lat' dir='ltr'><strong>in</strong></span> 
     </span>
    </p>
   </div>
   <div class='ocr_carea' id='block_1_86' title="bbox 2182 4374 3814 4515">
    <p class='ocr_par' dir='ltr' id='par_1_86' title="bbox 2182 4374 3814 4515">
     <span class='ocr_line' id='line_1_89' title="bbox 2182 4374 2432 4408; baseline 0.008 -2"><span class='ocrx_word' id='word_1_569' title='bbox 2182 4374 2234 4407; x_wconf 69' lang='lat' dir='ltr'><strong>si</strong></span> <span class='ocrx_word' id='word_1_570' title='bbox 2286 4374 2432 4408; x_wconf 89' lang='grc' dir='ltr'>ενον.</span> 
     </span>
     <span class='ocr_line' id='line_1_90' title="bbox 2223 4374 3814 4515; baseline -0.004 -15"><span class='ocrx_word' id='word_1_571' title='bbox 2223 4374 2345 4513; x_wconf 67' lang='grc' dir='ltr'><strong>ἓμΙῙ.</strong></span> <span class='ocrx_word' id='word_1_572' title='bbox 2375 4441 2628 4515; x_wconf 79' lang='grc' dir='ltr'>Ἀρκτὲον</span> <span class='ocrx_word' id='word_1_573' title='bbox 2685 4442 2776 4497; x_wconf 90' lang='grc' dir='ltr'>καὶ</span> <span class='ocrx_word' id='word_1_574' title='bbox 2828 4444 3113 4513; x_wconf 75' lang='grc' dir='ltr'>ζητητὲον.</span> <span class='ocrx_word' id='word_1_575' title='bbox 3146 4439 3486 4515; x_wconf 76' lang='grc' dir='ltr'>Σημείωσαι,</span> <span class='ocrx_word' id='word_1_576' title='bbox 3521 4437 3611 4494; x_wconf 74' lang='grc' dir='ltr'><strong>διὰ</strong></span> <span class='ocrx_word' id='word_1_577' title='bbox 3654 4437 3707 4494; x_wconf 81' lang='grc' dir='ltr'><strong>τί</strong></span> <span class='ocrx_word' id='word_1_578' title='bbox 3758 4437 3814 4494; x_wconf 73' lang='grc' dir='ltr'>ἰν</span> 
     </span>
    </p>
   </div>
   <div class='ocr_carea' id='block_1_87' title="bbox 396 4525 2028 4604">
    <p class='ocr_par' dir='ltr' id='par_1_87' title="bbox 396 4525 2028 4600">
     <span class='ocr_line' id='line_1_91' title="bbox 396 4525 2028 4600; baseline 0.004 -19"><span class='ocrx_word' id='word_1_579' title='bbox 396 4525 680 4598; x_wconf 89' lang='lat' dir='ltr'><strong>angelicis</strong></span> <span class='ocrx_word' id='word_1_580' title='bbox 716 4525 925 4598; x_wconf 77' lang='lat' dir='ltr'><strong>figuris</strong></span> <span class='ocrx_word' id='word_1_581' title='bbox 958 4525 1210 4582; x_wconf 81' lang='lat' dir='ltr'><strong>maxime</strong></span> <span class='ocrx_word' id='word_1_582' title='bbox 1239 4527 1376 4595; x_wconf 91' lang='lat' dir='ltr'><strong>quid</strong></span> <span class='ocrx_word' id='word_1_583' title='bbox 1409 4529 1648 4600; x_wconf 89' lang='lat' dir='ltr'><strong>igneum</strong></span> <span class='ocrx_word' id='word_1_584' title='bbox 1684 4531 2028 4600; x_wconf 65' lang='lat' dir='ltr'><strong>probetur,e‘</strong></span> 
     </span>
    </p>
   </div>
   <div class='ocr_carea' id='block_1_88' title="bbox 2189 4525 3821 4604">
    <p class='ocr_par' dir='ltr' id='par_1_88' title="bbox 2189 4525 3821 4604">
     <span class='ocr_line' id='line_1_92' title="bbox 2189 4525 3821 4604; baseline -0.005 -18"><span class='ocrx_word' id='word_1_585' title='bbox 2189 4536 2270 4595; x_wconf 83' lang='grc' dir='ltr'>οἷς</span> <span class='ocrx_word' id='word_1_586' title='bbox 2312 4528 2628 4604; x_wconf 83' lang='grc' dir='ltr'>ἀγγελικοῖς</span> <span class='ocrx_word' id='word_1_587' title='bbox 2675 4529 2867 4591; x_wconf 83' lang='grc' dir='ltr'>τύποις</span> <span class='ocrx_word' id='word_1_588' title='bbox 2919 4530 2994 4602; x_wconf 79' lang='grc' dir='ltr'>μὴ</span> <span class='ocrx_word' id='word_1_589' title='bbox 3047 4527 3314 4604; x_wconf 74' lang='grc' dir='ltr'>ἐμπόριον</span> <span class='ocrx_word' id='word_1_590' title='bbox 3362 4525 3599 4600; x_wconf 85' lang='grc' dir='ltr'>μάλιστα</span> <span class='ocrx_word' id='word_1_591' title='bbox 3644 4545 3821 4601; x_wconf 85' lang='grc' dir='ltr'>παρα-</span> 
     </span>
    </p>
   </div>
   <div class='ocr_carea' id='block_1_89' title="bbox 395 4609 2027 4693">
    <p class='ocr_par' dir='ltr' id='par_1_89' title="bbox 395 4613 2027 4688">
     <span class='ocr_line' id='line_1_93' title="bbox 395 4613 2027 4688; baseline 0.004 -19"><span class='ocrx_word' id='word_1_592' title='bbox 395 4631 580 4686; x_wconf 89' lang='lat' dir='ltr'><strong>quare</strong></span> <span class='ocrx_word' id='word_1_593' title='bbox 602 4615 909 4686; x_wconf 87' lang='lat' dir='ltr'><strong>Scriptura</strong></span> <span class='ocrx_word' id='word_1_594' title='bbox 938 4619 1004 4670; x_wconf 89' lang='lat' dir='ltr'><strong>ut</strong></span> <span class='ocrx_word' id='word_1_595' title='bbox 1053 4613 1378 4688; x_wconf 90' lang='lat' dir='ltr'><strong>plurimum</strong></span> <span class='ocrx_word' id='word_1_596' title='bbox 1413 4617 1570 4674; x_wconf 90' lang='lat' dir='ltr'><strong>dicat</strong></span> <span class='ocrx_word' id='word_1_597' title='bbox 1628 4635 1720 4674; x_wconf 93' lang='lat' dir='ltr'><strong>res</strong></span> <span class='ocrx_word' id='word_1_598' title='bbox 1778 4620 2027 4688; x_wconf 68' lang='lat' dir='ltr'><strong>sceleste:</strong></span> 
     </span>
    </p>
   </div>
   <div class='ocr_carea' id='block_1_90' title="bbox 2185 4609 3817 4693">
    <p class='ocr_par' dir='ltr' id='par_1_90' title="bbox 2185 4609 3817 4693">
     <span class='ocr_line' id='line_1_94' title="bbox 2185 4609 3817 4693; baseline -0.005 -18"><span class='ocrx_word' id='word_1_599' title='bbox 2185 4615 2515 4693; x_wconf 78' lang='grc' dir='ltr'>αμϐάνεται,</span> <span class='ocrx_word' id='word_1_600' title='bbox 2545 4619 2637 4674; x_wconf 81' lang='grc' dir='ltr'><strong>καὶ</strong></span> <span class='ocrx_word' id='word_1_601' title='bbox 2698 4616 2788 4674; x_wconf 78' lang='grc' dir='ltr'><strong>διὰ</strong></span> <span class='ocrx_word' id='word_1_602' title='bbox 2830 4617 2882 4672; x_wconf 84' lang='grc' dir='ltr'><strong>τί</strong></span> <span class='ocrx_word' id='word_1_603' title='bbox 2919 4619 2990 4674; x_wconf 79' lang='grc' dir='ltr'><strong>τὰ</strong></span> <span class='ocrx_word' id='word_1_604' title='bbox 3035 4619 3157 4691; x_wconf 67' lang='grc' dir='ltr'>περι</span> <span class='ocrx_word' id='word_1_605' title='bbox 3194 4618 3261 4671; x_wconf 83' lang='grc' dir='ltr'><strong>τὰ</strong></span> <span class='ocrx_word' id='word_1_606' title='bbox 3304 4615 3529 4692; x_wconf 80' lang='grc' dir='ltr'>οὐράνιοι</span> <span class='ocrx_word' id='word_1_607' title='bbox 3579 4609 3817 4688; x_wconf 85' lang='grc' dir='ltr'>πυρώδη</span> 
     </span>
    </p>
   </div>
   <div class='ocr_carea' id='block_1_91' title="bbox 398 4703 2030 4786">
    <p class='ocr_par' dir='ltr' id='par_1_91' title="bbox 398 4703 1724 4775">
     <span class='ocr_line' id='line_1_95' title="bbox 398 4703 1724 4775; baseline 0.002 -15"><span class='ocrx_word' id='word_1_608' title='bbox 398 4718 532 4760; x_wconf 82' lang='lat' dir='ltr'><strong>esse</strong></span> <span class='ocrx_word' id='word_1_609' title='bbox 563 4703 787 4775; x_wconf 88' lang='lat' dir='ltr'><strong>igneas,</strong></span> <span class='ocrx_word' id='word_1_610' title='bbox 819 4707 877 4759; x_wconf 87' lang='lat' dir='ltr'><strong>et</strong></span> <span class='ocrx_word' id='word_1_611' title='bbox 909 4703 1260 4775; x_wconf 90' lang='lat' dir='ltr'><strong>seraphinos</strong></span> <span class='ocrx_word' id='word_1_612' title='bbox 1283 4705 1556 4762; x_wconf 86' lang='lat' dir='ltr'><strong>ardentes</strong></span> <span class='ocrx_word' id='word_1_613' title='bbox 1587 4707 1724 4763; x_wconf 91' lang='lat' dir='ltr'><strong>dici.</strong></span> 
     </span>
    </p>
   </div>
   <div class='ocr_carea' id='block_1_92' title="bbox 2191 4703 3823 4786">
    <p class='ocr_par' dir='ltr' id='par_1_92' title="bbox 2191 4703 3823 4786">
     <span class='ocr_line' id='line_1_96' title="bbox 2191 4703 3823 4786; baseline -0.006 -22"><span class='ocrx_word' id='word_1_614' title='bbox 2191 4732 2234 4772; x_wconf 90' lang='grc' dir='ltr'>›ς</span> <span class='ocrx_word' id='word_1_615' title='bbox 2265 4709 2352 4764; x_wconf 78' lang='grc' dir='ltr'><strong>ἐπὶ</strong></span> <span class='ocrx_word' id='word_1_616' title='bbox 2383 4707 2642 4764; x_wconf 77' lang='grc' dir='ltr'>πλεῖστόν</span> <span class='ocrx_word' id='word_1_617' title='bbox 2688 4728 2852 4786; x_wconf 75' lang='grc' dir='ltr'>φησιν</span> <span class='ocrx_word' id='word_1_618' title='bbox 2883 4709 2918 4777; x_wconf 81' lang='grc' dir='ltr'>ἡ</span> <span class='ocrx_word' id='word_1_619' title='bbox 2953 4709 3162 4785; x_wconf 80' lang='grc' dir='ltr'>Γραφή.</span> <span class='ocrx_word' id='word_1_620' title='bbox 3197 4705 3295 4763; x_wconf 84' lang='grc' dir='ltr'><strong>Καὶ</strong></span> <span class='ocrx_word' id='word_1_621' title='bbox 3347 4704 3429 4760; x_wconf 74' lang='grc' dir='ltr'><strong>ὅτι</strong></span> <span class='ocrx_word' id='word_1_622' title='bbox 3479 4704 3531 4759; x_wconf 76' lang='grc' dir='ltr'>οἱ</span> <span class='ocrx_word' id='word_1_623' title='bbox 3575 4703 3823 4781; x_wconf 80' lang='grc' dir='ltr'>σεραφὶμ</span> 
     </span>
    </p>
   </div>
   <div class='ocr_carea' id='block_1_93' title="bbox 2161 4797 2772 4876">
    <p class='ocr_par' dir='ltr' id='par_1_93' title="bbox 2161 4797 2772 4876">
     <span class='ocr_line' id='line_1_97' title="bbox 2161 4797 2772 4876; baseline -0.003 -20"><span class='ocrx_word' id='word_1_624' title='bbox 2161 4797 2470 4876; x_wconf 68' lang='grc' dir='ltr'>ἔμπρησταί</span> <span class='ocrx_word' id='word_1_625' title='bbox 2501 4797 2772 4874; x_wconf 73' lang='grc' dir='ltr'>λέγονται.</span> 
     </span>
    </p>
   </div>
   <div class='ocr_carea' id='block_1_94' title="bbox 471 4883 2103 4964">
    <p class='ocr_par' dir='ltr' id='par_1_94' title="bbox 471 4883 1895 4961">
     <span class='ocr_line' id='line_1_98' title="bbox 471 4883 1895 4961; baseline 0.006 -23"><span class='ocrx_word' id='word_1_626' title='bbox 471 4885 806 4940; x_wconf 72' lang='lat' dir='ltr'><strong>Incensores.</strong></span> <span class='ocrx_word' id='word_1_627' title='bbox 835 4883 1244 4955; x_wconf 89' lang='lat' dir='ltr'><strong>Interpretatio</strong></span> <span class='ocrx_word' id='word_1_628' title='bbox 1285 4886 1546 4942; x_wconf 90' lang='lat' dir='ltr'><strong>nominis</strong></span> <span class='ocrx_word' id='word_1_629' title='bbox 1577 4889 1895 4961; x_wconf 87' lang='lat' dir='ltr'><strong>serapbim.</strong></span> 
     </span>
    </p>
   </div>
   <div class='ocr_carea' id='block_1_95' title="bbox 1771 4883 3403 4964">
    <p class='ocr_par' dir='ltr' id='par_1_95' title="bbox 1771 4883 3403 4964">
     <span class='ocr_line' id='line_1_99' title="bbox 1771 4883 3403 4964; baseline -0.002 -21"><span class='ocrx_word' id='word_1_630' title='bbox 1771 4890 1895 4946; x_wconf 73' lang='lat' dir='ltr'><strong>lim.</strong></span> <span class='ocrx_word' id='word_1_631' title='bbox 2233 4887 2586 4964; x_wconf 77' lang='grc' dir='ltr'>Ἐμπρηστάς</span> <span class='ocrx_word' id='word_1_632' title='bbox 2619 4883 2799 4948; x_wconf 73' lang='grc' dir='ltr'>ὄντας.</span> <span class='ocrx_word' id='word_1_633' title='bbox 2825 4885 3120 4962; x_wconf 78' lang='grc' dir='ltr'>Ἐρμηνεία</span> <span class='ocrx_word' id='word_1_634' title='bbox 3150 4884 3403 4963; x_wconf 79' lang='grc' dir='ltr'>σεραφίμ.</span> 
     </span>
    </p>
   </div>
   <div class='ocr_carea' id='block_1_96' title="bbox 469 4970 2101 5054">
    <p class='ocr_par' dir='ltr' id='par_1_96' title="bbox 469 4971 2049 5053">
     <span class='ocr_line' id='line_1_100' title="bbox 469 4971 2049 5053; baseline 0.007 -27"><span class='ocrx_word' id='word_1_635' title='bbox 469 4973 667 5027; x_wconf 77' lang='lat' dir='ltr'><strong>Sancti</strong></span> <span class='ocrx_word' id='word_1_636' title='bbox 703 4972 878 5027; x_wconf 81' lang='lat' dir='ltr'><strong>enim.</strong></span> <span class='ocrx_word' id='word_1_637' title='bbox 909 4971 1026 5027; x_wconf 89' lang='lat' dir='ltr'><strong>Cur</strong></span> <span class='ocrx_word' id='word_1_638' title='bbox 1054 4971 1230 5028; x_wconf 90' lang='lat' dir='ltr'><strong>etiam</strong></span> <span class='ocrx_word' id='word_1_639' title='bbox 1260 4975 1408 5031; x_wconf 91' lang='lat' dir='ltr'><strong>Deus</strong></span> <span class='ocrx_word' id='word_1_640' title='bbox 1429 4975 1488 5031; x_wconf 91' lang='lat' dir='ltr'><strong>in</strong></span> <span class='ocrx_word' id='word_1_641' title='bbox 1534 4977 1664 5047; x_wconf 85' lang='lat' dir='ltr'><strong>igne</strong></span> <span class='ocrx_word' id='word_1_642' title='bbox 1697 4986 2049 5053; x_wconf 87' lang='lat' dir='ltr'><strong>conspectus</strong></span> 
     </span>
    </p>
   </div>
   <div class='ocr_carea' id='block_1_97' title="bbox 2192 4970 3824 5054">
    <p class='ocr_par' dir='ltr' id='par_1_97' title="bbox 2231 4970 3824 5054">
     <span class='ocr_line' id='line_1_101' title="bbox 2231 4970 3824 5054; baseline -0.004 -22"><span class='ocrx_word' id='word_1_643' title='bbox 2231 4980 2300 5037; x_wconf 77' lang='lat' dir='ltr'><strong>Oi</strong></span> <span class='ocrx_word' id='word_1_644' title='bbox 2356 4978 2457 5054; x_wconf 79' lang='grc' dir='ltr'>γὰρ</span> <span class='ocrx_word' id='word_1_645' title='bbox 2517 4977 2676 5052; x_wconf 75' lang='grc' dir='ltr'>ἱεροί.</span> <span class='ocrx_word' id='word_1_646' title='bbox 2711 4978 2810 5031; x_wconf 79' lang='grc' dir='ltr'>Διὰ</span> <span class='ocrx_word' id='word_1_647' title='bbox 2863 4974 2917 5030; x_wconf 81' lang='grc' dir='ltr'>τί</span> <span class='ocrx_word' id='word_1_648' title='bbox 2968 4975 3059 5031; x_wconf 80' lang='grc' dir='ltr'><strong>καὶ</strong></span> <span class='ocrx_word' id='word_1_649' title='bbox 3111 4976 3140 5031; x_wconf 82' lang='grc' dir='ltr'>ὁ</span> <span class='ocrx_word' id='word_1_650' title='bbox 3191 4976 3319 5037; x_wconf 84' lang='grc' dir='ltr'>Θεὸς</span> <span class='ocrx_word' id='word_1_651' title='bbox 3369 4973 3447 5038; x_wconf 81' lang='grc' dir='ltr'><strong>εἰς</strong></span> <span class='ocrx_word' id='word_1_652' title='bbox 3492 4976 3597 5047; x_wconf 91' lang='grc' dir='ltr'><strong>πῦρ</strong></span> <span class='ocrx_word' id='word_1_653' title='bbox 3649 4970 3824 5027; x_wconf 70' lang='grc' dir='ltr'>ὶθεω-</span> 
     </span>
    </p>
   </div>
   <div class='ocr_carea' id='block_1_98' title="bbox 403 5060 2035 5142">
    <p class='ocr_par' dir='ltr' id='par_1_98' title="bbox 403 5060 500 5116">
     <span class='ocr_line' id='line_1_102' title="bbox 403 5060 500 5116; baseline 0 0"><span class='ocrx_word' id='word_1_654' title='bbox 403 5060 500 5116; x_wconf 90' lang='lat' dir='ltr'><strong>sit.</strong></span> 
     </span>
    </p>
   </div>
   <div class='ocr_carea' id='block_1_99' title="bbox 695 5060 2327 5142">
    <p class='ocr_par' dir='ltr' id='par_1_99' title="bbox 2161 5070 2327 5142">
     <span class='ocr_line' id='line_1_103' title="bbox 2161 5070 2327 5142; baseline -0.036 0"><span class='ocrx_word' id='word_1_655' title='bbox 2161 5070 2327 5142; x_wconf 79' lang='grc' dir='ltr'>ρήθηο</span> 
     </span>
    </p>
   </div>
   <div class='ocr_carea' id='block_1_100' title="bbox 477 5149 2109 5233">
    <p class='ocr_par' dir='ltr' id='par_1_100' title="bbox 477 5149 2049 5220">
     <span class='ocr_line' id='line_1_104' title="bbox 477 5149 2049 5220; baseline 0.008 -16"><span class='ocrx_word' id='word_1_656' title='bbox 477 5149 714 5205; x_wconf 77' lang='lat' dir='ltr'><strong>Sensili:</strong></span> <span class='ocrx_word' id='word_1_657' title='bbox 751 5151 901 5204; x_wconf 85' lang='lat' dir='ltr'><strong>enim</strong></span> <span class='ocrx_word' id='word_1_658' title='bbox 933 5151 1102 5220; x_wconf 72' lang='lat' dir='ltr'><strong>ignis.</strong></span> <span class='ocrx_word' id='word_1_659' title='bbox 1145 5153 1510 5210; x_wconf 81' lang='lat' dir='ltr'><strong>Admiranda</strong></span> <span class='ocrx_word' id='word_1_660' title='bbox 1563 5173 1706 5213; x_wconf 88' lang='lat' dir='ltr'><strong>sane</strong></span> <span class='ocrx_word' id='word_1_661' title='bbox 1763 5161 2049 5219; x_wconf 86' lang='lat' dir='ltr'><strong>naturalis</strong></span> 
     </span>
    </p>
   </div>
   <div class='ocr_carea' id='block_1_101' title="bbox 2189 5149 3821 5233">
    <p class='ocr_par' dir='ltr' id='par_1_101' title="bbox 2230 5151 3821 5233">
     <span class='ocr_line' id='line_1_105' title="bbox 2230 5151 3821 5233; baseline -0.005 -21"><span class='ocrx_word' id='word_1_662' title='bbox 2230 5159 2300 5213; x_wconf 85' lang='grc' dir='ltr'><strong>Τὸ</strong></span> <span class='ocrx_word' id='word_1_663' title='bbox 2387 5157 2492 5233; x_wconf 77' lang='grc' dir='ltr'><strong>γὰρ</strong></span> <span class='ocrx_word' id='word_1_664' title='bbox 2573 5154 2828 5225; x_wconf 75' lang='grc' dir='ltr'>αἰσθητὸν</span> <span class='ocrx_word' id='word_1_665' title='bbox 2905 5159 3034 5230; x_wconf 90' lang='grc' dir='ltr'>πῦρ.</span> <span class='ocrx_word' id='word_1_666' title='bbox 3109 5151 3452 5228; x_wconf 79' lang='grc' dir='ltr'>Φυσιολογία</span> <span class='ocrx_word' id='word_1_667' title='bbox 3533 5151 3821 5224; x_wconf 80' lang='grc' dir='ltr'>θαυμαστὴ</span> 
     </span>
    </p>
   </div>
   <div class='ocr_carea' id='block_1_102' title="bbox 402 5238 2034 5322">
    <p class='ocr_par' dir='ltr' id='par_1_102' title="bbox 402 5238 2034 5312">
     <span class='ocr_line' id='line_1_106' title="bbox 402 5238 2034 5312; baseline 0.006 -18"><span class='ocrx_word' id='word_1_668' title='bbox 402 5238 739 5294; x_wconf 89' lang='lat' dir='ltr'><strong>dissertatio</strong></span> <span class='ocrx_word' id='word_1_669' title='bbox 771 5239 843 5294; x_wconf 93' lang='lat' dir='ltr'><strong>de</strong></span> <span class='ocrx_word' id='word_1_670' title='bbox 872 5239 1032 5310; x_wconf 85' lang='lat' dir='ltr'><strong>igne.</strong></span> <span class='ocrx_word' id='word_1_671' title='bbox 1075 5240 1275 5312; x_wconf 86' lang='lat' dir='ltr'><strong>Ignem</strong></span> <span class='ocrx_word' id='word_1_672' title='bbox 1310 5243 1578 5299; x_wconf 84' lang='lat' dir='ltr'><strong>videmus</strong></span> <span class='ocrx_word' id='word_1_673' title='bbox 1609 5247 1769 5302; x_wconf 91' lang='lat' dir='ltr'><strong>omni</strong></span> <span class='ocrx_word' id='word_1_674' title='bbox 1804 5249 1885 5304; x_wconf 88' lang='lat' dir='ltr'><strong>rei</strong></span> <span class='ocrx_word' id='word_1_675' title='bbox 1917 5267 2034 5306; x_wconf 32' lang='lat' dir='ltr'><strong>coni</strong></span> 
     </span>
    </p>
   </div>
   <div class='ocr_carea' id='block_1_103' title="bbox 2193 5238 3825 5322">
    <p class='ocr_par' dir='ltr' id='par_1_103' title="bbox 2193 5240 3825 5322">
     <span class='ocr_line' id='line_1_107' title="bbox 2193 5240 3825 5322; baseline -0.005 -21"><span class='ocrx_word' id='word_1_676' title='bbox 2193 5245 2284 5322; x_wconf 77' lang='grc' dir='ltr'>τερί</span> <span class='ocrx_word' id='word_1_677' title='bbox 2317 5247 2511 5320; x_wconf 84' lang='grc' dir='ltr'>πυρός.</span> <span class='ocrx_word' id='word_1_678' title='bbox 2544 5245 2621 5302; x_wconf 88' lang='grc' dir='ltr'><strong>Τὸ</strong></span> <span class='ocrx_word' id='word_1_679' title='bbox 2661 5249 2768 5320; x_wconf 91' lang='grc' dir='ltr'><strong>πῦρ</strong></span> <span class='ocrx_word' id='word_1_680' title='bbox 2823 5245 3037 5318; x_wconf 79' lang='grc' dir='ltr'>ὁρῶμεν</span> <span class='ocrx_word' id='word_1_681' title='bbox 3095 5243 3174 5315; x_wconf 85' lang='grc' dir='ltr'><strong>τῷ</strong></span> <span class='ocrx_word' id='word_1_682' title='bbox 3227 5241 3388 5297; x_wconf 84' lang='grc' dir='ltr'>παντὶ</span> <span class='ocrx_word' id='word_1_683' title='bbox 3440 5240 3825 5314; x_wconf 66' lang='grc' dir='ltr'>κατεσπαρμέ-</span> 
     </span>
    </p>
   </div>
   <div class='ocr_carea' id='block_1_104' title="bbox 403 5326 2035 5411">
    <p class='ocr_par' dir='ltr' id='par_1_104' title="bbox 403 5327 2035 5409">
     <span class='ocr_line' id='line_1_108' title="bbox 403 5327 2035 5409; baseline 0.007 -27"><span class='ocrx_word' id='word_1_684' title='bbox 403 5327 757 5384; x_wconf 89' lang='lat' dir='ltr'><strong>seminatum</strong></span> <span class='ocrx_word' id='word_1_685' title='bbox 793 5327 919 5384; x_wconf 91' lang='lat' dir='ltr'><strong>sine</strong></span> <span class='ocrx_word' id='word_1_686' title='bbox 942 5329 1534 5401; x_wconf 87' lang='lat' dir='ltr'><strong>admistione,hocest</strong></span> <span class='ocrx_word' id='word_1_687' title='bbox 1563 5335 1807 5392; x_wconf 89' lang='lat' dir='ltr'><strong>minime</strong></span> <span class='ocrx_word' id='word_1_688' title='bbox 1836 5339 2035 5409; x_wconf 43' lang='lat' dir='ltr'><strong>permi&#39;</strong></span> 
     </span>
    </p>
   </div>
   <div class='ocr_carea' id='block_1_105' title="bbox 2190 5326 3822 5411">
    <p class='ocr_par' dir='ltr' id='par_1_105' title="bbox 2193 5326 3822 5411">
     <span class='ocr_line' id='line_1_109' title="bbox 2193 5326 3822 5411; baseline -0.005 -21"><span class='ocrx_word' id='word_1_689' title='bbox 2193 5358 2272 5404; x_wconf 92' lang='grc' dir='ltr'><strong>ον,</strong></span> <span class='ocrx_word' id='word_1_690' title='bbox 2303 5336 2518 5411; x_wconf 82' lang='grc' dir='ltr'>ἀμιγῶς</span> <span class='ocrx_word' id='word_1_691' title='bbox 2568 5331 2646 5400; x_wconf 77' lang='grc' dir='ltr'>δὲ,</span> <span class='ocrx_word' id='word_1_692' title='bbox 2679 5333 2955 5388; x_wconf 74' lang='grc' dir='ltr'>τουτᾶστιν</span> <span class='ocrx_word' id='word_1_693' title='bbox 3010 5331 3114 5387; x_wconf 78' lang='grc' dir='ltr'>οὐκ</span> <span class='ocrx_word' id='word_1_694' title='bbox 3159 5330 3568 5408; x_wconf 78' lang='grc' dir='ltr'>ἀναφυρόμενον</span> <span class='ocrx_word' id='word_1_695' title='bbox 3613 5331 3732 5390; x_wconf 81' lang='grc' dir='ltr'>τοῖς</span> <span class='ocrx_word' id='word_1_696' title='bbox 3767 5326 3822 5382; x_wconf 83' lang='grc' dir='ltr'>ἐν</span> 
     </span>
    </p>
   </div>
   <div class='ocr_carea' id='block_1_106' title="bbox 401 5415 2033 5500">
    <p class='ocr_par' dir='ltr' id='par_1_106' title="bbox 401 5417 2033 5498">
     <span class='ocr_line' id='line_1_110' title="bbox 401 5417 2033 5498; baseline 0.006 -24"><span class='ocrx_word' id='word_1_697' title='bbox 401 5422 562 5474; x_wconf 90' lang='lat' dir='ltr'><strong>stum</strong></span> <span class='ocrx_word' id='word_1_698' title='bbox 595 5417 668 5472; x_wconf 92' lang='lat' dir='ltr'><strong>iis</strong></span> <span class='ocrx_word' id='word_1_699' title='bbox 701 5417 759 5472; x_wconf 90' lang='lat' dir='ltr'><strong>in</strong></span> <span class='ocrx_word' id='word_1_700' title='bbox 777 5417 997 5490; x_wconf 91' lang='lat' dir='ltr'><strong>quibus</strong></span> <span class='ocrx_word' id='word_1_701' title='bbox 1013 5419 1382 5478; x_wconf 76' lang='lat' dir='ltr'><strong>exsistit.Per</strong></span> <span class='ocrx_word' id='word_1_702' title='bbox 1399 5426 1590 5480; x_wconf 83' lang='lat' dir='ltr'><strong>omnia</strong></span> <span class='ocrx_word' id='word_1_703' title='bbox 1608 5441 1736 5482; x_wconf 78' lang='lat' dir='ltr'><strong>vero</strong></span> <span class='ocrx_word' id='word_1_704' title='bbox 1759 5432 2033 5498; x_wconf 56' lang='lat' dir='ltr'><strong>penetrat.</strong></span> 
     </span>
    </p>
   </div>
   <div class='ocr_carea' id='block_1_107' title="bbox 2193 5415 3825 5500">
    <p class='ocr_par' dir='ltr' id='par_1_107' title="bbox 2193 5415 3825 5500">
     <span class='ocr_line' id='line_1_111' title="bbox 2193 5415 3825 5500; baseline -0.004 -20"><span class='ocrx_word' id='word_1_705' title='bbox 2193 5426 2242 5490; x_wconf 77' lang='grc' dir='ltr'><strong>ῖς</strong></span> <span class='ocrx_word' id='word_1_706' title='bbox 2306 5425 2565 5500; x_wconf 80' lang='grc' dir='ltr'>ὑπάρχει.</span> <span class='ocrx_word' id='word_1_707' title='bbox 2626 5421 2724 5477; x_wconf 83' lang='grc' dir='ltr'><strong>Διᾶ</strong></span> <span class='ocrx_word' id='word_1_708' title='bbox 2769 5424 2985 5478; x_wconf 77' lang='grc' dir='ltr'>πάντων</span> <span class='ocrx_word' id='word_1_709' title='bbox 3045 5418 3103 5476; x_wconf 79' lang='grc' dir='ltr'><strong>δὶ</strong></span> <span class='ocrx_word' id='word_1_710' title='bbox 3156 5424 3365 5500; x_wconf 70' lang='grc' dir='ltr'>φοιτᾷ’</span> <span class='ocrx_word' id='word_1_711' title='bbox 3422 5418 3699 5474; x_wconf 69' lang='grc' dir='ltr'>τουτεστιν</span> <span class='ocrx_word' id='word_1_712' title='bbox 3759 5415 3825 5474; x_wconf 77' lang='grc' dir='ltr'>οὗ</span> 
     </span>
    </p>
   </div>
   <div class='ocr_carea' id='block_1_108' title="bbox 1421 5593 2812 5660">
    <p class='ocr_par' dir='ltr' id='par_1_108' title="bbox 1421 5593 2812 5660">
     <span class='ocr_line' id='line_1_112' title="bbox 1421 5593 2812 5660; baseline 0.004 -12"><span class='ocrx_word' id='word_1_713' title='bbox 1421 5593 1666 5655; x_wconf 73' lang='grc' dir='ltr'>νΑΗΙιΕ</span> <span class='ocrx_word' id='word_1_714' title='bbox 1705 5596 2099 5660; x_wconf 81' lang='lat' dir='ltr'><strong>LECTIONES</strong></span> <span class='ocrx_word' id='word_1_715' title='bbox 2136 5601 2230 5660; x_wconf 93' lang='lat' dir='ltr'><strong>ET</strong></span> <span class='ocrx_word' id='word_1_716' title='bbox 2265 5596 2812 5659; x_wconf 79' lang='lat' dir='ltr'><strong>CORRECTIONES</strong></span> 
     </span>
    </p>
   </div>
   <div class='ocr_carea' id='block_1_109' title="bbox 478 5713 1608 5796">
    <p class='ocr_par' dir='ltr' id='par_1_109' title="bbox 478 5713 1608 5796">
     <span class='ocr_line' id='line_1_113' title="bbox 478 5713 1608 5796; baseline 0.012 -29"><span class='ocrx_word' id='word_1_717' title='bbox 478 5717 521 5752; x_wconf 78' lang='grc'><strong>⁷⁷</strong></span> <span class='ocrx_word' id='word_1_718' title='bbox 551 5717 670 5777; x_wconf 83' lang='grc' dir='ltr'>ταῖς</span> <span class='ocrx_word' id='word_1_719' title='bbox 705 5716 776 5753; x_wconf 71' lang='grc'><strong>⁸³⁷*</strong></span> <span class='ocrx_word' id='word_1_720' title='bbox 805 5713 962 5793; x_wconf 70' lang='grc' dir='ltr'>ἄρχει</span> <span class='ocrx_word' id='word_1_721' title='bbox 999 5717 1094 5794; x_wconf 80' lang='grc' dir='ltr'>μὶν</span> <span class='ocrx_word' id='word_1_722' title='bbox 1115 5721 1235 5783; x_wconf 83' lang='grc' dir='ltr'>ταῖς</span> <span class='ocrx_word' id='word_1_723' title='bbox 1270 5722 1385 5796; x_wconf 86' lang='grc' dir='ltr'>μετ’</span> <span class='ocrx_word' id='word_1_724' title='bbox 1415 5721 1608 5793; x_wconf 76' lang='grc' dir='ltr'>αὐτήν.</span> 
     </span>
    </p>
   </div>
  </div>
