4134 6400
313 401 419 457 105

1021 405 1080 459 S.
1125 400 1399 458 MAXIMI
1438 401 1742 458 SCHOLIA
1782 404 1856 457 IN
1897 405 2029 459 LIB.
2070 407 2166 460 DE
2205 407 2527 463 C(ELESTI
2566 409 3044 465 BIERARCHIA.

3646 402 3750 458 106

302 529 550 604 καθάπερ
581 528 646 584 τὸ
702 524 853 604 ὕδωρ
903 535 1154 606 προφανῆ
1185 529 1286 598 τήν
1319 525 1456 604 πρὸς
1501 527 1597 596 τὴν
1649 533 1752 602 γῆν
1804 532 1972 583 ποιεῖ·

2099 532 2160 588 Id
2192 537 2304 602 est,
2341 551 2454 589 non
2489 535 2642 590 sicut
2672 551 2828 608 aqua
2859 534 3233 590 manifestam
3263 531 3401 590 facit
3430 548 3567 589 cum
3600 535 3758 589 terra

299 640 396 673 ται
460 618 626 692 μίξιν·
686 617 834 674 οὕτω
891 619 982 674 καὶ
1037 619 1098 672 τὸ
1131 622 1260 693 πῦρ,
1295 615 1635 695 καταφλέγον
1666 618 1730 672 τὸ
1761 622 1863 672 πᾶν
1896 618 1988 672 καὶ

301 707 647 764 ἀναλίσκον’
703 707 964 784 ἐξῄρηται
1023 706 1110 777 δὲ,
1171 706 1339 783 ἤγουν
1406 707 1716 783 ὑπέρκειται
1775 708 1988 762 πάντων

300 800 428 853 κατ’
459 796 736 874 ἐξαίρετον
784 795 1078 872 στοιχείων
1138 794 1381 867 δηλαδὴ,
1438 797 1577 851 κατὰ
1622 797 1686 852 τὸ
1747 793 1986 872 δραστή-

297 907 446 963 ριον·
483 885 760 963 ἄγνωστον
792 884 851 941 δὲ
900 886 1031 940 αὐτὸ
1083 886 1173 941 καὶ
1205 885 1432 964 κρύφιον
1484 884 1666 953 καλεῖ,
1700 886 1774 948 ὡς
1820 886 1986 962 ὑπάρ-

297 996 413 1052 χον
463 976 559 1049 μὲν
614 974 669 1030 ἓν
721 975 881 1037 ὕλαις
912 975 1069 1042 τισὶν,
1106 973 1168 1030 οὑ
1201 974 1526 1049 φαινόμενον
1562 972 1619 1029 δὲ
1650 973 1780 1050 δίχα
1806 995 1984 1050 παρα-

300 1065 548 1140 τρίψεως
629 1066 664 1135 ἢ
747 1062 872 1120 ἄνευ
958 1064 1098 1134 ὕλης
1186 1061 1442 1134 δεκτικῆς
1523 1071 1624 1134 τῆς
1711 1063 1987 1140 ἐνεργείας

306 1156 507 1225 αὑτοῦ,
589 1151 943 1227 δεικνύμενον
1012 1153 1102 1208 καὶ
1180 1153 1318 1210 κατά
1387 1158 1546 1208 τοῦτο
1606 1150 1834 1228 ἄσχετον
1891 1155 1980 1209 καὶ

302 1245 651 1320 ἀθεώρητον
686 1241 897 1317 ὁμοίως
950 1241 1042 1298 καὶ
1098 1244 1194 1304 τὰς
1249 1242 1449 1305 λοιπὰς
1500 1240 1596 1298 τοῦ
1629 1243 1801 1319 πυρὸς
1841 1238 1982 1298 ἰδιό-

300 1354 476 1404 τητας
520 1334 854 1408 Θεωρητέον,
887 1333 1104 1395 ἅστινας
1130 1333 1287 1394 οὗτος
1341 1333 1368 1387 ὁ
1421 1335 1608 1409 Πατὴρ
1655 1335 1771 1387 κατ’
1832 1331 1985 1387 εὐσε-

303 1418 377 1492 ϐῆ
431 1422 722 1498 ἀναγωγήν
762 1443 822 1478 τε
866 1423 960 1477 καὶ
1009 1420 1217 1478 ἔννοιαν
1273 1417 1466 1477 ἔλαϐεν
1507 1422 1594 1477 ἐπὶ
1625 1426 1759 1477 Θεοῦ
1790 1443 1847 1476 τε
1893 1421 1982 1476 καὶ

305 1509 621 1587 ἀγγελικιῖη
654 1509 888 1588 φύσεων.
925 1511 1247 1584 Σημείωσαι
1279 1509 1336 1566 δὲ
1367 1509 1456 1566 διὰ
1478 1510 1532 1565 τί
1563 1511 1764 1587 Κύριος
1797 1512 1824 1566 ὁ
1851 1512 1982 1573 Θεὸς

308 1601 385 1662 ὡς
417 1605 526 1676 πῦρ
560 1600 846 1676 ἇθεωρήθη
878 1600 1173 1670 πολλάκις,
1204 1601 1296 1656 καὶ
1325 1601 1462 1656 κατᾶ
1489 1601 1598 1656 τίτ⁸
1647 1604 1682 1670 ἡ
1716 1601 1986 1673 ὁμοίωσις

310 1688 413 1746 τοῦ
445 1690 617 1766 πυρὸς
642 1691 781 1766 πρὸς
810 1689 903 1744 τὸν
935 1689 1085 1747 Θεόν.

392 1867 766 1944 Ἀκρςὶτητον,
827 1867 1046 1944 ἀμιγὲς,
1106 1865 1461 1944 διακριτικόν.
1515 1866 1831 1940 Σημείωσαι
1889 1862 1982 1922 ἕκ-

321 1979 509 2037 φρασιν
565 1958 832 2028 αἰσθητοῦ
863 1958 1057 2034 πυρὸς,
1089 1954 1215 2026 ἤτοι
1263 1951 1505 2011 ἔπαινον·
1551 1953 1812 2033 διακρίνει
1873 1956 1976 2032 γὰρ

311 2047 402 2103 καί
453 2049 548 2110 τάς
606 2045 767 2117 ὕλας,
830 2048 944 2102 οἶον
1005 2041 1281 2120 μόλυϐδον
1334 2045 1440 2100 ἀπὸ
1472 2045 1729 2121 ἀργύρου,
1761 2046 1977 2108 καὶτὰς

300 2137 607 2207 κολλήσεις
659 2134 893 2193 διαλύει·
929 2135 1306 2192 ἀναλλοίωτον
1361 2133 1438 2203 δὶ,
1500 2136 1634 2190 καθὸ
1668 2133 1976 2203 δυνατὸνπ,

303 2229 574 2301 μένοντος
618 2231 717 2281 τοῦ
763 2226 1152 2298 ὑποκειμένου,
1208 2226 1486 2280 τουτέστιν
1515 2225 1684 2294 αὐτῆς
1730 2224 1828 2292 τῆς
1889 2225 1979 2280 οὐ·

299 2314 426 2378 σίας
477 2319 577 2370 τοῦ
607 2315 798 2390 πυρὸς,
864 2309 1228 2387 μεταϐάλλειν
1280 2313 1411 2369 αὐτὸ
1467 2313 1518 2368 ἐν
1567 2319 1684 2375 τοῖς
1732 2313 1977 2383 πάθεσιν,

299 2407 422 2460 οἷον
460 2405 709 2481 γενέσθαι
762 2404 896 2459 αὐτὸ
946 2401 1288 2480 στρογγύλον
1339 2402 1376 2472 ἢ
1425 2401 1791 2474 κωνοειδὶςθο,
1843 2401 1976 2478 ὅπερ

295 2497 352 2552 ἦν
383 2501 506 2558 τοῖς
559 2493 778 2570 γηΐνοις
821 2493 964 2549 ἐστὶν
1015 2493 1208 2569 εὑρεῖν,
1261 2495 1296 2564 ἢ
1340 2498 1529 2558 παθεῖν
1558 2492 1625 2547 τά
1651 2496 1747 2546 τοῦ
1795 2493 1976 2568 ἀὲρος,

294 2586 421 2642 οἷον
455 2587 728 2662 φθαρῆναι
761 2581 852 2638 διά
878 2587 986 2638 τῶν
1014 2582 1450 2655 ἀναθυμιάσεων,
1494 2583 1528 2651 ἢ
1561 2583 1906 2658 παχυνθῆναι
1937 2582 1973 2652 ἢ

297 2676 394 2731 καὶ
430 2676 509 2738 ὡς
542 2674 606 2730 τὸ
637 2671 783 2749 ὕδωρ
821 2667 1136 2748 μεταϐολὰς
1167 2669 1438 2744 δέξασθαι.

372 2852 672 2932 Ὗφέσεως.
706 2849 983 2911 Οὐδέποτε
1011 2850 1115 2927 γὰρ
1147 2855 1323 2928 χωρεῖ
1356 2848 1443 2904 ἐπὶ
1473 2850 1540 2904 τὰ
1562 2848 1732 2906 κάτω.

370 2941 804 3013 Ταυτοκίνητον.
838 2939 1111 3002 Ὡσαύτως
1140 2938 1485 3013 κινούμενον.

369 3120 729 3200 Ἀπροσδεις.
778 3123 905 3179 ’Ότι
953 3116 1252 3195 ἀπροσδεὲς
1297 3119 1482 3193 ἒτὲρου
1527 3117 1588 3172 τὸ
1613 3122 1742 3194 πῦρ,
1793 3119 1973 3172 καίτοι

295 3212 482 3269 δέεται
525 3234 676 3276 τινος
728 3208 1092 3283 ὑποκειμένου
1142 3207 1219 3270 εἷς
1268 3207 1329 3262 τὸ
1378 3206 1684 3285 ἐξαφθῆναι·
1730 3205 1859 3261 ἀλλ’
1907 3207 1971 3261 οὐ

2098 623 2570 679 commistionem
2595 642 2607 680 :
2629 624 2709 680 sic
2735 624 2908 681 etiam
2939 625 3092 696 ignis
3112 623 3462 679 comburens
3482 622 3760 678 universa

2097 719 2152 766 et
2182 729 2568 784 consumens;
2602 719 2911 786 exemptus
2943 719 3136 769 autem
3170 719 3262 769 est
3292 730 3396 768 seu
3428 713 3758 784 superemi-

2098 806 2194 856 net
2226 803 2503 858 omnibus
2554 820 2656 875 per
2687 803 3118 871 excellentiam,
3153 801 3461 858 elementis
3511 801 3759 872 scilicet,

2098 890 2155 944 in
2188 891 2564 961 efﬁcacitate;
2599 895 2850 964 ignotum
2895 895 3078 948 autem
3125 898 3178 947 et
3229 892 3510 948 occultum
3559 892 3761 964 ipsum

2095 986 2280 1048 vocat,
2317 986 2381 1036 ut
2411 984 2791 1038 exsistentem
2842 982 3084 1053 quidem
3118 984 3175 1036 in
3212 981 3478 1036 materiis
3509 981 3760 1050 quibus-

2097 1071 2255 1135 dam,
2285 1087 2399 1126 non
2431 1077 2810 1144 apparentem
2836 1088 2968 1127 vero
3001 1071 3130 1126 sine
3151 1071 3472 1139 attritione,
3498 1074 3602 1125 aut
3631 1070 3760 1126 sine

2096 1160 2343 1216 materia
2373 1161 2741 1217 efﬁcacitatis
2771 1163 2899 1232 ejus
2941 1161 3166 1232 capaci,
3199 1161 3462 1232 dumque
3493 1159 3762 1216 ostendi-

2094 1253 2211 1318 tur,
2246 1249 2423 1305 etiam
2455 1253 2582 1305 tum
2608 1250 2866 1306 cohiberi
2897 1256 2953 1305 et
2981 1249 3166 1304 videri
3191 1251 3412 1321 nequit.
3443 1248 3759 1320 Similique

2095 1339 2266 1394 modo
2293 1339 2548 1408 reliquas
2579 1339 2736 1413 ignis
2769 1340 3158 1412 proprietates
3181 1338 3563 1410 contemplari
3588 1355 3760 1409 opor-

2094 1433 2196 1495 tet,
2231 1445 2380 1500 quas
2413 1429 2507 1483 hic
2538 1435 2712 1484 Pater
2743 1430 3070 1485 secundum
3120 1429 3278 1500 piam
3323 1427 3537 1483 mentis
3569 1427 3764 1482 eleva-

2091 1517 2312 1573 tionem
2357 1523 2412 1573 et
2455 1517 2899 1573 meditationem
2953 1517 3282 1587 usurpabat
3331 1521 3457 1572 tum
3509 1517 3569 1572 in
3621 1520 3760 1584 Deo,

2094 1611 2220 1662 tum
2254 1608 2312 1662 in
2343 1605 2631 1680 angelicis
2683 1608 2931 1663 naturis.
2965 1611 3112 1663 Nota
3139 1624 3275 1662 vero
3307 1623 3414 1662 cur
3464 1606 3758 1662 Dominus

2094 1701 2246 1752 Deus
2275 1701 2560 1768 tanquam
2591 1696 2746 1769 ignis
2779 1698 2940 1753 visus
2971 1697 3047 1752 sit
3082 1697 3438 1767 frequenter,
3462 1700 3520 1750 et
3546 1696 3604 1750 in
3637 1712 3756 1766 quo

2092 1787 2378 1842 consistat
2409 1785 2738 1842 similitudo
2772 1785 2923 1857 ignis
2954 1802 3091 1842 cum
3128 1785 3268 1842 Deo.

2165 1877 2354 1931 Teneri
2381 1877 2712 1948 miscerique
2739 1891 2850 1932 non
2878 1874 3403 1947 potest,seeernendi
3431 1875 3542 1930 vim
3571 1873 3751 1930 habet.

2090 1963 2238 2021 Nota
2267 1965 2690 2036 expositionem
2725 1963 2960 2019 sensilis
2993 1963 3148 2036 ignis
3181 1980 3284 2018 seu
3317 1962 3553 2018 laudem
3582 1980 3594 2018 :
3623 1962 3754 2018 dis-

2090 2055 2309 2126 tinguit
2354 2055 2512 2109 enim
2563 2055 2741 2110 etiam
2797 2053 3101 2122 materias,
3135 2054 3286 2108 sicut
3334 2052 3643 2124 plumbum
3679 2053 3752 2107 ab

2091 2149 2354 2216 argento,
2388 2153 2442 2200 et
2482 2143 3019 2215 conglutinationes
3049 2142 3321 2198 dissolvit
3356 2158 3368 2197 :
3403 2142 3759 2198 commutari

2089 2239 2285 2290 autem
2320 2251 2434 2289 non
2489 2239 2699 2305 potest,
2732 2238 3024 2304 quatenus
3064 2231 3435 2304 impossibile
3485 2237 3596 2297 est,
3632 2249 3757 2286 ma-

2091 2328 2266 2378 nente
2292 2323 2582 2392 subjecto,
2605 2323 2713 2378 hoc
2741 2327 2831 2376 est
2861 2323 3065 2377 eadem
3091 2321 3246 2393 ignis
3273 2325 3507 2384 natura,
3532 2320 3753 2376 mutari

2088 2411 2284 2484 ipsum
2318 2412 2378 2467 in
2412 2412 2894 2484 proprietatibus,
2922 2412 3076 2467 sicut
3106 2428 3237 2466 eum
3271 2411 3395 2465 ﬁeri
3428 2410 3747 2465 rotundum

2087 2505 2145 2557 et
2175 2502 2606 2568 acuminatum,
2638 2501 2793 2572 quod
2847 2501 2904 2555 in
2946 2500 3327 2555 terrestribus
3379 2499 3643 2555 invenire
3675 2499 3748 2553 li-

2088 2594 2210 2659 cet;
2245 2595 2346 2645 aut
2367 2589 2520 2645 aeris
2546 2589 2930 2661 proprietates
2955 2590 3290 2659 admittere,
3314 2589 3468 2644 sicut
3499 2605 3601 2660 per
3624 2605 3752 2643 eva-

2087 2679 2426 2752 porationes
2483 2679 2818 2750 corrumpi,
2851 2684 2953 2734 aut
3009 2677 3396 2743 condensari,
3453 2677 3541 2732 vel
3599 2677 3752 2733 sicut

2087 2785 2300 2841 aquam
2336 2768 2695 2824 mutationes
2728 2769 3049 2840 suscipere.

2156 2859 2545 2930 Dejectionem.
2584 2857 2900 2928 Nunquam
2935 2856 3093 2910 enim
3133 2855 3411 2911 inferiora
3442 2856 3605 2926 pelit.

2157 2949 2259 3003 46
2292 2948 2359 3002 Se
2389 2948 2508 3019 ipso
2538 2950 2812 3001 movetur.
2847 2946 3010 3011 Quod
3063 2961 3298 3016 semper
3335 2946 3539 3000 eodem
3572 2945 3747 3000 modo

2086 3041 2371 3093 movetur.

2157 3131 2275 3184 Non
2297 3131 2437 3195 eget.
2467 3129 2664 3199 Ignem
2695 3123 2873 3180 altero
2895 3141 3010 3179 non
3039 3123 3324 3193 indigere,
3347 3122 3458 3179 etsi
3481 3123 3744 3193 subjecto

2085 3215 2283 3288 aliquo
2316 3217 2572 3286 indigeat
2604 3219 2669 3268 ut
2696 3215 3052 3269 accendatur
3078 3229 3090 3267 :
3114 3229 3320 3268 verum
3363 3213 3471 3268 hoc
3502 3229 3618 3267 non
3651 3212 3744 3266 di-

291 3309 463 3359 τοῦτο
494 3301 672 3375 λέγει,
707 3299 832 3356 ἀλλ’
866 3300 949 3356 ὅτι
982 3300 1046 3353 τὸ
1070 3302 1178 3374 πῦρ
1207 3296 1267 3352 οὐ
1314 3296 1562 3373 μίγνυται
1611 3294 1779 3370 ἑτέρῳ
1822 3317 1967 3350 στοι-

2093 3287 2199 3371 citi
2225 3305 2325 3359 sed
2373 3305 2568 3375 ignem
2619 3321 2738 3358 non
2790 3303 3160 3357 commisceri
3211 3300 3376 3356 alteri
3426 3299 3738 3368 elemento,

296 3393 470 3469 χείῳ,
521 3389 652 3446 οὐδὲ
694 3394 964 3464 κιρνᾶται,
1015 3387 1089 3448 ὡς
1130 3387 1192 3441 τὸ
1241 3383 1388 3456 ὓδωρ
1434 3388 1504 3459 τῇ
1663 3382 1746 3440 διὸ
1776 3385 1865 3439 καὶ
1910 3383 1960 3439 ἐν

295 3479 606 3556 στοιχείοις
642 3477 967 3552 μονοούσιον
1001 3475 1131 3531 αὐτὸ
1169 3470 1303 3530 ἔνιοι
1332 3473 1683 3544 κεκλήκασιν.

365 3575 394 3642 §
426 3571 526 3627 ΙΙΙ.
560 3567 1132 3644 ⁹Δνθρωπομόριρους.
1167 3564 1265 3619 Διὰ
1291 3564 1344 3618 τί
1373 3563 1463 3617 καὶ
1497 3561 1962 3641 ἀνθρωπόμορφοι

301 3657 726 3714 δια-πλάττονται
755 3658 808 3711 οἱ
841 3652 1088 3731 ἄγγελοι.

379 3749 482 3802 Καὶ
538 3750 602 3802 τὸ
664 3746 784 3800 κατ’
835 3744 1108 3814 αἴσθησιν.
1161 3741 1478 3816 Σημείωσαι
1541 3743 1644 3812 τὴν
1701 3739 1960 3818 διαφορὰν

310 3843 409 3892 τοῦ
457 3837 717 3908 αἰσθητοῦ
761 3839 872 3890 τῶν
916 3832 1134 3908 ἀλόγων
1179 3832 1333 3901 ζώων
1391 3832 1526 3906 πρὸς
1551 3831 1613 3886 τὸ
1644 3830 1960 3902 αἰσθητικὸν

303 3934 409 3982 τῶν
458 3927 720 4002 λογικῶν,
765 3927 927 3998 ἡμῶν
961 3921 1124 3998 λέγωο
1170 3922 1238 3976 τὰ
1287 3922 1381 3995 μὲν
1430 3923 1533 3997 γὰρ
1566 3919 1740 3996 ἄλογα
1767 3921 1827 3975 τὸ
1861 3928 1964 3976 πᾶν

301 4017 558 4087 αἴσθησίς
609 4015 747 4085 εἶσι,
796 4011 866 4067 δι’
912 4013 980 4082 ἦς
1029 4010 1119 4067 καὶ
1171 4011 1509 4065 συνίστανται
1560 4010 1764 4081 ἀνόητα
1811 4006 1958 4065 ὄντα·

293 4107 348 4164 ἐν
404 4105 467 4162 δὲ
515 4107 676 4178 ἡμῖν,
732 4102 913 4180 βραχὺ
959 4101 1021 4157 τὸ
1074 4099 1408 4170 αἰσθητικόν·
1461 4099 1522 4154 οὗ
1563 4100 1666 4176 γὰρ
1698 4098 1769 4154 δι’
1800 4100 1964 4155 αὐτοῦ

292 4193 686 4268 συνιστᾶμεθα,
718 4189 868 4247 ἀλλὰ
898 4187 986 4244 διὰ
1015 4187 1112 4245 τοῦ
1139 4193 1346 4266 νοεροῦ’
1400 4188 1517 4244 ὅθεν
1565 4189 1652 4243 καὶ
1702 4190 1837 4263 μετά
1876 4191 1965 4253 θά-

295 4307 456 4341 νατον
511 4278 591 4338 ἔτι
652 4281 837 4355 ἐσμὲν,
869 4281 1023 4355 ψυχή
1055 4279 1217 4354 νοερὰ
1261 4273 1428 4339 ὄντες.
1477 4277 1595 4333 Ἐπὶ
1629 4275 1686 4333 δὲ
1725 4283 1832 4333 τῶν
1865 4279 1962 4354 ἀγ-

292 4373 477 4452 γὲλων
508 4369 637 4427 οὐδὲ
665 4371 726 4425 τὸ
784 4367 1126 4445 βραχύτατόν
1156 4366 1267 4422 ἐστι
1309 4371 1416 4422 τῶν
1458 4367 1785 4438 αἰσθήσεων,
1819 4368 1966 4424 ἀλλά

292 4465 474 4526 τύπος
506 4460 744 4538 παχὺςθι
793 4459 862 4514 τά
906 4460 1026 4522 καθ’
1072 4460 1244 4530 ἡμᾶς’
1291 4454 1584 4532 ἐλάχιστον
1635 4455 1693 4512 δὲ
1728 4459 1820 4512 τὸν
1873 4457 1961 4512 ἄν·

292 4558 520 4631 θρωπον
565 4553 683 4607 κατ’
715 4547 962 4619 αἴσθησίν
995 4568 1182 4627 φησιν,
1212 4547 1320 4622 οὐχ
1341 4546 1414 4609 ὡς
1445 4551 1554 4602 τῶν
1584 4545 1770 4603 ἄλλων
1807 4549 1958 4617 ζώων

2076 3411 2266 3466 neque
2297 3393 2450 3448 sicut
2471 3409 2686 3464 aquam
2709 3396 2876 3447 terres
2902 3390 3274 3463 permisceri;
3309 3389 3527 3445 idcirco
3555 3388 3741 3460 aliqui

2073 3487 2362 3539 vocarunt
2389 3483 2587 3554 ipsum
2620 3481 2810 3536 solum
2844 3480 2904 3535 in
2938 3497 3046 3536 suo
3077 3495 3310 3552 genere.

2145 3575 2171 3641 §
2203 3575 2299 3628 III.
2335 3571 2587 3627 Humana
2615 3574 2817 3643 forma.
2853 3570 2968 3626 Cur
3009 3569 3201 3643 angeli
3248 3569 3510 3624 humana
3555 3569 3743 3624 forma

2075 3663 2216 3736 perii
2229 3666 2503 3736 ngantur.

2149 3755 2214 3808 Et
2242 3768 2407 3808 sensu
2437 3750 2678 3822 quidem.
2711 3750 2858 3804 Nota
2891 3748 3284 3804 differentiam
3325 3747 3564 3804 sensilis
3595 3747 3740 3802 bru-

2075 3846 2270 3898 torum
2304 3840 2720 3909 animantium,
2753 3845 2811 3895 et
2839 3837 3076 3894 sensilis
3119 3836 3520 3903 rationalium,
3554 3835 3740 3892 nostri

2071 3931 2348 4002 inquam;
2384 3931 2554 3985 bruta
2581 3931 2739 3984 enim
2787 3944 3031 4000 prorsus
3063 3932 3206 3982 sunt
3237 3943 3488 3994 sensus;
3521 3942 3591 3981 ex
3623 3943 3737 3997 quo

2074 4020 2249 4076 etiam
2275 4024 2570 4083 constant,
2601 4023 2801 4089 utpote
2825 4017 3120 4071 intellectu
3149 4016 3460 4083 destituta;
3487 4015 3543 4070 in
3568 4015 3736 4070 nobis

2074 4115 2270 4166 autem
2335 4107 2630 4163 modicum
2683 4113 2773 4162 est
2822 4105 3062 4174 sensile,
3101 4122 3292 4177 neque
3340 4105 3496 4160 enim
3548 4121 3614 4160 ex
3667 4120 3734 4160 eo

2075 4203 2433 4266 constamus,
2476 4198 2575 4253 sed
2630 4215 2698 4252 ex
2748 4195 3137 4267 intelligibili;
3188 4196 3319 4250 ideo
3367 4196 3541 4251 etiam
3602 4197 3737 4266 post

2075 4294 2323 4345 mortem
2359 4286 2755 4360 persistimus,
2789 4303 2922 4341 cum
2957 4287 3146 4342 simus
3179 4285 3397 4340 animal
3433 4283 3729 4340 intellectu

2074 4378 2407 4452 praeditum.
2443 4377 2507 4431 ln
2541 4376 2766 4448 angelis
2798 4380 2993 4430 autem
3031 4391 3218 4446 neque
3251 4375 3564 4429 minimum
3598 4389 3732 4428 sen-

2074 4485 2177 4524 sus
2226 4467 2536 4539 reperitur,
2584 4481 2782 4521 verum
2836 4469 3038 4520 nostra
3089 4469 3232 4519 sunt
3280 4465 3444 4520 rudis
3491 4462 3729 4517 illorum

2073 4558 2265 4628 figura
2306 4575 2320 4613 ε
2366 4556 2680 4611 minimum
2736 4570 2868 4610 vero
2919 4553 3000 4608 ait
3049 4552 3348 4607 hominem
3403 4551 3733 4606 secundum

290 4643 561 4704 πλείονας
618 4641 899 4711 αἰσθήσεις
963 4637 1226 4714 ὖχόντων,
1289 4635 1437 4691 ἀλλά
1506 4634 1959 4714 δραστικωτέρας,

2093 4663 2339 4716 tensum,
2372 4662 2484 4700 non
2530 4645 2685 4717 quod
2735 4642 2852 4699 alia
2897 4641 3175 4697 animalia
3226 4641 3428 4713 plures
3477 4640 3736 4696 habeant

291 4733 386 4790 καὶ
459 4732 738 4806 ὀξυτέρας.
791 4726 1032 4804 Αἴνιγμα
1081 4723 1140 4780 δὲ
1182 4723 1345 4781 τοῦτο
1396 4721 1662 4799 λαμϐάνει
1717 4727 1779 4781 τὸ
1835 4727 1960 4790 τοὺς

295 4820 570 4900 ἀγγέλους
609 4821 704 4894 μὶν
732 4818 1037 4893 κεχρῆσθαι
1073 4816 1166 4890 μὶν
1196 4820 1314 4877 τοῖς
1344 4816 1464 4869 καθ’
1507 4817 1656 4888 ἡμᾶς
1694 4815 1962 4888 αἰσθητη-

297 4913 462 4989 ρίοις·
503 4910 789 4985 ὑπερέχειν
825 4904 883 4961 δὲ
902 4906 1037 4960 κατά
1066 4903 1211 4960 πολὺ
1240 4908 1319 4978 τῷ
1362 4904 1600 4981 περιόντι
1629 4911 1730 4975 τῆς
1775 4911 1962 4980 νοερᾶς

293 5001 607 5075 δυνάμεως·
643 4997 825 5067 ὥσπερ
856 4995 946 5051 καὶ
978 4996 1265 5069 ἅνθρωπος
1310 4998 1378 5068 τῇ
1425 4998 1522 5049 τοῦ
1568 4999 1664 5048 νοῦ
1713 4996 1961 5072 ὑπεροχῇ

288 5091 385 5148 καὶ
415 5090 500 5162 τῷ
531 5087 788 5166 λογισμῷ
810 5091 911 5155 τῆς
933 5081 1135 5160 ἀλόγου
1167 5084 1375 5162 φύσεως
1403 5089 1610 5160 κρατεῖ.

365 5271 474 5329 Τάς
536 5266 634 5340 μὶν
692 5263 958 5325 ὀπτικάς.
1018 5260 1086 5320 Τί
1145 5261 1196 5316 οἱ
1252 5260 1530 5340 ὀφθαλμοὶ
1588 5261 1694 5318 τῶν
1754 5271 1966 5336 νοητῶν

292 5357 564 5431 δηλοῦσι,
602 5353 694 5410 καὶ
741 5353 795 5409 τί
835 5351 903 5408 τὰ
957 5352 1308 5430 ὀσφραντάδε,
1353 5351 1628 5408 τουτέστιν
1679 5356 1734 5409 αἱ
1797 5355 1964 5432 ῥῖνεςο
2001 5381 2003 5384 ⁴

286 5450 384 5505 καὶ
435 5447 492 5504 τί
521 5446 590 5502 τὰ
645 5446 781 5514 ὦτα,
829 5441 920 5497 καὶ
967 5440 1021 5496 τί
1068 5443 1104 5510 ἡ
1157 5444 1364 5516 γεῦσις,
1409 5443 1496 5497 καὶ
1525 5443 1578 5498 τί
1636 5446 1670 5514 ἡ
1705 5445 1837 5523 ἁφὴ,
1896 5448 1962 5515 ἣν

2074 4753 2310 4805 sensus,
2342 4735 2442 4789 sed
2481 4733 2841 4788 efficaciores
2872 4738 2923 4786 et
2972 4731 3284 4785 acutiores.
3317 4728 3597 4800 Sequitur
3627 4745 3737 4782 au-

2073 4831 2192 4881 tem
2227 4825 2336 4880 hoc
2366 4824 2635 4896 aenigma,
2660 4820 2900 4894 angelos
2933 4837 3046 4875 non
3082 4819 3164 4874 uti
3199 4817 3416 4874 nostris
3447 4833 3732 4873 sensuum

2074 4915 2518 4982 instrumentis;
2567 4928 2846 4985 superare
2897 4917 3091 4967 autem
3139 4909 3462 4982 plurimum
3513 4905 3736 4961 intelli-

2075 5005 2263 5076 gentis
2284 5003 2452 5074 copia
2475 5001 2804 5057 facultatis:
2827 5001 3328 5071 quemadmodum
3354 4997 3530 5053 homo
3553 4995 3732 5050 etiam

2077 5094 2293 5150 mentis
2337 5091 2680 5149 excellentia
2729 5094 2782 5144 et
2836 5089 3278 5145 ratiocinatione
3329 5084 3730 5142 irrationalem

2073 5183 2256 5240 vincit
2290 5188 2560 5238 naturam
2574 5226 2586 5238 .

2153 5272 2381 5329 Videndi
2411 5272 2723 5343 facultates.
2753 5268 3047 5335 Quidnam
3081 5267 3236 5324 oculi
3269 5264 3733 5337 intelligibilium

2078 5363 2434 5436 signiﬁcent.
2461 5365 2518 5416 et
2562 5359 2704 5433 quid
2749 5357 3027 5413 facultate
3060 5355 3344 5412 odorandi
3376 5354 3643 5427 praedita,
3675 5355 3735 5409 id

2077 5456 2167 5508 est
2199 5467 2394 5520 nares,
2423 5454 2481 5506 et
2525 5449 2666 5522 quid
2716 5463 2910 5517 aures,
2943 5452 3001 5503 et
3043 5446 3186 5518 quid
3237 5449 3473 5518 gustus,
3507 5447 3563 5499 et
3592 5443 3735 5515 quid

1316 5572 1562 5628 VARIE
1600 5573 1993 5633 LECTIONES
2031 5578 2123 5634 ET
2161 5576 2727 5636 CORREGTIONES.

355 5686 403 5722 ⁷⁸
431 5680 524 5739 διὰ
552 5679 628 5737 τί.
702 5681 750 5716 ’³³
775 5677 964 5752 δον-ἰῥο
988 5693 1116 5752 eum
1139 5677 1552 5752 Pachym.xa0’
1583 5677 1614 5734 ’ὸ
1645 5680 1710 5734 οὗ
1743 5676 1967 5736 δυνατόν

275 5754 516 5820 νοειδές.
595 5755 636 5791 ⁶¹
669 5754 838 5813 Puch.
873 5745 1042 5812 τόπος
1078 5725 1573 5828 βραχὺςυέκείνωνε
1603 5755 1848 5826 profecto
1877 5725 2014 5812 ἐκείν

584 5889 834 5951 Pyram.
902 5883 1012 5943 Gs.
1057 5881 1163 5946 IV.

2028 5690 2126 5743 aut
2157 5688 2357 5742 saltem
2379 5685 2517 5741 addo
2549 5680 2634 5750 οὗ,
2663 5683 2808 5738 sicut
2839 5680 2873 5749 ἡ
2925 5677 3223 5736 ἀκολουθία
3261 5681 3459 5752 exigit.

2020 5777 2098 5814 ων
2124 5760 2430 5817 necessario
2461 5755 2800 5814 addendum.
2877 5754 2924 5789 ⁸⁵³
2961 5750 3320 5830 ὀσφραντικά.

3538 5677 3584 5713 ιο
3627 5695 3739 5748 γω-

3424 5878 3457 5933 4
