4134 6422
400 399 502 454 107

1217 407 1584 461 APPENDIX
1621 409 1720 461 AD
1758 407 2001 462 OPERA
2041 409 2099 460 S.
2140 408 2460 461 DIONYSII
2498 406 3004 460 ΑΒΕΟΡΑΘῙΤΔΕ.

3723 402 3824 458 108

395 527 608 592 tactus,
642 541 816 598 quem
862 526 1200 584 facultatem
1252 529 1531 602 tangendi
1581 533 1750 586 vocat
1779 545 1794 586 :
1827 534 1884 586 et
1912 529 2035 600 quic‘

2166 527 2400 597 ἀπτικήν
2453 545 2625 606 φησι·
2678 525 2768 580 καὶ
2797 524 2850 580 τί
2889 526 2959 580 τὰ
3009 521 3288 602 βλίφαρα,
3335 522 3426 578 καὶ
3473 523 3531 577 αἱ
3583 521 3818 602 δφρύες·

396 613 710 688 Ρειιρθὺται,
735 615 1073 687 supercilia,
1095 623 1154 673 et
1180 618 1321 690 quid
1349 619 1553 690 pubes,
1574 623 1632 674 et
1652 617 1794 690 quid
1827 619 2053 689 dentes,

398 711 452 759 et
479 705 621 775 quid
672 705 926 776 humeri,
957 713 1015 762 et
1047 707 1309 776 brachia,
1343 724 1474 780 quae
1523 708 1696 764 ulnas
1747 711 1918 764 vocat
1951 725 1964 762 :
1998 709 2058 762 et

2164 616 2256 671 καὶ
2285 616 2337 671 τί
2367 611 2505 686 ἥϐη,
2555 614 2642 671 καὶ
2675 616 2726 670 τί
2761 615 2814 670 οἱ
2845 611 3086 683 ὁδόντες,
3136 612 3224 668 καὶ
3253 611 3306 668 τί
3339 613 3392 668 o't
3423 614 3592 686 ὦμοι,
3618 613 3710 668 καὶ
3769 615 3823 669 οἱ

2171 706 2483 782 βραχίονες,
2516 703 2607 769 οὕς
2639 704 2845 768 ώλὲνας
2878 703 3030 782 φησί·
3085 705 3172 759 καὶ
3205 701 3258 757 τί
3285 703 3348 758 τὸ
3379 704 3599 768 στῆθος·
3631 704 3721 759 καὶ
3766 704 3821 760 τί

396 793 539 864 quid
581 799 809 866 pectus,
843 800 899 851 et
931 796 1072 866 quid
1125 798 1389 868 dorsum,
1421 802 1478 853 et
1508 797 1706 870 pedes,
1739 802 1798 854 et
1846 796 2035 852 levita:

2162 796 2225 848 τὸ
2254 793 2547 866 νωτον,καὶ
2580 795 2632 851 οἱ
2662 791 2846 856 πόδες·
2884 793 2974 849 καὶ
3004 793 3056 848 τί
3085 793 3147 848 τὸ
3179 791 3412 871 ἐλαφρὸν
3439 796 3546 848 τῶν
3581 797 3822 866 πτερῶν,

394 900 749 956 pennarum,
782 889 839 940 et
870 901 998 957 qua:
1028 886 1325 958 deinceps.

467 974 600 1042 ουκ
629 973 794 1030 odore
812 977 1224 1046 percipiuntur.
1251 975 1313 1030 In
1338 975 1430 1032 bis
1452 977 1524 1032 de
1547 983 1760 1033 natura
1789 976 2052 1048 proprie-

392 1064 536 1119 tatis
567 1080 860 1136 corporem
901 1064 1201 1120 facultatis
1230 1065 1515 1121 odorandi
1545 1065 1806 1133 disserit,
1839 1082 2050 1121 secuno

393 1157 538 1212 dum
570 1155 976 1211 sublimiorem
1019 1156 1307 1212 rationem
1338 1158 1642 1228 transfert,
1675 1157 1831 1212 sicut
1871 1156 2049 1212 etiam

390 1244 621 1317 reliqua
650 1245 914 1300 humana
942 1247 1226 1316 membra,
1252 1247 1325 1302 ad
1355 1245 1912 1319 contemplationem
1948 1263 2050 1301 na-

387 1334 672 1391 turalium
705 1334 762 1390 in
796 1334 1023 1407 angelis
1055 1335 1428 1393 facultatum.

461 1427 529 1481 Et
553 1426 924 1481 nutritiorum
959 1426 1287 1482 rivulorum.
1321 1424 1600 1482 Rivulum
1647 1425 1911 1497 intellige
1954 1425 2049 1480 in-

385 1513 784 1588 superabilem
833 1514 1136 1586 sapientiae
1170 1514 1488 1584 fusionem,
1520 1515 1849 1571 secundum
1902 1513 2046 1570 illud

385 1603 703 1674 Scripturaa
731 1620 742 1658 :
767 1603 1071 1676 Effundam
1100 1603 1165 1660 de
1201 1605 1408 1675 spiritu
1435 1619 1556 1660 meo
1586 1605 1649 1659 in
1677 1619 1894 1660 omnem
1921 1619 2048 1659 car-

381 1709 509 1749 nem
530 1694 684 1765 (t),et
701 1709 830 1764 quae
855 1696 1212 1764 sequuntur.
1233 1693 1441 1749 Divina
1462 1694 1620 1749 enim
1645 1693 1900 1765 cognitio
1923 1708 2048 1764 per-

381 1783 599 1838 transit
628 1800 660 1837 a
693 1783 806 1838 Deo
837 1798 940 1854 per
980 1781 1384 1855 intelligibiles
1432 1782 1680 1839 virtutes
1709 1783 1780 1838 ad
1814 1782 2044 1838 divinos

382 1870 655 1929 homines
689 1871 880 1943 [juxta
909 1871 1201 1943 cujusque
1236 1871 1720 1945 proportionem].

460 1962 820 2032 Uniformem.
851 1964 1028 2016 Juxta
1056 1959 1476 2017 intellectionis
1508 1960 1967 2033 susceptionem.

453 2050 695 2107 Provida
747 2052 974 2107 virtute.
1030 2049 1335 2116 Universa,
1386 2049 1602 2122 inquit,
1652 2048 2042 2122 intelligibilis

380 2139 566 2196 virtue
599 2139 861 2195 divinam
893 2140 952 2194 in
983 2155 1045 2195 se
1076 2138 1287 2195 factam
1323 2140 1722 2212 cognitionem
1755 2139 2039 2212 multipli-

381 2233 494 2297 cat,
531 2228 586 2284 id
617 2231 708 2283 est
737 2229 833 2284 47
885 2227 1244 2296 manifestat,
1279 2231 1345 2283 ut
1375 2245 1410 2284 a
1440 2229 1606 2285 nobis
1653 2227 2039 2300 intelligatur,

379 2319 523 2374 dum
557 2335 626 2375 ea
656 2334 807 2391 quae,
841 2322 1157 2390 conspecta
1187 2322 1327 2374 sunt
1357 2317 1608 2390 explicat
1640 2335 1653 2373 :
1683 2305 1838 2374 sicut
1883 2317 2036 2390 apud

376 2406 679 2464 Danielem
708 2407 992 2478 invenies,
1017 2422 1154 2462 cum
1186 2409 1432 2479 angelus
1464 2405 1550 2461 illi
1581 2405 1851 2480 exposuit
1880 2423 2038 2463 som-

379 2497 545 2552 nium
577 2497 735 2569 quod
770 2497 1012 2554 viderat.

451 2587 556 2643 Cor
577 2591 785 2642 autem.
806 2584 1344 2658 Comprehenditur
1363 2601 1396 2640 a
1419 2585 1587 2642 nobis
1609 2603 1730 2654 cor,
1751 2590 2036 2657 tanquam

378 2680 647 2731 centrum
680 2676 836 2747 quod
872 2674 1061 2748 primo
1091 2674 1270 2730 vitam
1317 2675 1597 2747 suscipit;
1631 2676 1908 2746 quoniam
1942 2692 2036 2730 se-

377 2765 642 2820 cundum
691 2765 957 2820 divinum
993 2764 1270 2820 Basilium
1314 2764 1572 2836 primum
1618 2770 1852 2820 creatur
1900 2780 2034 2832 cor;

377 2854 592 2911 deinde
621 2853 798 2909 veluti
845 2871 913 2910 ex
958 2858 1156 2910 centro
1211 2855 1550 2910 universum
1601 2871 1817 2926 corpus
1865 2853 2034 2908 efﬁn-

375 2944 555 3016 gitur,
589 2943 671 2999 ita
704 2949 766 2998 ut
795 2942 973 2998 vitam
1019 2943 1173 2998 hanc
1205 2943 1412 3014 quovis
1440 2943 1501 2998 in
1532 2959 1747 3014 corpus
1801 2947 2033 3014 proten-

374 3033 476 3088 dat
509 3049 521 3089 :
551 3031 673 3088 sive
721 3031 879 3088 enim
929 3031 1276 3104 congenitus
1310 3031 1469 3086 calor
1508 3047 1724 3102 corpus
1754 3032 2030 3101 viviﬁcet,

373 3123 498 3177 sive
529 3121 798 3193 spiritus,
833 3121 951 3176 sive
1001 3121 1268 3193 sanguis,
1302 3122 1553 3176 istorum
1601 3120 1869 3175 omnium
1903 3121 2032 3176 fons

2163 883 2252 939 καὶ
2284 884 2351 939 τὰ
2379 883 2522 954 ἑξῆς.

2232 975 2336 1037 Τὰς
2395 971 2452 1029 δὲ
2496 979 2604 1029 τῶν
2666 973 3004 1052 ὀσφραντῶν.
3052 973 3139 1030 Ἐν
3187 970 3407 1035 τούτοις
3466 969 3820 1051 φυσιολογεῖ-

2159 1082 2248 1118 ἰαι
2312 1064 2376 1118 τὸ
2447 1061 2654 1138 ἰδίωμα
2721 1067 2818 1118 τοῦ
2879 1065 3196 1135 σωματικοῦ
3253 1059 3622 1137 ὀφθαλμοῦδδ·
3685 1063 3826 1117 κατᾶ

2160 1151 2454 1229 ἀναγωγὴν
2500 1151 2558 1209 δὲ
2611 1157 2782 1208 ταῦτα
2837 1146 3195 1226 μεταϐάλλει,
3247 1149 3430 1227 ὥσπερ
3476 1151 3563 1205 καὶ
3617 1151 3682 1206 τὰ
3709 1157 3822 1208 τῶν

2161 1238 2374 1297 λοιπῶν
2431 1241 2786 1319 ἀνθρωπίτων
2820 1241 3026 1315 μελῶν,
3057 1240 3134 1304 εἷς
3177 1240 3403 1317 θεωρίαν
3464 1245 3575 1297 τῶν
3621 1239 3672 1295 ἐν
3714 1241 3823 1317 ἆγυ

2157 1329 2344 1406 γὲλοις
2375 1337 2614 1410 φυσικῶν
2645 1329 2948 1405 δυνάμεων.

2231 1423 2328 1477 Καὶ
2407 1421 2693 1501 τροφίμων
2743 1421 2977 1498 ὀχετῶν.
3025 1419 3252 1496 Ὀχετὸν
3312 1419 3511 1490 νόησον
3558 1420 3660 1490 τὴν
3717 1429 3824 1492 τῆς

2159 1515 2354 1589 σοφίας
2386 1507 2794 1586 ἀνυπέρϐλητον
2828 1509 3012 1586 χύσιν,
3053 1511 3193 1566 κατὰ
3229 1511 3292 1564 τὸ
3333 1507 3648 1584 εἰρημένον.
3692 1512 3822 1566 Ἐκ-

2157 1605 2274 1677 χεῶ
2305 1602 2409 1656 ἀπὸ
2452 1606 2549 1656 τοῦ
2588 1599 2895 1674 πνεύματός
2925 1621 3031 1673 μου
3063 1599 3151 1656 ἐπὶ
3179 1603 3353 1655 πᾶσαν
3387 1599 3578 1673 σάρκα,
3626 1599 3720 1655 καὶ
3750 1600 3822 1656 τὰ

2157 1690 2299 1764 ἑξῆς.
2333 1686 2606 1746 Διαόαινει
2653 1691 2756 1767 γὰρ
2805 1692 2840 1760 ἡ
2893 1688 3009 1745 θεία
3053 1695 3255 1765 γνῶσις
3284 1689 3389 1744 ἀπὸ
3427 1693 3525 1745 τοῦ
3557 1693 3691 1745 Θεοῦ
3724 1687 3819 1745 διὰ

2152 1784 2259 1835 τῶν
2293 1784 2504 1851 νοητῶν
2535 1777 2816 1853 δυνάμεων
2846 1778 2933 1834 ἐπὶ
2954 1778 3082 1843 τοὺς
3105 1777 3281 1844 θείους
3303 1779 3624 1854 ἀνθρώπους
3654 1781 3820 1852 [κατά

2155 1872 2252 1940 τὴν
2287 1869 2510 1925 ἑκάστου
2542 1867 2881 1943 ἀναΛογίαν].

2221 1956 2490 2028 Ἐνοειδῆ.
2523 1957 2667 2013 Κατὰ
2694 1956 3016 2031 παράληψιν
3044 1959 3313 2028 νοήσεως.

2223 2051 2567 2124 Προνοητικῇ
2613 2043 2856 2120 δυνάμει.
2907 2050 3080 2115 Πᾶσα,
3131 2046 3288 2122 φησὶ,
3337 2047 3535 2117 νοητὴ,
3579 2044 3814 2120 δύναμις

2147 2139 2247 2207 τήν
2277 2139 2571 2213 γινομὲνην
2605 2136 2680 2197 είς
2709 2135 2876 2206 αὐτὴν
2911 2135 3054 2199 θείαν
3084 2139 3283 2212 γνῶσιν
3315 2133 3608 2207 πληθύνει,
3647 2157 3816 2192 τουτ-

2150 2226 2262 2292 ἑςτι
2317 2226 2596 2305 σαφηνίζει
2645 2226 2779 2299 πρὸς
2809 2226 2872 2280 τὸ
2901 2226 3160 2296 νοηθῆναι
3207 2225 3294 2301 ὑφ’
3339 2227 3526 2298 ἡμῶν,
3573 2222 3814 2300 διερμη-

2147 2317 2377 2372 νεύουσα
2421 2315 2489 2370 τὰ
2538 2314 2820 2389 ὁραθέντα,
2873 2314 2947 2376 ὡς
2994 2314 3141 2390 παρᾶ
3186 2311 3266 2386 τῷ
3297 2312 3504 2385 Δανιὴλ
3537 2315 3812 2389 εὑρήσεις,

2148 2406 2239 2461 ὅτε
2288 2403 2683 2479 διηρμήνευσεν
2728 2403 2878 2476 αὐτῷ
2921 2404 2950 2458 ὁ
3002 2401 3230 2480 ἅγγελος
3279 2403 3342 2458 τὸ
3381 2403 3624 2459 ἐνύπνιον
3673 2402 3807 2480 ὅπερ

2149 2493 2255 2551 εἶδε
2269 2497 2335 2551 ⁸³.

2219 2585 2334 2654 Τήν
2385 2581 2432 2638 δ’
2476 2581 2542 2638 αὗ
2597 2580 2844 2659 καρδίαν.
2898 2580 3348 2658 Περιείληπται⁸⁶
3396 2583 3523 2658 παρ’
3571 2585 3706 2656 ἡμῖν
3761 2585 3798 2654 ἡ

2145 2673 2361 2750 καρδία,
2417 2675 2532 2728 οἷον
2579 2673 2800 2749 κέντρον
2841 2671 3076 2747 πρώτως
3124 2672 3225 2742 τήν
3277 2673 3422 2742 ζωὴν
3456 2669 3805 2748 δεδεγμένον,

2145 2761 2336 2835 ἐπειδὴ
2390 2764 2526 2818 κατὰ
2560 2762 2651 2817 τὸν
2697 2763 2841 2817 θεῖον
2891 2759 3180 2818 Βασίλειον
3231 2763 3424 2838 πρώτη
3479 2762 3713 2832 κτίζεται
3767 2765 3803 2833 ἡ

2143 2852 2356 2930 καρδία·
2393 2854 2506 2909 εἶτα
2535 2853 2612 2916 ὡς
2635 2853 2741 2907 ἀπὸ
2766 2852 2989 2928 κίντρου
3019 2857 3122 2906 πᾶν
3154 2852 3217 2907 τὸ
3263 2856 3425 2924 σῶμα
3478 2851 3803 2926 πλαστουρ-

2142 2949 2337 3020 γεῖται,
2388 2942 2526 2998 ὥστε
2571 2946 2856 3017 πανταχοῦ
2897 2941 3098 3011 ταύτην
3141 2943 3244 3011 τήν
3310 2942 3455 3011 ζωὴν
3516 2939 3802 2998 διατείνειν

2144 3034 2220 3096 εἷς
2250 3034 2312 3088 τὸ
2364 3033 2540 3106 σῶμα·
2577 3029 2685 3088 εἷ’τε
2717 3031 2818 3108 γὰρ
2850 3033 2884 3101 ἡ
2913 3031 3196 3108 σύμφυτος
3226 3031 3499 3106 θερμότης
3533 3036 3804 3100 ζωοποιεῖ

2139 3123 2203 3178 τὸ
2244 3127 2404 3196 σῶμα
2426 3141 2439 3154 ·
2493 3119 2602 3178 εἷίεε
2642 3121 2705 3177 τὸ
2734 3124 2964 3194 πνεῦμα,
3009 3116 3120 3175 εἴτε
3142 3120 3206 3176 τὸ
3238 3121 3395 3193 αἷμα,
3428 3122 3642 3176 πάντων
3675 3123 3805 3177 τού-

369 3215 462 3267 est
488 3227 606 3268 cor.
639 3212 892 3282 Ideoque
924 3210 1116 3265 visum
1157 3216 1247 3265 est
1275 3209 1633 3281 quibusdam
1667 3225 1842 3265 omne
1874 3210 2028 3282 quod

2160 3216 2248 3267 ;ῶν
2305 3213 2457 3286 πηγή
2513 3214 2546 3281 ἡ
2597 3207 2830 3285 καρδία.
2881 3211 2974 3265 Διὸ
3038 3210 3129 3265 καί
3189 3231 3328 3264 τισιν
3392 3206 3541 3281 ἔδοξε
3585 3216 3691 3265 πᾶν
3738 3213 3804 3268 τὸ

369 3303 553 3357 vitam
582 3301 846 3356 conferre
877 3299 1031 3355 valet
1061 3298 1235 3354 simul
1261 3302 1314 3352 et
1337 3296 1513 3353 veluti
1541 3297 1647 3355 hoc
1681 3297 1804 3354 loco
1839 3299 2028 3370 primo

2160 3302 2369 3372 ζωτικὸν
2441 3301 2637 3376 ἀθρόον
2683 3299 2772 3354 καὶ
2826 3302 2942 3355 οἷον
2992 3299 3215 3362 ἐνταῦθα
3271 3299 3505 3374 πρώτως
3563 3296 3805 3372 μάλιστα

373 3390 632 3446 maxime
675 3389 950 3456 stabiliri,
983 3388 1095 3444 etsi
1125 3387 1182 3443 in
1216 3387 1378 3443 omni
1428 3387 1689 3459 corporis
1721 3387 1847 3444 loco
1877 3388 2030 3445 exsi-

372 3484 507 3544 stat,
532 3494 723 3550 nequc
752 3477 877 3534 loco
910 3479 1262 3543 detineatur,
1291 3492 1480 3548 neque
1506 3475 1632 3532 loco
1665 3477 2032 3534 circumscri-

373 3569 570 3638 batur,
619 3583 808 3640 neque
841 3585 875 3622 a
905 3583 1146 3639 corpore
1199 3565 1589 3622 contineatur.
1621 3567 1716 3622 Sic
1763 3567 1941 3639 igitur
1970 3568 2029 3622 in

373 3655 776 3712 invisibilibus
807 3656 986 3712 etiam
1037 3654 1367 3719 ordinibus,
1401 3654 1519 3710 sive
1566 3655 1625 3709 in
1673 3673 1884 3727 genere
1912 3656 2031 3712 sive

374 3748 434 3803 in
459 3747 652 3820 specie
675 3747 1066 3803 ministrando
1087 3743 1552 3818 providentibus,
1567 3750 1849 3817 tanquam
1871 3747 2028 3802 enim

374 3836 434 3892 in
467 3836 685 3901 medio,
711 3841 767 3892 et
788 3835 983 3892 cordis
1013 3835 1160 3906 loco,
1185 3838 1242 3889 et
1266 3835 1443 3890 veluti
1478 3838 1746 3890 centrum
1779 3836 2031 3892 fontanas

371 3928 502 3983 vita
535 3925 810 3982 collocari
855 3925 1036 3998 ipsas,
1062 3924 1558 3981 considerandum
1598 3929 1715 3993 est;
1749 3925 1862 3981 etsi
1893 3942 2032 3982 con-

369 4017 547 4072 tineri
581 4019 897 4088 nequeant,
931 4029 1123 4086 neque
1153 4013 1280 4070 loco
1311 4013 1896 4082 circumscribantur,
1929 4019 2032 4070 aut

368 4105 751 4179 corporaliter
780 4111 944 4177 parte
969 4120 1174 4160 eorum
1196 4121 1324 4175 quae
1349 4107 1719 4173 conservant,
1742 4102 2031 4160 divinitus

366 4200 606 4268 accepto
640 4193 1038 4268 prospiciendi
1071 4197 1382 4265 praecepto.

435 4287 503 4342 Et
532 4301 659 4358 quae
687 4287 928 4340 tueatur.
957 4282 1317 4339 Sententiam
1352 4281 1466 4337 isto
1497 4296 1782 4354 compone
1814 4281 2026 4338 modo:

363 4377 499 4442 Quas
529 4372 760 4430 vitalem
788 4372 1272 4429 distributionem
1303 4374 1569 4439 tueatur;
1595 4371 1846 4426 deinde:
1871 4369 2030 4428 velut

362 4463 424 4519 in
457 4463 724 4536 subjecto
756 4463 952 4518 corde.

432 4553 670 4624 Pr0pter
697 4551 840 4623 quod
881 4551 1051 4606 etiam
1092 4552 1380 4621 pennatos.
1413 4549 1529 4604 Cur
1559 4548 1737 4620 pedes
1788 4546 2026 4620 angelo-

2141 3389 2411 3463 ἱδρῦσθαι,
2461 3389 2638 3446 καίτοι
2696 3387 2978 3464 πανταχοῦ
3032 3393 3129 3443 τοῦ
3182 3388 3437 3462 σώματος
3479 3388 3562 3460 ὃν,
3612 3390 3702 3444 καὶ
3736 3390 3802 3446 οὗ

2136 3481 2505 3557 κατεχόμενον
2558 3480 2738 3551 τόπῳ,
2787 3474 2912 3533 οὔτε
2953 3475 3462 3553 περιγεγραμμένον
3516 3476 3570 3532 ἐν
3618 3477 3800 3551 τόπῳ,

2141 3566 2264 3624 οὔτε
2294 3569 2662 3644 συνεχόμενον
2716 3567 2820 3623 ὑπὸ
2867 3569 2965 3622 τοῦ
3016 3567 3296 3639 σώματος.
3328 3565 3500 3628 Οὕτος
3562 3565 3654 3621 οὖν
3702 3567 3801 3622 καὶ

2140 3656 2226 3712 ἐπὶ
2258 3662 2367 3712 τῶν
2399 3657 2644 3733 ἀορὸίτῶν
2687 3656 2911 3726 τᾶξεων,
2957 3651 3059 3710 εἷ’τι
3106 3655 3158 3710 ἐν
3208 3660 3288 3727 τῷ
3325 3655 3512 3727 παντὶ,
3544 3654 3650 3711 εἷ’τε
3678 3657 3801 3710 κατ’

2141 3743 2280 3808 εἶδος
2317 3744 2640 3808 διακονικῶς
2668 3749 3044 3820 προνοουσῶν·
3096 3745 3262 3800 οἱονεὶ
3296 3745 3399 3820 γὰρ
3432 3744 3483 3799 ἐν
3520 3743 3669 3817 μέσῳ
3710 3745 3805 3800 καί

2139 3832 2366 3910 καρδίας
2397 3837 2552 3908 τόπῳ
2578 3835 2803 3904 νοητὲον
2835 3833 3020 3902 αὐτὰς,
3055 3835 3142 3889 καὶ
3175 3835 3248 3896 ὡς
3288 3835 3506 3907 κέντρον
3560 3833 3803 3908 πηγαίας

2144 3929 2288 3994 ζωῆς
2320 3920 2587 3999 ἱδρῦσθαι·
2619 3921 2796 3978 καίτοι
2827 3923 3078 3999 ἀκρατεῖς
3109 3920 3292 3989 οὔσας,
3321 3923 3412 3979 καὶ
3465 3923 3526 3978 οὐ
3576 3943 3804 3998 περιγεο

2139 4012 2456 4089 γραμμίνας
2502 4011 2678 4086 τόπῳ,
2724 4014 2760 4083 ἢ
2813 4012 2963 4088 μέρει
3007 4016 3362 4086 σωματικῶς,
3395 4012 3468 4067 ὧν
3504 4013 3801 4086 συνέχουσι

2140 4108 2392 4179 προνοεῖν
2427 4102 2607 4167 θεόθεν
2628 4103 2933 4178 ταχθεῖσαι.

2213 4279 2312 4336 Καὶ
2361 4279 2424 4336 τὸ
2469 4281 2857 4359 φρουρητικόν.
2906 4280 2982 4336 Τὸ
3032 4278 3196 4356 ῥητὸν
3249 4277 3421 4340 οὕτως
3463 4279 3671 4344 σόνθες·
3723 4280 3799 4334 Τὸ

2140 4371 2504 4449 φρουρητικὸν
2549 4377 2648 4440 τῆς
2701 4374 2976 4440 ζωοποιοῦ
3039 4365 3367 4432 διαδόσεως·
3420 4371 3532 4424 εἶτα
3583 4370 3656 4432 ὡς
3705 4366 3799 4424 ἐπὶ

2135 4467 2234 4530 τῆς
2259 4459 2624 4534 ὑποκειμένης
2671 4457 2920 4535 καρδίας.

2209 4549 2302 4605 Διὸ
2332 4549 2422 4604 καὶ
2473 4547 2830 4622 ὑποπτέρους.
2886 4548 2984 4603 Διὰ
3028 4546 3080 4602 τί
3129 4547 3498 4624 ἰπτερωμένοι
3532 4547 3585 4602 o'l
3629 4545 3799 4611 πόδες

363 4659 497 4698 rum
545 4640 811 4714 pennati,
846 4644 910 4695 ut
940 4639 1216 4695 ostendat
1248 4637 1588 4694 facultatem
1631 4653 1736 4708 per
1791 4653 1853 4694 se
1903 4654 2027 4693 mo-

2160 4644 2241 4695 τῶν
2297 4636 2568 4716 ἀγγέλων,
2613 4635 2706 4693 ’ίνα
2755 4635 2900 4712 δείξῃ
2949 4637 3012 4691 τὸ
3059 4636 3415 4708 αὐτοκίνητον
3445 4638 3621 4692 καὶτὸ
3655 4637 3795 4712 πρὸς

355 4731 552 4798 vendi,
587 4735 644 4786 et
674 4729 788 4786 vim
823 4730 882 4785 in
914 4729 1100 4785 Deum
1139 4727 1508 4794 intendendi,
1537 4731 1595 4783 et
1624 4725 1851 4783 nullam
1883 4743 2016 4783 cum

2162 4731 2189 4784 ὸ
2219 4735 2372 4786 Θεῖον
2400 4728 2741 4796 ἀνατατικὸν,
2773 4727 2862 4781 καὶ
2888 4727 3024 4798 πρὸς
3054 4727 3122 4782 τὰ
3150 4725 3363 4802 ἐπίγεια
3394 4727 3794 4797 ἀκοινώνητον,

356 4821 610 4878 terrenis
641 4817 1142 4887 communionem,
1177 4825 1466 4889 quantum
1503 4815 1562 4870 in
1595 4833 1658 4872 se
1691 4817 1854 4872 nullo
1886 4833 2017 4889 per-

354 4910 584 4967 turbari
614 4909 848 4979 affectu,
880 4907 1122 4980 quando
1161 4907 1337 4962 etiam
1367 4906 1428 4962 in
1463 4911 1620 4962 terra
1647 4905 1844 4979 angeli
1873 4923 2014 4964 con-

357 4999 540 5072 specti
573 5003 734 5055 sunt.

425 5089 660 5146 Marum
689 5088 902 5143 levitas.
938 5083 1230 5152 Quidnam
1263 5084 1419 5142 leves
1449 5101 1676 5157 pennae.

426 5182 493 5234 Et
518 5193 744 5250 parum.
781 5176 862 5233 Ab
893 5178 1269 5231 externorum
1308 5175 1655 5246 adjectione,
1689 5175 1870 5232 veluti
1901 5176 2015 5232 ali-

353 5271 712 5334 mentorum,
743 5269 801 5323 et
827 5263 1348 5335 vestimentorum;
1384 5265 1605 5337 quibus
1638 5269 1841 5322 nostra
1871 5282 2011 5323 con-

353 5359 686 5415 servantur.

424 5488 487 5562 (ι)
517 5484 664 5545 Joel.
699 5501 765 5554 ιι,
794 5486 887 5541 28.

2128 4820 2252 4874 ὅσον
2289 4819 2366 4892 μὴ
2392 4818 2454 4872 τὸ
2484 4817 2721 4890 ἐμπαθὲς
2755 4814 2805 4869 ἐν
2839 4815 3026 4880 αὐτοῖς
3055 4815 3213 4889 εἶναι,
3245 4814 3361 4871 ἐπεὶ
3409 4810 3666 4894 ὤφθησαν
3701 4814 3795 4870 καὶ

2128 4907 2218 4963 ἐπὶ
2247 4914 2352 4983 γῆς
2381 4903 2627 4984 ἄγγελοι.

2196 5089 2414 5162 Πτερῶν
2447 5083 2698 5162 ἐλαφρία.
2731 5082 2791 5138 Τί
2821 5081 3034 5162 ἐλαφρὰ
3063 5084 3335 5160 πτερωτά.

2196 5175 2294 5231 Καὶ
2341 5178 2657 5248 καθαρεῦον,
2718 5179 2825 5244 Τῆς
2879 5177 2986 5228 τῶν
3049 5173 3199 5235 ἐκτὸς
3260 5174 3599 5247 προσθήκης,
3659 5175 3788 5228 οἷον

2120 5269 2338 5343 τροφῶν
2388 5263 2478 5320 καὶ
2527 5262 2766 5341 ἁμερίων,
2826 5265 2907 5325 οἷς
2963 5263 3031 5319 τὰ
3077 5264 3196 5328 καθ’
3252 5265 3402 5336 ἡμᾶς
3461 5268 3788 5338 συγκρατεῖ-

2119 5375 2230 5413 ται.

1360 5581 1604 5639 VARIIE
1642 5583 2038 5641 LEGTIONES
2076 5583 2168 5641 ET
2207 5581 2768 5641 GORRECTIONES.

421 5681 878 5761 “taepavmxoﬁ,
912 5682 1062 5761 nihil
1089 5681 1556 5761 enim_commune
1584 5683 1757 5738 oculis
1784 5698 1912 5738 cum
1939 5683 2192 5761 odorata.

2299 5681 2372 5718 εει
2401 5682 2500 5755 Ἦρ
2512 5680 2709 5755 μήνμευε
2729 5677 2798 5733 τὰ
2821 5678 2942 5734 καθ’
2972 5673 3140 5733 ὕπνον
3166 5676 3427 5753 ὀραθὲντα
3475 5675 3613 5734 κατᾶ
3653 5677 3787 5742 τοὺς

352 5751 554 5818 ὕπνᾶυς
577 5749 614 5812 ’δ’
638 5749 890 5831 ἅγγελος.
924 5753 1399 5828 Interpretabatur
1426 5769 1491 5810 ea
1521 5769 1642 5826 qua:
1658 5770 1763 5826 per
1790 5770 2035 5812 somnum

2160 5756 2311 5814 lerat.
2387 5755 2434 5792 ⁸⁴
2465 5749 2858 5829 προείληπται.
