4134 6404
345 413 446 466 109

1049 418 1108 472 Β·
1149 417 1423 471 MAXIM!
1462 415 1771 471 SCHOLIA
1808 414 1882 468 IN
1924 411 2055 465 LIB.
2096 411 2194 464 DE
2231 412 2552 468 CCELESTI
2593 413 3070 472 HIERARCHIA.

3671 408 3773 466 110

411 534 832 602 Πολυποίκιλος
892 538 1074 618 σοφία.
1126 540 1189 595 Ἦ
1245 537 1646 602 πολυποίκιλος
1702 537 1864 618 σοφία
1909 540 2006 593 τοῦ

2192 537 2545 608 Multi/armi:
2593 541 2897 612 sapientia.
2931 539 3101 597 Varia
3153 537 3446 612 sapientia
3499 535 3620 596 Dei.
3654 537 3790 595 Haec

339 629 500 681 Θεοῦ.
532 632 708 683 Τοῦτο
737 629 802 684 τὸ
835 628 998 705 ῥητὸν
1051 629 1416 686 ἀποστολικόν
1468 631 1580 686 ἐστι
1621 649 1632 665 ·
1673 630 1761 685 καὶ
1819 627 1908 684 διὰ
1957 627 2009 682 τί

338 713 753 772 πολυποίκιλον
818 718 992 787 αὐτὴν
1049 720 1198 774 εἶπεν
1229 721 1257 775 6
1301 725 1448 784 θεῖος
1504 721 1686 796 ἀνήρ;
1727 719 1905 775 καίτοι
1945 719 2009 773 τὸ

335 805 602 860 ποικίλον
683 805 774 861 ὲπί
841 806 1150 884 κακούργου
1209 807 1510 885 δεχόμεθα,
1564 809 1754 874 ἄλλως
1810 830 1868 865 τε
1917 808 2006 864 καὶ

335 891 574 958 Ξνταῦθα
630 894 660 950 6
719 893 885 970 μέγας
963 895 1244 960 Διονύσιος
1326 897 1508 968 ἁπλῆν
1583 900 1670 954 καὶ
1739 897 2009 954 πολυποί-

330 981 504 1037 κιλον
563 981 735 1053 αὐτὴν
796 987 916 1040 εἷπε
949 1005 963 1018 ·
1027 983 1180 1041 δοκεῖ
1260 984 1319 1042 δὶ
1387 988 1456 1043 τὰ
1501 991 1546 1026 ³⁸
1603 986 1700 1044 δύο
1754 986 2008 1044 ἐναντίαο

331 1070 582 1146 λᾶγομεν
617 1071 738 1142 οὖν,
773 1075 856 1128 δτι
887 1075 951 1130 τὸ
981 1074 1136 1144 ἁπλῆ
1167 1077 1330 1152 σοφία
1376 1074 1467 1132 διὰ
1514 1082 1676 1134 τοῦτο
1721 1081 1892 1146 εἶπεν,
1919 1075 2011 1131 ἵνα

329 1158 575 1237 δηλώσῃ
605 1163 668 1217 τὸ
717 1163 1000 1219 ἀσύνθετον
1041 1170 1139 1220 τοῦ
1196 1172 1353 1237 Θεοῦ,
1386 1168 1476 1222 καὶ
1506 1169 1569 1223 τὸ
1617 1165 1894 1242 μηδεμιᾶς
1924 1164 2010 1220 δι-

325 1250 526 1321 πλόης
559 1250 911 1326 ὶπιδεόμενον
949 1275 962 1289 υ
995 1251 1120 1310 οὔτε
1167 1257 1272 1332 γὰρ
1322 1256 1382 1312 ἑκ
1434 1259 1722 1332 μαθήσεως
1769 1258 1933 1333 σοφὸς
1983 1259 2010 1312 ὁ

337 1341 500 1411 Θεὸς,
519 1339 649 1396 ἀλλ’
680 1342 1016 1420 αὐτόχρημα
1046 1345 1207 1424 σοφία
1237 1345 1466 1403 ﬁci-1LT?)
1498 1343 1555 1401 δὲ
1586 1346 2008 1424 φολυποίκιλον,

329 1426 483 1484 διότι
510 1430 591 1493 είς
618 1430 809 1488 πολλᾶ
857 1433 1111 1510 γνώσεως
1160 1432 1280 1506 εἷ’δη
1336 1441 1734 1509 μετατυποῦται
1768 1434 1857 1491 διὰ
1910 1438 2010 1505 τήν

362 1523 477 1574 τῶν
559 1518 1002 1595 ἑλλαμπομὲνων
1080 1524 1393 1588 ἀσθένειαν·
1429 1524 1714 1601 ἀρχιερεὺς
1763 1527 1866 1601 γάρ
1923 1524 2013 1580 ἐστ

340 1608 520 1683 μέγας
590 1609 935 1686 συμπάσχων
1010 1615 1128 1674 ταῖς
1203 1615 1366 1685 ἡμῶν
1426 1613 1746 1676 ἀσθενείαις.
1803 1616 1872 1670 Ἣ
1922 1611 2011 1669 καὶ

337 1697 517 1759 οὕτως
555 1717 568 1730 ·
601 1697 784 1768 Ἀπλῆ
823 1699 916 1772 μὶν
952 1699 1166 1776 λέγεται
1199 1701 1364 1778 σοφία
1410 1707 1544 1758 Θεοῦ
1575 1702 1711 1780 πρὸς
1738 1710 1839 1772 τῆς
1870 1703 2014 1758 οἱκο-

338 1786 560 1860 νομίας,
621 1788 708 1842 ὅτι
766 1788 941 1844 πάντα
998 1789 1074 1854 ὠς
1128 1791 1260 1854 Θεὸς
1314 1789 1744 1869 ἐδημιούργησε,
1802 1792 1892 1848 καὶ
1954 1793 2006 1847 ἐν

344 1881 464 1978 τοῖς
492 1877 610 1931 τότε
653 1875 903 1978 ..δικαίοις
1099 1877 1241 1934 ἰδίαν
1293 1881 1752 1978 ἀπερικαλύπτως
1809 1879 2012 1937 ἆπιδει-
2043 1911 2093 1978 Β

349 1965 616 2036 κνύμενος
649 1963 906 2040 δύναμιν,
940 1967 1015 2030 ὠς
1063 1969 1150 2024 ἐπὶ
1203 1973 1444 2033 Μωσὲως
1492 1971 1583 2026 καὶ
1613 1966 1890 2046 ’Λόραὰμ,
1925 1992 2015 2051 καὶ

339 2059 452 2108 τῶν
481 2055 627 2125 ἑξῆς·
664 2054 756 2112 ὅτε
789 2053 933 2112 δὲτὸ
964 2063 1063 2128 τῆς
1096 2057 1416 2132 οἰκονομίας
1459 2061 1760 2134 μυστήριον
1805 2082 2018 2138 κατειρ-

334 2144 565 2218 γάζετο,
615 2147 652 2214 ἡ
712 2145 1122 2210 πολυποίκιλος
1181 2147 1406 2210 εῗκότως
1465 2148 1723 2220 κληθείη.
1771 2152 2014 2227 Ἄνθρω-

332 2253 441 2295 πος
473 2235 578 2310 γὰρ
609 2235 934 2310 γενόμενος,
969 2236 1060 2291 καὶ
1121 2237 1224 2292 ὑπὸ
1268 2237 1441 2312 νόμον
1491 2238 1866 2315 χρηματίσας,
1901 2241 2010 2314 [καὶ

333 2323 580 2396 παθὼν,]
630 2324 722 2378 καὶ
780 2324 833 2380 ἑν
891 2331 1102 2400 νεκροῖς
1161 2327 1416 2402 εὑρεθεὶς,
1452 2327 1596 2382 οὕτω
1647 2325 1737 2383 διὰ
1791 2330 2012 2404 σαρκὸς,

335 2413 435 2470 καὶ
495 2419 602 2482 τῆς
655 2411 885 2485 ἐνούσης
946 2413 1082 2489 αὐτῇ
1131 2415 1426 2485 ἀσθενείας,
1460 2412 1786 2490 ἐθριάμϐευε
1842 2418 2016 2473 πάντα

336 2501 572 2576 ἐχθρὸν,
603 2502 696 2556 καὶ
729 2503 821 2558 τὸ)
855 2499 990 2574 ᾅδην
1027 2503 1262 2576 ἐνίκησε,
1296 2511 1412 2567 τοῖς
1444 2506 1554 2560 lusi
1583 2506 2014 2583 φρουρουμένοις

335 2590 634 2644 ἀνάστασιν
689 2588 1085 2665 δωρησάμενος
1120 2612 1134 2626 ·
1165 2595 1328 2648 τοῦτό
1379 2593 1492 2650 ἐστι
1539 2595 1601 2649 τὸ
1630 2595 1884 2651 ποικίλον
1909 2603 2012 2665 τῆς

351 2679 526 2734 αὐτοῦ
560 2680 776 2758 σοφίας,
810 2682 894 2736 ὅτι
942 2678 1012 2736 δι’
1043 2682 1316 2746 ἀσθενείας
1371 2685 1711 2761 περιεγένετο
1774 2689 1881 2739 τῶν
1926 2683 2014 2740 δο-

337 2769 592 2826 κούντων
626 2770 893 2847 ἰσχυρῶν.

411 2949 700 3007 Καθόλου.
733 2949 834 3004 Καὶ
893 2949 948 3006 ἐν
1005 2955 1086 3023 τῷ
1143 2953 1272 3027 Περὶ
1333 2951 1488 3008 θείων
1538 2952 1821 3025 ὀνομάτων
1861 2951 2012 3030 λόγῳ

333 3036 630 3116 κεφαλαίῳ
677 3036 720 3094 δ’
748 3037 1003 3104 πλατέως
1064 3039 1388 3118 ἒσαφηνίσθη
1449 3042 1500 3096 τί
1557 3044 1753 3113 νοητὸν
1811 3043 1901 3098 καὶ
1958 3042 2011 3099 τί

335 3127 532 3202 νοερόν
563 3147 578 3162 ⁸
606 3126 702 3183 νῦν
753 3126 812 3184 δὶ
855 3130 1018 3192 αὐτὸς
1051 3130 1079 3185 6
1116 3131 1284 3205 μὲγας
1345 3131 1624 3196 Διονύσιος
1677 3132 1962 3209 σαφηνίζει
1995 3152 2008 3166 ο

335 3217 541 3288 νοητὸν
604 3218 700 3291 μὲν
757 3219 859 3295 γὰρ
909 3217 1084 3275 ἐκεῖνο
1115 3219 1372 3295 τυγχάνει
1411 3221 1474 3276 τὸ
1528 3220 1845 3295 νοούμενον,
1878 3221 2011 3295 ὅπερ

2121 628 2412 682 sententia
2455 634 2546 684 est
2589 631 2850 702 Apostoli
2874 632 2992 703 (1");
3035 635 3090 686 et
3120 647 3300 702 quare
3349 629 3513 686 illam
3564 627 3789 684 variam

2121 717 2435 789 appellavit
2463 719 2550 774 vir
2597 720 2872 776 divinus?
2923 720 3035 776 etsi
3078 723 3302 775 varium
3355 737 3457 792 pro
3510 721 3778 780 maleﬁco

2121 823 2505 880 usurpamus,
2538 813 2732 865 tomen
2767 811 2937 866 aliter
2976 810 3085 866 hoc
3116 809 3244 865 loco
3278 826 3532 882 magnus
3567 810 3791 882 Diony-

2120 895 2248 951 sius
2267 899 2533 954 eamdem
2555 900 3281 972 sapientiam,simplicem
3305 903 3361 954 et
3385 898 3786 954 multivariam

2121 985 2270 1040 dixit
2314 1004 2326 1041 :
2371 988 2644 1044 videntur
2675 1006 2846 1060 porro
2878 990 2995 1044 duo
3029 987 3358 1058 contraria;
3391 988 3648 1043 dicimus
3680 987 3790 1042 ita-

2122 1089 2257 1145 que,
2282 1091 2415 1130 eum
2451 1078 2581 1134 ideo
2604 1078 2932 1149 simplicem
2961 1078 3312 1149 sapientiam
3342 1077 3585 1146 dixisse,
3607 1082 3672 1131 ut
3694 1077 3790 1132 de-

2121 1161 2368 1219 clararet
2388 1165 2490 1220 Dei
2512 1167 2982 1239 simplicitatem,
3007 1173 3064 1223 et
3090 1168 3161 1222 ab
3191 1167 3355 1222 omni
3387 1165 3788 1238 duplicatione

2121 1253 2591 1323 immunitatem;
2627 1273 2818 1328 neque
2847 1257 3000 1312 enim
3036 1257 3190 1311 Deus
3219 1257 3502 1311 discendo
3521 1256 3784 1328 sapiens,

2123 1342 2224 1397 sed
2259 1347 2348 1397 est
2383 1360 2590 1416 reapse
2620 1345 2942 1418 Sapientia.
2969 1346 3366 1402 Multivariam
3401 1351 3620 1410 autem,
3648 1345 3790 1416 quia

2123 1431 2182 1486 in
2217 1431 2434 1489 multas
2465 1435 2823 1506 cognitionis
2867 1435 3091 1506 species
3145 1441 3382 1507 propter
3411 1434 3512 1491 48
3551 1451 3780 1502 eorum,

2123 1521 2223 1591 qui
2255 1521 2631 1580 illusuantur
2676 1525 3083 1580 infirmitatem
3122 1528 3610 1593 transl'ormatur;
3646 1540 3782 1580 nam

2123 1614 2213 1664 est
2243 1626 2497 1683 magnus
2529 1614 2789 1683 pontifex
2817 1615 3036 1669 nostris
3069 1614 3436 1686 compatiens
3465 1613 3781 1668 infirmita-

2123 1697 2282 1753 tibus
2306 1700 2408 1770 (u).
2432 1700 2534 1756 Vel
2567 1702 2742 1756 etiam
2775 1703 2887 1758 isto
2911 1704 3081 1758 modo
3111 1721 3123 1757 ε
3149 1703 3408 1775 Simplex
3430 1703 3670 1773 quidem
3699 1704 3785 1758 di-

2123 1786 2277 1842 citur
2302 1788 2402 1844 Dei
2434 1791 2726 1862 sapientia
2754 1797 2888 1848 ante
2921 1792 3423 1864 dispensationem
3457 1792 3536 1864 (id
3569 1795 3658 1848 est
3688 1793 3781 1848 in-

2124 1879 2544 1951 carnationem)
2567 1897 2579 1936 :
2602 1881 2801 1938 omnia
2822 1885 2976 1938 enim
3003 1887 3068 1937 ut
3089 1883 3241 1938 Deus
3265 1882 3420 1948 fecit,
3443 1885 3498 1936 et
3521 1881 3576 1935 in
3602 1881 3778 1952 iustis

2129 1963 2303 2023 istius
2333 1970 2616 2040 temporis
2661 1976 2858 2042 aperte
2903 1972 3195 2043 propriam
3247 1970 3565 2027 ostendens
3598 1971 3781 2026 virtu-

2126 2057 2266 2122 tem,
2292 2057 2456 2113 velut
2487 2059 2542 2113 in
2577 2060 2736 2116 Mose
2765 2065 2821 2114 et
2849 2061 3144 2116 Abraham
3174 2065 3232 2115 et
3259 2061 3512 2127 caeteris;
3547 2059 3780 2130 quando

2125 2150 2323 2200 autem
2357 2148 2816 2221 dispensationis
2859 2151 3205 2223 mysterium
3251 2151 3625 2222 operabatur,
3659 2165 3781 2204 me-

2126 2234 2238 2290 rito
2267 2237 2598 2294 multivaria
2625 2241 2902 2311 sapientia
2933 2248 3172 2295 vocatus
3206 2240 3396 2296 fuerit.
3425 2240 3570 2295 Nam
3603 2239 3780 2293 homo

2125 2327 2336 2394 factus,
2369 2333 2428 2383 et
2475 2327 2587 2401 legi
2637 2329 2943 2400 subjectus
2983 2330 3062 2401 [et
3110 2328 3370 2402 passus,]
3402 2335 3576 2401 atque
3624 2328 3782 2385 inter

2124 2422 2392 2473 mortuos
2423 2417 2716 2486 inventus,
2752 2419 2835 2474 sic
2869 2435 2972 2491 per
3018 2435 3253 2474 carnem
3296 2423 3354 2474 et
3401 2417 3780 2472 inhaerentem

2123 2505 2236 2560 sibi
2289 2505 2721 2574 inﬁrmitatem,
2753 2508 2826 2563 de
2856 2506 3016 2563 omni
3066 2507 3236 2563 hoste
3285 2505 3691 2578 triumphavit,
3725 2509 3784 2561 et

2119 2595 2422 2651 infernum
2466 2595 2626 2664 vicit,
2656 2596 2730 2651 iis
2765 2597 2863 2667 qui
2912 2596 3033 2651 illic
3079 2597 3533 2652 asservabantur
3582 2611 3780 2650 resur-

2123 2686 2441 2741 rectionem
2475 2685 2720 2754 largitus
2755 2701 2769 2741 :
2803 2686 2924 2740 haec
2965 2691 3056 2741 est
3097 2688 3226 2754 ejus
3257 2685 3556 2756 sapientiae
3587 2685 3781 2740 varie-

2123 2778 2237 2840 tas,
2271 2791 2338 2830 eo
2373 2776 2528 2847 quod
2562 2791 2666 2847 per
2700 2775 3102 2829 infirmitatem
3134 2791 3253 2842 eos,
3283 2774 3382 2846 qui
3412 2774 3590 2830 fortes
3618 2774 3780 2830 vide-

2124 2864 2344 2919 bantur
2373 2863 2753 2934 superaverit.

2197 2954 2450 3011 Omnino.
2487 2953 2546 3008 ln
2581 2952 2730 3008 libro
2761 2953 2938 3008 etiam
2984 2957 3062 3008 De
3094 2953 3308 3008 divinis
3335 2953 3656 3008 nominibus
3688 2969 3784 3008 ca-

2124 3043 2241 3115 pite
2271 3051 2502 3114 quarto,
2533 3041 2804 3114 pluribus
2855 3040 3215 3113 explicatum
3257 3046 3346 3097 est
3375 3058 3408 3097 a
3439 3042 3610 3097 nobis
3643 3042 3785 3113 quid

2124 3134 2203 3188 sit
2249 3132 2602 3203 intelligzbile
2652 3137 2709 3187 et
2757 3132 2896 3202 quid
2951 3131 3270 3199 intelligens
3313 3149 3332 3185 :
3379 3148 3534 3186 nunc
3581 3137 3780 3187 autem

2124 3223 2252 3294 ipse
2284 3237 2538 3293 magnus
2569 3221 2882 3294 Dionysius
2918 3222 3193 3290 exponit:
3218 3220 3574 3290 intelligibile
3603 3219 3783 3290 siqui-

337 3281 576 3370 είκύτως
605 3281 727 3363 ’καὶ
771 3281 1082 3380 ὶλλάμπειν
1137 3281 1364 3384 τύηφῶς
1411 3307 1628 3385 λέγεται
1661 3281 1675 3344 ί
1707 3281 1893 3386 νοερδν
1955 3281 2012 3366 δὲ

2134 3281 2260 3368 [lem
2294 3281 2442 3366 illud
2472 3315 2563 3366 est
2593 3281 2747 3381 quod
2797 3281 3170 3380 intelligitur,
3193 3310 3347 3379 quod
3399 3281 3785 3378 probabiliter

339 3395 478 3451 αὐτὸ
516 3395 584 3450 τὸ
631 3400 793 3451 νοοῦν
844 3398 1093 3473 ὑπάρχον
1123 3396 1574 3472 ἐλλαμπόμενον,
1606 3399 1697 3454 καὶ
1729 3399 2014 3473 συντόμως

342 3485 541 3554 εἰπεῖν,
571 3485 628 3538 αἱ
657 3480 1085 3556 ὑπερϐεϐηκυῖαι
1145 3485 1324 3541 οὐσίαι
1383 3486 1683 3557 νοηταὶ,α“ι
1742 3485 1800 3543 δὶ
1860 3488 2016 3563 ὑφει-

348 3575 507 3644 μὲναι
538 3574 747 3649 νοεραὶ,
777 3575 868 3628 καὶ
905 3569 1213 3646 ὗποϐίὸηκε
1257 3576 1320 3630 τὸ
1367 3580 1523 3631 νοοῦν
1582 3577 1645 3632 τὸ
1692 3577 2013 3650 νοούμενον.

351 3664 590 3732 Νοητῶς
623 3663 722 3735 μὲν
756 3661 1048 3737 ἕλλάμπον
1083 3666 1118 3735 ἠ
1151 3663 1264 3720 θεία
1289 3663 1468 3744 φύσις·
1499 3670 1699 3742 νοερῶς
1729 3664 1786 3722 δὲ
1817 3665 2017 3741 ἐλλαμ-

357 3750 592 3824 πόμενον
624 3754 661 3823 ἡ
694 3751 964 3828 ἀγγελική
976 3797 988 3810 .

416 4021 750 4096 Ἱερατικήν.
811 4021 1132 4094 Σημείωσαι
1174 4024 1228 4077 τί
1274 4022 1337 4077 τὸ
1385 4023 1654 4100 ἱερατικὸν
1705 4022 1912 4099 ἔνδυμα
1960 4023 2014 4079 ἂν

345 4109 616 4180 Ἰεζεκιὴλ
647 4109 740 4166 καὶ
774 4109 1006 4181 Δανιήλ.

417 4202 746 4276 Συναγωγὸν
781 4200 958 4255 αὐτῶν
1003 4197 1133 4271 ἕξιν.
1167 4200 1411 4276 Εἴπομεν
1443 4201 1724 4277 ἀνωτέρω,
1766 4202 1820 4257 τί
1871 4202 2014 4258 ἐστιν

338 4285 450 4358 ῐξις
511 4289 603 4343 ἐπὶ
656 4289 986 4362 ἀσωμάτων.
1045 4290 1142 4344 Καὶ
1215 4289 1488 4366 ἀνάγνωθι
1549 4291 1600 4346 ἐν
1653 4296 1732 4363 τῷ
1793 4287 2017 4366 ἑϐδόμῳ

338 4375 634 4456 κεφαλαίῳ
674 4398 688 4411 ⁸
745 4379 809 4434 τὸ
867 4380 1206 4454 συνηγμένον
1264 4377 1323 4434 δὶ
1380 4381 1469 4435 καὶ
1529 4379 1851 4436 ἀσκὲδαστον
1909 4387 2016 4438 τῶν

340 4469 594 4537 νοήσεων
629 4486 641 4499 ο
679 4465 770 4522 διὰ.
805 4467 1018 4523 τούτων
1052 4465 1221 4538 δηλοῖ
1250 4469 1278 4524 6
1312 4469 1502 4542 Πατὴρ
1553 4469 1678 4543 περὶ
1733 4471 1829 4532 τὰς
1873 4471 2018 4535 θείας

341 4555 679 4630 ἐλλάμψεις,
710 4557 800 4610 καὶ
850 4558 954 4625 τὴν
1003 4556 1204 4612 οἰκείαν
1268 4556 1320 4612 ἐν
1380 4561 1448 4630 τῇ
1497 4562 1594 4612 τοῦ
1627 4558 1826 4635 ἀγαθοῦ
1886 4564 2022 4616 Θεοῦ

342 4649 495 4720 μονῇ
524 4645 840 4716 ταύτότητα
869 4645 1302 4719 συνειλουμὲνην
1344 4643 1434 4702 διὰ
1463 4647 1689 4710 παντός.

414 4733 758 4807 Ἀνομοίων.
791 4731 1024 4790 Ὑλικῶν
1058 4733 1342 4807 δηλονότι.

415 4824 544 4893 δν.
578 4825 947 4897 Γεωμετρικοί
983 4825 1113 4896 Περὶ
1165 4828 1372 4880 σκευῶν
1423 4830 1814 4900 γεωμετρικῶν
1859 4829 1904 4864 ⁸⁸
1955 4825 2009 4882 ἐν

337 4912 616 4982 Ἰιζεκιὴλ
641 4913 732 4968 καὶ
766 4913 1031 4988 Ζαχαρία.

414 5002 927 5076 Ἐπανορθωτικήν.
960 5004 1051 5065 Ὠς
1079 5003 1143 5058 τὸ
1174 5002 1328 5076 ξίφος
1357 5002 1410 5058 ἓν
1446 5000 1755 5067 Βασιλείαις
1789 5023 1803 5038 ο
1831 5004 1922 5060 καὶ
1951 5006 2014 5061 τὸ

335 5089 616 5167 δρέπανον
649 5090 705 5146 ἰν
735 5091 980 5168 Ζαχαρία
1009 5097 1091 5166 τῷ
1117 5095 1404 5170 προφήτῃ.
1644 5156 1646 5159 ,

415 5182 574 5252 δνι.
624 5182 915 5253 Ἀνιμους.
974 5184 1086 5238 Τοῦ
1151 5183 1410 5255 κειμένου
1482 5183 1630 5255 παρὰ
1708 5188 1789 5256 τῷ
1847 5179 2014 5239 Δαϐὶδ

336 5269 502 5342 οἶμαι
534 5269 698 5325 αὐτὸν
734 5269 1116 5343 μνημονεύειν,
1149 5272 1210 5329 Ὁ
1253 5275 1565 5346 περιπατῶν
1601 5270 1686 5326 ἐπὶ
1733 5273 2017 5348 πτερύγων

334 5357 587 5431 ἀνέμων,
622 5355 756 5422 ἴσως
785 5361 886 5428 τήν
915 5357 1188 5433 ἀνάληψιν
1219 5364 1318 5416 τοῦ
1376 5365 1614 5434 Χριστοῦ
1661 5357 1969 5432 δηλοῦντος
2003 5380 2018 5395 ο

2127 3401 2306 3456 etiam
2356 3400 2557 3454 lumen
2607 3398 2907 3454 illustrare
2956 3400 3174 3453 dicitur
3217 3414 3228 3452 :
3278 3399 3599 3466 intelligens
3647 3413 3783 3453 vero

2127 3489 2278 3559 quod
2311 3487 2504 3560 ipsum
2538 3487 2877 3560 intelligens
2919 3487 3279 3541 illustratum
3314 3487 3578 3553 exsistit;
3609 3493 3786 3558 atque

2129 3585 2192 3633 ut
2225 3576 2603 3648 paucioribus
2643 3576 2968 3642 absolvam,
3001 3575 3336 3647 superiores
3366 3576 3604 3631 ordines
3643 3584 3785 3632 sunt

2127 3666 2561 3739 intelligibiles,
2609 3665 2917 3721 inferiores
2967 3681 3101 3721 vero
3151 3665 3571 3737 intelligentes,
3623 3667 3779 3737 quod

2126 3755 2492 3828 intelligitur,
2543 3755 2788 3826 subjicit
2838 3755 3006 3824 illud,
3038 3755 3191 3826 quod
3242 3753 3540 3828 intelligit.
3574 3755 3782 3811 Divina

2127 3852 2339 3902 natura
2380 3844 2680 3901 intellecta
2723 3844 3008 3913 illustrat;
3043 3843 3308 3915 angelica
3338 3848 3536 3900 autem
3571 3849 3782 3901 natura

2127 3935 2483 4008 intelligens,
2517 3933 2868 3990 illustratur.

2199 4024 2632 4082 Sacerdotalem.
2673 4023 2823 4079 Nota
2869 4023 3008 4095 quid
3055 4023 3237 4080 vestis
3287 4021 3668 4078 sacerdotalis
3718 4022 3779 4078 in

2129 4113 2426 4172 Ezechiele
2456 4117 2513 4170 et
2543 4113 2802 4170 Daniele.

2202 4208 2414 4260 Eorum
2441 4203 2693 4258 habilum
2713 4204 3023 4259 collectum.
3052 4201 3314 4258 Diximus
3337 4202 3781 4272 superius,quid

2130 4295 2207 4351 sit
2235 4294 2474 4348 habitus
2505 4294 2564 4348 in
2597 4292 2980 4364 incorporeis.
3012 4293 3158 4361 Lege
3189 4291 3365 4346 etiam
3397 4296 3576 4362 caput
3605 4294 3786 4363 septi-

2131 4399 2316 4450 mum,
2349 4382 2711 4438 coactionem
2749 4385 2942 4436 autem
2989 4385 3045 4436 et
3084 4380 3490 4436 collectionem
3522 4379 3788 4436 intellec-

2129 4474 2392 4540 tionum;
2423 4488 2523 4543 per
2554 4471 2675 4526 hac
2705 4471 2957 4526 declarat
2987 4470 3153 4526 Pater
3181 4470 3336 4525 circa
3357 4469 3588 4525 divinas
3618 4468 3788 4524 illus-

2133 4561 2437 4628 trationes,
2473 4565 2530 4614 et
2559 4559 2855 4632 propriam
2887 4559 2944 4612 in
2980 4559 3115 4612 boni
3152 4560 3247 4612 Dei
3289 4557 3592 4613 mansione
3623 4556 3786 4612 iden-

2039 4664 2097 4728 Β
2125 4652 2380 4716 titatem,
2413 4647 2788 4704 convolutam
2823 4647 2980 4703 omni
3016 4651 3298 4717 tempore.

2196 4739 2594 4796 Dissimilium.
2627 4736 3018 4792 Materialium
3053 4734 3298 4790 scilicet.

2193 4832 2223 4898 ξ
2255 4829 2320 4885 V.
2355 4827 2716 4885 Geometrica.
2753 4831 2827 4882 De
2859 4824 3238 4898 geometricis
3281 4823 3697 4880 instrumentis
3729 4824 3787 4880 in

2122 4917 2421 4973 Ezechiele
2452 4920 2510 4971 et
2539 4916 2840 4972 Zacharia.

2198 5007 2612 5062 Correctricem.
2647 5006 2813 5061 Sicut
2842 5004 3076 5077 gladius
3122 5003 3183 5057 in
3237 5001 3407 5058 libris
3456 5003 3702 5075 Regum,
3735 5009 3792 5060 et

2127 5096 2245 5152 falx
2276 5096 2334 5150 in
2367 5094 2643 5150 Zacharia
2680 5093 2984 5165 propheta.

2199 5185 2350 5252 ενι.
2389 5187 2616 5240 Ventos.
2649 5185 2924 5238 Arbitror
2967 5183 3159 5254 ipsum
3195 5183 3555 5238 mentionem
3601 5184 3791 5240 facere

2130 5275 2293 5330 illius
2326 5274 2482 5345 quod
2516 5273 2573 5326 in
2607 5272 2824 5328 Davide
2872 5272 3142 5326 habetur.
3178 5273 3284 5339 Qui
3330 5274 3582 5328 ambulat
3627 5290 3794 5344 super

2127 5380 2342 5436 penna:
2363 5367 2653 5419 ventorum
2670 5361 2808 5434 (u');
2829 5362 2976 5418 forte
2993 5361 3122 5430 ejus
3144 5361 3301 5432 quod
3326 5361 3792 5433 assumptionem

408 5505 512 5578 (ι’)
541 5505 760 5578 Ephes.
798 5522 884 5578 ιιι,
918 5507 1005 5564 10.
1083 5505 1168 5579 (ιι)
1196 5507 1369 5566 Hebr.
1405 5522 1483 5578 xv,
1520 5506 1606 5562 15.
1681 5506 1791 5580 (u')
1824 5507 1918 5568 Ps.
1951 5523 2070 5580 cur,
2103 5507 2159 5567 3.

1359 5661 1605 5720 VARI/E
1643 5661 2039 5722 LECTIONES
2078 5663 2172 5722 ET
2211 5659 2784 5721 CORRECTIONES.

407 5762 457 5799 ⁸⁸
486 5761 684 5819 ταῦτα.
770 5760 817 5799 ⁸⁸
843 5759 1156 5838 ὶερατιιιῶν.
