4134 6382
385 393 484 448 111

1209 388 1573 443 APPENDIX
1611 387 1706 438 AD
1745 385 1987 439 OPERA
2021 385 2082 436 S.
2123 385 2444 440 DIONYSII
2485 386 2988 440 AREOPAGITE.

3703 383 3815 438 112

379 517 593 575 Christi
625 513 958 590 signiﬁcat;
993 512 1274 586 quoniam
1329 510 1500 566 Pater
1545 509 1603 564 in
1655 508 2044 581 sequentibus

2189 506 2276 560 πεῖ
2305 508 2395 562 καὶ
2429 507 2480 562 έν
2511 513 2626 567 τοῖς
2657 507 2780 578 ἑξῆς
2808 509 2836 562 ὁ
2868 508 3079 582 Πατὴρ,
3118 504 3351 584 νεφέλης
3401 504 3596 569 αὐτοὺς
3654 527 3814 584 περι-

377 609 458 665 ait
485 609 646 680 ipsos
679 605 871 678 specie
902 602 1079 659 nubis
1107 601 1354 670 efﬁctos,
1381 616 1446 655 eo
1479 599 1634 670 quod
1672 598 1895 652 dictum
1927 595 2040 651 sit:

378 697 556 752 Nubes
583 695 822 765 suscepit
854 710 979 748 eum
1011 692 1079 746 ab
1114 691 1287 746 oculis
1318 687 1682 760 ipsorum(v).

453 786 672 856 Absque
700 800 876 839 mora.
911 782 1069 837 Dixit
1101 782 1308 836 merito
1339 780 1545 849 absque
1583 792 1780 832 mora:
1812 790 1948 830 nam
1982 773 2044 828 in

386 874 709 932 sensilibus
738 871 971 944 proprie
1000 887 1092 925 res
1125 870 1275 923 fiunt
1306 866 1556 936 tardius,
1585 873 1637 920 el
1670 865 1727 919 in
1760 870 2043 934 tempore.

390 967 451 1020 In
493 961 856 1034 incorporeis
914 964 1112 1014 autem
1171 960 1228 1012 et
1276 953 1778 1026 intelligibilibus,
1831 956 2046 1023 puncto

387 1052 674 1126 temporis
705 1056 762 1106 et
793 1053 1070 1121 perpetuo
1102 1051 1162 1102 et
1183 1045 1310 1101 sine
1342 1045 1715 1099 cunctatione
1746 1043 1846 1098 49
1880 1041 2048 1113 perti-

388 1143 662 1209 ciuntur;
697 1157 810 1195 non
844 1142 1074 1210 oportet
1113 1135 1295 1208 igitur
1342 1138 1581 1205 tempus
1609 1132 1668 1188 in
1703 1130 2048 1203 intelligibi-

386 1232 545 1286 libus
577 1229 903 1285 nominare.

456 1318 847 1391 Efﬁcientiam.
877 1320 1009 1380 Pro,
1039 1313 1423 1386 spirationem
1453 1314 1555 1367 aut
1577 1309 1955 1367 volationem.

457 1409 696 1481 Subque.
732 1406 811 1461 Ex
838 1405 965 1461 loco
998 1419 1276 1476 supremo
1327 1401 1399 1456 ad
1449 1401 1774 1468 infernum,
1807 1397 1959 1454 sicut
1988 1399 2048 1454 in

392 1497 552 1555 scala
587 1496 790 1554 Jacob.

459 1588 639 1644 Aerei.
671 1585 819 1641 Nota
864 1583 1023 1639 enim
1070 1580 1263 1637 dicere
1293 1583 1557 1648 ventum,
1591 1594 1830 1634 aereum
1871 1577 2048 1650 spiri-

395 1683 784 1822 tugitintosum.
820 1762 948 1819 Alia
995 1759 1415 1832 contemplatio
1466 1755 1881 1831 appellationis
1910 1772 2050 1812 ven-

391 1861 612 1913 torum.

463 1944 784 2018 Symbolica
812 1942 1114 2009 theologia.
1147 1939 1296 1994 Nota
1327 1942 1385 1993 et
1414 1937 1598 1993 alium
1651 1936 1780 2007 ejus
1828 1936 2048 1992 librum

391 2035 706 2090 ineditum.
738 2031 1379 2096 Quadrielementarem
1411 2031 1606 2083 autem
1640 2026 2048 2098 purgationem

393 2124 536 2180 dicit
564 2136 898 2178 sermonem
945 2118 1106 2174 aliud
1153 2117 1348 2173 verbis
1398 2115 1558 2171 aliud
1592 2131 1768 2170 sensu
1802 2116 1874 2170 de
1903 2131 2049 2186 qua-

389 2220 527 2269 tuor
572 2209 883 2267 elementis
934 2208 1390 2281 significantem,
1433 2209 1694 2261 mentem
1746 2205 1816 2259 ad
1867 2204 2052 2259 subli-

393 2304 637 2358 miorem
669 2299 1068 2372 cognitionem
1121 2296 1560 2368 perducentem.
1593 2294 1768 2364 Signa
1797 2310 1954 2360 vero,
1988 2297 2051 2348 ut

387 2391 642 2460 videtur,
675 2394 932 2462 quatuor
969 2385 1396 2442 elementorum
1445 2385 1636 2456 magis
1669 2383 1768 2438 illo
1815 2384 1873 2438 in
1926 2383 2052 2438 loco

388 2479 688 2552 explicuit.
755 2479 905 2534 Nota
973 2482 1170 2532 autem
1255 2475 1552 2546 quomodo
1637 2473 2056 2545 interpretetur

390 2570 540 2625 illud
597 2586 610 2623 :
661 2568 902 2639 Spiritus
951 2566 1052 2621 ubi
1096 2563 1219 2620 vult
1265 2566 1440 2636 spirat
1482 2564 1608 2634 (v‘),
1659 2579 1761 2635 per
1808 2579 1877 2618 ea
1923 2577 2056 2633 quas

395 2659 766 2725 afferuntur;
798 2655 942 2711 dicit
984 2653 1141 2711 enim
1177 2671 1190 2710 :
1223 2655 1410 2710 Nescis
1459 2651 1608 2708 unde
1654 2656 1830 2721 venit,
1861 2655 1917 2708 et
1947 2667 2056 2722 quo

397 2747 550 2803 vadit
577 2749 680 2815 (ω).

471 2833 1014 2908 Supcrmundialiler
1077 2832 1336 2904 repletas.
1405 2832 1567 2886 Sicut
1633 2830 1790 2886 enim
1866 2830 2054 2884 nubes

399 2930 600 2982 evocat
629 2940 844 2996 aquam
893 2922 1095 2989 maris,
1128 2927 1185 2976 et
1215 2920 1462 2978 effundit
1493 2921 1684 2992 ipsam
1735 2922 1792 2974 in
1845 2919 2051 2974 faciem

399 3021 588 3083 terrae,
643 3013 968 3070 secundum
1028 3010 1435 3082 Scripturam:
1487 3010 1595 3078 Qui
1639 3014 1793 3064 vocat
1848 3024 2054 3078 aquam

395 3104 588 3169 maris,
620 3109 672 3157 et
697 3099 937 3174 effundit
986 3101 1165 3170 ipsam
1213 3100 1274 3153 in
1323 3100 1647 3153 universam
1691 3097 1892 3168 faciem
1938 3099 2052 3151 ter-

395 3209 478 3248 rae
509 3194 654 3260 (:s');
689 3190 773 3246 sic
805 3189 979 3245 etiam
1031 3193 1258 3244 mentes
1310 3186 1608 3258 propriam
1662 3187 2052 3258 suscipientes

2153 592 2486 660 πλάττεσθαι
2541 594 2685 652 ἰδέαν
2745 595 2934 675 φησὶν,
2997 594 3087 650 διὰ
3141 597 3204 652 τὸ
3263 595 3509 673 εἰρῆσθαι
3543 615 3556 629 ·

3599 597 3819 669 Νεφέλη

2157 618 2486 660 πλάττεσθαι
2544 618 2685 652 ιοεαν
2745 618 2934 675 φησιν,
2997 618 3087 650 οια
3141 618 3204 652 το
3263 618 3509 673 ειρησυαι
3543 618 3556 629 ·
3599 618 3708 674 ne?

2157 679 2422 740 ὑπέλαϐεν
2452 687 2614 742 αὐτὸν
2647 685 2756 742 ἀπὸ
2784 690 2891 741 τῶν
2929 684 3232 760 ὀφθαλμῶν
3260 686 3463 742 αὐτῶν.

2226 774 2534 850 ’Λχρόνως.
2587 775 2864 852 Ἀχρόνως
2916 775 3138 837 εἷ’κότως
3193 773 3295 850 ἔφη
3333 793 3345 807 ⁸
3398 774 3486 830 ἐπὶ
3545 776 3650 852 γὰρ
3705 779 3824 832 τῶν

2156 861 2430 934 αἰσθητῶν
2490 865 2695 940 κυρίως
2747 863 2800 919 έν
2863 865 3051 940 χρόνῳ
3101 863 3192 919 καὶ
3242 861 3545 940 βραδύτερα
3572 865 3637 921 τὰ
3669 865 3825 940 γινό-

2165 973 2298 1026 μενα
2332 971 2344 983 ⁶
2397 951 2483 1008 έπὶ
2545 950 2602 1008 δὲ
2655 958 2763 1008 τῶν
2821 954 3127 1028 ἀσωμάτων
3181 952 3272 1008 καὶ
3312 958 3524 1025 νοητῶν
3559 954 3821 1029 ἀχρόνως

2160 1043 2251 1097 καὶ
2283 1042 2520 1106 αἰωνίως
2551 1044 2641 1098 καὶ
2673 1042 2908 1116 ἀμελητὶ
2941 1041 3404 1119 τελεσιουργεῖται
3440 1062 3453 1076 ⁸
3488 1043 3551 1098 οὐ
3591 1040 3674 1099 δεῖ
3723 1041 3821 1099 οὖν

2159 1131 2362 1207 χρόνον
2396 1131 2483 1187 ἐπὶ
2514 1135 2622 1187 τῶν
2656 1137 2867 1204 νοητῶν
2902 1132 3210 1207 ὀνομάζειν.

2229 1314 2485 1382 Ποίησιν.
2519 1311 2670 1368 Ἀντὶ
2699 1315 2797 1367 τοῦ
2830 1316 3047 1367 πνεῢσιν
3079 1311 3115 1381 ἢ
3147 1318 3368 1381 πτῆσιν.

2230 1401 2327 1456 Καὶ
2362 1405 2462 1470 τήν
2497 1399 2736 1458 ἄνωθεν.
2769 1402 2848 1458 Τὸ
2881 1398 2940 1456 δὲ
2967 1402 3168 1457 ἄνωθεν
3198 1400 3286 1457 έπὶ
3315 1401 3382 1456 τὰ
3409 1401 3580 1474 κάτω,
3616 1400 3692 1463 ὡς
3723 1399 3818 1455 ἐπὶ

2155 1497 2256 1560 τῆς
2286 1483 2482 1544 Ἰακὼὸ
2513 1487 2810 1563 κλίμακος.

2231 1578 2466 1655 Ἀερίου.
2503 1578 2847 1654 Σημείωσαι,
2879 1577 2966 1634 ὅτι
2995 1579 3176 1654 ἀέριον
3225 1581 3442 1654 πνεῦμα
3476 1579 3570 1635 τὸν
3622 1577 3828 1654 ἄνεμον

2161 1665 2329 1745 λέγει.

2229 1757 2564 1832 Ἀνεμιαίαν.
2625 1759 2816 1834 Ἑτέρα
2867 1759 3069 1836 θεωρία
3140 1765 3242 1829 τῆς
3320 1759 3535 1833 ἀνέμων
3615 1757 3834 1815 ἐπωνυ-

2165 1867 2313 1920 μιας.

2233 1932 2562 2010 Συμϐολικῇ
2593 1934 2872 2012 θεολογίᾳ.
2908 1937 3231 2010 Σημείωσαι
3281 1939 3372 1992 καὶ
3419 1933 3606 2012 ἕτερον
3658 1937 3835 1993 αὐτοῦ

2161 2025 2493 2102 σύγγραμμα
2552 2028 2628 2098 μή
2704 2025 3003 2102 φερόμενον
3039 2045 3052 2060 °
3111 2027 3504 2102 τετράστοιχον
3574 2024 3631 2081 δὶ
3703 2029 3838 2082 ἀνα-

2159 2115 2420 2189 κάθαρσιν
2481 2115 2578 2184 τὴν
2625 2118 2733 2168 τῶν
2793 2116 3068 2191 τεσσάρων
3119 2116 3409 2191 στοιχείων
3469 2115 3831 2191 ἀναγωγικήν

2161 2201 2507 2278 ἀλληγορίαν
2539 2204 2670 2277 φησί
2709 2221 2720 2233 ⁸
2755 2203 2821 2258 τὰ
2852 2199 3106 2276 σύμϐολα
3158 2203 3239 2272 δὲ,
3285 2204 3362 2268 ὡς
3408 2202 3572 2274 ἔοικε,
3609 2203 3834 2278 μᾶλλον

2157 2297 2265 2346 τῶν
2294 2291 2568 2366 τεσσάρων
2601 2293 2888 2367 στοιχείων
2944 2292 3054 2348 ἐκεῖ
3105 2290 3194 2348 διὰ
3247 2295 3477 2369 θεωρίας
3534 2294 3824 2365 ἀνέπτυξε.

2163 2381 2481 2454 Σημείωσαι
2515 2378 2592 2452 δὶ,
2625 2385 2739 2444 πῶς
2772 2381 3061 2458 έρμηνεύει
3089 2384 3153 2438 τό
3190 2402 3202 2416 ·
3236 2385 3458 2456 Πνεῦμα
3503 2382 3641 2438 ὅπου
3675 2381 3836 2448 θέλει

2160 2475 2305 2540 πνεῖ,
2337 2469 2426 2524 διὰ
2473 2473 2583 2525 τῶν
2632 2468 3034 2549 ἐπιφερομένων
3071 2490 3085 2504 ⁸
3138 2472 3273 2550 φησὶ
3324 2470 3428 2548 γάρ
3463 2491 3476 2504 °
3511 2472 3622 2527 Οὐκ
3672 2470 3836 2536 οἶδας

2161 2559 2324 2616 πόθεν
2357 2554 2601 2635 ἔρχεται,
2635 2560 2726 2614 καὶ
2757 2563 2864 2614 ποῦ
2898 2560 3113 2637 ὑπάγει.

2231 2827 2642 2905 ρΥπερκοσ-μίως
2700 2827 3300 2905 ἀποπεπληρωμένοις.
3348 2834 3553 2907 Ὥσπερ
3630 2833 3736 2909 γὰρ
3796 2837 3832 2904 ἡ

2162 2916 2362 2994 νεφέλη
2417 2916 2812 2993 προσκαλεῖται
2872 2919 2935 2972 τὸ
2986 2921 3087 2984 τῆς
3147 2919 3424 2990 θαλάσσης
3501 2918 3670 2996 ὕδωρ,
3735 2924 3831 2978 καὶ

2164 3007 2319 3082 ἐκχεῖ
2374 3007 2506 3062 αὐτὸ
2556 3005 2644 3062 ἐπὶ
2689 3007 2750 3062 τὸ
2799 3005 3096 3082 πρόσωπον
3149 3015 3250 3077 τῆς
3281 3015 3402 3083 γῆς,
3437 3009 3573 3065 κατᾶ
3623 3010 3685 3065 τὸ
3750 3011 3832 3065 εἷ-

2165 3094 2399 3172 ρημένον
2437 3114 2452 3128 ’
2507 3096 2568 3152 Ὁ
2643 3093 3132 3170 προσκαλούμενος
3212 3096 3274 3151 τὸ
3353 3095 3498 3172 ὕδωρ
3549 3105 3648 3168 τῆς
3731 3111 3832 3164 θα-

2165 3184 2393 3255 λάσσης,
2453 3182 2540 3239 καί
2602 3183 2808 3261 έκχέων
2864 3184 2996 3239 αὐτὸ
3070 3183 3158 3241 έπὶ
3240 3191 3343 3241 πᾶν
3403 3187 3464 3242 τὸ
3516 3188 3827 3265 πρόσωπον

398 3279 815 3352 cognitionem,
862 3278 1050 3334 instar
1101 3275 1345 3331 nubium
1396 3275 1456 3330 in
1509 3274 1814 3331 inferiores
1865 3275 2044 3348 expli-

2186 3281 2259 3344 τῆς
2315 3282 2419 3350 γῆς
2454 3295 2465 3307 ο
2501 3259 2791 3330 οὕτωηκαὶ
2851 3275 2903 3328 οἱ
2960 3273 3078 3337 νόες
3135 3271 3431 3351 δεχόμενοι
3463 3259 3571 3347 τὴν,
3619 3277 3830 3335 οἰκείαν

398 3375 556 3429 cant.

476 3549 608 3605 Sine
668 3548 842 3621 fastu.
912 3546 1097 3618 Dixit,
1163 3547 1288 3601 sine
1348 3545 1528 3615 fastu,
1597 3561 1701 3600 seu
1769 3548 2064 3617 tempera-

406 3643 503 3708 te;
546 3639 747 3694 lumen
777 3636 936 3694 enim
969 3636 1027 3691 in
1060 3635 1218 3690 nube
1265 3633 1583 3689 refractum
1635 3650 1701 3690 ac
1749 3635 2062 3690 remissum

411 3733 524 3787 est.

485 3817 681 3874 lmbris
724 3817 1153 3889 generationem.
1186 3812 1316 3868 Alia
1345 3812 1570 3868 ratione
1613 3812 2064 3884 contemplatur,

406 3908 545 3980 quid
580 3907 766 3963 nubes
797 3905 1163 3979 signiﬁcent;
1198 3901 1404 3958 ordine
1449 3906 1647 3958 autem
1702 3902 2067 3958 descendens

403 3996 568 4064 dicit,
599 3995 907 4059 electrum,
938 4011 1016 4050 ses
1047 3995 1105 4049 et
1135 3996 1326 4048 certos
1356 3991 1603 4063 colores,
1637 3996 1814 4062 atque
1847 3991 2067 4047 formas

402 4087 658 4142 ferarum
690 4085 916 4157 aliquid
950 4084 1009 4138 in
1043 4082 1271 4155 angelis
1303 4080 1660 4153 significare.

474 4174 910 4246 Receptaculum.
947 4171 1340 4242 Excipientem
1373 4169 1571 4225 sinum
1595 4167 1820 4225 vocavit
1848 4172 2067 4224 terram

397 4263 624 4338 pluvias
649 4262 1094 4334 suscipientem,
1119 4277 1223 4333 per
1247 4259 1412 4332 ipsas
1437 4258 1704 4330 proprios
1738 4258 2065 4330 parientem

402 4352 655 4408 fructus.

468 4440 498 4515 §
527 4441 649 4498 VII.
681 4439 785 4496 Sed
816 4441 1082 4511 quoniam
1115 4437 1258 4495 haec.
1299 4439 1374 4493 De
1421 4435 1632 4510 ﬁguris
1664 4435 1882 4492 formas
1913 4437 2064 4492 fera-

399 4547 526 4587 rum
562 4529 974 4587 referentibus.

2170 3368 2392 3439 γνῶσιν,
2417 3363 2656 3443 νεφελῶν
2700 3361 2857 3433 δίκην
2889 3363 2978 3419 ἐπὶ
3003 3363 3130 3426 τοὺς
3163 3362 3582 3442 ὑποδεεστέρους
3614 3364 3836 3423 ἁπλοῦ-

2173 3475 2279 3509 σιν.

2244 3543 2750 3617 Ἀνεκπομπεύτως.
2815 3544 3310 3616 Ἀνεκπομπεότως
3386 3547 3551 3622 φησὶν
3580 3590 3594 3614 ,
3660 3542 3842 3621 ἤγουν

2174 3653 2621 3708 συγκεκραμενως
2655 3649 2668 3664 ⁸
2731 3627 3116 3703 ἀναπόϐλητον
3187 3635 3294 3710 γὰρ
3367 3633 3418 3690 ἐν
3490 3633 3691 3714 νεφέλῃ
3774 3637 3840 3692 τὸ

2174 3742 2289 3798 φως
2303 3767 2312 3777 .

2247 3804 2664 3884 Ὀμϐροτοκίαν.
2710 3811 2942 3885 Ἑτέρως
2991 3812 3204 3888 Θεωρεῖ,
3254 3811 3307 3867 τί
3357 3811 3578 3891 νεφέλαι
3627 3815 3843 3888 σημαί-

2174 3921 2325 3954 νουσι
2361 3918 2374 3932 ο
2409 3900 2757 3976 παρακατιὼν
2809 3896 2888 3972 δὲ,
2918 3897 2972 3954 τί
3020 3922 3152 3978 φησι
3205 3901 3492 3975 σημαίνειν
3537 3901 3842 3978 ἤλεκτρον,

2173 3988 2265 4043 καὶ
2297 3986 2530 4063 χαλκὸν,
2561 3988 2740 4044 καὶτὰ
2769 3990 2901 4043 ποιὰ
2933 3990 3207 4064 χρώματα
3238 3991 3330 4046 καὶ
3364 3994 3578 4069 μορφὰς
3623 3992 3840 4068 Θηρίων

2177 4077 2265 4132 έπὶ
2291 4077 2562 4153 ἀγγέλων.
3707 4113 3710 4116 ~

2248 4163 2588 4242 Ἐκδόχειον.
2634 4163 2950 4242 Ἐκδόχειον
3009 4166 3245 4238 κόλπον,
3297 4170 3396 4239 τήν
3455 4169 3584 4232 τοὺς
3644 4169 3841 4233 ὑετοὺς

2176 4253 2593 4332 ὑποδεχομένην
2627 4255 2875 4330 ὠνόμασε
2921 4263 3050 4332 γῆν,
3085 4254 3154 4311 δι’
3184 4256 3360 4314 αὐτῶν
3414 4259 3540 4322 τοὺς
3593 4258 3838 4322 οἰκείους

2172 4345 2464 4401 τίκτουσαν
2493 4346 2760 4422 καρπούς.

2244 4438 2421 4506 θνΙΙ·
2457 4433 2611 4493 Ἀλλ’
2651 4431 2839 4505 ἀπειδή
2891 4439 3079 4494 ταῦτα.
3115 4437 3244 4512 Περὶ
3295 4441 3405 4492 τῶν
3459 4438 3840 4515 θηρομόρφων

2171 4524 2357 4581 τύπων
2369 4567 2382 4582 .

468 4622 496 4689 §
547 4620 692 4676 VIII.
741 4619 1124 4690 Vestigiorum.
1180 4615 1330 4672 Nota
1384 4632 1454 4671 ex
1511 4615 1622 4672 hoc
1681 4616 1808 4671 loco
1868 4614 2054 4672 leonis

2243 4619 2270 4686 §
2299 4616 2447 4672 VIII.
2482 4615 2697 4691 Ἰχνῶν.
2728 4612 3045 4687 Σημείωσαι
3094 4613 3158 4670 τὸ
3209 4616 3433 4690 φυσικὸν
3479 4620 3576 4671 τοῦ
3608 4615 3838 4680 λέοντος

396 4715 706 4776 naturam;
759 4708 966 4763 dicunt
1013 4706 1171 4762 enim
1222 4708 1530 4761 venatores
1577 4704 1762 4760 latere
1811 4705 2059 4778 cupien-

392 4804 537 4866 tem,
570 4799 712 4854 dum
765 4797 1003 4866 incedit,
1035 4794 1285 4867 vestigia
1333 4810 1462 4861 sua,
1500 4810 1572 4849 ne
1603 4799 2058 4879 cognoscantur,

392 4889 581 4945 cauda
611 4887 838 4954 delere;
874 4887 1030 4940 unde
1063 4889 1119 4940 et
1151 4885 1221 4939 de
1255 4888 1366 4939 Deo
1397 4881 1616 4938 dicitur
1651 4901 1663 4939 :
1699 4888 1762 4938 In
1794 4901 1941 4939 mari
1971 4887 2062 4941 via

391 4980 510 5046 tua,
543 4982 596 5033 et
623 4978 835 5033 semita?
880 4983 997 5032 tuae
1040 4975 1105 5030 in
1153 4974 1316 5045 aquis
1345 4971 1562 5041 multis,
1595 4981 1650 5029 et
1688 4975 1921 5045 vestigia
1962 4985 2061 5030 tua

388 5083 502 5122 non
529 5070 924 5136 cognoscentur
945 5065 1025 5135 (ῃ)
1051 5081 1062 5119 :
1089 5062 1590 5135 quemadmodum
1625 5063 1783 5119 enim
1814 5064 1910 5118 via
1939 5081 2056 5120 non

391 5160 661 5212 servatur
689 5155 747 5209 in
781 5153 975 5226 aquis,
1007 5169 1201 5224 neque
1231 5151 1478 5224 vestigia
1508 5152 1718 5222 leonis,
1753 5153 1834 5208 ita
1865 5169 2057 5225 neque

390 5261 633 5317 gressus
664 5244 788 5299 Dei.

457 5333 826 5389 Facilitatem.
879 5330 1219 5387 Acutissimi
1273 5329 1566 5402 siquidem
1615 5330 1779 5386 visus
1831 5331 2054 5402 animal

385 5429 476 5479 est
520 5422 741 5495 aquila.
793 5423 972 5478 Fama
1021 5425 1110 5476 est
1157 5419 1388 5492 aquilas
1439 5419 1520 5475 ita
1574 5435 1921 5492 germanum
1979 5423 2052 5478 ab

387 5511 653 5570 adultero
699 5513 901 5568 foetum
954 5511 1289 5567 discernere
1324 5525 1336 5566 :
1373 5510 1425 5565 si
1454 5508 1777 5566 intenderit
1824 5510 2053 5582 absque

2171 4703 2429 4759 ἐντεῦθενο
2463 4706 2591 4782 φασὶ
2621 4704 2724 4778 γὰρ
2759 4702 3009 4776 δτι,τοὺς
3044 4704 3370 4780 θηρεύοντας
3396 4705 3669 4770 λανθάνειν
3706 4705 3840 4780 βου-

2175 4793 2429 4868 Λόμενος,
2479 4798 2817 4869 περιπατῶν,
2849 4797 2917 4866 τῇ
2969 4794 3103 4869 οὐρᾷ
3154 4793 3455 4872 έξαφανίζει
3511 4795 3580 4849 τὰ
3636 4795 3836 4849 ἑαυτοῦ

2173 4881 2327 4960 ἴχνη,
2356 4882 2447 4938 ’ίνα
2477 4884 2552 4956 μὴ
2584 4887 2899 4958 γνωσθῶσιν
2931 4901 2944 4915 ο
2979 4883 3098 4947 ὅθεν
3127 4882 3215 4938 καὶ
3247 4883 3372 4960 περὶ
3407 4888 3539 4940 Θεοῦ
3571 4880 3788 4959 εἷ’ρηται
3818 4903 3834 4917 ·

2169 4973 2257 5028 Ἐν
2315 4976 2384 5046 τῇ
2445 4970 2687 5045 θαλάσσῃ
2737 4973 2771 5040 ἡ
2823 4969 2950 5033 ὁδός
3003 4992 3120 5044 σου⁹
3160 4973 3250 5026 καὶ
3305 4974 3361 5027 αἱ
3402 4968 3584 5048 τρίὸοι
3634 4994 3732 5028 σου
3775 4972 3830 5028 έν

2168 5059 2322 5116 ὕδασι
2381 5059 2640 5129 πολλοῖς,
2669 5061 2759 5115 καὶ
2815 5063 2883 5115 τὰ
2939 5059 3068 5137 ἴχνη
3123 5082 3218 5116 σου
3265 5063 3329 5118 οὐ
3360 5064 3778 5139 γνωσθήσονται
3813 5082 3826 5094 ·

2167 5149 2350 5226 ὥσπερ
2403 5150 2507 5226 γὰρ
2566 5147 2692 5212 ὁδὸς
2749 5151 2799 5206 έν
2859 5147 3044 5206 ὕδασιν
3102 5149 3164 5205 οὐ
3223 5151 3472 5223 σώζεται,
3507 5149 3632 5207 οὕτε
3691 5150 3825 5228 ἴχνη

2166 5238 2407 5308 λέοντος,
2441 5238 2617 5302 οὕτως
2652 5237 2776 5294 οὔτε
2808 5240 2940 5295 Θεοῦ
2971 5245 3218 5316 πορεῖαι.

2236 5329 2595 5405 Εὐμήχανον.
2657 5331 3096 5403 Ὀξυωπέστατον
3175 5332 3279 5407 γὰρ
3359 5335 3497 5400 ζῶον
3559 5333 3587 5386 ὁ
3645 5330 3822 5395 ἀετός.

2164 5419 2337 5494 Λόγος
2368 5418 2471 5494 γὰρ
2498 5417 2626 5481 τοὺς
2659 5418 2850 5483 ἀετοὺς
2875 5424 2982 5474 τῶν
3023 5420 3359 5494 τικτομένων
3405 5421 3474 5475 τὰ
3519 5422 3716 5495 γνήσια
3763 5418 3827 5475 ἐκ

2160 5515 2268 5566 τῶν
2327 5508 2500 5573 νόθων
2557 5504 2700 5562 οὕτω
2760 5507 3094 5584 διακρίνειν·
3128 5507 3214 5564 ἐὰν
3248 5509 3564 5566 ἀτενίσωσιν
3620 5508 3823 5584 ἀσκαρ-

457 5724 535 5794 (υ)
565 5726 690 5783 Act.
725 5743 764 5794 ι,
795 5727 849 5784 9.
927 5725 1029 5799 (ν’)
1058 5725 1229 5782 Joan.
1263 5739 1348 5790 ιιι,
1379 5723 1433 5781 8.
1511 5721 1593 5794 (ac)
1628 5721 1774 5778 Ibid.
1853 5724 1967 5796 (ω’)
1999 5725 2054 5780 Ai

2189 5766 2203 5794 ,
2234 5743 2290 5797 v,
2322 5726 2376 5783 8.
2452 5725 2536 5796 (ῃ)
2567 5722 2722 5781 Psal.
2758 5738 2946 5793 Lxxvr,
2976 5723 3068 5780 20.
