4134 6398
345 389 462 444 113
1072 402 1130 454 S.
1174 401 1444 456 ΜΔΧΙΜῙ
1484 401 1794 456 SCHOLIA
1831 403 1907 456 IN
1945 403 1998 455 L1

2122 404 2220 456 DE
2255 405 2585 459 CCELESTI
2622 407 3094 461 HIERARCHIA.
3694 403 3796 458 114

345 507 599 587 δαμυκτὶ
631 515 769 590 πρὸς
796 516 890 572 τὸν
944 516 1131 589 ἥλιον,
1184 519 1382 597 γνήσιά
1431 522 1584 577 εἰσιν
1635 522 1680 579 εἶ
1713 521 1772 578 δὲ
1824 523 1924 597 μὴ,
1957 522 1998 577 ὡ

2145 526 2462 584 nictatione
2494 528 2552 584 in
2584 527 2792 596 solem,
2853 544 3174 600 germanus
3205 535 3328 596 est;
3354 526 3446 583 sin
3478 542 3634 582 vero.
3668 530 3796 583 tan-

345 602 493 668 νόθα
537 600 952 664 ἀποϐάλλονται
1000 611 1042 646 ⁸⁷
1092 613 1191 675 τῆς
1237 610 1454 674 καλιᾶς·
1489 612 1662 676 οὕτως
1712 611 1804 668 οὗν
1854 612 1944 668 καὶ

2138 632 2314 688 quam
2353 617 2725 674 adulterinus
2751 617 3028 689 dejicitur
3081 633 3111 672 e
3171 617 3346 672 nido:
3382 615 3466 671 sic
3504 631 3643 688 ergo
3693 615 3794 688 qui

355 694 438 767 μὴ
495 691 791 769 δυνάμενος
843 702 1095 774 καθαρῶς
1153 705 1234 773 τῷ
1289 699 1442 775 ἡλίῳ
1497 710 1597 772 τῆς
1674 702 1989 775 δικαιοσύνη

2136 707 2343 778 nequit
2373 725 2516 780 pure
2547 707 2607 762 in
2641 706 3091 778 solemjustitiae
3123 706 3449 774 intendere,
3501 704 3731 761 alienus
3762 723 3796 762 a

345 781 620 853 ἀτενίσαι,
653 784 814 850 νόθος
844 793 946 858 τῆς
975 787 1140 844 αὐτοῦ
1170 791 1426 866 γνώσεως
1453 790 1774 867 εὑρίσκεται.

425 872 528 927 Καὶ
599 873 808 931 λευκῶν
869 878 964 951 μέν
1003 921 1016 935 .
1073 879 1394 952 Σημείωσαι
1452 879 1508 936 τί
1559 881 1726 938 ἵπποι
1785 881 2019 951 λευκοὶ,

340 963 567 1031 κυανοί,
625 963 865 1041 ἐρυθροὶ,
917 967 1243 1042 σύμμικτοι·
1298 969 1558 1044 ἀνόμοιον
1609 970 1666 1027 δὲ
1715 971 2020 1045 ὁμοιότητα

342 1050 466 1106 ἂνω
495 1050 703 1118 τελέως
735 1053 1131 1134 ἐσαφηνίσαμεν
1161 1057 1214 1114 ἐν
1244 1057 1480 1136 δευτέρῳ
1511 1059 1796 1136 κεφαλαίῳ
1824 1060 2020 1117 τούτου

336 1144 448 1195 τοῦ
485 1137 734 1217 βιϐλίου.

411 1231 541 1301 Τὴν
571 1234 692 1288 κατ’
742 1235 977 1294 εὐθεῖαν.
1009 1237 1080 1292 Τὸ
1130 1239 1231 1309 τὴν
1277 1238 1414 1313 πρὸς
1458 1239 1520 1294 τὸ
1570 1237 1798 1315 δύναμιν
1837 1241 2015 1314 ἀρμο-

337 1320 527 1376 στέον·
557 1321 628 1378 τὰ
657 1320 717 1378 δὲ
748 1323 918 1380 λοιπᾶ
945 1323 1036 1381 διὰ
1070 1327 1257 1400 μέσου.

411 1412 548 1466 Κατ’
580 1410 784 1484 ἄλλην.
822 1414 1015 1492 Ἑτέρα
1047 1416 1245 1492 θεωρία
1273 1415 1348 1480 εἷς
1378 1415 1510 1481 τοὺς
1539 1418 1797 1495 τροχούς.

409 1498 652 1577 Γελγέλ.
685 1504 1006 1578 Σημείωσαι
1054 1506 1107 1560 τί
1140 1507 1394 1580 σημαίνει
1441 1507 1506 1563 τὸ
1533 1506 1731 1585 γελγὲλ
1763 1509 1908 1583 παρὰ
1934 1513 2013 1581 τῷ

334 1593 608 1668 προφήτῃ
643 1593 934 1665 Ἰεζεκιήλ.

413 1686 620 1756 Χαρᾶς.
657 1685 786 1745 Πῶς
817 1682 1072 1759 λέγονται
1121 1683 1333 1761 χαίρειν
1382 1687 1450 1742 τὰ
1481 1685 1725 1762 οὐράνια,
1755 1685 1846 1742 καὶ
1876 1685 2006 1742 αὐτὸ

338 1772 404 1826 τὸ
431 1776 612 1827 Θεῖον.

2138 796 2336 852 divina
2367 797 2703 869 cognitione
2728 797 3037 870 reperitur.

2205 887 2268 940 Et
2297 886 2557 942 alborum
2587 887 2827 958 quidem.
2860 886 3010 941 Nota
3035 884 3316 957 quidnem
3345 884 3448 942 50
3480 883 3616 955 equi
3647 883 3790 954 albi,

2132 975 2382 1045 caerulei,
2403 975 2586 1043 rubri,
2614 975 2773 1031 misti
2793 974 3006 1031 coloris
3041 973 3376 1046 signiﬁcent
3400 992 3413 1042 ;
3438 972 3790 1028 dissimilem

2130 1079 2302 1136 porro
2335 1063 2785 1120 similitudinem
2821 1065 3074 1136 perfecte
3103 1079 3282 1135 supra
3335 1061 3396 1118 in
3447 1061 3638 1134 capite
3686 1079 3773 1118 se-

2129 1154 2320 1208 cundo
2351 1153 2532 1224 hujus
2564 1153 2698 1208 libri
2729 1153 3131 1225 exposuimus.

2198 1241 2305 1310 Τήν
2337 1240 2806 1310 κατέὐθεῖαν.Τήν
2831 1241 3226 1314 coaptandum
3251 1244 3342 1296 est
3360 1255 3494 1295 cum
3521 1234 3748 1313 δύναμιν
3771 1257 3785 1298 :

2127 1331 2354 1404 reliqua
2382 1349 2516 1389 vero
2549 1337 2691 1388 sunt
2721 1330 3090 1387 intermedia.

2197 1421 2507 1478 Secundum
2536 1422 2731 1476 aliam.
2764 1419 2892 1476 Alia
2921 1418 3336 1491 contemplatio
3367 1419 3426 1473 in
3457 1421 3637 1474 rotas.

2198 1511 2403 1581 δειραὶ.
2436 1512 2584 1567 Nota
2614 1510 2756 1583 quid
2788 1509 3078 1582 signiﬁcet
3109 1509 3306 1581 gelgel,
3339 1508 3494 1579 apud
3526 1507 3781 1580 prophe-

2121 1607 2243 1660 tam
2280 1601 2663 1658 Ezechielem.

2191 1692 2423 1749 Gaudio.
2483 1692 2783 1758 Quomodo
2839 1691 3094 1763 gaudere
3162 1689 3438 1746 dicantur
3493 1687 3773 1758 coelestia,

2114 1781 2358 1854 ipseque
2381 1787 2554 1838 Deus.

418 1862 722 1968 Ἐμπαθ-ής.
785 1863 1041 1968 ’βμπαθῆ
1100 1861 1458 1968 ἡδονὴνῇτήν
1510 1864 1856 1940 ἀνθρωπίνην
1904 1888 1998 1943 φη-

2186 1873 2505 1929 Passibilis.
2540 1870 2916 1943 Voluptatem
2958 1869 3284 1926 humanam
3332 1867 3477 1924 dicit
3533 1867 3773 1940 passibi-

347 1949 448 2018 σίν,
482 1949 550 2011 ὡς
576 1954 650 2024 τῇ
697 1952 820 2027 περὶ
872 1953 936 2007 τὸ
988 1957 1149 2027 σῶμα
1181 1952 1542 2028 εὐαλλοιώτῳ
1591 1953 1855 2029 ἐμπαθείᾳ
1885 1976 2005 2010 συν-

340 2037 630 2110 ισταμένην
642 2085 655 2097 .

400 2129 737 2199 Ῥᾳστώνην.
797 2130 868 2184 Τὸ
926 2137 1027 2200 τῆς
1089 2130 1372 2207 ῥᾳστώνης
1422 2131 1601 2206 ὄνομα
1648 2133 1852 2198 τίθεται
1905 2134 2000 2207 μὲν

329 2215 422 2271 ἰπὶ
452 2221 563 2272 τῶν
597 2223 785 2273 πονεῖν
842 2221 919 2292 μὴ
976 2219 1355 2295 βουλομένων,
1389 2219 1538 2277 ἀλλὰ
1587 2219 1860 2300 διαφόρως
1906 2226 1998 2296 ζῇν

327 2304 642 2379 έλομένων·
691 2309 946 2381 σημαίνει
992 2307 1052 2364 δὲ
1097 2312 1132 2380 ἡ
1175 2309 1320 2384 λέξις
1365 2312 1428 2365 τὸ
1481 2311 1701 2386 εὐχερὲς
1755 2311 1848 2366 καὶ
1904 2311 2004 2366 οὐκ

324 2395 618 2452 ἐπίπονον·
676 2395 904 2462 ἐνταῦθα
966 2399 1154 2471 μέντοι
1209 2400 1271 2454 τὸ
1329 2401 1593 2475 μακάριον
1653 2402 1740 2455 καὶ
1802 2401 2002 2465 ἀπαθὶς

328 2486 422 2539 καὶ
458 2483 750 2560 ἀόχλητον
805 2487 1112 2564 ὑποφαίνει.
1143 2487 1368 2552 Ἀλλως
1422 2488 1704 2564 ῥᾳστώνην
1736 2489 1868 2567 φησὶ
1897 2491 1998 2560 τὴν

325 2575 596 2631 εὐκολίαν
648 2576 739 2632 καὶ
787 2576 1078 2653 εὐμάρειαν
1124 2580 1370 2653 ψυχικὴν
1423 2577 1474 2634 ἐν
1519 2578 1812 2633 ἀναπαύσει
1866 2579 2001 2652 μετὰ

321 2663 618 2730 ἀπαθείαςο
653 2665 941 2742 ἀναλόγως
971 2665 1061 2722 οὖν
1093 2667 1182 2722 καὶ
1213 2667 1300 2722 ἐπὶ
1332 2666 1575 2745 ἀγγέλων
1606 2668 1852 2740 νοητέον·

400 2843 738 2909 Εὖπάθειαν.
771 2845 1104 2910 Εὖπάθεειαν
1153 2846 1228 2909 ὡς
1282 2845 1342 2901 ἐκ
1390 2850 1497 2901 τῶν
1546 2850 1667 2911 καθ’
1695 2849 1845 2920 ἡμᾶς
1893 2846 1994 2903 λα-

323 2927 441 2987 ϐὼν
475 2930 604 3009 ἔφη·
640 2931 810 3004 δηλοῖ
852 2932 910 2989 δὲ
953 2936 1016 2990 τὸ
1069 2933 1127 2990 εὖ
1171 2932 1317 3011 ἔχειν
1369 2932 1459 2989 διὰ
1506 2935 1729 3007 παντὸς,
1762 2936 1852 2991 καὶ
1893 2939 1991 3006 τὴν

320 3023 437 3094 ἀπή
450 3044 595 3096 μονα
623 3023 967 3081 κατάστασιν.

394 3199 636 3278 ’Ἄνδρες
694 3202 851 3277 ἱεροί.
903 3205 1082 3257 Ταῦτα
1123 3202 1230 3278 οὐχ
1279 3203 1394 3259 οἷόν
1445 3225 1505 3260 τε
1554 3210 1696 3260 νοεῖν
1739 3206 1815 3268 ὡς
1865 3205 1990 3276 εἷ’σὶ,

2118 1963 2244 2029 lem,
2275 1962 2454 2018 veluti
2489 1960 2800 2018 affectione
2845 1959 3016 2016 facile
3071 1958 3228 2015 circa
3257 1974 3471 2030 corpus
3502 1956 3776 2013 mutabili

2115 2055 2506 2108 constantem.

2185 2141 2550 2196 Facilitatem.
2583 2143 2682 2197 Gr.
2728 2136 3031 2214 ῥᾳστώνην.
3065 2137 3290 2193 Nomen
3334 2134 3627 2214 ῥᾳστώνη,
3668 2149 3771 2206 po-

2113 2231 2274 2286 nitur
2304 2248 2409 2302 pro
2435 2230 2509 2286 iis
2539 2229 2640 2301 qui
2669 2212 2933 2284 laborare
2967 2226 3195 2296 nolunt,
3243 2212 3346 2282 sed
3381 2224 3554 2280 aliter
3581 2223 3774 2280 vivere

2111 2319 2375 2392 eligunt;
2411 2318 2708 2391 signiﬁcat
2738 2321 2935 2373 autem
2967 2316 3146 2372 dictio
3177 2314 3576 2386 facile,neque
3605 2312 3770 2368 labo-

2110 2409 2376 2464 riosum:
2438 2408 2533 2463 hic
2588 2422 2725 2462 vero
2781 2406 3044 2474 beatum,
3104 2404 3232 2460 sine
3275 2401 3600 2467 affectione,
3640 2400 3768 2456 sine

2109 2498 2448 2554 turbatione
2476 2496 2760 2552 insinuat.
2820 2494 3024 2561 Aliter,
3081 2490 3362 2567 ῥᾳστώνην
3405 2495 3577 2547 vocat
3607 2506 3763 2546 com-

2109 2587 2456 2643 moditatem
2517 2591 2574 2642 et
2622 2583 2962 2640 facilitatem
3020 2581 3230 2638 animae
3289 2582 3346 2636 in
3400 2579 3602 2650 requie
3633 2580 3762 2635 sine

2108 2677 2450 2745 affectione;
2485 2692 2620 2731 cum
2653 2673 3030 2745 proportione
3049 2672 3230 2744 igitur
3259 2670 3434 2728 etiam
3460 2671 3514 2724 in
3537 2667 3762 2742 angelis

2108 2766 2602 2823 considerandum
2639 2767 2748 2819 est.

2179 2857 2389 2912 Bonam
2416 2853 2788 2928 afectionem,
2821 2850 2915 2906 Gr.
2951 2848 3255 2912 εὐπάθειαν.
3289 2845 3615 2917 Εὐπάθειαν,
3648 2847 3762 2902 sic-

2106 2950 2173 3001 ut
2203 2962 2272 3000 ex
2303 2945 2479 2999 rebus
2513 2941 2734 2998 nostris
2764 2939 3090 3013 intelligere
3122 2939 3333 3011 potuit,
3366 2939 3653 3008 usurpat;
3688 2935 3762 2990 si-

2105 3034 2347 3108 gniﬁcat
2373 3049 2534 3100 vero,
2558 3032 2704 3087 bene
2735 3030 2948 3086 habere
2978 3029 3040 3084 in
3097 3028 3260 3085 omni
3290 3031 3556 3099 tempore
3585 3029 3642 3080 et
3673 3023 3763 3080 in-

2103 3124 2396 3181 columem
2429 3126 2673 3179 statum.

2183 3214 2300 3269 Viri
2326 3213 2527 3266 sancti.
2561 3207 2936 3284 Impossibile
2962 3211 3070 3272 est,
3102 3206 3227 3261 haec
3257 3203 3584 3276 intelligere
3613 3202 3764 3258 sicut

319 3289 476 3360 πλὴν
531 3276 578 3346 εἰ
632 3292 710 3365 μὴ
747 3276 894 3354 τοὺς
944 3276 1266 3365 ἀξιωθέντας
1311 3294 1574 3364 τοιαύτης
1616 3292 1988 3366 τελειότητος,

2122 3305 2268 3370 sunt,
2301 3300 2413 3356 nisi
2448 3300 2521 3356 iis
2553 3276 2844 3371 qui-digni
2865 3295 3050 3352 habiti
3075 3299 3217 3351 sunt
3244 3293 3347 3349 tali
3381 3292 3760 3365 perfectione,

317 3379 551 3444 ὁποίους
610 3381 712 3455 ἄρα
767 3381 858 3434 καὶ
918 3383 1054 3436 εἶναι
1127 3384 1395 3458 προσήκει
1455 3379 1688 3458 ἄνδρας,
1749 3385 1987 3460 καθάπερ

319 3470 350 3524 ὁ
383 3469 544 3544 ἅγιος
577 3468 739 3531 οὗτός
771 3491 933 3548 φησιν
967 3469 1142 3546 ἱερεὺς
1173 3473 1240 3540 ⁸⁸,
1274 3472 1413 3526 ὥστε
1461 3471 1551 3526 καὶ
1586 3470 1743 3536 θείων
1777 3471 1989 3547 ἐλλάμ-

319 3560 468 3633 ψεων
526 3557 824 3628 ἀξιωθῆναι
875 3559 999 3635 περὶ
1045 3561 1144 3630 τὴν
1215 3556 1384 3614 ὄντων
1441 3565 1661 3636 γνῶσιν,
1717 3561 1807 3616 καὶ
1865 3563 1989 3638 περὶ

322 3648 425 3716 τὴν
478 3647 620 3722 πρὸς
669 3646 764 3702 τὸν
815 3648 948 3702 Θεὸν
997 3649 1231 3722 καθαρὰν
1284 3649 1562 3704 ἀνάτασιν’
1615 3649 1674 3706 ἐκ
1726 3650 1828 3728 γὰρ
1883 3657 1991 3706 τῶν

327 3737 593 3790 τοιούτων
627 3733 962 3810 ἐλλάμψεων
996 3737 1310 3810 θεούμενος,
1345 3735 1542 3793 λοιπὸν
1582 3740 1610 3793 ὁ
1649 3745 1775 3804 νοῦς
1807 3742 1902 3814 [ὡς
1936 3739 1988 3796 ἐν

337 3822 488 3900 ρᾅνι
519 3823 672 3895 λήξει
719 3825 1037 3899 γενόμενος]
1070 3826 1124 3881 έν
1173 3823 1277 3897 ἕξει
1309 3825 1517 3902 γίνεται
1561 3835 1662 3898 τῆς
1693 3828 1992 3904 ἀγγελικῆς

326 3911 555 3986 ἡδονῆς,
593 3914 686 3969 καὶ
729 3922 830 3985 τῆς
879 3913 930 3970 ἐν
977 3914 1210 3978 ἐκείνοις
1260 3916 1590 3993 ἀοχλησίας,
1635 3921 1755 3973 καθ’
1799 3920 1860 3989 ἣν
1896 3926 1990 3997 ῥᾳ-

323 4003 738 4076 στωνευόμενος
792 4002 988 4060 λοιπὸν
1023 4005 1052 4059 ὁ
1081 4008 1227 4077 νοῦς,
1263 4004 1336 4067 ὠς
1367 4004 1420 4060 έν
1470 4005 1623 4083 ρᾳονι
1659 4006 1811 4078 λήξει
1840 4009 1992 4082 γενό-

324 4113 518 4166 μενος,
579 4091 669 4147 έπὶ
727 4096 798 4167 τῇ
860 4094 1109 4169 σωτηρίᾳ
1162 4099 1271 4149 τῶν
1326 4094 1686 4169 σωζομένων,
1747 4097 1992 4171 ἀπαθῶν,

319 4184 449 4247 καθ’
481 4184 608 4237 ὅσον
644 4180 896 4252 δυνατὸν,
931 4184 1061 4238 Θεὸν
1094 4188 1368 4257 μιμεῖται,
1394 4184 1486 4239 τὸν
1521 4183 1748 4249 θέλοντα
1791 4187 1995 4250 πάντας

319 4270 656 4345 ἀνθρώπους
707 4278 972 4343 σωθῆναι,
1026 4269 1342 4336 ἀπολαύσας
1372 4277 1480 4328 τῶν
1520 4279 1618 4329 τοῦ
1645 4279 1778 4330 Θεοῦ
1807 4278 1995 4351 Occup-

317 4364 438 4436 γῶν
492 4360 920 4438 ἐπιφοιτήσεων,
961 4362 1208 4416 τουτέστι
1256 4366 1363 4416 τῶν
1417 4363 1571 4425 θεοὺς
1612 4362 1992 4439 ἐργαζομένων

313 4450 413 4504 καὶ
442 4449 855 4507 ἀποτελουσῶν.
894 4448 1221 4526 [Θεουργοὺς
1255 4447 1313 4505 δὲ
1339 4450 1710 4529 ἐπιφοιτήσεις
1741 4456 1875 4532 φησὶ
1903 4457 1999 4520 τὰς

319 4537 484 4600 θεοὺς
516 4536 887 4614 ἐργαζομένοις
920 4537 1010 4594 καὶ
1043 4537 1461 4614 ἀποτελοῦσας.]

399 4628 526 4680 εὈτι
605 4632 717 4682 τῶν
805 4628 900 4700 μὲν
979 4629 1082 4697 τήν
1172 4629 1566 4702 ὑπερκόσμιον.

320 4711 434 4787 δὶ,]
488 4714 572 4770 ὅτι
635 4713 718 4771 δεῖ
789 4717 881 4772 τὸν
956 4717 1256 4792 ἀγνοοῦντα
1339 4721 1414 4791 μὴ
1476 4719 1722 4796 ἐρυθριᾷν
1801 4722 1853 4777 ἐν
1914 4727 1997 4787 οἷς

320 4805 628 4878 ἠγνόησεν,
681 4803 810 4860 ἀλλ’
858 4803 1153 4882 ὁμολογεῖν
1204 4808 1303 4877 τὴν
1355 4804 1606 4883 ἄγνοιαν,
1649 4811 1738 4865 καὶ
1794 4813 1871 4884 μὴ
1922 4813 1998 4876 ὡς

322 4890 524 4967 ¹ἔτυχεν
573 4893 957 4969 ἀποκρίνεσθαι
1005 4895 1134 4970 περὶ
1187 4897 1261 4949 ὧν
1317 4897 1613 4971 ἠγνόησεν.
1663 4899 1859 4954 Ἰστέον
1918 4901 1995 4973 δὲ,

324 4981 419 5036 ὅτι
447 4983 517 5036 τὰ
553 4982 906 5058 γνωρίσματα
956 4985 1090 5060 ἅπερ
1143 4985 1294 5060 εἶχον
1339 4982 1418 5040 ἔτι
1467 4985 1735 5054 Ἕλληνες
1766 4985 1914 5052 ὄντες
1946 4993 1999 5046 οἱ

319 5069 506 5146 ἅγιοι,
565 5071 715 5126 οὗτοι
775 5072 866 5126 καὶ
932 5072 1066 5145 μετὰ
1108 5073 1171 5127 τὸ
1218 5073 1535 5148 ἐπιστρέψαι
1566 5077 1705 5151 πρὸς
1753 5078 1986 5152 Χριστὸν

314 5159 763 5235 ἀνερυθριάστως
836 5159 1146 5240 ἐπέγραφον
1221 5162 1452 5227 ἑαυτοῖς.
1533 5162 1672 5220 Ἰδοὺ
1743 5169 1846 5242 γὰρ
1905 5171 1996 5224 καὶ

323 5248 496 5311 οὗτος
526 5248 918 5326 Ἀρεοπαγίτην
950 5247 1112 5305 καλεῖ
1141 5251 1347 5306 ἑαυτόν·
1383 5251 1474 5307 καὶ
1507 5255 1534 5307 ὁ
1575 5259 1720 5318 θεῖος
1762 5259 1997 5313 Ἰουστῖ-

312 5361 414 5402 νος
445 5337 502 5395 ἐν
532 5344 613 5413 τῷ
647 5340 795 5418 Πρὸς
846 5339 1130 5413 Ἕλληνας
1179 5339 1336 5417 λόγῳ
1386 5343 1680 5400 ’1ουστίνου
1729 5343 1998 5425 ἐπέγραψε

316 5427 664 5484 ωιλοσόωου.

316 5430 664 5508 φιλοσόφου.

2099 3389 2307 3463 quales
2339 3389 2542 3461 utique
2559 3389 2737 3445 etiam
2768 3387 2924 3442 viros
2973 3401 3104 3441 esse
3137 3383 3432 3449 convenit,
3465 3381 3758 3452 quemad—

2100 3480 2340 3536 modum
2375 3482 2618 3535 sanctus
2647 3477 2743 3533 hic
2773 3477 2874 3544 ait,
2908 3475 3262 3539 sacerdotes,
3284 3475 3350 3526 ut
3378 3469 3595 3526 divinis
3617 3485 3761 3542 quo-

2102 3586 2214 3642 que
2266 3569 2326 3623 in
2384 3584 2581 3624 rerum
2643 3565 2979 3639 cognitione
3027 3561 3531 3618 illustrationibus
3589 3558 3758 3630 digni

2101 3666 2475 3724 censeantur,
2509 3663 2567 3714 et
2597 3659 2656 3713 in
2680 3674 2826 3730 pura
2847 3656 2908 3712 in
2942 3655 3126 3711 Deum
3147 3651 3476 3708 intentione
3499 3667 3512 3719 ;
3537 3667 3605 3706 ex
3627 3647 3760 3704 tali-

2104 3752 2213 3807 bus
2244 3751 2400 3806 enim
2433 3747 2932 3804 illustrationibus
2961 3761 3125 3800 mens
3147 3744 3293 3799 deus
3323 3741 3763 3812 etfecta,postea

2103 3839 2557 3912 [expeditiorem
2609 3841 2833 3893 statum
2891 3836 3124 3905 adepta]
3175 3830 3406 3888 exsistit
3461 3829 3521 3884 in
3554 3828 3760 3884 habitu

2104 3928 2384 4001 angelicae
2415 3926 2758 3999 voluptatis,
2790 3923 3030 3981 etillius
3059 3939 3191 3994 quae
3222 3922 3282 3976 in
3312 3918 3462 3992 ipsis
3484 3922 3577 3974 est
3603 3921 3763 3972 tran-

2104 4017 2460 4090 quillitatis;
2497 4017 2554 4070 in
2589 4032 2706 4088 qua
2732 4030 2920 4081 mens,
2945 4011 3156 4067 deinde
3189 4008 3559 4064 commodam
3585 4021 3767 4077 agens

2101 4108 2283 4164 vitam
2317 4107 2376 4162 in
2407 4105 2630 4161 meliori
2664 4104 2952 4159 exsistens
2985 4105 3164 4166 sorte,
3217 4103 3456 4171 propter
3513 4094 3766 4151 salutem

2104 4213 2308 4254 eorum
2342 4197 2444 4267 qui
2476 4196 2550 4250 ab
2581 4193 2744 4250 omni
2798 4193 3007 4248 atiectu
3066 4189 3234 4245 liberi
3295 4188 3628 4255 servantur,
3661 4198 3766 4255 pro

2102 4287 2326 4343 viribus
2358 4285 2567 4352 Deum,
2599 4298 2804 4338 omnes
2839 4279 3061 4337 servari
3120 4276 3442 4344 volentem,
3474 4274 3744 4329 imitatur

2106 4376 2310 4432 fruens
2341 4373 2554 4429 divinis
2585 4370 2922 4442 illapsibus,
2955 4368 3013 4422 id
3061 4372 3151 4423 est
3198 4367 3339 4422 deos
3369 4361 3731 4420 efﬁcientihu

2105 4471 2163 4521 et
2188 4458 3100 4536 perﬁcientibusvisitationibus.
3125 4455 3396 4524 [Deificos
3417 4457 3614 4508 autem
3637 4449 3767 4505 illa-

2106 4571 2251 4626 psus
2279 4557 2452 4608 vocat
2480 4568 2580 4607 eas
2605 4550 2701 4620 qui
2731 4549 2872 4603 deos
2902 4545 3168 4602 efﬁciunt
3197 4560 3263 4599 ac
3294 4541 3655 4615 perﬁciunt.)

1656 4633 1999 4705 [Σημείωσαι
2033 4647 2079 4714 D
2185 4640 2568 4708 ()uarumdam
2592 4634 3127 4709 supermundialem.
3153 4632 3325 4704 [Nota
3344 4629 3502 4701 vero]
3537 4631 3769 4699 oporte-

2108 4749 2171 4787 re
2202 4731 2574 4804 ignorantem
2607 4728 2853 4782 minime
2883 4724 3229 4780 erubescere
3258 4721 3318 4776 in
3348 4719 3424 4775 iis
3453 4735 3577 4790 quae
3606 4717 3770 4789 igno-

2107 4826 2235 4887 rat;
2271 4820 2369 4874 sed
2429 4818 2595 4873 fateri
2653 4815 3070 4889 ignorantiam,
3114 4826 3304 4882 neque
3360 4811 3534 4880 prout
3563 4822 3764 4862 occur-

2107 4911 2185 4964 rit
2215 4908 2572 4980 respondere
2601 4907 2672 4961 de
2702 4905 2776 4960 iis
2809 4920 2938 4976 quae
2996 4903 3264 4974 ignorat;
3317 4897 3624 4954 sciendum
3657 4912 3762 4950 au-

2107 5001 2226 5053 tem
2259 5001 2368 5062 est,
2416 5000 2654 5050 sanctos
2711 4992 2917 5048 titulos
2975 4990 3121 5046 istos
3177 5005 3328 5060 quos
3388 5001 3522 5042 cum
3572 4984 3764 5040 adhuc

2106 5085 2356 5157 gentiles
2389 5089 2558 5140 erant
2586 5082 2908 5146 habebant,
2960 5079 3073 5134 sibi
3133 5081 3266 5149 post
3320 5073 3762 5132 conversionem

2107 5176 2178 5231 ad
2225 5174 2520 5230 Christum
2578 5173 2705 5227 sine
2764 5171 2976 5226 rubore
3033 5166 3396 5238 ascripsisse.
3429 5165 3576 5219 Ecce
3605 5163 3762 5219 enim

2105 5265 2282 5320 etiam
2315 5263 2408 5318 hic
2440 5260 2858 5334 Areopagitam
2889 5274 2952 5314 se
2976 5261 3177 5312 vocat:
3212 5261 3270 5310 et
3290 5255 3462 5310 divus
3489 5252 3764 5308 Justinus

2105 5355 2167 5411 in
2197 5354 2345 5410 libro
2374 5352 2648 5409 Adversus
2676 5350 2944 5424 gentiles,
3003 5346 3280 5418 ascripsit
3333 5341 3550 5400 Justini
3581 5341 3767 5416 philo-

2102 5443 2296 5518 sophi.

1364 5638 1612 5697 νΑΒΙΑε
1659 5641 2056 5704 LECTIONES
2093 5645 2184 5703 ET
2222 5641 2760 5704 CORRECTIONES

395 5743 442 5780 ⁸⁷
477 5735 868 5798 ἐκϐάλλονται.
943 5740 990 5778 ’⁸
1018 5741 1214 5818 ἱερέας.
