4134 6394
379 383 484 440 115
1199 389 1566 441 APPENDIX
1603 388 1701 441 AD
1737 385 1981 442 OPERA
2015 385 2076 438 8.
2115 381 2434 437 DIONYSII
2474 383 2977 441 ABEOPAGITB.
3699 381 3802 435 116

1283 747 1817 924 ΤΟΥ
2003 745 2910 923 ΑΥΤΟΥ

1970 1041 2085 1096 ΣΙΣ
2124 1042 2212 1098 ΤΟ

791 1226 1094 1323 ΠΕΡΙ
1175 1229 1418 1324 ΤΗΣ
1503 1223 2610 1324 ΕΚΚΑΗΣΙΑΣΤΙΚΗΣ
2695 1222 3402 1321 ΙΕΡΑΡΧΙΑΣ.

857 1650 1785 1818 EJUSDEM
1865 1647 3346 1818 COMMENTARIA

1778 1948 1892 2035 IN
1969 1947 2418 2036 LIBRUM

688 2161 908 2285 DE
1029 2160 2317 2287 ECGLESIASTICA
2439 2155 3518 2282 HIERARCHIA

831 2402 1180 2484 Interprete
1221 2404 1409 2467 Petro
1441 2403 1783 2482 Lansselio,
1821 2402 2307 2482 Gravelingano,
2357 2419 2390 2462 e
2439 2397 2753 2461 Societate
2796 2398 2944 2462 Jesu
2977 2395 3372 2478 presbytero.

977 2795 1073 2852 51
1111 2794 1184 2851 IN
1225 2795 1383 2852 CAP.
1430 2799 1473 2853 Ι.
2078 2792 2133 2861 Α
2549 2835 2555 2842 -

2078 2792 2133 2861 Α
2549 2835 2555 2842 .
2653 2795 2767 2844 ΕΙΣ
2808 2789 2902 2846 ΤΟ
2943 2789 3203 2845 ΚΕΦΑΛ.
3242 2789 3324 2844 A’.

467 2901 496 2967 §
526 2897 568 2955 Ι.
603 2900 842 2969 Πθίβσεε.
876 2899 1155 2958 Deiﬂcam
1214 2903 1472 2975 appellat
1527 2918 1680 2967 eam,
1713 2918 1840 2973 quae
1873 2916 1906 2954 a
1935 2899 2052 2954 Deo

2235 2898 2335 2967 §I.
2371 2898 2446 2970 [α]
2488 2902 2841 2970 Θεουργικῆς.
2874 2899 3206 2970 Θεουργικῆς
3255 2912 3387 2972 φησι
3436 2897 3536 2962 τῆς
3591 2889 3650 2946 ix
3687 2894 3832 2947 Θεοῦ

406 2988 729 3059 perﬁcitur,
762 2990 884 3045 sive
916 3007 1040 3061 qua:
1072 2992 1416 3048 hominibus
1438 2993 1814 3062 datur,atque
1837 2988 2038 3045 idcircc

2199 2981 2577 3060 νεργουμὲνης,
2636 2983 2806 3060 ἤγουν
2867 2981 3118 3052 δοθείσης
3190 2981 3522 3058 ἀνθρώποις,
3586 2979 3676 3035 καὶ
3743 2980 3831 3036 ὅτι

405 3078 562 3147 quod
593 3078 1063 3136 Christianorum
1123 3080 1453 3137 bierarcbia
1508 3081 1648 3136 deos
1689 3079 1830 3134 facit
1858 3083 1915 3134 et
1943 3077 2037 3133 ab-

2202 3073 2316 3136 εοὺς
2377 3074 2734 3151 ἀπεργάζεται
2790 3073 2880 3128 καὶ
2940 3071 3198 3128 ἀποτελεῖ
3254 3073 3288 3141 ἡ
3359 3069 3411 3126 ἰν
3472 3072 3834 3145 Χριπιανοῖς

403 3164 600 3222 solvit.

2159 3163 2433 3240 ἱεραρχία.

472 3257 890 3315 Traditionum.
913 3259 1060 3324 Quia
1083 3259 1465 3317 ecclesiastici
1493 3259 1718 3316 ordinis
1741 3257 2050 3316 scientiam

2232 3250 2614 3328 Παραδόσεων.
2671 3255 2795 3311 ’Ότι
2850 3253 2950 3321 τὴν
3011 3251 3340 3328 ἱεραρχικὴν
3400 3247 3716 3320 ἐπιστήμην
3776 3247 3837 3303 ix

398 3345 716 3404 traditione
734 3349 976 3420 accepit.

2159 3339 2515 3416 παραδόσεως
2539 3337 2864 3418 παρέλαϐεν.

469 3440 593 3493 Νοη
623 3436 905 3508 explodas.
940 3438 998 3493 Id
1019 3442 1126 3502 est,
1153 3455 1268 3495 non
1299 3438 1546 3494 ridicule
1577 3443 1633 3494 et
1664 3439 2052 3495 irreverenter

2237 3433 2316 3508 [β]
2399 3431 2513 3490 Οὐκ
2588 3431 2891 3507 ἐξορχήσῃ.
2964 3428 3246 3486 Τουτὲστιν
3326 3427 3388 3483 οὗ
3468 3424 3831 3501 παιγνιωδῶς

403 3523 717 3580 manifesta
749 3526 1026 3582 omnibus
1049 3527 1312 3598 profanis
1337 3527 1538 3594 facies,
1568 3528 1934 3583 occasionem
1971 3527 2035 3581 rit

2201 3522 2253 3576 αὶ
2312 3517 2628 3584 ἆνιυλαϐὣς
2685 3523 2938 3591 ποιήσεις
3000 3526 3129 3576 πᾶσι
3185 3523 3304 3582 τοῖς
3359 3516 3598 3593 ἆνιὲροις
3657 3537 3833 3572 κατα-

398 3629 523 3680 sus,
556 3613 786 3670 divinas
818 3620 876 3671 et
903 3617 1164 3688 mysterii
1197 3617 1402 3687 plenas
1433 3633 1525 3672 res
1555 3617 1835 3672 efficiens.

2192 3618 2330 3680 ιανῆ,
2392 3609 2638 3688 γέλωτος
2690 3611 2946 3688 ἀφορμὴν
3005 3608 3375 3681 ποιούμενος,
3427 3607 3495 3662 τὰ
3551 3610 3669 3670 θεῖα
3726 3606 3824 3662 καὶ

2167 3721 2418 3774 μυστικα.

470 3791 611 3848 Solis
638 3808 763 3849 vero
791 3796 1016 3851 sanctis.
1052 3795 1198 3860 Quia
1228 3812 1340 3851 non
1375 3799 1602 3867 oportet
1659 3799 1859 3850 sancta
1920 3811 2052 3866 pro-

2237 3792 2313 3864 [γ]
2373 3790 2562 3864 Ἰεροῖς
2623 3786 2681 3843 δὲ
2743 3789 2955 3861 μόνοις·
2988 3790 3112 3846 “Οτι
3172 3785 3232 3842 οὐ
3283 3783 3364 3842 δεῖ
3418 3784 3487 3840 τὰ
3534 3785 3659 3860 ἅγια
3707 3791 3838 3850 τοῖς

401 3881 554 3938 fanis
593 3882 905 3953 explicare,
942 3899 1048 3940 nec
1107 3885 1459 3957 margaritas
1505 3883 1714 3940 suibus
1747 3883 2031 3955 projicere

2204 3874 2430 3949 εϐήλοις
2457 3877 2754 3956 ἐκφαίνειν,
2776 3875 2901 3933 οὐδὲ
2928 3878 3055 3941 τοὺς
3088 3876 3423 3953 μαργαρίτας
3454 3878 3569 3936 τοῖς
3603 3871 3833 3950 χοίροις

2165 3968 2392 4045 ῥίπτειν.

475 4062 837 4118 Divinissima
865 4079 1038 4118 mens.
1101 4063 1437 4121 Notandum
1479 4068 1570 4121 est
1616 4067 1820 4120 contra
1850 4064 2056 4121 Nesto-

2238 4056 2311 4131 [δ]
2389 4058 2450 4114 Ὁ
2514 4057 2952 4132 θιαρχικώτατος
3027 4060 3177 4118 νοῦς.
3257 4051 3608 4128 Σημειωτέον
3688 4053 3836 4107 κατὰ

399 4149 618 4220 rianos,
655 4156 912 4208 mentem
944 4152 1120 4210 etiam
1153 4153 1225 4208 de
1255 4153 1373 4210 Deo
1405 4153 1540 4209 dici.
1565 4153 2031 4209 Sanctiﬁcationi.

2206 4151 2563 4223 ἵεστοριανῶν,
2605 4146 2687 4202 ὅτι
2737 4151 2859 4210 νοῦς
2908 4146 2997 4203 καὶ
3045 4145 3133 4201 ἐπὶ
3193 4148 3326 4200 Θεοῦ
3375 4141 3616 4219 λέγεταυ
3671 4143 3838 4218 ἁγια-

399 4243 596 4296 autem
629 4239 749 4296 sive
781 4241 1056 4313 puritatis
1088 4242 1157 4297 ad
1191 4242 1587 4298 sanctitatem.

2087 4231 2126 4235 _
2165 4238 2340 4299 στείας
2374 4234 2451 4305 δὲ,
2485 4235 2610 4306 ἤτοι
2640 4236 3013 4311 καθαρότητος
3042 4233 3116 4297 εἷς
3148 4231 3477 4310 ἁγιωσύνην.

471 4329 572 4386 52
593 4330 783 4398 Quoad
807 4331 930 4400 ﬁer:
961 4334 1153 4401 potest.
1205 4332 1539 4388 Secundum
1575 4335 1928 4404 potestatem
1961 4349 2057 4388 es-

2245 4327 2481 4399 [ε]Κατά
2534 4323 2785 4399 δύναμιν.
2838 4330 2955 4379 Τῶν
3012 4327 3213 4398 νοερῶν
3265 4318 3440 4376 αὐτῶν
3493 4318 3692 4374 οὐσιῶν
3734 4317 3836 4374 καὶ

399 4419 753 4486 sentiarum,
786 4436 913 4492 quae
948 4425 1143 4477 mente
1173 4429 1313 4476 sunt
1338 4421 1615 4493 praeditas,
1642 4425 1701 4476 et
1725 4420 2031 4478 solament

2207 4421 2373 4486 )ητῶν
2404 4415 2539 4471 κατὰ
2586 4415 2684 4484 τὴν
2738 4412 2988 4487 δύναμιν·
3021 4412 3084 4468 οὐ
3135 4412 3235 4486 γὰρ
3269 4411 3406 4466 κατὰ
3451 4409 3552 4478 τὴν
3586 4406 3756 4462 αὐτοῦ
3791 4409 3839 4445 ⁸³

400 4513 878 4580 cognoscuntur:
915 4526 1101 4580 neque
1159 4510 1313 4565 enim
1372 4511 1569 4576 Jesus,
1604 4511 1927 4566 secundum
1963 4528 2032 4582 po

2203 4505 2395 4579 ’Ξναμιν
2486 4505 2719 4575 Ἰησοῦς·
2806 4499 3243 4578 ἆπειροδύναμος
3322 4497 3466 4575 γὰρ,
3556 4499 3647 4552 ἅτε
3732 4493 3831 4551 καὶ

401 4600 681 4654 testatem
717 4615 886 4655 suam
921 4599 1072 4671 (scil.
1105 4599 1392 4672 ἀφομοιοῖ,
1425 4599 1536 4655 sibi
1599 4599 1826 4655 similes
1854 4600 2016 4672 facit)

717 4615 886 4655 suam
921 4599 1072 4671 (scil.
1105 4599 1392 4672 ἀφομοιοῖ,
1425 4599 1536 4655 sibi
1599 4599 1826 4655 similes
1854 4600 2053 4672 facit);
2167 4593 2318 4657 Θιός.

401 4689 494 4741 est
523 4687 680 4743 enim
727 4687 972 4744 inﬁnitae
1024 4689 1352 4760 potestatis,
1395 4705 1527 4744 cum
1560 4689 1639 4744 sit
1668 4689 1845 4745 etiam
1877 4690 2052 4747 Deus.

474 4774 776 4833 Connectit.
810 4777 1222 4849 Interpretatio
1265 4777 1475 4832 borum
1508 4783 1598 4834 est
1625 4779 1685 4834 in
1720 4779 1923 4850 quinto
1955 4797 2054 4836 ca-

2239 4779 2311 4849 [ς]
2339 4774 2707 4848 Συμπτύσσει.
2768 4774 2832 4829 Ἡ
2882 4771 3142 4846 ἑρμηνεία
3192 4768 3399 4824 τούτων
3452 4766 3593 4823 ἐστὶν
3647 4765 3699 4822 ἐν
3744 4772 3834 4840 τῷ

400 4864 519 4935 pite
549 4864 681 4920 libri
716 4868 788 4921 De
806 4867 1013 4922 divinis
1032 4867 1373 4922 nominibus.

2164 4866 2296 4939 Περὶ
2329 4865 2484 4929 θείων
2524 4863 2810 4946 ὀνομάτων
2837 4861 3074 4934 πέμπτῳ
3102 4857 3403 4938 κεφαλαίῳ.

470 4955 668 5012 Multas
697 4957 1017 5012 varietates.
1079 4955 1297 5011 Multas
1353 4957 1663 5013 varietates
1716 4958 1837 5015 sive
1877 4959 2052 5015 dissi-

2236 4958 2308 5028 [ζ]
2338 4953 2557 5016 Πολλὰς
2606 4945 2950 5025 ἑτερότητας.
3001 4948 3224 5011 Πολλὰς
3282 4945 3603 5024 ἑτερότητας
3663 4945 3825 5016 οἶμαι

398 5042 770 5101 militudines
803 5044 917 5100 dici
971 5044 1245 5116 arbitror,
1281 5046 1469 5102 multa
1514 5063 1728 5119 genera
1768 5047 2019 5104 sollicitu

2203 5046 2419 5120 ἐγεσθαι
2482 5043 2578 5105 τὰς
2636 5039 2949 5102 πολυειδεῖς
3009 5044 3115 5094 τῶν
3178 5041 3453 5111 σαρκικῶν
3511 5033 3829 5107 ἐπιθυμιῶν

397 5131 609 5188 dinum
642 5134 714 5188 ad
747 5150 984 5189 carnem
1021 5149 1122 5188 seu
1177 5149 1391 5207 corpus
1439 5136 1858 5207 pertinentium
1892 5139 2028 5209 cupi

2201 5136 2449 5209 .ερίμνας,
2509 5132 2570 5195 ’ὰς
2628 5131 2950 5208 ἀπαγορεύει
3009 5131 3038 5184 ὁ
3087 5127 3304 5204 Κύριος·
3359 5121 3569 5194 ἐνοειδῆ
3623 5121 3680 5178 δὶ
3736 5123 3833 5178 καὶ

391 5219 669 5290 ditatum,
701 5238 847 5291 quas
906 5222 1194 5278 Dominus
1225 5228 1379 5279 vetat
1413 5239 1425 5279 :
1479 5224 1821 5282 uniusmodi
1854 5232 2023 5282 auten

2201 5224 2305 5279 είαν
2343 5225 2487 5294 ζωὴν
2530 5223 2591 5278 τὸ
2640 5227 2818 5293 ζητεῖν
2873 5220 2924 5276 ἐν
2976 5219 3220 5293 πρώτοις
3268 5217 3368 5285 τὴν
3417 5211 3695 5287 βασιλείαν
3727 5209 3833 5268 τοῦ

390 5309 777 5382 divinamquc
809 5311 1009 5380 vitam,
1042 5312 1300 5382 primum
1335 5331 1593 5386 quaerere
1642 5331 1888 5387 regnum
1948 5316 2022 5372 Dc

2201 5317 2296 5369 εοῦ
2328 5313 2418 5368 καὶ
2465 5314 2564 5382 τὴν
2609 5309 2958 5381 δικαιοσύνην
2993 5307 3179 5380 αὐτοῦ,
3212 5305 3344 5382 ὅπερ
3394 5305 3422 5359 ὁ
3454 5303 3652 5379 Κύριος
3701 5301 3833 5372 ἐσή-

390 5403 448 5453 et
470 5397 769 5472 justitiam
801 5401 931 5472 ejus
955 5417 969 5471 ;
995 5399 1053 5456 id
1077 5403 1232 5474 quod
1266 5401 1624 5476 signiﬁcavit
1653 5403 1939 5461 Dominus
1987 5404 2022 5460 i1

2198 5424 2352 5474 .ανεν,
2407 5401 2572 5458 εἷ’πὼν
2633 5400 2686 5457 ἐν
2728 5404 2796 5476 τῇ
2852 5401 3014 5475 εὐχῇ,
3054 5395 3146 5452 ’ίνα
3195 5397 3325 5452 ὦσιν
3367 5392 3446 5451 ἕν’
3494 5392 3557 5448 τὸ
3590 5388 3650 5448 δὶ
3679 5389 3830 5447 οὕτω

1422 5632 1667 5691 VARIB
1705 5630 2096 5691 LEGTIONES
2133 5631 2224 5690 ΒΤ
2260 5629 2798 5691 CORRECTIONES

466 5727 512 5763 ⁸³
541 5725 752 5784 ἑαυτοῦ.
