4134 6404
349 397 475 450 117
1094 400 1153 452 Β.
1196 397 1472 454 ΠΔΧΙΜΙ
1506 397 1814 453 SCHOLIA
1849 397 1923 449 ΙΝ
1964 396 1981 446 l

2168 397 2234 448 )E
2271 399 2565 455 ECCLES.
2606 402 3084 456 HIERARCHIA.
3696 396 3721 450 1
3739 395 3800 449 18

343 523 698 584 πεποιῶσθαι
748 519 852 589 τήν
893 520 1103 596 ψυχὴν,
1150 517 1258 592 ’ἕξιν
1311 520 1458 597 ἱερὰν
1512 518 1864 586 ἀπεκάλεσεν,
1905 516 1975 586 ἥτ

2165 521 2498 591 ireeatione,
2535 541 2668 580 cum
2700 524 2863 597 dicit,
2894 529 2957 583 ut
2999 526 3116 581 sint
3147 539 3318 580 unum
3340 523 3412 595 (τ)
3438 539 3451 591 ;
3485 521 3568 578 sic
3599 524 3797 578 autem

345 609 454 666 καὶ
489 607 727 682 μάλιστα
755 613 880 672 τοῖς
913 610 1235 685 ἱερωμένοις
1264 607 1584 686 πρεπώδης.

2168 611 2405 668 .ﬂ‘ectam
2437 630 2567 671 esse
2596 614 2775 671 veluti
2819 615 3102 687 qualitate
3154 614 3354 686 aliqua
3384 613 3668 679 animam,
3700 628 3800 667 sa-

2138 716 2304 757 crum
2337 701 2605 760 habitum
2631 704 2996 773 nominavit;
3029 706 3129 777 qui
3159 703 3338 760 etiam
3373 701 3626 758 maxime
3655 717 3799 757 con-

2139 796 2398 849 secratos
2431 793 2702 850 homines
2728 795 2915 851 decet.

427 883 540 939 Καὶ
599 887 702 952 τῆς
755 883 866 936 τῶν
928 881 1214 954 θεαμάτων
1274 881 1554 957 γνώσεως.
1607 875 1858 933 Τουτέστι
1915 879 2024 930 τῶν

2211 880 2499 939 Visionum
2531 886 2701 940 etiam
2749 885 3080 956 cognitione.
3135 883 3200 938 Id
3251 886 3340 939 est
3386 881 3696 938 verborum
3729 879 3801 935 de

339 971 483 1047 περὶ
519 975 653 1027 Θεοῦ
683 968 870 1046 λόγων
902 969 993 1025 καὶ
1043 967 1390 1047 διδαγμάτων
1440 971 1542 1040 τὴν
1592 967 1971 1041 ἐπιστημονικι

2171 974 2275 1038 leo,
2307 977 2364 1027 et
2412 977 2840 1046 praceptorum
2891 973 3012 1029 sive
3065 974 3554 1029 documentorum
3595 968 3803 1042 cogni-

339 1061 710 1133 κατανόησιν·
743 1061 808 1116 ού
835 1061 941 1136 γὰρ
971 1056 1106 1136 ἄχρι
1137 1059 1312 1134 ψιλῆς
1341 1066 1441 1130 τῆς
1472 1063 1581 1114 τῶν
1615 1057 1820 1133 λογίων
1855 1056 1971 1111 ἀκοῆ

2169 1058 2300 1115 ione
2349 1060 2714 1130 scientitica;
2763 1078 2954 1134 neque
3003 1062 3164 1118 enim
3212 1076 3402 1133 usque
3452 1059 3524 1114 ad
3575 1058 3797 1115 nudam

339 1150 378 1222 ἢ
418 1152 792 1230 ἐκφωνήσεως
816 1149 886 1206 τὰ
910 1153 1018 1206 τῶν
1049 1151 1208 1225 ἰερῶν
1247 1152 1523 1225 μυήσεων,
1555 1146 1703 1204 ἀλλὰ
1731 1150 1803 1222 τῇ
1847 1167 1971 1220 παρι

2166 1150 2446 1206 'erborum
2477 1151 2810 1206 divinorum
2835 1152 3223 1221 auditionem,
3249 1155 3349 1206 aut
3369 1148 3798 1223 pronuntiatio-

335 1239 697 1313 κολουθήσει
722 1247 824 1311 τῆς
858 1235 1101 1303 διανοίας
1150 1240 1242 1296 καὶ
1289 1244 1359 1314 τῇ
1411 1240 1617 1295 συνέσει
1664 1242 1772 1294 τῶν
1821 1237 1967 1310 ὑμνοη

2167 1255 2271 1294 lem
2306 1255 2486 1296 sacrm
2519 1241 2799 1296 doctrinas
2847 1245 3083 1296 tantum
3133 1240 3464 1312 pertinent;
3499 1237 3601 1295 sed
3633 1253 3799 1293 asse-

345 1331 542 1406 μένων
583 1352 598 1366 ο
651 1328 798 1386 οὕτω
846 1329 947 1406 γὰρ
1001 1330 1091 1385 καὶ
1143 1330 1194 1386 οἱ
1244 1330 1382 1386 κατὰ
1420 1330 1548 1385 Θεὸν
1600 1331 1819 1404 πρῶτον
1868 1327 1977 1397 ἀφιι

2170 1329 2370 1383 utione
2417 1330 2656 1398 mentis,
2701 1333 2760 1385 et
2806 1329 3195 1401 intelligentia
3241 1345 3444 1384 eorum
3493 1343 3622 1399 quae
3669 1325 3802 1382 lau-

341 1424 580 1496 ροῦνται
638 1419 807 1492 αύτῷ,
869 1419 962 1474 καί
1017 1419 1113 1483 εἶθ’
1170 1418 1349 1482 οὕτως
1396 1419 1600 1496 ἕτεροις
1653 1417 1716 1472 τὸ
1773 1419 1973 1472 τοιοῦτ‹

2161 1415 2378 1485 lantur,
2411 1419 2789 1487 continetur;
2825 1419 2910 1475 sic
2959 1419 3140 1486 enim,
3191 1418 3291 1490 qui
3323 1418 3441 1474 Deo
3473 1416 3793 1482 adbaarent,

341 1510 679 1586 προξενοῦσι
713 1529 728 1544 ο
760 1508 1123 1580 τελειοῦνται,
1153 1509 1242 1564 καὶ
1277 1506 1444 1564 πάλιν
1475 1507 1798 1564 τελειοῦσιν.

2163 1505 2397 1562 primum
2430 1507 2482 1564 ei
2513 1512 2956 1579 consecrantur,
3003 1507 3216 1563 deinde
3248 1507 3472 1563 caeteris
3503 1503 3795 1578 ejusmodi

2134 1594 2313 1651 ritum
2363 1597 2644 1666 tradunt;
2698 1597 3109 1670 perﬁciuntur,
3141 1601 3318 1669 atque
3365 1612 3575 1652 rursus
3616 1593 3798 1667 perli-

2135 1684 2318 1741 ciunt.

427 1783 458 1850 §
490 1783 561 1835 ΙΙ.
598 1776 878 1854 Ἀγγὲλων
910 1777 1042 1836 ἐστί.
1068 1781 1192 1836 Ὅτι
1221 1777 1317 1840 τὰς
1367 1775 1519 1832 ἰννέα
1565 1773 1739 1848 τάξεις
1787 1773 1878 1828 καὶ
1929 1775 2021 1827 νῦν

2204 1779 2233 1846 §
2263 1778 2335 1834 II.
2364 1778 2700 1851 Angetorum
2730 1787 2828 1836 est.
2878 1779 3040 1843 Quod
3093 1794 3295 1835 novem
3347 1777 3583 1835 ordines
3613 1775 3791 1832 etiam

357 1865 532 1966 λεγει,
552 1867 618 1932 ’ὰς
646 1867 1046 1942 προωνόμασεν
1080 1868 1133 1924 ἐν
1159 1872 1241 1942 τῷ
1270 1867 1401 1944 Περὶ
1433 1869 1532 1931 τῆς
1562 1863 1706 1929 θείας
1738 1861 1989 1940 ἱεραρχία

2157 1883 2292 1922 nunc
2325 1868 2487 1939 dicit,
2521 1885 2669 1940 quos
2717 1869 2883 1941 prius
2914 1869 2973 1924 in
3007 1867 3155 1924 libro
3205 1873 3290 1924 De
3335 1867 3539 1924 calein
3566 1865 3789 1922 hierar-

366 1956 540 2033 λόγῳ.

2055 1956 2100 1966 ³
2131 1956 2257 2012 ehia
2288 1957 2635 2014 nominavit.

425 2047 537 2104 Καὶ
586 2053 736 2104 πᾶσα
781 2050 816 2118 ἡ
860 2051 953 2103 νῦν
998 2048 1334 2123 ὑμνουμένη.
1367 2047 1469 2109 Τίς
1499 2049 1535 2117 ἡ
1568 2042 1798 2119 δύναμις
1840 2043 2020 2112 πάσης

2201 2048 2267 2103 Et
2293 2048 2472 2103 omnis
2501 2049 2601 2119 qui
2627 2047 2792 2105 modo
2836 2048 3200 2120 pradicatur.
3251 2049 3385 2114 Qute
3415 2051 3504 2103 vis
3552 2046 3630 2103 sit
3659 2044 3785 2102 uni-

345 2139 668 2217 ἱεραρχίας.

2127 2153 2304 2193 versaa
2335 2137 2699 2195 bierarcbiee.

419 2228 611 2286 Αὐτόν
639 2249 700 2284 τε
729 2228 821 2284 τὸν
856 2228 1146 2305 ἱεράρχην.
1180 2226 1440 2285 Τουτὲστι
1465 2225 1559 2282 τὸν
1592 2223 1905 2281 ἰπίσκοπον.

2199 2228 2266 2283 Et
2293 2228 2481 2297 ipsum
2509 2231 2660 2284 sacri
2705 2227 2918 2285 ordinis
2965 2228 3288 2285 antistitem.
3340 2227 3404 2284 Id
3443 2229 3533 2284 est
3560 2225 3787 2299 episco-

2128 2332 2296 2388 pum.

417 2402 533 2460 Καὶ
562 2407 682 2463 τοῖς
715 2395 1109 2473 ὑποϐεϐηκόσι.
1143 2399 1274 2477 Περὶ
1305 2402 1623 2476 προκοπῶν.

2201 2405 2559 2478 Subditosque
2585 2423 2731 2464 suos.
2765 2406 2925 2480 (Agit
2952 2407 3072 2476 hic)
3098 2408 3170 2463 de
3200 2404 3699 2478 promotionibus.

413 2485 872 2563 Ὑποϐεϐηκότας
900 2487 1143 2556 ἕπεσθαι.
1179 2484 1607 2565 Πρεσϐυτὲρους.

2199 2495 2290 2551 Sic
2316 2499 2378 2551 ut
2407 2497 2620 2552 subditi
2646 2501 2968 2568 sequantur.
3001 2496 3395 2569 Presbyteros.

416 2578 590 2637 Ἀλλ’
646 2581 704 2634 αἱ
766 2581 885 2654 μέν.
946 2579 1239 2656 Σύγκρισις
1295 2581 1394 2649 τῆς
1452 2577 1712 2654 οὐρανίας
1777 2575 1868 2631 καὶ
1919 2580 2019 2644 τῆς

2201 2583 2476 2642 Caeterum
2505 2589 2632 2643 ista:
2659 2586 2899 2658 quidem.
2951 2585 3326 2658 Comparatio
3373 2583 3628 2640 cmlestis
3658 2582 3787 2639 hie-

329 2668 624 2741 αἰσθητῆς
652 2669 964 2746 ἱεραρχίας,

2129 2674 2391 2744 rarchize,
2424 2678 2482 2731 et
2511 2675 2641 2746 ejus
2672 2692 2802 2747 quae
2834 2675 2944 2730 sub
2975 2691 3220 2732 sensum
3252 2672 3428 2729 cadit.

416 2756 743 2828 Ἀἷσθητῶν
811 2753 1130 2832 συμϐόλων.
1177 2755 1424 2828 Αίσθητὰ
1486 2750 1743 2829 σύμϐολα
1793 2753 1895 2809 εἰσι
1951 2753 2021 2807 τὰ

2196 2763 2566 2819 Sensibilium
2594 2766 2905 2832 signorum.
2957 2763 3139 2835 Signa
3182 2761 3490 2818 sensibilis
3519 2763 3660 2816 sunt
3690 2777 3789 2817 sa-

336 2849 479 2920 ἒξῆς
537 2845 862 2921 δηλούμενα
921 2849 1195 2924 μυστήρια
1228 2865 1240 2880 ·
1292 2843 1538 2901 τουτᾶστι
1591 2846 1654 2900 τὸ
1717 2843 1968 2919 βάπτισμ‹

2162 2857 2426 2908 ramenta
2457 2869 2583 2924 quis
2619 2853 2898 2924 deinceps
2919 2857 3296 2923 exponuntur
3329 2868 3343 2904 :
3379 2851 3437 2906 id
3473 2854 3564 2906 est
3593 2851 3790 2922 bapti-

333 2936 482 3008 ἤτοι
552 2938 812 3014 φώτισμα
842 2955 857 2972 ο
889 2940 924 3008 ἡ
975 2937 1204 3009 σύναξις,
1257 2933 1431 3012 ἤγουν
1476 2935 1538 2990 τὸ
1586 2939 1686 3002 τῆς
1735 2929 1965 2988 κοινωνία

2162 2957 2318 3011 mus,
2351 2940 2473 2996 sive
2503 2941 2818 2997 illustratio
2845 2960 2860 3011 ;
2893 2942 3150 3014 synaxis,
3196 2941 3320 2997 sive
3349 2938 3789 2996 communionis

345 3029 688 3101 μυστήριον,
720 3027 811 3082 καὶ
840 3029 908 3081 τὰ
935 3026 1126 3084 λοιπά.

2127 3035 2591 3098 sacramentum,
2622 3034 2680 3085 et
2709 3034 2935 3087 caetera.

413 3117 523 3174 Ἐν
557 3117 654 3189 μὶν
687 3111 852 3174 ἔστιν.
884 3117 949 3174 Ὀ
981 3116 1110 3177 Θεὸς
1143 3113 1424 3186 δηλονότι.

2204 3121 2384 3177 Unum
2412 3121 2644 3192 quidem
2673 3127 2767 3177 est.
2801 3119 3032 3176 Scilicet
3061 3119 3237 3176 Deus.

420 3204 558 3282 Οὐχ
586 3204 825 3268 ἐνιαίως.
862 3205 1012 3261 Ἀντὶ
1055 3209 1154 3260 τοῦ
1203 3201 1478 3277 ἐνοειδῶς,
1509 3201 1599 3259 καὶ
1648 3202 1767 3257 καθ’
1793 3197 1883 3256 ἕνα
1927 3198 2017 3255 καὶ

2201 3213 2330 3266 Non
2383 3208 2660 3265 unimode.
2720 3208 2850 3277 Pro,
2918 3207 3292 3265 uniformitcr
3348 3214 3404 3264 et
3460 3207 3787 3265 secundum

339 3295 441 3350 τὸν
480 3294 648 3350 αὐτὸν
680 3295 908 3370 τρόπον.

2046 3271 2090 3339 C
2131 3315 2312 3354 unum
2342 3299 2736 3368 eumdemque
2767 3298 3039 3354 modum.

414 3389 655 3454 Νοητῶν
687 3405 764 3441 τε.
793 3386 1143 3458 Σημειωτὲον
1173 3385 1266 3455 δν,
1295 3380 1380 3438 ὅτι
1407 3380 1470 3438 τό
1502 3381 1776 3456 σύνταγμα
1805 3380 1835 3434 ’ὀ
1865 3380 2017 3451 αύτῷ

2199 3388 2274 3444 De
2321 3387 2752 3443 intellectilibus.
2804 3387 3142 3442 Notandum
3195 3390 3304 3458 est,
3357 3384 3574 3441 librum
3614 3399 3787 3456 quem

345 3474 597 3544 ἰποιήθη
630 3476 683 3511 ³ο
710 3473 834 3550 περὶ
864 3478 1083 3546 νοητῶν
1115 3473 1204 3530 καὶ
1239 3472 1538 3545 αἰσθητῶν,
1568 3472 1697 3546 παρ’
1724 3472 1858 3544 ἡμῖν
1909 3468 1977 3523 οὐ·

2159 3477 2367 3549 cripsit
2398 3477 2471 3532 de
2498 3475 2572 3531 iis
2595 3492 2724 3547 quis
2745 3475 3136 3548 intelligentia
3159 3475 3559 3544 continentur,
3583 3478 3640 3531 et
3659 3490 3787 3546 quas

342 3563 597 3641 εὕρηται.
2126 3567 2237 3623 sub
2270 3581 2510 3621 sensum
2541 3567 2778 3632 cadunt,
2812 3567 2967 3639 apud
3003 3583 3109 3621 nos
3150 3583 3263 3621 non
3296 3563 3570 3621 inveniri.

419 3650 902 3729 Διεξοὸικώτερον.
940 3651 1086 3710 Ἀντὶ
1114 3653 1211 3708 τοῦ
1244 3648 1603 3726 πλατύτερον.

1570 3671 1603 3706 ν.
2199 3656 2417 3711 Fusius.
2452 3655 2580 3718 Pro,
2613 3653 2791 3709 latius
2821 3659 2880 3710 et
2910 3653 3202 3726 pluribus.

426 3743 462 3818 ᾖ
516 3745 609 3800 Ill.
669 3744 748 3816 [α]
807 3743 963 3799 ’Ἐστι
1040 3741 1136 3816 μὲν
1215 3741 1492 3817 ἱεραρχία.
1549 3735 1828 3814 Ἱεραρχία
1880 3735 2014 3806 ἐστὶ,

2198 3744 2300 3802 53
2333 3743 2362 3816 §
2392 3743 2466 3800 III
2497 3746 2598 3798 Est
2645 3744 2868 3816 quidem
2915 3743 3256 3800 hierarcbia.
3306 3741 3647 3798 Hierarcbia
3675 3743 3785 3809 est,

363 3833 511 3909 φησί,
539 3834 724 3896 καθὼς
772 3834 808 3898 ἡ
859 3837 1030 3900 σεπτή
1079 3833 1243 3904 ἡμῶν
1274 3827 1576 3906 παράδοσις
1607 3827 1920 3900 παρίστησι,
1952 3826 1995 3880 τι

2156 3834 2339 3904 nquit,
2371 3834 2524 3889 sicut
2552 3835 2888 3889 veneranda
2909 3834 3150 3889 traditio
3174 3837 3372 3889 nostra
3405 3829 3698 3904 proponit,
3721 3845 3788 3884 ea

351 3920 664 3986 καθολικῶς
692 3921 1046 3998 θεωρούμενα
1076 3922 1111 3992 ἢ
1147 3920 1418 3997 λεγόμενα
1465 3918 1589 3993 περὶ
1638 3921 1748 3972 τῶν
1794 3937 1983 3993 προκει

2153 3941 2253 3994 [uae
2285 3923 2637 3996 generaliter
2666 3928 2723 3980 et
2753 3923 3024 3980 universe
3050 3923 3347 3989 videntur,
3372 3925 3478 3977 aut
3507 3920 3785 3975 dicuntur

346 4013 550 4083 μένων,
611 4009 786 4087 ἤγουν
836 4009 1214 4084 ὑποκειμένων
1263 4009 1422 4086 ἱερῶν
1470 4009 1803 4084 πραγμάτων
1840 4026 1852 4038 ·
1887 4003 1978 4075 ἤτε

2150 4015 2196 4068 le
2227 4013 2412 4069 sacris
2444 4012 2622 4068 rebus
2651 4029 2782 4084 quae
2830 4013 3142 4085 propositae
3175 4029 3278 4068 seu
3312 4011 3591 4082 subjectae
3624 4013 3782 4078 sunt,

340 4098 407 4155 δὲ
465 4102 560 4156 καὶ
644 4101 1008 4177 πραττόμενα.
1063 4097 1548 4177 Συγκεφαλαίωσιν
1609 4098 1710 4174 γὰρ
1760 4096 1860 4165 τήν
1917 4117 1972 4149 το

2151 4103 2244 4158 ηἱνε
2273 4104 2450 4157 etiam
2485 4118 2613 4172 qua)
2645 4106 2920 4170 aguntur.
2974 4097 3454 4176 Συγκεφαλαίωσιν
3501 4099 3658 4155 enim
3691 4103 3783 4152 to-

337 4189 488 4246 ὄλου
547 4189 852 4264 περίληψιν
914 4188 1086 4265 λέγει,
1155 4188 1338 4264 ὥσπερ
1396 4188 1489 4243 καὶ
1546 4183 1964 4264 ἀνακεφαλαίωσ

2153 4192 2244 4247 ius
2311 4189 2776 4261 complexionem
2841 4190 3003 4260 dicit,
3063 4191 3218 4246 sicut
3283 4190 3458 4246 etiam
3519 4187 3785 4262 ἀνακεφα-

337 4278 584 4354 λὲγομεν
614 4279 680 4334 τὸ
705 4273 1068 4334 ἐπαναλαϐεῖν
1099 4277 1170 4334 ἔν’
1204 4275 1420 4352 ὀλίγοις
1450 4276 1518 4331 τὰ
1544 4273 1938 4353 προλεχθὲντα.

2153 4278 2352 4335 ,αίωσιν
2383 4279 2639 4337 dicimus
2670 4283 2932 4351 repetere
2963 4281 3168 4352 paucis
3198 4295 3267 4336 ea
3298 4295 3427 4350 qua:
3459 4282 3596 4334 ante
3626 4275 3785 4331 dicta

2124 4374 2282 4427 sunt.

424 4459 511 4534 Ιβ]
597 4454 1054 4526 Καθολικωτάτὴ.
1135 4453 1413 4512 Καθολικά
1495 4453 1606 4509 ἐστι
1707 4453 1776 4508 τὰ
1855 4472 2011 4528 περι-

2196 4457 2654 4515 Generalissima.
2688 4457 2998 4514 Generalia
3017 4463 3160 4514 sunt
3188 4475 3258 4514 ea
3279 4473 3404 4529 quae
3427 4454 3617 4528 magis
3646 4469 3782 4509 con-

335 4548 708 4622 ικτικώτερα.
760 4547 936 4618 Φησὶν
995 4544 1112 4618 οὖν,
1153 4545 1260 4614 ὅτι,
1312 4545 1480 4620 τυχὸν
1541 4542 1754 4613 ἁπάσης
1809 4541 1967 4611 τάξειι

2149 4549 2332 4604 inent.
2368 4547 2465 4603 Ait
2493 4564 2631 4620 ergo
2663 4548 2839 4618 quod,
2871 4548 3122 4604 fortasse
3150 4547 3309 4603 omni
3329 4546 3534 4602 ordine
3556 4543 3781 4599 hierar-

332 4636 641 4712 ἱεραρχίας
686 4634 1020 4711 λεγομένης,
1048 4633 1305 4710 ἱεραργία
1365 4633 1505 4690 ἐστὶν
1565 4634 1776 4700 ἁπάσης
1832 4631 1964 4706 ἱεραί

2146 4637 2259 4693 :hia
2286 4643 2650 4708 nuncupato,
2684 4635 3012 4692 hierarcbia
3060 4639 3146 4692 est
3194 4634 3390 4691 omnis
3437 4630 3778 4688 hierarcbia

332 4726 484 4802 χίας
517 4728 552 4795 ἡ
584 4725 937 4801 ἄρχικωτέρα
984 4724 1075 4780 καὶ
1123 4725 1448 4800 γενικωτέρα
1498 4720 1962 4799 συγκεφαλαίωσις

2148 4726 2508 4798 ιιιὶιιοίριιίἱοιυ
2536 4725 2983 4797 generaliorque
3013 4741 3286 4791 summa;
3317 4728 3382 4778 ut
3412 4722 3780 4795 presbytero-

335 4818 470 4871 οἷον
530 4821 632 4884 τῆς
691 4809 1073 4890 πρεσϐυτέρων
1135 4812 1445 4890 ἱεραρχίας,
1497 4811 1740 4868 τουτέστι
1786 4811 1967 4880 τάξεως

2148 4833 2256 4871 ιυω
2288 4814 2656 4881 hierarcbia,
2692 4815 2748 4869 id
2792 4819 2882 4870 est
2925 4813 3171 4884 ordinis,
3198 4811 3527 4869 hierarcbia
3554 4810 3780 4882 episco-

332 4904 610 4982 ἳεραρχία
638 4905 666 4959 ὁ
699 4905 1018 4974 ἐπίσκοπος,
1071 4901 1306 4981 ὀφεί)ων
1359 4903 1665 4977 γινώσκειν,
1714 4900 1964 4978 καθαίρει·

2148 4923 2257 4973 ιυε,
2291 4905 2393 4977 qui
2426 4905 2579 4960 scire
2630 4904 2823 4972 debet,
2876 4919 3144 4975 purgare,
3177 4901 3474 4958 illustrare
3519 4905 3578 4955 et
3606 4899 3780 4970 perﬁ-

335 4995 634 5071 φωτίζειν,
665 4993 911 5049 τελειοῦν
949 5014 962 5028 ·
995 5000 1097 5062 τῆς
1130 4990 1391 5048 διακόνων
1442 4990 1727 5066 ἱεραρχίας
1759 4991 1967 5066 ἱεραρχῑ

2150 5010 2290 5061 ·οιιε;
2324 4994 2707 5049 diaconorum
2739 4992 3083 5048 hierarcbia
3125 4990 3459 5047 hierarcbia
3488 4987 3782 5044 archidia-

334 5087 368 5140 ὃ
409 5081 832 5159 ἀρχιδιάκονος,
865 5083 924 5145 ὃς
958 5081 1166 5159 ὀφείλει
1222 5080 1506 5156 γινώσκειν
1558 5079 1654 5142 τὰς
1709 5080 1962 5154 λειτουργ

2151 5099 2333 5149 ιοουε,
2364 5081 2467 5152 qui
2499 5080 2735 5152 cognita
2782 5079 3000 5135 habere
3037 5079 3212 5136 debet
3258 5077 3453 5133 ofﬁcia
3481 5075 3783 5131 ministro-

331 5174 444 5234 κάς
499 5173 770 5250 ἐνεργείας
803 5192 816 5205 ·
867 5172 958 5228 καὶ
991 5171 1136 5228 οὕτω
1183 5171 1411 5241 καθεξῆς
1469 5170 1535 5225 τὰ
1592 5169 1766 5225 λοιπὰ
1822 5189 1963 5224 σοντι

1836 5167 2012 5224 τυντά-
2124 5189 2256 5229 rum
2292 5189 2306 5226 :
2339 5177 2521 5243 atque
2549 5171 2634 5226 ita
2663 5170 2940 5241 deinceps
2970 5168 3180 5240 reliqui
3213 5167 3468 5224 ordines.

334 5283 535 5339 γματα
567 5265 662 5320 ω’.

419 5354 503 5428 [γ]
590 5351 1103 5428 Συγκεφαλαίωσις.
1176 5352 1358 5427 Ἱερῶν
1449 5351 1920 5428 συγκεφαλαίωσις
1975 5351 2011 5419 ἡ

2196 5350 2444 5407 Summa.
2477 5350 2792 5406 Sacrorum
2826 5364 3063 5405 summa
3093 5351 3152 5405 et
3181 5345 3510 5420 complexio
3539 5348 3631 5402 est
3659 5359 3783 5400 om-

334 5447 552 5521 γνῶσις
579 5442 783 5506 παντὸς
814 5442 1090 5520 ἱερατικοῦ
1119 5442 1420 5517 τάγματος.

2127 5440 2220 5498 nis
2249 5439 2635 5498 ecclesiastici
2665 5438 2893 5496 ordinis
2922 5437 3189 5496 scientia.

420 5575 502 5648 (τ)
529 5573 698 5631 Ioan.
730 5588 870 5645 xvu,
905 5573 994 5632 11.

1372 5650 1612 5708 VARLE
1648 5649 2040 5710 LECTIONES
2078 5651 2172 5708 ET
2211 5647 2764 5709 CORRECTIONES.

417 5747 498 5785 eos
530 5744 863 5819 σημείωσαι.
942 5744 987 5781 οο
1016 5742 1283 5813 ἰπονήθη.
1360 5742 1430 5777 90*
1454 5741 1725 5814 τάγματα,
