4134 6386
387 372 497 431 119

462 501 632 574 Hujus
689 503 860 574 origo.
921 502 1080 566 Quod
1145 503 1506 576 principium
1565 502 1929 572 hierarchiaa,
1987 501 2124 568 etA

385 591 626 662 (ibidem)
658 591 729 645 de
761 592 1061 647 Trinitate.

456 681 679 735 Notum.
713 681 883 748 Nota,
917 687 1182 738 sanctam
1227 684 1575 738 Trinitatem
1610 681 1911 755 cognitum
1944 679 2047 734 ha-

385 769 521 825 bere
552 771 706 841 quod
742 772 811 827 de
841 772 1079 844 propria
1129 775 1384 828 essentia
1418 772 1687 845 cognosci
1722 776 1935 844 potest,
1969 769 2050 824 si-

387 864 485 915 cut
518 877 674 916 nunc
707 862 963 918 dicimus
1013 863 1308 936 propriam
1343 863 1740 920 substantiam
1775 864 1894 918 haec
1925 862 2050 918 sola

387 950 713 1021 cognoscit.

460 1041 793 1095 Rationatis.
827 1041 974 1097 Nota
997 1043 1238 1114 angelos
1269 1047 1324 1099 et
1355 1043 1622 1098 homines
1649 1041 1892 1099 rationis
1924 1057 2052 1114 par-

387 1128 599 1200 ticipes
631 1145 761 1186 esse
789 1135 1054 1187 naturas.

459 1219 584 1274 "me
614 1234 738 1276 vero
773 1236 878 1275 non
909 1220 1112 1278 aliter.
1141 1223 1312 1278 Salus
1346 1223 1583 1279 scilicet.

381 1319 384 1322 '
457 1308 585 1364 Haec
613 1317 796 1364 autem
826 1310 1126 1380 deiﬁcatio.
1164 1311 1314 1376 Quid
1352 1317 1427 1368 sit
1455 1312 1766 1367 deificatio.

461 1397 821 1456 Hierarchiae.
857 1401 999 1466 Quis
1051 1401 1125 1455 sit
1160 1401 1296 1456 finis
1352 1401 1640 1456 universa
1690 1398 2050 1466 hierarchiae,

385 1490 444 1541 et
475 1486 674 1558 qualia
723 1489 884 1544 obire
935 1494 1199 1561 oporteat
1252 1490 1618 1562 episcopum.
1671 1489 1838 1555 Nota,
1877 1489 2052 1542 ﬁnem

387 1591 492 1633 seu
564 1594 810 1650 scopum
892 1579 1177 1636 universae
1257 1579 1595 1635 bierarchiaa
1665 1578 1940 1650 angelicae
1999 1579 2056 1634 et

387 1666 684 1734 humanae,
720 1684 850 1723 esse
883 1670 979 1724 Dei
1035 1659 1352 1741 rerumque
1399 1671 1732 1724 divinarum
1769 1684 2051 1734 amorem,

387 1759 445 1810 et
492 1773 617 1826 quae
676 1757 954 1830 deinceps
1013 1762 1362 1813 enumerata
1413 1761 1572 1813 sunt.
1626 1757 1769 1812 Illud
1834 1762 2054 1826 autem,

392 1859 520 1916 quae
578 1863 691 1900 uno
743 1848 915 1902 modo
967 1847 1150 1903 sacris
1205 1853 1504 1918 operatur,
1554 1848 1832 1913 declarat,
1884 1847 2055 1919 plane

391 1937 449 1989 et
479 1933 604 1990 sola
635 1935 705 1989 ad
757 1934 936 1990 talem
983 1935 1210 1991 cultum
1261 1936 1642 1992 conversione
1691 1936 1886 2007 ipsum
1939 1951 2057 1991 cer-

400 2038 557 2080 DBPC.

469 2113 622 2180 §1V.
658 2113 903 2183 Superis.
955 2113 1124 2185 Nota,
1177 2117 1470 2186 quomodo
1524 2117 1674 2172 Deus
1722 2118 2058 2187 permoveat

392 2200 642 2257 virtutes
690 2202 1119 2275 intelligibiles,
1179 2209 1236 2259 et
1285 2206 1581 2274 quomodo
1631 2221 1737 2260 nos
1796 2204 2054 2260 illustre-

394 2306 548 2346 mur.

459 2384 582 2437 Non
611 2382 762 2436 enim
810 2383 1172 2438 extrinsecus.
1229 2382 1507 2439 Homines
1559 2383 1795 2456 quidem
1836 2383 2057 2439 extrin-

392 2484 584 2537 secus,
617 2469 673 2525 id
709 2475 799 2526 est
827 2489 859 2526 a
891 2477 1096 2527 creatae
1143 2477 1362 2527 natura:
1396 2473 1892 2545 contemplatione
1921 2489 2054 2527 ver-

392 2557 602 2630 bisque
633 2560 997 2630 docentibus,
1032 2566 1089 2616 et
1121 2561 1250 2617 aliis
1281 2563 1547 2632 ejusdem
1595 2565 1827 2635 generis
1855 2579 2052 2618 veram

393 2648 788 2719 cognitionem
823 2651 1255 2722 scientiamque
1280 2651 1597 2720 hauriunt;
1632 2652 1822 2724 angeli
1856 2655 2053 2707 autem

391 2734 553 2791 intus
584 2753 688 2809 per
730 2739 944 2795 mentis
995 2757 1112 2796 suae
1143 2741 1260 2795 vim
1295 2740 1696 2807 illustrantur,
1739 2741 2054 2812 divinaque

390 2825 687 2882 voluntate
722 2827 1151 2900 insigniuntur,
1184 2831 1240 2884 id
1291 2835 1380 2886 est
1433 2831 1863 2902 exprimuntur,
1896 2835 1950 2885 et
1981 2831 2051 2885 ad

393 2915 493 2970 Dei
527 2913 939 2989 imitationem,
968 2923 1024 2974 et
1056 2921 1128 2974 ad
1160 2935 1363 2974 eorum
1407 2937 1534 2991 quae
1567 2926 1727 2987 sunt,
1760 2923 2055 2991 quatenus

395 3005 554 3069 Iunt,
589 3004 1008 3074 cognitionem.

467 3091 570 3146 Sed
625 3093 970 3164 intelligibili
1019 3096 1258 3151 ratione.
1319 3097 1845 3162 Considerandum,
1905 3113 2052 3167 quo-

395 3181 569 3235 modo
606 3178 989 3254 intrinsecus,
1024 3201 1135 3239 non
1169 3186 1273 3242 54
1301 3186 1442 3241 foris
1469 3191 1526 3240 et
1557 3186 1921 3242 extrinsecus
1952 3187 2051 3242 Dei

393 3268 841 3338 illustrationes,
894 3272 1121 3328 divinas
1181 3279 1407 3329 mentes
1467 3281 1852 3346 promoveant
1905 3294 1916 3332 :

394 3357 550 3413 enim
583 3363 759 3415 Deum
798 3366 1023 3416 mentes
1050 3379 1147 3418 eas
1172 3362 1491 3419 illustrare.
1519 3365 1804 3428 Quoniam
1841 3365 2058 3421 mentis

395 3451 485 3502 est
510 3465 772 3520 compos,
822 3449 879 3504 id
928 3452 1078 3522 quod
1136 3451 1430 3524 intelligit,
1465 3458 1520 3508 et
1570 3453 1681 3508 sub
1728 3454 2058 3528 intelligen-

1205 379 1580 456 APPENDIX
1621 379 1717 432 AD
1755 377 1998 432 OPERA
2035 379 2099 429 Β.
2140 374 2456 428 DlONYSII
2496 373 3000 430 AREOPAGITE.

3709 372 3816 426 120

2227 493 2302 570 [ὃ]
2335 497 2554 566 Ταύτης
2601 497 2770 573 ἀρχή.
2802 496 2899 558 Τίς
2949 497 2984 565 ἡ
3036 494 3182 570 ἀρχὴ
3233 499 3334 565 τῆς
3379 492 3694 570 ἱεραρχίας,
3723 493 3815 550 καὶ

2154 586 2278 661 περὶ
2312 583 2562 662 Τριάδος.

2229 677 2298 748 [ε]
2359 675 2707 746 Ἐπιστητόν.
2770 673 3111 746 Σημείωσαι,
3172 673 3254 728 ὅτι
3330 675 3365 743 ἠ
3439 672 3567 748 ἁγία
3644 672 3816 747 Τριὰς

2157 763 2447 835 ἐπιστητὸν
2504 760 2620 839 ἔχει
2676 764 2739 819 τὸ
2798 771 2898 833 τῆς
2956 762 3159 824 οἰκείας
3208 762 3484 836 ὑπάρξεως
3511 762 3814 838 γνώριμον,

2158 853 2234 916 ὡς
2279 854 2381 923 τήν
2429 858 2516 908 νῦν
2574 875 2746 932 φαμεν
2797 854 2897 922 τὴν
2933 851 3072 908 ἲδίαν
3105 851 3316 920 οὐσίαν,
3353 850 3490 926 μόνη
3526 850 3661 921 αὕτη
3694 849 3814 907 ἕπί-

2159 964 2366 1000 σταται.

2229 1034 2293 1089 Ἢ
2349 1034 2572 1108 λογιιιη.
2608 1031 2949 1106 Σημείωσαι,
2983 1031 3066 1086 ὅτι
3121 1027 3340 1108 ἄγγελοι
3400 1030 3489 1085 καὶ
3535 1031 3817 1106 ἅνθρωποι

2161 1121 2380 1198 λογικαί
2414 1122 2546 1177 εἷ’σιν
2583 1123 2785 1179 οὐσίαι.

2233 1212 2296 1268 Ἢ
2333 1208 2388 1265 δὲ
2419 1212 2531 1287 οὐχ
2562 1211 2783 1286 ἑτέρως.
2815 1209 3072 1283 Σωτηρία
3104 1207 3388 1280 δηλονότι.

2231 1301 2296 1354 Ἡ
2331 1298 2387 1354 δὲ
2420 1301 2634 1364 θέωσις.
2663 1299 2722 1354 Τί
2753 1297 2894 1354 ἐστιν
2928 1301 2963 1368 ἡ
2997 1300 3209 1363 θέωσις.

2227 1389 2551 1465 Ἱεραρχίας.
2613 1389 2681 1446 Τί
2747 1389 2810 1443 τὸ
2886 1389 3052 1464 πέρας
3113 1389 3292 1459 πάσης
3362 1387 3670 1464 ἱεραρχίας,
3727 1387 3824 1444 καὶ

2163 1480 2329 1533 ὁποῖα
2382 1475 2464 1533 δεῖ
2517 1479 2755 1552 μετιέναι
2803 1479 2893 1532 τὸν
2946 1478 3238 1553 ἱεράρχην.
3274 1477 3596 1550 Σημείωσαι
3629 1475 3706 1546 δὲ,
3735 1478 3824 1532 ὅτι

2159 1569 2222 1622 τὸ
2253 1565 2434 1641 τέλος,
2475 1565 2646 1642 ἤγουν
2695 1569 2787 1622 τὸν
2841 1566 3045 1622 σκοπὸν
3086 1568 3301 1637 ἁπάσης
3339 1566 3623 1644 ὶεραρχίας
3682 1569 3826 1621 εἶναι

2163 1654 2308 1731 λέγει
2337 1664 2437 1725 τῆς
2471 1656 2764 1732 ἀγγελικῆς
2795 1658 2886 1711 καὶ
2915 1663 3016 1725 τῆς
3051 1656 3103 1710 έν
3160 1657 3470 1732 ἀνθρώποις
3521 1657 3622 1724 τὴν
3680 1655 3829 1730 πρὸς

2163 1747 2290 1800 Θεὸν
2332 1746 2421 1800 καὶ
2451 1747 2518 1800 τὰ
2549 1747 2666 1800 θεῖα
2712 1745 3012 1820 ἀγάπησιν,
3045 1745 3136 1800 καὶ
3184 1748 3252 1800 τὰ
3290 1745 3411 1816 ἑξῆς
3461 1743 3830 1819 κατειλεγμέ-

2161 1857 2245 1891 να.
2279 1835 2354 1891 Τὸ
2387 1832 2443 1889 δὲ
2474 1835 2690 1899 ένιαίως
2719 1835 3148 1911 ἱερουργουμένη
3182 1832 3350 1905 δηλοῖ
3385 1835 3449 1889 τὸ
3499 1835 3829 1910 ὁλοσχερῶς

2165 1925 2255 1980 καὶ
2289 1921 2644 1999 μονοτρὸπως
2675 1925 2810 1999 πρὸς
2840 1926 2938 1993 τήν
2969 1922 3230 1995 τοιαύτην
3263 1923 3516 2001 λατρείαν
3559 1925 3711 1999 ὁρᾷν.

2236 2107 2263 2180 Ξ
2328 2106 2419 2162 IV.
2478 2101 2916 2178 Ὑπερκοσμίοις.
2981 2102 3322 2176 Σημείωσαι,
3392 2107 3509 2165 πῶς
3582 2107 3725 2158 κινεῖ
3804 2104 3833 2158 6

2166 2196 2296 2258 Θεὸς
2327 2195 2422 2257 τὰς
2453 2193 2653 2264 νοητὰς
2693 2190 2971 2266 δυνάμεις,
3003 2192 3094 2248 καὶ
3144 2198 3261 2255 πῶς
3322 2195 3488 2266 ἡμεῖς
3535 2190 3833 2266 ἐλλαμπό·

2169 2295 2326 2358 μεθα.

2236 2373 2309 2428 Ού
2354 2374 2458 2448 γὰρ
2507 2368 2722 2442 ἔξωθεν.
2767 2373 3079 2448 ’Ἄνθρωποι
3137 2373 3232 2446 μὶν
3284 2368 3501 2443 ἔξωθεν,
3547 2371 3835 2426 τουτέστιν

2165 2464 2270 2518 ἀπὸ
2302 2470 2402 2533 τῆς
2429 2464 2564 2517 κατὰ
2604 2464 2703 2531 τὴν
2736 2459 2908 2516 κτίσιν
2944 2461 3174 2538 θεωρίας
3205 2461 3295 2516 καὶ
3342 2459 3521 2538 λόγων
3569 2458 3840 2516 διδασκα-

2167 2553 2335 2609 λικῶν
2394 2553 2483 2606 καὶ
2531 2550 2725 2626 ὶτέρων
2779 2551 3046 2606 τοιούτων
3096 2553 3196 2621 τὴν
3239 2550 3421 2621 άληθῆ
3450 2554 3647 2627 γνῶσιν
3680 2549 3839 2624 λαμ-

2166 2640 2415 2698 ϐάνουσιν
2446 2663 2458 2676 ο
2496 2641 2720 2718 ἄγγελοι
2750 2639 2807 2696 δὲ
2836 2641 3005 2710 αὐτὴν
3037 2639 3251 2705 ἔνδοθεν
3279 2642 3377 2711 τὴν
3413 2644 3604 2718 νοερὰν
3647 2642 3838 2698 αὐτῶν

2164 2731 2544 2806 ἐλλάμπονται
2601 2729 2850 2804 δύναμιν,
2888 2732 2974 2786 καὶ
3033 2732 3132 2799 τήν
3193 2732 3340 2795 θείαν
3402 2731 3832 2805 ἐνσημαίνονται

2171 2821 2455 2898 βούλησιν,
2487 2819 2654 2898 ἤγουν
2713 2825 3006 2876 τυποῦνται
3054 2821 3194 2896 πρὸς
3250 2820 3314 2875 τὸ
3372 2820 3712 2894 θεομίμητόν
3769 2843 3831 2877 τε

2163 2911 2252 2964 καὶ
2282 2915 2390 2965 τῶν
2421 2905 2613 2980 ὄντων,
2711 2904 2838 2964 ὅντα
2869 2907 3003 2977 ἐστὶ,
3029 2907 3352 2984 γνωστικόν.

2234 3094 2461 3160 Νοητῶς
2521 3087 2596 3145 δέ.
2659 3088 3060 3160 Κατανοητέον,
3120 3093 3238 3151 πῶς
3298 3083 3519 3159 ἔσωθεν,
3567 3087 3694 3145 ἀλλ’
3759 3089 3825 3146 οὗ

2164 3178 2412 3254 θύραθεν,
2447 3180 2498 3232 αἱ
2531 3177 2838 3253 ἐλλάμψεις
2868 3182 2963 3232 τοῦ
2994 3182 3128 3232 Θεοῦ
3153 3177 3280 3242 τοὺς
3339 3179 3515 3242 θείους
3558 3179 3686 3240 νόας
3739 3201 3830 3235 κι-

1973 3276 2053 3331 ait
2085 3259 2127 3325 C
2164 3268 2344 3323 νοῦσιν
2383 3288 2394 3300 ’
2431 3266 2532 3346 ἔφη
2565 3269 2668 3344 γὰρ
2697 3268 2788 3322 τὸν
2823 3269 2950 3323 Θεὸν
2984 3271 3196 3338 νοητῶς
3231 3266 3430 3324 αὐτοὺς
3463 3266 3778 3341 έλλάμπειν
3817 3289 3830 3301 ·

2169 3356 2356 3427 ἐπειδή
2405 3357 2503 3433 γὰρ
2553 3359 2738 3432 νοερὸν
2796 3357 2890 3429 μὶν
2941 3355 3052 3410 ἔστι
3098 3357 3162 3412 τὸ
3211 3360 3390 3428 νοοῦν,
3432 3357 3628 3426 νοητὸν
3669 3354 3730 3412 δὶ
3772 3358 3836 3412 τὸ

2169 3450 2470 3521 νοούμενον
2505 3466 2518 3480 ⁶
2551 3448 2730 3521 τροφή
2761 3443 2817 3499 δὲ
2851 3446 2984 3518 [καὶ]
3014 3448 3128 3500 οἷον
3164 3446 3415 3506 σύστασις
3452 3450 3548 3499 τοῦ
3578 3450 3839 3508 νοοῦντος

395 3536 538 3592 tiam
588 3539 743 3593 cadit
793 3539 849 3593 id
899 3542 1054 3611 quod
1109 3541 1494 3613 intelligitur;
1549 3543 1716 3598 cibus
1767 3549 1964 3600 autem
2006 3549 2057 3599 et

2186 3539 2232 3592 ιὸ
2281 3534 2598 3610 νοούμενον,
2634 3534 2857 3597 εἰκότως
2907 3536 2934 3590 ὁ
2983 3536 3138 3607 Θεὸς,
3190 3536 3284 3590 ἅτε
3324 3539 3462 3589 νοῶν
3510 3532 3680 3591 ὄντων
3727 3541 3842 3592 τῶν

397 3627 567 3697 quasi
602 3628 776 3683 robur
809 3633 898 3683 est
931 3629 985 3685 id
1021 3632 1176 3701 quod
1213 3629 1587 3702 intelligitur,
1613 3633 1740 3702 ejus
1773 3633 1872 3703 qui
1896 3634 2063 3688 intel-

399 3713 529 3786 ligit
551 3735 564 3783 ;
590 3717 726 3786 jure
757 3733 822 3772 ac
853 3719 1060 3775 merito
1093 3719 1272 3787 Deus,
1313 3736 1444 3775 cum
1484 3726 1707 3776 mentes
1740 3723 1860 3777 sint
1888 3723 1930 3777 ii
1962 3722 2062 3794 qui

395 3803 724 3877 incorporei
742 3808 1034 3879 sunt,ipse
1059 3808 1158 3880 qui
1185 3809 1834 3883 etsubintclligentiam
1859 3828 2064 3866 eorum

403 3895 559 3950 cadit
589 3900 648 3950 et
667 3896 1526 3970 abiisintelligitur,quatenus
1553 3906 1835 3971 possunt;
1863 3900 2068 3956 intrin-

401 4000 574 4041 secus
604 4001 702 4041 eos
733 3985 991 4042 illustrat
1023 3993 1216 4043 mente
1266 3987 1630 4060 intelligente
1661 3994 1718 4045 et
1750 3990 1992 4046 nutrita.

472 4075 857 4130 Divisibilium
877 4077 1183 4148 signorum.
1209 4077 1385 4148 Signa
1409 4079 1653 4134 dividua
1677 4079 1785 4134 hoc
1808 4081 1934 4136 loco
1965 4081 2068 4135 do-

399 4162 620 4220 ctrinas
655 4165 976 4237 Scriptura:
1008 4165 1402 4223 multiformes
1454 4169 1617 4236 dicit,
1654 4170 1909 4225 maxime
1941 4169 2067 4241 qui-

399 4252 533 4308 dem
568 4271 670 4325 per
717 4255 892 4310 verba
945 4255 1241 4327 mysteriis
1293 4256 1464 4328 plena
1512 4257 1725 4313 divinas
1757 4263 1984 4313 natura
2013 4263 2072 4314 et

405 4341 796 4396 essentiarum
830 4359 960 4413 quae
993 4344 1202 4397 mentis
1252 4349 1392 4398 sunt
1438 4345 1757 4416 participes
1808 4349 2070 4400 contem-

396 4427 719 4500 plationem
752 4430 1134 4501 explanantes
1165 4449 1178 4499 ;
1215 4432 1315 4486 sed
1351 4431 1646 4487 interdum
1681 4431 1856 4487 etiam
1891 4432 2070 4488 actio-

399 4534 532 4573 nem
565 4521 970 4590 emendantes,
1006 4528 1067 4574 ut
1117 4519 1262 4592 legis
1313 4526 1626 4594 praecepta,
1661 4539 1790 4592 quae
1831 4521 1903 4577 ad
1948 4539 2070 4578 mo-

398 4607 581 4662 ralem
639 4607 978 4680 allegoriam
1042 4609 1436 4676 referuntur;
1487 4612 1587 4666 sed
1647 4611 1832 4666 multo
1892 4611 2069 4667 etiam

402 4697 592 4768 magis
623 4703 1131 4754 sacramentorum
1177 4699 1537 4754 caeremonias
1573 4717 1636 4755 ac
1672 4699 1820 4757 ritus
1852 4701 1910 4756 in
1957 4701 2071 4774 sig-

402 4787 496 4844 nis
526 4789 846 4860 ﬁgurisque
878 4794 1222 4844 cernuntur.

470 4879 805 4935 Substantia
833 4881 1003 4935 enim.
1037 4879 1210 4946 Nota,
1234 4896 1505 4949 quaenam
1543 4882 1620 4936 sit
1650 4882 1736 4937 vis
1769 4887 1824 4938 et
1857 4887 2068 4939 natura

403 4973 616 5023 nostrae
646 4968 1011 5038 hierarchiaa,
1039 4973 1096 5023 et
1129 4984 1396 5039 quaenam
1436 4969 1671 5042 eloquia
1698 4971 1914 5027 divina.

469 5056 652 5112 Sacris
711 5059 1119 5113 iniliatoribus.
1181 5057 1600 5115 Sacrosanctos
1675 5066 2057 5132 praeceptores

393 5144 689 5218 apostolos
720 5145 884 5211 dicit,
920 5160 1069 5216 quos
1104 5150 1161 5201 et
1191 5147 1369 5203 duces
1419 5150 1679 5209 vocavit:
1715 5150 2058 5219 theologicae

391 5242 588 5292 autem
619 5235 852 5291 tabulas
886 5235 1068 5291 libros
1119 5237 1344 5294 Veteris
1395 5244 1453 5294 et
1482 5240 1624 5296 Novi
1657 5241 2050 5309 Testamenti;

387 5325 705 5382 doctrinam
732 5341 866 5379 vero
898 5342 931 5379 a
964 5329 1194 5382 materia
1244 5345 1500 5396 vacuam,
1552 5331 1860 5386 scientiam
1915 5349 2051 5385 sen-

388 5430 560 5470 suum
593 5413 934 5484 Scriptura,
993 5431 1170 5486 quam
1223 5419 1469 5488 apostoli
1503 5437 1536 5476 a
1567 5420 1792 5492 Spiritu
1823 5419 2047 5476 habue-

387 5507 544 5570 runt,
571 5517 718 5575 quas
745 5501 919 5560 etiam
954 5520 1298 5578 corporeum
1325 5525 1660 5566 sermonem
1683 5509 2044 5578 nominavit;

2175 3626 2502 3700 ἀσωμάτων,
2539 3625 2700 3686 αὐτὸς
2748 3625 2946 3695 νοητὸς
2997 3625 3087 3679 καὶ
3136 3624 3434 3698 νοούμενος
3482 3625 3690 3694 αὐτοῖς,
3723 3627 3848 3681 καθ’

2173 3716 2298 3770 ὅσον
2333 3714 2698 3793 ἐφικνοῦνται,
2729 3714 3024 3790 γενόμενος
3053 3710 3275 3785 ἵσωθεν,
3309 3713 3503 3776 αὐτοὺς
3539 3712 3845 3788 ἐλλάμπει,

2174 3809 2272 3860 τοῦ
2304 3808 2399 3859 νοῦ
2425 3808 2684 3867 νοοῦντος
2712 3803 2802 3858 καὶ
2831 3805 3193 3880 τρεφομένου.

2252 4077 2545 4150 Διαιρετῶν
2605 4069 2924 4148 συμϐόλων.
2990 4071 3256 4149 Σύμϐολα
3315 4071 3558 4150 διαιρετᾶ
3611 4073 3848 4130 ἐνταῦθα

2178 4163 2274 4225 τὰς
2331 4167 2431 4228 τῆς
2487 4170 2705 4241 Γραφῆς
2762 4162 3077 4227 πολυειδεῖς
3132 4163 3486 4226 διδασκαλίας
3541 4165 3696 4241 φησὶ,
3734 4165 3850 4237 μά-

2182 4251 2341 4307 λιστα
2375 4253 2469 4325 μὲν
2503 4251 2592 4307 διὰ
2619 4250 2974 4327 συμϐολιιιῶν
3007 4253 3184 4328 λόγων
3223 4255 3325 4322 τὴν
3369 4254 3495 4330 περὶ
3537 4261 3639 4323 τῆς
3698 4253 3852 4317 θείας

2182 4342 2389 4421 φύσεως
2443 4343 2534 4398 καὶ
2591 4349 2695 4398 τῶν
2755 4349 2958 4419 νοερῶν
3021 4345 3220 4398 οὐσιῶν
3253 4343 3479 4420 θεωρίων
3513 4343 3851 4419 εἰσηγουμέ-

2307 4453 2320 4466 .
2348 4429 2372 4452 ,Ι
2443 4433 2453 4453 ν
2509 4432 2516 4444 ο
2621 4430 2645 4451 ἢ
2797 4433 2808 4450 \
2890 4440 2917 4451 .-
3079 4433 3088 4452 r
3214 4455 3232 4466 ο
3302 4430 3326 4450 ν
3776 4434 3789 4448 ς

2182 4455 2274 4494 νας
2347 4444 2436 4497 εσθ
2487 4434 2575 4488 ὅτε
2617 4433 2675 4488 οὶ
2721 4455 2812 4488 και
2849 4455 2950 4502 της
2985 4433 3230 4508 πραξεως
3264 4454 3427 4495 ουσας
3462 4429 3850 4508 διορθωτικας,

2185 4523 2258 4585 ὡς
2290 4523 2357 4578 τὰ
2387 4523 2588 4595 νομικὰ
2618 4521 3075 4598 παραγγέλματα,
3109 4522 3186 4586 εἰς
3244 4523 3442 4592 ἡθικήν
3500 4519 3850 4596 ἀλληγορίαν

2182 4612 2491 4688 ἀναγόμενα
2523 4630 2538 4645 ·
2569 4609 2769 4684 πολλῷ
2797 4609 2855 4666 δὲ
2884 4610 3052 4666 πλέον
3085 4613 3141 4666 αἱ
3170 4617 3277 4666 τῶν
3316 4611 3632 4688 μυστηρίων
3680 4609 3848 4667 τελε-

2178 4724 2265 4757 ται
2299 4701 2352 4756 ἐν
2380 4698 2686 4776 συμϐόλοις
2718 4703 3050 4777 θεωροῦνται
3081 4701 3171 4756 καὶ
3202 4700 3416 4763 τύποις.

2249 4881 2422 4938 Οὐσία
2478 4878 2602 4955 γάρ.
2640 4880 2987 4952 Σημοίωσαι,
3020 4880 3104 4942 τίς
3133 4880 3166 4948 ἡ
3202 4879 3362 4934 οὐσία
3402 4885 3502 4949 τῆς
3535 4879 3654 4944 καθ’
3685 4883 3847 4952 ἡμᾶς

2174 4971 2482 5047 ὶεραρχίας,
2516 4969 2605 5024 καὶ
2635 4969 2754 5024 τίνα
2785 4971 2851 5024 τὰ
2884 4975 3000 5033 θεῖα
3034 4968 3215 5044 λόγια.

2241 5057 2667 5135 Ἱεροτελεστῶν.
2753 5056 3149 5135 Ἰεροτελεστὰς
3226 5059 3319 5132 μὲν
3399 5057 3527 5122 τοὺς
3606 5057 3844 5114 ἀποστό-

2173 5147 2301 5212 λους
2335 5147 2502 5224 λέγει,
2533 5147 2627 5210 οὓς
2668 5147 2757 5203 καὶ
2809 5149 3190 5224 καθηγεμόνας
3239 5144 3428 5221 εἷ’ρηκε
3462 5167 3475 5180 ⁸
3513 5146 3839 5224 θεολογιχᾶς

2171 5236 2230 5294 δὲ
2286 5237 2511 5301 δέλτους
2567 5239 2634 5294 τὰ
2696 5235 2886 5315 βιϐλία
2934 5246 3035 5308 τῆς
3093 5235 3338 5302 Παλαιᾶς
3383 5238 3605 5309 καὶτῆς
3638 5240 3775 5300 Νέας
3819 5257 3832 5271 ·

2166 5330 2464 5404 άϋλοτέραν
2524 5326 2582 5384 δὲ
2641 5328 2839 5402 μύησιν
2899 5329 2999 5398 τὴν
3060 5328 3120 5383 ἐκ
3172 5327 3494 5402 Πνεύματος
3533 5326 3834 5406 γενομένην

2163 5425 2282 5484 τοῖς
2329 5417 2668 5481 ἀποστόλοις
2714 5423 2912 5494 γνῶσιν
2943 5421 3051 5473 τῶν
3094 5424 3195 5487 τῆς
3245 5423 3466 5497 Γραφῆς
3509 5416 3828 5491 νοημάτων,

2161 5508 2195 5562 ἃ
2224 5509 2313 5564 καὶ
2344 5508 2653 5582 σωματικὸν
2704 5505 3004 5562 ἀπεκάλεσε
3033 5509 3074 5545 θί
3126 5505 3315 5582 λόγον,
3346 5505 3399 5579 ἐξ
3449 5508 3516 5580 ἧς
3567 5507 3824 5581 μυήσεως

1399 5626 1642 5682 νΑΒΙίΕ
1680 5625 2070 5684 LECTIONES
2111 5626 2199 5685 ET
2240 5625 2800 5684 CORRECTIONES.

463 5710 500 5745 9'
538 5703 668 5762 ἐκάλ
678 5729 780 5768 ear,
