4134 6398
355 395 458 450 121

1079 398 1141 450 8.
1180 393 1455 448 ΜΔΧΙΜῙ
1491 392 1803 447 SCHOLIA
1839 391 1913 443 ΙΝ
1952 389 2040 443 LI]

2163 391 2222 442 DE
2259 390 2548 443 ECCLES.
2604 386 3076 442 HIERARCHIA.

3680 370 3790 427 122

350 517 448 574 καὶ
477 517 546 573 τὰ
576 522 676 586 τῆς
704 522 911 587 Καινῆς
952 517 1174 586 συνέστη
1212 512 1538 590 διδάγματαο
1569 513 1780 589 γείτονα
1829 508 1886 566 δὲ
1923 516 2025 580 τῆς

2163 528 2210 568 ιχ
2239 528 2355 584 qua
2383 512 2650 568 doctrina
2695 510 2840 567 Novi
2870 509 3047 564 etiam
3094 501 3456 561 Testamenti
3509 501 3795 572 praecepta

356 605 618 684 οὐρανίας
642 605 930 682 ἱεραρχίας
961 606 1062 675 τὴν
1092 609 1172 678 τῷ
1203 607 1519 680 ἡγεμονικῷ
1550 602 1905 679 έγγινομένην
1927 604 2024 656 τοῦ

357 698 501 754 Ilva-5
511 717 679 771 ματος
709 691 990 772 ἕλλαμψιν
1026 690 1126 774 ἔφη
1139 738 1150 752 .

433 879 532 934 Ἐκ
558 876 684 941 νοὸς
730 875 806 938 εἷς
853 881 1002 934 νοῦν.
1036 877 1176 952 Ὅρα
1224 877 1291 930 τὰ
1341 873 1429 930 διὰ
1481 873 1646 948 μέσου
1697 873 1890 947 λόγου,
1935 867 2024 924 καὶ

353 964 444 1021 ὅτι
502 964 594 1021 διὰ
636 964 806 1042 λόγου
855 966 1104 1044 ἀγράφου
1140 965 1206 1020 τὰ
1259 963 1492 1037 μυστικά
1541 959 1836 1038 παρεδόθη.
1882 957 2027 1044 Κατὰ

349 1060 556 1112 κοινοῦ
591 1053 649 1110 δὲ
697 1054 937 1127 ληπτέον
986 1042 1050 1110 τὸ
1102 1051 1592 1131 παραδεδωκότων·
1628 1053 1797 1126 ἱεροῖς
1837 1046 1895 1104 δὶ
1923 1042 2022 1125 ἔφη

353 1140 676 1218 συμϐόλοις
727 1142 819 1200 διὰ
862 1145 930 1200 τὰ
961 1144 1082 1216 ἑξῆς
1129 1145 1414 1215 τεθειμένα
1451 1145 1496 1180 ⁸³
1529 1143 1823 1218 μυστήρια,
1873 1135 2027 1194 ἅτινα

348 1235 451 1290 καὶ
482 1233 719 1310 θεωρίας
749 1236 1096 1311 ἂναγωγικῆς
1129 1233 1292 1306 ἀξιοῖ.

433 1417 743 1490 Αίσθηταῖς
773 1414 968 1474 εἷ’κόσι.
1004 1415 1130 1491 Περὶ
1168 1414 1416 1472 εἰκόνων.

429 1597 510 1652 Τὸ
541 1595 1000 1671 συνεπτυγμένον.
1035 1591 1174 1660 Ἰδοὺ
1206 1596 1389 1671 σαφῶς
1418 1590 1470 1647 τί
1499 1590 1855 1666 ίπτυγμένον.

433 1685 732 1764 Ἀγράφοις
781 1687 1033 1758 μυήσεσι.
1093 1683 1436 1756 Σημείωσαι,
1493 1682 1574 1737 δτι
1614 1680 1707 1735 καὶ
1765 1675 2030 1755 ἀγράφοις

375 1777 610 1850 μυήσεσι
638 1774 706 1830 τὰ
735 1776 854 1829 θεῖα
882 1776 1018 1847 ἡμῖν
1047 1769 1463 1850 παραδέδονται.

2135 605 2453 657 constant:
2488 603 2732 657 vicinam
2781 600 2958 655 etiam
3009 596 3216 652 caelesti
3263 591 3606 648 hierarchiae
3651 586 3798 641 dixit

2135 691 2393 764 Spiritus
2441 691 2922 757 illustrationem,
2955 704 3079 758 quae
3129 685 3177 741 ei
3212 683 3362 757 parti
3392 697 3523 753 quae
3575 675 3794 750 princi-

2135 786 2334 853 patum
2370 787 2550 848 tenet,
2582 781 2694 836 fuit
2724 779 2923 835 insita.

2208 872 2282 925 De
2311 875 2493 927 mente
2522 872 2578 925 in
2626 879 2885 925 mentem.
2918 867 3063 921 Vide
3094 880 3161 920 ea
3193 879 3320 935 quae
3371 859 3560 916 medio
3614 857 3793 913 verbo

2137 964 2414 1033 aguntur,
2447 965 2504 1015 et
2530 960 2704 1016 verbo
2750 975 2860 1014 non
2910 955 3128 1026 scripto
3182 949 3461 1024 mysteria
3509 964 3634 1004 esse
3681 953 3796 1000 tra-

2135 1051 2278 1105 dita.
2313 1049 2718 1105 Communiter
2748 1052 2944 1104 autem
2991 1042 3401 1115 accipiendum
3430 1045 3520 1095 est
3549 1037 3793 1093 verbum

2136 1140 2269 1209 hoc,
2320 1139 2708 1206 tradentibus;
2741 1139 2904 1207 signa
2953 1151 3084 1190 vero
3130 1147 3296 1187 sacra
3347 1128 3510 1198 dixit,
3562 1129 3798 1199 propter

2137 1229 2419 1302 mysteria
2467 1245 2598 1301 quae
2647 1227 2923 1297 deinceps
2972 1221 3236 1294 exposita
3266 1221 3425 1284 sunt,
3459 1231 3585 1288 quaa
3619 1215 3795 1269 etiam

2138 1318 2635 1391 contemplatione
2666 1315 2947 1372 elevativa
2981 1313 3156 1383 digna
3185 1311 3405 1364 censet.
3454 1333 3463 1344 ι

2210 1408 2574 1465 Sensibilibus
2603 1407 2822 1478 ﬁguris.
2855 1405 2935 1460 De
2966 1399 3351 1473 imaginibus.

2211 1499 2361 1567 Quod
2388 1499 2678 1554 callet-tum
2709 1500 2807 1552 est.
2841 1495 2983 1550 Ecce
3015 1491 3323 1564 perspicue
3354 1484 3494 1559 quid
3528 1483 3605 1540 sit
3634 1479 3794 1534 ἰπτυ-

2219 1586 2356 1644 ἑνον.

2219 1609 2356 1644 ενον.

2134 1609 2328 1734 W1Non
2355 1679 2576 1748 scriptis
2606 1674 3084 1732 institutionibus.
3118 1669 3267 1725 Nota
3296 1665 3472 1722 etiam
3503 1678 3618 1719 non
3651 1659 3796 1716 scri-

2137 1770 2255 1842 ptis
2287 1768 2764 1826 institutionibus
2794 1765 2995 1821 divina
3027 1761 3195 1817 nobis
3225 1758 3398 1814 tradi.

451 1839 776 1959 έ·›μϐολική
829 1839 937 1928 τιςί
975 1839 1462 1935 "Ott'oup6o7un1‘i
1513 1859 1603 1915 καὶ
1657 1859 1708 1930 ἐξ
1757 1855 2027 1929 αἰσθητῶν

2211 1859 2541 1930 Symbolica.
2593 1857 2760 1922 Nota,
2795 1855 2949 1927 quod
2985 1851 3173 1923 signis
3224 1853 3422 1904 utatur
3452 1849 3511 1900 et
3540 1839 3795 1899 sensibi-

380 1956 414 2023 ἠ
445 1936 575 2008 κατὰ
627 1952 952 2029 ἀνθρώπους
999 1951 1274 2027 ἱεραρχία·
1325 1950 1600 2006 τουτέστιν
1634 1950 1698 2004 οὐ
1738 1949 1955 2024 γυμνὴς
1986 1949 2030 1982 '3

2165 1949 2298 2005 ibus
2330 1952 2559 2004 constet
2607 1946 2912 2001 hominum
2963 1939 3316 2008 hierarchia,
3358 1936 3468 1992 hoc
3517 1937 3628 2000 est,
3678 1946 3796 1986 non

371 2042 560 2104 αὐτοῖς
618 2047 737 2104 τοῖς
792 2040 959 2105 θείοις
1020 2039 1422 2116 ἐντυγχάνομεν
1487 2038 1828 2115 πράγμασιν,
1885 2033 2032 2091 ἀλλὰ

371 2129 465 2187 διὰ
516 2126 818 2205 συμϐόλων
875 2129 1182 2204 τελούμενα
1229 2133 1295 2197 ⁹⁴,
1329 2129 1438 2184 οἷον
1479 2133 1585 2204 ’τοῦ
1632 2125 1902 2203 ποτηρίου
1933 2132 2031 2195 τῆς

369 2218 662 2296 εὐλογίας,
705 2219 779 2283 ὥς
809 2242 968 2299 φησιν
1002 2221 1030 2275 ὁ
1068 2217 1424 2291 ’Δπόστολος,
1474 2218 1566 2273 καὶ
1615 2222 1711 2272 τοῦ
1760 2215 1925 2293 ἄρτου
1973 2216 2031 2271 ’ὸν

367 2310 626 2385 κλῶμεν,
660 2310 749 2365 καὶ
778 2313 888 2365 τῶν
923 2307 1160 2366 λοιπῶν.

444 2398 1013 2473 Ἀνακεκαλυμμένοι.
1047 2397 1306 2456 Τουτέστι
1337 2397 1637 2474 γνώριμοι,
1667 2395 1757 2452 καὶ
1793 2397 2034 2451 ὧντινων

369 2489 718 2566 πραγμάτων
747 2490 835 2544 καὶ
870 2487 1188 2562 μυστηρίων
1214 2487 1347 2543 εἰσὶν
1381 2485 1724 2542 ἐνδεικτικοί.

444 2577 522 2632 Οὐ
559 2574 892 2651 μεταδώσεις
944 2577 1134 2654 ἑτέρῳ.
1167 2578 1290 2634 Ὅτι
1338 2576 1599 2654 ἀσφαλῶς
1650 2573 1732 2630 δεῖ
1760 2574 1948 2631 λαλεῖν
1975 2573 2042 2629 τὰ

377 2667 644 2741 μυστικά.

878 2777 992 2832 ΕΙΣ
1033 2775 1119 2832 ΤΟ
1160 2776 1421 2832 ΚΕΦΑΛ.
1464 2775 1539 2832 Β’.

449 2867 478 2936 §
511 2871 552 2920 Ι.
591 2866 666 2938 [α]
701 2863 918 2936 Ταύτης
951 2861 1025 2920 δέ.
1062 2866 1181 2934 Τῆς
1221 2865 1358 2939 πρὸς
1398 2864 1525 2919 Θεὸν
1558 2862 1955 2941 ἀφομοιώσεώς
1987 2883 2044 2918 τε

377 2954 473 3007 καὶ
509 2953 756 3016 ἒνώσεως
785 2951 1067 3025 δηλονότι.

571 3043 663 3106 Τίς
724 3041 816 3098 οὖν
875 3041 1019 3098 ἐστιν
1094 3042 1242 3118 ἀρχή
1303 3044 1366 3100 95.
1428 3043 1606 3118 Ἀρχή
1643 3088 1657 3113 ,
1717 3043 1872 3121 φησὶ,
1951 3040 2042 3096 καὶ

381 3130 715 3203 ὁδοποίησις
749 3139 848 3203 τῆς
897 3133 1035 3209 πρὸς
1081 3133 1209 3188 Θεὸν
1253 3132 1579 3194 οἰκειώσεως
1633 3133 1721 3186 καὶ
1751 3139 1852 3202 τῆς
1878 3129 2042 3186 ἐπου-

375 3221 570 3298 ρανίου
618 3219 999 3297 κληρονομίας
1029 3222 1093 3277 τὸ
1143 3223 1284 3277 θεῖον
1338 3221 1572 3296 ὑπάρχει
1617 3222 1915 3297 βάπτισμα’
1947 3221 2037 3275 καὶ

369 3313 478 3389 γὰρ
512 3311 602 3366 ἐὰν
643 3313 718 3385 μή
749 3333 834 3374 τις
885 3313 1124 3386 γεννηθῇ
1158 3310 1208 3382 ἐξ
1260 3308 1453 3373 ὕδατος
1495 3311 1584 3365 καὶ
1615 3311 1944 3383 πνεύματος,
1977 3309 2038 3364 οὐ

375 3401 455 3473 μὴ
484 3397 584 3475 ’ἔδῃ
639 3401 738 3468 τήν
797 3399 1077 3477 βασιλείαν
1127 3404 1224 3455 τοῦ
1273 3403 1427 3456 Θεοῦ.
1478 3401 1638 3454 Ὅθεν
1680 3402 1986 3476 μορφοῦται
2017 3399 2044 3453 ὁ

370 3487 483 3544 ἔσω
518 3491 808 3564 ἅνθρωπος
857 3491 996 3564 πρὸς
1045 3489 1330 3566 κρείττονα
1358 3486 1465 3559 ἕξιν
1511 3489 1599 3544 καὶ
1630 3491 1924 3564 σωτήριον,
1955 3490 2044 3544 καὶ

369 3583 482 3634 τῶν
518 3579 657 3635 κατᾶ
709 3581 838 3635 Θεὸν
893 3578 1073 3656 λόγων
1125 3599 1184 3634 τε
1213 3579 1304 3635 καὶ
1353 3577 1688 3654 πραγμάτων
1723 3579 1823 3647 τήν
1855 3577 2044 3650 ἐπιτή-

382 3665 585 3726 δευσιν.

455 3760 530 3833 [γ]
583 3762 648 3818 Ἠ
711 3760 851 3836 πρὸς
907 3760 1008 3830 τὴν
1063 3764 1172 3814 τῶν
1233 3757 1423 3815 ἄλλων
1459 3803 1472 3816 .
1530 3759 1667 3835 Τρία
1735 3758 1855 3814 τινά
1913 3780 2046 3838 φησι

392 3842 588 3902 δεῖσθαι
635 3850 775 3926 πρὸς
824 3850 925 3918 τήν
978 3849 1160 3924 ἀρχὴν
1189 3853 1295 3904 τῶν
1329 3847 1589 3904 ἐντολῶν’
1621 3851 1720 3920 τήν
1761 3846 2043 3925 ὑποδοχὴν

379 3941 486 3992 τῶν
523 3938 682 4001 θείων
711 3938 947 4014 λογίων,
977 3939 1078 4007 τὴν
1109 3939 1426 4013 κατήχησιν
1456 3945 1554 4008 τῆς
1603 3937 1747 4002 θείας
1784 3937 2044 4008 πίστεως,

380 4027 471 4079 καὶ
503 4028 603 4094 τήν
636 4026 993 4102 άναγέννησιν
1043 4028 1144 4096 τήν
1196 4024 1286 4081 διὰ
1321 4031 1419 4082 τοῦ
1469 4027 1615 4090 θείου
1651 4028 2044 4103 βαπτίςματος.

380 4116 580 4178 Καλῶς
641 4117 731 4170 οὗν
793 4113 1090 4187 ἀπέδειξεν,
1124 4118 1207 4171 ὅτι
1259 4119 1294 4186 ἡ
1335 4115 1714 4192 προτιμοτάτη
1768 4119 1858 4172 καὶ
1915 4117 2047 4188 ἐξαί-

376 4225 537 4280 ρετος
581 4206 793 4276 κίνησις
837 4209 936 4261 τοῦ
975 4210 1070 4260 νοῦ
1119 4208 1152 4275 ἡ
1204 4205 1328 4281 περὶ
1381 4207 1509 4262 Θεὸν
1558 4206 1739 4282 ἀγάπη
1791 4207 1924 4262 ἐστί’
1957 4207 2047 4262 καὶ

377 4293 467 4348 ὅτι
503 4294 652 4370 ἀρχή
684 4295 766 4358 τίς
792 4295 903 4350 ἐστι
935 4301 1036 4365 τῆς
1070 4295 1207 4368 πρὸς
1244 4296 1373 4350 Θεὸν
1404 4295 1623 4371 ἀγάπης
1653 4298 1687 4365 ἡ
1721 4296 1838 4350 θεία
1884 4298 2046 4369 ἡμῶν

375 4379 747 4460 δημιουργία,
776 4386 1054 4440 τουτέστιν
1110 4386 1146 4453 ἡ
1209 4381 1298 4438 διὰ
1353 4388 1450 4439 τοῦ
1499 4383 1874 4460 βαπτίσματος
1923 4386 2049 4439 ἀνα-

371 4471 655 4547 γέννησις,
717 4476 834 4538 καθ’
864 4475 925 4542 ἣν
969 4473 1130 4538 θείως
1179 4473 1313 4528 εἶναι
1362 4473 1664 4549 ἀρχόμεθαο
1693 4477 1728 4544 ἡ
1795 4474 1889 4547 μὲν
1945 4475 2046 4550 γὰρ

371 4561 438 4616 ἐκ
496 4561 808 4638 σπέρματος
869 4566 1031 4636 ἡμῶν
1083 4560 1446 4638 δημιουργία,
1496 4561 1592 4618 κᾶν
1652 4563 1710 4618 ἐκ
1766 4567 1901 4618 Θεοῦ
1945 4562 2048 4630 δη-

2141 2039 2298 2094 unde
2329 2055 2420 2093 res
2470 2038 2630 2109 ipsas
2660 2035 2886 2090 divinas
2933 2035 3298 2097 tractamus;
3331 2026 3432 2081 sed
3483 2039 3586 2095 per
3629 2021 3801 2092 signa

2143 2129 2500 2201 perficimur,
2533 2127 2686 2182 sicut
2711 2123 2908 2180 colicis
2956 2118 3371 2181 benedictionis,
3415 2110 3803 2185 quemadmo-

2145 2223 2285 2276 dum
2318 2218 2400 2274 ait
2426 2215 2737 2290 Apostolus
2769 2214 2872 2287 (a),
2904 2217 2960 2268 et
2987 2213 3155 2280 panis
3190 2223 3349 2280 quem
3379 2207 3718 2276 frangimus,
3751 2202 3809 2253 et

2146 2308 2532 2376 reliquorum.

2222 2399 2314 2455 55
2352 2399 2609 2452 Delectas.
2642 2394 2702 2450 Id
2735 2397 2825 2449 est
2856 2396 3028 2460 notae,
3058 2392 3115 2445 et
3144 2400 3393 2460 quarum
3428 2396 3624 2438 rerum
3657 2393 3813 2449 mys-

2150 2487 2552 2557 teriorumque
2582 2485 2702 2540 sint
2731 2479 3080 2537 indicativaz.

2221 2578 2579 2648 Nequaquam
2625 2573 2793 2629 atteri
2819 2567 3274 2627 communicabis.
3325 2562 3472 2630 Quia
3501 2559 3628 2616 sine
3660 2555 3810 2629 peri-

2151 2665 2282 2724 culo
2314 2682 2380 2722 ac
2408 2669 2534 2720 tuto
2566 2661 2812 2735 mystica
2842 2658 3090 2715 dicenda
3122 2659 3280 2712 sunt.

2804 2768 2876 2824 IN
2917 2766 3073 2822 CAP.
3117 2764 3190 2818 Il.

2224 2867 2251 2933 §
2284 2865 2326 2920 Ι.
2357 2862 2528 2934 Hujus
2553 2864 2764 2916 autem.
2798 2888 2866 2898 ——
2896 2855 3127 2911 Scilicet
3155 2868 3291 2908 cum
3322 2850 3438 2905 Deo
3471 2842 3813 2902 similitudi-

2155 2954 2246 3011 nis
2279 2959 2335 3009 et
2365 2950 2670 3009 unitionis.

2228 3042 2519 3112 Quodnam
2546 3044 2624 3096 est
2656 3039 2832 3108 igitur
2872 3036 3126 3091 initium.
3179 3027 3562 3101 Principium,
3595 3021 3816 3094 inquit,

2152 3138 2211 3190 et
2239 3133 2332 3188 via
2363 3131 2435 3188 ad
2467 3129 2725 3186 divinam
2758 3123 3217 3181 familiaritatem
3246 3118 3666 3186 caelestemque
3697 3111 3816 3166 hie-

2154 3222 2464 3279 reditatem
2498 3218 2732 3274 divinus
2762 3219 2850 3270 est
2880 3212 3233 3284 baptismus.
3267 3206 3496 3263 Etenim
3536 3204 3649 3258 nisi
3694 3199 3820 3273 quiJ

2071 3268 2115 3338 C
2154 3315 2382 3368 renatus
2412 3310 2589 3383 fuerit
2616 3324 2692 3363 ea:
2719 3321 2866 3377 aqua
2896 3268 3318 3374 et‘spiritumon
3345 3295 3551 3352 videbit
3580 3268 3816 3364 regnum

2156 3404 2254 3458 Dei
2280 3401 2375 3470 (b).
2408 3379 2614 3468 itaque
2645 3396 2934 3450 formatur
2963 3390 3210 3446 interior
3259 3387 3432 3442 homo
3482 3384 3554 3438 ad
3605 3379 3818 3436 melio-

2155 3507 2276 3548 rem
2332 3489 2625 3552 habitum,
2657 3490 2717 3540 et
2763 3483 3083 3540 salutarem
3131 3479 3350 3549 Deique
3396 3474 3707 3530 verborum
3759 3473 3816 3524 et

2155 3597 2353 3636 rerum
2386 3575 2801 3650 aptitudinem.

2229 3760 2334 3830 Ea,
2367 3773 2492 3829 quae
2525 3764 2579 3813 et
2609 3759 2958 3811 ceterorum.
2990 3751 3130 3806 Tria
3179 3747 3448 3820 quaedam
3485 3740 3819 3800 necessaria

2157 3866 2287 3907 esse
2313 3848 2456 3904 dicit
2485 3848 2557 3903 ad
2591 3848 3016 3918 praeceptorum
3050 3837 3408 3912 principium
3436 3854 3450 3904 ;
3485 3848 3695 3904 nempe
3725 3830 3817 3884 di-

2155 3939 2428 3996 vinorum
2459 3936 2824 4008 Scriptorum
2859 3921 3815 4003 approbationem,instilutionem

2158 4029 2367 4084 divinte
2426 4025 2584 4095 ﬁdei,
2635 4022 2933 4094 divinique
2972 4017 3251 4091 baptismi
3293 4011 3816 4086 regenerationem.

2157 4119 2308 4175 Bene
2328 4116 2510 4189 igitur
2527 4112 2811 4186 probavit,
2845 4106 3402 4183 praestantissimum
3429 4102 3819 4175 praecipuum-

2157 4223 2272 4279 que
2303 4205 2520 4262 mentis
2571 4209 2794 4260 motum
2827 4216 2955 4256 esse
2985 4198 3087 4254 Dei
3140 4195 3486 4251 charitatem
3515 4209 3528 4258 ;
3561 4195 3618 4246 et
3649 4187 3820 4261 quasi

2157 4297 2520 4370 principium
2574 4293 2873 4366 quoddam
2905 4305 3034 4345 esse
3069 4285 3380 4343 charitatis
3428 4282 3528 4337 Dei
3559 4281 3819 4336 divinam

2158 4387 2343 4442 nostri
2375 4380 2830 4450 creationem,id
2863 4385 2954 4435 est
2986 4394 3088 4449 per
3118 4374 3484 4446 baptismum
3517 4385 3822 4442 regenera-

2157 4476 2404 4542 tionem,
2438 4490 2553 4546 qua
2584 4471 2768 4527 divini
2801 4485 2930 4524 esse
2959 4467 3316 4538 incipimus;
3348 4459 3534 4517 nostri
3565 4459 3723 4514 enim
3754 4473 3824 4511 ex

2159 4564 2386 4621 semine
2417 4556 3029 4635 productio,quamvis
3060 4555 3176 4609 Dco
3209 4551 3568 4624 producente
3600 4549 3822 4615 ﬁat,ta-

378 4635 781 4727 μιουργοῧντος
826 4654 887 4725 ᾗ,
917 4635 1066 4707 γάλλ’
1097 4653 1187 4706 οὖν
1245 4635 1442 4730 φυσική
1489 4652 1650 4707 ἐστιν·
1685 4655 1719 4723 ἡ
1756 4651 1812 4708 δὲ
1844 4652 1903 4708 ἐκ
1949 4654 2040 4730 βα-

2163 4670 2295 4709 men
2321 4651 2608 4708 naturalis
2637 4653 2727 4706 est
2755 4667 2770 4719 ;
2804 4664 2873 4702 ea
2899 4650 3093 4700 autem
3127 4658 3256 4713 quae
3287 4655 3357 4695 ex
3388 4637 3704 4710 baptismo,
3737 4635 3824 4689 di-

376 4742 692 4813 πτίσματος
747 4742 879 4797 θεία·
937 4741 1000 4797 οὗ
1052 4742 1154 4818 γάρ
1207 4741 1259 4813 ἐξ
1308 4742 1555 4815 αἱμάτων
1606 4741 1775 4812 ἐστὶν,
1808 4740 1935 4798 οὐδὲ
1991 4743 2050 4798 ἐκ

380 4829 707 4904 θελήματος
759 4829 970 4908 ἀνδρός.
1021 4833 1227 4907 ’Ὠσπερ
1258 4831 1348 4886 οὗν
1383 4829 1436 4885 ἐν
1467 4835 1535 4905 τῇ
1569 4835 1768 4906 φυσικῇ
1799 4835 2046 4908 γεννήσει

381 4919 472 4976 δεῖ
504 4925 724 4997 πρῶτον
762 4921 990 4996 ὑπάρξαι
1037 4919 1114 4983 είς
1153 4920 1216 4975 τὸ
1263 4922 1417 4993 εἶναι,
1448 4921 1538 4975 καὶ
1583 4921 1707 4977 τότε
1761 4921 2048 4998 ἐνεργῆσαι

377 5012 452 5065 τά
498 5008 850 5081 κατάλληλα,
882 5010 974 5065 καὶ
1025 5011 1242 5081 παθεῖν,
1295 5012 1410 5065 οἷον
1463 5010 1781 5087 ἀνθρώπους
1832 5012 1925 5085 μὲν
1983 5013 2050 5067 τὰ

380 5098 592 5170 οἰκεῖα,
643 5097 817 5176 ἄλογα
866 5097 924 5154 δὲ
955 5101 998 5136 ⁹⁶
1031 5098 1240 5170 ὁμοίως
1283 5101 1351 5154 τά
1396 5101 1701 5178 πρόσφορα’
1763 5101 1905 5156 οὕτω
1957 5102 2048 5157 καὶ

378 5189 435 5245 ἐν
467 5192 542 5255 τῆ
593 5189 707 5262 θείᾳ
733 5193 829 5244 τοῦ
875 5186 1248 5266 βαπτίσματος
1295 5190 1648 5265 άναγεννήσει
1699 5187 1782 5245 δεῖ
1829 5196 2044 5267 πρῶτον

457 5372 539 5447 (a)
575 5373 596 5429 Ι
630 5375 758 5430 Cor.
790 5390 846 5442 x,
885 5374 969 5431 16.
1049 5373 1124 5445 (b)
1156 5376 1324 5429 Joan.
1358 5387 1444 5442 ιιι,
1475 5373 1530 5430 5.

1611 5373 1719 5444 (b‘)
1746 5374 1918 5432 Joan.
1953 5391 1992 5446 ι,
2029 5374 2117 5432 13.

2157 4744 2295 4799 vina
2329 4759 2341 4798 :
2374 4758 2485 4797 non
2517 4740 2677 4796 enim
2709 4754 2778 4794 ea:
2808 4735 3174 4807 sanguinibus
3206 4738 3313 4797 est,
3343 4745 3444 4785 nec
3470 4744 3540 4784 ex
3567 4726 3824 4782 volunta-

2156 4836 2211 4890 te
2241 4834 2348 4889 viri
2375 4830 2580 4903 (b').Ut
2612 4829 2792 4902 igitur
2823 4827 2882 4881 in
2916 4822 3172 4880 naturali
3205 4827 3336 4878 ortu
3374 4821 3602 4890 oportet
3634 4815 3824 4887 primo

2159 4923 2438 4979 exsistere
2469 4919 2786 4985 nascendo,
2820 4922 2876 4972 et
2905 4915 3117 4971 deinde
3150 4917 3276 4967 tum
3319 4911 3558 4964 demum
3593 4902 3824 4976 operari

2160 5011 2587 5079 convenientia,
2620 5015 2678 5065 et
2708 5006 2827 5080 pati
2853 5023 2867 5074 ;
2903 5011 2968 5060 ut
2998 5002 3268 5059 homines
3300 4999 3538 5072 quidem
3567 4993 3824 5066 propria,

2157 5103 2335 5158 bruta
2363 5117 2498 5156 vero
2530 5097 2823 5165 similiter,
2857 5091 3248 5167 (hominibus)
3281 5089 3449 5144 utilia
3482 5103 3495 5141 :
3529 5086 3614 5140 sic
3645 5084 3704 5138 in
3737 5083 3824 5137 di-

2157 5197 2296 5249 vina
2325 5188 2607 5262 baptismi
2663 5183 3111 5257 regeneratione
3159 5183 3391 5252 oportet
3425 5176 3677 5249 primum
3709 5172 3824 5228 Deo

1404 5555 1642 5612 VARIzE
1683 5552 2084 5611 LECTIONES
2123 5551 2217 5609 ET
2257 5546 2824 5610 CORRECTIONES.

465 5671 524 5760 ’,³
550 5666 992 5746 παραδεδομένα.
1069 5671 1113 5708 ⁰³
1134 5669 1296 5725 τοῦτό
1327 5691 1489 5749 φησιν
1521 5669 1604 5726 ὅτι
1657 5669 1719 5726 οὐ
1749 5673 1990 5745 γυμνῶς.
2066 5668 2113 5706 ⁰⁴
2136 5664 2464 5743 τελούμεθα.
2542 5667 2586 5704 ⁸⁵
2634 5662 2802 5719 οἷονιί
2847 5666 2950 5731 τῆς
2995 5658 3132 5734 πρὸς
3184 5657 3313 5714 Θεὸν
3374 5649 3684 5716 ἀναϐάσεως
3735 5651 3828 5707 καὶ

391 5743 644 5800 ἆγαπτις.
678 5743 1082 5800 Quodammodo
1111 5759 1365 5800 ascensus
1397 5745 1456 5800 in
1495 5746 1669 5800 Deum
1697 5749 1750 5800 et
1779 5744 2092 5800 charitatis.
2169 5738 2318 5796 ἀλλά
2346 5738 2422 5796 δὲ.

429 5738 644 5822 γάπηςζ
678 5738 1082 5816 Quodammodo
1111 5738 1365 5802 ascensus
1389 5738 1456 5802 in
1495 5746 1669 5803 Deum
1697 5749 1750 5802 et
1764 5738 2040 5801 'charitati

2169 5738 2321 5796 ἀλλᾶ
2346 5738 2422 5796 δὲ.
