4134 6386
362 361 467 416 123

1184 362 1553 416 APPENDIX
1591 358 1692 414 AD
1725 358 1972 415 OPERA
2008 357 2066 411 Β.
2106 355 2428 412 DIONYSII
2467 359 2970 415 AREOPAGITE.

3685 361 3789 416 124

358 485 663 557 exsistere,
713 485 923 542 deinde
952 485 1082 558 ejus
1131 484 1480 540 cbaritatem
1530 482 1782 556 operari,
1823 485 1881 536 et
1909 495 2019 536 οω-

2167 481 2251 550 ιεῷ
2279 477 2531 553 ὑπάρξαι,
2561 481 2649 535 καὶ
2704 479 2826 536 τότε
2873 480 3158 558 ἐνεργῆσαι
3196 480 3297 551 τὴν
3350 480 3568 556 ἀγάπην
3602 481 3795 553 αὐτοῦ,

359 579 486 631 tera
517 576 587 631 ad
619 576 765 632 bene
795 575 1110 631 vivendum
1143 573 1553 632 conducentia.

435 665 500 721 Ut
531 666 681 720 enim
711 667 976 736 inclytus.
1013 665 1254 720 Beatum
1287 662 1669 720 Hierotheum
1704 659 2030 729 dicit,sicut

361 771 511 826 saepe
543 755 601 809 in
635 755 1101 826 precedentibus
1133 754 1508 810 sermonibus
1541 750 1882 807 declaravit.

429 845 627 901 Prima
683 845 876 901 motio.
937 843 1219 908 Quisnam
1280 843 1363 899 sit
1415 841 1751 916 praecipuus
1811 837 2024 895 mentis

360 937 581 990 motus.

430 1023 664 1079 Divinas
719 1032 913 1081 status.
947 1024 1010 1079 Id
1072 1027 1159 1080 est
1219 1020 1584 1096 regeneratio
1642 1037 1745 1094 per
1798 1018 2027 1092 baptis‘

359 1129 548 1168 mum.

429 1202 897 1274 Ineﬂ'abilissima.
933 1202 996 1258 Id
1049 1205 1140 1258 est
1171 1218 1274 1274 per
1321 1200 1686 1274 baptismum
1736 1199 1942 1272 reﬁngi
1971 1193 2030 1255 et

359 1292 713 1363 regenerari,
739 1291 895 1350 sicut
924 1297 1125 1366 postea
1156 1293 1417 1364 exponit.

433 1383 712 1438 Exsistere
757 1390 985 1454 oportet.
1019 1382 1182 1447 Quod
1239 1380 1646 1437 exsistentiam
1676 1380 1779 1438 56
1817 1395 2031 1436 secun-

361 1471 504 1526 dum
539 1476 837 1542 naturam,
871 1472 1069 1544 ipsum
1121 1472 1450 1528 secundum
1486 1485 1614 1526 eam
1665 1468 1896 1543 operari
1936 1485 2028 1525 se-

403 1566 598 1618 uatur.

403 1576 598 1618 uatur.

361 1576 396 1632 q
432 1651 651 1708 Divina?
679 1653 1134 1722 regenerationis.
1170 1654 1291 1707 Hoc
1325 1653 1414 1706 est
1444 1649 1748 1722 baptismi.

429 1740 468 1795 Α
501 1741 612 1797 sole
665 1741 976 1812 fabricatis.
1032 1739 1465 1813 Splendoribus
1518 1756 1667 1812 quos
1713 1737 1800 1795 sol
1843 1737 2027 1814 facit:

356 1827 581 1885 indicat
611 1835 809 1886 autem
841 1830 1059 1888 radios.

429 1918 560 1992 ﬁll.
627 1921 854 1978 Oxiam.
913 1917 1064 1976 Nota
1121 1935 1395 1991 quaenam
1453 1918 1795 1974 acciderunt
1849 1915 2020 1986 Ozie,

356 2011 499 2066 Core
528 2013 586 2065 et
614 2009 840 2067 Nadab.

426 2099 748 2171 Evangelia.
783 2102 1064 2168 Quisnam
1096 2115 1230 2155 vere
1261 2099 1416 2154 bona
1441 2097 1669 2154 nuntia.

426 2189 882 2246 Humanitatem.
913 2188 1060 2245 Nota
1091 2189 1164 2244 de
1193 2187 1656 2260 dispensatione,
1689 2203 1791 2244 seu
1833 2186 2019 2243 incar-

369 2278 626 2334 natione.

427 2366 810 2438 Couformare.
873 2366 982 2424 Per
1034 2367 1210 2424 ﬁdem
1269 2365 1513 2435 scilicet,
1592 2367 1747 2424 sicut
1817 2370 2021 2439 postea

357 2462 672 2514 monstrat.

426 2547 537 2614 Qui
585 2546 786 2602 horum
831 2549 1009 2602 amat.
1062 2549 1206 2601 Eum
1255 2545 1358 2618 qui
1408 2562 1599 2619 nuper
1645 2545 1917 2614 credidit,
1963 2548 2020 2601 et

351 2633 646 2690 illustrari
691 2635 896 2702 voluit,
949 2635 1138 2692 dicit:
1193 2636 1492 2691 initiatum
1547 2640 1769 2705 autem,
1823 2635 1882 2692 id
1930 2639 2022 2691 est

354 2723 779 2796 Christianum,
813 2727 870 2780 et
899 2723 1000 2796 qui
1032 2724 1285 2797 perfecte
1314 2724 1520 2781 credit.

428 2815 548 2886 Ipse
578 2822 766 2870 autem
799 2815 1030 2885 integre.
1069 2815 1144 2869 De
1176 2831 1331 2869 nunc
1362 2814 1518 2869 dicto
1560 2821 1898 2886 susceptare
1930 2830 2020 2869 re-

356 2907 559 2959 center
588 2903 1042 2972 illustratorum,
1075 2919 1175 2958 seu
1208 2903 1660 2974 baptizatorum.

425 2991 679 3063 Obsequi.
711 2993 1044 3048 Secundum
1078 2991 1222 3046 illud
1271 2993 1424 3064 quod
1475 2994 1532 3046 in
1583 2991 1709 3064 lege
1759 2991 2014 3048 dicitur:

351 3083 418 3137 In
451 3081 730 3138 omnibus
760 3082 1072 3139 audiemus
1099 3098 1299 3138 vocem
1331 3082 1588 3139 Domini.

424 3170 726 3244 Suscipere.
782 3175 927 3228 Eum
962 3172 1061 3244 qui
1117 3176 1361 3244 rogatus
1391 3177 1502 3244 est,
1554 3175 1620 3227 ut
1669 3171 2016 3245 susciperet,

362 3262 519 3318 unde
549 3261 725 3318 etiam
758 3267 1065 3334 susceptor
1096 3261 1330 3318 dicitur.

422 3350 713 3407 Summum
742 3352 1099 3408 sacerdotem.
1136 3352 1198 3407 Id
1233 3357 1324 3407 est
1351 3351 1722 3424 episcopum.

416 3443 444 3506 §
477 3441 567 3496 ΙΙΙ.
605 3441 848 3497 Duorum
879 3443 1143 3498 virorum.
1179 3441 1273 3496 Sic
1322 3444 1731 3512 componenda
1773 3445 1861 3497 est
1892 3441 2016 3497 haec

351 3529 647 3585 sententia
679 3547 691 3585 :
723 3535 878 3586 Duos
926 3531 1106 3599 viros,
1135 3531 1304 3602 quasi
1361 3530 1420 3584 in
1451 3531 1730 3586 humeros
1774 3548 1877 3587 ove
1909 3531 2016 3587 im-

347 3618 564 3691 posita,
599 3623 662 3674 ut
693 3619 772 3675 sit
800 3635 869 3675 ex
898 3619 1133 3675 duobus
1166 3618 1891 3691 hominibus,susceptore
1923 3620 2016 3674 in-

346 3724 524 3780 quam
587 3712 644 3765 et
702 3709 1036 3778 accedente,
1088 3708 1242 3764 intra
1293 3707 1624 3776 ecclesiam,
1681 3709 2017 3782 suscipiens

345 3797 504 3852 hunc
553 3802 837 3870 tanquam
882 3814 1045 3854 ovem
1096 3798 1415 3871 perditam,
1446 3799 1576 3870 ipso
1626 3794 2018 3870 (susceptore)

344 3885 505 3942 hunc
536 3887 609 3943 ab
640 3904 835 3944 errore
867 3892 1262 3944 convertente.
1283 3892 1607 3960 Susceptor
1635 3887 1792 3944 enim
1828 3889 2021 3946 ﬁdem

345 3977 492 4044 erat,
513 3990 619 4031 nec
648 3975 699 4031 ei
733 3979 858 4032 erat
889 3992 1130 4032 necesse
1161 3976 1432 4045 admitti;
1468 3993 1625 4032 nunc
1656 3976 1879 4048 gratias
1899 3979 2021 4048 agit

343 4063 463 4119 Deo
514 4064 850 4136 episcopus.
885 4065 943 4121 Si
995 4065 1153 4122 enim
1187 4065 1270 4122 ita
1319 4070 1728 4137 componatur,
1761 4065 2013 4122 duorum

343 4151 606 4210 virorum
639 4155 992 4227 suscipiens,
1028 4154 1202 4227 plane
1233 4153 1603 4212 soloecismus
1633 4154 1763 4210 erit.

417 4243 553 4312 [Vox
601 4239 824 4320 ἐσὲφθη,
858 4244 950 4300 hic
991 4245 1226 4317 ponitur
1272 4261 1374 4317 pro
1406 4238 1667 4316 ἐσεϐάσθη
1721 4248 2017 4302 veneratus

343 4331 472 4401 est].

418 4419 701 4492 Spiritali,
733 4437 829 4478 seu
857 4423 1110 4479 mentaii.
1139 4421 1448 4480 Mentalem
1483 4423 1806 4496 gratiarum
1839 4421 2014 4478 actio-

347 4527 485 4566 nem
519 4511 658 4567 dicit
710 4512 949 4568 tacitam
999 4517 1058 4568 et
1105 4529 1235 4584 quae
1285 4516 1480 4569 mente
1528 4513 1595 4568 ﬁt
1625 4528 1640 4568 :
1675 4527 2014 4584 corpoream

342 4616 480 4656 vero
512 4600 808 4656 inclinans
843 4605 1040 4673 caput,
1073 4605 1130 4657 et
1159 4602 1343 4657 Deum
1377 4602 1650 4657 adorans.

417 4689 445 4756 §
477 4687 571 4745 IV.
605 4691 837 4747 Omnem
865 4707 1091 4746 sacrum
1123 4689 1523 4746 ordinem.Hoc
1555 4694 1644 4746 est
1676 4689 2014 4747 universum

343 4776 592 4834 olerum.

416 4869 695 4940 Hymnum
725 4867 990 4940 aliquem.
1025 4869 1174 4924 Nota
1203 4885 1273 4924 ex
1308 4867 1468 4924 omni
1502 4867 1804 4941 Scriptura
1844 4886 2016 4941 posse

345 4955 633 5028 hymnum
667 4962 724 5013 et
752 4957 986 5014 laudem
1020 4957 1211 5013 offerri
1243 4958 1384 5025 Deo,
1407 4975 1523 5012 non
1559 4958 1762 5031 utique
1792 4976 1861 5014 ex
1892 4959 2016 5016 solo

343 5046 582 5101 Davide.
608 5047 918 5116 Praeterea,
953 5047 1242 5120 hymnum
1277 5045 1560 5117 aliquem,
1585 5051 1686 5102 aut
1719 5048 2014 5104 canticum

345 5133 542 5190 Mariae
598 5135 815 5208 Moysis
867 5135 1110 5205 sororis,
1165 5137 1462 5191 Cantemus
1514 5137 1752 5191 Domino
1785 5137 1872 5208 (c),
1925 5153 2014 5206 vel

346 5223 645 5294 psalmum
704 5224 1075 5296 trigesimum
1133 5226 1376 5280 tertium
1437 5226 1694 5296 Davidis,
1730 5231 1831 5282 aut
1887 5228 2016 5299 ejus

340 5317 573 5384 partem
607 5329 622 5371 :
659 5315 925 5372 Accedite
954 5314 1033 5371 ad
1061 5331 1212 5387 eum,
1243 5323 1298 5372 et
1328 5315 1762 5373 illuminamini.

425 5465 499 5538 (c)
533 5466 714 5525 Exod.
748 5484 844 5540 xv,
877 5467 931 5525 Ι.

2135 567 2224 622 καὶ
2255 568 2322 623 τὰ
2351 567 2525 624 λοιπὰ
2563 569 2702 644 πρὸς
2732 568 2984 640 εὐζωίαν.

2206 658 2294 719 Ὠς
2321 657 2421 734 γὰρ
2455 659 2482 712 6
2507 657 2740 720 κλεινός.
2776 660 2881 716 Τὸν
2919 659 3184 736 μακάριον
3217 656 3481 736 Ἰερὸθεον
3515 658 3684 738 λέγει,
3715 662 3792 725 ὡς

2136 745 2413 809 πολλάκις
2444 745 2721 818 ἐδήλωσεν
2755 748 2806 803 ἐν
2839 754 2957 812 τοῖς
2988 750 3220 826 πρόσθεν
3254 747 3466 827 λόγοις.

2211 835 2499 910 Πρωτίστη
2534 838 2766 909 κίνησις.
2797 837 2891 903 Τίς
2921 841 2954 908 ἡ
2989 837 3258 916 ἐξαίρετός
3289 839 3401 896 ἔστι
3450 839 3662 912 κίνησις
3691 845 3795 895 τοῦ

2136 945 2254 982 νου.

2208 1015 2272 1072 Ἦ
2303 1018 2398 1069 τοῦ
2431 1015 2563 1071 εἶναι
2617 1015 2796 1081 θείως.
2829 1015 3114 1074 Τουτὲστιν
3141 1019 3178 1089 ἡ
3211 1014 3303 1074 διὰ
3346 1021 3446 1074 τοῦ
3481 1018 3801 1094 βαπτίσμαο

2135 1124 2229 1166 τος
2262 1103 2634 1180 ἀναγέννησις.

2211 1192 2613 1268 Ἀῤῥητοτάτη.
2671 1196 2924 1252 Τουτὲστι
2981 1197 3044 1252 τὸ
3101 1194 3190 1252 διὰ
3251 1197 3628 1274 βαπτίσματος
3674 1197 3802 1253 ἀνα-

2138 1279 2447 1352 πλασθῆναι
2477 1284 2566 1338 καὶ
2601 1283 3044 1360 ἀναγεννηθῆναι,
3072 1286 3146 1348 ὡς
3177 1283 3343 1358 δηλοῖ
3373 1285 3585 1362 ἐφεξῆς.

2207 1371 2462 1446 Ὑπάρξαι
2494 1369 2596 1430 δεῖ.
2626 1375 2752 1431 ’Ότι
2784 1373 3074 1430 ἀκολουθεῖ
3100 1379 3170 1450 τῇ
3195 1376 3334 1432 κατὰ
3359 1375 3514 1455 φύσιν
3548 1375 3799 1452 ὑπάρξει,

2137 1458 2201 1514 τὸ
2230 1461 2347 1515 κατ’
2375 1460 2540 1531 αὐτην
2574 1461 2830 1538 ἐνεργεῖν.

2212 1639 2580 1716 Θεογενεσίας.
2612 1645 2872 1700 Τουτὲστι
2902 1649 2998 1700 τοῦ
3032 1643 3425 1721 βαπτίσματος.

2211 1730 2638 1795 Ἡλιοτεόκτοις.
2693 1737 2822 1795 Ταῖς
2873 1732 3060 1809 αὐγαῖς
3113 1732 3172 1796 ἃς
3224 1735 3252 1788 ὁ
3283 1733 3446 1804 ἥλιος
3496 1737 3539 1772 9⁷
3584 1733 3799 1811 τεύχει·

2051 1860 2101 1925 Β
2141 1815 2310 1890 δηλοῖ
2339 1817 2396 1877 δδ
2421 1820 2518 1883 τὰς
2549 1821 2788 1884 ἀκτῖνας.

2201 1913 2227 1979 §
2259 1911 2328 1968 II.
2363 1911 2473 1967 Τὸν
2506 1911 2601 1984 μὲν
2635 1911 2833 1980 Ὀζίανο
2862 1912 3182 1984 Σημείωσαι
3204 1913 3272 1968 τὰ
3289 1911 3427 1969 κατὰ
3455 1913 3548 1968 τὸν
3584 1910 3804 1984 Ὀζίαν,

2127 1999 2218 2055 καὶ
2250 2000 2342 2055 τὸν
2378 2000 2542 2075 Κορὲ,
2575 1999 2664 2056 καὶ
2697 2002 2786 2056 τὸν
2819 1995 3028 2059 Ναδάϐ.

2202 2089 2532 2165 Εὐαγγὲλια.
2564 2090 2704 2148 Τίνα
2734 2087 3024 2168 εὐαγγέλια
3053 2089 3301 2162 ἀληθῶς.

2205 2175 2650 2254 Φιλανθρωπίαν.
2686 2178 3004 2252 Σημείωσαι
3036 2180 3160 2256 περὶ
3199 2187 3303 2251 τῆς
3332 2179 3676 2255 οἰκονομίας.

2197 2361 2602 2435 Ἀφομοιῶσαι.
2649 2362 2747 2416 Διὰ
2791 2365 2895 2430 τῆς
2941 2363 3177 2425 πίστεως
3229 2359 3514 2436 δηλονότι,
3550 2363 3625 2425 ὡς
3658 2361 3791 2438 ἑφε-

2129 2449 2222 2520 ξῆς
2255 2447 2488 2523 [δηλοῖ].

2201 2540 2282 2612 [α]
2335 2539 2395 2596 Ὀ
2463 2539 2671 2595 τούτων
2747 2539 3050 2617 ἀγαπήσας.
3127 2541 3232 2600 Τὸν
3298 2541 3492 2597 νεωστὶ
3566 2541 3791 2597 πιστεύ-

2129 2649 2288 2683 σαντα
2319 2629 2406 2683 καὶ
2459 2627 2688 2684 θέλοντα
2721 2629 3058 2708 φωτισθῆναί
3107 2651 3259 2710 φησί’
3298 2631 3653 2705 μεμυημένον
3702 2629 3785 2702 δὲ,

2127 2715 2370 2773 τουτέστι
2400 2719 2743 2795 Χριστιανὸν,
2774 2719 2865 2774 καὶ
2891 2719 3117 2784 τελείως
3146 2719 3362 2781 πιστόν.

2316 2807 2489 2870 Αὐτὸς
2561 2805 2618 2864 δὲ
2676 2807 2906 2871 ὑλικῶς·
2964 2810 3093 2885 Περὶ
3153 2814 3255 2866 τοῦ
3309 2810 3428 2865 νυνὶ
3481 2808 3784 2886 λεγομένου

2127 2894 2338 2972 ἄναδόχ
2341 2917 2403 2952 ου
2431 2901 2538 2952 τῶν
2571 2898 2948 2976 νεοφωτίστων
2959 2941 2973 2955 .

2201 2989 2274 3063 [γ]
2330 2987 2854 3058 Ἐπακολουθήσειν.
2912 2988 3059 3044 Κατὰ
3120 2989 3184 3044 τὸ
3243 2987 3531 3062 εἰρημένον
3593 2988 3647 3044 ἐν
3705 2994 3791 3062 τῷ

2124 3076 2301 3149 νόμῳ·
2331 3077 2484 3133 Κατὰ
2512 3077 2688 3132 πάντα
2714 3077 3058 3151 ἀκουσόμεθα
3086 3080 3184 3150 τῆς
3216 3085 3404 3154 φωνῆς
3438 3078 3658 3153 Κυρίου.

2199 3161 2273 3238 [δ]
2307 3162 2707 3238 Ἀναδέξασθαι.
2753 3166 2854 3222 Τὸν
2905 3165 3195 3236 αῗτηθίντα
3241 3164 3610 3240 ἀναδέξασθαιο
3661 3167 3784 3232 ὅθεν

2047 3238 2091 3306 Ο
2128 3255 2217 3309 καί
2252 3253 2519 3330 ἆνάδοχος
2552 3255 2787 3332 Λέγεται.

2200 3345 2502 3422 Ἱεραρχίας
2533 3345 2845 3419 ἐπώνυμον.
2879 3345 3166 3423 Ἱεράρχην
3200 3343 3441 3416 δηλαδή.

2199 3438 2353 3504 §lII.
2405 3437 2470 3509 [ε]
2521 3440 2645 3489 Τοῖν
2700 3432 2942 3508 ἀνδροῖν.
2990 3437 3118 3492 ’Ότι
3171 3434 3314 3491 οὕτω
3375 3432 3459 3490 δεῖ
3518 3437 3788 3490 συνθεῖναι

2125 3524 2223 3592 τὴν
2260 3523 2438 3600 ῥῆσιν·
2472 3529 2595 3578 Τοῖν
2646 3521 2889 3599 ἀνδροῖν,
2941 3522 3014 3586 ὠς
3062 3523 3144 3578 ἄπ’
3196 3520 3366 3598 ὤμων
3397 3525 3457 3579 τὸ
3507 3519 3791 3600 πρόϐατον

2127 3611 2520 3684 εἷσδεξάμενος,
2549 3611 2642 3666 ’ίνα
2751 3615 2810 3667 ἐκ
2854 3613 2963 3667 τῶν
3007 3610 3101 3668 δύο
3153 3611 3390 3686 ἀνδρῶν,
3421 3617 3521 3668 τοῦ
3566 3633 3625 3668 τε
3654 3614 3786 3668 ἀνα-

2127 3698 2301 3776 δόχου
2333 3702 2478 3779 φημὶ
2508 3701 2598 3756 καὶ
2647 3705 2744 3756 τοῦ
2793 3701 3219 3778 προσελθόντος,
3251 3697 3380 3757 εἷ’σω
3425 3709 3528 3772 τῆς
3575 3701 3785 3774 ἐκκλη-

2129 3790 2270 3861 σίας,
2321 3787 2609 3864 δεξάμενος
2668 3791 2838 3860 αὐτὴν
2899 3794 2942 3828 ³⁸
2991 3793 3067 3854 ὡς
3123 3787 3398 3868 πρόϐατον
3458 3790 3784 3855 ἀπολωλός’

2127 3879 2291 3934 αὐτοῦ
2348 3884 2539 3935 τοῦτον
2593 3879 2652 3936 ἐκ
2724 3879 2934 3952 πλάνης
3002 3880 3416 3958 ἐπιστρέφοντος
3469 3885 3532 3919 ⁹⁹·
3595 3883 3622 3936 6
3678 3882 3785 3959 γὰρ

2127 3966 2400 4044 ἀνάδοχος
2453 3970 2644 4032 πιστὸς
2672 3971 2762 4042 ἦν,
2794 3972 2885 4025 καὶ
2936 3970 3034 4026 οὐκ
3082 3968 3255 4026 ἐδεῖτο
3287 3969 3654 4046 εἰσδεχθῆναι·
3691 3975 3784 4026 νῦν

2127 4058 2442 4134 εὐχαριστεῖ
2470 4063 2547 4132 τῷ
2579 4064 2695 4132 Θεῷ
2725 4061 2753 4114 6
2786 4059 2981 4135 ἱερεύς.
3029 4059 3091 4118 Et
3140 4060 3244 4136 γὰρ
3296 4060 3439 4116 οὕτω
3479 4060 3782 4131 συντεθείη,

2122 4153 2238 4202 τοῖν
2268 4145 2485 4224 ἀνδροῖν
2519 4146 2919 4223 εἷσδεξάμενος,
2953 4149 3209 4205 σολοικὸν
3238 4147 3386 4206 ἔσται
3417 4152 3577 4207 πάνυ.

2197 4239 2470 4316 [Ἑσὲφθη,
2504 4238 2623 4294 ἀντὶ
2655 4243 2750 4294 τοῦ
2781 4234 3092 4313 ἐσεϐάσθη.]

2199 4419 2296 4473 Διὰ
2325 4422 2540 4492 νοερᾶς.
2574 4419 2775 4494 Νοερὰν
2810 4417 3164 4495 εὐχαριστίαν
3197 4419 3328 4498 φησί
3355 4420 3454 4490 τὴν
3489 4418 3783 4491 σιωπηλήν

2123 4508 2213 4564 καὶ
2248 4507 2299 4563 ἐν
2331 4513 2412 4582 τῷ
2440 4513 2520 4582 νῷ
2565 4507 2878 4585 γινομένην⁸
2938 4507 3287 4581 σωματοειδῆ
3317 4507 3395 4584 δὲ,
3427 4509 3631 4566 κλίνων
3679 4512 3784 4580 τὴν

2047 4603 2094 4669 D
2130 4601 2196 4637 ίοο
2225 4596 2469 4677 κεφαλὴν
2503 4599 2592 4653 καὶ
2623 4602 2942 4674 προσκυνῶν
2971 4597 3062 4653 τὸν
3091 4598 3242 4656 Θεόν.

2196 4693 2223 4758 §
2255 4689 2348 4746 IV.
2382 4693 2561 4743 Πᾶσαν
2597 4687 2742 4764 ἱερὰν
2778 4681 3164 4760 διακόσμησιν.
3195 4689 3482 4746 Τουτὲστιν
3517 4687 3646 4744 ὅλον
3686 4690 3781 4745 τὸν

2123 4777 2352 4854 κλῆρον.

2200 4870 2273 4941 [ζ]
2327 4870 2531 4939 Ὕμνον
2583 4867 2723 4924 τινά.
2785 4867 3130 4942 Σημείωσαι,
3190 4870 3275 4923 ὅτι
3329 4867 3390 4923 ἐκ
3441 4871 3620 4938 πάσης
3676 4871 3783 4936 τῆς

2125 4963 2347 5035 Γραφῆς
2397 4955 2621 5012 δυνατὸν
2675 4957 2843 5031 ὕμνον
2892 4959 3217 5035 προσφέρειν
3267 4963 3347 5032 τῷ
3396 4962 3532 5030 Θεῷ,
3574 4957 3636 5012 οὐ
3673 4959 3782 5030 μὴν

2129 5046 2186 5102 ἐκ
2221 5046 2392 5120 μόνου
2421 5050 2518 5100 τοῦ
2551 5043 2731 5102 Δαυίδ.
2764 5046 2995 5111 Ἀλλως
3048 5045 3220 5119 ὕμνον
3259 5046 3400 5116 τινὰ,
3431 5046 3465 5116 ἢ
3498 5048 3599 5116 τὴν
3629 5043 3782 5119 ᾠδὴν

2127 5135 2336 5204 Μαρίας
2381 5142 2481 5204 τῆς
2531 5132 2773 5212 ἀδελφῆς
2831 5135 3093 5208 Μωσέως,
3143 5138 3399 5209 ’ᾋσωμεν
3441 5141 3522 5208 τῷ
3571 5133 3784 5210 Κυρίῳ,

2127 5227 2162 5296 ἢ
2192 5227 2284 5280 τὸν
2313 5225 2635 5300 τριακοστὸν
2664 5225 2845 5302 τρίτον
2890 5229 2988 5280 τοῦ
3041 5222 3203 5279 Δαυίδ
3252 5223 3499 5299 ψαλμὸν,
3527 5227 3563 5295 ἢ
3620 5224 3788 5301 μέρος

2123 5315 2364 5389 τούτου,
2423 5312 2761 5390 Προσὲλθετε
2825 5315 2963 5389 πρὸς
3021 5314 3222 5386 αὐτὸν,
3287 5314 3380 5371 καὶ
3452 5314 3788 5394 φωτίσθητε.

1359 5585 1599 5643 νΑΒιιΕ
1637 5585 2030 5645 LECTIONES
2066 5586 2157 5646 ET
2194 5587 2761 5648 CORRECTIONES.

417 5699 460 5734 9"
487 5700 583 5760 τὰς
618 5695 784 5774 αὐγᾶς
815 5699 874 5764 ἃς
906 5703 934 5758 ὁ
967 5700 1149 5772 ἥλιός.
1226 5703 1269 5740 9⁸
1301 5700 1483 5758 αὐτόν.
1561 5702 1606 5738 θθ
1632 5699 2071 5778 ἐπιστρέφοντος.
2153 5705 2222 5742 ¹⁰⁰
2250 5703 2638 5778 προσκύνησιν,
2674 5699 2862 5772 ἐπειδὴ
2893 5699 3063 5760 κλίνει
3094 5703 3216 5776 τήν.
