4134 6418
381 387 496 445 125

1102 397 1162 452 Β.
1203 397 1479 453 ΜΑΧΙΜΙ
1517 400 1829 456 SCHOLIA
1864 402 1940 456 IN
1976 401 2049 453 L1.

2174 401 2252 454 )E
2287 399 2579 455 BGCLES.
2623 399 3098 456 HIERARCHIA.

3720 395 3827 449 126

455 510 684 582 Ὀλικὴν
739 515 1008 591 γενέσθαι.
1087 516 1317 589 Ὀλικὴν
1407 517 1763 597 προσίλευσιν
1834 521 1934 592 τὴν
1991 518 2041 595 ἐξ

2229 522 2328 580 57
2363 523 2580 593 Integer
2609 523 2708 580 ille
2733 523 3139 596 estlntegrum
3171 536 3495 592 accessum,
3520 523 3579 576 et
3603 521 3824 576 adven-

380 601 526 672 ὅλης
557 605 746 680 ψυχῆς
781 625 854 684 φη
864 626 940 664 σι.

459 690 691 749 Κελεόει
743 698 865 756 τοῖς
921 695 1143 771 ἱερεῦσι.
1195 698 1539 772 Σημείωσαι,
1599 697 1681 755 ὅτι
1732 701 1896 774 ἱερεῖς
1953 721 2051 754 κα-

385 782 478 838 λεῖ
529 783 658 844 τοὺς
731 778 1150 856 ὀποϐεϐηκότας
1225 791 1332 842 τῶν
1414 787 1752 861 ἰπισκόπων,
1808 790 2053 845 τουτέστι

376 871 516 936 τοὺς
548 868 977 951 πρεσϐυτὲρους,
1021 875 1110 930 καὶ
1169 873 1455 941 διακόνους
1503 879 1699 944 αὐτοὺς
1727 877 1900 942 οὕτως
1936 879 2056 934 ὀνο-

386 963 582 1037 μάζων
619 982 633 996 ⁸
691 963 850 1020 αὐτοὶ
912 964 1016 1042 γὰρ
1068 965 1576 1047 ὀνοματογραφοῦσι
1622 968 1752 1034 τοὺς
1796 968 2052 1048 νεοφωτί·

374 1073 576 1114 στους.

451 1161 608 1232 δνῐ.
660 1161 762 1216 Τὸν
814 1158 1002 1238 ἄνδρα,
1061 1163 1384 1238 Σημείωσαι
1442 1164 1532 1220 καὶ
1592 1167 1714 1242 περὶ
1769 1167 1872 1235 τῆς
1917 1165 2053 1220 ἀπο-

374 1255 608 1328 γραφῆς
637 1255 738 1307 τοῦ
772 1251 1176 1328 βαπτιζομένου
1206 1253 1297 1308 καὶ
1323 1254 1419 1310 τοῦ
1459 1252 1758 1332 ἀναδόχου.

453 1338 795 1412 Ἐκκλησίας
898 1342 1388 1420 συμπληρωσάσης
1417 1387 1432 1413 ,
1519 1345 1808 1402 Τουτέστιν
1896 1344 1983 1400 ἐπὶ
2033 1348 2050 1382 ¹

372 1431 452 1504 τῇ
483 1433 584 1485 τοῦ
614 1430 794 1504 Ἀμὴν
827 1428 1148 1510 ἰκφωνήσει.

459 1519 720 1576 Ὑπολύει
785 1520 880 1594 μὶν
932 1519 1114 1578 αὐτὸν.
1180 1522 1307 1599 Περὶ
1366 1526 1476 1579 τῶν
1535 1522 1587 1580 ἰν
1641 1526 1721 1596 τῷ
1771 1521 1902 1597 Θείῳ
1957 1523 2054 1600 βα-

379 1610 654 1684 πτίσματι
684 1608 1114 1684 τελειουμὲνων.

456 1699 557 1754 Καὶ
592 1698 1048 1779 ἀπαμφιιννυσιν.
1101 1701 1364 1767 Ἐνταῦθα
1409 1701 1470 1757 οὐ
1519 1706 1690 1759 πᾶσαν
1723 1706 1821 1774 τὴν
1857 1703 2054 1774 ἐσθῆτα

387 1785 844 1867 ὀπαμφιὲννυσιν,
898 1789 1026 1846 ἀλλ’
1086 1790 1306 1868 ἀφίησιν
1359 1785 1412 1846 ἔν
1461 1791 1706 1866 ἱμάτιον⁹
1757 1793 1832 1857 ὡς
1887 1790 2055 1864 δηλοῖ

2160 614 2288 666 tum
2321 611 2464 667 dicit
2487 628 2622 667 eum
2655 611 2756 684 qui
2787 615 2908 667 toto
2941 610 3139 667 animo
3170 610 3252 665 ﬁt.

2231 700 2455 757 Mandat
2483 701 2873 758 sacerdotibus.
2910 705 3078 771 Nota,
3111 716 3246 756 eum
3298 697 3595 771 appellare
3625 714 3824 755 sacer-

2162 790 2328 846 dotes
2381 807 2480 846 eos
2529 791 2630 862 qui
2683 791 2994 847 inferiores
3043 794 3185 846 sunt
3233 788 3549 861 episcopis,
3595 788 3705 844 hoc
3736 791 3827 844 est

2162 881 2556 952 presbyteros,
2589 880 2869 936 diaconos
2910 881 3086 936 etiam
3120 881 3283 952 ipsos
3329 879 3411 934 ita
3465 878 3820 946 nominans;

2161 968 2276 1041 ipsi
2329 969 2485 1025 enim
2533 985 2736 1026 eorum
2788 970 2889 1040 qui
2947 985 3136 1042 nuper
3178 974 3236 1024 et
3295 983 3499 1024 recens
3545 966 3826 1023 illustrati

2163 1063 2350 1127 erant,
2385 1059 2720 1116 scribebant
2751 1059 3011 1116 nomina.

2233 1164 2386 1234 §VI.
2425 1168 2633 1222 Virum.
2669 1165 2836 1235 Nota,
2877 1165 3336 1238 descriptionem
3386 1164 3512 1220 ﬁeri
3562 1163 3823 1220 nominis

2163 1255 2293 1327 ejus
2326 1255 2427 1328 qui
2459 1255 2890 1328 baptizabatur,
2925 1260 2981 1312 et
3009 1254 3390 1326 susceptoris.

2238 1345 2664 1417 Congregatione
2691 1345 2984 1418 completa.
3020 1345 3081 1400 Id
3113 1350 3206 1400 est
3249 1344 3320 1400 de
3352 1342 3827 1416 pronuntiatione

2161 1433 2352 1506 ipsius
2381 1439 2590 1489 Amen.

2233 1522 2402 1578 Illum
2428 1520 2793 1593 discingit.De
2823 1521 2896 1578 iis
2927 1537 3057 1593 quas
3084 1521 3142 1576 in
3175 1520 3472 1593 baptismo
3503 1518 3826 1592 perﬁciun-

2163 1614 2279 1667 tur.

2238 1703 2301 1756 Et
2332 1701 2510 1757 exuit.
2547 1699 2650 1757 Hic
2682 1716 2798 1756 non
2831 1715 3068 1756 omnem
3098 1703 3319 1755 vestem
3369 1698 3548 1766 exuit,
3584 1697 3684 1753 sed
3719 1696 3824 1752 de-

2163 1789 2347 1846 mittit
2375 1807 2554 1846 unam
2587 1795 2834 1856 vestem,
2866 1789 3017 1846 sicut
3044 1788 3318 1860 deinceps
3350 1786 3610 1844 declarat
3640 1804 3653 1856 ;
3706 1801 3825 1859 per

392 1878 578 1953 δφεξῆς
607 1897 620 1911 °
664 1876 758 1934 διὰ
801 1881 910 1936 τῶν
971 1877 1302 1956 λειτουργῶν
1364 1877 1443 1952 δὶ,
1477 1881 1721 1938 τουτέστι
1779 1886 1888 1938 τῶν
1937 1880 2049 1938 δια-

2174 1878 2431 1952 .iturgos,
2461 1878 2572 1935 hoc
2601 1883 2692 1936 est
2721 1877 3017 1935 diaconos.

393 1965 584 2026 κόνων.

464 2057 707 2132 Μετάγει
760 2058 900 2134 πρὸς
961 2056 1054 2117 ἔω.
1127 2057 1253 2116 Ὧδε
1323 2060 1396 2122 ὡς
1469 2059 1769 2137 εὐχόμενον
1828 2060 1919 2117 καὶ
1965 2061 2052 2118 αἴ-

380 2150 587 2202 τοῦντα
616 2152 768 2203 ποιεῖ
800 2167 814 2181 ⁸
875 2147 929 2204 ἕν
987 2145 1044 2204 δε
1094 2154 1173 2222 τῷ
1223 2150 1361 2225 πρὸς
1417 2146 1624 2224 δυσμὰς
1687 2153 1936 2227 σχήματι
1978 2155 2055 2216 ὼς

382 2235 716 2292 ἀπωθοῦντα
773 2239 839 2293 τὰ
899 2235 1033 2314 ἔργα
1086 2241 1183 2294 τοῖ’)
1253 2239 1502 2301 σκότους.
1566 2239 1909 2313 Σημείωσαι,
1969 2240 2052 2297 δτι

374 2323 506 2380 τότε
527 2324 583 2381 οἳ
615 2322 860 2383 διάκονοι
897 2327 1058 2401 μόνοι
1097 2325 1309 2402 ἐξέδυον
1347 2328 1476 2391 τοὺς
1507 2329 1596 2384 ἐπὶ
1626 2329 1688 2385 τὸ
1722 2330 2003 2406 βάπτισμα
2033 2350 2050 2367 ο

373 2413 428 2470 οἱ
485 2412 546 2470 δὶ
590 2411 950 2492 πρεσϐύτεροι
1001 2416 1067 2472 τὰ
1123 2415 1295 2473 λοιπὰ
1344 2417 1588 2486 ἐποίουν,
1636 2417 1670 2473 ἆ
1699 2423 1788 2474 νῦν
1842 2419 1894 2474 οἱ
1931 2417 2054 2475 διά-

366 2525 528 2560 κονοι
561 2509 818 2562 ποιοῦσιν
844 2509 886 2579 ³,
920 2506 998 2569 ὡς
1045 2501 1218 2583 ἔγνως
1261 2507 1370 2584 πρὸ
1404 2512 1614 2582 μικροῦ
1639 2528 1652 2542 ·
1687 2509 1776 2564 καὶ
1804 2508 1856 2565 ἐν
1887 2511 1910 2546 ⁸
1935 2513 2054 2573 τοῖς

367 2595 500 2668 ἑξῆς
532 2590 592 2650 δὶ
626 2595 906 2669 εὐρήσεις,
939 2594 1024 2652 ὅτι
1077 2593 1431 2674 λειτουργοὺς
1482 2597 1612 2661 τοὺς
1643 2595 1930 2664 διακόνους
1955 2621 2052 2655 κα-

371 2681 470 2739 λεῖ
503 2702 516 2716 ·
550 2682 682 2740 τοὺς
715 2681 772 2740 δὶ
799 2680 1224 2763 πρεσϐυτέρους,
1254 2687 1444 2763 ἱερεῖς.

452 2885 483 2952 §
538 2882 667 2941 VII.
715 2884 839 2940 Τῶν
888 2880 1246 2961 λειτουργῶν.
1309 2885 1667 2962 Λειτουργοὸς
1725 2883 1870 2960 λέγει
1920 2885 2048 2951 τοὺς

377 2968 700 3034 διακόνους.

456 3059 690 3136 Μητέρα
744 3063 842 3131 τῆς
928 3061 1222 3127 υἱοθεσίας.
1310 3065 1538 3137 Μητέρα
1608 3071 1709 3135 τῆς
1783 3065 2048 3130 υἱοθεσιας

371 3151 482 3220 τήν
512 3149 652 3204 κολυ
662 3144 912 3226 μϐήθραν
940 3149 1119 3210 καλεῖ.

2239 2059 2489 2116 Traducit
2517 2059 2586 2116 ad
2615 2060 2895 2115 orientem.
2931 2058 3050 2115 Hoc
3087 2057 3214 2114 loco
3246 2059 3582 2129 precantem
3632 2058 3689 2112 et
3719 2071 3823 2129 pe-

2163 2152 2384 2205 tentem
2417 2149 2556 2205 facit
2607 2167 2620 2205 :
2674 2149 2731 2204 in
2774 2165 2840 2204 eo
2889 2153 3085 2204 autem
3133 2147 3337 2204 habitu
3384 2162 3498 2218 quo
3547 2161 3824 2202 occasum

2165 2243 2412 2312 spectat,
2446 2243 2730 2311 tanquam
2778 2237 3164 2310 expellentem
3200 2253 3378 2309 opera
3424 2235 3826 2295 tenebrarum.

2163 2329 2314 2385 Nota
2343 2333 2468 2384 tum
2501 2329 2780 2386 diaconos
2810 2327 3120 2384 detrahere
3168 2331 3360 2384 vestes
3394 2326 3467 2382 iis
3497 2325 3597 2397 qui
3629 2324 3825 2398 bapti-

2163 2421 2488 2489 zabantur;
2519 2419 2894 2492 presbyteros
2937 2423 3130 2474 autem
3178 2417 3386 2473 fecisse
3437 2414 3662 2486 reliqua
3693 2430 3822 2487 quae

2163 2526 2320 2565 nunc
2352 2509 2578 2565 diaconi
2611 2509 2851 2578 faciunt,
2884 2509 3038 2564 sicut
3068 2505 3243 2580 paulo
3276 2510 3411 2562 ante
3442 2503 3820 2574 intellexisti;

2161 2605 2217 2655 et
2246 2598 2304 2654 in
2340 2599 2413 2655 iis
2445 2603 2644 2654 autem
2677 2615 2804 2671 quas
2853 2601 3185 2670 sequuntur
3227 2595 3509 2663 invenies,
3562 2595 3716 2666 quod
3749 2593 3821 2648 li-

2161 2693 2365 2762 turgos
2416 2692 2584 2745 vocet
2651 2688 2950 2754 diaconos,
3001 2691 3060 2744 et
3122 2686 3494 2760 presbyteros
3543 2684 3820 2741 sacerdo-

2158 2783 2272 2835 tes.

2228 2888 2257 2955 §
2285 2885 2402 2944 νη.
2434 2886 2836 2943 Miuistrorum.
2872 2885 3178 2942 Ministros
3211 2887 3380 2941 vocat
3409 2882 3712 2940 diaconos.

2226 3067 2454 3122 Matrem
2480 3065 2811 3137 adoptionis.
2847 3064 3093 3121 Matrem
3141 3061 3472 3136 adoptionis
3504 3061 3822 3134 piscinam,

2157 3172 2260 3211 seu
2295 3154 2730 3227 baptisterium,
2763 3157 2950 3210 vocat.

450 3239 527 3294 Τὸ
559 3240 708 3314 ἱερὸν
763 3247 863 3310 τῆς
905 3245 1014 3296 τῶν
1077 3239 1425 3313 θεολήπτων.
1487 3243 1646 3302 Οὕτω
1696 3246 1796 3315 τὴν
1857 3244 2048 3318 λέξιν⁴

627 3328 640 3350 1
745 3349 752 3350 ,
826 3331 840 3348 κ
900 3330 917 3350 ι
995 3330 1009 3348 \
1184 3329 1205 3350 Χ
1244 3329 1300 3350 IN
1517 3340 1544 3350 α
1633 3334 1647 3350 1
1836 3334 1846 3350 1
1979 3340 2005 3350 αι

2231 3245 2464 3300 Sacrum
2503 3245 2607 3299 Deo
2652 3244 2990 3315 afﬂatorum.
3043 3241 3136 3297 Sic
3186 3241 3584 3297 construenda
3631 3239 3818 3295 oratio

2234 3337 2244 3350 ι
2327 3333 2360 3350 n
2417 3349 2429 3350 γ
2542 3349 2551 3350 κ
2624 3330 3040 3350 ,,I,,I,n2,i_;‘
3073 3329 3476 3350 2_-,42__12__:_
3513 3328 3787 3350 ___-_L-l.-

375 3328 707 3384 συντακτᾶον
743 3349 754 3361 ·
787 3331 850 3385 τὸ
900 3330 1047 3405 ἱερὸν
1113 3329 1424 3406 μελῴδημα
1479 3340 1580 3403 τῆς
1630 3334 1912 3397 ἐπιπνοίας
1938 3340 2048 3392 τῶν

2174 3337 2254 3389 est
2286 3351 2298 3388 :
2327 3333 2563 3389 Sacram
2588 3330 3046 3387 modulationem
3073 3329 3479 3401 inspirationis
3511 3328 3822 3400 propheta-

375 3415 712 3490 θεολήπτων
773 3424 1034 3494 προητῶν
1086 3418 1180 3475 τίνα
1210 3421 1245 3490 ἦ
1277 3441 1290 3454 ο
1343 3423 1431 3477 καὶ
1478 3422 1741 3480 τολοιπὸν
1774 3425 1802 3479 ὁ
1835 3423 2053 3480 ἐπίσκο-

373 3530 507 3578 πος,
544 3508 718 3598 είπὼν
757 3510 820 3564 τὸ
851 3509 998 3585 ’ἱερὸν
1058 3507 1372 3584 μελῴδημα
1399 3516 1496 3566 τοῦ
1527 3511 1682 3588 ἁγίου
1707 3513 2040 3598 Πνεύματος,

375 3601 514 3674 ὅπερ
548 3595 705 3674 ἅγιον
757 3603 978 3672 Πνεῦμα
1020 3601 1056 3668 ἡ
1101 3599 1355 3656 ἐπίπνοιά
1405 3599 1517 3656 ἐστι
1566 3606 1674 3657 τῶν
1720 3601 1875 3658 Θείων
1909 3595 2048 3678 προλ-

380 3692 599 3762 φτιτῶν,
650 3684 872 3763 δέχεται
922 3688 1013 3742 τὸν
1065 3685 1232 3764 ἄνδρα
1267 3710 1280 3724 ο
1330 3689 1391 3744 οὗ
1440 3693 1542 3768 γὰρ
1595 3691 1659 3746 τὸ
1691 3692 1835 3768 ἱερὸν
1872 3690 2052 3766 μελῴ-

392 3775 539 3848 δημα
592 3782 703 3832 τῶν
750 3780 1053 3854 προφητῶν
1121 3797 1332 3856 φησιν’
1407 3781 1604 3842 πάντες
1663 3780 1766 3856 γὰρ
1825 3783 1882 3835 οἱ
1911 3803 2049 3859 προ-

389 3872 550 3941 φῆται
585 3867 739 3920 εἷπον
793 3866 857 3921 τὸ
917 3864 1047 3920 αὐτὸ
1104 3865 1158 3921 ’ἐν
1212 3863 1393 3940 ᾅσμαο
1457 3866 1569 3924 ἔστι
1621 3865 1678 3924 δὲ
1737 3870 1764 3924 ὁ
1809 3870 2052 3935 εἰκοστὸς

385 3952 584 4029 ὄγδοος
616 3953 844 4028 ψαλμός
877 3973 890 3986 ⁸
944 3956 1116 4024 Φωνὴ
1173 3956 1375 4030 Κυρίου
1425 3954 1512 4012 ἐπὶ
1559 3962 1668 4013 τῶν
1698 3956 1930 4028 ὑδάτων,
1958 3961 2050 4015 καὶ

376 4045 442 4099 τὸ
479 4064 493 4076 ·
525 4042 884 4114 Αλληλούίἀ.

449 4148 843 4222 Κατάλληλον.
876 4151 1138 4208 Τουτέστι
1173 4149 1398 4224 λευκήν.

445 4261 539 4328 Τῷ
589 4259 1067 4332 θεουργικωτάτῳ.
1115 4263 1207 4332 Γρ.
1264 4257 1314 4314 ἐν
1351 4257 1532 4333 ἄλλῳ,
1564 4261 2039 4337 Θεολογικωτάτῳ.

371 4345 450 4401 Οὐ
485 4347 628 4422 χρὴ,
691 4345 847 4424 φησὶ,
894 4347 988 4401 τὸν
1038 4345 1431 4424 ἐντυγχάνοντα
1486 4354 1603 4414 τοῖς
1652 4350 1782 4426 Περὶ
1824 4359 1924 4422 τῆς
1955 4351 2042 4407 ἐκ·

371 4437 783 4506 κλησιαστικῆς
838 4435 1125 4511 ἱεραρχίας
1175 4435 1368 4513 λόγοις
1423 4442 1521 4492 τοῦ
1581 4441 1791 4516 Πατρὸς
1850 4443 2040 4513 ξενιζε-

379 4536 533 4590 σθαι,
564 4523 616 4579 εἷ
643 4524 791 4602 παρᾶ
831 4526 931 4595 τήν
978 4526 1094 4580 νυνὶ
1137 4530 1436 4600 κρατοῦσαν
1484 4526 1537 4582 ἐν
1570 4533 1690 4593 ταῖς
1717 4527 2040 4600 ἐκκλησίαις

373 4615 531 4721 τάξιν
560 4612 614 4667 ἐν
645 4618 766 4721 ταῖς
785 4619 901 4721 ἶῶν
954 4615 1269 4691 μυστηρίων
1319 4614 1566 4680 τελεταῖς
1597 4617 2039 4695 παρηλλπγμὲνα
2070 4655 2118 4721 D

380 4702 535 4778 λέγει
567 4703 692 4758 τινά
724 4721 736 4735 °
772 4700 950 4779 ὥςπερ
999 4704 1090 4759 καὶ
1140 4703 1366 4769 ἐνταῦθα
1417 4709 1550 4780 μετᾶ
1594 4707 1694 4776 τήν
1729 4708 1912 4784 χρίσιν
1943 4713 2040 4764 τοῦ

387 4793 570 4868 μύρου
616 4795 719 4862 τὴν
767 4801 871 4864 τῆς
917 4793 1070 4870 ἁγίας
1114 4793 1406 4858 κοινωνίας
1469 4795 1777 4871 μετάληψιν
1839 4795 2041 4874 εἷσέίγει

381 4883 649 4959 γίνεσθαι.
703 4883 869 4945 Εἰκὸς
925 4885 1028 4960 γὰρ
1085 4883 1151 4951 ἦν
1211 4888 1400 4956 ταῦτα,
1459 4889 1527 4958 τῇ
1558 4889 1664 4940 τῶν
1696 4888 1915 4962 χρόνων
1950 4891 2045 4962 μὶν

382 4968 708 5027 καταστάσει
769 4971 1050 5047 ἅρμόζειν,
1104 4971 1197 5026 νῦν
1266 4965 1322 5028 δε
1375 4969 1754 5051 ἀκριϐέστερον
1803 4977 2046 5052 γίνεσθαι

382 5061 435 5116 ἐν
468 5065 542 5135 τῇ
573 5065 680 5116 τῶν
713 5062 872 5116 Θείων
926 5063 1240 5138 μυστηρίων
1291 5061 1472 5135 τελείᾳ
1514 5062 1826 5142 λειτουργίᾳ
1859 5085 1872 5099 ’
1924 5066 1975 5121 ἓν

375 5151 470 5205 καὶ
504 5149 632 5212 τοὺς
662 5151 1056 5228 νεοφωτίστους
1089 5147 1172 5206 δεῖ
1214 5147 1650 5225 μεταλαμϐάνειν
1757 5155 1935 5222 VIII.)
1961 5161 2048 5228 Τῷ

378 5236 438 5294 δὲ
483 5239 655 5294 εἰπεῖν
719 5238 888 5294 πάλιν
943 5239 1030 5294 ἐπὶ
1087 5241 1186 5309 τήν
1243 5244 1351 5296 τῶν
1411 5242 1646 5317 πρώτων
1681 5242 2047 5310 ἀνατείνεσθαι

376 5330 636 5406 θεωρίαν,
668 5326 706 5400 ἤ
738 5329 908 5406 εὐχὴν
968 5329 1104 5404 μετὰ
1147 5333 1309 5387 τοῦτο
1358 5331 1600 5409 γίνεσθαι
1629 5331 1873 5409 ᾐνίξατο,
1896 5332 1933 5404 ἤ
1965 5336 2050 5391 ὅτι

2164 3439 2321 3490 rum,
2367 3422 2468 3494 qui
2523 3421 2724 3477 divina
2772 3426 2968 3476 mente
3017 3419 3266 3492 permoti
3310 3425 3470 3486 sunt,
3504 3424 3568 3472 ut
3615 3416 3734 3471 sit:
3768 3419 3827 3471 et

2163 3511 2440 3584 deinceps
2470 3512 2946 3583 episcopus,cum
2980 3508 3125 3563 dixit
3155 3525 3389 3564 sacrum
3423 3523 3659 3562 carmen
3683 3523 3822 3562 san-

2162 3600 2240 3657 cti
2290 3601 2567 3673 Spiritus,
2621 3599 2722 3671 qui
2775 3603 3018 3655 sanctus
3069 3597 3322 3670 Spiritus
3373 3595 3686 3667 inspiratio
3734 3598 3824 3650 est

2159 3688 2604 3760 prophetarum,
2637 3687 2832 3742 virum
2864 3685 3096 3757 accipit.
3143 3684 3269 3741 Non
3303 3688 3500 3740 autem
3555 3682 3698 3739 dicit
3729 3700 3826 3739 sa-

2161 3793 2326 3832 crum
2361 3793 2599 3832 carmen
2649 3775 3091 3848 prophetarum.
3146 3774 3271 3829 Non
3317 3789 3474 3829 enim
3524 3772 3820 3844 prophetae

2157 3883 2364 3923 omnes
2397 3883 2582 3922 unum
2627 3871 2807 3936 atque
2849 3865 3004 3920 idem
3053 3863 3348 3919 canticum
3397 3863 3691 3917 dixerunt.
3727 3862 3828 3916 Est

2156 3963 2356 4013 autem
2405 3971 2586 4011 xxvm
2634 3954 2900 4027 psalmus
2938 3971 2950 4008 :
2992 3955 3100 4010 Vox
3147 3953 3370 4009 Domini
3411 3966 3577 4022 super
3623 3966 3818 4022 aquas,

2155 4053 2213 4103 et
2241 4045 2509 4102 Alleluia.

2228 4153 2504 4225 Congrua.
2538 4153 2600 4208 Id
2632 4156 2724 4208 est
2753 4150 2909 4210 alba.

2225 4262 2503 4316 Divinitus
2556 4264 2889 4316 consecrato.
2924 4259 3220 4315 Scribitur
3275 4257 3334 4311 in
3394 4255 3532 4326 alio,
3571 4252 3818 4329 θεολογι-

2157 4347 2406 4422 κωτάτῳ,
2441 4367 2545 4405 seu
2578 4351 2822 4404 maxime
2860 4349 3156 4418 theologica
3186 4348 3366 4420 (quod
3400 4345 3560 4418 loqui
3612 4347 3683 4401 de
3709 4347 3821 4402 Deo

2151 4440 2292 4497 facit
2321 4456 2498 4512 quam
2533 4437 2831 4510 maxime).
2865 4439 2988 4493 Non
3023 4441 3272 4508 oportet,
3304 4437 3524 4508 inquit,
3555 4451 3689 4491 eum
3715 4434 3817 4506 qui

2151 4531 2408 4585 rationes
2437 4529 2822 4585 ecclesiasticae
2837 4527 3175 4584 hierarchiae
3199 4526 3361 4598 legit,
3390 4525 3462 4580 ab
3494 4524 3604 4580 hoc
3641 4524 3814 4579 Patre

2151 4621 2490 4688 abalienari,
2524 4621 2573 4676 si
2605 4623 2818 4692 praeter
2845 4635 2978 4674 eum
3014 4617 3278 4673 ordinem
3313 4615 3413 4688 qui
3449 4631 3607 4670 nunc
3638 4615 3696 4669 in
3731 4629 3821 4669 ec-

2153 4710 2349 4767 clesiis
2382 4710 2532 4766 valet
2559 4709 2618 4765 in
2652 4711 3163 4765 sacramentorum
3195 4705 3410 4761 ritibus
3443 4722 3509 4761 ac
3540 4720 3816 4760 caeremo-

2153 4801 2269 4856 niis
2302 4803 2531 4855 mutata
2563 4799 2759 4870 aliqua
2780 4797 2951 4853 dicit:
2973 4795 3475 4868 quemadmodum
3506 4793 3681 4848 etiam
3706 4793 3815 4849 hoc

2153 4889 2302 4959 loco,
2339 4892 2469 4960 post
2519 4889 2807 4961 unguenti
2837 4887 3231 4960 perfusionem
3292 4887 3507 4939 sanctae
3560 4898 3816 4938 commu-

2154 4979 2348 5036 nionis
2380 4977 2891 5050 participationem
2918 4977 3041 5032 fieri
3087 4975 3184 5032 58
3217 4974 3464 5030 inducit.
3491 4972 3819 5028 Verisimile

2157 5075 2244 5124 est
2257 5068 2496 5140 quidem
2514 5067 2634 5122 haec
2649 5067 2829 5122 statui
2851 5071 2907 5122 et
2919 5065 3241 5122 conditioni
3261 5070 3528 5136 temporu
3540 5080 3593 5118 m
3609 5077 3816 5119 conve-

2157 5158 2470 5225 nire,nunc
2491 5161 2684 5212 autem
2719 5156 3054 5212 accuratius
3084 5154 3381 5211 observari
3401 5155 3458 5208 in
3485 5153 3816 5208 divinorum

2160 5246 2576 5322 mysteriorum
2595 5246 2850 5318 perfecto
2864 5245 3060 5301 misse
3075 5242 3493 5313 ministerio,in
3511 5259 3624 5315 quo
3639 5241 3817 5298 etiam

2161 5338 2201 5393 ii
2228 5338 2331 5410 qui
2364 5353 2565 5393 recens
2598 5334 2879 5391 illustrati
2911 5339 3071 5404 sunt,
3121 5333 3558 5389 communicare
3581 5331 3815 5388 debent.

1400 5562 1647 5620 VARIIE
1684 5565 2078 5625 LECTIONES
2117 5566 2208 5627 ET
2244 5564 2798 5626 GORRECTIONES.

466 5743 484 5780 ί
519 5733 592 5794 ἐν.
654 5737 677 5773 ²
705 5730 1066 5792 ἐπιτελοῦσιν.
1125 5735 1148 5772 ⁸
1175 5730 1228 5790 ἐν
1258 5732 1338 5809 τῷ
1368 5728 1622 5811 προτῖρῳ
1649 5731 1940 5813 καταϐατῷ
1967 5735 2058 5796 καὶ
2091 5737 2169 5799 ἐν.
2233 5742 2254 5779 ⁴
2282 5740 2344 5796 τὸ
2376 5734 2562 5819 ῥητόν.
