4134 6424
375 363 478 418 127

1207 367 1572 421 APPENDIX
1609 368 1708 421 AD
1745 367 1988 422 OPERA
2023 365 2082 420 8.
2122 365 2438 420 DIONYSII
2483 365 2984 420 AREOPAGITE.

3690 357 3803 414 128

375 487 424 560 (§
451 487 624 560 VIII.)
654 491 800 545 Cum
833 492 1026 544 autem
1061 488 1162 557 ait,
1196 506 1404 546 rursus
1432 491 1502 547 ad
1538 489 1862 562 primorum
1905 503 2034 544 con-

2156 488 2289 561 μετά
2315 490 2476 543 τοῦτο
2525 487 2553 542 ὁ
2595 487 2864 564 ἱεράρχης
2917 484 3056 560 πρὸς
3107 483 3208 553 τὴν
3267 481 3412 538 θείαν
3472 476 3653 536 ἄπεισι
3686 481 3809 538 λει-

370 578 817 650 templationem
868 579 1128 649 excitari,
1178 579 1263 636 vel
1316 580 1710 651 precationem
1765 584 1897 651 post
1929 578 2036 634 hoc

373 666 500 723 ﬁeri
532 666 877 736 insinuavit,
911 673 1012 723 aut
1066 673 1198 739 post
1244 669 1354 725 hoc
1405 668 1742 740 pontiﬁcem
1783 669 1855 724 ad
1888 666 2033 722 divi-

371 773 510 812 nam
543 757 789 812 missam
822 759 1041 815 venire.

443 846 520 901 Ad
551 863 735 902 rerum
779 850 1192 920 prazcipuarum
1239 858 1315 904 est
1370 849 1566 918 igitur.
1615 847 1775 914 Quod
1810 847 1911 915 ait;
1947 849 2038 902 est

369 935 718 1006 hujusmodi
757 953 769 990 :
803 937 1128 1009 Episc0pus
1160 938 1260 1010 qui
1294 938 1394 993 Dei
1421 938 1685 993 omnium
1720 951 2033 1009 personam

369 1025 645 1094 sustinet,
681 1030 744 1081 ut
773 1026 929 1082 Deus
963 1027 1021 1081 in
1058 1044 1173 1082 uno
1209 1028 1534 1099 eodemque
1567 1031 1729 1083 statu
1765 1041 2034 1095 manens,

369 1119 427 1169 et
459 1114 516 1168 in
552 1116 678 1186 ipso
709 1115 883 1185 ﬁxus,
917 1133 1224 1188 nunquam
1260 1134 1321 1173 se
1353 1115 1873 1187 deserens,sa1utis
1905 1131 2035 1170 om-

367 1204 532 1259 nium
575 1221 754 1261 causa
804 1206 1182 1277 providentia:
1228 1224 1348 1262 SINE
1404 1205 1924 1280 progressionibus
1959 1204 2030 1260 ad

365 1294 566 1350 omnia
597 1294 874 1350 bonitatis
906 1295 1334 1352 illustrationes
1368 1296 1618 1352 effundit
1666 1300 1722 1352 et
1753 1293 2034 1366 extendit,

367 1384 766 1455 omnibusque
798 1402 1057 1457 praesens
1096 1390 1204 1449 est,
1259 1403 1363 1442 nec
1417 1404 1451 1442 a
1501 1385 1819 1441 stabilitate
1849 1383 2032 1438 ﬁrmi-

365 1471 607 1542 tateque
629 1488 734 1526 sua
756 1471 1045 1540 discedit;
1079 1473 1162 1528 sic
1189 1472 1365 1528 etiam
1389 1473 1826 1545 episcopus,Dei
1853 1486 2030 1543 quam

365 1565 645 1631 praestare
694 1565 885 1632 potest
944 1561 1317 1634 signiﬁcandi
1365 1579 1543 1618 causa
1588 1562 1919 1617 imitatione
1971 1560 2028 1614 in

364 1653 524 1704 statu
558 1666 665 1704 suo
698 1651 1030 1722 manens,id
1057 1656 1146 1706 est
1169 1652 1227 1707 in
1262 1651 1665 1708 ecclesiastico
1698 1651 2030 1724 principatu

364 1737 562 1810 prodit
594 1740 961 1810 providentia
993 1741 1385 1798 humanitatis
1417 1743 1488 1797 ad
1521 1741 1818 1808 secunda;
1850 1740 1907 1795 id
1942 1742 2034 1794 est

365 1827 673 1883 descendit
704 1829 776 1884 ad
809 1846 943 1885 eum
981 1829 1082 1901 qui
1105 1847 1166 1885 se
1198 1831 1502 1899 convertit,
1537 1835 1595 1887 et
1625 1831 1792 1886 docet
1810 1831 2032 1896 eum,et

367 1917 620 1989 ungit,et
651 1919 1063 1992 insignit(sive
1090 1925 1531 1976 sacramentum
1567 1917 2032 1975 conﬁrmationis

366 2008 634 2078 confert),
666 2007 837 2080 eique
870 2009 1092 2064 donum
1120 2010 1198 2081 (id
1225 2014 1313 2065 est
1343 2009 1737 2066 venerabilem
1761 2007 2029 2064 euchari-

366 2095 566 2166 stiam)
581 2097 864 2169 impertit,
874 2103 1185 2170 postquam
1199 2099 1671 2172 baptizavit.Haec
1691 2103 1882 2155 autem
1899 2113 2027 2153 cum

369 2185 684 2260 ministerii
721 2186 862 2255 sint,
897 2189 1158 2244 secunda
1192 2195 1333 2244 sunt
1364 2189 1436 2244 ab
1468 2189 1596 2259 ejus
1618 2187 1944 2260 principatu
1977 2191 2034 2242 et

368 2259 677 2345 dignitate.
710 2276 989 2332 Perfectis
1020 2293 1157 2349 ergo
1189 2277 1464 2333 secundis
1514 2259 1821 2347 omnibus,
1846 2277 1917 2331 ad
1950 2275 2034 2332 al-

367 2365 496 2419 tare
526 2362 858 2433 revertitur,
893 2371 1324 2438 repraesentans
1357 2369 1469 2420 Deo
1500 2382 1600 2437 per
1630 2365 1820 2437 signa,
1854 2364 2031 2434 quod,

369 2452 481 2508 etsi
513 2452 723 2508 salutis
755 2454 884 2524 ejus
917 2454 1016 2525 qui
1051 2455 1298 2510 accessit
1316 2471 1492 2509 causa
1513 2455 1582 2508 ad
1608 2454 1869 2509 secunda
1899 2469 2031 2524 pro-

371 2541 564 2598 fectus
595 2541 960 2608 sit,ofﬂcium
993 2547 1189 2598 tamen
1227 2560 1339 2598 non
1374 2543 1608 2598 omittat
1633 2548 1690 2598 et
1723 2543 1783 2596 in
1817 2541 2030 2609 ofﬁcio,

370 2627 429 2686 id
462 2635 554 2686 est
582 2631 641 2685 in
674 2631 880 2686 divinis
914 2632 1430 2704 contemplationis
1455 2633 1708 2706 fastigio,
1738 2631 2031 2705 persistat.

371 2721 479 2776 Sed
507 2738 542 2775 a
569 2721 796 2788 divinis,
831 2739 933 2793 pro
957 2739 990 2778 a
1020 2727 1225 2778 sancto
1259 2739 1521 2788 munere,
1557 2723 1713 2795 quod
1743 2722 1802 2776 in
1837 2721 1908 2776 iis
1932 2719 2035 2792 qui

372 2826 578 2866 recens
608 2809 884 2866 illustrati
919 2817 1057 2867 sunt
1080 2811 1363 2883 expletur,
1399 2813 1470 2867 ad
1504 2812 1726 2880 divina,
1761 2811 1818 2866 id
1852 2813 1940 2866 est
1961 2809 2033 2865 ad

373 2899 582 2956 divinae
612 2901 1131 2974 contemplationis
1162 2902 1436 2959 verticem
1484 2920 1696 2959 rursus
1745 2899 2033 2956 converti-

372 2992 490 3058 tur,
525 2991 594 3045 ad
630 2989 685 3045 id
719 2991 873 3062 quod
909 2996 1114 3046 sancto
1145 2991 1394 3064 Spiritui
1417 2993 1705 3061 videatur,
1735 2988 2034 3060 impulsus

374 3083 550 3151 atque
608 3079 936 3135 traductus.
986 3081 1116 3136 Haec
1165 3081 1339 3136 etiam
1392 3081 1569 3153 paulo
1620 3083 1752 3152 post
1799 3078 1943 3134 dicit
1973 3077 2029 3132 in

371 3168 635 3240 mysterii
669 3169 1102 3226 communionis
1134 3170 1647 3242 contemplatione.

2145 578 2419 652 τουργίαν.

2217 846 2340 902 Ἐπὶ
2395 847 2494 914 τήν
2571 849 2679 900 τῶν
2767 845 2998 917 πρώτων
3082 841 3430 898 ἀνατείνεται.
3504 841 3574 897 Ὀ
3653 836 3810 913 λέγει

2142 938 2395 990 τοιοῦτον
2427 934 2565 990 ἐστιν
2603 954 2614 966 ⁸
2643 935 2670 988 ὸ
2715 931 3032 1000 έπίσκοποσ,
3077 932 3178 1000 τὴν
3227 930 3409 985 εἰκόνα
3460 928 3678 1003 ἰπέχων
3705 932 3812 982 τοῦ

2143 1023 2360 1078 πάντων
2395 1028 2551 1092 Θεοῦ,
2584 1018 2767 1099 ὥσπερ
2801 1023 2828 1075 ὁ
2876 1022 3005 1083 Θεὸς
3053 1020 3139 1076 ἐπὶ
3184 1027 3285 1090 τῆς
3315 1017 3515 1080 οἰκείας
3549 1016 3812 1087 ένότητος

2144 1112 2225 1167 ἀεὶ
2290 1114 2465 1188 μένων
2519 1112 2609 1168 καὶ
2675 1110 3029 1184 ταυτότητος,
3104 1110 3194 1166 καὶ
3269 1108 3671 1186 ἂνεκφοιτήτως
3731 1105 3815 1169 εἷς

2144 1203 2331 1258 ἑαυτὸν
2365 1201 2673 1278 ἱδρυμένος,
2725 1200 2994 1277 σωτηρίας
3047 1196 3207 1255 ἶνεκα
3261 1197 3472 1254 πάντων
3521 1201 3640 1258 ταῖς
3672 1216 3812 1270 προς

2144 1297 2433 1362 νοητικαῖς
2489 1289 2752 1367 προόδοις
2807 1289 2894 1346 ἐπὶ
2945 1289 3117 1344 πάντα
3165 1291 3263 1352 τὰς
3308 1295 3408 1357 τῆς
3466 1284 3812 1361 ἀγαθότητος

2146 1381 2455 1456 ἰλλάμψεις
2488 1380 2726 1451 ἐκτείνει,
2786 1382 2874 1435 καὶ
2920 1384 3052 1434 πᾶσι
3097 1379 3324 1455 πάρεστι
3352 1383 3452 1446 τῆς
3481 1373 3619 1436 ῒδίας
3653 1371 3812 1448 ίδρύ⁶

2144 1493 2278 1534 σεως
2303 1473 2406 1527 οὐκ
2433 1471 2670 1533 ἀποστάς
2705 1491 2718 1504 ’
2749 1468 2893 1524 οὕτω
2949 1469 3038 1524 καὶ
3089 1469 3117 1522 ὁ
3171 1467 3491 1536 ἐπίσκοπος,
3538 1463 3675 1520 κατᾶ
3712 1462 3808 1536 μί-

2148 1584 2311 1636 μησιν
2375 1562 2449 1624 ὡς
2513 1559 2740 1616 δυνατὸν
2790 1553 3146 1634 συμϐολικῶς
3193 1561 3292 1612 τοῦ
3347 1558 3504 1627 Θεοῦ,
3559 1553 3648 1609 ἐπὶ
3707 1559 3814 1622 τῆς

2145 1649 2288 1714 ἰδίας
2347 1650 2584 1713 στάσεως
2638 1649 2833 1723 μένων,
2891 1647 3134 1704 τουτέστι
3184 1654 3283 1716 τῆς
3340 1644 3810 1715 έκκλησιαστικῆς

2147 1740 2353 1816 ἀρχῆς,
2395 1740 2610 1817 πρόεισι
2658 1739 2891 1814 προνοίᾳ
2937 1735 3349 1817 φιλανθρωπίας
3405 1734 3494 1790 ἐπὶ
3550 1734 3619 1788 τὰ
3676 1730 3812 1786 δεύ-

2061 1867 2107 1933 B
2141 1852 2290 1908 τερα,
2340 1829 2614 1886 τουτέστιν
2668 1829 2744 1892 εἷς
2797 1829 2860 1883 τὸ
2908 1827 3147 1883 κατιέναι
3202 1827 3338 1902 πρὸς
3393 1824 3488 1879 τὸν
3545 1821 3807 1898 ἐπιστριο

2435 1920 2447 1933 ι
2510 1919 2534 1933 n
2568 1917 2591 1933 κ
2613 1921 2623 1933 ι
2838 1917 2850 1933 9
2900 1917 2914 1933 \
3096 1918 3110 1933 \
3252 1914 3264 1933 Ι
3442 1913 3456 1932 \
3665 1911 3776 1933 ,'V,.

2142 1942 2330 2000 φοντα,
2360 1920 2451 1975 καὶ
2507 1917 2745 1974 διδάσκει
2793 1917 2976 1985 αὐτὸν,
3025 1918 3111 1971 καὶ
3166 1914 3337 1990 χρίει,
3368 1913 3459 1968 καὶ
3492 1911 3806 1990 σφραγίζει,

2138 1998 2225 2066 καὶ
2265 2007 2596 2084 μεταδίδωσι
2626 2013 2723 2064 τοῦ
2776 2005 2957 2082 δώρου
3011 2004 3296 2081 βαπτίσας.
3327 2005 3509 2060 Ταῦτα
3539 1998 3598 2055 δὲ
3627 1999 3808 2055 πάντα

2143 2103 2215 2163 ὡς
2239 2099 2589 2175 λειτουργικὰ
2646 2095 2870 2169 δεύτερά
2915 2095 3016 2150 εἰσι
3062 2101 3163 2164 τῆς
3210 2095 3390 2170 ἀρχῆς
3422 2090 3607 2147 αὐτοῦ.
3642 2087 3801 2160 Πληο

2143 2192 2323 2267 ρώσας
2364 2189 2453 2244 οῦν
2499 2189 2567 2242 τὰ
2624 2185 2848 2261 δεύτερα
2896 2183 3090 2255 πᾶντα,
3150 2182 3319 2238 πάλιν
3380 2180 3651 2236 ἐπάνεισιν
3716 2177 3805 2233 ἐπὶ

2139 2280 2202 2335 τὸ
2234 2280 2640 2354 θυσιαστήριον,
2687 2279 2962 2350 παριστῶν
3016 2268 3374 2347 συμϐολικῶς
3425 2269 3514 2326 ἐπὶ
3543 2273 3643 2324 τοῦ
3670 2272 3806 2324 Θεοῦ

2142 2371 2248 2438 δτι,
2280 2371 2454 2424 καίτοι
2497 2366 2782 2444 προελθὼν
2830 2368 3212 2440 προνοητικῶς
3245 2362 3322 2424 εἰς
3353 2361 3420 2415 τὰ
3451 2358 3679 2434 δεύτερα
3707 2364 3807 2427 τῆς

2140 2463 2241 2515 τοῦ
2272 2456 2672 2535 προσελθόντος
2721 2452 2878 2510 ἓνεκα
2932 2451 3226 2529 σωτηρίας,
3281 2450 3433 2524 ὅμως
3466 2448 3565 2504 οὐκ
3595 2447 3805 2518 ἀπέστη

2139 2553 2238 2604 τοῦ
2291 2549 2358 2603 τὰ
2410 2547 2586 2603 οἰκεῖα
2641 2547 2921 2622 πράττειν,
2987 2543 3078 2598 καὶ
3147 2541 3198 2596 ἐν
3254 2546 3372 2602 τοῖς
3424 2538 3589 2594 αὐτοῦ
3641 2538 3800 2607 εἶναι,

2139 2640 2414 2693 τουτέστιν
2444 2636 2496 2692 ἐν
2520 2641 2639 2698 τοῖς
2695 2642 2796 2704 τῆς
2851 2633 2976 2709 περὶ
3021 2631 3152 2688 Θεὸν
3204 2628 3434 2706 Θεωρίας
3465 2628 3760 2704 ὖψώμασιν
3789 2645 3804 2658 '

2150 2726 2278 2783 ἀλλ’
2309 2727 2414 2782 ἀπὸ
2475 2726 2654 2800 θείων,
2688 2723 2805 2780 ἆντῖ
2856 2727 2953 2778 τοῦ
3011 2721 3071 2777 ἐκ
3125 2727 3225 2790 τῆς
3269 2724 3378 2775 τῶν
3428 2718 3552 2794 περὶ
3600 2737 3810 2795 νεοφιιι·

2150 2817 2348 2873 τίστων
2403 2815 2562 2892 ἁγίας
2619 2811 2988 2890 λειτουργίας,
3031 2810 3106 2873 εἷς
3163 2811 3301 2879 θεῖα,
3354 2807 3520 2863 οἳονεὶ
3570 2807 3714 2883 πρὸς
3749 2805 3811 2860 τὸ

2145 2914 2245 2976 τῆς
2271 2906 2594 2980 θεολογικῆς
2645 2904 2874 2980 θεωρίας
2923 2902 3058 2976 ὕψος
3106 2898 3270 2954 πάλιν
3306 2895 3637 2975 ἐπιστρέφει,
3672 2896 3810 2972 πρὸς

2138 2998 2202 3053 τὸ
2232 3001 2311 3069 τῷ
2365 2995 2508 3070 ἁγίῳ
2553 2994 2828 3067 Πνεύματι
2875 2990 3070 3046 δοκοῦν
3113 2988 3380 3066 ἀγόμενος
3427 2985 3518 3041 xui
3556 2986 3800 3061 μεταγά-

2146 3108 2326 3161 μενος.
2376 3089 2553 3140 Ταῦτα
2601 3083 2690 3139 καὶ
2741 3082 2875 3156 μετὰ
2921 3080 3132 3157 βραχέα
3164 3079 3326 3157 φησὶν
3374 3077 3425 3132 έν
3473 3078 3542 3151 τῇ
3595 3075 3802 3152 θεωρίᾳ

2139 3180 2238 3233 τοῦ
2275 3174 2580 3252 μυστηρίου
2612 3181 2712 3243 τῆς
2741 3170 3054 3232 κοινωνίας.

443 3259 633 3331 Aquae.
660 3264 828 3331 Aqua
861 3260 1018 3315 enim
1053 3276 1119 3316 ea
1151 3278 1275 3333 quae
1298 3260 1607 3316 immunda
1630 3263 1770 3314 sunt
1800 3257 2034 3330 expian-

2215 3243 2297 3338 Τῇ
2359 3243 2695 3336 δι’Ἶῦδατος,
2749 3265 2846 3333 Τῷ
2896 3259 3001 3336 γὰρ
3049 3255 3203 3312 ὕδατι
3259 3256 3327 3312 τὰ
3383 3256 3654 3330 ἀκάθαρτα
3722 3273 3811 3309 κα-

371 3351 487 3405 tur.

445 3456 543 3511 ΙΙΙ.
578 3455 678 3528 §I.
716 3457 983 3513 Insinuet.
1018 3458 1183 3529 Apud
1218 3475 1318 3513 eos
1351 3457 1450 3528 qui
1485 3457 1736 3541 audiunt
1769 3461 2035 3529 Oportere

379 3545 554 3599 etiam
588 3545 712 3599 ﬁeri
753 3545 1270 3618 interpretationes
1302 3566 1316 3615 ;
1351 3551 1408 3602 et
1439 3545 1752 3618 plerosque
1783 3563 1899 3601 non
1932 3563 2033 3601 au-

375 3633 503 3689 dire
533 3633 742 3690 solitos
773 3635 1067 3706 ejusmodi
1103 3635 1402 3708 mysteria,
1427 3636 1583 3706 quod
1612 3635 1755 3690 dicit
1782 3636 2036 3690 multitu-

373 3722 581 3780 dinem.

447 3830 580 3898 §I[.
637 3831 860 3888 Unitiva
907 3850 945 3889 a
981 3835 1332 3905 promsicuis.
1389 3833 1626 3890 Unitiva
1672 3838 1860 3901 vocat,
1909 3849 2036 3904 quas

379 3919 575 3976 divina
605 3921 910 3978 imitantur
943 3940 956 3978 :
992 3922 1334 3994 promiscua
1365 3939 1499 3979 vero
1530 3922 1793 3996 vulgaria
1822 3931 1874 3978 el
1903 3937 2038 3993 pro-

381 4009 534 4066 fana.

451 4105 509 4158 In
544 4119 704 4174 opere
734 4104 809 4160 De
841 4105 1419 4178 intelligibilz’busDe
1447 4107 1624 4161 rebus
1653 4121 1784 4176 quae
1817 4102 2041 4159 ratione

378 4191 815 4265 intelliguntur,
848 4200 906 4250 et
936 4212 1063 4267 quze
1097 4196 1208 4252 sub
1259 4212 1497 4251 sensum
1549 4196 1788 4261 cadunt,
1820 4192 2038 4248 librum

382 4282 454 4339 ab
488 4283 616 4354 ipso
650 4281 938 4353 scriptum
967 4301 1120 4351 esse,
1152 4288 1211 4339 et
1242 4284 1384 4356 quid
1413 4284 1730 4340 contineat.

452 4389 552 4444 59
584 4391 611 4457 §
640 4389 734 4446 Ill.
765 4392 1032 4446 Dicamus
1063 4392 1267 4462 itaque.
1301 4391 1860 4462 Contemplationes.

452 4477 800 4534 Mentaiibus.
837 4484 1050 4535 Earum
1097 4486 1440 4535 naturarum
1472 4497 1599 4551 quae
1633 4480 1850 4535 mentis
1903 4483 2044 4533 sunt

381 4571 705 4638 compotes,
739 4568 854 4623 duo
889 4568 1045 4622 mala
1074 4568 1236 4623 dicit.
1261 4574 1380 4623 Aut
1409 4569 1565 4624 enim
1592 4569 1814 4639 planea
1844 4568 2040 4624 divino

379 4653 607 4711 lumine
637 4655 949 4711 discedunt
970 4663 1028 4711 et
1059 4657 1631 4720 aberrant,amantes
1654 4657 1875 4712 malum
1902 4677 1914 4724 ;
1943 4663 2043 4712 aut

381 4745 537 4816 quod
562 4744 928 4814 neglexerint
952 4744 1362 4800 illustrationis
1387 4746 1626 4800 modum
1653 4747 1849 4816 quieis
1869 4748 2042 4802 datus

381 4838 676 4905 est,atque
708 4850 842 4889 eum
877 4838 1096 4891 temere
1118 4836 1371 4890 transire
1403 4839 1622 4890 conatas
1657 4836 1862 4903 sint,et
1883 4839 2037 4909 quod

381 4939 585 4980 earum
617 4924 732 4979 vim
763 4933 1026 4996 superat,
1059 4925 1556 4996 comprehendere
1609 4944 1724 4982 non
1757 4927 2038 4998 valentes,

383 5014 656 5070 amittent
685 5014 926 5070 omnino
957 5014 1135 5069 etiam
1169 5015 1437 5083 modum,
1483 5015 1580 5086 qui
1614 5015 1698 5072 eis
1753 5018 1925 5073 datus
1952 5025 2041 5074 est

383 5101 564 5156 divini
599 5101 865 5172 luminis,
907 5103 1063 5173 quod
1119 5102 1335 5174 ubique
1388 5111 1586 5160 manet
1627 5106 1943 5176 ejusmodi,
1980 5112 2044 5162 ut

384 5192 655 5248 consumi
687 5209 802 5247 non
835 5191 1040 5262 possit.

453 5282 687 5336 Arbilrii
716 5282 964 5337 libertas.
1001 5281 1145 5338 Nota
1175 5286 1396 5352 autem,
1429 5301 1663 5341 omnem
1696 5287 1796 5358 qui
1849 5289 2044 5344 uentis

385 5375 474 5427 est
502 5375 809 5444 aspectum
839 5375 896 5426 et
924 5371 1040 5427 vim
1072 5371 1190 5428 sive
1213 5372 1558 5445 angelorum
1579 5374 1702 5432 sive
1731 5376 2042 5434 hominum

2144 3354 2441 3431 θαίρονται.

2217 3465 2315 3519 Ill.
2353 3463 2449 3536 ἓῐ.
2502 3458 2897 3531 Αίνισσομένη.
2954 3457 3073 3513 Ὀτι
3133 3453 3270 3530 πρὸς
3329 3450 3455 3514 τοὺς
3507 3448 3810 3510 ἀκούοντας

2148 3551 2230 3608 δεῖ
2258 3551 2349 3607 καὶ
2381 3552 2474 3612 τὰς
2534 3547 2827 3626 ἑρμηνείας
2880 3545 3155 3601 ποιεῖσθαῖ
3184 3563 3196 3576 ο
3264 3541 3356 3597 καὶ
3400 3542 3482 3596 δτι
3517 3541 3569 3594 οἱ
3599 3536 3812 3626 πολλοὶ

2147 3640 2376 3712 ἀνήκοοί
2421 3639 2525 3694 εἶσι
2568 3625 2678 3693 τῶν
2738 3634 3002 3691 τοιούτων
3068 3631 3406 3708 μυστηρίων,
3462 3627 3594 3702 ὅπερ
3655 3625 3810 3703 λέγει

2146 3728 2388 3800 πληθύν.

2218 3839 2348 3907 §lI.
2406 3830 2654 3902 Ἑνοειδῆ
2712 3838 2812 3901 τῆς
2872 3827 3146 3900 πληθύος.
3209 3822 3453 3894 Ἐνοειδῆ
3514 3844 3648 3902 φησι
3707 3824 3804 3891 τὴν

2149 3923 2365 3994 θεοειδῆ
2397 3944 2408 3958 ⁸
2444 3920 2697 3993 πληθύος
2721 3919 2802 3993 δὲ,
2833 3923 2942 3974 τῶν
2984 3915 3202 3974 πολλῶν
3234 3915 3325 3970 καὶ
3355 3914 3605 3988 ἀνιέρων.

2221 4106 2309 4161 Ἐν
2349 4107 2418 4177 τῇ
2473 4101 2602 4176 Περὶ
2659 4104 2894 4170 νοητῶν.
2953 4099 3072 4153 Ὀτι
3129 4095 3252 4172 περὶ
3310 4097 3522 4164 νοητῶν
3578 4093 3672 4148 καὶ
3719 4091 3804 4147 ui-

2152 4197 2365 4265 σθητῶν
2418 4192 2752 4268 σύγγραμμα
2821 4191 2970 4260 αὐτῷ
3037 4185 3366 4256 πεπόνηται,
3419 4183 3508 4238 καὶ
3568 4181 3621 4236 τί
3653 4201 3810 4256 περι-

2151 4285 2289 4360 έχει.

2222 4397 2249 4463 §
2283 4395 2378 4448 ΙΙΙ.
2413 4391 2670 4465 Λέγωμεν
2695 4388 2897 4444 τοίνυν.
2935 4384 3193 4460 Θεωρίαι.

2224 4484 2348 4540 Τῶν
2380 4484 2606 4554 νοερῶν.
2644 4479 2748 4534 Δύο
2797 4475 2984 4537 κακίας
3035 4472 3179 4550 λέγει
3210 4477 3317 4526 τῶν
3351 4474 3552 4546 νοερῶν
3590 4489 3603 4502 ’
3639 4467 3676 4538 ἢ
3709 4467 3809 4542 γὰρ

2150 4569 2382 4632 τελείως
2446 4570 2767 4648 ἀφίστανται
2821 4566 2918 4621 τοῦ
2991 4563 3140 4618 θείου
3197 4561 3399 4636 φωτὸς,
3455 4559 3654 4631 ἐρῶσαι
3712 4563 3808 4648 τῆς

2153 4661 2341 4722 κακίας
2376 4679 2387 4691 ·
2423 4659 2457 4728 ἢ
2488 4645 2550 4713 τὸ
2597 4654 2750 4720 δοθὲν
2807 4654 2992 4716 αὐταῖς
3041 4659 3142 4721 τῆς
3193 4648 3524 4724 ἐλλᾶμψεως
3561 4648 3757 4721 μέτρον
3791 4645 3811 4679 ⁵

2152 4750 2644 4827 περιφρονήσασαι,
2677 4744 2768 4800 καὶ
2822 4737 3123 4819 ὑπερϐῆναι
3169 4742 3330 4794 τοῦτο
3352 4733 3810 4827 τολμηρῶς-ἐπι-

2151 4824 2512 4916 χειρήσασαι,
2569 4833 2660 4890 xui
2707 4835 2770 4890 τὸ
2823 4827 3148 4907 ὑπερϐαῖνον
3199 4830 3298 4898 τὴν
3347 4824 3574 4899 δύναμιν
3626 4825 3803 4880 αὐτῶν

2147 4922 2481 4986 καταλαϐεῖν
2540 4927 2892 4995 ἀτονήσασαι,
2979 4918 3362 4990 ἀποτεύξονται
3433 4916 3649 4976 πάντως
3723 4909 3809 4967 καὶ

2147 5024 2244 5075 τοῦ
2279 5016 2530 5078 δοθέντος
2588 5013 2776 5074 αὐταῖς
2835 5013 3056 5086 μέτρου,
3106 5012 3203 5063 τοῦ
3257 5006 3404 5061 θείου
3436 5004 3616 5083 φωτὸς
3645 4999 3808 5057 ἀναλ-

2149 5108 2394 5164 λοιώτου
2430 5105 2691 5179 μένοντος
2721 5104 3024 5175 πανταχοῦ.

2225 5284 2576 5361 Αὐθαίρετος.
2639 5280 2980 5354 Σημείωσαι,
3036 5279 3117 5332 δτι
3166 5281 3310 5330 πᾶσα
3355 5272 3513 5348 νοερὰ
3553 5267 3676 5361 ὄψις
3705 5265 3793 5361 καὶ

2155 5355 2527 5448 δύναμιςεῗτε
2571 5368 2816 5447 ἀγγέλων
2869 5365 2976 5424 εἴτε
3027 5366 3118 5423 καὶ
3167 5363 3461 5440 ἀνθρώπων
3497 5355 3803 5437 αὐθαίρετός

1380 5601 1630 5663 VARI/E
1669 5603 2064 5662 LECTIONES
2102 5604 2192 5662 ET
2237 5598 2799 5662 CORRECTIONES.

461 5730 482 5764 ⁸
515 5722 700 5804 μέρος.
