4134 6390
327 412 436 468 129

1068 417 1127 470 S.
1170 418 1437 470 MAXIMI
1475 415 1784 471 SCHOLIA
1821 417 1896 470 IN
1938 415 2069 468 LIB.
2111 416 2209 469 DE
2247 417 2537 472 ECCLES.
2579 421 3051 475 HIERARCHIA.

3673 425 3775 481 130

321 535 440 592 ἐστι
501 536 592 592 καὶ
651 536 1039 608 αὐτεξούσιος·
1097 539 1187 593 καὶ
1245 541 1363 600 πῶς
1419 537 1472 593 ἐν
1533 537 1696 610 κακίᾳ
1748 536 1995 615 γίνεται.

2130 557 2233 596 suis
2264 556 2393 598 esse
2424 546 2482 598 et
2511 542 2832 600 voluntatis
2863 548 2921 600 et
2953 547 3261 616 potestatis
3289 553 3345 604 et
3394 547 3561 606 liberi
3613 551 3775 608 arbi-

404 717 751 791 ’Λπήρτηται
791 758 803 772 .
865 719 1069 792 ⁹Ὠσπερ
1128 717 1192 771 τὸ
1270 719 1644 793 συνηρτῆσθαι
1716 714 1886 788 δηλοῖ
1939 716 2002 788 τό

325 805 728 880 συναρμόσθαι,
780 804 924 860 οὕτω
966 806 1056 861 καὶ
1109 807 1172 861 τὸ
1221 808 1567 883 ἀπηρτῆσθαι
1615 808 1677 863 τὸ
1728 805 2002 861 ἐκπεπτω-

320 898 474 951 κέναι
527 902 629 967 τῆς
681 897 931 972 ἀρμογῆς
981 896 1072 950 καὶ
1118 903 1219 966 τῆς
1283 896 1582 970 συμφυΐαςθ
1637 891 1745 951 ἔσθ’
1804 895 1894 951 ὅτε
1947 894 2005 952 δὶ

322 987 421 1042 καὶ
473 987 540 1040 τὸ
591 985 1022 1060 ἐκκρέμασθαιὴ
1075 985 1220 1058 λὲξις
1278 984 1465 1055 δηλοῖ.
1521 988 1762 1043 Ενταῧθα
1818 984 2002 1059 μέντοι

321 1077 467 1131 κατὰ
495 1077 560 1132 τὸ
590 1075 856 1151 πρότερον
884 1076 1294 1150 σημαινόμενον
1329 1073 1616 1146 εἴληπται.

399 1254 536 1313 Εἴτε
583 1260 683 1311 τοῦ
737 1255 991 1331 μετρίως.
1053 1255 1138 1326 Ἐξ
1188 1256 1395 1319 εἱκόνος
1441 1259 1538 1310 τοῦ
1584 1254 1846 1326 αἲσθητοῦ
1888 1276 2006 1331 φω-

321 1348 422 1408 τὸς
453 1345 546 1400 ἐπὶ
594 1347 661 1401 τὸ
708 1350 817 1400 τῶν
871 1344 1032 1401 θείων
1079 1347 1323 1416 νοήσεων
1375 1345 1688 1421 σύμμετρον
1736 1343 1999 1419 ἀρμόσεις

320 1436 387 1490 τὸ
421 1435 742 1511 εἰρημένον·
783 1433 898 1490 ἐπεὶ
931 1434 1021 1490 καὶ
1053 1435 1376 1510 γέγραπταιο
1409 1431 1750 1508 Ὑψηλότερά
1777 1455 1872 1489 σου
1923 1434 2012 1506 μὴ.

325 1528 504 1596 {vittis
533 1523 903 1600 ἆπροσετάγη
940 1545 1046 1594 σοι,
1073 1529 1244 1580 ταῦτα
1277 1521 1515 1579 διανοοῦ
1559 1521 1753 1600 μέτρον
1807 1523 1911 1599 γὰρ
1944 1522 1997 1578 ἐν

321 1613 549 1676 τούτοις
578 1614 642 1669 τὸ
677 1613 992 1686 σύμμετρον
1019 1611 1186 1688 λέγει.

403 1799 518 1849 Τῶν
555 1794 654 1866 μὲν
703 1791 1014 1866 ἀνοικείων.
1047 1796 1162 1847 Τῶν
1222 1793 1299 1866 μὴ
1341 1790 1753 1866 ἐναρμοζόντων
1785 1793 1806 1828 ⁶
1838 1790 1997 1866 αὐτῇ,

343 1885 421 1947 ὡς
455 1882 833 1958 ὑπερεχόντων
846 1927 859 1940 .

409 1975 548 2048 Πρὸς
570 1974 775 2044 ταύτην
804 1973 832 2027 ὁ
863 1974 1032 2035 θεῖος.
1062 1971 1226 2034 Τίνος
1258 1969 1428 2034 τύπος
1459 1970 1487 2024 ὁ
1518 1971 1833 2034 ἐπίσκοπος.

404 2067 736 2138 Προσιοῦσιν
796 2067 941 2124 ταῖς.
997 2060 1124 2117 Ὧδε
1200 2065 1384 2138 σαφῶς
1419 2105 1432 2131 ,
1494 2060 1576 2116 ὅτι
1660 2062 1797 2134 πρὸς
1868 2059 1995 2123 τοὺς

326 2152 634 2216 ἀκούοντας
667 2149 932 2208 διδάσκει.

402 2245 560 2313 §IV.
607 2240 1036 2317 Ἐπιγνώμονες.
1094 2239 1434 2312 Σημείωσαι,
1485 2238 1566 2294 ὅτι
1621 2244 1838 2314 πρῶτον
1887 2236 1995 2294 δῶ-

326 2353 423 2407 ρον
460 2331 521 2386 ἐκ
550 2333 650 2400 τῆς
700 2325 960 2406 ἀκριϐοῦς
1013 2327 1366 2392 διδασκαλίας
1417 2328 1605 2384 κτᾶταί
1656 2351 1739 2391 τις
1781 2329 1844 2384 τὸ
1876 2327 1994 2383 ἐπι-

320 2425 532 2496 γνῶναι
571 2419 780 2492 ἒαυτὸν,
806 2417 902 2473 ’ίνα
951 2419 1014 2474 τὸ
1045 2417 1097 2473 ἐν
1141 2419 1220 2474 τῶ
1269 2418 1425 2490 νόμῳ
1474 2417 1710 2495 φυλάξῃ,
1745 2419 1996 2492 Πρόσεχε

321 2515 564 2582 σεαυτῷ,
597 2509 674 2571 ὠς
703 2510 791 2563 καὶ
823 2509 850 2562 ὁ
883 2509 1029 2570 θεῖος
1059 2505 1160 2585 ἔφη
1201 2506 1506 2570 Βασίλειος⁸
1544 2505 1687 2562 οὕτω
1717 2509 1820 2584 γὰρ
1856 2506 1992 2569 τέως

324 2605 586 2674 μιμεῖται
618 2597 883 2674 ἀγγέλους
913 2596 1049 2660 τοὺς
1078 2597 1447 2672 γινώσκοντας
1477 2595 1724 2660 ἑαυτούς.

394 2779 632 2852 Ὀρατὸν
701 2778 1038 2853 ἀνατρέχων.
1109 2777 1334 2852 Ὁρατὸν
1412 2776 1637 2832 ἐνταῦθα
1705 2777 1768 2831 τὸ
1850 2777 1987 2831 θεω-

326 2870 527 2945 ρητὸν,
559 2869 732 2944 ἤγουν
769 2865 1055 2938 ἐπιστητὸν
1091 2863 1256 2942 λέγει·
1287 2863 1603 2942 ἀνατρέχων
1636 2863 1992 2934 δὶ,τουτὲστιν

325 2958 465 3020 ὅλος
496 2955 825 3030 κινούμενος
857 2955 946 3010 ἐπὶ
976 2956 1038 3010 τὸ
1086 2956 1242 3029 ὁρᾷν·
1275 2956 1419 3032 ἱερὸν
1475 2953 1533 3011 δὶ
1564 2953 1739 3032 δῶρόν
1771 2977 1904 3030 φησι
1935 2955 1996 3011 τό

327 3052 470 3104 εἶναι
495 3049 693 3103 ἑαυτοῦ
723 3046 927 3122 έπιγνώ
935 3066 1092 3119 μονα.

397 3226 626 3296 Ταύτης
656 3223 768 3280 ἐστὶ
796 3230 920 3294 τῆς.
955 3223 1271 3300 Έξήγησις,
1294 3221 1347 3277 τί
1377 3222 1439 3278 τὸ
1467 3220 1536 3278 δι’
1561 3221 1838 3301 ἀναδόχου
1860 3226 1997 3301 πρὸς

325 3318 423 3372 τὸν
459 3316 733 3391 ἱεροὶρχην
767 3312 967 3370 ἐλθεῖν.

409 3405 688 3482 Σφραγίς.
721 3403 820 3466 Τίς
851 3405 887 3473 ἡ
922 3402 1176 3480 σφραγὶς,
1207 3402 1297 3457 καὶ
1326 3401 1407 3466 τίς
1440 3404 1474 3473 ἠ
1509 3403 1823 3478 ἀπογραφή.

406 3495 558 3566 Ego:
589 3493 756 3564 αὐτῷ.
789 3491 941 3548 ’Δντὶ
969 3495 1088 3565 τοῦ,
1120 3493 1234 3566 μετ’
1265 3492 1454 3550 αὐτοῦ.

409 3579 756 3640 Συνοπαδόν.
789 3579 1228 3646 Συνακὸλουθον.

405 3676 528 3744 §V.
581 3670 737 3730 Ἀλλ’
788 3669 1020 3746 ἄσχετον
1080 3672 1238 3727 εἶναι.
1293 3669 1478 3727 Οὶονεὶ
1531 3667 1806 3743 μηδεμίαν
1864 3672 1995 3747 σχέ-

340 3785 426 3817 σιν
457 3759 654 3838 ἔχοντα
682 3761 818 3837 πρὸς
858 3763 959 3830 τὴν
1014 3758 1280 3834 προτέραν
1335 3761 1504 3829 ζωήν,
1542 3757 1683 3832 μηδὲ
1729 3782 1997 3817 κατατατ-

334 3853 557 3925 τόμενον
611 3856 735 3912 ταῖς
786 3848 1080 3927 διαιρέσεσι
1129 3853 1227 3904 τοῦ
1269 3847 1558 3912 ὲνοειδοῦς’
1590 3849 1654 3904 τὸ
1703 3849 1804 3926 γὰρ
1851 3849 1905 3905 ’ὲν
1940 3849 1992 3905 ἐν

325 3946 489 3996 πᾶσιν
541 3943 718 4012 ἑαυτῷ
757 3939 976 4013 ὅμοιον,
1008 3939 1127 4003 καθ’
1171 3940 1200 3994 ’ὀ
1231 3933 1306 3993 ἕν·
1338 3939 1402 3993 τὸ
1447 3937 1505 3994 δὲ
1552 3935 1791 4009 πλῆθος,
1834 3939 1908 4003 ὠς
1943 3938 1994 3995 ἐν

324 4029 594 4108 διαιρέσει
627 4031 911 4107 ἁμαρτιῶν
943 4027 1239 4105 τυγχάνον,
1273 4027 1560 4102 ἀνόμοιον.

395 4203 799 4264 Ἀπεκδῦσασα.
832 4206 930 4260 Διὰ
955 4202 1009 4260 τί
1037 4201 1355 4263 ἀποδύεται.

393 4301 609 4373 ’Ὠσπερ
651 4295 962 4352 ἐκπνέοντα.
1014 4294 1330 4368 Σημείωσαι
1377 4292 1430 4348 τί
1474 4315 1725 4367 σημαινει
1770 4295 1833 4350 τὸ
1861 4293 1991 4359 τοὺς

319 4385 789 4463 κατηχουμένους
821 4384 1063 4463 ἐμφυσᾷν
1094 4388 1174 4457 τῷ
1204 4378 1471 4456 διαϐόλῳ.

397 4473 847 4553 Διαγγέλλουσα.
908 4475 971 4531 Ἣ
1021 4477 1128 4530 τῶν
1177 4468 1474 4547 συμϐόλων
1548 4471 1764 4545 δηλαδή
1824 4474 1998 4549 παρά-

321 4564 508 4629 δοσις.

2110 630 2216 700 πίί
2243 648 2257 699 ;
2293 636 2350 687 et
2374 635 2675 703 quomodo
2706 633 2766 688 in
2801 634 2956 690 malo
2987 636 3252 693 exsistat.

2183 719 2251 775 Se
2277 721 2554 789 subducit,
2597 723 2694 778 Gr.
2753 722 3087 796 ἀπήρτηται.
3146 726 3218 782 Ut
3265 731 3630 803 συνηρτῆσθαι
3677 731 3767 787 3i-

2113 811 2354 880 gnificat
2380 811 2721 883 copulatum
2757 829 2924 882 esse;
2959 814 3044 870 sic
3074 817 3252 871 etiam
3285 815 3630 892 ἀπηρτῆσθαι
3664 836 3766 876 ex-

2114 899 2328 954 cidisse
2361 918 2395 954 a
2425 899 2636 973 cOpula
2666 907 2722 956 et
2753 904 3204 972 conjunctione:
3241 905 3537 963 interdum
3571 916 3771 966 autem

2114 986 2288 1042 etiam
2325 1004 2684 1060 suspensum
2742 1005 2873 1045 esse
2923 1007 2990 1045 ac
3045 991 3300 1062 pendere
3355 994 3616 1051 declarat
3665 996 3776 1053 hoc

2111 1077 2377 1132 verbum.
2412 1081 2531 1132 Hoc
2562 1081 2758 1134 tamen
2792 1079 2918 1135 loco
2969 1079 3028 1135 in
3085 1083 3280 1152 priore
3337 1082 3773 1155 signiﬁcatione

2111 1170 2416 1237 acceptum
2451 1171 2560 1223 est.

2185 1256 2334 1324 Quod
2363 1258 2414 1312 si
2441 1257 2743 1313 mediocre.
2774 1258 2903 1314 Haec
2934 1259 3111 1316 verba
3141 1277 3209 1316 ex
3241 1260 3500 1333 imagine
3521 1267 3580 1319 et
3605 1263 3772 1320 simi-

2111 1344 2365 1401 litudine
2398 1345 2546 1401 lucis
2578 1363 2704 1417 quae
2736 1364 2949 1404 sensus
2967 1354 3181 1419 movet,
3200 1350 3270 1405 ad
3297 1351 3539 1407 modum
3563 1357 3771 1424 aptum

2108 1433 2447 1490 divinarum
2479 1435 3006 1508 intelligentiarum
3035 1437 3342 1511 copulabis
3366 1460 3380 1509 ;
3401 1443 3771 1514 quandoqui-

2110 1524 2242 1579 dem
2275 1524 2562 1596 scriptum
2596 1530 2686 1581 est
2713 1542 2724 1580 :
2757 1526 2969 1582 Αιιίονα
3005 1535 3055 1582 te
3085 1544 3154 1584 ne
3185 1530 3469 1600 quaesieris
3500 1531 3573 1601 (Δ)
3602 1550 3615 1599 ;
3644 1548 3770 1603 quas

2110 1613 2218 1669 tibi
2250 1617 2540 1685 praecepta
2570 1618 2711 1670 sunt
2741 1614 2862 1670 haec
2892 1615 3120 1687 cogita;
3172 1618 3412 1672 modum
3467 1619 3626 1674 enim
3677 1621 3772 1678 his

2111 1703 2172 1756 in
2203 1702 2422 1769 verbis,
2455 1707 2658 1775 aptum
2698 1705 2941 1760 modum
2977 1705 3140 1762 dicit.

2181 1793 2290 1863 Ipsi
2321 1793 2542 1864 quidem
2589 1794 3114 1866 improporzionatis.
3166 1795 3300 1859 Quae
3331 1795 3382 1852 ei
3414 1813 3529 1852 non
3562 1815 3771 1854 conve-

2029 1913 2078 1978 B
2110 1881 2302 1949 niunt,
2339 1887 2404 1937 ut
2435 1899 2565 1954 quas
2597 1887 2901 1954 superent.

2180 1971 2268 2027 Ad
2296 1971 2438 2026 hanc
2462 1972 2701 2028 divinus.
2739 1971 2918 2042 Cujus
2950 1972 3027 2028 sit
3059 1973 3249 2045 figura
3288 1975 3622 2048 episcopus.

2180 2061 2589 2116 Aecedentibus.
2623 2061 2741 2116 Hoc
2772 2079 2840 2117 ex
2873 2061 3001 2117 loco
3035 2063 3418 2136 perspicuum
3475 2070 3584 2136 est,
3635 2082 3770 2123 eum

2107 2151 2263 2221 apud
2297 2151 2598 2206 auditores
2630 2151 2858 2207 docere.

2177 2239 2332 2312 §IV.
2368 2240 2768 2311 Cagnoscentes.
2812 2240 2980 2309 Nota,
3033 2240 3292 2314 aliquem
3345 2243 3602 2313 primum
3659 2243 3770 2301 hoc

2107 2345 2326 2384 munus
2357 2345 2427 2384 ex
2459 2333 2731 2384 accurata
2763 2327 3152 2402 diligentique
3195 2330 3512 2403 disciplina
3561 2350 3768 2388 conse-

2104 2421 2226 2490 qui,
2263 2423 2326 2474 ut
2381 2423 2582 2474 noscat
2633 2419 2941 2491 seipsum;
2997 2424 3063 2475 ut
3110 2419 3252 2475 illud
3305 2422 3461 2492 quod
3521 2422 3579 2476 in
3631 2421 3759 2495 lege

2101 2508 2386 2580 scriptum
2422 2513 2512 2563 est
2541 2513 2768 2564 servet:
2804 2509 3031 2565 Attende
3062 2511 3378 2582 teipsum(d
3405 2511 3452 2581 ),
3476 2512 3757 2583 quemad-

2103 2597 2345 2652 modum
2378 2597 2553 2653 etiam
2594 2597 2827 2653 divinus
2857 2597 3112 2654 Basilius
3145 2597 3226 2654 ait
3254 2615 3268 2654 :
3302 2599 3386 2654 sic
3416 2599 3573 2654 enim
3605 2599 3758 2655 inte-

2102 2702 2202 2742 rea
2230 2685 2470 2759 angelos
2501 2686 2793 2756 imitatur,
2827 2687 2929 2759 qui
2964 2691 3218 2744 noscunt
3245 2689 3494 2760 seipsos.

2173 2775 2253 2831 Ad
2282 2777 2372 2831 sui
2399 2777 2630 2831 veniunt
2658 2778 3049 2848 cognitionem.
3108 2774 3329 2851 Ὀρατόν
3381 2777 3489 2833 hoc
3539 2777 3664 2833 loco
3694 2778 3756 2832 τὸ

2106 2864 2381 2938 θεωρητὸν
2409 2858 2578 2937 ἤγουν
2612 2860 2926 2934 ἐπιστητόν,
2960 2865 3018 2920 id
3059 2869 3151 2921 est
3199 2866 3761 2938 contemplationem

2105 2952 2228 3009 sive
2259 2953 2588 3019 scientiam,
2615 2952 2775 3008 dicit.
2808 2951 3146 3026 Ἀνατρέχων
3169 2969 3328 3021 vero,
3354 2953 3462 3009 hoc
3487 2959 3578 3010 est
3599 2960 3762 3010 totus

2109 3045 2408 3115 permotus
2439 3042 2509 3098 ad
2541 3042 2882 3098 videndum.
2916 3042 3163 3098 Sacrum
3193 3058 3329 3098 vero
3360 3043 3578 3098 donum
3616 3044 3761 3100 dicit

2107 3132 2370 3204 seipsum
2395 3148 2650 3188 noscere.

2182 3224 2360 3294 Hujus
2386 3230 2488 3278 est.
2520 3221 2884 3293 Explanatio,
2918 3220 3059 3293 quid
3093 3221 3172 3277 sit
3192 3237 3296 3293 per
3317 3237 3660 3292 sponsorem
3685 3221 3760 3278 ad

2029 3284 2072 3353 α
2112 3311 2499 3368 hierarchiam
2530 3311 2752 3367 venire.

2181 3401 2565 3472 Consignatio.
2599 3404 2732 3466 Quae
2758 3398 3148 3470 consignatio,
3180 3404 3238 3455 et
3267 3416 3394 3471 qua:
3424 3399 3762 3471 descriptio.

2180 3489 2324 3563 Πρὸς
2357 3486 2525 3560 αὐτῷ.
2562 3493 2693 3557 Pro,
2728 3504 2860 3543 cum
2897 3489 3046 3560 ipso.

2179 3580 2469 3645 Comitem,
2500 3580 2596 3634 Gr.
2633 3573 2963 3634 συνοπαδόν.
3010 3579 3463 3635 Assectatorem.

2181 3668 2209 3741 ἕ
2237 3669 2303 3724 V.
2333 3670 2443 3725 Sed
2470 3673 2740 3724 exsortem
2770 3684 2906 3724 esse.
2941 3669 3247 3739 Tanquam
3273 3667 3501 3722 nullum
3527 3668 3630 3724 60
3666 3667 3766 3722 ha-

2106 3758 2298 3813 bitum
2331 3759 2542 3813 habeat
2559 3759 2628 3813 ad
2649 3757 2831 3812 vitam
2857 3757 3439 3828 superiorem,neque
3460 3757 3764 3826 subjectus

2107 3847 2184 3902 sit
2213 3846 2624 3914 divisionibus,
2656 3846 2786 3916 ejus
2817 3847 2974 3917 quod
3006 3850 3098 3901 est
3145 3846 3488 3901 uniusmodi
3517 3862 3529 3901 :
3576 3862 3762 3901 unum

2105 3937 2263 3992 enim
2296 3937 2354 3992 in
2389 3936 2691 4001 omnibus,
2725 3940 3021 4006 quatenus
3052 3939 3142 3990 est
3177 3952 3385 4000 unum,
3419 3935 3510 3989 sui
3569 3934 3764 3990 simile

2106 4029 2232 4093 est;
2269 4025 2583 4080 multitudo
2615 4030 2838 4094 autem,
2873 4028 2939 4080 ut
2970 4041 3097 4096 qua
3131 4025 3189 4079 in
3223 4028 3597 4094 peccatorum
3622 4025 3767 4080 divi-

2106 4113 2272 4170 sione
2302 4115 2400 4185 sit,
2433 4114 2773 4170 dissimilis.

2174 4203 2416 4258 Exuens.
2452 4204 2641 4267 Quare
2671 4202 2931 4258 exuitur.

2173 4293 2488 4362 E/ﬂantem.
2520 4292 2686 4359 Nota,
2720 4293 2856 4361 quid
2883 4291 3176 4365 significet
3192 4291 3647 4349 catechumenos
3669 4293 3758 4348 in-

2102 4382 2341 4438 sufﬂare
2374 4381 2632 4437 diabolo.

2168 4474 2536 4528 Annuntians.
2570 4471 2884 4543 Signorum
2917 4470 3190 4527 videlicet
3220 4471 3485 4528 traditio.

395 4657 548 4731 Πρὸς
596 4655 659 4710 τὸ
705 4653 761 4708 ’ἐν
822 4651 1018 4722 ὁλικῆς
1068 4651 1416 4714 συννιύσεως.
1466 4653 1573 4721 Τὴν
1626 4653 1764 4728 πρὸς
1822 4653 1886 4708 τὸ
1930 4653 1986 4709 ἓν

2171 4652 2307 4708 Cum
2330 4666 2439 4706 uno
2466 4650 2630 4707 totali
2661 4649 3094 4722 conspiratione.
3131 4649 3336 4703 Totam
3389 4649 3756 4720 conjunctio-

317 4745 523 4814 ὁλικῆν
557 4743 832 4798 σύννευσιν
885 4737 1021 4797 λαϐὲ
1063 4740 1200 4796 κατᾶ
1236 4742 1299 4796 τὸ
1347 4745 1445 4796 τοῦ
1479 4741 1678 4816 Κυρίου
1709 4743 1875 4818 ῥητὸν
1908 4743 1984 4798 εἰ·

315 4835 551 4901 πόντος,
595 4829 686 4887 ’ίνα
732 4833 864 4886 ὦσιν
910 4830 992 4899 ἓν,
1036 4830 1281 4886 τουτέστι
1329 4831 1466 4906 πρὸς
1512 4830 1576 4885 τὸ
1623 4830 1678 4887 ἓν
1731 4833 1984 4909 ὁρῶντες,

317 4925 458 4999 ὅπερ
508 4922 619 4977 ἐστὶ
651 4924 672 4957 ⁷
701 4921 764 4976 τὸ
804 4919 1032 4997 ἀρέσκον
1083 4923 1218 4992 Θεῷσ
1269 4917 1518 4974 ἀνάτασιν
1572 4918 1651 4992 δὲ,
1697 4923 1796 4992 τὴν
1850 4922 1987 4995 πρὸς

312 5014 380 5068 τὸ
407 5017 568 5068 Θεῖον
602 5011 806 5084 ὕψωσιν
855 5007 953 5064 τοῖ’)
1003 5007 1296 5086 λογισμοῦ,
1329 5009 1416 5064 καὶ
1448 5013 1558 5063 τῶν
1611 5010 1984 5086 χαμαιζήλων

315 5101 594 5178 ἆναχώρη
604 5120 706 5154 σιν.

383 5191 457 5245 Τὸ
491 5188 865 5245 ἀναλλοίωτον
899 5185 1067 5264 ἴσχει.
1101 5189 1228 5250 ῙΙῶς
1268 5188 1358 5242 καὶ
1404 5187 1566 5243 πόθεν
1610 5187 1986 5246 ἀναλλοίωτοι

305 5282 562 5360 γίνονται
595 5280 650 5333 αἱ
681 5277 864 5353 νοεραὶ
893 5274 1052 5349 ἕξεις.

339 5372 342 5373 ν
383 5368 776 5444 Ἀμάλθακτον
884 5370 1021 5423 εἶναι
1066 5411 1079 5424 .
1171 5367 1474 5433 Ἀθαλκτον
1506 5412 1522 5440 ,

387 5500 470 5573 (d)
505 5497 680 5554 Eccli.
713 5515 804 5568 ιιι,
835 5497 924 5554 22.
1006 5497 1108 5570 (d')
1142 5497 1166 5552 Ι
1198 5497 1352 5554 Tim.
1391 5513 1468 5570 ιν,
1501 5498 1587 5553 16.

1630 5368 1940 5442 ἀθήλυντον
1973 5415 1988 5443 ,

2100 4758 2232 4798 nem
2265 4757 2398 4797 cum
2435 4757 2572 4804 uno,
2597 4738 2794 4810 accipe
2816 4754 2884 4793 ex
2917 4736 3018 4792 illo
3072 4736 3301 4792 Domini
3333 4738 3531 4803 verbo,
3560 4747 3619 4794 ut
3646 4741 3760 4795 sint

2097 4848 2310 4893 unum;
2342 4830 2399 4884 id
2427 4833 2518 4885 est
2568 4845 2751 4883 unum
2806 4827 3127 4897 intuentes,
3181 4827 3336 4898 quod
3389 4832 3478 4883 est
3509 4828 3566 4882 id
3601 4831 3758 4900 quod

2098 4927 2333 4994 gratum
2366 4923 2455 4974 est
2487 4923 2599 4973 Deo
2634 4937 2647 4986 ;
2683 4916 3123 4973 contentionem
3160 4921 3378 4987 autem,
3415 4917 3660 4972 rationis
3683 4919 3756 4972 ad

2099 5012 2284 5068 Deum
2316 5006 2743 5065 sublimitatem
2776 5010 2833 5062 et
2863 5007 2935 5062 ab
2969 5005 3044 5061 iis
3075 5010 3176 5078 qui
3231 5010 3466 5062 terrena
3519 5007 3762 5079 sapiunt

2100 5116 2334 5158 ι’θοθεευ
2347 5115 2400 5153 m
2413 5139 2426 5153 .

2171 5189 2696 5248 Immutabititatem
2727 5187 2963 5242 obtinet.
2997 5186 3300 5252 Quomodo
3334 5189 3393 5242 et
3442 5186 3596 5242 unde
3645 5187 3760 5242 im-

2102 5281 2410 5340 mutabilis
2441 5278 2543 5334 ﬁat
2575 5276 2794 5333 mentis
2825 5280 3018 5332 status
3051 5280 3108 5332 et
3136 5275 3398 5332 habitus.

2173 5371 2511 5431 Obduratum
2539 5366 2793 5435 esse.Qui
2825 5365 3134 5423 blanditiis
3167 5364 3492 5422 demulceri
3527 5365 3763 5438 nequit.

1345 5639 1590 5698 VARI/E
1623 5641 2023 5701 LECTIONES
2053 5643 2147 5701 ET
2177 5635 2743 5706 CORRECTIONES.

385 5744 410 5780 ⁵
442 5736 825 5816 ἁρμοζόντων.
905 5740 925 5776 ⁷
949 5737 1113 5794 τοῦτό
1145 5735 1278 5795 ἐστι.
