4134 6390
387 400 484 454 131
1207 397 1572 450 APPENDIX
1611 397 1706 450 AD
1744 394 1985 449 OPERA
2021 393 2079 447 S.
2120 393 2437 450 DIONYSII
2473 394 2977 453 AREOPAGITE.
3705 394 3808 450 132

386 524 487 599 qui
520 521 838 579 femineum
874 519 1116 578 minime
1149 519 1355 576 induat
1387 519 1675 586 animum,
1709 517 1900 587 fortis,
1945 515 2018 571 ni‘

2169 511 2397 591 ἰνδρεῖον
2435 560 2448 586 ,
2505 514 2791 574 ἀνένδοτον
2829 562 2844 589 ,
2910 515 3307 595 ἄπαρέγκλιτον
3369 516 3549 597 ὑφέσει
3605 515 3751 592 πᾶσῃ
3787 562 3801 576 .

387 614 467 670 hil
496 614 564 668 de
597 611 932 668 constantia
964 608 1296 676 remittens,
1327 609 1427 681 qui
1462 607 1730 664 inclinari
1763 624 1881 663 non
1931 622 2019 679 po-

2167 606 2344 661 Ιστὲον
2378 603 2435 660 δί
2466 607 2538 669 ὡς
2584 605 2670 664 ἐπὶ
2718 611 2986 683 γυναικῶν
3037 605 3436 684 ἀνδριζομένων
3487 607 3522 677 ἢ
3577 606 3799 684 ἆρῥενο·

387 708 502 761 test
531 703 600 759 ad
637 701 818 758 ullam
847 700 1330 757 submissionem.
1363 697 1678 755 Sciendum
1703 700 1792 753 est
1813 699 2009 753 autem

966 700 1330 756 missionem.
1363 697 1678 755 Sciendum
1703 700 1792 753 est
1813 699 2034 766 autem,
2148 699 2328 772 φανῶν
2363 693 2594 768 ειςοηται.

387 794 456 850 de
485 791 835 848 mulieribus
868 790 1139 859 fortibus,
1172 793 1273 845 aut
1303 805 1434 861 quae
1481 804 1674 844 mares
1725 788 2035 859 apparent,

383 882 610 938 dictum
639 897 790 936 esse.

453 973 658 1028 Horum
687 979 873 1026 autem
902 971 1098 1025 cernis.
1127 969 1204 1025 De
1237 968 1529 1024 unctione.

2217 967 2380 1042 Ὁρᾷς
2412 965 2470 1022 δὲ
2495 969 2615 1030 τάς.
2652 969 2782 1044 Περὶ
2812 973 2908 1024 τοῦ
2935 969 3301 1044 ἆλείμματος.

459 1060 534 1117 Ad
553 1076 674 1133 qum
702 1060 797 1116 sub
829 1060 1042 1115 Christo
1073 1059 1414 1114 munerario.
1444 1057 1773 1130 Hyperbato
1807 1058 2037 1111 constat

2216 1058 2345 1111 Καθ’
2397 1054 2488 1120 οὓς
2542 1058 2628 1113 ὑπ’
2676 1057 2969 1134 ἀθλοθέτῃ’
3010 1063 3101 1117 Ἐν
3156 1055 3506 1134 ὑπερϐατῷἠ
3559 1059 3805 1131 σύνταξις

382 1151 563 1222 hujus
594 1150 702 1205 loci
735 1153 1024 1204 struclera
1055 1148 1599 1220 interpositalonga
1624 1145 2012 1202 collocutione

2172 1152 2239 1201 '06
2271 1148 2539 1224 παρόντος
2593 1149 2803 1224 χωρίου
2853 1147 3248 1226 μεταξυλογίας
3303 1149 3646 1218 συντεθείσης
3697 1171 3804 1220 μα-

380 1241 472 1296 Sic
503 1256 639 1312 ergo
662 1238 1126 1295 construendum
1149 1243 1272 1293 est:
1309 1254 1408 1307 per
1429 1254 1556 1308 quae
1579 1236 1902 1292 certamina
1923 1235 2012 1290 sul

2174 1243 2293 1314 .piiq.
2347 1236 2534 1300 Οὕτως
2582 1237 2672 1293 οὖν
2721 1239 3062 1294 συντακτὲονο
3110 1241 3228 1295 καθ’
3260 1237 3353 1304 οὓς
3407 1240 3495 1294 ὑπ’
3535 1238 3806 1313 ἆθλοθέτῃ

383 1329 634 1396 Christo,
669 1328 769 1401 qui
797 1329 1039 1400 praemia
1071 1326 1397 1400 proposuit,
1426 1328 1486 1382 in
1509 1326 1831 1382 certamina
1879 1342 2015 1398 quae

2177 1329 2363 1400 ἰριστῷ
2404 1326 2716 1402 γινόμενος,
2764 1334 2883 1392 τοῖς
2934 1330 3028 1402 μὶν
3077 1330 3300 1406 ἀγῶσιν,
3333 1327 3408 1390 ὠς
3459 1327 3625 1392 θείοις
3653 1329 3681 1382 6
3711 1348 3809 1382 τε-

383 1420 542 1486 dam,
581 1423 643 1473 ut
673 1418 872 1472 divina
903 1416 1072 1472 laetus
1105 1417 1428 1484 incumbet,
1452 1420 1658 1487 etquae
1680 1419 2013 1487 sequuntur

1795 1419 2034 1470 nuntur.
2145 1412 2418 1488 λούμενος
2449 1411 2765 1488 ἐπιϐήσεται
2801 1416 3036 1493 χαίρων,
3068 1419 3159 1473 καὶ
3190 1418 3256 1473 τὰ
3282 1417 3427 1489 ἑξῆς.

1028 1522 1386 1580 CHRISTUS

2769 1526 2832 1582 Ὁ
2870 1526 3176 1582 ΧΡΙΣΤΟΣ

388 1616 451 1672 Ut
484 1621 628 1670 Deus
776 1617 839 1671 Ut
868 1630 970 1669 sa-
1158 1614 1219 1670 Ut
1249 1613 1480 1688 pulcher
1593 1613 1655 1670 Ut
1687 1614 1858 1668 bonus

2175 1619 2233 1688 ῐὶς
2267 1613 2361 1684 μὲν
2545 1614 2634 1674 Ὠς
2669 1611 2726 1688 δι
2940 1614 3030 1688 ξῼς
3059 1610 3116 1667 δὲ
3140 1632 3240 1688 κα·
3457 1614 3548 1688 ᾯς
3581 1609 3640 1667 δὶ
3666 1613 3807 1688 ἀγα-

376 1690 618 1759 praemia
759 1687 917 1761 piens
945 1689 1028 1740 te-
1138 1683 1456 1761 certamina
1587 1701 1702 1739 una
1730 1700 1846 1741 cer-

2176 1683 2275 1761 ispd
2554 1687 2719 1761 σοφὸς
2940 1683 3040 1761 λος
3067 1684 3204 1761 καλ·
3459 1686 3552 1761 θρς
3567 1683 3808 1761 συναγωο

380 1753 577 1830 propo-
759 1753 850 1830 ges
878 1760 1008 1830 fert.
1143 1757 1419 1812 honestat.
1581 1765 1686 1812 tat.

2148 1753 2309 1810 ἀθλο-
2550 1753 2774 1830 νομοθε-
2940 1755 3092 1830 λύ-νει
3116 1757 3183 1812 τὰ
3451 1756 3672 1826 νίζεται.

383 1827 492 1887 nit.
763 1827 775 1830 ἡ
878 1827 887 1830 ⁷
2065 1883 2114 1948 Β
2137 1834 2310 1891 θετεῖ.
2546 1827 2650 1886 τεῗ.
2935 1827 3096 1893 ἆθλα.

455 1937 916 2010 Quandoquidem
943 1945 1006 1993 ut
1035 1943 1200 1993 Deus.
1234 1936 1396 2003 Quod
1429 1935 1700 1991 Christus
1731 1934 1809 1991 sit
1859 1939 2032 2006 Deus,
2067 1933 2087 1948 ⁸

2217 1933 2440 2004 Ἐπειδή
2473 1935 2546 1998 ὡς
2590 1935 2740 1998 Θεός.
2773 1937 2900 1993 ’Ότι
2946 1937 2974 1990 6
3023 1936 3268 2008 Χριστὸς
3318 1934 3450 1998 Θεός
3505 1934 3636 2008 ἔστι,
3668 1936 3811 1990 κατὰ

382 2034 592 2084 contra
621 2027 1028 2082 Nestorianos.

907 2044 1028 2082 nos.
2144 2029 2539 2101 Νεστοριανῶν.

454 2117 815 2172 Descendens.
850 2115 929 2170 De
961 2115 1258 2186 baptismo
1291 2115 1453 2170 dicit.

2214 2109 2459 2178 Ἑπιϐάς.
2495 2113 2624 2188 Περὶ
2654 2118 2750 2169 τοῦ
2785 2115 3167 2189 βαπτίσματος
3194 2111 3359 2188 λεγει.

453 2206 713 2278 Pugitum
741 2206 1022 2276 primatis.
1059 2204 1331 2276 Pugilum
1365 2204 1676 2276 primatem
1720 2205 2032 2260 Dominum

2213 2207 2324 2261 T06
2356 2203 2606 2275 ἀθλητῶν
2652 2205 2896 2278 πρώτου.
2956 2204 3243 2275 Ἀθλητῶν
3292 2208 3507 2278 πρῶτον
3558 2203 3652 2258 τὸν
3701 2202 3810 2257 K6-

382 2295 546 2362 dicit,
578 2295 675 2366 qui
709 2294 835 2350 sola
865 2311 973 2349 sua
1005 2294 1366 2366 benignitate
1397 2295 1633 2365 ductus,
1657 2311 1788 2350 cum
1827 2295 2014 2350 morti:

2184 2314 2260 2348 ιον
2309 2293 2479 2368 λέγει,
2530 2293 2588 2354 ὃς
2628 2290 2717 2346 διὰ
2771 2293 2947 2367 μόνην
3000 2292 3312 2367 ἀγαθότητα
3363 2289 3527 2364 ἰδίαν,
3559 2293 3698 2368 πρὸς
3744 2292 3808 2347 τὸ

387 2385 468 2441 im
481 2385 638 2455 peric
670 2383 1050 2455 potentiaque
1082 2383 1344 2439 certavit.

2142 2387 2240 2438 τοῦ
2274 2381 2499 2437 θανάτου
2528 2382 2842 2458 ἠγωνίσατο
2872 2383 3094 2456 κράτος.

451 2474 882 2531 Certaminibus.
913 2471 1143 2528 Scilicet
1175 2489 1277 2544 per
1313 2474 1649 2530 unctionem
1695 2475 1877 2530 divini
1928 2490 2034 2529 un-

2217 2470 2530 2544 Ἀθλήσεσι.
2587 2471 2686 2527 Διὰ
2727 2478 2829 2542 τῆς
2887 2470 3125 2549 ἀλοιφῆς
3185 2468 3449 2542 δηλονότι
3503 2474 3602 2527 τοῦ
3660 2470 3807 2526 θείου

387 2563 612 2636 guenti.

2151 2562 2347 2638 μύρου.

454 2653 722 2722 Actiones,
756 2656 866 2707 etc.
899 2651 1175 2709 Actiones
1207 2653 1445 2724 quidem
1470 2653 1613 2709 dicit
1633 2659 1890 2727 peccata,
1912 2659 2037 2712 tur-

2227 2649 2528 2728 Ἐνεργείας
2577 2671 2636 2705 τε
2686 2648 2798 2707 καί.
2854 2649 3158 2723 Ἑνεργείας
3219 2650 3314 2722 μὶν
3374 2649 3471 2713 τὰς
3532 2650 3803 2723 ἁμαρτίας

381 2739 779 2812 bulentasque
811 2739 1160 2811 cupiditates
1183 2745 1241 2795 et
1269 2747 1464 2795 motus
1488 2759 1500 2809 ;
1527 2744 1815 2824 essentias
1839 2747 2013 2798 auten

2175 2743 2236 2797 ai
2310 2741 2408 2804 τὰς
2478 2739 2740 2813 ἐμπαθεῖς
2820 2738 3105 2816 ἐριθυμίας
3163 2740 3562 2812 καίΙκινήσεις
3622 2740 3807 2817 φησὶν·

381 2831 718 2887 daemonum
753 2831 846 2885 6|
887 2834 1149 2897 naturas,
1182 2847 1312 2901 quae
1366 2831 1484 2886 vim
1539 2832 1746 2896 agendi
1797 2833 2013 2888 habent

2178 2831 2405 2907 ,πάρξεις
2447 2828 2506 2885 δὲ
2541 2829 2637 2892 τὰς
2685 2828 3034 2905 ἐνεργητικὰς
3087 2833 3195 2884 τῶν
3255 2826 3530 2902 δαιμόνων
3596 2827 3810 2906 φύσειςσ

382 2921 696 2976 Enimvero
729 2920 1015 2992 improbae
1067 2920 1326 2976 actiones
1379 2921 1584 2977 nonin
1621 2939 1729 2977 sua
1783 2923 2014 2977 essenti:

2183 2922 2206 2975 .i
2264 2922 2365 2997 γὰρ
2416 2918 2653 2996 πονηραὶ
2711 2918 2929 2994 πράξεις
2986 2917 3086 2973 οὐκ
3141 2917 3192 2974 ἰν
3247 2916 3358 2974 ἰδία
3411 2918 3630 2992 ὑπάρξει
3679 2929 3815 2982 θεω-

387 3014 717 3080 naturaque
749 3013 1110 3079 spectantur.

763 3013 1110 3079 spectantur.
2155 3007 2371 3087 ροῦνται
2384 3053 2395 3066 .

453 3098 639 3171 §VIL
675 3099 953 3166 Quoniam
983 3114 1130 3154 mors
1178 3103 1273 3154 est.
1326 3099 1474 3164 Quid
1527 3100 1605 3155 sit
1652 3116 1812 3156 mors
1860 3100 2040 3167 dicit;

2229 3100 2411 3174 ξνΙΙ.
2447 3095 2668 3166 Ἐπειδὴ
2707 3096 2932 3159 θάνατός
2963 3095 3126 3154 ἑστιν.
3164 3097 3234 3154 Τί
3266 3097 3375 3153 ἐστι
3422 3098 3672 3171 θάνατος,
3721 3096 3821 3152 καὶ

384 3187 1071 3259 conglutinationemque
1102 3187 1287 3244 nostri
1320 3205 1450 3244 esse
1483 3189 1957 3260 conjunctionem
1990 3208 2016 3246 e

1556 3189 1957 3260 njunctionem
1990 3196 2047 3246 et
2094 3255 2121 3260 Α,
2157 3187 2242 3243 ὅτι
2271 3186 2463 3251 ἓνωσίς
2487 3186 2628 3242 ἐστιν
2656 3189 2690 3258 ἡ
2725 3187 2966 3250 σύνθεσις
2999 3189 3181 3257 ἡμῶν.

385 3255 684 3332 unionem.
979 3255 990 3258 ’
1588 3255 1608 3260 ⁷
2081 3255 2124 3323 C

452 3365 530 3421 Ad
559 3366 856 3422 obscurum
888 3367 1018 3438 quid
1043 3367 1264 3423 ducens.
1299 3368 1420 3423 Hoc
1471 3367 1667 3438 ipsum
1717 3371 1870 3440 quod
1928 3388 2048 3426 non

2233 3367 2454 3446 ’Λφανὶς
2519 3367 2744 3443 ἄγουσα.
2803 3369 2976 3420 Τοῦτο
3037 3365 3100 3419 τὸ
3157 3365 3351 3444 ἀφανὲς
3409 3387 3553 3428 τινες
3608 3362 3819 3441 ἔφησαν

378 3454 629 3520 videtur,
663 3455 902 3526 quidam
927 3456 1148 3512 inferos
1179 3472 1312 3512 esse
1342 3457 1617 3513 dixerunt
1646 3479 1660 3528 ;
1699 3459 1754 3514 id
1799 3464 1890 3514 est
1935 3461 2010 3516 dis

2191 3459 2294 3513 ἷναι
2321 3459 2413 3512 τὸν
2466 3451 2620 3528 ᾅδην,
2653 3455 2896 3510 τουτέστι
2938 3455 3031 3509 τὸν
3084 3451 3238 3524 ἀειδῆ
3284 3453 3373 3509 καὶ
3427 3455 3604 3530 ἀφανῆ
3649 3456 3823 3530 γενό-

380 3560 612 3601 cessum
645 3546 1193 3617 separationemque
1226 3545 1428 3611 animi,
1465 3562 1592 3617 quas
1625 3566 1741 3604 non
1796 3549 2012 3606 videtun

2190 3568 2323 3602 ιενον
2353 3550 2452 3611 τῆς
2477 3549 2665 3622 ψυχῆς
2697 3545 3008 3622 χωρισμὸν,
3041 3542 3116 3607 εἷς
3144 3544 3347 3607 τόπους
3398 3542 3664 3621 ἆοράτους
3694 3549 3822 3608 τοῖς

383 3649 491 3688 nec
522 3637 784 3703 apparet,
817 3635 887 3688 ad
917 3634 1046 3690 loca
1085 3651 1214 3707 quae
1269 3635 1455 3691 videri
1511 3653 1626 3692 non
1674 3643 1925 3710 possunt
1975 3643 2015 3696 a‘

829 3635 887 3688 1d
917 3634 1046 3690 loca
1085 3651 1214 3707 quae
1269 3635 1455 3691 videri
1511 3653 1626 3692 non
1674 3643 1925 3710 possunt
1975 3641 2047 3696 ab
2159 3637 2461 3709 αἰσθητοῖς.

383 3721 459 3779 iis
484 3722 585 3793 qui
617 3723 728 3778 sub
760 3740 1003 3779 sensum
1046 3725 1290 3781 cadunt.

450 3812 734 3884 Corporeis
765 3815 1267 3871 immutationibus.
1299 3815 1461 3887 Saepe
1481 3816 1642 3872 enim
1698 3816 2046 3875 dissolvitur

2230 3811 2629 3890 Σωματοειδῶν
2709 3811 3086 3870 ἀλλοιώσεων.
3155 3811 3436 3876 Πολλάκις
3515 3813 3616 3889 γὰρ
3686 3815 3823 3870 ἂνα-

381 3905 438 3957 et
460 3901 670 3957 recidit
705 3918 940 3974 corpus,
965 3921 1080 3959 non
1106 3903 1297 3960 solum
1337 3906 1394 3960 in
1419 3922 1666 3972 vermes,
1701 3908 1803 3962 sed
1835 3907 1893 3962 in
1929 3908 2013 3963 ali.

2191 3908 2524 3980 τοιχειοῦται
2586 3901 2648 3956 οὐ
2703 3901 2868 3975 μόνον
2919 3900 2995 3964 εἷς
3055 3899 3374 3972 σκώληκας,
3407 3900 3553 3958 ἀλλὰ
3595 3903 3688 3957 καὶ
3738 3902 3823 3966 εἷς

380 4004 616 4062 quoque
649 3989 994 4047 animantia.
1014 3992 1162 4048 Vide
1185 3994 1360 4050 etiam
1387 3998 1451 4050 ut
1472 3995 1860 4052 mutationem
1883 3999 2011 4069 ejus

2189 3993 2298 4050 λλα
2333 3997 2443 4062 ζῶα
2471 3992 2533 4046 τὸ
2585 3995 2763 4064 σῶμα.
2797 3991 2938 4066 Ὅρα
2991 3989 3069 4062 δὲ,
3123 3989 3204 4045 ὅτι
3257 3991 3344 4046 καὶ
3394 3991 3494 4060 τήν
3552 3991 3821 4062 τοιαύτην

381 4079 542 4134 modi
574 4076 896 4146 ἀλλοίωσιν,
930 4081 988 4136 id
1020 4087 1110 4137 est
1134 4085 1658 4140 commutationem
1683 4086 1956 4157 appellat,
1984 4104 2013 4142 e

2189 4078 2465 4152 ,εταϐολὴν
2509 4078 2806 4137 ἀλλοίωσιν
2859 4078 3052 4148 καλεῖ,
3103 4080 3194 4134 καὶ
3242 4077 3325 4133 ὅτι
3377 4080 3405 4133 6
3463 4079 3693 4142 θάνατος
3751 4081 3821 4136 οὗ

383 4173 630 4224 mortem
667 4186 778 4225 non
813 4187 942 4226 esse
965 4171 1231 4228 essentiae
1258 4179 1470 4230 nostras
1493 4175 2003 4246 consumptionem

2185 4179 2249 4242 ἧς
2284 4171 2470 4232 οὐσίας
2520 4173 2682 4243 ἡμῶν
2734 4169 2877 4224 ἐστιν
2930 4168 3253 4243 ἀνυπαρξία,
3297 4170 3388 4223 καὶ
3433 4167 3518 4224 ὅτι
3563 4171 3599 4238 ἡ
3654 4172 3817 4245 ψυχή

381 4261 442 4313 et
471 4258 738 4314 animum
771 4276 905 4316 cum
937 4260 1214 4316 discessit
1246 4280 1276 4318 ε
1309 4281 1570 4335 corpore,
1597 4282 1712 4320 non
1737 4283 2013 4337 apparere

2187 4265 2364 4332 ξιοῦσα
2399 4258 2500 4315 τοῦ
2549 4261 2806 4332 σώματος
2838 4257 3051 4336 ἂφανὴς
3098 4257 3325 4332 γίνεται,
3357 4256 3449 4312 καὶ
3495 4256 3599 4312 οὐκ
3639 4255 3819 4313 εἴλεῖ-

383 4362 490 4402 nec
523 4348 742 4403 versari
774 4348 994 4404 circum
1048 4366 1283 4422 corpus,
1320 4357 1385 4406 ut
1417 4353 1687 4408 nonnulli
1741 4355 2015 4411 dixerunt

2185 4373 2232 4406 αι
2266 4351 2388 4426 περὶ
2419 4351 2481 4405 τὸ
2514 4353 2693 4422 σῶμα,
2721 4343 2796 4410 ὥς
2825 4368 2963 4408 τινες
2997 4347 3172 4415 εἶπον,
3201 4346 3292 4401 καὶ
3339 4347 3422 4401 δτι
3448 4348 3484 4417 ἡ
3516 4344 3817 4412 κατάδυσις

382 4435 942 4510 immersionemque
980 4439 1040 4493 in
1072 4456 1286 4511 aquam
1349 4447 1504 4498 recte
1556 4447 1857 4514 acceptam
1907 4461 2014 4502 οδω

1907 4461 2038 4502 esse
2143 4446 2242 4500 τοῦ
2273 4439 2465 4502 ὕδατος
2499 4440 2615 4496 ἀντὶ
2650 4440 2884 4503 θανάτου
2912 4435 3098 4499 καλῶς
3129 4434 3528 4512 παρείληπται,

385 4541 489 4596 pro
520 4530 726 4582 morte.

455 4615 730 4670 Divinam.
760 4615 1028 4672 Divinam
1062 4623 1308 4675 mortem
1356 4624 1525 4676 vocat
1573 4622 1755 4677 trium
1808 4623 2036 4680 dierum
2069 4623 2087 4690 l

2216 4624 2314 4678 Τὸν
2367 4619 2682 4697 θεαργικόν.
2713 4619 2837 4676 Ὃτι
2881 4617 3170 4692 θεαρχικὸν
3223 4615 3448 4672 θάνατον
3500 4615 3662 4672 καλεῖ
3706 4616 3813 4685 τὴν

386 4703 617 4759 Domini
649 4705 1037 4776 sepulturam,
1070 4708 1367 4780 verbaque
1409 4707 1512 4764 illa
1559 4710 1830 4768 Domini:
1889 4715 2018 4770 Veni

2184 4715 2449 4789 ριήμερον
2499 4714 2600 4766 τοῦ
2651 4707 2851 4782 Κυρίου
2897 4708 3114 4784 ταφήνσ
3163 4704 3257 4760 καὶ
3315 4707 3400 4761 ὅτι
3456 4706 3521 4760 τὸ
3575 4704 3730 4781 ῥῆμα
3783 4707 3816 4760 ὃ

384 4793 639 4865 princeps
671 4793 833 4865 huius
864 4796 1078 4865 mundi,
1112 4799 1161 4852 et
1195 4798 1255 4852 in
1307 4815 1395 4852 me
1443 4815 1555 4855 non
1602 4802 1841 4857 inveniet
1885 4805 2016 4875 quid

2187 4801 2296 4857 ίπεν
2331 4800 2358 4854 6
2409 4798 2627 4874 Κύριος·
2664 4795 2984 4871 Ἔρχεταιὸ
3037 4791 3226 4869 ἄρχων
3275 4797 3374 4849 τοῦ
3424 4791 3637 4866 κόσμου
3687 4793 3819 4848 τού-

385 4897 552 4952 quam
583 4884 676 4954 (e),
710 4883 869 4939 verbi
893 4900 1023 4940 esse
1047 4883 1228 4952 dicit;
1261 4886 1585 4958 principem
1611 4894 1804 4945 autem
1836 4895 2016 4948 mund

2186 4912 2268 4960 ου,
2321 4890 2411 4945 καὶ
2462 4889 2511 4941 ἐν
2563 4886 2689 4960 ἐμοὶ
2753 4885 2974 4960 εὑρήσει
3031 4881 3222 4952 οὐδὶν,
3267 4886 3364 4938 τοῦ
3415 4881 3589 4956 λόγου
3646 4882 3818 4960 φησὶν

385 4975 442 5027 et
485 4971 916 5028 diabolicarum
975 4973 1345 5030 voluntatum
1409 4993 1537 5047 quae
1587 4978 1648 5033 in
1699 4979 2017 5038 hominibu:

2182 4982 2309 5036 ἶναι.
2342 4980 2626 5053 ’Δρχοντα
2669 4973 2727 5029 6‘s
2756 4978 2852 5029 τοῦ
2898 4973 3110 5048 κόσμου
3140 4971 3231 5026 καὶ
3269 4975 3378 5026 τῶν
3413 4971 3464 5027 ἐν
3499 4972 3814 5048 ἀνθρώποις

384 5063 522 5114 sunt
551 5061 832 5116 Satanam
865 5062 1025 5130 dicit,
1060 5063 1160 5132 qui
1209 5065 1419 5121 mortis
1473 5067 1790 5139 imperium
1840 5071 2016 5128 habet

2191 5064 2486 5124 ιαϐολικῶν
2538 5064 2930 5140 προαιρέσεων,
2981 5063 3074 5117 τὸν
3131 5065 3366 5116 Σατανᾶν
3417 5058 3586 5134 λέγει,
3617 5062 3711 5116 τὸν
3749 5063 3816 5116 τὸ

385 5148 651 5220 Apostoli
684 5151 998 5214 sententia,
1031 5153 1131 5224 qui
1165 5153 1221 5207 in
1248 5153 1482 5211 Christo
1515 5157 1662 5212 nihil
1695 5176 1814 5215 sum
1858 5163 2017 5217 violat

2177 5159 2348 5235 ιράτος
2400 5153 2598 5231 ἔχοντα
2649 5158 2746 5209 τοῦ
2796 5153 3047 5219 θανάτου,
3097 5151 3234 5205 κατὰ
3297 5152 3391 5206 τὸν
3446 5149 3809 5207 Ἀπόστολον·

385 5238 565 5294 tionis
594 5239 820 5295 invenit
849 5258 861 5308 ;
894 5247 1174 5312 peceatum
1205 5247 1358 5300 enim
1398 5264 1511 5301 non
1541 5251 1672 5318 fecit
1718 5268 1890 5324 neque
1935 5253 2017 5308 ἀοι

2178 5233 2226 5310 ἀς
2259 5246 2310 5301 ἐν
2356 5249 2583 5320 Χριστῷ
2633 5240 2790 5297 οὐδὲν
2835 5248 2937 5310 τῆς
2987 5238 3192 5300 οἷ’κείας
3245 5233 3604 5315 παραϐάσεως
3634 5237 3810 5316 εὗρενο

387 5327 524 5396 tum,
557 5333 624 5384 ut
652 5330 734 5385 ait
763 5330 944 5386 Isaias
1001 5332 1090 5403 (Γ).
1151 5333 1353 5407 Itaque
1396 5337 1579 5393 teneri
1613 5356 1646 5394 a
1678 5347 1864 5396 morte
1918 5359 2019 5398 nor

2188 5337 2415 5412 μαρτίαν
2465 5335 2567 5411 γὰρ
2618 5334 2718 5388 οὑκ
2766 5331 3043 5401 ἐποίησεν,
3090 5326 3215 5384 οὐδὲ
3264 5326 3452 5397 δόλον,
3483 5329 3557 5394 ὡς
3581 5327 3811 5392 Ἡσαΐας

387 5419 638 5488 poterat,
673 5426 734 5474 ut
765 5419 846 5474 ait
879 5421 1121 5490 Petrus;
1156 5425 1254 5479 sed
1283 5426 1468 5495 factus
1496 5431 1576 5483 est
1604 5429 1751 5484 solus
1782 5433 1844 5486 in
1879 5447 2019 5486 mor-

2177 5426 2303 5498 ›ησί.
2353 5426 2444 5480 Διὸ
2493 5423 2583 5478 καὶ
2629 5421 2894 5477 ἀδύνατον
2941 5421 3008 5489 ἦν
3064 5417 3226 5473 αὐτὸν
3277 5418 3380 5474 ὑπὸ
3427 5423 3526 5473 τοῦ
3575 5417 3809 5483 θανάτου

386 5506 500 5560 tuis
532 5505 694 5574 liber,
731 5508 962 5564 Davidis
991 5512 1286 5569 sententia
1313 5512 1420 5586 (g).

2175 5517 2482 5596 ιρατεῖσθαι,
2534 5508 2608 5575 ὥς
2652 5532 2785 5590 φησι
2829 5510 3056 5584 Πέτρου
3110 5506 3236 5596 ἀλλ’
3285 5505 3480 5585 ἀφείθη
3534 5507 3703 5582 μόνος
3754 5509 3807 5565 ἐν

2148 5592 2364 5683 νεκροῖς
2391 5601 2701 5680 ὶλεύθερος,
2733 5599 2872 5656 κατὰ
2899 5598 2989 5655 τὸν
3024 5592 3213 5657 Δαυίδ.

456 5739 525 5812 (ο)
561 5739 730 5799 Joan.
763 5761 876 5820 xxv,
906 5746 994 5803 30.
1095 5747 1165 5820 (Γ)
1193 5750 1326 5820 Cap.
1363 5765 1480 5820 Lm,
1509 5768 1561 5809 v.
1594 5751 1648 5810 9.
1727 5754 1810 5829 (g)
1843 5757 1939 5818 Ps.
1972 5774 2224 5832 LXXXVII,
2253 5755 2309 5811 6.
