4134 6432
310 410 426 466 133

1035 407 1092 459 s.
1133 401 1412 458 MAXIMI
1448 399 1755 456 SCHOLIA
1793 401 1867 452 IN
1907 397 2043 452 LIB.
2084 400 2180 452 na
2230 399 2524 455 BCCLES.
2576 363 3045 460 HiaaARCHIA.

3643 409 3746 464 134

379 531 601 608 §VIII.
632 530 705 584 Τὸ
755 525 1000 600 ἄκοσμον
1051 529 1364 598 κοσμεῖται.
1396 519 1618 590 Ἐπειδὴ
1670 520 1732 574 τὸ
1790 518 1984 608 σκότος

2168 521 2199 594 §
2227 521 2381 578 VIII.
2411 524 2475 580 Id
2506 526 2648 598 quod
2675 532 2884 584 ornatu
2912 530 3156 599 carebat,
3187 533 3750 600 omatur.Quoniam

299 606 453 678 ἆστὶν
489 621 518 674 ὁ
551 618 794 695 ῥυπαρὸς
845 615 988 691 βίος,
1037 615 1174 671 κατᾶ
1215 613 1309 668 τὸν
1340 609 1702 679 Ἀπόστολον,
1735 606 1977 695 ἀκοσμό-

2086 610 2340 667 tenebrae
2364 613 2643 685 quiddam
2668 622 2832 687 sunt,
2866 621 3021 690 quod
3055 622 3308 677 maxime
3330 627 3541 677 ornatu
3569 627 3751 692 caret,

302 710 471 767 τατόν
497 694 558 763 τι
579 707 820 782 ὑπάρχει
853 705 942 760 καὶ
975 701 1216 760 ἀνείδεὸν
1250 701 1417 772 ἐστιν,
1451 701 1557 755 οὐκ
1588 697 1715 774 ἔχον
1742 699 1806 754 τὸ
1838 694 1980 760 εἶδος

2100 700 2351 771 Apostoli
2382 704 2695 771 sententia,
2721 723 2849 778 quae
2892 714 3033 764 sunt
3061 711 3184 767 vita
3218 711 3492 780 sordida;
3533 717 3590 768 et
3622 713 3753 769 sine

303 806 410 857 τοῦ
439 799 586 856 θείου
617 798 975 875 φρονήματος
1006 813 1021 826 ’
1055 791 1407 865 ἀποσκίασμα
1457 790 1560 866 γὰρ
1600 789 1690 845 καὶ
1720 789 1978 864 ἀντίφρα-

303 911 424 966 γμα
479 895 582 958 τῆς
641 886 838 963 ἀρετῆς
892 883 1033 940 ἆστιν
1073 903 1083 915 ·
1119 880 1344 944 εἷκότως
1398 884 1478 952 τῷ
1527 878 1843 966 φωτίσματι
1884 897 1976 930 κο-

307 965 560 1054 σμεῖται,
590 975 683 1032 καὶ
735 972 882 1036 εἶδος
933 971 1151 1048 δέχεται
1202 970 1384 1050 φωτὸς
1435 971 1463 1025 ὁ
1496 967 1763 1042 προσιὼν,
1797 965 1982 1021 τέκνον

305 1071 500 1149 φωτὸς
553 1065 866 1142 γινόμενος,
898 1063 989 1118 καὶ
1046 1063 1264 1136 σπέρμα
1293 1064 1390 1115 τοῦ
1445 1062 1602 1127 Θεοῦ,
1637 1055 1983 1149 δέστιμφως

310 1142 649 1234 δεχόμενος,
678 1153 817 1209 κατᾶ
868 1153 961 1208 τὸν
1015 1156 1157 1216 θεῖον
1192 1149 1472 1219 Ἰωάννην.
1504 1144 1768 1205 Ἀνείδεον
1823 1142 1880 1200 δὲ
1928 1143 1978 1199 ἐν

303 1232 433 1309 τοῖς
467 1249 490 1284 ⁸
523 1243 644 1300 οὖσι
698 1244 763 1298 τὸ
822 1239 1064 1303 δυσειδὶς
1118 1237 1448 1294 ἀπεκάλεσεν
1499 1236 1631 1311 οὐχὶ
1679 1237 1743 1290 τὸ
1803 1232 1979 1295 εἷ’δους

304 1338 494 1405 πάντη
529 1333 833 1409 ἀμέτοχον,
864 1331 1044 1404 ὥσπερ
1084 1330 1173 1384 καὶ
1228 1329 1292 1384 τὸ
1345 1326 1660 1405 δύσμορφον
1711 1322 1984 1386 πολλάκις

309 1425 573 1504 ἄμορφόν
603 1441 804 1502 φαμεν.

389 1697 722 1772 Ἐπιγνῶναι
769 1695 995 1766 νοερῶς.
1029 1690 1172 1765 Ἐγὼ
1224 1690 1319 1762 μὲν
1374 1680 1750 1760 ὑπολαμϐάνω
1800 1687 1988 1756 σκοπῷ

322 1781 817 1860 μετριοφροσύνης,
853 1781 928 1842 ὡς
988 1778 1288 1854 ἀγνοοῦντα
1344 1773 1504 1846 δῆθεν
1562 1780 1838 1843 σιωπῆσαι
1892 1773 1983 1828 τὸν

334 1877 497 1950 μὲγαν
557 1871 867 1928 Διονύσιον.
900 1871 1038 1961 ’Ότι
1078 1868 1172 1941 μὶν
1213 1867 1316 1943 γὰρ
1346 1864 1680 1961 ᾳπνεύματος
1735 1862 1986 1961 προ-γνοῖ)-
2016 1897 2065 1961 Β

329 1987 466 2028 σεως
511 1961 740 2033 ἠξίωτο,
796 1957 969 2029 δῆλον
1021 1957 1073 2011 ὲν
1131 1959 1201 2030 τῇ
1262 1955 1401 2032 πρὸς
1443 1955 1534 2009 τὸν
1595 1950 1988 2028 εὐαγγελιστὴν

325 2055 579 2126 Ἰωάννην
613 2047 885 2122 ἐπιστολῇ
917 2045 1216 2116 πεποίηκεν
1252 2063 1265 2074 “
1303 2044 1457 2116 ὅμως
1487 2043 1648 2098 τοῦτό
1701 2062 1794 2114 μοι.
1840 2038 1989 2095 δοκεῖ

317 2143 642 2214 σημαίνειν,
676 2139 761 2194 ὅτι
790 2139 1028 2214 Χριστοῦ
1064 2132 1265 2190 εὐωδία
1295 2129 1442 2196 ὄντες
1475 2137 1730 2206 πανταχῆ
1784 2131 1836 2185 οἱ
1887 2133 1988 2184 τοῦ

317 2232 472 2296 θείου
506 2228 823 2300 Πνεύματος
871 2225 1200 2299 ἠξιωμᾶνοι,
1232 2224 1322 2278 κοὶ
1380 2222 1666 2282 ἑνωθέντες
1721 2219 1869 2290 αὐτῷ
1917 2222 1985 2292 τῇ

315 2314 661 2395 καθαρότητι
719 2315 859 2372 κατὰ
915 2315 1006 2370 τὸν
1069 2311 1430 2381 Ἀπόστολον,
1492 2309 1832 2366 αἰσθάνονται
1887 2311 1987 2373 τῆς

318 2409 494 2464 αὐτοῦ
548 2406 872 2478 παρουσίας,
904 2402 984 2475 τῷ
1041 2402 1318 2477 γλώσσαις
1377 2398 1586 2466 Λαλεῖν,
1637 2398 1673 2466 ἢ
1722 2417 1991 2474 προφητιο

317 2499 418 2554 κὸν
454 2493 604 2572 ἔχειν
640 2496 914 2570 χάρισμα,
945 2491 981 2561 ἢ
1016 2491 1183 2552 ἰάσεις
1232 2488 1488 2566 ἐνεργεῖν,
1519 2488 1610 2542 καὶ
1659 2485 1758 2542 ὅσα
1788 2484 1838 2540 ἐν
1870 2490 1988 2546 ταῖς

316 2588 562 2662 Ηράξεσι
620 2583 910 2654 δηλοῦται,
967 2580 1059 2636 καὶ
1109 2579 1257 2655 παρὰ
1309 2583 1390 2650 τῷ
1449 2578 1712 2650 θειοτάτῳ
1761 2575 1984 2646 Παύλῳ.

317 2675 551 2736 ’Δλλως
578 2693 592 2708 ·
627 2675 696 2731 Οἱ
726 2672 801 2734 ὡς
841 2668 1202 2742 πνευματικοὶ
1245 2669 1314 2723 τὰ
1357 2667 1697 2740 πνευματικὰ
1739 2669 1990 2725 νοοῦντες

315 2765 413 2820 καὶ
458 2770 582 2826 τοῖς
631 2765 1023 2834 πνευματικοῖς
1070 2757 1466 2832 συγκρίνοντες,
1514 2755 1606 2811 καὶ
1655 2756 1754 2824 τήν
1808 2747 1985 2808 ἔνθεον

315 2855 412 2910 καὶ
470 2852 851 2926 πνευματικὴν
912 2846 1141 2904 εὐωδίαν
1204 2846 1348 2901 οὕτω
1408 2847 1693 2916 νοήσουσι.
1749 2845 1986 2919 Χριστοῦ

320 2946 424 3018 μὲν
471 2943 575 3020 γὰρ
628 2939 858 2996 εὐωδίαν
896 2939 1058 3016 φησὶν
1093 2939 1230 2991 εἷιαι
1260 2932 1502 3002 Παῦλος,
1533 2934 1662 2996 τοὺς
1715 2932 1782 2986 τὰ
1822 2931 1987 3004 εὐαγ-

318 3033 527 3110 γελικὰ
567 3031 961 3105 κηρύττοντας,
993 3025 1070 3087 ὠς
1125 3023 1187 3079 ἐκ
1229 3026 1374 3093 ζωῆς
1421 3025 1522 3091 τῆς
1550 3023 1785 3082 πίστεως
1813 3023 1990 3110 ἠγουέ

322 3108 525 3196 μένους
574 3119 662 3175 ἐπὶ
715 3117 863 3187 ζωήν
910 3117 1010 3184 τήν
1057 3112 1146 3169 διὰ
1201 3112 1576 3188 βαπτίσματος
1638 3111 1847 3185 ἄφεσιν,
1895 3108 1986 3164 καὶ

314 3215 416 3266 τοῦ
472 3207 632 3285 ἁγίου
681 3205 997 3279 Ηνεύματος
1051 3202 1223 3271 δόσιν,
1256 3201 1346 3257 καὶ
1403 3199 1683 3277 βασιλείαν
1737 3199 1982 3285 οὐρανῶν

2091 789 2281 846 forma
2300 795 2459 858 sunt,
2482 808 2618 848 cum
2642 795 2889 852 formam
2913 801 2970 853 et
2991 799 3244 871 speciem
3262 801 3470 856 divinas
3496 803 3749 874 pruden.

2090 879 2183 933 tias
2208 896 2322 936 non
2348 882 2605 938 habeant
2634 901 2647 939 :
2672 885 3006 942 obscuratio
3039 888 3197 944 enim
3248 897 3387 944 sunt
3428 891 3665 946 virtutis
3695 898 3752 948 et

2091 969 2450 1027 ohstructio:
2478 973 2612 1042 jure
2641 991 2708 1030 ac
2741 977 2950 1032 merito
2983 977 3380 1035 illustrations
3408 987 3670 1046 ornatur,
3695 983 3754 1036 et

2093 1059 2348 1127 speciem
2401 1061 2773 1134 formamque
2823 1065 2976 1122 lucis
3029 1067 3242 1140 accipit
3281 1067 3332 1124 is
3365 1069 3465 1140 qui
3498 1070 3568 1123 ad
3604 1069 3752 1141 bap-

2091 1149 2337 1204 tismum
2384 1153 2634 1219 accedit,
2687 1153 2877 1210 factus
2935 1155 3086 1212 lucis
3120 1157 3364 1221 ﬁlius,et
3395 1158 3619 1214 semine
3649 1159 3751 1214 Dei

2094 1238 2249 1310 quod
2282 1237 2381 1294 lux
2399 1245 2489 1296 est
2517 1248 2778 1314 accepto,
2813 1249 2878 1299 ut
2907 1245 2990 1300 ait
3021 1245 3255 1302 divinus
3311 1250 3606 1304 Joannes:
3650 1248 3753 1304 de-

2091 1327 2276 1384 forme
2307 1333 2503 1384 autem
2531 1331 2587 1385 id
2610 1334 2764 1401 quod
2799 1333 2860 1388 in
2885 1335 3060 1389 rebus
3084 1335 3330 1407 pulchra
3354 1341 3513 1391 caret
3534 1336 3753 1408 specie,

2093 1433 2213 1472 rem
2248 1420 2443 1490 specie
2460 1420 2801 1476 destitutam
2833 1424 3094 1491 vocavit;
3123 1441 3241 1480 non
3271 1441 3406 1480 vero
3439 1427 3594 1496 quod
3619 1441 3752 1498 spe-

2094 1507 2200 1562 ciei
2228 1507 2397 1578 plane
2427 1525 2632 1581 expers
2658 1511 2756 1580 sit,
2807 1511 2964 1567 sicut
3011 1512 3158 1568 illud
3191 1515 3347 1586 quod
3381 1519 3472 1570 est
3501 1511 3752 1587 δύσμορ-

2095 1615 2218 1673 φον,
2249 1597 2521 1668 deforme,
2569 1615 2722 1672 saepe
2774 1596 3046 1677 ἄμορφον,
3079 1604 3202 1658 sine
3229 1604 3444 1673 forma,
3475 1603 3754 1660 dicimus.

2164 1687 2511 1758 Spiritatiter
2539 1690 2989 1758 cognoscendum.
3017 1690 3298 1761 Equidem
3335 1691 3606 1748 existimo
3625 1709 3752 1748 mo-

2095 1775 2296 1830 destiae
2346 1793 2525 1833 causa
2562 1778 2732 1849 quasi
2786 1779 3158 1851 ignorantem
3216 1781 3441 1837 scilicet
3495 1782 3754 1838 tacuisse

2097 1882 2374 1936 magnum
2398 1867 2498 1923 62
2524 1867 2881 1940 Dionysium.
2913 1873 2984 1924 8e
3012 1869 3170 1926 enim
3205 1869 3414 1941 spiritu
3446 1873 3754 1942 praanotio-

2097 1955 2190 2009 nis
2204 1955 2791 2027 dignumjudicatum
2817 1973 2969 2025 esse,
2995 1957 3236 2030 planum
3263 1960 3397 2015 fecit
3420 1959 3478 2015 in
3502 1961 3754 2031 epistola

2098 2044 2166 2099 ad
2191 2044 2481 2100 Joannem
2515 2046 2965 2118 evangelistam.
3002 2051 3117 2102 Hoc
3147 2053 3346 2103 tamen
3389 2049 3532 2104 mihi
3563 2049 3752 2122 signi-

2097 2134 2270 2188 ﬁcare
2294 2133 2546 2198 videtur,
2579 2151 2711 2190 cum
2747 2135 2962 2191 Christi
3003 2137 3194 2192 bonus
3226 2137 3374 2192 odor
3400 2138 3524 2193 sint
3554 2138 3616 2204 ii,
3649 2139 3751 2210 qui

2097 2223 2360 2278 divinum
2391 2223 2669 2295 Spiritum
2690 2231 3062 2296 acceperunt,
3096 2230 3154 2282 et
3184 2227 3478 2297 conjuncti
3529 2227 3581 2283 ei
3631 2227 3752 2284 sint

2098 2313 2376 2383 puritate,
2427 2312 2692 2384 Apostoli
2746 2314 3059 2380 sententia,
3116 2315 3277 2386 ipsos
3327 2317 3457 2385 ejus
3504 2332 3757 2387 praasen-

2096 2401 2236 2456 tiam
2270 2400 2672 2473 sentire,quod
2699 2401 3753 2477 linguisloquantur,etpropheticum

2098 2507 2318 2546 munus
2341 2490 2681 2559 habeant,et
2700 2499 2909 2547 curent
2932 2493 3254 2562 morbos,et
3283 2494 3483 2550 omnia
3512 2494 3751 2564 faciant,

2098 2598 2226 2652 quae
2260 2581 2322 2636 in
2367 2581 2530 2636 Actis
2581 2581 2982 2653 apostolorum
3039 2582 3438 2652 declarantur,
3489 2590 3547 2639 et
3594 2587 3751 2658 apud

2095 2669 2508 2728 beatissimum
2542 2669 2812 2726 Paulum.
2849 2672 3064 2727 Aliter:
3115 2673 3224 2737 Qui
3263 2678 3328 2728 ut
3358 2673 3654 2746 spiritales
3684 2692 3753 2732 ea

2097 2769 2224 2832 quis
2256 2759 2502 2831 spiritus
2534 2764 2673 2813 sunt
2705 2759 3048 2832 intelligunt
3078 2767 3134 2816 et
3164 2761 3576 2833 spiritualibus
3597 2780 3755 2820 com‘

2096 2853 2326 2920 parant,
2357 2853 2414 2903 et
2444 2848 2482 2902 ii
2515 2847 2772 2903 divinam
2833 2850 3012 2904 etiam
3065 2849 3514 2922 spiritalemque
3555 2853 3754 2909 odoris

2096 2939 2442 2994 suavitatem
2478 2939 2559 2993 ita
2581 2937 3340 3011 intelligent.Christianum
3365 2941 3586 2997 bonum
3609 2943 3751 2998 odo-

2095 3045 2218 3084 rem
2237 3028 2379 3082 dicit
2409 3025 2624 3082 Paulus
2654 3044 2860 3083 omnes
2893 3044 3022 3084 esse
3054 3029 3156 3100 qui
3187 3029 3524 3101 evangelica
3546 3032 3754 3102 praedi-

2095 3115 2496 3187 cant;quippe
2519 3115 2617 3187 qui
2637 3132 2706 3171 ex
2720 3115 2840 3171 vita
2856 3115 2988 3172 ﬁdei
3011 3118 3080 3173 ad
3106 3117 3281 3174 vitam
3312 3120 3658 3190 perducant,
3696 3127 3754 3176 et

2096 3207 2507 3264 remissionem
2526 3223 2654 3277 quae
2679 3207 2739 3263 ﬁt
2762 3224 2863 3278 per
2877 3208 3261 3279 baptismum,
3286 3209 3475 3265 sancti
3498 3210 3754 3282 Spiritus

332 3265 337 3266 ⁷
364 3265 369 3266 7
519 3265 532 3285 ι
827 3265 838 3279 Ι
984 3265 994 3268 “
1211 3265 1220 3271 '
1403 3265 1413 3277 ι
1809 3265 1818 3274 ι

318 3299 392 3355 δι’
425 3295 604 3374 ἔργων
635 3299 976 3368 θεοπρεπῶν,
1009 3295 1117 3348 τῶν
1157 3291 1247 3347 καὶ
1299 3288 1524 3353 εὐωδίας
1570 3295 1774 3359 νοητῆς
1814 3284 1980 3342 ὄντων

2100 3297 2466 3369 largitionem
2519 3312 2885 3368 regnumque
2920 3297 3197 3352 cmlorum
3227 3315 3331 3370 per
3352 3315 3529 3369 opera
3558 3298 3756 3354 divina

319 3387 633 3458 δηλοῦντας
667 3403 680 3420 ·
714 3383 834 3449 ὅθεν
869 3382 1070 3462 φιάλας
1104 3379 1461 3455 θυμιαμάτων
1519 3379 1714 3452 μεστὰς
1754 3377 1853 3439 τὰς
1901 3375 1990 3430 εὐ-

321 3480 430 3555 χὰς
489 3481 604 3532 τῶν
664 3473 891 3530 δικαίων
942 3470 1204 3540 Ἰωάννης
1253 3472 1281 3525 ὁ
1326 3474 1470 3534 θεῖος
1529 3466 1580 3522 ἐν
1615 3465 1992 3540 Ἀποκαλύψει

323 3571 524 3641 θεωρεῖ
555 3570 597 3623 ⁹.
632 3562 879 3621 Δυσωδία
910 3560 969 3618 δὲ
994 3566 1093 3618 τοῦ
1143 3556 1411 3616 διαϐὅλου
1458 3561 1527 3614 τὰ
1571 3565 1672 3627 τῆς
1725 3556 1992 3632 ἁμαρτίας

323 3659 463 3713 εἰσὶν
517 3652 672 3730 ἔργα,
705 3654 781 3715 ὠς
839 3652 930 3708 καὶ
990 3650 1042 3707 ἰν
1102 3649 1364 3724 Ψαλμοῖς
1414 3647 1625 3724 εἷ’ρηται
1655 3665 1668 3679 ·
1703 3647 1993 3723 Προσώζε-

327 3768 424 3800 σαν
495 3745 590 3800 καὶ
666 3743 943 3814 ἐσάπησαν
1023 3741 1075 3796 οὶ
1137 3737 1413 3814 μώλωπες
1484 3757 1590 3810 μου
1647 3735 1757 3791 ἀπὸ
1821 3756 1991 3812 προσ-

341 3836 494 3888 ώπου
544 3840 646 3904 τῆς
707 3830 1016 3910 ἀφροσύνης
1081 3849 1206 3903 μου,
1261 3827 1505 3882 τουτέστι
1570 3831 1672 3895 τῆς
1725 3823 1994 3898 ἁμαρτίας

333 3945 468 3997 μου.
501 3924 596 3978 Διὸ
647 3920 740 3976 καὶ
779 3922 807 3975 ὁ
839 3919 1073 3994 Χριστὸς
1122 3917 1295 3992 μύρον
1346 3914 1632 3979 ἐκκενωθὲν
1663 3914 1998 3989 κεγρησμῲ-

325 4011 491 4084 δηται
529 4033 543 4045 ·
600 4011 694 4067 καὶ
753 4008 1097 4088 ὀσφραίνεται
1157 4008 1336 4080 ὀσμήν
1392 4001 1623 4067 εὐωδίας
1682 4003 1879 4079 Κύριος
1940 4002 1992 4056 ἰν

318 4107 393 4177 τῇ
452 4105 746 4179 προσφορᾷ
800 4102 898 4154 τοῦ
954 4096 1168 4152 δικαίου
1237 4099 1376 4150 Νῶε.
1439 4095 1708 4150 Ἐντεῦθεν
1786 4093 1876 4147 καὶ
1931 4093 1993 4146 τὸ

318 4191 669 4268 Εὐαγγὲλιον
695 4193 816 4251 τοῖς
851 4188 946 4262 μὲν
985 4186 1132 4261 ὀσμή
1165 4188 1360 4260 [anim
1393 4189 1512 4248 τοῖς
1540 4188 1757 4245 πιστοῖς
1789 4179 1994 4252 δηλον-

319 4281 408 4336 ότι
445 4298 460 4313 ’
497 4283 618 4342 τοῖς
648 4275 706 4333 δὲ
736 4276 1008 4350 ἀπίστοις]
1043 4273 1294 4341 θανάτου,
1327 4272 1444 4328 ἀντὶ
1473 4276 1570 4327 τοῦ
1599 4276 1714 4334 τοῖς
1746 4270 1995 4333 ἀπίστοις

311 4371 411 4426 καὶ
443 4362 718 4436 ἀσεϐέσιν,
745 4365 891 4439 ὀσμὴ
927 4363 1096 4419 πάλιν
1127 4363 1204 4426 είς
1233 4362 1453 4416 θάνατον
1501 4360 1724 4435 γίνεται,
1757 4357 1991 4435 ἐλέγχον

313 4460 391 4514 τά
421 4454 583 4534 ἔργα,
615 4457 706 4511 καὶ
736 4459 1058 4529 κατακρῖνον
1088 4451 1166 4514 εἰς
1191 4451 1427 4527 γέενναν,
1459 4450 1519 4505 ’ὸν
1559 4450 1760 4524 τρόπον
1811 4448 1901 4503 καὶ
1931 4450 1994 4503 τὸ

315 4548 602 4622 ἐξαίρετον
663 4546 803 4600 πάνυ
867 4543 1036 4618 μύρον
1093 4541 1231 4596 κατὰ
1278 4539 1474 4595 ταύτὸν
1522 4537 1612 4593 καὶ
1671 4539 1992 4614 ἀνθρώπους

2101 3401 2301 3441 eorum
2325 3384 2426 3456 qui
2459 3385 2593 3441 boni
2620 3385 2816 3440 odoris
2839 3387 3326 3453 sunt,declarant.
3355 3388 3498 3443 Hinc
3524 3386 3754 3460 phialas

2099 3475 2474 3530 incensorum
2508 3475 2753 3530 odorum
2791 3474 3016 3546 plenas,
3048 3493 3248 3546 preces
3271 3478 3574 3548 justorum
3604 3477 3757 3532 divi-

2102 3581 2214 3620 nus
2243 3564 2504 3619 Joannes
2538 3563 2593 3618 in
2628 3563 2978 3636 Apocalypsi
3009 3565 3166 3620 videt
3199 3565 3297 3637 (ἡ).
3341 3567 3515 3621 Teter
3555 3570 3755 3621 autem

2103 3653 2319 3710 diaboli
2354 3654 2498 3708 odor
2520 3657 2661 3707 sunt
2680 3669 2857 3724 opera
2879 3653 3196 3725 pecoati,ut
3212 3654 3390 3710 etiam
3425 3654 3484 3709 in
3507 3655 3760 3712 Psalmis

2103 3743 2323 3798 dictum
2346 3746 2433 3798 est
2459 3759 2471 3798 ε
2500 3745 2850 3798 Putruerunt
2874 3751 2926 3798 et
2979 3747 3255 3815 corrupta
3301 3748 3430 3799 sunt
3473 3745 3763 3800 cicatrices

2101 3849 2235 3888 mem
2255 3849 2288 3886 a
2314 3833 2458 3903 [acie
2487 3833 2830 3903 insipientia
2858 3849 2996 3887 mea
3022 3833 3104 3902 (ἰ),
3127 3833 3185 3887 id
3210 3836 3301 3889 est
3349 3834 3570 3904 peccati
3621 3833 3757 3889 mei.

2104 3923 2308 3993 Itaque
2329 3920 2598 3976 Christus
2622 3925 2992 3992 unguentum
3017 3921 3271 3976 effusum
3297 3922 3368 3976 ab
3389 3921 3626 3977 oraculo
3658 3939 3760 3976 vo-

2103 4015 2275 4066 catus
2306 4013 2416 4076 est,
2444 4013 2502 4064 et
2529 4010 2812 4064 odoratus
2845 4009 3082 4064 odorem
3125 4010 3433 4066 suavitatis
3474 4010 3763 4066 Dominus

2104 4099 2164 4152 in
2211 4098 2360 4169 justi
2407 4097 2526 4153 Noe
2562 4096 2858 4152 oblatione
2895 4103 2952 4153 et
3004 4098 3317 4155 sacriﬁcio.
3369 4099 3514 4154 Hinc
3562 4104 3758 4154 autem

2101 4185 2484 4258 Evangelium
2518 4186 2650 4242 aliis
2701 4188 2941 4258 quidem
2975 4187 3120 4243 odor
3158 4192 3250 4244 est
3277 4189 3455 4256 [vitaa,
3486 4188 3762 4244 videlicet

2104 4275 2379 4331 ﬁdelibus
2396 4293 2408 4341 ;
2425 4279 2513 4331 est
2527 4279 2723 4330 autem
2744 4275 3109 4348 inﬁdelibus]
3133 4278 3470 4348 mortis,pro
3489 4294 3502 4332 ε
3521 4277 3762 4349 perfidis

2102 4365 2380 4437 etimpiis
2408 4383 2420 4432 ;
2452 4363 2583 4420 odor
2639 4381 2865 4419 rursum
2912 4368 3105 4421 mortis
3162 4374 3242 4422 est
3272 4383 3527 4438 arguens
3562 4382 3761 4436 opera,

2103 4455 2507 4510 condemnans
2537 4470 2706 4525 poena
2736 4455 3553 4527 gehennae,quemadmodum
3585 4455 3758 4510 etiam

2103 4544 2384 4600 eximium
2409 4549 2780 4615 unguentum
2813 4544 3017 4600 eadem
3043 4561 3112 4600 ex
3135 4549 3299 4615 parte
3320 4548 3378 4599 et
3407 4543 3678 4599 homines
3700 4543 3760 4598 in

315 4631 514 4707 ἡδῦνει
569 4633 663 4689 καὶ
723 4632 952 4709 χοίρους
999 4631 1229 4706 ἀναιρεῖ,
1264 4630 1328 4684 οὐ
1370 4629 1626 4706 φέροντας
1666 4629 1766 4696 τήν
1821 4627 1984 4703 ἄκραν

2100 4633 2390 4690 suavitate
2417 4637 2608 4688 movet
2656 4637 2713 4688 et
2764 4648 2902 4687 sues
2951 4633 3260 4698 interimit,
3313 4633 3411 4701 qui
3460 4649 3760 4688 summam

317 4723 586 4782 εὐωδίαν.
643 4726 828 4780 Ταῦτα
883 4721 1135 4782 πλατέως
1193 4718 1342 4793 λέγει
1402 4718 1550 4773 κάτω
1605 4716 1656 4772 ἐν
1707 4716 1989 4796 κεφαλαίῳ

319 4816 575 4890 τετάρτῳ
605 4812 684 4874 εἷς
711 4812 775 4867 τὸ
807 4810 998 4886 μύρον.

658 4931 755 4988 Ἐκ
781 4934 890 4985 τῶν
922 4926 1309 4984 ἆποστολικῶν
1344 4922 1658 4999 διατάξεων.

395 5042 556 5096 Ἐστι
586 5035 766 5093 τοίνυν
797 5037 862 5092 τὸ
899 5036 995 5110 μὶν
1031 5036 1315 5111 βάπτισμα
1353 5032 1430 5096 είς
1477 5033 1566 5088 τὸν
1615 5031 1835 5096 θάνατον
1893 5036 1992 5088 τοῦ

321 5130 533 5206 Κυρίου
594 5123 880 5200 διδόμενον
916 5143 930 5156 ⁶
962 5125 1026 5180 τὸ
1078 5121 1136 5179 δὲ
1189 5120 1335 5199 ὕδωρ
1386 5121 1503 5177 ἀντὶ
1542 5128 1643 5192 τῆς
1673 5128 1851 5198 ταφῆς
1883 5142 1895 5154 ·
1929 5123 1992 5177 τὸ

322 5216 519 5276 ἔλαιον
552 5215 671 5273 ἀντὶ
699 5220 798 5271 τοῦ
830 5213 1149 5288 Πνεύματος
1177 5216 1272 5268 τοῦ
1304 5211 1461 5286 ἁγίου
1494 5231 1506 5243 ο
1544 5213 1578 5282 ἡ
1613 5212 1838 5286 σφραγὶς
1874 5210 1995 5267 ἀντὶ

317 5313 423 5366 τοῦ
457 5310 697 5380 σταυροῦ
729 5325 742 5338 ο
776 5303 840 5359 τὸ
870 5303 1039 5378 μύρον
1076 5298 1368 5379 βεϐαίωσις
1393 5308 1496 5372 τῆς
1528 5300 1849 5378 ὁμολογίας.

389 5489 477 5563 (h)
503 5492 681 5562 Apoc.
703 5504 761 5555 ν,
781 5487 836 5542 8.
891 5485 957 5559 (ἰ)
977 5483 1134 5543 Psal.
1155 5501 1396 5554 mvm,
1420 5485 1476 5541 6.

2097 4723 2296 4778 odoris
2327 4722 2678 4777 suavitatem
2712 4739 2828 4778 non
2864 4722 3071 4778 ferant.
3107 4721 3234 4777 Haec
3267 4723 3458 4779 fusius
3488 4728 3545 4777 et
3575 4721 3761 4794 pluri-

2097 4813 2210 4869 bus
2231 4811 2377 4867 dicit
2406 4812 2558 4867 infra
2577 4810 2637 4867 in
2661 4816 2873 4884 quarto
2899 4811 3088 4884 capite
3122 4812 3194 4867 de
3226 4815 3543 4883 unguento.

2455 4930 2540 4983 Ea:
2557 4928 2878 4999 apostolicis
2900 4928 3404 4984 constitutionibus.

2171 5035 2275 5091 Est
2303 5050 2440 5106 ergo
2480 5034 2818 5106 baptismus
2870 5033 3080 5091 mortis
3133 5033 3362 5090 Domini
3409 5032 3535 5089 loco
3569 5033 3763 5099 datus,

2102 5141 2255 5194 aqua
2286 5140 2389 5196 pro
2418 5122 2762 5194 sepultura;
2799 5123 2994 5178 oleum
3029 5141 3132 5196 pro
3162 5123 3382 5196 Spiritu
3420 5127 3658 5192 sancto;
3685 5122 3766 5178 si-

2102 5230 2287 5286 gnum
2328 5230 2431 5285 pro
2463 5228 2632 5269 cruce
2660 5231 2675 5282 ;
2699 5218 3092 5286 unguentum,
3117 5213 3509 5270 confessionis
3548 5214 3765 5270 confir-

2107 5303 2312 5360 matio.

1361 5653 1604 5712 VARIIE
1644 5653 2040 5713 LECTIONES
2078 5652 2170 5710 ET
2207 5649 2752 5711 CORREGTIONES

402 5752 427 5787 ⁸
459 5745 707 5810 τούτοις.
786 5747 809 5783 ⁹
848 5743 968 5820 ὁρᾷ.
