4134 6390
390 375 496 433 135
1215 334 1577 430 APPENDIX
1614 377 1713 430 AD
1750 375 1992 430 OPERA
2027 374 2084 428 S.
2129 373 2442 428 DIONYSII
2485 372 2991 428 AREOPAGITE.
3715 373 3820 427 136

1013 499 1088 555 IN
1129 498 1286 555 CAP.
1322 499 1420 555 III.
2077 498 2134 565 Α

2077 498 2134 565 Α
2657 499 2772 550 ΕΙΣ
2813 496 2907 552 ΤΟ
2947 496 3208 552 ΚΕΦΑΛ.
3251 497 3321 549 Ιν.

458 597 502 648 Ι.
535 595 940 664 Ρνιτεσεριονεηι
970 593 1466 646 sacramentorum.
1501 589 1784 646 Sanctum
1838 588 2038 645 Iliero—

2223 590 2268 642 I.
2297 583 2661 660 Καθηγεμόνα
2701 581 2958 642 τελετῶν.
3008 584 3112 638 Τὸν
3163 584 3311 660 ἅγιον
3339 583 3597 660 Ἰερόθεον
3647 582 3816 660 λέγει.

383 683 591 740 theum
623 680 920 753 intelligit.

454 773 648 830 Sacrae
678 773 794 840 eius
826 769 1216 842 descriptionis
1249 771 1625 840 interpretem.
1657 770 1720 825 Id
1753 773 1844 825 est
1874 785 2044 826 sacra

2225 765 2304 840 [α]
2359 768 2766 841 Ιερογραφικῶς
2841 763 3150 837 ἐκθέμενον.
3209 760 3462 817 Τουτὲστι
3520 761 3660 818 κατᾶ
3715 763 3821 834 τὴν

383 862 781 934 descriptione
811 877 1014 916 eorum
1039 877 1169 932 quze
1197 863 1398 914 sancte
1429 859 1793 915 efﬁciuntur.

2153 856 2301 930 ἱερὰν
2337 852 2642 932 διαγραφὴν
2675 859 2783 908 τῶν
2818 852 3070 930 ἐμφανῶς
3109 851 3482 924 τελουμένων.

457 953 785 1008 Commune.
821 951 920 1005 Est
951 967 1055 1022 per
1086 948 1394 1020 praesentis
1421 949 1828 1004 emissionem.

2226 944 2304 1000 Τὸ
2371 944 2580 999 κοινόν.
2644 943 2790 999 Κατὰ
2873 939 3204 1018 παράλειψιν
3284 937 3383 995 τοῦ
3470 938 3824 1016 ὑπάρχοντός

2155 1032 2289 1089 ἐστι.

455 1135 557 1190 03
592 1132 930 1188 Communia.
967 1130 1048 1184 De
1079 1130 1516 1185 communione.

2339 1120 2606 1178 Κοινωνία
2634 1143 2713 1178 τε.
2748 1120 2880 1196 Περὶ
2913 1118 3216 1182 κοινωνίας.

456 1225 734 1295 Per/eclio
763 1238 850 1277 ex.
911 1220 1037 1276 Non
1081 1236 1257 1292 posse
1314 1220 1641 1291 quidquam
1687 1219 1888 1292 perlici
1921 1220 2048 1276 sine

2227 1214 2288 1268 Ἡ
2339 1211 2619 1274 τελείωσις
2673 1211 2733 1266 ἐκ
2776 1216 2908 1267 τῶν.
2959 1211 3082 1267 ’Ότι
3128 1207 3388 1264 ἀδύνατον
3447 1206 3738 1278 τελεθῆναι
3779 1209 3829 1245 ¹⁰

385 1311 825 1369 communione.

2158 1299 2290 1377 δίχα
2317 1308 2418 1371 τῆς
2456 1300 2841 1376 μεταλήψεως.

451 1406 512 1459 In
545 1403 744 1474 capite.
783 1400 841 1455 Id
877 1403 969 1455 est
1000 1399 1253 1454 maxime
1285 1398 1622 1454 necessaria
1655 1398 1902 1454 ratione.

2229 1393 2316 1446 ’Ev
2346 1390 2647 1464 κεφαλαίῳ.
2681 1387 2962 1445 Τουτέστιν
2993 1386 3401 1464 ἀναγκαιοτάτῳ
3435 1385 3607 1463 λόγῳ.

450 1493 777 1563 lmper/ecta
805 1489 1047 1562 quidem.
1077 1487 1311 1544 Nullam
1332 1489 1596 1559 synaxim
1622 1489 1899 1559 perﬁcere
1922 1487 2050 1545 sine

2229 1480 2462 1550 Ἀτελής
2520 1479 2635 1554 μέν.
2692 1482 2810 1534 Ὅτι
2889 1476 3123 1552 οὐδεμία
3181 1476 3394 1548 σύναξις
3445 1474 3833 1553 τελεσιουργεῖ

384 1580 825 1638 communione.

2159 1568 2291 1646 δίχα
2320 1577 2420 1641 τῆς
2455 1567 2841 1644 μεταλήψεως.

452 1673 525 1725 Et
553 1675 737 1740 caput.
795 1669 986 1737 Atque
1041 1665 1150 1720 hoc
1209 1665 1388 1720 etiam
1449 1664 1576 1722 loco
1605 1664 1667 1719 τό
1725 1663 2045 1743 κεφάλαιον,

2231 1661 2325 1715 Καὶ
2358 1661 2421 1715 τὸ
2450 1658 2768 1736 κεφάλαιον.
2805 1657 2903 1713 Καὶ
2934 1656 3160 1722 ἐνταῦθα
3180 1657 3242 1712 τὸ
3271 1655 3565 1735 κεφάλαιον
3599 1655 3688 1712 ἐπὶ
3717 1661 3827 1711 τοῦ

320 1812 324 1816 ,
382 1766 570 1831 caput,
603 1774 706 1829 pro
741 1756 1074 1812 necessario
1105 1759 1165 1810 et
1197 1755 1494 1827 praecipuo
1526 1760 1836 1828 acceptum
1863 1761 1952 1812 est

1526 1760 1836 1828 acceptum
1863 1761 1974 1812 est.
2159 1751 2452 1827 ἀναγκαίου
2479 1749 2568 1806 καί
2600 1751 2818 1826 καιρίου
2851 1749 3135 1821 εἴληπται.

452 1849 764 1917 Cognomen
795 1846 928 1916 ipsi.
961 1844 1078 1899 Cur
1110 1843 1430 1899 illustratio
1472 1844 1724 1913 dicatur,
1783 1852 1842 1900 et
1893 1849 2084 1942 recte}

2231 1839 2579 1915 Ἐπωνυμίαν
2613 1841 2773 1914 αὐτῇ.
2809 1840 2907 1894 Διὰ
2932 1839 2985 1894 τί
3018 1838 3234 1914 λὲγεται
3268 1839 3546 1916 φώτισμα,
3586 1839 3678 1892 καὶ
3731 1836 3827 1894 ὅτι

378 1937 461 1993 ita
492 1935 628 1991 dici.

2075 1930 2122 1942 ”
2156 1930 2400 1993 δικαίως.

446 2028 538 2081 Εα
567 2027 781 2097 cﬂectu.
823 2023 891 2078 Et
922 2022 1016 2078 hic
1048 2039 1152 2094 per
1213 2022 1606 2079 emissionem
1667 2023 1827 2078 verbi
1862 2021 2039 2097 ὑπάρ-

2220 2023 2314 2078 Ἑκ
2343 2025 2440 2076 τοῦ
2468 2018 2827 2093 τελουμένου.
2863 2018 2965 2076 Καὶ
3016 2017 3245 2082 ἐνταῦθα
3291 2018 3428 2073 κατὰ
3475 2017 3813 2094 παράλειψιν

376 2133 496 2189 χειν
514 2113 820 2183 accipitur.

2147 2115 2244 2166 τοῦ
2281 2109 2545 2185 ὑπάρχειν
2580 2111 2645 2164 λα
2656 2103 2794 2181 μϐάν
2804 2128 2939 2164 εται.

454 2205 522 2259 II.
559 2205 818 2271 Pontifex
839 2203 1086 2272 quidem.
1104 2201 1258 2257 Ordo
1281 2202 1375 2256 hic
1400 2203 1588 2256 Patris
1612 2201 1791 2273 hujus
1813 2207 2038 2274 tempo-

2226 2203 2298 2257 ΙΙ.
2327 2201 2388 2257 Ὁ
2423 2200 2516 2272 μὲν
2549 2199 2838 2272 ἱεράρχης.
2869 2201 2926 2253 Ἣ
2955 2197 3101 2270 τάξις
3144 2196 3277 2266 αὕτη
3331 2195 3382 2250 ἰν
3429 2200 3547 2260 τοῖς
3577 2195 3816 2272 χρόνοις

378 2295 549 2350 ribus
579 2294 1007 2349 observabatur
1034 2293 1304 2348 fortassis
1335 2293 1392 2347 in
1425 2291 1687 2347 ecclesiis
1737 2309 1865 2364 quae
1915 2293 2010 2349 loc.

2188 2295 2246 2345 οὗ
2276 2289 2485 2364 Πατρὸς
2519 2285 2866 2342 ἐπολιτεύετο
2897 2285 3028 2348 ἴσως
3070 2283 3123 2340 ἐν
3171 2289 3290 2347 ταῖς
3339 2284 3476 2339 κατᾶ
3517 2284 3685 2339 τόπον
3730 2283 3820 2339 ἐκ·

379 2383 481 2439 illa
509 2383 792 2438 distincta
821 2381 1066 2453 (quibus
1088 2381 1312 2437 scilicet
1341 2381 1862 2452 distinguebantur
1894 2392 2044 2438 cale-
2151 2378 2430 2450 κλησίαις.

377 2472 681 2540 chumeni,
716 2472 1097 2543 energumeni
1130 2475 1189 2526 et
1246 2472 1596 2544 poenitentes
1652 2489 1685 2527 a
1743 2471 1990 2545 reliquis
2045 2470 2498 2546 separabantur)
2557 2467 2876 2524 habebant.
2927 2465 3080 2538 (Hinc
3111 2465 3269 2522 enim
3293 2463 3496 2521 omnia
3541 2479 3645 2537 per
3674 2462 3822 2518 κατά

378 2560 546 2614 τόπον
581 2560 905 2632 signiﬁcari
938 2560 1084 2616 mihi
1117 2561 1488 2633 persuadeo.)

449 2653 758 2706 Sacrorum
813 2650 1082 2706 codicum.
1126 2651 1301 2705 Sacre
1345 2650 1594 2723 scriptos
1645 2651 1829 2708 libros
1873 2655 2042 2708 vocat

2221 2647 2597 2724 Ἃγιογράφων
2651 2643 2878 2702 δέλτων.
2928 2644 3331 2721 Ἀγιογράφους
3377 2639 3603 2706 δέλτους
3651 2640 3825 2698 καλεῖ

377 2740 562 2797 Vetus
591 2744 942 2812 Novumque
963 2740 1427 2795 Testamentum.

2147 2740 2249 2810 τὴν
2277 2736 2520 2792 Παλαιὰν
2555 2735 2646 2790 καὶ
2675 2735 2775 2803 τὴν
2800 2735 2939 2790 Νέαν
2975 2734 3270 2802 Διαθήκην.

450 2833 676 2886 Etcum
706 2831 779 2885 iis
809 2832 1189 2899 encrgumeni.
1231 2830 1289 2885 Id
1317 2835 1407 2885 est
1447 2832 1518 2886 ab
1552 2829 1881 2885 immundis
1913 2830 2041 2903 spi-

2222 2827 2319 2882 Καί
2352 2826 2489 2901 πρὸς
2519 2823 2706 2886 αὐτοῖς
2735 2821 3132 2900 ἐνεργούμενοι.
3166 2822 3458 2877 Τουτιστιν
3494 2822 3597 2877 ὑπὸ
3646 2841 3816 2877 πνευ-

383 2920 598 2976 ritibus
630 2919 845 2974 vexati.

2153 2916 2336 2990 μάτων
2370 2915 2687 2991 ἀκαθάρτων
2698 2956 2709 2969 .

451 3011 624 3066 Porro
646 3010 1058 3064 ministrorum.
1121 3009 1423 3066 Ministros
1480 3010 1625 3065 dicit
1671 3009 1951 3065 diaconos
1983 3015 2041 3066 et

2219 3009 2336 3060 Τῶν
2383 3003 2712 3078 λειτουργῶν
2775 2998 2851 3057 δέ.
2901 3000 3267 3076 Λειτουργούς
3318 3021 3452 3077 φησι
3511 3001 3641 3056 τοὺς
3693 2997 3816 3056 δια-

383 3114 484 3154 eos
517 3097 620 3170 qui
650 3115 808 3152 nunc
839 3097 1188 3153 subdiaconi
1219 3103 1523 3153 vocantur.

2147 3095 2365 3164 κόνους,
2397 3091 2488 3147 καὶ
2519 3091 2648 3153 τοὺς
2679 3095 2770 3144 νῦν
2807 3088 3203 3154 ὑποδιακόνους
3233 3089 3586 3166 λεγομένους.

454 3187 676 3242 Setecti.
708 3185 938 3256 Selecti,
965 3187 1136 3259 primi
1160 3187 1390 3242 diaconi
1417 3207 1431 3256 ;
1457 3188 1794 3244 sacerdotes
1815 3191 2036 3259 autem,

2221 3186 2525 3258 Ἑκκριτοι.
2559 3183 2839 3256 Ἕκκριτοι
2877 3181 2929 3234 οἱ
2980 3183 3192 3254 πρῶτοι
3242 3177 3505 3248 διάκονοι,
3538 3180 3705 3257 ἱερεῖς
3755 3177 3817 3235 δὶ

380 3275 735 3349 presbyteri.

2065 3301 2108 3370 ρ
2151 3276 2202 3330 οἱ
2229 3267 2609 3345 πρεσϐύτεροι.

451 3373 793 3438 Proponunt.
842 3365 960 3422 Hoc
1010 3367 1340 3422 secundum
1392 3367 1880 3422 consuetudinem
1905 3383 2036 3438 quae
2070 3356 2083 3368 ’

2222 3362 2562 3439 Προτιθέασι.
2625 3363 2798 3416 Τοῦτο
2865 3359 3002 3414 κατὰ
3066 3360 3168 3428 τὴν
3223 3358 3274 3413 ἐν
3332 3356 3523 3433 Ῥώμῃ
3576 3363 3813 3435 κρατοῦ-

379 3457 578 3514 Romas
609 3455 790 3528 viget.
824 3454 948 3510 Illic
979 3454 1135 3510 enim
1170 3461 1395 3526 septem
1426 3455 1535 3511 soli
1585 3456 1817 3512 diaconi
1866 3455 2011 3512 altar

2183 3474 2240 3508 αν
2295 3452 2603 3522 συνήθειαν.
2650 3451 2796 3506 Ἐκεῖ
2852 3449 2954 3524 γὰρ
3016 3448 3152 3502 ἑπτὰ
3217 3449 3376 3522 μόνοι
3427 3445 3673 3503 διάκονοι
3732 3453 3815 3522 τῷ

382 3544 739 3611 inserviunt,
799 3561 951 3616 quos
1004 3545 1274 3613 selectos,
1337 3545 1609 3612 arbitror,
1647 3545 2014 3612 vocat;alio:

2183 3541 2518 3616 υσιαστηρίῳ
2549 3537 2982 3613 λειτουργοῦσιν,
3017 3535 3108 3600 οὓς
3156 3536 3458 3613 ἐκκρίτους,
3499 3539 3680 3610 οἶμαι,
3709 3558 3815 3593 κα-

375 3651 512 3690 vero
545 3633 780 3705 aliquod
815 3633 974 3689 aliud
1013 3650 1278 3689 exercere
1327 3634 1744 3702 ministerium,
1794 3639 1852 3690 et
1899 3640 2007 3690 not;

2186 3635 2234 3686 εῖ
2269 3649 2281 3662 ’
2314 3627 2442 3690 τοὺς
2473 3624 2530 3682 δὲ
2560 3624 2766 3690 ἄλλους
2796 3626 2974 3697 ἄλλην
2999 3626 3121 3680 τινὰ
3149 3625 3388 3682 ἐκτελεῖν
3423 3625 3774 3701 λειτουργίαν
3797 3646 3811 3662 ο

377 3723 557 3780 etiam
591 3739 658 3778 ex
689 3723 799 3778 hoc
847 3722 974 3779 loco
1035 3723 1445 3794 antiquitatem
1509 3723 1717 3794 Patris,
1771 3728 1830 3778 et
1877 3739 2009 3794 qum

2177 3720 2234 3774 ai
2268 3717 2574 3790 σημείωσαι
2605 3716 2888 3780 κάντεῦθεν
2918 3716 3010 3770 τὸν
3044 3715 3354 3792 ἀρχαϊσμὸν
3403 3715 3500 3770 τοῦ
3551 3711 3769 3792 Πατρός
3796 3734 3809 3748 ·

375 3829 514 3868 cum
547 3812 811 3868 diaconis
833 3813 1162 3868 sacerdotes
1187 3829 1397 3883 panem
1423 3813 1813 3869 offerantJioc
1837 3817 2007 3868 auten

2179 3809 2232 3863 αὶ
2267 3806 2353 3861 δτι
2385 3805 2476 3860 σὺν
2503 3810 2620 3867 τοῖς
2669 3803 2944 3867 διακόνοις
2991 3806 3084 3860 τὸν
3133 3801 3295 3878 ἄρτον
3342 3807 3395 3860 οἱ
3443 3800 3809 3882 πρεσϐύτεροι

377 3901 598 3973 ubique
620 3902 707 3968 ﬁt,
739 3903 893 3974 quod
957 3901 1120 3974 pauci
1173 3901 1292 3957 sint
1351 3902 1581 3958 diaconi
1615 3921 1629 3972 ;
1665 3903 1860 3958 Romae
1898 3918 2009 3957 veri

2175 3898 2483 3976 τροτιθέασι.
2518 3900 2695 3954 Τοῦτο
2747 3894 2803 3950 δὶ
2851 3897 2938 3951 καὶ
3000 3901 3284 3972 πανταχοῦ
3331 3895 3558 3972 γίνεται,
3592 3893 3807 3971 ὀλίγων

376 3991 552 4063 plane
584 3995 739 4046 recte
772 3991 896 4045 ﬁeri
923 3990 1196 4057 arbitror,
1251 3996 1559 4063 propterea
1607 3993 1763 4064 quod
1799 3991 1905 4047 soli
1941 4009 2002 4046 se

2178 4009 2316 4044 ντων
2369 3985 2632 4041 διακόνων
2670 4005 2682 4018 ⁸
2732 3986 2783 4041 ἐν
2815 3985 3004 4060 Ῥώμῃ
3056 3984 3133 4055 δὲ,
3160 3988 3336 4059 οἶμαι,
3368 3987 3600 4040 πάντοτε
3661 3985 3810 4040 είκό-

375 4085 535 4153 ptem
567 4079 768 4136 selecti
802 4080 858 4134 in
911 4079 1084 4135 altari
1118 4080 1494 4136 ministrent:
1526 4081 1794 4138 fortassis
1835 4084 2007 4136 auten

2177 4099 2274 4150 ως,
2319 4074 2409 4131 δια
2453 4077 2515 4130 τὸ
2562 4076 2761 4149 μόνους
2812 4077 2950 4130 ἒπτὰ
2996 4073 3124 4137 τοὺς
3176 4074 3453 4151 ἐκκρίτους
3495 4079 3576 4146 τῷ
3619 4087 3809 4138 θυσια-

375 4169 457 4226 illi
491 4175 713 4242 septem
743 4169 919 4225 etiam
954 4169 1070 4225 vita
1103 4170 1176 4225 ab
1209 4169 1344 4226 aliis
1374 4170 1575 4226 selecti
1608 4175 1766 4227 sunt.

2179 4166 2358 4244 τηρίῳ
2391 4165 2728 4242 λειτουργεῖν
2764 4185 2775 4198 ·
2807 4166 2975 4241 τυχὸν
3011 4161 3069 4218 δὶ
3099 4165 3188 4219 καὶ
3227 4163 3332 4239 βίῳ
3376 4169 3485 4219 τῶν
3532 4161 3723 4219 ἄλλων
3754 4166 3811 4219 οἱ

2143 4260 2280 4314 ἑπτὰ
2307 4256 2674 4331 τυγχάνουσιν
2710 4251 2975 4331 ἔκκριτοι.

450 4350 807 4406 Universalis.
827 4353 973 4405 Tum
993 4350 1170 4405 etiam
1204 4348 1338 4404 fidei
1373 4349 1708 4418 symbolum
1732 4351 2029 4422 quoddam

2215 4350 2333 4416 Τῆς
2361 4343 2688 4413 καθολικῆς.
2723 4347 2841 4399 ’Ὀτι
2873 4344 2963 4398 καὶ
2995 4341 3116 4398 τότε
3144 4341 3378 4404 πίστεώς
3410 4364 3461 4398 τι
3517 4337 3805 4416 σύμϐολον

374 4442 510 4495 ante
541 4437 657 4494 dici
692 4437 931 4494 solitum
959 4437 1104 4504 fuit;
1131 4443 1233 4492 aut
1256 4438 1451 4509 potius
1473 4455 1651 4509 quam
1701 4445 1826 4495 tum
1878 4441 2006 4495 acci

2176 4434 2492 4513 τροελὲγιτο·
2511 4433 2546 4503 ἢ
2575 4431 2787 4508 μᾶλλον
2814 4435 2946 4508 ὅπερ
2966 4428 3089 4487 τότε
3108 4427 3532 4507 παρελάμϐανον
3569 4433 3808 4506 μάθημα

372 4529 619 4601 piabant
664 4527 996 4582 doctrinam
1058 4532 1116 4583 et
1171 4528 1663 4584 consuetudinem
1727 4545 1830 4585 seu
1882 4529 2004 4586 ritu:

1401 4528 1663 4584 tudinem
1727 4545 1830 4585 seu
1882 4529 2030 4586 ritus
2137 4526 2228 4582 καὶ
2262 4525 2610 4598 συμμάθημα
2638 4530 2738 4593 τῆς
2769 4527 3028 4585 πίστεως.

375 4618 537 4674 fidei.

447 4707 757 4764 Sacrarum
784 4708 1126 4763 tabularum.
1163 4704 1266 4760 Hic
1298 4723 1412 4761 non
1437 4710 1575 4761 sunt
1598 4707 1798 4779 primae
1820 4709 2035 4765 tabulae
2064 4680 2079 4743 Ῑ

2214 4712 2340 4766 Τῶν
2401 4708 2562 4782 ἱερῶν
2617 4710 2868 4782 πτυχῶν.
2899 4702 3027 4760 Ὧδε
3085 4705 3147 4759 ού
3205 4709 3399 4777 πρῶτα
3453 4706 3519 4760 τὰ
3557 4701 3806 4780 δίπτυχα

370 4796 531 4869 apud
564 4811 673 4851 nos
702 4813 716 4863 ;
751 4799 1012 4866 tempore
1040 4811 1176 4851 vero
1223 4794 1405 4866 hujus
1457 4795 1674 4864 Patris,
1709 4803 1839 4869 post
1871 4799 1996 4855 salu

2171 4804 2269 4872 παρ’
2324 4799 2487 4869 ἡμῖν,
2548 4795 2636 4851 ἐπὶ
2696 4793 2754 4850 δὲ
2808 4797 2910 4850 τοῦ
2964 4794 3174 4869 Πατρὸς
3245 4791 3444 4848 τούτου
3515 4795 3651 4866 μετὰ
3702 4795 3803 4850 τὸν

366 4886 650 4944 tationem
683 4883 899 4940 tabulas
947 4884 1366 4955 recitabantur,
1418 4887 1918 4956 quemadmodum
1969 4890 1998 4943 ἰ]

2177 4886 2423 4960 σπασμὸν
2479 4884 2542 4939 τὰ
2602 4882 2842 4958 δίπτυχα
2899 4881 3141 4957 ἐλέγετο,
3176 4880 3358 4957 ὥσπερ
3417 4883 3507 4937 καὶ
3553 4880 3606 4936 ἐν
3641 4883 3803 4940 Ἀνα-

371 4975 629 5030 Oriente.

2138 4979 2303 5048 τοΛῆ.

445 5064 678 5119 Diaconi
703 5063 1006 5134 praecipui.
1039 5063 1150 5118 Eos
1179 5063 1346 5132 dicit,
1377 5064 1478 5136 qui
1529 5065 1700 5137 primi
1747 5070 1915 5122 erant
1969 5067 2027 5122 in

2210 5067 2278 5123 Οἳ
2306 5067 2415 5118 τῶν
2451 5062 2784 5139 λειτουργῶν
2837 5058 3100 5136 ἔκκριτοι.
3133 5062 3257 5118 ’Ότι
3308 5059 3359 5114 οἱ
3416 5063 3628 5136 πρῶτοι
3687 5068 3804 5119 τῶν

369 5152 656 5218 diaconis,
692 5151 850 5207 solos
874 5157 1083 5222 praasto
1116 5152 1299 5208 fuisse
1331 5155 1526 5210 divino
1560 5154 1766 5224 altari;
1822 5157 2001 5212 fortas

2177 5149 2404 5209 ιακόνων
2457 5151 2616 5225 μόνοι
2665 5152 3022 5228 παρίστανται
3066 5154 3145 5223 τῷ
3194 5149 3565 5226 θυσιαστηρίῳ
3599 5169 3612 5182 ·
3653 5155 3809 5230 τάχα

372 5240 457 5294 sis
482 5242 681 5293 autem
714 5241 885 5294 erant
912 5238 983 5294 ab
1015 5244 1100 5296 eis
1159 5241 1358 5298 selecti
1411 5247 1468 5299 et
1517 5244 1722 5299 secreti
1767 5260 1870 5316 pro
1901 5244 2004 5300 vita

1517 5244 1722 5299 secreti
1767 5260 1870 5316 pro
1901 5244 2029 5300 vitea
2141 5241 2199 5299 δὲ
2226 5243 2319 5298 καὶ
2349 5242 2400 5296 οἱ
2432 5241 2483 5296 ὲν
2514 5240 2615 5318 βίῳ
2646 5241 2852 5297 τούτων
2883 5239 3141 5315 ἔκκριτοι.

374 5327 689 5400 dignitate.

445 5419 548 5472 64
569 5417 636 5471 Et
666 5417 728 5471 in
756 5421 1035 5487 aspectum
1090 5419 1258 5476 ducit.
1321 5423 1383 5476 Id
1441 5427 1531 5478 est
1591 5423 1934 5478 manifestat
1963 5440 2030 5480 ea

2211 5420 2316 5479 Καὶ
2371 5421 2458 5476 ὑπ’
2488 5417 2611 5496 ὄψιν
2663 5422 2803 5498 ἄγει.
2837 5419 3103 5480 Τουτᾶστι
3153 5417 3438 5496 σαφηνίζει
3485 5419 3553 5473 τὰ
3595 5419 3805 5494 ὑμνού-

1389 5599 1633 5658 VARle
1671 5601 2060 5660 LECTIONES
2099 5603 2188 5662 ET
2227 5600 2760 5660 CORRECTIONES

451 5702 500 5740 ίο
521 5697 861 5773 τελεσθῆναι.
