4134 6412
294 385 407 440 137

1063 389 1123 442 Β.
1164 386 1437 440 MAXIM!
1475 382 1778 439 SCHOLIA
1815 381 1891 434 IN
1930 379 1950 430 Ι

2107 381 2199 433 DE
2242 383 2526 439 ECCLES.
2574 385 2973 442 HIERARCH.

3630 385 3736 444 138

290 530 455 582 μενα·
493 511 625 580 οἷον,
681 510 766 565 ὅτι
796 507 924 565 τόδε
968 508 1060 565 καὶ
1087 507 1213 564 τόδε
1258 509 1513 584 Χριστοῦο
1548 509 1638 562 καί
1683 504 1774 560 τόε
1824 503 1941 576 Χρι-

2081 523 2207 578 quae
2238 506 2478 564 laudata
2509 513 2671 577 sunt,
2700 511 2789 567 vel
2819 512 2928 568 hoc
2959 516 3016 569 et
3043 513 3191 569 illud
3243 514 3463 572 Christi
3512 520 3625 587 est,
3675 520 3735 574 et

287 605 428 655 στοῦ
463 641 477 655 .
537 597 916 654 Ὑποδείκνυσι
978 595 1034 654 6‘s
1080 597 1170 654 καὶ
1246 599 1344 662 τὰς
1401 595 1488 651 ἐπὶ
1548 596 1764 658 τούτοις
1821 591 1964 657 θείας

294 687 535 766 δωρεὰς,
569 688 705 758 οἷον,
757 687 842 743 ὅτι
885 687 964 750 εἷς
1013 685 1197 766 ἄφεσιν
1250 687 1552 762 ἁμαρτιῶν,
1582 683 1671 740 καὶ
1703 681 1780 746 εἷς
1815 682 1958 752 ζωὴν

286 780 542 853 αἰώνιον,
592 779 684 835 καὶ
733 777 836 834 ὅσα
885 783 1112 836 τοιαῦτα
1166 778 1422 852 μυστικά.
1465 775 1617 852 Τάχα
1665 772 1722 829 δὲ
1769 773 1830 828 τὸ
1875 773 1964 828 ὑπ’

287 865 420 942 ὄψιν
447 873 617 924 τοῦτο
672 867 953 944 σημαίνει,
986 869 1060 930 ὡς
1104 865 1228 922 τότε
1277 863 1815 936 ἀποκαλυπτομὲνων
1849 865 1957 916 τῶν

286 959 466 1033 ἁγίων
516 955 735 1032 δώρων,
797 956 934 1031 μετά
979 956 1074 1018 τὰς
1124 954 1318 1030 εὐχὰς,
1369 953 1638 1028 μενόντων
1700 948 1756 1006 δὲ
1806 969 1959 1005 κεκα-

288 1046 622 1120 λυμμένων,
679 1044 786 1109 ἓως
858 1049 1054 1121 καιροῦ
1109 1043 1514 1119 μεταλάψεως·
1575 1041 1610 1111 ἣ
1668 1039 1812 1115 τᾶχα
1865 1039 1958 1094 τὸν

282 1137 603 1211 κουφισμὸν
655 1135 748 1191 καὶ
802 1136 902 1204 τὴν
953 1133 1160 1209 ὕψωσιν
1207 1135 1306 1202 τῆς
1360 1137 1486 1206 μιᾶς
1546 1129 1802 1207 εὐλογίας
1860 1132 1956 1183 τοῦ

283 1224 440 1280 θείου
475 1226 645 1301 ἄρτου
683 1221 870 1302 φησίν,
903 1224 962 1278 ’ὀν
1011 1223 1139 1297 ὑψοῖ
1184 1223 1213 1276 6
1242 1219 1438 1297 ἱερεὺς,
1490 1218 1690 1295 λέγων,
1721 1217 1789 1274 τὰ
1831 1219 1956 1292 ἅγια

279 1318 404 1376 τοῖς
439 1313 642 1390 ἁγίοις·
683 1315 816 1389 ὅπερ
863 1313 957 1368 καὶ
992 1310 1204 1386 μᾶλλόν
1255 1309 1400 1366 ἐστιν
1453 1307 1676 1382 ἀληθὲς,
1709 1307 1784 1370 ὡς
1831 1305 1956 1382 περὶ

279 1404 346 1458 τὸ
378 1401 546 1466 τέλος
573 1407 674 1459 τοῦ
705 1400 1005 1480 κεφαλαίου
1034 1400 1280 1476 εὑρήσεις
1309 1397 1618 1475 εἰρημένον.

361 1584 468 1640 ΙΙΙ.
505 1587 534 1652 §
563 1587 610 1639 Ι.
642 1581 751 1644 Τὰς
782 1579 995 1644 εἷ’κόνας
1040 1578 1092 1634 ἐν
1121 1578 1288 1650 τάξει.
1339 1575 1566 1639 Εἰκόνας
1597 1572 1819 1630 ἐκάλεσε
1844 1576 1951 1628 τῶν

285 1671 521 1742 ἀληθῶν
551 1671 620 1726 τὰ
647 1675 742 1726 νῦν
772 1668 1079 1742 τελούμενα
1099 1667 1151 1722 ἐν
1179 1669 1248 1740 τῇ
1278 1663 1508 1736 συνάξει.

355 1762 451 1824 Ὦς
484 1757 614 1816 οὐδὲ
661 1763 770 1815 τῶν
818 1752 1138 1833 συμϐόλων.
1170 1758 1294 1815 ’Ότι
1351 1749 1607 1829 σύμϐολα
1645 1757 1832 1826 ταῦτα,
1863 1752 1953 1807 καὶ

296 1850 402 1906 οὐκ
425 1847 682 1920 ἀλήθεια.

371 1941 439 1995 Al
469 1941 562 2012 μὲν
595 1939 701 2016 γὰρ
751 1939 1066 2015 ἱερώταται.
1097 1934 1163 1992 Τί
1214 1936 1267 1990 οἱ
1312 1931 1554 2009 ψαλμοὶ,
1587 1931 1676 1988 καὶ
1724 1933 1792 1988 τὰ
1821 1931 1948 1987 ἀνα-

286 2030 585 2103 γνώσματα
595 2071 608 2085 .

357 2118 460 2180 Εἰς
493 2119 749 2191 μνήμην.
792 2119 921 2175 ’Ότι
974 2116 1108 2189 μετά
1149 2113 1214 2170 τὸ
1260 2111 1476 2168 δεῖπνον
1529 2107 1714 2167 λαϐὼν
1768 2109 1950 2182 ἄρτον,

285 2208 379 2262 καὶ
410 2207 480 2263 τὲ
517 2207 665 2279 ἑξῆς·
697 2207 787 2263 καὶ
837 2205 921 2262 ὅτι
953 2207 980 2260 6
1014 2207 1238 2270 θάνατος
1285 2202 1450 2258 αὐτοῦ
1494 2197 1947 2275 καταγγέλλεται,

285 2295 456 2373 ἄχρις
490 2297 556 2352 οὗ
605 2292 762 2371 ἔλθῃ,
791 2296 930 2351 κατά
975 2295 1068 2350 τὸν
1119 2294 1463 2350 Ἀπόστολον
1515 2290 1606 2346 καὶ
1649 2290 1808 2345 αὐτὸν
1857 2289 1950 2344 τὸν

279 2387 496 2462 Κύριον
571 2387 890 2463 φάσκοντα·
962 2387 1130 2438 Τοῦτο
1207 2387 1416 2438 ποιεῖτε
1492 2379 1568 2442 εἷς
1638 2381 1738 2448 τὴν
1809 2377 1947 2451 ἐμὴν

279 2475 614 2548 ἀνάμνησιν,
675 2475 764 2529 καὶ
814 2474 884 2530 τὰ
933 2471 1075 2544 ἑξῆς.
1131 2471 1236 2528 Καὶ
1286 2469 1590 2543 σημείωσαι
1649 2466 1732 2522 ὅτι
1791 2467 1948 2544 ἀρχι-

278 2558 575 2637 σύμϐολον
609 2561 711 2639 ἔφη
760 2565 823 2618 τὸ
879 2563 1138 2637 μυστικὸν
1182 2565 1280 2616 τοῦ
1328 2559 1532 2635 Κυρίου
1571 2555 1810 2628 δεῖπνον,
1841 2561 1948 2612 τῶν

274 2658 368 2707 νῦν
402 2654 572 2708 θείων
605 2652 942 2728 μυστηρίων·
976 2672 1066 2706 και
1119 2648 1204 2704 ὅτι
1244 2650 1334 2704 τὸν
1385 2647 1614 2720 ἀναξίως
1661 2644 1947 2719 μεταλαμ-

276 2739 526 2798 ϐάνοντα
554 2746 654 2798 τοῦ
701 2739 868 2817 ἄρτου
916 2739 1007 2796 καὶ
1054 2743 1152 2795 τοῦ
1200 2737 1492 2813 ποτηρίου,
1525 2733 1680 2791 οὐδὲν
1713 2738 1748 2804 ἡ
1786 2733 1946 2809 μετά-

276 2832 459 2905 ληψις
493 2830 721 2910 ὠφελεῖ,
759 2828 974 2905 μᾶλλον
1008 2829 1104 2903 μὶν
1138 2828 1229 2883 οὖν
1261 2828 1348 2882 καὶ
1382 2825 1458 2888 εἷς
1490 2830 1664 2901 κρῖμα
1711 2823 1874 2879 αὐτοῦ
1905 2825 1946 2860 ¹¹

278 2921 552 2996 λήψεται,
592 2921 730 2976 κατὰ
776 2919 868 2974 τὸν
919 2915 1280 2976 Ἀπόστολον.
1317 2917 1409 2971 Ἐκ
1462 2913 1519 2970 δὲ
1564 2918 1670 2970 τῶν
1714 2913 1834 2984 ἑξῆς
1867 2913 1949 2968 εὐ-

277 3011 471 3087 λόγως
502 3006 568 3065 ἅν
607 3030 690 3072 τις
732 3009 892 3087 φαίη,
928 3009 1013 3062 ὅτι
1067 3007 1203 3082 μετὰ
1238 3006 1301 3061 τὸ
1354 3003 1586 3076 ἐξελθεῖν
1617 3004 1708 3058 τὸν
1742 2999 1948 3060 Ἰούδαν

277 3097 339 3154 ἐκ
369 3103 471 3155 τοῦ
505 3097 731 3154 δείπνου
762 3093 1072 3175 παρέδωκεν
1103 3095 1131 3151 6
1156 3094 1386 3172 Χριστὸς
1418 3097 1537 3155 τοῖς
1590 3092 1857 3166 μαθηταῖς
1884 3091 1946 3146 τὸ

281 3191 624 3266 μυστήριον.

1984 1879 2033 1944 Β

2074 595 2184 650 hoc
2206 600 2380 669 atque
2403 597 2547 654 illud
2573 599 3091 659 Christi.Ostendit
3112 607 3308 660 autem
3330 603 3508 662 etiam
3533 605 3733 662 divina

2072 685 2227 742 dona
2258 691 2314 743 et
2344 703 2607 760 munera,
2644 694 2708 746 ut
2749 708 2812 746 ea
2861 691 3052 748 valere
3098 694 3170 748 ad
3217 699 3595 766 peccatorum
3647 711 3731 751 re-

2075 773 2419 832 missionem
2441 781 2498 833 et
2519 778 2648 834 vitae
2671 783 2898 836 aeternae
2918 781 3315 854 adeptionem,
3340 799 3587 856 quaeque
3605 783 3732 841 sint

2074 863 2320 936 mystica
2349 867 2614 937 ejusdem
2643 870 2900 940 generis.
2939 870 3085 926 Illud
3121 876 3341 942 autem,
3375 872 3560 929 oculis
3591 873 3735 944 obji-

2071 950 2169 1022 cit,
2204 953 2451 1012 fortasse
2496 957 2606 1013 hoc
2660 957 2918 1015 declarat
2968 963 3096 1017 tum
3148 961 3376 1034 aperire
3425 963 3734 1035 detegique

2070 1045 2278 1097 sancta
2308 1044 2460 1100 dona
2508 1050 2642 1117 post
2693 1064 2915 1119 preces,
2969 1064 3208 1106 manere
3255 1054 3453 1107 autem
3502 1051 3735 1107 obtecta

2073 1147 2256 1203 usque
2287 1135 2358 1189 ad
2392 1137 2626 1207 tempus
2659 1138 3131 1208 communionis;
3163 1143 3266 1196 aut
3297 1139 3544 1197 forsitan
3573 1139 3732 1197 leva-

2070 1220 2292 1277 tionem
2323 1223 2852 1298 exaltationemque
2886 1227 3062 1283 unius
3093 1227 3526 1284 benedictionis
3549 1228 3734 1284 divini

2068 1309 2240 1381 punis
2271 1311 2569 1385 intelligit,
2602 1329 2778 1386 quem
2828 1315 3050 1371 extollit
3103 1312 3398 1389 sacerdos,
3453 1318 3657 1374 dicens
3712 1335 3728 1376 :

2065 1398 2279 1455 Sancta
2309 1401 2533 1457 sanctis
2566 1419 2579 1458 :
2607 1403 2663 1458 id
2693 1405 2851 1474 quod
2879 1410 2970 1461 est
2998 1405 3728 1479 verius,quemadmodum

2067 1487 2126 1542 in
2161 1489 2275 1545 fine
2305 1490 2513 1561 capitis
2544 1492 2768 1548 dictum
2801 1491 3089 1550 invenies.

2138 1577 2236 1634 III.
2273 1579 2365 1651 ﬁl.
2395 1581 2624 1652 Figuras
2651 1583 2709 1636 in
2739 1582 2958 1640 ordine.
3012 1583 3255 1655 Figuras
3303 1600 3576 1642 verorum
3627 1602 3726 1642 vo-

2066 1668 2218 1723 cavit
2247 1684 2314 1723 ea
2346 1685 2475 1740 quae
2505 1685 2656 1726 nunc
2687 1671 3074 1743 perficiuntur
3104 1674 3164 1728 in
3195 1674 3422 1746 synaxi.

2137 1758 2212 1813 Ne
2238 1759 2629 1828 symbolarum.
2662 1760 2843 1832 Signa
2871 1760 2994 1817 haec
3024 1778 3177 1832 esse,
3227 1779 3344 1819 non
3392 1763 3722 1820 veritatem.

2134 1936 2207 1990 Ac
2230 1938 2612 1994 sacratzssima
2659 1938 2900 2008 quidem.
2954 1939 3104 2004 Quid
3157 1940 3372 2012 psalmi
3420 1945 3478 1998 et
3521 1941 3724 1999 lectio-

2064 2041 2191 2081 nes.

2134 2114 2195 2169 In
2223 2116 2566 2172 memoriam.
2600 2118 2761 2182 Quod
2808 2120 2943 2189 post
2989 2134 3216 2175 coenam
3268 2119 3568 2192 accipiens
3618 2137 3721 2192 pa-

2062 2220 2219 2274 nem,
2241 2209 2297 2260 et
2317 2222 2443 2277 quae
2467 2209 2820 2276 sequuntur,
2853 2222 3088 2279 quoque
3120 2225 3280 2264 mors
3314 2209 3444 2280 ejus
3475 2225 3719 2266 annun-

2057 2293 2241 2349 tiatur
2271 2296 2455 2350 donec
2484 2294 3036 2363 veniat,secundum
3063 2297 3405 2368 Apostolum
3429 2303 3488 2354 et
3517 2298 3717 2371 ipsum

2057 2383 2373 2439 Dominum
2406 2383 2702 2440 dicentem
2725 2401 2736 2439 :
2757 2386 2864 2440 Hoc
2889 2385 3062 2458 facite
3091 2386 3150 2441 in
3181 2403 3361 2443 meam
3389 2403 3717 2444 commemo-

2056 2474 2331 2529 rationem
2363 2473 2449 2545 (ί),
2479 2477 2536 2529 et
2565 2490 2692 2545 quas
2743 2479 3092 2546 sequuntur.
3147 2476 3297 2534 Nota
3344 2476 3518 2534 etiam
3568 2494 3705 2534 eum

2055 2562 2270 2618 dixisse
2299 2562 2558 2634 primum
2588 2561 2922 2619 divinorum
2944 2564 3356 2637 mysteriorum
3389 2582 3517 2638 qum
3549 2582 3709 2622 nunc

2057 2656 2197 2708 sunt
2226 2651 2483 2722 signum,
2519 2651 2827 2722 mysticam
2859 2653 3092 2708 Domini
3117 2669 3374 2719 caenam;
3423 2658 3601 2726 atque
3653 2654 3708 2710 ei

2057 2740 2158 2813 qui
2182 2739 2420 2811 indigne
2449 2755 2659 2812 panem
2694 2744 2752 2795 et
2781 2740 3020 2796 calicem
3057 2741 3230 2813 capit,
3249 2742 3395 2797 nihil
3427 2744 3707 2814 prodesse

2056 2829 2586 2902 sumptionem,sed
2616 2829 2813 2899 potius
2842 2830 2914 2885 ad
2938 2829 3232 2901 judicium
3258 2836 3314 2887 et
3343 2832 3707 2888 condemna-

2058 2919 2276 2975 tionem
2310 2919 2400 2975 sui
2433 2918 2642 2990 capiet,
2665 2919 2988 2974 secundum
3023 2919 3364 2991 Apostolum
3400 2920 3503 2993 (/t‘).
3524 2921 3604 2975 Ex
3635 2920 3710 2976 iis

2057 3012 2255 3064 autem
2288 3024 2414 3080 quae
2462 3011 2794 3078 sequuntur
2840 3010 2994 3064 recte
3041 3007 3258 3081 aliquis
3307 3009 3465 3066 dicat
3514 3008 3711 3066 Chris-

2054 3102 2204 3165 tum,
2240 3101 2554 3170 postquam
2583 3113 2614 3152 a
2646 3113 2810 3152 cmna
2839 3097 2870 3152 J
2879 3097 3028 3154 udas
3057 3097 3708 3170 surrexisset,discipu-

2058 3187 2133 3244 lis
2161 3185 2481 3243 tradidisse
2511 3189 2970 3242 sacramentum.

350 3247 724 3354 Ὁμότρόπως
778 3274 846 3332 τά
895 3276 1035 3351 ἱερά.
1084 3275 1189 3333 Τὸν
1235 3270 1440 3331 Ἰούδαν
1492 3269 1643 3350 φησί.
1697 3270 1803 3327 Καὶ
1849 3291 1946 3340 ση-

2131 3277 2324 3332 Am'mo
2352 3275 2611 3331 concordi
2638 3292 2817 3331 sacra.
2865 3275 3077 3331 Judam
3127 3276 3287 3333 dicit.
3339 3277 3490 3333 Nota
3533 3277 3711 3334 etiam

281 3368 550 3443 μείωσαι,
582 3366 667 3422 ὅτι
697 3365 788 3422 καὶ
819 3365 969 3437 αύτῷ
1021 3360 1290 3438 μετέδωκε
1333 3366 1435 3418 τοῦ
1489 3364 1751 3435 μυστικοῦ
1782 3357 1948 3433 ἄρτου

275 3459 368 3513 καὶ
400 3461 504 3512 τοῦ⁹
536 3455 831 3532 ποτηρίου”
861 3454 930 3509 τὰ
960 3450 1018 3508 δὲ
1050 3453 1322 3526 μυστήρια
1350 3455 1467 3512 τοῖς
1511 3449 1779 3522 μαθηταῖς
1815 3448 1951 3520 μετά

273 3548 338 3602 τὸ
370 3545 615 3617 ἐξελθεῖν
648 3548 746 3600 τοῦ
779 3540 1000 3598 δείπνου
1022 3542 1112 3598 τόν
1141 3538 1368 3610 Ἰούδαν,
1392 3538 1466 3600 ὠς
1497 3537 1710 3609 ἀναξίου
1738 3536 1946 3592 τούτων

278 3631 442 3697 ὄντος
473 3633 666 3690 αὐτοῦ.

355 3726 450 3786 Ὠς
496 3727 533 3794 ἡ
593 3724 716 3778 καθ’
771 3719 903 3796 ἓξιν.
963 3722 1092 3784 Καθ’
1143 3718 1249 3791 ἕξιν
1325 3717 1376 3773 ἐν
1452 3715 1669 3778 τούτοις
1719 3717 1782 3770 τὸ
1833 3721 1949 3770 κατ’

291 3811 581 3888 ἐπίγνωσιν
615 3809 806 3884 δηλοῖ,
839 3810 1085 3867 τουτέστι
1112 3809 1174 3864 16
1221 3805 1538 3872 ὲνδιαθὲτως
1570 3805 1742 3868 οὕτως
1775 3804 1945 3880 ἔχειν,

289 3901 381 3956 καὶ
413 3901 474 3955 ού
502 3899 642 3955 κατά
697 3899 872 3974 μόνην
900 3901 1000 3969 τὴν
1033 3899 1354 3972 σωματικὴν
1383 3893 1761 3973 προσέλευσιν,
1803 3891 1950 3948 ἀλλὰ

281 3991 425 4047 κατά
480 3992 584 4060 τὴν
644 3995 748 4060 τῆς
805 3987 1045 4052 διανοίας
1105 3984 1194 4042 διὰ
1239 3985 1471 4049 πίστεως
1515 3984 1604 4040 καὶ
1645 3984 1948 4055 αἰσθήσεως

279 4085 691 4153 πνευματικῆς.

352 4172 491 4241 §II.
551 4167 690 4225 Ἀπὸ
742 4165 854 4224 τῶν
913 4165 1190 4222 αἰτιατῶν.
1248 4166 1512 4222 Τουτὲστι
1571 4164 1632 4218 16
1684 4161 1789 4218 ἀπὸ
1837 4166 1946 4218 τῶν

276 4262 501 4334 ὁρατῶν
526 4256 904 4331 τελουμένων,
937 4255 1025 4312 ἐπὶ
1055 4256 1123 4311 τὰ
1152 4254 1356 4328 ἀόρατα
1382 4254 1473 4309 καὶ
1525 4253 1778 4326 μυστικὰ,
1811 4250 1946 4324 ἅπερ

273 4354 390 4405 τῶν
450 4347 506 4403 ἐν
559 4347 808 4419 αἰσθήσει
858 4344 1008 4401 αἴτιά
1055 4343 1160 4400 εἶσι
1206 4344 1295 4399 καὶ
1348 4342 1648 4419 ἀρχέτυπα.
1683 4338 1844 4396 Αἷ¹τια
1891 4337 1948 4395 δὲ

275 4437 546 4514 λέγονται
594 4437 663 4492 τὰ
708 4436 966 4512 ἑτέρωθεν
1013 4433 1076 4489 τὸ
1126 4434 1374 4489 ὁπωσοῦν
1427 4434 1560 4487 εἶναι
1625 4431 1724 4499 τὴν
1773 4428 1944 4485 αἰτίαν

273 4526 509 4604 ἔχοντα·
543 4528 582 4598 ἢ
629 4527 737 4581 ἀπὸ
783 4528 894 4581 τῶν
935 4523 1195 4580 αἷτιατῶν
1239 4521 1315 4585 εἷς
1355 4520 1422 4576 τὰ
1458 4518 1622 4593 αἷίτια,
1671 4520 1944 4575 τουτέστιν

2058 3382 2192 3421 eum
2250 3380 2484 3436 quoque
2531 3380 2566 3418 a
2613 3363 2862 3419 Domino
2917 3363 3262 3436 participem
3312 3366 3533 3421 factum
3582 3382 3716 3424 esse

2059 3453 2290 3526 mystici
2349 3452 2518 3524 panis
2568 3456 2624 3507 et
2674 3451 2876 3507 calicis
2927 3468 2939 3506 :
2993 3454 3271 3526 mysteria
3328 3459 3528 3510 autem
3588 3456 3710 3512 sive

2057 3546 2430 3601 sacramenta
2461 3541 2596 3597 data
2617 3557 2748 3597 esse
2772 3541 3081 3614 discipulis
3105 3559 3240 3600 cum
3267 3561 3301 3601 a
3322 3561 3487 3601 coena
3506 3545 3538 3601 J
3545 3546 3694 3601 udas

2059 3637 2124 3690 ut
2151 3632 2268 3688 illis
2301 3631 2602 3704 indignus,
2638 3631 3012 3687 surrexisset.

2132 3724 2196 3780 Ut
2223 3721 2522 3777 secundum
2553 3720 2823 3776 habitum.
2857 3720 2982 3773 Καθ’
3011 3715 3142 3793 ἕξιν,
3177 3721 3237 3777 in
3272 3722 3366 3779 his
3409 3722 3603 3780 verbis
3646 3737 3718 3779 ex

2056 3811 2303 3869 scientia
2325 3809 2673 3879 declarat,id
2705 3813 2794 3865 est
2825 3809 3022 3866 animo
3053 3809 3135 3866 ita
3164 3811 3371 3868 affecto
3402 3815 3459 3868 et
3487 3812 3715 3869 consti-

2056 3905 2186 3958 tuto
2217 3918 2367 3966 esse,
2400 3917 2466 3955 ac
2496 3916 2611 3955 non
2645 3897 2772 3955 solo
2799 3899 3059 3970 corporis
3090 3915 3351 3972 accessu,
3402 3901 3504 3958 sed
3538 3901 3714 3958 etiam

2059 3990 2274 4048 mentis
2305 4005 2408 4063 per
2437 3989 2612 4046 ﬁdem
2645 3991 2703 4044 et
2731 4003 2976 4045 sensum
3002 3988 3360 4062 spiritalem.

2128 4169 2158 4243 §
2208 4169 2274 4224 II.
2328 4169 2402 4224 Ab
2449 4167 2671 4240 allectis.
2725 4167 2786 4223 Id
2840 4170 2930 4223 est
2978 4167 3051 4224 ab
3101 4167 3172 4223 iis
3229 4185 3357 4240 quae
3403 4169 3717 4226 visilibiter

2058 4256 2518 4334 peraguntur,ad
2549 4273 2618 4312 ea
2641 4272 2772 4328 quas
2803 4272 2920 4313 non
2948 4256 3311 4326 videntur,et
3335 4258 3407 4314 ad
3443 4258 3715 4332 mystica,

2057 4366 2183 4422 quae
2216 4363 2404 4404 causa
2437 4350 2575 4402 sunt
2595 4351 2650 4402 et
2668 4344 3025 4418 exemplaria
3047 4361 3250 4402 eorum
3283 4364 3410 4419 quae
3444 4349 3553 4405 sub
3583 4365 3714 4406 sen-

2057 4455 2188 4496 sum
2217 4437 2457 4493 cadunt.
2477 4436 2677 4491 Caussa
2703 4437 2898 4491 autem
2923 4435 3201 4492 dicuntur
3219 4453 3286 4492 ea
3312 4453 3440 4510 quas
3473 4438 3715 4494 aliunde

2055 4527 2372 4595 habent,ut
2398 4539 2633 4596 quoquo
2665 4524 2838 4579 modo
2869 4540 3053 4580 causa
3084 4525 3226 4592 sint;
3251 4530 3356 4581 aut
3387 4527 3459 4582 ab
3491 4525 3714 4582 effectis

271 4619 390 4673 ἀπὸ
420 4622 534 4672 τῶν
569 4615 844 4686 αἰσθητῶν
894 4609 1192 4687 συμϐόλων
1225 4612 1311 4667 ἐπὶ
1342 4609 1410 4666 τὰ
1447 4611 1616 4681 νοητὰ
1644 4611 1732 4664 καὶ
1765 4611 1944 4684 νοερὰ·

2073 4620 2127 4672 Id
2160 4630 2392 4685 causas,
2424 4613 2482 4667 id
2516 4616 2605 4668 est
2634 4629 2668 4668 a
2694 4611 2878 4684 signis
2909 4628 3035 4683 quae
3068 4629 3282 4669 sensus
3313 4613 3410 4670 65
3449 4617 3707 4680 movent,

271 4706 487 4782 ἤγουν,
518 4706 628 4761 ἀπὸ
656 4709 765 4761 τῶν
813 4703 1179 4779 ἀτελεστέρων
1212 4701 1288 4763 εἷς
1325 4701 1392 4755 τὰ
1439 4698 1771 4774 τελειότερα·
1807 4700 1944 4772 οἷον,

273 4797 391 4852 ἀπὸ
422 4799 536 4851 τῶν
567 4794 753 4851 τύπων
805 4793 895 4849 ἐπὶ
947 4794 1049 4862 τὴν
1100 4787 1302 4848 εἷκὸνα’
1352 4789 1444 4845 καὶ
1473 4789 1580 4844 ἀπὸ
1625 4787 1828 4858 ταύτης
1860 4788 1947 4844 ἐπὶ

271 4887 380 4956 τὴν
435 4883 730 4956 ἀλήθειαν.
775 4883 914 4938 Σκιὰ
957 4881 1060 4958 γὰρ
1107 4881 1176 4937 τὰ
1221 4886 1322 4952 τῆς
1369 4877 1637 4941 Παλαιᾶς·
1683 4876 1838 4933 ε’ίκὼν
1892 4875 1950 4933 δὶ

269 4977 348 5033 τὰ
375 4982 486 5045 τῆς
512 4975 652 5037 Νὲας
687 4974 981 5045 Διαθήκης’
1011 4970 1247 5041 ἀλήθεια
1292 4966 1351 5025 δὶ
1379 4971 1416 5039 ἡ
1467 4972 1577 5025 τῶν
1630 4965 1947 5041 μελλόντων

270 5069 617 5126 κατάστασις
631 5105 646 5122 .

351 5246 504 5319 Κᾷτα
547 5246 651 5316 τὴν
689 5243 862 5321 ἱεράν.
921 5240 1069 5316 Κᾷτα
1114 5238 1514 5318 παροξυτόνως·
1551 5235 1718 5311 δηλοῖ
1777 5235 1835 5293 δὲ
1861 5238 1946 5310 τὸ,

269 5337 373 5395 καὶ
401 5336 535 5393 τότε
565 5338 610 5392 ‘.

348 5455 419 5528 (1')
453 5454 600 5512 Luc.
630 5467 772 5522 nu,
806 5450 897 5509 19.
973 5449 1054 5524 (lc)
1084 5451 1108 5508 Ι
1138 5448 1270 5508 Gor.
1305 5463 1387 5516 χι,
1417 5447 1508 5503 29.

2058 4705 2128 4762 ad
2157 4721 2226 4760 ea
2256 4719 2385 4775 quae
2419 4705 2614 4757 mente
2644 4700 3225 4773 comprehenduntur
3252 4705 3311 4759 et
3342 4707 3484 4759 sunt
3535 4703 3710 4776 spiri-

2057 4792 2346 4849 taliazsive
2375 4791 2446 4846 ab
2477 4790 2550 4847 iis
2581 4806 2711 4861 quae
2743 4789 2940 4845 minus
2972 4791 3231 4862 perfecta
3254 4791 3496 4856 sunt,ad
3531 4793 3718 4864 perfe-

2058 4881 2242 4938 ctiora
2268 4897 2281 4936 :
2304 4879 2464 4935 velut
2484 4896 2518 4934 a
2540 4878 2742 4950 ﬁguris
2764 4879 2835 4934 ad
2858 4878 3176 4950 imaginem
3199 4884 3256 4936 et
3280 4881 3351 4936 ab
3375 4880 3484 4935 hac
3514 4881 3584 4935 ad
3612 4897 3709 4937 ve-

2058 4967 2537 5027 ritatem.Umbra
2566 4966 2724 5022 enim
2754 4971 2894 5023 sunt
2921 4983 2991 5023 ea
3030 4984 3160 5040 quae
3189 4973 3330 5024 sunt
3357 4969 3584 5025 Veteris
3615 4970 3719 5025 Te-

2059 5057 2370 5126 stamenti;
2404 5057 2622 5128 imago,
2650 5071 2718 5111 ea
2747 5072 2875 5128 quas
2907 5056 3084 5126 Novi;
3115 5058 3352 5128 veritas,
3388 5062 3580 5114 status
3613 5076 3708 5116 re-

2056 5164 2190 5206 rum
2223 5148 2584 5202 futurarum.

2129 5239 2264 5293 Tum
2309 5251 2486 5292 sacra.
2521 5231 2668 5303 Κᾷτα
2700 5237 2942 5290 accentu
2978 5234 3036 5290 in
3067 5235 3399 5307 penultima
3430 5252 3443 5294 :
3479 5237 3711 5311 signiﬁ-

2057 5331 2150 5384 cat
2177 5342 2311 5384 vero
2342 5324 2462 5382 haec
2493 5323 2693 5393 dictio,
2724 5325 2900 5381 etiam
2929 5327 3078 5382 tunc.

1315 5562 1560 5624 ἾΔΗΙᾹΞ
1596 5560 1984 5619 LECTlONES
2022 5560 2113 5617 ET
2151 5556 2706 5618 CORREGTIONES.

358 5646 405 5683 ¹¹
439 5641 570 5698 iam:
580 5639 646 5712 ᾧ.

354 5738 384 5761 '
415 5730 625 5799 Quoad
653 5727 1080 5802 signiﬁcatum,
1106 5725 1264 5783 idem
1292 5723 1448 5783 valet
1467 5723 1624 5796 quod
1649 5719 1740 5777 καὶ
1769 5717 1914 5793 τότε,
1940 5740 1950 5777 ι

2073 5721 2130 5778 Id
2165 5735 2300 5777 vero
2321 5717 2600 5792 ﬁguram,
2628 5715 2862 5789 ponitur
2886 5732 2987 5788 pro
3008 5713 3097 5771 καὶ
3122 5716 3315 5787 clm,”
3335 5722 3485 5776 tunc.
3501 5719 3726 5778 Dawn.

623 5859 889 5920 Pauca.
938 5855 1051 5919 Gn.
1099 5851 1203 5917 IV.

3355 5845 3394 5901 5
