  <div class='ocr_page' id='page_1' title='image "/cluster/home/n/w/nwhite01/storage/ocr_20150623/4:no.2/coo.31924054872837/077.png"; bbox 0 0 4134 6394; ppageno 0'>
   <div class='ocr_carea' id='block_1_1' title="bbox 459 357 3874 418">
    <p class='ocr_par' dir='ltr' id='par_1_1' title="bbox 459 357 3874 418">
     <span class='ocr_line' id='line_1_1' title="bbox 459 357 3874 418; baseline -0.001 -1"><span class='ocrx_word' id='word_1_1' title='bbox 459 363 563 418; x_wconf 85' lang='grc'>139</span> <span class='ocrx_word' id='word_1_2' title='bbox 1286 358 1648 413; x_wconf 74' lang='lat' dir='ltr'>APPENDIX</span> <span class='ocrx_word' id='word_1_3' title='bbox 1688 361 1783 411; x_wconf 86' lang='lat' dir='ltr'>AD</span> <span class='ocrx_word' id='word_1_4' title='bbox 1819 358 2060 411; x_wconf 81' lang='lat' dir='ltr'>OPERA</span> <span class='ocrx_word' id='word_1_5' title='bbox 2099 359 2158 409; x_wconf 72' lang='grc' dir='ltr'>Β.</span> <span class='ocrx_word' id='word_1_6' title='bbox 2200 357 2515 415; x_wconf 83' lang='lat' dir='ltr'>DIONYSII</span> <span class='ocrx_word' id='word_1_7' title='bbox 2558 360 3056 415; x_wconf 74' lang='lat' dir='ltr'>AREUPAGITE.</span> <span class='ocrx_word' id='word_1_8' title='bbox 3777 357 3874 414; x_wconf 73' lang='grc'>140</span> 
     </span>
    </p>
   </div>
   <div class='ocr_carea' id='block_1_2' title="bbox 519 479 2151 558">
    <p class='ocr_par' dir='ltr' id='par_1_2' title="bbox 519 479 2151 556">
     <span class='ocr_line' id='line_1_2' title="bbox 519 479 2151 556; baseline -0.007 -13"><span class='ocrx_word' id='word_1_9' title='bbox 519 489 546 556; x_wconf 88' lang='lat'><strong>§</strong></span> <span class='ocrx_word' id='word_1_10' title='bbox 576 487 675 544; x_wconf 94' lang='lat' dir='ltr'>III.</span> <span class='ocrx_word' id='word_1_11' title='bbox 708 486 1182 542; x_wconf 82' lang='lat' dir='ltr'><strong>Simulacrorum.</strong></span> <span class='ocrx_word' id='word_1_12' title='bbox 1224 481 1402 552; x_wconf 75' lang='lat' dir='ltr'><strong>Signa</strong></span> <span class='ocrx_word' id='word_1_13' title='bbox 1432 480 1671 554; x_wconf 86' lang='lat' dir='ltr'><strong>quidem</strong></span> <span class='ocrx_word' id='word_1_14' title='bbox 1704 479 1870 549; x_wconf 86' lang='lat' dir='ltr'>dicit,</span> <span class='ocrx_word' id='word_1_15' title='bbox 1893 494 2094 535; x_wconf 88' lang='lat' dir='ltr'><strong>eorum</strong></span> <span class='ocrx_word' id='word_1_16' title='bbox 2129 482 2151 548; x_wconf 64' lang='grc' dir='ltr'><em>Α</em></span> 
     </span>
    </p>
   </div>
   <div class='ocr_carea' id='block_1_3' title="bbox 2237 479 3869 558">
    <p class='ocr_par' dir='ltr' id='par_1_3' title="bbox 2285 480 3869 558">
     <span class='ocr_line' id='line_1_3' title="bbox 2285 480 3869 558; baseline 0 -22"><span class='ocrx_word' id='word_1_17' title='bbox 2285 483 2312 549; x_wconf 87' lang='lat'>§</span> <span class='ocrx_word' id='word_1_18' title='bbox 2355 481 2448 537; x_wconf 86' lang='lat' dir='ltr'>III.</span> <span class='ocrx_word' id='word_1_19' title='bbox 2482 483 2602 538; x_wconf 89' lang='grc' dir='ltr'>Τῶν</span> <span class='ocrx_word' id='word_1_20' title='bbox 2663 480 3019 558; x_wconf 76' lang='grc' dir='ltr'>ἀγαλμάτωνο</span> <span class='ocrx_word' id='word_1_21' title='bbox 3083 481 3404 556; x_wconf 83' lang='grc' dir='ltr'>Ἀγάλματα</span> <span class='ocrx_word' id='word_1_22' title='bbox 3455 482 3551 554; x_wconf 71' lang='grc' dir='ltr'>μὲν</span> <span class='ocrx_word' id='word_1_23' title='bbox 3602 500 3734 557; x_wconf 79' lang='grc' dir='ltr'>φησι</span> <span class='ocrx_word' id='word_1_24' title='bbox 3777 481 3869 542; x_wconf 77' lang='grc' dir='ltr'>τὰς</span> 
     </span>
    </p>
   </div>
   <div class='ocr_carea' id='block_1_4' title="bbox 445 565 2077 649">
    <p class='ocr_par' dir='ltr' id='par_1_4' title="bbox 445 569 2077 649">
     <span class='ocr_line' id='line_1_4' title="bbox 445 569 2077 649; baseline -0.007 -15"><span class='ocrx_word' id='word_1_25' title='bbox 445 594 570 649; x_wconf 66' lang='lat' dir='ltr'>quae</span> <span class='ocrx_word' id='word_1_26' title='bbox 602 593 717 634; x_wconf 90' lang='lat' dir='ltr'><strong>non</strong></span> <span class='ocrx_word' id='word_1_27' title='bbox 749 576 1025 635; x_wconf 85' lang='lat' dir='ltr'><strong>videntur</strong></span> <span class='ocrx_word' id='word_1_28' title='bbox 1054 578 1113 631; x_wconf 92' lang='lat' dir='ltr'><strong>et</strong></span> <span class='ocrx_word' id='word_1_29' title='bbox 1145 573 1524 647; x_wconf 80' lang='lat' dir='ltr'>mysticorum</span> <span class='ocrx_word' id='word_1_30' title='bbox 1561 571 1873 642; x_wconf 81' lang='lat' dir='ltr'>imagines,</span> <span class='ocrx_word' id='word_1_31' title='bbox 1907 569 1965 624; x_wconf 89' lang='lat' dir='ltr'>id</span> <span class='ocrx_word' id='word_1_32' title='bbox 2019 583 2077 623; x_wconf 88' lang='lat' dir='ltr'>es</span> 
     </span>
    </p>
   </div>
   <div class='ocr_carea' id='block_1_5' title="bbox 2238 565 3870 649">
    <p class='ocr_par' dir='ltr' id='par_1_5' title="bbox 2238 565 3870 648">
     <span class='ocr_line' id='line_1_5' title="bbox 2238 565 3870 648; baseline 0.004 -28"><span class='ocrx_word' id='word_1_33' title='bbox 2238 567 2436 633; x_wconf 72' lang='grc' dir='ltr'>εἰκόνας</span> <span class='ocrx_word' id='word_1_34' title='bbox 2461 575 2568 626; x_wconf 89' lang='grc' dir='ltr'>τῶν</span> <span class='ocrx_word' id='word_1_35' title='bbox 2622 572 2866 648; x_wconf 77' lang='grc' dir='ltr'>ἀοράτων</span> <span class='ocrx_word' id='word_1_36' title='bbox 2911 571 3002 626; x_wconf 79' lang='grc' dir='ltr'>καὶ</span> <span class='ocrx_word' id='word_1_37' title='bbox 3059 575 3327 644; x_wconf 81' lang='grc' dir='ltr'>μυστικῶν</span> <span class='ocrx_word' id='word_1_38' title='bbox 3373 568 3544 646; x_wconf 75' lang='grc' dir='ltr'>ἤγουν</span> <span class='ocrx_word' id='word_1_39' title='bbox 3573 573 3640 626; x_wconf 74' lang='grc' dir='ltr'>τὰ</span> <span class='ocrx_word' id='word_1_40' title='bbox 3670 565 3870 644; x_wconf 77' lang='grc' dir='ltr'>συμϐο-</span> 
     </span>
    </p>
   </div>
   <div class='ocr_carea' id='block_1_6' title="bbox 451 657 2083 740">
    <p class='ocr_par' dir='ltr' id='par_1_6' title="bbox 451 658 2083 740">
     <span class='ocr_line' id='line_1_6' title="bbox 451 658 2083 740; baseline -0.006 -17"><span class='ocrx_word' id='word_1_41' title='bbox 451 683 517 724; x_wconf 90' lang='lat' dir='ltr'><strong>ea</strong></span> <span class='ocrx_word' id='word_1_42' title='bbox 549 676 680 740; x_wconf 64' lang='lat' dir='ltr'><strong>quis</strong></span> <span class='ocrx_word' id='word_1_43' title='bbox 708 682 813 739; x_wconf 89' lang='lat' dir='ltr'>per</span> <span class='ocrx_word' id='word_1_44' title='bbox 841 666 1015 737; x_wconf 83' lang='lat' dir='ltr'><strong>signa</strong></span> <span class='ocrx_word' id='word_1_45' title='bbox 1044 663 1448 736; x_wconf 82' lang='lat' dir='ltr'><strong>perﬁciuntur.</strong></span> <span class='ocrx_word' id='word_1_46' title='bbox 1482 660 1743 715; x_wconf 89' lang='lat' dir='ltr'><strong>Primum</strong></span> <span class='ocrx_word' id='word_1_47' title='bbox 1779 663 1976 716; x_wconf 87' lang='lat' dir='ltr'><strong>autem</strong></span> <span class='ocrx_word' id='word_1_48' title='bbox 2015 658 2083 714; x_wconf 92' lang='lat' dir='ltr'>ho</span> 
     </span>
    </p>
   </div>
   <div class='ocr_carea' id='block_1_7' title="bbox 2241 657 3873 740">
    <p class='ocr_par' dir='ltr' id='par_1_7' title="bbox 2241 658 3873 735">
     <span class='ocr_line' id='line_1_7' title="bbox 2241 658 3873 735; baseline 0.001 -23"><span class='ocrx_word' id='word_1_49' title='bbox 2241 663 2395 721; x_wconf 58' lang='grc' dir='ltr'>Κικῶς</span> <span class='ocrx_word' id='word_1_50' title='bbox 2449 658 2771 734; x_wconf 78' lang='grc' dir='ltr'>τελούμενα·</span> <span class='ocrx_word' id='word_1_51' title='bbox 2832 666 3052 735; x_wconf 86' lang='grc' dir='ltr'>πρῶτον</span> <span class='ocrx_word' id='word_1_52' title='bbox 3107 658 3165 716; x_wconf 76' lang='grc' dir='ltr'>δὶ</span> <span class='ocrx_word' id='word_1_53' title='bbox 3213 661 3420 716; x_wconf 78' lang='grc' dir='ltr'>τούτων</span> <span class='ocrx_word' id='word_1_54' title='bbox 3469 660 3532 715; x_wconf 86' lang='grc' dir='ltr'>τὸ</span> <span class='ocrx_word' id='word_1_55' title='bbox 3560 667 3662 731; x_wconf 84' lang='grc' dir='ltr'>τῆς</span> <span class='ocrx_word' id='word_1_56' title='bbox 3715 659 3873 716; x_wconf 85' lang='grc' dir='ltr'>συνά-</span> 
     </span>
    </p>
   </div>
   <div class='ocr_carea' id='block_1_8' title="bbox 454 746 2086 828">
    <p class='ocr_par' dir='ltr' id='par_1_8' title="bbox 454 749 2086 828">
     <span class='ocr_line' id='line_1_8' title="bbox 454 749 2086 828; baseline -0.007 -15"><span class='ocrx_word' id='word_1_57' title='bbox 454 773 608 823; x_wconf 90' lang='lat' dir='ltr'><strong>rum,</strong></span> <span class='ocrx_word' id='word_1_58' title='bbox 637 757 870 828; x_wconf 78' lang='lat' dir='ltr'><strong>synaxis</strong></span> <span class='ocrx_word' id='word_1_59' title='bbox 897 760 1325 819; x_wconf 74' lang='lat' dir='ltr'>sacramentum,</span> <span class='ocrx_word' id='word_1_60' title='bbox 1358 751 1582 807; x_wconf 87' lang='lat' dir='ltr'><strong>vocavit</strong></span> <span class='ocrx_word' id='word_1_61' title='bbox 1615 766 1628 805; x_wconf 88' lang='lat'><strong>:</strong></span> <span class='ocrx_word' id='word_1_62' title='bbox 1664 766 1698 806; x_wconf 88' lang='lat' dir='ltr'>a</span> <span class='ocrx_word' id='word_1_63' title='bbox 1729 765 1840 820; x_wconf 90' lang='lat' dir='ltr'><strong>quo</strong></span> <span class='ocrx_word' id='word_1_64' title='bbox 1871 749 1928 804; x_wconf 89' lang='lat' dir='ltr'>id</span> <span class='ocrx_word' id='word_1_65' title='bbox 1955 765 2086 820; x_wconf 61' lang='lat' dir='ltr'>quo:</span> 
     </span>
    </p>
   </div>
   <div class='ocr_carea' id='block_1_9' title="bbox 2238 746 3870 828">
    <p class='ocr_par' dir='ltr' id='par_1_9' title="bbox 2238 748 3870 826">
     <span class='ocr_line' id='line_1_9' title="bbox 2238 748 3870 826; baseline 0.001 -24"><span class='ocrx_word' id='word_1_66' title='bbox 2238 753 2354 818; x_wconf 74' lang='grc' dir='ltr'>ξεως</span> <span class='ocrx_word' id='word_1_67' title='bbox 2413 751 2712 822; x_wconf 74' lang='grc' dir='ltr'>μυστήριον</span> <span class='ocrx_word' id='word_1_68' title='bbox 2747 748 3099 806; x_wconf 83' lang='grc' dir='ltr'>άπεκάλεσεν·</span> <span class='ocrx_word' id='word_1_69' title='bbox 3132 750 3344 814; x_wconf 79' lang='grc' dir='ltr'>οὗτινος</span> <span class='ocrx_word' id='word_1_70' title='bbox 3368 749 3431 805; x_wconf 88' lang='grc' dir='ltr'>τὸ</span> <span class='ocrx_word' id='word_1_71' title='bbox 3461 750 3677 821; x_wconf 88' lang='grc' dir='ltr'>νοητὸν,</span> <span class='ocrx_word' id='word_1_72' title='bbox 3709 749 3870 826; x_wconf 78' lang='grc' dir='ltr'>ἤγουν</span> 
     </span>
    </p>
   </div>
   <div class='ocr_carea' id='block_1_10' title="bbox 453 837 2085 918">
    <p class='ocr_par' dir='ltr' id='par_1_10' title="bbox 453 838 2084 918">
     <span class='ocr_line' id='line_1_10' title="bbox 453 838 2084 918; baseline -0.005 -16"><span class='ocrx_word' id='word_1_73' title='bbox 453 845 906 918; x_wconf 83' lang='lat' dir='ltr'><strong>intelligendum</strong></span> <span class='ocrx_word' id='word_1_74' title='bbox 937 844 1182 911; x_wconf 88' lang='lat' dir='ltr'><strong>est,sive</strong></span> <span class='ocrx_word' id='word_1_75' title='bbox 1213 843 1270 897; x_wconf 91' lang='lat' dir='ltr'>id</span> <span class='ocrx_word' id='word_1_76' title='bbox 1303 841 1458 913; x_wconf 89' lang='lat' dir='ltr'><strong>quod</strong></span> <span class='ocrx_word' id='word_1_77' title='bbox 1490 838 1982 912; x_wconf 81' lang='lat' dir='ltr'>contemplatione</span> <span class='ocrx_word' id='word_1_78' title='bbox 2010 838 2084 894; x_wconf 92' lang='lat' dir='ltr'><strong>de</strong></span> 
     </span>
    </p>
   </div>
   <div class='ocr_carea' id='block_1_11' title="bbox 2242 837 3874 918">
    <p class='ocr_par' dir='ltr' id='par_1_11' title="bbox 2242 837 3874 914">
     <span class='ocr_line' id='line_1_11' title="bbox 2242 837 3874 914; baseline 0.002 -23"><span class='ocrx_word' id='word_1_79' title='bbox 2242 837 2284 891; x_wconf 80' lang='grc' dir='ltr'>τὸ</span> <span class='ocrx_word' id='word_1_80' title='bbox 2323 839 2460 892; x_wconf 82' lang='grc' dir='ltr'>κατά</span> <span class='ocrx_word' id='word_1_81' title='bbox 2503 851 2733 914; x_wconf 83' lang='grc' dir='ltr'>θεωριαν</span> <span class='ocrx_word' id='word_1_82' title='bbox 2785 837 3157 914; x_wconf 77' lang='grc' dir='ltr'>δηλούμενον,</span> <span class='ocrx_word' id='word_1_83' title='bbox 3207 838 3563 914; x_wconf 80' lang='grc' dir='ltr'>ἀπογυμνοῦν</span> <span class='ocrx_word' id='word_1_84' title='bbox 3615 837 3874 914; x_wconf 72' lang='grc' dir='ltr'>ἐπαγγέλ-</span> 
     </span>
    </p>
   </div>
   <div class='ocr_carea' id='block_1_12' title="bbox 456 926 2400 1005">
    <p class='ocr_par' dir='ltr' id='par_1_12' title="bbox 456 926 2400 1005">
     <span class='ocr_line' id='line_1_12' title="bbox 456 926 2400 1005; baseline -0.004 -12"><span class='ocrx_word' id='word_1_85' title='bbox 456 936 733 1002; x_wconf 88' lang='lat' dir='ltr'><strong>claratur,</strong></span> <span class='ocrx_word' id='word_1_86' title='bbox 767 936 993 990; x_wconf 91' lang='lat' dir='ltr'><strong>nudum</strong></span> <span class='ocrx_word' id='word_1_87' title='bbox 1027 931 1410 1005; x_wconf 78' lang='lat' dir='ltr'>promittitur.</span> <span class='ocrx_word' id='word_1_88' title='bbox 2225 926 2400 986; x_wconf 89' lang='grc' dir='ltr'>λεται.</span> 
     </span>
    </p>
   </div>
   <div class='ocr_carea' id='block_1_13' title="bbox 535 1016 2167 1096">
    <p class='ocr_par' dir='ltr' id='par_1_13' title="bbox 535 1019 2113 1096">
     <span class='ocr_line' id='line_1_13' title="bbox 535 1019 2113 1096; baseline -0.006 -15"><span class='ocrx_word' id='word_1_89' title='bbox 535 1025 643 1082; x_wconf 80' lang='lat' dir='ltr'><strong>Illa</strong></span> <span class='ocrx_word' id='word_1_90' title='bbox 674 1028 844 1096; x_wconf 84' lang='lat' dir='ltr'><strong>enim,</strong></span> <span class='ocrx_word' id='word_1_91' title='bbox 876 1041 995 1096; x_wconf 64' lang='lat' dir='ltr'><strong>qum</strong></span> <span class='ocrx_word' id='word_1_92' title='bbox 1022 1023 1239 1078; x_wconf 80' lang='lat' dir='ltr'><strong>cunctis</strong></span> <span class='ocrx_word' id='word_1_93' title='bbox 1268 1020 1565 1076; x_wconf 78' lang='lat' dir='ltr'>antecellit.</span> <span class='ocrx_word' id='word_1_94' title='bbox 1599 1019 1744 1074; x_wconf 89' lang='lat' dir='ltr'><strong>Ecee</strong></span> <span class='ocrx_word' id='word_1_95' title='bbox 1775 1034 1962 1074; x_wconf 91' lang='lat' dir='ltr'><strong>unum</strong></span> <span class='ocrx_word' id='word_1_96' title='bbox 1991 1034 2113 1073; x_wconf 90' lang='lat' dir='ltr'>mo-</span> 
     </span>
    </p>
   </div>
   <div class='ocr_carea' id='block_1_14' title="bbox 2243 1016 3875 1096">
    <p class='ocr_par' dir='ltr' id='par_1_14' title="bbox 2291 1016 3875 1094">
     <span class='ocr_line' id='line_1_14' title="bbox 2291 1016 3875 1094; baseline 0.001 -23"><span class='ocrx_word' id='word_1_97' title='bbox 2291 1019 2425 1072; x_wconf 82' lang='grc' dir='ltr'>Ἥτε</span> <span class='ocrx_word' id='word_1_98' title='bbox 2451 1018 2554 1093; x_wconf 81' lang='grc' dir='ltr'>γὰρ</span> <span class='ocrx_word' id='word_1_99' title='bbox 2590 1019 2723 1094; x_wconf 73' lang='grc' dir='ltr'>ὑπὲρ</span> <span class='ocrx_word' id='word_1_100' title='bbox 2754 1018 2948 1074; x_wconf 89' lang='grc' dir='ltr'>πάντα.</span> <span class='ocrx_word' id='word_1_101' title='bbox 2987 1016 3128 1076; x_wconf 79' lang='grc' dir='ltr'>Ἰδοὺ</span> <span class='ocrx_word' id='word_1_102' title='bbox 3180 1020 3258 1082; x_wconf 84' lang='grc' dir='ltr'>εἷς</span> <span class='ocrx_word' id='word_1_103' title='bbox 3283 1018 3489 1094; x_wconf 86' lang='grc' dir='ltr'>τρόπος</span> <span class='ocrx_word' id='word_1_104' title='bbox 3519 1023 3618 1087; x_wconf 81' lang='grc' dir='ltr'>τῆς</span> <span class='ocrx_word' id='word_1_105' title='bbox 3654 1017 3875 1093; x_wconf 83' lang='grc' dir='ltr'>θεωρίας</span> 
     </span>
    </p>
   </div>
   <div class='ocr_carea' id='block_1_15' title="bbox 457 1107 2089 1186">
    <p class='ocr_par' dir='ltr' id='par_1_15' title="bbox 457 1109 1745 1186">
     <span class='ocr_line' id='line_1_15' title="bbox 457 1109 1745 1186; baseline -0.009 -11"><span class='ocrx_word' id='word_1_106' title='bbox 457 1117 600 1176; x_wconf 76' lang='lat' dir='ltr'>dum</span> <span class='ocrx_word' id='word_1_107' title='bbox 635 1113 1146 1186; x_wconf 77' lang='lat' dir='ltr'>contemplationis</span> <span class='ocrx_word' id='word_1_108' title='bbox 1179 1110 1485 1184; x_wconf 84' lang='lat' dir='ltr'><strong>praesentis</strong></span> <span class='ocrx_word' id='word_1_109' title='bbox 1517 1109 1745 1180; x_wconf 89' lang='lat' dir='ltr'><strong>capitis.</strong></span> 
     </span>
    </p>
   </div>
   <div class='ocr_carea' id='block_1_16' title="bbox 1491 1107 3123 1186">
    <p class='ocr_par' dir='ltr' id='par_1_16' title="bbox 1517 1107 3123 1186">
     <span class='ocr_line' id='line_1_16' title="bbox 1517 1107 3123 1186; baseline 0 -20"><span class='ocrx_word' id='word_1_110' title='bbox 1517 1109 1745 1180; x_wconf 89' lang='lat' dir='ltr'><strong>capitis.</strong></span> <span class='ocrx_word' id='word_1_111' title='bbox 2219 1111 2316 1162; x_wconf 91' lang='grc' dir='ltr'>τοῦ</span> <span class='ocrx_word' id='word_1_112' title='bbox 2343 1109 2706 1183; x_wconf 70' lang='grc' dir='ltr'>προκειμένου</span> <span class='ocrx_word' id='word_1_113' title='bbox 2724 1111 2768 1145; x_wconf 81' lang='grc'>¹²</span> <span class='ocrx_word' id='word_1_114' title='bbox 2798 1107 3123 1186; x_wconf 75' lang='grc' dir='ltr'>κεφαλαίου.</span> 
     </span>
    </p>
   </div>
   <div class='ocr_carea' id='block_1_17' title="bbox 525 1195 2157 1271">
    <p class='ocr_par' dir='ltr' id='par_1_17' title="bbox 525 1196 2113 1268">
     <span class='ocr_line' id='line_1_17' title="bbox 525 1196 2113 1268; baseline -0.006 -7"><span class='ocrx_word' id='word_1_115' title='bbox 525 1205 642 1261; x_wconf 85' lang='grc' dir='ltr'>Νοη</span> <span class='ocrx_word' id='word_1_116' title='bbox 671 1212 848 1260; x_wconf 70' lang='lat' dir='ltr'><strong>extra.</strong></span> <span class='ocrx_word' id='word_1_117' title='bbox 881 1201 1030 1260; x_wconf 87' lang='lat' dir='ltr'><strong>Nota</strong></span> <span class='ocrx_word' id='word_1_118' title='bbox 1058 1205 1280 1268; x_wconf 90' lang='lat' dir='ltr'><strong>autem,</strong></span> <span class='ocrx_word' id='word_1_119' title='bbox 1313 1199 1581 1256; x_wconf 63' lang='lat' dir='ltr'><strong>essentia:</strong></span> <span class='ocrx_word' id='word_1_120' title='bbox 1632 1202 1853 1254; x_wconf 88' lang='lat' dir='ltr'><strong>statum</strong></span> <span class='ocrx_word' id='word_1_121' title='bbox 1900 1196 2113 1253; x_wconf 86' lang='lat' dir='ltr'><strong>immo-</strong></span> 
     </span>
    </p>
   </div>
   <div class='ocr_carea' id='block_1_18' title="bbox 2239 1195 3871 1271">
    <p class='ocr_par' dir='ltr' id='par_1_18' title="bbox 2295 1195 3871 1271">
     <span class='ocr_line' id='line_1_18' title="bbox 2295 1195 3871 1271; baseline -0.002 -17"><span class='ocrx_word' id='word_1_122' title='bbox 2295 1195 2409 1254; x_wconf 79' lang='grc' dir='ltr'>Οὐκ</span> <span class='ocrx_word' id='word_1_123' title='bbox 2463 1195 2564 1270; x_wconf 73' lang='grc' dir='ltr'>ἔξω</span> <span class='ocrx_word' id='word_1_124' title='bbox 2609 1204 2732 1267; x_wconf 80' lang='grc' dir='ltr'>τῆς.</span> <span class='ocrx_word' id='word_1_125' title='bbox 2785 1197 3101 1271; x_wconf 87' lang='grc' dir='ltr'>Σημείωσαι</span> <span class='ocrx_word' id='word_1_126' title='bbox 3150 1198 3246 1266; x_wconf 66' lang='grc' dir='ltr'>τήν</span> <span class='ocrx_word' id='word_1_127' title='bbox 3293 1199 3410 1253; x_wconf 84' lang='grc' dir='ltr'>κατ’</span> <span class='ocrx_word' id='word_1_128' title='bbox 3459 1195 3648 1252; x_wconf 74' lang='grc' dir='ltr'>οὐσίαν</span> <span class='ocrx_word' id='word_1_129' title='bbox 3682 1196 3871 1266; x_wconf 79' lang='grc' dir='ltr'>ἀκίνη-</span> 
     </span>
    </p>
   </div>
   <div class='ocr_carea' id='block_1_19' title="bbox 455 1285 2087 1364">
    <p class='ocr_par' dir='ltr' id='par_1_19' title="bbox 455 1285 2087 1364">
     <span class='ocr_line' id='line_1_19' title="bbox 455 1285 2087 1364; baseline -0.006 -14"><span class='ocrx_word' id='word_1_130' title='bbox 455 1291 638 1350; x_wconf 89' lang='lat' dir='ltr'><strong>bilem</strong></span> <span class='ocrx_word' id='word_1_131' title='bbox 665 1308 817 1361; x_wconf 87' lang='lat' dir='ltr'><strong>esse,</strong></span> <span class='ocrx_word' id='word_1_132' title='bbox 849 1295 908 1348; x_wconf 88' lang='lat' dir='ltr'>et</span> <span class='ocrx_word' id='word_1_133' title='bbox 939 1291 1035 1349; x_wconf 91' lang='lat' dir='ltr'>Dei</span> <span class='ocrx_word' id='word_1_134' title='bbox 1068 1292 1321 1364; x_wconf 82' lang='lat' dir='ltr'><strong>ﬁguram</strong></span> <span class='ocrx_word' id='word_1_135' title='bbox 1356 1304 1486 1345; x_wconf 88' lang='lat' dir='ltr'><strong>esse</strong></span> <span class='ocrx_word' id='word_1_136' title='bbox 1524 1287 1891 1360; x_wconf 83' lang='lat' dir='ltr'><strong>episcopum.</strong></span> <span class='ocrx_word' id='word_1_137' title='bbox 1941 1285 2087 1342; x_wconf 90' lang='lat' dir='ltr'><strong>Nota</strong></span> 
     </span>
    </p>
   </div>
   <div class='ocr_carea' id='block_1_20' title="bbox 2239 1285 3871 1364">
    <p class='ocr_par' dir='ltr' id='par_1_20' title="bbox 2239 1285 3871 1360">
     <span class='ocr_line' id='line_1_20' title="bbox 2239 1285 3871 1360; baseline 0 -19"><span class='ocrx_word' id='word_1_138' title='bbox 2239 1307 2313 1342; x_wconf 78' lang='grc' dir='ltr'>τον</span> <span class='ocrx_word' id='word_1_139' title='bbox 2361 1285 2562 1360; x_wconf 78' lang='grc' dir='ltr'>στάσιν,</span> <span class='ocrx_word' id='word_1_140' title='bbox 2592 1286 2684 1341; x_wconf 86' lang='grc' dir='ltr'>καὶ</span> <span class='ocrx_word' id='word_1_141' title='bbox 2716 1285 2798 1341; x_wconf 83' lang='grc' dir='ltr'>δτι</span> <span class='ocrx_word' id='word_1_142' title='bbox 2832 1292 2965 1342; x_wconf 77' lang='grc' dir='ltr'>Θεοῦ</span> <span class='ocrx_word' id='word_1_143' title='bbox 2993 1286 3164 1349; x_wconf 78' lang='grc' dir='ltr'>τύπος</span> <span class='ocrx_word' id='word_1_144' title='bbox 3194 1288 3222 1341; x_wconf 80' lang='grc' dir='ltr'>ὁ</span> <span class='ocrx_word' id='word_1_145' title='bbox 3255 1285 3572 1349; x_wconf 78' lang='grc' dir='ltr'>ἰπίσκοπος.</span> <span class='ocrx_word' id='word_1_146' title='bbox 3619 1293 3698 1357; x_wconf 89' lang='grc' dir='ltr'>Ση</span> <span class='ocrx_word' id='word_1_147' title='bbox 3711 1286 3871 1360; x_wconf 78' lang='grc' dir='ltr'>μείω-</span> 
     </span>
    </p>
   </div>
   <div class='ocr_carea' id='block_1_21' title="bbox 452 1375 2084 1453">
    <p class='ocr_par' dir='ltr' id='par_1_21' title="bbox 452 1375 2076 1451">
     <span class='ocr_line' id='line_1_21' title="bbox 452 1375 2076 1451; baseline -0.006 -12"><span class='ocrx_word' id='word_1_148' title='bbox 452 1384 525 1440; x_wconf 90' lang='lat' dir='ltr'><strong>ad</strong></span> <span class='ocrx_word' id='word_1_149' title='bbox 557 1387 676 1439; x_wconf 86' lang='lat' dir='ltr'><strong>tres</strong></span> <span class='ocrx_word' id='word_1_150' title='bbox 726 1383 933 1438; x_wconf 91' lang='lat' dir='ltr'><strong>modos</strong></span> <span class='ocrx_word' id='word_1_151' title='bbox 981 1397 1050 1437; x_wconf 89' lang='lat' dir='ltr'><strong>ea</strong></span> <span class='ocrx_word' id='word_1_152' title='bbox 1097 1397 1225 1451; x_wconf 76' lang='lat' dir='ltr'><strong>quae</strong></span> <span class='ocrx_word' id='word_1_153' title='bbox 1273 1380 1345 1434; x_wconf 90' lang='lat' dir='ltr'>de</span> <span class='ocrx_word' id='word_1_154' title='bbox 1395 1378 1780 1434; x_wconf 91' lang='lat' dir='ltr'><strong>incendendis</strong></span> <span class='ocrx_word' id='word_1_155' title='bbox 1831 1375 2076 1432; x_wconf 91' lang='lat' dir='ltr'><strong>odoribu</strong></span> 
     </span>
    </p>
   </div>
   <div class='ocr_carea' id='block_1_22' title="bbox 2241 1375 3873 1453">
    <p class='ocr_par' dir='ltr' id='par_1_22' title="bbox 2241 1375 3873 1453">
     <span class='ocr_line' id='line_1_22' title="bbox 2241 1375 3873 1453; baseline 0.002 -24"><span class='ocrx_word' id='word_1_156' title='bbox 2241 1397 2335 1446; x_wconf 74' lang='lat' dir='ltr'>mu,</span> <span class='ocrx_word' id='word_1_157' title='bbox 2385 1375 2470 1431; x_wconf 76' lang='grc' dir='ltr'>ὅτι</span> <span class='ocrx_word' id='word_1_158' title='bbox 2519 1377 2654 1432; x_wconf 72' lang='grc' dir='ltr'>κατὰ</span> <span class='ocrx_word' id='word_1_159' title='bbox 2699 1381 2847 1452; x_wconf 83' lang='grc' dir='ltr'>τρεῖς</span> <span class='ocrx_word' id='word_1_160' title='bbox 2891 1379 3130 1450; x_wconf 83' lang='grc' dir='ltr'>τρόπους</span> <span class='ocrx_word' id='word_1_161' title='bbox 3179 1376 3431 1453; x_wconf 83' lang='grc' dir='ltr'>ἀνάγεται</span> <span class='ocrx_word' id='word_1_162' title='bbox 3487 1377 3556 1431; x_wconf 74' lang='grc' dir='ltr'>τά</span> <span class='ocrx_word' id='word_1_163' title='bbox 3601 1376 3725 1453; x_wconf 85' lang='grc' dir='ltr'>περὶ</span> <span class='ocrx_word' id='word_1_164' title='bbox 3780 1380 3873 1432; x_wconf 89' lang='grc' dir='ltr'>τοῦ</span> 
     </span>
    </p>
   </div>
   <div class='ocr_carea' id='block_1_23' title="bbox 453 1465 2085 1542">
    <p class='ocr_par' dir='ltr' id='par_1_23' title="bbox 453 1465 2085 1542">
     <span class='ocr_line' id='line_1_23' title="bbox 453 1465 2085 1542; baseline -0.006 -14"><span class='ocrx_word' id='word_1_165' title='bbox 453 1472 756 1542; x_wconf 86' lang='lat' dir='ltr'><strong>dicuntur,</strong></span> <span class='ocrx_word' id='word_1_166' title='bbox 790 1469 976 1542; x_wconf 86' lang='lat' dir='ltr'><strong>redigi</strong></span> <span class='ocrx_word' id='word_1_167' title='bbox 1008 1474 1182 1540; x_wconf 87' lang='lat' dir='ltr'><strong>atque</strong></span> <span class='ocrx_word' id='word_1_168' title='bbox 1213 1469 1505 1535; x_wconf 83' lang='lat' dir='ltr'><strong>revocari;</strong></span> <span class='ocrx_word' id='word_1_169' title='bbox 1540 1467 1798 1538; x_wconf 76' lang='lat' dir='ltr'>pontifex</span> <span class='ocrx_word' id='word_1_170' title='bbox 1829 1465 1989 1521; x_wconf 89' lang='lat' dir='ltr'><strong>enim</strong></span> <span class='ocrx_word' id='word_1_171' title='bbox 2040 1465 2085 1520; x_wconf 88' lang='lat' dir='ltr'>al</span> 
     </span>
    </p>
   </div>
   <div class='ocr_carea' id='block_1_24' title="bbox 2241 1465 3873 1542">
    <p class='ocr_par' dir='ltr' id='par_1_24' title="bbox 2241 1465 3873 1542">
     <span class='ocr_line' id='line_1_24' title="bbox 2241 1465 3873 1542; baseline 0 -22"><span class='ocrx_word' id='word_1_172' title='bbox 2241 1470 2442 1538; x_wconf 66' lang='grc' dir='ltr'>»υμιᾷνο</span> <span class='ocrx_word' id='word_1_173' title='bbox 2477 1466 2583 1522; x_wconf 87' lang='grc' dir='ltr'>ἀπὸ</span> <span class='ocrx_word' id='word_1_174' title='bbox 2611 1471 2710 1522; x_wconf 87' lang='grc' dir='ltr'>τοῦ</span> <span class='ocrx_word' id='word_1_175' title='bbox 2743 1466 3129 1540; x_wconf 88' lang='grc' dir='ltr'>θυσιαστηρίου</span> <span class='ocrx_word' id='word_1_176' title='bbox 3171 1465 3482 1542; x_wconf 81' lang='grc' dir='ltr'>ἀρχόμενον</span> <span class='ocrx_word' id='word_1_177' title='bbox 3540 1466 3633 1522; x_wconf 85' lang='grc' dir='ltr'>τὸν</span> <span class='ocrx_word' id='word_1_178' title='bbox 3688 1466 3873 1542; x_wconf 78' lang='grc' dir='ltr'>ἱεράρ-</span> 
     </span>
    </p>
   </div>
   <div class='ocr_carea' id='block_1_25' title="bbox 452 1554 2084 1633">
    <p class='ocr_par' dir='ltr' id='par_1_25' title="bbox 452 1555 2084 1633">
     <span class='ocr_line' id='line_1_25' title="bbox 452 1555 2084 1633; baseline -0.007 -14"><span class='ocrx_word' id='word_1_179' title='bbox 452 1561 624 1619; x_wconf 88' lang='lat' dir='ltr'><strong>altari</strong></span> <span class='ocrx_word' id='word_1_180' title='bbox 653 1560 882 1633; x_wconf 87' lang='lat' dir='ltr'><strong>incipit,</strong></span> <span class='ocrx_word' id='word_1_181' title='bbox 918 1575 1093 1615; x_wconf 91' lang='lat' dir='ltr'><strong>omne</strong></span> <span class='ocrx_word' id='word_1_182' title='bbox 1122 1557 1413 1629; x_wconf 89' lang='lat' dir='ltr'><strong>templum</strong></span> <span class='ocrx_word' id='word_1_183' title='bbox 1445 1555 1654 1624; x_wconf 81' lang='lat' dir='ltr'>ambit,</span> <span class='ocrx_word' id='word_1_184' title='bbox 1685 1559 1742 1610; x_wconf 96' lang='lat' dir='ltr'>et</span> <span class='ocrx_word' id='word_1_185' title='bbox 1773 1555 1987 1611; x_wconf 85' lang='lat' dir='ltr'><strong>iterum</strong></span> <span class='ocrx_word' id='word_1_186' title='bbox 2038 1571 2084 1609; x_wconf 64' lang='lat' dir='ltr'>at</span> 
     </span>
    </p>
   </div>
   <div class='ocr_carea' id='block_1_26' title="bbox 2242 1554 3874 1633">
    <p class='ocr_par' dir='ltr' id='par_1_26' title="bbox 2242 1554 3874 1632">
     <span class='ocr_line' id='line_1_26' title="bbox 2242 1554 3874 1632; baseline 0.001 -24"><span class='ocrx_word' id='word_1_187' title='bbox 2242 1575 2356 1629; x_wconf 63' lang='grc' dir='ltr'>ίην,</span> <span class='ocrx_word' id='word_1_188' title='bbox 2382 1554 2476 1610; x_wconf 80' lang='grc' dir='ltr'>καί</span> <span class='ocrx_word' id='word_1_189' title='bbox 2505 1555 2678 1612; x_wconf 87' lang='grc' dir='ltr'>πάντα</span> <span class='ocrx_word' id='word_1_190' title='bbox 2706 1558 2800 1612; x_wconf 90' lang='grc' dir='ltr'>τὸν</span> <span class='ocrx_word' id='word_1_191' title='bbox 2831 1557 2954 1611; x_wconf 87' lang='grc' dir='ltr'>ναὸν</span> <span class='ocrx_word' id='word_1_192' title='bbox 3011 1555 3368 1632; x_wconf 77' lang='grc' dir='ltr'>περιελθόντα</span> <span class='ocrx_word' id='word_1_193' title='bbox 3418 1554 3494 1618; x_wconf 77' lang='grc' dir='ltr'>εἷς</span> <span class='ocrx_word' id='word_1_194' title='bbox 3551 1554 3682 1612; x_wconf 83' lang='grc' dir='ltr'>αὐτὸ</span> <span class='ocrx_word' id='word_1_195' title='bbox 3713 1555 3874 1612; x_wconf 82' lang='grc' dir='ltr'>πάλιν</span> 
     </span>
    </p>
   </div>
   <div class='ocr_carea' id='block_1_27' title="bbox 452 1645 2084 1724">
    <p class='ocr_par' dir='ltr' id='par_1_27' title="bbox 452 1647 1307 1724">
     <span class='ocr_line' id='line_1_27' title="bbox 452 1647 1307 1724; baseline -0.006 -18"><span class='ocrx_word' id='word_1_196' title='bbox 452 1651 653 1724; x_wconf 80' lang='lat' dir='ltr'><strong>ipsum</strong></span> <span class='ocrx_word' id='word_1_197' title='bbox 685 1649 868 1706; x_wconf 87' lang='lat' dir='ltr'><strong>altare</strong></span> <span class='ocrx_word' id='word_1_198' title='bbox 899 1647 1307 1704; x_wconf 81' lang='lat' dir='ltr'><strong>constituitur.</strong></span> 
     </span>
    </p>
   </div>
   <div class='ocr_carea' id='block_1_28' title="bbox 1069 1645 2701 1724">
    <p class='ocr_par' dir='ltr' id='par_1_28' title="bbox 1074 1645 2701 1710">
     <span class='ocr_line' id='line_1_28' title="bbox 1074 1645 2701 1710; baseline 0.001 -9"><span class='ocrx_word' id='word_1_199' title='bbox 1074 1647 1307 1703; x_wconf 91' lang='lat' dir='ltr'><strong>ituitur.</strong></span> <span class='ocrx_word' id='word_1_200' title='bbox 2220 1645 2701 1710; x_wconf 80' lang='grc' dir='ltr'>ἀποκαθίστασθαι.</span> 
     </span>
    </p>
   </div>
   <div class='ocr_carea' id='block_1_29' title="bbox 528 1731 2160 1810">
    <p class='ocr_par' dir='ltr' id='par_1_29' title="bbox 528 1736 1288 1796">
     <span class='ocr_line' id='line_1_29' title="bbox 528 1736 1288 1796; baseline -0.008 0"><span class='ocrx_word' id='word_1_201' title='bbox 528 1739 824 1796; x_wconf 76' lang='lat' dir='ltr'><strong>Similiter.</strong></span> <span class='ocrx_word' id='word_1_202' title='bbox 855 1738 1024 1794; x_wconf 86' lang='lat' dir='ltr'><strong>Alius</strong></span> <span class='ocrx_word' id='word_1_203' title='bbox 1057 1736 1288 1792; x_wconf 89' lang='lat' dir='ltr'><strong>modus.</strong></span> 
     </span>
    </p>
   </div>
   <div class='ocr_carea' id='block_1_30' title="bbox 1442 1731 3074 1810">
    <p class='ocr_par' dir='ltr' id='par_1_30' title="bbox 2291 1731 3074 1810">
     <span class='ocr_line' id='line_1_30' title="bbox 2291 1731 3074 1810; baseline 0.005 -22"><span class='ocrx_word' id='word_1_204' title='bbox 2291 1734 2586 1796; x_wconf 82' lang='grc' dir='ltr'>Ὡσαύτως.</span> <span class='ocrx_word' id='word_1_205' title='bbox 2618 1731 2836 1809; x_wconf 87' lang='grc' dir='ltr'>Τρόπος</span> <span class='ocrx_word' id='word_1_206' title='bbox 2867 1732 3074 1810; x_wconf 69' lang='grc' dir='ltr'>ἕτερος.</span> 
     </span>
    </p>
   </div>
   <div class='ocr_carea' id='block_1_31' title="bbox 526 1821 2158 1925">
    <p class='ocr_par' dir='ltr' id='par_1_31' title="bbox 526 1821 2158 1925">
     <span class='ocr_line' id='line_1_31' title="bbox 526 1821 2158 1925; baseline -0.006 -39"><span class='ocrx_word' id='word_1_207' title='bbox 526 1831 670 1886; x_wconf 82' lang='lat' dir='ltr'><strong>Pari</strong></span> <span class='ocrx_word' id='word_1_208' title='bbox 714 1827 893 1895; x_wconf 85' lang='lat' dir='ltr'><strong>modo,</strong></span> <span class='ocrx_word' id='word_1_209' title='bbox 943 1827 1184 1881; x_wconf 79' lang='lat' dir='ltr'><strong>divinus.</strong></span> <span class='ocrx_word' id='word_1_210' title='bbox 1241 1824 1471 1925; x_wconf 65' lang='lat' dir='ltr'><strong>&#39;l:ertius</strong></span> <span class='ocrx_word' id='word_1_211' title='bbox 1530 1823 1742 1924; x_wconf 76' lang='lat' dir='ltr'><strong>modus</strong></span> <span class='ocrx_word' id='word_1_212' title='bbox 1799 1821 2158 1925; x_wconf 68' lang='lat' dir='ltr'>propositael</span> 
     </span>
    </p>
   </div>
   <div class='ocr_carea' id='block_1_32' title="bbox 2242 1821 3874 1925">
    <p class='ocr_par' dir='ltr' id='par_1_32' title="bbox 2291 1822 3874 1900">
     <span class='ocr_line' id='line_1_32' title="bbox 2291 1822 3874 1900; baseline -0.001 -21"><span class='ocrx_word' id='word_1_213' title='bbox 2291 1822 2532 1898; x_wconf 88' lang='grc' dir='ltr'>Τρόπον,</span> <span class='ocrx_word' id='word_1_214' title='bbox 2594 1824 2621 1878; x_wconf 79' lang='grc' dir='ltr'>ὁ</span> <span class='ocrx_word' id='word_1_215' title='bbox 2680 1825 2844 1888; x_wconf 83' lang='grc' dir='ltr'>θεῖος.</span> <span class='ocrx_word' id='word_1_216' title='bbox 2904 1823 3123 1899; x_wconf 85' lang='grc' dir='ltr'>Τρόπος</span> <span class='ocrx_word' id='word_1_217' title='bbox 3162 1822 3345 1900; x_wconf 79' lang='grc' dir='ltr'>τρίτος</span> <span class='ocrx_word' id='word_1_218' title='bbox 3375 1825 3475 1893; x_wconf 76' lang='grc' dir='ltr'>τῆς</span> <span class='ocrx_word' id='word_1_219' title='bbox 3507 1823 3874 1900; x_wconf 54' lang='grc' dir='ltr'>προκειμένης</span> 
     </span>
    </p>
   </div>
   <div class='ocr_carea' id='block_1_33' title="bbox 459 1912 2091 1991">
    <p class='ocr_par' dir='ltr' id='par_1_33' title="bbox 459 1912 2091 1991">
     <span class='ocr_line' id='line_1_33' title="bbox 459 1912 2091 1991; baseline -0.006 -14"><span class='ocrx_word' id='word_1_220' title='bbox 459 1916 997 1991; x_wconf 81' lang='lat' dir='ltr'><strong>contemplationis,</strong></span> <span class='ocrx_word' id='word_1_221' title='bbox 1032 1913 1328 1986; x_wconf 90' lang='lat' dir='ltr'><strong>quomodo</strong></span> <span class='ocrx_word' id='word_1_222' title='bbox 1359 1917 1415 1968; x_wconf 89' lang='lat' dir='ltr'><strong>et</strong></span> <span class='ocrx_word' id='word_1_223' title='bbox 1445 1912 1504 1967; x_wconf 90' lang='lat' dir='ltr'><strong>in</strong></span> <span class='ocrx_word' id='word_1_224' title='bbox 1545 1912 1821 1984; x_wconf 88' lang='lat' dir='ltr'><strong>episcopo</strong></span> <span class='ocrx_word' id='word_1_225' title='bbox 1875 1912 1947 1968; x_wconf 88' lang='lat' dir='ltr'>ab</span> <span class='ocrx_word' id='word_1_226' title='bbox 1997 1927 2091 1968; x_wconf 62' lang='lat' dir='ltr'>unt</span> 
     </span>
    </p>
   </div>
   <div class='ocr_carea' id='block_1_34' title="bbox 2241 1912 3873 1991">
    <p class='ocr_par' dir='ltr' id='par_1_34' title="bbox 2241 1912 3873 1987">
     <span class='ocr_line' id='line_1_34' title="bbox 2241 1912 3873 1987; baseline 0.002 -20"><span class='ocrx_word' id='word_1_227' title='bbox 2241 1913 2481 1987; x_wconf 71' lang='lat' dir='ltr'><strong>)swplac,</strong></span> <span class='ocrx_word' id='word_1_228' title='bbox 2511 1918 2629 1976; x_wconf 88' lang='grc' dir='ltr'>πῶς</span> <span class='ocrx_word' id='word_1_229' title='bbox 2674 1913 2762 1968; x_wconf 85' lang='grc' dir='ltr'>καὶ</span> <span class='ocrx_word' id='word_1_230' title='bbox 2816 1913 2903 1968; x_wconf 69' lang='grc' dir='ltr'>ἐπὶ</span> <span class='ocrx_word' id='word_1_231' title='bbox 2933 1917 3029 1968; x_wconf 94' lang='grc' dir='ltr'>τοῦ</span> <span class='ocrx_word' id='word_1_232' title='bbox 3061 1912 3359 1968; x_wconf 79' lang='grc' dir='ltr'>ἐπισκόπου</span> <span class='ocrx_word' id='word_1_233' title='bbox 3389 1913 3495 1969; x_wconf 83' lang='grc' dir='ltr'>ἀπὸ</span> <span class='ocrx_word' id='word_1_234' title='bbox 3529 1917 3574 1951; x_wconf 82' lang='grc'>¹³</span> <span class='ocrx_word' id='word_1_235' title='bbox 3604 1917 3699 1968; x_wconf 92' lang='grc' dir='ltr'>τοῦ</span> <span class='ocrx_word' id='word_1_236' title='bbox 3763 1914 3873 1976; x_wconf 70' lang='grc' dir='ltr'>ἑνὸς</span> 
     </span>
    </p>
   </div>
   <div class='ocr_carea' id='block_1_35' title="bbox 458 2000 2090 2080">
    <p class='ocr_par' dir='ltr' id='par_1_35' title="bbox 458 2003 2080 2080">
     <span class='ocr_line' id='line_1_35' title="bbox 458 2003 2080 2080; baseline -0.005 -16"><span class='ocrx_word' id='word_1_237' title='bbox 458 2008 908 2080; x_wconf 84' lang='lat' dir='ltr'><strong>multiplicatur,</strong></span> <span class='ocrx_word' id='word_1_238' title='bbox 937 2006 1004 2060; x_wconf 87' lang='lat' dir='ltr'><strong>ab</strong></span> <span class='ocrx_word' id='word_1_239' title='bbox 1033 2003 1394 2076; x_wconf 80' lang='lat' dir='ltr'><strong>inferioribus</strong></span> <span class='ocrx_word' id='word_1_240' title='bbox 1434 2017 1563 2057; x_wconf 83' lang='lat' dir='ltr'><strong>vero</strong></span> <span class='ocrx_word' id='word_1_241' title='bbox 1601 2003 1843 2058; x_wconf 82' lang='lat' dir='ltr'><strong>detineri</strong></span> <span class='ocrx_word' id='word_1_242' title='bbox 1889 2003 2080 2074; x_wconf 82' lang='lat' dir='ltr'><strong>nequit</strong></span> 
     </span>
    </p>
   </div>
   <div class='ocr_carea' id='block_1_36' title="bbox 2241 2000 3873 2080">
    <p class='ocr_par' dir='ltr' id='par_1_36' title="bbox 2241 2000 3873 2077">
     <span class='ocr_line' id='line_1_36' title="bbox 2241 2000 3873 2077; baseline 0.001 -21"><span class='ocrx_word' id='word_1_243' title='bbox 2241 2000 2582 2072; x_wconf 79' lang='grc' dir='ltr'>τληθύνεται,</span> <span class='ocrx_word' id='word_1_244' title='bbox 2611 2007 2729 2064; x_wconf 82' lang='grc' dir='ltr'>τοῖς</span> <span class='ocrx_word' id='word_1_245' title='bbox 2755 2000 2811 2056; x_wconf 74' lang='grc' dir='ltr'>δὲ</span> <span class='ocrx_word' id='word_1_246' title='bbox 2831 2001 3054 2070; x_wconf 81' lang='grc' dir='ltr'>ἥττοσιν</span> <span class='ocrx_word' id='word_1_247' title='bbox 3088 2003 3456 2077; x_wconf 78' lang='grc' dir='ltr'>ἀκατάσχετός</span> <span class='ocrx_word' id='word_1_248' title='bbox 3491 2001 3873 2072; x_wconf 74' lang='grc' dir='ltr'>ἐστι,τοσ·τέστι</span> 
     </span>
    </p>
   </div>
   <div class='ocr_carea' id='block_1_37' title="bbox 455 2090 2087 2167">
    <p class='ocr_par' dir='ltr' id='par_1_37' title="bbox 455 2095 1764 2167">
     <span class='ocr_line' id='line_1_37' title="bbox 455 2095 1764 2167; baseline -0.005 -11"><span class='ocrx_word' id='word_1_249' title='bbox 455 2099 567 2156; x_wconf 90' lang='lat' dir='ltr'>hoc</span> <span class='ocrx_word' id='word_1_250' title='bbox 595 2103 703 2167; x_wconf 87' lang='lat' dir='ltr'><strong>est,</strong></span> <span class='ocrx_word' id='word_1_251' title='bbox 733 2114 849 2154; x_wconf 93' lang='lat' dir='ltr'><strong>non</strong></span> <span class='ocrx_word' id='word_1_252' title='bbox 881 2095 1329 2154; x_wconf 86' lang='lat' dir='ltr'><strong>communicans</strong></span> <span class='ocrx_word' id='word_1_253' title='bbox 1356 2095 1764 2151; x_wconf 85' lang='lat' dir='ltr'><strong>deterioribus.</strong></span> 
     </span>
    </p>
   </div>
   <div class='ocr_carea' id='block_1_38' title="bbox 1489 2090 3121 2167">
    <p class='ocr_par' dir='ltr' id='par_1_38' title="bbox 1489 2090 3121 2165">
     <span class='ocr_line' id='line_1_38' title="bbox 1489 2090 3121 2165; baseline -0.003 -15"><span class='ocrx_word' id='word_1_254' title='bbox 1489 2095 1764 2150; x_wconf 87' lang='lat' dir='ltr'><strong>rioribus.</strong></span> <span class='ocrx_word' id='word_1_255' title='bbox 2225 2093 2300 2164; x_wconf 82' lang='grc' dir='ltr'>μή</span> <span class='ocrx_word' id='word_1_256' title='bbox 2335 2091 2681 2146; x_wconf 67' lang='grc' dir='ltr'>ἐπικοινῶνιι</span> <span class='ocrx_word' id='word_1_257' title='bbox 2707 2095 2824 2152; x_wconf 84' lang='grc' dir='ltr'>τοῖς</span> <span class='ocrx_word' id='word_1_258' title='bbox 2858 2090 3121 2165; x_wconf 80' lang='grc' dir='ltr'>χείροσιν.</span> 
     </span>
    </p>
   </div>
   <div class='ocr_carea' id='block_1_39' title="bbox 526 2178 2158 2257">
    <p class='ocr_par' dir='ltr' id='par_1_39' title="bbox 526 2183 2108 2257">
     <span class='ocr_line' id='line_1_39' title="bbox 526 2183 2108 2257; baseline -0.003 -13"><span class='ocrx_word' id='word_1_259' title='bbox 526 2192 554 2257; x_wconf 89' lang='lat'>§</span> <span class='ocrx_word' id='word_1_260' title='bbox 581 2188 676 2245; x_wconf 89' lang='lat' dir='ltr'>IV.</span> <span class='ocrx_word' id='word_1_261' title='bbox 708 2193 885 2244; x_wconf 89' lang='lat' dir='ltr'><strong>Porro</strong></span> <span class='ocrx_word' id='word_1_262' title='bbox 915 2187 1292 2256; x_wconf 75' lang='lat' dir='ltr'><strong>psalmorum.</strong></span> <span class='ocrx_word' id='word_1_263' title='bbox 1325 2185 1473 2248; x_wconf 88' lang='lat' dir='ltr'><strong>Quid</strong></span> <span class='ocrx_word' id='word_1_264' title='bbox 1509 2183 1903 2256; x_wconf 87' lang='lat' dir='ltr'><strong>psalmi.Nota</strong></span> <span class='ocrx_word' id='word_1_265' title='bbox 1933 2184 2108 2240; x_wconf 89' lang='lat' dir='ltr'><strong>etiam</strong></span> 
     </span>
    </p>
   </div>
   <div class='ocr_carea' id='block_1_40' title="bbox 2240 2178 3872 2257">
    <p class='ocr_par' dir='ltr' id='par_1_40' title="bbox 2291 2178 3872 2255">
     <span class='ocr_line' id='line_1_40' title="bbox 2291 2178 3872 2255; baseline -0.006 -19"><span class='ocrx_word' id='word_1_266' title='bbox 2291 2183 2440 2255; x_wconf 60' lang='grc' dir='ltr'>ξίν.</span> <span class='ocrx_word' id='word_1_267' title='bbox 2471 2182 2532 2237; x_wconf 87' lang='grc' dir='ltr'>Ἡ</span> <span class='ocrx_word' id='word_1_268' title='bbox 2583 2179 2641 2235; x_wconf 76' lang='grc' dir='ltr'>δὲ</span> <span class='ocrx_word' id='word_1_269' title='bbox 2695 2185 2802 2236; x_wconf 89' lang='grc' dir='ltr'>τῶν</span> <span class='ocrx_word' id='word_1_270' title='bbox 2831 2178 3092 2253; x_wconf 82' lang='grc' dir='ltr'>ψαλμῶν.</span> <span class='ocrx_word' id='word_1_271' title='bbox 3151 2179 3211 2234; x_wconf 87' lang='grc' dir='ltr'>Τί</span> <span class='ocrx_word' id='word_1_272' title='bbox 3262 2181 3314 2236; x_wconf 77' lang='grc' dir='ltr'>οἱ</span> <span class='ocrx_word' id='word_1_273' title='bbox 3345 2180 3583 2255; x_wconf 83' lang='grc' dir='ltr'>ψαλμοί.</span> <span class='ocrx_word' id='word_1_274' title='bbox 3617 2182 3714 2238; x_wconf 82' lang='grc' dir='ltr'>Καὶ</span> <span class='ocrx_word' id='word_1_275' title='bbox 3781 2203 3872 2254; x_wconf 82' lang='grc' dir='ltr'>ση.</span> 
     </span>
    </p>
   </div>
   <div class='ocr_carea' id='block_1_41' title="bbox 451 2267 2083 2346">
    <p class='ocr_par' dir='ltr' id='par_1_41' title="bbox 451 2271 2081 2345">
     <span class='ocr_line' id='line_1_41' title="bbox 451 2271 2081 2345; baseline -0.004 -11"><span class='ocrx_word' id='word_1_276' title='bbox 451 2277 560 2334; x_wconf 89' lang='lat' dir='ltr'>hoc</span> <span class='ocrx_word' id='word_1_277' title='bbox 588 2277 834 2334; x_wconf 90' lang='lat' dir='ltr'><strong>verbum</strong></span> <span class='ocrx_word' id='word_1_278' title='bbox 868 2271 1302 2345; x_wconf 74' lang='grc' dir='ltr'>συνουσιωμένη,</span> <span class='ocrx_word' id='word_1_279' title='bbox 1335 2273 1806 2329; x_wconf 78' lang='lat' dir='ltr'><strong>consubstantiata</strong></span> <span class='ocrx_word' id='word_1_280' title='bbox 1855 2289 1958 2328; x_wconf 87' lang='lat' dir='ltr'>seu</span> <span class='ocrx_word' id='word_1_281' title='bbox 2009 2289 2081 2328; x_wconf 90' lang='lat' dir='ltr'><strong>ne</strong></span> 
     </span>
    </p>
   </div>
   <div class='ocr_carea' id='block_1_42' title="bbox 2238 2267 3870 2346">
    <p class='ocr_par' dir='ltr' id='par_1_42' title="bbox 2238 2267 3870 2346">
     <span class='ocr_line' id='line_1_42' title="bbox 2238 2267 3870 2346; baseline 0.002 -22"><span class='ocrx_word' id='word_1_282' title='bbox 2238 2271 2452 2324; x_wconf 70' lang='grc' dir='ltr'>ιείωσαι</span> <span class='ocrx_word' id='word_1_283' title='bbox 2500 2271 2562 2324; x_wconf 89' lang='grc' dir='ltr'>τὸ</span> <span class='ocrx_word' id='word_1_284' title='bbox 2611 2272 3042 2342; x_wconf 81' lang='grc' dir='ltr'>συνουσιωμένη’</span> <span class='ocrx_word' id='word_1_285' title='bbox 3086 2267 3236 2325; x_wconf 74' lang='grc' dir='ltr'>ἀλλὰ</span> <span class='ocrx_word' id='word_1_286' title='bbox 3264 2270 3382 2325; x_wconf 82' lang='grc' dir='ltr'>τὸ¹⁵</span> <span class='ocrx_word' id='word_1_287' title='bbox 3413 2268 3607 2346; x_wconf 82' lang='grc' dir='ltr'>σχεδὸν</span> <span class='ocrx_word' id='word_1_288' title='bbox 3674 2270 3870 2345; x_wconf 75' lang='grc' dir='ltr'>προσέ-</span> 
     </span>
    </p>
   </div>
   <div class='ocr_carea' id='block_1_43' title="bbox 451 2357 2083 2437">
    <p class='ocr_par' dir='ltr' id='par_1_43' title="bbox 451 2359 2083 2437">
     <span class='ocr_line' id='line_1_43' title="bbox 451 2359 2083 2437; baseline -0.005 -13"><span class='ocrx_word' id='word_1_289' title='bbox 451 2366 708 2425; x_wconf 88' lang='lat' dir='ltr'><strong>cessaria</strong></span> <span class='ocrx_word' id='word_1_290' title='bbox 741 2384 752 2422; x_wconf 95' lang='lat'>:</span> <span class='ocrx_word' id='word_1_291' title='bbox 789 2366 889 2421; x_wconf 91' lang='lat' dir='ltr'>sed</span> <span class='ocrx_word' id='word_1_292' title='bbox 921 2364 984 2418; x_wconf 87' lang='grc' dir='ltr'>τὸ</span> <span class='ocrx_word' id='word_1_293' title='bbox 1015 2359 1234 2437; x_wconf 80' lang='grc' dir='ltr'>σχεδόν,</span> <span class='ocrx_word' id='word_1_294' title='bbox 1269 2364 1406 2433; x_wconf 84' lang='lat' dir='ltr'><strong>fere,</strong></span> <span class='ocrx_word' id='word_1_295' title='bbox 1428 2361 1713 2433; x_wconf 86' lang='lat' dir='ltr'><strong>adjunxit;</strong></span> <span class='ocrx_word' id='word_1_296' title='bbox 1734 2377 1922 2433; x_wconf 89' lang='lat' dir='ltr'><strong>neque</strong></span> <span class='ocrx_word' id='word_1_297' title='bbox 1951 2361 2083 2418; x_wconf 92' lang='lat' dir='ltr'><strong>enin</strong></span> 
     </span>
    </p>
   </div>
   <div class='ocr_carea' id='block_1_44' title="bbox 2237 2357 3869 2437">
    <p class='ocr_par' dir='ltr' id='par_1_44' title="bbox 2237 2357 3869 2434">
     <span class='ocr_line' id='line_1_44' title="bbox 2237 2357 3869 2434; baseline 0.002 -21"><span class='ocrx_word' id='word_1_298' title='bbox 2237 2361 2403 2428; x_wconf 66' lang='grc' dir='ltr'>ὶηκεν⁹</span> <span class='ocrx_word' id='word_1_299' title='bbox 2439 2357 2501 2413; x_wconf 82' lang='grc' dir='ltr'>οὐ</span> <span class='ocrx_word' id='word_1_300' title='bbox 2545 2358 2645 2434; x_wconf 75' lang='grc' dir='ltr'>γὰρ</span> <span class='ocrx_word' id='word_1_301' title='bbox 2705 2358 2986 2429; x_wconf 79' lang='grc' dir='ltr'>ἀλλήλοις</span> <span class='ocrx_word' id='word_1_302' title='bbox 3035 2359 3243 2428; x_wconf 79' lang='grc' dir='ltr'>ἥνωται</span> <span class='ocrx_word' id='word_1_303' title='bbox 3272 2363 3442 2415; x_wconf 86' lang='grc' dir='ltr'>ταῦτα</span> <span class='ocrx_word' id='word_1_304' title='bbox 3487 2361 3606 2415; x_wconf 87' lang='grc' dir='ltr'>κατ’</span> <span class='ocrx_word' id='word_1_305' title='bbox 3664 2360 3869 2430; x_wconf 77' lang='grc' dir='ltr'>οὐσίαν,</span> 
     </span>
    </p>
   </div>
   <div class='ocr_carea' id='block_1_45' title="bbox 450 2445 2082 2524">
    <p class='ocr_par' dir='ltr' id='par_1_45' title="bbox 450 2451 2071 2524">
     <span class='ocr_line' id='line_1_45' title="bbox 450 2451 2071 2524; baseline -0.004 -12"><span class='ocrx_word' id='word_1_306' title='bbox 450 2456 575 2512; x_wconf 63' lang='lat' dir='ltr'><strong>haec</strong></span> <span class='ocrx_word' id='word_1_307' title='bbox 607 2457 758 2511; x_wconf 89' lang='lat' dir='ltr'><strong>inter</strong></span> <span class='ocrx_word' id='word_1_308' title='bbox 786 2470 850 2510; x_wconf 90' lang='lat' dir='ltr'><strong>se</strong></span> <span class='ocrx_word' id='word_1_309' title='bbox 880 2469 1030 2509; x_wconf 88' lang='lat' dir='ltr'><strong>nexa</strong></span> <span class='ocrx_word' id='word_1_310' title='bbox 1060 2459 1117 2508; x_wconf 89' lang='lat' dir='ltr'><strong>et</strong></span> <span class='ocrx_word' id='word_1_311' title='bbox 1158 2455 1364 2524; x_wconf 83' lang='lat' dir='ltr'><strong>juncta</strong></span> <span class='ocrx_word' id='word_1_312' title='bbox 1409 2456 1551 2507; x_wconf 92' lang='lat' dir='ltr'><strong>sunt</strong></span> <span class='ocrx_word' id='word_1_313' title='bbox 1601 2468 1702 2522; x_wconf 90' lang='lat' dir='ltr'>per</span> <span class='ocrx_word' id='word_1_314' title='bbox 1751 2451 2071 2507; x_wconf 89' lang='lat' dir='ltr'><strong>essentiam</strong></span> 
     </span>
    </p>
   </div>
   <div class='ocr_carea' id='block_1_46' title="bbox 2237 2445 3869 2524">
    <p class='ocr_par' dir='ltr' id='par_1_46' title="bbox 2237 2445 3869 2522">
     <span class='ocr_line' id='line_1_46' title="bbox 2237 2445 3869 2522; baseline 0.002 -20"><span class='ocrx_word' id='word_1_315' title='bbox 2237 2447 2366 2503; x_wconf 73' lang='grc' dir='ltr'>ἱλλᾶ</span> <span class='ocrx_word' id='word_1_316' title='bbox 2391 2452 2470 2520; x_wconf 76' lang='grc' dir='ltr'>τῷ</span> <span class='ocrx_word' id='word_1_317' title='bbox 2516 2449 2653 2522; x_wconf 87' lang='grc' dir='ltr'>πρὸς</span> <span class='ocrx_word' id='word_1_318' title='bbox 2681 2445 2771 2503; x_wconf 68' lang='grc' dir='ltr'>ἕνα</span> <span class='ocrx_word' id='word_1_319' title='bbox 2819 2450 3021 2503; x_wconf 85' lang='grc' dir='ltr'>σκοπὸν</span> <span class='ocrx_word' id='word_1_320' title='bbox 3052 2450 3118 2503; x_wconf 80' lang='grc' dir='ltr'>τὰ</span> <span class='ocrx_word' id='word_1_321' title='bbox 3148 2450 3324 2504; x_wconf 87' lang='grc' dir='ltr'>πάντα</span> <span class='ocrx_word' id='word_1_322' title='bbox 3354 2449 3652 2519; x_wconf 78' lang='grc' dir='ltr'>συντελεῖν,</span> <span class='ocrx_word' id='word_1_323' title='bbox 3713 2471 3869 2506; x_wconf 81' lang='grc' dir='ltr'>τουτο</span> 
     </span>
    </p>
   </div>
   <div class='ocr_carea' id='block_1_47' title="bbox 450 2538 2082 2615">
    <p class='ocr_par' dir='ltr' id='par_1_47' title="bbox 450 2541 2080 2615">
     <span class='ocr_line' id='line_1_47' title="bbox 450 2541 2080 2615; baseline -0.003 -14"><span class='ocrx_word' id='word_1_324' title='bbox 450 2545 554 2601; x_wconf 89' lang='lat' dir='ltr'>sed</span> <span class='ocrx_word' id='word_1_325' title='bbox 586 2543 696 2600; x_wconf 91' lang='lat' dir='ltr'>hoc</span> <span class='ocrx_word' id='word_1_326' title='bbox 729 2544 880 2615; x_wconf 89' lang='lat' dir='ltr'><strong>ipso,</strong></span> <span class='ocrx_word' id='word_1_327' title='bbox 931 2543 1086 2614; x_wconf 91' lang='lat' dir='ltr'><strong>quod</strong></span> <span class='ocrx_word' id='word_1_328' title='bbox 1135 2542 1336 2597; x_wconf 88' lang='lat' dir='ltr'><strong>omnia</strong></span> <span class='ocrx_word' id='word_1_329' title='bbox 1385 2542 1452 2596; x_wconf 91' lang='lat' dir='ltr'><strong>ad</strong></span> <span class='ocrx_word' id='word_1_330' title='bbox 1509 2557 1693 2596; x_wconf 92' lang='lat' dir='ltr'><strong>unum</strong></span> <span class='ocrx_word' id='word_1_331' title='bbox 1747 2541 1924 2596; x_wconf 84' lang='lat' dir='ltr'><strong>ﬁnem</strong></span> <span class='ocrx_word' id='word_1_332' title='bbox 1978 2557 2080 2612; x_wconf 92' lang='lat' dir='ltr'>per</span> 
     </span>
    </p>
   </div>
   <div class='ocr_carea' id='block_1_48' title="bbox 2240 2538 3872 2615">
    <p class='ocr_par' dir='ltr' id='par_1_48' title="bbox 2240 2538 3872 2614">
     <span class='ocr_line' id='line_1_48' title="bbox 2240 2538 3872 2614; baseline 0.004 -25"><span class='ocrx_word' id='word_1_333' title='bbox 2240 2559 2360 2591; x_wconf 87' lang='grc' dir='ltr'>,στιν</span> <span class='ocrx_word' id='word_1_334' title='bbox 2391 2538 2466 2598; x_wconf 83' lang='grc' dir='ltr'>εἷς</span> <span class='ocrx_word' id='word_1_335' title='bbox 2494 2539 2595 2605; x_wconf 79' lang='grc' dir='ltr'>τήν</span> <span class='ocrx_word' id='word_1_336' title='bbox 2621 2543 2730 2592; x_wconf 89' lang='grc' dir='ltr'>τῶν</span> <span class='ocrx_word' id='word_1_337' title='bbox 2761 2538 3064 2612; x_wconf 78' lang='grc' dir='ltr'>ἀνθρώπων</span> <span class='ocrx_word' id='word_1_338' title='bbox 3097 2538 3393 2612; x_wconf 82' lang='grc' dir='ltr'>σωτηρίαν,</span> <span class='ocrx_word' id='word_1_339' title='bbox 3425 2538 3528 2614; x_wconf 80' lang='grc' dir='ltr'>ἔφη</span> <span class='ocrx_word' id='word_1_340' title='bbox 3571 2540 3634 2594; x_wconf 86' lang='grc' dir='ltr'>τὸ</span> <span class='ocrx_word' id='word_1_341' title='bbox 3694 2561 3872 2596; x_wconf 83' lang='grc' dir='ltr'>συνου-</span> 
     </span>
    </p>
   </div>
   <div class='ocr_carea' id='block_1_49' title="bbox 450 2625 2082 2705">
    <p class='ocr_par' dir='ltr' id='par_1_49' title="bbox 450 2629 2082 2705">
     <span class='ocr_line' id='line_1_49' title="bbox 450 2629 2082 2705; baseline -0.004 -15"><span class='ocrx_word' id='word_1_342' title='bbox 450 2635 660 2705; x_wconf 88' lang='lat' dir='ltr'><strong>tinent,</strong></span> <span class='ocrx_word' id='word_1_343' title='bbox 693 2634 750 2688; x_wconf 89' lang='lat' dir='ltr'>id</span> <span class='ocrx_word' id='word_1_344' title='bbox 784 2637 874 2689; x_wconf 89' lang='lat' dir='ltr'>est</span> <span class='ocrx_word' id='word_1_345' title='bbox 902 2649 974 2687; x_wconf 90' lang='lat' dir='ltr'><strong>an</strong></span> <span class='ocrx_word' id='word_1_346' title='bbox 1007 2632 1316 2687; x_wconf 87' lang='lat' dir='ltr'><strong>hominum</strong></span> <span class='ocrx_word' id='word_1_347' title='bbox 1349 2631 1622 2697; x_wconf 88' lang='lat' dir='ltr'><strong>salutem,</strong></span> <span class='ocrx_word' id='word_1_348' title='bbox 1654 2630 1800 2686; x_wconf 83' lang='lat' dir='ltr'><strong>dixit</strong></span> <span class='ocrx_word' id='word_1_349' title='bbox 1829 2629 1938 2686; x_wconf 89' lang='lat' dir='ltr'>hoc</span> <span class='ocrx_word' id='word_1_350' title='bbox 1987 2647 2082 2685; x_wconf 89' lang='lat' dir='ltr'><strong>ver</strong></span> 
     </span>
    </p>
   </div>
   <div class='ocr_carea' id='block_1_50' title="bbox 2235 2625 3867 2705">
    <p class='ocr_par' dir='ltr' id='par_1_50' title="bbox 2235 2625 3867 2704">
     <span class='ocr_line' id='line_1_50' title="bbox 2235 2625 3867 2704; baseline 0.001 -24"><span class='ocrx_word' id='word_1_351' title='bbox 2235 2625 2484 2698; x_wconf 72' lang='grc' dir='ltr'>τιωμένη·</span> <span class='ocrx_word' id='word_1_352' title='bbox 2547 2626 2667 2690; x_wconf 78' lang='grc' dir='ltr'>ὅθεν</span> <span class='ocrx_word' id='word_1_353' title='bbox 2723 2627 2877 2692; x_wconf 78' lang='grc' dir='ltr'>εὐθὺς</span> <span class='ocrx_word' id='word_1_354' title='bbox 2927 2628 3177 2704; x_wconf 73' lang='grc' dir='ltr'>ἀπήγαγε</span> <span class='ocrx_word' id='word_1_355' title='bbox 3229 2631 3292 2684; x_wconf 90' lang='grc' dir='ltr'>τὸ</span> <span class='ocrx_word' id='word_1_356' title='bbox 3349 2627 3569 2704; x_wconf 85' lang='grc' dir='ltr'>σχεδὸν,</span> <span class='ocrx_word' id='word_1_357' title='bbox 3619 2627 3867 2698; x_wconf 82' lang='grc' dir='ltr'>κολάζων</span> 
     </span>
    </p>
   </div>
   <div class='ocr_carea' id='block_1_51' title="bbox 455 2715 2087 2794">
    <p class='ocr_par' dir='ltr' id='par_1_51' title="bbox 455 2719 2085 2791">
     <span class='ocr_line' id='line_1_51' title="bbox 455 2719 2085 2791; baseline -0.002 -13"><span class='ocrx_word' id='word_1_358' title='bbox 455 2722 599 2778; x_wconf 89' lang='lat' dir='ltr'>hum</span> <span class='ocrx_word' id='word_1_359' title='bbox 631 2720 1036 2791; x_wconf 77' lang='grc' dir='ltr'>συνουσιωμὲνη</span> <span class='ocrx_word' id='word_1_360' title='bbox 1069 2738 1083 2776; x_wconf 89' lang='lat'><strong>:</strong></span> <span class='ocrx_word' id='word_1_361' title='bbox 1118 2720 1366 2791; x_wconf 91' lang='lat' dir='ltr'>ideoque</span> <span class='ocrx_word' id='word_1_362' title='bbox 1396 2719 1599 2776; x_wconf 84' lang='lat' dir='ltr'><strong>statim</strong></span> <span class='ocrx_word' id='word_1_363' title='bbox 1629 2723 1746 2790; x_wconf 74' lang='lat' dir='ltr'><strong>fere</strong></span> <span class='ocrx_word' id='word_1_364' title='bbox 1777 2720 2085 2790; x_wconf 82' lang='lat' dir='ltr'><strong>subjunxit</strong></span> 
     </span>
    </p>
   </div>
   <div class='ocr_carea' id='block_1_52' title="bbox 2235 2715 3867 2794">
    <p class='ocr_par' dir='ltr' id='par_1_52' title="bbox 2235 2715 3867 2794">
     <span class='ocr_line' id='line_1_52' title="bbox 2235 2715 3867 2794; baseline 0.002 -25"><span class='ocrx_word' id='word_1_365' title='bbox 2235 2717 2314 2785; x_wconf 74' lang='grc' dir='ltr'>τὴν</span> <span class='ocrx_word' id='word_1_366' title='bbox 2366 2716 2471 2770; x_wconf 83' lang='grc' dir='ltr'>ἀπὸ</span> <span class='ocrx_word' id='word_1_367' title='bbox 2521 2723 2619 2785; x_wconf 81' lang='grc' dir='ltr'>τῆς</span> <span class='ocrx_word' id='word_1_368' title='bbox 2669 2715 2864 2787; x_wconf 76' lang='grc' dir='ltr'>λέξεως</span> <span class='ocrx_word' id='word_1_369' title='bbox 2912 2716 3248 2774; x_wconf 73' lang='grc' dir='ltr'>ἐναντίωσιν.</span> <span class='ocrx_word' id='word_1_370' title='bbox 3308 2717 3608 2794; x_wconf 82' lang='grc' dir='ltr'>Κατωτὲρω</span> <span class='ocrx_word' id='word_1_371' title='bbox 3633 2716 3695 2774; x_wconf 76' lang='grc' dir='ltr'>δὶ</span> <span class='ocrx_word' id='word_1_372' title='bbox 3752 2718 3867 2791; x_wconf 86' lang='grc' dir='ltr'>μίαν</span> 
     </span>
    </p>
   </div>
   <div class='ocr_carea' id='block_1_53' title="bbox 457 2802 2089 2884">
    <p class='ocr_par' dir='ltr' id='par_1_53' title="bbox 457 2808 2089 2884">
     <span class='ocr_line' id='line_1_53' title="bbox 457 2808 2089 2884; baseline -0.002 -16"><span class='ocrx_word' id='word_1_373' title='bbox 457 2812 758 2884; x_wconf 84' lang='lat' dir='ltr'><strong>corrigens</strong></span> <span class='ocrx_word' id='word_1_374' title='bbox 786 2811 1097 2866; x_wconf 87' lang='lat' dir='ltr'><strong>verborum</strong></span> <span class='ocrx_word' id='word_1_375' title='bbox 1129 2809 1598 2882; x_wconf 75' lang='lat' dir='ltr'><strong>repugnantiam</strong></span> <span class='ocrx_word' id='word_1_376' title='bbox 1632 2825 1645 2864; x_wconf 93' lang='lat'>:</span> <span class='ocrx_word' id='word_1_377' title='bbox 1679 2808 1854 2880; x_wconf 91' lang='lat' dir='ltr'><strong>paulo</strong></span> <span class='ocrx_word' id='word_1_378' title='bbox 1908 2813 2089 2865; x_wconf 81' lang='lat' dir='ltr'><strong>auten</strong></span> 
     </span>
    </p>
   </div>
   <div class='ocr_carea' id='block_1_54' title="bbox 2233 2802 3865 2884">
    <p class='ocr_par' dir='ltr' id='par_1_54' title="bbox 2233 2803 3865 2882">
     <span class='ocr_line' id='line_1_54' title="bbox 2233 2803 3865 2882; baseline 0.004 -25"><span class='ocrx_word' id='word_1_379' title='bbox 2233 2803 2500 2877; x_wconf 75' lang='grc' dir='ltr'>ἷμπνευσίν</span> <span class='ocrx_word' id='word_1_380' title='bbox 2533 2827 2687 2882; x_wconf 79' lang='grc' dir='ltr'>φησι,</span> <span class='ocrx_word' id='word_1_381' title='bbox 2714 2807 2958 2862; x_wconf 75' lang='grc' dir='ltr'>τουτέστι</span> <span class='ocrx_word' id='word_1_382' title='bbox 3007 2806 3132 2880; x_wconf 85' lang='grc' dir='ltr'>μίαν</span> <span class='ocrx_word' id='word_1_383' title='bbox 3179 2806 3507 2880; x_wconf 77' lang='grc' dir='ltr'>σύμπνοιαν,</span> <span class='ocrx_word' id='word_1_384' title='bbox 3530 2808 3559 2863; x_wconf 73' lang='grc' dir='ltr'>ὃ</span> <span class='ocrx_word' id='word_1_385' title='bbox 3590 2805 3766 2878; x_wconf 85' lang='grc' dir='ltr'>δηλοῖ</span> <span class='ocrx_word' id='word_1_386' title='bbox 3791 2809 3865 2876; x_wconf 84' lang='grc' dir='ltr'>τὸ,</span> 
     </span>
    </p>
   </div>
   <div class='ocr_carea' id='block_1_55' title="bbox 454 2891 2086 2971">
    <p class='ocr_par' dir='ltr' id='par_1_55' title="bbox 454 2898 2086 2971">
     <span class='ocr_line' id='line_1_55' title="bbox 454 2898 2086 2971; baseline -0.001 -15"><span class='ocrx_word' id='word_1_387' title='bbox 454 2900 610 2956; x_wconf 84' lang='lat' dir='ltr'><strong>infra</strong></span> <span class='ocrx_word' id='word_1_388' title='bbox 639 2901 928 2970; x_wconf 88' lang='lat' dir='ltr'><strong>ait,unam</strong></span> <span class='ocrx_word' id='word_1_389' title='bbox 958 2899 1426 2970; x_wconf 84' lang='lat' dir='ltr'><strong>inspirationem,</strong></span> <span class='ocrx_word' id='word_1_390' title='bbox 1459 2898 1516 2953; x_wconf 91' lang='lat' dir='ltr'>id</span> <span class='ocrx_word' id='word_1_391' title='bbox 1548 2901 1637 2954; x_wconf 90' lang='lat' dir='ltr'>est</span> <span class='ocrx_word' id='word_1_392' title='bbox 1666 2913 1843 2953; x_wconf 90' lang='lat' dir='ltr'><strong>unam</strong></span> <span class='ocrx_word' id='word_1_393' title='bbox 1870 2899 2086 2971; x_wconf 33' lang='lat' dir='ltr'><strong>conspi‘</strong></span> 
     </span>
    </p>
   </div>
   <div class='ocr_carea' id='block_1_56' title="bbox 1333 2891 2965 2971">
    <p class='ocr_par' dir='ltr' id='par_1_56' title="bbox 1333 2891 2965 2971">
     <span class='ocr_line' id='line_1_56' title="bbox 1333 2891 2965 2971; baseline -0.001 -18"><span class='ocrx_word' id='word_1_394' title='bbox 1333 2915 1426 2964; x_wconf 66' lang='grc' dir='ltr'>ιω,</span> <span class='ocrx_word' id='word_1_395' title='bbox 1459 2898 1516 2953; x_wconf 90' lang='lat' dir='ltr'><strong>id</strong></span> <span class='ocrx_word' id='word_1_396' title='bbox 1548 2901 1637 2954; x_wconf 89' lang='lat' dir='ltr'>est</span> <span class='ocrx_word' id='word_1_397' title='bbox 1666 2913 1843 2953; x_wconf 88' lang='lat' dir='ltr'><strong>unam</strong></span> <span class='ocrx_word' id='word_1_398' title='bbox 1870 2899 2106 2971; x_wconf 81' lang='lat' dir='ltr'><strong>conspi-</strong></span> <span class='ocrx_word' id='word_1_399' title='bbox 2214 2891 2308 2949; x_wconf 72' lang='grc' dir='ltr'>ἕνα</span> <span class='ocrx_word' id='word_1_400' title='bbox 2337 2892 2551 2948; x_wconf 85' lang='grc' dir='ltr'>πάντων</span> <span class='ocrx_word' id='word_1_401' title='bbox 2576 2895 2708 2948; x_wconf 72' lang='grc' dir='ltr'>εἶναι</span> <span class='ocrx_word' id='word_1_402' title='bbox 2741 2894 2965 2953; x_wconf 84' lang='grc' dir='ltr'>σκοπόν.</span> 
     </span>
    </p>
   </div>
   <div class='ocr_carea' id='block_1_57' title="bbox 453 2986 2104 3060">
    <p class='ocr_par' dir='ltr' id='par_1_57' title="bbox 453 2986 2104 3060">
     <span class='ocr_line' id='line_1_57' title="bbox 453 2986 2104 3060; baseline -0.001 -16"><span class='ocrx_word' id='word_1_403' title='bbox 453 2989 766 3058; x_wconf 83' lang='lat' dir='ltr'><strong>rationem,</strong></span> <span class='ocrx_word' id='word_1_404' title='bbox 816 2989 971 3060; x_wconf 91' lang='lat' dir='ltr'><strong>quod</strong></span> <span class='ocrx_word' id='word_1_405' title='bbox 1021 2986 1279 3044; x_wconf 88' lang='lat' dir='ltr'><strong>declarat</strong></span> <span class='ocrx_word' id='word_1_406' title='bbox 1326 3004 1512 3043; x_wconf 90' lang='lat' dir='ltr'><strong>unum</strong></span> <span class='ocrx_word' id='word_1_407' title='bbox 1572 2987 1751 3042; x_wconf 83' lang='lat' dir='ltr'><strong>ﬁnem</strong></span> <span class='ocrx_word' id='word_1_408' title='bbox 1801 3002 1930 3043; x_wconf 87' lang='lat' dir='ltr'><strong>esse</strong></span> <span class='ocrx_word' id='word_1_409' title='bbox 1976 3004 2104 3044; x_wconf 89' lang='lat' dir='ltr'>om-</span> 
     </span>
    </p>
   </div>
   <div class='ocr_carea' id='block_1_58' title="bbox 451 3094 642 3136">
    <p class='ocr_par' dir='ltr' id='par_1_58' title="bbox 451 3094 642 3136">
     <span class='ocr_line' id='line_1_58' title="bbox 451 3094 642 3136; baseline 0 -1"><span class='ocrx_word' id='word_1_410' title='bbox 451 3094 642 3136; x_wconf 80' lang='lat' dir='ltr'><strong>nium:</strong></span> 
     </span>
    </p>
   </div>
   <div class='ocr_carea' id='block_1_59' title="bbox 527 3160 2159 3241">
    <p class='ocr_par' dir='ltr' id='par_1_59' title="bbox 527 3163 2159 3241">
     <span class='ocr_line' id='line_1_59' title="bbox 527 3163 2159 3241; baseline -0.002 -16"><span class='ocrx_word' id='word_1_411' title='bbox 527 3168 725 3226; x_wconf 77' lang='lat' dir='ltr'><strong>Omnis</strong></span> <span class='ocrx_word' id='word_1_412' title='bbox 753 3183 1054 3239; x_wconf 82' lang='lat' dir='ltr'><strong>numquam</strong></span> <span class='ocrx_word' id='word_1_413' title='bbox 1081 3182 1277 3224; x_wconf 72' lang='lat' dir='ltr'><strong>sacrae.</strong></span> <span class='ocrx_word' id='word_1_414' title='bbox 1327 3165 1606 3223; x_wconf 88' lang='lat' dir='ltr'><strong>Omnium</strong></span> <span class='ocrx_word' id='word_1_415' title='bbox 1654 3163 1940 3220; x_wconf 91' lang='lat' dir='ltr'><strong>librorum</strong></span> <span class='ocrx_word' id='word_1_416' title='bbox 1990 3164 2104 3221; x_wconf 82' lang='lat' dir='ltr'>Ve-</span> <span class='ocrx_word' id='word_1_417' title='bbox 2142 3231 2159 3241; x_wconf 81' lang='lat'>_</span> 
     </span>
    </p>
   </div>
   <div class='ocr_carea' id='block_1_60' title="bbox 2233 3160 3865 3241">
    <p class='ocr_par' dir='ltr' id='par_1_60' title="bbox 2286 3160 3865 3241">
     <span class='ocr_line' id='line_1_60' title="bbox 2286 3160 3865 3241; baseline 0.004 -23"><span class='ocrx_word' id='word_1_418' title='bbox 2286 3168 2434 3218; x_wconf 82' lang='grc' dir='ltr'>Πᾶσα</span> <span class='ocrx_word' id='word_1_419' title='bbox 2468 3164 2562 3237; x_wconf 75' lang='grc' dir='ltr'>μὶν</span> <span class='ocrx_word' id='word_1_420' title='bbox 2592 3162 2695 3238; x_wconf 77' lang='grc' dir='ltr'>γὰρ</span> <span class='ocrx_word' id='word_1_421' title='bbox 2727 3163 2864 3237; x_wconf 74' lang='grc' dir='ltr'>ἱερά.</span> <span class='ocrx_word' id='word_1_422' title='bbox 2899 3166 3017 3219; x_wconf 90' lang='grc' dir='ltr'>Τῶν</span> <span class='ocrx_word' id='word_1_423' title='bbox 3045 3169 3143 3234; x_wconf 88' lang='grc' dir='ltr'>τῆς</span> <span class='ocrx_word' id='word_1_424' title='bbox 3177 3161 3420 3228; x_wconf 82' lang='grc' dir='ltr'>Ηαλαιᾶς</span> <span class='ocrx_word' id='word_1_425' title='bbox 3469 3160 3708 3241; x_wconf 80' lang='grc' dir='ltr'>βιϐλίων</span> <span class='ocrx_word' id='word_1_426' title='bbox 3756 3169 3865 3224; x_wconf 84' lang='grc' dir='ltr'>κατ’</span> 
     </span>
    </p>
   </div>
   <div class='ocr_carea' id='block_1_61' title="bbox 451 3231 2083 3328">
    <p class='ocr_par' dir='ltr' id='par_1_61' title="bbox 451 3256 2083 3327">
     <span class='ocr_line' id='line_1_61' title="bbox 451 3256 2083 3327; baseline -0.002 -12"><span class='ocrx_word' id='word_1_427' title='bbox 451 3258 592 3315; x_wconf 88' lang='lat' dir='ltr'><strong>teris</strong></span> <span class='ocrx_word' id='word_1_428' title='bbox 620 3256 976 3315; x_wconf 85' lang='lat' dir='ltr'><strong>Testamenti</strong></span> <span class='ocrx_word' id='word_1_429' title='bbox 1008 3256 1200 3313; x_wconf 90' lang='lat' dir='ltr'><strong>brevis</strong></span> <span class='ocrx_word' id='word_1_430' title='bbox 1249 3260 1307 3312; x_wconf 90' lang='lat' dir='ltr'><strong>et</strong></span> <span class='ocrx_word' id='word_1_431' title='bbox 1353 3271 1458 3327; x_wconf 93' lang='lat' dir='ltr'>per</span> <span class='ocrx_word' id='word_1_432' title='bbox 1505 3259 1890 3311; x_wconf 88' lang='lat' dir='ltr'><strong>transennam</strong></span> <span class='ocrx_word' id='word_1_433' title='bbox 1941 3271 2083 3312; x_wconf 36' lang='lat' dir='ltr'><strong>com‘</strong></span> 
     </span>
    </p>
   </div>
   <div class='ocr_carea' id='block_1_62' title="bbox 1234 3231 2866 3328">
    <p class='ocr_par' dir='ltr' id='par_1_62' title="bbox 1249 3231 2866 3328">
     <span class='ocr_line' id='line_1_62' title="bbox 1249 3231 2866 3328; baseline -0.001 -16"><span class='ocrx_word' id='word_1_434' title='bbox 1249 3260 1307 3312; x_wconf 90' lang='lat' dir='ltr'><strong>et</strong></span> <span class='ocrx_word' id='word_1_435' title='bbox 1353 3271 1458 3327; x_wconf 92' lang='lat' dir='ltr'>per</span> <span class='ocrx_word' id='word_1_436' title='bbox 1505 3259 1890 3311; x_wconf 88' lang='lat' dir='ltr'><strong>transennam</strong></span> <span class='ocrx_word' id='word_1_437' title='bbox 1941 3271 2100 3312; x_wconf 89' lang='lat' dir='ltr'><strong>com-</strong></span> <span class='ocrx_word' id='word_1_438' title='bbox 2133 3231 2177 3301; x_wconf 65' lang='grc' dir='ltr'>Ο</span> <span class='ocrx_word' id='word_1_439' title='bbox 2215 3231 2520 3328; x_wconf 70' lang='grc' dir='ltr'>ἇπιδρομῆν</span> <span class='ocrx_word' id='word_1_440' title='bbox 2553 3231 2866 3326; x_wconf 40' lang='lat' dir='ltr'><strong>animi“.</strong></span> 
     </span>
    </p>
   </div>
   <div class='ocr_carea' id='block_1_63' title="bbox 453 3347 822 3405">
    <p class='ocr_par' dir='ltr' id='par_1_63' title="bbox 453 3347 822 3405">
     <span class='ocr_line' id='line_1_63' title="bbox 453 3347 822 3405; baseline -0.003 0"><span class='ocrx_word' id='word_1_441' title='bbox 453 3347 822 3405; x_wconf 88' lang='lat' dir='ltr'><strong>memoratio.</strong></span> 
     </span>
    </p>
   </div>
   <div class='ocr_carea' id='block_1_64' title="bbox 527 3428 2159 3507">
    <p class='ocr_par' dir='ltr' id='par_1_64' title="bbox 527 3433 2108 3507">
     <span class='ocr_line' id='line_1_64' title="bbox 527 3433 2108 3507; baseline -0.001 -13"><span class='ocrx_word' id='word_1_442' title='bbox 527 3438 808 3507; x_wconf 81' lang='lat' dir='ltr'><strong>Tristium,</strong></span> <span class='ocrx_word' id='word_1_443' title='bbox 833 3438 931 3491; x_wconf 91' lang='lat' dir='ltr'>Gr.</span> <span class='ocrx_word' id='word_1_444' title='bbox 963 3437 1070 3489; x_wconf 87' lang='grc' dir='ltr'>τῶν</span> <span class='ocrx_word' id='word_1_445' title='bbox 1122 3433 1420 3490; x_wconf 82' lang='grc' dir='ltr'>ἀνιώντων.</span> <span class='ocrx_word' id='word_1_446' title='bbox 1470 3433 1792 3491; x_wconf 89' lang='lat' dir='ltr'><strong>Tristitiam</strong></span> <span class='ocrx_word' id='word_1_447' title='bbox 1841 3439 1898 3491; x_wconf 85' lang='lat' dir='ltr'>et</span> <span class='ocrx_word' id='word_1_448' title='bbox 1945 3435 2108 3492; x_wconf 86' lang='lat' dir='ltr'><strong>dolo-</strong></span> 
     </span>
    </p>
   </div>
   <div class='ocr_carea' id='block_1_65' title="bbox 2037 3428 3669 3507">
    <p class='ocr_par' dir='ltr' id='par_1_65' title="bbox 2037 3428 3669 3505">
     <span class='ocr_line' id='line_1_65' title="bbox 2037 3428 3669 3505; baseline 0.002 -18"><span class='ocrx_word' id='word_1_449' title='bbox 2037 3452 2108 3492; x_wconf 36' lang='grc' dir='ltr'>λο-</span> <span class='ocrx_word' id='word_1_450' title='bbox 2291 3434 2414 3488; x_wconf 93' lang='grc' dir='ltr'>Τῶν</span> <span class='ocrx_word' id='word_1_451' title='bbox 2448 3431 2743 3489; x_wconf 83' lang='grc' dir='ltr'>ἀνιώντων.</span> <span class='ocrx_word' id='word_1_452' title='bbox 2779 3429 3134 3505; x_wconf 80' lang='grc' dir='ltr'>Λυπούντων,</span> <span class='ocrx_word' id='word_1_453' title='bbox 3169 3431 3242 3494; x_wconf 85' lang='grc' dir='ltr'>ὡς</span> <span class='ocrx_word' id='word_1_454' title='bbox 3274 3430 3362 3487; x_wconf 63' lang='grc' dir='ltr'>ἰπὶ</span> <span class='ocrx_word' id='word_1_455' title='bbox 3393 3437 3490 3488; x_wconf 88' lang='grc' dir='ltr'>τοῦ</span> <span class='ocrx_word' id='word_1_456' title='bbox 3522 3428 3669 3492; x_wconf 77' lang='grc' dir='ltr'>Ἰὼϐ.</span> 
     </span>
    </p>
   </div>
   <div class='ocr_carea' id='block_1_66' title="bbox 459 3524 1352 3592">
    <p class='ocr_par' dir='ltr' id='par_1_66' title="bbox 459 3524 1352 3592">
     <span class='ocr_line' id='line_1_66' title="bbox 459 3524 1352 3592; baseline -0.004 -9"><span class='ocrx_word' id='word_1_457' title='bbox 459 3541 583 3583; x_wconf 90' lang='lat' dir='ltr'>rem</span> <span class='ocrx_word' id='word_1_458' title='bbox 611 3525 1002 3592; x_wconf 81' lang='lat' dir='ltr'><strong>aﬂ&#39;erentium,</strong></span> <span class='ocrx_word' id='word_1_459' title='bbox 1037 3529 1102 3580; x_wconf 88' lang='lat' dir='ltr'>ut</span> <span class='ocrx_word' id='word_1_460' title='bbox 1130 3524 1188 3579; x_wconf 91' lang='lat' dir='ltr'><strong>in</strong></span> <span class='ocrx_word' id='word_1_461' title='bbox 1221 3524 1352 3580; x_wconf 87' lang='lat' dir='ltr'><strong>Job.</strong></span> 
     </span>
    </p>
   </div>
   <div class='ocr_carea' id='block_1_67' title="bbox 533 3605 2165 3687">
    <p class='ocr_par' dir='ltr' id='par_1_67' title="bbox 533 3611 1850 3673">
     <span class='ocr_line' id='line_1_67' title="bbox 533 3611 1850 3673; baseline -0.002 -2"><span class='ocrx_word' id='word_1_462' title='bbox 533 3616 794 3673; x_wconf 82' lang='lat' dir='ltr'><strong>Amorum</strong></span> <span class='ocrx_word' id='word_1_463' title='bbox 821 3616 1059 3670; x_wconf 87' lang='lat' dir='ltr'><strong>cantica.</strong></span> <span class='ocrx_word' id='word_1_464' title='bbox 1093 3614 1174 3669; x_wconf 89' lang='lat' dir='ltr'>De</span> <span class='ocrx_word' id='word_1_465' title='bbox 1203 3628 1401 3668; x_wconf 89' lang='lat' dir='ltr'><strong>amore</strong></span> <span class='ocrx_word' id='word_1_466' title='bbox 1432 3611 1850 3668; x_wconf 78' lang='lat' dir='ltr'><strong>Canticorum.‘</strong></span> 
     </span>
    </p>
   </div>
   <div class='ocr_carea' id='block_1_68' title="bbox 2240 3605 3872 3687">
    <p class='ocr_par' dir='ltr' id='par_1_68' title="bbox 2295 3605 3872 3687">
     <span class='ocr_line' id='line_1_68' title="bbox 2295 3605 3872 3687; baseline 0.003 -23"><span class='ocrx_word' id='word_1_467' title='bbox 2295 3610 2544 3684; x_wconf 86' lang='grc' dir='ltr'>Ἐρώτῶν</span> <span class='ocrx_word' id='word_1_468' title='bbox 2605 3607 2851 3682; x_wconf 76' lang='grc' dir='ltr'>ᾄσματα.</span> <span class='ocrx_word' id='word_1_469' title='bbox 2924 3607 3054 3683; x_wconf 81' lang='grc' dir='ltr'>Περὶ</span> <span class='ocrx_word' id='word_1_470' title='bbox 3113 3613 3211 3664; x_wconf 92' lang='grc' dir='ltr'>τοῦ</span> <span class='ocrx_word' id='word_1_471' title='bbox 3270 3605 3474 3687; x_wconf 79' lang='grc' dir='ltr'>ἔρωτος</span> <span class='ocrx_word' id='word_1_472' title='bbox 3529 3616 3638 3668; x_wconf 85' lang='grc' dir='ltr'>τῶν</span> <span class='ocrx_word' id='word_1_473' title='bbox 3705 3613 3872 3687; x_wconf 78' lang='grc' dir='ltr'>ᾀσμά-</span> 
     </span>
    </p>
   </div>
   <div class='ocr_carea' id='block_1_69' title="bbox 2223 3701 2414 3754">
    <p class='ocr_par' dir='ltr' id='par_1_69' title="bbox 2223 3701 2414 3754">
     <span class='ocr_line' id='line_1_69' title="bbox 2223 3701 2414 3754; baseline 0 0"><span class='ocrx_word' id='word_1_474' title='bbox 2223 3719 2330 3754; x_wconf 87' lang='grc' dir='ltr'>των</span> <span class='ocrx_word' id='word_1_475' title='bbox 2351 3701 2414 3754; x_wconf 85' lang='grc'>¹⁶.</span> 
     </span>
    </p>
   </div>
   <div class='ocr_carea' id='block_1_70' title="bbox 539 3783 2171 3863">
    <p class='ocr_par' dir='ltr' id='par_1_70' title="bbox 539 3790 2116 3851">
     <span class='ocr_line' id='line_1_70' title="bbox 539 3790 2116 3851; baseline -0.002 -1"><span class='ocrx_word' id='word_1_476' title='bbox 539 3796 643 3851; x_wconf 82' lang='lat' dir='ltr'><strong>Aut</strong></span> <span class='ocrx_word' id='word_1_477' title='bbox 671 3792 1045 3851; x_wconf 65' lang='lat' dir='ltr'><strong>virilesﬁinc</strong></span> <span class='ocrx_word' id='word_1_478' title='bbox 1077 3790 1352 3849; x_wconf 89' lang='lat' dir='ltr'><strong>similiter</strong></span> <span class='ocrx_word' id='word_1_479' title='bbox 1386 3791 1525 3848; x_wconf 90' lang='lat' dir='ltr'><strong>Novi</strong></span> <span class='ocrx_word' id='word_1_480' title='bbox 1556 3790 1920 3847; x_wconf 84' lang='lat' dir='ltr'><strong>Testamenti</strong></span> <span class='ocrx_word' id='word_1_481' title='bbox 1953 3807 2116 3847; x_wconf 88' lang='lat' dir='ltr'><strong>sum-</strong></span> 
     </span>
    </p>
   </div>
   <div class='ocr_carea' id='block_1_71' title="bbox 2244 3783 3876 3863">
    <p class='ocr_par' dir='ltr' id='par_1_71' title="bbox 2297 3783 3876 3863">
     <span class='ocr_line' id='line_1_71' title="bbox 2297 3783 3876 3863; baseline 0.006 -24"><span class='ocrx_word' id='word_1_482' title='bbox 2297 3788 2368 3844; x_wconf 83' lang='lat' dir='ltr'><strong>&#39;H</strong></span> <span class='ocrx_word' id='word_1_483' title='bbox 2434 3787 2528 3848; x_wconf 78' lang='grc' dir='ltr'>τὰς</span> <span class='ocrx_word' id='word_1_484' title='bbox 2581 3783 2877 3862; x_wconf 79' lang='grc' dir='ltr'>ἀνδρικάς.</span> <span class='ocrx_word' id='word_1_485' title='bbox 2948 3790 3224 3846; x_wconf 80' lang='grc' dir='ltr'>Ἐντεῦθεν</span> <span class='ocrx_word' id='word_1_486' title='bbox 3284 3790 3498 3863; x_wconf 84' lang='grc' dir='ltr'>ὁμοίως</span> <span class='ocrx_word' id='word_1_487' title='bbox 3553 3790 3620 3847; x_wconf 77' lang='grc' dir='ltr'>τὰ</span> <span class='ocrx_word' id='word_1_488' title='bbox 3672 3793 3876 3855; x_wconf 71' lang='grc' dir='ltr'>Νάαςίτ</span> 
     </span>
    </p>
   </div>
   <div class='ocr_carea' id='block_1_72' title="bbox 468 3877 2100 3950">
    <p class='ocr_par' dir='ltr' id='par_1_72' title="bbox 468 3883 908 3943">
     <span class='ocr_line' id='line_1_72' title="bbox 468 3883 908 3943; baseline -0.009 0"><span class='ocrx_word' id='word_1_489' title='bbox 468 3900 625 3943; x_wconf 80' lang='lat' dir='ltr'>mam</span> <span class='ocrx_word' id='word_1_490' title='bbox 657 3883 908 3941; x_wconf 76' lang='lat' dir='ltr'><strong>inducit.</strong></span> 
     </span>
    </p>
   </div>
   <div class='ocr_carea' id='block_1_73' title="bbox 821 3877 2453 3950">
    <p class='ocr_par' dir='ltr' id='par_1_73' title="bbox 821 3877 2453 3950">
     <span class='ocr_line' id='line_1_73' title="bbox 821 3877 2453 3950; baseline -0.007 -10"><span class='ocrx_word' id='word_1_491' title='bbox 821 3883 908 3941; x_wconf 65' lang='lat' dir='ltr'>ﬁt.</span> <span class='ocrx_word' id='word_1_492' title='bbox 2227 3877 2453 3950; x_wconf 74' lang='grc' dir='ltr'>εἰσάγει.</span> 
     </span>
    </p>
   </div>
   <div class='ocr_carea' id='block_1_74' title="bbox 543 3965 2175 4044">
    <p class='ocr_par' dir='ltr' id='par_1_74' title="bbox 543 3967 2120 4041">
     <span class='ocr_line' id='line_1_74' title="bbox 543 3967 2120 4041; baseline -0.003 -11"><span class='ocrx_word' id='word_1_493' title='bbox 543 3975 770 4030; x_wconf 76' lang='lat' dir='ltr'><strong>Dilecti.</strong></span> <span class='ocrx_word' id='word_1_494' title='bbox 817 3974 1102 4039; x_wconf 85' lang='lat' dir='ltr'><strong>Arbitror,</strong></span> <span class='ocrx_word' id='word_1_495' title='bbox 1156 3970 1324 4026; x_wconf 88' lang='lat' dir='ltr'><strong>illum</strong></span> <span class='ocrx_word' id='word_1_496' title='bbox 1371 3969 1619 4027; x_wconf 89' lang='lat' dir='ltr'><strong>Joannis</strong></span> <span class='ocrx_word' id='word_1_497' title='bbox 1668 3967 1923 4041; x_wconf 84' lang='lat' dir='ltr'><strong>theologi</strong></span> <span class='ocrx_word' id='word_1_498' title='bbox 1972 3971 2120 4041; x_wconf 89' lang='lat' dir='ltr'><strong>Apo-</strong></span> 
     </span>
    </p>
   </div>
   <div class='ocr_carea' id='block_1_75' title="bbox 2246 3965 3878 4044">
    <p class='ocr_par' dir='ltr' id='par_1_75' title="bbox 2299 3965 3878 4044">
     <span class='ocr_line' id='line_1_75' title="bbox 2299 3965 3878 4044; baseline 0.004 -26"><span class='ocrx_word' id='word_1_499' title='bbox 2299 3965 2617 4040; x_wconf 84' lang='grc' dir='ltr'>Ἀγαπητοῦ</span> <span class='ocrx_word' id='word_1_500' title='bbox 2668 3965 2776 4024; x_wconf 87' lang='grc' dir='ltr'>καί.</span> <span class='ocrx_word' id='word_1_501' title='bbox 2826 3966 3056 4039; x_wconf 83' lang='grc' dir='ltr'>Νομίζω</span> <span class='ocrx_word' id='word_1_502' title='bbox 3087 3967 3162 4029; x_wconf 86' lang='grc' dir='ltr'>ὡς</span> <span class='ocrx_word' id='word_1_503' title='bbox 3209 3967 3308 4036; x_wconf 78' lang='grc' dir='ltr'>τήν</span> <span class='ocrx_word' id='word_1_504' title='bbox 3340 3968 3727 4044; x_wconf 84' lang='grc' dir='ltr'>Ἀποκάλυψιν</span> <span class='ocrx_word' id='word_1_505' title='bbox 3785 3974 3878 4026; x_wconf 88' lang='grc' dir='ltr'>τοῦ</span> 
     </span>
    </p>
   </div>
   <div class='ocr_carea' id='block_1_76' title="bbox 469 4051 2101 4136">
    <p class='ocr_par' dir='ltr' id='par_1_76' title="bbox 469 4057 2101 4136">
     <span class='ocr_line' id='line_1_76' title="bbox 469 4057 2101 4136; baseline -0.003 -17"><span class='ocrx_word' id='word_1_506' title='bbox 469 4063 756 4136; x_wconf 84' lang='lat' dir='ltr'><strong>calypsim</strong></span> <span class='ocrx_word' id='word_1_507' title='bbox 789 4061 1120 4130; x_wconf 86' lang='lat' dir='ltr'><strong>diccre,aut</strong></span> <span class='ocrx_word' id='word_1_508' title='bbox 1149 4062 1280 4132; x_wconf 86' lang='lat' dir='ltr'><strong>ejus</strong></span> <span class='ocrx_word' id='word_1_509' title='bbox 1312 4057 1720 4131; x_wconf 85' lang='lat' dir='ltr'><strong>Evangelium;</strong></span> <span class='ocrx_word' id='word_1_510' title='bbox 1755 4058 1907 4129; x_wconf 89' lang='lat' dir='ltr'><strong>quod</strong></span> <span class='ocrx_word' id='word_1_511' title='bbox 1940 4059 2101 4114; x_wconf 68' lang='lat' dir='ltr'><strong>etiam</strong></span> 
     </span>
    </p>
   </div>
   <div class='ocr_carea' id='block_1_77' title="bbox 2245 4051 3877 4136">
    <p class='ocr_par' dir='ltr' id='par_1_77' title="bbox 2245 4051 3877 4133">
     <span class='ocr_line' id='line_1_77' title="bbox 2245 4051 3877 4133; baseline 0.004 -26"><span class='ocrx_word' id='word_1_512' title='bbox 2245 4053 2373 4108; x_wconf 70' lang='lat' dir='ltr'><strong>laico</strong></span> <span class='ocrx_word' id='word_1_513' title='bbox 2401 4054 2650 4108; x_wconf 82' lang='grc' dir='ltr'>Ἰωάννου</span> <span class='ocrx_word' id='word_1_514' title='bbox 2707 4051 2893 4128; x_wconf 84' lang='grc' dir='ltr'>δηλοῖ,</span> <span class='ocrx_word' id='word_1_515' title='bbox 2943 4057 2976 4125; x_wconf 80' lang='grc' dir='ltr'><strong>ἢ</strong></span> <span class='ocrx_word' id='word_1_516' title='bbox 3005 4057 3066 4110; x_wconf 85' lang='grc' dir='ltr'>τὸ</span> <span class='ocrx_word' id='word_1_517' title='bbox 3097 4055 3429 4133; x_wconf 80' lang='grc' dir='ltr'>Εὐαγγὲλιον</span> <span class='ocrx_word' id='word_1_518' title='bbox 3485 4057 3672 4129; x_wconf 79' lang='grc' dir='ltr'>αὐτοῦ,</span> <span class='ocrx_word' id='word_1_519' title='bbox 3711 4061 3741 4116; x_wconf 76' lang='grc' dir='ltr'><strong>’ὀ</strong></span> <span class='ocrx_word' id='word_1_520' title='bbox 3793 4058 3877 4115; x_wconf 78' lang='grc' dir='ltr'>καὶ</span> 
     </span>
    </p>
   </div>
   <div class='ocr_carea' id='block_1_78' title="bbox 462 4141 2094 4217">
    <p class='ocr_par' dir='ltr' id='par_1_78' title="bbox 462 4153 678 4210">
     <span class='ocr_line' id='line_1_78' title="bbox 462 4153 678 4210; baseline -0.014 0"><span class='ocrx_word' id='word_1_521' title='bbox 462 4153 678 4210; x_wconf 83' lang='lat' dir='ltr'><strong>verius.</strong></span> 
     </span>
    </p>
   </div>
   <div class='ocr_carea' id='block_1_79' title="bbox 832 4141 2464 4217">
    <p class='ocr_par' dir='ltr' id='par_1_79' title="bbox 2231 4141 2464 4217">
     <span class='ocr_line' id='line_1_79' title="bbox 2231 4141 2464 4217; baseline 0.009 -19"><span class='ocrx_word' id='word_1_522' title='bbox 2231 4141 2442 4217; x_wconf 79' lang='grc' dir='ltr'>μᾶλλον</span> <span class='ocrx_word' id='word_1_523' title='bbox 2454 4187 2464 4200; x_wconf 96' lang='grc'><strong><em>.</em></strong></span> 
     </span>
    </p>
   </div>
   <div class='ocr_carea' id='block_1_80' title="bbox 535 4231 2167 4312">
    <p class='ocr_par' dir='ltr' id='par_1_80' title="bbox 535 4233 2120 4312">
     <span class='ocr_line' id='line_1_80' title="bbox 535 4233 2120 4312; baseline 0.001 -18"><span class='ocrx_word' id='word_1_524' title='bbox 535 4244 565 4309; x_wconf 86' lang='lat'><strong>§</strong></span> <span class='ocrx_word' id='word_1_525' title='bbox 663 4241 730 4296; x_wconf 92' lang='lat' dir='ltr'>V.</span> <span class='ocrx_word' id='word_1_526' title='bbox 830 4241 1154 4312; x_wconf 70' lang='lat' dir='ltr'><strong>Conjunxit,</strong></span> <span class='ocrx_word' id='word_1_527' title='bbox 1259 4239 1356 4295; x_wconf 90' lang='lat' dir='ltr'><strong>Gr.</strong></span> <span class='ocrx_word' id='word_1_528' title='bbox 1488 4233 1864 4311; x_wconf 75' lang='grc' dir='ltr'>συνεῤῥίζωσε.</span> <span class='ocrx_word' id='word_1_529' title='bbox 1975 4240 2120 4295; x_wconf 88' lang='lat' dir='ltr'><strong>Con-</strong></span> 
     </span>
    </p>
   </div>
   <div class='ocr_carea' id='block_1_81' title="bbox 1631 4231 3263 4312">
    <p class='ocr_par' dir='ltr' id='par_1_81' title="bbox 1631 4231 3263 4311">
     <span class='ocr_line' id='line_1_81' title="bbox 1631 4231 3263 4311; baseline 0.002 -23"><span class='ocrx_word' id='word_1_530' title='bbox 1631 4233 1864 4311; x_wconf 71' lang='grc' dir='ltr'>Ξρίζωσε.</span> <span class='ocrx_word' id='word_1_531' title='bbox 1975 4240 2120 4295; x_wconf 88' lang='lat' dir='ltr'>Con-</span> <span class='ocrx_word' id='word_1_532' title='bbox 2356 4235 2423 4290; x_wconf 89' lang='lat' dir='ltr'><strong>V.</strong></span> <span class='ocrx_word' id='word_1_533' title='bbox 2459 4231 2850 4310; x_wconf 73' lang='grc' dir='ltr'>Συνεῤῥίζωσε.</span> <span class='ocrx_word' id='word_1_534' title='bbox 2886 4235 3263 4292; x_wconf 85' lang='grc' dir='ltr'>ΣυνείΛκυσεν.</span> 
     </span>
    </p>
   </div>
   <div class='ocr_carea' id='block_1_82' title="bbox 463 4331 660 4388">
    <p class='ocr_par' dir='ltr' id='par_1_82' title="bbox 463 4331 660 4388">
     <span class='ocr_line' id='line_1_82' title="bbox 463 4331 660 4388; baseline -0.005 -1"><span class='ocrx_word' id='word_1_535' title='bbox 463 4331 660 4388; x_wconf 82' lang='lat' dir='ltr'><strong>traxit.</strong></span> 
     </span>
    </p>
   </div>
   <div class='ocr_carea' id='block_1_83' title="bbox 536 4410 2168 4489">
    <p class='ocr_par' dir='ltr' id='par_1_83' title="bbox 536 4413 2115 4487">
     <span class='ocr_line' id='line_1_83' title="bbox 536 4413 2115 4487; baseline -0.002 -12"><span class='ocrx_word' id='word_1_536' title='bbox 536 4420 639 4476; x_wconf 76' lang='lat'><strong>66</strong></span> <span class='ocrx_word' id='word_1_537' title='bbox 686 4420 1015 4476; x_wconf 85' lang='lat' dir='ltr'><strong>Divinarum</strong></span> <span class='ocrx_word' id='word_1_538' title='bbox 1064 4425 1269 4474; x_wconf 66' lang='lat' dir='ltr'><strong>(uitem.</strong></span> <span class='ocrx_word' id='word_1_539' title='bbox 1319 4419 1542 4487; x_wconf 85' lang='lat' dir='ltr'><strong>Scopus</strong></span> <span class='ocrx_word' id='word_1_540' title='bbox 1590 4413 1956 4486; x_wconf 86' lang='lat' dir='ltr'><strong>psalmorum</strong></span> <span class='ocrx_word' id='word_1_541' title='bbox 2004 4419 2115 4487; x_wconf 87' lang='lat' dir='ltr'><strong>est,</strong></span> 
     </span>
    </p>
   </div>
   <div class='ocr_carea' id='block_1_84' title="bbox 2245 4410 3877 4489">
    <p class='ocr_par' dir='ltr' id='par_1_84' title="bbox 2295 4410 3877 4489">
     <span class='ocr_line' id='line_1_84' title="bbox 2295 4410 3877 4489; baseline 0.004 -24"><span class='ocrx_word' id='word_1_542' title='bbox 2295 4411 2358 4470; x_wconf 89' lang='grc' dir='ltr'>Ἡ</span> <span class='ocrx_word' id='word_1_543' title='bbox 2408 4411 2465 4466; x_wconf 65' lang='grc' dir='ltr'>δὲ</span> <span class='ocrx_word' id='word_1_544' title='bbox 2519 4415 2625 4466; x_wconf 88' lang='grc' dir='ltr'>τῶν</span> <span class='ocrx_word' id='word_1_545' title='bbox 2676 4410 2857 4468; x_wconf 89' lang='grc' dir='ltr'>θείων.</span> <span class='ocrx_word' id='word_1_546' title='bbox 2918 4412 2974 4466; x_wconf 75' lang='grc' dir='ltr'>Ὀ</span> <span class='ocrx_word' id='word_1_547' title='bbox 3021 4413 3223 4476; x_wconf 84' lang='grc' dir='ltr'>σκοπὸς</span> <span class='ocrx_word' id='word_1_548' title='bbox 3275 4417 3385 4469; x_wconf 90' lang='grc' dir='ltr'>τῶν</span> <span class='ocrx_word' id='word_1_549' title='bbox 3437 4415 3680 4489; x_wconf 78' lang='grc' dir='ltr'>ψαλμῶν</span> <span class='ocrx_word' id='word_1_550' title='bbox 3746 4416 3877 4489; x_wconf 67' lang='grc' dir='ltr'>ἑστι,</span> 
     </span>
    </p>
   </div>
   <div class='ocr_carea' id='block_1_85' title="bbox 460 4501 2092 4582">
    <p class='ocr_par' dir='ltr' id='par_1_85' title="bbox 460 4504 2090 4582">
     <span class='ocr_line' id='line_1_85' title="bbox 460 4504 2090 4582; baseline -0.002 -17"><span class='ocrx_word' id='word_1_551' title='bbox 460 4509 676 4582; x_wconf 89' lang='lat' dir='ltr'><strong>inquit,</strong></span> <span class='ocrx_word' id='word_1_552' title='bbox 709 4509 894 4566; x_wconf 88' lang='lat' dir='ltr'><strong>Deum</strong></span> <span class='ocrx_word' id='word_1_553' title='bbox 925 4508 1189 4573; x_wconf 76' lang='lat' dir='ltr'><strong>laudare.</strong></span> <span class='ocrx_word' id='word_1_554' title='bbox 1222 4523 1288 4562; x_wconf 90' lang='lat' dir='ltr'>ac</span> <span class='ocrx_word' id='word_1_555' title='bbox 1318 4521 1483 4562; x_wconf 88' lang='lat' dir='ltr'><strong>veros</strong></span> <span class='ocrx_word' id='word_1_556' title='bbox 1511 4505 1640 4575; x_wconf 87' lang='lat' dir='ltr'><strong>ejus</strong></span> <span class='ocrx_word' id='word_1_557' title='bbox 1693 4504 1964 4577; x_wconf 83' lang='lat' dir='ltr'><strong>famulos,</strong></span> <span class='ocrx_word' id='word_1_558' title='bbox 2000 4523 2090 4577; x_wconf 28' lang='lat' dir='ltr'><strong>,qu</strong></span> 
     </span>
    </p>
   </div>
   <div class='ocr_carea' id='block_1_86' title="bbox 2247 4501 3879 4582">
    <p class='ocr_par' dir='ltr' id='par_1_86' title="bbox 2247 4501 3879 4581">
     <span class='ocr_line' id='line_1_86' title="bbox 2247 4501 3879 4581; baseline 0.005 -26"><span class='ocrx_word' id='word_1_559' title='bbox 2247 4501 2357 4572; x_wconf 81' lang='grc' dir='ltr'>›ησὶ</span> <span class='ocrx_word' id='word_1_560' title='bbox 2386 4502 2449 4555; x_wconf 89' lang='grc' dir='ltr'>τὸ</span> <span class='ocrx_word' id='word_1_561' title='bbox 2497 4501 2768 4574; x_wconf 80' lang='grc' dir='ltr'>ὑμνῆσθαι</span> <span class='ocrx_word' id='word_1_562' title='bbox 2800 4501 2930 4556; x_wconf 89' lang='grc' dir='ltr'>Θεόν</span> <span class='ocrx_word' id='word_1_563' title='bbox 2961 4522 3020 4556; x_wconf 87' lang='grc' dir='ltr'>τε</span> <span class='ocrx_word' id='word_1_564' title='bbox 3083 4503 3172 4557; x_wconf 83' lang='grc' dir='ltr'>καὶ</span> <span class='ocrx_word' id='word_1_565' title='bbox 3223 4502 3352 4565; x_wconf 82' lang='grc' dir='ltr'>τοὺς</span> <span class='ocrx_word' id='word_1_566' title='bbox 3409 4503 3575 4560; x_wconf 80' lang='grc' dir='ltr'>αὐτοῦ</span> <span class='ocrx_word' id='word_1_567' title='bbox 3622 4506 3879 4581; x_wconf 84' lang='grc' dir='ltr'>γνησίους</span> 
     </span>
    </p>
   </div>
   <div class='ocr_carea' id='block_1_87' title="bbox 460 4589 2092 4680">
    <p class='ocr_par' dir='ltr' id='par_1_87' title="bbox 460 4594 2091 4671">
     <span class='ocr_line' id='line_1_87' title="bbox 460 4594 2091 4671; baseline -0.002 -17"><span class='ocrx_word' id='word_1_568' title='bbox 460 4598 676 4671; x_wconf 84' lang='lat' dir='ltr'><strong>psalmi</strong></span> <span class='ocrx_word' id='word_1_569' title='bbox 693 4597 1103 4669; x_wconf 88' lang='lat' dir='ltr'><strong>hancjubendi</strong></span> <span class='ocrx_word' id='word_1_570' title='bbox 1123 4602 1181 4652; x_wconf 91' lang='lat' dir='ltr'><strong>et</strong></span> <span class='ocrx_word' id='word_1_571' title='bbox 1195 4594 1533 4652; x_wconf 87' lang='lat' dir='ltr'><strong>continendi</strong></span> <span class='ocrx_word' id='word_1_572' title='bbox 1552 4594 1769 4650; x_wconf 84' lang='lat' dir='ltr'><strong>habent</strong></span> <span class='ocrx_word' id='word_1_573' title='bbox 1784 4594 1900 4650; x_wconf 88' lang='lat' dir='ltr'>vim</span> <span class='ocrx_word' id='word_1_574' title='bbox 1924 4611 1936 4650; x_wconf 89' lang='lat'><strong>:</strong></span> <span class='ocrx_word' id='word_1_575' title='bbox 1963 4612 2091 4667; x_wconf 65' lang='lat' dir='ltr'><strong>quae</strong></span> 
     </span>
    </p>
   </div>
   <div class='ocr_carea' id='block_1_88' title="bbox 2251 4589 3883 4680">
    <p class='ocr_par' dir='ltr' id='par_1_88' title="bbox 2251 4589 3883 4672">
     <span class='ocr_line' id='line_1_88' title="bbox 2251 4589 3883 4672; baseline 0.002 -25"><span class='ocrx_word' id='word_1_576' title='bbox 2251 4589 2578 4667; x_wconf 82' lang='grc' dir='ltr'>ιεράποντας,</span> <span class='ocrx_word' id='word_1_577' title='bbox 2615 4592 3042 4668; x_wconf 82' lang='grc' dir='ltr'>ὑπαγορευτικὴν</span> <span class='ocrx_word' id='word_1_578' title='bbox 3091 4596 3204 4647; x_wconf 88' lang='grc' dir='ltr'>τῶν</span> <span class='ocrx_word' id='word_1_579' title='bbox 3259 4592 3524 4650; x_wconf 82' lang='grc' dir='ltr'>τοιούτων</span> <span class='ocrx_word' id='word_1_580' title='bbox 3585 4595 3677 4652; x_wconf 81' lang='grc' dir='ltr'>καὶ</span> <span class='ocrx_word' id='word_1_581' title='bbox 3735 4616 3883 4672; x_wconf 86' lang='grc' dir='ltr'>περι-</span> 
     </span>
    </p>
   </div>
   <div class='ocr_carea' id='block_1_89' title="bbox 456 4675 2088 4762">
    <p class='ocr_par' dir='ltr' id='par_1_89' title="bbox 456 4682 2088 4758">
     <span class='ocr_line' id='line_1_89' title="bbox 456 4682 2088 4758; baseline -0.003 -17"><span class='ocrx_word' id='word_1_582' title='bbox 456 4686 669 4758; x_wconf 89' lang='lat' dir='ltr'><strong>inquit,</strong></span> <span class='ocrx_word' id='word_1_583' title='bbox 688 4687 1016 4744; x_wconf 87' lang='lat' dir='ltr'><strong>necessario</strong></span> <span class='ocrx_word' id='word_1_584' title='bbox 1050 4687 1109 4741; x_wconf 91' lang='lat' dir='ltr'><strong>in</strong></span> <span class='ocrx_word' id='word_1_585' title='bbox 1140 4683 1418 4740; x_wconf 89' lang='lat' dir='ltr'><strong>omnibus</strong></span> <span class='ocrx_word' id='word_1_586' title='bbox 1448 4683 1540 4753; x_wconf 88' lang='lat' dir='ltr'><strong>iis,</strong></span> <span class='ocrx_word' id='word_1_587' title='bbox 1561 4700 1688 4754; x_wconf 83' lang='lat' dir='ltr'><strong>quae</strong></span> <span class='ocrx_word' id='word_1_588' title='bbox 1715 4682 2088 4740; x_wconf 69' lang='lat' dir='ltr'>800183i88ﬁ0l</span> 
     </span>
    </p>
   </div>
   <div class='ocr_carea' id='block_1_90' title="bbox 2245 4675 3877 4762">
    <p class='ocr_par' dir='ltr' id='par_1_90' title="bbox 2245 4675 3877 4762">
     <span class='ocr_line' id='line_1_90' title="bbox 2245 4675 3877 4762; baseline 0.002 -28"><span class='ocrx_word' id='word_1_589' title='bbox 2245 4681 2442 4749; x_wconf 84' lang='grc' dir='ltr'>;κτικὴν</span> <span class='ocrx_word' id='word_1_590' title='bbox 2477 4675 2718 4756; x_wconf 70' lang='grc' dir='ltr'>ἐχόντων</span> <span class='ocrx_word' id='word_1_591' title='bbox 2757 4677 3005 4754; x_wconf 61' lang='grc' dir='ltr'>δύναμιν</span> <span class='ocrx_word' id='word_1_592' title='bbox 3057 4680 3206 4752; x_wconf 80' lang='grc' dir='ltr'>ἥτις,</span> <span class='ocrx_word' id='word_1_593' title='bbox 3251 4682 3440 4760; x_wconf 79' lang='grc' dir='ltr'>φησὶν,</span> <span class='ocrx_word' id='word_1_594' title='bbox 3474 4684 3779 4762; x_wconf 79' lang='grc' dir='ltr'>ἀναγκαίως</span> <span class='ocrx_word' id='word_1_595' title='bbox 3827 4684 3877 4740; x_wconf 76' lang='grc' dir='ltr'>ἐν</span> 
     </span>
    </p>
   </div>
   <div class='ocr_carea' id='block_1_91' title="bbox 455 4767 2087 4849">
    <p class='ocr_par' dir='ltr' id='par_1_91' title="bbox 455 4771 2087 4848">
     <span class='ocr_line' id='line_1_91' title="bbox 455 4771 2087 4848; baseline -0.001 -16"><span class='ocrx_word' id='word_1_596' title='bbox 455 4790 620 4832; x_wconf 88' lang='lat' dir='ltr'><strong>more</strong></span> <span class='ocrx_word' id='word_1_597' title='bbox 649 4776 1058 4848; x_wconf 86' lang='lat' dir='ltr'><strong>perﬁciuntur,</strong></span> <span class='ocrx_word' id='word_1_598' title='bbox 1091 4773 1400 4844; x_wconf 89' lang='lat' dir='ltr'><strong>accipitur,</strong></span> <span class='ocrx_word' id='word_1_599' title='bbox 1435 4771 1705 4828; x_wconf 90' lang='lat' dir='ltr'><strong>stabilem</strong></span> <span class='ocrx_word' id='word_1_600' title='bbox 1739 4788 1940 4828; x_wconf 90' lang='lat' dir='ltr'><strong>eorum</strong></span> <span class='ocrx_word' id='word_1_601' title='bbox 1981 4790 2087 4844; x_wconf 84' lang='lat' dir='ltr'><strong>qua</strong></span> 
     </span>
    </p>
   </div>
   <div class='ocr_carea' id='block_1_92' title="bbox 2246 4767 3878 4849">
    <p class='ocr_par' dir='ltr' id='par_1_92' title="bbox 2246 4767 3878 4849">
     <span class='ocr_line' id='line_1_92' title="bbox 2246 4767 3878 4849; baseline 0.002 -25"><span class='ocrx_word' id='word_1_602' title='bbox 2246 4775 2350 4824; x_wconf 68' lang='grc' dir='ltr'>πᾶσι</span> <span class='ocrx_word' id='word_1_603' title='bbox 2379 4775 2496 4832; x_wconf 87' lang='grc' dir='ltr'>τοῖς</span> <span class='ocrx_word' id='word_1_604' title='bbox 2528 4772 2813 4842; x_wconf 76' lang='grc' dir='ltr'>ἱερατικῶς</span> <span class='ocrx_word' id='word_1_605' title='bbox 2840 4767 3197 4844; x_wconf 71' lang='grc' dir='ltr'>τελουμένοις</span> <span class='ocrx_word' id='word_1_606' title='bbox 3235 4768 3752 4849; x_wconf 77' lang='grc' dir='ltr'>παραλαμϐάνεται,</span> <span class='ocrx_word' id='word_1_607' title='bbox 3782 4769 3878 4847; x_wconf 78' lang='grc' dir='ltr'>ἔμ-</span> 
     </span>
    </p>
   </div>
   <div class='ocr_carea' id='block_1_93' title="bbox 455 4858 2087 4938">
    <p class='ocr_par' dir='ltr' id='par_1_93' title="bbox 455 4862 2045 4933">
     <span class='ocr_line' id='line_1_93' title="bbox 455 4862 2045 4933; baseline 0.001 -14"><span class='ocrx_word' id='word_1_608' title='bbox 455 4868 752 4921; x_wconf 90' lang='lat' dir='ltr'><strong>canuntur</strong></span> <span class='ocrx_word' id='word_1_609' title='bbox 781 4863 1153 4929; x_wconf 88' lang='lat' dir='ltr'><strong>memoriam,</strong></span> <span class='ocrx_word' id='word_1_610' title='bbox 1188 4863 1248 4917; x_wconf 92' lang='lat' dir='ltr'><strong>in</strong></span> <span class='ocrx_word' id='word_1_611' title='bbox 1281 4862 1352 4918; x_wconf 90' lang='lat' dir='ltr'><strong>iis</strong></span> <span class='ocrx_word' id='word_1_612' title='bbox 1383 4862 1483 4933; x_wconf 90' lang='lat' dir='ltr'>qui</span> <span class='ocrx_word' id='word_1_613' title='bbox 1514 4867 1733 4918; x_wconf 89' lang='lat' dir='ltr'><strong>canunt</strong></span> <span class='ocrx_word' id='word_1_614' title='bbox 1764 4862 2045 4920; x_wconf 80' lang='lat' dir='ltr'><strong>efﬁciens.</strong></span> 
     </span>
    </p>
   </div>
   <div class='ocr_carea' id='block_1_94' title="bbox 2245 4858 3877 4938">
    <p class='ocr_par' dir='ltr' id='par_1_94' title="bbox 2245 4858 3877 4938">
     <span class='ocr_line' id='line_1_94' title="bbox 2245 4858 3877 4938; baseline 0.004 -25"><span class='ocrx_word' id='word_1_615' title='bbox 2245 4880 2387 4914; x_wconf 82' lang='grc' dir='ltr'>ιονον</span> <span class='ocrx_word' id='word_1_616' title='bbox 2417 4860 2516 4928; x_wconf 78' lang='grc' dir='ltr'>τὴν</span> <span class='ocrx_word' id='word_1_617' title='bbox 2548 4865 2657 4914; x_wconf 90' lang='grc' dir='ltr'>τῶν</span> <span class='ocrx_word' id='word_1_618' title='bbox 2689 4858 2925 4934; x_wconf 86' lang='grc' dir='ltr'>ψαλμῶν</span> <span class='ocrx_word' id='word_1_619' title='bbox 2962 4861 3188 4934; x_wconf 79' lang='grc' dir='ltr'>μνήμην</span> <span class='ocrx_word' id='word_1_620' title='bbox 3222 4860 3529 4935; x_wconf 79' lang='grc' dir='ltr'>ἐμποιοῦσα</span> <span class='ocrx_word' id='word_1_621' title='bbox 3570 4869 3689 4927; x_wconf 85' lang='grc' dir='ltr'>τοῖς</span> <span class='ocrx_word' id='word_1_622' title='bbox 3735 4862 3877 4938; x_wconf 82' lang='grc' dir='ltr'>ψάλ-</span> 
     </span>
    </p>
   </div>
   <div class='ocr_carea' id='block_1_95' title="bbox 2223 4949 2402 5004">
    <p class='ocr_par' dir='ltr' id='par_1_95' title="bbox 2223 4949 2402 5004">
     <span class='ocr_line' id='line_1_95' title="bbox 2223 4949 2402 5004; baseline 0 0"><span class='ocrx_word' id='word_1_623' title='bbox 2223 4949 2402 5004; x_wconf 89' lang='grc' dir='ltr'>λουσι.</span> 
     </span>
    </p>
   </div>
   <div class='ocr_carea' id='block_1_96' title="bbox 527 5035 2159 5115">
    <p class='ocr_par' dir='ltr' id='par_1_96' title="bbox 527 5038 2110 5114">
     <span class='ocr_line' id='line_1_96' title="bbox 527 5038 2110 5114; baseline 0.001 -17"><span class='ocrx_word' id='word_1_624' title='bbox 527 5043 762 5100; x_wconf 73' lang='lat' dir='ltr'><strong>Divinas</strong></span> <span class='ocrx_word' id='word_1_625' title='bbox 839 5041 1211 5113; x_wconf 75' lang='lat' dir='ltr'><strong>operationes,</strong></span> <span class='ocrx_word' id='word_1_626' title='bbox 1280 5042 1376 5097; x_wconf 88' lang='lat' dir='ltr'><strong>Gr.</strong></span> <span class='ocrx_word' id='word_1_627' title='bbox 1450 5038 1750 5114; x_wconf 81' lang='grc' dir='ltr'>Θεουργίας.</span> <span class='ocrx_word' id='word_1_628' title='bbox 1823 5042 2110 5114; x_wconf 84' lang='lat' dir='ltr'>Magnitu-</span> 
     </span>
    </p>
   </div>
   <div class='ocr_carea' id='block_1_97' title="bbox 1472 5035 3104 5115">
    <p class='ocr_par' dir='ltr' id='par_1_97' title="bbox 1472 5035 3104 5115">
     <span class='ocr_line' id='line_1_97' title="bbox 1472 5035 3104 5115; baseline -0.002 -16"><span class='ocrx_word' id='word_1_629' title='bbox 1472 5038 1750 5114; x_wconf 67' lang='grc' dir='ltr'>»εουργίαςο</span> <span class='ocrx_word' id='word_1_630' title='bbox 1823 5042 2110 5114; x_wconf 78' lang='lat' dir='ltr'><strong>Magnitu-</strong></span> <span class='ocrx_word' id='word_1_631' title='bbox 2293 5038 2600 5115; x_wconf 84' lang='grc' dir='ltr'>Θεουργίας.</span> <span class='ocrx_word' id='word_1_632' title='bbox 2634 5035 3104 5114; x_wconf 82' lang='grc' dir='ltr'>Μεγαλειότητας.</span> 
     </span>
    </p>
   </div>
   <div class='ocr_carea' id='block_1_98' title="bbox 461 5129 658 5188">
    <p class='ocr_par' dir='ltr' id='par_1_98' title="bbox 461 5129 658 5188">
     <span class='ocr_line' id='line_1_98' title="bbox 461 5129 658 5188; baseline 0.02 -4"><span class='ocrx_word' id='word_1_633' title='bbox 461 5129 658 5188; x_wconf 90' lang='lat' dir='ltr'><strong>dines.</strong></span> 
     </span>
    </p>
   </div>
   <div class='ocr_carea' id='block_1_99' title="bbox 522 5214 2154 5293">
    <p class='ocr_par' dir='ltr' id='par_1_99' title="bbox 522 5221 2113 5293">
     <span class='ocr_line' id='line_1_99' title="bbox 522 5221 2113 5293; baseline 0.002 -18"><span class='ocrx_word' id='word_1_634' title='bbox 522 5221 954 5291; x_wconf 79' lang='lat' dir='ltr'><strong>Divinorumque</strong></span> <span class='ocrx_word' id='word_1_635' title='bbox 998 5221 1330 5276; x_wconf 80' lang='lat' dir='ltr'><strong>carminum.</strong></span> <span class='ocrx_word' id='word_1_636' title='bbox 1379 5221 1527 5278; x_wconf 91' lang='lat' dir='ltr'><strong>Nota</strong></span> <span class='ocrx_word' id='word_1_637' title='bbox 1579 5225 1790 5278; x_wconf 86' lang='lat' dir='ltr'><strong>cantus</strong></span> <span class='ocrx_word' id='word_1_638' title='bbox 1854 5221 2113 5293; x_wconf 88' lang='lat' dir='ltr'><strong>psalmo-</strong></span> 
     </span>
    </p>
   </div>
   <div class='ocr_carea' id='block_1_100' title="bbox 2245 5214 3877 5293">
    <p class='ocr_par' dir='ltr' id='par_1_100' title="bbox 2293 5214 3877 5292">
     <span class='ocr_line' id='line_1_100' title="bbox 2293 5214 3877 5292; baseline 0.004 -18"><span class='ocrx_word' id='word_1_639' title='bbox 2293 5217 2391 5274; x_wconf 81' lang='grc' dir='ltr'>Καὶ</span> <span class='ocrx_word' id='word_1_640' title='bbox 2420 5217 2490 5291; x_wconf 74' lang='grc' dir='ltr'>τῇ</span> <span class='ocrx_word' id='word_1_641' title='bbox 2519 5222 2628 5274; x_wconf 88' lang='grc' dir='ltr'>τῶν</span> <span class='ocrx_word' id='word_1_642' title='bbox 2665 5216 2820 5274; x_wconf 84' lang='grc' dir='ltr'>θείων</span> <span class='ocrx_word' id='word_1_643' title='bbox 2879 5214 3056 5292; x_wconf 81' lang='grc' dir='ltr'>ᾠδῶν.</span> <span class='ocrx_word' id='word_1_644' title='bbox 3105 5219 3454 5292; x_wconf 84' lang='grc' dir='ltr'>Σημείωσαι,</span> <span class='ocrx_word' id='word_1_645' title='bbox 3514 5220 3599 5276; x_wconf 83' lang='grc' dir='ltr'>ὅτι</span> <span class='ocrx_word' id='word_1_646' title='bbox 3655 5219 3722 5276; x_wconf 84' lang='grc' dir='ltr'>τὸ</span> <span class='ocrx_word' id='word_1_647' title='bbox 3780 5221 3877 5288; x_wconf 82' lang='grc' dir='ltr'>τῆς</span> 
     </span>
    </p>
   </div>
   <div class='ocr_carea' id='block_1_101' title="bbox 1466 5454 2867 5516">
    <p class='ocr_par' dir='ltr' id='par_1_101' title="bbox 1466 5454 2867 5516">
     <span class='ocr_line' id='line_1_101' title="bbox 1466 5454 2867 5516; baseline 0.002 -4"><span class='ocrx_word' id='word_1_648' title='bbox 1466 5455 1701 5512; x_wconf 79' lang='lat' dir='ltr'>VARle</span> <span class='ocrx_word' id='word_1_649' title='bbox 1743 5456 2142 5516; x_wconf 87' lang='lat' dir='ltr'>LECTIONES</span> <span class='ocrx_word' id='word_1_650' title='bbox 2180 5455 2273 5515; x_wconf 86' lang='lat' dir='ltr'><strong>ET</strong></span> <span class='ocrx_word' id='word_1_651' title='bbox 2310 5454 2867 5516; x_wconf 77' lang='lat' dir='ltr'>CORRECTIONES.</span> 
     </span>
    </p>
   </div>
   <div class='ocr_carea' id='block_1_102' title="bbox 518 5620 3869 5706">
    <p class='ocr_par' dir='ltr' id='par_1_102' title="bbox 518 5620 3869 5706">
     <span class='ocr_line' id='line_1_102' title="bbox 518 5620 3869 5706; baseline 0.004 -31"><span class='ocrx_word' id='word_1_652' title='bbox 518 5622 1024 5706; x_wconf 52' lang='lat' dir='ltr'><strong>‘9_np_oatpnpévoo_.</strong></span> <span class='ocrx_word' id='word_1_653' title='bbox 1065 5625 1147 5706; x_wconf 71' lang='lat'>_‘3</span> <span class='ocrx_word' id='word_1_654' title='bbox 1176 5626 1294 5706; x_wconf 69' lang='grc' dir='ltr'>πῶς</span> <span class='ocrx_word' id='word_1_655' title='bbox 1325 5621 1414 5676; x_wconf 75' lang='grc' dir='ltr'>καὶ</span> <span class='ocrx_word' id='word_1_656' title='bbox 1497 5620 1794 5706; x_wconf 64' lang='grc' dir='ltr'>ἐπίσκοπος</span> <span class='ocrx_word' id='word_1_657' title='bbox 1837 5624 1966 5706; x_wconf 64' lang='grc' dir='ltr'>ἀπο.</span> <span class='ocrx_word' id='word_1_658' title='bbox 2002 5702 2012 5706; x_wconf 27' lang='grc' dir='ltr'><strong><em>Δ</em></strong></span> <span class='ocrx_word' id='word_1_659' title='bbox 2046 5628 2088 5706; x_wconf 15' lang='lat'>‘7‘</span> <span class='ocrx_word' id='word_1_660' title='bbox 2138 5624 2224 5706; x_wconf 52' lang='grc' dir='ltr'>ἐπὶ</span> <span class='ocrx_word' id='word_1_661' title='bbox 2275 5630 2576 5683; x_wconf 88' lang='grc' dir='ltr'>κοινωνῶν.</span> <span class='ocrx_word' id='word_1_662' title='bbox 2656 5629 2698 5663; x_wconf 80' lang='grc'>¹⁵</span> <span class='ocrx_word' id='word_1_663' title='bbox 2743 5626 2835 5681; x_wconf 83' lang='grc' dir='ltr'>καὶ</span> <span class='ocrx_word' id='word_1_664' title='bbox 2887 5627 2992 5684; x_wconf 82' lang='grc' dir='ltr'>δτι.</span> <span class='ocrx_word' id='word_1_665' title='bbox 3071 5629 3115 5664; x_wconf 79' lang='grc'>¹⁶</span> <span class='ocrx_word' id='word_1_666' title='bbox 3155 5623 3398 5701; x_wconf 75' lang='grc' dir='ltr'>ᾅσματος</span> <span class='ocrx_word' id='word_1_667' title='bbox 3445 5632 3554 5686; x_wconf 89' lang='grc' dir='ltr'>τῶν</span> <span class='ocrx_word' id='word_1_668' title='bbox 3586 5627 3869 5704; x_wconf 77' lang='grc' dir='ltr'>ᾀσμάτων.</span> 
     </span>
    </p>
   </div>
   <div class='ocr_carea' id='block_1_103' title="bbox 448 5693 2080 5768">
    <p class='ocr_par' dir='ltr' id='par_1_103' title="bbox 448 5693 2080 5768">
     <span class='ocr_line' id='line_1_103' title="bbox 448 5693 2080 5768; baseline 0.002 -19"><span class='ocrx_word' id='word_1_669' title='bbox 448 5693 900 5751; x_wconf 70' lang='lat' dir='ltr'><strong>Comici-cantio.</strong></span> <span class='ocrx_word' id='word_1_670' title='bbox 981 5697 1022 5732; x_wconf 74' lang='grc'>1⁷</span> <span class='ocrx_word' id='word_1_671' title='bbox 1054 5695 1370 5764; x_wconf 82' lang='lat' dir='ltr'><strong>Legendum</strong></span> <span class='ocrx_word' id='word_1_672' title='bbox 1398 5693 1464 5748; x_wconf 82' lang='grc' dir='ltr'>τὰ</span> <span class='ocrx_word' id='word_1_673' title='bbox 1492 5701 1592 5764; x_wconf 83' lang='grc' dir='ltr'>τῆς</span> <span class='ocrx_word' id='word_1_674' title='bbox 1615 5694 1773 5768; x_wconf 75' lang='grc' dir='ltr'>Νέας,</span> <span class='ocrx_word' id='word_1_675' title='bbox 1806 5697 2013 5754; x_wconf 71' lang='lat' dir='ltr'><strong>scilicet</strong></span> <span class='ocrx_word' id='word_1_676' title='bbox 2044 5705 2080 5752; x_wconf 89' lang='grc' dir='ltr'><strong>Δ</strong></span> 
     </span>
    </p>
   </div>
   <div class='ocr_carea' id='block_1_104' title="bbox 710 5693 2342 5768">
    <p class='ocr_par' dir='ltr' id='par_1_104' title="bbox 710 5693 2342 5768">
     <span class='ocr_line' id='line_1_104' title="bbox 710 5693 2342 5768; baseline 0.003 -19"><span class='ocrx_word' id='word_1_677' title='bbox 710 5693 900 5750; x_wconf 79' lang='lat' dir='ltr'><strong>:antic.</strong></span> <span class='ocrx_word' id='word_1_678' title='bbox 981 5697 1022 5732; x_wconf 75' lang='grc' dir='ltr'>ιτ</span> <span class='ocrx_word' id='word_1_679' title='bbox 1054 5695 1370 5764; x_wconf 82' lang='lat' dir='ltr'><strong>Legendum</strong></span> <span class='ocrx_word' id='word_1_680' title='bbox 1398 5693 1464 5748; x_wconf 82' lang='grc' dir='ltr'>τὰ</span> <span class='ocrx_word' id='word_1_681' title='bbox 1492 5701 1592 5764; x_wconf 84' lang='grc' dir='ltr'>τῆς</span> <span class='ocrx_word' id='word_1_682' title='bbox 1615 5694 1773 5768; x_wconf 74' lang='grc' dir='ltr'>Νέας,</span> <span class='ocrx_word' id='word_1_683' title='bbox 1806 5697 2013 5754; x_wconf 71' lang='lat' dir='ltr'><strong>scilicet</strong></span> <span class='ocrx_word' id='word_1_684' title='bbox 2044 5699 2342 5768; x_wconf 73' lang='grc' dir='ltr'>Διαθήκης.</span> 
     </span>
    </p>
   </div>
  </div>
