4134 6394
256 418 358 472 141

1029 422 1087 474 S.
1129 421 1401 474 MAXIM]
1441 421 1746 475 SCHOLIA
1784 423 1859 475 IN
1899 422 2030 476 LIB.
2070 425 2167 476 DE
2207 423 2494 478 ECCLES.
2537 423 2936 476 HIERARCH.

3587 419 3694 473 142

251 539 591 614 ψαλμῳδίας
618 538 916 615 σόμυωνον
953 539 1337 618 ὁμοφροσύνης
1363 547 1464 611 τῆς
1506 543 1643 617 πρὸς
1673 543 1802 598 Θεὸν
1831 541 1922 597 καὶ

2068 561 2168 601 um
2209 551 2581 614 concentum,
2631 545 2954 602 concordia
3004 559 3136 600 cum
3184 547 3298 601 Deo
3347 560 3413 600 ac
3461 559 3686 614 secum,

254 631 488 694 ἑαυτοὺς
527 630 769 707 ὑπάρχει
801 627 1142 688 διδασκαλία.

338 721 790 794 Συντετμημὲνα.
874 721 999 777 ’Ότι
1071 721 1140 774 τὰ
1213 721 1627 794 συντετμημένα
1663 767 1678 790 ,
1763 742 1920 776 τουτ-

258 810 377 865 ἑστι
410 812 480 865 τὰ
509 809 715 887 ἀσαφῆ,
749 807 840 864 διὰ
866 813 978 865 τῶν
1009 808 1448 884 ἐπιτελουμένων
1483 805 1778 883 συμϐόλων
1829 830 1921 864 σα-

259 899 570 977 φηνίζεται·
619 902 784 954 τοῦτο
830 899 932 974 γὰρ
981 895 1150 969 δηλοῖ
1195 897 1257 954 10‘
1310 897 1607 973 εὐρύνεται.
1672 897 1925 971 Σημείωο

259 1009 376 1056 σαι,
408 985 489 1055 δὲ,
521 986 606 1042 ὅτι
635 988 703 1042 τὰ
732 986 1196 1060 συνεσκιασμινως
1229 987 1280 1042 ἐν
1305 993 1423 1050 τοῖς
1469 987 1714 1061 ψαλμοῖς
1764 986 1922 1064 λεγό-

261 1097 424 1151 μενα,
457 1074 550 1132 διὰ
577 1083 678 1146 τῆς
705 1080 816 1132 τῶν
848 1081 1072 1156 Γραφῶν
1117 1076 1491 1153 ἀναγνώσεως,
1539 1075 1923 1156 σαφηνίζεσθαι

258 1166 415 1241 λέγει
448 1167 478 1220 6
510 1167 724 1241 Πατήρ.

333 1257 425 1311 Ἐν
460 1253 704 1317 ταύταις.
737 1259 825 1310 Ἔν
855 1254 1074 1317 ταύταίς
1102 1254 1228 1331 γὰρ,
1257 1259 1378 1319 ταῖς
1398 1258 1637 1332 Γραφαῖς
1667 1250 1923 1324 δηλονότι

258 1344 290 1398 6
316 1337 567 1417 ἀκριϐῶς
595 1343 822 1420 ἐνορῶν.
854 1344 1136 1420 γινώσκει,
1167 1344 1249 1399 ὅτι
1280 1340 1333 1399 ἓν
1365 1341 1454 1398 καὶ
1475 1343 1539 1398 τὸ
1597 1342 1726 1398 αὐτὸ
1757 1346 1924 1398 Πνεῦ-

261 1453 338 1506 μα
366 1431 548 1496 πάσας
578 1430 841 1505 ἐλάλησε.

331 1518 710 1595 Κηρύσσεται.
767 1520 858 1582 Ὠς
919 1519 1290 1595 σαφηνίζουσα
1322 1517 1392 1575 δι’
1441 1521 1634 1590 ἑαυτῆς
1664 1521 1766 1589 τὴν
1815 1525 1926 1574 Πα-

260 1605 447 1664 λαιάν.

332 1698 393 1750 '0
427 1697 526 1770 μὲν
579 1693 681 1775 ἔφη
733 1698 856 1759 τάς.
907 1697 1001 1761 ’ος
1049 1699 1085 1768 ἠ
1140 1697 1257 1770 μὲν,
1309 1699 1344 1767 ἡ
1395 1696 1612 1756 Παλαιὰ
1657 1673 1959 1771 Auﬁdia},-

264 1784 393 1864 ἰςρηο
425 1787 461 1856 ἡ
497 1782 556 1841 δὲ
585 1785 701 1844 Νέα
721 1782 954 1843 ἓτίλεσε.

346 1969 453 2034 Τῆς
481 1964 792 2041 θεολογίας.
827 1971 908 2036 Ση
921 1965 1172 2038 μειωσαι,
1197 1964 1280 2020 ὅτι
1309 1966 1410 2035 τήν
1439 1965 1684 2021 Παλαιὰν
1707 1965 1924 2044 Γραφήν

269 2053 554 2129 Θεολογίαν
585 2052 770 2110 καλεῖο
801 2055 903 2125 τὴν
937 2051 995 2110 δὶ
1025 2056 1225 2124 Καινὴν
1257 2054 1559 2131 Θεουργίαν.

334 2233 496 2302 §VI.
538 2231 794 2297 Καθόλου
849 2234 981 2289 τῶν.
1041 2233 1104 2286 Οἱ
1146 2232 1388 2296 καθόλου
1435 2234 1778 2308 ἀκατήχητοι
1838 2234 1928 2288 καὶ

258 2321 494 2391 ἀνήκοοι
525 2323 736 2378 τούτων
767 2325 948 2396 μεῖναι
983 2319 1237 2395 ἑλόμενοι
1273 2323 1557 2385 ἑκουσίως.

332 2501 456 2568 Τῆς
504 2497 838 2576 θεογενεσίας
873 2542 887 2558 .
938 2501 1198 2558 Τουτὲστι
1251 2504 1349 2556 τοῦ
1405 2499 1562 2577 ἁγίου
1616 2499 1926 2574 βαπτίσμα-

253 2607 376 2649 τος.

328 2675 482 2738 Τοὺς
537 2673 595 2730 δὲ
641 2678 1119 2753 κατηχουμᾶνους.
1153 2679 1282 2755 Περὶ
1306 2682 1418 2734 τῶν
1469 2679 1926 2753 κατηχουμὲνων,

257 2765 350 2820 καὶ
385 2764 822 2841 ἐνεργουμένων,
870 2765 1044 2822 καὶέν
1081 2768 1342 2842 μετανοίᾳ
1391 2763 1585 2836 ὄντων,
1633 2767 1725 2822 καὶ
1766 2767 1930 2822 τίνων

264 2854 636 2930 μετέχουσαν.

336 2945 401 2999 Ἡ
433 2944 532 3016 μὲν
567 2942 661 3000 οὖν
709 2943 940 3021 ἐσχάτη.
989 2946 1115 3004 Ὀτι
1144 2947 1196 3002 οἱ
1240 2945 1673 3021 κατηχούμενοι,
1706 2939 1931 3019 ἔσχατοί

266 3033 429 3089 εἰσιν.

339 3123 400 3179 Ἀ
410 3122 687 3194 μέθεκτοι.
717 3121 1041 3199 ’Δμέτοχοι.

333 3211 738 3284 Μαιευόμενοι.
771 3212 1259 3289 ’Λναγεννώμενοι.

332 3294 784 3375 Ἀμϐλωθρίδια.
814 3303 1171 3375 Νεκροτόκια.

330 3389 582 3460 ’Δνιερος
658 3390 753 3463 μὶν
830 3391 919 3445 καὶ
995 3391 1156 3462 αὐτή.
1229 3389 1601 3453 Ἀτελείωτος.
1659 3389 1917 3462 Σημείω-

254 3501 367 3550 σαι,
414 3477 502 3534 ὅτι
551 3483 670 3541 τοῖς
724 3477 1132 3556 ἐνεργουμένοις
1178 3478 1491 3536 κατατάττει
1523 3480 1613 3536 καὶ
1642 3479 1770 3542 τοὺς
1799 3484 1916 3542 τοῖς

250 3573 599 3642 σωματικοῖς
661 3566 1010 3644 θελκτηρίοις
1066 3565 1455 3644 ἀμετανοτςτως
1515 3569 1870 3642 ἐπιμένοντας
1901 3611 1917 3641 ,

252 3661 373 3713 οἷον
422 3657 554 3720 τοὺς
609 3658 868 3734 πόρνους,
924 3657 1055 3722 τοὺς
1083 3659 1507 3737 φιλοθεάμονας,
1549 3658 1640 3714 καὶ
1697 3657 1824 3720 τοὺς
1853 3657 1921 3713 τὰ

258 3747 624 3820 παραπλήσια
659 3748 967 3821 μετιόντας,
1002 3747 1094 3811 οὕς
1127 3747 1468 3822 ἐξονομάζων
1523 3749 1551 3802 6
1583 3752 1726 3812 θεῖος
1755 3747 1919 3804 Ἀπό-

269 3833 470 3898 στολος
497 3835 759 3914 ἐπιφέρει,
789 3841 871 3910 τῷ
900 3841 1138 3911 τοιούτῳ
1185 3834 1328 3911 μηδὲ
1377 3836 1688 3901 συνεσθίειν.
1739 3839 1922 3893 Ταῦτα

264 3926 356 3980 καὶ
398 3924 453 3980 ἐν
499 3930 617 3987 τοῖς
670 3926 794 3998 ἑξῆς
855 3923 1072 3999 μᾶλλον
1119 3931 1332 4003 τρανοῖ.
1385 3927 1578 3984 ’ἰστέον
1624 3923 1701 3996 δδ,
1753 3927 1836 3980 δτι
1885 3928 1920 3996 ἡ

257 4008 517 4090 ἀκρίϐεια
545 4014 682 4086 αὕτη
716 4019 809 4069 νῦν
839 4021 942 4086 τῆς
971 4019 1080 4072 τῶν
1114 4015 1380 4073 τοιούτων
1425 4013 1719 4087 διαστολῆς
1745 4036 1804 4071 τε
1833 4017 1922 4071 καὶ

254 4101 602 4166 διαστάσεως
631 4103 696 4159 οὐ
723 4103 953 4178 γίνεται.

325 4375 392 4432 Ὁ
448 4371 710 4436 τοιοῦτός
772 4393 926 4431 ποτε.
984 4371 1329 4448 Σημείωσαι,
1387 4371 1470 4428 ὅτι
1531 4375 1560 4428 6
1617 4377 1730 4447 Θιῷ
1786 4375 1932 4444 ἡνω-

257 4465 427 4535 μένος
493 4461 595 4518 οὐκ
673 4461 1097 4540 ἂνεργηθήσεται
1165 4462 1270 4518 ὑπὸ
1326 4460 1629 4538 ἀκαθάρτου
1687 4462 1927 4536 πνεύμα-

378 4555 424 4590 ιε

255 4573 734 4716 τοεΕέναγεστάτινλν
765 4637 1056 4717 ἐνέργειαν.
1087 4642 1208 4696 Ὅτι
1251 4638 1383 4716 ὑπὲρ
1413 4639 1540 4703 τοὺς
1566 4641 1931 4697 καταπίπτον-

260 4751 358 4794 τας
391 4727 731 4805 δαιμονῶσιε
756 4731 810 4786 οἱ
839 4729 1112 4807 ἆσελγεῖς.

340 4908 428 4967 Tir
479 4909 580 4982 μὶν
639 4904 851 4974 ὅντως.
901 4911 1019 4965 Ὅτι
1077 4907 1146 4965 τὰ
1189 4905 1360 4972 ὄντως
1415 4905 1544 4964 ὅντα
1590 4910 1687 4972 τὰς
1745 4909 1936 4985 ἀρετὰς

271 4998 459 5156 λὲῖίιξξξ
507 5085 808 5164 πρόσυλον.
859 5084 1082 5158 Ἐπειδὴ
1121 5087 1213 5143 καὶ
1257 5089 1293 5158 ἡ
1327 5085 1434 5158 ὕλη
1465 5086 1810 5152 πολυπαθῶς
1835 5085 1936 5143 ἀλ-

274 5174 554 5234 λοιοῦται.

344 5265 436 5321 Ἐν
496 5269 619 5328 τοῖς
676 5263 1031 5340 ἀλλοτρίοις.
1093 5264 1456 5339 Σημείωσαι,
1516 5265 1598 5321 ὅτι
1674 5265 1944 5342 ἀλλότρια

2032 651 2162 691 esse
2193 634 2591 707 disciplinam.

2103 726 2181 780 Ea
2209 741 2329 796 quae
2357 726 2575 781 concisa
2603 727 2750 780 sunt.
2779 723 2941 788 Quod
2972 740 3040 780 ea
3068 739 3196 794 quis
3243 722 3478 779 concisa
3523 723 3687 792 sunt,

2033 813 2143 869 hoc
2175 819 2263 869 est
2292 815 2543 870 obscura
2573 813 2764 886 signis
2794 830 2922 886 quae
2955 811 3357 885 perﬁciuntur,
3385 811 3687 884 explican-

2032 907 2148 958 tur.
2177 901 2293 958 Hoc
2341 902 2498 958 enim
2553 901 2810 959 declarat
2854 902 3097 956 verbum
3145 899 3288 955 illud
3339 899 3686 956 dilatantur.

2035 991 2184 1049 Nota
2245 1007 2401 1059 vero,
2461 991 2615 1062 quod
2684 991 2854 1046 Pater
2917 989 3080 1045 dicat
3144 1004 3272 1060 quae
3342 989 3690 1045 adumbrata

2034 1080 2094 1136 in
2126 1079 2373 1152 psalmis
2402 1079 2700 1148 dicuntur,
2732 1079 3167 1151 Scripturarum
3196 1077 3445 1135 lectione
3489 1075 3693 1150 expla-

2037 1187 2186 1226 nari.

2103 1263 2173 1316 In
2206 1259 2311 1315 his.
2347 1259 2410 1314 In
2441 1257 2534 1314 his
2581 1257 2762 1329 enim,
2811 1257 3134 1328 Scripturis
3184 1256 3430 1327 scilicet,
3488 1255 3540 1312 is
3589 1254 3693 1327 qui

2036 1349 2247 1405 acriter
2275 1347 2486 1420 aspicit
2515 1345 2791 1419 intelligit
2838 1363 3023 1403 unum
3069 1346 3461 1417 eumdemque
3492 1343 3694 1416 ,Spiri-

2035 1441 2164 1494 tum
2195 1452 2402 1494 omnes
2431 1435 2669 1492 dixisse.

2107 1527 2524 1595 Promulgatur.
2557 1524 2630 1581 Ut
2658 1540 2761 1597 per
2792 1541 2854 1581 se
2883 1527 3066 1580 Vetus
3097 1523 3444 1596 explanans.

2111 1706 2200 1764 Uti
2228 1703 2370 1760 illud
2400 1702 2531 1776 quid
2560 1703 2793 1760 dixerit.
2824 1704 2987 1768 Quod
3019 1703 3054 1770 ἡ
3092 1701 3210 1774 μὲν,
3260 1701 3321 1757 id
3373 1704 3464 1758 est
3505 1699 3689 1756 Vetus

2035 1795 2499 1865 Testamentum,
2531 1792 2676 1849 dixit
2707 1811 2721 1850 :
2753 1793 2788 1860 ἡ
2823 1788 2901 1860 δὲ,
2950 1791 3010 1848 id
3059 1795 3150 1848 est
3194 1791 3418 1848 Novum
3465 1794 3686 1856 autem,

2035 1883 2282 1956 perﬁcit.

1958 1935 2006 2000 B
2113 1972 2282 2000 mut.

2113 1972 2434 2044 Theologiae.
2469 1970 2619 2029 Nota
2645 1987 2781 2027 eum
2809 1969 3077 2026 Veterem
3107 1969 3470 2040 Scripturam
3519 1966 3690 2023 theo-

2037 2061 2276 2135 logiam,
2324 2061 2382 2116 id
2433 2064 2522 2117 est
2551 2060 2653 2116 Dei
2686 2075 3017 2116 sermonem
3045 2074 3251 2115 vocare
3283 2075 3296 2114 :
3331 2056 3550 2116 Novam
3582 2073 3692 2113 au-

2038 2155 2179 2208 tem.
2211 2147 2513 2224 θεουργίαν,
2546 2149 2604 2204 id
2636 2153 2726 2205 est
2757 2148 2856 2204 Dei
2887 2147 3308 2220 operationem.

2109 2240 2140 2312 §
2168 2240 2262 2295 VI.
2299 2241 2527 2295 Penitus
2557 2237 2777 2294 horum.
2811 2236 2920 2302 Qui
2950 2235 3213 2306 omnino,
3245 2251 3312 2290 ac
3362 2234 3534 2307 plane
3586 2233 3694 2290 ho-

2036 2345 2171 2385 rum
2202 2329 2381 2384 rudes
2411 2342 2670 2394 manere,
2702 2342 2809 2383 nec
2861 2326 3066 2382 audire
3113 2327 3322 2397 sponte
3369 2321 3695 2380 constitue-

2038 2421 2198 2474 runt.

2109 2507 2328 2564 Divinas
2354 2506 2749 2577 generationis.
2787 2505 2900 2561 Hoc
2930 2506 3021 2560 est
3049 2501 3242 2560 sancti
3271 2501 3576 2574 baptismi.

2110 2691 2282 2742 Porro
2305 2681 2823 2741 catechumenosDe
2853 2678 3312 2746 catechumenis,
3345 2692 3693 2750 energume-

2041 2774 2156 2845 nis,
2180 2777 2238 2830 et
2263 2772 2336 2828 iis
2367 2771 2468 2844 qui
2498 2775 2640 2828 sunt
2663 2772 2723 2826 in
2755 2769 3097 2842 pmnitentia
3123 2767 3329 2840 (dicit);
3353 2769 3411 2822 et
3439 2781 3692 2838 quorum

2041 2865 2162 2920 sint
2191 2861 2524 2935 participes.

2111 2954 2186 3008 Ac
2212 2954 2521 3024 postremus
2569 2948 2807 3022 quidem.
2853 2947 3318 3003 Catechumenos
3363 2945 3694 3016 postremos

2042 3057 2172 3098 esse
2202 3039 2409 3111 (dicit).

2113 3132 2360 3197 Exortes,
2395 3127 2493 3183 Gr.
2525 3125 2832 3198 ἀμέθεκτοι.
2862 3125 2989 3181 Non
3019 3122 3357 3196 participes.

2115 3221 2439 3288 Faveantur,
2469 3218 2563 3274 Gr.
2601 3215 2968 3288 μαιευόμενοι.
2993 3211 3220 3269 Renati.

1953 3305 1996 3373 C
2105 3308 2382 3375 Abortivi,
2413 3310 2510 3362 Gr.
2542 3299 2950 3378 ἀμϐλωορίδια.
2983 3303 3195 3358 Partus
3223 3298 3460 3356 mortui.

2106 3398 2384 3467 Pro/anus
2413 3395 2631 3468 quidem
2660 3401 2714 3449 et
2741 3393 2850 3463 hic,
2882 3395 2980 3447 Gr.
3014 3389 3225 3464 ἀνίερος
3261 3387 3354 3461 μὶν
3387 3386 3476 3440 καὶ
3526 3383 3687 3455 αὐτή.

2027 3484 2152 3541 Non
2185 3484 2477 3540 initiatus.
2514 3482 2683 3552 Nota,
2716 3497 2850 3538 eum
2883 3481 2942 3536 in
2976 3494 3290 3536 numerum
3337 3490 3689 3548 energume-

2028 3589 2240 3630 norum
2271 3572 2564 3630 ascribere
2595 3571 2772 3627 etiam
2807 3585 2908 3625 eos
2937 3567 3041 3640 qui
3079 3565 3341 3638 corporis
3392 3562 3690 3620 illecebris

2029 3663 2157 3720 sine
2186 3663 2370 3719 animi
2401 3660 2721 3717 mutatione
2751 3662 2808 3715 et
2837 3655 3181 3730 pmnitentia
3210 3658 3490 3723 manent;
3533 3651 3697 3708 velut

2030 3757 2406 3818 scortatores,
2441 3751 2738 3807 studiosos
2790 3745 3285 3819 spectaculorum,
3336 3747 3393 3800 et
3442 3759 3542 3799 eos
3591 3739 3694 3812 qui

2032 3841 2252 3898 similia
2280 3845 2536 3897 tractant
2570 3857 2582 3894 :
2619 3855 2766 3911 quos
2799 3836 3114 3892 nominans
3159 3833 3396 3890 divinus
3445 3835 3691 3902 Aposto-

2031 3931 2144 4000 lus,
2174 3930 2432 4002 subjicit,
2467 3945 2601 3986 cum
2635 3926 2929 3998 ejusmodi
2960 3941 3067 3980 nec
3097 3924 3297 3979 cibum
3331 3935 3564 3978 sumere
3607 3916 3692 3989 (ι).

2033 4024 2163 4076 Hac
2194 4020 2372 4076 etiam
2403 4018 2465 4073 in
2496 4017 2591 4073 his
2622 4034 2747 4088 quae
2780 4017 3135 4088 sequuntur,
3171 4011 3359 4084 magis
3400 4007 3693 4081 explanat.

2032 4110 2348 4166 Sciendum
2379 4111 2468 4164 est
2498 4110 2720 4175 autem,
2753 4105 2889 4160 huic
2920 4103 3130 4159 talium
3180 4102 3277 4157 67
3335 4115 3531 4156 rerum
3585 4095 3700 4151 dif-

2037 4197 2292 4256 ferentiae
2346 4202 2404 4254 et
2460 4194 2781 4266 distantias,
2833 4191 3153 4266 diligentiae
3197 4206 3354 4247 nunc
3404 4205 3520 4245 non
3571 4199 3702 4242 esse

2035 4289 2254 4345 locum.

2110 4377 2369 4449 Quisquis
2397 4374 2665 4447 ejusmodi
2698 4376 2796 4430 est.
2849 4371 3018 4443 Nota,
3068 4386 3204 4427 eum
3253 4368 3352 4440 qui
3399 4367 3516 4424 Deo
3565 4380 3704 4420 con-

2030 4469 2276 4539 junctus
2305 4468 2414 4537 est,
2445 4480 2560 4520 non
2587 4465 2859 4520 vexatum
2891 4459 2962 4514 iri
2996 4459 3068 4515 ab
3100 4457 3410 4514 immundo
3466 4453 3704 4525 spiritu.

2112 4643 2612 4702 Detestabilissima
2639 4638 2963 4697 obsessione.
2996 4635 3145 4691 Nota
3192 4633 3350 4705 quod
3400 4627 3706 4686 libidinosi

2043 4749 2225 4806 supra
2271 4748 2370 4788 eos
2419 4731 2520 4803 qui
2567 4730 2628 4786 in
2660 4726 2878 4784 diaboli
2909 4723 3313 4782 obsessionem
3344 4719 3635 4787 incidunt,
3669 4734 3703 4773 a

2045 4825 2308 4880 daemone
2339 4826 2611 4894 agantur.

2119 4913 2249 4980 Quae
2281 4891 2405 4966 vere
2427 4917 2575 4965 sunt.
2608 4907 2755 4963 Nota
2785 4904 2943 4976 quod
2973 4918 3043 4959 ea
3067 4917 3195 4974 quae
3226 4914 3358 4958 vere
3390 4897 3550 4966 sunt,
3589 4891 3708 4948 vir-

2047 5005 2207 5058 tutes
2238 4999 2402 5058 dicit.

2121 5089 2489 5148 Materialem.
2521 5085 2806 5151 Quoniam
2838 5082 3016 5139 etiam
3047 5077 3318 5145 materia,
3352 5073 3539 5133 multa
3568 5071 3716 5145 pati-

2050 5182 2168 5245 tur,
2200 5182 2257 5234 et
2285 5179 2705 5234 commutatur.

2122 5271 2190 5322 In
2219 5267 2450 5324 alienis.
2483 5265 2654 5330 Nota,
2687 5263 2928 5334 peccata
2959 5273 3092 5313 ecce
3122 5255 3314 5312 aliena
3343 5271 3377 5310 a
3408 5250 3711 5318 nobisme-

274 5353 444 5426 ἡμῶν
500 5351 614 5408 ἐστι
642 5353 711 5409 τὰ
737 5335 874 5430 πρὸς
921 5335 1214 5429 ἁμαρτίανο
1248 5353 1315 5409 οὗ
1371 5355 1476 5432 γὰρ
1524 5357 1724 5433 φυσική
1785 5335 1927 5428 me»

2064 5373 2171 5427 que
2201 5355 2359 5412 enim
2388 5352 2657 5412 naturale
2686 5354 2776 5408 est
2805 5351 3136 5421 peccatum,
3170 5345 3273 5402 sed
3324 5340 3592 5433 aptitudo
3641 5335 3718 5433 ad

277 5439 425 5496 ἐστιν
448 5441 486 5510 ἡ
521 5439 782 5518 ἁμαρτία,
815 5439 942 5497 ἀλλ’
981 5443 1017 5510 ἡ
1051 5441 1129 5503 εἰς
1153 5445 1258 5496 πᾶν
1304 5435 1460 5518 ἔργον
1507 5441 1702 5518 ἀγαθὸν
1757 5441 1946 5513 ἐπιτη-

357 5559 427 5633 (ι)
460 5563 486 5615 Ι
518 5559 650 5617 Cor.
686 5577 745 5634 ν,
780 5563 868 5617 tl.
943 5561 1044 5632 (ιη)
1073 5561 1123 5617 II
1153 5558 1282 5617 Cor.
1317 5577 1393 5629 Ix,
1425 5562 1478 5616 8.

2055 5426 2230 5501 omne
2261 5461 2408 5516 opus
2440 5445 2685 5508 bonum,
2717 5437 3044 5496 secundum
3092 5433 3441 5507 Apostolum
3490 5428 3611 5502 (τη),
3661 5426 3722 5480 et

1316 5677 1555 5734 VARUE
1595 5678 1984 5739 LECTIONES
2022 5679 2110 5737 ET
2148 5675 2705 5736 CORRECTIONES.

359 5748 408 5786 1⁸
440 5745 730 5821 δαίμονος.
