4134 6388
434 365 542 422 143

1255 367 1627 422 APPENDIX
1669 369 1763 419 AD
1802 366 2044 420 OPERA
2079 369 2138 421 S.
2179 365 2496 421 DIONYSII
2537 362 3033 421 AREOPAGITE.

3754 365 3859 422 144

429 489 578 548 illud
611 491 672 547 in
705 490 952 548 Psalmis
985 508 998 546 :
1032 491 1096 547 Et
1125 491 1192 546 ab
1221 491 1426 548 alienis
1452 505 1617 562 parce
1644 504 1797 546 servo
1841 497 1932 544 tuo
1983 488 2080 558 (η).

2225 485 2444 556 ἱειότης,
2497 485 2632 540 κατὰ
2677 487 2767 540 τὸν
2817 485 3176 559 Ἀπόστολον,
3221 484 3310 541 καὶ
3355 485 3418 540 τὸ
3466 485 3518 540 ἐν
3570 483 3858 560 Ψαλμοῖς⁹

435 580 578 636 Hinc
607 579 783 636 etiam
815 578 1097 652 intelligis
1126 578 1182 635 id
1217 580 1371 650 quod
1397 596 1432 634 a
1452 578 1699 634 Domino
1732 576 1953 632 dictum
1979 581 2090 632 est:

433 669 494 724 Si
519 685 651 725 vero
681 671 745 724 in
765 668 961 725 alieno
981 669 1165 740 ﬁdeles
1186 686 1296 724 non
1322 669 1535 724 inventi
1551 667 1951 734 estis,vestrum
1971 667 2095 738 quis

434 757 583 813 vobis
611 757 765 813 dabit
796 757 904 830 (0)?
934 758 1018 814 Ob
1051 774 1298 830 eamque
1331 773 1574 814 causam
1605 756 1798 812 aliena
1825 755 1946 810 haec
1977 772 2092 810 non

429 846 773 903 exsistentia
793 847 1228 904 dicuntur.Non
1251 848 1408 903 enim
1437 851 1660 903 naturae
1687 844 1958 913 sunt,sed
1985 844 2054 898 ad
2073 872 2091 882 -

433 935 876 992 ulterina.Actio
907 941 1106 994 autem
1141 954 1271 1008 quae
1304 936 1631 992 secundum
1664 938 1939 991 naturam
1979 937 2090 998 est,

430 1042 536 1081 ens
569 1029 676 1094 est,
709 1030 766 1082 et
795 1031 996 1082 nostra
1027 1031 1133 1082 est.
1175 1025 1354 1083 Alter.
1406 1025 1615 1081 Aliena
1662 1024 1806 1080 dixit
1841 1040 1910 1079 ea
1960 1039 2090 1094 quae

430 1115 502 1171 ad
529 1116 817 1170 mundum
841 1116 1317 1188 pertinent,quod
1343 1132 1454 1170 non
1481 1115 1836 1185 cujusquam
1857 1111 2092 1184 proprie

429 1204 572 1276 sint,
603 1205 702 1260 sed
735 1203 806 1260 ab
839 1204 968 1260 aliis
999 1205 1069 1260 ad
1101 1203 1248 1260 alios
1297 1207 1605 1260 transeant
1637 1207 1692 1258 et
1726 1201 2090 1257 transferan-

429 1298 558 1363 tur;
594 1297 696 1349 aut
727 1293 902 1349 etiam
937 1295 1092 1367 quod
1127 1311 1240 1349 non
1274 1293 1353 1350 sit
1381 1292 1572 1364 posita
1603 1292 1660 1347 in
1715 1291 1806 1347 his
1859 1289 2091 1358 penitus

431 1387 636 1439 nostra
665 1382 894 1438 vivendi
927 1383 1206 1453 ratio,sed
1239 1383 1417 1439 aliam
1448 1382 1626 1438 vitam
1659 1379 2091 1454 spectet,cujus

431 1470 607 1527 etiam
640 1487 818 1528 causa
849 1472 970 1528 nati
1002 1487 1233 1528 sumus.

503 1576 765 1631 Ministri.
801 1576 860 1631 Id
892 1579 1003 1644 est,
1035 1593 1107 1632 ne
1139 1576 1274 1648 quis
1304 1592 1508 1632 eorum
1539 1575 1640 1648 qui
1670 1575 2014 1647 agitandum
2058 1591 2092 1630 a

430 1664 715 1734 daemone,
749 1663 888 1736 quid
919 1665 1210 1737 patiatur;
1244 1669 1311 1720 ut
1340 1665 1619 1737 deinceps
1649 1663 1815 1720 dicit.

501 1756 612 1824 Qui
655 1754 1015 1825 passionibus
1061 1755 1436 1826 exagitantur.
1488 1753 1916 1810 Demonstratio
1965 1751 2091 1808 efﬁ-

431 1857 536 1899 cax
544 1885 557 1898 .

505 1932 596 1988 Uti
621 1931 840 1987 demum
863 1931 1075 1988 divino.
1108 1931 1188 1988 De
1220 1931 1424 1989 ordine
1469 1946 1694 2002 eorum,
1747 1930 1848 2003 qui
1900 1928 2094 1986 dimit-

431 2023 665 2076 tuntur.

507 2110 612 2177 Qui
686 2110 899 2166 initiati
961 2126 1072 2168 non
1145 2113 1296 2166 sunt.
1371 2109 1809 2180 Catechumeni,
1899 2108 2092 2164 libidi-

441 2214 596 2254 ηοει.

511 2286 617 2354 Qui
643 2288 970 2344 terroribus.
1003 2288 1580 2360 Expressionumque
1610 2287 1935 2344 illusiones.

504 2377 636 2433 Prae
662 2377 907 2446 ignavia.
939 2377 1111 2446 Nota,
1141 2378 1297 2433 unde
1329 2377 1483 2433 dicat
1531 2377 1758 2449 aliquos
1809 2375 2013 2433 fideles
2061 2393 2094 2433 a

437 2466 806 2522 daemonibus
833 2465 1063 2538 agitari.

502 2555 730 2626 Habitu,
761 2571 1071 2627 amaraque.
1106 2555 1166 2610 Id
1199 2559 1288 2610 est
1317 2555 1536 2627 (quasi)
1567 2555 1925 2628 pcenitentia.

504 2645 740 2700 Omnino
769 2646 968 2702 sancti.
1003 2642 1228 2700 Fideles
1259 2644 1360 2716 qui
1391 2661 1526 2700 cum
1559 2645 1672 2701 Deo
1717 2649 1772 2701 et
1826 2645 1980 2701 inter
2028 2659 2092 2700 se

433 2733 734 2802 conjuncti
761 2738 922 2789 sunt.

497 2820 772 2877 Generali.
805 2819 1144 2876 Generalem
1179 2820 1324 2877 dixit
1355 2821 1598 2877 laudum
1656 2822 2089 2892 recitationem,

429 2912 531 2964 aut
561 2909 720 2982 quod
751 2909 824 2965 ab
857 2909 1134 2966 omnibus
1165 2909 1287 2981 ﬁat,
1321 2915 1423 2966 aut
1453 2911 1610 2982 quod
1641 2927 1746 2983 pro
1797 2914 2092 2967 universo-

434 3015 568 3054 rum
597 2999 807 3070 gratia.

500 3086 781 3159 Hymnum
810 3091 993 3144 autem
1021 3089 1190 3144 hunc.
1224 3088 1499 3157 Observa,
1534 3089 1606 3144 ab
1630 3103 1696 3144 eo
1728 3087 2091 3160 appellatum

429 3189 558 3231 esse
588 3175 897 3247 hymnum,
932 3176 1289 3249 symbolum,
1315 3175 1762 3248 professionem,
1795 3179 1853 3232 et
1881 3175 2092 3249 gratia,

427 3280 560 3320 rum
593 3265 902 3322 actionem.

504 3353 725 3411 Videtur
752 3356 903 3411 enim
932 3355 1095 3412 mihi.
1126 3355 1213 3410 Ad
1245 3370 1422 3428 quem
1455 3355 1632 3412 tinem
1664 3358 1888 3429 spectet
1927 3371 2086 3428 sym-

427 3440 655 3498 bolum.

496 3529 878 3588 Substantiam
945 3531 1189 3604 quidem.
1253 3533 1368 3588 [loc
1430 3537 1520 3589 est
1586 3535 1915 3590 secundum
1983 3533 2084 3590 68

425 3619 690 3692 Apostoli
721 3621 1075 3676 sententiam
1107 3621 1355 3676 dicentis
1389 3638 1402 3676 :
1436 3622 1645 3677 Omnia
1679 3623 1835 3677 enim
1885 3627 2088 3678 nostra

424 3712 566 3764 sunt
595 3707 1089 3780 (p).Primigenias
1119 3713 1318 3764 autem
1349 3714 1685 3766 venustates
1710 3710 1966 3783 appellat
1986 3725 2087 3766 eas

427 3813 555 3868 quae
586 3797 644 3853 in
677 3797 875 3855 divina
906 3802 1119 3854 natura
1165 3799 1462 3867 videntur,
1513 3817 1765 3872 quorum
1816 3800 2086 3856 homines

431 3903 534 3958 pro
565 3891 762 3958 captu,
793 3892 850 3942 et
880 3887 1052 3943 modo
1083 3904 1191 3943 suo
1222 3887 1375 3944 Deus
1421 3905 1523 3960 pro
1573 3905 1681 3945 sua
1729 3888 2088 3961 benignitate

429 3975 744 4047 participes
771 3976 938 4045 fecit;
971 3981 1073 4032 aut
1103 3981 1258 4034 certe
1289 3977 1452 4046 dicit,
1487 3978 1543 4034 id
1573 3979 1644 4034 ad
1676 3978 1844 4049 cujus
1876 3977 2086 4051 imagi-

431 4080 564 4120 nem
597 4067 652 4119 et
683 4065 1137 4121 similitudinem
1170 4066 1307 4122 facti
1337 4071 1499 4122 sunt.

498 4153 987 4225 Prwparatisﬂoc
1019 4159 1110 4211 est
1138 4156 1332 4226 bonis,
1364 4172 1493 4228 qua;
1527 4155 1695 4211 nobis
1724 4154 1796 4210 ab
1822 4170 1888 4211 eo
1926 4172 2085 4212 com-

429 4246 737 4312 parantur.

503 4330 771 4400 Perfecta.
804 4333 973 4398 Nota,
1026 4331 1166 4402 quid
1198 4331 1289 4402 {de
1337 4331 1572 4387 Christo
1618 4331 1794 4398 dicat,
1847 4329 1968 4387 sive
2015 4331 2086 4386 de

422 4419 682 4489 perfecta
701 4418 830 4489 ejus
857 4419 1256 4492 assumptione
1281 4419 1673 4476 humanitatis
1692 4419 1868 4476 etiam
1883 4423 2088 4476 contra

420 4506 870 4579 Apollinarium.

2124 1869 2173 1933 B

2203 574 2308 630 Καὶ
2367 575 2472 629 ἀπὸ
2531 573 2841 650 ἀλλοτρίων
2893 580 3072 653 φεῖσαι
3121 579 3220 630 τοῦ
3269 571 3473 630 δούλου
3523 595 3621 630 σου
3655 619 3668 632 .
3739 579 3861 633 Ἐν-

2202 674 2289 726 θεν
2335 670 2477 725 νοεῖς
2524 665 2611 719 καὶ
2664 665 2726 718 τὸ
2776 662 3064 739 εἰρημένον
3114 664 3262 740 παρὰ
3310 665 3531 739 Κυρίου·
3587 664 3648 722 Εἰ
3699 663 3755 721 δὶ
3802 665 3859 721 ἐν

2199 758 2278 826 τῷ
2330 751 2612 828 ἀλλοτρίῳ
2660 754 2843 808 πιστοὶ
2898 753 3006 828 οὐχ
3072 755 3331 828 εὗρὲθητε
3363 795 3380 826 ,
3436 753 3499 809 τὸ
3559 753 3712 827 ὑμῶν
3769 754 3859 818 τίς

2202 843 2328 915 ὑμῖν
2381 839 2582 911 Subest;
2636 843 2732 896 Διὰ
2783 846 2946 897 τοῦτο
2991 843 3079 897 καὶ
3139 845 3204 898 τά
3264 841 3534 919 ἀλλότρια
3563 847 3728 898 ταῦτα
3759 842 3864 898 οὐκ

2201 926 2329 986 ὅντα
2359 929 2597 1006 λέγεται·
2635 931 2697 986 οὐ
2749 933 2852 1007 γὰρ
2900 938 3002 1002 τῆς
3037 931 3250 1008 φύσεώς
3303 931 3463 1003 εἰσιν,
3506 931 3653 988 ἀλλά
3699 934 3858 988 νόθα*

2238 1021 2249 1036 I
2297 1018 2340 1040 ἢκ
2513 1021 2525 1038 \
2617 1020 2630 1039 I
2848 1021 2857 1037 Ι
3043 1017 3069 1040 Ἰ
3347 1019 3360 1042 \
3715 1023 3735 1042 Ι

2197 1042 2260 1075 το
2294 1037 2350 1075 οε
2398 1041 2535 1075 κατα
2566 1042 2721 1097 φυσιν
2753 1041 3007 1095 πραττειν
3040 1043 3099 1075 ον
3132 1021 3242 1076 ἐστι
3273 1041 3362 1076 και
3389 1022 3684 1098 ἡμέτερον.
3737 1020 3861 1078 Αλ-

2201 1108 2333 1171 λως.
2370 1105 2671 1184 Ἀλλὸτρια
2703 1107 2802 1188 ἔφη
2835 1109 2901 1164 τὰ
2928 1110 3064 1164 κατὰ
3092 1107 3323 1183 κόσμον,
3357 1111 3430 1172 ὡς
3463 1109 3524 1164 οὐ
3569 1110 3716 1172 τινὸς
3751 1107 3867 1165 ἴδι-

2199 1202 2308 1260 κῶς
2339 1195 2519 1272 [ί’δια],
2571 1197 2698 1253 ἀλλ’
2741 1197 2793 1269 ἐξ
2827 1195 3012 1254 ἄλλων
3037 1197 3113 1260 εἷς
3143 1197 3348 1260 ἄλλους
3383 1197 3794 1272 μεταπίπτοντα
3826 1200 3865 1269 ἢ

2200 1287 2289 1341 καὶ
2317 1287 2390 1348 ὡς
2422 1285 2520 1340 οὐκ
2549 1287 2712 1357 οὔσης
2768 1286 2820 1341 ἐν
2853 1287 3073 1349 τούτοις
3105 1286 3195 1342 διὰ
3225 1288 3425 1352 παντὸς
3455 1287 3556 1357 τῆς
3586 1289 3866 1365 ἡμετέρας

2201 1373 2500 1451 διαγωγῆς,
2529 1373 2674 1430 ἀλλὰ
2704 1375 2840 1452 πρὸς
2871 1373 3050 1452 ἕτερον
3089 1375 3206 1452 βίον
3240 1377 3480 1453 ὁρώσης,
3533 1375 3616 1456 ἐφ’
3664 1377 3711 1448 ᾧ
3770 1377 3870 1432 καὶ

2199 1465 2518 1541 γεγόναμεν.

2272 1573 2382 1628 Τοῦ
2414 1569 2754 1647 λειτουργοῦ.
2789 1573 3077 1642 Τουτὲστι,
3109 1574 3184 1644 μή
3217 1593 3358 1636 τινες
3387 1577 3499 1629 τῶν
3529 1571 3868 1650 ἐνεργουμέ-

2199 1681 2300 1714 νων
2334 1659 2733 1733 ἐμπαθῶσινίθ,
2765 1660 2838 1724 ὡς
2868 1660 2992 1732 ἑξῆς
3023 1681 3209 1739 φησιν.

2271 1751 2332 1805 Ἡ
2363 1753 2469 1804 τῶν
2513 1749 2790 1822 ἐμπαθῶς.
2825 1747 3129 1821 Ἀπόδειξις
3161 1749 3413 1828 ἐναργής.

2275 1925 2497 1996 Ἐπειδὴ
2531 1925 2588 1982 δὲ
2617 1931 2714 1983 τοῦ
2746 1927 2912 1985 θείου.
2946 1929 3076 2006 Ηερὶ
3105 1935 3207 1999 τῆς
3239 1927 3438 2003 τάξεως
3465 1933 3573 1986 τῶν
3619 1928 3868 1986 ἀπολυο·

2208 2014 2406 2089 μένων.

2276 2103 2564 2178 Ἀμύητοι.
2597 2105 2660 2159 Οἱ
2687 2105 3119 2180 κατηχούμενοι,
3151 2105 3202 2161 οὶ
3237 2105 3505 2184 ἀσελγεῖς.

2275 2280 2510 2353 Δείματά
2539 2303 2617 2340 τε.
2651 2284 3040 2338 Ἐκτυπώσεών
3067 2305 3126 2340 τε
3155 2283 3532 2360 χλευάσματα.

2275 2372 2353 2425 Δι’
2385 2369 2694 2448 ἀνανδρίαν.
2724 2372 3066 2445 Σημείωσαι,
3099 2373 3260 2438 πόθεν
3297 2374 3460 2448 φησὶν
3527 2375 3630 2430 ὑπὸ
3659 2373 3865 2449 δαιμό-

2202 2480 2310 2514 νων
2341 2459 2685 2535 ἐνοχλεῖσθαί
2712 2482 2860 2524 τινας
2889 2466 2997 2516 τῶν
3024 2467 3252 2519 πιστῶν.

2272 2551 2414 2620 "Eget
2445 2549 2535 2603 καὶ
2568 2545 2751 2623 ἔρωτι.
2785 2551 2970 2608 Οἱονεὶ
2999 2555 3069 2625 τῇ
3106 2553 3384 2625 μετανοίᾳ.

2273 2637 2338 2694 Οἱ
2370 2638 2631 2714 πανίεροι.
2666 2641 2732 2696 Οἱ
2764 2641 2966 2710 πιστοὶ,
2992 2642 3082 2696 καὶ
3113 2642 3249 2716 πρὸς
3291 2643 3420 2698 Θεὸν
3451 2642 3540 2698 καὶ
3573 2644 3713 2718 πρὸς
3746 2641 3854 2699 ἀλο

2203 2724 2413 2796 λήλους
2442 2725 2743 2801 ἡνωμὲνοι.

2273 2818 2350 2888 [α]
2383 2813 2687 2891 Καθολικῇ.
2747 2816 3061 2888 Καθολικὴν
3113 2816 3215 2895 ἔφη
3273 2821 3373 2890 τὴν
3425 2819 3787 2896 ὁμνολογίαν,
3823 2824 3864 2894 ἣ

2201 2903 2275 2965 ὡς
2312 2904 2414 2959 ὑπὸ
2445 2906 2656 2960 πάντων
2712 2904 3000 2981 ᾀδομὲνην,
3049 2907 3085 2978 ἢ
3117 2909 3193 2972 ὡς
3227 2909 3359 2986 ὑπὲρ
3389 2910 3695 2981 καθολικῆς
3750 2915 3867 2989 χά-

2201 3010 2356 3066 ριτος
2387 2995 2706 3068 γινομένην.

2273 3082 2353 3156 [βΙ
2411 3083 2506 3140 Τὸν
2568 3082 2736 3144 ὕμνον
2797 3081 2854 3140 δὶ
2907 3089 3140 3145 τοῦτον.
3219 3088 3562 3162 Σημείωσαι,
3620 3088 3705 3145 ὅτι
3763 3091 3864 3147 τὸν

2205 3169 2394 3244 ὕμνον,
2429 3167 2713 3246 σύμϐολον
2746 3173 2838 3228 καὶ
2869 3173 3198 3252 ὁμολογίαν,
3230 3178 3322 3234 καὶ
3353 3177 3704 3256 εὐχαριστίαν
3738 3176 3867 3236 ἱκά-

2206 3257 2348 3316 λεσε.

2267 3353 2427 3404 Δοκεῖ
2478 3350 2579 3425 γάρ
2659 3371 2754 3424 μοι
2789 3394 2802 3409 .

2196 3433 2386 3496 ϐολον.

2267 3529 2346 3602 [γ]
2404 3529 2514 3597 Τὴν
2565 3529 2659 3602 μὲν
2711 3528 2916 3587 οὐσίαι.
2976 3533 3240 3589 Τουτέστι
3271 3533 3408 3590 κατᾶ
3429 3535 3521 3591 τὸν
3549 3539 3646 3591 τοῦ
3678 3537 3862 3592 Ἀπο-

2197 3613 2396 3702 στόλου
2440 3615 2601 3702 λόγον
2648 3616 2919 3682 εἰπόντος.
2970 3621 3152 3677 Πάντα
3191 3621 3295 3699 γὰρ
3330 3625 3491 3697 ἡμῶν
3526 3622 3690 3680 ἐστιν.
3727 3625 3861 3702 Ἀρ-

2195 3701 2405 3776 χὲτυπα
2435 3701 2492 3758 δὲ
2520 3703 2704 3776 κάλλη
2737 3705 2870 3782 φησὶ
2900 3708 2968 3762 τὰ
2995 3711 3063 3782 τῇ
3123 3711 3243 3782 θείᾳ
3299 3711 3452 3790 φύσει
3510 3701 3859 3788 ἐπιθεωροῦ-

2199 3811 2352 3864 μενα,
2385 3797 2458 3846 ὧν
2485 3794 2584 3860 τήν
2627 3796 2763 3849 κατὰ
2801 3797 2861 3851 τὸ
2892 3793 3253 3872 ἐνδεχόμενον
3291 3801 3572 3874 μετουσίαν
3603 3807 3722 3865 τοῖς
3754 3801 3864 3858 ἀν-

2198 3881 2440 3956 θρώποις
2472 3879 2806 3958 ἒδωρήσατο’
2839 3886 2873 3956 ἢ
2899 3885 2963 3942 τὸ
3011 3889 3129 3943 κατ’
3179 3888 3359 3945 εἰκόνα
3391 3889 3540 3966 λέγει
3592 3892 3684 3947 καὶ
3734 3894 3866 3948 καθ’

2196 3969 2486 4042 ὁμοίωσιν.

2880 3352 3024 3428 Πρὸς
3101 3353 3156 3411 τί
3206 3351 3376 3432 πέρας
3434 3356 3536 3430 ὁρᾷ
3590 3357 3654 3412 τὸ
3712 3358 3862 3433 σύμ-

2267 4145 2342 4220 [δ]
2373 4148 2836 4213 Ἐπισκευαστοῖς.
2895 4155 3158 4210 Τουτὲστι
3215 4160 3332 4219 τοῖς
3381 4157 3432 4229 ἐξ
3463 4157 3629 4214 αὐτοῦ
3658 4180 3865 4216 κατασ-

2192 4234 2578 4310 κευαζομένοις
2606 4239 2826 4313 ἀγαθοῖς
2858 4239 2933 4303 εἷς
2965 4244 3134 4315 ἡμᾶς.

2265 4327 2332 4400 [ε]
2359 4327 2624 4383 Παντελεῖ
2649 4333 2779 4386 τῶν.
2813 4330 3152 4404 Σημείωσαι,
3182 4331 3236 4388 τί
3265 4355 3397 4412 φησι
3427 4337 3548 4414 περὶ
3580 4341 3859 4414 Χριστοῦ,

2191 4411 2365 4490 ἤγουν
2412 4423 2512 4487 τῆς
2566 4415 2781 4482 τελείας
2825 4418 2991 4475 αὐτοῦ
3023 4411 3507 4497 ἐνανθρωπήσεως.
3565 4411 3656 4481 καί
3711 4429 3863 4483 κατὰ

2193 4501 2647 4582 ’Λπολλιναρίου.

489 4599 726 4653 Dzvinus
755 4600 938 4670 panis.
971 4598 1410 4661 Animadverte.
1444 4614 1559 4654 non
1594 4597 1787 4654 solum
1819 4597 2080 4654 divinum

2261 4594 2322 4650 Ὀ
2355 4598 2498 4657 θεῖος
2555 4592 2738 4670 ἄρτος.
2799 4595 3142 4672 Σημείωσαι,
3197 4601 3280 4657 ὅτι
3329 4603 3392 4658 οὗ
3432 4601 3597 4677 μόνον
3631 4604 3660 4659 ὁ
3691 4605 3862 4681 ἅγιος

422 4702 635 4754 panem
683 4687 980 4744 obtectum
1033 4688 1282 4760 preponi
1335 4687 1578 4743 solitum
1625 4687 1832 4756 fuisse,
1881 4704 2082 4744 verum

420 4775 599 4832 etiam
627 4781 899 4834 sanctum
931 4777 1196 4846 calicem;
1232 4778 1389 4848 quod
1422 4794 1577 4832 nunc
1609 4778 1853 4833 minime
1883 4777 2082 4834 obser-

419 4869 614 4922 vatur.

495 4957 524 5022 §
551 4953 705 5011 VIII.
736 4956 1104 5012 Divinissima
1133 4971 1255 5012 vero
1285 4955 1562 5013 salutatio.
1591 4955 1738 5015 Nota
1769 4973 1874 5012 cur
1921 4955 2080 5014 salu-

424 5042 570 5098 tatio
598 5043 782 5099 ﬁeret.

493 5131 848 5204 Cupiditates,
899 5148 987 5190 ex.
1043 5133 1297 5191 Observa
1352 5133 1708 5207 cupiditates
1769 5133 1965 5192 carnis
2023 5137 2082 5191 et

2193 4678 2357 4755 ἄρτος
2414 4682 2827 4758 κεκαλυμμένος
2875 4687 3218 4763 προετίθετο,
3277 4689 3424 4748 ἀλλὰ
3465 4692 3554 4748 καὶ
3601 4694 3665 4749 τὸ
3704 4678 3860 4750 θεῖον

2192 4775 2480 4846 ποτήριονο
2517 4771 2648 4850 ὅπερ
2680 4777 2771 4830 νῦν
2805 4773 2866 4831 οὐ
2897 4775 3120 4852 γίνεται.

2264 4952 2464 5020 §VIIL
2495 4950 2786 5016 Θειότατος
2831 4953 3137 5029 ἀσπασμός.
3189 4957 3536 5033 Σημείωσαι,
3567 4958 3658 5017 διὰ
3711 4961 3767 5018 τί
3821 4963 3857 5018 ὁ

2193 5042 2479 5114 ἀσπασμὸς
2511 5038 2740 5098 δίδοταιο

2262 5129 2606 5206 Ἐπιθυμίας,
2660 5130 2733 5204 ἐξ.
2786 5135 3130 5211 Σημείωσαι,
3177 5133 3260 5192 ὅτι
3293 5137 3349 5193 αἱ
3401 5137 3667 5214 ἐμπαθεῖς
3725 5140 3852 5200 ἐπι·-

489 5334 572 5409 (n)
602 5335 756 5394 Psal.
790 5353 952 5411 xvm,
985 5339 1010 5397 4
1023 5340 1075 5397 4.
1151 5340 1225 5414 (ο)
1258 5341 1397 5400 Luc.
1429 5357 1545 5414 XVI,
1579 5343 1666 5399 12.
1744 5341 1818 5414 (p)
1851 5341 1873 5397 Ι
1901 5341 2028 5398 Cor.
2063 5355 2150 5412 In,
2179 5339 2271 5396 22.

1399 5547 1642 5606 VARhE
1681 5544 2068 5603 LECTIONES
2105 5544 2195 5602 ΒΤ
2231 5543 2797 5605 CORREGTIONES.

492 5668 536 5705 ¹⁰
559 5665 837 5742 ἐμπαθῶς.
