4134 6400
305 415 410 471 145

1076 421 1136 474 Β.
1178 419 1450 473 MAXIM!
1493 419 1801 474 SCHOLIA
1839 422 1915 473 IN
1953 421 2084 495 LIB.
2127 424 2224 475 DE
2262 423 2550 478 ECCLES.
2595 425 2993 479 HIERARCH.

3639 426 3744 480 146

294 541 492 616 θυμίαι
529 541 784 618 μερισταί
815 543 944 617 εἱσι,
987 544 1303 621 μερίζουσαι
1354 545 1502 618 ἡμᾶς
1545 541 1634 600 καὶ
1682 549 1779 600 τοῦ
1837 551 1944 602 Geoi

2086 550 2348 622 corporis
2377 549 2494 605 vim
2525 550 2741 607 habere
2773 551 3242 622 dividendi,cum
3263 557 3320 610 et
3342 571 3376 610 a
3399 558 3511 611 Deo
3537 571 3668 623 nos,
3686 558 3745 611 et

295 631 392 687 καὶ
425 631 722 704 ἀλλήλωνο
755 631 903 710 τάχα
933 630 992 688 δὶ
1021 634 1109 689 καὶ
1147 634 1374 690 ἑαυτῶν.

374 808 688 886 Ὁμοειδεῖς
727 812 1047 888 ἀπέχθειαι.
1094 812 1355 869 Τουτέστι
1390 814 1529 888 πρὸς
1558 813 1686 878 τοὺς
1742 814 1971 887 ὁμοίους

297 902 652 976 ἀνθρώπους.

367 994 397 1061 §
429 993 522 1047 ΙΧ.
558 995 818 1067 Πτυχῶν.
873 991 971 1048 Διὰ
1017 993 1072 1048 τί
1127 990 1262 1066 μετὰ
1287 993 1380 1047 τὸν
1410 992 1694 1065 ἀσπασμὸν
1730 989 1968 1069 δίπτυχα

288 1079 733 1153 ἀναγινώσκεται
747 1121 760 1138 .

367 1167 514 1230 Τοὺς
546 1167 735 1230 ὁσίως.
771 1167 1115 1242 Σημείωσαι,
1147 1167 1232 1224 ὅτι
1261 1167 1328 1224 τὰ
1357 1167 1595 1245 δίπτυχα
1619 1174 1726 1225 τῶν
1759 1169 1963 1226 ἀποθα-

283 1253 501 1312 νόντων
531 1255 623 1312 ἐπὶ
675 1256 841 1312 αὐτοῦ
891 1259 1060 1332 μόνον
1089 1258 1474 1336 ἀνεγινώσκετο
1506 1258 1658 1336 [οὖ-χ,
1713 1259 1787 1322 ὡς
1845 1263 1961 1334 νῦν,

279 1347 377 1402 καὶ
407 1351 522 1402 τῶν
560 1347 822 1420 ζώντων].

356 1438 422 1491 Ἡ
458 1433 719 1512 θεολογία
749 1435 909 1513 φησί.
950 1437 1133 1493 Ταῦτα
1170 1435 1230 1492 ἐκ
1257 1443 1358 1507 τῆς
1410 1435 1719 1512 λεγομένης
1760 1437 1961 1515 Σοφίας

2083 656 2191 695 nos
2221 640 2375 695 inter
2404 656 2509 696 nos
2539 639 2834 710 dividant;
2860 642 3129 700 fortassis
3155 647 3352 699 autem
3383 648 3441 700 et
3471 661 3503 700 a
3533 644 3739 701 nobis-

2082 727 2371 801 metipsis.

2151 817 2416 873 Adversus
2443 818 2687 890 aequales
2717 818 3063 877 inimicitiae.
3085 821 3147 877 Id
3171 823 3261 877 est
3282 837 3414 877 cum
3438 821 3739 880 similibus

2077 906 2444 963 hominibus.

2147 997 2176 1070 §
2209 996 2298 1051 IX.
2333 997 2682 1053 Tabularum.
2715 997 2831 1053 Cur
2859 1002 2994 1070 post
3022 998 3443 1056 salutationem
3495 1003 3732 1056 sancto-

2074 1101 2204 1141 rum
2238 1086 2480 1141 nomina
2509 1086 2850 1143 recitantur.

2144 1175 2251 1243 Qui
2277 1184 2485 1232 sancte.
2509 1175 2656 1231 Nota
2677 1180 3041 1232 mortuorum
3067 1180 3320 1248 tantum,
3341 1193 3409 1233 eo
3432 1177 3730 1250 pontifice,

2070 1264 2301 1319 recitari
2353 1264 2526 1320 solita
2571 1265 2754 1320 fuisse
2801 1266 3040 1322 nomina
3071 1266 3233 1337 [non,
3266 1270 3330 1322 ut
3361 1266 3726 1338 nunc,etiam

2065 1353 2377 1425 vivorum].

2141 1446 2430 1515 Theologia
2478 1444 2652 1502 docet.
2713 1445 2844 1500 Haec
2902 1449 2991 1502 est
3044 1445 3380 1505 Salomonis
3422 1447 3725 1520 Sapientia

283 1528 688 1597 Σοηομῶντος·
723 1525 811 1579 καὶ
848 1525 1179 1598 σημείωσαι,
1226 1524 1310 1581 ὅτι
1367 1525 1458 1580 καὶ
1510 1527 1667 1588 οὗτος
1729 1528 1756 1582 ὁ
1806 1528 1944 1604 ἅγιοι

2071 1550 2192 1606 quae
2225 1534 2460 1593 dicitur.
2493 1534 2640 1590 Nota
2668 1533 2844 1590 etiam
2877 1535 3035 1591 hunc
3065 1541 3336 1592 sanctum
3394 1537 3623 1594 Patrem
3657 1553 3723 1593 ea

281 1615 475 1688 πατὴρ
504 1613 679 1688 ταύτῃ
712 1613 852 1689 ἔχρη
863 1633 1014 1670 σατο.

361 1703 572 1756 Σκόπει
608 1697 687 1758 δέ.
717 1701 892 1756 Τοῦτό
923 1723 1110 1780 φησιν,
1144 1700 1226 1758 ὅτι
1255 1703 1318 1758 τὸ
1367 1703 1663 1780 λεγόμενον
1714 1703 1765 1759 ἐν
1819 1725 1955 1781 προ-

291 1794 493 1869 φήταις
523 1793 834 1864 ἀναμνῆσαι
869 1791 1100 1847 ἐνώπιον
1133 1792 1354 1868 Κυρίου,
1412 1793 1521 1869 οὐχ
1551 1790 1693 1848 οὕτω
1724 1791 1808 1849 δεῖ
1859 1816 1955 1848 vo-

297 1887 399 1949 εῖν,
459 1881 530 1942 ὡς
577 1886 680 1950 τῆς
735 1881 964 1954 μνήμης
1013 1885 1112 1936 τοῦ
1158 1886 1292 1938 Θεοῦ
1320 1881 1715 1956 ἀνανεουμένης
1774 1881 1825 1938 ἐν
1882 1887 1951 1958 τῇ

293 1969 558 2048 φαντασία
608 1972 708 2024 τοῦ
762 1970 1129 2044 μνημονικοῦ·
1167 1970 1299 2045 ὅπερ
1363 1972 1452 2027 ἐπὶ
1502 1976 1610 2027 τῶν
1672 1971 1724 2027 ἐν
1789 1973 1948 2049 σαρκὶ

280 2056 741 2135 προσδεδεμένων
804 2062 1034 2135 νοερῶν,
1087 2059 1362 2115 τουτέστιν
1411 2063 1598 2134 ἡμῶν,
1638 2058 1944 2135 συμϐαίνει,

276 2146 431 2203 ἀλλᾶ
495 2149 690 2221 μνήμη
750 2152 887 2204 Θεοῦ
937 2149 1161 2210 εἰκότως
1189 2149 1398 2224 λέγοιτ’
1457 2147 1517 2204 ἂν
1558 2153 1593 2220 ἠ
1626 2155 1821 2226 γνῶσις
1850 2156 1946 2207 τοῦ

271 2241 440 2308 Θεοῦ,
466 2238 589 2291 καθ’
618 2238 682 2305 ἣν
708 2237 966 2312 γινώσκει
993 2236 1122 2302 τοὺς
1151 2236 1694 2308 τελείους,θεοειδεῖς
1725 2239 1775 2293 ἐν
1799 2240 1946 2312 αὐτῷ

267 2325 615 2402 γενομένους
647 2323 719 2380 δι’
747 2325 1001 2402 ἐναρέτου
1037 2326 1177 2402 βίου,
1223 2328 1311 2382 καὶ
1345 2327 1667 2398 ἀξιωθέντας
1694 2336 1793 2399 τῆς
1826 2329 1947 2384 ἀνε-

265 2414 563 2486 πιλήστου
593 2415 718 2490 περὶ
751 2414 912 2469 αὐτὸν
945 2415 1222 2491 γνώσεως.
1258 2416 1598 2490 [Σημείωσαι
1629 2422 1748 2480 πῶς
1798 2417 1948 2490 λαμ-

265 2501 429 2560 ϐάνει
459 2504 526 2559 τὸ
559 2503 724 2581 ῥητὸν
761 2507 859 2559 τοῦ
885 2503 1156 2579 ψαλμοῦ].

346 2765 693 2844 Συμϐόλων.
725 2771 839 2827 Τοῦ
868 2769 1123 2843 σώματος
1155 2770 1246 2825 καὶ
1280 2768 1532 2845 α’ίματος.

346 2861 484 2933 §X.
538 2856 731 2914 Ὕδατι
786 2858 901 2923 τάς.
957 2859 1018 2915 Τί
1067 2860 1131 2915 τὸ
1186 2859 1435 2935 νίψασσαι
1487 2859 1585 2923 τὰς
1611 2865 1821 2937 χεῖρας,
1855 2861 1944 2916 καὶ

275 2969 443 3003 ποτε.
1304 2978 1309 2984 ·

345 3038 559 3107 Φησίν,
624 3037 652 3090 ὁ
685 3034 1044 3110 λελουμένος.
1098 3036 1443 3110 Σημείωσαι,
1501 3043 1619 3101 πῶς
1677 3034 1943 3113 λαμϐάνει

274 3128 302 3182 ὁ
364 3128 557 3201 πατὴρ
615 3125 680 3181 τὸ
707 3130 804 3181 τοῦ
828 3125 1028 3202 Κυρίου
1061 3124 1250 3202 ῥητὸν,
1279 3128 1340 3182 τὸ
1373 3125 1552 3204 λέγονο
1586 3129 1646 3185 Ὁ
1675 3128 1944 3201 λελουμέ-

2065 1640 2239 1679 usum
2272 1623 2474 1679 fuisse.

2133 1711 2370 1767 Adverte
2411 1713 2612 1768 autem.
2651 1712 2766 1768 Hoc
2797 1712 2897 1784 ait,
2925 1714 3078 1785 quod
3111 1713 3171 1769 in
3202 1713 3505 1786 prophetis
3555 1714 3716 1772 dica-

2060 1802 2180 1871 tur,
2216 1800 2505 1856 recordari
2538 1817 2732 1855 coram
2763 1801 2900 1868 Deo,
2949 1819 3063 1858 non
3107 1802 3189 1858 ita
3220 1803 3627 1874 accipiendum
3658 1807 3716 1860 et

2061 1888 2510 1962 intelligendum
2532 1890 2866 1963 esse,quasi
2890 1891 2990 1946 Dei
3017 1892 3300 1947 memoria
3321 1894 3631 1948 renovetur
3650 1893 3710 1948 in

2057 1994 2124 2033 ea
2155 1983 2312 2050 parte
2341 1979 2546 2044 animi,
2570 1979 2628 2033 in
2654 1995 2773 2050 qua
2802 1979 3163 2050 objectarum
3196 1996 3391 2035 rerum
3423 1980 3711 2036 memoria

2055 2067 2458 2138 consignatur;
2484 2068 2540 2122 id
2564 2068 2720 2140 quod
2753 2070 2811 2123 in
2845 2068 2916 2123 iis
2944 2069 3044 2140 qui
3077 2069 3292 2126 mentis
3322 2074 3624 2141 compotes
3647 2071 3705 2126 in

2055 2159 2249 2214 carnis
2271 2174 2500 2214 carcere
2531 2159 2752 2231 alligati
2778 2163 2940 2229 sunt,
2964 2160 3022 2216 id
3045 2164 3136 2216 est
3159 2161 3345 2229 nobis,
3382 2161 3708 2233 contingit;

2055 2249 2156 2303 sed
2189 2249 2344 2319 quod
2380 2248 2663 2305 memoria
2693 2249 2794 2305 Dei
2824 2254 2981 2305 recte
3013 2249 3246 2305 dicatur
3287 2251 3386 2305 Dei
3438 2251 3707 2321 scientia,

2055 2354 2174 2408 qua
2203 2338 2490 2409 perfectos
2522 2338 2852 2410 cognoscit:
2886 2338 2990 2410 qui
3020 2337 3476 2394 similitudinem
3501 2339 3600 2394 Dei
3621 2356 3714 2394 ex-

2054 2430 2397 2497 presserunt
2427 2427 2543 2482 vita
2571 2426 2771 2482 virtuti
2815 2431 3250 2494 consentanea;
3300 2435 3355 2482 et
3399 2426 3501 2498 qui
3550 2426 3714 2499 digni

2055 2515 2291 2570 fuerunt
2320 2514 2534 2570 habere
2565 2516 2695 2586 ejus
2727 2515 3021 2583 notitiam,
3042 2533 3167 2588 quae
3188 2514 3366 2570 deleri
3388 2515 3715 2570 obliterari-

2054 2619 2164 2673 que
2213 2621 2329 2659 non
2379 2607 2592 2677 potest.
2628 2605 2797 2676 [Nota
2841 2605 3134 2676 quomodo
3187 2603 3438 2675 accipiat
3487 2603 3714 2661 dictum

2051 2691 2312 2764 psalmi.]

2123 2780 2420 2853 Symbolis.
2450 2780 2721 2853 Corporis
2753 2784 2810 2837 et
2838 2781 3169 2853 sanguinis.

2123 2870 2245 2939 §X.
2279 2870 2452 2943 Aqua.
2483 2870 2632 2934 Quid
2693 2869 2770 2926 sit
2827 2869 3067 2926 abluere
3128 2886 3365 2936 manus,
3413 2873 3472 2926 et
3520 2886 3707 2942 quan-

2052 2960 2147 3014 do.

2123 3050 2285 3117 Dicit,
2327 3049 2425 3121 qui
2472 3046 2616 3104 lotus
2664 3051 2760 3103 est.
2813 3051 2981 3115 Nota,
3028 3048 3323 3119 quomodo
3373 3050 3538 3120 pater
3584 3047 3707 3104 hac

2051 3137 2284 3194 Domini
2333 3137 2511 3192 verba
2560 3136 2843 3209 accipiat:
2899 3137 3007 3204 Qui
3055 3137 3196 3192 lotus
3245 3145 3343 3204 est,
3394 3151 3506 3191 non
3551 3137 3706 3191 indi-

275 3238 366 3276 νος
427 3215 497 3269 οὗ
555 3215 750 3290 χρείαν
809 3212 925 3289 ἔχει
978 3214 1014 3284 ἢ
1079 3214 1210 3277 τοὺς
1266 3213 1436 3278 πόδας
1478 3217 1754 3291 νίψασθαι.
1788 3219 1851 3274 Ἡ
1886 3217 1943 3273 δὲ

2071 3229 2288 3297 yet,nisi
2315 3231 2374 3282 ut
2403 3226 2563 3299 pedes
2589 3226 2731 3282 lavet
2760 3224 3241 3298 (q).Constructio
3274 3229 3468 3280 autem
3502 3240 3702 3282 eorum

273 3304 532 3374 σύνταξις
583 3307 695 3358 τῶν
746 3303 1123 3377 προκειμένων
1152 3305 1289 3379 πρὸς
1319 3305 1382 3359 τὸ
1417 3306 1784 3361 ὑπαινίσσεται
1841 3308 1940 3376 τὴν

2071 3333 2182 3388 quae
2217 3319 2653 3387 proponuntur,
2687 3316 2755 3370 ad
2805 3316 3045 3370 verbum
3097 3311 3460 3367 ὑπαινίσσεται
3510 3329 3708 3384 respe-

267 3391 542 3449 ἀπόδοσιν
603 3391 742 3466 ἔχει,
795 3389 870 3445 ἵν’
1017 3395 1078 3447 τὸ
1110 3390 1412 3469 λεγομενον
1445 3393 1636 3456 οὕτως.
1664 3397 1730 3453 Ὃ
1759 3417 1810 3450 τι
1847 3399 1940 3468 μὲν

267 3481 395 3538 τόδε
425 3481 604 3550 ἐστὶν,
661 3479 1052 3554 ὑπαινίσσιται,
1103 3482 1132 3536 ὁ
1163 3480 1370 3559 λουτὴρ
1411 3484 1504 3555 μὲν
1558 3483 1610 3539 ἐν
1643 3487 1709 3557 τῇ
1737 3489 1940 3559 νομικῇ

273 3571 529 3646 λατρεία,
567 3569 623 3625 ἐν
659 3567 718 3625 δὶ
745 3573 814 3644 τῇ
849 3571 970 3634 καθ’
1000 3573 1150 3645 ἡμᾶς
1181 3573 1216 3641 ἡ
1274 3576 1383 3626 τῶν
1416 3577 1619 3648 χειρῶν
1664 3572 1939 3648 ἀπόνιψις.

273 3661 348 3714 Τὸ
402 3657 463 3715 δέ
516 3655 756 3734 ἄσχετος
801 3658 891 3714 καὶ
934 3658 1209 3723 άπόλυτος
1260 3657 1446 3732 δηλοῖ,
1508 3662 1581 3722 ὡς
1631 3665 1699 3735 τῇ
1755 3661 1940 3731 ἥττονι

287 3749 392 3802 οὒκ
435 3747 793 3824 ἒνεχθτςσεται
850 3747 1040 3826 ἀγωγῇ
1087 3749 1176 3804 καὶ
1227 3746 1504 3814 διαθέσει.
1565 3749 1818 3814 ’Ἄλλως⁸
1875 3754 1940 3809 Ἡ

291 3837 410 3900 καθ’
445 3830 740 3913 ὑπέρϐασιν
781 3839 881 3902 τῆς
922 3837 1221 3909 συντάξεως
1268 3837 1472 3910 ταύτης
1521 3838 1816 3915 ἀνάγνωσις
1850 3839 1941 3896 οὕ-

282 3945 388 3987 τως
415 3926 851 4001 άρμοσθήσεταιο
907 3923 991 3980 ὅτι
1045 3927 1141 4000 μὲν
1174 3925 1290 3998 οῦν,
1347 3929 1420 3990 ὡς
1447 3928 1514 3984 τὰ
1563 3928 1723 4006 λόγιά
1752 3951 1937 4007 φησιν,

278 4015 306 4070 ὁ
336 4013 685 4087 λελουμένος
735 4015 801 4069 οὗ
849 4011 1020 4070 δεῖταί
1060 4036 1207 4078 τινος
1241 4018 1469 4094 [ἑτέρας]
1511 4018 1844 4094 καθάρσεως,
1894 4019 1940 4074 εἱ

275 4104 355 4176 μή
385 4111 492 4173 τῆς
521 4107 634 4158 τῶν
668 4099 875 4179 ἄκρων,
908 4101 1004 4158 εἴτ’
1034 4105 1125 4160 οὗν
1183 4104 1452 4181 έχάστων,
1496 4108 1687 4162 ἑαυτοῦ
1717 4109 1937 4183 νίψεως,

271 4190 344 4246 δι’
387 4194 461 4261 ἧς
509 4190 818 4266 ἀκροτάτης
868 4194 1180 4267 καθάρσεως
1239 4193 1292 4249 έν
1346 4195 1602 4271 πανάγνῳ
1638 4201 1734 4251 τοῦ
1766 4199 1938 4252 θεοει-

272 4279 400 4344 δοῦς
434 4278 544 4352 ἔξει
579 4281 848 4355 ἄχραντον
881 4284 1164 4353 ποιήσεται
1198 4285 1287 4339 καὶ
1319 4282 1666 4354 άκηλίδωτον
1692 4287 1790 4355 τὴν
1821 4287 1936 4342 ἐπι-

269 4371 546 4447 στροφὴν,
606 4370 697 4424 καὶ
755 4371 893 4444 πρὸς
947 4372 1014 4426 τὰ
1072 4371 1263 4449 εύτερα
1322 4375 1531 4448 προϊὼν
1581 4373 1936 4449 ἀγαθοειδῶς.

271 4459 351 4522 ὡς
395 4462 500 4514 τοῦ
574 4457 849 4523 θεοειδοῦς
907 4461 1209 4531 ἀποσώζων
1262 4463 1324 4517 τὸ
1382 4460 1594 4538 πλῆρες
1650 4463 1741 4518 καὶ
1809 4463 1936 4520 ὁλό-

267 4546 514 4622 κληρον,
573 4545 807 4623 ἄσχετος
867 4543 1011 4604 ἔσται
1069 4551 1161 4605 καὶ
1211 4549 1509 4621 ἀπόλυτος,
1563 4552 1641 4614 ὡς
1697 4554 1938 4624 καθάπαξ

269 4633 527 4706 meth
559 4637 652 4692 καὶ
683 4638 822 4712 πρὸς
853 4639 916 4694 τὸ
961 4634 1016 4694 ἵν
1075 4639 1229 4704 αὖθις
1286 4639 1500 4703 ἐνιαίως
1546 4639 1937 4718 ἐπιστρεφόμε-
1967 4673 2015 4738 D

270 4746 396 4787 νος.

344 4901 419 4960 E’i
453 4903 532 4975 μὴ
561 4909 666 4973 τῆς
693 4909 804 4960 τῶν
851 4905 1052 4981 ἄκρων.
1102 4905 1163 4962 Τί
1195 4905 1308 4962 ἐστι
1333 4908 1397 4963 τὸ
1451 4910 1525 4982 μή
1586 4905 1792 4973 δεῖσθαι
1844 4911 1936 4965 τὸν

271 4990 622 5064 λουσάμενον
679 4993 863 5070 ἑτέρας
913 4994 1138 5070 νίψεως,
1191 4995 1237 5051 εί
1272 4997 1348 5070 μὴ
1388 4996 1454 5052 τὰ
1493 4998 1632 5074 ἄκρα
1661 4997 1934 5072 νίψασθαι⁹

269 5078 504 5154 δεύτερα
556 5078 614 5136 δέ
668 5103 800 5160 φησι
854 5083 923 5138 τὰ
977 5083 1230 5156 αἰσθητὰ,
1288 5085 1366 5150 εἷς
1416 5085 1450 5139 ’ὰ
1497 5083 1587 5140 διὰ
1644 5087 1938 5164 φαντασίας

266 5170 578 5245 προσπάσχ
581 5190 626 5224 ει
658 5173 694 5240 ἠ
726 5173 905 5248 ψυχή.

345 5258 413 5314 Ὀ
449 5257 544 5330 μὲν
573 5257 742 5334 ἱερός.
795 5261 1137 5335 Σημείωσαι,
1171 5260 1252 5317 ὅτι
1296 5261 1356 5317 οὐ
1389 5261 1596 5339 λουτὴρ
1626 5265 1694 5333 ἦν
1751 5263 1804 5319 ἐν
1859 5270 1939 5338 τῷ

269 5348 458 5418 νόμῳ,
490 5347 582 5401 καὶ
615 5345 697 5402 ὅτι
731 5347 1010 5424 σύνταγμα
1035 5348 1154 5424 ἔχει
1187 5348 1330 5407 ἄλλο
1356 5352 1479 5428 περὶ
1525 5356 1628 5418 τῆς
1673 5353 1808 5410 κατά
1850 5356 1937 5409 νό-

270 5455 382 5508 μον
415 5435 722 5510 ἱεραρχίας,
758 5437 891 5513 ὅπερ
924 5438 986 5493 οὔ
1018 5440 1258 5515 φέρεται.

342 5525 460 5581 Τοῦ
493 5524 784 5600 ἱεράρχου.
821 5528 1146 5600 Σημείωσαι
1183 5529 1244 5584 τὸ
1295 5525 1474 5592 ἔνθεον
1501 5533 1600 5586 τοῦ
1631 5528 1818 5605 ἱερέως
1853 5533 1936 5603 [τὸ

263 5611 502 5684 ἀληθῶς
531 5612 933 5688 τελειότατον].

337 5743 422 5818 (q)
452 5742 629 5803 Joan.
655 5759 784 5815 xm,
815 5743 907 5801 40.

2051 3409 2212 3460 ctum
2237 3404 2508 3471 habet,ut
2537 3405 2616 3459 sit
2645 3405 2855 3460 horum
2877 3403 3190 3460 verborum
3214 3391 3529 3459 sententia:
3554 3403 3707 3469 Quid

2052 3493 2289 3564 quidem
2323 3493 2431 3548 hoc
2457 3497 2513 3549 et
2543 3493 2688 3548 illud
2723 3493 2800 3549 sit
2829 3492 3198 3548 subindicat:
3233 3493 3332 3547 69
3367 3492 3552 3564 pelvis
3573 3492 3708 3564 qui-

2051 3583 2182 3637 dem
2205 3582 2266 3637 in
2290 3581 2436 3654 legis
2456 3581 2620 3638 cultu
2642 3586 2699 3637 et
2725 3581 3019 3655 religione,
3044 3583 3102 3636 in
3128 3585 3330 3638 nostra
3361 3585 3556 3636 autem
3582 3597 3709 3637 ma-

2051 3686 2236 3726 nuum
2267 3670 2503 3727 lavatio.
2527 3669 2676 3726 Illud
2709 3674 2906 3726 autem
2939 3670 3155 3726 solutus
3183 3680 3236 3726 et
3268 3671 3425 3737 liber,
3450 3669 3710 3725 declarat

2051 3774 2186 3814 eum
2212 3759 2549 3814 inferiorem
2581 3759 2760 3815 vitam
2792 3763 2849 3815 et
2877 3758 3059 3814 animi
3083 3757 3566 3815 constitutionem
3588 3774 3705 3814 non

2051 3863 2180 3905 esse
2215 3852 2577 3905 secuturum.
2612 3847 2830 3904 Aliter:
2870 3847 3062 3905 Lectio
3094 3847 3554 3904 constructionis
3579 3863 3705 3917 quas

2049 3937 2371 4010 hyperbato
2402 3954 2504 3993 seu
2537 3937 3003 4007 transgressione
3033 3941 3283 4007 constat,
3299 3936 3384 3993 sic
3405 3935 3704 4008 copulabi-

2049 4026 2484 4091 tur:Quoniam
2534 4026 2815 4098 igitur,ut
2845 4026 3069 4097 Scripta
3115 4024 3310 4080 divina
3358 4023 3703 4097 loquuntur,

2049 4115 2148 4186 qui
2181 4114 2336 4170 lotus
2365 4119 2454 4171 est
2485 4132 2601 4170 non
2634 4114 2862 4186 indiget
2892 4113 3243 4186 expiatione,
3276 4113 3392 4169 nisi
3438 4130 3703 4168 summa-

2048 4220 2180 4259 rum
2207 4204 2324 4259 sive
2346 4208 2740 4259 extremarum
2765 4219 3008 4259 suarum
3033 4203 3288 4274 partium
3312 4201 3623 4269 lavatione,
3638 4217 3708 4256 ex

2049 4309 2278 4349 summa
2298 4293 2629 4364 expiatione
2652 4293 2711 4347 in
2735 4292 3111 4348 sanctissimo
3133 4291 3340 4348 divina:
3363 4289 3707 4346 similitudi-

2048 4381 2141 4436 nis
2173 4381 2375 4437 babitu
2410 4384 2467 4436 et
2498 4384 2801 4448 statu,non
2824 4379 3197 4451 inquinatam
3223 4395 3328 4434 nec
3351 4379 3707 4434 contamina-

2047 4474 2166 4526 tam
2203 4470 2373 4527 faciet
2403 4471 2906 4526 conversationem
2938 4486 3132 4536 suam;
3157 4473 3213 4523 et
3243 4484 3377 4524 cum
3401 4468 3473 4522 ad
3496 4483 3705 4523 secun-

2047 4559 2122 4614 da
2152 4558 2433 4630 prodierit
2463 4559 2699 4630 benigni
2733 4557 2832 4613 Dei
2866 4556 3286 4627 imitatione,ut
3309 4556 3516 4611 divinae
3539 4554 3705 4609 simi-

2046 4647 2314 4704 litudinis
2347 4647 2761 4720 perfectionem
2780 4647 3302 4717 integritatemque
3320 4644 3704 4714 retinens,so-

2046 4736 2209 4792 lutus
2230 4737 2340 4792 erit
2358 4753 2425 4792 ac
2446 4735 2616 4803 liber,
2644 4735 2814 4808 quasi
2836 4732 3177 4790 uniusmodi
3199 4735 3258 4789 et
3277 4733 3351 4790 ad
3373 4748 3562 4789 unum
3584 4748 3702 4789 uno

2047 4826 2455 4898 singularique
2486 4826 2656 4881 modo
2688 4827 3006 4880 revertens.

2117 4915 2242 4970 Nisi
2277 4916 2694 4970 summitatum.
2730 4913 2876 4977 Quid
2929 4912 3007 4968 sit
3053 4927 3189 4967 eum
3237 4910 3334 4980 qui
3384 4908 3546 4977 lavit,
3581 4925 3698 4965 non

2047 5019 2216 5076 egere
2247 5003 2381 5069 alia,
2411 5003 2527 5059 nisi
2557 5007 2950 5059 extremarum
2974 5000 3228 5073 partium
3260 4997 3569 5056 lavatione.
3603 4997 3701 5054 Sc-

2045 5093 2228 5149 cunda
2260 5097 2426 5149 vocat
2453 5109 2520 5148 ea
2551 5109 2677 5164 quis
2725 5091 2834 5147 sub
2890 5106 3128 5147 sensum
3182 5089 3423 5156 cadunt,
3455 5087 3527 5143 ad
3574 5103 3700 5160 quae

2047 5182 2282 5238 animus
2314 5181 2507 5254 specie
2539 5197 2607 5238 ac
2635 5180 2779 5236 visis
2810 5179 3088 5236 afﬁcitur.

2120 5273 2294 5328 Porro
2323 5269 2726 5326 sacrumNota
2756 5269 2913 5342 quod
2946 5285 3060 5323 non
3094 5269 3221 5323 erat
3249 5265 3434 5339 pelvis
3465 5265 3525 5322 in
3557 5265 3704 5336 lege,

2047 5362 2104 5415 et
2133 5359 2287 5431 quod
2324 5361 2637 5414 tractatum
2668 5357 2848 5413 alium
2868 5357 3082 5412 habeat
3111 5356 3182 5411 de
3215 5353 3702 5424 hierarchia,qua

2047 5447 2108 5503 in
2142 5447 2267 5519 lege
2297 5451 2444 5514 erat,
2473 5446 2575 5518 qui
2605 5463 2721 5502 non
2752 5449 2961 5502 exstat.

2120 5535 2584 5606 Pontiﬁcis.Nota
2613 5535 2878 5590 divinum
2913 5533 3177 5590 afﬂatum
3209 5531 3528 5589 sacerdotis
3546 5531 3700 5602 [vere

2049 5623 2592 5697 perfectissimum].
