4134 6408
434 385 538 440 147
1252 391 1622 443 APPENDIX
1658 391 1759 440 AD
1795 389 2035 442 OPERA
2074 390 2134 442 S.
2175 387 2490 441 DIONYSII
2528 385 3030 440 AREOPAGITE.
3748 383 3847 439 MS

506 512 586 568 Ad
639 513 977 582 sacriﬁcium
1033 515 1292 586 expiatos
1348 531 1487 570 esse.
1539 513 1744 570 Divino
1805 511 2138 582 sacriﬁciol

2273 508 2593 584 Ἱερουργίαν
2673 509 3156 583 ἀποκεκαθάρθαι.
3227 511 3308 582 Τῇ
3385 508 3506 578 θείᾳ
3564 508 3847 583 ἱερουργίᾳ

437 601 681 658 scilicet.

2202 595 2482 668 δηλονότι.

507 690 860 762 Speculorum
891 692 1258 762 splendorem.
1292 691 1542 764 Specula
1573 691 1830 764 appellat
1859 695 2093 748 sancto-

2273 686 2587 762 Ἐσόπτρων
2622 685 3188 764 ἀγλαΐανῌΈσοπτρά
3213 706 3344 763 φησι
3384 685 3478 748 τὰς
3523 688 3632 740 τῶν
3683 685 3849 761 ἁγίων

436 795 568 836 rum
601 781 857 848 animos,
890 782 1046 852 quod
1079 780 1286 836 divinae
1319 781 1440 836 sint
1466 781 1616 836 lucis
1647 797 1914 852 capaces,
1944 781 2068 836 vim

2222 775 2408 852 μυχάς,
2440 778 2515 838 ὡς
2544 781 2641 831 τοῦ
2667 775 2811 830 θείου
2855 776 3034 852 φωτὸς
3065 773 3334 848 δεκτικὰς,
3365 773 3454 829 καὶ
3484 781 3584 844 τῆς
3611 774 3854 851 κρείττο-

437 885 552 939 que
601 883 732 924 eam
785 868 1064 936 habeant,
1097 873 1162 924 ut
1194 869 1454 924 melioris
1485 869 1842 925 conditionis
1871 869 2069 925 simile

1365 870 1454 924 Iris
1485 869 1842 925 conditionis
1871 869 2096 925 similes
2203 886 2292 930 νος
2323 865 2533 937 λήξεως
2570 865 2997 944 ἀφομοιωτικάς.

437 956 578 1014 sint.

517 1050 817 1104 Penetrare
868 1049 1236 1119 cupientibus,
1267 1049 1362 1104 Gr.
1399 1045 1654 1122 ἐφιέντων
1716 1043 1930 1102 διϊέναι.
1982 1051 2099 1103 Ηοο

2277 1045 2566 1122 Ἐφιέντων
2599 1041 2813 1100 διϊέναι.
2847 1045 2946 1098 Καὶ
3001 1046 3090 1098 νῦν
3151 1042 3495 1112 ’Δττικίζων,
3555 1042 3629 1105 ὡς
3681 1043 3852 1112 Ἀθη-

439 1136 616 1192 etiam
630 1136 756 1192 loco
768 1137 1311 1209 Atticeloquens,ut
1330 1136 2071 1206 Atheniensis,verbumhol

2220 1139 2391 1204 ναῖος,
2431 1133 2681 1204 συνέταξε
2707 1134 2770 1188 τὸ
2798 1133 2960 1209 ῥητὸν
3014 1134 3258 1210 φάσκων,
3314 1136 3421 1186 τῶν
3485 1136 3852 1208 μαρμαρυγῶν

441 1224 769 1280 construxit
801 1225 1038 1281 dicens:
1063 1229 1179 1278 Τῶν
1213 1229 1583 1299 μαρμαρυγῶν
1615 1223 1868 1302 ἐφιέντων
1897 1225 2073 1296 splen

2223 1223 2462 1297 ἐφιέντων
2493 1224 2591 1292 τὴν
2628 1221 2827 1277 οἰκείαν
2880 1220 3095 1298 αἴγλην·
3131 1219 3253 1277 δέον
3293 1223 3430 1295 πρὸς
3462 1221 3700 1292 θηλυκὸν
3749 1225 3855 1277 τῶν

443 1313 688 1369 doribus
721 1313 1127 1386 cupientibus;
1163 1331 1297 1370 cum
1330 1317 1634 1371 debuisset
1664 1314 1854 1370 dicere
1887 1331 1990 1387 per
2019 1315 2071 1369 fe

2224 1317 2585 1388 ιαρμαρυγῶν
2635 1310 2886 1386 ἐφιεισῶν
2942 1311 3134 1379 εἰπεῖν,
3181 1311 3211 1366 ’ὁ
3262 1307 3329 1378 δὴ
3371 1309 3462 1365 καὶ
3514 1307 3624 1365 ἄνω
3674 1309 3726 1364 ἐν
3770 1331 3856 1366 κε-

450 1402 715 1458 mineum
738 1398 1010 1475 ἐφιεισῶν.
1037 1403 1186 1467 Quin
1214 1403 1389 1459 etiam
1422 1421 1602 1475 supra
1631 1404 1690 1458 in
1721 1404 1871 1458 libro
1901 1404 1974 1459 De
2000 1420 2077 1458 cce

2223 1398 2428 1478 ραλαίῳ
2493 1402 2532 1470 ζ’
2605 1405 2701 1455 τοῦ
2759 1400 2890 1476 Περὶ
2967 1399 3220 1476 οὐρανίας
3287 1399 3570 1476 ἱεραρχίας
3639 1395 3855 1474 βιϐλίου

443 1491 570 1547 testi
599 1491 1077 1564 hierarchia,cap.
1109 1494 1144 1544 7
1175 1492 1365 1548 fusius
1407 1509 1594 1566 genus
1625 1492 1856 1549 dicendi
1886 1493 2074 1549 Attico

2225 1488 2546 1564 πλατύτερον
2582 1486 2882 1562 ἐδείξαμεν,
2914 1489 2989 1553 ὡς
3045 1489 3286 1547 Ἀττικὸν
3339 1489 3404 1544 τὸ
3464 1495 3678 1564 σχῖμα.
3713 1489 3857 1546 Ἐκεῖ

442 1597 576 1636 rum
607 1597 737 1636 esse
765 1580 1075 1636 docuimus
1103 1598 1116 1649 ;
1150 1581 1231 1636 ibi
1263 1581 1446 1652 igitur
1472 1582 1669 1654 legito.

991 1598 1075 1636 llJB
1103 1598 1116 1649 ;
1150 1581 1231 1636 ibi
1263 1581 1446 1652 igitur
1472 1582 1669 1654 legito.
2210 1579 2300 1633 οὗν
2333 1579 2623 1653 ἀνάγνωθι.

517 1669 786 1726 Craterum
837 1670 1119 1741 pontiﬁcis
1174 1671 1310 1726 illa.
1356 1671 1530 1739 Nota,
1579 1688 1684 1725 cur
1731 1671 1993 1743 pontifex
2041 1671 2098 1726 in

2279 1670 2343 1725 Ἥ
2404 1665 2462 1722 δέ
2517 1672 2614 1722 τοῦ
2671 1665 2956 1743 ἱεράρχου.
3013 1666 3353 1741 Σημείωσαι,
3403 1665 3495 1723 διὰ
3533 1666 3588 1722 τί
3619 1665 3711 1722 ἐπὶ
3766 1671 3859 1724 τοῦ

444 1757 634 1827 altari,
667 1758 787 1815 sive
818 1759 876 1813 in
911 1759 1151 1827 sanctis,
1186 1758 1245 1813 id
1274 1763 1364 1815 est
1395 1765 1528 1816 ante
1559 1759 1680 1826 illa,
1708 1759 2003 1816 abluatur.

2221 1757 2596 1832 θυσιαστηρίου
2627 1756 2867 1811 νίπτεται
2899 1759 2926 1812 ὁ
2957 1756 3242 1833 ἱεράρχης,
3275 1755 3400 1827 ἤτοι
3433 1757 3520 1812 ἐπὶ
3550 1761 3661 1812 τῶν
3693 1757 3853 1833 ἁγίων

2131 1887 2178 1951 Β
2208 1845 2481 1902 τουτέστιν
2512 1841 2813 1921 ἔμπροσθεν
2842 1845 3037 1904 αὐτῶν.

2281 1943 2315 1951 ..
2362 1936 2376 1951 .
2482 1939 2510 1950 ς
2608 1935 2622 1951 ς
2779 1934 2791 1951 ι
3009 1941 3037 1951 ..

516 1939 584 1993 Et
611 1938 964 1994 summitatis.
998 1937 1258 1995 Summa
1288 1937 1601 1995 levationis
1630 1939 1872 1995 scilicet.
2131 1933 2148 1951 ³

2281 1936 2379 1990 Καὶ
2439 1939 2538 2006 τῆς
2597 1934 2940 2012 ἀκροτάτης.
3009 1941 3117 2006 Τῆς
3167 1936 3333 2010 ἄκρας
3385 1937 3705 2009 καθάρσεως
3759 1933 3857 2007 δη-

2209 2022 2372 2094 λαδή.

517 2117 594 2171 Et
618 2116 680 2171 in
708 2123 1008 2188 aspectum.
1042 2116 1276 2172 Diutius
1305 2122 1447 2173 tunc
1477 2118 1706 2174 obtecta
1732 2116 1928 2173 divina
1949 2118 2103 2174 dona

2281 2113 2378 2168 Καὶ
2417 2114 2504 2168 ὑπ’
2561 2109 2704 2187 ὄψιν.
2758 2111 2990 2172 Μᾶλλον
3022 2113 3145 2169 τότε
3164 2109 3352 2188 ἔμενον
3380 2115 3772 2188 κεκαλυμμένα
3797 2114 3859 2168 τὰ

449 2204 791 2271 manebant;
810 2221 999 2277 usque
1028 2206 1099 2262 ad
1132 2209 1367 2279 tempus
1397 2211 1614 2262 sanctae
1645 2205 2079 2263 communionis

2223 2208 2328 2266 θεῖα
2378 2201 2546 2278 δῶρα,
2593 2199 2696 2264 ἕως
2745 2206 2942 2278 καιροῦ
2991 2207 3092 2268 τῆς
3137 2202 3296 2279 ἀγίας
3344 2203 3730 2277 μεταλήψεως’
3774 2201 3855 2257 καὶ

447 2291 627 2364 idque
677 2293 855 2365 paulo
886 2297 1020 2366 post
1047 2295 1336 2367 explicat;
1385 2299 1487 2350 aut
1534 2299 1806 2352 accurata
1847 2295 1969 2351 haec
2015 2311 2078 2352 es

2224 2297 2370 2356 τοῦτο
2404 2289 2571 2363 δηλοῖ
2604 2293 2718 2365 μετ’
2751 2290 2938 2367 ὀλίγα.
2969 2294 3040 2350 "H
3059 2294 3186 2367 τόγε
3211 2287 3451 2367 ἀκριϐὲς,
3477 2291 3561 2347 ὅτι
3583 2291 3856 2370 κουφίζων

446 2380 950 2454 explicatio,quod
981 2383 1246 2455 pontifex
1276 2383 1550 2440 attollens
1572 2389 1842 2440 sanctum
1866 2399 2074 2456 panem

2231 2386 2240 2437 ι
2269 2381 2536 2458 ἱεράρχης
2565 2382 2657 2435 τὸν
2691 2382 2843 2456 ἅγιον
2872 2382 3056 2458 ἄρτον,
3086 2379 3292 2438 ἐδείκνυ
3324 2382 3423 2451 τὴν
3457 2380 3737 2456 εὐλογίαν,
3777 2381 3863 2438 λέ-

453 2471 800 2527 ostendebat
844 2471 1340 2541 benedictionem,
1373 2490 1477 2530 seu
1528 2478 1962 2530 sacramentum
2012 2473 2085 2529 di-

1373 2490 1477 2530 seu
1528 2478 1962 2530 sacramentum
2012 2473 2105 2529 di-
2211 2492 2363 2548 γωνι’
2398 2471 2647 2546 τὰἍγια
2673 2476 2793 2534 τοῖς
2818 2471 2992 2546 ἁγίοις

454 2574 594 2616 cens
619 2576 633 2615 :
665 2563 880 2616 Sancta
908 2562 1153 2618 sanctis.

526 2648 624 2702 70
657 2647 926 2716 Quaenam
955 2665 1138 2720 porro.
1169 2649 1596 2707 Providentiam
1629 2667 1768 2723 erga
1815 2667 1924 2708 nos
1973 2651 2104 2708 uni-

2287 2647 2456 2710 Τινάς
2492 2651 2586 2722 μὲν
2615 2647 2730 2706 οὖν.
2763 2649 2878 2712 Τὰς
2901 2648 2976 2712 εἷς
3005 2650 3156 2723 ἡμᾶς
3188 2648 3451 2725 προνοίας
3481 2649 3662 2711 πάσας
3697 2647 3866 2724 ὀλίγοι

444 2753 700 2810 versam,
734 2740 906 2810 pauci
938 2744 1179 2808 norunt,
1209 2745 1312 2796 aut
1342 2741 1587 2797 forsitan
1637 2759 1710 2798 ne
1758 2742 1931 2814 pauci
1977 2742 2076 2815 qui

2233 2737 2382 2806 ’σασι,
2411 2739 2557 2813 τάχα
2597 2736 2654 2792 δὲ
2703 2735 2828 2793 οὐδὲ
2880 2737 3062 2815 ὀλίγοι
3121 2737 3289 2793 ἴσασν
3337 2737 3430 2794 καὶ
3476 2737 3602 2814 περὶ
3649 2737 3792 2795 τίνοι
3836 2739 3865 2806 ἡ

447 2826 583 2883 dem
607 2846 625 2882 :
656 2831 713 2883 et
743 2831 983 2900 propter
1013 2845 1190 2900 quam
1220 2829 1458 2885 oblatio.

958 2845 983 2883 ι’
1013 2845 1190 2900 quam
1220 2829 1458 2885 oblatio.
2218 2825 2590 2904 προσκομιδή.

521 2915 940 2987 Opitulatorem,
974 2916 1072 2973 Gr.
1109 2917 1346 2991 ἀρωγόν.
1381 2917 1764 2974 Auxiliarem.

1201 2917 1346 2991 υγόν.
1381 2917 1764 2974 Auxiliarem.
2288 2916 2563 2993 Ἀρωγόν.
2597 2916 2833 2987 Βοηθόν.

521 3005 856 3062 Humanam.
889 3011 966 3061 De
991 3005 1301 3062 hominum
1333 3006 1526 3080 lapsu.

2291 3008 2407 3075 Τὴν
2467 3004 2830 3082 ἀνθρωπείαν.
2885 3006 3015 3080 Περὶ
3071 3011 3173 3075 τῆς
3219 3008 3328 3060 τῶν
3371 3003 3681 3080 ἀνθρώπων
3711 3004 3867 3062 dmu-

2218 3096 2458 3156 τώσεως.

516 3185 940 3253 Praevaricatio,
975 3189 1071 3240 Gr.
1102 3179 1423 3260 ὑπερϐασία.
1456 3186 1892 3259 Transgressio.

1371 3204 1423 3240 α.
1456 3186 1892 3259 Transgressio.
2150 3255 2183 3260 __
2287 3178 2631 3259 Ὑπερϐασία.
2664 3177 3001 3260 Παραϐασία.

520 3274 648 3330 Suis
695 3255 1349 3345 propensionibus.'Hoc
1405 3278 1494 3330 est
1546 3255 1782 3348 proprio
1842 3259 2152 3333 arbitrio.‘

2290 3255 2531 3335 Οίκείαις
2566 3255 2781 3348 ῥοπαῖς.
2808 3276 2879 3330 "0
2903 3270 3043 3326 ἐστιν
3077 3269 3484 3346 αύθαιρέτωςω.
3516 3273 3578 3330 Ὁ
3611 3270 3674 3330 δὲ
3696 3271 3864 3328 σύντα-

450 3362 824 3419 Constructio
857 3363 929 3417 ad
960 3377 1028 3418 ea
1058 3379 1183 3434 qum
1211 3379 1395 3435 supra
1427 3363 1587 3419 dicta
1621 3369 1781 3432 sunt,
1814 3365 2068 3437 pertinet

2229 3365 2296 3435 Ξις
2350 3364 2486 3439 πρὸς
2543 3362 2609 3418 τὰ
2658 3359 2770 3416 ἀνω
2822 3359 3084 3436 εἰρημένα
3133 3360 3295 3415 ἐστίν·
3339 3361 3455 3417 εἶπε
3476 3360 3602 3438 γὰρ,
3639 3362 3722 3418 ὅτι
3772 3361 3861 3430 τὴν

455 3452 601 3508 dixit
628 3452 786 3508 enim
820 3451 1146 3508 humanam
1177 3458 1450 3508 naturam
1483 3453 1600 3510 vita
1631 3453 1834 3511 multis
1865 3455 2082 3512 malise

2229 3453 2556 3527 ὶνθρωπείαν
2585 3452 2742 3529 φύσιν
2774 3452 2808 3520 ἡ
2850 3448 3306 3520 πολυπαθεστάτη
3365 3451 3479 3519 ζωὴ
3540 3447 3861 3529 διαδέχεται.

453 3540 1001 3613 perturbationibus
1051 3542 1304 3597 obnoxia
1351 3543 1584 3614 excipit.
1615 3542 1744 3599 Alia
1790 3560 1926 3600 vero
1971 3562 2082 3602 sun

2234 3542 2302 3598 Γᾶ
2333 3539 2391 3596 δὲ
2420 3538 2568 3596 ἄλλα
2622 3540 2712 3594 ὸιὰ
2766 3540 2953 3613 μέσου,
3004 3537 3111 3594 ἀπὸ
3164 3542 3263 3594 τοῦ
3291 3536 3614 3604 ἀκολούθως
3645 3542 3746 3618 γάρ
3773 3535 3866 3600 ἕως

454 3627 831 3696 intermedia,
865 3627 936 3683 ab
969 3623 1286 3688 ἀκολούθως
1318 3625 1442 3702 γάρ,
1477 3645 1667 3700 usque
1697 3631 1770 3686 ad
1801 3625 1945 3684 ἔνθεν
1986 3628 2086 3684 ἐλε·

1163 3623 1286 3688 ἱθως
1318 3625 1442 3702 γάρ,
1477 3645 1667 3700 usque
1697 3631 1770 3686 ad
1801 3625 1945 3684 ἔνθεν
1986 3628 2110 3684 ἐλε-
2219 3635 2316 3687 τοῦ
2347 3629 2493 3696 ἔνθεν
2524 3627 2795 3691 ἐλεεινῶς.

459 3735 602 3778 ινως.

527 3805 879 3862 Itlecebrosis.
911 3804 1221 3862 Ofﬁciosis.

2296 3805 2635 3870 Θελκτικαῖς.
2672 3810 3112 3883 Θεραπευτικαῖς.

531 3894 832 3966 Originem.
866 3893 1352 3966 Quandoquidem
1387 3896 1578 3950 status
1609 3894 1794 3950 nostri
1827 3894 2113 3968 originem

2295 3898 2372 3954 Τὸ
2397 3905 2497 3967 τῆς
2525 3896 2726 3972 ἀρχῆς.
2762 3893 2986 3964 Ἐπειδή
3013 3895 3102 3951 καὶ
3135 3896 3314 3972 ἀρχὴν
3341 3902 3446 3966 τῆς
3475 3898 3780 3960 συστάσεως
3811 3895 3863 3953 ix

460 3987 668 4040 eterra
687 3983 1008 4053 habemus;
1035 4000 1249 4055 corpus
1280 3982 1436 4038 enim
1471 3989 1737 4039 nostrum
1770 4001 1839 4039 ex
1868 4001 1936 4040 ea
1972 4001 2092 4040 coni

2232 3993 2326 4062 γῆς
2353 3985 2576 4062 ἔχομεν·
2609 3987 2671 4041 τὸ
2695 3987 2796 4062 γὰρ
2820 3986 3129 4058 σωματικὸν
3148 3988 3309 4057 ἡμῶν
3341 3984 3392 4058 ἐξ
3423 3985 3614 4056 αύτῆςο
3653 3987 3864 4048 εῗκότως

459 4075 613 4129 stat:
641 4073 777 4144 jure
810 4089 874 4128 ac
907 4072 1116 4127 merito
1177 4077 1311 4142 post
1358 4072 1890 4144 transgressionem
1936 4074 2091 4130 ﬁnen

2230 4076 2363 4150 μετά
2388 4078 2487 4144 τὴν
2520 4070 2822 4151 παράϐασιν
2857 4077 2946 4131 καὶ
2977 4078 3039 4132 τὸ
3089 4074 3248 4138 τέλος
3295 4074 3607 4154 πρόσφοδον
3670 4073 3859 4152 ἔχομεν

457 4162 639 4218 etiam
671 4161 959 4234 principio
991 4165 1456 4216 consentaneum
1487 4161 1796 4218 habemus.
1815 4162 1879 4218 In
1897 4167 2089 4219 terran

2234 4169 2290 4238 τῇ
2323 4167 2493 4240 ἀρχῇ·
2527 4163 2601 4227 εἷς
2626 4171 2726 4238 γῆν
2761 4165 2863 4239 γὰρ
2896 4163 3240 4226 ἀναλύοντες
3275 4163 3392 4221 ἐπεὶ
3420 4163 3658 4241 ἐῤῥήθη,
3689 4165 3770 4220 ὅτι
3797 4164 3866 4231 Γῆ

457 4251 615 4309 enim
645 4249 1509 4320 revertimur.Quaudoquidem
1543 4250 1770 4306 dictum
1805 4252 1914 4308 sit:
1949 4253 2089 4309 Terrl

1354 4250 1509 4306 idem
1543 4250 1770 4306 dictum
1805 4252 1914 4308 sit:
1949 4253 2114 4310 Terra
2223 4257 2290 4325 εἴ,
2320 4255 2409 4310 καὶ
2442 4254 2520 4319 εἷς
2547 4261 2645 4329 γῆν
2680 4251 2977 4328 ἀπελεύσῃ,

455 4354 532 4408 εις,
563 4343 615 4394 et
639 4341 699 4394 in
727 4347 935 4394 terram
962 4339 1255 4394 reverteris
1284 4340 1382 4410 (ν).

526 4429 738 4485 Finem.
773 4428 890 4484 Hoc
915 4431 1004 4484 est
1036 4432 1305 4483 mortem.

2295 4431 2492 4509 Πέρας.
2525 4431 2786 4489 Τουτὲστι
2817 4433 2908 4487 τὸν
2942 4430 3194 4496 θάνατον.

530 4519 658 4575 Vita.
680 4533 802 4590 qum
832 4515 903 4572 ad
929 4533 1171 4589 superna
1226 4516 1432 4588 tendat,
1463 4519 1558 4573 Gr.
1595 4515 1882 4593 ἀναγώγου
1942 4521 2107 4588 ζωῆς.

2292 4521 2605 4598 Ἀναγώγου
2669 4525 2842 4591 ζωῆς.
2899 4521 3212 4596 Ἀναγωγὸν
3287 4518 3392 4595 [δὶ]
3448 4521 3592 4590 ζωὴν
3652 4523 3755 4591 τήν
3807 4517 3867 4573 τὰ

459 4604 766 4683 Ἀνάγωγον
819 4605 997 4663 vitam
1027 4606 1171 4662 dicit
1199 4622 1328 4662 eam
1362 4623 1489 4678 quae
1522 4607 1826 4678 superiora
1883 4610 2091 4681 quaerit

2231 4611 2332 4666 ’z'vw
2419 4615 2681 4680 ζητοῦσαν
2719 4655 2735 4682 ,
2818 4609 2907 4664 καὶ
2991 4609 3129 4686 πρὸς
3210 4609 3338 4665 Θεὸν
3426 4608 3863 4686 ἀπεστραμμένην

461 4701 520 4754 et
550 4696 621 4753 ad
652 4697 829 4752 Deum
861 4699 1108 4770 spectat.

743 4711 829 4752 um
861 4699 1108 4770 spectat.
2224 4699 2375 4776 φησί.

532 4785 718 4843 Multis
741 4786 1094 4858 passionibus
1126 4784 1427 4840 obnoxiam
1461 4785 1929 4842 immutationem.
1964 4787 2115 4852 Quid

2296 4783 2785 4856 Πολυπαθεστάτην
2840 4783 3138 4842 ἀλλοίωσιν
3175 4828 3190 4844 .
3259 4785 3325 4843 Τί
3382 4784 3522 4842 ἔστιν
3574 4784 3865 4844 ἀλλοίωσις

463 4875 539 4934 sit
592 4872 890 4936 ἀλλοίωσις
923 4873 985 4929 in
1015 4873 1382 4946 corporibus,
1415 4873 1472 4928 in
1505 4873 1652 4930 libro
1682 4877 1757 4931 De
1784 4875 1988 4933 divinis
2015 4894 2095 4934 nol

2229 4875 2309 4931 ἐπὶ
2368 4877 2636 4948 σωμάτων
2675 4919 2688 4946 ,
2763 4873 2814 4930 ἐν
2867 4879 2946 4947 τῷ
3019 4874 3149 4950 Ηερὶ
3205 4879 3312 4929 τῶν
3367 4874 3524 4931 θείων
3587 4875 3861 4948 ὀνομάτων

461 4964 703 5021 minibus
733 4963 1012 5020 diximus.

972 4979 1012 5018 3.
2225 4963 2604 5038 διεξήλθομεν.

531 5056 818 5122 Exitiosis,
851 5054 947 5108 Gr.
983 5047 1288 5123 δυσμενεῖς.
1321 5052 1716 5110 Erumnosis.

1420 5054 1716 5110 'umnosis.
2295 5058 2602 5128 Δυσμενεῖς.
2636 5051 3052 5126 Ταλαιπώρους.

530 5145 596 5198 1η
622 5146 799 5198 status
821 5141 1195 5213 privationem
1222 5142 1450 5198 misere.
1485 5142 1546 5198 In
1599 5146 1790 5199 status
1839 5143 2114 5216 privatio-

2295 5142 2391 5205 Εἷς
2451 5141 2784 5220 ἀνυπαρξίας
2844 5141 3094 5217 οἰκτρῶς.
3156 5140 3253 5205 Εἷς
3305 5141 3630 5217 ἀνυπαρξίαν
3691 5138 3748 5197 δὲ
3777 5136 3861 5194 διὰ

529 5377 607 5452 (r)
639 5377 781 5435 Gen.
815 5392 902 5445 ιιι,
941 5375 1027 5430 19.

1473 5574 1706 5631 VARI/E
1745 5573 2133 5630 LECTIONES
2171 5574 2261 5631 ET
2297 5571 2866 5632 CORRECTIONES.

531 5705 578 5741 ³ο
606 5722 697 5778 γρ.
729 5700 1086 5779 αὐθαιρέτως.
