4134 6394
279 409 387 465 149

1063 415 1119 465 S.
1160 415 1432 468 MAXIMI
1470 414 1773 468 SCHOLIA
1809 414 1883 466 IN
1924 415 2057 466 LIB.
2099 413 2195 464 DE
2233 414 2520 467 ECCLES,
2564 415 2957 467 HIERARCH.

3617 415 3723 468 150

273 534 382 602 τὴν
414 533 712 607 ἁμαρτίαν
775 535 805 589 ὁ
861 532 962 610 γὰρ
1026 532 1356 609 ἁμαρτωλὸς
1409 533 1614 610 τρόπον
1669 534 1791 588 τινὰ
1847 532 1944 607 οὐχ

2081 550 2204 590 nem
2256 538 2493 606 propter
2533 538 2878 606 peccatum;
2931 537 3200 607 peccator
3239 535 3396 592 enim
3429 537 3724 608 quodam-

283 622 546 698 ὑπάρχει·
580 623 646 678 τὸ
675 624 779 699 γὰρ
807 624 974 678 κακὸν
1003 622 1370 698 ἀνύπαρκτον.

356 713 744 788 [Ἀπειροτάτη
792 711 1212 789 φιλανθρωπία.
1267 712 1398 786 Περὶ
1447 719 1548 782 τῆς
1604 713 1951 788 ένανθρωπήο

279 823 448 872 σεως,
477 803 560 857 ὅτι
594 801 801 872 ταύτην
837 802 1247 878 φιλανθρώπως
1277 801 1619 879 ένήργησεν.]

349 892 672 968 Αὖτουργὸν
731 894 920 964 ἡμῶν.
983 890 1303 966 Σημείωσαι
1361 893 1460 960 τὴν
1500 885 1781 966 ἀκρίϐειαν
1837 895 1945 947 τῶν

278 979 600 1057 δογμάτων,
649 980 702 1036 έν
753 980 1143 1052 πολυπληθείᾳ
1183 979 1376 1053 λέξεων
1429 982 1796 1058 φραζομένην,
1855 983 1943 1036 καὶ

278 1069 644 1143 πολεμοῦσαν
698 1073 905 1132 πάντας
963 1069 1291 1144 αἱρετικούςσ
1337 1071 1399 1124 τὸ
1457 1071 1550 1142 μὲν
1582 1076 1685 1144 γὰρ
1718 1069 1945 1146 αὐτουρ-

275 1161 375 1233 γὸν
423 1158 673 1236 γενέσθαι
729 1160 828 1228 τὴν
877 1157 958 1220 εἲς
1009 1161 1157 1230 ἡμᾶς
1207 1159 1464 1234 πρόνοιαν
1513 1163 1609 1212 τοῦ
1664 1163 1796 1214 Θεοῦ
1855 1157 1949 1231 δη-

278 1247 397 1315 λοῖ,
459 1247 548 1302 ὅτι
611 1246 774 1310 αὐτὸς
831 1247 899 1316 ἦν
961 1249 989 1302 ὁ
1041 1248 1172 1310 Θεὸς
1203 1247 1401 1323 Aci-foc-
1463 1247 1524 1301 οὐ
1551 1249 1657 1321 μὴν
1692 1247 1864 1312 ἄλλος
1893 1248 1945 1303 έν

277 1336 466 1408 ἄλλῳ,
515 1336 592 1398 ὥς
641 1357 784 1399 τινες
821 1334 1104 1409 μαίνονται
1136 1335 1228 1390 σὺν
1289 1335 1592 1411 Νεστορίῳ.
1654 1335 1727 1392 Τὸ
1781 1334 1838 1391 δὲ
1894 1335 1944 1391 ἐν

273 1425 482 1495 ἀληθεῖ
547 1425 757 1498 μεθέξει
807 1426 1026 1480 πάντων
1073 1428 1182 1479 τῶν
1212 1426 1494 1499 ἡμετέρων
1549 1425 1949 1500 ἀναμαρτήτως·

274 1515 368 1569 καὶ
403 1513 782 1588 Μανιχαίους,
817 1515 908 1568 καὶ
944 1513 1454 1588 Εὗτυχιανιστάςίί,
1495 1512 1586 1568 καὶ
1620 1513 1948 1571 Ἀπολλινα-

276 1603 490 1679 ριστᾶς,
522 1605 613 1658 καὶ
650 1603 1020 1678 Ἀκεφάλους,
1079 1603 1170 1658 καὶ
1218 1604 1424 1666 πάντας
1455 1601 1790 1674 ἁπαξαπλῶς
1819 1604 1948 1668 τοὺς

276 1693 657 1768 αἳρετίζοντας
686 1688 1049 1750 καταϐάλλει.

351 1783 558 1854 Ἔξεως
590 1826 604 1839 .
687 1783 759 1837 Τὸ
833 1779 996 1854 ἕξεως
1051 1781 1276 1846 ἐνταῦθα
1331 1781 1394 1837 οὐ
1453 1780 1749 1854 ποιότητός
1802 1803 1947 1846 τινος

2065 625 2239 679 modo
2273 641 2389 680 non
2421 625 2689 696 exsistit;
2727 624 2948 680 malum
2971 627 3128 680 enim
3159 624 3502 681 exsistentia
3542 630 3724 683 caret.

2133 713 2260 784 [Dei
2307 715 2644 786 principalis
2687 715 2962 770 bonitatis.
3017 715 3151 786 Agit
3181 717 3250 770 de
3276 716 3720 786 lncarnatione;

2063 805 2216 874 quod
2249 819 2378 858 eam
2414 804 2872 860 misericorditer
2909 804 3235 876 perfecerit.

2131 894 2240 947 Per
2267 909 2324 948 se
2355 900 2668 963 aperantem
2714 894 2913 949 nostri.
2976 895 3123 950 Nota
3154 898 3489 950 accuratam
3518 896 3719 952 obser-

2062 983 2353 1037 vationem
2387 983 2780 1049 decretorum,
2831 1000 2956 1054 quae
3008 983 3067 1038 in
3103 984 3481 1038 multitudine
3513 985 3720 1040 dictio-

2067 1087 2210 1126 num
2243 1071 2480 1140 dicitur,
2511 1077 2922 1144 expugnatque
2973 1089 3179 1129 omnes
3211 1072 3538 1130 haereticos.
3571 1074 3716 1129 Nam

2064 1177 2166 1232 per
2197 1177 2258 1215 se
2288 1165 2626 1232 operantem
2649 1161 2831 1217 fuisse
2853 1178 2991 1234 erga
3009 1179 3116 1218 nos
3142 1163 3242 1218 Dei
3265 1162 3720 1234 providentiam,

2061 1249 2336 1316 declarat,
2371 1251 2526 1320 quod
2559 1250 2813 1306 Verbum
2843 1249 3000 1306 idem
3033 1255 3154 1306 erat
3190 1252 3376 1318 Deus;
3411 1268 3528 1306 non
3587 1268 3722 1308 vero

2063 1339 2216 1394 alius
2268 1339 2328 1394 in
2382 1339 2517 1403 alio,
2551 1343 2616 1394 ut
2649 1339 2890 1410 quidam
2924 1356 3058 1395 cum
3090 1341 3357 1396 Nestorio
3389 1341 3717 1397 insaniunt.

2062 1428 2210 1483 Illud
2234 1443 2390 1495 vero,
2425 1427 2484 1482 in
2517 1444 2653 1483 vera
2684 1428 3131 1501 participatione
3153 1430 3420 1485 omnium
3453 1445 3581 1501 quas
3613 1447 3718 1485 no-

2061 1520 2184 1573 stra
2215 1521 2354 1571 sunt
2386 1516 2513 1573 sine
2545 1521 2802 1588 peccato,
2836 1521 2893 1572 et
2923 1518 3274 1575 Manichaeos
3313 1523 3372 1574 et
3401 1518 3719 1590 Eutycbia-

2060 1623 2188 1676 nos,
2234 1610 2291 1662 et
2343 1605 2737 1678 Apollinarios
2782 1611 2840 1662 et
2887 1607 3210 1680 Acephalos
3242 1612 3298 1664 et
3329 1625 3446 1664 uno
3477 1609 3716 1664 nomine

2061 1711 2266 1751 omnes
2290 1695 2595 1751 haereticos
2627 1697 2963 1767 prosternit.

2133 1784 2341 1840 Habitu
2378 1801 2476 1840 seu.
2504 1789 2672 1850 statu,
2705 1784 2802 1840 Gr.
2834 1780 3014 1854 ἕξεως.
3047 1786 3250 1856 Ἕξεώς
3279 1785 3389 1842 hoc
3419 1786 3566 1853 loco,
3601 1802 3717 1842 non

287 1872 534 1945 έμμόνου
561 1870 819 1943 νοητέον,
873 1870 1025 1928 ἀλλὰ
1050 1872 1316 1945 καθέξεως
1363 1872 1456 1928 καὶ
1487 1870 1778 1947 διαμονῆς,
1821 1871 1944 1943 ἤτοι

2081 1873 2366 1945 ιυθιιὶίαίὶε
2416 1875 2730 1945 cujusdam
2781 1873 3011 1930 stabilis
3061 1873 3551 1948 intelligendum:
3608 1875 3712 1930 sed

287 1959 688 2038 κατασχέσεως.

350 2049 430 2107 Οὐ
486 2049 627 2106 κατὰ
681 2047 931 2122 δύναμιν.
996 2048 1337 2124 Σημείωσαι,
1396 2051 1478 2106 ὅτι
1529 2050 1630 2106 οὐκ
1676 2050 1728 2106 έν
1791 2050 1946 2127 ἰσχύϊ

273 2136 523 2208 ἐνίκησεν
574 2140 604 2194 ὁ
663 2139 896 2214 Χριστὸς
949 2141 1040 2195 τὸν
1093 2144 1356 2210 Σατανᾶν,
1418 2138 1566 2196 ἀλλά
1621 2140 1791 2215 κρίσει
1852 2141 1942 2196 καὶ

275 2225 621 2302 δικαιοσύνῃ.
675 2233 848 2284 Τοῦτο
906 2228 995 2285 καὶ
1041 2229 1347 2305 Γρηγόριος
1411 2231 1440 2284 ὁ
1493 2230 1706 2301 Νύσσης
1758 2231 1810 2286 έν
1865 2235 1944 2303 τῷ

275 2323 662 2393 Κατηχητικῷ
691 2338 877 2396 φησιν.

344 2402 608 2464 Ὀλϐίου.
642 2407 941 2463 Πλουσίου.

343 2495 618 2554 ’Δνείδεον
650 2495 900 2554 κάλλεσι.
936 2495 1037 2555 Καὶ
1080 2497 1336 2573 ἀνωτέρω
1377 2496 1549 2560 οὕτως
1595 2495 1824 2574 ἔφημεν,
1857 2499 1938 2555 ὅτι

264 2581 515 2640 ἀνείδεον
548 2587 612 2641 τὸ
643 2591 743 2654 τῆς
791 2584 1013 2661 ἀγνοίας
1063 2583 1255 2650 σκότος
1299 2586 1451 2663 φησί.
1507 2587 1772 2660 Σημαίνει
1825 2586 1944 2644 δὲ²²

261 2675 366 2744 τήν
404 2672 723 2749 έλευθεριαν
753 2677 940 2748 ἡμῶν.

336 2764 772 2838 Ἐναγεστάτων.
804 2761 1229 2837 Μεμιασμένων.

344 2857 375 2923 §
409 2857 538 2908 XII.
575 2852 688 2907 Ἀεὶ
715 2857 837 2915 ταῖς
864 2853 1233 2929 ίεραρχικαῖς.
1266 2856 1382 2924 Τῆς
1414 2857 1710 2931 θεαρχικῆς
1739 2855 1938 2932 ἀγαθό-

267 2962 469 3012 τητος,
505 2942 581 3003 ὡς
611 2939 715 3018 ἔφη
749 2939 800 2996 έν
831 2941 980 3016 ἀρχῇ
1017 2946 1116 2998 τοῦ
1144 2940 1464 3021 κεφαλαίου.

345 3031 632 3102 Ὑμνήσας
699 3028 758 3084 δὲ
829 3028 960 3087 καί.
1037 3033 1288 3087 Τουτέστι
1363 3033 1456 3088 τὸν
1516 3032 1678 3108 ἄρτον
1730 3035 1820 3090 καὶ
1875 3036 1938 3091 τὸ

269 3122 552 3195 ποτήριον
585 3118 836 3195 εὐλογῶν
895 3123 1002 3175 τῶν
1058 3120 1225 3195 ἁγίων
1285 3118 1494 3196 δώρων.
1531 3123 1850 3197 Σημείωσαι
1883 3123 1940 3180 δὲ

273 3208 360 3265 ὅτι
421 3213 716 3285 πανταχοῦ
759 3204 1109 3283 ωμϐολικὴν
1163 3210 1312 3286 λέγει
1360 3212 1457 3282 τήν
1518 3215 1665 3277 θείαν
1726 3215 1940 3290 ἱερουρ-

2055 1962 2600 2034 comprehensionis
2631 1966 2690 2018 et
2719 1962 3021 2018 ﬁrmitatis
3053 1966 3154 2018 aut
3183 1963 3552 2030 retentionis,

2122 2058 2244 2110 Non
2272 2051 2510 2108 viribus.
2561 2052 2708 2107 Nota
2755 2051 3053 2108 Christum
3087 2067 3207 2108 non
3240 2053 3331 2108 7|
3363 2053 3570 2108 robore
3621 2052 3706 2108 vi-

2053 2142 2203 2198 cisse
2233 2141 2533 2197 diabolum
2560 2159 2574 2210 ;
2608 2141 2706 2196 sed
2734 2139 2960 2211 judicio
2992 2145 3051 2196 et
3073 2140 3332 2211 justitia.
3374 2145 3491 2197 Hoc
3524 2142 3703 2197 etiam

2051 2231 2365 2304 Gregorius
2395 2230 2694 2302 Nyssenus
2725 2230 2785 2285 in
2819 2229 3157 2286 Catec/zezico
3188 2230 3348 2286 dicit.

2122 2411 2310 2478 Beato,
2345 2408 2442 2464 Gr.
2477 2401 2693 2463 ὀλϐίου.
2727 2407 2924 2463 Diviti.
2958 2409 3221 2479 copioso.

2120 2501 2419 2570 Informem
2443 2497 2974 2569 pulchritudinibus.
3009 2498 3197 2553 Etiam
3233 2514 3413 2570 supra
3440 2497 3520 2553 ita
3554 2497 3705 2552 dixi-

2051 2587 2369 2659 mus,quod
2400 2581 2636 2640 ἀνείδεον
2666 2585 3058 2657 ignorationis
3090 2585 3400 2657 caliginem
3432 2585 3706 2643 dicat.Si-

2049 2677 2290 2749 gniﬁcat
2321 2679 2516 2731 autem
2548 2675 2879 2731 libertatem
2913 2679 3198 2731 nostram.

2118 2765 2478 2824 Fmdissimis.
2512 2765 3056 2835 Coinquinatorum.

2121 2857 2151 2929 §
2178 2857 2298 2911 XII.
2335 2854 2556 2925 Semper
2581 2853 2967 2909 hierarchicis.
3007 2853 3221 2908 Divina:
3255 2851 3559 2922 bonitatis,
3592 2851 3707 2908 sic-

2049 2950 2114 3002 ut
2137 2945 2284 3001 dixit
2309 2945 2369 2999 in
2403 2943 2693 3015 principio
2728 2942 2958 3014 capitis.

2122 3033 2474 3100 Cotlaudans,
2530 3040 2632 3088 etc.
2684 3033 2744 3087 Id
2782 3035 2890 3102 est,
2926 3046 3138 3103 panem
3169 3033 3226 3085 et
3259 3029 3501 3086 calicem
3533 3029 3710 3085 bene-

2051 3124 2254 3180 dicens
2281 3126 2622 3180 sanctorum
2646 3122 2955 3178 donorum.
2978 3120 3128 3175 Nota
3151 3135 3286 3175 vero
3306 3119 3461 3191 quod
3485 3118 3709 3190 ubique

2052 3212 2480 3270 sacramentale
2510 3211 2654 3267 dicit
2681 3211 2949 3266 divinum
2983 3209 3364 3276 sacrificium,
3415 3211 3472 3264 et
3503 3211 3710 3264 sancta

271 3299 429 3372 γίαν,
459 3297 556 3352 καὶ
585 3299 652 3352 τὰ
683 3299 808 3375 ἅγια
839 3295 989 3375 δῶρα
1020 3285 1276 3373 σύμϐολα
1303 3305 1408 3355 τῶν
1437 3301 1545 3356 ἄνω
1592 3302 1682 3356 καὶ
1740 3285 1942 3374 ἀληόι-

2081 3304 2210 3359 lona
2239 3305 2611 3358 sacramenta
2640 3316 2768 3357 esse
2801 3298 3146 3366 caelestium,
3179 3301 3236 3354 et
3266 3297 3581 3354 veriorum.

272 3409 300 3442 ν
307 3408 416 3442 ωτε
424 3406 558 3462 ρων.

346 3475 463 3533 Τὸν
517 3477 620 3550 γὰρ
677 3473 1183 3552 ἐγκεκαλυμμένον.
1244 3477 1403 3535 Οὕτω
1438 3477 1528 3533 καὶ
1584 3477 1692 3554 πρὸ
1753 3478 1942 3555 ὀλίγου

276 3563 523 3640 εἴρηται,
576 3565 660 3620 ὃτι
709 3565 1126 3640 κεκαλυμμένον
1157 3563 1314 3641 ἔμενε
1339 3568 1401 3622 τὸ
1434 3573 1576 3631 θεῖον
1611 3565 1786 3642 δῶρον
1839 3567 1944 3631 ἓως

276 3655 476 3728 καιροῦ
528 3654 916 3729 μεταλήψεως,
967 3655 1012 3710 εί
1066 3657 1143 3730 μή
1196 3657 1298 3732 ἄρα
1343 3655 1755 3730 κεκαλυμμένον
1789 3658 1944 3734 λέγε-

286 3763 379 3796 ται
409 3742 472 3796 τὸ
500 3743 608 3798 ἀπὸ
647 3747 758 3800 τῶν
791 3741 1021 3799 πολλῶν
1051 3745 1142 3800 καὶ
1173 3743 1274 3816 ἔξω
1305 3744 1576 3816 ἑστώτων,
1607 3747 1697 3802 καὶ
1752 3745 1942 3811 ἁπλῶς

293 3829 494 3886 λαϊκῶν
523 3832 1039 3908 ἀποκεκρυμμένον.

355 3922 434 3978 Τὸ
487 3922 592 3997 γὰρ
639 3919 698 3978 ἓν
759 3922 852 3977 καὶ
915 3921 1148 3980 ἁπλοῦν.
1211 3922 1432 3996 Ἐπειδὴ
1479 3925 1568 3980 καὶ
1617 3928 1801 4002 ψυχὴν
1830 3947 1943 3982 νοε-

276 4009 376 4083 ράν
408 4012 700 4084 καὶσῶμα
746 4013 938 4087 γήϊνον
988 4006 1172 4069 ἔλαϐε.
1221 4016 1327 4088 [Ἐξ
1374 4017 1536 4084 ἡμῶν
1570 4012 1947 4089 εἰδοποιούμε-

271 4121 394 4168 νον,
449 4101 598 4155 τοῦτ’
648 4099 760 4156 ἔστι
805 4101 869 4156 τὸ
913 4103 1031 4156 καθ’
1079 4104 1227 4175 ἡμᾶς
1259 4101 1420 4174 εἶδος,
1452 4101 1623 4180 ἤγουν
1655 4106 1752 4174 τὴν
1787 4104 1942 4184 φύσιν

272 4185 521 4263 λαϐών·]
556 4189 878 4263 Σημείωσαι
909 4187 968 4246 δὲ
996 4195 1115 4254 πῶς
1147 4192 1404 4247 κοινωνοὶ
1437 4193 1579 4258 θείας
1608 4193 1816 4271 φύσεως
1852 4215 1944 4269 γι-

270 4275 492 4350 νόμεθα
522 4283 747 4353 Χριστῷ
773 4278 1077 4353 ένούμενοι.
1131 4281 1446 4355 Σημείωσαι
1477 4282 1566 4338 καὶ
1595 4284 1664 4339 τὰ
1690 4283 1814 4358 περὶ
1842 4291 1944 4354 τῆς

273 4367 630 4441 οἰκονομίας,
689 4368 780 4423 καὶ
835 4368 917 4432 τίς
970 4369 997 4424 ὁ
1042 4370 1246 4448 φανεὶς,
1276 4371 1364 4426 καὶ
1402 4371 1483 4434 τίς
1516 4375 1550 4442 ἡ
1599 4372 1790 4436 κλάσις
1847 4378 1944 4429 τοῦ

273 4458 480 4531 ἄρτου,
509 4456 600 4512 καὶ
633 4454 893 4530 διανομή.

350 4548 491 4602 Κατ’
522 4546 710 4622 ἄκρον,
744 4545 996 4604 Τουτέστι
1027 4549 1145 4604 κατ’
1177 4549 1342 4624 ἄκραν
1373 4547 1564 4606 ἕνωσιν
1588 4553 1675 4606 καὶ
1707 4549 1940 4620 τελείαν,

271 4635 369 4690 καὶ
403 4632 650 4707 οὐσιώδη
679 4637 800 4692 καθ’
834 4637 1123 4694 ὑπόστασιν
1155 4637 1360 4710 ἀληθῆ.

351 4809 711 4886 Ἀλωϐήτου.
746 4809 1071 4880 Ἀϐλαὸοῦς.

353 4905 483 4980 Χρὴ
514 4903 617 4980 γὰρ
647 4907 818 4977 ἡμᾶς.
870 4905 1187 4979 Σημείωσαι
1218 4904 1299 4970 τίς
1337 4907 1365 4962 ὁ
1398 4908 1597 4970 σκοπὸς
1645 4911 1742 4963 τοῦ
1787 4909 1947 4982 Χρισ-

273 5013 400 5048 τιαν
411 4996 580 5065 ισμοῦ
596 4994 662 5050 ⁸³.

349 5082 476 5136 Ὓπ’
536 5077 662 5155 ὄψιν
719 5079 885 5158 ἄγων.
945 5083 1077 5158 Περὶ
1131 5087 1227 5138 τοῦ
1284 5084 1486 5160 Κυρίου
1544 5087 1706 5158 ἡμῶν
1765 5086 1946 5156 Ἰησοῦ

274 5173 533 5246 Χριστοῦ
567 5169 794 5236 ἐνταῦθά
825 5193 988 5247 φησιν
1031 5171 1094 5227 οὐ
1127 5168 1502 5247 συμϐολικῶς,
1562 5175 1618 5229 ὅν
1673 5176 1760 5230 καὶ
1813 5197 1947 5246 νοη-

269 5261 378 5329 τὴν
445 5262 610 5331 ἡμῶν
671 5258 774 5335 ἔφη
839 5264 1008 5332 ζωήν.
1057 5263 1128 5317 Τὸ
1189 5259 1245 5317 δὲ
1291 5261 1570 5338 παντελεῖ,
1612 5262 1800 5334 έπειδὴ
1860 5265 1950 5320 καὶ

273 5350 476 5424 ψυχὴν
504 5349 717 5424 νοερὰν,
750 5349 840 5404 καὶ
874 5355 1034 5425 σῶμα
1065 5351 1261 5427 γήϊνον
1302 5347 1550 5411 ἀνέλαϐε.
1612 5353 1711 5409 Καὶ
1766 5351 1954 5417 καλῶς

2126 3481 2382 3552 Operlum
2407 3479 2575 3535 enim.
2626 3478 2720 3534 Sic
2759 3477 2933 3533 etiam
2967 3475 3142 3549 paulo
3176 3479 3310 3531 ante
3340 3475 3565 3530 dictum
3595 3478 3709 3546 est,

2053 3571 2207 3642 quod
2241 3573 2506 3641 opertum
2541 3568 2817 3624 manebat
2846 3567 3112 3622 divinum
3161 3566 3382 3621 donum
3415 3581 3605 3636 usque
3635 3566 3708 3620 ad

2051 3665 2288 3731 tempus
2313 3657 2748 3715 communionis
2778 3676 2790 3725 ;
2828 3656 2943 3712 nisi
2973 3657 3120 3711 forte
3150 3658 3419 3727 opertum
3469 3654 3708 3722 dicitur,

2051 3750 2112 3804 id
2144 3748 2300 3821 quod
2333 3746 2540 3803 multis
2567 3752 2624 3804 et
2653 3746 2727 3801 iis
2747 3746 2846 3818 qui
2879 3749 3042 3801 extra
3073 3748 3258 3811 stant,
3289 3747 3348 3800 et
3372 3760 3489 3800 uno
3515 3743 3711 3800 nomi-

2056 3855 2148 3908 ne,
2188 3837 2360 3894 laicis
2389 3835 2688 3893 occultum
2720 3840 2829 3891 est.

2129 3926 2360 3984 Unicum
2387 3925 2541 3981 enim
2570 3924 2738 3991 illud,
2772 3940 2835 3979 ac
2853 3923 3114 3994 simplex.
3137 3920 3622 3992 Quandoquidem
3651 3925 3710 3976 et

2055 4017 2313 4074 animam
2341 4013 2822 4084 intellectualem,
2846 4017 3127 4083 etcorpus
3142 4014 3443 4066 terrenum
3462 4009 3708 4081 accepit.

2057 4108 2161 4180 [Ex
2193 4105 2363 4162 nobis
2395 4106 2704 4169 formatus,
2735 4103 2844 4158 hoc
2875 4105 2983 4172 est,
3018 4100 3210 4173 specie
3235 4116 3338 4156 seu
3365 4105 3576 4155 natura
3607 4115 3710 4155 no-

2055 4199 2179 4252 stra
2208 4193 2560 4265 assumpta.]
2595 4193 2744 4250 Nota
2773 4207 2930 4258 vero,
2954 4190 3246 4260 quomodo
3278 4187 3595 4261 participes
3627 4187 3713 4242 di-

2055 4285 2200 4341 vinae
2233 4288 2452 4340 naturae
2501 4280 2830 4338 efﬁciamur
2874 4279 3106 4336 Christo
3138 4277 3326 4334 uniti:
3363 4281 3503 4332 nota
3531 4276 3709 4333 etiam

2054 4390 2124 4431 ea
2151 4391 2276 4446 quas
2309 4373 2771 4428 incarnationem
2796 4370 3175 4440 attingunt,et
3197 4369 3332 4440 quis
3352 4365 3709 4438 apparuerit:

2054 4481 2185 4536 qua:
2215 4462 2291 4518 sit
2317 4462 2521 4517 fractio
2554 4461 2726 4533 panis
2759 4464 2816 4514 et
2849 4457 3211 4513 distributio.

2125 4558 2234 4609 Per
2261 4567 2563 4619 summam,
2599 4550 2696 4605 Gr.
2728 4547 2844 4600 κατ’
2878 4544 3060 4621 ἄκρον.
3096 4547 3156 4600 Id
3188 4549 3277 4601 est
3307 4558 3542 4600 summa
3571 4558 3712 4598 con-

1974 4662 2022 4726 Β
2045 4642 2352 4714 junctione
2382 4643 2439 4696 et
2470 4639 2744 4711 perfecta,
2770 4641 2946 4709 atque
2968 4631 3348 4691 substantiali
3380 4631 3708 4689 secundum

2054 4748 2254 4788 veram
2285 4728 2754 4786 subsistentiam.

2127 4820 2521 4885 Immaculatae,
2555 4817 2655 4873 Gr.
2688 4808 3005 4884 ἀλωϐήτου.
3041 4815 3331 4869 Innocuae.

2133 4913 2363 4982 Oportet
2419 4908 2567 4964 enim
2614 4921 2731 4962 nos.
2779 4909 2948 4973 Nota,
2983 4902 3119 4975 quis
3175 4901 3312 4956 ﬁnis
3367 4897 3714 4956 Christianis

2062 4996 2461 5073 perfectionis.

2132 5089 2242 5143 Sub
2291 5094 2567 5159 aspectum
2613 5083 2916 5141 adducens.
2951 5085 3028 5137 De
3058 5079 3308 5136 Domino
3340 5079 3544 5134 nostro
3571 5075 3717 5132 Jesu

2061 5177 2291 5234 Christo
2325 5177 2434 5232 hoc
2466 5175 2590 5232 loco
2615 5173 2758 5230 dicit
2787 5189 2901 5227 non
2938 5188 3040 5243 per
3070 5169 3275 5241 signa;
3311 5184 3484 5240 quem
3536 5167 3715 5223 etiam

2062 5266 2385 5340 spiritalem
2407 5265 2588 5321 vitam
2621 5267 2885 5319 nostram
2917 5277 3046 5317 esse
3067 5259 3499 5315 dixit.Verbum
3518 5260 3716 5313 autem

2064 5358 2321 5410 παντελεῖ
2352 5354 2592 5410 adhibet
2621 5371 2634 5423 ;
2669 5356 2981 5425 prOpterea
2997 5350 3151 5422 quod
3178 5352 3235 5405 et
3263 5348 3527 5404 animum
3559 5362 3718 5403 men-

1313 5561 1546 5618 VARIIE
1587 5561 1973 5620 LECTIONES
2015 5563 2103 5619 ET
2139 5562 2700 5620 CORRECTIONES.

355 5738 405 5777 ³⁸
436 5733 868 5811 Εὐτυχιανιτάς.
943 5738 991 5775 ³³
1019 5735 1322 5811 σημείωσαι
1354 5735 1431 5798 δέ.
1509 5740 1557 5777 ³³
1586 5743 1944 5816 Χριστιανῶν.
