4134 6394
433 392 534 447 151
1250 397 1619 451 APPENDIX
1661 399 1758 450 AD
1796 395 2039 449 OPERA
2075 396 2133 446 S.
2174 394 2488 450 DIONYSII
2528 396 3032 453 AREOPAGITE.
3754 397 3860 453 152

433 521 509 577 tis
543 520 916 593 participem,
968 522 1024 574 et
1070 524 1369 577 terrenum
1403 538 1615 595 corpus
1647 520 1877 594 accipit.
1913 521 2065 576 Rectt

2226 519 2341 573 ἶπεν
2421 518 2716 594 ἀσυγχύτῳ
2795 518 3201 594 ἐνανθρωπήσει
3234 540 3247 554 ο
3332 519 3513 595 ἔμεινε
3567 524 3672 598 γὰρ
3729 525 3858 588 Θεὸς

436 609 611 666 etiam
629 607 776 664 dixit
794 611 1086 680 incon/usa
1107 611 1471 667 humanitatis
1492 613 1891 682 assumptione;
1922 625 2068 665 mani

2227 604 2492 683 ἶνθρωπος
2547 607 2754 686 ὀφθεὶς,
2811 609 2900 663 καὶ
2971 609 3223 686 ἑκατέρας
3282 610 3497 689 φύσεως
3555 612 3740 681 σώζων
3795 614 3859 668 τὰ

433 701 510 756 sit
529 699 687 756 enim
713 700 863 755 Deus
888 700 988 772 qui
1022 701 1197 756 homo
1219 702 1384 756 visus
1407 707 1517 768 est,
1542 702 1788 758 servatis
1818 699 2065 772 utrisqw

2043 715 2088 755 le
2201 693 2498 770 ἰδιώματα·
2532 698 2622 752 καὶ
2656 696 2961 771 σημείωσαι
2991 700 3127 754 κατὰ
3147 697 3675 776 Ἀπολλιναριστῶν.

428 793 650 845 natura
682 789 1140 861 pr0prietatibus
1166 810 1179 859 ;
1211 795 1265 847 et
1291 795 1429 847 nota
1447 795 1651 847 contra
1673 789 2087 864 Apollinarios.

495 880 751 935 Nostram
800 880 1029 950 speciem
1077 879 1415 936 induentem.
1472 881 1537 936 Id
1568 885 1658 937 est
1686 881 1941 953 speciem
1985 895 2088 934 no-

2270 875 2354 948 Ἒξ
2405 876 2568 947 ἡμῶν
2617 873 3087 949 εἷ’δοποιούμενον.
3133 875 3393 933 Τουτὲστι
3438 876 3501 932 τὸ
3539 877 3658 941 καθ’
3705 878 3855 950 ἡμᾶς

431 971 619 1024 stram
653 967 775 1024 sive
808 975 1080 1024 naturam
1123 986 1256 1024 cum
1289 969 1729 1040 assumpsisset.

1546 969 1729 1026 sisset.
2201 961 2363 1033 εἶδος,
2395 963 2564 1039 ἤγουν
2595 967 2694 1034 τῆν
2729 963 2885 1040 φύσιν
2919 960 3178 1022 λαϐόντα.

501 1059 812 1128 Participes
840 1057 955 1113 Dei.
992 1057 1159 1128 Nota,
1192 1061 1482 1130 quomodo
1533 1059 1850 1131 participes
1881 1057 2090 1113 divina:

2271 1054 2538 1110 Κοινωνοὶ
2569 1058 2724 1109 Θεοῦ.
2781 1055 3101 1128 Σημείωσαι
3143 1059 3263 1119 πῶς
3298 1053 3554 1111 κοινωνοὶ
3586 1053 3728 1118 θείας
3758 1054 3857 1130 φύ-

434 1150 658 1202 naturaa
691 1145 1003 1214 efﬁcimur,
1035 1147 1265 1203 Christo
1297 1148 1618 1218 conjuncti.

1608 1191 1618 1202 ,
2202 1162 2338 1204 σεως
2368 1143 2650 1217 γινόμεθα,
2686 1148 2900 1217 Χριστῷ
2931 1143 3234 1216 ἐνούμενοι,

511 1236 608 1291 72
658 1235 687 1307 §
734 1236 883 1292 XIV.
926 1237 987 1291 In
1037 1236 1352 1307 gratiarum
1403 1237 1694 1305 actionem,
1737 1234 1829 1298 Είς
1871 1235 2092 1310 εὔχαρι-

1934 1253 2092 1310 χαρι-
2272 1236 2300 1301 §
2330 1232 2472 1289 XIV.
2506 1230 2602 1293 Εἷς
2636 1231 3003 1307 εὐχαριστίαν.
3029 1233 3160 1309 Περὶ
3191 1233 3558 1312 εὐχαριστίας.

438 1321 608 1379 στίαν.
637 1325 712 1380 De
743 1325 1103 1382 eucharistia
1132 1325 1296 1382 dicit.

507 1413 961 1471 Distributionem
993 1415 1280 1471 antecedit.
1316 1414 1722 1471 Communiter
1741 1415 1957 1488 ἡγεῖται
1991 1431 2094 1486 pro

2275 1408 2636 1472 Μεταδόσεως
2724 1412 2958 1488 ἡγεῖται.
3041 1413 3188 1466 Κατὰ
3271 1416 3458 1467 κοινοῦ
3502 1413 3564 1467 τὸ
3619 1414 3859 1487 ἡγεῖται,

437 1506 761 1576 προηγεῖται
785 1503 1064 1575 ponitur;
1097 1506 1253 1576 quod
1286 1506 1543 1576 primum
1570 1509 1798 1576 oportet
1821 1504 2060 1559 sacerdo

2223 1497 2372 1574 ςγουν
2429 1505 2769 1576 προηγεῖταγ
2835 1499 2916 1555 ὅτι
2950 1505 3169 1575 πρῶτον
3221 1497 3304 1556 δεῖ
3345 1502 3436 1557 τὸν
3489 1502 3636 1577 ἱερέα
3691 1521 3855 1574 μετα-

433 1596 553 1648 tem
587 1609 838 1660 sumere,
875 1597 1049 1663 atque
1082 1593 1162 1648 ita
1193 1593 1651 1650 communicare.
1685 1591 1954 1665 Sumptio
1985 1592 2065 1664 igi

2225 1583 2525 1661 ιαμϐάνειν,
2558 1589 2647 1642 καὶ
2706 1588 2849 1643 οὕτω
2911 1587 3277 1662 μεταδιδόναι.
3327 1589 3536 1648 Οὐκοῦν
3568 1594 3602 1659 ὴ
3642 1591 3857 1664 μετοχή

433 1684 532 1736 tur
559 1685 616 1736 et
645 1682 984 1737 communio
1018 1682 1146 1753 ejus
1179 1682 1280 1755 qui
1320 1683 1557 1752 obtulit,
1610 1682 1920 1755 mysticam
1957 1679 2061 1737 reli

2228 1682 2439 1753 λγεῖται,
2489 1678 2578 1732 καὶ
2617 1679 2651 1746 ἡ
2719 1675 3026 1752 μετάληψις
3078 1683 3177 1734 τοῦ
3235 1677 3708 1753 προσκομίσαντος
3763 1684 3860 1748 τῆς

437 1785 692 1844 quorum
723 1770 1201 1826 distributionem
1243 1772 1558 1827 antecedit.

2209 1772 2474 1838 μυστικῆς
2507 1763 2878 1840 διανεμήσεως
2905 1772 3013 1822 τῶν
3047 1765 3279 1825 λοιπῶν.

509 1859 729 1915 Divinis
775 1859 1140 1931 magisteriis.
1173 1861 1416 1926 Qualem
1446 1863 1710 1933 oporteat
1735 1861 2097 1917 sacerdotem
2128 1895 2141 1960 1

513 1965 594 1996 SH-

2278 1859 2407 1916 Ταῖς
2443 1853 2646 1918 ἐνοὲοις
2701 1853 3098 1918 διδασκαλίαις.
3150 1858 3368 1912 Ὁποῖον
3427 1855 3508 1913 δεῖ
3564 1857 3655 1912 τὸν
3714 1854 3859 1932 ἱερέα

2227 1943 2361 1996 ;ίναι.

444 1965 594 2005 6886.

2210 1964 2360 1999 ειναι.

519 2039 626 2108 Qui
655 2049 856 2095 temere
884 2039 1210 2096 abutuntur.
1245 2039 1408 2105 Quod
1432 2039 1516 2096 ait
1534 2043 1623 2096 est
1645 2039 1934 2111 ejusmodi
1961 2056 1974 2094 ε
2024 2037 2099 2094 Ut

2281 2034 2348 2089 Oi.
2424 2033 2726 2108 τολμηρῶς
2806 2032 3276 2111 ἀποκεχρημένοι.
3355 2037 3425 2093 ’Ὀ
3499 2033 3643 2110 λέγει
3700 2034 3865 2091 τοῦτό

442 2128 717 2184 sacerdos
748 2128 848 2200 qui
883 2145 996 2184 non
1029 2129 1256 2200 primus
1290 2130 1444 2201 capit
1475 2147 1544 2186 ea
1573 2147 1698 2201 quae
1729 2129 2074 2200 obtulii,pro

2235 2143 2366 2179 στιν·
2403 2124 2583 2198 ὥσπερ
2615 2127 2643 2180 6
2676 2126 2840 2201 ἰερεὶς
2875 2127 2950 2198 μὴ
2983 2132 3200 2203 πρῶτος
3259 2121 3695 2200 μεταλαμϐάνων
3762 2131 3863 2182 τῶν

442 2217 617 2273 fanus
657 2221 748 2272 est
777 2235 790 2285 ;
851 2216 935 2272 sic
967 2217 1006 2272 ii
1039 2218 1140 2290 qui
1174 2219 1394 2274 audent
1424 2219 1629 2275 docere
1661 2219 1826 2287 alios,
1862 2235 1962 2273 nec
2012 2219 2074 2273 fa

2227 2215 2294 2268 m’
2324 2213 2488 2268 αὐτοῖὶ
2535 2217 3078 2290 προσκομισθέντων,
3127 2215 3341 2290 ἀνίερός
3383 2215 3543 2272 ἐστιν’
3580 2215 3732 2271 οὕτω
3778 2217 3859 2271 καὶ

438 2305 605 2363 ciunt
662 2321 790 2377 qua
848 2307 1080 2377 docent,
1135 2308 1366 2379 profani
1416 2312 1592 2364 sunt:
1627 2308 1958 2364 faciendum
2007 2325 2068 2364 es

2228 2304 2255 2356 υἱ
2287 2300 2602 2377 τολμῶντες
2637 2301 2906 2359 διδάσκειν
2941 2302 3168 2377 ἄλλους,
3205 2306 3281 2378 μή
3334 2305 3664 2379 πράττοντες
3699 2303 3733 2360 ἃ
3785 2302 3860 2359 δι-

434 2394 612 2464 enim,
649 2398 824 2466 atque
873 2396 954 2450 ita
997 2396 1350 2464 docendum,
1383 2398 1710 2452 secundum
1744 2397 1886 2452 illud
1921 2414 1954 2452 a
1983 2402 2062 2452 Do

2237 2393 2509 2462 άσκουσιν,
2568 2392 2772 2468 ἀνίεροί
2829 2394 2952 2448 εἰσι·
3014 2391 3097 2448 δεῖ
3146 2393 3247 2470 γὰρ
3292 2398 3471 2448 ποιεῖν
3509 2437 3522 2462 ,
3571 2394 3664 2449 καὶ
3727 2393 3862 2448 οὕτω

431 2482 592 2539 mino
622 2483 878 2540 dictum:
913 2485 1019 2553 Qui
1042 2487 1235 2556 fecerit
1284 2489 1339 2542 et
1379 2486 1650 2556 docuerit,
1708 2486 1799 2542 hic
1851 2502 2063 2556 magnu

2224 2478 2505 2545 ῖιδάσκειν,
2581 2481 2718 2536 κατὰ
2787 2482 2849 2536 τὸ
2915 2479 3204 2558 είρημένον
3260 2481 3364 2537 ὑπὸ
3385 2485 3433 2518 ³⁸
3482 2486 3581 2538 τοῦ
3631 2481 3856 2558 Κυρίου·

428 2572 841 2646 vocabitur
1043 2555 1049 2556 ⁷
1638 2555 1641 2556 ν
1956 2555 1963 2556 7
2197 2555 2263 2626 Ὀ
2318 2572 2555 2640 ποιήσας
2612 2569 2701 2625 καὶ
2757 2555 2976 2644 διδάξας
3033 2569 3192 2634 οὗτος
3245 2570 3417 2647 μέγας
3494 2555 3857 2643 κληθήσεται.

500 2661 702 2718 Divina
731 2663 1023 2718 sententia.
1057 2662 1262 2719 Divina
1291 2662 1435 2736 lege.

2273 2658 2659 2732 Θεσμοθεσίας.
2700 2662 2809 2716 Τοῦ
2840 2660 2986 2715 θείου
3016 2662 3207 2734 νόμου.

507 2750 734 2808 Minime
763 2752 1107 2808 audendum.
1142 2753 1333 2809 Metue
1363 2753 1622 2810 omnino.

1597 2777 1622 2810 μ,
2272 2748 2350 2803 Οὐ
2379 2748 2712 2822 τολμητέον.
2749 2743 3038 2820 Φοϐήθητι
3068 2752 3229 2806 πάνυ.

504 2841 842 2912 Aptatorem,
875 2846 972 2898 Gr.
1006 2842 1304 2914 ἁρμοστήν.
1341 2843 1398 2898 Id
1429 2847 1518 2900 est
1565 2859 1913 2916 congruum.
1962 2844 2090 2916 Ἀρο

2271 2839 2604 2911 Ἀρμοστὴν.
2666 2839 2952 2895 Τουτέστιν
3009 2837 3278 2915 ἁρμόδιον
3312 2882 3326 2896 .
3373 2839 3694 2915 Ἀρμοστὴν
3752 2836 3861 2895 ἔλε-

438 2931 645 3002 μοστήν
681 2931 954 2988 dicebant
1001 2931 1420 2988 Lacedaemonii
1469 2948 1602 2987 eum
1636 2933 1735 3004 qui
1783 2933 2070 3003 praefectus

2225 2948 2294 2981 νον
2343 2928 2394 2980 οἱ
2457 2924 2898 3000 Λακεδαιμόνιοι,
2951 2929 3044 2982 τὸν
3105 2928 3496 3001 καθιστάμενον
3534 2929 3623 2983 ὑπ’
3688 2929 3857 2984 αὑτῶν

435 3023 559 3074 erat
591 3020 663 3075 ab
696 3019 843 3092 ipsis
875 3019 1120 3076 urbibus
1151 3026 1208 3077 et
1236 3021 1488 3093 oppidis,
1522 3038 1648 3093 quae
1680 3037 1881 3076 eorum
1913 3021 2067 3077 ditio-

2232 3014 2442 3091 ’ρχοντα
2511 3021 2617 3071 τῶν
2700 3017 3069 3090 ὑποκειμένων
3147 3017 3332 3078 αὐτοῖς
3398 3016 3615 3072 πόλεων
3655 3063 3671 3088 ,
3724 3019 3864 3090 παρὰ

434 3111 531 3166 nis
581 3113 768 3178 erant,
829 3111 900 3165 ab
959 3107 1238 3183 ἁρμόζειν,
1297 3110 1354 3165 id
1415 3115 1505 3166 est
1554 3111 1810 3182 aptando
1857 3125 1955 3166 eos
1987 3128 2065 3183 qu

2231 3105 2258 3160 6
2291 3105 2545 3179 ἁρμόζειν
2577 3105 2705 3167 τοὺς
2739 3105 3082 3180 ἀρχομένους
3132 3110 3230 3180 ζῇν
3278 3105 3416 3161 κατὰ
3454 3106 3584 3169 τοὺς
3632 3107 3859 3181 νόμους,

431 3203 662 3273 parent,
709 3203 773 3254 ut
803 3199 997 3256 vivant
1024 3216 1092 3255 ex
1126 3199 1374 3271 legibus.
1428 3199 1573 3254 Hinc
1603 3200 1774 3254 etiam
1811 3199 2060 3274 ἁρμοστῇ

2234 3195 2318 3248 θεν
2364 3193 2453 3248 καὶ
2503 3194 2855 3268 ἀρμοστῆρας
2904 3193 3068 3248 πάλιν
3123 3193 3351 3250 ἐκάλουν
3399 3196 3690 3266 Ἀθηναῖοι
3743 3194 3861 3256 τοὺς

432 3261 529 3363 ρας
581 3261 818 3345 rursum
871 3261 1248 3361 appellabant
1296 3288 1690 3344 Athenienses
1719 3261 1969 3361 eos,lqui

2229 3282 2276 3336 ίς
2306 3283 2368 3337 τὸ
2400 3283 2455 3338 εὗ
2484 3261 3007 3355 ζῆν-διατάττοντας,
3041 3283 3116 3345 ὡς
3150 3287 3334 3361 σαφῶς
3368 3261 3595 3339 Πλάτων
3625 3284 3654 3338 6
3690 3303 3857 3356 κωμι-

428 3378 580 3434 bene
610 3377 921 3434 vivendum
955 3376 1101 3433 alios
1135 3377 1470 3448 dirigebant
1497 3395 1510 3436 :
1564 3381 1628 3432 ut
1659 3377 1830 3450 plane
1860 3378 1999 3432 dicit
2027 3378 2060 3432 ἱι

2233 3372 2292 3434 ὸς
2324 3369 2495 3442 δηλοῖ
2519 3371 2572 3427 ἐν
2604 3367 2866 3446 Πρέσϐεσι
2898 3375 2976 3443 τῷ
3007 3369 3264 3448 δράματι.
3301 3371 3400 3427 Καὶ
3433 3373 3661 3427 ἐνταῦθα
3690 3373 3863 3427 τοίνυν

425 3469 694 3524 dramate
737 3467 957 3537 Legatis
1011 3467 1170 3524 Plato
1202 3467 1487 3523 comicus.
1533 3467 1650 3523 Hoc
1679 3467 1862 3539 igitur
1909 3467 2057 3524 etian

2227 3463 2501 3536 ιρμοστήν,
2527 3461 2619 3516 τὸν
2654 3459 2895 3537 ἅρχονια
2922 3467 3024 3530 τῆς
3074 3457 3404 3532 Ἐκκλησίας
3452 3460 3753 3518 ἐπίσκοπον
3786 3461 3859 3517 oi-

426 3556 554 3613 loco
583 3556 900 3629 Dionysius
934 3556 1216 3631 ἁρμοστήν
1242 3556 1581 3629 episcopum
1625 3556 1894 3613 Ecclesiae
1925 3558 2056 3629 prin

1022 3558 1216 3626 ιοστήν
1242 3556 1581 3629 episcopum
1625 3556 1894 3613 Ecclesiae
1925 3558 2086 3629 prin-
2195 3551 2353 3612 κείως
2384 3550 2654 3624 ὠνόμασε.

433 3647 625 3718 cipem
664 3645 898 3717 proprie
924 3644 1271 3701 nominavit.

505 3735 780 3803 Quoniam
810 3736 912 3807 qui
938 3739 1148 3791 sancta.
1191 3733 1338 3790 Nota
1370 3733 1512 3805 quid
1543 3733 1622 3790 sit
1652 3732 1892 3803 Gustaze,
1922 3741 1974 3790 et
2001 3734 2088 3790 υἰ-

2266 3728 2348 3800 Τῇ
2375 3728 2480 3801 γὰρ
2510 3727 2648 3799 ἱερᾷ,
2706 3725 3023 3801 Σημείωσαι
3062 3725 3117 3782 τί
3148 3726 3259 3784 ἐστι
3290 3725 3374 3782 τό·
3407 3726 3713 3792 Γεύσασθαι
3769 3725 3855 3784 καὶ

433 3823 551 3882 dete
573 3825 657 3896 (t).

2196 3811 2357 3872 ἴδετε.

1058 3930 1131 3986 ΙΝ
1171 3930 1324 3986 CAP.
1370 3929 1463 3985 IV.

2711 3924 2822 3979 ΕΙΣ
2865 3925 2953 3979 ΤΟ
2993 3923 3258 3981 ΚΕΦΑΛ.
3301 3925 3352 3978 Δ¹

507 4042 534 4108 §
565 4043 608 4094 Ι.
641 4039 750 4094 Hoc
776 4038 935 4094 modo
965 4038 1034 4093 ad
1065 4038 1210 4093 illud
1241 4053 1435 4092 unum.
1475 4036 1593 4092 Hoc
1623 4040 1734 4102 est,
1768 4036 1839 4091 ad
1872 4034 2087 4092 intelli-

2269 4035 2296 4100 §
2328 4032 2372 4086 Ι.
2406 4027 2559 4084 Οὕτω
2592 4030 2728 4104 πρὸς
2756 4030 2818 4084 τὸ
2847 4026 2922 4089 ἓν.
2957 4033 3208 4086 Τουτὲστι
3242 4031 3378 4106 πρὸς
3405 4032 3468 4086 τὸ
3513 4031 3720 4102 νοητὸν
3769 4032 3855 4087 καὶ

431 4127 613 4201 gibile
643 4131 701 4182 et
729 4127 1058 4198 spiritualc.

949 4127 1058 4182 ale.
2196 4117 2581 4190 πνευματικόν.

503 4217 640 4273 Cum
695 4216 875 4272 odoris
930 4217 1246 4286 fragrantia
1303 4218 1685 4286 processione.
1747 4220 1891 4285 Pro,
1951 4232 2085 4270 cum

2267 4207 2518 4280 Εὐόσμου
2573 4213 2950 4282 περιαγωγῆς.
3005 4207 3152 4265 Ἀντὶ
3201 4212 3298 4263 τοῦ
3329 4210 3698 4284 θυμιάσαντος
3755 4214 3847 4267 τοῦ

427 4306 740 4377 episcOpus
771 4306 961 4358 totum
990 4303 1278 4374 templum
1311 4304 1572 4359 incensis
1615 4304 1895 4360 odoribus
1926 4319 2056 4359 com

1528 4304 1572 4358 is
1615 4304 1895 4360 odoribus
1926 4319 2086 4359 com-
2195 4295 2490 4351 ἐπισκόπου
2521 4300 2692 4351 πᾶσαν
2720 4296 2816 4364 τὴν
2852 4294 3160 4366 ἐκκλησίαν.

427 4393 690 4465 pleverit.

500 4482 806 4540 Canticum.
865 4481 1076 4554 Ἄγιος,
1127 4481 1185 4536 id
1218 4486 1310 4538 est
1339 4482 1614 4549 Sanctus,
1666 4480 1926 4550 scilicet;
1986 4485 2084 4538 aut

2265 4474 2607 4550 Μελῴδημα.
2668 4476 2746 4533 Τὸ
2771 4477 2964 4551 ’Ἄγιος
2997 4472 3273 4548 δηλονότι,
3332 4478 3367 4546 ἣ
3420 4477 3510 4533 καὶ
3551 4479 3616 4534 τὸ
3650 4477 3854 4552 Ἀλλη-

436 4569 703 4626 Alleluia.

2132 4587 2139 4593 '
2195 4567 2376 4624 λοόϊα.

501 4662 566 4715 Et
593 4674 760 4730 super
788 4659 985 4716 eo.Per
1013 4658 1212 4731 ipsum
1242 4659 1400 4715 enim
1435 4675 1608 4714 omne
1636 4661 1789 4731 quod
1817 4665 2084 4716 sanctum
2117 4632 2133 4697 Ῑ

2266 4657 2364 4712 Καὶ
2412 4657 2511 4724 τήν
2566 4655 2648 4710 ἐπ’
2703 4655 2868 4727 αὐτῷ.
2904 4655 2983 4710 Δι’
3012 4653 3177 4710 αὐτοῦ
3220 4655 3324 4733 γὰρ
3365 4655 3502 4714 ’ἁπαν
3555 4659 3712 4734 ἅγιον
3764 4681 3849 4715 τε-

428 4753 518 4804 est
550 4747 870 4819 perﬁcitur.

826 4765 870 4803 ι’.
2196 4745 2458 4817 λειοῦται,

500 4839 598 4894 Ill.
633 4836 663 4909 §
696 4838 737 4891 Ι.
773 4836 1009 4892 Sanctis.
1043 4835 1342 4892 Notavere
1360 4837 1626 4892 divinum
1658 4837 1898 4892 verbum
1927 4839 2082 4909 quod

2267 4837 2359 4892 III.
2393 4839 2420 4904 ἕ
2451 4835 2493 4891 l.
2527 4837 2658 4895 Τοῖς
2681 4834 2848 4906 ἱεροῖς
2882 4839 2958 4903 Ση
2972 4831 3198 4905 μείωσαι
3227 4831 3452 4904 ἀληθῶς
3483 4838 3629 4899 θεῖον
3662 4833 3849 4911 λόγον,

425 4929 654 4997 oportet
684 4925 915 4980 divinos
948 4924 1100 4981 viros
1132 4922 1392 4980 occultas
1423 4923 1638 4981 habere
1668 4942 1700 4981 a
1731 4943 1878 4982 vana
1897 4927 2057 4998 glori:

2217 4923 2275 4980 ἷτι
2309 4921 2390 4978 δεῖ
2444 4923 2570 4984 τοὺς
2628 4924 2805 4986 θείους
2853 4919 3050 4996 ἄνδρας
3095 4920 3513 4997 κεκαλυμμένας
3564 4921 3713 5000 ἔχειν
3749 4925 3849 4980 ἀπὸ

421 5014 656 5070 virtutis
691 5014 973 5070 actiones.

2192 5011 2350 5084 δόξης
2383 5019 2542 5082 κενῆς
2575 5011 2670 5075 τὰς
2698 5018 2798 5081 τῆς
2827 5011 3026 5086 ἀρετῆς
3055 5011 3294 5087 πράξεις.

494 5102 890 5170 Simulacrum,
925 5102 1018 5157 Gr.
1053 5097 1296 5174 ἄγαλμα.
1331 5103 1553 5174 Imago.

1135 5098 1296 5173 κλμα.
1331 5103 1553 5174 Imago.
2259 5101 2438 5178 "A700.
2449 5123 2540 5176 μα.
2571 5101 2767 5158 Εἶκών.

491 5190 550 5245 Si
578 5190 662 5259 fas
687 5197 787 5260 est,
819 5193 917 5244 Gr.
951 5186 996 5241 εἰ
1029 5188 1206 5261 θέμις.
1241 5190 1298 5246 Si
1323 5192 1581 5263 justum.

1242 5190 1298 5246 Si
1323 5192 1581 5263 justum.
2258 5191 2321 5247 Et
2351 5192 2524 5264 θέμις.
2559 5189 2618 5245 Εἰ
2644 5187 2874 5248 δίκαιον.

485 5281 548 5334 In
579 5279 842 5349 imagine.
877 5277 996 5334 Etsi
1019 5279 1399 5337 immutatam
1423 5286 1599 5352 atque
1620 5283 1780 5338 omni
1812 5299 1881 5338 ex
1911 5286 2076 5356 parte

2257 5284 2347 5340 ’Ev
2375 5284 2445 5346 τῆ
2475 5277 2665 5336 εῗκόνι.
2698 5278 2761 5336 Εἰ
2802 5277 2892 5333 καὶ
2948 5277 3012 5334 τὸ
3054 5275 3479 5356 ἀπαράλλακτον
3526 5281 3617 5335 καὶ
3662 5281 3841 5354 πάντῃ

486 5445 558 5518 (s)
592 5445 802 5501 Matth.
835 5461 892 5514 ν,
927 5446 1014 5502 49.
1093 5450 1157 5517 (t)
1189 5447 1340 5504 Psal.
1371 5465 1575 5518 xxxm,
1607 5450 1662 5504 9.

1440 5625 1677 5681 νΑΒΙίΕ
1719 5625 2106 5684 LECTIONES
2144 5628 2235 5686 ET
2273 5623 2826 5685 CORRECTIONES.

490 5720 536 5755 "
566 5717 731 5796 παρὰ.
