4134 6392
344 411 453 467 153
1118 410 1176 462 S.
1218 406 1490 460 MAXIMI
1529 403 1838 459 SCBOLIA
1874 405 1948 458 IN
1987 403 2121 458 LIB.
2159 404 2256 457 DE
2293 405 2582 460 ECCLES.
2621 406 3017 460 HIERARCH.
3677 409 3781 465 154

343 532 553 609 ὅμοιον
611 527 729 607 ἔχει
762 532 798 600 ἡ
835 529 995 585 εἰκὼν
1058 527 1191 604 πρὸς
1247 526 1312 582 τὸ
1343 526 1674 602 ἀρχέτυπον,
1703 522 1832 579 ἀλλ’
1859 524 1894 593 ἡ
1929 521 2010 578 ού-

2141 526 2446 598 perfectam
2496 527 2945 584 similitudinem
2991 529 3168 584 habet
3213 529 3430 602 imago,
3462 531 3533 587 ad
3577 547 3781 589 exem-

347 623 463 693 σία,
499 621 657 700 φησὶ,
692 617 962 694 διάφορος
993 636 1006 651 ⁸
1041 619 1077 686 ἡ
1115 616 1209 690 μὲν
1235 614 1336 691 γὰρ
1370 611 1585 700 ἄψυχος
1619 632 1632 645 °
1664 613 1726 668 τὸ
1758 611 1816 668 δὲ
1841 610 2010 700 ἔμψυ-

2141 615 2282 672 )lar:
2313 619 2409 674 78
2433 623 2629 674 tamen
2652 617 2964 674 dissimilis
2987 622 3096 690 est,
3119 619 3334 690 inquit,
3359 621 3648 690 essentia;
3677 621 3779 680 illa

355 733 463 790 χον
500 699 519 745 ’⁷
545 711 637 765 καὶ
668 709 733 765 τὸ
767 710 862 782 μὶν
897 705 1160 777 ἀληθινὸν
1205 708 1344 774 ζῶον
1395 699 1635 776 ἔμπνοῦν
1668 721 1680 735 ’
1719 702 1784 758 τὸ
1834 699 1891 757 δὲ
1917 705 2010 756 τοῦ

2141 706 2278 762 inim
2311 706 2651 778 inanimata,
2683 707 2793 764 hoc
2822 723 2956 764 vero
2989 708 3347 777 animatum;
3398 713 3455 764 et
3500 710 3610 767 hoc
3641 710 3776 783 qui-

348 799 645 878 ζωγράφου
676 797 835 873 ἔργον
861 796 922 852 ἐκ
951 799 1126 871 κηροῦ
1154 793 1244 849 καὶ
1275 791 1594 878 χρωμάτων
1624 794 1671 828 ³⁵
1703 811 1716 824 ·
1750 790 1802 846 ἐν
1833 790 2010 862 τούτῳ

2141 796 2255 850 lem
2287 812 2488 852 verum
2521 795 2737 853 animal
2769 795 3121 868 animatum,
3155 795 3258 852 illa
3289 800 3482 854 autem
3532 799 3776 870 pictoris

343 891 538 946 τοίνυν
596 891 699 958 τῆς
759 883 1023 961 διαφορᾶς
1081 877 1490 958 θεωρουμένης,
1547 883 1583 950 ἡ
1635 879 1901 950 ταυτότης
1959 878 2010 933 έν

2141 901 2272 958 ιρυε
2301 901 2368 940 ex
2401 902 2532 942 cera
2561 890 2618 941 et
2647 885 2961 944 coloribus.
2982 886 3128 942 Cum
3163 885 3348 958 igitur
3378 888 3437 942 in
3472 887 3582 944 hoc
3611 889 3780 945 diﬁc-

354 979 700 1057 ἀμφοτέροις
729 979 799 1051 τῇ
831 973 1123 1048 ὁμοιότητι
1157 970 1444 1047 διάφορος.

2141 975 2312 1030 ’θοίίε
2341 976 2874 1044 cernatur,diversa
2903 979 2994 1031 est
3027 975 3420 1033 similitudine
3448 975 3508 1032 in
3531 981 3782 1050 utroque

2121 1068 2188 1120 ut
2215 1063 2299 1120 ita
2328 1065 2519 1121 dicam
2551 1064 2852 1121 identitas.

2195 1155 2504 1225 Impressio,
2538 1154 2636 1210 Gr.
2675 1149 2931 1226 i’vBalpa.
2965 1153 3317 1211 Similitudo.

2193 1242 2402 1299 Merito.
2438 1244 2525 1299 Ad
2557 1243 2816 1299 divinam
2849 1243 3355 1315 pulchritudinem
3384 1244 3622 1302 scilicet.

2194 1337 2488 1403 Farmant,
2522 1333 2620 1389 Gr.
2654 1329 2846 1408 δρῶσι.
2880 1332 3146 1389 Faciunt.
3627 1403 3629 1405 ι

2197 1423 2263 1480 Ut
2291 1423 2604 1480 videantur.
2638 1423 2808 1488 Nota,
2841 1423 3144 1494 quomodo
3206 1423 3475 1494 accipiat,
3510 1440 3626 1479 non
3658 1440 3790 1480 esse

419 1159 498 1214 Ἵν
508 1153 612 1212 δαλ
623 1175 716 1228 μα.
749 1150 1068 1228 Ὁμοίωμα.

416 1246 690 1306 Εἰκότως.
722 1243 866 1318 Πρὸς
891 1241 956 1297 τὸ
987 1245 1132 1306 θεῖον
1164 1237 1374 1301 κάλλος
1407 1234 1704 1308 δηλονότι.

419 1339 628 1410 Δρῶσι.
657 1333 1015 1408 Πράττουσιν.

425 1425 525 1486 Εἲς
585 1423 650 1478 τὸ
705 1424 984 1491 θεαθῆναι.
1019 1416 1362 1492 Σημείωσαι,
1395 1419 1512 1477 πῶς
1563 1409 1896 1488 ἐκλαμϐάνει
1951 1415 2015 1470 τὸ

353 1515 435 1588 μή
471 1511 588 1568 δεῖν
618 1514 780 1586 ἡμῶν
812 1509 910 1572 τὰς
943 1507 1196 1570 εὐποιίας
1226 1505 1610 1579 ἒκπομπεύειν.

2141 1528 2157 1566 ι
2186 1510 2355 1566 nobis
2387 1510 2580 1583 palam
2613 1511 2987 1582 praedicanda
3020 1515 3177 1566 recte
3217 1511 3372 1567 facta
3402 1515 3625 1568 nostra.

421 1602 579 1661 Εἰσὶν
633 1597 887 1662 εὐωδίας.
932 1598 1217 1653 Τουτέστιν
1248 1613 1260 1629 ·
1315 1595 1342 1650 ὁ
1405 1593 1535 1658 Θεός
1598 1596 1774 1665 (τοῦτο
1830 1591 1934 1669 γὰρ
1978 1596 2010 1663 ἡ

2195 1599 2336 1655 Sunt
2361 1600 2491 1656 boni
2517 1600 2718 1655 odoris.
2769 1600 2884 1655 Hoc
2933 1604 3058 1656 est:
3113 1599 3289 1669 Deus,
3328 1600 3438 1657 hoc
3485 1601 3645 1658 enim
3695 1601 3786 1657 bo-

343 1687 595 1762 εύωδία),
655 1690 719 1744 τὸ
779 1684 1004 1758 ἀληθῶς
1053 1685 1222 1741 καλὸν
1282 1683 1372 1761 ἀφ’
1428 1684 1625 1738 ἑαυτοῦ
1683 1685 1883 1753 ποιῶν,
1939 1681 2010 1744 εἷς

2141 1705 2228 1745 ius
2255 1689 2406 1758 odor,
2439 1689 2593 1761 quod
2624 1703 2758 1744 vere
2789 1689 3008 1745 bonum
3040 1705 3074 1744 a
3105 1705 3166 1745 se
3210 1689 3339 1761 ipso
3395 1689 3656 1759 faciens;
3707 1691 3781 1747 ad

351 1783 591 1842 ἅπαντας
647 1777 748 1833 οὐκ
807 1776 1205 1852 ἐπιστρέφεται,
1265 1773 1539 1828 τουτέστιν
1612 1771 1674 1826 ού
1745 1771 2010 1848 φροντίζει

2141 1795 2331 1836 amnes
2361 1795 2477 1834 non
2510 1777 2886 1846 convertitur,
2909 1779 2965 1832 id
2990 1781 3232 1845 est,non
3266 1782 3434 1834 curat
3463 1779 3622 1835 inani
3655 1779 3784 1851 glo-

355 1863 653 1938 κενοδόξως
681 1867 791 1920 τῶν
847 1863 924 1938 μή
976 1859 1407 1938 ἀποδεχομένων
1460 1858 1568 1915 ἔσθ’
1598 1859 1690 1915 ὅτε
1736 1858 1833 1922 τὰς
1889 1859 2010 1934 παρ1

2141 1869 2216 1926 ria
2243 1870 2456 1924 ductus
2483 1867 2716 1940 eos,qui
2739 1867 3056 1940 aliquando
3087 1884 3203 1924 non
3235 1867 3573 1941 suscipiunt
3597 1868 3786 1942 ipsius

355 1955 516 2011 αὐτοῦ
545 1953 778 2032 κρίσεις,
814 1950 941 2008 ούδὶ
987 1949 1296 2023 ἐπιτηδεύει
1342 1947 1498 2024 δόξαν
1547 1945 1694 2025 ἔχειν
1739 1949 1886 2025 παρὰ
1924 1948 2010 2002 ἀν-

2141 1960 2382 2029 iecreta,
2418 1973 2608 2030 neque
2639 1957 2836 2013 studet
2883 1956 3132 2029 gloriam
3177 1957 3249 2013 ab
3296 1957 3629 2014 hominibus
3675 1957 3786 2015 ha-

354 2045 569 2120 θρώποι
578 2064 602 2105 ς
613 2089 626 2100 .

2141 2049 2287 2106 bere.

425 2139 453 2204 ἒ
484 2136 558 2191 ΙΙ.
592 2133 684 2197 Ὠς
713 2129 981 2209 κρυφίων.
1022 2126 1304 2192 Πολλάκις
1336 2128 1388 2184 έν
1419 2132 1498 2200 τῷ
1529 2125 1659 2203 Περὶ
1710 2128 1869 2182 θείων
1904 2126 2010 2181 ὀνο-

2200 2135 2230 2209 §
2263 2135 2334 2192 II.
2372 2137 2560 2207 Utpotc
2586 2135 2835 2191 arcanis.
2869 2133 3032 2207 Saepe
3063 2134 3122 2190 in
3154 2134 3306 2192 libro
3334 2139 3413 2192 De
3440 2135 3646 2192 divinis
3675 2151 3780 2193 no-

353 2223 546 2297 μάτων
578 2219 1040 2294 έδηλώσαμεν,τί
1063 2217 1259 2290 νοητὸν
1291 2219 1381 2272 καὶ
1407 2217 1460 2272 τί
1489 2217 1699 2290 νοερόν.
1732 2220 1900 2272 Τοῦτο
1926 2215 2010 2270 οὖν

2141 2225 2368 2281 minibus
2400 2223 2844 2296 explanavimus
2872 2224 3012 2296 quid
3046 2224 3125 2280 sit
3152 2223 3370 2294 νοητόν,
3403 2229 3462 2281 et
3491 2225 3631 2298 quid
3661 2244 3783 2278 νοε-

347 2312 442 2368 καί
475 2311 710 2375 ἐνταῦθά
752 2331 941 2386 φησιν,
976 2309 1059 2364 ὅτι
1112 2313 1192 2380 τῶ
1245 2307 1548 2380 έπισκόπῳ,
1585 2305 1721 2382 ἁγίῳ
1779 2302 1913 2372 ὄντι,
1945 2304 2010 2369 ὠς

2141 2311 2244 2382 >όν,
2278 2314 2334 2369 id
2368 2318 2457 2370 est
2488 2313 2861 2386 intelligibile
2917 2318 2975 2369 et
3027 2313 3386 2386 intelligens.
3425 2316 3540 2370 Hoc
3598 2314 3782 2388 igitur

345 2406 606 2478 συγγενεῖ
632 2404 731 2455 τοῦ
763 2397 912 2464 θείου
961 2397 1141 2478 φωτὸς
1194 2395 1568 2452 ἀποκαλύπτει
1601 2397 1628 2451 ὁ
1661 2397 1810 2465 Θεὸς,
1844 2393 1906 2450 οὗ
1952 2392 2010 2449 δι¹

2141 2404 2306 2460 etiam
2330 2403 2424 2458 hic
2454 2403 2597 2459 dicit
2625 2404 2782 2475 quod
2807 2402 3105 2476 episcopo,
3139 2409 3340 2460 sancto
3366 2403 3693 2468 exsistenti,
3714 2407 3782 2460 ut

341 2491 539 2567 ἑτερου
575 2486 933 2561 διδασκάλου,
965 2486 1092 2543 ἀλλ’
1124 2487 1284 2549 αὐτὸς
1317 2484 1478 2542 αὑτὸν
1519 2484 1795 2563 φωτίζων,
1824 2485 1887 2539 τὸ
1923 2506 2010 2558 μυι

2141 2492 2500 2549 Iﬂinidivini
2525 2492 2772 2549 luminis
2802 2491 3018 2548 revelat
3067 2493 3243 2560 Deus,
3278 2509 3392 2548 non
3445 2509 3548 2565 per
3596 2491 3780 2548 alium

348 2582 586 2655 πήριον
616 2585 717 2649 τῆς
762 2579 994 2652 θεωρίας
1042 2576 1131 2633 καὶ
1181 2581 1278 2632 τοῦ
1333 2575 1509 2651 μύρου
1543 2595 1556 2606 ·
1592 2572 1678 2630 διὸ
1736 2573 1884 2647 αὐτῷ
1937 2578 2010 2646 τῷ

2141 2586 2566 2653 ρτωοθρῒοιυοω,
2616 2581 2717 2637 sed
2770 2581 2895 2654 ipse
2940 2581 3141 2653 ipsum
3187 2579 3516 2650 illustrans,
3565 2584 3780 2652 myste-

341 2668 639 2742 έπισκόπῳ
690 2669 755 2723 οὐ
812 2665 1114 2741 περίκειναι
1169 2665 1441 2739 κάλυμμα
1489 2663 1625 2720 κατὰ
1691 2667 1788 2719 τοῦ
1869 2661 2010 2727 θείου

2141 2670 2276 2726 rium
2313 2669 2826 2743 contemplationis
2857 2673 2915 2726 et
2947 2669 3276 2740 unctionis;
3308 2686 3488 2742 quare
3511 2669 3625 2743 ipsi
3659 2668 3784 2741 epi-

344 2759 530 2834 μύρου
586 2761 653 2827 ³⁸,
686 2754 814 2813 ἀλλ’
843 2755 1350 2829 ἀνακεκαλυμμένῳ
1397 2757 1682 2831 προσώπῳ
1737 2752 1874 2808 κατὰ
1923 2753 2010 2807 τὸν

2141 2776 2299 2832 Icopo
2331 2776 2445 2816 non
2479 2759 2856 2830 circumjecet
2884 2759 3081 2815 velum
3113 2759 3172 2814 in
3203 2759 3401 2816 divino
3432 2763 3735 2833 unguento
3763 2782 3780 2828 ;

345 2845 701 2905 ’Δπόστολον
726 2849 921 2922 θεωρεῖ
948 2845 1015 2900 τὰ
1048 2847 1321 2919 μυστήρια
1345 2865 1358 2879 ο
1391 2849 1508 2906 τοῖς
1539 2841 1596 2898 δε
1637 2844 1712 2917 μὴ
1760 2841 2010 2911 τελείοις,

2141 2849 2225 2909 sed
2259 2848 2510 2904 revelata
2542 2847 2687 2903 facie
2712 2849 3033 2904 secundum
3055 2847 3399 2920 Apostolum
3419 2847 3782 2920 contempla-

350 2937 524 3014 χρεία
574 2931 895 3011 συμϐόλων·
953 2933 1037 2990 διὸ
1066 2940 1187 3000 ταῖς
1213 2934 1431 3011 πτέρυξι
1462 2933 1882 3008 κεκαλυμμένον
1933 2932 2010 3008 γί-

2141 2957 2220 2994 .ur
2235 2937 2510 3011 mysteria
2529 2937 2634 3010 (u);
2653 2954 2764 2992 non
2785 2937 3056 3009 perfectis
3069 2941 3443 3010 autem,opus
3457 2940 3548 2993 est
3563 2937 3776 3010 signis;

345 3049 501 3083 νεται
531 3028 597 3082 τὸ
625 3028 776 3103 ἅγιον
813 3025 984 3100 μύρον
1016 3029 1113 3080 τοῦ
1145 3029 1280 3080 Θεοῦ
1312 3021 1402 3078 διὰ
1447 3028 1549 3078 τοῦ
1602 3024 1868 3099 ἱεράρχου
1921 3043 2010 3095 με-

2147 3029 2254 3084 deo
2287 3027 2395 3084 alis
2427 3026 2681 3083 velatum
2710 3031 2801 3082 est
2831 3027 3097 3082 divinum
3130 3031 3502 3099 unguentum
3536 3042 3640 3099 per
3663 3026 3783 3098 epi-

341 3122 579 3178 σοῦντος
610 3115 690 3178 εἷς
721 3116 788 3170 τὰ
815 3114 952 3187 πρὸς
984 3115 1110 3169 Θεὸν
1143 3112 1236 3168 καὶ
1284 3113 1376 3168 τὸν
1439 3110 1595 3182 λαὸν,
1627 3111 1717 3168 καὶ
1776 3110 1866 3168 διὰ
1912 3118 2010 3181 τῆς

2141 3135 2367 3190 scopum
2401 3122 2765 3189 sequestrem
2798 3117 2950 3172 inter
2981 3116 3166 3172 Deum
3198 3121 3255 3172 et
3285 3117 3662 3188 populum,et
3683 3132 3783 3187 per

339 3205 646 3283 ἑρμηνείας
716 3203 1125 3266 ἀκαλύπτοντος
1177 3204 1244 3258 τά
1302 3198 1577 3276 σύμϐολα.
1637 3200 1904 3288 Θεωροὸς.
1958 3199 2010 3256 δὲ

2141 3207 2566 3280 :xplicationem
2601 3206 2913 3262 revelantis
2947 3206 3139 3279 signa.
3174 3204 3422 3279 Θεωρούς
3449 3222 3587 3262 vero
3617 3209 3785 3261 vocat

337 3281 505 3352 καλεῖ
531 3293 663 3356 τοὺς
691 3291 1041 3360 ἐπισκόπους,
1095 3289 1286 3361 ἐπειδή
1318 3292 1408 3346 καὶ
1439 3293 1568 3368 παρ’
1597 3289 1837 3362 Ἕλλησι
1871 3281 2010 3355 θεω-

2141 3295 2460 3368 apiscopos;
2486 3295 2622 3367 quia
2641 3296 2818 3352 etiam
2847 3295 3003 3366 apud
3035 3295 3265 3352 Gracos
3295 3292 3546 3367 gentiles
3579 3292 3782 3368 θεωροί

339 3387 429 3462 ροί
455 3383 756 3440 ἐκαλοῦντο
787 3384 839 3438 οἱ
871 3378 1322 3458 προϐαλλόμενοι
1354 3383 1502 3457 παρά
1532 3382 1749 3436 πάντων
1807 3379 2006 3454 ἐπερω-

335 3479 437 3546 τᾷν
468 3476 566 3530 τὸν
596 3473 726 3528 Θεὸν
758 3471 884 3548 περὶ
921 3469 1265 3545 μελλόντων,
1297 3470 1386 3525 καὶ
1418 3469 1605 3531 θυσίας
1643 3470 1774 3544 ὑπὲρ
1832 3468 2006 3523 αὐτῶν

335 3562 696 3640 προσφέρειν,
729 3563 817 3617 καὶ
857 3558 1194 3632 ὲξιλεοῦσθαι
1257 3560 1390 3636 ὑπὲρ
1451 3558 1650 3617 αὐτῶν.
1680 3557 2007 3631 ’Δνομοίους

341 3650 404 3708 δὶ
432 3651 596 3707 καλεῖ
622 3650 752 3714 τοὺς
785 3649 998 3711 ἀτελεῖς
1024 3647 1122 3704 τοῦ
1155 3648 1293 3705 λαοῦ
1318 3667 1329 3679 ·
1363 3652 1525 3703 τοῦτο
1555 3647 1654 3722 γὰρ
1687 3647 1834 3720 αὐτῷ
1862 3641 2004 3711 ἔθος.

346 3738 509 3813 ἷΟὗδὶ
558 3739 665 3817 γὰρ
723 3736 1128 3811 ἀποκρύπτεται
1181 3736 1312 3800 τοὺς
1365 3734 1612 3811 νοεροὺς,
1640 3734 1768 3792 ἀλλ’
1795 3736 2006 3815 ἀφανής

349 3830 458 3885 ἐστι
486 3834 604 3885 τοῖς
640 3825 931 3906 βιϐλίοις.]

410 3919 789 3996 Αἰνιγμάτων.
850 3919 928 3972 Δι’
984 3915 1320 3991 αἰνιγμάτων
1404 3913 1504 3991 γὰρ
1560 3916 1652 3971 καὶ
1709 3909 2003 3988 συμϐόλων

335 4009 479 4084 πρὸς
505 4011 608 4079 τήν
641 4008 846 4063 ἑαυτῶν
875 4005 1148 4061 ἀσθένειαν
1197 4007 1350 4061 αὗται
1405 4006 1461 4060 αἱ
1505 4005 1681 4076 τάξεις
1735 4005 2004 4083 φωτίζον-

330 4119 450 4154 ται.

405 4191 437 4258 §
470 4192 573 4243 III.
611 4191 723 4255 Τῆς
776 4188 884 4240 τῶν
941 4185 1297 4260 ἱεραρχικῶν.
1329 4180 1549 4238 Τελειοῖ
1573 4183 1675 4260 γὰρ
1723 4183 1898 4238 πάντα
1940 4184 2004 4238 τὸ

332 4283 488 4342 θεῖον
545 4274 715 4352 μύρον
766 4273 1181 4349 ἐπιχριόμενον,
1228 4271 1407 4347 ὥσπερ
1465 4275 1499 4342 ἡ
1549 4271 1856 4347 μετάληψις
1904 4277 2003 4328 τοῦ

331 4368 497 4444 ἁγίου
528 4366 790 4440 σώματος
819 4363 910 4419 καὶ
939 4361 1195 4437 αἵματος.

406 4458 540 4514 Τῶν
574 4454 753 4511 θείων.
787 4453 990 4516 Ηάντες
1023 4454 1126 4528 γὰρ
1156 4454 1208 4508 o't
1241 4449 1668 4526 εύωδιαζόμενοι
1720 4459 1820 4523 τῆς
1856 4451 2000 4516 θείας

333 4551 614 4621 μυστικῆς
643 4541 878 4606 εὐωδίας
914 4537 1423 4618 μεταλαμϐάνουσιν
1453 4541 1756 4617 ἀναλόγως.

2117 3383 2570 3456 appellabantur
2599 3384 2698 3456 qui
2731 3383 3012 3456 propositi
3043 3387 3213 3440 erant
3251 3383 3325 3439 ab
3374 3383 3674 3446 omnibus,
3711 3387 3778 3438 ut

2112 3473 2732 3546 interrogarentDeum
2768 3473 2839 3528 de
2873 3473 3110 3539 futuris,
3134 3475 3193 3528 et
3223 3471 3449 3528 hostias
3480 3487 3585 3541 pro
3628 3469 3779 3542 ipsis

2115 3563 2410 3628 offerrent,
2429 3565 2486 3617 et
2518 3561 2839 3634 propitium
2871 3561 3187 3616 redderent
3214 3575 3391 3633 super
3421 3560 3604 3631 ipsos.
3623 3557 3778 3614 ’Avo-

2119 3648 2309 3724 μοίους
2344 3655 2539 3707 autem
2571 3653 2739 3706 vocat
2769 3650 2970 3706 minus
3003 3649 3292 3722 perfectos
3321 3648 3381 3704 in
3415 3646 3632 3721 populo
3659 3665 3672 3715 ;
3723 3646 3776 3704 is

2115 3741 2272 3798 enim
2304 3741 2355 3797 ei
2389 3756 2519 3797 mos
2544 3743 2654 3797 est.
2688 3739 2833 3813 [Non
2862 3742 3014 3797 enim
3069 3739 3201 3796 latet
3250 3739 3641 3811 intelligent“,
3672 3737 3776 3794 sed

2112 3833 2374 3888 obscurus
2402 3834 2482 3886 est
2514 3829 2572 3884 in
2610 3829 2817 3900 libris.]

2186 3919 2394 3988 Quibus
2450 3920 2646 3990 signis,
2694 3918 2792 3976 Gr.
2847 3914 3209 3991 αἲνιγμάτων.
3271 3917 3377 3973 Per
3433 3915 3774 3989 aenigmata,

2114 4009 2329 4081 inquit,
2361 4013 2416 4064 et
2448 4007 2614 4080 signa
2645 4007 2703 4063 hi
2736 4007 2973 4063 ordines
2998 4006 3444 4064 accommodate
3467 4007 3539 4062 ad
3570 4021 3774 4063 eorum

2116 4097 2522 4154 inﬁrmitatem
2554 4096 2948 4152 illustrantur.

2183 4186 2213 4260 §
2246 4187 2340 4242 III.
2366 4185 2843 4242 Hierarchiaru-m.
2864 4184 3094 4241 Perficit
3108 4183 3266 4240 enim
3284 4182 3484 4240 omnia
3502 4183 3768 4240 divinum

2112 4280 2477 4348 unguentum
2492 4291 2625 4330 cum
2639 4273 3492 4346 eﬂ'unditur,quemadmodum
3504 4273 3769 4346 sumptio

2111 4365 2298 4423 sancti
2330 4364 2593 4437 corporis
2623 4367 2680 4420 et
2709 4363 3042 4436 sanguinis.
3308 4349 3318 4359 ’

2183 4457 2533 4512 Divinarum.
2566 4454 2783 4510 Omnes
2816 4453 2974 4510 enim
3005 4453 3158 4509 bono
3193 4454 3292 4509 74
3318 4453 3495 4510 odore
3525 4451 3768 4524 perfusi,

2111 4544 2294 4600 divini
2325 4560 2391 4600 ac
2421 4541 2654 4616 mystici
2705 4542 2903 4599 odoris
2953 4543 3268 4613 suavitate,
3299 4557 3404 4613 pro
3453 4544 3628 4612 captu
3661 4556 3770 4597 suo

2111 4633 2485 4706 participant.

409 4721 870 4798 Ἐνεργουμένων.
922 4723 1039 4775 Τῶν
1100 4717 1493 4793 δαιμονώντων
1552 4718 1642 4774 καὶ
1700 4718 1774 4782 εἷς
1832 4719 1996 4776 ἀσέλ-

2180 4725 2702 4795 Energumenorum.
2755 4725 2797 4774 A
2852 4719 3220 4777 daemonibus
3279 4719 3658 4792 agitatorum,
3707 4723 3766 4776 et

333 4833 496 4888 γειαν
528 4809 944 4886 τετραμμένων,
976 4807 1102 4886 περὶ
1145 4809 1219 4863 ὧν
1277 4809 1367 4864 καὶ
1419 4809 1471 4864 ἐν
1517 4812 1598 4880 τῷ
1653 4809 1761 4885 πρὸ
1803 4809 1998 4864 τούτου

2141 4812 2179 4868 d
2214 4812 2520 4867 libidinem
2553 4825 2970 4866 conversorum
2996 4824 3010 4865 :
3045 4809 3117 4864 de
3147 4809 3364 4881 quibus
3383 4808 3561 4865 etiam
3583 4807 3643 4863 in
3666 4823 3763 4864 su-

328 4899 624 4980 κεφαλαίῳ
656 4900 808 4978 φησί.
851 4897 1047 4954 Πτοίαν
1089 4895 1146 4953 δὲ
1196 4897 1372 4974 λέγει,
1406 4899 1569 4954 οἱονεί
1611 4893 1865 4975 θόρυϐον,
1897 4899 1998 4977 φό-

328 4987 456 5060 ϐον,
489 4991 747 5060 πτόησιν,
775 4987 1010 5060 ἀπάτην.

401 5081 546 5141 Τοῖς
581 5076 639 5133 δὲ
668 5077 745 5142 εἷς
771 5081 918 5134 νοῦν.
954 5075 1052 5132 Διά
1075 5075 1202 5138 τοὺς
1236 5074 1288 5132 ἐν
1325 5077 1584 5150 μετανοίᾳ
1613 5075 1798 5155 φησίν.

400 5171 686 5245 Ἄγουσιν.
722 5164 995 5230 Εὕτακτος
1044 5165 1364 5236 ἀκολουθία,
1415 5166 1505 5221 καὶ
1561 5162 1819 5230 ἀνάϐασις
1877 5172 1993 5230 τοῖς

323 5259 513 5336 ἁγίοις
545 5253 927 5326 κατάλληλος.

398 5450 488 5522 (u)
520 5449 572 5506 ΙΙ
599 5451 727 5505 Cor.
760 5461 846 5518 ul,
880 5448 966 5502 18.

2107 4901 2333 4973 periore
2363 4900 2551 4971 capite
2575 4899 2735 4956 dicit.
2769 4896 2970 4955 ΙΙτοίαν
2993 4914 3128 4954 vero
3151 4898 3312 4967 dicit,
3336 4897 3508 4969 quasi
3536 4896 3759 4954 tumul-

2106 4997 2265 5061 tum,
2300 4995 2556 5061 metum,
2589 4993 2896 5055 terrorem,
2931 4987 3154 5044 dolum.

2178 5083 2250 5136 Iis
2279 5095 2404 5135 vero
2433 5081 2532 5152 qui
2560 5079 2630 5136 ad
2658 5081 2916 5135 mentem.
2952 5077 3193 5150 Propter
3223 5077 3567 5151 pmnitentes
3600 5077 3763 5133 dicit.

2177 5171 2526 5226 Promovent.
2605 5168 2780 5224 Recte
2856 5167 3145 5239 disposita
3215 5166 3638 5240 consequentia
3707 5169 3768 5226 et

2105 5275 2390 5316 ascensus
2420 5257 2643 5316 sanctis
2673 5260 3123 5314 consentaneus.

1351 5577 1596 5636 VARle
1637 5579 2037 5638 LECTIONES
2075 5580 2169 5638 ET
2207 5579 2750 5639 CORRECTIONES

403 5732 455 5770 ³⁸
482 5728 830 5808 γραφόμενον
861 5721 1016 5804 ἔργον
1058 5724 1120 5783 in
1149 5723 1488 5804 χρωμάτων.
1569 5728 1614 5768 ³⁸
1642 5727 1706 5784 τὸ
1737 5728 1881 5785 θεῖον
1911 5728 2104 5804 μύρον.
