4134 6404
386 391 490 446 155

1193 396 1560 448 APPENDIX
1598 396 1698 447 AD
1736 395 1977 448 OPERA
2015 397 2076 448 S.
2118 395 2439 451 DIONYSII
2480 398 2986 452 AREOPAGITB.

3695 397 3804 452 156

461 520 926 592 Uniformz’tatem,
958 519 1056 576 Gr.
1090 517 1346 581 ὲνοιιδές.
1379 515 1648 581 Ἑνοειδές
1693 520 1838 576 dicit
1869 535 2032 576 men-

2217 520 2287 574 Τὸ
2346 519 2601 584 ένοειδές.
2669 522 2740 577 Τὸ
2797 519 3028 584 ένοειδές
3101 541 3232 599 φησι
3287 523 3352 577 τὸ
3409 521 3545 598 πρὸς
3598 523 3661 577 τὸ
3714 521 3805 590 ἓν,

387 612 507 666 tem
536 610 750 682 ipsam,
785 626 913 683 quae
949 611 1233 675 unum,id
1269 614 1359 667 est
1385 615 1571 666 Deum
1601 610 1759 666 videt
1791 628 1804 666 :
1864 626 2043 682 quam

388 698 567 755 etiam
617 698 772 754 uniri
805 699 888 755 ait
915 715 1051 755 cum
1084 715 1199 755 uno
1229 699 1381 771 ipso,
1414 703 1589 770 atque
1639 700 1769 770 eius
1817 698 2047 771 explere

387 787 690 845 unionem.

458 878 487 946 §
517 877 606 932 IV.
643 878 788 946 Quid
813 893 1000 949 porro,
1024 878 1122 934 Gr.
1165 878 1215 931 τί
1268 874 1343 934 δέ.
1383 879 1491 934 Per
1522 879 1764 934 modum
1797 880 2046 934 interro-

387 967 572 1039 gandi
600 966 728 1038 lege
759 967 914 1023 hunc
948 967 1164 1023 locum.

466 1055 529 1111 Si
557 1057 713 1112 enim
749 1072 954 1112 rerum.
988 1062 1212 1112 Bonum
1245 1057 1479 1112 odorem
1516 1056 1881 1127 sensibilem,
1914 1074 2050 1112 sen-

388 1161 525 1201 sum
558 1145 911 1216 alere,dicit,
928 1150 986 1202 et
1017 1146 1228 1217 facere,
1252 1152 1317 1201 ut
1342 1147 1490 1202 bene
1523 1147 1598 1202 sit
1627 1148 1884 1203 aii'ectus.

457 1233 669 1290 Judicz'i
720 1236 928 1304 vigore,
960 1235 1057 1291 Gr.
1108 1238 1389 1308 κριτικοῦ.
1450 1234 1699 1309 Κρίτικόν
1732 1235 1876 1292 dicit
1928 1235 2046 1290 vim

389 1323 599 1379 animae
618 1324 1084 1393 dijudicativam,
1112 1341 1214 1381 seu
1236 1325 1688 1394 intellectivam;
1726 1343 1902 1397 quam
1937 1325 2050 1381 nisi

389 1429 424 1469 a
453 1413 847 1485 propensione
879 1414 952 1469 ad
987 1412 1211 1469 malum
1245 1419 1548 1486 purgetur,
1583 1431 1886 1485 nunquam
1915 1431 2046 1471 sen-

390 1517 525 1559 sum
560 1501 740 1557 divini
774 1502 911 1557 boni
946 1502 1144 1558 odoris
1175 1507 1580 1574 percepturam
1609 1503 1768 1559 dicit.

461 1590 715 1662 liberem,
747 1590 844 1648 Gr.
878 1584 1070 1647 ὄλϐον.
1104 1592 1371 1648 Divitias.

452 1681 713 1736 Suaviter
767 1680 1002 1752 affecta,
1035 1680 1134 1736 Gr.
1170 1677 1458 1754 ἡδόμενοι.
1491 1682 1600 1737 Pro
1660 1682 1814 1738 bono
1873 1683 2049 1739 odore

389 1770 662 1842 perﬁlsa.

2153 607 2327 684 ἤγουν
2357 609 2449 665 τὸν
2483 611 2588 683 [τὸ]
2620 616 2775 666 Θεῖον
2800 612 3012 686 ὁρῶντα
3041 610 3202 666 αὐτὸν
3233 615 3380 682 νοῦν,
3413 611 3472 666 ὃν
3523 612 3614 666 καὶ
3653 612 3803 667 ἑνοῦ-

2155 699 2273 753 σθαι
2309 698 2452 776 λέγει
2484 701 2621 774 πρὸς
2653 701 2786 756 αὐτὸ
2815 701 2877 756 τὸ
2903 700 2982 772 ἓν,
3013 699 3101 755 καὶ
3148 706 3248 770 τῆς
3304 699 3503 755 τούτου
3555 699 3810 772 ἀποπληο

2157 792 2379 864 ροῦσθαι
2410 789 2672 852 ἒνώσεως.

2227 880 2378 948 §IV.
2404 880 2469 936 Τί
2519 876 2596 936 δέ.
2647 879 2780 934 Κατ’
2811 877 3075 953 ἐρώτησιν
3133 877 3406 952 ἀνάγνωθι
3459 879 3523 934 τὸ
3572 878 3810 954 χωρίον.

2228 1060 2289 1116 Εἰ
2322 1059 2425 1135 γὰρ
2457 1061 2491 1128 ἡ
2522 1062 2654 1114 τῶν.
2680 1060 2802 1115 ’Ὁτι
2833 1060 2868 1127 ἡ
2921 1058 3153 1129 αἰσθητὴ
3215 1056 3417 1113 εὐωτία
3467 1056 3649 1135 τρέφει
3706 1059 3808 1126 τὴν

2157 1147 2424 1221 αἶ’σθησιν,
2457 1147 2548 1202 καὶ
2581 1148 2810 1202 εὐεκτεῖν
2843 1151 2886 1184 ²⁷
2917 1152 3085 1202 ποιεῖ.

2229 1241 2510 1313 Κριτικοῦ.
2563 1237 2816 1311 Κριτικόν
2866 1257 2997 1314 φησι
3045 1237 3109 1291 τὸ
3155 1242 3255 1304 τῆς
3312 1238 3498 1310 ψυχῆς
3541 1233 3812 1307 διακριτι-

2155 1327 2270 1396 κὸν,
2304 1324 2429 1396 ἤτοι
2460 1326 2522 1380 τὸ
2552 1327 2760 1401 νοερὸν,
2789 1325 2921 1401 ὅπερ
2951 1325 2994 1380 εἰ
3035 1326 3110 1398 μὴ
3140 1331 3243 1394 τῆς
3277 1325 3366 1379 ἐπὶ
3395 1325 3459 1380 τὸ
3490 1330 3678 1401 χεῖρον
3715 1323 3812 1400 ῥο-

2155 1419 2264 1486 πῆς
2294 1415 2608 1492 καθαρεύοι,
2640 1415 2739 1469 οὐκ
2769 1413 2828 1469 ἂν
2859 1413 2910 1469 ἐν
2944 1413 3196 1486 αἶ’σθήσει
3225 1421 3325 1484 τῆς
3385 1414 3530 1476 θείας
3579 1411 3811 1476 εὐωδίας

2156 1507 2474 1580 γενήσεσθαι
2508 1504 2676 1580 λέγει.

2226 1588 2428 1649 ’Όλϐον
2441 1635 2452 1647 .
2487 1587 2730 1648 Πλοῦτον
2743 1635 2755 1648 .

2227 1680 2538 1756 Ἡδόμενοι.
2572 1680 2719 1738 Ἀντὶ
2749 1685 2847 1736 τοῦ
2878 1677 3328 1754 εὐωδιαζόμινοι.

456 1858 486 1931 δ
514 1858 582 1915 V.
615 1858 762 1914 ιιιαά
789 1858 1088 1915 secundum
1118 1862 1378 1916 mentem.
1413 1863 1530 1916 Hoc
1574 1861 1646 1917 de
1686 1859 1916 1933 angelis
1959 1859 2048 1916 in-

2230 1865 2257 1931 §
2286 1861 2354 1916 V.
2389 1862 2508 1930 Τῆς
2536 1857 2673 1914 κατὰ
2702 1863 2846 1914 νοῦν.
2871 1859 2949 1916 Τὸ
2979 1859 3116 1913 κατὰ
3144 1861 3290 1926 νοῦν,
3324 1853 3412 1912 ἰπὶ
3445 1853 3721 1932 ἀγγέλων.

394 1946 808 2020 telligendum.

457 2039 521 2093 In
553 2037 659 2092 alt:
686 2036 974 2094 duodecim
1030 2039 1398 2110 signiﬁcatur.
1445 2039 1624 2110 Cujus
1676 2044 1854 2112 typus
1907 2041 2052 2096 duo-

387 2125 580 2183 decim
613 2127 993 2198 pennaa.Nota
1023 2143 1157 2185 vero
1187 2128 1661 2200 magnitudinem
1695 2129 2017 2200 seraphim.

461 2215 831 2287 Theologiam.
865 2217 1140 2285 Sanctus,
1176 2221 1441 2287 sanctus,
1476 2221 1737 2274 sanctus.

464 2304 637 2361 Omni
666 2321 784 2375 qua
816 2305 1045 2362 malitia
1074 2307 1454 2373 simul.Nota,
1488 2307 1644 2377 quod
1678 2324 1791 2362 non
1825 2311 2054 2362 tantum

388 2393 540 2464 vitii,
577 2394 679 2449 sed
708 2394 888 2450 etiam
920 2394 1230 2452 oblivionis
1261 2401 1526 2468 expertes
1575 2396 1836 2452 cmlestes
1864 2397 2052 2453 virtu-

393 2485 484 2538 tes
514 2481 672 2538 dicat
699 2486 893 2539 Pater.

466 2571 792 2627 Scientiam.
828 2572 1004 2629 Recte
1050 2589 1185 2628 cum
1220 2573 1466 2630 scientia
1496 2575 1802 2646 conjunxit
1834 2574 2052 2631 intelli-

391 2661 688 2731 gentiam;
723 2666 997 2718 accurata
1028 2663 1188 2718 enim
1219 2664 1482 2734 cujusvis
1527 2664 1608 2720 rei
1661 2664 2052 2722 consideratio

391 2750 523 2821 ejus
553 2750 860 2807 scientiam
893 2751 1106 2824 gignit.

464 2839 615 2906 §VI.
647 2845 765 2896 Ha:
794 2841 987 2910 igitur.
1021 2844 1155 2908 Quae
1207 2841 1284 2898 sit
1333 2843 1661 2916 proprietas
1709 2844 2049 2918 seraphim;

392 2931 450 2984 et
477 2929 634 3000 quod
665 2929 818 2986 hanc
847 2947 1031 3002 supra
1059 2932 1226 2989 dixit.

464 3017 976 3089 Supercwleuium.
1012 3020 1072 3076 In
1105 3024 1356 3077 tractatu
1388 3023 1464 3078 De
1495 3022 1700 3079 caelesti
1736 3022 2053 3079 hierarchia

393 3105 558 3165 dicit.

462 3199 491 3266 §
521 3196 642 3254 VII.
674 3196 743 3250 Τὸ
778 3196 873 3269 μὶν
903 3195 1017 3254 οὖν.
1051 3198 1481 3272 Contemplatio
1513 3203 1852 3256 sanctorum
1887 3216 2049 3257 sera-

392 3285 595 3358 phim;
630 3291 769 3343 nota
813 3288 1108 3362 integrum
1153 3289 1371 3357 locum,
1394 3290 1687 3362 quomodo
1718 3290 1777 3345 in
1809 3305 1876 3346 eo
1907 3307 2049 3346 con-

389 3375 561 3444 cedit,
595 3393 704 3432 nos
754 3377 1081 3451 intelligere
1107 3395 1235 3450 quae
1264 3380 1335 3436 de
1365 3379 1703 3436 ccelestibus
1732 3379 2050 3436 virtutibus

391 3465 612 3537 scripta
641 3470 784 3522 sunt
811 3466 871 3522 in
907 3468 1230 3539 prophetis.

461 3554 838 3627 Sextuplicem
875 3558 1227 3629 positionem,
1259 3558 1354 3615 GP.
1388 3553 1626 3627 ἐξαπλῆν
1679 3554 1846 3614 θέσιν.
1891 3557 2052 3628 Ἑξα-

389 3637 539 3711 πλῆν
559 3640 724 3712 θέσιν,
756 3661 857 3701 sex
889 3645 1012 3702 alas
1044 3663 1174 3703 esse
1204 3646 1365 3703 dicit.

459 3733 680 3790 Prima:
707 3737 757 3789 et
807 3736 1040 3792 medias.
1075 3735 1306 3791 Dictum
1341 3739 1430 3793 est
1459 3736 1518 3791 in
1547 3736 1850 3808 superiore
1879 3736 2052 3804 libro,

392 3823 687 3895 quomodo
718 3824 1072 3896 accipiendae
1122 3825 1242 3881 sint
1288 3825 1512 3897 primas,
1546 3829 1604 3881 et
1633 3825 1860 3895 mediae,
1892 3829 2053 3898 post-

391 3926 684 3985 remaeque
714 3914 958 3971 virlutes
986 3915 1468 3987 intelligentium.

467 4003 562 4060 75
597 4004 960 4075 Efﬁclionem.
994 4005 1108 4061 Nec
1136 4005 1293 4062 enim
1321 4022 1488 4061 veras
1516 4005 1641 4062 alas
1667 4005 1906 4062 habent.

463 4092 712 4149 Alarum.
746 4093 896 4150 Nota
924 4099 1147 4161 autem,
1177 4095 1470 4167 quomodo
1503 4095 1727 4166 accepit
1753 4111 1818 4151 ea
1842 4097 1913 4151 de
1943 4093 2054 4151 alis

393 4180 715 4255 seraphim,
746 4188 808 4240 et
837 4185 993 4256 quod
1025 4185 1268 4241 omnino
1301 4186 1430 4258 ipsa
1458 4184 1754 4251 volabant,
1779 4183 1925 4239 nihil
1954 4184 2056 4240 ha-

393 4272 594 4330 bentia
625 4273 990 4342 submissum
1024 4278 1081 4330 et
1113 4274 1357 4331 humile.

463 4363 491 4431 §
519 4361 667 4420 VIII.
700 4363 850 4431 Quod
896 4365 948 4419 si
995 4363 1185 4434 facies.
1218 4363 1370 4419 Nota
1398 4363 1862 4436 pulcherrimam
1914 4379 2052 4419 con-

392 4450 840 4525 templationem
874 4458 932 4509 et
961 4469 1202 4521 novam;
1238 4469 1420 4524 quare
1451 4453 1750 4525 seraphim
1785 4453 2054 4522 facies,et

393 4541 572 4615 pedes
601 4543 886 4616 obtegunt
916 4543 1050 4614 alis,
1083 4548 1142 4599 et
1171 4543 1385 4599 mediis
1414 4543 1630 4599 volant.

464 4717 496 4791 §
524 4717 617 4776 1X.
653 4719 795 4788 Quia,
821 4719 993 4774 etiam
1021 4717 1137 4775 hoc.
1172 4718 1587 4790 Interpretatio
1619 4719 1940 4791 seraphim.

432 4843 439 4850 -
465 4808 494 4875 §
520 4809 594 4864 X.
627 4808 844 4864 Statum
871 4807 1225 4863 naturalem.
1259 4808 1323 4862 In
1357 4807 1507 4864 libro
1539 4809 1612 4864 lle
1640 4810 1844 4864 διειδειί
1897 4809 2051 4865 hier-

391 4897 619 4953 rarcht'a
649 4897 1007 4968 explicatum
1039 4896 1308 4967 est,quid
1332 4896 1410 4952 sit
1430 4895 1489 4952 in
1514 4898 1740 4969 angelis
1770 4899 2054 4956 essentia-

393 4983 469 5041 lis
499 4984 762 5054 habitus,
794 4983 856 5039 in
879 4983 1133 5056 septimo
1165 4984 1377 5056 capite.

464 5078 586 5131 Non
644 5073 958 5142 ignorabat.
999 5073 1162 5138 Quod
1223 5080 1277 5130 et
1337 5073 1524 5130 sancti
1585 5075 1776 5148 angeli
1837 5077 2052 5146 sciunt,

397 5163 554 5236 quod
583 5165 757 5219 Jesus
787 5161 1165 5218 sanctiﬁcans
1196 5164 1374 5220 etiam
1407 5165 1811 5222 sanctiﬁcatus
1855 5171 1966 5233 est,
1997 5170 2057 5221 et

396 5252 656 5324 quando,
687 5254 744 5308 et
775 5252 1088 5324 quomodo.

467 5341 838 5398 Descendisse.
870 5344 990 5398 Hoc
1021 5345 1112 5398 est
1140 5341 1432 5400 hominem
1468 5345 1708 5399 factum.

2233 2034 2618 2094 Δυοκαιὸεκάὸι
2677 2056 3024 2109 σημαινεται.
3082 2033 3238 2096 Τίνος
3297 2033 3474 2096 τύπος
3531 2035 3578 2070 ³⁸
3638 2033 3698 2088 αἱ
3752 2027 3818 2088 ιϐ’

2160 2130 2444 2203 πτέρυγες.
2483 2127 2802 2199 Σημεὶωσαι
2837 2123 2896 2180 δὲ
2923 2125 2984 2179 τὸ
3018 2125 3244 2200 μέγεθος
3271 2127 3380 2178 τῶν
3412 2121 3675 2200 σεραφίμ.

2232 2214 2547 2291 Θεολογίαν.
2581 2218 2796 2290 ”Αγιος,
2830 2214 3007 2289 ἅγιος,
3043 2215 3222 2286 ἅγιος.

2234 2305 2430 2368 Κακίας
2481 2326 2540 2360 τε
2599 2306 2731 2378 ἅμα.
2767 2303 3087 2376 Σημείωσαι
3148 2301 3230 2358 ὅτι
3290 2301 3353 2358 οὐ
3396 2301 3557 2375 μόνον
3609 2300 3819 2370 κακίας,

2163 2394 2309 2452 ἁλλὰ
2337 2394 2426 2450 καὶ
2459 2393 2636 2466 λήθης
2665 2392 2976 2468 ἀμετόχους
3005 2392 3100 2455 τὰς
3133 2389 3242 2447 ἅνω
3273 2389 3532 2465 δυνάμεις
3581 2392 3748 2468 φησὶν
3793 2391 3820 2445 ὁ

2162 2486 2311 2555 Πατή
2320 2505 2348 2555 ρ
2358 2527 2370 2541 .

2234 2505 2607 2646 "after-osum.
2667 2574 2866 2634 Καλῶς
2940 2574 3145 2645 συνῆψε
3215 2573 3287 2644 τῇ
3359 2569 3641 2644 ἑπιστήμῃ
3721 2568 3819 2636 τὴν

2159 2664 2347 2734 νόησιν
2385 2681 2398 2695 ·
2432 2665 2465 2732 ἡ
2501 2661 2605 2738 γὰρ
2636 2656 2866 2736 ἀκριϐὴς
2897 2661 3023 2736 περὶ
3055 2662 3282 2716 ὁτουοῦν
3323 2660 3656 2730 κατανόησις
3708 2656 3820 2712 ἐπι-

2162 2755 2258 2823 στή
2273 2773 2380 2825 μην
2408 2751 2605 2806 τούτου
2637 2750 2936 2828 ἐργάζεται.

2231 2846 2382 2912 §VI.
2413 2842 2523 2903 Τὰς
2585 2841 2681 2914 μὲν
2737 2838 2851 2896 οὖν.
2883 2839 2980 2904 Τίς
3026 2842 3060 2910 ἡ
3117 2836 3328 2910 ἰδιότης
3384 2841 3494 2894 τῶν
3553 2838 3818 2916 σιραφὶμ,

2159 2932 2246 2987 καὶ
2282 2929 2364 2987 ὅτι
2394 2929 2594 3001 ταύτην
2626 2934 2877 3006 προεῖπε.

2232 3023 2358 3078 Τῶν
2414 3018 2841 3094 ὑπερουρανίων.
2899 3019 2989 3075 Ἐν
3037 3021 3108 3092 τῇ
3183 3018 3310 3093 Περὶ
3382 3022 3484 3087 τῆς
3561 3014 3816 3089 οὐρανίας

2161 3109 2446 3186 ἱεραρχίας
2476 3106 2825 3184 πραγματείᾳ
2863 3106 3013 3184 φησί.

2233 3201 2409 3271 §_VIl.
2457 3199 2534 3255 ’Ῑὸ
2596 3199 2692 3272 μὲν
2737 3196 2852 3254 οὖν.
2904 3198 3117 3273 Θεωρία
3161 3199 3269 3251 τῶν
3331 3195 3494 3272 ἁγίων
3555 3193 3813 3273 σεραφίμ.

2167 3290 2489 3362 Σημείωσαι
2521 3286 2652 3343 ὅλον
2682 3288 2746 3342 τὸ
2775 3286 3007 3363 χωρίον,
3041 3286 3190 3348 ὅπως
3235 3282 3521 3340 ἐκδίδωσιν
3570 3282 3624 3339 ἐν
3676 3285 3820 3355 αὐτῷ

2159 3384 2302 3434 νοεῖν
2333 3381 2481 3451 ἡμᾶς
2507 3379 2576 3433 τὰ
2599 3378 2723 3454 περὶ
2753 3380 2864 3433 τῶν
2895 3373 3007 3431 ἅνω
3047 3373 3330 3449 δυνάμεων
3388 3373 3745 3451 γεγραμμένα
3772 3371 3821 3428 ἐν

2158 3473 2276 3532 τοῖς
2307 3469 2639 3546 προφήταις.

2230 3556 2507 3628 Ἐζαπλῆν
2532 3557 2696 3621 θέσιν.
2729 3553 3005 3627 Ἑξαπλῆν
3035 3554 3179 3619 θέσιν
3209 3553 3273 3608 τὸ
3301 3552 3355 3624 ἓξ
3388 3553 3519 3608 εἶναι
3548 3553 3818 3628 πτέρυγάς

2162 3667 2318 3720 φησμ

2233 3738 2431 3811 Πρῶτα
2459 3733 2550 3789 καὶ
2587 3735 2741 3807 μέσα.
2774 3731 3005 3810 Εἴρηται
3055 3731 3108 3788 ἐν
3149 3735 3267 3794 τοῖς
3311 3732 3420 3805 πρὸ
3447 3730 3674 3800 τούτου,
3705 3733 3817 3792 πῶς

2162 3827 2276 3901 χρὴ
2310 3821 2624 3899 ἐκδέχεσθαι
2656 3823 2751 3886 τὰς
2780 3825 3020 3898 πρώτας,
3052 3821 3143 3877 καὶ
3180 3820 3472 3896 μέσας,καὶ
3500 3817 3818 3882 τελευταίας

2164 3911 2421 3986 δυνάμεις
2451 3917 2558 3967 τῶν
2592 3915 2819 3984 νοερῶν.

2236 4000 2556 4058 Διάπλασιν.
2591 4001 2668 4060 Οὐ
2698 4002 2799 4078 γὰρ
2831 3999 3012 4072 ἀληθῆ
3045 3999 3218 4075 πτερὰ
3248 3996 3458 4074 ἔχουσι.

2234 4097 2351 4147 Τῶν
2382 4096 2613 4167 πτερῶν.
2650 4089 2966 4163 Σημείωσαι
2995 4086 3072 4158 δὲ,
3103 4090 3220 4151 πῶς
3254 4083 3418 4143 ἔλαϐε
3447 4087 3516 4142 τὰ
3558 4087 3686 4162 περὶ
3714 4089 3816 4142 τῶν

2162 4182 2444 4259 πτερύγων
2474 4185 2582 4237 τῶν
2616 4179 2876 4258 σεραφὶμ,
2895 4179 2984 4233 καὶ
3005 4177 3090 4234 ὅτι
3118 4183 3236 4241 καθ’
3265 4175 3399 4232 ὅλον
3433 4176 3568 4230 αὐτὰ
3590 4173 3818 4231 Ἷπταντο

2164 4270 2332 4346 μηδὲν
2366 4266 2568 4348 ἔχοντα
2602 4273 2648 4308 ²⁹
2680 4269 2968 4347 ὑφειμένον
2999 4269 3090 4323 καὶ
3117 4265 3394 4322 ταπεινόν.

2234 4367 2439 4433 §Vll[.
2475 4361 2537 4417 El
2598 4357 2656 4414 δὶ
2710 4359 2778 4414 τὰ
2825 4357 3114 4433 πρόσωπα.
3173 4354 3496 4428 Σημιίωσαι
3552 4352 3817 4429 ὡραιοτάο

2158 4472 2258 4523 την
2318 4451 2547 4526 θεωρίαν
2601 4449 2692 4503 καὶ
2747 4450 2924 4522 ξένην,
2959 4445 3049 4501 διὰ
3094 4444 3147 4500 τί
3177 4446 3230 4501 οἱ
3262 4444 3482 4523 σιραφὶν
3503 4444 3572 4500 τὰ
3601 4443 3817 4521 πρόσω-

2159 4562 2235 4596 πα
2265 4542 2352 4596 καὶ
2387 4539 2516 4602 τοὺς
2546 4536 2717 4597 πόδας
2757 4536 3101 4594 καλύπτουσι
3148 4541 3268 4600 τοῖς
3314 4539 3557 4609 πτεροῖς,
3586 4535 3709 4595 τοῖς
3765 4529 3821 4586 δὶ

2165 4630 2350 4705 μέσοις
2384 4627 2662 4683 πέτανται.

2081 4691 2128 4756 D
2165 4691 2176 4705 .
2230 4725 2257 4790 §
2289 4691 2375 4777 IX.
2410 4716 2510 4772 Καὶ
2537 4720 2699 4771 τοῦτο
2733 4712 2810 4772 δέ.
2842 4713 3143 4791 Ἐρμηνεῖα
3169 4716 3279 4768 τῶν
3309 4710 3568 4790 σεραφίμ.

2230 4813 2350 4879 §X.
2409 4809 2526 4877 Τῆς
2579 4802 3023 4865 οὐσιωδους.Ἐν
3081 4807 3161 4875 τῷ
3221 4801 3350 4878 Περὶ
3406 4804 3508 4868 τῆς
3569 4797 3820 4877 οὐρανίας

2159 4896 2446 4974 ἱεραρχίας
2503 4894 2656 4970 λόγῳ
2713 4893 3075 4972 ἐσαφηνίσθη,
3128 4891 3181 4946 τί
3238 4891 3381 4947 ἰστιν
3435 4889 3523 4946 ἐπὶ
3570 4887 3816 4966 ἀγγέλων

2163 4984 2438 5056 οὐσιώδης
2467 4983 2598 5056 ἕξις,
2630 4982 2682 5038 ἐν
2715 4977 2940 5056 έϐδόμῳ
2971 4979 3278 5057 κεφαλαίῳ.

2235 5077 2312 5149 [α]
2345 5074 2459 5132 Οὐκ
2491 5072 2784 5149 ἠγνόησεν.
2815 5074 2934 5127 Ὅτι
2992 5072 3084 5127 καὶ
3142 5072 3195 5125 οἱ
3249 5070 3394 5147 ἅγιοι
3441 5066 3671 5145 ἄγγελοι
3713 5063 3822 5120 ἴσα-

2164 5187 2272 5235 σιν,
2305 5163 2388 5219 ὅτι
2425 5165 2453 5219 ὁ
2486 5161 2718 5238 ἁγιάζων
2753 5159 2962 5232 Ἰησοῦς
2995 5162 3084 5216 καὶ
3115 5159 3375 5236 ἡγιάσθη,
3405 5157 3497 5214 καὶ
3541 5158 3695 5230 πότι,
3725 5151 3813 5210 καὶ

2164 5275 2308 5314 πως.

2239 5338 2680 5412 Κατιληλυθότα.
2713 5342 2758 5396 Τ
2765 5341 3003 5395 ουτέστιν
3033 5341 3318 5414 ἄνθρωπον
3347 5337 3671 5414 γενόμενον.

1395 5543 1643 5600 VARIIE
1683 5545 2077 5602 LECTIONES
2117 5547 2205 5603 ET
2241 5545 2799 5602 CORRECTIONES.

469 5718 516 5758 π
544 5738 635 5797 γρ.
667 5718 900 5780 ιὸατεῖν.
975 5722 1021 5760 ³⁸
1050 5741 1138 5799 γρ.
1167 5717 1353 5779 τόποι.
1431 5722 1478 5759 ³³
1505 5741 1593 5798 γρ.
1626 5716 1870 5798 ἔχοντες.
