4134 6404
345 402 452 456 157

1103 409 1164 460 S.
1202 408 1477 462 ΜΔΧΙΜΙ
1520 405 1832 462 SCHOLIA
1869 409 1942 460 IN
1983 407 2114 460 LIB.
2157 408 2251 460 DE
2291 407 2583 460 ECCLES.
2625 405 3024 460 HIBRARCH.

3672 396 3776 451 158

566 528 712 602 Πρὸς
769 527 870 584 τοῦ
927 528 1159 606 Πατρός.
1207 529 1384 587 Τοῦτό
1434 551 1566 608 φησι
1627 527 1716 586 διὰ
1766 531 1830 584 τὸ
1891 528 2003 603 μίαν

2200 531 2239 586 Α
2286 536 2469 587 Patre.
2504 530 2621 586 Hoc
2677 529 2840 596 dicit,
2898 530 3204 601 propterea
3253 525 3410 598 quod
3468 524 3646 581 unica
3702 523 3782 580 sit

344 620 486 672 εἶναι
516 624 616 687 τῆς
647 617 804 694 ἁγίας
861 616 1103 694 Τριάδος
1149 620 1248 688 τὴν
1278 618 1571 696 ἐνέργειαν.
1613 619 1930 693 Σημείωσαι
1961 615 2018 672 δὲ

343 708 450 776 τὴν
483 702 879 782 ἀπαράϐλητον
933 705 1248 783 ὀρθοδοξίαν
1297 713 1395 764 τοῦ
1427 708 1670 784 μεγάλου
1710 708 2013 777 Διονυσίου,

347 797 443 851 καὶ
497 801 616 860 πῶς
663 795 897 872 ἐφύλαξε
943 803 1043 868 τῆς
1093 794 1351 870 θεότητος
1399 803 1498 854 τοῦ
1555 799 1759 874 Κυρίου
1812 800 2012 869 Ἰησοῦ,

346 886 443 941 καὶ
473 893 576 956 τῆς
607 887 808 960 σαρκὸς
837 887 938 956 τὴν
971 884 1256 966 διαφοράν·
1293 889 1321 943 ὁ
1351 889 1454 963 γὰρ
1509 887 1746 964 ἁγιάζων
1777 889 2012 957 Ἰησοῦς,

347 974 426 1037 ὦς
462 975 617 1046 Θεὸς,
649 973 846 1044 πάντα,
879 977 968 1031 καὶ
1001 975 1163 1039 αὐτὸς
1195 977 1272 1039 ὡς
1318 977 1604 1052 ἄνθρωπος
1632 976 1870 1052 ἡγιάσθη
1911 974 2014 1030 ὑπό

337 1084 404 1119 τε
447 1068 548 1118 τοῦ
597 1063 833 1140 Πατρὸς,
878 1065 966 1120 καὶ
1021 1064 1110 1144 ὑφ’
1161 1066 1378 1134 ἑαυτοῦ,
1425 1064 1541 1120 ἐπεὶ
1591 1066 1681 1120 καὶ
1721 1066 1874 1135 Θεὸς,
1922 1065 2013 1118 καὶ

343 1151 453 1208 ὑπὸ
481 1156 583 1208 τοῦ
631 1151 786 1228 ἁγίου
838 1153 1184 1227 Πνεύματος,
1217 1151 1432 1209 εῗδυιῶν
1478 1155 1568 1209 καὶ
1605 1159 1714 1210 τῶν
1743 1153 2010 1228 οὐρανίων

338 1240 553 1315 τάξεων
581 1243 682 1311 τὴν
729 1240 870 1297 ἰδίαν
925 1243 1130 1320 ἀρχὴν,
1183 1245 1448 1315 τουτέστι,
1482 1245 1573 1298 τὸν
1625 1243 1797 1299 αἷετιον
1836 1243 2010 1298 αὐτῶν

337 1332 561 1386 καὶτὸν
615 1328 969 1408 δημιουργὸν
1001 1332 1092 1387 τὸν
1150 1334 1387 1405 Ἰησοῦν,
1419 1333 1503 1388 ὅτι
1551 1333 1647 1388 κᾶν
1697 1334 2010 1409 ἁγιάζηται,

336 1419 471 1476 ἀλλ’
503 1421 600 1475 οὖν
632 1421 723 1476 καὶ
756 1420 932 1483 οὕτως
981 1418 1098 1497 ἔχει
1149 1423 1212 1476 τὸ
1240 1423 1359 1477 κατ’
1399 1422 1580 1478 οὐσίαν
1613 1421 2009 1477 ἀναλλοίωτον’

339 1510 479 1572 Θεὸς
510 1509 638 1585 γάρ·
674 1510 994 1584 Σημείωσαι
1027 1508 1084 1566 δὲ
1115 1510 1198 1567 ὅτι
1243 1515 1343 1582 τήν
1396 1512 1596 1568 οἰκείαν
1644 1510 1782 1568 οἶδεν
1829 1512 2009 1588 ἀρχὴν

341 1598 409 1655 ὲκ
433 1605 537 1670 τῆς
568 1599 854 1675 θεουργίας
879 1599 1066 1658 αὐτοῦ.

417 1774 491 1852 [δ]
557 1778 811 1856 Σεραφὶμ
862 1778 1197 1855 περιίστησι.
1261 1781 1617 1854 Σημείωσαι,
1678 1778 1768 1836 διὰ
1821 1781 1875 1835 τί
1930 1785 2010 1854 τῷ

2127 624 2341 676 sanctas
2390 619 2694 676 Trinitatis
2753 618 2989 688 energia
3036 631 3140 672 seu
3189 615 3450 671 inﬂuxus
3500 613 3561 669 in
3609 629 3777 687 opus.

2125 710 2273 766 Nota
2301 726 2459 778 vero,
2489 707 3011 780 incomparabilem
3045 703 3243 776 magni
3266 703 3525 776 Dionysii
3557 709 3778 759 rectam

2125 800 2197 854 de
2227 798 2744 870 fideisententiam,
2766 802 2822 852 et
2851 795 3148 868 quomodo
3178 792 3430 849 servavit
3457 791 3780 849 divinitatis

2126 890 2358 946 Domini
2404 890 2568 957 Jesu,
2603 893 2660 945 et
2699 886 2893 944 carnis
2925 884 3344 950 differentiam;
3393 883 3569 939 Jesus
3616 883 3775 939 enim

2125 979 2522 1047 sanctiﬁcans,
2565 983 2630 1033 ut
2686 978 2864 1043 Deus,
2916 975 3209 1040 universa,
3261 974 3417 1030 idem
3475 972 3652 1028 etiam
3710 977 3778 1027 ut

2124 1070 2298 1126 homo
2332 1068 2734 1125 sanctificatus
2765 1070 2855 1121 est
2883 1070 3010 1120 tum
3042 1081 3075 1120 a
3105 1068 3296 1133 Patre,
3327 1067 3454 1118 tum
3485 1079 3520 1117 a
3549 1061 3772 1134 seipso;

2121 1157 2597 1231 quandoquidem
2641 1155 2820 1211 etiam
2870 1160 3043 1222 Deus,
3077 1157 3133 1209 et
3181 1171 3215 1208 a
3260 1152 3478 1224 Spiritu
3534 1155 3774 1218 sancto;

2123 1247 2448 1305 scientibus
2478 1262 2713 1318 quoque
2752 1244 3088 1300 caelestibus
3119 1242 3427 1299 ordinibus
3470 1240 3774 1313 prOprium

2123 1338 2502 1410 principium,
2537 1336 2594 1390 id
2639 1339 2732 1391 est
2779 1337 3078 1390 auctorem
3123 1347 3298 1387 suum
3348 1335 3406 1386 et
3451 1335 3774 1386 creatorem

2120 1428 2347 1494 Jesum,
2381 1428 2536 1497 quod
2587 1424 2698 1480 etsi
2747 1423 3168 1487 sanctilicetur,
3212 1425 3408 1477 tamen
3459 1420 3638 1476 etiam
3689 1422 3776 1476 sio

2121 1516 2300 1573 habet
2327 1521 2551 1572 natura
2598 1511 3178 1578 immutabilitatem;
3216 1513 3366 1566 Deus
3413 1509 3593 1565 enim.
3627 1509 3776 1568 Nota

2119 1622 2256 1662 vero
2297 1605 2453 1677 quod
2503 1602 2806 1675 proprium
2853 1599 3093 1674 agnovit
3142 1599 3499 1673 principium
3549 1615 3619 1656 ex
3665 1615 3776 1656 sua

2123 1695 2321 1752 divina
2355 1694 2602 1750 actione.

2195 1783 2486 1855 Seraphim
2532 1783 2788 1854 apponit.
2819 1781 2968 1836 Nota
3008 1796 3114 1836 cur
3156 1777 3452 1851 seraphim
3499 1793 3601 1834 sex
3649 1775 3773 1834 ala-

352 1865 480 1938 θείῳ
507 1865 692 1978 £6ch
741 1867 1115 1943 περιίστανται
1163 1871 1230 1923 τὰ
1275 1869 1626 1946 ὲξαπτέρυγα.
1662 1869 2003 1946 Ἀπαράλλα-

2130 1891 2254 1932 rum
2288 1873 2852 1930 circumstatuantur
2897 1869 3095 1926 divino
3139 1871 3459 1940 unguento.
3492 1864 3773 1941 Ἀπαράλ-

2130 1965 2138 1978 ι
3163 1957 3297 1978 ,ε-ει
3485 1958 3632 1978 μη,
3668 1973 3771 1978 υ,

351 1974 473 2008 κτον
503 1951 563 2009 δὶ
591 1955 738 2010 εἶπεν
765 1957 801 2026 ἢ
837 1956 914 2019 ὡς
944 1958 1082 2032 πρὸς
1111 1957 1174 2013 τὸ
1206 1959 1344 2014 κατᾶ
1380 1958 1554 2014 πάντα
1583 1966 1684 2030 τῆς
1713 1961 1833 2015 καθ’
1863 1962 2003 2030 ἡμᾶς

2130 1965 2340 2034 λαιιτον,
2377 1979 2492 2017 non
2543 1965 2744 2017 autem
2774 1959 3125 2016 dissimilem
3157 1957 3320 2026 dixit,
3348 1960 3451 2013 aut
3480 1958 3633 2029 quod
3668 1973 3773 2028 per

345 2043 560 2120 φύσεως
609 2045 959 2118 ὁμοιωθῆναι
1007 2049 1145 2120 ἡμῖν
1192 2047 1372 2125 χωρὶς
1421 2049 1709 2125 ἁμαρτίας*
1741 2051 1777 2120 ἢ
1820 2049 1896 2113 ὡς
1929 2051 2005 2123 μὴ

345 2132 725 2205 ὑπομείναντα
755 2134 1144 2211 παραλλαγὴν,
1170 2135 1205 2206 ἢ
1235 2143 1448 2212 τροπῆς
1495 2137 1844 2212 ἀποσκίασμα
1873 2138 2009 2194 κατὰ

337 2222 444 2290 τὴν
475 2220 733 2293 θεότητα,
769 2223 822 2279 ἐν
875 2229 956 2294 τῷ
1005 2220 1341 2302 προσλαϐεῖν
1390 2227 1453 2282 τὸ
1497 2227 1856 2303 ἀνθρώπινον.
1890 2235 2004 2299 Ση-

344 2310 587 2383 μείωσαι
620 2308 680 2367 δῖ
706 2312 807 2380 τὴν
840 2311 1036 2383 ὁλικὴν
1081 2312 1515 2390 ἐνανθρώπησιν,
1561 2313 1648 2371 διὰ
1675 2315 1804 2381 τοὺς
1845 2313 2004 2371 ἄνουν

344 2399 514 2455 αὐτὸν
551 2399 828 2476 λέγοντας.

409 2581 483 2654 [ε]
511 2581 616 2636 Τὸν
675 2578 1057 2656 ἀγιαζόμενον.
1109 2580 1343 2639 Μᾶλλον
1391 2583 1516 2639 τότε
1563 2583 1738 2647 οὕτως
1787 2583 2006 2662 ἐφέρετο

335 2667 394 2725 ἦν
457 2673 530 2742 τῇ
590 2669 728 2744 πρὸς
780 2665 1088 2745 Ἑϐραίους·
1146 2673 1213 2725 "0
1268 2692 1326 2726 τε
1381 2672 1482 2749 γὰρ
1540 2674 1778 2750 ἁγιάζων
1830 2675 1920 2731 καὶ
1978 2677 2006 2732 ὁ

339 2756 545 2833 ἀγιαζό
555 2777 734 2830 μενος.

412 2848 488 2902 Τὸ
525 2846 719 2922 μόρον.
781 2847 882 2902 Διὰ
938 2847 991 2902 τί
1048 2846 1411 2924 σταυροειδῶς
1464 2851 1526 2906 τὸ
1587 2851 1757 2930 μόρον
1821 2853 1872 2909 ἐν
1927 2859 2008 2928 τῷ

338 2936 736 3011 βαπτιπηρίῳ
768 2936 1034 3012 ἐκχεῖται.

411 3026 535 3081 Ὓπ’
567 3021 693 3101 ὄψιν
726 3028 864 3103 ἄγει.
898 3025 1046 3084 Ἀντί
1075 3031 1174 3083 τοῦ
1204 3033 1451 3107 φανερῶς
1480 3032 1757 3106 κηρύττει.

416 3116 768 3192 Θεογενεσίας
823 3114 1226 3191 καταδεόμενον
1277 3121 1341 3176 ³ο.
1409 3120 1639 3193 ’Δνέστη
1696 3122 1796 3198 γὰρ
1847 3126 2008 3198 τριή-

342 3224 547 3280 μερος,
584 3207 662 3279 μή
694 3206 984 3282 κρατηθεὶς
1011 3207 1115 3262 ὑπὸ
1143 3211 1242 3263 τοῦ
1269 3207 1520 3273 θανάτου.

407 3384 764 3460 Ἀκρατήτῳ.
795 3384 1025 3457 ’Δνέστη
1059 3386 1162 3462 γὰρ
1191 3389 1318 3464 τριή
1332 3407 1494 3464 μερος
1531 3389 1606 3462 μὴ
1640 3389 1946 3462 κρατηθείς.

404 3473 561 3535 Τοὺς
616 3473 694 3536 εῒς
750 3475 843 3529 τὸν
903 3475 1171 3533 θάνατον.
1231 3479 1383 3532 Ἐστι
1440 3478 1539 3552 γὰρ
1599 3478 1912 3556 ἆπόκρυφος
1964 3483 1999 3550 ἡ

333 3561 660 3640 αἰτιολογία
686 3569 804 3627 τοῖς
851 3562 1094 3629 πολλοῖς
1135 3570 1232 3620 τοῦ
1276 3566 1598 3641 μυστηρίου,
1631 3565 1720 3622 διὰ
1749 3567 1801 3622 τί
1829 3569 1892 3622 τὸ
1925 3569 2001 3632 εἷς

333 3653 575 3726 Χριστὸν
633 3652 937 3728 βάπτισμα,
971 3651 1158 3726 ὅτιπερ
1211 3652 1290 3716 εἷς
1325 3654 1419 3710 τὸν
1454 3657 1675 3711 θάνατον
1707 3655 1870 3711 αὐτοῦ
1905 3657 1999 3734 βα-

339 3741 668 3815 πτιζόμεθα.

414 3831 560 3899 §XI.
621 3831 1160 3905 Ἀνθρωποπρεπῶς.
1222 3831 1541 3906 Σημείωσαι
1595 3835 1685 3890 καὶ
1741 3833 1998 3906 ἐντεῦθεν,

338 3919 369 3974 ὁ
397 3918 666 3993 Χριστὸς,
696 3917 788 3974 καὶ
843 3920 920 3983 ὡς
961 3917 1267 3996 ἅνθρωπος,
1303 3919 1523 3998 δέχεται
1571 3926 1633 3978 τὸ
1681 3928 1900 3998 Πνεῦμα
1937 3926 1998 3980 τὸ

332 4009 488 4083 ἅγιον
521 4007 913 4084 ἀγιαζόμενος’
948 4010 1039 4064 καὶ
1089 4011 1165 4072 ὡς
1215 4012 1367 4080 Θεὸς,
1401 4009 1622 4069 δίδωσιν
1674 4013 1828 4072 αὐτό.
1886 4021 1998 4086 Ση-

333 4097 577 4170 μείωσαι
636 4097 729 4152 καὶ
782 4098 846 4152 τὸ
893 4105 997 4169 τῆς
1048 4097 1349 4163 οὐσιώδους
1407 4102 1665 4173 θεότητος
1697 4147 1711 4173 ,
1773 4107 1860 4159 καὶ
1913 4104 1994 4160 ὅτι

327 4183 720 4249 ἀναλλοίωτος
755 4185 986 4259 ἔμεινεν.

399 4274 553 4344 ’Βξει
591 4273 657 4329 τὸ
708 4274 1012 4338 θειότατον.
1052 4276 1141 4346 Ei’,
1195 4275 1281 4332 ἰπὶ
1336 4282 1445 4334 τῶν
1499 4279 1742 4357 ἀγγέλων
1794 4281 1994 4336 οὐσιώ-

325 4360 446 4425 δεις
471 4359 613 4434 ’ἕξεις
663 4363 976 4435 ἀκούοντες,
1009 4365 1074 4420 οὗ
1121 4367 1420 4437 ποιότητας
1465 4365 1655 4440 ἔξωθεν
1693 4371 1828 4427 κατᾶ
1858 4394 1994 4446 συμ-

325 4446 575 4521 ϐεϐηκὸς
607 4451 992 4528 ἆπιγινομὲνας
1024 4459 1278 4530 νοοῦμεν,
1311 4458 1388 4520 ὡς
1431 4459 1519 4514 καὶ
1559 4461 1664 4535 πρὸ
1698 4459 1886 4536 ὀλίγου
1919 4460 1993 4517 εἷ’-

324 4561 522 4628 ρηται,
575 4542 668 4596 καὶ
744 4543 795 4597 ἐν
871 4548 952 4628 τῷ
1009 4545 1140 4618 Περὶ
1211 4552 1312 4615 τῆς
1387 4546 1640 4622 οὐρανίας
1707 4551 1996 4628 ἱεραρχίας

2117 2053 2318 2110 omnia
2360 2055 2582 2107 naturae
2635 2053 2846 2106 nostra:
2897 2047 3111 2104 similis
3163 2048 3354 2104 factus
3401 2049 3490 2102 est
3535 2045 3770 2103 sublato

2115 2145 2375 2214 peccato,
2409 2147 2507 2196 aut
2539 2139 2693 2211 quod
2745 2156 2861 2195 non
2910 2136 3217 2210 pertulerit
3263 2135 3651 2192 mutationem
3683 2133 3773 2191 vel

2114 2229 2548 2289 vicissitudinis
2577 2227 3089 2285 obumbrationem
3136 2225 3466 2283 secundum
3498 2223 3772 2280 divinita-

2114 2325 2258 2392 tem,
2281 2336 2416 2376 cum
2444 2323 2716 2375 naturam
2739 2318 3066 2374 humanam
3099 2313 3444 2388 assumpsit.
3466 2313 3617 2370 Nota
3637 2329 3771 2369 vero

2113 2414 2300 2468 totam
2324 2414 2550 2465 naturas
2567 2425 2769 2464 assum
2779 2408 3058 2479 ptionem,
3080 2409 3318 2478 propter
3333 2420 3431 2460 eos
3449 2403 3548 2475 qui
3572 2403 3770 2476 ipsum

2114 2500 2415 2556 Christum
2450 2498 2666 2554 mentis
2697 2499 2993 2569 expertem
3026 2511 3156 2552 esse
3187 2494 3412 2550 dicunt.

2188 2587 2630 2658 Sanctiﬁcatum.
2661 2587 2812 2642 Tum
2853 2585 3045 2657 magis
3091 2585 3204 2640 hoc
3252 2583 3426 2639 modo
3475 2581 3773 2638 ferebatur

2115 2679 2174 2736 in
2206 2675 2470 2751 Epistola
2510 2677 2579 2732 ad
2635 2677 2902 2732 Hebraeos
2925 2676 3002 2748 (v)
3037 2691 3051 2731 :
3088 2675 3194 2743 Qui
3242 2674 3396 2729 enim
3441 2673 3770 2743 sanctiﬁcat,

2115 2776 2167 2824 et
2196 2767 2292 2838 qui
2320 2767 2721 2837 sanctiﬁcatur.

2192 2859 2557 2928 Unguentum.
2591 2858 2707 2912 Cur
2735 2854 2926 2911 crucis
2957 2853 3151 2927 specie
3180 2841 3551 2924 unguentum
3582 2849 3640 2906 in
3671 2851 3773 2907 ba-

2117 2947 2334 3020 ptismo
2366 2946 2706 3003 effunditur.

2191 3037 2299 3092 Sub
2329 3039 2611 3108 aspectum
2637 3035 2818 3104 ponit.
2854 3037 2987 3100 Pro,
3019 3032 3214 3104 palam
3246 3029 3544 3104 pradicet.

2194 3128 2292 3183 76
2323 3132 2434 3182 Pro
2479 3126 2671 3181 divina
2718 3125 3077 3197 generatione
3123 3122 3421 3178 demersus.
3471 3119 3771 3176 Excitatus

2119 3221 2212 3272 est
2267 3216 2422 3271 enim
2473 3214 2646 3272 tertio
2688 3214 2801 3280 die,
2835 3230 2952 3269 non
3011 3212 3288 3269 detentus
3345 3214 3447 3267 aut
3500 3209 3688 3268 victus
3737 3227 3771 3266 a

2032 3287 2076 3355 C
2115 3309 2327 3360 morte.

2183 3393 2580 3465 Insuperabili.
2605 3391 2868 3449 Surrexit
2897 3391 3055 3447 enim
3088 3390 3258 3448 tertio
3288 3390 3382 3446 die
3416 3405 3530 3446 non
3555 3388 3768 3445 victus.

2184 3484 2282 3539 Eos
2315 3484 2415 3554 qui
2438 3483 2499 3538 in
2531 3485 2723 3538 morte.
2747 3481 2850 3536 Est
2877 3482 3032 3538 enim
3061 3481 3336 3537 abstrusa
3357 3479 3561 3536 multis
3593 3495 3770 3534 causa

2113 3571 2396 3644 mysterii,
2419 3588 2526 3628 cur
2543 3570 2762 3627 Christi
2793 3571 3130 3643 baptismus
3160 3571 3353 3641 detur,
3368 3569 3524 3642 quod
3556 3568 3616 3624 in
3639 3570 3770 3640 ejus

2115 3667 2304 3719 morte
2336 3661 2711 3734 baptizamur

2180 3844 2208 3910 §
2237 3839 2332 3896 XI.
2367 3841 2619 3896 Humano
2648 3854 2817 3896 more.
2852 3838 3021 3907 Nota,
3055 3837 3232 3895 etiam
3274 3837 3384 3893 hoc
3424 3835 3572 3908 loco,
3603 3835 3770 3894 Chri-

2110 3936 2294 3999 stum,
2328 3934 2385 3986 et
2415 3933 2481 3985 ut
2508 3929 2810 3986 hominem
2861 3928 3125 4001 accipere
3174 3926 3460 4000 Spiritum
3492 3934 3766 3984 sanctum

2109 4037 2244 4075 cum
2298 4018 2725 4088 sanctiﬁcatur,
2778 4023 2835 4074 et
2885 4022 2952 4073 ut
2998 4018 3207 4082 Deum,
3240 4033 3374 4073 eum
3426 4017 3584 4073 dare.
3619 4016 3770 4074 Nota

2107 4109 2263 4165 enim
2300 4126 2314 4166 :
2356 4108 2664 4164 essentialis
2710 4107 3045 4177 divinitatis,
3095 4112 3152 4162 et
3200 4107 3354 4178 quod
3401 4107 3770 4163 immutabili:

2106 4201 2328 4255 mansit.

2177 4294 2345 4347 Statu
2375 4289 2717 4345 divinitatis.
2751 4287 2810 4343 Si
2842 4304 2976 4344 cum
3008 4286 3069 4342 in
3092 4285 3321 4359 angelis
3344 4285 3767 4344 substantiales

2105 4378 2347 4435 habitus
2401 4378 2702 4442 audimus,
2735 4393 2850 4432 non
2885 4375 3202 4448 qualitates
3251 4375 3616 4432 extrinsecus
3663 4391 3768 4448 per

2105 4468 2380 4524 accidens
2411 4467 2789 4522 advenientes
2821 4465 3232 4539 intelligimus,
3266 4465 3764 4536 quemadmodum

2104 4556 2279 4630 paulo
2311 4563 2441 4612 ante
2490 4555 2715 4611 dictum
2767 4559 2877 4622 est,
2910 4559 2968 4611 et
2999 4555 3058 4609 in
3091 4554 3239 4610 libro
3272 4555 3346 4609 De
3389 4554 3594 4610 caelesti
3643 4553 3788 4610 hisv

323 4627 808 4729 3612pns9a}aiqs
857 4627 1082 4729 εϐξόμῳ
1128 4630 1556 4729 ξιεσαφησαμενῖ
1598 4636 1798 4712 πολλῷ
1849 4627 1991 4713 μᾶλ-

2130 4647 2328 4702 archia
2358 4646 2548 4718 capite
2595 4644 2850 4717 septimo
2893 4643 3276 4715 exposuimus
3311 4661 3324 4700 :
3357 4642 3543 4699 multo
3575 4643 3766 4717 magis

325 4717 430 4774 λον
463 4718 554 4774 ἐπὶ
583 4723 683 4774 τοῦ
712 4720 802 4775 καὶ
858 4722 991 4797 ὑπὶρ
1042 4721 1226 4778 οὐσίαν
1275 4723 1479 4799 κυρίως
1527 4721 1683 4790 ὄντος
1732 4730 1864 4784 Θεοῦ
1893 4732 1992 4800 τήν

2130 4753 2164 4791 n
2198 4735 2335 4806 Deo,
2368 4717 2468 4808 qui
2500 4735 2676 4790 etiam
2710 4733 2942 4806 prOprie
2972 4731 3292 4788 essentiam
3323 4731 3570 4802 excedit,
3602 4731 3767 4789 habi-

322 4802 440 4880 ἴξιν
487 4807 554 4863 οὗ
604 4807 878 4878 ποιότητα
929 4807 1210 4884 δεξόμεθα,
1257 4814 1355 4883 τήν
1418 4813 1508 4870 ἐπὶ
1550 4820 1667 4878 τοῖς
1719 4819 1994 4882 συνθέτοις

327 4890 766 4981 συμϐαίνουσαν,
799 4895 927 4954 ἀλλ’
956 4895 1065 4970 ἕξιν
1097 4899 1398 4965 οὐσιώδους
1449 4903 1727 4974 θεότητος,
1761 4908 1856 4975 τήν
1891 4930 1995 4981 φυ-

321 4988 502 5047 σικῶς
535 4980 771 5060 ἔχουσαν
805 4985 856 5058 ἐξ
908 4988 1080 5058 αὐτῆς
1121 4989 1186 5044 τὰ
1231 4995 1332 5056 τῆς
1381 4991 1715 5067 ἀγαθὸτητος
1764 4980 1990 5053 ἅπαντα.

317 5071 485 5135 Τέως
535 5071 594 5129 δε
649 5075 931 5148 σημαίνει,
966 5075 1049 5132 ὅτι
1102 5078 1192 5134 καὶ
1239 5082 1275 5150 ἡ
1311 5080 1502 5148 θεότης
1552 5082 1655 5138 οὐκ
1703 5084 1994 5142 αὖτοουσία

315 5159 438 5218 ini
470 5167 570 5218 τοῦ
601 5169 761 5233 Θεοῦ,
794 5163 942 5220 ἀλλὰ
965 5174 1066 5236 τῆς
1101 5167 1285 5232 οὐσίας
1315 5168 1464 5241 δόξα.

394 5253 586 5342 §XII.
642 5257 1064 5331 Θυσιαστηρίου.
1126 5258 1250 5316 ’Ότι
1305 5261 1393 5314 καὶ
1467 5263 1530 5317 τὸ
1607 5267 1989 5342 θυσιαστήριον

319 5341 490 5418 μύρῳ
511 5341 846 5413 τελειοῦται,
873 5346 963 5401 καὶ
1001 5343 1089 5402 διὰ
1114 5347 1187 5404 τί.

393 5512 472 5586 (υ)
505 5513 647 5587 Cap.
683 5530 746 5583 ιι,
779 5531 833 5570 ν.
871 5517 956 5571 11.

2103 4829 2228 4881 tum
2261 4841 2377 4881 non
2408 4822 2756 4896 qualitatem
2791 4821 3153 4894 accipiemus
3179 4820 3528 4893 compositis
3559 4837 3766 4878 conve-

2103 4914 2391 4983 nientem;
2435 4913 2536 4970 sed
2588 4911 2859 4968 habitum
2912 4909 3248 4967 essentialis
3281 4909 3630 4980 divinitatis,
3663 4911 3767 4984 qui

2103 5002 2448 5060 naturaliter
2478 5019 2547 5058 ex
2577 5003 2708 5074 ipsa
2737 5001 2951 5058 habeat
2981 5017 3109 5073 quae
3151 5005 3291 5057 sunt
3322 4999 3604 5057 bonitatis
3633 5015 3766 5057 om-

2079 5093 2218 5148 -nia.
2254 5092 2492 5148 Interim
2523 5107 2658 5148 vero
2692 5094 2848 5158 nota,
2874 5091 3050 5146 etiam
3081 5089 3472 5156 divinitatem,
3492 5105 3609 5146 non
3630 5105 3762 5147 esse

2100 5181 2421 5239 essentiam
2455 5181 2648 5254 ipsam
2679 5180 2805 5246 Dei,
2839 5181 2939 5236 sed
2973 5179 3239 5236 essentiss
3270 5178 3629 5251 opinionem.

2169 5274 2197 5340 §
2227 5272 2352 5328 XII.
2388 5271 2612 5328 Altaris.
2648 5269 2811 5337 Quod
2843 5270 3026 5326 etiam
3067 5269 3254 5330 altare
3284 5274 3588 5346 unguento
3617 5287 3756 5328 con-

2099 5365 2384 5430 secretur,
2419 5366 2475 5417 et
2506 5377 2578 5432 qu
2591 5360 2912 5416 amobrem.

1347 5645 1589 5706 νΑΒΙλΕ
1628 5647 2027 5711 LECTIONES
2064 5654 2157 5713 ET
2197 5654 2742 5714 CORRECTIONES

393 5725 446 5763 ⁸ο
470 5743 565 5802 γρ.
591 5721 1023 5802 καταδυόμενον.
