4134 6390
399 358 505 416 159

1213 370 1580 425 APPENDIX
1614 373 1713 424 AD
1751 371 1994 426 OPERA
2033 374 2093 425 S.
2133 373 2454 428 DIONYSII
2493 374 2998 430 AREOPAGITE.

3710 376 3815 431 160

472 487 662 544 Altare
714 490 889 545 Iesus.
937 491 1102 555 Quod
1161 491 1330 547 Jesus
1384 497 1477 547 est
1533 490 1760 548 altare:
1803 499 1860 548 et
1917 496 2053 548 nota

2241 495 2636 571 Θυσιαστήριον
2695 499 2928 566 Ἰησοῦς.
2985 498 3112 553 ’Ότι
3164 496 3375 562 Ἰησοῦς
3435 493 3545 550 ἐστι
3601 516 3664 550 το
3721 508 3815 562 θυ-

401 577 874 648 magnitudinem
931 585 990 634 et
1044 579 1420 636 altitudinem
1481 581 1775 652 ejusmodi
1833 581 2055 648 altaris,

400 668 556 738 quod
590 667 824 737 quidem
858 667 1129 726 Christus
1155 675 1262 726 est.

467 755 684 827 Mystice
733 760 962 813 omnino
1008 760 1358 816 concremati.
1395 759 1670 816 Innuitur
1716 758 1854 816 ﬁnis
1885 759 2054 830 quin-

395 845 726 917 quagesimi
763 845 997 918 psalmi.

472 936 749 1005 Unguenti
783 940 1133 1009 mysterium.
1167 940 1329 1004 Quod
1380 938 1668 1012 unguenti
1721 954 2056 995 sacramen-

393 1025 525 1080 tum
559 1029 830 1081 vocatum
863 1031 973 1092 est,
1005 1032 1063 1083 et
1092 1028 1497 1098 quamobrem.

468 1114 754 1170 Divinitus
775 1123 990 1171 cuncta.
1012 1115 1174 1178 Quod
1199 1117 1281 1171 ait
1303 1121 1394 1172 est
1415 1117 1740 1187 ejusmodi:
1767 1118 2055 1183 Quoniam

393 1203 592 1258 omnis
623 1203 819 1258 divina
849 1204 1141 1276 apparitio
1182 1209 1240 1261 et
1277 1207 1539 1277 operatio
1571 1205 1762 1278 signis
1791 1207 2056 1262 ostendi-

393 1293 513 1357 tur,
546 1307 803 1363 sequens
834 1298 1044 1348 cantus
1077 1294 1495 1364 prophetarum
1528 1293 1763 1350 alleluia
1792 1296 2056 1366 signum,

391 1379 703 1436 considera
733 1380 874 1451 quid
915 1381 1194 1438 declaret.

463 1469 635 1524 Aiunt
661 1470 721 1524 hi
748 1471 847 1541 qui
875 1472 1161 1528 Hebraice.
1195 1473 1343 1528 Nota
1387 1473 1508 1528 haec
1549 1477 1753 1529 contra
1786 1473 2055 1544 Acepha-

393 1555 504 1614 los.

462 1647 564 1701 Dei
598 1648 989 1718 apparitionis.
1025 1649 1169 1715 Quis
1227 1650 1498 1722 psalmus
1546 1651 1784 1719 dicitur,
1817 1655 1875 1708 et
1923 1669 2052 1724 per-

389 1734 664 1808 spicuum
699 1738 852 1808 quod
889 1755 1044 1796 unus
1077 1739 1504 1813 inscriptorum
1533 1741 1798 1798 Alleluia.

1037 1871 1109 1930 IN
1151 1872 1304 1931 CAP.
1345 1873 1413 1931 V.

462 1995 566 2068 §I.
598 1997 1046 2054 Distributiones.
1106 1998 1464 2056 Sortitiones
1522 1999 1630 2056 has
1677 2003 1865 2070 vocat,
1914 1999 2056 2072 quia

391 2087 808 2157 unusquisque
853 2088 996 2143 ordo
1042 2087 1478 2145 ecclesiasticus
1509 2089 1826 2161 separatim
1878 2089 2059 2146 habet

393 2173 793 2232 ecclesiastica
827 2178 866 2232 ’1
881 2178 920 2231 7
956 2177 1310 2246 ministeria,
1339 2183 1401 2232 ut
1427 2178 1540 2234 sibi
1573 2183 1727 2235 sorte
1749 2179 2054 2250 attributa,

400 2279 532 2336 qua:
551 2265 848 2335 praeterire
872 2266 1105 2336 nequit;
1134 2266 1510 2321 manifestum
1536 2271 1625 2321 est
1644 2266 1802 2322 enim
1825 2265 2056 2321 diaconi

395 2351 677 2420 ofﬁcium,
710 2357 769 2408 et
811 2352 1064 2409 aliorum
1115 2355 1413 2410 similiter.
1448 2355 1708 2410 Virtutes
1757 2359 1950 2410 autem
2001 2358 2060 2410 et

396 2441 730 2498 activitates
763 2442 823 2496 in
852 2442 970 2511 his,
1003 2442 1139 2498 licet
1172 2443 1412 2516 quidem
1445 2443 1502 2498 in
1537 2460 1654 2499 uno
1687 2460 1866 2500 sensu
1898 2443 2058 2500 acci-

397 2546 554 2603 pere,
587 2545 719 2587 cum
751 2531 907 2587 idem
941 2531 1242 2588 declarent
1269 2549 1283 2588 :
1319 2533 1436 2587 vim
1466 2532 1626 2589 enim
1677 2533 1968 2607 purgandi
1999 2536 2059 2588 et

395 2619 775 2675 illuminandi
825 2622 1086 2677 docendo
1137 2621 1352 2678 habere
1388 2623 1670 2680 dicuntur
1715 2622 1754 2678 ii
1785 2623 1886 2694 qui
1936 2623 2056 2678 haec

394 2709 625 2765 efficere
657 2711 1120 2781 permittuntur:
1147 2710 1283 2767 licet
1312 2717 1510 2768 autem
1533 2713 1710 2768 etiam
1732 2713 1904 2768 aliter
1932 2712 2054 2768 dis-

391 2797 682 2870 tinguere,
717 2803 781 2854 ut
813 2799 1059 2855 virtutes
1091 2801 1327 2871 quidem
1372 2801 1734 2873 accipiamus
1767 2801 2057 2873 spiritalia

396 2886 550 2942 dona
577 2891 634 2942 et
664 2887 905 2955 merita;
946 2887 1275 2945 activitates
1319 2906 1476 2960 vero,
1511 2889 1868 2957 ministeria;
1923 2906 2053 2962 per-

393 2975 675 3031 fectiones
701 2976 883 3044 enim,
906 2979 1236 3046 manifeste,
1257 2979 1411 3035 sicut
1441 2979 1500 3034 in
1532 2979 2054 3037 constitutionibus

397 3081 500 3122 seu
533 3065 1008 3122 ordinationibus
1041 3067 1420 3140 accipiemus.

462 3155 537 3208 Ac
577 3155 855 3226 triplicem
905 3172 1134 3228 quoque.
1170 3157 1454 3230 Deinceps
1503 3157 1775 3228 explicat,
1802 3173 1930 3228 quae
1977 3156 2053 3213 sit

2079 1875 2128 1941 B

2166 585 2504 653 σιαστήριον·
2535 583 2625 639 καὶ
2685 585 2990 656 σημείωσαι
3038 585 3101 640 τὸ
3158 585 3387 660 μέγεθος
3430 584 3521 638 καὶ
3568 584 3630 638 τὸ
3680 584 3814 660 ὕψος

2163 670 2262 728 τοῦ
2293 672 2546 728 τοιούτου
2577 673 2983 748 θυσιαστηρίου,
3018 672 3150 748 ὅπερ
3183 671 3322 727 ἐστὶν
3357 673 3386 726 ὁ
3416 673 3669 747 Χριστός.

2233 766 2524 824 Mummii):
2557 759 3044 835 ὁλοκαυτούμενοι.
3074 763 3150 820 Τὸ
3195 760 3354 818 τέλος
3395 761 3686 818 αἰνίττεται
3714 767 3814 818 τοῦ

2163 855 2536 921 πεντηκοστοῦ
2565 850 2811 924 ψαλμοῦ.

2235 939 2422 1014 Μύρου
2471 937 2718 1012 τελετήν.
2773 944 2892 996 ’Ότι
2942 941 3118 1018 μύρου
3172 939 3366 1011 τελετὴ
3423 939 3668 1015 ἐκλήθη,
3721 941 3812 996 καὶ

2165 1023 2255 1081 διὰ
2283 1025 2355 1082 τί.

2235 1122 2580 1192 Θεουργικῶς
2658 1116 2884 1178 ἅπαντα.
2945 1122 3015 1178 "0
3094 1141 3226 1198 φησι
3283 1119 3445 1175 τοῦτό
3497 1117 3642 1176 ἐστι·
3701 1121 3814 1176 Πά-

2163 1228 2264 1278 σης
2315 1207 2460 1271 θείας
2501 1207 2816 1286 θεοφανείας
2847 1211 2890 1247 ³¹
2942 1209 3031 1265 καὶ
3081 1209 3327 1286 ἐργασίας
3377 1207 3466 1264 διὰ
3517 1204 3816 1282 συμϐόλων

2164 1293 2541 1369 δεικνυμένης,
2573 1297 2872 1354 ἀκόλουθον
2902 1304 2998 1354 τοῦ
3038 1297 3358 1370 ἀλληλούϊα
3397 1303 3494 1354 τοῦ
3539 1303 3644 1354 τῶν
3677 1320 3816 1374 προ-

2163 1383 2348 1464 φητῶν
2384 1385 2586 1459 μέλους
2615 1388 2679 1442 τὸ
2711 1383 3014 1460 σύμϐολον,
3048 1395 3318 1463 θεωρῆσαι
3349 1387 3401 1442 τί
3432 1385 3620 1457 δηλοῖ.

2236 1473 2409 1528 Φασίν
2457 1473 2510 1527 οἱ
2555 1473 2624 1527 τὰ
2671 1469 2936 1550 Ἑϐραίων
2968 1519 2980 1531 .
3034 1475 3354 1548 Σημείωσαι
3400 1475 3534 1530 κατὰ
3589 1474 3816 1552 Ἀκεφά-

2161 1559 2297 1618 λων.

2233 1652 2580 1729 Θεοφανείας.
2631 1658 2800 1716 Ποῖος
2850 1651 3067 1729 λέγεται
3111 1654 3354 1728 ψαλμὸς,
3385 1655 3478 1710 καὶ
3527 1651 3696 1724 δῆλον
3733 1655 3816 1710 ὅτι

2161 1743 2239 1803 εἷς
2261 1745 2368 1797 τῶν
2401 1740 2894 1818 ἐπιγεγραμμένων
2925 1741 3293 1814 Ἀλληλούῐα.

2649 1876 2763 1932 ΕΙΣ
2802 1877 2893 1934 ΤΟ
2933 1877 3191 1934 ΚΕΦΑΛ.
3237 1877 3312 1933 E’.

2236 2003 2338 2071 §I.
2403 1999 2872 2075 Ἀποκληρώσεις.
2931 2000 3381 2076 Ἀποκληρώσεις
3448 1999 3646 2064 ταύτας
3727 2022 3821 2056 κα-

2166 2087 2254 2145 λεῖ
2311 2086 2400 2144 διὰ
2449 2091 2512 2145 τὸ
2583 2090 2812 2160 ἑκάστην
2887 2088 3033 2160 τάξιν
3087 2090 3368 2164 ἱερατικὴν
3425 2091 3826 2168 ἀφωρισμένως

2165 2175 2312 2253 ἔχειν
2375 2177 2634 2254 ἱερατείας
2697 2178 2994 2254 ὑπηρεσίας
3027 2223 3044 2246 ,
3101 2180 3212 2234 οἶον
3282 2178 3825 2255 ἀποκεκληρωμένας

2165 2267 2324 2342 αὐτῇ,
2377 2267 2438 2330 ἃς
2493 2262 2795 2344 ὑπερϐῆναι
2845 2268 2907 2323 οὐ
2960 2265 3200 2324 δύναται·
3249 2265 3422 2334 δῆλον
3481 2269 3583 2344 γάρ
3615 2267 3733 2324 ἐστι
3758 2269 3819 2324 τὸ

2165 2352 2319 2433 ἔργον
2350 2361 2448 2413 τοῦ
2480 2355 2755 2428 διακόνου,
2784 2357 2874 2412 καὶ
2912 2362 3021 2412 τῶν
3056 2355 3243 2413 ἄλλων
3294 2356 3524 2430 ὁμοίως.
3559 2358 3824 2431 Δυνάμεις

2167 2444 2225 2502 δὲ
2253 2445 2343 2502 καὶ
2372 2445 2638 2522 ἐνεργείας
2683 2445 2734 2500 ἐν
2784 2445 3021 2518 τούτοις,
3052 2445 3162 2502 ἔστι
3218 2449 3313 2520 μὲν
3365 2441 3554 2503 λαϐεῖν
3591 2445 3678 2524 ἐφ’
3708 2447 3826 2510 ὲνὸς

2164 2537 2460 2608 νοήματος,
2508 2534 2572 2590 τὸ
2625 2534 2756 2590 αὐτὸ
2810 2533 3152 2606 δηλούντων·
3187 2537 3286 2605 τήν
3341 2535 3446 2612 γὰρ
3495 2539 3594 2592 τοῦ
3636 2536 3823 2601 καθαί-

2167 2645 2276 2700 ρειν
2305 2625 2394 2679 καὶ
2443 2622 2695 2702 φωτίζειν
2746 2622 3148 2690 διδασκαλικῶς
3179 2623 3404 2698 δύναμιν
3437 2623 3583 2701 ἔχειν
3627 2623 3826 2703 λέγον-

2162 2735 2251 2770 ται
2284 2715 2336 2768 οἱ
2381 2718 2548 2770 ταῦτα
2596 2712 2828 2789 ἐνεργεῖν
2879 2713 3183 2792 ἀφιέμενοι·
3217 2710 3329 2770 ἔστι
3376 2712 3433 2770 δὶ
3479 2716 3569 2770 καὶ
3620 2716 3824 2790 ἑτέρως

2166 2801 2589 2872 διαστείλασθαι,
2641 2803 2715 2867 ὡς
2767 2801 3019 2876 δυνάμεις
3069 2804 3164 2876 μὶν
3200 2799 3387 2860 λαϐεῖν
3440 2803 3538 2867 τὰς
3567 2825 3820 2878 πνευμα-

2160 2893 2313 2954 τικὰς
2364 2890 2568 2968 δωρεὰς
2620 2893 2708 2947 καὶ
2765 2892 2931 2962 ἀξίας·
2983 2892 3248 2968 ἐνεργείας
3307 2891 3365 2948 δὲ
3420 2895 3517 2956 τὰς
3568 2893 3823 2970 λειτουρ-

2162 2981 2300 3056 γίας·
2331 2982 2428 3044 τὰς
2457 2982 2561 3057 γὰρ
2605 2982 2940 3054 τελειώσεις,
2986 2980 3294 3056 πρόδηλον,
3325 2985 3402 3046 ὡς
3427 2983 3513 3038 ἐπὶ
3556 2987 3670 3040 τῶν
3713 3004 3810 3039 κα·-

2161 3073 2491 3140 ταστάσεων,
2522 3069 2690 3147 ἤγουν
2720 3077 3074 3146 χειροτονιῶν
3105 3071 3480 3146 έκληψόμεθα.

2235 3161 2336 3215 Καὶ
2369 3161 2466 3229 τήν
2511 3158 2625 3232 μέν.
2675 3161 2833 3230 Ἑξῆς
2882 3160 3186 3231 σαφηνίζει,
3235 3160 3317 3224 τίς
3368 3181 3427 3216 τε
3475 3163 3510 3231 ἡ
3555 3159 3815 3236 τριαδικὴ

398 3241 611 3314 triplex
643 3243 872 3310 divisio,
906 3248 964 3300 et
993 3245 1125 3316 quis
1165 3245 1242 3302 sit
1275 3247 1462 3302 ternio
1499 3246 1862 3318 superiorem
1897 3247 2053 3302 ordi-

2182 3248 2444 3323 ἰιαίρεσις,
2476 3248 2564 3302 καὶ
2594 3247 2675 3312 τίς
2705 3251 2739 3317 ἡ
2772 3249 2923 3322 τριὰς
2950 3254 3057 3304 τῶν
3110 3245 3557 3326 ὑπερϐεϐηκυιῶν
3586 3250 3818 3322 τάξεων⁹

390 3348 554 3400 num,
581 3333 653 3388 de
680 3333 900 3404 quibus
923 3335 1100 3391 etiam
1131 3335 1302 3406 paulo
1325 3339 1461 3391 ante
1485 3334 1755 3406 exposuit
1775 3335 1832 3391 in
1857 3336 2045 3407 primo

388 3421 578 3492 capite
609 3420 745 3477 libri
796 3421 977 3491 hujus
1010 3440 1023 3479 :
1057 3428 1117 3479 et
1156 3429 1316 3490 nota,
1349 3424 1508 3496 quod
1540 3424 1600 3479 in
1649 3423 2047 3482 ecclesiastica

387 3508 718 3566 bierarchia
743 3510 956 3583 triplex
985 3511 1193 3569 divisio
1223 3517 1333 3579 est,
1368 3517 1427 3570 et
1455 3512 1671 3584 qualis.

726 3688 903 3745 Sacra
934 3697 1133 3746 nostra
1164 3689 1402 3745 traditio
1434 3689 1717 3747 dividitur

388 3776 455 3832 In
481 3778 812 3848 mysterium
841 3795 860 3832 :
1112 3780 1177 3835 In
1223 3780 1460 3835 initian-

391 3866 489 3923 hoc
565 3867 715 3922 enim
789 3875 870 3923 est
1117 3871 1250 3925 tem.

389 3962 820 4012 sacramentum.

463 4043 494 4117 §
525 4046 594 4100 II.
631 4044 990 4102 Sanctissima
1037 4045 1274 4118 quidem.
1309 4047 1587 4112 Quaenam
1620 4047 1680 4103 in
1712 4047 1872 4104 caelis
1922 4048 2050 4105 hie-

391 4132 646 4200 rarchia,
679 4141 738 4189 et
766 4135 921 4206 quod
954 4139 1392 4190 sacramentum
1424 4135 1679 4191 cmlestis
1708 4134 2050 4191 hierarchiaa

393 4220 494 4288 sit,
526 4221 628 4278 Dei
659 4239 763 4294 pro
794 4223 1022 4279 viribus
1053 4223 1307 4296 cognitio
1339 4228 1396 4278 et
1424 4223 1684 4280 habitus.
1719 4223 2050 4281 Initiatores

393 4317 592 4367 autem
627 4310 830 4383 hujus,
862 4312 1099 4368 ordines
1133 4313 1307 4383 primi
1331 4311 1431 4383 qui
1465 4317 1578 4368 Deo
1600 4312 1917 4383 assistunt;
1951 4313 2050 4384 qui

392 4399 785 4471 perﬁciuntur
830 4405 1051 4470 autem,
1083 4400 1124 4456 ii
1155 4403 1253 4470 qui
1297 4405 1629 4472 sequuntur
1658 4403 1731 4458 ab
1764 4402 1908 4476 ipsis
1939 4402 2052 4458 ini-

389 4488 522 4546 tiati
549 4493 606 4545 et
638 4489 791 4546 docti
822 4491 1080 4548 ordines.

1740 3781 1806 3836 In
1848 3780 2046 3836 initia-

1739 3878 1841 3925 ιοις.

2154 3337 2278 3411 περὶ
2310 3338 2382 3391 ὧν
2427 3337 2517 3392 καὶ
2569 3338 2885 3411 προεξέθετο
2937 3338 2988 3392 ἐν
3020 3342 3100 3410 τῷ
3151 3339 3356 3412 πρώτῳ
3401 3337 3692 3417 κεφαλαίῳ
3721 3342 3816 3394 τοῦ

2153 3429 2424 3500 παρόντος
2457 3427 2654 3501 Λόγου.
2686 3425 2787 3481 Καὶ
2828 3424 3137 3498 σημείωσαι
3184 3425 3267 3481 ὅτι
3318 3425 3408 3482 ἐπὶ
3455 3433 3556 3496 τῆς
3607 3425 3813 3498 ἐκκλη-

2153 3521 2438 3584 σιαπικῆς
2498 3515 2783 3590 ἱεραρχίας
2856 3511 3113 3590 τριαδικὴ
3183 3512 3444 3587 διαίρεσίς
3506 3513 3668 3587 ἐστι,
3729 3513 3822 3570 καὶ

2156 3601 2342 3662 ὁποία.

2391 3695 2455 3750 Ἥ
2485 3695 2604 3757 καθ’
2633 3695 2781 3766 ἡμᾶς
2814 3695 2932 3769 ἱερᾶ
2959 3691 3262 3767 παράδοσις
3294 3691 3582 3770 διαιρεῖται

2158 3781 2234 3846 εἷς
2269 3783 2590 3857 μυστήριον·
2622 3785 2782 3836 τοῦτο
2823 3782 2846 3789 “
3001 3782 3081 3848 εἷς
3113 3781 3216 3856 μύ-
3457 3781 3534 3845 εἰς
3566 3783 3816 3856 μυουμέ-

2158 3870 2262 3948 γᾶρ
2293 3873 2328 3940 ἡ
2359 3869 2552 3942 τελετή
2565 3913 2578 3927 .
3011 3892 3163 3944 στην,
3451 3892 3602 3934 νους.

2229 4054 2256 4121 §
2287 4051 2355 4106 ΙΙ.
2381 4050 2446 4107 ΊῙ
2479 4051 2587 4122 μὲν.
2609 4051 2911 4126 άγιωτάτη.
2943 4051 3040 4115 Τίς
3081 4053 3116 4120 ἡ
3150 4049 3200 4106 ἐν
3251 4049 3500 4126 οὐρανοῖς
3531 4050 3815 4126 ἱεραρχία·

2157 4139 2248 4194 καὶ
2281 4141 2364 4194 ὅτι
2416 4137 2607 4210 τελετή
2659 4137 2770 4194 ἐστι
2816 4147 2916 4209 τῆς
2969 4139 3221 4216 οὐρανίας
3271 4138 3578 4214 ἱεραρχίας,
3633 4141 3670 4208 ἡ
3725 4144 3822 4194 τοῦ

2160 4232 2293 4284 Θεοῦ
2340 4228 2477 4283 κατᾶ
2526 4225 2755 4300 δύναμιν
2807 4233 3008 4303 γνῶσις
3057 4229 3146 4283 xui
3197 4225 3325 4298 ἕξις.
3353 4229 3565 4284 Μῦσται
3597 4224 3658 4283 δὲ
3690 4227 3816 4283 ταύ-

2156 4338 2258 4388 της
2304 4318 2359 4372 ui
2408 4316 2533 4393 περὶ
2576 4317 2705 4372 Θεὸν
2753 4322 2966 4391 πρῶται
3015 4315 3214 4387 τάξεις·
3264 4314 3593 4389 τελούμεναι
3646 4313 3707 4371 δὲ
3763 4315 3818 4370 αἱ

2163 4407 2278 4480 μετ’
2321 4405 2483 4468 αὐτὰς
2529 4407 2654 4481 παρ’
2703 4404 2878 4461 αὐτῶν
2929 4406 3231 4478 μυούμεναι
3275 4405 3366 4461 καὶ
3421 4401 3814 4478 διδασκόμεναι

2156 4495 2351 4566 τάξεις.

463 4578 773 4636 Secundum
819 4581 999 4638 illam.
1034 4581 1173 4645 Quae
1203 4579 1280 4637 sit
1312 4581 1641 4638 secundum
1671 4582 1823 4638 duos
1862 4598 2047 4656 popu-

2232 4585 2363 4643 Μετ’
2419 4583 2648 4654 έκείνην.
2698 4583 2792 4647 Τίς
2851 4586 2886 4654 ἠ
2939 4585 3077 4640 κατὰ
3117 4583 3246 4646 τοὺς
3296 4580 3392 4638 δύο
3423 4580 3589 4645 λαοὺς
3623 4583 3816 4659 ἱεραρ-

389 4667 478 4725 los
517 4667 866 4726 hierarchia.

459 4761 740 4830 Legalem.
777 4761 852 4816 De
884 4757 1213 4816 hierarchia
1244 4775 1372 4832 quae
1405 4759 1462 4815 in
1493 4759 1620 4833 lege
1648 4765 1791 4818 erat.

459 4941 568 4997 Nec
595 4941 680 4996 ita
710 4941 937 5012 facilem
957 4939 1286 5010 dijudicatu.
1321 4939 1490 5013 Nota,
1514 4957 1649 4999 eum
1675 4958 1791 4998 non
1813 4942 2044 4998 facilem

388 5025 714 5097 intellectu,
748 5043 939 5099 neque
983 5026 1212 5082 facilem
1244 5027 1529 5084 distinctu
1579 5029 1859 5102 legalium
1890 5029 2046 5086 ordi-

389 5133 534 5172 num
564 5115 1123 5187 contemplationem
1155 5119 1212 5171 et
1241 5115 1581 5188 allegoriam
1619 5119 1830 5177 dicere.

457 5206 632 5276 Hujus
663 5215 852 5260 autem
881 5205 1102 5273 legalis.
1123 5205 1257 5269 Quae
1282 5207 1563 5279 perfectio
1587 5224 1692 5265 seu
1719 5224 2050 5266 sacramen-

389 5297 518 5350 tum
551 5293 612 5348 in
641 5294 788 5366 lege.

457 5380 751 5438 Initiatore
777 5397 844 5437 ac
871 5381 1024 5440 duce.
1055 5383 1252 5458 Moyse
1279 5383 1571 5441 videlicet.

2156 4695 2194 4730 ’ν
2205 4674 2273 4730 ία.

2162 4696 2340 4832 “illini;
2396 4761 2532 4817 κατὰ
2584 4763 2775 4836 νόμον.
2829 4762 2960 4836 Περὶ
3015 4768 3117 4832 τῆς
3189 4759 3327 4817 κατὰ
3397 4759 3568 4834 νόμον
3618 4761 3814 4836 ἱεραρ-

2153 4854 2305 4929 χίας.

2226 4940 2337 4996 Οὐκ
2394 4937 2756 5016 εὐδιάκριτον.
2817 4941 3159 5013 Σημείωσαι,
3233 4941 3316 4996 ὅτι
3374 4938 3475 4995 οὐκ
3534 4936 3813 5009 εὔληπτον

2155 5030 2307 5106 λέγει
2360 5030 2452 5085 καὶ
2501 5027 2837 5104 εὐδιάκριτον
2886 5030 2987 5099 τὴν
3041 5033 3150 5086 τῶν
3213 5032 3458 5103 νομικῶν
3521 5025 3814 5100 διατάξεων

2159 5119 2384 5195 θεωρίαν
2419 5119 2508 5174 καὶ
2541 5117 2910 5196 ἀλληγορίαν.

2228 5208 2404 5284 Ταύτῃ
2443 5205 2500 5262 δὲ
2546 5211 2615 5282 τῇ
2664 5208 2801 5263 κατὰ
2848 5209 3036 5282 νόμον.
3070 5206 3168 5270 Τίς
3221 5209 3256 5278 ἡ
3303 5205 3501 5277 τελετὴ
3533 5209 3579 5245 ³³
3607 5211 3715 5262 τῶν
3765 5203 3818 5261 έν

2158 5296 2456 5444 νόῗίᾳύστου
2481 5386 2569 5441 καὶ
2603 5386 2898 5462 ἡγεμόνος.
2933 5387 3174 5451 Μωσέως
3204 5383 3444 5458 δηλαδή.

1387 5565 1628 5622 VARUE
1667 5565 2066 5623 LECTIONES
2105 5567 2196 5624 ET
2234 5567 2796 5626 CORRECTIONES.

456 5700 502 5740 ⁸⁸
537 5698 864 5782 έπιφανείας.
944 5707 993 5745 ³³
1024 5708 1060 5778 ἡ
1090 5707 1226 5764 κατά
1255 5703 1424 5783 νόμον
1449 5704 1668 5780 τελετή.
