4134 6400
331 397 438 453 161

409 520 776 596 Ἱερογραφῶν
856 519 982 589 τήν.
1060 516 1207 572 Κατὰ
1287 516 1351 572 τὸ
1435 515 1723 592 εἷ’ρημὲνον
1763 531 1776 544 ·

333 611 602 680 ποτήσεις
655 607 829 663 πάντα
875 607 1013 662 κατᾶ
1066 608 1160 662 τὸν
1216 604 1386 662 τύπον
1444 606 1535 661 τὸν
1577 602 1864 680 δειχθέντα
1919 620 2004 656 σοι

342 699 402 754 ἐν
431 703 512 770 τῷ
542 693 682 773 ὄρει.

415 790 522 858 Τήν
580 785 945 861 τελειοτέραν.
999 786 1129 862 Ηερὶ
1179 791 1280 854 τῆς
1355 783 1474 848 νὲας
1547 781 1833 858 ἱεραρχίας
1909 787 2008 850 τῆς

344 876 403 933 ἒν
438 875 739 948 Ἐκκλησία
783 874 1062 950 λὲγει,ὅτι
1119 873 1405 951 κλήρωσίς
1438 877 1484 911 ³⁸
1539 871 1650 928 ἐστι
1706 876 1814 926 τῶν
1872 871 2009 925 κατὰ

337 966 541 1039 νόμον.
572 969 748 1020 Ταῦτα
797 961 855 1020 δὲ
887 965 915 1019 ὁ
947 962 1287 1026 Ἀπόστολος
1337 963 1388 1018 ἐν
1435 965 1505 1036 τῇ
1554 963 1689 1036 πρὸς
1720 956 2006 1037 Ἑϐραίους

337 1055 505 1133 φησί,
536 1054 628 1109 καὶ
677 1055 708 1109 ὁ
749 1052 976 1129 Κύριος·
1015 1053 1132 1110 Οὐκ
1159 1051 1329 1122 ἦλθον
1361 1051 1662 1107 καταλῦσαι
1689 1050 1782 1105 τὸν
1813 1047 2006 1122 νόμον,

334 1142 491 1198 ἀλλὰ
518 1142 635 1212 πλη
645 1147 838 1217 ρῶσαι.

409 1236 489 1307 Τῇ
545 1231 829 1305 μεσότητι.
884 1230 1377 1302 Σημείωσαι,πῶς
1439 1230 1577 1302 μὲση
1637 1227 1776 1283 ἐστὶν
1838 1227 2010 1304 οὖρα-

333 1321 455 1384 νίας
488 1319 803 1395 ἱεραρχίας,
833 1319 927 1374 καὶ
958 1327 1059 1389 τῆς
1110 1325 1348 1392 νομικῆς
1378 1321 1413 1388 ἡ
1447 1317 1875 1388 ἐκκλησιαστική
1929 1317 2010 1372 ἱε-

340 1410 576 1486 ραρχία,
607 1409 698 1464 καὶ
730 1414 847 1472 πῶς
882 1415 1000 1471 ταῖς
1031 1406 1127 1463 δύο
1171 1414 1445 1476 κοινωνεῖ,
1469 1411 1538 1482 τῇ
1585 1407 1680 1482 μὶν
1727 1412 1808 1479 τῷ
1849 1405 2010 1461 πνεύ-

348 1521 481 1574 ματι
519 1519 533 1531 ·
565 1501 637 1572 τῇ
695 1496 755 1553 δὲ
809 1501 889 1570 τῷ
941 1499 1248 1573 γράμματι,
1306 1498 1574 1566 τουτέστι,
1632 1501 1748 1560 τοῖς
1802 1489 2010 1570 συμϐό-

339 1589 490 1651 λοις.

414 1679 486 1733 Τὸ
544 1676 792 1753 τρισσόν.
825 1679 952 1738 Πῶς
1007 1678 1042 1746 ἡ
1101 1675 1180 1739 εἷς
1247 1677 1374 1752 τρία
1433 1673 1696 1752 διαίρεσις
1749 1679 1860 1731 τῶν
1915 1675 2010 1729 τά·

345 1769 498 1839 ξεων.

418 1853 686 1917 θεοειδεῖς
745 1859 853 1911 τῶν
916 1855 1097 1931 ἱερῶν.
1130 1857 1438 1924 Τουτέστιν,
1471 1855 1548 1920 εἷς
1594 1853 1741 1930 ¹ίερὰν
1789 1857 2007 1930 γνῶσιν,

347 1947 440 2000 καὶ
469 1941 860 2012 διδασκάλους,
891 1945 978 1999 καὶ
1014 1941 1460 2018 διδασκομένους.

415 2124 542 2180 Τῶν
573 2123 698 2177 καθ’
728 2124 898 2196 ἡμᾶς.
931 2125 1046 2177 Τῶν
1075 2121 1354 2198 ἀγγέλων.

626 2216 927 2288 Διαιρεῖται
967 2214 1003 2281 ἡ
1033 2216 1141 2266 τῶν
1172 2209 1407 2266 τελετῶν
1449 2211 1732 2287 ἱερουργία

727 2300 806 2362 εἷς
838 2301 930 2355 κά·
1063 2300 1284 2374 μύησιν.
1506 2299 1681 2355 τελεί-

715 2391 923 2465 θαρσιν,
1501 2410 1656 2447 ωσιν.

659 2532 678 2549 ,
703 2483 767 2535 Ἠ
796 2482 907 2533 τῶν
951 2478 1249 2553 ἱερουργῶν
1285 2475 1648 2552 διακόσμησις

331 2568 416 2631 εἰς
460 2569 724 2643 κάθαρσιν
968 2567 1046 2629 εἰς
1086 2588 1352 2646 φωταγω-
1599 2567 1675 2630 εἷς
1721 2567 2005 2624 τελείωσιν

327 2663 444 2714 τῶν
495 2655 684 2713 ἀτελέ-
971 2655 1092 2733 γίαν
1121 2661 1229 2711 τῶν
1259 2677 1356 2712 κα·
1599 2661 1707 2713 τῶν
1721 2658 2011 2735 φωτισθέν-

332 2768 510 2822 στων,
969 2747 1297 2821 θαρθὲντων,
1596 2767 1728 2816 των,

755 2927 816 2983 Ἠ
845 2928 956 2980 τῶν
989 2923 1336 2998 τελουμένων
1370 2922 1598 2998 δύναμις

507 3013 590 3076 εἴς
621 3024 812 3078 καθαι-
974 3012 1052 3076 εἷς
1085 3019 1320 3092 φωτιζο-
1485 3014 1563 3078 εἷς
1591 3014 1836 3072 τελειου·

507 3124 576 3181 ρο
584 3102 680 3178 μὲν
689 3123 802 3173 ους,
975 3103 1193 3178 μένους,
1489 3104 1708 3178 μὲνους.

1057 398 1115 451 8.
1156 395 1436 452 MAXIM!
1473 395 1779 450 SCHOLIA
1819 395 1892 447 IN
1931 391 2068 445 LIB.
2110 392 2206 444 DE
2257 391 2550 446 ECCLES.
2600 391 3070 445 HIERARCHIA.

1836 514 1998 588 Ὅρα,
2027 512 2084 580 Α
2181 512 2379 569 Sancte
2433 512 2778 569 describens.
2827 512 3005 568 Juxta
3051 512 3277 570 dictum
3319 530 3334 571 :
3388 515 3542 588 vide,
3591 515 3771 574 facies

3667 392 3772 449 162

2114 603 2309 658 omnia
2336 601 2635 658 secundum
2663 603 2970 674 exemplar,
3002 603 3141 676 quod
3166 613 3532 662 monstratum
3559 611 3639 663 est
3667 607 3774 664 tibi

2115 691 2173 745 in
2205 701 2386 748 monte
2415 692 2517 763 (re).

2184 782 2594 851 Perfectiorem.
2627 781 2709 837 De
2738 798 2888 837 nova
2909 781 3236 839 hierarchia
3255 799 3384 856 quis
3415 784 3475 839 in
3506 785 3769 842 Ecclesia

2116 872 2206 924 est
2233 870 2376 941 agit,
2409 871 2561 940 quod
2611 869 2912 943 plenitudo
2959 877 3049 928 est
3077 889 3280 928 eorum
3333 889 3460 944 quae
3505 875 3565 929 in
3615 875 3767 949 lege.

2117 957 2248 1013 Haec
2286 959 2604 1030 Apostolus
2650 960 2710 1015 in
2758 961 3020 1032 Epistola
3068 962 3139 1017 ad
3190 962 3463 1020 Hebraeos
3509 963 3678 1033 dicit;
3711 968 3772 1021 et

2117 1048 2400 1104 Dominus
2461 1065 2474 1105 :
2533 1049 2656 1104 Non
2719 1051 2851 1106 veni
2908 1052 3111 1108 solvere
3171 1051 3382 1124 legem,
3439 1053 3532 1109 sed
3585 1053 3773 1110 adim-

2115 1137 2266 1208 plere
2295 1136 2397 1209 (ῃ).

2188 1227 2382 1283 Medio.
2431 1227 2605 1297 Nota,
2655 1230 2950 1300 quomodo
3000 1231 3197 1287 media
3247 1230 3325 1287 sit
3371 1231 3527 1286 inter
3572 1232 3774 1290 ccsles-

2119 1321 2236 1372 tem
2267 1315 2658 1374 hierarchiam
2691 1324 2749 1373 et
2784 1317 3053 1389 legalem,
3090 1319 3186 1374 78
3218 1319 3619 1377 ecclesiastica
3647 1321 3776 1378 hie-

2119 1405 2371 1476 rarchia,
2423 1411 2481 1462 et
2535 1409 2820 1478 quomodo
2879 1409 2950 1464 de
3001 1414 3248 1480 utraque
3297 1410 3658 1482 participat:
3705 1413 3778 1468 de

2118 1493 2220 1550 illa
2266 1495 2508 1568 quidem
2560 1495 2797 1568 spiritu,
2845 1498 2917 1553 de
2965 1496 3074 1553 hac
3124 1515 3258 1554 vero
3310 1497 3527 1568 littera,
3576 1499 3632 1556 id
3689 1505 3780 1557 est

2119 1583 2326 1656 signis.

2191 1674 2504 1746 Tripticem.
2538 1676 2842 1743 Quomodo
2872 1675 2932 1731 in
2960 1675 3074 1732 tria
3104 1675 3315 1733 divisio
3346 1677 3640 1738 ordinem.

2193 1855 2496 1926 Dei/armes
2542 1871 2852 1923 sacrorum,
2887 1855 2986 1911 Gr.
3031 1851 3288 1918 θεοειδεῖς
3334 1859 3443 1910 τῶν
3495 1857 3680 1931 ἱερῶν.
3714 1857 3776 1915 Id

2116 1947 2209 1999 est
2239 1943 2297 1998 in
2329 1959 2558 2000 sacram
2597 1944 2930 2011 scientiam,
2962 1948 3021 2000 et
3049 1945 3391 2018 magistros,
3425 1949 3480 2003 et
3509 1946 3776 2021 discipu-

2116 2031 2222 2088 los.

2190 2122 2324 2190 Qum
2353 2130 2549 2178 nostra
2577 2121 2714 2180 haec.
2749 2122 2806 2178 Id
2840 2126 2930 2179 est
2959 2122 3327 2195 angelorum.

2421 2212 2714 2268 Dividitur
2742 2212 3020 2269 initiandi
3050 2230 3219 2270 sacra
3247 2215 3473 2271 functio

2117 2302 2178 2356 in
2223 2305 2528 2375 purgatzo-
2852 2302 3124 2360 eruditio-

2115 2406 2264 2462 nem,

3479 2305 3776 2376 perfectio-

2854 2408 3006 2460 nem,
3484 2409 3634 2451 nem.

2403 2482 2618 2538 Eorum
2650 2481 2752 2554 qui
2784 2499 2952 2537 sacra
2986 2481 3318 2554 perﬁciunt,
3349 2483 3491 2539 ordo

2119 2571 2180 2626 in
2239 2586 2450 2641 purga-
2741 2573 2804 2627 in
2846 2573 3104 2628 illustra-
3357 2574 3417 2628 in
3471 2575 3775 2645 perfectio-

2117 2661 2326 2716 tionem
2364 2676 2448 2716 βο·
2733 2663 2938 2718 tionem
3012 2677 3101 2718 eo-
3353 2678 3484 2717 nem
3555 2678 3769 2734 eorum,

2116 2766 2280 2821 rum,
2355 2751 2452 2820 qui
2735 2754 2994 2823 rum,qui
3009 2768 3106 2807 εξε-
3358 2753 3458 2823 qui
3499 2752 3778 2810 inaurati

2117 2839 2282 2896 rudes
2297 2843 2445 2896 sunt.
2733 2841 2878 2911 piati
2901 2850 3055 2899 sunt.
3355 2845 3502 2900 sunt.

2541 2994 2544 2998 ,
2608 2928 2981 2986 lnitiatorum
3014 2933 3279 3001 potestas

2117 3021 2179 3075 in
2199 3035 2290 3076 eos
2311 3021 2406 3091 qui
2423 3035 2563 3091 pur-
2817 3021 2876 3074 in
2905 3034 2995 3075 eos
3023 3021 3120 3090 qui
3147 3019 3220 3075 ιι-
3475 3022 3534 3077 in
3561 3036 3649 3078 eos
3678 3022 3778 3094 qui

2113 3112 2338 3179 ganiur.
2809 3109 3144 3166 lustrantur.
3467 3112 3772 3183 perﬁciun-

3461 3205 3576 3260 tur.

405 3285 575 3360 §III.
618 3282 856 3357 Δύναμιν
917 3282 1018 3351 τὴν
1074 3281 1245 3354 ἱεράν.
1305 3283 1392 3337 Ἐν
1448 3282 1665 3346 τούτοις
1723 3282 1995 3356 σκόπησον

2181 3289 2210 3356 §
2241 3287 2338 3343 III.
2378 3289 2645 3344 Virtutem
2683 3289 2960 3343 sanetam.
2995 3287 3057 3342 In
3108 3286 3202 3343 his
3251 3255 3575 3345 considera-
3607 3293 3766 3347 recte

331 3374 608 3449 εὗκρινῶς
666 3369 1019 3444 δεικνυμένην
1069 3372 1170 3441 τὴν
1224 3370 1510 3447 τριαδικήν
1559 3375 1662 3443 τῆς
1714 3372 2002 3449 ἱεραρχίας

332 3462 627 3537 διαίρεσιν.

403 3554 471 3609 Ἡ
499 3549 563 3606 δὶ
588 3555 699 3606 τῶν
729 3551 1053 3627 ὶερουργῶν.
1089 3551 1218 3624 Περὶ
1250 3553 1358 3605 τῶν
1390 3547 1723 3607 τελούντων.

398 3639 814 3716 Ἀποκαθαίρει.
856 3637 924 3696 Τί
976 3639 1116 3695 ἐστιν
1167 3637 1552 3713 ἀποκαθαίρειν
1592 3641 1656 3708 3‘,
1703 3640 1793 3696 καὶ
1839 3641 1894 3696 τί
1940 3643 2002 3697 τὸ

343 3731 620 3804 φωτίζειν,
652 3729 744 3784 καὶ
774 3727 827 3783 τί
852 3729 916 3783 τὸ
945 3727 1214 3796 τελειοῦν,
1247 3727 1392 3783 εἶπεν
1423 3728 1475 3783 ἐν
1506 3733 1587 3801 τῷ
1631 3730 1758 3806 Περὶ
1804 3737 1905 3800 τῆς
1949 3730 2002 3786 ἐν

352 3821 603 3893 οὐρανοῖς
635 3822 683 3858 ⁸⁸
710 3816 1000 3894 ἱεραρχίας
1031 3816 1314 3892 κεφαλαίῳ
1354 3819 1401 3894 γ’
1429 3819 1553 3894 περὶ
1598 3818 1660 3874 τὸ
1702 3817 1881 3890 τέλος,
1911 3821 2004 3877 καὶ

345 3907 456 3964 ὧδε
481 3907 694 3984 προϊών
729 3907 884 3983 [ἐρεῖ·
918 3905 1053 3974 αὕτη
1086 3903 1143 3962 δὲ
1172 3909 1207 3976 ἡ
1237 3906 1433 3982 τριάς].

414 3997 801 4055 Τελειώσεσιν.
867 3996 1101 4070 Πρώτην
1147 3995 1211 4050 τὸ
1277 3995 1548 4073 καθαίρειν
1605 3996 1734 4061 τοὺς
1782 3998 2006 4056 ἀτελέσ-

331 4109 473 4151 τους
500 4105 514 4118 ’
556 4084 724 4158 μέσην
751 4085 872 4148 καθ’
901 4085 968 4154 ἢν
1002 4081 1208 4147 ἄλλους
1245 4087 1468 4158 μυοῦσιν
1499 4104 1513 4119 ⁶
1549 4084 1785 4163 ἐσχάτην
1838 4086 1896 4144 δὲ
1941 4089 2004 4144 τὸ

327 4174 704 4245 τελειωθῆναι
743 4173 933 4247 μόνον.

411 4266 482 4322 Ἣ
509 4265 708 4337 πρώτη
746 4261 1036 4336 μὲν.Ἀντὶ
1065 4266 1162 4318 τοῦ
1193 4264 1228 4333 ἡ
1258 4263 1414 4339 τριάς
1443 4268 1551 4320 τῶν
1588 4259 2003 4338 ὑποϐεϐηκυιῶν

330 4356 575 4426 τάξεων.

410 4444 480 4498 Ἡ
507 4443 728 4519 τρισσή.
761 4439 861 4505 Τίς
888 4443 924 4511 ἡ
954 4441 1151 4518 τρισσή
1185 4438 1416 4514 δύναμις
1447 4447 1554 4498 τῶν
1588 4444 1800 4520 ἱερέων.

413 4533 724 4604 Συνάξιως.
757 4531 893 4588 Ἀπὸ
917 4529 1102 4586 κοινοῦ
1130 4529 1215 4601 τό,
1249 4529 1690 4607 ἀποδειχθείσης.

2110 3380 2408 3432 ostensam
2438 3376 2737 3448 triplicem
2771 3374 3111 3431 hierarchiaa
3141 3375 3511 3436 divisionem.

2181 3552 2486 3609 Sacrorum
2508 3553 2916 3610 ministrorum.
2949 3552 3031 3609 De
3065 3552 3136 3609 iis
3168 3553 3270 3626 qui
3299 3554 3634 3626 perﬁciunt.

2181 3644 2409 3714 Expiat.
2441 3641 2590 3706 Quid
2641 3642 2719 3697 sit
2765 3643 3022 3713 expiare,
3056 3647 3115 3697 et
3162 3642 3304 3714 quid
3358 3643 3680 3712 illustrare,
3712 3649 3772 3703 et

2115 3733 2256 3803 quid
2299 3731 2596 3802 perﬁcere,
2627 3731 2775 3786 dixit
2816 3733 2876 3787 in
2924 3731 3076 3787 libro
3107 3732 3182 3787 De
3210 3733 3418 3788 calcati
3447 3733 3772 3792 hierarehia

2115 3820 2305 3892 capite
2332 3820 2504 3875 tertio
2550 3820 2705 3876 circa
2748 3821 2950 3888 ﬁnem,
2984 3827 3041 3876 et
3070 3820 3166 3876 hic
3198 3823 3581 3894 progrediens
3613 3824 3718 3896 [ait
3752 3841 3768 3882 :

2114 3911 2236 3982 ipsa
2265 3913 2450 3965 autem
2479 3908 2677 3979 tritis].

2183 3999 2646 4070 Per/eetionibus.
2697 3997 2980 4068 Primam,
3031 4014 3282 4071 purgare
3341 4015 3440 4057 eos
3499 4002 3600 4075 qui
3649 4019 3767 4060 non

2114 4092 2256 4143 sunt
2284 4086 2528 4152 initiati;
2573 4087 2857 4158 mediam,
2890 4087 2950 4143 in
2996 4103 3113 4160 qua
3163 4087 3309 4146 alios
3358 4090 3601 4160 docent;
3635 4108 3772 4164 pos-

2111 4181 2386 4244 tremam,
2421 4175 2620 4248 perﬁci
2653 4180 2900 4232 tantum.

2185 4269 2379 4323 Prima
2441 4265 2680 4336 quidem.
2740 4265 2882 4336 Pro,
2940 4266 3130 4323 ternio
3195 4267 3546 4326 inferiorum
3606 4270 3771 4327 ordi-

2113 4373 2280 4413 num.

2186 4447 2427 4518 Triplex.
2461 4445 2597 4509 Quae
2626 4445 2715 4500 vis
2745 4443 2957 4516 triplex
2989 4446 3388 4506 sacerdotum.

2185 4535 2488 4608 Synaxeos.
2522 4532 2739 4606 Supple
2768 4528 3212 4607 ἀποδειχθείσης,
3247 4536 3679 4596 demonstrate,

412 4627 526 4680 Νῦν
559 4619 618 4677 δὶ
639 4623 765 4692 τήν.
798 4622 893 4676 Ἐκ
919 4621 1021 4697 γὰρ
1051 4625 1160 4676 τῶν
1195 4619 1354 4685 θείων
1386 4625 1615 4699 Γραφῶν
1638 4621 2005 4699 καθαιρόμεθα

2184 4625 2342 4681 Nunc
2373 4629 2582 4680 autem.
2617 4621 2836 4678 Divinis
2875 4623 3033 4678 enim
3077 4623 3396 4695 Scripturis
3444 4643 3772 4701 purgamur

331 4717 428 4771 καὶ
469 4711 872 4784 ἑλλαμπόμεθα
909 4711 1048 4787 πρὸς
1087 4711 1188 4778 τήν
1220 4711 1369 4784 ἱερὰν
1417 4713 1771 4787 θεογενεσίαν·
1806 4712 1866 4768 ἐκ
1906 4721 2007 4785 τῆς

336 4802 612 4873 συνάξεως
645 4797 704 4855 δὲ
731 4799 821 4855 καὶ
851 4803 952 4865 τῆς
977 4803 1076 4855 τοῦ
1130 4798 1303 4873 μύρου
1346 4799 1573 4870 τελετῆς
1623 4798 2004 4876 ἐπιστημόνως

331 4890 726 4964 τελειούμεθα.
761 4889 1083 4962 Σημείωσαι
1135 4888 1225 4943 καὶ
1274 4888 1500 4944 ἐνταῦθα
1545 4889 1756 4964 ὁμοίως
1800 4889 2004 4964 δηλου-

340 4984 522 5056 μένην
547 4980 646 5048 τὴν
677 4975 966 5055 τριαδικήν
1000 4975 1279 5054 διαίρεσιν.

334 5070 503 5147 [Περὶ
529 5068 756 5140 τάξεων,
785 5065 914 5138 ἤτοι
959 5066 1083 5144 περὶ
1132 5071 1240 5121 τῶν
1281 5068 1567 5141 ἱερατικῶν
1613 5068 2003 5145 τελειώσεων.]

653 5161 949 5230 Διαιρεῖται
979 5158 1015 5226 ἡ
1048 5155 1296 5230 ἱερατικὴ
1328 5153 1692 5232 διακόσμησις

987 5245 1320 5320 φωτιστικὴν
1338 5288 1354 5319 ,

329 5251 415 5316 εἷς
444 5258 712 5324 καθαρτι-
987 5245 1320 5320 φωτιστικὴν
1338 5288 1354 5319 ,
1619 5245 1998 5321 τελειωτικήν.

331 5342 473 5412 κήν,

408 5486 501 5560 (π)
528 5481 713 5544 Exod.
743 5498 884 5555 xxv,
913 5479 1005 5541 40.
1084 5481 1166 5555 (y)
1198 5480 1408 5540 Matth.
1438 5498 1494 5553 v,
1528 5483 1616 5540 i7.

2118 4719 2176 4771 et
2203 4713 2576 4769 illustramur
2607 4712 2680 4767 ad
2725 4726 2954 4767 sacram
3006 4711 3106 4768 Dei
3155 4715 3638 4784 generationem:
3670 4734 3770 4791 sy-

2117 4819 2332 4860 naxeos
2360 4819 2493 4859 vero
2522 4806 2579 4858 et
2607 4801 2896 4874 unguenti
2943 4806 3312 4859 sacramento
3343 4803 3597 4861 scienter
3639 4823 3772 4879 per-

2115 4892 2369 4948 ﬁcimur.
2402 4894 2550 4947 Nota
2595 4889 2771 4946 etiam
2820 4888 2916 4946 hic
2949 4889 3227 4947 similiter
3257 4892 3615 4951 declaratam
3661 4895 3770 4950 tri-

2115 4981 2324 5056 plicem
2357 4980 2728 5037 divisionem.

2153 5071 2250 5127 19
2284 5071 2387 5142 [De
2416 5070 2750 5140 ordinibus,
2776 5086 2876 5126 seu
2911 5070 2982 5127 de
3014 5071 3198 5128 sacris
3229 5072 3732 5148 perfection-ibus.]

2467 5159 2760 5216 Dividitur
2803 5158 3238 5218 ecclesiasticus
3268 5163 3411 5219 ordo

2254 5252 2317 5308 in
2347 5249 2596 5323 expiati-

2255 5355 2409 5408 vum,

2847 5248 3142 5306 illumina-

2851 5339 3048 5407 tivum,

3387 5256 3611 5326 perfec-

3403 5344 3605 5412 tiuum.

1363 5624 1608 5684 VARIx‘E
1646 5626 2040 5688 LECTIONES
2081 5629 2169 5687 ET
2206 5623 2763 5688 CORRECTIONES.

412 5748 466 5788 ³⁸
495 5743 812 5821 πλήρωσις.
885 5742 934 5780 ⁸⁸
960 5737 1257 5816 καθαίρειν.
1335 5743 1381 5782 ³⁸
1411 5739 1688 5820 οὐρανίας.
