4134 6394
369 377 471 433 163

1184 377 1549 430 APPENDIX
1586 381 1683 432 AD
1719 378 1962 433 OPERA
1997 379 2056 430 S.
2100 375 2414 432 DIONYSII
2456 378 2956 434 ABEOPAGITE.

3681 379 3786 434 164

434 506 463 572 §
493 501 584 558 IV.
616 503 698 556 An
725 515 836 556 non
880 513 1112 572 quaeque
1151 500 1453 556 sensibites.
1491 499 1560 556 Ut
1593 500 1651 555 in
1677 501 1828 556 vitro
1860 499 2005 571 quod

2202 502 2230 567 ᾗ
2288 500 2379 555 IV.
2441 500 2512 555 Ἣ
2569 499 2700 574 οὐχὶ
2756 499 2847 554 καὶ
2899 501 2994 562 τὰς
3052 499 3334 571 αἰσθητάς.
3391 500 3482 564 Ὠς
3536 500 3627 558 ἰπὶ
3681 509 3782 573 τῆς

365 593 550 649 solem
582 588 808 662 recipit,
841 589 997 661 quod
1027 589 1204 646 etiam
1235 606 1416 662 supra
1445 589 1620 659 dixit;
1654 594 1831 662 atque
1862 594 1928 644 ut
1957 589 2017 645 in

364 682 498 754 igne
527 685 628 737 aut
670 679 893 734 lumine
941 679 1196 750 perspici
1245 678 1399 746 licet,
1434 696 1567 734 cum
1601 679 1743 735 illud
1777 679 2016 751 quidem

2130 588 2292 644 ὑέλου
2325 587 2634 664 δεχομὲνης
2659 591 2750 645 τὸν
2784 589 2974 660 ἥλιον,
3003 589 3136 666 ὅπερ
3180 591 3268 646 καὶ
3320 589 3576 666 ἀνωτέρω
3620 593 3738 648 εἷπε
3764 612 3778 626 °

2125 677 2215 732 καὶ
2248 679 2360 733 οἷον
2397 678 2484 734 ἐπὶ
2517 683 2612 734 τοῦ
2639 679 2808 755 πυρὸς
2855 680 2892 750 ἢ
2934 683 3032 734 τοῦ
3081 679 3260 754 φωτὸς
3309 676 3450 735 ἔστιν
3503 677 3653 753 ἰδεῖν,
3682 687 3784 737 τοῦ

364 787 468 843 per
496 769 696 826 tenuia
717 773 775 825 et
799 768 1095 840 perlucida
1124 785 1368 841 corpora
1395 768 1703 840 colluceat,
1725 773 1782 825 et
1801 768 2005 825 crassis

2132 767 2224 838 μὶν
2281 765 2371 822 διὰ
2414 772 2521 822 τῶν
2575 768 2776 843 ἀραιῶν
2822 767 2913 822 καὶ
2965 765 3239 845 διαφανῶν
3298 767 3566 842 σωμάτων
3616 791 3782 826 κατα-

365 865 424 917 et
451 859 752 930 obscuris;
783 859 938 931 ignis
967 863 1164 914 autem
1205 875 1308 930 per
1353 860 1661 915 materiam
1693 875 1821 932 quis
1856 857 2005 914 facile

2132 853 2444 930 λάμποντος
2501 856 2592 912 καὶ
2653 858 2719 912 τὰ
2771 858 3057 934 παχύτερα
3112 857 3202 912 καὶ
3255 855 3488 932 ἀλαμπῆ
3523 875 3537 891 ⁶
3567 864 3666 915 τοῦ
3721 857 3783 915 δὲ

368 949 636 1007 comburi
687 953 897 1022 potest,
929 949 1102 1004 etiam
1135 950 1335 1004 minus
1367 953 1536 1020 aptas
1586 950 1658 1005 ad
1705 965 1839 1005 eum
1873 948 2019 1004 reci-

365 1039 651 1113 piendum
685 1041 926 1094 naturas
956 1043 1180 1094 exurat.

439 1129 723 1184 "lucescit.
758 1127 1030 1183 Efﬁcacia
1061 1129 1321 1200 episcopi
1346 1128 1639 1184 videlicet.

439 1219 671 1276 Istorum
700 1219 874 1288 igitur
901 1226 995 1274 est.
1031 1222 1109 1274 Ex
1138 1220 1462 1288 communi,
1486 1217 1710 1274 scilicet
1737 1217 2018 1290 loquendi

2126 947 2297 1021 πυρὸς
2328 944 2417 1002 διὰ
2453 954 2551 1017 τῆς
2604 946 3049 1019 εὐκαταπρήστου
3107 944 3271 1018 ὕλης,
3309 947 3401 1002 καὶ
3451 947 3544 1010 τὰς
3590 949 3780 1005 ἀνεπι-

2123 1035 2374 1106 τηδείους
2403 1037 2539 1111 πρὸς
2575 1057 2859 1109 μετουσιαν
2892 1037 3056 1092 αἶ)τοῦ
3085 1036 3451 1112 ἐκπυροῦντος
3482 1036 3690 1112 φύσεις.

2197 1125 2528 1200 Ἐλλάμπει·
2563 1128 2627 1184 Ἱί
2659 1125 2896 1202 ἐνέργεια
2923 1130 3020 1182 τοῦ
3051 1127 3314 1201 ἱεράρχου
3347 1123 3632 1198 δηλονότι.

2195 1215 2410 1271 Τούτων
2443 1213 2534 1270 οὖν
2585 1215 2716 1273 εστι.
2751 1217 2902 1272 Κατὰ
2955 1219 3146 1270 κοινοῦ
3202 1213 3444 1286 ληπτέον
3500 1218 3562 1272 τὸ
3613 1214 3726 1272 ἐστί
3762 1238 3778 1252 ·

362 1310 560 1376 modo,
602 1309 960 1364 sumendum
1017 1312 1106 1364 est
1161 1309 1403 1364 verbum
1463 1304 1604 1377 ἐστίς
1665 1307 2005 1364 subauditui

2132 1305 2600 1379 προσυπακούεται
2631 1305 2734 1382 γὰρ
2766 1304 2855 1360 ἐπὶ
2885 1304 3034 1361 ὅλων
3061 1309 3169 1360 τῶν
3202 1303 3254 1360 ἰν
3285 1310 3365 1378 τῷ
3382 1305 3560 1380 τόπῳ.

362 1399 519 1455 enim
556 1416 569 1455 :
603 1398 663 1452 in
696 1397 976 1454 omnibus
1007 1414 1134 1469 quaa
1167 1402 1308 1453 sunt
1340 1399 1398 1452 in
1434 1397 1578 1454 loco.

434 1488 542 1556 Qui
568 1489 742 1544 Deum
770 1490 1023 1555 cernunt,
1053 1485 1116 1539 τὸ
1153 1491 1291 1548 τοῖς.
1323 1487 1490 1554 Nota,
1520 1485 1853 1558 pontiﬁcem
1895 1486 2012 1558 pri-

2195 1488 2526 1556 Θεοπτικῶν,
2566 1486 2629 1541 τὸ
2678 1490 2815 1549 τοῖς.
2867 1482 3208 1557 Σημείωσαι,
3259 1481 3342 1539 ὅτι
3395 1488 3698 1548 θεοπτικῶς
3747 1485 3778 1540 ὁ

361 1591 458 1632 mo
489 1575 690 1631 divina
717 1575 941 1631 visione
973 1573 1279 1642 collucere,
1316 1575 1680 1645 deindejeam
1709 1573 1914 1646 largiri
1942 1573 2005 1630 iis

2132 1573 2388 1650 ἱεράρχης
2416 1577 2634 1650 πρῶτον
2687 1572 3026 1647 ἕλλάμπεται
3062 1591 3076 1605 ⁸
3112 1575 3223 1629 εἶτα
3275 1571 3608 1647 μεταδίδωσι
3657 1578 3781 1637 τοῖς

358 1666 579 1738 quibus
611 1669 839 1738 presset,
873 1669 1170 1737 postremo
1201 1666 1309 1722 hos
1340 1666 1568 1736 perﬁcit
1597 1665 1814 1738 quibus
1846 1663 2014 1721 illus-

356 1755 671 1812 trationem
703 1754 1124 1810 communicat.

2125 1665 2212 1718 ὑπ’
2244 1662 2403 1719 αὐτόν
2438 1683 2452 1696 ⁸
2487 1664 2598 1719 εἶτα
2633 1668 2840 1719 τελειοῖ
2877 1662 3122 1733 τούτους,
3150 1663 3232 1726 οἷς
3293 1659 3623 1737 μεταδίδωσι
3670 1668 3778 1733 τῆς

2122 1751 2473 1826 ἐλλάμψεως.

427 1844 820 1918 §V.Primu.s
875 1843 1093 1914 quidem
1149 1852 1248 1900 est.
1309 1844 1664 1913 Notandum,
1718 1843 2005 1915 quomodo

2192 1842 2310 1911 §V.
2343 1842 2542 1918 Πρώτη
2607 1840 2700 1915 μίν
2762 1840 2896 1899 ἐστι.
2931 1840 3305 1916 Σημειωτὲον,
3362 1845 3480 1905 πῶς
3538 1842 3574 1911 ἡ
3634 1839 3772 1912 αὐτὴ

354 1933 514 1991 idem
545 1935 687 1990 ordo
719 1934 798 1989 sit
829 1933 1058 2005 primus
1090 1937 1148 1988 et
1179 1936 1530 2005 postremus.

429 2024 713 2080 Hierarchi
744 2030 955 2080 autem.
988 2026 1064 2078 De
1111 2023 1164 2077 vi
1216 2021 1488 2077 ordinum
1540 2021 1702 2078 dicit.
1739 2025 1824 2077 Ita
1873 2037 2010 2078 vero

354 2116 584 2185 oportet
611 2129 678 2169 ea
703 2111 1005 2184 proposita
1032 2110 1310 2184 intelligi,
1333 2112 1488 2183 quod
1511 2110 1711 2168 omnia
1731 2110 2010 2168 ecclesia-

355 2201 502 2258 stico
534 2217 696 2258 more
745 2201 1021 2273 perfecta,
1047 2201 1118 2256 ad
1152 2201 1488 2272 pontiﬁcem
1539 2201 1910 2268 referuntur;
1947 2206 2011 2256 ut

356 2291 458 2364 qui
488 2308 556 2348 ea
585 2307 688 2363 per
718 2307 857 2346 suos
889 2291 1126 2346 ordines
1176 2294 1472 2362 operatur,
1497 2291 1716 2362 quibus
1762 2290 2011 2362 praebuit

351 2383 698 2452 potestatem
740 2379 862 2434 hrsc
903 2379 1145 2451 agendi;
1178 2379 1283 2435 sed
1314 2383 1510 2435 tamen
1545 2379 1832 2451 praecipue
1861 2396 2007 2452 pon-

351 2469 521 2541 tiﬁci,
554 2474 619 2525 ut
649 2470 898 2541 ipsemet
927 2473 1188 2542 peragat,
1223 2473 1280 2525 et
1309 2486 1424 2524 non
1467 2469 1860 2541 perpaliorum
1895 2470 2008 2524 mi-

347 2558 682 2629 nisterium,
717 2558 1000 2614 attributa
1046 2563 1136 2614 est
1184 2559 1470 2629 unguenti
1511 2557 1916 2626 sanctiﬁcatio,
1951 2562 2007 2614 et

347 2646 552 2705 altaris
583 2647 967 2717 consecratio,
999 2651 1057 2702 et
1085 2646 1621 2703 ecclesiasticorum
1660 2647 1950 2702 ordinatio
1985 2663 1998 2701 :

347 2753 476 2810 qua:
504 2736 682 2794 etiam
715 2736 1090 2808 perfectionis
1123 2737 1442 2792 effectrices
1475 2735 2002 2808 imagines‘divinaa

345 2825 656 2898 potestatis.
691 2825 933 2882 vocavit.
964 2823 1236 2894 Ὁλότητα
1287 2842 1565 2882 summam
1615 2831 1812 2881 autem
1859 2825 2004 2882 dicit

343 2915 650 2972 universos
681 2915 939 2984 ordines,
975 2919 1038 2970 ut
1068 2914 1268 2972 statim
1303 2915 1560 2987 exponit.

413 3093 506 3149 Hae
535 3095 720 3148 autem
748 3095 897 3148 sunt.
934 3092 1016 3154 ld_
1039 3095 1151 3160 est,
1185 3108 1315 3164 quae
1365 3092 1679 3164 perﬁciunt
1726 3094 1997 3148 sanctum

345 3183 659 3254 panemin
710 3199 922 3254 corpus
953 3181 1188 3254 Christi,
1222 3187 1278 3238 et
1326 3181 1564 3238 calicem
1617 3181 1676 3236 in
1726 3185 1992 3238 sanctum

2119 1929 2312 2006 πρώτη
2344 1930 2434 1984 καὶ
2465 1928 2670 2006 ἐσχάτη
2701 1931 2866 2001 τάξις.

2189 2021 2250 2076 Ἡ
2285 2018 2342 2074 δὲ
2385 2027 2483 2089 τῆς
2533 2021 2878 2096 ἱεραρχικῆς.
2911 2019 3040 2089 Περὶ
3097 2026 3198 2090 τῆς
3255 2023 3364 2076 τῶν
3423 2019 3622 2090 τάξεων
3676 2017 3770 2075 δυ-

2117 2107 2356 2182 νάμεως.
2398 2107 2559 2165 Οὕτω
2615 2107 2671 2164 δὲ
2727 2110 2840 2184 χρὴ
2894 2112 3088 2174 νοῆσαι
3146 2108 3215 2164 τὰ
3270 2107 3625 2184 προκείμενα,
3687 2109 3774 2164 δτι

2117 2199 2292 2253 πάντα
2354 2198 2448 2272 μὶν
2506 2199 2574 2253 τὰ
2627 2199 2909 2274 ἱερατικῶς
2965 2196 3290 2272 τελούμενα,
3324 2197 3401 2260 εἷς
3447 2197 3540 2254 τὸν
3585 2198 3774 2275 ἱεράρ-

2116 2305 2225 2363 χην
2283 2291 2383 2357 τὴν
2441 2287 2712 2365 ἀναφορὰν
2773 2284 2914 2362 ἔχει,
2946 2287 3021 2349 ὡς
3051 2287 3218 2343 nino?)
3251 2284 3340 2343 διὰ
3367 2291 3476 2342 τῶν
3511 2287 3646 2361 [ὑπ’]
3677 2287 3774 2344 αὖ.

2115 2381 2210 2432 τοῦ
2269 2375 2564 2453 ταγμάτων
2618 2380 2787 2432 ταῦτα
2846 2376 3214 2453 ἱνεργοῦντος,
3260 2378 3344 2439 οἷς
3385 2376 3476 2432 καὶ
3530 2376 3776 2454 παρέσχε

2112 2468 2211 2536 τήν
2265 2464 2493 2539 δύναμιν
2543 2470 2640 2521 τοῦ
2695 2470 2863 2520 ταῦτα
2906 2464 3159 2541 ἐνεργεῖνο
3195 2463 3349 2538 ὅμως
3407 2463 3489 2534 ἐν,
3512 2463 3774 2540 ἰξαιρὲτῳ

2113 2559 2192 2626 τῷ
2222 2554 2454 2630 ἱεράρχῃ
2483 2554 2619 2629 πρὸς
2650 2554 2999 2631 αὐτουργίαν,
3029 2555 3123 2609 καὶ
3168 2554 3232 2609 ού
3283 2551 3372 2609 διὰ
3414 2560 3516 2624 τῆς
3571 2554 3770 2630 ὲτὲρων

2117 2644 2410 2718 ὑπουργίας
2462 2643 2914 2717 ἀποκεκλήρωται
2977 2645 3006 2698 ὁ
3064 2647 3161 2698 τοῦ
3243 2643 3416 2719 μύρου
3475 2643 3772 2718 ἁγιασμὸς,

2110 2733 2201 2787 καὶ
2233 2735 2267 2802 ἡ
2302 2737 2398 2787 τοῦ
2431 2731 2816 2806 θυσιαστηρίου
2854 2733 3204 2808 καθιέρωσις,
3234 2732 3323 2786 καὶ
3370 2735 3404 2802 ἡ
3463 2737 3573 2788 τῶν
3617 2733 3768 2808 ἱερα-

2109 2827 2274 2876 τικῶν
2335 2823 2650 2898 χειροτονία
2682 2840 2694 2853 ⁸
2730 2824 2884 2877 ἅτινα
2941 2822 3029 2877 καὶ
3086 2819 3500 2898 τελεσιουργοὺς
3552 2820 3766 2884 εἰκόνας

2108 2918 2209 2980 τῆς
2267 2910 2411 2973 θείας
2465 2908 2742 2984 δυνάμεως
2802 2908 3129 2966 ἀπεκάλεσεν
3165 2929 3180 2944 ο
3223 2906 3466 2982 ὀλότητα
3509 2907 3570 2968 δὲ
3625 2931 3762 2990 φησι

2109 3002 2280 3062 πάσας
2309 2999 2403 3062 τὰς
2433 3001 2629 3073 τάξεις,
2658 3001 2732 3063 ὡς
2764 2999 2917 3063 εὐθὺς
2949 2999 3308 3074 ἰπεξηγεῖται.

2179 3089 2348 3146 Αὗται
2399 3085 2456 3145 δι
2501 3089 2624 3146 εἰσι.
2655 3090 2935 3144 Τουτᾶστιν
2997 3089 3053 3144 αἱ
3092 3087 3398 3144 τελειοῦσαι
3457 3089 3550 3145 τὸν
3606 3090 3759 3166 ἅγιον

2108 3177 2266 3255 ἄρτον
2301 3177 2378 3242 εἷς
2405 3183 2563 3252 σῶμα
2595 3182 2846 3254 Χριστοῦ,
2879 3177 2970 3234 καὶ
3021 3179 3082 3233 τὸ
3141 3180 3406 3254 ποτήριον
3466 3177 3544 3242 εἷς
3602 3180 3760 3255 ἅγιον

342 3272 716 3345 sanguinem,
747 3277 806 3329 ct
835 3288 1048 3344 aquam
1090 3272 1147 3327 in
1194 3276 1460 3328 sanctam
1493 3271 1911 3342 expiationem,
1943 3273 1999 3326 et

2132 3241 2272 3344 rigua,
2301 3269 2390 3324 καὶ
2421 3270 2484 3324 τὸ
2515 3267 2656 3331 ὕδως
2690 3268 2767 3332 εἲς
2810 3268 2965 3344 ἁγίαν
3015 3267 3293 3345 κάθαρσιν,
3325 3269 3416 3324 καὶ
3468 3269 3562 3325 τὸν
3610 3241 3767 3348 dilati)-

339 3379 472 3419 eum
505 3362 606 3435 qui
637 3379 758 3424 non
798 3366 888 3419 est
929 3361 1262 3418 illustratus
1291 3361 1352 3418 in
1384 3361 1792 3434 adoptionem;
1826 3364 2000 3416 caste-

338 3468 519 3524 raque
550 3452 750 3508 omnia
781 3451 986 3507 eodem
1017 3451 1210 3507 modo.

409 3540 557 3596 Licet
587 3542 740 3596 enim
769 3557 805 3594 a
830 3541 1222 3596 sacerdotibus.
1257 3539 1407 3596 Nota
1445 3543 1504 3595 et
1547 3554 1911 3608 consecrare,
1945 3541 2002 3593 et

341 3629 628 3686 conﬁcere
683 3632 1075 3700 unguentum,
1135 3645 1252 3683 non
1312 3644 1440 3684 esse
1499 3629 1998 3700 presbyterorum,

344 3734 492 3790 quos
524 3717 704 3775 etiam
753 3717 1086 3773 sacerdotes
1136 3715 1420 3788 appellat;
1472 3716 1615 3786 quin
1664 3731 1771 3770 nec
1819 3715 2003 3771 altare

342 3823 706 3876 consecrare,
737 3805 970 3862 etiamsi
1018 3806 1079 3860 in
1109 3821 1177 3860 eo
1213 3805 1484 3872 offerant;
1519 3821 1626 3860 nec
1677 3821 1811 3860 vero
1842 3804 2002 3860 ordi-

344 3913 504 3954 nare.
539 3896 668 3952 Haac
713 3895 870 3950 enim
905 3894 1062 3950 solus
1097 3894 1362 3966 pontifex
1410 3894 1659 3966 perﬁcit,
1683 3898 1845 3950 extra
1875 3910 2002 3966 quas

345 3985 669 4059 presbyter,
703 4000 810 4041 nec
856 3983 1199 4056 baptizabit,
1233 3999 1339 4039 nec
1390 3983 1621 4051 offeret;
1653 3983 1756 4038 80
1800 3983 1900 4039 sed
1941 3983 2000 4036 in

343 4075 416 4130 iis
439 4090 566 4146 quae
586 4073 752 4146 prius
779 4090 813 4129 a
843 4071 1116 4146 pontiﬁce
1140 4076 1480 4129 consecrata
1502 4071 1741 4143 fuerint,
1766 4087 2000 4129 sacrum

344 4162 538 4220 faciet.

417 4252 952 4324 Sanctiﬁcatzonem.
1002 4253 1098 4310 Gr.
1155 4249 1448 4325 ἀγιστείαν.
1501 4251 1631 4310 Sive
1680 4251 2002 4309 ordinatio-

344 4356 502 4399 nem.

414 4430 816 4502 Singulariter,
848 4431 946 4487 Gr.
990 4427 1214 4492 ἑνιαίος.
1251 4430 1317 4486 In
1348 4428 1603 4487 solidum
1653 4447 1756 4488 seu
1809 4429 2002 4502 priva-

342 4521 472 4578 tim.

2109 3379 2290 3415 τιστον
2323 3358 2400 3423 εἷς
2430 3360 2726 3424 υἱοθεσίανο
2757 3357 2892 3432 [καὶ]
2921 3359 3096 3413 πάντα
3124 3357 3192 3413 τὰ
3222 3357 3395 3414 Λοίπὰ
3423 3357 3656 3432 ὁμοίως.

2181 3537 2248 3596 Εἰ
2305 3537 2407 3614 γὰρ
2452 3539 2541 3594 καὶ
2588 3538 2726 3614 πρὸς
2773 3541 2881 3592 τῶν
2931 3535 3115 3609 ἱερῶν.
3169 3536 3514 3610 Σημείωσαι,
3546 3537 3630 3592 ὅτι
3680 3537 3777 3592 καὶ

2111 3627 2350 3702 ἁγιάσαι,
2399 3627 2490 3682 καὶ
2533 3626 2820 3682 τελειῶσαι
2872 3627 2934 3681 τὸ
2983 3625 3176 3700 μύρον,
3231 3624 3331 3680 οὐκ
3376 3622 3488 3680 ἔστι
3538 3621 3778 3700 πρεσϐυ-

2110 3716 2304 3789 τέρων,
2336 3714 2428 3778 οὓς
2481 3716 2572 3770 καὶ
2625 3717 2788 3792 ἱερεῖς
2817 3715 2976 3771 καλεῖ
3008 3734 3020 3748 ⁸
3055 3713 3181 3770 ἀλλ’
3213 3711 3336 3770 οὔτε
3381 3716 3774 3792 Θυσιαστήριον

2111 3802 2421 3874 τελειῶσαι,
2449 3803 2542 3858 ’ίνα
2596 3803 2687 3858 καὶ
2744 3805 3076 3881 προσενὲγκῃ
3107 3801 3189 3858 ἐπ’
3235 3802 3400 3859 αὐτοῦ
3425 3823 3436 3836 ·
3475 3800 3599 3859 οὔτε
3661 3805 3771 3877 μὴν

2115 3901 2523 3968 χειροτονῆσαι.
2555 3894 2731 3948 Ταῦτα
2779 3893 2882 3970 γὰρ
2939 3892 3106 3967 μόνος
3155 3894 3183 3947 ὁ
3226 3893 3498 3968 ἱεράρχης
3525 3897 3678 3947 ποιεῖ
3703 3895 3774 3963 ³⁸,

2113 3984 2188 4037 ὧν
2228 3983 2380 4047 ἐκτὸς
2433 3985 2460 4038 ὁ
2509 3978 2898 4061 πρεσϐύτερος,
2932 3983 3057 4038 οὕτε
3118 3981 3386 4058 βαπτίσει,
3416 3977 3540 4037 οὕτε
3595 4001 3774 4057 προσ-

2115 4071 2272 4136 οίσει,
2305 4072 2432 4129 ἀλλ’
2464 4072 2540 4137 εἰς
2589 4073 2655 4128 τὰ
2699 4070 3128 4149 προτελεσθέντα
3177 4071 3280 4128 ὑπὸ
3323 4073 3423 4126 τοῦ
3468 4067 3774 4127 ἐπισκόπου

2115 4163 2488 4238 ἱερουργήσει.

2184 4251 2515 4328 ’Δγιστείαν.
2549 4253 2708 4310 ’Ἤτοι
2742 4250 3111 4327 χειροτονίαν.
3185 4304 3189 4308 .

2187 4429 2462 4492 Ἑνιαίως.
2494 4434 2857 4506 Μονομερῶς.

410 4609 706 4668 Scientuu.
739 4608 867 4667 Vim
917 4612 976 4665 et
1022 4607 1362 4666 facultatem
1417 4609 1667 4667 docendi
1725 4607 2003 4682 mysteria

2183 4609 2286 4672 Τὰς
2319 4608 2648 4681 ἐπιστήμας.
2682 4609 2808 4666 Ὅτι
2837 4610 2873 4678 ἡ
2909 4604 3273 4679 διδασκαλική
3306 4612 3415 4664 τῶν
3457 4607 3780 4683 μυστηρίων

341 4698 726 4772 pontiﬁcibus
756 4697 1086 4755 convenire.

411 4787 572 4857 §VI.
623 4788 982 4846 Sacerdotum
1033 4789 1235 4844 autem.
1290 4786 1430 4853 Quis
1479 4789 1850 4846 sacerdotum
1899 4805 2002 4846 seu

339 4877 822 4951 presbyterorum
855 4877 929 4933 sit
960 4878 1123 4934 ordo.

410 4968 528 5037 Ipse
556 4965 725 5039 facit.
759 4966 1143 5022 Sacerdotum
1176 4963 1402 5021 scilicet
1432 4967 1596 5023 ordo.

411 5054 800 5111 Hinistrorum
827 5070 978 5113 vero.
1010 5054 1152 5118 Quis
1183 5053 1262 5110 sit
1300 5054 1714 5112 ministrorum
1745 5055 1910 5125 ordo,
1943 5055 2002 5113 id

341 5146 433 5200 est
462 5141 874 5208 diaconorum.

406 5232 637 5304 Expiat.
671 5232 976 5298 Quomodo
1008 5232 1241 5288 diaconi
1274 5232 1532 5304 expient.

413 5323 603 5393 Itaque
636 5321 698 5400 ιη
737 5329 949 5378 sancta.
982 5320 1407 5393 Contemplatio
1455 5319 1826 5392 expiationis.
1855 5321 2003 5382 Nota

339 5425 496 5478 vero,
529 5409 909 5466 diaconorum
939 5423 1068 5465 esse
1097 5424 1307 5466 exuere
1328 5412 1520 5466 vestes
1551 5414 1609 5466 et
1637 5409 1866 5467 tibialia
1895 5411 2000 5467 ba-

2114 4695 2344 4771 δύναμις
2377 4702 2495 4758 τοῖς
2523 4697 2810 4774 ἱεράρχαις
2841 4697 3092 4772 ἁρμόζει.

2184 4791 2211 4857 §
2238 4788 2337 4846 Vl.
2377 4787 2442 4842 Ἡ
2475 4783 2532 4841 δὲ
2560 4789 2666 4840 τῶν
2699 4785 2912 4860 ἱερέων.
2942 4786 3032 4850 Τίς
3064 4789 3100 4856 ἡ
3130 4790 3240 4844 τῶν
3273 4787 3462 4863 ἱερὲων
3492 4785 3667 4860 τάξις,

2113 4875 2281 4953 ἤγουν
2307 4879 2414 4931 τῶν
2447 4868 2852 4951 πρεσϐυτάρων.

2184 4965 2338 5032 Αύτή
2371 4961 2491 5038 δρᾷ.
2524 4965 2584 5019 Ἣ
2614 4967 2723 5017 τῶν
2757 4962 2942 5039 ἱερὶων
2975 4964 3123 5035 τάξις
3165 4962 3449 5036 δηλονότι.

2185 5054 2249 5110 Ἥ
2282 5051 2340 5108 δὲ
2367 5057 2473 5108 τῶν
2509 5050 2868 5128 λειτουργῶν.
2900 5053 2991 5116 Τίς
3020 5056 3055 5123 ἡ
3085 5057 3193 5109 τῶν
3226 5053 3566 5130 λειτουργῶν
3595 5055 3778 5130 τάξις,

2112 5142 2356 5197 τουτέστι
2385 5145 2492 5197 τῶν
2526 5138 2793 5197 διακόνων
2807 5184 2821 5198 .

2189 5230 2590 5305 Ἀποκαθαίρει.
2626 5232 2751 5293 HG):
2793 5229 3247 5306 ἀποκαθαίρουσιν
3279 5231 3331 5286 οἱ
3363 5229 3630 5290 διάκονοι.

2183 5323 2342 5378 ’Ὀθεν
2429 5319 2516 5374 ἐπὶ
2573 5321 2671 5388 τῆς
2748 5320 2915 5394 ἱερᾶς.
2977 5319 3188 5396 Θεωρία
3259 5326 3360 5391 τῆς
3432 5321 3774 5396 καθάρσεως.

2115 5410 2433 5484 Σημείωσαι
2467 5405 2544 5480 δὲ,
2579 5409 2660 5463 ὅτι
2690 5413 2799 5462 τῶν
2834 5406 3097 5477 διακόνων
3131 5407 3240 5464 ἐστὶ
3299 5411 3364 5465 τὸ
3391 5407 3648 5473 ἀποδύειν
3680 5410 3775 5467 καὶ

1353 5591 1603 5647 VARl/E
1641 5590 2039 5649 LECTIONES
2073 5593 2165 5648 ET
2205 5588 2762 5648 GORRECTIONES.

422 5711 468 5745 ³⁸
493 5709 734 5779 ποιήσει.
