4134 6410
316 378 431 434 165

1036 383 1094 434 S.
1135 379 1410 434 ΜΑΧΙΜΙ
1449 379 1759 433 SCHOLIA
1795 378 1869 431 IN
1909 377 2043 428 LIB.
2085 377 2182 428 DE
2222 377 2508 431 ECCLES.
2552 379 3024 434 HIERARCHIA.

3641 381 3747 437 166

318 499 588 558 ὑπολύειν
615 500 746 566 τοὺς
780 500 1232 578 βαπτιζομένους,
1258 501 1347 555 καὶ
1377 499 1515 577 πρὸς
1561 497 1768 573 δυσμὰς
1800 499 1973 567 ἱστᾷν,

2129 497 2400 569 tizandis,
2433 505 2489 555 et
2518 501 2588 556 ad
2624 517 2896 557 occasum
2943 502 3170 574 sistere,
3203 519 3268 560 ac
3300 519 3509 561 rursus
3539 506 3613 562 ad
3644 521 3742 562 or-

315 592 410 647 καὶ
439 589 592 654 αὖθις
623 591 760 666 πρὸς
787 589 1057 659 ἀνατολὴν
1106 589 1375 665 μετάγειν.

393 681 492 736 Διὸ
553 681 642 735 καὶ
690 686 810 743 ταῖς
862 682 1058 756 ἱεραῖς.
1093 679 1436 753 Σημείωσαι,
1496 678 1578 735 ὅτι
1638 679 1690 733 οὶ
1740 674 1981 732 διάκονοι

318 771 446 827 τότε
473 770 570 832 τὰς
601 770 766 846 θύρας
797 771 966 846 εἶχον·
1003 773 1091 825 νῦν
1127 767 1185 825 δὲ
1213 770 1267 824 οἱ
1299 767 1673 824 ὁποδιάκονοι·

395 954 425 1021 §
452 952 573 1009 VII.
606 947 882 1004 Δέδεικται
913 948 1118 1004 τοίνυν.
1154 946 1684 1026 Ἀνακεφαλαίωσις.

397 1035 625 1110 Δηλαδὴ
671 1044 775 1107 τῆς
827 1038 1177 1114 ἱεραρχικῆς.
1230 1040 1352 1094 ’Ότι
1387 1038 1414 1091 ὁ
1448 1035 1745 1096 ἐπίσκοπος
1793 1033 1883 1088 καὶ
1921 1034 1988 1088 τὰ

316 1133 432 1184 τῶν
469 1125 774 1205 ὁφειμένων
807 1132 977 1194 ποιεῖ,
1007 1127 1100 1182 καὶ
1132 1127 1184 1181 οἱ
1215 1130 1423 1200 πρῶτοι
1454 1126 1520 1179 τὰ
1559 1128 1667 1180 τῶν
1723 1120 1984 1199 δευτέρων

317 1217 415 1272 καὶ
463 1221 574 1271 τῶν
629 1216 745 1289 μετ’
796 1215 995 1278 αὐτοὺς
1039 1219 1288 1271 ποιοῦσιν
1362 1214 1462 1270 οὐκ
1509 1211 1776 1269 ἀνάπαλιν
1829 1209 1907 1282 δὲ,
1935 1212 1988 1266 οἱ

319 1303 571 1380 δεύτεροι
598 1305 665 1359 τὰ
694 1308 801 1360 τῶν
833 1305 1092 1380 πρώτων.

394 1396 704 1471 Ἐγχειρεῖν
755 1393 1095 1463 ἀλαζονείαν.
1146 1395 1270 1452 Ὅτι
1319 1390 1544 1449 ἕκαστον
1595 1393 1710 1468 ’χρὴ
1765 1393 1841 1464 μή
1889 1411 1986 1446 κα-

228 1533 234 1536 .
317 1483 606 1556 τατολμᾷν
634 1487 741 1537 τῶν
778 1482 1060 1556 μειζόνων.

393 1572 620 1635 Εἶκόνες
677 1573 731 1627 αἱ
802 1572 1109 1649 ἱερατικαί.
1170 1571 1326 1634 Τίνος
1383 1570 1544 1627 τόποι
1606 1570 1661 1625 αἱ
1723 1571 1988 1646 ἱερατικαὶ

319 1661 528 1735 τάξεις,
556 1661 625 1717 τὰ
647 1662 796 1734 παρὰ
841 1666 940 1717 τοῦ
989 1666 1123 1717 Θεοῦ
1172 1661 1298 1738 περὶ
1326 1661 1456 1724 τοὺς
1497 1659 1816 1736 ἀνθρώπους
1843 1656 1989 1732 ἐνερ-

318 1756 540 1829 γοῦσαι.

397 1839 627 1909 Ἐπειδὴ
657 1840 782 1917 γάρ.
817 1841 949 1913 Περὶ
978 1845 1088 1896 τῶν
1119 1839 1386 1916 οὐρανίων
1415 1842 1460 1877 ³⁷
1488 1838 1710 1913 τάξεων,
1741 1841 1859 1900 πῶς
1888 1836 1992 1892 ὑπὸ

319 1936 458 1988 Θεοῦ
488 1932 903 2006 ἱερουργοῦνται
935 1933 1002 1987 ³⁸.

397 2023 474 2078 Il.
508 2020 570 2077 Ὁ
599 2020 694 2092 μὲν
727 2019 1017 2096 ἱεράρχης.
1049 2017 1369 2095 Χειροτονία
1398 2017 1717 2091 ἐπισκόπου,
1750 2010 1983 2093 πρεσϐυ-

317 2112 415 2184 τέρ
425 2130 487 2164 ου
517 2108 609 2164 καὶ
641 2106 918 2166 διακόνου.

393 2204 602 2276 ’Ἄμφω
629 2198 708 2252 τὼ
739 2195 895 2255 πόδε.
928 2202 1035 2252 Νῦν
1066 2197 1263 2274 ὲτέρως
1295 2195 1648 2252 ἐπιτελεῖται.

391 2291 530 2343 "Eva
553 2292 662 2342 τῶν
695 2284 904 2344 ποδῶν.
937 2283 1185 2358 Ἄδηλον
1220 2283 1279 2342 δὲ
1325 2292 1485 2341 ποῖον
1513 2282 1654 2339 πόδα
1686 2284 1840 2360 φησί.

392 2379 524 2441 Καθ’
554 2373 802 2434 ἕκαστον.
837 2375 1180 2449 Σημείωσαι,
1213 2374 1297 2431 ὅτι
1347 2376 1460 2451 χρή
1509 2374 1713 2436 πάντας
1761 2372 1888 2435 τοὺς
1931 2370 1982 2428 ἐν

323 2471 407 2538 τῷ
441 2465 694 2542 ἱερατείῳ
721 2467 814 2520 τὸν
843 2465 1331 2540 χειροτονούμενον
1365 2463 1716 2533 ἀσπάζεσθαι.

394 2559 557 2626 llI.§
605 2561 646 2612 Ι.
702 2554 1029 2632 Ἀνάρῥησις
1082 2554 1222 2630 ἱερά.
1282 2553 1604 2630 Ἀνάῤῥησις
1665 2551 1833 2608 οἱονεὶ
1888 2553 1987 2622 κή-

316 2647 471 2722 ρυξις
531 2644 582 2716 ἐξ
642 2645 937 2718 ὀνόματοςο
985 2644 1295 2722 σφραγίζων
1343 2644 1445 2719 γὰρ
1494 2641 1655 2698 αὐτὸν
1715 2643 1742 2697 ὁ
1793 2661 1984 2717 χειρο-

315 2739 496 2790 τονῶν
547 2734 861 2810 ἀρχιερεὺς,
893 2733 943 2806 ἐξ
996 2734 1266 2808 ὀνόματος
1305 2731 1517 2811 φάσκει·
1557 2731 1922 2807 Σφραγίζεται
1955 2733 1984 2787 ὁ

319 2822 474 2880 δεῖνα
522 2823 629 2878 ἀπὸ
707 2818 1076 2898 πρεσϐυτέρου
1136 2822 1211 2885 εἰς
1289 2822 1584 2877 ἐπισκοπον
1646 2821 1696 2876 ἐν
1759 2820 1982 2894 ὀνόματι

320 2912 566 2987 Πατρὸς,
596 2910 686 2966 καὶ
733 2912 886 2979 Υίοῦ,
918 2908 1009 2966 καί
1057 2911 1213 2988 ἁγίου
1264 2909 1602 2984 Πνεύματοςο
1636 2909 1846 2984 ὁμοίως
1891 2910 1983 2964 καὶ

320 3001 413 3057 ἐπὶ
446 2994 819 3076 πρεσϐυτέρου
848 2999 940 3056 καὶ
973 2998 1250 3058 διακόνου.

394 3088 762 3152 Ὑπόπτωσις.
815 3090 1161 3151 Ὑπόπτωσις
1210 3091 1246 3159 ἡ
1290 3087 1633 3166 γονυκλισία·
1684 3086 1980 3166 ἆνάῤῥησις

319 3178 404 3251 δὲ,
435 3178 572 3256 ὅπερ
604 3182 695 3234 νῦν
721 3176 984 3235 καλοῦσιν
1011 3176 1325 3255 ἐπικήρυξιν
1356 3177 1392 3247 ἢ
1426 3177 1774 3253 ἀνακήρυξιν.

391 3362 462 3415 Ἣ
521 3356 840 3435 ἀνάῤῥησις.
877 3358 940 3416 Ἣ
993 3357 1079 3414 ἐπὶ
1128 3361 1235 3414 τῶν
1293 3361 1650 3435 χειροτονιῶν
1710 3356 1982 3432 ἀνακήρυ-

315 3454 422 3526 ξις,
473 3451 590 3504 οἷον
638 3447 726 3503 ἐπὶ
775 3451 874 3514 τῆς
926 3453 1022 3502 τοῦ
1069 3446 1366 3503 ἐπισκόπου
1401 3466 1414 3478 ·
1470 3447 1628 3519 Ὑπὲρ
1677 3449 1774 3500 τοῦ
1823 3444 1984 3520 ἁγίου

313 3540 525 3614 πατρὸς
608 3536 909 3592 ἐπισκόπου
983 3533 1160 3593 τοῦδε.
1222 3535 1348 3607 Ἐπὶ
1429 3533 1488 3589 δὲ
1560 3527 1933 3610 πρεσϐυτέρου
1967 3546 1981 3562 ·

312 3630 480 3705 Ὑπὲρ
536 3624 700 3683 τοῦδε
755 3620 1143 3701 πρεσϐυτέρου.
1200 3623 1323 3682 Ἐπὶ
1383 3623 1441 3679 δὲ
1485 3621 1763 3679 διακόνου·
1825 3623 1983 3697 Ὑπὲρ

316 3723 415 3774 τοῦ
471 3715 719 3796 ἀδελφοῦ
769 3719 932 3790 ἡμῶν
989 3713 1153 3771 τοῦδε
1214 3713 1486 3772 διακόνου.
1545 3711 1688 3771 Τόδε
1742 3711 1984 3790 ἀνάρρη-

325 3807 406 3862 σίν
465 3828 628 3886 φησιν
687 3805 815 3861 ὅταν
868 3804 922 3860 ἐν
973 3805 1119 3877 αὐτῷ
1167 3809 1248 3877 τῷ
1303 3808 1640 3881 χειροτονεῖν
1695 3805 1938 3880 κηρόττῃ
1968 3820 1982 3834 ⁶

327 3898 434 3955 Τὸν
489 3895 988 3972 χειροτονούμενον
1047 3897 1084 3965 ἡ
1162 3895 1278 3950 Θεία
1345 3896 1509 3971 χὰρις
1575 3895 1986 3972 προχειρίζεται

315 3984 481 4043 τόνδε
512 3985 594 4049 εἰς
623 3983 802 4042 τόνδε.

390 4081 454 4131 Ἦ
487 4076 586 4149 μὲν
617 4073 735 4133 οὖν.
777 4073 1008 4150 Θεωρία.

392 4164 494 4229 Εἷς
521 4165 624 4232 τὴν
667 4160 953 4239 ἀνδρικήν.
1004 4161 1323 4236 Σημείωσαι
1372 4163 1472 4232 τήν
1523 4160 1784 4239 ἀνδρικὴν
1837 4165 1984 4235 ζωὴν

313 4258 420 4311 τοῦ
447 4255 657 4324 Ἰησοῦ,
685 4251 774 4307 καί
807 4253 1105 4328 θεαρχικήν
1139 4252 1571 4327 ἀναμαρτησίαν.

392 4342 744 4420 Ἀνάῤῥησιν.
775 4342 870 4405 Τίς
898 4343 932 4413 ἠ
965 4341 1285 4418 ἀνάρῥησις.

393 4430 535 4488 Οὐδὲ
589 4428 847 4508 ἀδελφόν.
888 4430 1129 4506 Ὧραῖον,
1175 4429 1265 4484 καὶ
1327 4429 1467 4484 πάνυ
1523 4429 1839 4506 ἀναγκαῖον,
1896 4433 1986 4488 καὶ

317 4523 552 4601 σφαλὲς,
586 4523 669 4578 ὅτι
701 4518 830 4577 οὐδὲ
860 4517 1095 4600 ἀδελφὸν
1128 4520 1308 4598 χωρὶς
1338 4525 1470 4580 Θεοῦ
1500 4519 1670 4577 ἐποίει
1699 4523 1805 4585 τίς.

393 4700 822 4777 Ἱεροτελεστής.
881 4702 969 4763 Ὧς
1028 4696 1352 4775 ἅνθρωπος,
1413 4698 1504 4754 καὶ
1563 4699 1849 4778 ἀρχιερεὺς
1906 4702 1988 4776 γέ-

316 4811 478 4866 γονεν
533 4792 562 4845 ὁ
613 4788 864 4866 Χριστός.
915 4789 1236 4863 Σημείωσαι
1283 4792 1444 4844 τοῦτο
1493 4788 1630 4844 κατὰ
1673 4786 1990 4866 Ἀκεφάλων

319 4882 413 4936 καὶ
446 4888 490 4936 Ν
496 4884 852 4956 εστοριανῶν.

398 4971 495 5025 Διὸ
538 4969 631 5024 καὶ
690 4968 874 5031 αὐτός.
935 4968 1255 5042 Σημείωσαι
1305 4967 1439 5022 πότε
1488 4966 1985 5044 ἐχειροτονήθησαν

314 5060 491 5135 ἱερεῖς
523 5059 579 5113 o't
635 5056 899 5130 μαθηταὶ,
937 5057 1030 5112 καὶ
1080 5057 1163 5112 ὅτι
1208 5058 1441 5127 Ἰησοῦς,
1487 5056 1668 5113 καίτοι
1724 5060 1854 5122 Θεὸς
1889 5055 1988 5128 ὣν,

312 5150 487 5210 αὐτὸς
535 5146 635 5203 οὐκ
683 5146 1120 5223 ἐχειροτόνησεν,
1153 5145 1282 5203 ἀλλ’
1329 5145 1694 5225 ἐπηγγείλατο
1749 5149 1984 5222 πέμπειν

312 5238 428 5293 ἀπὸ
452 5240 551 5292 τοῦ
584 5236 798 5311 Πατρὸς
844 5237 908 5290 τὸ
954 5239 1175 5309 Πνεῦμα
1201 5237 1265 5292 τὸ
1311 5237 1464 5312 ἅγιον
1502 5235 1614 5310 ,ὅτε
1661 5237 1735 5301 ὡς
1766 5237 1988 5313 πύριναι

305 5325 572 5403 γλῶσσαι
605 5322 876 5404 ἐφάνησαν
909 5322 1118 5387 αὐτοῖς.

2090 591 2217 644 tum
2251 591 2544 646 reducere.

2160 679 2393 750 Propter
2421 680 2561 752 quod
2587 683 2778 737 sacris.
2805 681 2952 738 Nota
2983 683 3136 754 quod
3165 683 3392 740 diaconi
3425 688 3553 741 tum
3587 687 3740 744 fores

2092 769 2532 838 custodierunt;
2564 787 2720 826 nunc
2749 787 2884 826 vero
2917 772 3285 828 subdiaconi.

2164 860 2190 922 §
2219 856 2337 913 VII.
2371 861 2812 916 Demonstratum
2841 866 2920 917 est
2947 863 3144 932 igitur.
3181 862 3606 935 Recapitulatio
3636 879 3739 923 seu

2094 947 2547 1018 praecedentium
2579 951 2867 1022 repetitio.

2165 1037 2497 1107 Pontiﬁcum
2537 1055 2754 1110 nempe.
2789 1040 3145 1112 Episcopum
3177 1057 3246 1096 ea
3287 1041 3466 1098 etiam
3497 1059 3626 1114 quas
3655 1042 3753 1099 in-

2094 1123 2374 1180 feriorum
2409 1131 2550 1182 sunt
2582 1129 2791 1199 facere,
2826 1129 3170 1201 primosque
3219 1131 3424 1186 munia
3465 1132 3755 1188 secundo-

2096 1229 2252 1281 rum,
2286 1217 2344 1270 et
2389 1231 2591 1272 eorum
2624 1217 2727 1288 qui
2777 1217 2886 1274 hos
2937 1222 3291 1290 sequuntur,
3327 1220 3603 1292 exsequi;
3654 1221 3757 1278 sed

2096 1319 2212 1359 non
2244 1308 2468 1373 contra,
2501 1307 2796 1363 secundos
2827 1307 2930 1363 illa
2954 1324 3082 1379 quae
3115 1312 3254 1364 sunt
3284 1310 3632 1379 primorum.

2169 1395 2516 1450 Proterviam
2547 1411 2842 1468 usurpare.
2876 1395 3370 1470 Unumquemque
3395 1415 3511 1455 non
3543 1399 3755 1456 debere

2097 1482 2208 1538 sibi
2241 1500 2309 1539 ea
2338 1500 2466 1556 quae
2498 1489 2644 1541 sunt
2670 1487 2988 1556 majorum,
3021 1490 3240 1542 temere
3271 1503 3592 1545 assumere.

2167 1574 2440 1643 Imagines
2467 1575 2876 1632 ecclesiasticae.
2902 1575 3084 1645 Cujus
3111 1574 3232 1632 sint
3261 1577 3462 1649 ﬁgurae
3483 1577 3754 1635 ecclesia-

2098 1661 2232 1718 stici
2261 1663 2518 1733 ordines,
2554 1664 2655 1736 qui
2690 1681 2758 1721 ea
2786 1681 2914 1736 quae
2960 1664 3056 1722 Dei
3088 1668 3247 1735 sunt,
3280 1665 3432 1722 inter
3478 1666 3754 1725 homines

2099 1756 2332 1823 gerunt.

2173 1840 2307 1898 Cum
2333 1843 2504 1898 enim.
2539 1842 2620 1898 De
2649 1842 2986 1900 cmlestibus
3022 1843 3333 1900 ordinibus
3362 1849 3419 1902 et
3448 1844 3756 1918 humanis,

2099 1931 2397 2001 quomodo
2429 1947 2462 1986 a
2493 1931 2607 1987 Deo
2634 1931 2999 1988 ordinantur.

2169 2021 2238 2074 ll.
2270 2020 2534 2090 Pontifex
2570 2021 2811 2092 quidem.
2845 2021 3149 2078 Ordinatio
3189 2022 3474 2096 episcopi,
3505 2024 3754 2098 presby-

2095 2107 2226 2176 teri,
2260 2112 2316 2165 et
2347 2109 2602 2168 diaconi.

2172 2199 2404 2271 Utroque
2430 2216 2596 2270 genu.
2634 2199 2753 2256 Hoc
2783 2216 2940 2256 nunc
2971 2198 3085 2256 alio
3117 2200 3290 2258 modo
3321 2201 3644 2273 perﬁcitur.

2172 2288 2351 2344 Unum
2378 2305 2544 2358 genu.
2579 2289 2873 2345 Incertum
2907 2294 2997 2346 est
3028 2293 3229 2346 utrum
3266 2292 3472 2363 pedem
3505 2290 3680 2350 dicat.

2165 2375 2529 2444 Singillatim.
2563 2376 2713 2433 Nota
2742 2377 2899 2433 enim
2933 2377 3034 2449 qui
3073 2379 3403 2449 ordinatur,
3437 2380 3648 2436 debere
3677 2379 3751 2436 ab

2095 2464 2374 2520 omnibus
2403 2463 2463 2519 in
2495 2466 2753 2523 sacrario
2786 2467 3049 2525 salutari.

2168 2553 2265 2609 III.
2309 2553 2336 2625 §
2368 2554 2411 2610 Ι.
2446 2554 2802 2612 Praedicatio.
2833 2554 3157 2632 Ἀ’νάῤῥσις.
3193 2558 3372 2624 Quasi
3416 2558 3750 2631 praedicatio

2094 2660 2162 2699 ex
2191 2643 2426 2699 nomine
2461 2661 2474 2698 :
2509 2645 2870 2716 consignans
2901 2647 3059 2703 enim
3101 2664 3235 2703 eum
3279 2647 3540 2720 pontifex
3565 2646 3618 2703 is
3649 2647 3752 2720 qui

2095 2733 2348 2802 ordinat,
2381 2748 2450 2788 ex
2481 2734 2718 2790 nomine
2750 2735 2891 2791 dicit
2923 2754 2936 2792 :
2969 2737 3364 2809 Consignatur
3392 2737 3489 2793 hic
3518 2735 3654 2794 talis
3683 2754 3754 2794 ex

2096 2821 2437 2894 presbytero
2459 2822 2518 2878 in
2540 2823 2908 2895 episcopum,
2931 2825 2993 2880 in
3017 2826 3257 2881 nomine
3278 2825 3490 2892 Patris,
3515 2831 3573 2881 et
3593 2826 3749 2896 Filii,

2094 2911 2435 2982 etiSpiritus
2465 2911 2682 2980 sancti;
2731 2912 3002 2970 similiter
3031 2915 3212 2970 etiam
3243 2915 3303 2970 in
3335 2914 3663 2988 presbyteri
3692 2917 3756 2973 et

2095 2998 2327 3056 diaconi
2359 2999 2746 3058 ordinatione.

2165 3089 2260 3145 8|
2299 3089 2637 3161 Genuﬂexio,
2670 3091 2768 3149 Gr.
2805 3085 3134 3154 ὑπόπτωσις.
3169 3093 3507 3150 Genuﬂexio
3540 3109 3553 3150 :
3587 3090 3747 3170 ἀνάρ-

2097 3175 2252 3253 ῥησις
2285 3183 2481 3236 autem
2515 3182 2668 3252 quod
2697 3198 2852 3237 nunc
2871 3186 3084 3238 vocant
3111 3183 3622 3241 annuntiationem
3654 3183 3744 3241 vel

2096 3268 2613 3327 renuntiationem.

2165 3359 2456 3416 Recitatio.
2484 3359 2860 3417 Renuntiatio
2890 3361 2951 3416 in
2981 3362 3475 3431 ordinationibus,
3497 3365 3654 3420 sicut
3681 3363 3745 3420 in

2095 3448 2464 3505 ordinatione
2511 3451 2770 3524 episcOpi
2807 3469 2820 3510 :
2855 3453 3032 3524 Super
3059 3457 3244 3510 sancto
3287 3461 3451 3526 patre
3496 3455 3749 3527 episcopo

2093 3538 2208 3593 hoc.
2245 3537 2306 3592 In
2338 3538 2661 3611 presbyteri
2691 3543 2890 3596 autem
2923 3557 2936 3596 :
2973 3540 3155 3612 Super
3186 3541 3286 3597 hoc
3311 3541 3652 3613 presbytero.
3683 3543 3750 3596 In

2095 3626 2326 3683 diaconi
2357 3643 2492 3684 vero
2527 3646 2540 3684 :
2571 3632 2754 3701 Super
2774 3654 2779 3659 ·
2790 3633 2965 3701 fratre
2991 3639 3176 3687 nostro
3204 3633 3304 3687 hoc
3330 3631 3572 3688 diacono
3593 3649 3613 3687 :
3643 3630 3752 3686 hoc

2094 3731 2268 3788 porro
2300 3717 2703 3773 recitationem
2743 3719 2908 3786 dicit,
2942 3720 3178 3791 quando
3225 3719 3284 3774 in
3332 3719 3463 3792 ipsa
3510 3719 3755 3776 ordina-

2095 3803 2330 3861 natione
2363 3807 2711 3877 pronuntiat
2744 3823 2758 3862 :
2786 3809 2988 3864 Divina
3015 3811 3196 3880 gratia
3228 3808 3376 3865 hunc
3405 3810 3500 3883 qui
3526 3809 3754 3866 ordina-

2091 3895 2186 3948 tur
2214 3893 2283 3949 ad
2314 3894 2459 3950 hunc
2487 3894 2738 3951 ordinem
2764 3901 3063 3968 promovet.

2166 4075 2374 4144 Itaque.
2405 4074 2855 4146 Contemplatio.

2167 4167 2230 4218 In
2260 4165 2502 4220 virilem.
2535 4164 2704 4232 Nota,
2735 4163 2964 4221 virilem
3007 4165 3143 4222 Iesu
3186 4164 3370 4222 vitam
3400 4167 3458 4222 et
3489 4165 3753 4222 divinam

2097 4253 2380 4325 peccandi
2412 4254 2824 4325 privationem.

2166 4343 2706 4415 Promulgationem.
2741 4345 2876 4407 Quae
2909 4342 2988 4399 sit
3017 4343 3305 4400 recitatio.

2167 4435 2356 4504 Neque
2400 4434 2655 4502 fratrem.
2689 4431 3008 4488 Pulchrum
3040 4437 3131 4489 est
3177 4436 3235 4488 et
3263 4432 3432 4490 valde
3480 4449 3754 4490 necessa-

2097 4521 2253 4577 rium
2286 4538 2352 4577 ao
2383 4525 2602 4586 tutum,
2635 4522 2791 4592 quod
2836 4537 2910 4576 ne
2949 4522 3188 4578 fratrem
3220 4521 3460 4594 quidem
3492 4520 3621 4577 sine
3648 4519 3754 4576 Dei

2016 4614 2064 4676 D
2093 4611 2393 4668 voluntate
2417 4610 2732 4682 quisquam
2767 4610 3035 4666 faciebat.

2170 4697 2451 4754 Ordinum
2474 4697 2726 4753 collator.
2746 4696 2821 4753 Ut
2841 4697 3042 4767 homo,
3067 4696 3242 4752 etiam
3267 4696 3550 4770 pontifex,
3564 4695 3756 4753 factus

2098 4790 2189 4842 est
2218 4785 2487 4842 Christus
2521 4801 2534 4840 :
2570 4789 2708 4842 nota
2737 4785 2847 4843 hoc
2878 4789 3082 4842 contra
3110 4785 3440 4858 Acephalos
3467 4789 3526 4843 et
3553 4785 3757 4842 Nesto-

2099 4891 2320 4932 nanos.

2170 4967 2512 5038 Quapropter
2540 4966 2711 5021 etiam
2735 4965 2870 5036 ipse.
2903 4964 3073 5035 Nota,
3098 4965 3335 5036 quando
3355 4962 3637 5037 discipuli
3667 4978 3760 5020 or-

2097 5055 2287 5112 dinati
2325 5059 2468 5111 sunt
2513 5054 2866 5125 sacerdotes,
2899 5057 2957 5110 et
2984 5054 3214 5125 Jesum,
3245 5053 3358 5112 etsi
3405 5053 3562 5110 Deus
3609 5056 3756 5123 erat,

2099 5149 2465 5202 nontamen
2512 5144 2710 5215 ipsum
2750 5159 2851 5200 eos
2891 5143 3226 5213 ordinasse;
3279 5144 3383 5200 sed
3428 5141 3757 5215 pollicitum

2098 5251 2229 5293 esse
2257 5234 2584 5291 missurum
2607 5250 2671 5290 se
2689 5233 2976 5306 Spiritum
2999 5239 3272 5291 sanctum
3297 5250 3331 5290 a
3348 5233 3539 5304 Patre,
3569 5248 3758 5306 quan-

2100 5327 2172 5382 do
2202 5325 2364 5382 velut
2395 5325 2577 5398 igneis
2606 5323 2823 5396 linguae
2853 5323 2939 5380 eis
2969 5327 3398 5397 apparuerunt.

1352 5562 1594 5628 VARIE
1635 5564 2039 5625 LECTIONES
2079 5567 2172 5624 ET
2209 5561 2750 5626 GORREGTIONES

400 5743 448 5780 ³⁷
481 5739 633 5798 Adde
661 5753 734 5796 ea:
759 5736 1029 5810 Pachym.
1057 5734 1149 5791 καὶ
1175 5734 1555 5812 ἀνθρωπίνων.
1632 5739 1676 5776 ⁸⁸
1705 5737 2106 5815 ἱεραρχοῦνται.
