4134 6382
405 354 509 409 167

1226 349 1594 402 ΛΡΡΕΝΒΙΧ
1631 348 1728 399 ΔΒ
1766 343 2006 398 OPERA
2041 343 2101 396 8.
2142 342 2459 400 DIONYSII
2497 345 3005 403 ΔΒΕΟΡΔΟῘΤΕ.

3731 345 3840 402 168

479 479 772 534 Sacromm
800 480 1106 530 auctorem.
1141 471 1457 528 Dominum
1509 484 1578 525 ex
1627 465 1929 523 divinitate
1981 463 2055 519 di-

2254 463 2624 542 Τελετάρχην.
2708 467 2812 523 Τὸν
2925 468 3126 545 Κύριον
3205 469 3343 526 κατᾶ
3420 468 3524 538 τὴν
3607 467 3841 539 θεότητα

405 569 903 726 cltdiscipulorum.
937 651 1194 708 Sanctus
1238 651 1444 706 Petrus
1473 646 1696 705 scilicet
1725 661 1860 702 cum
1893 646 2060 700 caete-

403 745 506 818 ris,
540 743 777 818 quando
809 741 1120 800 Matthiam
1155 740 1214 796 in
1247 737 1581 812 apostolum
1615 735 1808 807 elegit.

473 927 548 981 De
576 923 777 980 divina
826 925 1028 978 autem.
1063 920 1236 989 Nota,
1270 917 1411 991 quid
1443 917 1599 972 dicat
1629 898 1700 972 de
1731 919 1888 972 sorte
1936 929 2065 986 quis

404 1013 664 1072 Matthiae
697 1011 932 1085 obtigit,
966 1014 1023 1067 et
1053 1009 1195 1082 quid
1226 1008 1379 1065 hanc
1411 1022 1542 1063 esse
1572 1004 1886 1078 intelligat.

480 1192 698 1249 Videtur
727 1191 1016 1262 Scriptura
1045 1188 1209 1244 mihi.
1244 1186 1408 1252 Quod
1457 1185 1517 1241 in
1563 1183 1723 1240 Actis
1772 1182 2066 1255 apostolo-

405 1297 538 1338 rum
571 1282 642 1337 de
681 1280 774 1336 his
804 1277 1061 1335 oraculis
1109 1275 1364 1345 exsistit,
1400 1276 1459 1330 in
1494 1273 1796 1330 nonnullis
1828 1271 2068 1344 quidem

403 1370 573 1426 libris
622 1369 816 1425 inveni
849 1368 929 1424 ita
961 1367 1178 1423 habere
1214 1383 1227 1420 :
1264 1367 1334 1421 Et
1382 1364 1648 1420 dederunt
1697 1365 1865 1418 sortes
1911 1361 2069 1431 ipsis.

403 1459 468 1513 In
503 1457 862 1530 quibusdam
907 1473 1040 1512 vero
1076 1473 1088 1510 :
1127 1456 1192 1509 Et
1230 1453 1500 1508 dederunt
1554 1459 1725 1507 sortes
1774 1452 2019 1522 ipsorum
2049 1466 2069 1504 :

400 1547 547 1602 illud
581 1545 824 1619 quidem
872 1543 1062 1603 αὐτοῖς
1096 1546 1395 1598 concertat
1425 1558 1528 1614 pro
1561 1557 1627 1596 eo
1660 1539 1816 1612 quod
1850 1555 2007 1593 nunc
2038 1555 2074 1593 a

398 1636 597 1692 divino
644 1635 920 1707 Dionysio
975 1633 1199 1688 dictum
1251 1635 1362 1699 est,
1404 1631 1571 1702 quasi
1627 1632 1783 1686 sorte
1833 1628 2071 1699 signum

397 1725 696 1798 quoddam
751 1724 1124 1796 designante,
1156 1736 1226 1777 ex
1265 1719 1617 1777 revelatione
1651 1717 1922 1775 fortassis
1971 1721 2074 1772 aut

2170 551 2350 611 καλεῖ.

2244 645 2305 701 Ὀ
2335 648 2442 699 τῶν
2487 648 2769 720 μαθητῶν.
2803 649 2864 705 Ὀ
2921 649 3076 725 ἅγιος
3131 648 3340 726 ΙΙὲτρος
3389 645 3649 719 δηλονότι
3702 647 3841 721 μετᾶ

2171 737 2280 787 τῶν
2309 733 2545 808 λοιπῶν,
2571 735 2660 791 ὅτε
2688 737 2781 792 τὸν
2810 736 3056 795 Ματθίαν
3089 736 3518 815 προύχειρίσατο
3569 735 3646 800 εἷς
3696 736 3840 792 ἀπό-

2174 819 2395 880 στολον.

2249 913 2376 987 Περὶ
2422 911 2479 968 δὶ
2522 918 2619 969 τοῦ
2663 913 2839 972 Θείου.
2887 914 3210 990 Σημείωσαι
3255 918 3307 972 τί
3368 937 3500 995 φησι
3563 916 3688 992 περὶ
3739 919 3842 971 τοῦ

2174 1000 2386 1076 κλήρου
2414 1007 2512 1056 τοῦ
2557 1003 2818 1066 πεσόντος
2869 1003 2960 1060 ἐπὶ
3010 1004 3279 1078 Ματθίαν,
3308 1005 3398 1060 καὶ
3451 1004 3505 1060 τί
3551 1009 3666 1061 νοεῖ
3709 1008 3841 1059 τοῦ-

2175 1111 2290 1148 τον.

2251 1187 2410 1236 Δοκεῖ
2465 1183 2567 1258 γάρ
2622 1205 2718 1257 μοι
2773 1184 2839 1240 τὰ
2887 1182 3069 1261 λόγια.
3102 1185 3176 1240 Τὸ
3207 1183 3258 1239 ἐν
3288 1190 3409 1247 ταῖς
3440 1183 3669 1259 Πράξεσι
3723 1187 3838 1238 τῶν

2179 1269 2502 1326 ἀποστόλων
2539 1272 2724 1348 λόγιον
2754 1274 2878 1350 περὶ
2908 1275 3116 1330 τούτων
3146 1274 3198 1330 ἐν
3237 1275 3332 1348 μὲν
3379 1274 3542 1338 ἐνίοις
3592 1268 3845 1349 βιϐλίοις

2181 1359 2333 1432 εὗρον
2365 1360 2540 1426 οὕτως
2577 1357 2709 1438 ἕχον
2741 1383 2753 1396 ·
2789 1365 2889 1419 Καὶ
2949 1362 3154 1419 ἔδωκαν
3198 1361 3449 1440 γλήρους
3497 1361 3682 1427 αὐτοῖς
3713 1381 3725 1395 ·
3782 1361 3840 1418 ἐν

2181 1447 2239 1503 δέ
2295 1469 2446 1504 τισι⁶
2503 1452 2604 1507 Καὶ
2665 1449 2872 1508 ἔδωκαν
2927 1450 3173 1527 κλήρους
3233 1452 3432 1509 αὐτῶν.
3467 1451 3537 1506 Τὸ
3590 1451 3686 1525 μὶν
3740 1449 3840 1506 οὖν

2180 1537 2364 1601 αὐτοῖς
2395 1540 2816 1615 συναγωνίζεται
2847 1547 2928 1615 τῷ
2957 1546 3048 1596 νῦν
3082 1542 3357 1616 εἰρημένῳ
3392 1541 3495 1597 ὑπὸ
3541 1544 3638 1596 τοῦ
3688 1540 3844 1596 θείου

2182 1627 2488 1699 Διονυσίου,
2518 1629 2593 1692 ὡς
2624 1634 2720 1686 τοῦ
2749 1629 2964 1705 κλήρου
2994 1626 3275 1705 σύμϐολόν
3314 1652 3367 1686 τι
3423 1627 3748 1702 δηλοῦντος,
3787 1628 3845 1701 ἆξ

2181 1717 2582 1793 ἀποκαλύψεως
2641 1719 2774 1785 ἴσως
2829 1720 2864 1790 ἢ
2924 1720 3292 1798 ἆνεργήματος
3350 1718 3448 1776 τοῦ
3480 1719 3634 1796 ἁγίου
3665 1718 3844 1774 Πνεύ-

399 1813 740 1887 operatione
787 1812 1045 1884 Spiritus
1096 1810 1310 1877 sancti,
1370 1810 1614 1865 cadente
1662 1809 1722 1864 in
1773 1823 1908 1863 eum
1967 1807 2055 1879 qui

2198 1827 2376 1876 La‘tOC,
2410 1809 2706 1872 πίπτοντος
2736 1809 2824 1865 ἐπὶ
2853 1810 2947 1866 τὸν
2975 1808 3357 1885 κληρούμενον
3386 1829 3398 1842 ·
3427 1809 3547 1864 ὅθεν
3598 1809 3688 1863 καὶ
3736 1828 3840 1863 πει

398 1903 786 1973 sortiebatur;
818 1902 975 1957 unde
1011 1899 1190 1956 etiam
1223 1899 1294 1955 de
1327 1897 1604 1955 Iscariote
1634 1897 1779 1954 dicit
1808 1911 2055 1969 magnus

2198 1896 2228 1949 μὶ
2283 1899 2761 1974 τοῢἸσκαριώτου
2819 1897 2982 1976 φησὶν
3042 1899 3070 1954 ὁ
3133 1896 3388 1973 μέγιστος
3449 1895 3676 1973 Πέτρος,
3721 1894 3834 1951 ὅτιο

398 1992 607 2048 Petrus
642 2009 654 2047 :
691 1993 798 2060 Qui
841 1991 1080 2046 sortitus
1129 1995 1248 2044 erat
1293 1986 1580 2043 nobiscum
1609 1994 1815 2043 sortem
1857 1986 2059 2040 minis-

399 2081 539 2138 terii
595 2081 758 2150 huius
808 2081 901 2152 (zz).
954 2080 1304 2148 Quanquam
1367 2080 1649 2132 consueta
1708 2075 1879 2131 nobis
1929 2089 2058 2130 sors

399 2186 517 2226 non
567 2169 677 2225 fuit
724 2167 992 2224 adhibita
1041 2185 1075 2222 a
1121 2166 1380 2235 Christo,
1431 2181 1566 2221 cum
1615 2164 1832 2238 delegit
1881 2180 2056 2236 apos-

396 2258 572 2317 tolos.

469 2349 736 2419 Pontifex
782 2362 931 2402 vero.
964 2345 1045 2402 De
1098 2345 1396 2418 episcopo,
1447 2359 1550 2400 cur
1592 2343 1644 2398 ei
1691 2341 1798 2400 soli
1851 2345 2057 2398 sancta

400 2437 714 2510 Evangelia
743 2437 1147 2507 imponantur.

469 2527 570 2583 82
607 2527 806 2598 Deique
853 2533 969 2580 tum
1019 2525 1416 2596 Operationem,
1459 2531 1575 2578 tum
1622 2523 2051 2594 apparitiontm.

398 2615 1000 2673 Praesubaudiendum
1042 2617 1132 2669 est
1181 2613 1517 2686 ὑπάρχοντα,
1551 2611 1930 2679 exsistentia;
1964 2627 2054 2666 se-

397 2707 660 2762 cundum
716 2702 1274 2778 praetermissionem
1324 2702 1480 2756 enim
1532 2703 1712 2771 verbi,
1765 2718 1916 2772 saepe
1966 2703 2054 2756 est

396 2795 776 2852 constructio.
811 2793 958 2848 Nota
991 2808 1144 2862 vero,
1173 2795 1451 2863 quantam
1485 2791 1797 2864 participat
1827 2789 2054 2862 episco-

393 2901 506 2958 pus
537 2883 797 2940 divinam
830 2883 1084 2955 ecpiam.

461 2975 757 3031 Sacrorum
805 2973 1172 3044 eloquiorum,
1224 2970 1320 3026 Gr.
1374 2965 1746 3046 Ἱερολογιῶν.
1796 2971 1916 3024 Ηοο
1961 2971 2052 3024 est

388 3061 966 3136 interpretationum.

462 3150 852 3209 Sacerdotibus
881 3153 1086 3206 autem.
1123 3154 1198 3206 De
1230 3147 1606 3221 presbyteris.

460 3242 756 3298 Inclinatio
785 3240 1022 3312 quidem.
1058 3239 1206 3306 Quid
1241 3237 1543 3294 inclinatio
1569 3235 1846 3292 declaret.

458 3333 486 3400 §
532 3331 682 3386 VIII.
732 3333 865 3386 Tres
919 3329 1102 3386 sacris
1157 3329 1527 3399 operantium.
1588 3327 1708 3381 Τῶν
1769 3322 2045 3400 ἱεροτελε-

389 3423 551 3475 στῶν.
584 3423 725 3476 Hoc.
758 3423 846 3475 est
893 3417 1260 3491 pontiﬁcum,
1303 3417 1697 3486 sacerdotum,
1731 3419 1791 3471 et
1839 3413 2046 3471 minis-

387 3514 636 3564 trorum.

463 3598 658 3653 Tribus
705 3613 895 3652 eorum
941 3598 1036 3667 qui
1087 3596 1408 3650 initiantur.
1459 3597 1574 3650 Hoc
1630 3597 1719 3650 est
1770 3597 2043 3665 purgato-

387 3702 544 3758 rum,
593 3684 1048 3754 illustratorum,
1099 3687 1157 3738 et
1212 3682 1710 3756 contemplatione
1759 3683 2042 3754 perfecto-

390 3792 544 3832 rum.

457 3863 838 3922 Ministerialis
875 3861 1025 3919 ordo.
1057 3861 1138 3918 De
1171 3860 1415 3918 diacono
1467 3877 1652 3917 unum
1703 3861 1911 3934 pedem
1944 3861 2043 3918 tle-

386 3957 598 4011 ctente.

456 4041 768 4099 Sacerdotes
807 4056 951 4097 vero.
987 4039 1136 4110 Quid
1185 4039 1265 4096 sit
1314 4039 1684 4112 presbyteros
1735 4042 2047 4112 utrumque

383 4131 593 4205 pedem
623 4130 946 4188 inﬂectere.

459 4223 756 4293 Utrumque
809 4234 972 4291 genu.
1013 4219 1162 4284 Quid
1225 4218 1302 4274 sit
1355 4218 1693 4291 pontiﬁcem
1750 4217 2045 4275 inﬂectere

385 4311 535 4366 duos
565 4309 766 4382 pedes,
799 4313 857 4365 et
885 4324 990 4365 cur
1017 4307 1332 4381 Scriptum
1366 4325 1542 4381 super
1573 4312 1752 4380 caput
1779 4309 1909 4380 ejus
1939 4325 2045 4380 po-

389 4401 632 4456 nantur.

1003 4533 1078 4592 IN
1119 4533 1281 4590 CAP.
1323 4533 1423 4591 VI.

458 4669 504 4726 1.
540 4669 762 4742 Triplex
797 4684 974 4742 genus
1003 4667 1441 4725 initiandorum.
1476 4668 1622 4724 Tres
1652 4683 1783 4724 esse
1812 4668 2048 4727 ordines

383 4758 484 4831 qui
519 4759 932 4830 perficiuntur.

461 4847 493 4920 §
524 4851 568 4904 Ι.
598 4849 845 4904 Dicimus
891 4848 1086 4917 igitur.
1120 4844 1372 4910 Quinam
1418 4845 1537 4902 sint
1566 4845 1606 4901 ii
1640 4846 1739 4918 qui
1791 4864 2050 4921 purgan.

387 4941 508 5005 tur,
539 4941 597 4993 et
627 4937 939 5008 quomodo.

464 5026 668 5082 Turba:
705 5027 836 5082 illas
886 5041 1014 5097 quae
1062 5028 1434 5096 segregantur.
1473 5025 1590 5082 Hoc
1638 5028 1728 5081 est
1779 5028 2050 5084 catechu-

391 5114 568 5182 meni,
589 5115 959 5186 pcenitentes,
978 5118 1038 5172 et
1061 5131 1096 5170 a
1123 5114 1386 5170 daemone
1406 5115 1624 5183 vexati;
1660 5114 2051 5174 differentiam

386 5207 586 5260 autem
626 5219 829 5259 eorum
879 5219 1029 5276 quos
1079 5202 1370 5261 scelerum
1421 5202 1682 5276 poenitet,
1713 5203 1940 5263 inducit
1988 5206 2050 5264 in

384 5290 793 5366 sequentibus.

457 5434 531 5509 (π)
559 5435 686 5493 Act.
719 5451 762 5505 ι,
796 5435 885 5492 17.

2069 4585 2117 4650 D

2169 1984 2382 2061 ’Έλαχε
2441 1985 2532 2041 σὺν
2591 1990 2727 2060 ἡμῖν
2788 1989 2878 2044 τὸν
2940 1986 3154 2063 πλῆρον
3199 1989 3299 2057 τῆς
3367 1984 3647 2048 διακονίας
3703 1985 3833 2041 ταύ-

2165 2095 2307 2145 της·
2341 2076 2518 2130 καίτοι
2554 2078 2791 2148 συνήθης
2830 2079 2966 2151 ἡμῖν
3027 2075 3238 2153 κλῆρος
3299 2078 3402 2132 οὐκ
3462 2077 3528 2145 ἦν
3582 2075 3670 2130 ἐπὶ
3716 2078 3832 2130 τῶν

2164 2162 2486 2219 ἀποστόλων
2545 2166 2788 2241 γεγονὼς
2842 2166 2975 2242 ὑπὲρ
3034 2164 3240 2242 Κυρίου
3295 2169 3394 2221 τοῦ
3457 2163 3827 2239 ἐκλεξαμένου

2163 2251 2382 2315 αύτούς.

2234 2342 2295 2398 Ὁ
2327 2339 2382 2395 δὲ
2432 2342 2720 2418 ἱεράρχης.
2757 2344 2887 2417 Ηερὶ
2942 2347 3042 2398 τοῦ
3104 2341 3430 2412 ἐπισκόπου,
3457 2340 3548 2397 διὰ
3597 2341 3650 2398 τί
3707 2338 3829 2396 ἐπι-

2161 2429 2362 2485 τίθεται
2399 2430 2550 2504 μόνῳ
2581 2430 2727 2504 αύτῷ
2756 2431 2823 2487 τὰ
2858 2432 2987 2506 ἅγια
3019 2429 3353 2507 Εὐαγγέλια.

2235 2522 2548 2597 Θεουργίας,
2591 2522 2926 2598 θεοφανείας,
2967 2520 3482 2598 Προσυπακουστέον
3541 2523 3604 2576 τὸ
3655 2521 3834 2595 ὑπάρ-

2162 2631 2334 2686 χοντα
2368 2631 2379 2643 °
2411 2611 2546 2666 κατᾶ
2575 2611 2905 2687 παράλειψεν
2937 2612 3038 2688 γὰρ
3069 2616 3164 2667 τοῦ
3197 2611 3442 2688 ῥήματος
3471 2609 3752 2672 πολλάκις
3782 2613 3823 2680 ἡ

2161 2699 2427 2771 σύνταξις.
2451 2700 2768 2774 Σημείωσαι
2802 2698 2859 2756 δὲ
2888 2700 3071 2756 πόσων
3109 2695 3515 2775 μεταλαμϐάνει
3541 2701 3569 2754 ὁ
3599 2698 3825 2754 ἐπίσκο-

2159 2811 2260 2852 πος
2293 2789 2450 2844 θείων
2484 2788 3005 2864 πλεονεκτημάτων.

2226 2967 2593 3046 Ἱερολογιῶν.
2627 2969 2915 3026 Τουτὲστιν
2950 2969 3276 3043 ἒρμηδειῶν.

2229 3151 2362 3211 Τοῖς
2393 3145 2450 3203 δὲ
2480 3147 2704 3224 ἱερεῦσι.
2738 3147 2869 3224 Περὶ
2901 3141 3310 3223 πρεσϐυτέρων.

2231 3238 2294 3293 Ἠ
2329 3237 2421 3310 μὶν
2456 3235 2547 3292 οὗν
2581 3234 2784 3298 κλίσις.
2819 3235 2885 3294 Τί
2917 3239 2951 3306 ἡ
2982 3235 3161 3299 κλίσις
3196 3233 3384 3308 δηλοῖ.

2229 3330 2256 3396 §
2314 3327 2457 3384 VIII.
2516 3326 2588 3380 Αἱ
2643 3329 2790 3400 τρεῖς
2864 3329 2973 3380 τῶν
3053 3324 3462 3402 ἱεροτελεστῶν.
3521 3325 3823 3382 Τουτὲστιν

2156 3417 2452 3493 ἱεραρχῶν,
2485 3415 2702 3491 ἱερὲων,
2734 3413 2824 3470 καὶ
2857 3412 3216 3490 λειτουργῶν.

2226 3600 2359 3658 Ταῖς
2414 3595 2558 3671 τρισὶ
2617 3598 2726 3650 τῶν
2782 3592 3155 3667 τελουμένων.
3216 3593 3478 3651 Τουτέστι
3533 3597 3644 3648 τῶν
3714 3611 3820 3646 κα-

2159 3685 2522 3760 θαιρομένων,
2553 3689 2658 3738 τῶν
2710 3685 3124 3761 φωτιζομένων,
3156 3684 3246 3738 καὶ
3298 3688 3404 3738 τῶν
3463 3685 3826 3757 Θεωρητικῶς

2157 3772 2526 3847 τελουμὶνων.

2227 3868 2286 3918 Ἠ
2341 3861 2693 3938 λειτουργικὴ
2749 3862 2916 3932 τάξις.
2985 3862 3116 3939 Περὶ
3175 3859 3430 3918 διακόνου
3505 3857 3596 3916 ἕνα
3667 3857 3821 3916 πόδα

2157 3951 2464 4014 κλίνοντος.

2227 4043 2294 4100 Οἱ
2327 4039 2384 4096 δὲ
2416 4042 2596 4116 ἱερεῖς.
2629 4041 2698 4099 Τί
2726 4041 2789 4096 τὸ
2847 4041 2977 4105 τοὺς
3037 4038 3132 4096 δύο
3192 4037 3363 4103 πόδας
3419 4037 3626 4096 κλίνειν
3681 4038 3820 4103 τοὺς

2157 4125 2578 4209 πρεσϐυτέρους.

2227 4224 2426 4298 ’Ἄμφω
2457 4219 2535 4275 τὼ
2566 4217 2720 4278 πόδε.
2755 4220 2822 4278 Τί
2851 4219 2914 4276 τὸ
2947 4219 3074 4283 τοὺς
3110 4216 3206 4274 δύο
3237 4218 3410 4282 πόδας
3465 4215 3671 4273 κλίνειν
3715 4219 3818 4272 τὸν

2157 4311 2442 4386 ἱεράρχην,
2471 4311 2559 4365 καὶ
2595 4307 2688 4365 διὰ
2715 4311 2768 4366 τί
2804 4311 2857 4365 αἱ
2889 4309 3095 4386 Γραφαὶ
3128 4307 3458 4373 ἐπιτίθενται
3487 4310 3556 4382 τῇ
3594 4304 3818 4384 κεφαλῇ

2158 4400 2321 4456 αὐτοῦ
2355 4401 2419 4455 ³⁸.

2654 4536 2770 4591 ΕΙΣ
2811 4533 2903 4591 ΤΟ
2943 4537 3202 4590 ΚΕΦΔΛ.
3246 4533 3305 4602 ζ’.

2232 4670 2274 4726 Ι.
2301 4664 2510 4745 Τριαδα
2539 4671 2649 4723 τῶν
2670 4666 3037 4741 τελουμένων.
3061 4669 3182 4725 "Ott
3208 4669 3354 4743 τρεῖς
3381 4666 3437 4720 αἱ
3482 4663 3815 4738 τελούμεναι

2153 4758 2346 4830 τάξεις.

2229 4849 2329 4918 §I.
2371 4846 2610 4922 Λὲγομεν
2669 4845 2868 4902 τοίνυν.
2931 4845 3083 4908 Τίνες
3137 4845 3190 4900 οἱ
3244 4835 3661 4920 καθαιρόμενοι,
3719 4845 3816 4900 καὶ

2157 4958 2292 5000 πως.

2231 5021 2825 5098 Ἀποδιαστελλόμεναι
2892 5023 3158 5096 πληθύες.
3209 5025 3500 5081 Τουτὲστιν
3561 5025 3617 5077 οἱ
3676 5043 3816 5080 κατ-

2158 5115 2500 5191 ηχούμενοι,
2552 5115 2603 5168 οἱ
2655 5112 2707 5170 ἐν
2758 5112 3038 5187 μετανοίᾳ,
3080 5112 3171 5168 καὶ
3223 5110 3644 5188 ἐνοχλούμενοι.
3678 5120 3814 5168 Δια-

2159 5205 2329 5282 φορὰν
2365 5202 2422 5260 δὲ
2453 5203 2752 5280 εἰσηγεῖται
2780 5207 2890 5259 τῶν
2921 5200 2972 5258 ἔν
3010 5201 3267 5276 μετανοίᾳ
3297 5201 3348 5258 ἑν
3375 5207 3494 5266 τοῖς
3523 5202 3665 5274 ἑξῆς.

1397 5562 1629 5619 VARI/ﬁ
1670 5562 2064 5623 LECTIONES
2102 5567 2183 5622 ET
2221 5560 2788 5623 CORRECTIONES.

456 5688 502 5726 ”
531 5683 712 5743 ἐπάνω
739 5691 839 5757 τῆς
870 5691 1114 5764 κεφαλῆς
1150 5683 1336 5742 αὐτοῦ.
