4134 6432
345 390 454 444 169

1114 392 1172 444 S.
1215 391 1484 445 ΜΔΧῙΜΙ
1521 389 1828 444 SCHOLIA
1864 391 1940 442 IN
1980 390 2021 440 L

2169 389 2247 440 )E
2285 387 2579 441 EGCLES.
2619 387 3018 440 HIERARCH.
3669 384 3772 438 170

417 516 538 584 Τῆς
580 510 658 582 δὲ,
691 515 788 578 ὡς.
816 514 939 572 Τῶν
998 512 1050 569 ἐν
1113 512 1371 587 μετανοίᾳ
1431 513 1566 585 μετά
1610 513 1672 566 τὸ
1727 511 2009 587 βάπτισμα

2193 509 2349 566 Alius
2368 509 2584 582 quidem
2616 509 2777 582 quod.
2799 508 3235 566 ’Pcsnitentium
3293 511 3428 582 post
3481 508 3777 582 baptisma

340 606 593 678 ἁμαρταν
601 620 796 660 οντων.

419 695 540 762 Τῆς
589 689 668 766 Si,
716 691 792 754 ὡς
838 690 938 750 ἔτι.
971 695 1096 750 Τῶν
1143 689 1562 767 χειμαζομένων
1611 691 1702 746 καὶ
1758 689 2014 765 ἐνεργου-

349 780 552 855 μένων.

423 874 543 942 Τῆς
580 869 660 942 δὲ,
692 872 770 934 ὡς
813 869 893 927 ἔτι
940 870 1101 946 πρός.
1133 875 1255 927 Τῶν
1307 870 1412 925 ἀπὸ
1454 871 1730 946 αἱρέσεων,
1762 870 1797 940 ἢ
1850 867 2016 924 ἀσελ-

343 981 541 1034 γειων.

420 1051 542 1115 Τῆς
601 1046 680 1118 δὲ,
741 1050 818 1112 ὡς
891 1048 1274 1126 μεταχθείσης.
1316 1051 1438 1106 Τῶν
1529 1051 1605 1124 μή
1680 1047 1904 1110 τελείως
1963 1046 2015 1118 ἐξ

344 1138 638 1214 ἀσελγείας
681 1137 1118 1215 ἐπιστρεψάντων
1174 1137 1251 1202 εἷς
1297 1139 1587 1215 ἁγιασμὸν,
1619 1140 1653 1210 ἢ
1685 1143 1794 1193 τῶν
1843 1158 2014 1208 κατη-

344 1248 462 1304 χου
471 1229 568 1301 μέν
576 1250 650 1284 ων
661 1271 675 1286 .

426 1322 457 1388 §
487 1319 562 1374 II.
598 1318 757 1385 Μέση
793 1315 852 1372 δὲ
878 1316 1048 1389 τάξις.
1079 1318 1142 1375 Ὁ
1170 1318 1359 1374 πιστὸς
1393 1316 1552 1380 λαός.

419 1408 492 1463 ⁶Η
537 1409 869 1482 καθαρθεῖσαι
948 1403 1147 1475 πάσης.
1200 1408 1314 1475 Τὴν
1383 1411 1556 1462 πᾶσαν
1613 1407 1870 1480 κάθαρσιν
1921 1409 2019 1461 τοῦ

349 1499 521 1552 λαοῦ.

426 1585 502 1640 Αἱ
533 1583 926 1660 καθαιρόμεναι
957 1582 1132 1654 τάξεις
1165 1580 1523 1658 διαιροῦνται.

717 1673 817 1737 Εἲς
843 1672 971 1736 τοὺς
1001 1668 1448 1746 ἐκϐαλλομένους
1477 1677 1584 1729 τῶν
1622 1673 1808 1747 ἱερῶν,

721 1762 818 1824 Εἷς
847 1763 939 1818 τὸν
969 1761 1161 1818 πιστὸν
1194 1762 1346 1834 λαὸν,

721 1851 819 1914 Εἷς
855 1851 1155 1929 μοναχοὺς,
1185 1849 1310 1922 ἤτοι
1343 1852 1691 1928 θεραπευτάς.

424 1942 548 2011 Τὴν
606 1944 704 1996 τοῦ
762 1941 913 2016 ἱεροῦ
968 1939 1126 1998 λαοῦ.
1189 1939 1506 2015 Σημείωσαι
1564 1940 1648 1995 ὅτι
1715 1939 1882 2015 μέσην
1929 1940 2022 1995 τά·

349 2032 430 2102 ξιν
487 2032 583 2086 τὸν
635 2030 785 2102 ἱερὸν
829 2028 960 2085 λαὸν
1001 2027 1292 2098 ἀποκαλεῖ,
1324 2027 1497 2105 ἤγουν
1546 2029 1674 2093 τοὺς
1735 2028 1789 2084 ἐν
1845 2029 2024 2102 λαϊκῷ

345 2119 597 2192 τάγματί
625 2119 689 2173 τὸ
720 2117 1035 2192 ὁλόκληρον
1063 2114 1188 2186 ἤτοι
1218 2117 1282 2172 τὸ
1312 2115 1702 2192 ἀνεπιτίμητον
1752 2112 1980 2192 ἔχοντας
2006 2135 2019 2149 ·

346 2209 485 2270 τοὺς
518 2205 579 2263 Si
629 2205 931 2285 μοναχοὺς,
973 2204 1098 2277 ἤτοι
1143 2206 1269 2269 τοὺς
1314 2207 1662 2284 θεραπευτὰς,
1687 2207 1787 2277 τὴν
1835 2210 2020 2262 πασῶν

352 2295 736 2372 ὑψηλοτέραν.

422 2387 456 2462 §
502 2387 600 2445 ΙΙΙ.
651 2387 714 2444 Ἡ
767 2388 876 2442 τῶν
927 2389 1212 2462 μοναχῶν.
1259 2384 1446 2462 Μέτρα
1493 2391 1806 2462 μοναχικῆς
1859 2405 2021 2440 κατα-

345 2475 598 2538 στάσεως
615 2518 628 2531 .

421 2565 498 2624 Οἱ
527 2565 649 2638 μὲν,
680 2563 1026 2639 θεραπευτάς.
1061 2563 1160 2619 Διᾶ
1186 2563 1241 2620 τί
1296 2565 1348 2618 οῖ
1401 2563 1664 2640 μοναχοὶ,
1699 2563 2020 2640 θεραπευταὶ

348 2652 676 2725 ἐκλήθησαν
691 2698 704 2711 .

424 2742 534 2800 Καὶ
616 2740 835 2804 ἐνιαίας.
893 2743 960 2800 Τί
1031 2742 1249 2816 [μονὰς]
1324 2740 1614 2819 ἀμέριστος
1677 2741 1768 2797 καὶ
1851 2741 2024 2797 ἒνιαία

358 2834 480 2903 ζωή
493 2876 506 2889 -

419 2925 550 2980 Τῶν
609 2919 893 2997 διαιρετῶν
951 2921 1148 2998 ἱεραῖς.
1207 2922 1458 2997 Διαιρετά
1543 2942 1677 2997 φησι
1755 2921 1824 2976 τὰ
1885 2921 2024 2996 βιω-

351 3034 381 3067 τ
393 3011 508 3069 mei.

423 3097 657 3170 Θεοειδῆ
714 3096 937 3173 μονάδα;
973 3102 1096 3162 Πῶς
1139 3097 1444 3156 τελειοῦται
1476 3102 1522 3137 ⁴⁰
1552 3100 1580 3155 6
1616 3098 1891 3173 μονάζων,
1931 3099 2021 3154 καὶ

348 3188 442 3245 διὰ
471 3189 527 3245 τί
561 3189 741 3258 ίὸικήν
767 3187 1052 3244 τελείωσιν
1082 3189 1174 3244 καὶ
1215 3187 1504 3261 ἐπίκλησιν
1561 3189 1650 3244 καὶ
1697 3188 2020 3245 κατάστασιν

349 3275 476 3355 ἔχει
511 3280 540 3333 6
576 3277 843 3353 μοναχός.

423 3375 496 3425 Π.
555 3368 615 3421 Ὃ
675 3368 770 3441 μὶν
829 3365 1026 3442 ἱερεύς.
1086 3365 1405 3440 Σημείωσαι
1465 3367 1570 3438 ὅτι,
1606 3369 1634 3423 ὁ
1696 3368 1790 3441 μὲν
1849 3367 2024 3438 ἱερεύς

355 3479 520 3537 φησι,
548 3455 641 3512 καὶ
702 3455 810 3532 οὐχ
847 3457 874 3511 6
907 3457 1192 3532 ἶεράρχης,
1226 3457 1315 3511 καὶ
1369 3458 1451 3512 ὅτι
1495 3458 1632 3512 κατὰ
1684 3460 1875 3511 τοῦτον
1927 3455 2026 3511 τοῦ

354 3549 578 3619 Πατρὸς
609 3547 699 3601 τὸν
733 3546 924 3623 λόγον,
956 3545 1016 3601 οὗ
1061 3543 1143 3600 δεῖ
1185 3552 1381 3621 σχῆμα
1430 3551 1677 3621 μοναχοῦ
1728 3545 2023 3602 ἐπίσκοπον

360 3636 600 3709 διδόναι,
632 3636 780 3693 ἀλλὰ
815 3636 982 3711 μόνον
1014 3631 1402 3713 πρεσϐύτερον.

431 3730 566 3789 Ταῖς
599 3723 920 3801 διαιρεταῖς.
955 3729 1090 3788 Ταῖς
1125 3727 1408 3800 βιωτικαῖς
1454 3727 1545 3781 καὶ
1602 3725 2023 3804 πολυσχιδέσιν,

369 3817 486 3870 οἷον
519 3814 810 3893 ἐμπορίαις
842 3813 1009 3894 φημὶ,
1041 3815 1131 3870 καὶ
1160 3820 1278 3878 τοῖς
1334 3813 1530 3878 ἄλλοις
1590 3815 2023 3892 συναλλάγμασι.

367 3906 696 3967 Φαντασίαις
731 3902 808 3974 δὲ,
839 3903 1090 3960 τουτέστι
1121 3909 1240 3968 ταῖς
1269 3906 1404 3961 κατὰ
1435 3903 1673 3962 διάνοιαν
1713 3906 2023 3981 ἐπιθυμίαις

358 3994 449 4048 καὶ
478 3998 591 4048 τῶν
622 3994 808 4049 παθῶν
837 3994 1264 4051 ἀνατυπώσεσιν.

427 4170 767 4248 Ἀποκείρει.
800 4174 924 4235 Πῶς
955 4169 1190 4247 κείρεται
1221 4173 1250 4226 6
1285 4174 1548 4249 μοναχός.

425 4263 550 4331 Τὴν
603 4261 854 4336 τρισσήν.
914 4259 1234 4335 Σημείωσαι
1290 4259 1348 4316 δὲ
1410 4263 1510 4332 τὴν
1585 4262 1807 4337 τρισσὴν

347 4373 566 4408 στασιν.

425 4442 528 4499 ΙΙΙ.
564 4444 592 4510 §
622 4441 662 4498 Ι,
702 4440 778 4514 [α]
810 4440 1136 4514 Μοναχικὴν
1181 4437 1350 4511 τάξιν.
1385 4439 1482 4494 Διὰ
1538 4438 1590 4494 τί
1647 4439 1864 4516 λέγεται
1920 4461 2020 4514 μο-

345 4530 553 4605 ναχὸς,
594 4527 686 4583 καὶ
741 4527 822 4590 τίς
877 4529 913 4598 ἡ
970 4529 1246 4603 μοναχικὴ
1305 4529 1626 4595 κατάστασις
1684 4530 1776 4586 καὶ
1829 4529 2022 4601 ἐπιτή-

353 4617 565 4680 δευσις.

427 4713 456 4777 §
486 4711 558 4767 11·
595 4709 900 4784 Ἀποταγή.
932 4706 1028 4771 Τίς
1056 4709 1092 4779 ἡ
1127 4708 1400 4785 ἀποταγή.

1890 4260 2021 4316 ὑπό-

435 4889 520 4964 [β]
554 4889 649 4944 Διὸ
699 4889 786 4944 καὶ
846 4886 1055 4946 πολλὰ.
1091 4887 1408 4962 Σημείωσαι
1440 4890 1576 4945 κατὰ
1605 4891 2022 4964 Λαμπετιανῶν,

357 4978 498 5048 ἤτοι
551 4977 946 5036 Μεσσαλιανῶν
997 4976 1033 5047 ἢ
1076 4975 1475 5053 Ἀδελφιανῶν,
1506 4977 1699 5034 ταύτὸν
1747 4976 1804 5034 δὲ
1853 4979 2024 5034 εἶπεῖν

2124 605 2452 674 peccatum.

2194 690 2352 747 Alius
2379 705 2504 747 vero
2524 689 2669 762 quod
2695 689 3026 745 etiamnum.
3076 689 3288 746 Eorum
3326 689 3425 761 qui
3478 689 3780 762 agitantur

2125 797 2160 836 a
2188 781 2473 849 daemone,
2505 779 2643 835 etin
2675 779 2894 851 quibus
2916 780 3212 835 daemones
3252 783 3592 850 operantur.

2195 869 2352 925 Alius
2379 885 2510 925 vero
2540 868 2702 940 quod.
2735 869 2951 924 Eorum
2983 867 3085 940 qui
3108 868 3181 924 ab
3203 867 3672 937 heresibus,aut
3701 867 3777 924 li-

2125 957 2450 1013 bidinibus.

2198 1047 2353 1102 Alius
2376 1047 2516 1118 quod
2535 1049 2658 1119 jam
2687 1047 2988 1104 traductus.
3044 1047 3260 1103 Eorum
3296 1046 3399 1120 qui
3441 1063 3558 1102 non
3609 1046 3781 1119 plane

2128 1153 2198 1193 ex
2217 1136 2461 1193 libidine
2483 1137 2784 1193 redierunt
2805 1137 2876 1193 ad
2905 1135 3483 1206 sanotimoniam,vel
3506 1136 3779 1193 catechu-

2131 1241 2462 1282 ID8110111111.

2201 1319 2229 1385 §
2258 1320 2329 1373 II.
2364 1315 2573 1374 Medius
2602 1320 2790 1372 autem
2817 1315 2968 1372 ordo.
3001 1314 3220 1372 Fidelis
3251 1316 3528 1388 populus.

2203 1405 2474 1478 Expiatus
2502 1405 2569 1461 ab
2599 1405 2771 1462 omni.
2824 1405 3170 1462 Universum
3223 1405 3617 1478 expiationem
3674 1421 3782 1478 po-

2131 1495 2274 1567 puli.

2199 1583 2448 1640 Ordines
2473 1584 2572 1657 qui
2602 1587 2934 1656 purgantur
2965 1583 3317 1640 dividuntur

2478 1675 2541 1729 In
2576 1689 2676 1730 eos
2705 1673 2803 1745 qui
2833 1690 2902 1729 ex
2921 1673 3158 1746 templis
3189 1673 3587 1747 expelluntur,

2479 1765 2543 1818 In
2567 1762 2800 1819 fidelem
2828 1762 3143 1835 populum.

2489 1852 2551 1908 In
2578 1852 2922 1923 monachos,
2955 1852 3077 1908 sive
3109 1851 3388 1922 cultores,

2204 1940 2432 1998 Sanciae
2456 1939 2658 2012 plebis.
2691 1941 2862 2006 Nota,
2894 1941 3046 2011 quod
3081 1940 3340 1996 medium
3379 1941 3645 1999 ordinem
3677 1959 3783 2015 ap-

2132 2030 2309 2102 pellet
2334 2046 2569 2086 sacrum
2602 2029 3037 2102 populum,sive
3068 2043 3170 2086 eos
3189 2030 3290 2101 qui
3315 2030 3372 2086 in
3396 2029 3546 2087 laico
3578 2031 3784 2087 ordine

2131 2120 2232 2176 83
2264 2119 2666 2192 integritatem
2690 2119 2811 2176 sive
2829 2118 3518 2190 irreprehensibilitatem
3541 2119 3783 2190 habent;

2132 2212 2455 2268 monachos
2478 2215 2698 2278 autem,
2748 2212 2867 2269 sive
2915 2211 3194 2281 cultores,
3251 2213 3516 2268 omnium
3577 2229 3784 2285 supre-

2131 2317 2318 2358 mum.

2203 2389 2234 2464 §
2283 2391 2382 2448 III.
2439 2391 2851 2449 Monac/torum.
2905 2389 3166 2448 Termini
3222 2393 3412 2448 status
3467 2389 3782 2447 monacho-

2130 2497 2287 2537 rum.

2204 2569 2319 2625 Alii
2347 2569 2570 2641 quidem
2588 2570 2949 2644 therapeutas.
2971 2571 3087 2627 Cur
3108 2569 3380 2627 monachi
3399 2574 3681 2627 vocentur
3695 2569 3786 2624 θε-

2133 2656 2411 2733 ραπευταί,
2444 2658 2720 2716 cultores.

2201 2751 2280 2805 Et
2316 2747 2622 2819 singulari.
2645 2747 2793 2813 Quid
2826 2748 3132 2822 [solitudo]
3153 2748 3485 2821 individua,
3516 2748 3788 2822 singula-

2132 2837 2335 2910 risque
2355 2838 2496 2893 vita.

2203 2926 2427 2983 Sanctis
2447 2942 2636 2982 rerum
2657 2924 3038 2982 dividuarum.
3074 2926 3320 2982 Dividua
3349 2933 3542 2982 autem
3593 2925 3790 2999 appel-

2132 3017 2214 3073 lat
2243 3033 2334 3084 ea,
2366 3033 2494 3088 quae
2525 3016 2594 3071 ad
2627 3015 2809 3070 vitam
2840 3014 3180 3071 saecularem
3214 3015 3528 3087 pertinent.

2204 3105 2547 3177 Deiformem
2576 3104 2871 3160 unitatem.
2908 3103 3207 3168 Quomodo
3237 3108 3616 3160 consecretur
3661 3120 3786 3160 mo-

2131 3195 2380 3265 nachus,
2403 3200 2461 3250 et
2491 3211 2597 3250 cur
2627 3193 2924 3266 propriam
2968 3193 3474 3250 consecrationem
3521 3197 3579 3249 et
3623 3193 3786 3250 invo-

2057 3267 2100 3335 C
2139 3285 2453 3354 cationem,
2482 3287 2540 3339 et
2557 3287 2777 3339 statum
2813 3282 3389 3339 habeatmonachus.

2208 3372 2558 3429 ILSacerdos
2587 3371 2829 3443 quidem.
2861 3375 3012 3427 Nota
3077 3372 3234 3443 quod
3279 3371 3455 3437 dicat,
3512 3372 3787 3443 sacerdos,

2136 3466 2194 3518 et
2225 3479 2340 3518 non
2366 3462 2708 3534 pontifex,et
2725 3462 3051 3518 secundum
3071 3463 3230 3518 hunc
3248 3461 3440 3519 Patris
3453 3479 3787 3520 sermonem

2135 3568 2251 3606 non
2274 3551 2617 3624 episcopum
2649 3552 2750 3608 sed
2801 3550 2995 3606 solum
3047 3551 3459 3623 presbyterum
3509 3552 3786 3609 monachi

2135 3641 2404 3697 habitum
2435 3641 2575 3698 dare
2614 3641 2762 3696 debe
2775 3656 2858 3696 re.

2206 3729 2485 3786 Dividuis.
2519 3732 2652 3797 Quae
2677 3731 2748 3785 ad
2777 3729 2960 3785 vitam
2990 3730 3431 3786 mundanorum
3465 3732 3789 3803 pertinent,

2133 3824 2189 3875 et
2219 3819 2277 3875 in
2297 3819 2516 3876 multas
2547 3823 2744 3891 partes
2761 3818 2961 3875 divisae
2981 3823 3121 3876 sunt
3138 3818 3166 3874 ?
3188 3823 3266 3887 ut;
3297 3823 3438 3876 sunt
3489 3825 3786 3878 mercatu-

2133 3925 2230 3978 rae,
2258 3913 2315 3965 et
2353 3909 2451 3965 alii
2482 3912 2842 3965 contractus.
2901 3908 3404 3980 Imaginationibus
3458 3914 3665 3978 autem,
3723 3910 3784 3966 id

2132 4001 2223 4053 est
2252 3997 2467 4054 mentis
2496 3997 2924 4069 cupiditatibus
2947 4001 3001 4053 et
3033 3997 3550 4069 perturbationum
3574 3998 3784 4073 imagi-

2133 4085 2330 4144 nibus.

2200 4175 2485 4231 Detondet.
2519 4175 2823 4240 Quomodo
2843 4174 3170 4231 monachus
3192 4177 3527 4233 tondeatur.

2202 4265 2508 4337 Triplicem.
2542 4265 2692 4322 Nota
2721 4264 3015 4336 triplicem
3039 4265 3510 4323 subsistentiam.

2203 4446 2298 4502 IlI.
2329 4445 2422 4519 §I.
2457 4443 2816 4500 Monasticum
2843 4442 3119 4500 ordinem.
3155 4445 3272 4501 Cur
3302 4445 3630 4502 monachus
3689 4447 3780 4502 di-

2132 4539 2300 4591 catur
2330 4551 2346 4602 ;
2377 4533 2513 4606 quis
2531 4533 2608 4589 sit
2643 4532 2787 4589 ordo
2818 4531 3284 4601 monachorum;
3318 4535 3594 4606 quodque
3615 4534 3782 4591 insti-

2051 4643 2099 4708 υ
2132 4629 2349 4682 tutum.

2201 4714 2330 4787 §II.
2375 4710 2752 4780 Renuntiatio,
2801 4713 2903 4767 Gr.
2952 4710 3218 4784 ἆποταγή.
3260 4711 3539 4775 Quaenam
3580 4713 3658 4771 sit
3699 4729 3786 4771 re-

2132 4801 2450 4858 nunﬁaﬁo.

2206 4890 2565 4960 Quamobrem
2593 4888 2948 4945 multa.Nota
2977 4890 3183 4944 contra
3203 4889 3788 4964 Lampetianos,|sive

2134 4979 2651 5048 Messalianos,aut
2678 4978 3096 5050 Adelphianos,
3117 4977 3203 5033 vel
3237 4981 3390 5050 quod
3427 4979 3583 5036 idem
3612 4981 3786 5052 valet,

357 5070 782 5143 Μαρκιανιστῶν
815 5088 827 5100 ο
863 5064 1079 5137 οἵτινες,
1110 5067 1349 5144 τριετίαν
1404 5067 1569 5140 μόνον
1623 5065 1802 5144 ἄκρως
1853 5069 2022 5140 ἀσκή-

2169 5069 2530 5139 iarcianos,q
2541 5066 2598 5122 ui
2621 5067 2859 5138 quidem
2877 5083 3012 5121 cum
3036 5065 3356 5121 triennium
3375 5070 3789 5127 tantummodo

361 5177 580 5226 σαντες,
613 5157 748 5230 μετὰ
775 5160 944 5212 ταῦτα
973 5155 1062 5212 ἐπὶ
1091 5161 1350 5212 τοσοῦτον
1380 5155 1734 5235 ἆδιαφοροῦσι
1776 5158 1866 5212 τὸν
1919 5157 2033 5213 λοι-

2141 5159 2366 5213 duriter
2383 5158 2440 5212 in
2471 5157 2896 5212 monachorum
2921 5153 3038 5210 vita
3058 5163 3792 5230 consumpserunt,postea

359 5247 469 5302 πὸν
531 5249 632 5311 τῆς
690 5245 891 5301 ἑαυτῶν
956 5252 1100 5316 ζωῆς
1146 5245 1370 5323 χρόνον,
1430 5247 1513 5309 ὡς
1569 5253 1740 5301 πᾶσαν
1805 5246 2022 5302 ἀτοπίαι

2169 5263 2247 5302 μοι*
2274 5245 2567 5318 reliquum
2601 5245 3106 5316 vitaasuaetempus
3125 5244 3268 5301 adeo
3283 5249 3425 5300 sunt
3445 5247 3788 5319 dissimiles,

358 5335 623 5412 πράττειν
683 5333 856 5399 ἀδεῶς
892 5355 905 5369 ο
944 5336 1224 5412 μοιχείαις
1273 5335 1396 5413 γάρ,
1428 5333 1518 5391 καὶ
1581 5333 1917 5411 ἀσελγείαις,
1947 5357 2038 5412 γα,

2146 5342 2210 5393 ut
2236 5335 2419 5391 libere
2441 5333 2641 5390 omnia
2669 5332 2891 5390 scelera
2920 5332 3271 5391 admittant:
3298 5339 3364 5390 ut
3381 5337 3603 5407 stupris
3633 5337 3791 5393 enim

358 5425 773 5504 στριμαργίαις,
799 5424 889 5482 καὶ
938 5424 1406 5503 ἀλληλογαμίαις,
1436 5425 1528 5481 καὶ
1585 5425 1920 5497 ἁπαξαπλῶς
1984 5423 2022 5481 ἂι

2169 5430 2206 5483 ιι
2231 5423 2666 5495 libidinibus,in
2700 5422 2957 5495 ingluvie
2988 5426 3045 5480 et
3075 5425 3300 5481 mutuis
3333 5425 3662 5496 adulteriis,
3707 5430 3796 5483 at-

1371 5612 1615 5673 VARUE
1645 5614 2034 5674 LECTIONES
2063 5612 2154 5671 ET
2183 5607 2727 5669 CORREGTIONES

436 5723 486 5760 ⁴⁰
513 5719 780 5778 τελεῖται.

697 5850 961 5911 ΡΑτιιοι..
1009 5847 1121 5909 Gn.
1165 5846 1268 5910 IV.
