4134 6426
421 358 519 412 171

1237 363 1605 415 APPENDIX
1646 365 1739 415 AD
1777 363 2017 416 OPERA
2054 366 2110 416 S.
2157 363 2470 417 DIONYSII
2517 364 3016 418 AREOI’OGITE.

3714 373 3801 428 172

416 499 528 555 que
553 499 671 540 uno
703 483 939 538 nomine
967 483 1045 553 ini
1069 483 1345 540 omnibus
1389 485 1628 558 ﬂagitiis
1687 485 1953 554 volutati,
2000 502 2052 542 se

2176 485 2370 547 πάσαις
2419 485 2672 548 ἀσωτίαις
2722 483 3229 560 ἐγκαλινδούμενοι,
3278 485 3345 541 τὰ
3394 493 3607 546 τοιαῦτα
3649 495 3800 567 πράτ.

415 573 706 644 ejusmodi
722 572 848 628 sine
876 570 1171 643 voluptate
1185 574 1452 644 corporis
1474 590 1645 646 agere
1668 575 1814 632 falso
1837 576 2062 630 dicunt:

413 667 470 717 et
491 679 625 718 cum
657 662 785 718 sine
801 678 1009 734 sensu,
1042 666 1246 718 morbo
1282 664 1743 734 perturbationis
1791 681 1858 720 ac
1909 663 2066 719 volu-

412 752 590 824 ptatis
625 750 1004 821 afﬂiclentur,
1029 767 1096 808 ac
1126 752 1254 808 sine
1279 751 1480 808 dolore
1501 770 1536 808 a
1554 753 1769 826 seipsis
1787 757 1966 825 atque
1992 754 2064 808 ab

410 840 482 897 iis
512 841 613 912 qui
641 857 741 897 eos
769 839 1109 896 inhabitant
1137 841 1506 897 daemonibus
1539 843 2063 914 patiantur,tamen

414 945 576 986 more
596 945 800 985 eorum
823 929 924 1000 qui
949 928 1222 998 phrenesi
1248 929 1821 1002 laborant,lsetantur
1846 930 2064 1003 potius,

413 1023 472 1074 et
503 1035 802 1092 nonvazgre
833 1018 1047 1074 ferunt.

485 1107 787 1165 Interdicta
814 1111 964 1164 sunt.
998 1107 1148 1163 Nota
1179 1106 1370 1164 multa
1399 1108 1705 1165 monachis
1752 1109 2068 1165 interdicta

415 1214 564 1264 esse,
603 1197 913 1268 quaalaicis
943 1197 1187 1268 impune
1220 1197 1353 1253 licet
1374 1198 1563 1254 facere
1587 1203 1674 1254 :ut
1697 1199 2064 1270 conjugium,

413 1291 471 1342 et
502 1287 561 1342 in
587 1286 801 1342 militia
822 1291 1270 1358 mercaturaque
1324 1287 1566 1358 versari,
1590 1293 1648 1344 et
1672 1288 1731 1344 in
1777 1287 1908 1344 aliis
1938 1304 2064 1359 quis

411 1375 562 1434 laico
594 1392 712 1433 non
742 1377 960 1432 dantur
980 1376 1236 1432 crimini.

481 1555 632 1624 84§
662 1555 756 1611 III.
786 1557 1029 1611 Tonsura
1050 1553 1410 1627 capillorum.
1444 1557 1722 1622 Quasnam
1755 1559 1913 1613 esset
1961 1557 2060 1612 de-

406 1645 623 1701 tonsio.

477 1734 507 1807 §
540 1734 631 1790 IV.
664 1733 890 1790 Prioris
920 1743 1124 1792 autem.
1158 1734 1307 1800 Quid
1350 1737 1580 1792 mutare
1628 1735 1758 1807 ejus
1813 1739 2058 1792 vestem.

481 1916 509 1984 §
537 1917 605 1969 V.
634 1917 700 1970 Et
724 1930 933 1970 omnes.
966 1913 1118 1978 Quid
1141 1913 1440 1970 salutatio.

481 2004 562 2059 Ad
586 2003 933 2077 praecipuam
963 2003 1126 2060 illam
1157 2003 1276 2060 Dei.
1316 2008 1431 2060 Cur
1482 2003 1687 2061 statim
1745 2002 2069 2059 communi-

411 2098 566 2150 cent.

481 2182 562 2237 Ad
589 2181 1046 2238 communionem.
1079 2181 1196 2238 Cur
1224 2181 1264 2236 ii
1289 2181 1392 2254 qui
1433 2181 1804 2250 ordinantur,
1863 2181 2065 2238 statim

411 2271 867 2328 communicent.

483 2360 807 2418 Communia
836 2360 1104 2416 traditur.
1137 2361 1354 2416 Omnes
1381 2360 1536 2417 enim
1561 2376 1746 2432 aeque,
1798 2364 1930 2432 post
1972 2377 2063 2415 or-

411 2450 797 2521 dinationem,
829 2450 1045 2505 divinis
1078 2449 1401 2521 dignantur
1431 2449 1749 2522 mysteriis,
1801 2451 1858 2504 id
1907 2449 2062 2520 quod

409 2556 545 2596 cum
578 2539 695 2594 Deo
729 2538 1194 2594 familiaritatem
1228 2538 1629 2609 unionemque
1659 2537 1935 2594 declarat.

476 2627 846 2697 Initiationes,
887 2627 1166 2698 purgatio.
1229 2627 1377 2694 Quid
1423 2627 1784 2684 initiationes
1833 2627 2058 2700 signiﬁ-

411 2723 568 2774 cent.

477 2807 653 2866 Ordo.
702 2805 820 2860 Hoc
874 2804 1054 2861 etiam
1105 2805 1166 2859 in
1197 2803 1322 2860 loco
1373 2805 1608 2877 planius
1639 2804 1840 2862 docuit
1869 2808 2060 2874 Pater,

407 2894 508 2968 qui
566 2894 688 2951 sint
734 2891 1071 2965 superiores
1095 2893 1355 2965 ordines,
1390 2909 1644 2967 quorum
1693 2909 1876 2965 supra
1928 2892 2062 2949 fecit

414 2984 798 3040 mentionem.

478 3074 509 3146 §
539 3073 633 3129 VI.
667 3072 771 3128 Sed
801 3071 1047 3141 obiicies.
1081 3070 1207 3127 Non
1240 3086 1370 3128 esse
1414 3071 1472 3126 in
1507 3069 1652 3127 ccelo
1713 3068 1817 3141 qui
1874 3068 2060 3141 expie-

405 3165 505 3218 tur
537 3179 550 3219 ι
579 3165 637 3217 et
666 3161 736 3215 de
758 3159 1001 3232 angelis.

2173 592 2282 627 τειν
2331 575 2552 636 ἀπαθῶς
2599 574 2978 648 τερατεύονται
3011 595 3023 607 ’
3076 575 3166 629 καὶ
3216 575 3548 648 ἀναισθήτως
3595 588 3798 640 νοσοῦν-

2172 683 2258 723 τες
2307 664 2406 732 τήν
2462 663 2780 736 ἐμπάθειαν,
2813 664 2902 718 καὶ
2952 663 3275 740 ἀναλγήτως
3337 665 3424 744 ὑφ’
3469 667 3659 723 ἑαυτῶν
3705 672 3798 727 πά-

2175 771 2427 826 σχοντες,
2457 753 2546 806 καὶ
2576 757 2684 807 τῶν
2714 754 2766 807 ἐν
2807 753 2992 817 αὐτοῖς
3041 752 3335 808 οἰκούντων
3387 753 3673 830 δαιμόνων,
3705 759 3798 816 ὥσ-

2173 862 2274 917 περ
2308 842 2359 896 οἱ
2392 839 2653 917 φρενίτιδι
2706 841 3071 918 κατεχόμενοι
3120 841 3287 916 νόσῳ,
3313 842 3632 917 ἀγάλλονται
3681 847 3804 919 μειλ-

2175 927 2272 984 λον
2304 931 2394 984 καὶ
2429 932 2531 986 οὐκ
2562 933 2841 987 ἀνιῶνται.

2247 1112 2320 1185 [γ]
2354 1109 2693 1184 Ἀπείρηται.
2750 1109 3071 1182 Σημείωσαι
3120 1110 3204 1164 ὅτι
3252 1107 3440 1166 πολλά
3487 1111 3800 1169 κωλύεταιό

2179 1198 2424 1274 μοναχὸς
2453 1203 2652 1267 ποιεῖν,
2687 1199 2758 1252 ὧν
2790 1200 2840 1253 οἱ
2874 1197 3058 1253 λαϊκοί
3088 1201 3187 1268 τήν
3222 1198 3522 1274 ἐπιτροπήν
3555 1201 3642 1255 καὶ
3670 1200 3804 1275 ἐξου-

2173 1287 2290 1342 σίαν
2338 1282 2554 1362 ἔχουσιν
2581 1307 2594 1320 ο
2631 1290 2745 1342 οἷον
2787 1289 2814 1341 ὁ
2844 1289 3044 1363 γάμος,
3076 1289 3164 1342 καὶ
3207 1288 3271 1344 τὸ
3318 1289 3614 1365 στρατείαις
3655 1290 3687 1360 ἢ
3718 1291 3804 1365 ἐμ-

2173 1376 2390 1451 πορίαις
2424 1375 2664 1449 ὁμιλεῖν,
2698 1377 2788 1430 καὶ
2820 1377 3048 1452 ἑτάροις,
3082 1375 3136 1433 ἐν
3169 1380 3250 1440 οἷς
3303 1379 3332 1432 ὁ
3379 1376 3566 1442 λαϊκὸς
3620 1380 3678 1434 οὐ
3723 1400 3807 1434 κα-

2169 1487 2302 1540 τακρ
2313 1466 2495 1533 ίνεταί,

2245 1561 2271 1625 §
2304 1558 2398 1613 III.
2433 1559 2655 1631 Τριχῶν
2688 1555 3010 1630 ἆπόκαρσις.
3041 1555 3130 1621 Τίς
3158 1558 3193 1626 ἡ
3227 1554 3543 1632 ἀπόκαρσις.

2240 1736 2392 1804 §IV.
2422 1735 2486 1792 Ἡ
2537 1731 2596 1788 δὲ
2649 1740 2751 1804 τῆς
2794 1733 3083 1811 προτέρας.
3113 1734 3174 1789 Τί
3224 1735 3286 1790 τὸ
3336 1733 3716 1810 μεταλλάσσειν
3747 1738 3806 1772 ‘0'

2095 1867 2144 1932 Β
2172 1826 2272 1895 τὴν
2304 1822 2502 1894 ἐσθῆτα
2531 1825 2720 1881 αὐτοῦ.

2247 1917 2272 1932 η
2303 1919 2350 1932 ν.
2407 1921 2443 1932 .,
2487 1913 2501 1930 ι
2595 1914 2604 1929 .

2247 1917 2273 1982 §
2303 1919 2369 1970 V.
2407 1913 2503 1968 Kui
2536 1914 2751 1976 πάντες.
2783 1912 2845 1968 Τί
2877 1914 2904 1968 ὁ
2936 1913 3243 1987 ἀσπασμός.

2245 2007 2288 2041 ⁴¹
2325 2003 2445 2060 Ἐπὶ
2476 2004 2574 2072 τὴν
2605 2005 2927 2078 θεαρχικήν.
2968 2003 3035 2060 Τί
3063 2025 3126 2058 το
3157 2002 3312 2068 εὐθὺς
3341 2007 3650 2062 κοινωνεῖν.

2247 2182 2370 2238 Ἐπὶ
2425 2184 2524 2252 τήν
2585 2179 2916 2256 μετάληψιν.
2978 2180 3076 2235 Διά
3131 2180 3183 2235 τί
3243 2181 3294 2236 οἱ
3344 2179 3808 2257 χειροτονούμενοι

2175 2272 2371 2336 εὐθέως
2399 2275 2744 2326 κοινωνοῦσι.

2242 2357 2601 2416 Μεταδίδοται
2654 2358 2811 2435 πρός.
2865 2359 3063 2420 Πάντες
3120 2359 3224 2433 γὰρ
3273 2356 3487 2430 ὁμοίως
3547 2357 3676 2430 μετά
3720 2356 3808 2424 τὴν

2176 2449 2522 2526 χειροτονίαν
2574 2453 2681 2503 τῶν
2742 2446 2897 2511 θείων
2945 2447 3212 2517 ἀξιοῦνται
3299 2448 3640 2519 μυστηρίων,
3696 2446 3812 2518 ὅπερ

2174 2541 2422 2616 ἐμφαίνει
2457 2540 2554 2607 τὴν
2589 2536 2723 2613 πρὸς
2758 2537 2883 2591 Θεὸν
2920 2535 3232 2606 οἰκειότητά
3259 2556 3318 2590 τε
3350 2535 3443 2590 καὶ
3474 2532 3685 2591 ἕνωσιν.

2244 2627 2498 2698 Τελεταὶ,
2531 2628 2806 2700 κάθαρσις.
2841 2624 2906 2683 Τί
2940 2626 2993 2679 αἱ
3023 2622 3239 2680 τελεταὶ
3272 2622 3530 2696 δηλοῦσι.

2241 2809 2424 2878 Τάξις.
2485 2803 2626 2861 Ἰδοὺ
2683 2804 2772 2860 καὶ
2827 2802 3051 2867 ἐνταῦθα
3127 2801 3457 2881 σαφέστερον
3507 2799 3734 2874 ἐδίδαξεν
3789 2799 3814 2853 ὁ

2169 2898 2378 2971 Πατὴρ,
2410 2894 2553 2957 τίνες
2611 2895 2668 2949 αἱ
2721 2888 3149 2966 ὕπερϐεϐηκυῖαι
3204 2893 3405 2962 τάξεις,
3449 2893 3522 2947 ὧν
3579 2888 3814 2962 ἀνωτὲρω

2169 2985 2439 3059 ἐμνήσθη.

2238 3075 2390 3148 §VI.
2427 3071 2581 3130 Ἀλλ’
2613 3071 2752 3147 ἐρεῖς
2803 3072 2908 3127 ὅτι.
2961 3069 3109 3143 [Καὶ]
3153 3067 3238 3124 ὅτι
3297 3069 3403 3125 οὐκ
3443 3065 3586 3126 ἔστιν
3636 3065 3687 3122 ἐν
3730 3066 3814 3121 οὐ·

2169 3168 2316 3239 ρανῷ
2345 3161 2739 3236 καθαιρόμενος
2770 3179 2783 3192 ⁸
2816 3161 2908 3214 καὶ
2938 3159 3061 3231 περὶ
3094 3157 3362 3235 ἀγγέλων.

509 3251 788 3306 ϐωιεδεθῖη
817 3247 1155 3321 quampiam.
1181 3249 1329 3306 Nota
1353 3265 1469 3304 non
1500 3264 1631 3305 esse
1663 3246 1843 3304 ullam
1861 3246 2052 3304 labem

2173 3235 2178 3239 ν
2240 3254 2391 3308 Ἔστι
2447 3235 2528 3313 τις
2585 3248 2826 3325 οὐρανία.
2869 3248 3184 3321 Σημείωσαι
3243 3247 3327 3302 ὅτι
3390 3245 3624 3320 οὐδεμία
3669 3239 3813 3312 λώϐη

406 3341 467 3396 in
501 3339 709 3413 quavis
742 3344 1086 3395 naturarum
1110 3338 1458 3405 caelestium,
1493 3338 1649 3410 quod
1667 3341 1838 3410 putat
1865 3337 2060 3408 Orige-

401 3447 528 3497 nes,
562 3434 739 3502 atque
775 3431 813 3483 ii
847 3429 945 3500 qui
979 3434 1121 3483 sunt
1149 3429 1209 3482 in
1241 3430 1443 3484 eadem
1469 3428 2054 3497 sententia,dicentes

399 3520 555 3592 quod
579 3520 751 3590 juxta
772 3517 1210 3590 proportionem
1245 3517 1588 3585 eversionis,
1639 3516 2052 3588 unusquisque

395 3607 725 3664 ccelestium
767 3607 1067 3674 ordinum,
1101 3606 1278 3662 talem
1301 3605 1752 3678 appellationem
1787 3611 1843 3663 et
1898 3605 2051 3662 ordi-

395 3713 529 3753 nem
560 3696 826 3765 sortitus,
858 3700 917 3751 et
956 3695 1300 3767 corporibus
1341 3693 1621 3766 alligatus
1651 3695 1733 3750 sit
1763 3694 2047 3750 tenuiori-

391 3789 504 3842 bus
540 3785 600 3841 in
633 3784 1077 3858 castigationem
1112 3802 1230 3840 suae
1263 3786 1330 3839 ad
1361 3784 1648 3839 deteriora
1694 3783 2046 3851 eversionis;

391 3877 493 3931 sed
523 3874 884 3931 sanctissimi
906 3879 1047 3930 sunt
1079 3873 1334 3946 profecto
1368 3880 1422 3927 et
1463 3872 1725 3945 corporis
1781 3876 2048 3943 expertes

391 3969 640 4035 mentes,
671 3964 824 4020 sicut
854 3962 1141 4036 principio
1198 3963 1378 4018 creati
1432 3967 1591 4017 sunt.
1627 3963 1792 4028 Quod
1851 3965 2046 4017 autem

391 4071 677 4126 corporeaa
707 4059 827 4110 sint
859 4053 1124 4109 caelestes
1155 4054 1422 4120 virtutes,
1458 4053 1811 4108 excellenter
1851 4051 2047 4122 legisti

389 4143 450 4198 in
474 4144 889 4199 anterioribus.
930 4143 1135 4198 Aliter.
1160 4145 1376 4196 Verum
1415 4142 1580 4196 nulla
1602 4158 1773 4197 mens
1795 4140 2046 4197 caelestis

389 4237 524 4302 post
553 4232 888 4287 daemonum
924 4229 1232 4302 delapsum
1267 4246 1532 4301 unquam
1563 4229 1622 4284 in
1655 4234 1892 4301 peccato
1942 4229 2043 4285 de-

386 4321 681 4392 prehensa
711 4325 800 4376 est
827 4341 841 4390 ;
878 4321 988 4375 hoc
1007 4319 1166 4374 enim
1191 4334 1385 4390 neque
1414 4335 1481 4373 ex
1513 4318 1711 4373 divina
1741 4317 2044 4390 Scriptura

386 4411 792 4483 cognovimus,
824 4425 1017 4480 neque
1047 4408 1266 4479 aliquis
1288 4424 1356 4463 ex
1391 4406 1735 4479 theosophis
1766 4407 2040 4463 Patribus

384 4499 550 4556 dixit.
617 4499 716 4555 llic
772 4503 971 4555 autem
1041 4501 1283 4554 sanctus
1331 4497 1419 4552 vir
1457 4514 1561 4569 per
1599 4496 2036 4552 concessionem

2165 3342 2430 3416 τυγχάνει
2478 3334 2529 3394 ἔν
2579 3360 2683 3392 τινι
2733 3342 2839 3392 τῶν
2895 3335 3158 3413 οὐρανίων
3207 3333 3520 3410 δυνάμεων,
3553 3336 3583 3390 ’ὁ
3623 3331 3817 3404 δοξάζει

2166 3430 2467 3506 Ὧριγὲνης,
2500 3427 2594 3484 καὶ
2651 3429 2703 3482 οἱ
2759 3427 2826 3482 τὰ
2877 3426 3074 3482 τούτου
3132 3429 3479 3501 φρονοῦντες,
3515 3425 3817 3502 φάσκοντες,

2165 3520 2246 3574 ὅτι
2279 3520 2417 3574 κατὰ
2443 3520 2542 3586 τὴν
2578 3515 2873 3590 ἀναλογίαν
2906 3522 3004 3584 τῆς
3034 3521 3396 3590 παρατροπῆς
3449 3511 3676 3569 ἕκαστον
3719 3514 3816 3565 τῶν

2163 3608 2430 3684 οὐρανίων
2475 3605 2763 3682 ταγμάτων
2809 3605 2910 3672 τήν
2967 3601 3182 3658 τοιάνδε
3233 3602 3324 3657 καὶ
3385 3602 3683 3676 ὀνομασίαν
3737 3600 3819 3653 καὶ

2159 3698 2305 3767 τάξιν
2341 3696 2721 3768 ἐκληρώσατο,
2751 3694 2840 3748 xui
2875 3694 3119 3766 σώμασιν
3181 3689 3506 3762 ἐνεδὲθησαν
3570 3687 3816 3746 λεπτοτέ-

2162 3807 2300 3861 ροις,
2335 3785 2411 3847 εἷς
2434 3781 2682 3838 παιδείαν
2711 3785 2809 3852 τῆς
2851 3783 3053 3837 ἑαυτῶν
3082 3780 3170 3836 ἐπὶ
3201 3782 3263 3836 τὸ
3295 3787 3494 3858 χεῖρον
3552 3797 3818 3853 παρατρο-

2159 3881 2267 3944 πῆς
2302 3894 2312 3905 ’
2374 3872 2520 3929 ἀλλά
2576 3872 2837 3947 πάναγνοί
2894 3871 2995 3926 εἰσι
3057 3867 3318 3942 δηλονότι
3389 3871 3484 3925 καὶ
3544 3869 3818 3941 ἀσώματοι

2158 3963 2298 4034 νόες,
2360 3963 2434 4024 ὡς
2492 3963 2542 4030 ἐξ
2601 3961 2780 4034 ἀρχῆς
2841 3959 3158 4030 ἐκτίσθησαν
3195 3979 3206 3993 °
3269 3959 3354 4014 ὅτι
3421 3957 3480 4015 δὲ
3537 3954 3814 4030 ἀσώματοί

2158 4051 2288 4106 εἷ’σιν
2351 4052 2403 4106 αί
2482 4050 2727 4124 οὐράνιαι
2812 4047 3086 4122 δυνάμεις,
3151 4045 3430 4124 διαφόρως
3522 4045 3695 4122 ἔγνως
3768 4041 3815 4097 ἐν

2152 4147 2270 4203 τοῖς
2332 4138 2658 4214 ἔμπροσθεν.
2716 4135 2968 4200 Ἄλλως.
3030 4135 3188 4192 Ἀλλ’
3240 4134 3424 4199 οὐδεὶς
3483 4137 3661 4192 αὐτῶν
3718 4138 3817 4188 τῶν

2154 4229 2420 4301 οὐρανίων
2480 4233 2617 4284 νοῶν
2681 4227 2815 4300 μετά
2868 4228 2968 4296 τὴν
3021 4231 3128 4281 τῶν
3167 4223 3445 4299 δαιμόνων
3507 4225 3816 4279 ἀπόπτωσιν

2154 4321 2300 4374 ἑάλω
2341 4317 2493 4374 ποτὲ·
2525 4321 2686 4372 τοῦτο
2717 4319 2819 4391 γάρ
2852 4313 2982 4370 οὐδὲ
3033 4316 3179 4390 παρὰ
3230 4322 3331 4384 τῆς
3393 4315 3545 4378 θείας
3609 4319 3819 4390 Γραφῆς

2153 4406 2417 4482 ἔγνωμεν,
2470 4403 2596 4462 οὐδὲ
2651 4427 2732 4467 τις
2792 4408 2897 4458 τῶν
2958 4404 3232 4481 θεοσόιρων
3285 4399 3480 4477 εἷ’ρηκε
3539 4405 3817 4477 Πατὲρων.

2151 4497 2326 4559 Οὗτος
2379 4493 2434 4550 δὲ
2481 4496 2507 4550 ὁ
2557 4495 2712 4570 ἅγιος
2757 4492 2892 4548 κατὰ
2949 4492 3308 4567 συγχώρησιν
3346 4490 3481 4546 αὐτό
3516 4512 3709 4570 φησιν,
3749 4488 3818 4548 ὡς

383 4587 492 4643 hoc
524 4588 721 4659 ipsum
754 4587 930 4656 ai't,ut
962 4586 1180 4658 aliquis
1213 4585 1442 4656 dixerit,
1474 4585 1881 4641 sanctissimos
1913 4586 2040 4657 qui-

2173 4587 2209 4639 ίν
2246 4583 2388 4639 εἷ’ποι
2419 4604 2521 4656 τις,
2556 4581 2636 4638 ὅτι
2671 4581 2934 4657 πάναγνοι
2969 4579 3062 4653 μὲν
3094 4579 3200 4634 εἷ’σι
3229 4581 3324 4635 καὶ
3383 4575 3706 4650 ἀλώϐητοι,
3731 4575 3819 4632 καὶ

383 4676 516 4730 dem
549 4693 650 4732 eos
682 4693 832 4744 esse,
867 4681 923 4731 et
951 4676 1345 4747 inlegros,nec
1363 4673 1714 4745 expiationis
1744 4672 2035 4746 indigere;

382 4766 484 4820 sed
520 4765 568 4820 si
603 4767 814 4821 demus
846 4765 906 4819 in
943 4764 1143 4834 aliquo
1175 4779 1379 4817 eorum
1406 4763 1596 4817 labem
1634 4763 1836 4829 fuisse,
1867 4762 2039 4834 plane

383 4854 454 4909 ad
487 4855 815 4911 contrarias
844 4854 1190 4924 virtutes.se
1223 4850 1653 4920 conferebat,ut
1683 4851 1921 4923 reliquae
1963 4853 2040 4908 si-

383 4958 456 4998 ne
483 4942 614 4998 labe
645 4945 850 4999 eodem
885 4941 1058 4996 modo
1090 4940 1380 5010 lhabeant,
1413 4943 1469 4995 et
1499 4939 1772 4996 similiter
1801 4957 1917 4996 non
1947 4942 2036 4996 in-

381 5029 621 5101 digeant
651 5029 1020 5102 expiationis.
1041 5028 1308 5099 Atqueid
1343 5028 1424 5084 ita
1445 5043 1574 5084 esse
1605 5028 1778 5101 plane
1814 5031 2033 5086 docuit.

379 5121 521 5172 Cum
555 5120 712 5174 enim
739 5120 808 5174 ad
842 5119 900 5172 id
933 5118 1087 5187 quod
1117 5117 1411 5186 objectum
1442 5121 1586 5184 erat,
1620 5117 1677 5172 id
1720 5120 1873 5189 quod
1901 5135 2037 5174 sen-

379 5207 584 5274 tiebat,
620 5213 803 5278 utque
833 5210 980 5276 erat,
1013 5204 1435 5278 respondisset,
1470 5205 1720 5278 subjecit
1750 5206 1894 5264 illud
1922 5225 1935 5264 :
1974 5207 2039 5263 5i

376 5295 502 5367 quis
535 5296 871 5368 enimgpro,
906 5295 1063 5365 quod
1112 5295 1162 5350 si
1215 5293 1348 5367 quis
1402 5295 1580 5350 etiam
1635 5296 1732 5352 det
1780 5297 2036 5370 aliquem

2149 4672 2210 4728 οὐ
2243 4670 2448 4728 δέονται
2482 4673 2789 4746 καθάρσεως
2825 4691 2836 4703 ·
2871 4669 3038 4737 πλὴν,
3073 4668 3120 4723 εἷ’
3172 4667 3264 4724 καὶ
3313 4666 3553 4744 δοίημεν
3611 4667 3665 4724 ἔν
3718 4684 3823 4721 τινι

2147 4757 2304 4836 λώϐῃ
2331 4766 2374 4798 ⁴²
2406 4763 2647 4838 γενέσθαι
2696 4759 2872 4815 αὐτῶν
2925 4779 3067 4827 τινα,
3099 4759 3316 4820 πάντως
3377 4758 3458 4820 είς
3519 4758 3621 4822 τὰς
3670 4757 3818 4811 ἐναν-

2143 4851 2261 4912 τίας
2293 4850 2493 4926 ἐχώρει
2526 4847 2782 4920 δυνάμεις
2815 4868 2827 4882 ·
2865 4848 3003 4904 ὥστε
3030 4847 3124 4909 τὰς
3156 4847 3353 4910 λοιπὰς
3400 4847 3468 4903 τὸ
3523 4841 3817 4916 ἀλώϐητον

2147 4939 2404 5003 ὡσαύτως
2460 4933 2631 5014 ἔχειν,
2663 4937 2751 4993 καὶ
2811 4936 3020 5011 ὁμοίως
3075 4938 3151 5011 μή
3212 4935 3419 5002 δεῖσθαι
3483 4936 3817 5012 καθάρσεως.

2149 5028 2245 5085 Καὶ
2279 5029 2360 5084 ὅτι
2392 5026 2553 5082 τοῦτό
2607 5027 2740 5095 ἐστι,
2773 5031 2955 5102 σαφῶς
3009 5020 3201 5097 ἔδειξεν
3233 5045 3244 5056 ·
3283 5025 3454 5081 εἷ’πὼν
3521 5026 3627 5102 γὰρ
3683 5021 3818 5098 πρὸς

2143 5120 2243 5188 τὴν
2304 5117 2569 5182 ἀντίθεσιν
2621 5118 2719 5185 τήν
2776 5113 2916 5170 ἰδίαν
2945 5116 3175 5193 γνώμην
3209 5115 3293 5171 καὶ
3326 5113 3546 5187 ἀληθῆ,
3576 5115 3820 5190 ἐπήγαγε

2142 5209 2228 5277 τὸ,
2260 5207 2320 5264 Εἰ
2346 5207 2444 5284 γάρ
2475 5228 2582 5277 τις,
2613 5205 2730 5260 ἀντὶ
2764 5210 2881 5279 τοῦ,
2916 5205 2962 5260 εἷ
2994 5201 3052 5258 δὲ
3082 5203 3172 5260 καί
3216 5225 3301 5268 τις
3355 5204 3485 5276 δοίη
3547 5203 3676 5260 τινὰ
3712 5219 3820 5257 πα-

2149 5304 2509 5373 ρατραπῆναι,
2540 5299 2636 5352 τοῦ
2667 5299 2845 5372 χοροῦ
2873 5293 3084 5350 τούτων
3133 5293 3370 5366 ἐξέπεσεν
3405 5296 3480 5366 ⁴³,
3517 5295 3657 5368 ὅπερ
3714 5287 3819 5364 ἑγὼ

1392 5480 1640 5537 VARle
1670 5479 2049 5540 LECTIONES
2074 5484 2163 5540 ET
2192 5484 2726 5542 CORRECTIONES

444 5629 515 5662 ιο*
551 5617 915 5696 μεταϐάλλειν
939 5621 1036 5696 καὶ
1091 5621 1502 5692 μεταλλάσσειν.

381 5701 428 5736 ⁴²
458 5693 673 5768 λὼϐην.
750 5697 794 5732 ⁴⁸
827 5693 1192 5753 ἐκπέπτωκεν.

1583 5626 1626 5661 ιι
1677 5625 1898 5682 Horum
1938 5629 2249 5685 verborum
2299 5627 2462 5685 nulla
2509 5629 2701 5684 exstat
2746 5625 3155 5699 interpretatio
3202 5628 3358 5702 apud
3406 5627 3816 5688 Lansselium.
