4134 6400
317 387 427 443 173

1093 392 1152 444 S.
1195 389 1469 444 MAXIMI
1507 387 1812 443 SCHOLIA
1852 387 1924 439 IN
1965 385 2096 437 LIB.
2141 384 2235 436 DE
2276 383 2548 437 ECCLES
2584 383 2987 439 HIERARCH.

3649 381 3754 444 174

322 509 392 564 οὐ
435 508 604 585 λέγω,
636 510 824 588 φησὶν,
855 510 1003 567 ἀλλὰ
1047 511 1387 579 τούναντίον,
1423 508 1505 565 ὅτι
1564 506 1831 582 πάναγνοι
1875 502 1991 560 δια-

2119 522 2374 563 ινθιιευιη
2405 507 2609 576 fuisse,
2643 507 2692 564 is
2741 511 2897 564 certe
2919 524 2987 566 ex
3023 508 3234 565 horum
3282 508 3457 567 choro
3488 510 3704 568 decidit
3733 529 3750 582 ;

327 601 586 673 μένουσιν
638 599 826 674 εἰσαεὶ,
861 598 978 656 ἐπεὶ
1026 599 1313 674 ἐκπέσοιμι
1368 603 1466 655 τοῦ
1508 599 1864 660 καθεστῶτος.
1898 595 1990 664 Μὴ

327 687 423 744 οὖν
483 709 565 751 τις
625 694 732 745 τῶν
796 690 1101 765 Ὠριγένους
1163 693 1379 763 μυστῶν
1459 687 1653 751 οἰέσθω
1703 687 1766 741 τὸ
1820 685 1990 760 παρὸν

329 777 500 854 ῥητὸν
531 784 846 854 συνηγορεῖν
874 783 942 853 τῇ
986 778 1304 852 κακοπίστῳ
1352 779 1518 833 αὐτοῦ
1573 774 1719 850 δόξῃ,
1753 773 1992 850 φάσκων,

324 866 417 922 ὅτι
473 867 556 923 ἀεὶ
614 873 825 930 πτῶσις
879 869 966 922 καὶ
1031 867 1334 937 ἀνάκλισις,
1369 867 1458 922 καὶ
1495 864 1836 940 μετάπτωσις
1889 864 1994 918 τῶν

326 956 605 1033 οὐρανίων
657 956 860 1034 γίνεται
920 962 1084 1026 νοῶν,
1119 957 1195 1020 ὥς
1252 978 1413 1035 φησιν
1447 956 1726 1032 Ὠριγένης
1789 954 1882 1027 μὲν
1943 950 1994 1006 ἐν

323 1051 414 1119 τῷ
445 1045 578 1120 Περὶ
609 1047 800 1122 ἀρχῶν
831 1047 1038 1122 πρώτῳ
1071 1045 1246 1122 λόγῳ,
1277 1045 1450 1108 οὕτως
1475 1065 1488 1077 ⁸
1527 1069 1555 1098 ‹‹
1585 1046 1644 1102 '0
1673 1043 1852 1099 τοίνυν
1905 1040 1996 1096 λό-

325 1155 453 1209 γος,
509 1135 691 1208 οἶμαι,
752 1132 987 1190 δείκνυσι
1045 1139 1172 1204 πᾶς,
1203 1141 1306 1190 πᾶν
1365 1137 1393 1190 ὅ
1447 1157 1500 1190 τι
1557 1136 1691 1190 ποτὶ
1748 1132 1992 1208 λογικὸν,

326 1225 441 1279 ἀπὸ
472 1225 672 1286 παντὸς
705 1225 1026 1280 οὑτινοσοῦν
1061 1223 1290 1299 λογικοῦ
1324 1221 1580 1287 δύνασθαι
1638 1224 1879 1296 γενέσθαι
1913 1240 1925 1252 ⁸
1963 1245 1991 1273 ››

325 1313 422 1368 καὶ
457 1313 593 1386 μετὰ
622 1313 831 1388 βραχέα
860 1312 1042 1390 ἐπάγει
1076 1311 1252 1389 λέγων
1289 1331 1302 1345 ο
1341 1336 1369 1365 ‹‹
1419 1313 1569 1370 Μετὰ
1613 1313 1675 1366 τὸ
1724 1310 1812 1366 ἐπὶ
1863 1315 1992 1364 πᾶσι

323 1399 520 1472 τέλος,
550 1401 718 1457 πάλιν
764 1401 1093 1478 ἀπόρῥευσις
1150 1401 1241 1456 καὶ
1299 1400 1643 1463 κατάπτωσις
1701 1399 1927 1475 γίνεται.
1960 1421 1990 1450 ››

325 1489 604 1564 Εὐάγριος
634 1488 692 1546 δὶ
721 1488 774 1545 ἐν
801 1495 884 1562 τῷ
914 1486 1314 1564 ἑϐδομηκοστῷ
1353 1487 1533 1566 ὀγδόῳ
1587 1496 1688 1560 τῆς
1744 1486 1992 1559 δευτέρας

330 1577 697 1644 ἑκατοντάδος
725 1579 1004 1658 κεφαλαίῳ
1035 1579 1176 1634 οὕτω
1208 1580 1375 1656 φησίν
1409 1599 1421 1613 ⁸
1457 1603 1486 1632 ‹‹
1518 1582 1779 1636 Ἕκαστον
1810 1579 1995 1653 τάγμα

327 1673 445 1723 τῶν
478 1668 753 1743 οὐρανίων
785 1666 1089 1742 δυνάμεων,
1121 1667 1158 1738 ἢ
1190 1667 1319 1724 ὅλον
1352 1667 1412 1723 ἐκ
1439 1673 1548 1724 τῶν
1591 1667 1760 1737 κάτω,
1793 1665 1829 1735 ἢ
1862 1665 1994 1722 ὅλον

330 1758 393 1814 ἐκ
423 1764 538 1814 τῶν
568 1758 702 1829 ἅνω,
734 1759 771 1830 ἢ
803 1759 864 1816 ἐκ
889 1764 999 1816 τῶν
1030 1757 1141 1814 ἅνω
1169 1759 1259 1814 καὶ
1291 1758 1352 1814 ἐκ
1378 1763 1486 1814 τῶν
1537 1760 1686 1814 κάτω
1740 1763 1994 1827 συνέστη-

325 1871 413 1908 κε.
453 1874 481 1900 ››
513 1849 618 1906 Καὶ
649 1849 703 1905 ἐν
734 1855 816 1922 τῷ
847 1851 911 1905 ιθ⁹
939 1857 1038 1919 τῆς
1083 1851 1120 1906 ε’
1150 1847 1505 1911 ἑκατοντάδος
1563 1847 1712 1924 λέγει
1771 1847 1944 1908 οὕτως
1980 1865 1992 1878 ·

327 1962 358 1990 α
394 1938 486 2009 Ἐξ
520 1937 819 2015 ἁγγελικῆς
868 1938 1241 2000 καταστάσεως
1288 1938 1378 1993 καὶ
1427 1937 1857 2014 άρχαγγελικῆς,
1888 1939 1994 2011 ψυ-

325 2029 474 2103 χὶκή
505 2030 829 2091 κατάστασις
853 2028 1056 2104 γίνεται
1087 2047 1099 2061 ·
1134 2026 1196 2083 ἐκ
1247 2025 1305 2082 δὲ
1345 2033 1446 2098 τῆς
1492 2031 1761 2102 ψυχικῆς,
1795 2023 1994 2100 δαιμο-

327 2115 548 2188 νιώδης
578 2118 669 2173 καὶ
713 2117 1025 2192 ἀνθρωπίνη
1062 2139 1074 2152 ο
1109 2116 1169 2173 ἐκ
1197 2115 1258 2172 δὲ
1283 2124 1384 2187 τῆς
1430 2116 1796 2192 ἀνθρωπίνης,
1826 2113 1996 2192 ἄγγε-

328 2205 424 2262 λοι
459 2205 628 2264 πάλιν
658 2207 750 2263 καὶ
782 2203 1040 2282 δαίμονες
1066 2207 1324 2283 γίνονται.
1359 2230 1388 2258 ››

402 2478 547 2537 Ταῖς
582 2473 918 2554 ὑφειμέναις.
950 2472 1090 2530 Ποία
1141 2472 1282 2530 ἐστὶν
1333 2475 1369 2544 ἡ
1421 2476 1530 2529 τῶν
1582 2471 1848 2548 οὐρανίων
1901 2470 1999 2526 κά-

331 2565 532 2639 θαρσις
562 2565 652 2619 καὶ
701 2560 1085 2638 διακόσμησις.
1121 2561 1368 2627 Ἄλλως.
1397 2565 1516 2618 Ὅτι
1573 2563 1832 2638 κάθαρσις
1889 2562 1996 2616 τῶν

329 2653 613 2727 οὐρανίων
649 2651 925 2727 δυνάμεών
970 2652 1112 2708 ἐστιν
1172 2655 1206 2722 ἡ
1267 2651 1355 2707 ἐπὶ
1411 2651 1742 2727 τελεωτέραν
1798 2654 1996 2726 γνῶσιν

326 2738 621 2817 ἔλλαμψις
655 2763 668 2776 ·
704 2743 794 2798 καὶ
827 2742 1130 2817 σημείωσαι
1162 2741 1246 2798 ὅτι
1276 2741 1678 2816 προκόπτουσιν
1738 2739 1825 2795 ἐπὶ
1857 2743 1999 2814 γνῶ-

329 2854 444 2902 σιν,
474 2832 568 2887 καὶ
595 2831 678 2888 ὅτι
712 2830 975 2906 δαίμονας
1006 2831 1068 2887 οὐ
1099 2830 1319 2908 λέγουσι
1360 2831 1728 2907 καθαίρεσθαι,
1761 2827 1850 2884 διὰ
1875 2827 2003 2892 τοὺς

329 2921 641 3000 φᾶσκοντας
691 2921 780 2978 καὶ
831 2921 1028 2986 αὐτοὺς
1075 2920 1127 2976 ἐν
1169 2925 1239 2996 τῇ
1289 2922 1416 2996 παρ’
1446 2920 1621 2976 αὐτῶν
1660 2919 2000 2995 μυθευομένῃ

331 3013 796 3082 ἀποκαταστάσει,
831 3013 1098 3082 σώζεσθαι
1133 3012 1269 3086 μετὰ
1295 3016 1404 3067 τῶν
1434 3012 1625 3087 ἁγίων.

406 3101 575 3159 Οὕτω
630 3101 721 3156 καὶ
778 3101 1168 3180 φωτιζόμεναι.
1229 3103 1550 3176 Σημείωσαι
1606 3103 1674 3158 τά
1724 3102 1849 3178 περὶ
1897 3106 2004 3158 τῶν

331 3190 616 3268 ἀγγέλων,
647 3195 763 3255 πῶς
795 3189 1144 3270 φωτίζονται,
1170 3191 1261 3246 καὶ
1290 3190 1647 3250 τελειοῦνται.

843 3311 963 3366 ΕΙΣ
1003 3314 1088 3364 ΤΟ
1125 3312 1385 3367 ΚΕΦΑΛ.
1427 3309 1499 3365 Z'.

407 3410 455 3464 Ι.
493 3411 522 3477 §
553 3411 598 3464 Ι.
629 3406 788 3464 Οὕτω
819 3407 908 3462 καὶ
938 3407 1099 3484 πρός.
1125 3410 1250 3466 "Ott
1276 3409 1379 3462 οὐκ
1408 3406 1461 3462 ἐν
1492 3413 1609 3468 τοῖς
1669 3405 1854 3469 αὐτυῖς
1911 3405 2001 3462 τό·

326 3518 466 3560 ποις
503 3496 806 3572 ἀπάγονται
837 3497 890 3552 οἱ
917 3495 1280 3560 τελευτῶντες
1308 3497 1503 3559 πάντες
1537 3515 1550 3530 ο
1586 3497 1674 3551 καὶ
1706 3496 1830 3570 περὶ
1870 3496 2002 3552 ἀνα-

333 3589 606 3648 στάσεως.

406 3673 647 3745 Ὀλικῆς
698 3677 1060 3740 ἀναστάσεως.
1107 3682 1218 3746 Τῆς
1266 3675 1401 3751 μετὰ
1445 3679 1542 3730 τοῦ
1591 3676 1847 3750 σώματος
1900 3674 2003 3748 δη-

341 3763 549 3822 λονότι.

416 3854 488 3910 Al
521 3855 619 3928 μὲν
649 3855 779 3930 γάρ.
813 3853 946 3928 Περὶ
979 3850 1200 3910 δικαίων
1230 3853 1403 3929 λέγει.

407 3945 483 3998 Τά
514 3941 574 3998 δὲ
605 3944 814 4015 καθαρὰ
839 3949 972 3999 τῶν.
1006 3945 1139 4017 Περὶ
1171 3944 1508 4006 ἀναστάσεως
1541 3942 1832 4018 σωμάτων.

592 4036 708 4088 Τῶν
741 4028 1074 4106 δοξαζόντων
1106 4031 1392 4088 ἀνάστασιν
1422 4033 1513 4088 καὶ
1552 4033 1750 4107 κρίσιν,

326 4214 386 4266 οἱ
418 4212 519 4286 μὲν
558 4213 695 4284 μετὰ
751 4215 862 4266 τῶν
921 4212 1022 4267 αὐ·
1171 4211 1223 4266 οἱ
1282 4208 1340 4266 δὶ
1486 4213 1536 4268 οἱ
1605 4211 1663 4268 δὲ
1728 4217 1843 4286 μετ’
1899 4211 2004 4267 ἅλ-

323 4308 443 4358 τῶν
526 4302 802 4373 σωμάτων
871 4300 1015 4377 ἐγεί-
1164 4298 1296 4376 δίγα
1478 4300 1590 4358 λων
1738 4323 1814 4357 σω
1823 4302 2005 4376 μάτων

331 4402 526 4467 ρεσθαι
618 4393 719 4460 τὴν
823 4393 1010 4466 ψυχήν
1160 4391 1345 4464 σώμα-
1481 4391 1680 4464 ξένων,
1727 4393 1816 4446 καὶ
1884 4392 2002 4467 βίον

329 4502 526 4558 φασιν,
558 4479 635 4542 ὡς
667 4479 1009 4556 Χριστιανοί·
1155 4500 1256 4542 τος
1288 4498 1303 4513 ο
1479 4477 1650 4556 ἔχειν,
1703 4484 1820 4537 οἷον
1887 4485 2003 4540 νῦν.

879 4572 995 4624 Τῶν
1035 4589 1186 4624 κεκοι
1196 4590 1271 4643 μη
1283 4569 1375 4643 μέν
1383 4590 1455 4624 ων
1466 4613 1481 4640 ,

332 4660 390 4715 οἱ
425 4658 523 4732 μέν
553 4658 690 4714 εἰσιν
717 4657 860 4733 ἱεροί
893 4677 906 4690 ’

409 4747 718 4807 Ἐνωθέντα
762 4749 888 4824 γάρ.
935 4749 1059 4808 ’Ότι
1107 4748 1318 4805 ἑνοῦται
1362 4753 1483 4813 ταῖς
1529 4751 1736 4826 ψυχαῖς
1782 4750 1850 4805 τὰ
1897 4750 2003 4804 σώ-

341 4859 513 4912 ματα.

526 4925 862 5000 [Σημείωσαι
907 4925 966 4982 δὲ
1001 4928 1092 4983 καὶ
1136 4928 1234 4998 τήν
1267 4928 1462 4998 ὁλικήν
1496 4926 1825 5001 ἆνάστασιν.]

413 5020 548 5087 §II.
581 5020 700 5071 Τῶν
755 5014 812 5072 δὲ
874 5017 1120 5092 ἀνιέρων.
1157 5019 1288 5090 Περὶ
1347 5017 1578 5082 θανάτου
1634 5016 2004 5092 ἁμαρτωλῶν,

334 5107 431 5162 καὶ
459 5106 514 5161 τί
545 5107 838 5179 νομίζουσι
877 5106 1010 5179 μετὰ
1040 5106 1263 5171 θάνατον
1315 5106 1558 5182 γίνεσθαι
1617 5108 1668 5162 οἱ
1706 5106 2002 5180 Ἕλληνες,

337 5198 421 5250 ὧν
449 5195 549 5258 τὰς
577 5193 734 5266 δόξας
766 5195 1059 5254 ἐκτίθεται.
1090 5197 1305 5252 Τούτων
1337 5197 1440 5271 γὰρ
1472 5198 1529 5252 οἱ
1564 5198 1658 5270 μὲν
1717 5195 2003 5274 άλογιστό-

337 5305 519 5361 τεροι,
550 5280 677 5340 οὕτε
700 5286 957 5340 ἀθάνατον
983 5287 1083 5356 τὴν
1115 5288 1303 5360 ψυχὴν
1341 5287 1728 5363 ὁμολογοῦσιν,
1762 5287 1836 5340 ὧν
1891 5285 2001 5342 ἐστι

339 5376 434 5430 καὶ
459 5376 613 5443 Βίας,
647 5373 758 5449 οὐχ
780 5376 808 5429 ὁ
840 5373 1131 5450 Πριηνεὺς,
1166 5373 1293 5431 ἀλλ’
1318 5371 1503 5450 ἕτερός
1532 5396 1616 5440 τις
1648 5396 1660 5409 ⁸
1690 5375 1840 5432 ἀλλὰ
1879 5386 2004 5443 θνη-

336 5465 470 5534 τήν,
502 5463 593 5518 καὶ
625 5462 848 5528 λύεσθαι
876 5462 1069 5534 αὐτὴν,
1101 5463 1160 5520 ὃν
1210 5463 1414 5539 τρόπον
1459 5465 1549 5519 καὶ
1596 5466 1658 5520 τὸ
1699 5470 1880 5539 σῶμα,
1911 5463 2000 5518 καὶ

340 5552 424 5615 εἷς
452 5553 519 5608 τὸ
553 5553 628 5625 μὴ
663 5553 798 5607 εἶναι
830 5557 1037 5628 χωρεῖν
1071 5571 1083 5584 ·
1118 5553 1170 5608 οἱ
1201 5551 1258 5608 δὲ
1289 5550 1446 5624 δῆθεν
1479 5552 1658 5609 αὐτῶν
1709 5551 2005 5630 λογικώτε-

342 5663 456 5720 ροι,
489 5640 580 5697 καὶ
633 5642 760 5719 περὶ
815 5638 1108 5705 ἀθανασίας
1150 5644 1338 5718 ψυγῆς
1384 5641 1880 5720 φιλοσοφήσαντες,
1928 5643 2003 5704 ὡς

339 5729 602 5802 Πλάτων,
632 5729 726 5788 καὶ
755 5730 809 5786 οἱ
839 5733 1101 5803 τοιοῦτοι,
1136 5730 1270 5804 μετᾶ
1314 5731 1540 5797 θάνατον
1583 5731 1646 5787 τὸ
1700 5732 1794 5804 μὲν
1845 5733 2006 5804 σῶμα

1590 4659 1641 4714 οἱ
1682 4656 1738 4714 δὲ
1775 4658 2005 4733 ἀνίεροι.
2035 4646 2084 4712 Ι)
2116 4663 2222 4718 alii
2249 4660 2464 4732 quidem
2492 4662 2623 4715 sunt
2651 4658 2856 4726 sancti,

2103 598 2255 668 quod
2289 597 2528 669 quidem
2552 615 2658 671 ego
2679 615 2792 654 non
2826 598 3197 669 dico,inquit,
3234 600 3334 655 sed
3366 601 3752 672 contrarium,

2103 703 2334 758 nempe,
2365 704 2464 744 eos
2495 689 2907 746 sanctissimos
2940 705 3175 762 semper
3202 705 3755 764 permanere,quan-

2102 777 2423 849 doquidem
2453 779 2787 835 aberrarem
2805 796 2837 835 a
2859 779 3276 852 supposito.Ne
3305 780 3440 852 quis
3471 796 3607 854 ergo
3633 781 3754 838 Ori-

2104 867 2270 938 genis
2302 867 2732 940 discipulorum
2762 873 2930 941 putet
2959 869 3082 925 haec
3111 869 3288 925 verba
3329 870 3459 941 ejus
3490 871 3586 928 85
3617 887 3752 943 per-

2104 971 2280 1011 versae
2312 957 2447 1013 ﬁdei
2479 959 2829 1015 sententiam
2881 959 3214 1026 defendere,
3264 959 3488 1028 dicens,
3523 976 3758 1031 semper

2104 1060 2367 1117 causam,
2400 1050 2457 1102 et
2476 1047 3469 1120 declinationem,mutationemque
3497 1049 3622 1104 ﬁeri
3642 1065 3754 1104 cm-

2102 1131 2340 1190 lestium
2369 1137 2750 1207 mentium,ut
2772 1137 2913 1194 dicit
2933 1139 3210 1210 Origenes
3229 1138 3468 1209 quidem
3492 1138 3550 1194 in
3566 1138 3756 1212 primo

2105 1223 2254 1280 libro
2285 1227 2358 1280 De
2376 1227 2810 1298 principiis,hoc
2844 1228 3017 1283 modo
3039 1247 3050 1284 :
3069 1251 3096 1278 «
3122 1228 3327 1284 Omnis
3357 1228 3756 1301 ergo,utarbi-

2102 1316 2245 1384 tror,
2281 1316 2430 1370 ratio
2455 1317 2643 1384 docet,
2664 1333 2837 1372 omne
2858 1319 3012 1388 quod
3047 1317 3292 1373 rationis
3313 1323 3402 1373 est
3433 1318 3752 1390 particeps,

2103 1402 2175 1458 ab
2207 1404 2368 1459 omni
2395 1406 2551 1476 quod
2585 1407 2872 1460 rationem
2921 1405 3155 1475 habeat,
3205 1422 3379 1478 posse
3427 1407 3588 1463 oriri.
3624 1428 3653 1456 »
3688 1406 3755 1462 Et

2103 1492 2279 1562 paulo
2316 1494 2468 1548 infra
2489 1494 2729 1549 adducit
2757 1494 2881 1550 haec
2909 1496 3086 1551 verba
3118 1513 3130 1551 :
3169 1517 3197 1546 «
3231 1500 3370 1552 Post
3400 1495 3574 1552 ﬁnem
3623 1512 3756 1551 om-

2105 1581 2294 1650 nium,
2327 1600 2536 1640 rursus
2567 1583 2819 1640 efﬂuxus
2845 1588 2902 1640 et
2923 1600 3096 1641 casus
3127 1585 3376 1642 exsistit.
3412 1607 3441 1635 »
3471 1585 3754 1657 Evagrius

2104 1675 2300 1727 autem
2331 1671 2390 1726 in
2415 1672 2853 1744 septuagesimo
2882 1679 3084 1729 octavo
3106 1674 3300 1745 capite
3321 1675 3590 1730 secunda:
3615 1689 3754 1732 cen-

2102 1760 2290 1828 turiis,
2313 1760 2398 1816 sic
2427 1761 2570 1816 dicit
2595 1779 2607 1817 :
2646 1786 2668 1815 ι
2697 1762 3123 1834 Unusquisque
3153 1763 3294 1818 ordo
3319 1762 3606 1819 virtutum
3635 1779 3755 1819 cos-

2104 1847 2364 1920 lestium,
2398 1854 2500 1906 aut
2526 1854 2686 1907 totus
2717 1867 2787 1906 ex
2806 1851 3205 1918 inferioribus,
3244 1855 3345 1908 aut
3375 1855 3534 1908 totus
3553 1868 3621 1908 ex
3650 1869 3756 1908 su-

2105 1938 2456 2012 perioribus,
2475 1939 2564 1995 vel
2597 1955 2667 1996 ex
2690 1939 3095 2012 superioribus
3125 1943 3184 1996 et
3212 1939 3589 1998 inferioribus
3611 1957 3752 1997 con-

2105 2031 2241 2084 stat.
2285 2050 2314 2077 »
2346 2031 2411 2084 In
2433 2028 2658 2086 decimo
2691 2046 2844 2087 nono
2866 2030 3042 2086 etiam
3061 2029 3281 2102 quintae
3311 2030 3589 2087 centurias
3611 2029 3756 2086 dicit

2105 2116 2198 2172 his
2227 2118 2420 2173 verbis
2447 2134 2459 2172 :
2485 2141 2513 2169 «
2560 2120 2642 2174 Ex
2671 2118 2934 2192 angelico
2978 2119 3182 2175 ordine
3227 2124 3285 2176 et
3321 2119 3753 2191 archangelico.

2106 2205 2380 2262 animalis
2402 2208 2544 2264 ordo
2576 2208 2805 2264 exsistit
2823 2226 2844 2264 :
2856 2225 2926 2264 ex
2941 2208 3183 2266 animali
3212 2212 3407 2264 autem
3431 2208 3756 2265 daemonia-

2105 2312 2210 2351 cus
2242 2300 2300 2352 et
2326 2296 2659 2368 humanus;
2693 2313 2762 2354 ex
2790 2297 3053 2356 humano
3079 2303 3299 2368 autem,
3331 2297 3522 2371 angeli
3545 2314 3755 2356 rursus

2107 2385 2520 2458 daemonesque
2550 2388 2724 2445 ﬁunt.

2178 2475 2562 2544 Inferioribus.
2594 2476 2871 2540 Quanam
2906 2477 2984 2532 sit
3030 2477 3355 2534 caelestium
3390 2477 3659 2550 purgatio
3703 2479 3763 2534 et

2109 2563 2440 2634 dispositio.
2462 2563 2646 2620 Aliter
2678 2582 2691 2620 :
2726 2567 2882 2639 quod
2913 2566 3186 2640 purgatio
3217 2565 3541 2623 ccelestium
3573 2567 3764 2622 virtu-

2109 2656 2236 2707 tum
2261 2652 2339 2708 sit
2367 2653 2436 2709 ad
2471 2654 2880 2726 perfectiorem
2902 2656 3299 2729 cognitionem
3331 2655 3648 2712 illustratio
3672 2671 3686 2710 :
3711 2661 3767 2711 et

2111 2745 2250 2798 nota
2281 2742 2436 2813 quod
2468 2744 2779 2815 proﬁciant
2809 2746 2869 2800 in
2903 2746 3326 2818 cognitione,et
3357 2746 3510 2818 quod
3545 2746 3763 2800 daemo-

2113 2848 2216 2887 nes
2251 2849 2366 2887 non
2399 2832 2555 2888 dicat
2585 2834 2844 2906 purgari,
2873 2840 3111 2906 propter
3140 2850 3240 2890 eos
3273 2834 3371 2905 qui
3406 2834 3582 2889 etiam
3606 2833 3768 2904 ipsos

2111 2920 2173 2977 in
2205 2937 2274 2978 ea
2303 2924 2732 2979 restauratione
2753 2940 2882 2996 quae
2915 2925 2987 2980 ab
3019 2923 3139 2980 illis
3171 2924 3440 2996 ﬁngitur,
3470 2939 3602 2979 cum
3627 2939 3765 2979 san-

2112 3011 2224 3067 ctis
2255 3011 2507 3068 salutem
2540 3013 2877 3085 adepturos,
2911 3013 3134 3069 dicunt.

2183 3101 2276 3156 Sic
2305 3108 2358 3156 cl
2379 3103 2474 3172 qui
2502 3103 2886 3160 illustrantur.
2920 3106 3064 3158 Nota
3118 3118 3247 3174 quae
3306 3100 3547 3175 angelos
3595 3115 3762 3174 spec-

2114 3195 2262 3262 tant,
2294 3192 2587 3262 quomodo
2621 3191 2994 3248 illustrantur
3021 3196 3078 3247 et
3109 3191 3515 3264 perﬁciuntur.

2717 3308 2791 3364 IN
2831 3307 2986 3363 CAP.
3029 3307 3154 3365 VII.

2183 3403 2228 3457 Ι.
2260 3405 2288 3471 §
2319 3405 2365 3461 Ι.
2403 3405 2497 3460 Sic
2525 3403 2656 3460 dum
2685 3407 2778 3460 ad.
2811 3405 2975 3469 Quod
3009 3421 3127 3460 non
3158 3404 3218 3460 in
3259 3407 3531 3460 eumdem
3565 3403 3762 3460 locum

2113 3491 2486 3548 abducantur
2514 3493 2832 3550 morientes
2857 3509 3064 3550 omnes
3088 3509 3101 3548 :
3125 3497 3182 3550 et
3212 3494 3284 3550 de
3313 3494 3764 3551 resurrectione.

2191 3675 2257 3726 In
2285 3673 2600 3730 universali
2627 3674 3050 3730 resurrectione.
3069 3674 3217 3732 Cum
3249 3687 3493 3746 corpore
3522 3671 3766 3730 scilicet.

2219 3857 2362 3912 Nam
2393 3860 2482 3912 hae
2511 3854 2752 3926 quidem.
2785 3858 2864 3910 De
2885 3852 3070 3924 justis
3101 3852 3265 3908 dicit.

2218 3947 2378 4001 Pura
2403 3959 2531 4002 vero
2561 3944 2683 4000 illa.
2720 3945 2798 3999 De
2828 3944 3253 3999 resurrectione
3281 3956 3618 4014 corporum.

2270 4036 2488 4092 Eorum
2519 4032 2621 4105 qui
2652 4032 2919 4089 sentiunt
2947 4048 3076 4089 esse
3106 4031 3600 4089 resurrectionem

2717 4125 2776 4177 et
2802 4121 3119 4193 judicium,

2113 4214 2224 4272 alii
2296 4212 2538 4285 quidem,
2614 4227 2740 4268 cum
2813 4212 2918 4266 alii
2991 4214 3173 4266 autem
3251 4211 3357 4265 alii
3429 4224 3576 4278 vero,
3633 4223 3765 4264 cum

2116 4303 2307 4360 iisdem
2380 4301 2703 4374 corporibus
2770 4301 2889 4356 sine
2946 4315 3132 4372 corpo-
3210 4299 3345 4355 aliis
3436 4298 3770 4372 corporibus

2114 4393 2352 4450 excitari
2376 4393 2628 4447 animam
2647 4390 2733 4445 di-
2782 4406 2888 4452 re;
3246 4389 3426 4457 novis,
3489 4390 3541 4444 et
3595 4387 3771 4443 vitam

2115 4491 2268 4552 cunt,
2291 4489 2352 4538 ul
2382 4481 2695 4538 Christiani
2727 4497 2741 4547 ;
3245 4477 3471 4545 habere,
3504 4480 3564 4532 ut
3602 4492 3770 4532 nunc.

2548 4569 2760 4625 Eorum
2811 4567 2909 4639 qui
2955 4566 3344 4632 dormierunt,

3180 4657 3286 4711 alii
3314 4663 3502 4712 autem
3513 4656 3769 4727 profani.

2187 4751 2290 4807 86
2325 4752 2492 4808 Unila
2511 4751 2679 4806 enim.
2713 4746 2877 4814 Quod
2909 4745 3358 4819 conjunguntur
3387 4761 3524 4801 cum
3555 4743 3773 4802 animis

2117 4858 2382 4915 corpora.

2187 4931 2359 5002 [Nota
2387 4943 2523 4984 vero
2552 4931 2608 4983 et
2637 4925 2876 4982 totalem
2919 4924 3458 4995 resurrectionem.]

2186 5020 2308 5088 §II.
2341 5019 2713 5089 Profanorum
2757 5020 2966 5071 autem.
3015 5019 3096 5071 De
3147 5018 3335 5071 morte
3366 5015 3772 5087 peccatorum,

2117 5114 2175 5166 et
2205 5108 2346 5182 quid
2377 5106 2596 5164 ethnici
2627 5105 2968 5163 existiment
2997 5107 3131 5177 post
3159 5109 3405 5160 mortem
3437 5104 3584 5170 ﬁeri,
3620 5119 3774 5176 quo-

2119 5217 2248 5256 rum
2281 5199 2588 5271 opiniones
2617 5195 2872 5268 exponit.
2906 5195 3123 5251 Eorum
3155 5195 3314 5251 enim
3365 5193 3465 5267 qui
3515 5193 3708 5266 magis
3738 5210 3774 5249 a

2117 5291 2342 5346 ratione
2372 5288 2560 5344 aversi
2611 5290 2768 5355 sunt,
2815 5301 3004 5356 neque
3061 5283 3458 5340 immortalem
3510 5283 3774 5340 animam

2116 5379 2488 5436 conﬁtentur.
2523 5379 2587 5432 In
2618 5376 2693 5431 iis
2738 5374 2916 5431 etiam
2972 5373 3128 5442 Bias,
3181 5389 3298 5429 non
3328 5372 3426 5430 ille
3466 5373 3782 5439 Prieneus,

2117 5469 2218 5525 sed
2259 5468 2502 5539 quidam
2534 5465 2724 5534 alius;
2767 5464 2870 5520 sed
2918 5461 3243 5530 mortalem,
3304 5477 3553 5534 eamque
3617 5461 3788 5532 solvi,

2115 5557 2621 5629 quemadmodum
2648 5554 2826 5610 etiam
2857 5567 3092 5624 corpus,
3123 5554 3181 5607 et
3208 5549 3269 5606 in
3301 5548 3556 5607 nihilum
3599 5551 3786 5607 abire.

2114 5645 2226 5702 Alii
2259 5650 2478 5712 autem,
2511 5643 2613 5716 qui
2644 5641 2868 5700 scilicet
2897 5641 2990 5698 his
3021 5640 3248 5698 ratione
3279 5644 3590 5711 prastant,
3625 5643 3684 5695 et
3712 5639 3785 5694 de

2117 5735 2300 5793 animi
2332 5731 2774 5791 immortalitate
2805 5731 3308 5800 disseruerunt,ut
3340 5729 3598 5796 Plato,et
3615 5727 3782 5796 tales,
