4034 6408
384 370 488 425 175

1204 373 1570 426 APPENDIX
1607 375 1705 425 AD
1744 372 1986 425 OPBRA
2022 373 2080 425 S.
2120 370 2436 426 DIONYSII
2475 371 2979 427 AREOPAGITE.
3692 385 3783 440 176

380 499 516 569 post
542 497 1032 568 mortem,corpus
1051 495 1292 567 quidem
1313 512 1429 551 non
1451 494 1709 567 amplius
1731 496 2020 551 constatu-

2146 490 2245 547 οὐκ
2275 488 2352 548 ἔτι
2384 493 2738 564 συστήσεσθαί
2768 514 2926 567 φασιν
2959 513 2970 524 ·
3004 493 3131 549 ἀλλ’
3162 495 3236 558 εἷς
3266 495 3471 563 αἰῶνας
3508 501 3611 580 οὐχ
3661 505 3778 562 ὑπο.

380 602 513 641 rum
537 585 777 652 dicunt;
811 585 911 641 sed
944 585 1002 639 in
1028 589 1378 657 perpetuum
1412 602 1527 640 non
1550 584 1739 641 redire
1771 583 2029 656 amplius

378 676 451 730 ad
483 690 611 730 eam
636 690 812 746 quam
838 673 1092 731 habebat
1112 674 1579 731 consistentiam.
1614 674 1731 730 Hoc
1761 674 1918 729 enim
1941 677 2032 729 est

380 762 536 836 quod
568 759 967 831 ᾱὶοἱῐείσάπαξ,
1002 780 1106 834 pro
1137 780 1253 819 non
1286 762 1544 834 amplius
1590 766 2027 832 constaturam,

378 851 862 923 quandoquidem
910 851 1221 924 indignum
1279 868 1407 908 esse
1462 851 1675 923 inquit,
1726 850 2030 908 materiale

379 941 645 1011 ejusdem
671 958 802 997 esse
830 957 964 997 cum
997 942 1196 997 anima
1224 946 1442 998 aeterna
1463 959 1476 1009 ;
1501 942 1760 997 animam
1779 958 1912 997 vero
1935 957 2029 997 so-

379 1028 505 1085 lum
535 1046 667 1087 esse
690 1030 1104 1087 immortalem.
1138 1031 1267 1088 Ilaec
1305 1031 1483 1087 etiam
1506 1030 1773 1109 haeretici
1803 1030 2030 1086 diverse

379 1119 608 1185 dicunt,
641 1125 705 1175 ut
733 1119 899 1192 quia
928 1119 1192 1176 Simonis
1248 1120 1423 1193 Magi,
1480 1124 1536 1175 et
1588 1118 1922 1187 Menandri,
1974 1122 2032 1174 et

376 1208 695 1279 Valentini,
725 1214 783 1265 et
803 1210 1204 1279 Marcionis,et
1224 1210 1721 1282 Manentis,atque
1747 1208 1923 1265 etiam
1958 1209 2031 1264 ab

376 1297 641 1369 Origenis
665 1299 958 1369 prodeunt
991 1298 1351 1366 fabulis,non
1375 1298 1532 1353 enirn
1562 1296 1894 1354 sententiis.
1927 1296 2030 1351 Vi-

372 1388 504 1443 dete
535 1386 755 1459 quibus
774 1387 1155 1443 adnumerari
1182 1386 1714 1459 velint,qualesque
1740 1386 2030 1442 absurdae

372 1476 700 1534 sententias
734 1476 1239 1550 irreprehensibili
1271 1475 1735 1534 Christianorum
1765 1475 1901 1531 ﬁdei
1945 1475 2028 1531 af—

370 1566 622 1638 ﬁngant,
655 1566 694 1620 ii
726 1566 829 1638 qui
861 1564 1037 1623 invisi
1071 1570 1211 1623 sunt
1268 1566 1385 1623 Deo
1442 1569 1499 1622 et
1555 1564 1898 1622 hominibus
1928 1563 2029 1637 qui

370 1660 527 1711 recte
562 1654 846 1713 sentiunt.

442 1744 555 1799 Alii
580 1759 709 1800 vero
731 1759 1077 1815 corporeum.
1110 1744 1229 1801 Hoc
1274 1747 1366 1801 est
1414 1743 1751 1801 animorum
1792 1746 2026 1800 tantum

368 1831 497 1889 ﬁeri
520 1833 1033 1904 resurrectionem,
1069 1833 1199 1890 sine
1229 1833 1595 1905 corporibus.

444 1941 716 2009 Quoniam
734 1944 967 2013 saeptum
995 1952 1096 1997 est.
1130 1941 1294 2007 Quod
1329 1939 1413 1997 ait
1440 1939 1759 2013 Apostolus
1791 1938 2028 1996 arrham

368 2031 428 2086 et
458 2030 1021 2086 demonstrationem
1053 2031 1345 2103 generalis
1392 2046 1525 2085 cum
1566 2046 1810 2102 corpore
1838 2046 2031 2085 resur-

2058 1885 2106 1950 B

2140 583 2382 659 στρέφειν
2413 581 2512 655 ἔτι,
2544 586 2680 660 πρὸς
2709 585 2773 653 ἣν
2802 578 2934 659 ἔσχε
2974 583 3249 641 σύστασιν.
3281 591 3451 644 Τοῦτο
3499 578 3607 669 γάρ
3649 595 3776 653 ἐστιν

2138 669 2168 762 δ
2225 692 2385 762 φησιν
2445 672 2691 762 εἰσάπαξ,
2748 673 2861 727 ἀντὶ
2915 678 3013 728 τοῦ
3096 676 3293 748 μηκέτι
3365 682 3775 762 συστησάμενον,

2138 758 2325 830 ἐπειδὴ
2381 761 2596 835 ἀνάξιον
2657 761 2790 817 εἶναί
2843 783 2971 839 φασι
3027 764 3090 817 τὸ
3150 764 3337 820 ὑλικὸν
3368 758 3774 842 συνδιαιωνίζειν

2137 852 2314 926 ψυχῇ,
2339 852 2438 919 τὴν
2473 849 2531 907 δὲ
2551 854 2737 927 ψυχὴν
2776 851 2939 925 μόνον
2971 852 3247 917 ἀθανάτως
3290 854 3576 932 ὑπάρχειν,
3609 864 3779 919 Ταῦτα

2136 939 2225 994 καὶ
2259 940 2520 1015 αἱρετικοὶ
2553 939 2775 1016 λέγουσι
2825 939 3121 1018 διαφόρως,
3155 944 3229 1005 ὡς
3290 946 3343 999 οἱ
3382 946 3486 1001 ἀπὸ
3534 950 3777 1023 Σίμωνος

2135 1031 2234 1082 τοῦ
2269 1031 2465 1103 μάγου,
2496 1031 2583 1085 καὶ
2616 1028 2951 1105 Μενάνδρου,
2983 1032 3069 1086 καὶ
3106 1030 3491 1103 Οὐαλεντίνου,
3520 1040 3609 1092 καὶ
3635 1041 3776 1116 Μαρ-

2137 1116 2359 1186 κίωνος,
2390 1118 2480 1173 καὶ
2508 1117 2782 1182 Μάνεντος
2819 1140 2832 1154 ’
2866 1119 2955 1175 καὶ
3004 1123 3096 1175 νῦν
3141 1118 3200 1175 δὲ
3248 1122 3301 1176 οἱ
3350 1123 3457 1182 ἀπὸ
3502 1131 3610 1182 τῶν
3640 1128 3778 1205 Ὠρι-

2138 1207 2329 1281 γένους
2375 1209 2782 1285 προερχόμενοι
2834 1208 3043 1282 μύθων,
3095 1208 3156 1264 οὐ
3201 1211 3307 1287 γὰρ
3351 1209 3657 1288 δογμάτων.
3688 1218 3779 1273 Καὶ

2139 1297 2299 1371 ὁρᾶτε
2324 1298 2435 1352 τίσι
2469 1296 2692 1362 θέλουσι
2724 1299 3191 1374 συναριθμεῖσθαι,
3225 1300 3315 1355 καὶ
3353 1302 3513 1366 ποίας
3561 1305 3781 1371 ἀτόπους

2139 1382 2295 1457 δόξας
2344 1390 2412 1459 τῇ
2459 1386 2755 1460 ἀμωμήτῳ
2801 1391 2912 1443 τῶν
2959 1388 3299 1462 Χριστιανῶν
3346 1392 3531 1448 πίστει
3556 1398 3784 1469 προσάπο

2136 1494 2318 1529 τουσιν
2372 1476 2423 1529 oi
2475 1477 2738 1550 στυγητοὶ
2786 1476 2932 1554 παρὰ
2963 1480 3081 1550 Θεῷ
3110 1478 3198 1532 καὶ
3232 1478 3545 1557 ἀνθρώποις
3572 1481 3628 1539 εὖ
3658 1505 3779 1560 φρο-

2134 1567 2317 1619 νοῦσιν
2352 1564 2720 1643 ὑπάρχοντες.

2205 1744 2273 1801 Οἱ
2322 1740 2381 1800 δὲ
2422 1745 2521 1814 τήν
2573 1749 2915 1819 σωματικήν.
2946 1750 3196 1806 Τουτέστι
3244 1753 3441 1828 ψυχῶν
3494 1751 3669 1826 μόνων
3704 1753 3778 1828 γί-

2134 1842 2316 1896 νεσθαι
2347 1832 2658 1902 ἀνάστασιν,
2693 1835 2962 1909 σωμάτων
2996 1838 3195 1914 χωρίς.

2206 1940 2484 2010 Ἀρθεῖσαν
2538 1938 2671 2012 ἤδη·
2712 1942 2780 2000 Ὃ
2841 1941 2987 2018 λέγει
3046 1945 3074 1999 ὁ
3133 1944 3466 2009 Ἀπόστολος
3508 1942 3777 2024 ἀρραϐῶνα

2134 2028 2225 2083 καὶ
2259 2028 2530 2103 ἀπόδειξιν
2576 2038 2677 2101 τῆς
2731 2031 2866 2104 μετᾶ
2901 2034 3158 2106 σώματος
3209 2034 3516 2106 καθολικῆς
3563 2036 3777 2092 ἀναστά-

367 2117 644 2176 rectionis
657 2118 974 2175 Dominum
995 2123 1263 2175 nostrum
1285 2118 1486 2176 Jesum
1505 2119 1801 2176 Christum
1820 2119 2020 2190 fuisse,

2142 2137 2271 2181 σεως
2297 2119 2387 2172 τὸν
2431 2120 2626 2194 Κύριον
2672 2123 2833 2193 ἡμῶν
2867 2123 3079 2191 Ἰησοῦν
3133 2124 3368 2201 Χριστὸν
3418 2129 3774 2202 γεγενῆσθαι·

366 2212 424 2265 et
453 2209 611 2281 quod
636 2206 699 2264 in
729 2209 858 2281 ipso
890 2226 1048 2265 nunc
1078 2208 1423 2266 abscondita
1451 2209 1570 2266 vita
1600 2207 1887 2279 nostra,in
1911 2207 2020 2264 Deo

2142 2207 2223 2261 καὶ
2256 2206 2340 2262 ὅτι
2369 2207 2419 2261 έν
2455 2207 2602 2281 αὐτῷ
2631 2212 2718 2262 νῦν
2747 2210 3043 2283 κέκρυπται
3073 2214 3107 2281 ἡ
3144 2213 3256 2282 ζωὴ
3284 2215 3474 2286 ἡμῶν,
3502 2212 3554 2269 έν
3577 2219 3655 2287 τῷ
3674 2217 3776 2288 Θεῷ

365 2298 712 2371 apparitura
749 2299 811 2353 in
844 2297 1309 2371 regeneratione.

2142 2298 2630 2371 φανερωθησομένη
2665 2296 2716 2352 ἐν
2745 2302 2812 2373 τῇ
2844 2299 3249 2376 παλιγγενεσία.

432 2406 737 2462 Animabus
764 2406 1325 2479 coniugiaﬁasretlci
1348 2405 1592 2479 quidam
1614 2409 1741 2462 tum
1766 2404 2019 2473 fuerunt,

363 2498 431 2551 ut
459 2495 663 2552 Simon
695 2495 903 2567 Magus
936 2499 994 2552 et
1038 2496 1172 2567 ejus
1202 2499 1542 2567 sectatores,
1571 2498 1674 2567 qui
1703 2493 2020 2550 mtbereum

2142 2492 2204 2553 [ὓς
2238 2492 2439 2567 οἱπερὶ
2482 2491 2706 2567 Σίμωνα
2747 2494 2839 2550 τὸν
2904 2496 3073 2569 μάγον
3130 2496 3221 2552 καὶ
3276 2498 3411 2561 τοὺς
3471 2498 3563 2554 σὺν
3619 2500 3774 2570 αὐτῷ,

362 2584 639 2641 dicebant
666 2601 882 2657 corpus
912 2590 1071 2641 certo
1101 2585 1318 2642 animis
1376 2584 1665 2641 futurum.
1705 2584 2019 2641 Sciendum

2142 2580 2182 2634 >⁴ἷ
2211 2602 2352 2643 τινες
2385 2581 2623 2658 αἰθέριον
2643 2576 2898 2661 ἔφασκον,
2930 2582 3042 2658 εἴγε
3070 2584 3161 2640 καὶ
3215 2583 3320 2662 ἄρα
3373 2581 3583 2652 ἔσεσθαι
3631 2592 3777 2660 σῶμα

2202 2408 2424 2477 Ψυχαῖς
2474 2402 2746 2479 συζυγίας.
2779 2406 3057 2481 Αἱρετικοί
3113 2427 3254 2470 τινες
3309 2408 3442 2464 τότε
3494 2409 3775 2485 γεγόνασιν,

363 2679 455 2731 est
477 2674 1014 2746 autem,0rigenem
1037 2691 1267 2746 quoque
1285 2674 1437 2729 idem
1461 2672 1653 2729 dicere
1678 2672 1738 2728 in
1761 2673 2017 2744 quodam

364 2763 514 2820 libro
548 2780 655 2821 suo
685 2780 699 2833 ;
732 2766 888 2835 quod
928 2767 1132 2820 tamen
1164 2763 1224 2819 in
1257 2763 1390 2820 aliis
1412 2778 1655 2834 prorsus
1685 2765 1881 2834 negat,
1913 2761 2016 2817 do-

363 2869 502 2909 cens
534 2869 769 2910 omnem
799 2869 1139 2925 corpoream
1161 2856 1433 2909 naturam
1464 2852 1525 2908 in
1557 2850 1810 2908 nihilum
1832 2850 2014 2907 abire.

363 2943 514 3016 Lege
548 2942 829 2999 Methodii
860 2941 1050 2999 sancti
1073 2942 1349 3014 martyris
1366 2946 1423 2998 et
1443 2939 1698 3014 Olympii
1718 2940 2012 2996 Adriano-

360 3031 612 3104 politani
666 3032 928 3105 episcopi
975 3032 1154 3105 Lyciae
1185 3031 1389 3099 libros,
1439 3047 1589 3102 quos
1618 3031 1679 3085 in
1711 3045 1847 3085 eum
1870 3026 2013 3085 scri-

359 3124 606 3193 pserunt
635 3122 706 3177 de
726 3122 1152 3178 resurrectione
1184 3140 1198 3190 ;
1232 3125 1289 3177 et
1313 3120 1601 3192 Antipatri
1651 3118 1841 3175 Bostri
1891 3118 2013 3189 epi-

358 3211 558 3284 scopi:
592 3213 651 3268 et
680 3210 872 3269 disces
899 3211 1234 3269 fabulosam
1278 3210 1470 3283 ipsius
1516 3213 1575 3266 et
1613 3210 2007 3266 monstrosam

356 3302 762 3375 nugationem.
1028 3318 1039 3327 '

427 3481 1083 3555 Beatissimamqueﬂmc
1115 3480 1198 3537 ait
1227 3481 1478 3537 obscure
1506 3478 1602 3536 87
1640 3479 2008 3552 signiﬁcans,

358 3570 591 3645 opinor,
618 3571 855 3644 Papiam
905 3571 1008 3643 qui
1066 3569 1395 3642 Hierapolis
1417 3569 1572 3625 Asize
1601 3573 1726 3624 tum
1755 3568 1867 3623 fuit
1894 3566 2011 3641 epi-

2125 2674 2245 2734 ταῖς
2299 2672 2525 2745 ψυχαῖς.
2560 2672 2752 2726 Ἰστέον
2805 2670 2863 2727 δὲ
2921 2671 3003 2727 ὅτι
3061 2673 3152 2728 καὶ
3198 2674 3489 2752 Ὠριγένης
3544 2677 3606 2732 τὸ
3659 2675 3775 2732 αὐτό

2128 2780 2289 2835 φησιν
2323 2755 2375 2814 ἔν
2406 2780 2514 2814 τινι
2558 2765 2666 2814 τῶν
2724 2760 2890 2817 αὐτοῦ
2947 2763 3398 2839 συγγραμμάτων
3432 2784 3448 2800 ⁸
3485 2765 3535 2822 έν
3595 2763 3775 2827 ἄλλοις

2128 2844 2185 2902 δὲ
2213 2849 2301 2903 καί
2341 2848 2471 2904 αὐτὸ
2519 2848 2803 2913 παντελῶς
2850 2849 3190 2927 ἀπαρνεῖται,
3235 2858 3423 2909 πᾶσαν
3477 2856 3776 2929 σωματικὴν

2125 2936 2281 3015 φύσιν
2313 2937 2390 3001 εἷς
2436 2939 2762 3013 ἀνυπαρξίαν
2822 2945 3025 3015 χωρεῖν
3077 2938 3465 3018 δογματίζων.
3500 2944 3779 3019 Ἀνάγνωθι

2123 3024 2395 3091 Μεθοδίου
2433 3032 2529 3082 τοῦ
2581 3027 2734 3102 ἁγίου
2786 3030 3060 3105 μάρτυρος
3102 3029 3194 3085 καὶ
3222 3030 3550 3107 Ὀλυμπίου
3577 3031 3773 3109 Ἀδρια-

2124 3114 2438 3178 νουπόλεως
2486 3114 2785 3171 ἐπισκόπου
2830 3124 2930 3187 τῆς
2983 3119 3187 3182 Λυκίας
3233 3119 3301 3175 τὰ
3350 3123 3471 3178 κατ’
3497 3121 3656 3177 αὐτοῦ
3689 3121 3768 3177 ὑπ’

2122 3205 2300 3260 αὐτῶν
2354 3205 2478 3281 περὶ
2533 3205 2869 3269 ἀναστάσεως
2919 3208 3211 3285 γραφέντα,
3268 3210 3363 3265 καὶ
3420 3209 3768 3287 Ἀντιπάτρου

2118 3298 2213 3348 τοῦ
2245 3293 2497 3369 Βὸστρων
2532 3293 2852 3350 ἐπισκόπου·
2884 3294 2975 3350 καὶ
3011 3297 3228 3371 μαθήσῃ
3270 3298 3375 3368 τήν
3428 3296 3649 3373 μυθώδη
3680 3297 3770 3353 αὖ·

2117 3386 2212 3439 τοῦ
2242 3384 2334 3438 καὶ
2366 3381 2673 3440 ἀλλόκοτον
2707 3381 3015 3459 ληρωδίαν.

2188 3472 2290 3529 Καὶ
2372 3472 2829 3547 μακαριωτάτην.
2889 3471 3065 3529 Ταῦτά
3143 3495 3308 3553 φησιν
3381 3475 3764 3550 αἰνιττόμενος,

2118 3562 2292 3633 οἶμαι,
2325 3564 2533 3617 Παπίαν
2574 3563 2667 3617 τὸν
2713 3561 3070 3638 Ἱεραπόλεως
3114 3566 3211 3633 τῆς
3252 3571 3375 3620 κατ’
3424 3565 3601 3624 Ἀσίαν
3652 3566 3767 3620 τότε

360 3678 578 3734 scapus
607 3665 665 3717 et
710 3660 892 3717 divini
939 3660 1185 3718 Joannis
1228 3658 1600 3732 evangelistas
1648 3659 2012 3731 temporibus

2142 3652 2404 3724 νενόμενον
2482 3650 2802 3723 ἐπίσκοπον,
2854 3652 2944 3707 καὶ
3014 3657 3435 3727 συνακμάσαντα
3501 3660 3581 3728 τῷ
3645 3653 3764 3726 θείῳ

363 3751 580 3807 ﬂoruit.
612 3750 719 3805 Hic
750 3749 906 3806 enim
939 3749 1148 3822 Papias
1169 3748 1319 3805 libro
1351 3765 1407 3803 tv
1435 3749 1849 3804 Dominicarum
1880 3764 2013 3803 sua-

2119 3737 2477 3814 εὐαγγελιστῇ
2537 3739 2777 3815 Ἰωάννῃ.
2837 3741 3011 3804 Οὗτος
3068 3740 3169 3819 γὰρ
3230 3743 3258 3797 ὁ
3322 3745 3539 3809 Παπίας
3596 3743 3647 3799 έν
3700 3744 3771 3813 τῷ

361 3857 493 3896 rum
522 3838 1003 3913 explanationem
1037 3838 1295 3911 scripsit,
1328 3838 1447 3893 fore
1492 3838 1551 3892 in
1584 3836 2011 3892 resurrectione

2142 3826 2356 3903 τετάρτῳ
2387 3827 2550 3883 αὐτοῦ
2586 3824 2788 3905 βιϐλίῳ
2826 3834 2934 3885 τῶν
2991 3836 3275 3904 Κυριακῶν
3330 3832 3641 3908 ἐξηγήσεων
3685 3831 3773 3893 τὰς

358 3929 688 4002 voluptates
743 3945 871 4000 quae
932 3928 1341 4002 percipiuntur
1397 3943 1466 3983 ex
1505 3926 1689 3995 cibis;
1751 3926 1810 3981 in
1852 3925 2010 3997 quod

356 4019 598 4090 quidem
656 4018 953 4075 decretum
985 4021 1190 4089 postea
1245 4017 1495 4073 credidit
1560 4015 2008 4088 Apollinarius;

2122 3912 2211 3970 διὰ
2244 3917 2550 3990 βρωμάτων
2583 3920 2729 3973 εἶπεν
2764 3918 2818 3973 έν
2849 3922 2918 3992 τῇ
2951 3920 3235 3975 ἀναστάσει
3288 3921 3628 3986 ἀπολαύσεις
3654 3941 3666 3954 ·
3702 3919 3771 3979 εἲς

2120 4002 2251 4079 ὅπερ
2312 4001 2489 4082 δόγμα
2550 4006 2685 4079 μετά
2738 4011 2905 4063 ταῦτα
2961 4007 3268 4064 ἐπίστευσεν
3327 4009 3771 4086 Ἀπολλινάριος,

2121 4093 2321 4167 [καθὼς
2410 4094 2720 4173 ἐμφαίνεται
2805 4095 2859 4152 έν
2942 4101 3022 4170 τῷ
3107 4097 3497 4174 συγγράμματι
3574 4097 3774 4170 αὖτοῦ,]

354 4198 511 4269 quod
542 4196 842 4269 appellant
871 4195 1139 4252 nonnulli
1160 4194 1541 4251 millesimum
1574 4209 1819 4249 annum.
1854 4192 2009 4256 Quo-

2142 4210 2149 4234 ι
2178 4182 2406 4239 καλοῦσί
2433 4206 2575 4247 τινες
2607 4183 3112 4261 χιλιονταετηρίδα.
3146 4192 3272 4250 Πῶς
3328 4188 3422 4244 οὗν
3457 4185 3772 4247 Ἀπολλινα-

356 4289 527 4344 modo
558 4286 738 4358 igitur
766 4284 1118 4358 Apollinarii
1151 4288 1324 4341 erunt
1371 4282 1505 4339 libri
1538 4281 1694 4339 santi
1725 4280 2008 4354 Dionysii,

2142 4271 2240 4327 ιίου
2271 4274 2337 4328 τὰ
2365 4278 2459 4327 τοῦ
2493 4274 2645 4351 ἁγίου
2679 4274 2965 4330 Διονυσίου
3001 4278 3432 4353 συγγράμματα,
3466 4278 3605 4334 κατὰ
3655 4273 3773 4337 τοὺς

347 4378 520 4449 juxta
548 4376 880 4446 aliquorum
897 4374 1217 4447 nugas,qui
1233 4372 1665 4445 Apollinarium
1688 4370 2012 4428 refellunt?

2142 4382 2278 4415 τινων
2342 4360 2570 4437 λήρους,
2635 4363 2702 4417 τὰ
2759 4364 3082 4438 ἀναιροῦντα
3141 4362 3620 4441 Ἀπολλινάριον;
3678 4360 3771 4417 Καὶ

353 4447 542 4540 Atque
598 4466 777 4523 etiam
836 4469 1090 4522 Irenaaus
1138 4462 1552 4538 Lugdunensis
1583 4461 1918 4533 episcopus,
1948 4460 2008 4515 in

2142 4448 2419 4540 Βίρηναῖος.
2467 4447 2524 4505 δὲ
2581 4451 2608 4505 ὁ
2668 4449 3014 4540 Λουγδούνου
3073 4450 3123 4508 έν
3177 4458 3257 4526 τῷ
3317 4455 3468 4511 Κατὰ
3522 4452 3769 4530 αἱρέσεων

356 4537 565 4630 quinto
599 4556 750 4612 libro
778 4556 1047 4612 Adversus
1090 4555 1340 4625 haereses,
1383 4551 1541 4608 idem
1572 4550 1754 4619 dicit;
1788 4550 2011 4621 produ-

2142 4538 2352 4630 πέμπτῳ
2409 4537 2676 4630 λόγῳ,ᾼτὸ
2733 4538 2864 4630 αὐτὸ
2911 4564 3065 4630 φησι,
3097 4542 3187 4598 καὶ
3237 4543 3470 4620 παράγει
3533 4545 3770 4621 μάρτυρα

356 4625 557 4718 c‘itque
587 4650 799 4702 testem
833 4661 1043 4704 eorum
1075 4661 1203 4717 quae
1234 4662 1269 4700 a
1298 4658 1362 4699 se
1394 4641 1553 4697 dicta
1581 4638 2013 4711 sunt,Papiam,

2142 4632 2225 4684 τῶν
2262 4629 2348 4683 ὑπ’
2378 4628 2540 4685 αὐτοῦ
2569 4628 2872 4705 εἰρημένων
2900 4631 2991 4686 τὸν
3024 4628 3291 4708 λεχθέντα
3319 4632 3563 4690 Ιιαπίαν.

356 4750 528 4808 quem
563 4734 845 4793 diximus.

429 4825 530 4883 Ubi
555 4824 630 4881 ad
672 4826 862 4896 ﬁnem.
914 4821 1228 4880 Horribilis
1275 4824 1385 4890 est,
1438 4823 1615 4893 atque
1652 4818 2009 4875 metuendus

352 4920 727 4987 peccatorum
757 4911 914 4970 ﬁnis.

424 5004 570 5060 Alii:
590 5004 786 5059 oculis.
836 5001 994 5058 Alios
1044 4999 1245 5058 oculos
1278 4998 1554 5071 appellat,
1588 4997 1826 5069 mentis,
1878 5014 2006 5069 quae

354 5092 634 5165 deinceps
664 5092 868 5164 purior
895 5094 1068 5161 est,et
1096 5089 1317 5145 inferos
1336 5086 1848 5160 contemplatur,et
1875 5103 2008 5143 con-

2148 5085 2238 5147 οὺς
2272 5089 2367 5140 τοῦ
2414 5089 2533 5154 νοῦ,
2565 5083 2759 5139 λοιπὸν
2806 5087 3190 5162 καθαρωτέρου
3236 5081 3422 5158 ὄντος,
3455 5087 3548 5143 καὶ
3588 5087 3656 5142 τὰ
3700 5084 3771 5144 εἷς

353 5180 599 5237 vertitur
653 5181 715 5237 in
774 5179 1055 5252 gehennae
1087 5177 1609 5250 exspectationem,
1633 5193 1811 5249 quam
1839 5175 2005 5248 prius

2142 5173 2246 5231 ιδου
2276 5178 2630 5245 σκοποῦντος,
2653 5174 2743 5229 καὶ
2784 5175 3157 5251 στρεφομένου
3189 5175 3266 5239 είς
3313 5177 3417 5246 τήν
3477 5173 3769 5253 προδοκίαν

355 5286 471 5327 non
504 5270 833 5325 crediderat
866 5286 879 5336 ;
913 5268 1043 5324 ideo
1075 5284 1226 5340 aegre
1254 5267 1511 5324 sustinet
1564 5270 1623 5322 et
1660 5265 1819 5322 dolet
1847 5281 2004 5321 mor-

2142 5267 2209 5334 ῆς
2239 5264 2484 5340 γεέννης,
2514 5264 2575 5333 ἣν
2631 5263 2692 5318 οὐ
2752 5263 3019 5338 πρότερον
3077 5264 3431 5321 πεπιστεύκει
3465 5285 3480 5299 ο
3543 5263 3629 5321 διὸ
3684 5260 3768 5319 καὶ

351 5358 769 5431 tem,cogitans
790 5374 863 5413 ne
889 5356 1208 5428 aliquando
1227 5374 1362 5413 vera
1382 5356 1502 5412 sint
1521 5355 1839 5411 inferorum
1863 5371 2002 5426 sup-

2147 5358 2502 5427 υσανασχετεῖ
2529 5352 2619 5407 καὶ
2664 5348 2913 5428 ὀδύρεται
2969 5352 3063 5407 τὸν
3117 5352 3368 5425 θάνῃτον,
3401 5353 3601 5410 ἐννοῶν
3663 5352 3764 5425 μή·

351 5449 566 5522 plicia;
597 5450 777 5518 utque
826 5446 1004 5503 etiam
1063 5450 1398 5520 peccatores
1452 5445 1512 5500 in
1573 5459 1816 5517 corpore
1850 5442 2001 5500 exci-

2142 5463 2244 5498 τοτε
2289 5441 2516 5513 ἀληθεῖς
2564 5439 2697 5498 ὦσιν
2748 5440 2803 5495 αἱ
2844 5443 2993 5496 κάτω
3021 5444 3288 5520 τιμωρίαι
3317 5460 3330 5477 ο
3369 5441 3511 5500 ὥστε
3568 5441 3658 5498 καὶ
3714 5438 3767 5494 οἱ

348 5542 573 5597 tantur.
2110 5530 2437 5606 ἁμαρτωλοὶ
2460 5530 2513 5585 ἐν
2541 5534 2621 5603 τῷ
2657 5530 2871 5603 σώματι
2911 5527 3233 5607 ἐγείρονται.

423 5629 499 5684 ΙΙ.
523 5629 739 5685 Coacto.
774 5627 855 5686 De
886 5625 962 5683 iis
991 5626 1093 5699 qui
1123 5628 1182 5684 in
1212 5624 1611 5684 ecclesiastico
1651 5621 1855 5681 ordine
1876 5637 2000 5679 mo-

2180 5622 2252 5679 II.
2285 5620 2635 5698 Συναγαγὼν.
2668 5620 2800 5696 Περὶ
2834 5619 3125 5696 ἱερατικιῖω
3169 5620 3585 5680 τελευτώντων.

348 5716 604 5776 riuntur.

356 4107 883 4180 [quemadmodum
966 4111 1211 4180 apparet
1284 4123 1352 4162 ex
1434 4105 1652 4178 scripto
1720 4102 2006 4176 ipsius,]

2186 4812 2349 4867 ’Όταν
2396 4805 2479 4863 ἐπὶ
2525 4809 2588 4863 τὸ
2634 4807 2817 4871 τέλος.
2852 4809 3063 4886 Φρικτὰ
3110 4810 3199 4866 καὶ
3259 4808 3384 4867 λίαν
3448 4807 3656 4890 φοϐερὰ
3707 4808 3771 4865 τὰ

2112 4902 2221 4953 τῶν
2251 4896 2594 4973 ἁμαρτωλῶν
2624 4897 2759 4968 τέλη
2771 4941 2786 4954 .

2185 4988 2425 5062 Ἑτέροις
2496 4985 2827 5062 ὀφθαλμοῖς.
2904 4984 3158 5062 Ἑτέρους
3232 4988 3565 5066 ὀφθαλμούς
3644 5005 3769 5058 φησι
