4034 6394
299 447 408 504 177

310 656 523 715 λαϊκῶν
534 705 546 716 .

385 751 472 804 Ἐν
506 755 624 812 τοῖς
660 752 849 814 θείοις.
886 749 1202 823 Σημείωσαι
1245 749 1298 804 τί
1331 750 1753 825 ἀναγινώσκεται
1783 748 1872 803 καὶ
1923 748 1975 803 τί

308 838 583 912 ψάλλεται
617 841 704 894 ἐπὶ
736 843 846 895 τῶν
877 840 1298 912 κεκοιμημένων
1335 844 1594 913 μοναχῶν
1622 838 1710 893 xui
1745 838 1971 894 λαῖκῶν·

305 928 628 1005 ὁμολόγους
657 928 716 984 δὲ
744 929 838 985 καὶ
867 927 1317 1002 ταύτοόυνάμους
1349 926 1492 1001 ᾠδὰς
1521 928 1669 1004 λέγει
1701 927 1817 990 τάῖς
1850 947 1979 1003 προ·-

308 1018 772 1094 αναγνωσθείσαις
801 1018 925 1096 περὶ
948 1019 1287 1081 ἀναστάσεως
1319 1015 1599 1093 ἀψευδέσιν
1628 1016 1979 1094 ἐπαγγελίαις

307 1105 462 1177 ᾅδειν
496 1107 625 1170 τοὺς
655 1107 1033 1184 λειτουργούς.

383 1200 485 1256 ΙΙΙ.
517 1202 545 1268 §
576 1203 618 1255 Ι.
652 1199 836 1269 Ἰησοῦ
870 1201 1354 1273 φωταγωγοῦντος.
1387 1199 1511 1255 ’Ὁτι
1543 1198 1678 1273 πρὸς
1728 1195 1816 1250 τὸν
1857 1196 1972 1271 βίον

299 1286 398 1341 καὶ
435 1288 490 1341 οἱ
520 1287 681 1342 τόποι
711 1293 821 1342 τῶν
861 1286 1306 1360 κεκοιμημένων.

377 1377 541 1452 Ὑπὲρ
571 1376 776 1446 ταύτης
806 1383 908 1447 τῆς
960 1377 1123 1438 Θείας.
1173 1378 1294 1434 Ὃτι
1350 1373 1696 1447 δικαιοσύνης
1743 1376 1855 1431 ἐστὶ
1911 1375 1973 1430 τὸ

298 1465 443 1539 πρὸς
473 1466 567 1520 τὸν
605 1465 722 1541 βίον
755 1462 941 1520 δοῦναι
972 1466 1064 1520 καὶ
1093 1465 1183 1520 τὸν
1215 1464 1405 1520 τόπον.

378 1554 575 1630 Εύχήν
611 1555 780 1628 ἱεράν.
818 1555 918 1609 Διὰ
945 1554 998 1609 τί
1029 1556 1063 1624 ἡ
1099 1553 1261 1630 εὐχή.

380 1648 408 1714 §
439 1645 512 1701 II.
545 1645 617 1699 Αἱ
641 1640 699 1698 δὲ
726 1647 837 1699 τῶν
886 1645 1216 1720 θεαρχικῶν.
1269 1643 1366 1700 Διὰ
1410 1643 1465 1698 τί
1515 1641 1650 1717 ᾠδαί
1680 1645 1769 1699 καὶ
1811 1646 1968 1720 ἀναγ-

298 1733 594 1805 νώσματα.
631 1732 953 1806 Σημείωσαι
985 1731 1041 1788 δὲ
1073 1733 1238 1788 ὁποία
1265 1735 1333 1803 ἦν
1365 1737 1400 1803 ἠ
1433 1733 1522 1788 ἐπὶ
1551 1739 1670 1796 τοῖς
1701 1755 1966 1808 κεκοιμη-

301 1824 497 1896 μένοις
538 1821 750 1879 παλαιὰ
780 1823 1084 1880 ἀκολουθία
1116 1825 1207 1880 καὶ
1237 1825 1408 1896 τάξις.

1076 450 1137 504 s.
1179 418 1456 504 MAXlMI
1492 447 1797 505 SCHOLIA
1835 451 1910 504 IN
1948 450 2082 505 LIB.
2122 450 2220 503 DE
2258 449 2546 504 ECCLES.
2589 449 2988 502 HIERARCH.

373 569 446 627 Ei
501 567 560 627 δὶ
615 574 736 633 τοῖς
800 567 1034 646 εὖαγέσι.
1097 568 1226 645 Περὶ
1275 571 1558 645 μοναχῶν,
1593 567 1813 624 δικαίων
1872 567 1962 624 καὶ
1992 573 2046 639 Α

3637 440 3741 496 178

2147 570 2444 642 Siquidem
2490 573 2552 626 in
2597 572 2788 627 sacris.
2822 576 2906 627 De
2938 565 3267 636 monachis,
3293 563 3478 637 justis
3527 569 3584 621 et
3629 563 3741 620 lai-

2087 661 2193 718 cis.

2155 753 2214 805 In
2245 750 2641 806 divinis.Nota
2673 750 2815 822 quid
2848 749 3078 820 legatur
3109 751 3165 802 et
3194 745 3334 818 quid
3369 747 3616 800 canatur
3636 758 3740 813 pro

2084 845 2412 913 monachis,
2446 847 2504 900 et
2550 843 2716 900 laicis
2748 843 2847 914 qui
2880 841 3271 897 dormierunt.
3306 840 3740 894 Consentaneos

2083 940 2280 991 autem
2312 938 2520 990 cantus
2551 937 2607 989 et
2637 934 2792 989 idem
2823 932 3087 987 valentes
3119 930 3221 994 ait,
3255 925 3540 1000 praelectis
3563 926 3634 980 de
3656 938 3741 979 re‘

2081 1024 2445 1081 surrectione
2472 1040 2586 1078 non
2615 1022 2780 1078 falsis
2813 1019 3330 1094 promissionibus,
3364 1031 3570 1072 canere
3628 1014 3737 1067 mi-

2081 1115 2324 1170 nistros.
2993 1149 2997 1152 .

2153 1203 2248 1258 III.
2284 1202 2312 1276 Ξ
2343 1204 2384 1257 Ι.
2416 1201 2544 1257 Iesu
2586 1200 2925 1255 illustrante.
2959 1197 3123 1264 Quod
3189 1211 3289 1266 pro
3347 1192 3479 1250 vitae
3536 1186 3739 1245 condi-

2076 1292 2258 1358 tione,
2291 1291 2467 1347 etiam
2499 1289 2622 1345 loca
2653 1289 2773 1345 sint
2802 1293 3190 1344 mortuorum.

2149 1384 2256 1438 Pro
2285 1382 2382 1437 hoc
2411 1380 2622 1435 divina.
2654 1379 2906 1435 Justitiae
2954 1394 3084 1434 esse
3115 1392 3218 1448 pro
3247 1374 3376 1430 vitae
3405 1369 3742 1429 conditione

2079 1472 2221 1528 dare
2252 1472 2429 1527 etiam
2463 1469 2681 1525 locum.

2151 1564 2372 1615 Precem
2401 1573 2638 1612 sacram.
2675 1556 2790 1613 Cur
2818 1554 3093 1626 precatio.

2147 1651 2270 1718 §II.
2306 1648 2636 1702 Divinarum
2693 1661 2876 1717 porro.
2908 1645 3024 1700 Cur
3073 1647 3283 1698 cantus
3329 1646 3388 1698 et
3435 1641 3736 1697 lectiones.

2078 1738 2225 1796 Nota
2275 1753 2408 1791 vero
2458 1735 2652 1806 qualis
2715 1734 2893 1789 fuerit
2923 1736 3088 1788 vetus
3121 1731 3383 1787 ofﬁcium
3416 1735 3472 1786 et
3501 1731 3643 1786 ordo
3677 1731 3735 1785 in

2079 1826 2354 1883 mortuis.

376 1913 585 1968 Σκόπει
619 1911 696 1985 δὲ,
726 1913 810 1968 ὅτι
842 1919 957 1970 νῦν.
984 1916 1106 1971 Ὀτι
1138 1915 1223 1969 ἐπὶ
1275 1920 1393 1977 τοῖς
1441 1914 1788 1986 τελευτῶσιν,
1842 1913 1968 1970 οὔτε

2149 1920 2424 1974 σκιδναπι
2453 1914 2694 1984 observa,
2730 1913 2873 1985 quod
2900 1928 3069 1968 nunc.
3105 1911 3188 1966 Ad
3224 1914 3593 1966 mortuorum
3642 1926 3735 1965 se-

294 2004 353 2056 οἱ
385 2001 796 2078 ἐνεργούμενοι,
828 2001 953 2058 οὔτε
983 2005 1033 2059 οἱ
1067 2003 1119 2058 ἐν
1152 2005 1410 2077 μετανοίᾳ
1435 2003 1656 2075 ἐξίασιν,
1688 2003 1835 2060 ἀλλᾶ
1864 2005 1962 2078 μόο

295 2113 384 2148 νοι
419 2094 475 2147 οἱ
506 2091 942 2167 κατηγούμενοιι
974 2094 1062 2148 καὶ
1098 2090 1186 2148 διὰ
1211 2092 1289 2148 τί·

373 2183 444 2239 Οἱ
495 2181 930 2258 κατηχούμενοι.
981 2179 1150 2240 Οὐδὲν
1186 2184 1282 2254 μὲν
1345 2185 1538 2256 μικρὸν
1588 2182 1641 2238 ἐν
1686 2189 1801 2246 τοῖς
1847 2185 1963 2238 καθ⁶

294 2273 452 2344 ἡμᾶς
489 2271 840 2348 μυστηρίοις,
873 2269 1019 2326 ἀλλὰ
1061 2271 1236 2327 πάντα
1286 2270 1527 2347 μεγάλα·
1577 2272 1711 2327 αὐτὰ
1757 2271 1962 2346 μέντοι,

293 2361 439 2438 πρὸς
466 2358 696 2430 ἄλληλα
719 2360 1138 2436 συγκρινόμενα,
1173 2357 1435 2436 διαφορὰν
1466 2357 1641 2432 ἕξουσι
1673 2363 1811 2434 πρὸς
1867 2384 1964 2434 με·

294 2449 658 2526 γαλειότητα.
695 2452 814 2506 Τῶν
845 2449 946 2526 γὰρ
979 2447 1274 2525 δρωμένων
1308 2449 1396 2505 ἐπὶ
1427 2452 1473 2486 ⁴⁴
1525 2455 1643 2514 τοῖς
1669 2448 1965 2506 τελευτῶσι

301 2539 536 2613 μέγιστα
595 2537 688 2593 καὶ
742 2534 1108 2612 ἀπαράϐλητα
1154 2539 1222 2593 τὰ
1247 2543 1357 2594 τῶν
1390 2540 1548 2603 θείων
1581 2538 1825 2616 λουτρῶν
1875 2541 1965 2595 καὶ

297 2626 677 2704 φωτισμάτων
701 2625 790 2680 καὶ
822 2623 1183 2698 μεταλήψεων
1221 2628 1515 2702 μυστήρια·
1561 2624 1646 2682 διὸ
1677 2628 1765 2682 καὶ
1801 2630 1969 2702 μικρά

294 2716 367 2770 τὰ
400 2715 492 2769 ἐπὶ
523 2720 640 2778 τοῖς
662 2713 1091 2788 κεκοιμημένοις
1120 2716 1398 2788 ὠνόμασε·
1425 2715 1571 2786 πλὴν
1607 2713 1732 2771 οὐδὲ
1759 2717 1968 2773 τούτων

301 2802 450 2876 ἄξιοι
495 2805 547 2858 οἱ
579 2799 656 2859 ἔτι
689 2805 1125 2879 κατηχούμενοι.

378 2889 772 2964 Βλαϐήσονται
804 2893 930 2967 γάρ.
965 2895 1146 2949 Ταῦτα
1177 2891 1472 2957 ἀκολουθεῖ
1499 2899 1616 2956 τοῖς
1648 2893 1699 2949 ἐν
1731 2898 1800 2968 τῇ
1832 2896 1971 2970 πρὸς

297 2983 643 3059 Κορινθίους
690 2985 884 3058 πρώτῃ
934 2981 1244 3058 εἰρημένοις
1290 2983 1436 3056 παρὰ
1478 2988 1575 3038 τοῦ
1624 2983 1970 3040 Ἀποστόλου

293 3074 426 3148 περὶ
459 3076 570 3128 τῶν
604 3071 839 3145 ἀναξίως
869 3071 1314 3126 κοινωνούντων·
1349 3071 1455 3127 ὧδε
1488 3069 1545 3127 δὲ
1572 3071 1661 3128 xui
1705 3094 1968 3152 περιφρο-

295 3167 410 3218 νεῖν
445 3161 650 3224 αὐτοὺς
685 3159 832 3236 λέγει
863 3164 970 3215 τῶν
1005 3159 1161 3224 θείων
1195 3161 1532 3236 μυστηρίων.

372 3256 403 3322 §
434 3252 532 3307 IV.
566 3251 631 3307 Ἡ
666 3251 761 3324 μὶν
794 3254 888 3305 οὖν
921 3249 1083 3325 εὐχή.
1119 3249 1440 3324 Σημείωσαι
1467 3250 1520 3305 τί
1551 3248 1790 3325 εὔχεται.

381 3425 773 3502 Ἀνθρωπίνην
809 3425 1107 3483 ἀσθένειαν.
1141 3426 1403 3484 Τουτέστι
1435 3428 1500 3482 τὰ
1531 3427 1670 3502 ψιλὰ
1696 3432 1802 3483 τῶν
1834 3429 1978 3501 ἁμα-

311 3539 421 3594 ρτη
431 3518 624 3591 μάτων
635 3560 647 3574 .

387 3608 518 3678 §V.
573 3603 901 3680 Ἀναλόγοις
945 3605 1259 3679 σημασίαις.
1311 3603 1634 3681 Ἀναλόγοις
1684 3627 1981 3680 σημασιαις

318 3694 447 3774 ἔστι,
471 3696 725 3751 τουτέστι
770 3700 892 3757 ταῖς
940 3697 1074 3767 ἡμῖν
1120 3696 1428 3772 γνωρίμοις
1465 3716 1524 3751 τε
1568 3697 1657 3751 καὶ
1709 3698 1978 3766 συνήθεσι,

326 3785 419 3841 καὶ
448 3787 554 3861 οὐχ
581 3785 718 3860 ὑπὲρ
746 3785 848 3853 τὴν
886 3784 1156 3860 ἡμετέραν
1187 3779 1398 3855 νόησιν,
1433 3782 1606 3856 λέξεσί
1633 3807 1690 3842 τε
1719 3787 1806 3841 καὶ
1855 3786 1981 3841 όνο-

323 3874 545 3947 μασίαις
577 3896 645 3945 ση
657 3872 981 3948 μαινόμενα.

387 4052 488 4106 VI.
553 4052 664 4114 Τῆς
724 4055 1116 4124 πραγματικῆς
1194 4048 1391 4105 αὐτῶν.
1463 4052 1715 4106 Τουτὲστι
1785 4054 1902 4107 καθ’
1951 4053 1980 4107 ’ὁ

315 4137 604 4212 δυνάμεθα
635 4144 797 4211 νοεῖν,
845 4137 932 4193 xui
965 4137 1025 4193 ἐκ
1052 4142 1158 4192 τῶν
1189 4140 1327 4211 ἡμῖν
1377 4139 1668 4216 γνωρίμων
1702 4139 1897 4214 λέξεών
1925 4163 1984 4198 τε

316 4229 416 4285 xui
446 4227 735 4301 ὀνομάτων
786 4229 880 4290 τὰς
927 4226 1038 4283 ἐκεῖ
1085 4226 1416 4291 ἀπολαύσεις
1465 4231 1492 4283 ὁ
1524 4231 1654 4294 Θεὸς
1683 4231 1982 4304 ὠνόμασεν,

321 4320 523 4392 εἰπὼν,
575 4320 650 4392 μή
687 4319 820 4373 εἶναι
855 4317 966 4373 ἐκεῖ
997 4316 1200 4390 λύπην,
1301 4318 1477 4387 νόσν,ν
1511 4321 1545 4389 ἢ
1572 4323 1760 4390 πόνον,
1794 4323 1828 4390 ἦ
1864 4343 1985 4376 στε-

314 4406 718 4484 ναγμὸν,ἀλλά
749 4413 864 4485 φῶς
895 4409 1052 4462 εἶναι’
1090 4405 1238 4477 πλην
1274 4408 1336 4462 οὐ
1365 4412 1526 4464 τοῦτο
1550 4410 1618 4464 τὰ
1647 4409 1757 4465 ἐκεῖ
1784 4411 1981 4486 ἀγαθὰ,

310 4496 449 4554 ἀλλ’
479 4499 556 4560 ὡς
589 4496 813 4568 ἀληθῶς
846 4495 1095 4571 ἄγνωστα
1123 4495 1258 4559 τέως
1292 4499 1431 4570 ἡμῖτ
1462 4500 1552 4552 xui
1599 4497 1980 4571 ἀκατάληπτα·

315 4587 350 4642 ’ἆ
379 4587 488 4665 γὰρ
522 4585 806 4664 ὀφθαλμὸς
840 4586 940 4641 οὐκ
968 4583 1096 4655 εἶδε,
1157 4588 1377 4648 καὶτὰς
1425 4587 1572 4658 ἑξῆς·
1622 4587 1750 4644 ἀλλ’
1798 4588 1848 4659 ἐξ
1908 4591 1980 4643 ὢν

2075 2009 2400 2080 pulturam,
2445 2022 2638 2077 neque
2689 2003 3091 2076 energumeni,
3145 2018 3331 2074 neque
3387 2003 3738 2073 poenitentes

2074 2100 2316 2162 exeunt;
2349 2096 2450 2152 sed
2484 2095 2594 2151 soli
2629 2092 3078 2150 cathechumeni
3105 2108 3118 2147 :
3154 2097 3211 2147 et
3240 2109 3443 2164 quare.

2145 2186 2246 2242 88
2268 2184 2670 2240 Catechumeni.
2687 2183 2845 2238 Nihil
2868 2183 3106 2254 quidem
3129 2181 3406 2253 exiguum
3427 2181 3487 2236 in
3513 2180 3732 2236 nostris

2075 2274 2398 2346 mysteriis,
2423 2275 2522 2330 sed
2555 2289 2772 2344 magna
2799 2271 3028 2339 omnia;
3061 2288 3124 2327 ea
3163 2276 3358 2326 tamen
3390 2270 3442 2326 si
3472 2271 3624 2327 inter
3662 2288 3726 2326 se

2075 2367 2472 2434 conferantur,
2504 2365 2562 2419 in
2595 2363 3008 2436 magnitudine
3039 2362 3587 2418 dissimilitudinem
3622 2363 3727 2417 ha-

2073 2457 2318 2511 bebunt.
2354 2456 2430 2510 Iis
2462 2454 2619 2509 enim
2651 2470 2776 2525 quze
2801 2453 3188 2525 perficiuntur
3218 2452 3276 2507 in
3310 2453 3579 2522 mortuis,
3601 2469 3728 2507 ma-

2073 2548 2234 2600 xima
2264 2551 2424 2609 sunt,
2456 2548 2512 2599 et
2545 2543 3054 2614 incomparabilia,
3105 2542 3438 2597 divinorum
3471 2543 3734 2597 lavacro—

2077 2650 2207 2690 rum
2233 2639 2289 2689 et
2312 2632 2782 2688 illustrationum
2807 2631 3411 2702 communionumque
3434 2632 3731 2702 mysteria:

2076 2725 2207 2780 ideo
2243 2740 2419 2795 parva
2450 2722 2597 2776 dixit
2639 2737 2706 2776 ea
2753 2737 2882 2791 qua
2933 2721 3320 2792 perficiuntur
3349 2721 3407 2774 in
3442 2720 3731 2787 mortuis;

2079 2817 2482 2868 verumtamen
2519 2827 2710 2881 neque
2741 2809 2834 2863 his
2866 2809 3027 2881 digni
3061 2809 3252 2863 adhuc
3273 2808 3695 2864 catechumeni.

2155 2902 2445 2958 Laedentur
2470 2902 2641 2961 enim,
2676 2900 2806 2955 limo
2837 2903 3167 2954 consonant
3224 2898 3294 2953 iis
3341 2915 3469 2968 quae
3514 2898 3736 2969 scripta

2081 2992 2300 3048 suntin
2325 2990 2513 3061 priore
2535 2990 2605 3045 ad
2638 2987 2969 3044 Corinthios
3012 2987 3264 3058 epistola
3312 2988 3384 3042 ab
3436 2986 3733 3058 Apostolo,

2081 3083 2153 3137 de
2180 3081 2254 3136 iis
2283 3079 2383 3152 qui
2415 3078 2655 3150 indigne
2687 3076 3168 3142 communicant;
3201 3075 3296 3130 hic
3328 3081 3525 3132 autem
3554 3075 3731 3132 etiam

2081 3174 2457 3227 contemnere
2487 3185 2587 3223 eos
2615 3167 2757 3222 dicit
2788 3165 2985 3222 divina
3014 3165 3313 3234 mysteria.

2155 3262 2182 3327 §
2211 3258 2306 3315 IV.
2340 3259 2592 3313 Precatio
2623 3256 2859 3328 quidem.
2893 3255 3040 3310 Nota
3069 3255 3209 3326 quid
3241 3258 3527 3325 precetur.

2158 3437 2476 3490 Humanam
2501 3434 2893 3505 fragilitatem.
2925 3436 3046 3489 Hoc
3076 3435 3166 3490 est
3194 3448 3370 3504 parva
3400 3436 3655 3505 peccata.

2157 3618 2184 3683 §
2212 3615 2278 3669 V.
2311 3613 2398 3670 Ad
2427 3615 2647 3684 captum
2684 3619 2932 3668 nostrum
2961 3612 3384 3668 accommodatis
3412 3612 3744 3679 rationibus,

2086 3704 2184 3760 Gr.
2245 3700 2538 3774 ἀναλόγοις
2601 3696 2920 3769 σημασίαις.
2982 3697 3136 3754 Dixit
3207 3692 3496 3771 ἀναλόγοις
3567 3717 3747 3770 σημα-

2089 3791 2250 3856 σίαις,
2283 3792 2395 3846 hoc
2421 3794 2511 3846 est
2542 3789 2713 3845 nobis
2745 3787 2898 3844 notis
2931 3793 2988 3844 et
3018 3789 3294 3854 assuetis,
3327 3793 3384 3844 et
3413 3805 3540 3859 quae
3571 3787 3744 3844 intel-

2087 3881 2389 3956 ligentiam
2418 3884 2682 3935 nostram
2716 3895 2833 3934 non
2864 3883 3169 3950 superant,
3190 3877 3545 3933 dictionibus
3563 3881 3620 3933 et
3641 3893 3744 3949 ap-

2090 3970 2507 4045 pellationibus
2538 3967 2890 4040 significata.

2163 4060 2308 4129 §VI.
2341 4060 2594 4116 Actiones
2619 4073 2770 4113 suas.
2807 4057 2924 4112 [loc
2955 4059 3045 4112 est
3073 4060 3365 4128 quatenus
3420 4055 3745 4128 intelligere

2090 4165 2433 4222 possumus,
2467 4151 2639 4218 atque
2669 4163 2736 4202 ex
2768 4146 2940 4202 nobis
2974 4149 3132 4203 notis
3163 4147 3355 4202 verbis
3388 4163 3454 4202 ac
3487 4145 3744 4202 nomini-

2092 4239 2227 4303 bus,
2258 4237 2586 4308 voluptates
2611 4253 2738 4308 quae
2764 4234 2882 4289 illic
2907 4239 3048 4290 sunt
3071 4236 3227 4292 Deus
3248 4234 3584 4306 appellavit,
3610 4250 3746 4290 cum

2093 4328 2237 4383 dixit
2267 4344 2382 4381 non
2415 4342 2545 4381 esse
2575 4324 2694 4379 illic
2725 4324 3007 4386 dolorem,
3039 4329 3142 4380 aut
3191 4325 3486 4394 morbum,
3519 4327 3622 4379 aut
3663 4323 3747 4378 la-

2092 4417 2431 4482 borem,aut
2460 4414 2884 4487 gemitum,sed
2918 4413 3115 4469 lumen
3151 4431 3316 4480 esse;
3347 4419 3749 4469 verumtamen

2092 4523 2210 4561 non
2230 4505 2339 4561 hoc
2362 4521 2490 4576 quae
2513 4503 2633 4558 illic
2659 4505 2829 4570 bona,
2859 4506 2958 4558 sed
2982 4503 3287 4559 verissime
3323 4504 3522 4575 ignota
3561 4503 3750 4557 adhuc

2093 4595 2265 4652 nobis
2296 4598 2353 4650 et
2380 4587 3027 4664 incomprehensibilia;
3053 4610 3177 4663 quae
3204 4592 3362 4648 enim
3394 4591 3601 4648 oculus
3633 4607 3750 4646 non

316 4675 579 4750 οἴδαμεν,
612 4673 986 4751 ὑποδείγματα
1019 4673 1208 4730 δίδωσι
1247 4676 1667 4752 μακαριότητος.
1722 4681 1977 4750 Σημείω-

2105 4685 2260 4752 ridit,
2283 4689 2342 4739 et
2372 4699 2500 4755 quas
2561 4685 2926 4753 sequuntur:
2962 4681 3060 4737 sed
3095 4697 3163 4736 ex
3194 4680 3268 4736 iis
3295 4697 3422 4753 quae
3456 4679 3749 4748 novimus,

315 4788 408 4823 σαι
444 4765 523 4835 δὲ,
555 4771 674 4827 πῶς
702 4760 970 4839 λαμϐάνει
1001 4767 1086 4838 τὸ,
1132 4765 1233 4828 Εἰς
1289 4764 1530 4828 κόλπους
1588 4762 1842 4843 Ἀϐραὰμ
1888 4767 1981 4822 xui

343 4858 518 4913 Ισιάκ
538 4857 628 4910 xui
660 4850 884 4913 Ἰακώϐ.

395 4949 572 5004 ’Ὁτου
619 4942 796 5000 ἕνεκα.
852 4945 1078 5020 ’Δπορεῖ
1147 4943 1272 5020 περὶ
1327 4950 1427 5013 τῆς
1474 4945 1770 5020 γινομένης
1823 4946 1992 5022 εὐχῆς

320 5034 479 5108 παρὰ
506 5038 610 5089 τοῦ
640 5033 907 5110 ἱεράρχου
954 5031 1043 5088 ἐπὶ
1073 5037 1190 5095 τοῖς
1239 5031 1290 5088 ἐν
1322 5031 1613 5108 ἁμαρτίαις
1651 5055 1800 5090 κεκοι
1812 5057 1886 5109 μη
1897 5037 1991 5109 μέ-

325 5146 474 5186 νοις.

392 5217 524 5273 Τῶν
587 5209 814 5268 δικαίων
876 5212 932 5265 αἱ
984 5211 1310 5287 προσευχαί.
1366 5211 1688 5286 Σημείωσαι
1747 5215 1828 5268 ὅτι
1900 5210 1992 5287 μό-

313 5325 455 5367 νους
481 5301 612 5366 τοὺς
645 5301 832 5374 ἀξίους
858 5304 970 5356 τῶν
1023 5300 1325 5376 οἰκτιρμῶν
1372 5305 1469 5358 τοῦ
1502 5307 1636 5358 Θεοῦ
1689 5301 1993 5379 ὠφελοῦσιν

386 5491 473 5565 (a)
505 5490 713 5549 Matth.
747 5504 876 5558 vm,
918 5492 1004 5546 H.

2093 4775 2193 4830 dat
2214 4772 2482 4844 exempla
2508 4771 2830 4827 beatitatis:
2861 4776 2998 4827 nota
3027 4776 3245 4842 autem,
3274 4771 3569 4842 quomodo
3599 4769 3752 4826 acci-

2102 4863 2226 4936 piat
2253 4861 2435 4917 illud:
2470 4862 2528 4915 In
2563 4862 2717 4915 sinus
2745 4860 2981 4916 Abrahae
3008 4865 3058 4915 et
3087 4861 3242 4915 Isaac
3269 4869 3320 4915 et
3349 4859 3509 4916 Iacob
3540 4858 3639 4930 (a).

2175 4951 2338 5024 Cujus
2369 4951 2454 5007 rei
2469 4951 2678 5021 gratia.
2711 4948 2953 5004 Dubitat
2978 4950 3048 5004 de
3075 4965 3245 5021 prece
3301 4948 3454 5005 facta
3501 4949 3573 5003 ab
3622 4947 3750 5020 epi-

2103 5056 2302 5113 scopo,
2325 5039 2386 5094 in
2406 5039 2482 5096 iis
2513 5037 2615 5110 qui
2647 5039 2706 5093 in
2739 5037 2990 5109 peccatis
3022 5037 3239 5094 mortui
3270 5042 3429 5094 sunt.

2171 5219 2452 5275 Justorum
2476 5234 2684 5289 preces.
2718 5217 2887 5287 Nota,
2928 5218 3085 5289 quod
3119 5215 3262 5273 solis
3292 5217 3490 5289 dignis
3521 5217 3756 5274 miseri-

2103 5306 2303 5364 cordia
2327 5307 2430 5364 Dei
2460 5308 2688 5380 prosint
2709 5308 3010 5378 justorum
3045 5307 3364 5375 orationes,
3387 5308 3508 5364 sive
3537 5307 3760 5376 vivant,

1341 5663 1587 5722 VARLE
1626 5663 2019 5726 LECTIONES
2061 5665 2151 5726 ET
2188 5666 2745 5726 GORRECTIONES.

389 5776 446 5812 “
473 5771 552 5829 ἐν.
