4034 6384
363 434 466 490 179

1200 431 1569 484 ΑΡΡΕΝΒῙΧ
1611 429 1709 482 ΔΙ)
1745 427 1989 482 ΟΡΕΒΑ
2026 430 2085 482 S.
2125 430 2445 489 DIONYSII
2485 433 2989 490 AREOPAGITE.

3679 431 3774 488 180

363 557 485 615 sive
503 555 718 613 mortui
744 555 865 611 sint
889 573 905 625 ;
939 571 1054 610 non
1077 553 1320 626 quidem
1352 550 1766 625 peccatoribus
1787 554 1845 607 et
1858 550 2023 622 juste

2163 553 2191 605 ιὶ
2220 556 2330 607 τῶν
2363 550 2586 610 δικαίων
2621 554 2948 633 προσευχαὶ,
2983 551 3088 609 εἴτε
3122 557 3346 623 ζῶντας,
3380 549 3488 609 εἴτε
3528 552 3777 625 τελευτή-

366 645 872 713 condemnatis,et
897 644 994 699 hic
1025 648 1080 699 et
1107 648 1239 716 post
1271 645 1537 698 mortem.

435 824 702 896 Nunquid
732 841 766 879 α
794 823 1071 879 Samuele.
1113 821 1307 892 Neque
1355 821 1509 876 enim
1558 820 1718 877 Sauli
1767 819 2027 892 pessimo

369 914 640 973 existenti
699 930 876 969 orans
927 913 1148 984 profuit
1205 911 1463 982 Samuel,
1524 927 1714 981 neque
1772 911 2029 967 Hebraeis

371 1004 783 1078 peccatoribus
808 1001 1230 1058 exsistentibus
1245 1001 1493 1073 Moyses.
1506 1001 1654 1056 Dixit
1667 1003 1824 1057 enim
1838 1001 2030 1057 Domi-

371 1111 484 1150 nus
517 1094 590 1148 ad
623 1093 819 1164 ipsum
847 1110 859 1148 :
892 1092 1024 1148 Noli
1055 1107 1216 1147 orare
1240 1107 1341 1163 pro
1371 1093 1568 1163 populo
1599 1092 1724 1147 isto.

443 1272 566 1328 Sole
591 1272 766 1327 lucem
778 1269 1110 1327 suam.Vide
1124 1285 1197 1325 ne
1214 1270 1360 1326 forte
1373 1269 1859 1342 existimes,quod
1875 1270 2036 1326 dicat

374 1361 561 1418 solem
593 1361 731 1416 dare
762 1377 872 1416 sua
903 1360 1002 1416 89
1035 1359 1298 1428 lumina;
1347 1359 1641 1432 quomodo
1695 1359 1848 1415 enim
1909 1359 2036 1430 ipse

373 1451 472 1523 qui
498 1451 862 1506 inanimatus
884 1455 993 1520 est,
1017 1450 1285 1505 dederit?
1305 1449 1624 1505 voluntatis
1644 1449 1802 1504 enim
1827 1453 1912 1504 est
1933 1449 2035 1504 do-

375 1539 563 1609 natio;
589 1540 689 1595 sed
716 1539 900 1594 veluti
924 1555 1156 1594 morum
1179 1539 1432 1610 quadam
1457 1539 1689 1594 fictione
1719 1538 1862 1594 dicit
1883 1537 2036 1608 quod

375 1629 746 1701 praponitur.
772 1629 937 1684 Sicut
958 1629 1114 1684 enim
1149 1628 1198 1682 si
1231 1629 1365 1694 quis
1398 1632 1713 1700 supponat,
1739 1628 1921 1684 solem
1955 1628 2043 1683 di-

377 1732 534 1771 cere:
563 1717 682 1788 Ego
713 1715 1045 1772 valentibus
1066 1715 1254 1772 oculis
1276 1717 1476 1772 lumen
1502 1716 1654 1772 dono
1684 1741 1698 1785 ;
1731 1721 1936 1788 postea
1956 1715 2044 1772 in-

378 1806 590 1860 firmus
625 1805 842 1877 aliquis
874 1807 1060 1864 oculis
1093 1807 1334 1863 dixerit:
1365 1807 1444 1861 Da
1473 1807 1650 1862 etiam
1684 1805 1854 1872 mihi,
1879 1805 2040 1860 valeo

2137 661 2348 710 σαντας,
2388 643 2449 698 οὐ
2485 644 2590 718 μὴν
2625 643 2991 721 ἁμαρτωλοὺς
3023 643 3114 698 καὶ
3151 641 3651 716 ἀξιοκατακρίτους,
3697 642 3780 698 καὶ

2138 727 2244 785 ὦδε
2276 732 2364 786 καὶ
2400 735 2534 806 μετὰ
2568 734 2812 797 θάνατον.

2208 821 2279 876 ’Ἠ
2323 821 2374 875 τί
2424 825 2557 896 πρὸς
2603 828 2698 877 τοῦ
2753 820 3046 896 Σαμουήλ.
3109 817 3244 876 Οὔτε
3294 820 3398 896 γὰρ
3456 820 3548 874 τὸν
3606 820 3779 877 Σαοὺλ

2137 907 2388 964 κάκιστον
2423 908 2550 966 ὄντα
2597 912 2876 990 ὠφέλησεν
2928 914 2956 966 6
3005 908 3271 984 Σαμουὴλ
3301 910 3610 983 εὐξάμενος,
3669 909 3782 966 οὔτε

2137 999 2264 1061 τοὺς
2295 996 2581 1076 Ἑϐραίους
2606 1001 2971 1078 ἁμαρτωλοὺς
3000 998 3159 1064 ὄντας
3189 1001 3216 1054 6
3249 1002 3512 1068 Mwiio'ﬁc"
3548 1000 3660 1054 εἶπε
3688 1001 3782 1074 γὰρ

2142 1088 2169 1142 6
2205 1088 2401 1163 Κύριος
2442 1092 2578 1164 πρὸς
2629 1089 2809 1146 αὐτόν·
2871 1091 2964 1160 Mi,
3024 1087 3336 1164 προσεύχου
3379 1087 3506 1163 περὶ
3535 1092 3630 1142 τοῦ
3660 1085 3784 1142 λαοῦ

2140 1198 2357 1233 τουτου.

2215 1265 2412 1324 Ἡλίου
2467 1268 2535 1323 τὰ
2578 1269 2778 1327 οἰκεῖα.
2830 1272 2969 1344 Ὅρα
3017 1271 3094 1343 μή
3139 1267 3248 1324 πού
3292 1288 3356 1343 γε
3397 1264 3653 1342 νομίσῃς,
3711 1266 3787 1322 ὅτι

2143 1356 2239 1410 τὸν
2291 1355 2452 1422 ἥλιόν
2486 1380 2618 1432 φησι
2651 1355 2942 1434 δωρεῖσθαι
2972 1359 3040 1413 τὰ
3070 1357 3264 1412 εαυτοῦ
3290 1360 3466 1435 φῶταο
3526 1360 3642 1418 πῶς
3694 1357 3786 1430 γὰρ

2147 1444 2204 1498 ἂν
2257 1444 2466 1522 ἄψυχος
2515 1444 2869 1522 δωρήσαιτο;
2919 1447 3294 1523 προαιρέσεως
3342 1446 3450 1522 γὰρ
3511 1447 3546 1516 ἡ
3598 1443 3781 1520 δωρεά·

2148 1532 2293 1589 ἀλλὰ
2318 1535 2452 1590 κατᾶ
2501 1537 2792 1607 ἠθοποιίαν
2827 1537 2992 1594 οἷονεί
3021 1557 3142 1590 τινα
3190 1536 3252 1590 τὸ
3310 1534 3671 1611 προκείμενον
3703 1533 3785 1588 λέ-

2148 1644 2233 1696 γει
2267 1667 2278 1680 .
2328 1627 2530 1697 ’Ὠσπερ
2587 1627 2689 1703 γὰρ
2747 1625 2879 1688 εἴτις
2940 1626 3198 1681 ὑπόθοιτο
3245 1625 3338 1680 τὸν
3388 1622 3552 1693 ἥλιον
3599 1621 3786 1698 λέγειν.

2149 1715 2298 1787 Ἐγὼ
2326 1721 2443 1769 τοῖς
2495 1715 2830 1792 ἐρρωμένοις
2890 1713 3204 1794 ὀφθαλμοῖς
3255 1710 3460 1786 δίδωμι
3495 1717 3630 1788 φῶς·
3690 1713 3790 1767 εἶτα

2153 1804 2385 1858 ἀσθενῶν
2417 1826 2500 1866 τις
2553 1805 2621 1860 τὰ
2677 1800 2902 1879 ὄμματα
2955 1803 3122 1860 εἷ’ποιο
3170 1803 3270 1866 Δὸς
3315 1802 3508 1872 κάμοί·
3557 1800 3787 1878 ἔρρωμαι

378 1896 571 1962 enim;
606 1899 734 1950 tum
769 1899 1006 1966 accepta
1055 1895 1204 1960 luce,
1239 1896 1415 1949 etiam
1452 1894 1524 1948 'id
1577 1894 1733 1965 quod
1782 1893 2037 1962 videbat,

2163 1893 2276 1968 γάρ·
2329 1892 2513 1949 ἔπειτα
2562 1892 2850 1967 δεξάμενος
2895 1896 2996 1964 τήν
3049 1895 3260 1962 ἀκτῖνα,
3291 1897 3387 1947 καῖ
3439 1892 3468 1946 ’ὀ
3499 1891 3641 1964 ἑώρα
3691 1891 3783 1945 ἀπ-

2183 1981 2238 1995 ..
2421 1985 2432 1995 .
2549 1983 2562 1995 .
2613 1985 2624 1995 .
2774 1984 2785 1995 .
2999 1983 3011 1995 .
3055 1985 3067 1995 .
3121 1983 3133 1995 .
3347 1982 3365 1995 κ
3393 1982 3405 1995 .
3555 1980 3573 1995 ι
3613 1985 3637 1995 ..
3723 1977 3765 1995 δ.

379 1984 628 2040 amittet.
681 1983 895 2038 Eodem
928 1983 1107 2038 etiam
1139 1983 1312 2038 modo
1346 1988 1616 2055 peccator
1646 1982 1891 2039 affectus
1923 1985 2032 2052 est,

378 2089 512 2127 cum
546 2077 715 2145 rogat
743 2072 934 2127 virum
967 2074 1213 2139 bonum,
1237 2077 1300 2127 ut
1319 2090 1422 2144 pro
1454 2089 1516 2128 se
1546 2076 1815 2144 precetur
1842 2097 1856 2139 ;
1889 2072 2038 2143 pati-

377 2167 475 2218 tur
504 2162 660 2217 enim
690 2163 1004 2218 caacutiens
1022 2167 1077 2217 et
1094 2161 1426 2234 suscipiens
1457 2161 1563 2217 viri
1593 2163 1730 2218 boni
1755 2161 2036 2218 orationis

379 2251 636 2322 radium,
661 2267 778 2307 non
822 2251 1092 2308 concedit
1139 2267 1297 2316 eum,
1327 2269 1395 2308 ea
1443 2268 1570 2324 quae
1629 2255 1767 2308 sunt
1815 2255 2037 2306 natura;

378 2339 570 2412 ipsius
603 2340 793 2396 facere
826 2346 883 2397 et
913 2340 1231 2411 illustrare,
1254 2342 1352 2396 sed
1383 2341 1659 2397 tenebras
1689 2340 1803 2396 sibi
1833 2357 2038 2412 procu-

379 2435 494 2498 rat,
515 2446 633 2486 non
653 2430 924 2486 habendo
952 2430 1262 2500 rationem,
1281 2447 1382 2502 per
1412 2446 1622 2502 puram
1650 2431 1830 2486 vitam
1861 2432 2038 2486 dono-

382 2535 517 2574 rum
549 2519 748 2587 Dei,et
767 2519 1039 2576 discessit
1060 2536 1162 2576 seu
1185 2519 1429 2576 secessit
1457 2521 1530 2577 ab
1561 2519 2040 2577 illuminantibus

384 2608 488 2664 Dei
519 2610 854 2681 praeceptis:
881 2625 1127 2680 peccans
1155 2609 1310 2665 enim
1347 2610 1665 2666 contemnit
1695 2609 1881 2682 legem
1912 2609 2037 2680 Dei,

385 2701 444 2753 et
493 2696 642 2752 nihil
693 2697 765 2752 ab
817 2697 1079 2754 oratione
1102 2699 1250 2769 justi
1274 2700 1597 2769 juvabitur.
1632 2701 1794 2765 Quod
1841 2704 2038 2754 autem

385 2787 509 2843 haec
541 2787 612 2842 de
643 2787 765 2844 sole
795 2789 877 2843 ita
907 2786 1218 2859 intelligat,
1251 2790 1426 2844 etiam
1458 2788 1516 2844 in
1548 2788 1698 2846 libro
1727 2794 1807 2846 De
1834 2790 2043 2846 divinis

385 2877 722 2947 nominibus,
754 2881 963 2950 quarto
994 2877 1180 2949 capite
1210 2877 1527 2950 signiﬁcat.

463 3057 649 3114 Utiles.
674 3056 976 3120 Quomodo
1000 3062 1058 3113 et
1079 3058 1316 3128 quando
1340 3059 1686 3130 prositjusti
1710 3059 1897 3115 oratio
1918 3061 2047 3115 tan-

389 3149 517 3202 tum
547 3146 764 3200 viventi
793 3163 806 3202 :
839 3150 897 3202 et
925 3146 1088 3216 dicit,
1122 3147 1354 3217 quando
1387 3147 1690 3219 pcenitenti
1721 3149 2044 3203 secundum

387 3233 735 3306 Apostolum
761 3251 774 3289 :
808 3236 958 3290 Flere
988 3252 1113 3290 eum
1129 3236 1394 3306 ﬂentibus
1414 3236 1567 3307 (b-o,)
1585 3240 1643 3292 et
1664 3237 1900 3308 quando
1923 3252 2048 3293 ora-

2149 1981 2346 2039 ολὲσει·
2380 1985 2472 2038 τὸν
2505 1983 2664 2038 αὐτὸν
2689 1984 2893 2059 τρόπον
2926 1983 3016 2039 καὶ
3048 1985 3075 2038 6
3110 1982 3470 2057 ἁμαρτωλὸς,
3515 1980 3676 2034 αἴτῶν
3719 1977 3790 2034 δί-

2143 2094 2294 2128 καιον
2328 2071 2571 2144 εὔξασθαι
2599 2074 2732 2150 ὑπὲρ
2763 2073 2948 2142 αὐτοῦ,
2999 2072 3220 2147 πάσχει’
3273 2066 3650 2145 ἀμϐλυώττων
3687 2070 3776 2142 γὰρ

2146 2165 2174 2218 6
2208 2161 2554 2236 ἁμαρτωλὸς,
2606 2163 2696 2217 καὶ
2743 2160 3044 2237 δεχόμενος
3090 2169 3189 2232 τῆς
3232 2165 3330 2216 τοῦ
3364 2157 3574 2215 δικαίου
3625 2157 3776 2233 εὐχῆς

2143 2255 2243 2321 τὴν
2275 2254 2484 2326 ἀκτῖνα,
2547 2255 2613 2310 οὐ
2647 2260 2927 2330 συγχωρεῖ
2963 2253 3129 2322 αὐτὴν
3175 2255 3244 2308 τὰ
3271 2252 3413 2308 κατὰ
3443 2252 3598 2329 φύσιν
3645 2249 3779 2324 ἐνερ-

2147 2349 2259 2418 γεῖν
2288 2345 2380 2399 καὶ
2430 2343 2704 2423 φωτίζειν·
2749 2342 2894 2400 ἀλλὰ
2921 2345 3112 2404 σκότος
3159 2343 3336 2413 ἔαυτῷ
3387 2341 3656 2416 προξενεῖ,
3709 2341 3780 2408 τῷ

2151 2437 2291 2508 μήτε
2320 2435 2611 2509 προσέχειν
2648 2431 2737 2488 διὰ
2791 2437 3026 2509 καθαροῦ
3062 2431 3182 2506 βίου
3211 2437 3329 2495 ταῖς
3377 2435 3475 2485 τοῦ
3517 2433 3646 2485 Θεοῦ
3689 2425 3782 2482 δω-

2150 2529 2318 2599 ρεαῖς,
2349 2522 2440 2578 καί
2470 2527 2536 2597 τῇ
2589 2524 2947 2601 ἀποφοιτήσει
2985 2520 3193 2594 μέντοι,
3244 2518 3419 2595 ἤγουν
3452 2519 3782 2594 ἀναχωρήσει

2146 2615 2257 2669 τῶν
2289 2617 2640 2690 φωτιζουσῶν
2672 2612 2907 2668 ἐντολῶν
2938 2615 3035 2665 τοῦ
3069 2615 3224 2666 Θεοῦ*
3261 2611 3289 2665 6
3325 2610 3433 2684 γᾶρ
3484 2609 3783 2684 ἁμαρτάνων

2148 2708 2475 2781 καταφρονεῖ
2504 2707 2598 2758 τοῦ
2629 2701 2804 2776 νόμου
2833 2705 2932 2756 τοῦ
2964 2705 3119 2768 Θεοῦ,
3151 2700 3241 2754 καὶ
3272 2695 3436 2754 οὐδὲν
3470 2698 3571 2752 ὑπὸ
3594 2693 3785 2752 δικαίου

2151 2792 2320 2868 εὐχῆς
2353 2790 2791 2870 ὠφεληθήσεται.
2825 2794 2948 2849 ’Ότι
2980 2788 3037 2844 δὲ
3064 2791 3131 2846 τὰ
3179 2787 3303 2864 περὶ
3331 2792 3440 2844 τοῦ
3468 2785 3630 2856 ἡλίου
3660 2784 3784 2840 οὕτω

2151 2887 2283 2953 νοεῖ,
2340 2869 2430 2936 καὶ
2462 2881 2513 2936 ἐν
2571 2886 2651 2954 τῷ
2703 2882 2837 2956 Περὶ
2885 2880 3038 2935 θείων
3100 2878 3396 2952 ὀνομάτων
3448 2873 3714 2954 κεφαλαίῳ
3749 2869 3786 2926 δ’

2154 2971 2428 3046 σημαίνει.

2227 3059 2540 3138 Ὠφέλιμοι.
2574 3064 2699 3122 Πῶς
2723 3059 2812 3114 καὶ
2831 3058 2961 3113 πότε
2985 3055 3192 3132 ὠφελεῖ
3217 3054 3438 3112 δικαίου
3468 3055 3600 3124 εὐχή
3631 3057 3782 3122 ζῶντα

2161 3151 2346 3224 μόνον’
2378 3148 2467 3203 καί
2499 3169 2684 3225 φησιν,
2715 3147 2804 3202 ὅτε
2840 3151 3205 3221 μετανοοῦντα
3235 3147 3374 3200 κατᾶ
3409 3144 3499 3199 τὸν
3537 3141 3780 3198 Ἀπόστο·

2158 3239 2274 3312 λον,
2329 3236 2607 3293 Κλαίειν⁴⁵
2667 3237 2798 3311 μετὰ
2855 3234 3179 3307 κλαιόντων,
3225 3233 3316 3289 ὅτε
3362 3232 3450 3289 καὶ
3497 3233 3558 3287 τὸ
3617 3225 3780 3301 Αόγιον

391 3305 594 3380 culum
616 3323 762 3379 illud
786 3324 1056 3397 complet:
1073 3305 1298 3381 Multum
1312 3305 1932 3398 valeldepreeoliojusti
1942 3326 2042 3398 (ἀ),

2163 3328 2329 3383 ἐκεῖνο
2357 3331 2688 3403 πληροῦται,
2723 3323 2880 3400 Μέγα
2911 3324 3092 3401 ἰσχύει
3124 3323 3260 3399 εὐχὴ
3307 3321 3516 3378 δικαίου
3561 3319 3782 3393 ἐνεργου-

394 3431 649 3486 operans
668 3430 775 3487 per
796 3414 1200 3485 paenitentiam
1235 3416 1508 3487 petentis,
1533 3416 1858 3472 orationem
1889 3415 2050 3473 scili-

398 3509 507 3559 cet.
532 3503 588 3556 Si
619 3503 776 3558 enim
809 3519 968 3559 unus
999 3503 1266 3571 aediﬁcet,
1290 3504 1401 3560 hoc
1430 3506 1760 3575 estjustus,
1785 3509 1842 3561 et
1873 3521 2049 3577 unus,

399 3593 553 3648 sicut
604 3595 874 3664 peccator
919 3597 1159 3661 evertat,
1192 3592 1601 3664 imperfectum
1634 3599 1832 3650 manet
1862 3611 2009 3667 opus
2039 3600 2052 3650 ;

401 3681 902 3753 quemadmodum
927 3680 1260 3754 legimusin
1278 3681 1547 3754 exemplo
1579 3685 1649 3739 de
1682 3681 1855 3738 Saule
1884 3688 1941 3738 et
1956 3684 2055 3739 Sa-

398 3770 612 3826 muele.

466 3862 567 3915 Pie
596 3859 839 3931 aﬂectus,
878 3859 974 3916 Gr.
1013 3854 1121 3929 ἕξιν
1173 3858 1343 3934 ἱεράν.
1377 3859 1656 3916 Habitum
1687 3864 1883 3917 autem
1918 3878 2056 3917 san-

393 3953 552 4004 ctum
580 3949 687 4003 hoc
710 3947 1110 4021 loco,propriae
1133 3949 1268 4005 vitae
1291 3951 1360 4005 ad
1385 3950 1662 4006 virtutem
1687 3950 2054 4007 affectionem

396 4037 562 4093 dixit.
601 4033 971 4109 Συλλήπτορα
1005 4054 1162 4106 vero,
1195 4056 1298 4110 pro
1329 4039 1658 4111 adjutorem.

471 4126 836 4198 Colloquium.
872 4127 998 4182 Non
1030 4126 1384 4199 simpliciter
1407 4145 1512 4185 nos
1535 4129 1607 4184 ab
1626 4128 1956 4185 accedendo
1981 4129 2054 4184 ad

393 4215 660 4271 divinum
683 4215 1129 4287 colloquium,et
1151 4232 1250 4288 per
1279 4234 1384 4274 nos
1409 4222 1599 4289 petere
1619 4235 1652 4272 a
1673 4218 1789 4274 Deo
1812 4217 2056 4274 meliora

395 4310 455 4358 et
486 4302 790 4372 salutaria,
815 4307 984 4358 Pater
1006 4304 1297 4376 prohibet,
1320 4305 1514 4363 sciens
1535 4306 1878 4378 Apostolum
1906 4324 2056 4379 prae-

397 4391 711 4464 cipientem
731 4409 744 4448 :
764 4393 884 4448 sine
905 4393 1312 4452 intermissione
1323 4411 1495 4453 orare
1517 4398 1588 4470 (e)
1609 4413 1623 4466 ;
1657 4398 1758 4454 sed
1782 4395 2056 4467 opinione

398 4481 656 4554 quadam
687 4483 928 4551 victum,
964 4487 1340 4541 contemnere
1373 4490 1631 4555 sanctos,
1654 4491 1710 4542 et
1740 4503 1843 4558 pro
1872 4485 2055 4543 nihilo

399 4573 612 4627 ducere
639 4586 842 4628 eorum
875 4573 1190 4631 orationes.

2165 3419 2296 3491 μένη
2332 3414 2422 3472 διὰ
2449 3401 2549 3486 τῆς
2587 3414 2870 3489 μετανοίας
2898 3418 2994 3468 τοῦ
3044 3411 3329 3486 δεομένου,
3370 3419 3468 3482 τῆς
3501 3409 3660 3484 εὐχῆς
3699 3401 3782 3472 δη·

2162 3505 2366 3563 )ονότι.
2399 3505 2524 3562 Ἐὰν
2554 3505 2655 3580 γὰρ
2691 3506 2770 3566 εἷς
2820 3499 3114 3576 οἰκοδομῇ,
3163 3499 3438 3556 τουτέστιν
3493 3499 3521 3553 6
3577 3494 3781 3558 δίκαιος,

2159 3597 2308 3651 καὶΜΒ
2338 3597 2439 3667 εἷς,
2490 3597 2605 3650 οἷον
2647 3595 2674 3647 ὁ
2707 3593 3057 3666 ἁμαρτάνων,
3104 3589 3469 3668 καταστρεφῃ,
3519 3585 3777 3668 ἀτέλεστον

2165 3686 2311 3758 μὲνει
2343 3685 2406 3738 τὸ
2453 3680 2628 3760 ἔργον,
2674 3683 2750 3745 ὡς
2797 3680 3037 3758 ἔγνωμεν
3085 3679 3173 3734 ἐπὶ
3209 3682 3306 3734 τοῦ
3337 3679 3473 3734 κατὰ
3498 3677 3587 3731 τὸν
3619 3666 3779 3727 Σαοὺλ

2161 3773 2251 3829 καί
2279 3774 2369 3828 τὸν
2407 3770 2673 3846 Σαμουὴλ
2708 3769 3134 3845 ὑποδείγματος,

2231 3863 2379 3932 Ἔξιν
2425 3862 2570 3936 ἱερὰν
2613 3855 2781 3934 ἔχων.
2842 3861 2987 3932 ’Ἐξιν
3041 3857 3099 3913 δὲ
3142 3856 3286 3932 ἱερὰν
3323 3856 3544 3913 ἐνταῦθα
3571 3856 3662 3919 τήν
3704 3847 3786 3901 τοῦ

2165 3951 2366 4006 οἶκείου
2403 3950 2528 4026 βίου
2558 3951 2693 4025 πρὸς
2728 3950 2920 4024 ἀρετὴν
2948 3945 3181 4012 διάθεσιν
3207 3944 3410 4024 εἷ’ρηκε.
3442 3940 3787 4012 Συλλήπτορα

2164 4038 2240 4109 δὲ,
2275 4041 2389 4095 ἀντὶ
2421 4043 2515 4094 τοῦ
2550 4040 2776 4115 βοηθόν.

2232 4127 2508 4203 Ὀμιλίαν.
2543 4111 2669 4202 Οὐχ
2699 4126 2890 4189 ἁπλῶς
2919 4129 3015 4180 τοῦ
3046 4125 3181 4201 πρὸς
3213 4123 3358 4180 θείαν
3388 4127 3534 4197 ἡμᾶς
3586 4111 3787 4203 ὁμιλίαν

2164 4225 2387 4296 χωρεῖν,
2416 4217 2505 4274 καί
2539 4215 2606 4272 δι’
2654 4218 2858 4272 ἑαυτῶν
2899 4215 3163 4271 αἰτεῖσθαι
3195 4215 3345 4291 παρὰ
3375 4215 3507 4270 Θεοῦ
3534 4208 3600 4264 τὰ
3627 4201 3789 4296 κρείτ-

2161 4289 2294 4365 τονα
2322 4309 2411 4364 καὶ
2440 4310 2707 4380 σωτήρια,
2739 4305 2979 4382 ἀπείργει
3013 4306 3040 4359 ὁ
3074 4289 3283 4380 Πατὴρ,
3318 4300 3478 4362 εἰδὼς
3507 4299 3595 4354 τὸν
3639 4289 3790 4382 Ἀῗπό-

2165 4397 2359 4454 στολον
2439 4395 2844 4470 προστάσσοντα
2928 4390 3298 4455 ἀδιαλείπτως
3382 4381 3786 4466 προσεύχεσθαι,

2163 4488 2310 4545 ἀλλά
2338 4493 2457 4556 τοῦ,
2489 4488 2664 4558 οἰήσει
2695 4488 2817 4541 τινὰ
2866 4485 3234 4561 κρατούμενον
3299 4480 3646 4560 ὑπερφρονεῖν
3699 4471 3792 4524 τῶν

2169 4579 2360 4655 ἁγίων,
2392 4577 2484 4631 καὶ
2509 4577 2620 4631 ἀντ’
2646 4573 2862 4636 οὐδενὸς
2892 4573 3132 4638 τίθεσθαι
3161 4574 3257 4636 τὰς
3283 4572 3491 4628 τούτων
3525 4562 3698 4639 εὐχάςο

470 4660 547 4715 De
576 4660 722 4716 dicta
742 4677 929 4733 porro.
961 4663 1047 4718 Ad
1071 4663 1182 4719 hoc
1207 4664 1332 4720 loco
1355 4663 1564 4735 incipit
1583 4666 2046 4737 exponere,quod

2217 4644 2366 4742 ’Περὶ
2396 4665 2452 4721 δὲ
2480 4668 2601 4736 τῆς,
2631 4667 2820 4721 Ἔνθεν
2855 4660 3083 4738 ἄρχεται
3117 4661 3320 4737 λέγειν,
3363 4662 3436 4722 ὡς
3479 4644 3789 4742 ὠφελεῖ.ῗὸν

397 4748 584 4806 oratio
615 4749 803 4822 prosit
833 4758 1086 4819 mortuo,
1111 4755 1169 4808 et
1199 4756 1338 4809 nota
1367 4754 1522 4824 quod
1556 4758 1689 4810 ante
1721 4755 2058 4828 ipsum,du-

395 4838 563 4893 bium
596 4837 703 4894 hoc
733 4840 1050 4911 quaesitum
1077 4841 1274 4897 fuerit.

471 4926 646 5000 §VII.
679 4929 1096 4986 Dim‘mulanle.
1123 4929 1331 4997 Qualia
1370 4935 1570 4989 nostra
1622 4938 1858 5005 peccata
1905 4940 2060 4991 Deus

403 5014 739 5155 gissimulet
803 5021 1043 5089 prapter
1117 5018 1440 5076 orationem
1500 5025 1558 5078 et
1611 5038 1812 5094 preces
1865 5041 2058 5083 sacer-

447 5101 581 5155 otis.

447 5101 581 5158 otis.

475 5191 623 5247 Petit
651 5198 834 5249 autem
864 5193 988 5250 illa.
1020 5193 1167 5261 Quid
1197 5199 1362 5268 petat
1391 5201 1684 5258 sacerdos.

390 5341 414 5374 α
475 5280 580 5336 90
605 5282 1001 5341 Praesentibus.
1030 5287 1152 5340 Hoc
1183 5289 1272 5342 est
1293 5286 1476 5358 justis
1506 5293 1563 5345 et
1595 5290 1726 5363 piis.

482 5489 623 5561 (b-c)
653 5489 818 5545 Rom.
849 5505 951 5559 xu,
989 5490 1067 5547 15.
1103 5492 1178 5565 (d)
1207 5497 1328 5554 Jac.
1361 5513 1419 5564 ν,
1451 5497 1536 5553 16.
1571 5498 1641 5571 (e)
1670 5502 1691 5556 Ι
1725 5499 1930 5559 Thess.
1962 5519 2016 5572 ν,
2055 5503 2139 5558 17.

2168 4735 2355 4832 νεκρόν
2379 4759 2414 4825 ἡ
2447 4735 2609 4829 εὐχή.
2635 4754 2737 4811 Καὶ
2770 4735 3074 4826 σημείωσαι
3098 4735 3303 4806 ὅτινκαὶ
3332 4749 3440 4826 πρὸ
3486 4743 3642 4800 αὐτοῦ
3688 4735 3792 4802 ἐζη-

2165 4848 2308 4917 τήθη
2338 4846 2401 4900 τὸ
2432 4841 2634 4920 ἄπορον
2667 4847 2849 4899 τοῦτο.
3607 4918 3618 4923 Δ
3746 4908 3757 4923 ι

2237 4937 2418 5006 §VII.
2452 4918 2809 5008 Παρορώσης.
2861 4931 3026 4993 Ποίας
3057 4931 3219 5004 ἡμῶν
3282 4923 3546 5001 ἁμαρτίας
3591 4918 3626 5017 ,ὁ
3679 4918 3792 5017 ςεῗς

2167 4997 2383 5100 παρορᾷ
2440 4997 2676 5091 διὰ-της
2730 4997 2828 5076 ⁵τοῦ
2884 4997 3114 5095 ἱερέως..
3147 4997 3462 5094 προσευχῆς
3521 5007 3608 5065 καὶ
3682 4997 3791 5065 δεή·

2170 5135 2325 5176 σεως.

2240 5203 2395 5260 Αἷ¹τεῖ
2426 5199 2482 5257 δὲ
2511 5200 2665 5258 αὐτά.
2698 5199 2764 5258 Τί
2794 5198 2934 5254 αἰτεῖ
2965 5199 2993 5253 6
3025 5196 3223 5273 ἱερεύς.

2240 5297 2366 5356 Τοῖς
2426 5295 2697 5366 παροῦσι.
2749 5289 3008 5346 Τουτέστι
3073 5291 3189 5350 τοῖς
3250 5281 3483 5344 δικαίοις

2172 5377 2310 5440 ϐἐσι.

3533 5271 3616 5332 καὶ
3672 5262 3792 5321 εὐσε-

1446 5653 1689 5712 VARI/ﬁ
1728 5656 2121 5718 LEGTIONES
2159 5657 2252 5716 ET
2291 5653 2861 5718 CORRECTIONES.

491 5760 537 5798 "5
566 5755 656 5812 καὶ
686 5755 966 5818 κλαίοντα.
1042 5763 1088 5800 ⁴⁶
1115 5758 1299 5839 ἵτερος
1321 5763 1398 5823 δέ.
