4034 6380
281 445 386 502 181

1041 448 1100 500 S.
1143 445 1419 502 MAXIM!
1460 445 1768 500 SCHOLIA
1804 447 1879 500 IN
1919 446 2052 499 LIB.
2095 447 2191 499 DE
2231 446 2521 501 ECCLES.
2568 445 2966 498 HIERARCH.

3617 439 3643 493 1
3654 437 3725 492 82

357 568 502 625 Κατὰ
561 569 708 633 θείαν
770 569 936 639 ζωήν.
987 569 1279 625 Τουτέστιν
1359 566 1456 622 ὅσα
1525 567 1780 642 νομίμως
1853 565 1942 621 καὶ

2130 568 2442 626 Secundum
2498 569 2748 624 divinam
2803 569 2996 623 vitam.
3047 565 3166 622 Hoc
3210 569 3320 634 est,
3352 581 3719 638 quaecunque

285 659 610 722 ἀκολούθως
647 660 676 713 6
709 656 918 719 δίκαιος
948 657 1242 720 ὶπίσκοπος
1274 657 1508 729 αῗτήσει,
1542 654 1796 730 λήψεται,
1828 653 1962 711 ἀλλ’

287 749 378 804 ἐπὶ
411 747 637 803 δικαίων
674 767 688 780 ⁸
739 745 949 821 εἷ’ρηται
981 745 1084 822 γὰρ
1113 751 1192 818 τῷ
1241 746 1379 821 ἁγίῳ
1429 747 1618 821 Πέτρῳ
1645 789 1656 800 .
1705 748 1840 799 Ὅσα
1894 742 1952 798 ἂν

290 837 463 912 δήσῃς
510 837 597 892 ἐπὶ
647 840 748 902 τῆς
796 843 924 910 γῆς,
954 837 1042 890 καὶ
1091 836 1160 891 τὰ
1207 837 1327 908 ἑξῆς
1359 855 1371 868 ο
1425 835 1562 890 κατὰ
1608 835 1840 908 μίμησιν
1897 831 1955 888 δὲ

282 933 386 983 τοῦ
419 927 582 1002 ἁγίου
615 928 822 1000 Πέτρου
855 925 988 980 εἰσὶν
1022 927 1073 980 οἱ
1106 924 1422 993 ἐπίσκοποι,
1455 926 1528 988 ὣς
1566 925 1700 998 μετὰ
1759 924 1951 1002 μικρὸν

285 1000 476 1092 λέγει..
501 1017 822 1090 Σημείωσαι
855 1013 912 1071 δὶ
942 1017 1168 1093 μέγεθος
1216 1015 1503 1092 ἱεραρχίας
1541 1015 1632 1070 καὶ
1678 1014 1814 1089 ὕψος
1862 1000 1955 1069 καἰ

282 1109 664 1182 καθαρότητα.

357 1198 456 1250 Διὸ
485 1201 602 1257 τοῖς
631 1195 889 1269 ἀνιέροις.
925 1194 1242 1268 Σημείωσαι
1275 1192 1357 1250 ὅτι
1399 1198 1566 1250 ταῦτα
1613 1199 1728 1256 τοῖς
1771 1194 1950 1268 ἀμαρ-

279 1283 403 1340 τωλ
413 1290 501 1347 οἷς
533 1285 632 1340 οῦκ
664 1284 977 1360 ἐπεύχεται.

353 1373 737 1450 Τελετάρχου.
769 1374 1027 1430 Τουτὲστι
1058 1376 1156 1428 τοῦ
1188 1372 1337 1427 θείου
1367 1371 1704 1444 Πνεύματος.

356 1463 581 1521 Αἰτεῖτε
610 1464 722 1521 καί.
757 1464 849 1519 Ἐκ
877 1470 978 1533 τῆς
1008 1457 1272 1520 Ἰακώϐου
1305 1461 1636 1530 Ἐπιστολῆς
1663 1463 1725 1517 τὸ
1759 1461 1947 1538 ῥητὸν,

279 1550 543 1610 διδᾶσκον
586 1555 754 1625 ἡμᾶς,
789 1553 866 1614 ὡς
919 1552 983 1607 οὔ
1036 1549 1118 1606 δεῖ
1163 1551 1560 1626 προσεύχεσθαι
1613 1552 1734 1627 περὶ
1779 1555 1948 1605 κακοῦ

273 1664 433 1705 τινος
467 1643 767 1719 προσώπου
799 1641 835 1711 ἢ
869 1643 1213 1716 πρᾶγματος.

353 1734 461 1796 Τὰς
511 1733 863 1810 ἀφοριπικάς
912 1728 1125 1807 ἔχουσι.
1179 1728 1310 1805 Περὶ
1373 1733 1480 1784 τῶν
1541 1730 1943 1796 ἀκοινωνησιῶν

272 1821 369 1876 καὶ
395 1823 718 1899 ἀφορισμῶν
746 1825 854 1874 τῶν
884 1820 1031 1892 παρὰ
1058 1823 1153 1873 τοῦ
1195 1818 1456 1894 ἱεράρχου
1489 1836 1503 1850 ⁶
1539 1817 1793 1892 δυνάμεις
1842 1817 1945 1894 γάρ

2060 657 2222 728 juste
2252 664 2309 714 et
2340 662 2764 730 consequenter
2785 657 2988 728 justus
3019 655 3331 726 episcopus
3361 660 3538 726 petet,
3563 655 3721 710 acci-

2066 746 2205 818 piet,
2223 749 2320 803 sed
2348 747 2679 820 projustis;
2715 747 2938 800 dictum
2970 745 3128 799 enim
3160 749 3248 799 est
3278 747 3481 799 sancto
3513 745 3678 800 Petro
3705 760 3719 798 :

2067 837 2432 909 Quaecumque
2451 838 2710 906 ligaveris
2729 852 2896 907 super
2914 839 3125 890 terram
3142 833 3232 902 (γ’),
3247 837 3303 888 et
3325 849 3446 903 quae
3467 849 3567 904 seq
3579 851 3722 888 uun-

2062 933 2193 995 tur;
2229 928 2554 982 secundum
2580 932 2776 982 autem
2802 924 3192 980 imitationem
3208 923 3394 978 sancti
3413 922 3562 978 Petri
3586 931 3723 978 sunt

2063 1017 2346 1088 episcOpi,
2371 1025 2433 1072 ut
2465 1019 2600 1088 post
2631 1031 2817 1087 pauca
2837 1013 3001 1069 dicit.
3028 1016 3178 1068 Nota
3197 1027 3335 1067 vero
3358 1012 3720 1084 magnitudi-

2062 1124 2196 1164 nem
2227 1107 2566 1164 hierarcbiae
2600 1114 2655 1161 et
2685 1106 3060 1162 altitudinem
3093 1109 3150 1161 et
3181 1103 3520 1176 puritatem.

2135 1199 2499 1267 Quamobrem
2528 1195 2815 1268 improbis.
2847 1195 2996 1251 Nota
3026 1195 3182 1266 quod
3233 1193 3354 1249 ha'c
3403 1193 3720 1264 peccatori-

2060 1289 2174 1344 bus
2205 1305 2319 1344 non
2354 1287 2734 1358 imprecetur.

2133 1376 2517 1449 Mysteriorum
2547 1383 2787 1431 auctore.
2824 1374 2943 1429 Hoc
2975 1376 3066 1428 est
3095 1371 3292 1428 divino
3323 1371 3570 1443 Spiritu.

2131 1466 2326 1522 Petitis
2368 1474 2439 1522 et.
2474 1465 2591 1520 Hoc
2640 1464 2863 1519 dictum
2925 1465 3232 1532 sumptum
3282 1465 3371 1516 est
3419 1476 3487 1516 ex
3531 1459 3712 1515 Jacob

2058 1555 2337 1628 Epistola,
2372 1556 2588 1610 docens
2629 1570 2757 1617 nos,
2791 1553 2945 1622 quod
2980 1568 3094 1606 non
3128 1554 3358 1622 Oportet
3403 1565 3507 1620 pro
3555 1549 3712 1604 malo

2057 1645 2254 1716 aliquo
2283 1645 2542 1711 homine,
2575 1647 2676 1698 aut
2704 1642 2934 1714 negotio
2965 1657 3151 1695 orare.

2123 1733 2468 1804 Segredandi
2495 1733 2789 1804 facultates
2840 1730 3105 1787 obtinent.
3157 1729 3239 1784 De
3269 1727 3709 1783 communionis

2055 1823 2381 1896 privatione
2407 1827 2461 1876 et
2491 1821 2859 1892 separatione
2899 1821 2971 1873 ab
3020 1819 3330 1889 episcopo;
3383 1820 3706 1888 potestates

273 1931 420 1986 φησι
449 1910 548 1972 τὰς
579 1907 637 1963 ἐκ
677 1913 812 1964 Θεοῦ
863 1906 1156 1980 δεδομένας
1201 1907 1385 1969 αὐτοῖς
1439 1908 1742 1982 Ῥωστικάς
1797 1904 1943 1961 δοκι-

2091 1912 2211 1966 nim
2241 1911 2382 1967 dicit
2414 1911 2658 1966 donatas
2689 1909 2772 1963 eis
2800 1925 2833 1964 a
2864 1908 2979 1964 Deo
3011 1907 3437 1979 cognoscitivas
3493 1921 3704 1978 appro-

274 1999 482 2069 μασίας
521 1998 610 2053 καὶ
659 1997 884 2069 κρίσεις,
919 1995 992 2052 δι’
1019 1998 1092 2051 ὧν
1140 2000 1182 2034 ⁸⁷
1233 1995 1550 2074 ἀφορίζουσι
1594 1995 1722 2060 τοὺς
1771 1998 1942 2071 ἁμαρ-

265 2088 496 2150 τωλοὺς
529 2088 589 2143 έκ
618 2092 727 2142 τῶν
763 2085 1013 2160 δικαίων,
1044 2086 1078 2156 ἢ
1110 2087 1172 2142 τὸ
1212 2082 1474 2160 ἔμπαλιν.

350 2175 608 2252 Ἀλόγοις
669 2177 892 2252 ὁρμαῖς.
957 2177 1280 2249 Σημείωσαι
1337 2174 1442 2246 ὅτι,
1502 2173 1589 2229 ἐὰν
1643 2176 1788 2251 παρᾶ
1847 2176 1938 2230 τὸν

270 2267 487 2321 σκοπὸν
517 2270 616 2322 τοῦ
647 2270 782 2321 Θεοῦ
812 2265 1047 2344 ἀφορίσῃ
1078 2265 1106 2319 6
1137 2266 1426 2340 ἱεράρχης,
1448 2265 1554 2340 οὐχ
1582 2262 1763 2319 ἕπεται
1796 2264 1944 2335 αὐτῷ

266 2357 337 2411 τὸ
386 2360 536 2420 θεῖον
588 2361 763 2430 κρῖμα
795 2375 807 2388 ·
857 2355 995 2410 κατὰ
1039 2355 1139 2431 γὰρ
1188 2354 1330 2409 θείαν
1374 2355 1546 2429 κρίσιν
1602 2353 1693 2409 καί
1735 2353 1796 2409 οὐ
1856 2352 1944 2409 διὰ

273 2443 510 2518 θέλημα
541 2442 682 2499 ἴδιον
713 2449 885 2500 ταῦτα
907 2444 1115 2524 ὀφείλει
1147 2443 1440 2522 ἐπιφέρειν.

347 2535 425 2590 Τὸ
459 2539 704 2607 Πνεῦμα.
743 2531 1060 2607 Σημείωσαι
1091 2532 1146 2588 τί
1176 2533 1418 2608 παρέσχε
1448 2537 1564 2595 τοῖς
1611 2532 1945 2595 ἀποστόλοις

265 2623 338 2679 τὸ
374 2624 516 2696 μετᾶ
543 2624 643 2691 τὴν
678 2623 964 2678 ἀνάστασιν
993 2622 1178 2684 αὐτοῖς
1209 2620 1361 2686 δοθὲν
1395 2623 1549 2698 ἅγιον
1591 2626 1810 2695 Πνεῦμα
1856 2620 1945 2677 διὰ

265 2717 375 2768 τοῦ
403 2712 621 2790 έμφυσή
633 2733 802 2784 ματος
831 2716 928 2768 τοῦ
959 2710 1179 2786 Κυρίου.

350 2800 831 2875 Ἐλλαμπομένῳ.
861 2804 956 2873 Τῷ
988 2801 1129 2875 ἁγίῳ
1161 2802 1370 2874 Πέτρῳ.

345 2893 448 2954 “Oc:
511 2890 714 2945 ἐκείνου
771 2889 861 2946 καὶ
917 2890 1136 2952 παντός.
1182 2894 1306 2952 Πῶς
1357 2890 1468 2965 χρὴ
1527 2884 1826 2961 λαμϐάνειν
1883 2891 1945 2944 τὸ

267 2985 379 3036 τοῦ
407 2978 754 3056 Εῦαγγελίου
789 2978 976 3056 ῥητόν·
1008 2981 1076 3036 ’Ὀ
1107 2978 1194 3034 ἐὰν
1228 2977 1422 3054 δήσῃς,
1451 2978 1540 3034 καὶ
1571 2980 1637 3034 τὰ
1658 2978 1798 3052 ἑξῆς.

345 3159 461 3215 Καὶ
509 3161 607 3213 τοῦ
654 3157 820 3234 ἱεράν.
854 3158 1018 3235 Ἱερὰν
1073 3157 1353 3235 θεολογίαν
1409 3158 1540 3237 φησὶ
1586 3161 1648 3215 τό
1684 3179 1695 3192 °
1732 3161 1806 3215 Σὺ
1847 3161 1944 3215 εἶὸ

2053 2002 2343 2071 hationes,
2376 2004 2433 2056 et
2460 1998 2850 2055 indicationes
2882 2014 2984 2068 per
3012 2013 3163 2068 quas
3195 2000 3472 2068 separant
3504 2011 3705 2067 pecca-

2050 2095 2208 2147 tores
2239 2107 2272 2146 a
2294 2089 2498 2161 justis,
2528 2088 2617 2144 vel
2652 2091 2873 2143 contra.

2123 2183 2183 2236 In
2215 2179 2589 2235 rationalibus
2614 2177 2872 2233 motibus.
2905 2175 3076 2244 Nota,
3106 2175 3261 2246 quod
3293 2175 3342 2230 si
3372 2180 3579 2246 praeter
3603 2175 3698 2230 Dei

2052 2285 2292 2341 scopum
2323 2272 2588 2324 secernat
2618 2266 2898 2339 pontifex,
2929 2265 3027 2320 Dei
3051 2265 3342 2336 judicium
3395 2281 3528 2320 eum
3581 2282 3696 2320 non

2053 2357 2258 2430 sequi;
2295 2358 2621 2413 secundum
2654 2355 2812 2411 enim
2844 2353 3106 2410 divinum
3143 2353 3463 2424 judicium,
3497 2359 3553 2410 et
3584 2372 3700 2410 non

2055 2452 2292 2520 propter
2320 2446 2675 2502 voluntatem
2710 2443 3008 2516 propriam
3040 2443 3160 2498 haec
3193 2444 3364 2499 debet
3391 2443 3627 2499 inferre.

2122 2535 2730 2609 Spiritus.Nota,quid
2767 2533 3011 2604 praebuit
3040 2532 3321 2603 apostolis
3351 2534 3525 2588 datus
3557 2533 3704 2605 ipsis

2053 2631 2187 2698 post
2234 2625 2720 2681 resurrectionem
2751 2627 2994 2679 sanctus
3025 2621 3278 2694 Spiritus
3309 2639 3410 2694 per
3438 2623 3706 2678 insufﬂa-

2052 2717 2274 2772 tionem
2312 2713 2564 2769 Domini.

2125 2804 2464 2860 Illuminato.
2497 2803 2710 2858 Sancto
2742 2801 2932 2856 Petro.

2131 2896 2214 2966 Ut,
2244 2894 2346 2949 ille
2374 2892 2679 2962 omnisque.
2713 2890 3014 2954 Quomodo
3045 2893 3274 2959 oportet
3329 2888 3591 2961 accipere
3619 2889 3710 2944 di-

2056 2987 2216 3040 ctum
2248 2980 2574 3052 Evangelii:
2601 2980 2764 3048 Quod
2797 2979 2847 3035 si
2879 2979 3178 3050 ligaveris,
3200 2982 3255 3032 et
3285 2995 3412 3050 quae
3444 2994 3708 3050 sequun-

2055 3079 2172 3130 tur.

2128 3165 2202 3218 Et
2230 3169 2479 3218 sanctam
2512 3160 2692 3216 illam.
2727 3160 2964 3216 Sacram
2995 3156 3354 3229 theologiam
3404 3156 3585 3213 dicit:
3637 3159 3712 3212 Tu

269 3248 518 3322 Χριστὸς
565 3248 593 3302 6
643 3247 767 3309 Υἱὸς
815 3251 912 3302 τοῦ
961 3251 1096 3302 Θεοῦ
1144 3252 1238 3302 τοῦ
1273 3253 1512 3317 ζῶντος·
1548 3250 1578 3303 '6
1610 3249 1944 3323 σημειωτέον

2088 3269 2110 3306 s
2142 3250 2390 3306 Christus
2421 3249 2597 3304 Filius
2627 3248 2725 3304 Dei
2753 3246 2868 3303 vivi
2895 3247 2976 3318 (g)
2997 3265 3016 3302 :
3051 3247 3208 3317 quod
3266 3247 3594 3302 notandum
3624 3249 3713 3300 est

267 3338 419 3392 κατά
448 3356 512 3391 τε
567 3335 962 3406 Βασιλειανῶν,
993 3336 1082 3390 καὶ
1129 3340 1531 3413 Νεστοριανῶν,
1565 3338 1653 3393 καὶ
1703 3338 1944 3395 Παυλια-

2088 3343 2265 3396 ποιῆτε.
2295 3338 2644 3406 Basilianos,
2677 3343 2735 3392 et
2764 3337 3163 3406 Nestorianos,
3193 3339 3252 3390 et
3300 3333 3711 3403 Paulianislas,

275 3430 516 3494 νιστῶν,
549 3425 641 3479 καὶ
671 3429 780 3479 τῶν
813 3423 1046 3498 ὁμοίων.

355 3516 555 3576 ’Ὸπως
585 3512 668 3568 ἄν.
697 3515 920 3579 Καθώς.

356 3605 738 3678 Ὶεραρχικῶς.
790 3602 1199 3678 Ἀσφαλέστατα
1264 3602 1353 3659 ἐπὶ
1423 3603 1629 3659 τούτων
1695 3607 1812 3660 εἷπε
1885 3607 1948 3662 τὸ

282 3695 628 3768 ἱεραρχικῶς

367 3784 564 3852 §VIII.
617 3780 983 3856 Θεογενεσίαν,
1036 3781 1143 3856 πρὸ
1210 3786 1328 3841 τοῦ.
1371 3785 1488 3839 Ὅτι
1546 3781 1634 3838 ἐπὶ
1695 3785 1790 3858 μὲν
1839 3789 1947 3840 τῶν

292 3870 715 3946 βαπτιζομένων
768 3871 986 3947 πρῶτόν
1039 3870 1152 3925 ἐστι
1187 3872 1250 3926 τὸ
1299 3873 1448 3948 ἅγιον
1499 3869 1722 3928 ἔλαιονο
1773 3872 1860 3928 ἐπὶ
1893 3872 1951 3929 δὲ

278 3965 390 4015 τῶν
423 3958 850 4032 κεκοιμημένων
882 3958 974 4015 τελ
986 3965 1216 4016 ευταῖον.

361 4049 464 4103 Καὶ
495 4048 621 4104 τότε
650 4050 765 4122 μέν.
799 4049 896 4104 Διὰ
923 4049 975 4104 τί
1004 4051 1038 4118 ἡ
1087 4053 1184 4104 τοῦ
1230 4048 1420 4105 ἐλαίου
1473 4049 1658 4126 χρίσις
1707 4050 1794 4107 ἰπὶ
1840 4057 1950 4108 τῶν

283 4138 740 4214 βαπτιζομένων,
772 4138 863 4193 καὶ
897 4136 986 4194 διὰ
1013 4137 1066 4192 τί
1097 4138 1185 4193 ἐπὶ
1214 4143 1322 4193 τῶν
1346 4140 1778 4213 κεκοιμημένων.

355 4233 385 4296 §
450 4233 542 4286 IX.
599 4229 748 4283 Μετὰ
799 4226 901 4283 τοῦ
971 4226 1250 4306 σφετέρου.
1308 4231 1426 4283 Ὅτι
1487 4227 1715 4300 ὲκᾶστης
1769 4233 1955 4306 ψυχῆς

283 4316 434 4372 ἴδιον
487 4319 649 4390 σῶμα
701 4318 958 4393 ὑπάρχει,
1013 4319 1131 4390 μεθ’
1179 4318 1240 4372 οὗ
1279 4318 1368 4372 καὶ
1417 4320 1513 4381 τὰς
1565 4317 1952 4383 ἀνταποδόσεις

280 4409 584 4480 κομίζεται
619 4426 632 4438 ·
669 4404 754 4461 διὸ
787 4407 872 4462 καὶ
905 4405 1130 4484 ἑκάτερα
1160 4407 1381 4482 μετέχει
1410 4413 1516 4463 τῶν
1555 4411 1902 4486 ἁγιασμάτων
1937 4415 1950 4427 ⁸

283 4497 432 4553 κατὰ
462 4501 646 4550 κοινοῦ
678 4493 736 4551 δὲ
765 4497 825 4551 τὸ
857 4497 1060 4573 ἀμφοῖν
1095 4495 1369 4572 δωρεῖται.

364 4586 675 4660 Θεαρχικὰς
761 4585 1064 4648 κοινωνίας.
1141 4584 1270 4640 Θεία
1353 4586 1672 4660 θεσμοθεσία
1755 4585 1955 4660 δηλον-

285 4674 402 4732 ότι.

365 4762 469 4818 Τὸν
532 4761 663 4819 ὅλον
726 4764 1034 4839 ἄνθρωπον.
1065 4763 1386 4836 Σημείωσαι
1434 4765 1516 4818 ὅτι
1572 4764 1700 4820 ὅλον
1744 4768 1953 4843 ἂνθρω-

289 4874 402 4908 πον
435 4850 598 4908 καλεῖ
624 4853 714 4908 τὸν
751 4851 812 4907 ἐκ
844 4858 942 4922 τῆς
972 4856 1162 4928 νοερᾶς
1211 4855 1396 4929 ψυχῆς
1439 4855 1528 4909 καὶ
1578 4855 1853 4928 σώματος,
1886 4859 1959 4919 ὡς

293 4939 475 5012 δηλοῖ
525 4942 590 4996 τὸ
646 4941 699 4996 έν
751 4943 963 5016 καθαρᾷ
1007 4941 1206 5017 θεωρίᾳ
1245 4942 1335 4996 καὶ
1367 4941 1645 5019 ἐπιστήμῃ
1683 4964 1693 4976 ·
1727 4946 1819 5000 καὶ
1878 4945 1960 5000 ὅτι

293 5030 507 5101 ὁλικήν
537 5052 668 5108 φησι
702 5030 973 5107 σωτηρίαν
1005 5037 1107 5100 τῆς
1135 5034 1321 5106 ψυχῆς
1375 5033 1470 5087 καὶ
1523 5037 1620 5088 τοῦ
1659 5033 1912 5107 σώματος
1945 5054 1958 5067 ⁸

2057 3433 2115 3484 et
2143 3427 2390 3483 similes.

2127 3517 2314 3578 Ὃπως
2344 3512 2426 3569 ἄν.
2460 3517 2781 3581 Quatenus.

2130 3605 2496 3664 Hierarchice.
2530 3603 2918 3661 Securissime
2947 3602 3007 3658 in
3047 3601 3142 3658 his
3181 3601 3330 3657 dixit
3360 3600 3713 3676 ἱεραρχικῶς.

2132 3787 2160 3861 ἕ
2201 3785 2352 3843 VIII.
2402 3785 2464 3840 In
2510 3784 2697 3856 prima
2744 3783 2848 3838 illa
2893 3781 3326 3854 regeneratione.
3359 3779 3521 3845 Quod
3552 3779 3612 3836 in
3642 3779 3717 3835 iis

2061 3876 2163 3948 qui
2193 3874 2588 3947 baptizantur,
2621 3873 2877 3945 primum
2927 3872 3005 3926 sit
3054 3873 3325 3926 sanctum
3367 3868 3600 3937 oleum;
3654 3868 3716 3923 in

2062 3965 2312 4023 mortuis
2344 3968 2563 4030 autem,
2593 3967 2984 4035 postremum.

2135 4058 2196 4111 Et
2218 4051 2341 4110 tum
2369 4052 2612 4124 quidem.
2648 4052 2891 4123 Propter
2911 4048 3051 4120 quid
3077 4047 3274 4102 unctio
3297 4046 3408 4102 olei
3431 4046 3492 4102 in
3524 4046 3596 4103 iis
3616 4046 3718 4119 qui

2063 4143 2461 4217 baptizantur,
2494 4145 2551 4198 et
2580 4146 2820 4212 propter
2847 4139 2989 4210 quid
3023 4138 3079 4192 in
3115 4137 3384 4192 mortuis.

2135 4236 2162 4302 §
2191 4234 2278 4289 IX.
2315 4233 2458 4288 Cum
2485 4229 2619 4286 suis.
2647 4229 2809 4294 Quod
2843 4227 3316 4297 uniuscujusque
3354 4225 3452 4280 ΘΙ
3509 4220 3718 4278 animai

2064 4322 2368 4395 proprium
2394 4320 2467 4376 sit
2488 4335 2721 4390 corpus,
2746 4333 2880 4372 cum
2906 4332 3022 4386 quo
3041 4319 3098 4370 et
3121 4314 3542 4370 retributiones
3573 4313 3680 4367 fert
3705 4330 3720 4379 ;

2065 4413 2312 4482 ideoque
2340 4413 2588 4480 utraque
2628 4405 2983 4478 participant
3013 4405 3082 4460 de
3113 4401 3681 4459 sanctiﬁcationibus
3708 4418 3725 4471 ;

2067 4498 2540 4556 subaudiendum
2570 4511 2707 4551 vero
2737 4493 2884 4550 illud
2909 4511 2920 4548 :
2955 4493 3205 4562 utrisque
3232 4491 3496 4546 donatur.

2135 4589 2366 4646 Divinas
2395 4583 2933 4643 communicationes.
2967 4581 3236 4638 Divinum
3269 4578 3492 4636 scilicet
3521 4578 3723 4634 decre-

1988 4697 2035 4760 D
2065 4685 2216 4737 tum.

2141 4771 2327 4825 Totum
2351 4764 2652 4821 hominem.
2683 4763 2832 4818 Nota
2861 4761 3016 4832 quod
3049 4763 3238 4816 totum
3286 4758 3588 4814 hominem
3619 4772 3720 4810 vo-

2071 4862 2161 4914 cet
2188 4873 2323 4913 eum
2357 4853 2456 4926 qui
2488 4855 2719 4910 constat
2748 4868 2816 4907 ex
2846 4848 3209 4922 intelligente
3256 4846 3476 4910 animo,
3505 4849 3562 4900 et
3591 4860 3721 4899 cor-

2071 4963 2244 5019 pore;
2278 4950 2342 5000 ut
2372 4942 2628 4998 declarat
2656 4940 2826 5006 illud,
2876 4939 2936 4993 in
2984 4954 3127 5010 pura
3171 4933 3628 5007 contemplatione
3673 4937 3726 4990 et

2071 5034 2349 5097 scientia;
2376 5036 2433 5090 et
2464 5032 2617 5104 quod
2649 5029 2888 5086 totalem
2926 5026 3069 5083 dicit
3110 5024 3370 5094 salutem,
3403 5021 3614 5079 animae
3669 5025 3728 5078 et

296 5118 396 5176 διὰ
419 5124 588 5175 τοῦτο
621 5118 678 5175 δὲ
706 5124 875 5175 ταῦτα
929 5117 1012 5176 δεῖ
1059 5121 1491 5194 σημειώσασθαι,
1518 5120 1629 5190 ⁸ίνα,
1663 5125 1788 5178 ὅταν
1841 5122 1944 5198 εἰει-η

2088 5124 2354 5196 :orporis.
2389 5123 2632 5192 Propter
2661 5119 2781 5174 haec
2829 5121 3026 5173 autem
3077 5115 3186 5171 hoc
3242 5113 3558 5170 notandum
3611 5115 3725 5181 est,

289 5207 350 5264 ἐν
404 5209 611 5284 ἑτέροις
656 5207 872 5285 λόγοις,
918 5206 1122 5272 ὀλικῶς
1189 5208 1519 5280 οὐσιωθῆναι
1585 5213 1676 5268 τὸν
1735 5212 1962 5288 ὑπερθύ-

375 5442 448 5515 (f)
479 5442 688 5500 Matth.
721 5459 841 5516 XVI,
874 5443 958 5500 19.
1040 5443 1116 5516 (9)
1150 5442 1300 5500 Ibid.
1336 5444 1423 5500 16.

2077 5218 2144 5271 ut
2158 5213 2394 5286 quando
2408 5209 2619 5267 dixerit
2633 5209 2692 5264 in
2707 5206 2838 5263 aliis
2852 5205 3258 5262 sermonibus:
3290 5201 3538 5261 totaliter
3547 5216 3728 5259 essen-

1326 5669 1564 5728 VARIB
1602 5671 1998 5730 LEGTIONES
2035 5671 2124 5728 ET
2163 5666 2722 5729 CORRECTIONES.

382 5778 430 5815 ⁴⁷
462 5776 554 5855 ἀφ’
586 5775 687 5832 ὧν.
