4034 6400
371 412 475 468 183

1193 416 1561 471 APPENDIX
1598 417 1697 470 AD
1733 414 1976 469 OPERA
2011 414 2070 466 Β.
2111 411 2432 467 DIONYSII
2470 413 2969 470 ABEOPAGITE.
3681 427 3775 486 184

373 540 516 597 tiam
573 541 843 614 accepisse
896 542 1416 614 superesuntiatem
1483 545 1669 600 Iesum
1726 542 2068 609 secundumJ

2167 557 2255 592 nov
2286 537 2494 609 Ἰησοῦν
2527 540 2645 594 καθ’
2675 541 2844 613 ἡμᾶς,
2877 541 3081 616 νοήσῃς
3126 541 3186 597 ἐκ
3231 544 3418 619 ψυχῆς
3464 555 3649 626 νοερᾶς
3697 555 3776 611 καὶ

373 647 501 686 nos:
537 630 831 703 intelligas
861 648 930 687 ex
960 631 1158 688 animo
1207 637 1265 689 et
1311 649 1554 704 corpore
1593 631 2034 688 inhumanatio-

375 737 532 776 nem.

446 812 575 878 §X.
639 810 1103 870 Consecratoria:
1160 811 1552 880 invocationes,
1581 813 1678 870 Gr.
1726 806 2038 871 τελεστικὰς

375 895 718 969 ἔπικλήσεις.
747 901 898 957 Dicit
943 899 1255 956 τιλεστικὰς
1305 898 1620 972 ἐπικλήσεις
1671 902 2034 974 precationes

375 988 436 1044 in
467 989 858 1045 ordinatione.
909 991 1054 1046 Nota
1102 1006 1256 1058 vero,
1304 1006 1484 1060 quare
1518 990 1622 1047 bas
1652 989 1770 1047 sive
1799 991 2036 1046 sanctas

375 1077 773 1134 invocationes
803 1082 860 1135 et
883 1079 1252 1151 operationes
1283 1081 1554 1135 tacuerit.

450 1171 478 1236 §
506 1168 596 1223 XI.
629 1169 856 1240 Eﬂerre,
889 1169 985 1224 Gr.
1017 1165 1242 1242 ἐξάγειν.
1276 1168 1603 1225 Publicare.

450 1258 692 1328 Infantes
716 1257 968 1316 necdum.
993 1259 1141 1315 Nota
1176 1259 1318 1331 quid
1351 1259 1508 1314 dicat
1539 1259 1707 1314 Pater
1735 1259 1806 1314 de
1836 1257 2034 1331 pueris

379 1348 768 1420 baptizandis.
799 1350 930 1406 Haec
959 1355 1159 1406 autem
1189 1355 1255 1405 ut
1285 1349 1670 1423 interroganti
1701 1353 1904 1406 sancto
1937 1348 2033 1404 Ti-

379 1437 617 1494 motheo
675 1439 932 1511 scripsit,
983 1443 1046 1495 ut
1091 1439 1470 1495 manifestum
1519 1440 1598 1496 sit
1647 1440 1802 1512 quod
1851 1438 2032 1494 etiam

380 1526 594 1598 priora,
625 1531 684 1583 et
712 1528 858 1584 alios
887 1527 1071 1586 libros
1101 1530 1173 1584 ad
1207 1529 1638 1601 interrogantes
1667 1529 1994 1600 scripserit.

446 1709 649 1762 Sacras
677 1704 1027 1762 traditiones.
1050 1707 1215 1770 Quod
1235 1710 1292 1762 et
1316 1710 1443 1762 tum
1476 1706 1694 1763 fuerint
1723 1707 2034 1764 irridentes

380 1794 633 1867 mystica
653 1800 876 1866 nostra,
892 1799 956 1850 ut
985 1795 1164 1851 etiam
1191 1798 1348 1866 quod
1381 1796 1636 1852 infantes
1666 1795 2035 1868 baptizaren-

379 1888 496 1955 tur,
530 1884 748 1955 quibus
779 1883 941 1956 loqui
975 1901 1093 1939 non
1122 1883 1477 1953 valentibus,
1514 1886 1824 1940 offerentes
1854 1885 2032 1956 ipsos,

379 1974 803 2029 abrenuntiant
832 1990 934 2046 pro
968 1973 1137 2044 ipsis,
1169 1978 1226 2028 et
1257 1974 1318 2028 in
1367 1974 1636 2031 ordinem
1685 1978 2036 2045 cooptantur

378 2062 712 2134 [symbols].
749 2063 826 2118 De
856 2078 975 2134 qua
1005 2061 1278 2118 irrisione
1309 2066 1542 2134 purgat,
1575 2079 1898 2134 apponens,
1920 2079 2034 2119 non

374 2149 566 2208 omnia
595 2150 848 2207 omnibus
884 2158 1034 2208 nota.
1070 2150 1220 2208 Nota
1269 2155 1468 2207 autem
1516 2152 1809 2222 quomodo
1855 2151 2032 2209 etiam

376 2240 572 2313 angeli
600 2240 786 2297 multa
815 2240 1109 2313 ignorent.

448 2331 585 2399 Quae
631 2332 1056 2402 cognoscuntur,
1107 2329 1204 2384 Gr.
1250 2325 1561 2399 ἐπιστητάς.
1595 2329 1892 2403 Cognitas,
1925 2347 2030 2388 seu

375 2436 506 2492 qua:
537 2423 996 2492 cognoscuntur.

445 2508 620 2564 Aiunt
648 2507 799 2564 enim
829 2508 992 2579 quod.
1021 2508 1168 2564 Nota
1190 2508 1482 2580 quomodo
1503 2508 1726 2581 accepit
1746 2525 1815 2564 ex
1835 2508 1909 2564 iis
1927 2508 2029 2581 qui

373 2601 798 2670 pracesserunt
823 2597 1042 2668 ipsum,
1067 2598 1136 2652 de
1165 2597 1384 2668 pueris.

444 2685 916 2757 Institutionibus,
950 2686 1048 2742 Gr.
1081 2685 1477 2759 καθηγεμόσιν.
1508 2687 1689 2741 Duces
1729 2685 2027 2759 apostolos

372 2776 534 2833 dicit.

445 2871 591 2922 Bono
620 2864 834 2921 divina.
859 2868 1010 2920 Nota
1031 2864 1125 2920 cui
1150 2865 1419 2920 tradatur
1441 2881 1586 2936 puer
1603 2883 1637 2922 a
1658 2866 2024 2938 parentibus,

368 2955 601 3028 quando
630 2954 964 3026 baptizatus
1008 2955 1204 3022 fuerit,
1236 2954 1520 3009 nimirum
1551 2954 1902 3026 susceptori,
1929 2958 2028 3026 qui

369 3045 568 3101 divina
597 3043 893 3112 didicerit,
923 3045 996 3099 ad
1028 3060 1258 3100 sacram
1289 3043 1764 3100 instructionem.

440 3135 663 3191 Ducem.
713 3132 864 3189 Nota
930 3132 1085 3204 quod
1144 3136 1201 3188 et
1257 3148 1604 3205 sponsorem
1675 3131 2024 3204 magistrum

367 3226 554 3280 vocet.

441 3311 828 3391 Exsistcntem.
863 3309 1051 3368 Vitam
1081 3309 1325 3368 scilicet.

2144 628 2399 700 σώματος
2424 628 2524 698 τὴν
2558 627 2988 706 ἐνανθρώπησιν.

2213 810 2240 876 §
2271 812 2337 866 X.
2367 805 2694 872 Τελεστικὰς
2747 806 3080 881 ἐπικλήσεις.
3110 808 3430 876 Τελεστικὰς
3483 815 3783 890 ἐπικλήσεις

2143 895 2275 969 φησὶ
2304 897 2400 958 τὰς
2430 895 2518 951 ἐπὶ
2544 899 2642 970 τῆς
2675 897 3020 974 χειροτονίας
3052 898 3236 975 εὐχάς.
3271 902 3588 975 Σημείωσαι
3619 907 3674 962 δὲ
3701 907 3783 966 διὰ

2138 983 2192 1039 τί
2224 984 2441 1057 ταύτας,
2469 984 2594 1057 ἤτοι
2626 987 2720 1051 τὰς
2749 987 2902 1064 ἁγίας
2935 987 3254 1060 ἐπικλήσεις
3280 989 3370 1047 καὶ
3401 992 3497 1058 τὰς
3533 991 3782 1072 ἐνεργείας

2140 1073 2466 1145 ἐσιώπησεν.

2211 1165 2473 1241 Ἑξάγειν.
2508 1174 2582 1237 Δη
2594 1167 2887 1240 μοσιεύειν.

2215 1257 2242 1324 §
2273 1255 2368 1314 XI.
2398 1253 2602 1318 Παῖδας
2659 1254 2834 1314 οὔπω.
2871 1255 3191 1330 Σημείωσαι
3246 1257 3300 1314 τί
3357 1280 3521 1337 φησιν
3551 1263 3578 1317 ὁ
3607 1266 3780 1340 Πατὴρ

2141 1344 2266 1420 πιρὶ
2296 1348 2392 1398 τοῦ
2419 1345 2486 1399 τὰ
2521 1346 2694 1422 βρέφη
2733 1347 3106 1422 βαπτίζεσθαι.
3146 1351 3323 1403 Ταῦτα
3353 1345 3410 1404 δὲ
3453 1349 3527 1413 ὠς
3584 1350 3782 1427 ἐρωτή-

2142 1453 2288 1487 σαντι
2319 1437 2402 1506 τῷ
2433 1434 2571 1509 ἁγίῳ
2609 1436 2860 1508 Τιμοθέῳ
2897 1433 3150 1510 ἔγραψεν,
3190 1437 3264 1499 ὡς
3296 1437 3431 1492 εἶναι
3481 1435 3668 1510 δῆλον,
3706 1442 3780 1496 ὅτι

2141 1521 2230 1576 καὶ
2261 1522 2328 1576 τὰ
2356 1523 2592 1599 πρότερα
2622 1524 2712 1580 καὶ
2742 1524 2872 1588 τοὺς
2907 1524 3115 1590 ἄλλους
3146 1525 3345 1603 λόγους
3377 1527 3515 1603 πρὸς
3547 1527 3782 1601 ἐρωτῶν-

2140 1631 2236 1674 τας
2268 1608 2483 1690 ἔγραφε.

2213 1702 2319 1763 Τὰς
2372 1701 2520 1777 ἱερὰς
2570 1701 2919 1778 παραδόσεις.
2978 1706 3101 1763 ’Ότι
3174 1705 3266 1760 καὶ
3353 1704 3476 1760 τότε
3547 1707 3677 1776 ἦσαν
3734 1709 3780 1762 οἱ

2143 1791 2487 1854 σκώπτοντες
2519 1793 2586 1846 τὰ
2619 1795 2854 1865 μυστικᾶ
2909 1795 3096 1866 ἡμῶν,
3129 1795 3204 1855 ὡς
3249 1793 3339 1848 καὶ
3398 1793 3466 1848 τὰ
3509 1794 3631 1870 περὶ
3681 1801 3777 1850 τῶν

2147 1881 2559 1954 βαπτιζομένων
2591 1879 2822 1955 παίδων,
2857 1883 2928 1938 ὧν
2963 1886 3038 1956 μὴ
3091 1880 3405 1956 δυναμένων
3449 1881 3700 1955 λαλῆσαι,
3731 1885 3779 1937 οἱ

2141 1971 2540 2046 προσφέροντες
2608 1970 2805 2034 αὐτοὺς
2855 1973 2898 2009 ⁴⁸
2947 1971 3344 2028 ἀποτάσσονται
3406 1973 3538 2047 ὑπὲρ
3593 1973 3775 2039 αὐτῶν,

2141 2059 2227 2112 καὶ
2259 2057 2634 2114 σοντάσσονται
2667 2060 2754 2131 [τὰ
2783 2055 3056 2134 σύμϐολα]
3096 2080 3108 2093 ·
3141 2059 3266 2138 περὶ
3308 2064 3408 2116 τοῦ
3466 2058 3777 2133 σκώμματος

2142 2144 2516 2224 ἀπολογεῖται,
2549 2150 2884 2224 προστιθεὶς,
2919 2151 3001 2206 δτι
3042 2148 3104 2205 οὗ
3163 2149 3339 2205 πάντα
3389 2155 3522 2204 πᾶσι
3566 2147 3776 2224 γνωστὰ.

2142 2243 2220 2308 Ση
2234 2237 2460 2311 μείωσαι
2493 2236 2550 2293 δὲ
2581 2238 2655 2301 ὡς
2685 2239 2775 2294 καὶ
2808 2241 2860 2295 οἱ
2909 2241 3136 2315 ἄγγελοι
3185 2238 3378 2296 πολλᾶ
3423 2240 3694 2314 ἀγνοοῦσιν
3721 2239 3776 2292 ⁸⁸.

2210 2328 2568 2398 Ἐπιστητάς.
2611 2329 2962 2400 Ἐπιστητὰς,
2993 2325 3118 2398 ἤτοι
3147 2329 3580 2405 γινωσκομένας.

2212 2505 2350 2560 Φασῖ
2382 2505 2482 2582 γὰρ
2514 2506 2669 2580 ὅπερ.
2705 2508 3023 2582 Σημείωσαι
3058 2512 3174 2571 πῶς
3219 2502 3527 2583 παρέλαϐεν
3577 2504 3634 2562 ἐκ
3677 2507 3771 2559 τῶν

2137 2596 2244 2671 πρὸ
2271 2594 2436 2650 αὐτοῦ
2466 2597 2588 2670 περὶ
2618 2601 2723 2651 τῶν
2756 2595 2985 2653 παίδων.

2211 2686 2610 2759 Καθηγεμόσιν.
2661 2687 3051 2761 Καθηγεμὸνας
3099 2685 3227 2750 τοὺς
3286 2683 3627 2745 ἀποστόλους
3681 2701 3772 2758 φη-

2138 2795 2241 2832 σιν.

2205 2865 2422 2940 Ἀγαθῷ
2479 2865 2545 2919 τὰ
2601 2870 2738 2929 θεῖα.
2802 2865 3120 2939 Σημείωσαι
3190 2867 3299 2921 τίνι
3367 2858 3772 2940 παραδίδοταιὸ

2136 2957 2262 3015 παῖς
2295 2953 2399 3008 ὑπὸ
2446 2959 2553 3009 τῶν
2614 2955 2845 3029 γονέων,
2877 2954 3001 3010 ὅταν
3067 2957 3371 3032 βαπτισθῇ,
3404 2954 3487 3011 ὅτι
3541 2946 3773 3023 ἆναδόχῳ

2139 3042 2478 3116 μεμυημένῳ
2505 3043 2574 3098 τὰ
2601 3045 2716 3098 θεῖα
2744 3043 2881 3120 πρὸς
2913 3044 3196 3122 ἀναγωγὴν
3225 3046 3406 3120 ἱεράν.

2208 3132 2583 3206 Καθηγεμόνα.
2617 3133 2943 3207 Σημοίωσαι
2975 3134 3059 3189 ὅτι
3106 3136 3195 3190 καὶ
3240 3135 3334 3190 τὸν
3393 3129 3650 3207 ἀνάδοχον
3691 3144 3770 3180 κα·

2137 3222 2423 3298 Θηγεμόνα
2453 3220 2632 3279 καλεῖ.

2057 3300 2104 3365 C
2214 3311 2568 3387 Γιγνομένην.
2595 3314 2709 3383 Τὴν
2746 3313 2891 3383 ζωήν
2925 3311 3209 3385 δηλονότι.

1829 3483 2014 3542 Finis.
2045 3485 2191 3542 Laus
2217 3485 2324 3543 Deo

1308 3669 1571 3732 νΑΡιΙλΕ
1612 3670 2041 3734 LECTIONES
2085 3673 2187 3734 ET
2231 3673 2847 3738 CORRECTIONES.

429 3814 472 3850 *⁸
502 3809 656 3868 αὑτά.
735 3812 780 3849 ⁸⁸
811 3808 895 3866 ὅτι
925 3811 1061 3885 ἡμῖν
1093 3811 1311 3872 πάντως
1345 3808 1407 3864 οὗ
1439 3806 1614 3865 πάντα
1643 3811 1879 3886 γνωστδί.
