4034 6386
263 413 370 468 185

1033 417 1092 470 S.
1131 416 1405 471 MAXIMI
1442 413 1749 470 SCHOLIA
1785 415 1860 468 IN
1898 415 2034 469 LIB.
2073 417 2171 470 DE
2207 414 2486 469 DIVINIS
2521 412 2940 468 NOMINIBUS.

3596 405 3700 461 186

726 695 1202 889 ΤΟΥ
1325 695 2044 870 ΑΓΙΟΥ
2172 692 3266 867 ΜΑΞΙΜΟΥ

1658 984 2322 1117 ΣΧΟΛΙΑ

915 1238 1112 1332 ΕΙΣ
1197 1236 1361 1334 ΤΟ
1443 1237 1746 1333 ΠΕΡΙ
1823 1236 2221 1334 ΘΕΙΩΝ
2304 1234 3056 1335 ΟΝΟΜΑΤΩΝ.

661 1571 1813 1739 EJUSDEM
1949 1446 2166 1737 —S.
2364 1571 3304 1737 MAXIMI

849 1847 985 1943 IN
1051 1847 1554 1944 LIBRUM
1618 1847 1782 1942 DE
1852 1846 2336 1942 DIVINIS
2401 1845 3120 1942 NOMINIBUS

1563 2050 2407 2176 SGHOLIA

1187 2266 1376 2327 Petro
1420 2263 1741 2327 Lansselio
1784 2283 1818 2326 e
1859 2264 2173 2327 Societate
2214 2266 2360 2329 Jesu
2403 2265 2770 2347 interprete.

327 2574 356 2641 §
389 2574 433 2628 Ι.
468 2569 895 2647 ’Δρεοπαγίτου.
942 2572 1066 2628 ’Ότι
1097 2569 1163 2625 τὰ
1206 2567 1558 2646 γνωρίσματα
1607 2567 1741 2644 ἅπερ
1773 2567 1921 2645 εἶχον
1952 2627 1960 2643 ,

2108 2571 2210 2628 92
2241 2573 2268 2641 §
2299 2575 2340 2630 Ι.
2373 2572 2742 2645 Areopagitae.
2777 2574 2934 2639 Quos
2981 2570 3120 2628 olim
3152 2569 3341 2627 sancti
3380 2585 3514 2624 cum
3546 2583 3686 2640 gen-

250 2657 539 2730 Ἐλληνες
586 2657 664 2716 ἔτι
709 2655 860 2722 ὄντες
903 2660 956 2714 οἱ
999 2657 1170 2714 πάλαι
1221 2659 1386 2735 ἅγιοι,
1421 2659 1511 2713 καὶ
1549 2658 1683 2732 μετὰ
1709 2659 1772 2712 τὸ
1803 2656 1920 2711 ἐπι-

251 2748 489 2823 στρέψαι
521 2750 660 2826 πρὸς
708 2749 940 2826 Χριστὸν
994 2746 1421 2824 ἆνερυθριάστως
1461 2746 1764 2825 ἐπὲγραφον
1799 2746 1918 2800 εαυ-

249 2842 393 2899 τοῖς·
437 2835 564 2892 ἲδοὺ
613 2838 719 2914 γὰρ
765 2837 1156 2914 Ἀρεοπαγίτην
1206 2836 1554 2910 ἃπωνόμασεν
1606 2836 1813 2908 ἑαυτὸν,
1846 2836 1920 2897 ὡς

248 2927 340 2980 καὶ
398 2928 428 2982 ὁ
480 2928 628 2989 θεῖος
670 2928 967 2990 Ἰουστῖνος
1017 2926 1070 2982 ἂν
1115 2931 1196 2999 τῷ
1237 2927 1376 3000 Πρὸς
1425 2925 1704 2998 ’Έλληνας
1750 2924 1920 2999 λόγῳ,

249 3015 560 3072 Ἰουστίνου
591 3014 920 3095 φιλοσόφου.

323 3187 836 3271 Συμπρεσϐυτὲρῳ.
891 3195 1016 3253 Ὅτι
1065 3195 1127 3250 τὸ
1178 3197 1275 3249 τοῦ
1333 3189 1703 3270 πρεσϐυτέρου
1748 3189 1923 3267 ὄνομα

246 3283 467 3338 καὶτὸν
503 3281 801 3339 ίπίσκοπον
850 3281 1037 3355 δηλοῖ’
1072 3283 1365 3342 ἐπίσκοπος
1410 3280 1467 3338 δὲ
1503 3284 1594 3338 καὶ
1625 3284 1654 3337 ὁ
1682 3278 1922 3358 πρεσϐύ-

248 3391 430 3446 τερος·
465 3373 561 3427 καὶ
590 3376 758 3429 τοῦτο
790 3371 1056 3444 δηλοῦται
1107 3371 1162 3428 ἐν
1192 3377 1310 3435 ταῖς
1344 3372 1572 3448 Πράξεσι
1610 3376 1718 3428 τῶν
1751 3373 1921 3448 ἁγίων

249 3459 616 3532 ἀποστόλων,
664 3461 787 3528 ἔνθα
835 3461 889 3518 ἒν
939 3461 1097 3535 Ἀσίᾳ
1143 3462 1492 3517 συντάσσεται
1553 3465 1674 3523 ταῖς
1725 3458 1922 3532 ἐκκλη-

249 3549 397 3613 σίαις
425 3550 601 3622 αότῆς
634 3552 662 3608 ὁ
690 3550 934 3615 Παῦλος.

757 3643 872 3700 ΕΙΣ
911 3643 1004 3700 ΤΟ
1040 3644 1309 3700 ΚΕΦΑΛ.
1350 3641 1428 3696 Λ’.

333 3729 664 3808 Θεολογικάς
700 3774 712 3786 .
788 3731 1106 3804 Σημείωσαι
1181 3730 1265 3785 ὅτι
1345 3729 1501 3805 ὶτέρα
1573 3728 1920 3805 πραγματεία

263 3819 560 3893 πεπόνηται
588 3825 670 3893 τῷ
719 3820 888 3898 Ηατρὶ
921 3821 1088 3876 οἱονεὶ
1119 3820 1507 3896 προεισαγωγή
1547 3840 1632 3882 τις
1654 3820 1743 3873 καὶ
1778 3838 1918 3892 προ-

256 3911 456 3986 θεωρία
485 3912 532 3947 ⁸ο
560 3907 931 3986 στοιχειώδης
952 3914 1059 3966 τῶν
1108 3912 1230 3983 περὶ
1285 3913 1419 3966 Θεοῦ
1447 3908 1500 3964 ἐν
1539 3914 1659 3971 ταῖς
1686 3913 1918 3986 γραφαῖς
1951 3953 1994 4021 Β

377 3997 466 4021 κη.
579 3999 641 4021 εκ
750 4000 761 4021 ι
893 3996 1030 4021 ,πί
1099 3998 1114 4021 ν
1173 3998 1186 4019 ρ
1438 4002 1468 4021 τ
1531 4000 1624 4021 τη

249 3997 538 4076 σποράδην
569 3999 908 4074 εἷ’ρημὲνωνο
936 3996 1064 4070 ἤτοι
1097 3998 1389 4074 ὲπίμνησις
1429 4002 1495 4068 ἦν
1527 4000 1749 4069 ἧστινος
1781 3999 1918 4054 κατᾶ

244 4088 584 4155 ἀκολουθίαν
615 4091 649 4161 ἠ
681 4085 932 4166 παροῦσα
962 4089 1110 4162 αὐτῷ
1138 4088 1620 4166 πεπραγμάτευται
1652 4091 1718 4146 ⁸¹.

319 4268 438 4326 Οὐκ
487 4268 541 4325 ἐν
593 4271 822 4333 πειθοῖς.
865 4271 930 4326 Ἡ
982 4269 1296 4347 ἀνθρωπίνη
1351 4269 1513 4333 σοφία
1564 4267 1624 4325 ἐκ
1668 4271 1778 4324 τῶν
1828 4267 1914 4322 αἷ-

245 4364 477 4432 σθητῶν
531 4360 628 4422 τὰς
675 4360 1046 4432 πιθανότητας
1088 4363 1196 4415 τῶν
1225 4357 1552 4430 ἀποδείξεων
1595 4357 1913 4432 ἐρανίζεται’

245 4451 284 4518 ἡ
321 4449 433 4525 γὰρ
475 4447 693 4526 μεγάλη
726 4453 834 4504 τῶν
886 4446 1276 4526 συλλογισμῶν
1319 4449 1522 4524 ἀνάγκη
1573 4455 1673 4518 τῆς
1703 4467 1917 4524 γεωμε-

241 4539 412 4613 τρίας
463 4539 563 4601 τὰς
612 4538 866 4618 ἀφορμὰς
909 4533 1351 4616 παραλαμϐάνει·
1403 4537 1491 4593 ἐπὶ
1540 4535 1598 4592 δὶ
1637 4542 1747 4593 τῶν
1780 4536 1916 4591 ἀσω-

249 4629 470 4702 μάτων,
509 4627 722 4701 μᾶλλον
757 4625 815 4682 δὲ
856 4629 949 4683 καὶ
1001 4625 1462 4700 ὁπερασωμάτων,
1493 4626 1582 4681 καὶ
1636 4626 1767 4701 ὑπὲρ
1813 4630 1920 4680 πᾶ-

245 4739 345 4773 σαν
381 4716 594 4789 οὐσίαν,
624 4722 743 4780 πῶς
777 4714 838 4772 ἄν
883 4737 969 4780 τις
1001 4715 1240 4792 λογικῶς
1291 4714 1625 4788 ἐπιστήσειεν
1675 4715 1917 4792 άνερμη-

245 4807 480 4878 νεότως,
514 4806 563 4862 εἶ
594 4809 670 4880 μή
728 4805 892 4881 μόλις
942 4810 1022 4879 τῷ
1068 4805 1352 4882 ἀκροτάτῳ
1382 4803 1527 4861 ἄνθει
1563 4808 1662 4860 τοῦ
1691 4809 1787 4860 νοῦ
1815 4805 1916 4874 τὴν

243 4897 378 4972 περὶ
411 4900 549 4953 Θεοῦ
599 4895 898 4973 ἀγνωσίαν,
931 4894 961 4951 ὅ
989 4917 1040 4950 τι
1070 4896 1205 4951 ποτά
1248 4893 1360 4950 ἐστι
1406 4891 1495 4950 διὰ
1538 4901 1640 4966 τῆς
1686 4892 1916 4969 εἰλικρι-

243 4991 381 5050 νοῦς
415 4980 712 5058 εὐσεϐείας,
744 4983 1044 5059 ἆλαλήτως
1081 4990 1321 5042 συννοεῖν
1355 4982 1674 5058 δυνάμενος.

323 5167 619 5239 Ἐννοῆσαί
673 5189 725 5222 τι
784 5165 909 5244 περὶ
977 5172 1077 5237 τῆς
1133 5164 1462 5240 ὑπερουσίου
1495 5210 1508 5223 .
1571 5165 1917 5241 Ὑπερούσιος

241 5262 277 5316 ὁ
338 5258 500 5330 Θεδς,
555 5258 632 5320 ὡς
690 5256 824 5333 ὁπὶρ
882 5261 1055 5312 πᾶσαν
1115 5255 1301 5312 οὐσίαν
1357 5255 1749 5333 θεωρούμενος,
1808 5254 1916 5311 εἷ’τε

237 5349 481 5424 νοητὴν,
514 5346 623 5404 εἷ’τε
645 5345 858 5425 νοερὰν,
890 5344 1090 5419 πολλῷ
1121 5343 1179 5402 δὲ
1212 5344 1427 5420 μᾶλλον
1453 5344 1743 5417 micon-risv.

312 5527 836 5604 Ὑπεροοσιότητος.
893 5521 960 5583 El
1028 5522 1187 5582 οόσία
1244 5520 1462 5600 λιγεται
1520 5526 1668 5601 παρὰ
1722 5527 1786 5582 τὸ
1846 5528 1912 5584 εῒο

2029 2660 2164 2717 tiles
2177 2662 2369 2717 adhuc
2383 2661 2875 2719 vivebanttitulos
2895 2659 3487 2726 habuerant,eosdem
3505 2658 3686 2714 etiam

2033 2767 2066 2807 a
2095 2753 2472 2807 conversione
2502 2753 2576 2807 ad
2607 2752 2924 2821 Christum,
2959 2750 3072 2807 sibi
3104 2750 3232 2805 sine
3263 2749 3476 2805 rubore
3502 2747 3688 2803 ascri-

2031 2841 2285 2910 bebant;
2317 2857 2450 2896 ecce
2479 2841 2635 2897 enim
2669 2841 2930 2913 seipsum
2965 2838 3376 2911 Areopagitam
3419 2835 3686 2909 agnomi-

2032 2929 2210 2996 navit,
2271 2931 2775 3002 quemadmodum
2829 2928 3066 2984 divinus
3125 2943 3361 3000 quoque
3409 2924 3686 2982 Justinus

2027 3020 2304 3076 Adversus
2332 3020 2565 3088 Graecos,
2595 3021 2818 3076 Jus'rmi
2845 3019 3189 3075 PHILosorm
3218 3016 3440 3072 librum
3468 3014 3686 3071 inscri-

2030 3110 2171 3181 psit.

2104 3197 2809 3272 Compresbytero.Nomen
2834 3195 3155 3272 presbyteri
3177 3195 3516 3268 episcopum
3539 3210 3684 3267 quo-

2032 3303 2145 3359 que
2167 3288 2440 3361 designat
2466 3307 2480 3358 ;
2503 3289 2815 3362 episcOpus
2837 3293 3032 3344 autem
3052 3290 3109 3342 et
3129 3285 3433 3357 presbyter
3448 3283 3685 3339 est.Hoc

2031 3375 2364 3433 declaratur
2382 3378 2442 3433 in
2455 3379 2614 3434 Actis
2627 3381 2968 3434 sanctorum
2996 3373 3524 3449 apostolorum,ubi
3540 3376 3685 3427 Pau-

2029 3464 2122 3520 lus
2145 3465 2205 3521 in
2237 3466 2377 3522 Asia
2401 3467 2530 3539 ejus
2561 3465 2825 3523 ecclesiis
2856 3465 3057 3538 aliqua
3078 3462 3430 3537 praescribit.

2671 3644 2746 3700 IN
2800 3644 2957 3702 CAP.
2992 3645 3037 3700 Ι.

2101 3733 2470 3804 Theologicas.
2502 3734 2861 3804 Nota,alium
2883 3734 3201 3806 quemdam
3225 3731 3440 3788 librum
3467 3747 3501 3786 a
3518 3731 3684 3786 Patre

2027 3823 2415 3892 elaboratum,
2463 3824 2644 3881 veluti
2675 3823 3220 3896 preinductionem,
3252 3825 3310 3879 et
3365 3820 3683 3878 elementa-

2027 3914 2176 3970 riam
2206 3913 2768 3986 prameditationem
2801 3928 3006 3969 eorum
3021 3929 3147 3985 qua
3170 3911 3420 3984 sparsim
3442 3909 3502 3965 in
3527 3908 3684 3967 Scri-

2025 4005 2215 4076 pturis
2248 4005 2320 4060 de
2349 4003 2466 4060 Deo
2497 4003 2655 4059 dicta
2685 4003 2920 4058 fuerunt
2947 4020 2961 4071 ;
2985 4001 3212 4058 scilicet
3239 3999 3684 4057 reminiscentia

2025 4095 2126 4150 93
2149 4100 2293 4164 erat,
2326 4097 2461 4166 post
2492 4108 2668 4165 quem
2711 4093 2915 4148 ordine
2944 4091 3094 4147 liber
3127 4091 3222 4146 hic
3254 4091 3326 4147 ab
3358 4091 3486 4163 ipso
3517 4105 3678 4146 com-

2025 4183 2255 4255 positus
2276 4187 2384 4239 est.

2095 4273 2216 4328 Non
2244 4272 2306 4326 in
2332 4271 2826 4344 persuasibilibus.
2858 4271 3129 4328 Humana
3164 4269 3452 4342 sapientia
3471 4267 3678 4341 proba-

2024 4363 2282 4421 bilitates
2309 4364 2881 4421 demonstrationum
2931 4380 2998 4419 ex
3045 4360 3368 4418 sensilibus
3416 4360 3678 4417 emendi-

2025 4457 2154 4522 cat;
2188 4469 2404 4526 magna
2436 4454 2593 4509 enim
2614 4453 3090 4526 syllogismorum
3124 4450 3400 4507 credendi
3431 4449 3676 4515 coactio,

2026 4544 2177 4601 vires
2227 4543 2562 4617 geometriae
2613 4543 2685 4598 ad
2744 4542 3223 4614 persuadendum
3278 4539 3493 4611 excipit
3542 4557 3556 4609 ;
3614 4539 3676 4593 in

2025 4633 2385 4707 incorporeis
2430 4637 2650 4704 autem,
2709 4631 2827 4688 imo
2877 4631 2936 4686 in
2998 4630 3071 4686 iis
3125 4645 3251 4702 quas
3310 4629 3678 4701 incorporea,

2025 4725 2479 4795 universamque
2509 4726 2792 4795 superant
2841 4719 3181 4790 essentiam,
3231 4718 3528 4792 quomodo
3565 4716 3677 4775 ali-

2026 4814 2162 4886 quis
2193 4812 2594 4868 ratiocinando
2626 4814 2880 4868 mentem
2923 4809 3221 4879 adhibeat,
3271 4806 3549 4880 explicari
3579 4823 3676 4863 ne-

2025 4903 2176 4976 quit,
2201 4903 2315 4959 nisi
2347 4918 2584 4959 summo
2616 4901 2834 4958 mentis
2866 4899 3028 4971 ﬂore,
3071 4901 3140 4956 de
3170 4896 3539 4972 ignoratione
3571 4895 3674 4952 Dei

2025 4992 2310 5065 quidnam
2342 4993 2442 5063 sit,
2494 5007 2596 5064 per
2625 5007 2834 5064 puram
2886 4988 3252 5062 religionem,
3302 4985 3677 5043 ineﬂ'abiliter

2025 5082 2282 5156 cogitare
2312 5080 2520 5138 valeat.

2082 5170 2358 5240 "Cogitare
2382 5169 2605 5243 aliquid
2622 5169 2690 5226 de
2713 5166 3178 5242 superessentiali.
3213 5166 3368 5223 Deus
3399 5169 3488 5223 est
3499 5181 3678 5238 supra

2025 5263 2370 5329 essentiam,
2398 5265 2463 5316 ut
2489 5259 2591 5332 qui
2624 5277 2804 5332 supra
2829 5258 3145 5315 essentiam
3179 5272 3416 5313 omnem
3439 5255 3677 5328 conspi-

1942 5330 1987 5400 δ
2025 5351 2198 5420 citur,
2228 5367 2332 5406 seu
2374 5330 2567 5406 men—le
2626 5330 2987 5422 perceptam,
3045 5363 3150 5404 seu
3197 5345 3670 5419 intelligentsm;

2023 5439 2211 5496 multo
2241 5444 2441 5496 autem
2473 5441 2663 5513 magis
2694 5438 2996 5496 sensilem.

2091 5527 2716 5603 Superessentialitatis.
2772 5527 2831 5585 Si
2887 5523 3065 5600 οὐσία,
3121 5526 3400 5596 essentia,
3443 5523 3674 5581 dicatur

1280 5652 1524 5712 νΑΒιιΕ
1554 5653 1942 5714 LECTIONES
1972 5659 2060 5713 ET
2087 5655 2642 5750 CORBECTIONES.

317 5758 366 5796 ιο
395 5750 617 5831 θεωρία.
696 5747 868 5827 ιπραγ
877 5747 1141 5826 ματεύθη.
