4034 6408
383 434 484 491 187

1210 431 1577 486 APPENDIX
1617 431 1713 483 AD
1752 427 1995 482 OPERA
2032 430 2091 482 Β.
2128 431 2448 492 DIONYSII
2485 443 2993 499 ABEOPAGITE.

3749 436 3845 493 188

381 563 454 618 ab
477 557 633 626 εἶναι,
658 570 822 625 esse;
848 553 980 610 εἶναι
1013 558 1212 612 autem
1243 553 1639 626 cognitionem
1657 551 1911 623 alicujus
1941 551 2041 607 de-

2187 576 2262 609 αι’
2294 558 2356 614 τὸ
2390 558 2446 616 δὲ
2497 564 2632 618 εἶναι
2683 567 3022 639 παραγωγῆς
3051 582 3200 625 τινος
3242 558 3468 618 ἔννοιαν
3506 560 3833 638 ὑπογράφει.

381 648 677 707 ductionis
701 645 995 719 designet,
1031 645 1280 700 minime
1316 643 1548 716 proprie
1579 641 2046 709 ooaia,essentia,

381 741 453 796 de
485 741 597 794 Deo
630 736 774 792 dicit
800 734 1034 808 poterit.
1077 735 1232 789 Deus
1265 734 1426 788 enim
1460 748 1696 789 omnem
1723 731 2046 787 essentiam

381 826 807 900 supereminet:
842 841 976 880 cum
1009 823 1157 878 nihil
1189 839 1383 879 rerum
1418 821 1794 888 exsistat,sed
1827 837 1917 876 res
1941 837 2010 875 su

381 922 546 990 peret
575 921 633 971 et
661 916 739 971 sit
765 932 832 970 ex
865 931 981 986 quo
1012 913 1213 969 omnia
1256 913 1633 980 subsistunt;
1690 927 1829 967 nam
1863 910 2048 966 solius

382 1008 486 1064 Dei
516 1006 749 1064 occulta
779 1005 1057 1060 omnibus
1091 1002 1369 1058 divinitas
1399 1007 1490 1058 est
1512 1006 1774 1075 potestas
1803 1001 1874 1056 ad
1898 999 2049 1084 divi:

387 1097 592 1153 nitatis
615 1093 972 1167 principium
997 1097 1425 1166 spectans,quae
1454 1092 1707 1163 imperat
1735 1090 1810 1146 iis
1834 1089 1933 1161 qui
1967 1089 2050 1143 di1

388 1186 688 1249 dicuntur,
721 1200 825 1239 seu
849 1183 1102 1255 angelis,
1125 1198 1226 1238 seu
1253 1182 1474 1238 sanctis
1504 1181 1868 1249 hominibus,
1896 1179 2050 1234 sicut

389 1277 567 1332 etiam
600 1280 826 1330 creator
855 1277 944 1329 est
975 1289 1180 1328 eorum
1233 1272 1336 1344 qui
1385 1287 1487 1343 per
1537 1268 2047 1342 participationem

389 1369 528 1420 sunt
558 1363 662 1431 dii,
706 1378 913 1434 reapse
957 1378 1026 1417 ex
1061 1361 1256 1434 seipsa
1287 1365 1344 1417 et
1384 1360 1510 1416 sine
1544 1358 1666 1414 ulla
1701 1374 1881 1414 causa
1920 1357 2050 1429 ipsa

389 1453 667 1526 divinitas
698 1453 1010 1508 exsistens.

461 1543 565 1598 Cui
590 1541 1092 1612 superessentiaiis.
1127 1544 1170 1592 A
1204 1539 1329 1595 sola
1368 1540 1523 1594 enim
1557 1539 1689 1610 ipsa
1719 1537 2043 1604 divinitate,

389 1631 490 1688 illa
521 1647 647 1704 quae
671 1632 860 1702 ipsam
894 1631 1180 1701 spectant,
1214 1629 1508 1700 quomodo
1550 1646 1584 1684 a
1630 1634 1792 1700 parte
1824 1631 2046 1682 naturae

390 1737 454 1778 se
483 1720 724 1786 habent,
757 1717 892 1773 sciri
919 1721 1166 1788 queunt.

463 1809 699 1866 Badium
727 1808 1110 1863 oraculorum.
1145 1807 1318 1863 Recte
1365 1807 1536 1874 dixit,
1567 1805 1809 1872 radium,
1842 1809 1900 1860 et
1928 1821 2044 1860 non

2159 649 2258 704 οὐκ
2297 650 2356 705 ἂν
2406 649 2622 727 λέγοιτο
2672 654 2875 729 κυρίως
2923 653 3081 708 οὐσία
3128 651 3217 707 ἐπὶ
3265 655 3429 707 Θεοῦ.
3486 650 3680 719 Πάσης
3735 651 3831 724 γὰρ

2157 737 2342 802 οὐσίας
2377 741 2681 818 ὑπέρκειται
2711 744 2738 797 6
2769 745 2918 804 Θεὸς.
2953 741 3106 797 οὐδέν
3130 763 3180 795 τι
3213 745 3319 796 τῶν
3353 737 3536 795 ὄντων
3569 734 3669 808 ὥν,
3711 737 3832 794 ἀλλ’

2163 828 2294 903 ὑπὲρ
2340 830 2408 886 τὰ
2454 827 2601 900 ὄντα,
2648 832 2738 887 καὶ
2789 832 2840 903 ἐξ
2891 832 2951 886 οὗ
2999 831 3064 886 τὰ
3114 827 3260 885 ὅντα·
3294 833 3330 899 ἡ
3364 829 3476 904 γὰρ
3528 832 3630 883 τοῦ
3666 829 3831 901 μόνου

2159 923 2295 973 Θεοῦ
2322 925 2479 975 πᾶσιν
2511 921 2826 1001 ἀπόκρυφος
2859 921 3048 991 θεότης
3080 921 3348 995 θεαρχική
3382 916 3627 990 δύναμίς
3669 917 3832 985 ἐστιν,

2160 1005 2409 1084 ἄρχουσα
2459 1015 2567 1066 τῶν
2620 1010 2931 1088 λεγομένων
2997 1015 3155 1079 θεῶν,
3217 1007 3322 1063 εἶ’τε
3379 1004 3671 1082 ἀγγέλων,
3731 1004 3833 1061 εἴτε

2161 1098 2321 1172 ἁγίων
2357 1100 2680 1176 ἀνθρώπων,
2712 1101 2849 1164 καθὰ
2902 1104 2948 1137 ⁸³
2979 1101 3063 1155 καὶ
3101 1097 3452 1173 δημιουργός
3487 1095 3607 1150 ἐστι
3643 1099 3752 1150 τῶν
3780 1094 3836 1148 ἐκ

2163 1189 2422 1260 μεθέξεων
2471 1191 2772 1263 γινομένων
2830 1192 2964 1246 θεῶν
3016 1193 3050 1259 ἡ
3101 1193 3180 1262 τῷ
3226 1183 3345 1243 ὄντι
3406 1185 3462 1257 ἐξ
3518 1185 3720 1254 ἑαυτῆς
3748 1185 3831 1239 καὶ

2157 1278 2412 1343 ἀναιτίως
2441 1279 2769 1349 αὐτοθεὸτης
2797 1282 2841 1316 ⁵³
2871 1279 3025 1336 οὖσα.

2228 1545 2380 1620 Αὐτῇ
2408 1550 2510 1617 τὴν
2548 1547 2888 1624 ὑπερούσιον.
2920 1545 3075 1621 Μόνη
3107 1548 3208 1622 γὰρ
3231 1545 3373 1618 αὐτῇ
3407 1548 3482 1620 τῇ
3518 1546 3738 1616 θεότητι
3769 1543 3830 1599 τὰ

2155 1639 2274 1700 καθ’
2303 1637 2522 1708 ἑαυτὴν,
2556 1638 2629 1699 ὡς
2661 1633 2779 1712 ἔχει
2808 1636 3039 1714 φύσεως,
3067 1635 3330 1705 ἐπιστητὰ
3360 1636 3433 1692 ⁶⁴.

2230 1814 2440 1892 Λογίων
2493 1817 2669 1879 ἀκτίς.
2719 1814 2912 1877 Καλῶς
2963 1817 3105 1871 εἶπεν
3155 1814 3334 1880 ἀκτὶς,
3379 1813 3474 1869 καὶ
3509 1812 3622 1889 οὐχ
3649 1811 3825 1883 ἥλιος·

391 1900 561 1957 solem
588 1917 608 1962 ;
640 1897 1148 1971 quemadmodum
1196 1897 1354 1952 enim
1404 1896 1464 1951 in
1514 1896 1700 1952 solem
1742 1895 2046 1950 intendere

2185 1905 2337 1978 ἇσπερ
2369 1908 2474 1982 γὰρ
2507 1911 2584 1978 τῷ
2616 1905 2762 1977 ἡλίῳ
2791 1905 3084 1960 ὲνατενίσαι
3117 1905 3181 1958 οὗ
3215 1902 3525 1976 δυνάμεθα,
3551 1902 3681 1958 ἀλλ’
3706 1901 3828 1966 ἴσως

392 1989 732 2060 nequimus,
768 1987 869 2042 sed
899 1986 1166 2042 fortassis
1197 1987 1256 2040 in
1302 1987 1432 2056 ejus
1477 1985 1710 2054 radios;
1745 1985 1826 2041 ita
1865 1989 2047 2040 Deum

392 2080 588 2151 ipsum
616 2077 877 2149 cogitare
911 2092 1027 2131 non
1059 2073 1344 2131 valemus.

467 2167 830 2222 Moderatione
858 2167 1006 2220 circa
1030 2165 1242 2220 divina.
1280 2165 1476 2235 Neque
1507 2165 1661 2220 enim
1697 2167 1914 2219 temere
1945 2179 2052 2218 au-

399 2256 659 2314 dendum
691 2255 751 2310 in
783 2271 1056 2310 sermone
1087 2255 1158 2310 de
1187 2259 1302 2311 Deo
1329 2271 1340 2322 ;
1375 2257 1476 2311 sed
1500 2255 1802 2310 moderata
1825 2252 2053 2308 ratioci-

402 2345 640 2403 natione
666 2343 1146 2417 persequendum
1200 2343 1563 2415 religionem,
1619 2359 1792 2415 quam
1843 2341 2052 2396 divinae

401 2434 696 2507 majestati
717 2433 1154 2501 debemus,sola
1183 2433 1283 2488 illa
1308 2433 1758 2505 pronuntiantes
1780 2436 1958 2503 atque
1979 2431 2052 2486 ad

403 2522 946 2597 interpretationem
976 2522 1354 2589 adducentes,
1390 2539 1521 2594 quae
1545 2522 1616 2577 de
1663 2521 1778 2577 Deo
1808 2521 1869 2575 in
1901 2519 2054 2576 Scri-

405 2618 580 2687 ptura
606 2611 785 2669 veluti
817 2612 1052 2669 oraculo
1084 2611 1326 2668 definita
1353 2615 1512 2682 sunt,
1545 2610 1699 2668 sicut
1726 2610 1902 2684 paulo
1920 2613 2056 2664 ante

407 2703 574 2760 dixit.

482 2791 1100 2863 Verissimaetlzeologw.
1132 2790 1278 2846 Vide
1321 2791 1613 2862 quomodo
1655 2805 1851 2845 veram
1890 2788 2056 2844 theo-

404 2880 621 2954 logiam
653 2884 819 2936 vocet
849 2879 1030 2935 divini
1081 2879 1243 2936 Pauli
1293 2880 1687 2951 Scripturam;
1733 2878 1860 2948 ipse
1899 2877 2056 2933 enim

407 2977 498 3027 est
529 2970 628 3042 qui
677 2970 841 3037 dicit,
887 2969 1093 3026 donari
1141 2970 1452 3026 manifeste
1503 2987 1534 3024 a
1578 2969 1693 3026 Deo
1734 2967 2058 3024 secundum

411 3075 752 3116 mensuram
768 3060 1058 3130 cujusque
1076 3059 1373 3115 facultatis
1403 3060 1858 3116 illustrationem
1879 3074 1891 3124 ;
1909 3056 2061 3110 sicut

411 3147 568 3203 enim
601 3146 886 3202 Dominus
903 3147 1161 3203 declarat
1189 3149 1390 3204 dicens
1423 3143 2059 3221 perfectioribusdisci-

411 3236 569 3310 pulis
605 3252 618 3291 :
659 3236 820 3293 Vobis
840 3236 1029 3291 datum
1059 3246 1138 3292 est
1168 3253 1328 3293 nosse
1357 3239 1630 3310 mysteria
1646 3237 1750 3291 94
1780 3236 1935 3306 regni
1956 3234 2054 3305 (h),

411 3287 565 3310 r""'
606 3287 617 3291 '
664 3287 674 3293 '
708 3287 813 3291 ""
843 3287 1026 3291 "mm"
1062 3287 1133 3292 η’
1172 3287 1321 3293 ’τ’-’ν
1358 3287 1526 3310 ν--σνν-
1571 3287 1626 3292 ⁷-⁷
1656 3287 1679 3291 ν
1714 3287 1750 3291 -
1780 3287 1786 3290 ἡ
1812 3287 1863 3306 νυ
1898 3287 1927 3289 ν-
1958 3287 1971 3304 \
2000 3287 2054 3305 ’I'

408 3326 589 3382 veluti
622 3342 758 3382 cum
811 3325 1016 3397 majori
1067 3327 1280 3382 mentis
1327 3327 1680 3399 perfectione
1721 3325 1794 3381 iis
1836 3342 1958 3397 quae
1992 3325 2061 3379 de
2091 3287 2136 3357 C

409 3421 528 3473 Deo
541 3415 821 3472 dicuntur
833 3416 1272 3472 attendentibus
1287 3436 1302 3486 ;
1320 3433 1436 3471 non
1461 3414 1651 3471 solum
1676 3413 2062 3472 autemdeho-

414 3505 679 3562 minibus
701 3505 845 3562 dicit
865 3505 974 3560 hoc
1001 3505 1291 3578 disputari
1311 3521 1562 3577 magnus
1583 3505 1898 3578 Dionysius
1931 3525 1944 3574 ;
1968 3519 2062 3559 ve-

415 3611 548 3650 rum
564 3595 739 3650 etiam
755 3595 825 3651 de
838 3595 1242 3668 angelis,quos
1260 3594 1407 3651 solet
1421 3595 1726 3651 nominare
1739 3595 2064 3650 secundum

420 3684 705 3756 quosdam
740 3686 1016 3756 profanos
1047 3685 1431 3757 philosophos
1472 3693 1714 3747 mentes;
1748 3701 1874 3755 quae
1894 3698 2066 3754 supe-

421 3775 643 3830 riorum
674 3774 950 3829 ordinum
982 3778 1212 3830 mentes
1243 3774 1410 3831 dictae
1442 3777 1676 3839 sunt,ut
1708 3772 1949 3828 omnino
1972 3788 2069 3827 es-

420 3863 746 3920 sentialitcr
773 3879 941 3920 mens
989 3863 1360 3932 exsistentes,
1392 3864 1593 3919 omnia
1647 3861 2069 3934 intelligentes,

423 3971 550 4026 quae
573 3954 734 4012 unite
755 3953 915 4010 aDeo
948 3955 1006 4009 in
1039 3955 1200 4026 ipsos
1228 3953 1506 4011 continuo
1529 3952 2073 4008 derivanturzunde

423 4047 483 4099 et
511 4043 616 4098 toti
643 4043 901 4100 totaliter
932 4043 1221 4100 inoculari
1247 4044 1530 4100 dicuntur
1577 4044 1639 4097 in
1672 4039 2072 4098 sanctissimis

424 4131 786 4189 cherubinis.

497 4224 701 4279 Divina
728 4224 1062 4280 revelantur.
1107 4223 1259 4279 Nota
1301 4221 1540 4295 angelos
1562 4223 1734 4292 juxta
1773 4219 2076 4293 proprium

430 4316 666 4385 captum
702 4313 800 4368 Dei
833 4312 1164 4384 cognitione
1196 4313 1404 4385 dignos
1436 4311 1658 4368 haberi.

498 4493 719 4548 Iustitia
756 4491 1014 4547 salutari.
1052 4489 1288 4558 Idcirco,
1318 4489 1533 4562 inquit,
1566 4495 1712 4545 Deus
1761 4489 2083 4560 unicuique

431 4583 755 4636 secundum
787 4581 916 4652 ejus
936 4581 1090 4636 vires
1119 4579 1357 4649 revelat,
1384 4596 1500 4635 non
1535 4580 1690 4650 quod
1717 4578 1886 4650 plura
1908 4579 2082 4635 dene-

2161 2001 2278 2059 ταῖς
2308 1995 2429 2071 περῖ
2477 1996 2637 2051 αὑτὸν
2691 1996 2921 2066 ἀκτῖσιν,
2955 1992 3100 2048 οὕτω
3149 1993 3278 2049 Θεὸν
3337 1992 3512 2047 αὐτὸν
3547 1999 3741 2061 νοῆσαι
3771 1991 3827 2048 οὐ

2161 2104 2250 2161 χω
2258 2088 2354 2160 ροῦ
2363 2106 2479 2157 μεν.
3761 2137 3766 2142 ,

2231 2178 2308 2248 Τῇ
2340 2161 2463 2247 περὶ
2509 2174 2577 2228 τὰ
2623 2175 2740 2227 θεῖα
2792 2171 3141 2248 σωφροσύνῃ.
3191 2172 3267 2225 Οὐ
3317 2171 3429 2246 γὰρ
3472 2167 3823 2242 κατατολμη-

2161 2263 2281 2318 τέον
2311 2266 2355 2300 ⁵⁸
2397 2261 2698 2338 θεολογίας,
2741 2260 2890 2317 ἀλλὰ
2946 2264 3322 2339 σωφρονοῦντι
3377 2257 3646 2334 λογισμῷ
3693 2280 3825 2331 μετι-

2161 2354 2279 2408 τέον
2312 2353 2410 2421 τήν
2445 2351 2568 2427 περὶ
2598 2353 2660 2408 τὸ
2711 2354 2855 2406 θεῖον
2897 2345 3057 2406 σέϐας
3091 2350 3356 2418 ὁσιότητα
3386 2351 3454 2419 ³⁸,
3494 2349 3634 2420 μόνα
3665 2360 3824 2423 φθεγ-

2162 2441 2432 2517 γομένους
2479 2441 2569 2496 καὶ
2600 2441 2737 2516 πρὸς
2788 2439 3078 2515 ἑρμηνείαν
3110 2439 3352 2513 ἄγοντας
3407 2437 3591 2493 ἐκεῖνα
3621 2438 3685 2492 τὰ
3711 2439 3820 2510 περῖ

2162 2535 2258 2586 τοῦ
2289 2534 2424 2586 Θεοῦ
2471 2531 2607 2584 κατᾶ
2651 2531 2748 2598 τὴν
2798 2530 3016 2607 Γραφὴν
3049 2525 3572 2604 χρησμῳδηθέντα,
3611 2527 3684 2588 ὡς
3725 2527 3820 2600 πρό

2169 2625 2366 2698 μικροῦ
2400 2619 2545 2676 εἶπεν
2576 2623 2641 2676 ⁵⁷.

2237 2797 2611 2874 Ἀληθεστάτῃ
2671 2795 2964 2872 θεολογίᾳ.
3017 2798 3158 2869 ’Ὀρα
3216 2799 3345 2858 πῶς
3406 2793 3596 2865 ἀληθῆ
3652 2791 3822 2858 θεολοο

2166 2888 2284 2963 γίαν
2316 2887 2478 2944 καλιῖ
2526 2888 2623 2956 τὴν
2672 2889 2769 2942 τοῦ
2802 2885 2948 2950 θείου
2997 2883 3218 2941 Παύλου
3257 2886 3515 2963 Γραφήνο
3549 2882 3707 2945 αὐτὸς
3732 2878 3818 2956 γάρ

2168 2976 2308 3033 ἐστιν
2345 2979 2372 3032 6
2404 2975 2600 3051 λέγων,
2635 2974 2717 3030 ὅτι
2764 2976 2900 3030 κατὰ
2945 2975 3006 3028 τὸ
3044 2973 3237 3048 μέτρον
3267 2977 3382 3038 τῆς
3423 2973 3653 3028 ἑκάστου
3683 2967 3819 3024 δυνά-

2173 3086 2317 3138 μεως
2372 3067 2407 3132 ἡ
2473 3065 2622 3138 παρὰ
2675 3068 2812 3118 Θεοῦ
2870 3066 3194 3138 χορηγεῖται
3250 3065 3453 3140 σαφῶς
3517 3058 3822 3134 ἔλλαμψις·

2173 3155 2352 3230 ὥσπερ
2382 3155 2426 3191 ⁸⁸
2449 3152 2540 3208 καὶ
2575 3155 2603 3208 6
2642 3150 2839 3226 Κύριος
2882 3149 3049 3222 δηλοῖ
3098 3152 3273 3226 λέγων
3323 3155 3456 3212 ’τοῖς
3489 3147 3823 3220 τελειοτέροις

2177 3247 2470 3317 μαθηταῖς·
2528 3243 2684 3314 Ὑμῖν
2743 3238 2959 3295 δέδοται
3015 3244 3218 3315 γνῶναι
3275 3239 3352 3294 τὰ
3411 3239 3684 3313 μυστήρια
3729 3241 3816 3303 τῆς

2178 3331 2474 3410 βασιλείας,
2534 3333 2625 3386 ἅτε
2692 3331 2783 3385 καὶ
2855 3329 3272 3404 νουνεχέστερον
3329 3329 3662 3404 προσέχουσι
3713 3329 3816 3385 τοῖς

2172 3423 2607 3495 θεσπιζομένοις.
2641 3421 2722 3478 Οὐ
2758 3415 2922 3492 μόνον
2949 3416 3007 3473 δὲ
3033 3416 3195 3472 τοῦτο
3217 3418 3344 3491 περὶ
3379 3417 3678 3492 ἀνθρώπων
3700 3411 3814 3491 φησὶ

2175 3509 2515 3586 διαλέγεσθαι
2555 3513 2599 3547 5°
2633 3511 2660 3564 6
2697 3510 2865 3584 μέγας
2913 3509 3222 3576 Διονύσιος,
3253 3506 3405 3562 ἀλλᾶ
3448 3505 3540 3560 καὶ
3571 3503 3689 3579 περῖ
3718 3504 3811 3554 τῶν

2175 3599 2446 3675 ἀγγέλων,
2489 3598 2582 3661 οὓς
2633 3597 2817 3654 εἷ’ωθεν
2869 3596 3153 3670 ὀνομάζειν
3198 3598 3339 3650 κατά
3382 3616 3537 3658 τινας
3579 3597 3682 3648 τῶν
3726 3594 3814 3656 τῆς

2175 3686 2277 3760 ἔξω
2333 3687 2660 3768 φιλοσοφίας
2719 3687 2845 3749 νόας
2882 3705 2894 3718 ·
2959 3684 3154 3749 οἵτινες
3203 3688 3314 3739 τῶν
3379 3686 3493 3740 ἄνω
3549 3679 3820 3756 ταγμάτων

2177 3778 2298 3841 νόες
2330 3766 2592 3851 εἷ’ρηνται,
2627 3777 2700 3838 ὡς
2729 3777 2792 3831 τὸ
2817 3781 2919 3830 πᾶν
2952 3779 3077 3836 νοῦς
3111 3773 3468 3846 οὐσιωμένως
3510 3767 3675 3838 ὅντες,
3701 3766 3818 3840 [καὶ]

2179 3869 2353 3923 πάντα
2379 3870 2652 3934 νοοῦντες,
2693 3864 2907 3927 ένιαίως
2935 3865 3002 3920 τὰ
3048 3863 3110 3918 ἐκ
3139 3867 3273 3919 Θεοῦ
3306 3862 3502 3940 ῥέοντα
3549 3858 3818 3932 προσεχῶς

2182 3955 2260 4020 εἷς
2289 3959 2333 3993 ⁶⁰
2363 3954 2576 4019 αὐτούς’
2607 3955 2725 4019 ὅθεν
2759 3954 2849 4009 καὶ
2883 3951 3006 4008 ὅλοι
3039 3951 3187 4014 ὅλως
3230 3949 3712 4026 κατομματοῦσθαι
3741 3940 3819 3998 λέ-

2182 4065 2375 4122 γονται
2408 4043 2460 4099 έν
2493 4049 2611 4108 τοῖς
2643 4044 2964 4118 ἁγιωτάτοις
2991 4041 3290 4118 χερουβίμ.

2259 4222 2720 4282 Ἀνακαλύπτεται
2777 4223 2845 4277 τὰ
2913 4223 3048 4279 θεῖα.
3113 4219 3435 4294 Σημείωσαι
3494 4217 3576 4273 ὅτι
3642 4212 3725 4268 καὶ
3777 4207 3827 4262 οἳ

2189 4311 2412 4390 ἄγγελοι
2462 4312 2597 4368 κατὰ
2641 4312 2740 4380 τὴν
2793 4311 2992 4367 οἷ’κειαν
3039 4310 3338 4386 ἀναλογίαν
3386 4315 3487 4378 τῆς
3525 4297 3827 4380 θεογνωσίας

2189 4403 2485 4477 ἀξιοῦνται.

2263 4493 2350 4549 ’Ev
2404 4492 2644 4564 σωστικῇ
2704 4486 3034 4562 δικαιοσύνῃ.
3096 4489 3195 4543 Διὰ
3239 4491 3434 4556 τοῦτο,
3491 4480 3669 4559 φησὶν,
3720 4473 3826 4530 ἑκά·

2192 4603 2301 4654 στῳ
2357 4581 2492 4635 κατά
2547 4579 2644 4648 τὴν
2703 4577 2867 4633 αὐτοῦ
2919 4572 3144 4649 δύναμιν
3200 4578 3228 4632 ὁ
3280 4574 3412 4638 Θεὸς
3453 4565 3826 4654 ἀποκαλύπτξι,

432 4675 566 4741 get;
598 4671 698 4728 sed
733 4649 1191 4744 quiajustitiam
1215 4670 1274 4725 in
1307 4669 1522 4725 divinae
1544 4649 1895 4740 cognitionis
1917 4686 2060 4725 ment

2197 4669 2303 4746 οὐχ
2337 4668 2420 4724 ὅτι
2452 4669 2635 4745 φθονεῖ
2660 4670 2757 4722 τοῦ
2788 4664 3066 4739 πλείονος,
3098 4663 3246 4722 ἀλλὰ
3294 4661 3384 4720 διὰ
3425 4664 3488 4719 τὸ
3536 4663 3697 4715 σῶσαι
3740 4649 3824 4716 τὴν

433 4777 576 4816 sura
624 4765 852 4816 servet:
895 4761 1196 4834 proprium
1245 4758 1531 4830 siquidem
1561 4757 1826 4829 justitiee,
1873 4761 2088 4831 cuique

437 4866 541 4922 pro
567 4849 795 4906 meritis
827 4865 1169 4905 mensuram
1210 4847 1532 4905 confectam
1573 4849 1850 4904 tribuere.
1886 4851 2088 4920 Itaque

437 4940 732 4996 immensa
763 4939 1000 5012 quidem
1033 4938 1134 4994 Dei
1166 4937 1456 5009 cognitio;
1491 4955 1597 4994 nos
1629 4942 1822 4994 autem
1851 4955 2089 4994 mensu-

440 5028 519 5083 ris
553 5045 834 5101 egemus:
871 5027 919 5084 si
951 5027 1111 5084 enim
1155 5029 1376 5099 absque
1408 5043 1686 5085 mensura
1721 5028 1890 5084 nobis
1930 5043 2090 5083 reve-

437 5116 928 5188 laretur,minime
949 5119 1166 5174 servari
1200 5134 1510 5190 possemus
1541 5138 1555 5187 ;
1576 5118 1729 5174 sicut
1754 5131 1944 5191 neque
1967 5133 2090 5174 cor-

441 5222 655 5277 poreus
687 5205 893 5262 oculus
929 5210 1119 5263 totum
1151 5207 1388 5281 capiens
1420 5207 1622 5265 solem.

581 5375 661 5449 (h)
693 5375 902 5432 Matth.
933 5394 1058 5449 xm,
1092 5379 1178 5435 11.

2197 4743 2350 4834 ἐν
2397 4743 2650 4834 μετρήσει
2699 4763 2800 4827 τῆς
2854 4757 3184 4830 θεογνωσίας
3235 4751 3604 4820 δικαιοσύνην·
3645 4743 3828 4799 δικαιο-

2202 4851 2368 4917 σύνης
2399 4846 2501 4924 γὰρ
2534 4844 2675 4900 ἴδιον
2706 4845 2769 4901 τὸ
2797 4847 2913 4900 κατ’
2965 4845 3112 4916 ἀξίαν
3146 4845 3456 4920 ἐπιμετρεῖν
3489 4839 3706 4906 ἑκάστῳ
3735 4845 3810 4924 τοὶ

2199 4909 2423 5013 γαροῦν.
2456 4909 2765 5009 ἀμέτρητος
2803 4934 2897 5006 μὶν
2927 4935 2961 5004 ἡ
2995 4909 3120 5008 περὶ
3165 4909 3298 4990 Θεοῦ
3346 4909 3564 5006 γνῶσιςο
3604 4924 3754 5013 ἡμεῖς
3783 4909 3831 4967 θλ

2207 5011 2418 5101 μέτρων
2450 5022 2702 5096 δεόμεθα·
2740 5023 2790 5077 εἴ
2819 5025 2924 5099 γὰρ
2959 5024 3210 5099 ὰμὲτρως
3241 5025 3380 5096 ἡμῖν
3423 5011 3826 5101 ἀπεκαλνύπτςῐον

2205 5091 2397 5171 οὐκιίὶν
2427 5091 2707 5187 ἐσώθημεν
2759 5091 2842 5176 ὡς,
2880 5091 3006 5167 όύδὲ
3038 5091 3348 5186 σωματικος
3397 5100 3674 5183 ὀφθαλμὸς
3715 5091 3826 5149 δλον

2207 5205 2370 5276 ἥλιον
2402 5200 2724 5279 δεχόμενος.

1466 5521 1718 5578 VARI/4E
1749 5519 2138 5579 LECTlONES
2167 5517 2256 5574 ET
2286 5513 2843 5574 CORREGTIONES.

519 5681 576 5754 ξ²Δ
596 5678 752 5738 καθό.
829 5682 874 5718 ⁵⁸
903 5681 1118 5752 θεότης.
1195 5685 1243 5720 ⁸⁸
1262 5683 1494 5753 γνωστά.
1571 5683 1618 5719 ⁸⁵
1635 5678 1970 5754 τολμητέον.
2045 5680 2091 5716 ⁸⁵
2107 5675 2380 5747 θειότητα.
2456 5675 2500 5712 ⁵⁷
2523 5667 3067 5748 χρησμῳδοτηθέντα
3087 5672 3162 5735 ὡς
3183 5672 3289 5746 πρὸ
3320 5663 3572 5746 βραχέος.

445 5751 492 5788 ⁸⁸
521 5748 792 5828 λέγεσθαι.
870 5755 916 5791 ⁸ο
942 5748 1103 5829 πρόξ.

3634 5654 3673 5692 u
3696 5647 3818 5713 ὅθιν.
