4034 6390
258 429 362 486 189

329 559 451 628 Τὴν
507 557 771 635 ἀμετρίαν
832 564 1170 634 θεοπρεπῶς.
1227 561 1516 638 Ἀμετρίαν
1567 565 1658 616 νῦν
1718 557 1914 635 [λέγει]
1948 564 1999 632 Α

256 646 393 703 αὐτὸ
424 649 488 704 τὸ
517 653 697 721 Θεῖον,
758 648 848 702 καὶ
896 649 997 717 τήν
1051 649 1219 705 αὐτοῦ
1267 652 1404 706 κατά
1450 651 1512 706 τὸ
1562 648 1782 706 δυνατὸν
1841 646 1928 703 ἕλ-

257 736 498 811 λαμψιν.

331 834 533 901 ’Θσπερ
581 827 684 903 γὰρ
741 826 982 897 ἄληπτοι.
1044 829 1123 886 Τὸ
1181 827 1567 901 ἀκατάληπτον
1644 832 1743 895 τῆς
1801 828 1921 903 περὶ

255 915 449 972 Θεὸν⁶¹
481 918 738 992 γνώσεως
769 915 1006 981 ἐντεῦθεν
1035 917 1381 993 παρίσταται·
1440 920 1485 974 εἰ
1524 919 1627 994 γὰρ
1686 915 1811 974 οὐδὲ
1859 919 1928 972 τὰ

253 1005 416 1060 ἄτεΛᾶ
475 1004 565 1060 καί
622 1006 1033 1082 ἀσχημάτιστα,
1087 1006 1183 1063 κᾶν
1232 1007 1406 1064 οὐσίαι
1449 1009 1592 1071 τινες
1635 1009 1760 1076 ὦσι,
1806 1013 1926 1069 ταῖς

254 1094 578 1166 αῗσθήσεσιν
615 1097 1040 1170 ὑποπίπτουσιν,
1074 1099 1148 1160 ὡς
1178 1097 1404 1174 ἄγγελοι
1452 1098 1544 1153 καὶ
1590 1097 1765 1173 ψυχαὶ
1811 1102 1928 1159 τοῖς

255 1189 628 1258 σωματικοῖς·
683 1184 842 1258 πόσῳ
900 1185 1114 1259 μᾶλλον
1165 1185 1416 1264 ὑπερέχει
1453 1188 1480 1242 6
1513 1188 1664 1255 Θεὸς,
1698 1188 1726 1241 6
1787 1187 1928 1260 μήτε

255 1273 444 1344 οὐσία,
481 1271 608 1329 ἀλλ’
666 1273 799 1350 ὑπὲρ
854 1273 1061 1329 οὐσίαν·
1118 1277 1256 1348 μήτε
1313 1275 1546 1348 ἁπλοῦς,
1602 1273 1734 1330 ἀλλ’
1792 1276 1924 1349 ὑπὲρ

251 1359 594 1432 ἁπλότητα·
654 1363 795 1434 μήτε
845 1367 994 1433 νοῦς,
1054 1362 1202 1419 ἀλλὰ
1247 1363 1337 1419 καὶ
1386 1365 1517 1440 ὑπὲρ
1574 1363 1722 1419 νοῦν·
1787 1365 1926 1436 μήτε

253 1450 401 1518 ὲνςὶς,
464 1449 728 1507 ἀλλὰκαὶ
765 1452 897 1527 ὑπὲρ
929 1449 1110 1507 ὲνάδα·
1163 1453 1253 1508 καὶ
1301 1451 1424 1509 οὔτε
1467 1455 1580 1530 ὅρῳ
1627 1455 1731 1508 τινὶ
1765 1472 1921 1528 περι-

252 1540 651 1617 γραφόμενος,
709 1537 835 1595 ἀλλ’
894 1541 1145 1615 ἀοριστίᾳ
1197 1547 1306 1596 τῶν
1363 1537 1528 1598 ὄντων
1589 1542 1920 1620 ἀφειμένοςς

252 1629 506 1686 Ἀκοῦων
564 1630 656 1684 οὖν
715 1628 772 1684 ἐν
803 1632 873 1704 τῇ
905 1634 1092 1709 Γραφῇ
1127 1631 1344 1710 μορφὴν
1400 1635 1555 1703 Θεοῦ,
1609 1631 1699 1686 καὶ
1757 1630 1922 1703 εἶδος,

253 1720 350 1774 καὶ
408 1718 734 1795 πρόσωπον,
797 1715 873 1773 δι’
919 1719 1201 1797 ἀναγωγῆς
1258 1721 1346 1775 καὶ
1411 1721 1544 1797 61:69
1601 1721 1666 1776 τὰ
1697 1719 1924 1794 σώματα

255 1808 424 1882 ἀξίως
455 1814 593 1865 Θεοῦ
648 1809 784 1865 νόει·
842 1809 1074 1882 ἑνότητα
1129 1811 1188 1866 δὲ
1217 1810 1449 1882 ἀκούων,
1510 1813 1587 1885 μὴ
1647 1809 1919 1890 διαφόρων

251 1897 418 1954 τινῶν
453 1899 594 1973 πρὸς
637 1896 832 1954 ἕνωσιν
877 1897 1184 1976 συνδρομήν
1234 1902 1460 1976 νοήσῃς·
1523 1901 1584 1956 οὐ
1640 1902 1742 1976 γὰρ
1797 1900 1920 1977 περὶ

251 1987 530 2043 τοιούτων
564 1989 593 2043 6
638 1988 808 2064 λόγος
851 1993 967 2060 νῦν,
1017 1988 1162 2045 ἀλλὰ
1191 1991 1312 2064 περὶ
1347 1994 1503 2059 Θεοῦ,
1533 1993 1630 2046 τοῦ
1665 1992 1804 2063 μήτε
1831 1989 1923 2065 ἆρ-

254 2083 372 2152 χῆς
402 2077 656 2148 ἀριθμῶν
691 2074 848 2141 ὄντος
876 2077 967 2133 καὶ
1008 2077 1318 2148 ἀσυνθέτου,
1349 2077 1497 2135 ἀλλὰ
1535 2081 1624 2134 καὶ
1667 2079 1800 2154 ὑπὲρ
1856 2080 1924 2134 τὰ

253 2164 562 2239 μονοούσια
591 2167 710 2236 ἡνω
718 2167 904 2238 μένου.

1022 437 1081 490 S.
1122 433 1396 490 ΠΔΧΙΜῙ
1433 433 1742 489 SCHOLIA
1778 434 1854 488 IN
1892 433 2026 486 LIB.
2067 432 2164 486 DE
2203 431 2479 488 DIVINIS
2515 430 2930 487 NOMINIBUS.

3588 429 3692 484 190

2102 561 2530 617 Immensitalem
2556 578 2718 617 suam
2740 561 2935 617 divino
2955 561 3190 633 quodam
3218 562 3690 618 decoreJmmen-

2035 650 2271 706 sitatam
2303 667 2459 706 nunc
2486 650 2628 706 dicit
2667 649 3033 706 divinitatem
3064 650 3276 722 ipsam,
3311 651 3688 723 possibilem-

2035 756 2149 812 que
2175 741 2302 811 ejus
2329 740 2801 796 illustrationem.

2109 832 2173 886 Ut
2193 829 2363 896 enim,
2393 846 2511 900 quae
2553 827 2944 901 comprehendi
3005 833 3304 900 nequeunt.
3365 831 3690 902 lncompre-

2035 918 2416 974 hensibilitas‘
2434 918 2642 973 divinae
2674 916 3684 988 cognitionis,bincrepraesentatur;

2035 1008 2084 1064 si
2117 1009 2270 1064 enim
2303 1023 2491 1078 neque
2522 1007 2818 1078 simplicia
2847 1010 2906 1062 et
2954 1021 3070 1061 non
3103 1005 3375 1078 ﬁgurata,
3407 1008 3516 1061 etsi
3548 1007 3686 1062 sub-

2036 1097 2266 1154 stantiae
2298 1097 2564 1168 quaedam
2600 1095 2742 1162 sint,
2776 1095 3020 1150 minime
3051 1095 3162 1150 sub
3202 1111 3416 1152 sensus
3444 1095 3687 1165 cadunt,

2037 1192 2102 1243 ut
2130 1186 2323 1259 angeli
2355 1191 2413 1242 et
2441 1185 2647 1241 animae
2702 1186 2814 1239 sub
2862 1201 3179 1256 corporea;
3227 1193 3444 1257 quanto
3502 1185 3690 1255 magis

2035 1277 2190 1332 Deus
2219 1275 2573 1346 excedit,qui
2605 1290 2796 1346 neque
2827 1274 3183 1346 substantia,
3203 1277 3304 1330 sed
3338 1291 3518 1346 supra
3550 1275 3691 1330 sub-

2034 1366 2314 1423 stantiam
2342 1381 2356 1433 ;
2382 1380 2572 1435 neque
2594 1363 2977 1435 simplex,sed
3001 1380 3183 1435 supra
3205 1363 3646 1436 simplicitatem
3671 1381 3685 1430 ;

2035 1471 2226 1528 neque
2257 1455 2555 1522 mens,sed
2587 1453 2764 1509 etiam
2796 1469 2975 1525 supra
3004 1458 3262 1509 mentem
3291 1469 3304 1520 ;
3339 1469 3530 1525 neque
3553 1453 3685 1509 uni-

2032 1549 2146 1612 tas,
2179 1545 2280 1602 sed
2304 1561 2485 1615 supra
2516 1543 2802 1599 unitatem
2828 1561 2842 1610 ;
2868 1559 3058 1614 neque
3088 1542 3262 1598 etiam
3303 1543 3556 1599 termino
3579 1541 3687 1598 ali-

2032 1650 2151 1706 quo
2181 1631 2706 1699 circumscribitur,
2742 1632 2842 1687 sed
2891 1631 3127 1687 termini
3176 1631 3501 1701 privatione
3530 1648 3564 1686 a
3595 1647 3686 1686 re-

2032 1722 2145 1778 bus
2166 1725 2442 1778 secretus.
2480 1720 2732 1777 Audiens
2763 1719 2945 1792 igitur
2979 1720 3038 1775 in
3086 1719 3390 1791 Scriptura
3433 1719 3684 1775 formam

2032 1812 2157 1878 Dei,
2180 1819 2235 1868 et
2265 1811 2607 1883 speciem,et
2633 1809 2995 1880 vultum,per
3025 1809 3242 1865 mentis
3273 1808 3680 1875 elevationem,

2034 1905 2211 1974 atque
2241 1917 2420 1971 supra
2450 1913 2748 1972 corporea,
2799 1899 2975 1971 digne
3017 1898 3133 1954 Deo
3165 1897 3458 1968 intelligo;
3495 1897 3687 1953 unita-

2032 1995 2151 2047 tem
2184 2006 2318 2046 vero
2341 1989 2610 2056 audiens,
2643 2004 2715 2044 ne
2771 1987 3136 2043 diversorum
3180 1987 3572 2058 quorumdam
3615 1987 3687 2042 ad

2033 2079 2357 2135 unitionem
2389 2093 2745 2134 concursum
2776 2078 2994 2148 cogites
3020 2094 3032 2133 :
3058 2092 3246 2148 neque
3275 2075 3432 2132 enim
3465 2075 3536 2130 de
3552 2074 3688 2131 tali-

2031 2170 2142 2225 bus
2174 2166 2786 2241 prazsensinstituitur
2813 2182 3008 2223 sermo
3036 2187 3050 2236 ;
3082 2181 3281 2222 verum
3313 2166 3384 2222 de
3411 2165 3549 2236 Deo,
3585 2164 3688 2236 qui

255 2274 456 2329 neque
487 2261 581 2313 est
604 2257 963 2329 principium
995 2262 1586 2331 numerorum.atque
1617 2258 2040 2330 compositione
2069 2262 2264 2326 caret;
2293 2259 2410 2314 imo
2441 2256 2618 2314 etiam
2649 2255 2769 2313 illis
2799 2272 2928 2328 qua:
2961 2273 3079 2313 una
3107 2260 3383 2313 constant
3410 2257 3688 2312 substan-

247 2348 354 2416 tia,
380 2347 590 2402 unitus
612 2347 825 2420 magis.

324 2435 624 2496 Ἑνοποιός
651 2479 664 2492 .
743 2435 1014 2492 Ἐντεῦθεν
1091 2435 1226 2508 μετὰ
1297 2435 1360 2490 τὸ
1417 2434 1650 2506 ἐξελθεῖν
1703 2436 1918 2490 πάντων

245 2528 360 2577 τῶν
390 2521 444 2576 ἐν
474 2527 596 2587 τοῖς
625 2521 742 2578 οὖσι
764 2523 832 2578 τὰ
873 2523 998 2599 περὶ
1030 2528 1185 2592 Θεοῦ,
1221 2522 1416 2580 λοιπὸν
1464 2528 1544 2597 τῷ
1591 2523 1774 2600 μέτρῳ
1819 2530 1922 2595 τῆς

248 2611 533 2689 ἡμετέρας
580 2610 844 2687 γλώσσης
906 2614 1249 2682 ἀκολουθῶν,
1312 2615 1400 2688 (οὗ
1449 2613 1552 2690 γὰρ
1617 2609 1920 2690 ὑπερϐῆναι

245 2700 457 2770 ταύτην
517 2697 744 2757 δυνατὸν
802 2703 986 2777 ἡμῖν’)
1039 2701 1090 2774 ἐξ
1138 2702 1312 2758 αὐτῶν
1348 2699 1558 2774 δοξάζει
1617 2703 1707 2758 τὸν
1767 2703 1921 2773 Θεὸν,

249 2789 302 2863 ἐξ
365 2789 446 2847 ὧν
505 2790 666 2845 αὐτὸν
722 2789 913 2861 ἐξεῖλε·
963 2791 1055 2846 καὶ
1085 2789 1246 2846 ἑνάδα
1275 2792 1463 2870 φησὶν,
1513 2789 1638 2846 ἀλλ’
1672 2792 1920 2848 ἑνοποιὸν

249 2886 364 2935 τῶν
423 2877 655 2948 ἒνάδων,
705 2881 974 2948 τουτέστι,
1033 2878 1370 2958 δημιουργὸν
1429 2886 1536 2936 τῶν
1595 2879 1786 2938 ἁπλῶν
1844 2881 1925 2937 06-

252 2975 414 3039 σιῶν,
477 2973 596 3024 οἷον
655 2969 901 3047 ἀγγέλων
959 2969 1052 3025 καὶ
1112 2973 1328 3046 ψυχῶν·
1387 2971 1477 3026 καὶ
1508 2975 1632 3027 νοῦν
1691 2971 1921 3043 ἀνόητον

253 3059 375 3115 ἀντὶ
426 3063 532 3114 τοῦ
581 3061 657 3132 μή
714 3058 1010 3133 νοούμενον
1067 3061 1170 3115 ὑπό
1226 3081 1373 3123 τινος
1425 3065 1540 3115 νοῦ·
1599 3061 1704 3115 si“
1733 3061 1833 3138 γὰρ
1863 3062 1926 3116 τὸ

252 3148 454 3223 ὅμοιον
490 3148 598 3203 61:6
626 3151 724 3203 :06
755 3149 956 3220 ὁμοίου
977 3148 1322 3224 γινώσκεται,
1357 3149 1527 3226 ἐχρῆν
1562 3151 1700 3224 [οῦν]
1732 3150 1777 3206 εἰ
1801 3155 1926 3213 νοῦς

251 3240 348 3310 ἦν,
387 3237 495 3293 ὑπὸ
525 3241 633 3293 τῶν
666 3241 804 3293 νοῶν
834 3239 1094 3296 νοεῖσθαι,
1129 3237 1308 3294 Ἀλλὰ
1335 3239 1415 3303 τίς
1461 3237 1599 3316 ἔγνω
1647 3237 1772 3295 νοῦν
1818 3243 1926 3297 Κυ-

251 3328 426 3404 ρίου;
487 3327 688 3382 οὐκοῦν
739 3330 866 3391 νοῦς
907 3327 1049 3383 ἐστιν
1099 3328 1230 3404 61:69
1260 3333 1411 3397 νοῦν,
1459 3329 1550 3384 καὶ
1583 3324 1759 3402 ὄνομά
1815 3329 1926 3384 ἐστι

248 3418 316 3471 τὸ
351 3415 492 3491 ὑπὶρ
520 3420 628 3470 πᾶν
686 3411 884 3489 ὄνομα·
933 3416 1026 3471 καὶ
1074 3416 1145 3471 Τὸ
1189 3413 1364 3491 ὄνομα
1410 3418 1516 3493 γάρ
1552 3438 1680 3490 μου,
1739 3418 1928 3492 φησὶν,

2103 2436 2365 2509 E/Iectrix
2392 2435 2647 2493 unitatis.
2680 2435 2767 2491 Ab
2799 2435 2910 2492 hoc
2939 2435 3087 2504 loco,
3139 2434 3239 2490 ubi
3285 2452 3355 2491 ex
3405 2434 3685 2492 omnibus

2031 2542 2228 2582 rerum
2251 2525 2566 2598 generibus
2598 2530 2780 2582 Deum
2829 2524 3062 2590 exemit,
3087 2524 3364 2598 deinceps
3394 2539 3686 2581 mensurae

2033 2616 2221 2672 nostri
2256 2615 2548 2672 sermonis
2581 2617 2914 2686 obsequens
2945 2615 3272 2687 (nequeﬂﬁ
3308 2614 3683 2688 enimipsum

2031 2704 2286 2761 transire
2317 2704 2660 2776 possumus)
2679 2704 2891 2760 iisdem
2925 2704 3110 2761 Deum
3143 2703 3440 2774 laudat,ex
3470 2704 3688 2776 quibus

2033 2794 2232 2866 ipsum
2261 2797 2601 2866 exceperat:
2627 2796 2804 2866 atque
2835 2793 3120 2850 unitatem
3152 2799 3344 2860 vocat,
3384 2793 3489 2848 sed
3520 2793 3688 2864 uniﬁ-

2033 2900 2154 2941 cam
2181 2883 2470 2950 unitatem,
2493 2882 2552 2938 id
2583 2886 2670 2938 est
2699 2881 3062 2955 simplicium
3093 2883 3485 2940 essentiarum
3526 2898 3687 2937 crea-

2032 2971 2425 3044 torem,veluti
2460 2971 2806 3045 angelorum
2833 2976 2890 3028 et
2919 2971 3255 3028 animarum
3291 2991 3304 3034 :
3357 2975 3533 3042 atque
3562 2973 3684 3025 νοῦν

2034 3059 2287 3130 ἀνόητον,
2320 3066 2708 3134 pro,mentem
2741 3079 2775 3118 a
2804 3061 2968 3117 nulla
2997 3065 3192 3117 mente
3221 3061 3610 3130 intellectam;
3638 3061 3688 3117 si

2035 3153 2191 3208 enim
2226 3151 2416 3207 simile
2450 3168 2482 3206 a
2512 3150 2690 3207 simili
2747 3151 3032 3222 noscitur,
3080 3151 3351 3222 debebat,
3411 3151 3461 3206 si
3520 3168 3690 3207 mens

2035 3241 2266 3309 fuisset,
2300 3258 2334 3296 a
2365 3240 2662 3297 mentibus
2693 3239 3186 3312 intelligi.Verum
3210 3239 3334 3312 quis
3357 3240 3509 3297 novit
3533 3258 3693 3297 men-

2038 3340 2148 3386 tem
2180 3330 2411 3386 Domini
2438 3332 2459 3384 ὲ
2490 3345 2629 3402 ergo
2660 3334 2751 3386 est
2779 3345 2938 3385 mens
2972 3346 3154 3402 supra
3187 3334 3470 3399 mentem,
3493 3336 3552 3385 et
3583 3347 3688 3385 no-

2039 3435 2172 3474 men
2207 3435 2388 3491 supra
2411 3435 2587 3475 omne
2617 3435 2862 3475 nomen:
2891 3423 2951 3475 et
2977 3420 3182 3474 Nomen
3207 3419 3358 3476 enim
3389 3419 3690 3489 meum,in-

254 3504 359 3560 οὐκ
408 3505 562 3559 εἶπον
627 3503 836 3566 αὐτοῖς·
897 3501 980 3560 διὸ
1037 3505 1126 3560 καὶ
1177 3505 1464 3578 ἀνώνυμος
1512 3510 1696 3564 πᾶσιν.
1752 3507 1926 3563 Ἀλλά

2042 3509 2189 3580 quit,
2220 3524 2331 3565 non
2354 3508 2479 3564 dixi
2499 3509 2659 3581 ipsis.
2687 3509 2943 3581 Ideoque
2977 3511 3134 3581 apud
3192 3525 3398 3566 omnes
3456 3510 3693 3566 nomine

253 3593 350 3649 καὶ
403 3591 533 3648 οὐδὲ
577 3592 651 3648 ὥν
709 3591 929 3648 ἐστινθθ·
981 3593 1026 3648 εί
1076 3596 1176 3668 γὰρ
1219 3594 1378 3656 αὐτὸς
1409 3595 1476 3648 τὰ
1507 3596 1637 3649 ὄντα
1696 3594 1755 3649 ἐκ
1818 3601 1928 3651 τῶν

267 3684 348 3754 μὴ
382 3678 554 3737 ὄντων
585 3679 938 3758 δημιουργεῖ,
991 3681 1092 3738 οὐκ
1121 3681 1225 3757 ἄρα
1255 3687 1363 3737 τῶν
1399 3677 1570 3738 ὄντων
1603 3683 1768 3753 ἐστὶν,
1803 3683 1930 3740 ἀλλ’

273 3773 406 3847 ὑπὲρ
433 3775 496 3827 τὰ
527 3768 680 3827 ὄντα.
716 3771 836 3826 Ἐὰν
889 3769 946 3826 δὲ
987 3771 1136 3848 λέγῃ.
1170 3772 1316 3847 Ἐγώ
1383 3771 1498 3845 εἰμι
1561 3773 1590 3828 6
1637 3773 1734 3845 ὢν,
1767 3773 1927 3844 ἀξίως

269 3861 376 3915 νόει
406 3859 650 3936 ἄναρχον
680 3860 769 3914 καὶ
800 3858 1182 3931 ἀτελεύτητον,
1233 3858 1380 3916 ἀλλὰ
1436 3863 1524 3917 καὶ
1585 3861 1928 3939 ἀνεξερεύνη-

258 3971 378 4005 τον·

327 4043 358 4109 §
418 4043 491 4096 ΙΙ.
551 4039 617 4091 Ὃ
671 4058 726 4093 τι
783 4037 916 4092 ποτέ
972 4036 1114 4093 ἐστιν
1169 4037 1473 4114 ἐπιστήμη.
1527 4039 1707 4105 Μόνος
1736 4040 1839 4118 γὰρ
1899 4041 1928 4096 6

255 4127 399 4188 Θεὸς
432 4125 598 4188 αὐτὸς
655 4127 726 4182 τὰ
772 4125 898 4199 περὶ
929 4126 1122 4182 ἑαυτοῦ
1152 4125 1451 4198 ἐπίσταται,
1485 4127 1792 4200 ἑπιστητῶς
1839 4131 1929 4185 καὶ

252 4218 470 4291 κυρίως
531 4213 694 4279 εἰδὼς
739 4216 926 4271 ἑαυτὸν
975 4216 1052 4279 ὡς
1101 4213 1236 4271 ἔστι·
1281 4222 1398 4281 τοῖς
1449 4217 1508 4273 δὲ
1543 4219 1666 4290 ἑξῆς
1729 4221 1924 4275 ἅπασιν

251 4305 673 4382 ἀνεπίγνωστος
725 4302 799 4359 ὣν
848 4307 966 4360 κατ’
1020 4305 1174 4377 αὑτὸ,
1227 4305 1289 4360 τὸ
1319 4307 1371 4360 τί
1420 4307 1531 4362 ἐστι
1582 4308 1673 4363 καὶ
1721 4310 1838 4364 καθ’
1897 4310 1926 4364 ὃ

250 4395 424 4451 ἐστιν.
476 4391 672 4456 Οὐδεὶς
729 4394 830 4470 γὰρ
898 4394 1188 4468 γιγνώσκει
1239 4395 1329 4450 τὸν
1389 4392 1620 4471 Πατέρα,
1654 4398 1700 4452 εἰ
1763 4399 1838 4471 μή
1899 4400 1926 4453 6

251 4484 409 4546 Υἱός·
459 4482 551 4538 καὶ
590 4482 686 4538 τὸν
731 4483 879 4556 Υἱὸν,
939 4483 985 4537 εἰ
1029 4484 1106 4556 μή
1155 4485 1184 4538 6
1236 4486 1441 4561 Ηατήρ·
1474 4487 1790 4562 γιγνώσκων
1823 4486 1926 4564 γὰρ

252 4575 282 4628 6
340 4573 535 4648 Πατήρ
582 4573 680 4640 τήν
733 4573 927 4626 ἑαυτοῦ
974 4575 1360 4646 προαυνητὴν
1419 4574 1622 4646 εἰκόνα,
1681 4577 1927 4631 τουτέστι

249 4664 348 4718 τὸν
387 4661 538 4728 Υἱὸν,
591 4661 884 4736 γιγνώσκει
929 4660 1063 4734 [καὶ]
1096 4661 1304 4718 ἑαυτόν.
1355 4664 1425 4717 Τὸ
1474 4663 1609 4718 αὐτὸ
1657 4664 1746 4719 καὶ
1803 4667 1923 4741 περὶ

248 4755 357 4806 τοῦ
389 4749 546 4826 ἁγίου
579 4749 915 4822 Πνεύματος·
968 4747 1164 4814 Οὐδεὶς
1190 4750 1294 4826 γὰρ
1343 4749 1461 4806 οἶδε
1505 4751 1573 4807 τὰ
1619 4757 1717 4808 τοῦ
1769 4758 1925 4828 Θεοῦ,

253 4841 301 4896 εἰ
341 4840 423 4913 μὴ
453 4838 518 4894 τὸ
552 4842 773 4912 Πνεῦμα
800 4838 863 4894 τὸ
888 4836 948 4894 ἐκ
975 4843 1072 4894 τοῦ
1133 4843 1288 4896 Θεοῦ.
1340 4842 1520 4897 Πᾶντα
1569 4841 1776 4913 τοίνυν,
1828 4845 1928 4900 ὅσα

249 4929 386 5006 περὶ
419 4931 554 4984 Θεοῦ
585 4929 778 5005 θεωρεῖ
808 4927 836 4982 6
871 4928 1136 5004 μακάριος
1165 4927 1322 4992 οὗτος
1351 4930 1511 5006 ἀΛήρ,
1552 4931 1676 5006 περὶ
1705 4937 1806 5002 τῆς
1838 4953 1921 4988 σε-

249 5014 501 5092 ὄασμίας
513 5020 558 5055 ⁸⁸
584 5013 820 5093 Τριάδος
853 5021 986 5074 νοεῖ.

325 5106 639 5183 ⁸Δπειρίαν.
692 5106 768 5162 T6
811 5105 1220 5182 πεπερασμένον
1261 5106 1352 5162 καὶ
1383 5107 1724 5184 περιληπτόν
1780 5109 1921 5168 ἐστιν

249 5198 514 5268 εῗκότως,
549 5197 639 5274 ὑφ’
684 5195 748 5252 οῦ
797 5194 888 5250 καὶ
943 5196 1293 5271 πεπίρασται·
1343 5197 1388 5253 εἰ
1443 5195 1502 5254 δὶ
1549 5200 1577 5254 6
1626 5201 1758 5264 Θεὸς
1813 5205 1920 5257 τῶν

246 5289 514 5345 ἁπάντων
565 5285 677 5342 ἐστὶ
725 5286 916 5355 τόπος,
957 5285 1022 5342 οὐ
1071 5293 1418 5362 σωματικῶς,
1464 5287 1613 5347 ἀλλᾶ
1661 5288 1927 5369 δημιουρ-

407 5468 474 5542 (i)
503 5465 715 5526 Matth.
737 5482 820 5537 xx,
844 5466 935 5526 27.

1956 4895 2003 4960 D

2039 3602 2234 3665 caret;
2266 3599 2369 3654 sed
2402 3599 2580 3654 etiam
2613 3615 2802 3671 neque
2833 3615 2969 3654 cum
3002 3599 3098 3666 sit,
3132 3603 3221 3655 est
3253 3617 3267 3668 ;
3301 3599 3350 3656 si
3384 3600 3540 3656 enim
3564 3599 3690 3672 ipse

2039 3703 2230 3754 res,ex
2254 3689 2329 3745 iis
2359 3705 2487 3760 qua
2521 3706 2634 3745 non
2669 3693 2997 3754 sunt,creat
3024 3707 3038 3757 ;
3073 3689 3329 3762 profecto
3348 3689 3579 3745 nullum
3602 3694 3693 3746 est

2037 3795 2241 3834 eorum
2272 3795 2400 3850 qua:
2432 3783 2591 3848 sunt,
2613 3779 2716 3835 sed
2746 3795 2814 3835 ea
2835 3783 3111 3851 superat;
3142 3778 3252 3836 etsi
3283 3783 3482 3836 autem
3505 3779 3688 3835 dixit:

2040 3869 2150 3938 Ego
2169 3885 2294 3924 sum
2323 3868 2420 3941 qui
2447 3885 2589 3936 sum,
2613 3869 2790 3941 digne
2818 3869 3040 3941 cogites
3084 3868 3284 3941 ipsum
3316 3867 3604 3940 principio
3632 3872 3692 3924 et

2038 3957 2176 4024 ﬁne,
2209 3957 2478 4029 quinimo
2509 3958 2684 4013 etiam
2716 3957 3168 4030 investigatione
3205 3973 3421 4014 carere.

2110 4047 2140 4119 §
2173 4046 2247 4101 II.
2280 4047 2412 4118 Ejus
2438 4045 2573 4118 quid
2601 4047 2672 4102 sit
2701 4047 2953 4104 scientia.
2977 4047 3152 4104 Solus
3181 4047 3337 4104 enim
3383 4052 3536 4106 Deus
3567 4048 3694 4121 ipse

2039 4152 2150 4191 sua
2169 4135 2493 4207 cognoscit,
2525 4134 2778 4192 scienter
2819 4141 2878 4191 et
2925 4133 3161 4207 proprie
3204 4137 3467 4208 seipsum
3518 4141 3694 4210 prout

2038 4229 2129 4281 est
2157 4241 2548 4297 cognoscens;
2567 4226 2789 4281 steteris
2806 4242 2943 4281 vero
2969 4225 3247 4280 omnibus
3267 4225 3504 4297 ignotus
3523 4231 3612 4282 est
3629 4226 3690 4282 in

2039 4315 2276 4386 eo,quid
2311 4315 2474 4382 sit,et
2504 4314 2698 4386 qualis
2731 4313 2826 4372 sit.
2855 4316 3050 4370 Nullus
3078 4314 3231 4371 enim
3259 4316 3411 4370 novit
3442 4321 3689 4383 Patrem,

2035 4403 2152 4459 nisi
2179 4403 2378 4474 Filius,
2408 4407 2458 4460 et
2474 4403 2703 4472 Filium,
2735 4404 2851 4459 nisi
2879 4407 3048 4461 Pater
3067 4404 3134 4477 (ἰ)
3164 4421 3182 4460 :
3214 4420 3351 4460 nam
3381 4409 3568 4475 Pater,
3592 4422 3689 4462 co-

2035 4509 2326 4565 gnoscens
2347 4509 2516 4548 suam
2535 4494 2894 4550 adorandum
2916 4493 3325 4565 1maginem,id
3348 4497 3438 4548 est
3455 4493 3687 4562 Filium,

2037 4582 2300 4655 seipsum
2333 4582 2672 4655 cognoscit;
2704 4582 2907 4638 eodem
2957 4583 3128 4638 modo
3185 4586 3458 4638 sanctum
3498 4582 3689 4655 Spiri-

2035 4673 2164 4726 tum
2192 4687 2205 4726 :
2237 4671 2434 4727 Nullus
2458 4671 2608 4728 enim
2635 4671 2793 4726 novit
2823 4675 3025 4740 Deum,
3052 4671 3168 4727 nisi
3203 4670 3444 4743 Spiritus
3489 4671 3588 4745 qui
3618 4687 3689 4729 ea:

2038 4761 2164 4816 Deo.
2195 4759 2409 4816 Omnia
2436 4760 2615 4831 igitur
2645 4777 2770 4832 quae
2819 4761 2891 4814 de
2947 4760 3064 4816 Deo
3116 4761 3433 4817 meditatur
3477 4761 3686 4818 beatus

2023 4848 2132 4929 vhic
2161 4849 2268 4917 vir,
2300 4849 2372 4906 de
2402 4849 2736 4906 veneranda
2765 4849 3050 4906 Trinitate
3098 4849 3396 4922 intelligit.

2104 5116 2460 5188 Inﬁnitatem.
2494 5118 2657 5185 Quod
2693 5117 2928 5175 ﬁnitum
2949 5123 3058 5188 est,
3091 5117 3476 5192 probabiliter
3504 5118 3684 5176 etiam

2034 5207 2451 5279 comprehendi
2485 5209 2557 5263 ab
2574 5225 2641 5264 eo
2669 5211 2861 5280 potest
2893 5225 2925 5264 a
2942 5225 3057 5280 quo
3089 5213 3148 5264 et
3167 5208 3402 5265 ﬁnitum
3426 5212 3552 5279 est;
3576 5209 3687 5266 etsi

2033 5312 2170 5352 vero
2206 5297 2356 5354 Deus
2369 5297 2782 5354 universorum
2807 5298 2886 5354 sit
2909 5299 3098 5370 locus,
3120 5315 3236 5356 non
3258 5302 3458 5357 tamen
3479 5315 3687 5372 corpo-

1301 5609 1542 5670 VARIIE
1570 5611 1964 5674 LECTIONES
1989 5615 2078 5674 ET
2106 5618 2662 5678 CORRECTIONES.

327 5770 376 5809 ⁶¹
405 5767 563 5826 Θεοῦ.
639 5763 688 5802 ⁸³
710 5758 822 5822 καί.
895 5763 942 5802 ⁸³
975 5759 1128 5820 οὐδέν
1151 5761 1312 5824 ἰστιν.
1387 5768 1437 5806 ⁸⁸
1468 5767 1628 5834 οὗτος
1654 5769 1745 5826 καὶ
1775 5773 1887 5828 νοεῖ
1913 5772 2060 5849 παρὰ
2085 5780 2186 5847 τῆς
2213 5770 2527 5850 σεϐασμίας.
