4034 6410
393 407 494 463 191

1215 414 1592 468 APPENDIX
1633 414 1730 467 AD
1766 412 2007 469 OPERA
2043 416 2103 468 Β.
2141 413 2459 470 DIONYSII
2495 415 2991 472 AREOPAGITE.

3742 415 3839 471 192

389 535 611 601 raliter,
642 535 742 591 sed
777 535 1072 606 eﬂ'ective;
1099 536 1311 594 oculum
1347 538 1590 608 enim,et
1619 541 2043 612 terram,atque

2197 539 2347 599 ικῶς·
2375 535 2468 592 τὸν
2501 537 2604 614 γὰρ
2636 537 2887 613 οὐρανὸν,
2913 537 3003 593 καὶ
3035 539 3132 608 τὴν
3190 546 3324 614 γῆν,
3387 539 3482 595 καὶ
3539 539 3608 594 τὰ
3665 540 3832 596 πάντα

393 625 665 680 universa
693 625 823 697 ipse
857 627 1132 700 complet,
1150 633 1206 684 et
1237 633 1401 684 extra
1432 627 1554 684 haec
1585 630 1855 699 exsistit;
1891 633 2049 702 patet

331 784 341 794 η
391 714 852 772 immensitatem
884 733 1036 784 esse,
1085 718 1144 774 id
1176 722 1265 775 est
1295 720 1572 775 virtutem
1605 719 1837 775 nullum
1868 720 2047 775 ﬁnem

391 803 734 860 habentem.

460 895 578 949 Non
608 903 790 951 tamen
823 896 1364 956 incommunieabitis
1382 905 1482 956 est.
1507 903 1625 956 Hoc
1657 898 2052 970 est,universa

391 983 750 1057 participant
779 986 968 1059 ipsius
999 991 1563 1062 communionem,et
1580 988 1900 1047 salutarem
1922 1005 2051 1061 pro-

392 1071 737 1129 videntiam.

465 1165 1092 1234 Supersubstantialem.
1139 1168 1442 1232 Quomodo
1473 1169 1790 1241 aliquando
1810 1167 2050 1239 quidem

397 1250 765 1308 divinitatem
789 1259 952 1311 vocet
982 1257 1400 1330 substantiam,
1434 1258 1756 1330 aliquando
1801 1273 1937 1312 vero
1961 1274 2054 1312 su-

397 1356 501 1412 pra
523 1341 920 1400 substantiam
947 1363 962 1413 ;
996 1347 1151 1404 sicut
1177 1352 1432 1404 mentem
1457 1365 1584 1419 qua:
1607 1351 1803 1403 mente
1833 1345 2051 1418 percipi

399 1430 690 1502 nequit,et
708 1450 924 1490 nomen
957 1452 1138 1508 super
1157 1454 1328 1494 omne
1353 1437 1680 1505 nomen,ita
1696 1441 1754 1492 et
1783 1437 2053 1492 substano

399 1518 540 1576 tiam
565 1538 749 1592 supra
779 1523 1198 1581 substantiam.

470 1611 847 1667 lntendenteo.
882 1613 981 1669 His
995 1615 1153 1671 enim
1181 1633 1436 1688 quorum
1467 1615 2052 1687 comprehensionem

400 1701 551 1754 Deus
585 1700 757 1756 nobis
783 1703 1096 1771 concessit,
1122 1705 1394 1761 convenit
1427 1711 1687 1762 mentem
1719 1705 2053 1773 admovere,

401 1804 592 1860 neque
612 1788 834 1861 aliquid
859 1792 1014 1850 ultra
1036 1793 1442 1851 inﬁrmitatem
1475 1801 1738 1852 nostram
1765 1811 2053 1867 quaerere;

2157 625 2318 688 αὐτὸς
2351 625 2582 702 πληροῖ,
2614 628 2700 682 καὶ
2738 627 2838 699 ἔξω
2868 628 3074 683 τούτων
3104 628 3238 684 ἐστί’
3267 626 3450 699 δῆλον
3488 629 3579 684 ὅτι.
3618 629 3830 705 ἀπειρία

2158 713 2291 785 ἐστὶ,
2323 718 2566 772 τουτέστι
2597 719 2765 794 πέρας
2792 719 2894 773 οὐκ
2925 715 3128 794 ἔχουσα
3156 716 3389 793 δύναμις
3405 720 3475 774 ⁸⁵.

2231 895 2308 953 Οὐ
2343 897 2451 970 μὴν
2484 897 2871 963 ἀκοινώνητον.
2907 899 3165 956 Τουτέστι
3194 898 3261 952 τὰ
3301 899 3486 953 πάντα
3518 905 3622 968 τῆς
3671 898 3829 953 αὐτοῦ

2165 986 2455 1062 μετέχουσι
2485 987 2766 1051 κοινωνίας
2789 987 2877 1042 καὶ
2912 989 3190 1064 σωτηρίου
3223 987 3526 1062 προνοίας.

2228 1167 2334 1236 Τὴν
2389 1167 2730 1240 ὑπερούσιον.
2792 1171 2915 1230 Πῶς
2974 1167 3107 1222 ποτὶ
3143 1168 3262 1240 -μὶν
3325 1165 3521 1222 οὐσίαν
3572 1167 3634 1221 τὸ
3695 1168 3831 1223 θεῖον

2161 1254 2338 1324 καλεῖ,
2371 1257 2502 1311 ποτὶ
2534 1253 2591 1310 δὲ
2642 1255 2982 1331 ὑπερούσιον,
3041 1256 3220 1326 ὥσπερ
3259 1259 3392 1310 νοῦν
3423 1254 3693 1327 ἀνόητον,
3749 1258 3830 1311 καὶ

2162 1340 2338 1418 ὄνομα
2387 1346 2449 1400 τὸ
2502 1346 2634 1421 ὑπὲρ
2666 1347 2768 1400 πᾶν
2799 1342 3164 1420 ὅνομα,οὕτω
3213 1341 3302 1400 καὶ
3359 1344 3558 1400 οὐσίαν
3606 1344 3834 1422 ὑπερθύ-

2163 1455 2302 1491 σιον.

2233 1609 2695 1677 ³Επι6άλλοντας.
2750 1617 2843 1670 Ὧν
2894 1616 2997 1691 γὰρ
3064 1615 3164 1683 τήν
3216 1611 3544 1686 κατάληψιν
3608 1609 3830 1668 δέδωκεν

2162 1709 2300 1780 ἡμῖν
2332 1707 2360 1760 ὁ
2383 1705 2754 1772 Θεὸς,τούτοις
2788 1701 3108 1760 ἐπιϐάλλειν
3141 1706 3417 1780 προσήκει
3449 1704 3545 1758 τὸν
3573 1703 3830 1779 ἡμέτερον

2163 1795 2424 1866 νοῦν,καὶ
2459 1793 2628 1868 μηδὲν
2654 1799 2791 1869 πέρα
2817 1801 2918 1864 τῆς
2965 1793 3236 1868 ἡμετέρας
3295 1792 3584 1854 ἀσθενείας
3638 1797 3827 1863 ζητεῖν-

399 1877 581 1933 veluti
611 1893 741 1935 esse
771 1880 1016 1952 bonum,
1040 1887 1382 1955 creatorem,
1416 1884 1758 1957 benignum,
1815 1890 1872 1940 et
1928 1901 2055 1955 quis

2193 1888 2308 1955 ιῖον,
2369 1885 2451 1940 ὅτι
2513 1886 2734 1959 ἀγαθὸς,
2772 1886 2855 1939 ὅτι
2907 1881 3269 1958 δημιουργὸς,
3302 1881 3390 1937 ὅτι
3427 1879 3830 1958 φιλάνθρωπος,

403 1967 680 2039 deinceps
706 1986 719 2024 :
757 1968 863 2025 hoc
893 1975 1394 2043 autem,qua:nam
1426 1973 1530 2030 Dei
1554 1973 1915 2044 essentia,ne
1941 1971 2058 2029 sol-

404 2055 606 2112 licitus
639 2057 922 2130 inquiras.

478 2148 581 2202 96
637 2152 825 2220 Supra
881 2149 1027 2208 vires
1074 2152 1292 2224 aliquid
1342 2153 1646 2210 insolenter
1699 2159 2061 2225 praesumunt.

404 2238 578 2293 Recte
595 2236 656 2290 τὸ
688 2233 986 2307 ἀδυνάτως,
1017 2241 1385 2312 impotenter,
1421 2248 1479 2299 et
1523 2243 1573 2299 si
1622 2242 1779 2298 enim
1824 2239 2066 2297 tentarit

405 2325 640 2398 aliquis,
667 2343 784 2382 non
817 2330 1175 2402 assequitur,
1210 2334 1311 2388 sed
1344 2337 1574 2388 tantum
1598 2330 2066 2403 intelligentibus

408 2415 596 2472 oculis
628 2417 985 2491 obscuratis,
1045 2422 1221 2477 etiam
1280 2440 1312 2478 a
1344 2439 1475 2478 vero
1534 2422 1748 2478 excidit
1789 2421 2014 2477 lumine
2047 2435 2062 2485 ;

408 2507 912 2577 quemadmodum
937 2511 1039 2581 qui
1072 2513 1376 2568 contendit
1407 2513 1702 2584 integrum
1723 2511 1909 2592 solem
1936 2529 2062 2567 cor-

409 2611 585 2667 poreo
617 2595 882 2668 excipere
938 2600 1106 2656 oculo
1136 2619 1148 2669 ;
1183 2604 1339 2673 quod
1389 2602 1598 2658 divinas
1629 2607 1686 2658 et
1710 2618 1837 2673 quae
1871 2605 2066 2658 mente

409 2685 824 2758 percipiuntur
853 2688 1100 2746 virtutes
1131 2691 1528 2757 insinuantes,
1553 2691 1858 2748 cherubim
1891 2695 1948 2746 et
1975 2707 2066 2747 se-

407 2774 640 2846 raphim
673 2775 851 2832 facies
882 2781 1113 2850 tegunt,
1147 2780 1511 2837 declarantes
1543 2797 1604 2836 se
1634 2798 1748 2836 non
1782 2781 2067 2836 inherere

409 2863 1052 2939 contemplationi,quae
1083 2873 1320 2941 captum
1352 2871 1616 2942 ipsorum
1643 2874 1883 2943 superat
1916 2891 1930 2940 ς
1965 2885 2066 2924 ne-

408 2969 525 3023 que
552 2953 699 3025 ipsis
732 2970 1012 3012 concessa
1041 2961 1151 3013 est.
1189 2959 1380 3031 Atque
1411 2959 1521 3016 hoc
1551 2962 1676 3015 est:
1709 2960 1881 3014 Deum
1908 2973 2066 3014 nemo

407 3041 550 3098 vidit
585 3059 831 3116 unquam
852 3045 950 3117 (k).
982 3048 1118 3102 ldeo
1180 3049 1276 3103 Dei
1309 3049 1604 3120 sapientes
1651 3048 1899 3121 gloriam
1939 3048 2063 3117 Dei,

411 3148 529 3189 non
561 3136 759 3189 autem
788 3134 972 3190 Deum
1003 3136 1222 3193 vidisse
1254 3139 1442 3194 aiunt.

479 3223 632 3288 §IIL
675 3223 828 3290 Quod
883 3224 1103 3295 quidem
1159 3232 1398 3284 mentem
1443 3237 1691 3299 superat.
1756 3225 2064 3298 Perspicue

2170 1975 2258 2030 καὶ
2286 1975 2351 2028 τὰ
2408 1974 2551 2045 ἑξῆς·
2608 1972 2669 2028 τὰ
2705 1971 2780 2046 δὲ,
2813 1973 2894 2036 τίς
2928 1975 2962 2042 ἡ
2998 1971 3155 2027 οὐσία
3176 1977 3273 2026 τοῦ
3305 1971 3470 2044 Θεοῦ,
3531 1973 3609 2044 μή
3666 1969 3830 2025 πολυ-

2169 2064 2494 2140 πραγμόνει.

2243 2151 2551 2214 Ἀδυνάτως
2603 2149 3143 2224 ἀπαυθαδιζομὲνους
3176 2190 3193 2208 .
3265 2148 3473 2214 Καλῶς
3529 2149 3594 2204 τὸ
3650 2145 3828 2203 ἀδυνά·

2171 2263 2302 2305 τως·
2361 2241 2455 2297 κᾶν
2508 2243 2610 2318 γὰρ
2643 2241 3014 2317 ἐπιχειρήσειέ
3068 2261 3174 2312 τις,
3237 2239 3343 2294 οὐκ
3393 2239 3694 2316 ἐφικνεῖται
3725 2237 3827 2310 μὲν,

2178 2330 2342 2404 μόνον
2377 2328 2455 2400 δὲ,
2505 2330 2599 2392 τὰς
2657 2331 2849 2406 νοεράς
2901 2326 3052 2404 ὄψεις
3100 2327 3555 2404 ἀμαυρούμενος,
3602 2325 3688 2381 καὶ
3743 2327 3826 2378 τοῦ

2175 2417 2330 2482 ὄντος
2361 2417 2608 2474 ἐκπίπτει
2637 2420 2834 2496 φωτὸς,
2868 2419 2941 2480 ὡς
2990 2419 3017 2473 ὁ
3067 2416 3469 2495 φιλονεικήσας
3499 2414 3632 2471 ὅλον
3679 2412 3825 2483 ἠλιον

2173 2513 2252 2581 τῷ
2285 2512 2583 2581 σωματικῷ
2631 2505 2871 2579 δέξασθαι
2922 2505 3213 2585 ὀφθαλμῷ,
3265 2507 3406 2579 ὅπερ
3456 2505 3513 2558 αἱ
3565 2505 3697 2558 Θεῖαι
3747 2499 3823 2556 καὶ

2175 2599 2365 2669 νοηταὶ
2402 2595 2657 2672 δυνάμεις
2687 2596 3077 2670 αἶ’νιττόμεναι,
3129 2589 3417 2670 χερουϐὶμ
3466 2593 3558 2648 καὶ
3608 2590 3824 2667 σεραφίμ

2171 2689 2240 2743 τὰ
2268 2690 2535 2763 πρόσωπα
2590 2685 2950 2752 καλύπτουσι,
3011 2682 3285 2754 δηλοῦντα
3355 2684 3436 2756 μή
3498 2680 3821 2756 προσερίζειν

2171 2782 2240 2852 τῇ
2276 2778 2405 2848 ὑπὲρ
2439 2775 2632 2838 αὐτοὺς
2655 2775 2950 2852 θεωρίᾳμή
2985 2772 3249 2848 δεδομένῃ
3286 2772 3506 2834 αὐτοῖς.
3543 2771 3644 2828 Καὶ
3673 2765 3820 2824 τοῦτό

2174 2865 2284 2922 ἐστι
2313 2866 2402 2921 τό·
2464 2865 2592 2922 Θεὸν
2626 2863 2804 2929 οὐδεὶς
2833 2865 3038 2939 ἑώρακε
3068 2865 3314 2919 πώποτε.
3365 2865 3536 2926 ’Όθεν
3568 2861 3622 2915 οἱ
3654 2858 3822 2913 θεόσσ-

2175 2977 2268 3034 φοι
2299 2954 2453 3027 δόξαν
2484 2960 2640 3029 Θεοῦ,
2672 2955 2797 3010 ἀλλ’
2829 2954 2891 3009 οὐ
2923 2955 3049 3008 Θεὸν
3084 2951 3391 3029 ἑωρακέναι
3423 2952 3579 3030 φασί.

2247 3227 2402 3301 ΞΙΙΙ.
2438 3225 2514 3281 Τὸ
2570 3223 2665 3296 μὲν
2720 3223 2851 3296 ὑπὲρ
2906 3225 3054 3278 νοῦν.
3109 3223 3308 3298 Σαφῶς
3368 3218 3430 3276 ἐκ
3469 3219 3672 3274 τούτων
3727 3210 3822 3269 ἔστι

410 3307 547 3366 licet
575 3327 643 3366 ex
663 3310 773 3368 hoc
804 3312 930 3370 loco
961 3315 1258 3372 advertere
1287 3316 1407 3372 Arii
1469 3321 1526 3372 et
1579 3316 1850 3372 Eunomii
1899 3315 2060 3372 insa-

2193 3311 2364 3371 λαϐεῖν
2395 3314 2494 3383 τήν
2529 3312 2744 3387 Ἀρείου
2774 3314 2863 3366 καί
2900 3310 3169 3384 Εὐνομίου
3205 3309 3428 3382 μανίαν,
3457 3306 3510 3364 οἳ
3539 3306 3626 3362 καὶ
3653 3322 3819 3379 τεχνοο

410 3401 594 3468 niam,
620 3401 721 3473 qui
752 3402 823 3457 de
853 3403 1191 3461 substantia
1247 3406 1548 3478 Unigeniti
1604 3422 1875 3463 sermone
1904 3404 2067 3462 omni

412 3497 468 3544 et
497 3490 828 3547 substantia
873 3493 1176 3566 superiore
1231 3511 1301 3550 ex
1354 3499 1477 3552 arte
1522 3496 1811 3552 disserere
1850 3499 2070 3552 temere

415 3579 680 3652 aggressi
710 3580 947 3638 fuerint.

487 3667 763 3739 [Mentem
795 3670 952 3727 enim
975 3671 1296 3728 humanam
1328 3673 1500 3746 plane
1531 3673 1757 3730 excedit
1789 3672 2073 3746 principis

415 3755 761 3829 divinitatis,
795 3761 1331 3834 universorumque
1373 3763 1587 3835 reginae
1619 3762 1976 3834 (Trinitatis)
2008 3778 2074 3817 ac

414 3847 858 3907 innominabilis
887 3851 1016 3922 ejus
1065 3852 1335 3909 essentia;
1383 3853 1874 3924 incomprehensa
1902 3849 2077 3907 celsi-

417 3937 607 4008 tudoJ

489 4026 734 4084 Summae
779 4028 1120 4101 divinitatis,
1197 4033 1291 4086 Gr.
1369 4035 1468 4099 τῆς
1554 4027 1834 4103 θεαρχίας.
1911 4033 2078 4101 Θεαρ-

419 4113 546 4189 χίαν
579 4116 895 4174 divinitatis
923 4119 1268 4192 principium
1294 4125 1462 4176 vocat
1509 4121 1752 4192 ubique,
1814 4119 2077 4188 reginam

420 4205 830 4264 universorum
853 4209 1372 4282 Trinitatem,quia
1395 4211 1468 4266 iis
1492 4210 1594 4282 qui
1626 4211 1805 4266 etiam
1828 4209 1909 4264 dii
1936 4225 2081 4262 nun-

421 4301 715 4367 cupantur
745 4296 1620 4372 imperat,angelis,inquam,et
1649 4299 1894 4364 sanctis,
1928 4297 2082 4352 sicut

421 4390 596 4442 antea
625 4386 916 4454 diximus;
953 4387 1372 4445 obscuritatem
1405 4405 1562 4460 vero,
1598 4388 1757 4444 illius
1809 4388 2079 4451 substan,

423 4476 511 4533 tia:
541 4493 671 4548 quaa
705 4477 995 4534 nominari
1029 4479 1231 4549 nequit
1261 4477 2030 4546 incomprehensibilitatem
2059 4501 2075 4552 ;

420 4567 576 4638 quod
610 4567 785 4639 paulo
822 4572 954 4639 post
985 4568 1148 4635 dicit,
1179 4569 1459 4625 moderato
1489 4568 1733 4636 silentio,
1767 4571 1942 4639 atque
1973 4585 2077 4624 su-

420 4656 789 4727 perius,sicut
821 4658 873 4712 ei
891 4657 1043 4729 licet,
1073 4659 1338 4729 modoque
1360 4657 1535 4714 sacri:
1564 4656 1930 4713 convenienti.

489 4746 997 4819 Beneﬁciorumque
1009 4746 1377 4820 principium.
1403 4747 1742 4804 Secundum
1763 4746 1902 4819 quid
1918 4746 2072 4803 Deus

418 4836 498 4892 sit
528 4837 880 4909 principium
933 4839 1129 4894 omnis
1153 4838 1543 4911 apparitionis
1574 4838 1843 4908 luminis,
1866 4842 1923 4894 et
1943 4856 2070 4910 quas

419 4923 666 4982 luminis
690 4927 1115 4999 apparitiones,
1147 4932 1324 5000 atque
1350 4928 1811 4985 reformationes.

495 5015 850 5072 Resurrectio.
917 5016 1030 5071 Hoc
1061 5017 1259 5088 ipsum
1312 5020 1404 5073 est
1461 5019 1615 5089 quod
1667 5018 1810 5073 dixit
1839 5018 2072 5074 Simeon

421 5104 564 5160 dum
593 5105 896 5162 Christum
926 5105 1187 5161 videret:
1221 5106 1551 5178 Hicpositus
1605 5111 1684 5164 est
1739 5108 1802 5163 in
1847 5107 2076 5163 ruinam

419 5201 470 5249 et
500 5195 959 5251 resurrectionem
1012 5193 1316 5253 multorum
1378 5197 1437 5251 in
1489 5199 1662 5254 Israel
1698 5197 1807 5270 (l);
1839 5196 2073 5252 ruinam

419 5284 654 5356 quidem
687 5286 814 5356 ejus
846 5287 1002 5357 quod
1030 5287 1090 5341 in
1124 5287 1293 5344 nobis
1325 5292 1415 5345 est
1443 5289 1740 5357 deterius;
1775 5303 2072 5344 resurrec-

418 5374 640 5431 tionem
669 5391 805 5430 vero
837 5377 966 5447 ejus
998 5379 1156 5448 quod
1191 5383 1282 5434 est
1312 5379 1716 5450 praestantius.

566 5529 642 5602 (k)
671 5529 843 5586 Joan.
878 5547 918 5603 ι,
963 5531 1048 5586 18.
1082 5531 1144 5604 (ι)
1171 5532 1308 5589 Luc.
1342 5547 1408 5602 ιι,
1439 5533 1528 5587 34.

2107 4662 2156 4728 D

2177 3404 2358 3480 λογεῖν
2390 3405 2488 3472 τήν
2523 3400 2758 3478 ἄρρητον
2791 3399 2881 3456 καὶ
2919 3398 3241 3475 ὑπερούσιον
3276 3399 3470 3454 οὐσίαν
3520 3399 3615 3452 τοῦ
3659 3399 3818 3448 Μονο-

2176 3498 2364 3569 γενοῦς
2397 3489 2522 3567 ἐθάρ
2531 3511 2713 3568 ρησαν.

2257 3673 2436 3746 [Ὑπὲρ
2467 3675 2590 3725 νοῦν
2653 3670 2756 3746 γάρ
2805 3670 2917 3724 ἐστι
2963 3669 3024 3723 τὸ
3071 3669 3168 3736 τῆς
3201 3665 3487 3743 θεαρχίας,
3518 3663 3680 3739 ἤγουν
3735 3663 3820 3727 τῆς

2183 3756 2588 3836 παμϐασιλίδος
2638 3760 2726 3814 καὶ
2778 3758 3224 3831 ἀκατονομάστου
3283 3755 3472 3818 οὐσίας
3529 3755 3590 3809 τὸ
3646 3746 3819 3806 ἀκατά-

2188 3850 2448 3924 ληπτον.]

2255 4033 2371 4101 Τῆς
2401 4029 2678 4106 θεαρχίας.
2739 4027 3005 4102 Θεαρχίαν
3066 4025 3226 4082 καλεῖ
3254 4027 3544 4099 πανταχοῦ
3567 4023 3662 4092 τήν
3689 4036 3819 4106 παμ-

2187 4116 2444 4177 ϐασιλίδα
2472 4102 2683 4193 Τριάδα
2711 4115 2803 4172 διὰ
2828 4118 2889 4172 τὸ
2916 4117 3006 4171 καὶ
3034 4113 3142 4171 τῶν
3199 4113 3516 4190 λεγομὲνων
3550 4114 3679 4176 θεῶν
3734 4102 3819 4178 ἅρ-

2187 4231 2329 4286 χειν,
2390 4206 2634 4284 ἀγγέλων
2693 4206 2837 4284 φημὶ
2885 4206 2971 4260 καὶ
3030 4204 3218 4279 ἁγίων,
3277 4203 3356 4266 ὡς
3413 4201 3817 4286 προειρήκαμεν.

2186 4281 2516 4376 Ϊξρύφιονῗῖιὶ
2539 4297 2600 4352 τὸ
2630 4281 2754 4371 περί
2781 4303 2881 4365 τῆς
2913 4292 3357 4367 ἀκατονομάστου
3389 4289 3598 4360 ἐκείνης
3653 4281 3817 4386 οὐσίας

2187 4387 2593 4458 ἀκατάληπτον·
2630 4386 2761 4461 ὅπερ
2793 4384 2927 4460 μετὰ
2961 4385 3154 4461 μικρόν
3176 4403 3308 4461 φησι
3335 4382 3576 4460 σώφρονι
3599 4377 3719 4450 σιγῇ
3742 4377 3818 4425 καί

2188 4477 2463 4553 ἀνωτέρω,
2497 4478 2570 4541 ὡς
2600 4476 2818 4550 θεμιτὸν
2852 4474 3018 4547 αὐτῷ,
3049 4473 3139 4528 καὶ
3169 4473 3532 4549 ἱεροπρεπῶς.

2260 4746 2364 4804 Καὶ
2394 4747 2492 4814 τὴν
2539 4740 2861 4819 ἀγαθοδότιν
2905 4741 3106 4817 ἀρχήν.
3157 4739 3302 4796 Κατὰ
3331 4739 3384 4795 τί
3424 4739 3563 4794 ἐστιν
3622 4735 3648 4788 ὁ
3703 4725 3815 4784 Θεὸς

2180 4839 2327 4913 ἀρχὴ
2360 4837 2540 4906 πάσης
2571 4831 2966 4911 φωτοφανείας,
3007 4831 3098 4886 καὶ
3143 4829 3286 4892 τίνες
3337 4829 3391 4884 αἱ
3453 4819 3813 4905 φωτοφάνειαιι

2179 4928 2272 4982 καὶ
2301 4924 2740 5002 ἀναμορφώσεις.
3643 4997 3652 5006 Ι
3765 4991 3776 5006 ἢ

2249 4997 2578 5076 Ἀνάστασις.
2624 5008 2799 5068 Τοῦτὸ
2855 5010 2994 5067 ἐστιν
3050 5009 3079 5065 ὅ
3137 5008 3282 5085 λὲγει
3343 5006 3592 5081 Συμεὼν,
3623 4997 3705 5054 ὅτε
3728 4997 3810 5047 τὸν

2181 5106 2412 5179 Χριστὸν
2445 5101 2602 5158 εἶδεν·
2635 5103 2808 5166 Οὗτος
2837 5106 3010 5156 κεῖται
3045 5099 3122 5163 εἷς
3165 5103 3371 5154 πτῶσιν
3419 5094 3508 5151 καὶ
3555 5089 3809 5179 ἀνάστασξν

2182 5167 2410 5250 πολλῶν
2445 5192 2498 5248 ἐν
2531 5197 2610 5264 τῷ
2637 5189 2884 5266 Ἰσραήλο
2918 5191 3124 5245 πτῶσιν
3161 5188 3254 5262 μὲν
3307 5189 3406 5242 τοῦ
3435 5183 3486 5240 ἐν
3537 5181 3666 5252 ἡμῖν
3708 5167 3812 5246 χεί-

2185 5304 2367 5359 ρονος,
2397 5283 2682 5338 ἀνάστασιν
2714 5278 2771 5336 δὲ
2799 5284 2896 5336 τοῦ
2933 5277 3240 5356 βελτίονος.

1447 5656 1682 5715 νΑΒΙίΕ
1715 5654 2102 5714 LECTIONES
2134 5654 2223 5711 ET
2255 5649 2817 5710 CORRECTIONEB.

493 5747 542 5785 ⁸⁸
569 5744 808 5821 ἐχούσης
841 5743 1144 5824 δυνᾶμιως.
