4034 6414
231 387 325 442 193
987 387 1045 440 S.
1086 386 1357 439 MAXIMI
1395 382 1702 437 SCHOLIA
1741 385 1814 436 IN
1856 385 1916 436 Ll

2034 385 2126 436 DE
2164 385 2433 439 DIVINIS
2473 385 2887 440 NOMINIBUS.

291 514 413 565 Τῶν
491 509 885 587 φωτιζομένων
967 503 1268 580 ἔλλαμψις.
1329 502 1642 578 Βαθμηδὸν,
1712 503 1978 580 ὥσπερΑ

227 600 312 657 ἰπὶ
340 600 411 653 τὰ
467 599 694 672 μείζονα
742 597 978 674 προϊὼν,
1011 596 1165 674 φησὶ,
1198 599 1416 671 πρῶτον
1467 592 1895 672 φωτιζομένους,

228 692 339 745 εἶτα
387 686 780 760 τελουμένους.
830 686 1110 742 Τελεῖσθαι
1164 682 1222 740 δέ
1269 684 1403 752 ἐστι,
1444 684 1506 738 τὸ
1558 684 1634 745 εἷς
1689 682 1898 739 τελειό-

230 800 369 851 τητα
428 779 648 852 ἄγεσθαι
701 774 791 831 διὰ
837 783 936 843 τῆς
991 774 1125 847 μετᾶ
1161 775 1225 828 τὸ
1261 775 1540 847 βάπτισμα
1572 771 1640 827 δι’
1675 770 1902 841 εὐζωΐας

232 874 549 944 προκοπῆς,
576 864 666 920 ’ἱνα
703 863 926 936 δύνηταί
955 885 1038 926 τις
1087 864 1255 918 εἶπεῖν
1293 883 1303 894 ·
1339 864 1447 920 Τὸν
1504 861 1709 938 δρόμον
1761 861 1904 916 τετέ-

235 959 387 1027 λεκα,
423 958 522 1026 τήν
555 955 739 1011 πίστιν
767 956 1067 1028 τετήρηκα.
1096 954 1158 1009 Ἣ
1194 950 1288 1006 οῦν
1317 953 1670 1028 προσκυνητή
1711 950 1903 1027 Τριᾶς,

229 1055 332 1116 τῆς
397 1045 665 1114 τοιαύτης
733 1043 960 1113 τελετῆς
1042 1040 1309 1118 ἄρχουσα,
1383 1043 1476 1096 ἅτε
1557 1042 1647 1095 καὶ
1725 1042 1905 1110 πάσης

231 1136 580 1198 τελειώσεως
611 1135 877 1204 ποιητική
924 1132 1270 1207 τελετάρχις,
1303 1131 1527 1192 εἰκότως
1577 1136 1804 1185 νοεῖται.
1838 1130 1906 1187 Οἱ

231 1230 361 1302 γοῦν
393 1229 467 1298 τῇ
500 1227 760 1300 προκοπῇ
791 1220 1171 1294 τελειοόμενοι
1206 1225 1451 1284 θεοῦνται
1486 1220 1726 1287 πάντως,
1760 1218 1906 1282 θείας

232 1314 497 1370 κοινωνοὶ
549 1314 762 1390 φύσεως
813 1312 1119 1388 γινόμενοι,
1150 1312 1224 1365 ὧν
1273 1313 1319 1348 ⁸⁸
1365 1307 1643 1385 ἀναλόγως
1676 1311 1710 1377 ἡ
1745 1309 1908 1383 θεαρ-

233 1405 335 1480 χία
378 1405 407 1458 6
461 1403 619 1470 Θεὸς,
671 1406 806 1465 θεῶν
851 1399 1224 1477 γεγενημένων
1275 1401 1422 1474 ἀρχή
1473 1420 1554 1460 τις
1607 1393 1704 1454 ὥν.
1756 1395 1908 1454 Μετὰ

233 1498 370 1570 γοῦν
401 1493 506 1561 τὴν
541 1486 801 1546 ἀνάϐασιν
831 1489 1032 1560 ταύτην
1087 1489 1162 1552 εἷς
1217 1488 1500 1559 ἁπλότητα
1555 1486 1909 1564 προκόπτου-

235 1604 346 1650 σιν,
381 1579 673 1658 ἲσάγγελοι
707 1577 795 1634 διὰ
822 1586 922 1650 τῆς
957 1579 1299 1642 ἀναστάσεως
1326 1578 1630 1653 γινόμενοι,
1661 1578 1751 1630 καὶ
1781 1575 1908 1630 οὐκ·

237 1675 320 1725 ἐτι
381 1670 622 1746 ψυχικὸν
679 1667 903 1744 ἔχοντες
973 1672 1155 1741 σῶμα,
1213 1666 1349 1722 κατὰ
1403 1667 1496 1721 τὸν
1546 1662 1908 1733 Ἀπόστολον,

231 1760 490 1816 τουτέστι
524 1757 615 1814 διὰ
643 1762 831 1833 ψυχῆς
863 1756 1116 1819 συνεστός
1143 1777 1202 1812 τε
1249 1755 1339 1810 καὶ
1388 1757 1733 1830 κινούμενον,
1765 1751 1913 1809 ἀλλὰ

231 1850 638 1921 πνευματικὸν,
669 1848 787 1902 ἀντὶ
839 1851 936 1902 τοῦ
995 1844 1083 1901 διὰ
1131 1849 1230 1901 τοῦ
1280 1843 1546 1919 παναγίου
1595 1843 1911 1916 Πνεῦματος

234 1939 326 1994 ἐπὶ
365 1940 511 2013 μέγα
542 1939 804 2012 χυθέντος
837 1935 920 1990 ἐπ’
951 1934 1148 1996 αὐτοὺς
1195 1941 1293 2004 τῆς
1352 1933 1756 1990 πολυσυνθὲτου
1802 1935 1911 1985 τῶν

239 2026 536 2104 λογισμῶν
570 2024 874 2093 ποικιλίας,
908 2025 995 2079 καὶ
1028 2029 1136 2079 τῶν
1197 2024 1498 2092 αἰσθήσεων
1557 2020 1916 2095 ἀπηλλαγμέ-

236 2139 322 2169 νοι
362 2136 375 2148 ·
412 2115 537 2179 ὅθεν
569 2115 660 2170 καὶ
692 2113 948 2183 ένίζονται
982 2113 1060 2174 εἷς
1093 2110 1252 2168 ἒνάδα
1285 2111 1596 2182 ἁπλότητος
1626 2111 1914 2184 ἀγόμενοι,

237 2207 382 2261 καθᾶ
439 2205 766 2282 προέφημεν
800 2222 812 2234 '
851 2202 993 2279 λέγει
1036 2204 1136 2277 γὰρ
1168 2205 1255 2257 καὶ
1292 2199 1547 2276 ἀλλαχοῦ
1581 2222 1593 2235 ο
1630 2203 1726 2256 ἸΙν
1785 2198 1911 2282 γὰρ,

239 2296 402 2372 φησὶ,
436 2297 546 2348 τῶν
579 2293 981 2347 πιστευσάντων
1010 2287 1207 2366 καρδία
1237 2290 1327 2345 καὶ
1357 2292 1510 2366 ψυχὴ
1549 2289 1662 2363 μία.

309 2566 380 2619 Ἠ
428 2567 540 2617 τῶν
594 2561 812 2630 ζώντων
867 2562 1003 2630 ζωή.
1040 2564 1166 2623 Καθ’
1197 2558 1383 2613 ἑαυτὸν
1417 2559 1444 2612 6
1495 2558 1622 2620 Θεὸς
1671 2557 1732 2613 οὐ
1780 2565 1919 2615 νοεῖ-

239 2674 353 2709 ται·
392 2653 513 2707 ἐπεὶ
547 2649 606 2706 δὲ
635 2654 745 2704 τῶν
771 2645 937 2703 ὄντων
971 2647 1186 2703 πάντων
1221 2646 1361 2702 ἐστὶν
1410 2646 1556 2702 αἲτία
1603 2649 1693 2702 καὶ
1741 2649 1914 2725 ἀρχῆ,

241 2748 354 2798 τῶν
390 2740 587 2796 ἁπλῶν
621 2733 873 2809 ἁπλότης
903 2737 1035 2806 ἐστὶ,
1068 2740 1175 2792 τῶν
1206 2739 1419 2805 ζώντων
1482 2738 1618 2807 ζωὴ,
1649 2741 1758 2792 τῶν
1820 2739 1918 2815 οὑτ

243 2837 377 2887 σιῶν
409 2829 758 2906 ὑπιροόσιος,
789 2829 878 2883 καὶ
922 2826 1110 2889 ἁπλῶς
1157 2827 1373 2881 πάντων
1419 2828 1628 2900 ἀγαθῶν
1683 2825 1921 2900 μεταδόο

241 2943 327 2983 τις
361 2919 533 2974 ἐστίν.

319 3011 790 3086 Ἐκιραντορικῶς.
854 3006 1212 3083 Ἐκφάντορες
1284 3005 1487 3077 κυρίως
1556 3003 1806 3082 ἐλέγοντο
1865 3008 1918 3061 οἱ

239 3104 350 3152 τῶν
409 3096 732 3170 μυστηρίων
783 3094 852 3149 τὰ
923 3092 1132 3169 ἅῤῥητα
1208 3088 1564 3166 συμϐολικῶς
1639 3093 1916 3172 ἐκφαίνον-

241 3209 329 3250 τες

242 3364 394 3430 θέλει
428 3363 642 3434 δηλοῦν
675 3363 795 3424 ένᾶς
826 3361 916 3415 καὶ
971 3362 1139 3435 μονὰς
1187 3360 1274 3414 ἐπὶ
1324 3365 1457 3416 Θεοῦ
1503 3360 1799 3436 λεγομένη,
1831 3360 1920 3416 καί

247 3477 444 3535 φησιν,
479 3452 566 3508 ὅτι
597 3473 723 3527 περ,
751 3449 839 3506 ἵνα
869 3453 1192 3526 παραστήσῃ
1221 3451 1318 3519 τήν
1352 3451 1606 3524 ἀμέρειαν
1638 3455 1736 3505 τοῦ
1763 3454 1919 3521 Θεοῦ,

246 3549 417 3599 τοῦτο
447 3541 670 3617 λέγεται
703 3540 850 3615 παρᾶ
876 3545 983 3594 τῶν
1018 3538 1292 3615 θεολόγων
1330 3559 1342 3572 ·
1375 3539 1438 3593 τὸ
1483 3540 1586 3615 γὰρ
1619 3537 1801 3614 ὄγκοις
1829 3540 1917 3594 καὶ

249 3633 605 3702 πηλικότησι
638 3627 1056 3701 διειλημμένον,
1087 3633 1250 3683 τοῦτο
1278 3629 1370 3684 ἅτε
1417 3629 1505 3682 καὶ
1559 3632 1718 3701 σῶμα
1769 3627 1923 3702 μερίο

261 3729 411 3791 ζεται
444 3741 456 3753 ’
502 3722 568 3775 τὸ
623 3717 682 3774 δὲ
734 3718 931 3792 ἀμερὲς
977 3719 1067 3773 καὶ
1097 3717 1400 3796 ἀνέμφατόν
1435 3717 1544 3772 ἐστι
1576 3721 1620 3754 ⁵⁸
1654 3718 1929 3792 σώματος,

271 3809 420 3866 ἀλλὰ
459 3811 548 3865 καὶ
606 3809 740 3884 ὑπὲρ
799 3807 969 3862 πᾶσάν
1030 3806 1170 3863 ἐστιν
1224 3807 1536 3880 ἀσωματίαν
1571 3828 1582 3840 ·
1642 3804 1830 3872 ἄλλως
1874 3829 1932 3862 τε

269 3898 454 3970 ἐπειδὴ
489 3899 804 3966 διανοηθεὶς
835 3900 862 3952 ὁ
893 3899 1022 3961 Θεὸς
1075 3896 1424 3973 βουλητικῶς
1481 3898 1548 3952 τὰ
1602 3900 1778 3952 πάντα
1831 3899 1930 3952 ὑπ-

265 3990 515 4060 έστησεν,
549 3988 659 4064 οὐχ
693 3989 785 4042 οἶά
812 4008 894 4049 τις
925 3991 1049 4048 νοῦς
1081 3987 1157 4050 εἷς
1186 3988 1409 4058 νοήσεις
1445 3988 1716 4060 μερισθεὶς
1766 3985 1932 4042 ἐπολ-
1962 3994 1968 4001 ’

265 4077 660 4149 λαπλασιάσθη
697 4097 709 4110 ·
749 4075 895 4132 ἀλλᾶ
929 4075 1118 4149 μείνας
1166 4075 1256 4131 καὶ
1309 4077 1505 4149 μένων,
1539 4077 1728 4154 φησὶν,
1759 4076 1810 4131 έν
1862 4080 1932 4150 τῇ

254 4167 416 4223 ἐνάόι
494 4169 716 4241 ἀμερῶς
792 4166 882 4221 καὶ
956 4163 1296 4228 ἀσκεδάστως
1355 4166 1443 4220 καὶ
1500 4167 1766 4236 ὑπέστησε
1844 4167 1931 4220 καὶ

259 4258 528 4335 ὑφίστησι
584 4257 651 4312 τὰ
711 4255 763 4310 ἐν
824 4259 894 4330 τῇ
944 4256 1163 4310 κτίσει·
1209 4252 1312 4316 ἕως
1343 4255 1445 4330 γὰρ
1478 4253 1599 4330 ἄρτι
1656 4255 1935 4330 ἐργάζεται

258 4349 292 4403 6
324 4348 484 4414 Θεὸς,
521 4347 596 4407 ὡς
624 4345 677 4400 ἐν
711 4343 1067 4420 Εὐαγγελίοις
1097 4341 1314 4420 εἷ’ρηται
1347 4365 1360 4376 ·
1400 4344 1793 4421 ὑπερήπλωται
1843 4345 1935 4401 οὖν

255 4443 445 4491 πᾶσαν
482 4435 771 4504 ἁπλότητα
801 4433 1023 4510 ἀμερῶς
1058 4433 1388 4509 ὑπεραίρων.

3553 386 3659 444 194

2079 507 2537 565 Itluminatorum
2566 508 2889 565 illustratio.
2949 509 3249 566 Gradatim
3309 511 3382 566 ad
3433 513 3662 584 majora

2007 597 2411 670 progrediens,
2462 598 2559 666 ait,
2589 597 2849 671 primum
2908 614 3004 654 eos
3063 599 3163 671 qui
3222 599 3660 673 illuminantur,

2010 686 2221 741 deinde
2276 702 2375 742 eos
2417 688 2515 758 qui
2550 687 2955 759 perﬁciuntur.
3015 688 3218 743 Perfici
3253 707 3422 761 porro
3467 696 3556 747 est
3585 692 3660 748 ad

2013 775 2425 847 perfectionem
2459 776 2594 832 duci
2627 793 2730 848 per
2760 778 3085 849 profectum
3120 777 3176 832 in
3219 779 3372 835 bona
3405 786 3536 852 post
3555 782 3664 837 ba-

2014 864 2321 936 ptismum,
2352 869 2415 919 ut
2467 865 2600 936 quis
2631 866 2823 921 dicere
2857 865 3078 937 possit:
3113 869 3350 922 Cursum
3402 886 3663 926 consum-

2014 952 2346 1023 mavi,ﬁdem
2381 955 2598 1009 servavi
2627 957 3067 1026 (m).Adoranda
3092 957 3275 1028 igitur
3305 958 3561 1015 Trinitas
3582 964 3668 1016 ta-

2015 1041 2128 1098 lem
2161 1042 2449 1114 incipiens
2480 1049 2537 1100 et
2561 1062 2769 1116 regens
2803 1045 3246 1116 perfectionem,
3278 1047 3433 1102 sicut
3489 1048 3666 1104 etiam

2019 1131 2301 1188 universaa
2325 1133 2702 1204 perfectionis
2723 1133 2982 1188 effectrix
3003 1135 3381 1206 perfectionis
3412 1154 3593 1194 causa
3613 1141 3672 1194 et

2018 1221 2532 1292 princeps,merito
2557 1221 2927 1293 intelligitur.
2961 1222 3069 1287 Qui
3101 1240 3237 1295 ergo
3268 1226 3366 1280 97
3402 1227 3668 1298 profectu

2017 1308 2524 1380 perticiuntur,dii
2557 1327 2799 1381 prorsus
2831 1310 3104 1376 evadunt,
3124 1311 3331 1366 divinae
3354 1314 3672 1385 participes

2019 1403 2240 1453 natura;
2272 1399 2688 1469 facti,quorum
2715 1401 3087 1472 proportione
3118 1402 3375 1472 quadam
3399 1402 3672 1459 divinita-

2018 1486 2095 1542 tis
2126 1487 2483 1559 principium
2515 1491 2605 1544 est
2634 1489 2760 1560 ipse
2790 1488 3106 1556 Deus,cum
3130 1489 3210 1545 sit
3238 1505 3440 1547 eorum
3465 1493 3566 1564 qui
3589 1493 3671 1548 dii

2019 1575 2205 1632 effecti
2237 1583 2379 1632 sunt
2410 1576 2765 1649 principium
2825 1577 3082 1648 aliquod.
3117 1578 3255 1634 Post
3285 1579 3441 1636 hunc
3489 1582 3672 1653 Igitur

2020 1681 2330 1720 ascensum
2362 1665 2418 1720 in
2453 1665 2895 1738 simplicitatem
2934 1672 3296 1740 promovent,
3313 1667 3539 1742 angelis
3562 1687 3669 1742 pa-

2021 1770 2114 1810 res
2145 1771 2247 1826 per
2278 1754 2766 1811 resurrectionem
2800 1755 2957 1822 facti,
2990 1772 3182 1828 neque
3212 1757 3404 1814 adhuc
3426 1760 3674 1817 animale

2020 1859 2217 1912 corpus
2247 1843 2527 1910 habentes,
2567 1846 2895 1900 secundum
2924 1845 3268 1917 Apostolum
3307 1847 3409 1919 (n),
3444 1849 3553 1904 hoc
3583 1853 3674 1906 est

2024 1933 2179 2002 quod
2205 1949 2304 2004 per
2338 1933 2597 1988 animam
2627 1933 2901 1988 consistit
2950 1938 3006 1988 et
3045 1942 3346 1990 movetur:
3379 1938 3471 1992 sed
3501 1938 3672 2009 spiri-

2022 2023 2267 2092 tale,per
2297 2021 2740 2077 sanctissimum
2760 2022 3040 2093 Spiritum
3077 2040 3254 2094 quam
3288 2029 3540 2081 maxime
3558 2027 3676 2082 dif-

2024 2111 2155 2166 fusa
2186 2110 2243 2165 in
2279 2111 2439 2182 ipsos
2488 2111 2742 2166 multum
2787 2113 3112 2183 composita
3161 2113 3676 2172 ratiocinationum

2021 2201 2388 2267 varietate,et
2416 2200 2726 2256 asensibili
2746 2200 3012 2269 liberati;
3042 2203 3196 2257 unde
3217 2208 3275 2258 et
3299 2202 3588 2259 uniuntur
3618 2205 3676 2261 in

2024 2289 2310 2345 unitatem
2348 2290 2749 2362 simplicitatis
2780 2290 2964 2357 ducti,
2989 2293 3145 2346 sicut
3176 2297 3348 2347 antea
3378 2293 3675 2363 diximus;

2025 2379 2106 2435 ait
2135 2380 2293 2436 enim
2335 2381 2511 2436 etiam
2547 2379 2661 2437 alio
2692 2380 2751 2436 in
2811 2379 2976 2436 loco:
3037 2380 3168 2436 Erat
3224 2381 3399 2452 enim,
3463 2383 3677 2455 inquit,

2026 2469 2376 2525 credentium
2405 2487 2499 2525 eor
2526 2474 2578 2526 et
2606 2470 2804 2525 anima
2833 2487 2947 2525 una
2973 2471 3076 2542 (ο).

2101 2559 2422 2614 Viventium
2449 2559 2583 2614 vita.
2621 2565 2772 2616 Deus
2801 2561 2862 2615 in
2907 2561 3100 2632 seipse
3144 2578 3260 2617 non
3294 2561 3676 2632 intelligitur;

2026 2650 2125 2704 sed
2143 2649 2423 2720 quoniam
2449 2665 2644 2704 rerum
2661 2650 2926 2705 omnium
2940 2658 2996 2705 et
3023 2666 3202 2706 causa
3231 2655 3288 2706 et
3318 2651 3678 2723 principium

2026 2737 2643 2809 exsistit,simplicium
2679 2743 2768 2793 est
2799 2737 3167 2810 simplicitas,
3199 2739 3520 2796 viventium
3539 2742 3680 2811 vita,

2027 2828 2299 2884 essentiis
2329 2827 2588 2883 essentia
2618 2828 2905 2899 superior,
2941 2833 3115 2900 atque
3183 2834 3247 2884 ut
3284 2831 3458 2885 verbo
3490 2831 3682 2887 absol-

2025 2933 2181 2985 vam,
2214 2921 2303 2972 est
2335 2917 2622 2971 bonorum
2655 2917 3058 2972 universorum
3093 2919 3604 2976 communicatrix.

2099 3003 2525 3077 Explanatorz'e.
2553 3002 2934 3077 Ἐκφάντορες,
2971 3005 3557 3079 interpretes,proprie
3588 3007 3678 3063 di-

2027 3094 2437 3166 cebantur,qui
2467 3094 2787 3150 ineffabilia
2816 3094 3094 3164 mysteria
3124 3112 3227 3167 per
3261 3096 3481 3169 ﬁguras
3502 3113 3679 3170 expo-

2029 3191 2195 3240 nunL
3059 3194 3068 3204 ‘

308 3234 406 3339 ἴςῖὶς
471 3271 680 3348 μονάδα
732 3275 852 3346 μέν.
913 3273 1170 3330 Ἐνταῦθα
1220 3277 1411 3348 τρανοῖ
1458 3271 1510 3327 τί
1571 3272 1810 3345 μάλιστα
1865 3275 1907 3309 ⁶Ἷ

2034 3234 2487 3330 πιῇηηιοηαάειη
2547 3273 2786 3344 quidem.
2837 3277 2953 3328 Hoc
3021 3272 3148 3329 loco
3222 3273 3478 3330 declarat
3537 3276 3682 3348 quid

2031 3361 2284 3418 maxime
2316 3361 2452 3416 velit
2503 3361 2839 3434 signiﬁcare
2897 3362 3095 3418 unitas
3125 3366 3183 3418 et
3231 3379 3440 3419 monas
3471 3365 3542 3420 de
3571 3369 3686 3421 Deo

2031 3451 2188 3507 dicta
2220 3467 2234 3505 :
2269 3450 2554 3520 aitque,ut
2585 3451 2844 3522 partium
2876 3451 3224 3507 vacuitatem
3247 3451 3308 3506 in
3331 3452 3446 3509 Deo
3470 3469 3689 3526 reprae-

2032 3540 2357 3607 sentet,hoc
2379 3540 2596 3595 dicitur
2625 3558 2658 3596 a
2689 3539 2979 3613 theologis
3005 3558 3017 3596 :
3049 3542 3203 3612 quod
3237 3541 3394 3597 enim
3437 3542 3690 3599 tumori-

2040 3630 2152 3685 bus
2182 3634 2241 3685 et
2271 3629 2701 3700 quantitatibus
2739 3633 2860 3701 (seu
2894 3630 3184 3696 crassitie,
3236 3630 3606 3703 longitudine
3639 3637 3696 3690 et

2040 3718 2372 3790 latitudine)
2405 3718 2750 3775 distinctum
2809 3724 2918 3789 est,
2973 3718 3117 3774 illud
3177 3719 3355 3776 veluti
3397 3722 3693 3794 corpusin

2041 3812 2236 3881 partes
2266 3807 2588 3876 dividitur;
2621 3807 2730 3864 hoc
2760 3813 2958 3864 autem
2993 3809 3265 3881 partibus
3295 3815 3476 3880 caret,
3502 3828 3696 3883 neque

2042 3897 2194 3954 valet
2207 3914 2420 3970 corpus
2434 3901 2851 3970 reprasentare
2877 3915 2890 3966 ;
2912 3897 3179 3970 quinimo
3198 3904 3437 3971 superat
3457 3916 3695 3956 omnem

2043 3987 2306 4060 corporis
2356 3988 2781 4059 privationem;
2831 3988 3180 4059 praesrtim,
3217 3989 3698 4061 quandoquidem

2045 4077 2200 4131 Deus
2224 4076 2484 4148 cogitans
2518 4076 2818 4132 voluntate
2848 4093 2956 4132 sua
3001 4082 3214 4133 cuncta
3262 4078 3586 4135 subsistere
3617 4080 3699 4135 fe-

2047 4165 2146 4234 cit,
2180 4183 2295 4221 non
2324 4169 2610 4237 tanquam
2649 4183 2817 4221 mens
2850 4166 3048 4237 aliqua
3087 4167 3148 4221 in
3197 4168 3584 4240 cogitationes
3616 4167 3699 4223 di-

2048 4256 2191 4326 visa,
2217 4254 2646 4327 multiplicatus
2680 4256 2789 4310 fuit
2821 4274 2834 4324 ;
2867 4256 2961 4311 sed
2990 4259 3279 4328 postquam
3311 4255 3370 4312 in
3404 4275 3460 4314 se
3493 4257 3701 4313 mansit

2047 4355 2099 4401 et
2121 4351 2333 4413 manet,
2363 4345 2581 4417 inquit,
2612 4345 2672 4400 in
2694 4345 2908 4401 unitate
2936 4347 3139 4418 absque
3163 4345 3538 4417 partitioneet
3556 4346 3704 4402 divi-

2046 4435 2200 4492 sione
2227 4434 2356 4505 fecit
2387 4443 2437 4490 et
2465 4434 2606 4505 facit
2659 4437 2950 4491 subsistere
3007 4443 3313 4491 creaturas.
3360 4435 3504 4491 Nam
3536 4452 3710 4507 usque

259 4527 447 4582 modo
480 4528 624 4581 Deus
658 4529 944 4596 operatur,
977 4525 1134 4580 sicut
1167 4525 1226 4578 in
1259 4523 1588 4593 Evangeliis
1619 4525 1836 4581 dicitur
1868 4527 1942 4599 (p)
1979 4544 1993 4583 :
2025 4542 2163 4598 ergo
2193 4523 2481 4597 singulari
2513 4524 2686 4579 modo
2713 4522 2966 4594 simplex
2997 4524 3188 4579 factus
3219 4523 3440 4596 est,qui
3471 4540 3708 4580 omnem

261 4615 728 4689 simplicitatem
762 4614 1060 4670 indivisim
1093 4613 1336 4670 excedit.

341 4703 448 4759 Καὶ
505 4707 616 4757 τῶν
687 4707 979 4775 μεριστῶν.
1038 4701 1160 4756 Ἐπὶ
1216 4707 1324 4756 τῶν
1386 4702 1787 4778 ὑπερουρανίων
1847 4704 1910 4760 κό

2118 4706 2289 4776 Atque
2317 4703 2590 4759 dividuis.
2625 4706 2690 4758 In
2725 4703 2965 4758 mundis
2997 4702 3097 4774 qui
3130 4718 3312 4774 supra
3341 4701 3518 4760 caelos
3543 4708 3704 4773 sunt,

261 4813 430 4866 σμων
485 4793 574 4847 καὶ
623 4788 784 4846 τοῦδε
839 4795 936 4846 τοῦ
994 4792 1192 4865 ὁρατοῦ
1223 4791 1288 4846 τὰ
1317 4791 1595 4866 κατώτερα
1642 4786 1933 4869 ἕστραπται

264 4883 362 4939 ἐπὶ
406 4883 477 4936 τὰ
530 4879 911 4955 ὑπερκείμενα,
961 4879 1049 4934 καὶ
1099 4879 1162 4934 τὸ
1212 4881 1523 4953 σωματικὸν
1573 4877 1836 4956 ἥδρασται
1885 4885 1934 4938 ἑν

257 4976 349 5044 τῷ
411 4975 618 5039 ζῶντιο
653 4969 704 5024 ἐν
755 4990 862 5045 γαρ
904 4973 974 5042 τῇ
1024 4969 1171 5044 χειρὶ
1221 4969 1389 5024 αὐτοῦ
1438 4966 1612 5024 πᾶντα
1649 4971 1715 5025 τὰ
1773 4971 1940 5046 πέρα-

260 5081 338 5115 τα
386 5065 492 5128 τῆς
539 5064 646 5132 γῆς
679 5078 692 5091 ·
749 5055 897 5113 ἀλλᾶ
939 5058 1042 5132 γὰρ
1089 5056 1178 5112 καὶ
1229 5058 1280 5111 οἱ
1315 5057 1533 5132 οὐρανοί
1567 5079 1577 5091 ·
1616 5059 1666 5113 ἐν
1722 5061 1767 5132 ᾧ
1813 5061 1938 5136 γὰρ,

263 5149 436 5228 φησὶ,
465 5148 534 5202 τὰ
579 5148 755 5201 πάντα
789 5165 802 5178 ’
856 5144 944 5200 ἐπὶ
995 5143 1052 5200 δὲ
1099 5148 1238 5220 [τοῦ]
1284 5148 1401 5200 καθ’
1431 5149 1577 5219 ἡμᾶς
1630 5149 1828 5219 Ονητοῦ
1881 5151 1942 5204 τὸ

260 5236 547 5295 ἀνάπαΛίν
561 5239 607 5273 ⁸ο
633 5235 744 5290 ἐστι
772 5239 883 5290 τῶν
916 5234 1243 5311 εἴρημένωνο
1264 5237 1298 5305 ἡ
1329 5236 1431 5312 γὰρ
1462 5237 1616 5312 ψυχὴ
1650 5234 1942 5315 ἕστραπται

2047 4799 2104 4850 et
2144 4793 2253 4850 hoc
2284 4794 2387 4865 qui
2417 4791 2952 4862 videtur,inferiora
2981 4795 3402 4848 convertuntur
3425 4793 3494 4847 ad
3527 4809 3708 4864 supe-

2050 4884 2227 4953 riora,
2258 4891 2436 4954 atque
2467 4883 2523 4938 id
2547 4883 2702 4954 quod
2737 4898 3104 4955 corporeum,
3168 4882 3351 4936 situm
3403 4885 3492 4937 est
3536 4881 3597 4936 in
3628 4881 3708 4938 vi-

2052 4978 2218 5029 vente
2251 4992 2265 5042 ;
2299 4972 2591 5044 siquidem
2628 4971 2687 5026 in
2708 4989 2882 5027 manu
2910 4973 3029 5041 eius
3059 4987 3247 5027 omnes
3271 4971 3407 5040 ﬁnes
3437 4980 3604 5028 terra:
3636 4973 3709 5045 (q)

2051 5063 2170 5119 imo
2203 5063 2375 5118 etiam
2411 5061 2630 5129 cceli,in
2659 5077 2765 5132 quo
2788 5061 2960 5128 enim,
2996 5061 3350 5133 inquit,sunt
3379 5061 3567 5117 omnia
3593 5062 3666 5133 (ν)
3697 5079 3711 5119 z

2054 5153 2112 5208 in
2147 5151 2380 5208 mortali
2413 5155 2607 5207 autem
2639 5155 2843 5206 nostro
2867 5151 3228 5206 contrarium
3251 5151 3424 5206 dictis
3457 5150 3710 5218 accidit;

2055 5242 2250 5300 anima
2275 5241 2432 5298 enim
2455 5241 2816 5296 convertitur
2847 5241 2918 5296 ad
2951 5240 3317 5312 spiritum,in
3349 5256 3468 5311 quo
3500 5255 3713 5297 sensus

421 5395 523 5469 (m)
548 5393 780 5466 Il_Tim.
813 5409 888 5461 ιν,
910 5392 964 5449 7.
997 5392 1078 5464 (η)
1109 5392 1132 5448 Ι
1163 5393 1292 5450 Cor.
1324 5410 1419 5464 xv,
1451 5394 1537 5450 44.
1571 5395 1648 5466 (0)
1679 5399 1806 5451 Act.
1840 5411 1916 5465 ιν,

2034 5440 2038 5450 .
2073 5397 2152 5468 (p)
2181 5396 2426 5468 Joan.v,
2451 5395 2538 5451 l7.
2572 5395 2648 5468 (q)
2670 5393 2828 5452 Psal.
2860 5411 3007 5463 χειν,
3044 5396 3094 5450 4.
3132 5394 3198 5468 (r)
3231 5399 3398 5452 Rom.
3433 5413 3515 5465 ιι,
3542 5396 3632 5452 36.

1286 5575 1533 5632 VARUE
1582 5577 1975 5638 LECTIONES
2019 5579 2110 5636 ET
2151 5577 2713 5636 CORRECTIONES.

918 5769 932 5784 .
1007 5728 1054 5766 ⁸⁸
1083 5726 1166 5784 οὐ.
1242 5730 1289 5766 ⁶⁹
1317 5725 1577 5803 ἔμπαλιν.
