  <div class='ocr_page' id='page_1' title='image "/cluster/home/n/w/nwhite01/storage/ocr_20150623/4:no.2/coo.31924054872837/105.png"; bbox 0 0 4034 6388; ppageno 0'>
   <div class='ocr_carea' id='block_1_1' title="bbox 440 354 544 410">
    <p class='ocr_par' dir='ltr' id='par_1_1' title="bbox 440 354 544 410">
     <span class='ocr_line' id='line_1_1' title="bbox 440 354 544 410; baseline -0.019 0"><span class='ocrx_word' id='word_1_1' title='bbox 440 354 544 410; x_wconf 87' lang='grc'><strong>195</strong></span> 
     </span>
    </p>
   </div>
   <div class='ocr_carea' id='block_1_2' title="bbox 1252 349 3038 411">
    <p class='ocr_par' dir='ltr' id='par_1_2' title="bbox 1252 349 3038 411">
     <span class='ocr_line' id='line_1_2' title="bbox 1252 349 3038 411; baseline 0.001 -5"><span class='ocrx_word' id='word_1_2' title='bbox 1252 352 1622 406; x_wconf 76' lang='lat' dir='ltr'><strong>APPENDIX</strong></span> <span class='ocrx_word' id='word_1_3' title='bbox 1659 351 1758 405; x_wconf 79' lang='lat' dir='ltr'><strong>AD</strong></span> <span class='ocrx_word' id='word_1_4' title='bbox 1795 350 2036 406; x_wconf 75' lang='lat' dir='ltr'><strong>OPERA</strong></span> <span class='ocrx_word' id='word_1_5' title='bbox 2076 352 2132 404; x_wconf 87' lang='lat' dir='ltr'><strong>S.</strong></span> <span class='ocrx_word' id='word_1_6' title='bbox 2177 349 2492 406; x_wconf 83' lang='lat' dir='ltr'><strong>DlONYBll</strong></span> <span class='ocrx_word' id='word_1_7' title='bbox 2531 353 3038 411; x_wconf 69' lang='lat' dir='ltr'><strong>AREOPAGITB.</strong></span> 
     </span>
    </p>
   </div>
   <div class='ocr_carea' id='block_1_3' title="bbox 3750 363 3841 417">
    <p class='ocr_par' dir='ltr' id='par_1_3' title="bbox 3750 363 3841 417">
     <span class='ocr_line' id='line_1_3' title="bbox 3750 363 3841 417; baseline 0.011 -1"><span class='ocrx_word' id='word_1_8' title='bbox 3750 363 3841 417; x_wconf 83' lang='grc'><strong>196</strong></span> 
     </span>
    </p>
   </div>
   <div class='ocr_carea' id='block_1_4' title="bbox 439 472 2088 554">
    <p class='ocr_par' dir='ltr' id='par_1_4' title="bbox 439 473 2088 546">
     <span class='ocr_line' id='line_1_4' title="bbox 439 473 2088 546; baseline -0.004 -11"><span class='ocrx_word' id='word_1_9' title='bbox 439 483 498 535; x_wconf 90' lang='lat' dir='ltr'><strong>et</strong></span> <span class='ocrx_word' id='word_1_10' title='bbox 527 476 1007 534; x_wconf 80' lang='lat' dir='ltr'><strong>ratiocinationes</strong></span> <span class='ocrx_word' id='word_1_11' title='bbox 1025 475 1373 543; x_wconf 81' lang='lat' dir='ltr'><strong>fundantur,</strong></span> <span class='ocrx_word' id='word_1_12' title='bbox 1406 475 1626 546; x_wconf 83' lang='lat' dir='ltr'><strong>quibus</strong></span> <span class='ocrx_word' id='word_1_13' title='bbox 1655 473 1756 530; x_wconf 72' lang='lat'><strong>08</strong></span> <span class='ocrx_word' id='word_1_14' title='bbox 1790 475 1849 529; x_wconf 89' lang='lat' dir='ltr'><strong>in</strong></span> <span class='ocrx_word' id='word_1_15' title='bbox 1890 489 2088 546; x_wconf 87' lang='lat' dir='ltr'><strong>specu-</strong></span> 
     </span>
    </p>
   </div>
   <div class='ocr_carea' id='block_1_5' title="bbox 2207 472 3846 554">
    <p class='ocr_par' dir='ltr' id='par_1_5' title="bbox 2207 472 3846 554">
     <span class='ocr_line' id='line_1_5' title="bbox 2207 472 3846 554; baseline 0.008 -27"><span class='ocrx_word' id='word_1_16' title='bbox 2207 472 2343 548; x_wconf 87' lang='grc' dir='ltr'>πρὸς</span> <span class='ocrx_word' id='word_1_17' title='bbox 2372 475 2437 529; x_wconf 86' lang='grc' dir='ltr'>τὸ</span> <span class='ocrx_word' id='word_1_18' title='bbox 2466 473 2680 548; x_wconf 79' lang='grc' dir='ltr'>πνιῦμα</span> <span class='ocrx_word' id='word_1_19' title='bbox 2709 475 2762 530; x_wconf 83' lang='grc' dir='ltr'>ἐν</span> <span class='ocrx_word' id='word_1_20' title='bbox 2791 475 2836 548; x_wconf 87' lang='grc' dir='ltr'>ᾧ</span> <span class='ocrx_word' id='word_1_21' title='bbox 2868 476 3002 532; x_wconf 64' lang='grc' dir='ltr'>εἰσιν</span> <span class='ocrx_word' id='word_1_22' title='bbox 3051 475 3443 553; x_wconf 80' lang='grc' dir='ltr'>έστηριγμέναι</span> <span class='ocrx_word' id='word_1_23' title='bbox 3492 481 3546 535; x_wconf 77' lang='grc' dir='ltr'>αἱ</span> <span class='ocrx_word' id='word_1_24' title='bbox 3595 481 3846 554; x_wconf 76' lang='grc' dir='ltr'><strong>αἰσθήσεις</strong></span> 
     </span>
    </p>
   </div>
   <div class='ocr_carea' id='block_1_6' title="bbox 441 564 2099 637">
    <p class='ocr_par' dir='ltr' id='par_1_6' title="bbox 441 564 2099 637">
     <span class='ocr_line' id='line_1_6' title="bbox 441 564 2099 637; baseline -0.002 -13"><span class='ocrx_word' id='word_1_25' title='bbox 441 568 656 625; x_wconf 76' lang='lat' dir='ltr'><strong>latione</strong></span> <span class='ocrx_word' id='word_1_26' title='bbox 687 565 940 622; x_wconf 91' lang='lat' dir='ltr'><strong>rationes</strong></span> <span class='ocrx_word' id='word_1_27' title='bbox 962 565 1338 636; x_wconf 80' lang='lat' dir='ltr'><strong>indagamus,</strong></span> <span class='ocrx_word' id='word_1_28' title='bbox 1371 565 1470 637; x_wconf 93' lang='lat' dir='ltr'><strong>qui</strong></span> <span class='ocrx_word' id='word_1_29' title='bbox 1517 564 1751 636; x_wconf 78' lang='lat' dir='ltr'><strong>spiritus</strong></span> <span class='ocrx_word' id='word_1_30' title='bbox 1779 564 1934 620; x_wconf 84' lang='lat' dir='ltr'><strong>novit</strong></span> <span class='ocrx_word' id='word_1_31' title='bbox 1972 578 2099 634; x_wconf 70' lang='lat' dir='ltr'><strong>quae</strong></span> 
     </span>
    </p>
   </div>
   <div class='ocr_carea' id='block_1_7' title="bbox 437 653 2098 726">
    <p class='ocr_par' dir='ltr' id='par_1_7' title="bbox 437 653 2098 726">
     <span class='ocr_line' id='line_1_7' title="bbox 437 653 2098 726; baseline -0.003 -13"><span class='ocrx_word' id='word_1_32' title='bbox 437 657 553 714; x_wconf 84' lang='lat' dir='ltr'><strong>sint</strong></span> <span class='ocrx_word' id='word_1_33' title='bbox 574 658 637 712; x_wconf 87' lang='lat' dir='ltr'><strong>in</strong></span> <span class='ocrx_word' id='word_1_34' title='bbox 659 655 901 726; x_wconf 75' lang='lat' dir='ltr'><strong>homine,</strong></span> <span class='ocrx_word' id='word_1_35' title='bbox 935 656 1261 711; x_wconf 91' lang='lat' dir='ltr'><strong>secundum</strong></span> <span class='ocrx_word' id='word_1_36' title='bbox 1297 653 1639 726; x_wconf 87' lang='lat' dir='ltr'><strong>Apostolum</strong></span> <span class='ocrx_word' id='word_1_37' title='bbox 1681 653 1769 724; x_wconf 91' lang='lat' dir='ltr'><strong>(s).</strong></span> <span class='ocrx_word' id='word_1_38' title='bbox 1803 654 2098 708; x_wconf 83' lang='lat' dir='ltr'><strong>Conversa</strong></span> 
     </span>
    </p>
   </div>
   <div class='ocr_carea' id='block_1_8' title="bbox 438 741 2094 818">
    <p class='ocr_par' dir='ltr' id='par_1_8' title="bbox 438 741 2094 818">
     <span class='ocr_line' id='line_1_8' title="bbox 438 741 2094 818; baseline -0.003 -17"><span class='ocrx_word' id='word_1_39' title='bbox 438 746 638 818; x_wconf 84' lang='lat' dir='ltr'><strong>itaque</strong></span> <span class='ocrx_word' id='word_1_40' title='bbox 667 745 870 802; x_wconf 89' lang='lat' dir='ltr'><strong>anima</strong></span> <span class='ocrx_word' id='word_1_41' title='bbox 899 744 969 800; x_wconf 91' lang='lat' dir='ltr'><strong>ad</strong></span> <span class='ocrx_word' id='word_1_42' title='bbox 1004 744 1162 799; x_wconf 91' lang='lat' dir='ltr'><strong>hunc</strong></span> <span class='ocrx_word' id='word_1_43' title='bbox 1194 743 1495 815; x_wconf 81' lang='lat' dir='ltr'><strong>spiritum,</strong></span> <span class='ocrx_word' id='word_1_44' title='bbox 1526 742 1884 798; x_wconf 88' lang='lat' dir='ltr'><strong>convertitur</strong></span> <span class='ocrx_word' id='word_1_45' title='bbox 1915 741 2094 797; x_wconf 89' lang='lat' dir='ltr'><strong>etiam</strong></span> 
     </span>
    </p>
   </div>
   <div class='ocr_carea' id='block_1_9' title="bbox 436 829 2093 904">
    <p class='ocr_par' dir='ltr' id='par_1_9' title="bbox 436 829 2093 904">
     <span class='ocr_line' id='line_1_9' title="bbox 436 829 2093 904; baseline -0.004 -13"><span class='ocrx_word' id='word_1_46' title='bbox 436 835 509 891; x_wconf 87' lang='lat' dir='ltr'><strong>ad</strong></span> <span class='ocrx_word' id='word_1_47' title='bbox 543 851 755 891; x_wconf 86' lang='lat' dir='ltr'><strong>sensus</strong></span> <span class='ocrx_word' id='word_1_48' title='bbox 807 833 907 904; x_wconf 90' lang='lat' dir='ltr'><strong>qui</strong></span> <span class='ocrx_word' id='word_1_49' title='bbox 958 833 1016 888; x_wconf 89' lang='lat' dir='ltr'><strong>in</strong></span> <span class='ocrx_word' id='word_1_50' title='bbox 1076 833 1204 903; x_wconf 89' lang='lat' dir='ltr'><strong>ipso</strong></span> <span class='ocrx_word' id='word_1_51' title='bbox 1261 831 1553 888; x_wconf 85' lang='lat' dir='ltr'><strong>exsistunt</strong></span> <span class='ocrx_word' id='word_1_52' title='bbox 1607 835 1664 888; x_wconf 90' lang='lat' dir='ltr'><strong>et</strong></span> <span class='ocrx_word' id='word_1_53' title='bbox 1711 848 1815 904; x_wconf 89' lang='lat' dir='ltr'><strong>per</strong></span> <span class='ocrx_word' id='word_1_54' title='bbox 1867 847 1967 887; x_wconf 89' lang='lat' dir='ltr'><strong>eos</strong></span> <span class='ocrx_word' id='word_1_55' title='bbox 2021 829 2093 885; x_wconf 91' lang='lat' dir='ltr'><strong>ad</strong></span> 
     </span>
    </p>
   </div>
   <div class='ocr_carea' id='block_1_10' title="bbox 437 917 2093 995">
    <p class='ocr_par' dir='ltr' id='par_1_10' title="bbox 437 917 2093 995">
     <span class='ocr_line' id='line_1_10' title="bbox 437 917 2093 995; baseline -0.004 -17"><span class='ocrx_word' id='word_1_56' title='bbox 437 939 674 995; x_wconf 89' lang='lat' dir='ltr'><strong>corpus.</strong></span> <span class='ocrx_word' id='word_1_57' title='bbox 729 928 795 979; x_wconf 92' lang='lat' dir='ltr'><strong>In</strong></span> <span class='ocrx_word' id='word_1_58' title='bbox 825 925 1018 977; x_wconf 88' lang='lat' dir='ltr'><strong>mente</strong></span> <span class='ocrx_word' id='word_1_59' title='bbox 1050 936 1281 992; x_wconf 92' lang='lat' dir='ltr'><strong>quoque</strong></span> <span class='ocrx_word' id='word_1_60' title='bbox 1320 919 1706 992; x_wconf 80' lang='lat' dir='ltr'><strong>cogitationes</strong></span> <span class='ocrx_word' id='word_1_61' title='bbox 1734 917 1912 975; x_wconf 86' lang='lat' dir='ltr'><strong>veluti</strong></span> <span class='ocrx_word' id='word_1_62' title='bbox 1943 917 2093 973; x_wconf 90' lang='lat' dir='ltr'><strong>divi-</strong></span> 
     </span>
    </p>
   </div>
   <div class='ocr_carea' id='block_1_11' title="bbox 437 1008 2095 1083">
    <p class='ocr_par' dir='ltr' id='par_1_11' title="bbox 437 1008 2095 1083">
     <span class='ocr_line' id='line_1_11' title="bbox 437 1008 2095 1083; baseline -0.004 -15"><span class='ocrx_word' id='word_1_63' title='bbox 437 1013 684 1078; x_wconf 89' lang='lat' dir='ltr'><strong>duntur,</strong></span> <span class='ocrx_word' id='word_1_64' title='bbox 717 1016 894 1083; x_wconf 89' lang='lat' dir='ltr'><strong>atque</strong></span> <span class='ocrx_word' id='word_1_65' title='bbox 940 1010 999 1065; x_wconf 90' lang='lat' dir='ltr'><strong>in</strong></span> <span class='ocrx_word' id='word_1_66' title='bbox 1034 1009 1374 1065; x_wconf 86' lang='lat' dir='ltr'><strong>discrimina</strong></span> <span class='ocrx_word' id='word_1_67' title='bbox 1406 1008 1635 1064; x_wconf 90' lang='lat' dir='ltr'><strong>divisim</strong></span> <span class='ocrx_word' id='word_1_68' title='bbox 1697 1008 2024 1081; x_wconf 87' lang='lat' dir='ltr'><strong>procedunt</strong></span> <span class='ocrx_word' id='word_1_69' title='bbox 2061 1023 2095 1062; x_wconf 91' lang='lat' dir='ltr'><strong>a</strong></span> 
     </span>
    </p>
   </div>
   <div class='ocr_carea' id='block_1_12' title="bbox 438 1097 2093 1174">
    <p class='ocr_par' dir='ltr' id='par_1_12' title="bbox 438 1097 2093 1174">
     <span class='ocr_line' id='line_1_12' title="bbox 438 1097 2093 1174; baseline -0.002 -18"><span class='ocrx_word' id='word_1_70' title='bbox 438 1102 630 1173; x_wconf 90' lang='lat' dir='ltr'><strong>prima</strong></span> <span class='ocrx_word' id='word_1_71' title='bbox 660 1099 1012 1174; x_wconf 84' lang='lat' dir='ltr'><strong>cogitatione</strong></span> <span class='ocrx_word' id='word_1_72' title='bbox 1043 1099 1114 1155; x_wconf 92' lang='lat' dir='ltr'><strong>ad</strong></span> <span class='ocrx_word' id='word_1_73' title='bbox 1175 1098 1464 1155; x_wconf 88' lang='lat' dir='ltr'><strong>secundas</strong></span> <span class='ocrx_word' id='word_1_74' title='bbox 1523 1104 1625 1153; x_wconf 90' lang='lat' dir='ltr'><strong>aut</strong></span> <span class='ocrx_word' id='word_1_75' title='bbox 1656 1097 2093 1154; x_wconf 84' lang='lat' dir='ltr'><strong>excellentiores</strong></span> 
     </span>
    </p>
   </div>
   <div class='ocr_carea' id='block_1_13' title="bbox 435 1186 2090 1260">
    <p class='ocr_par' dir='ltr' id='par_1_13' title="bbox 435 1186 2090 1260">
     <span class='ocr_line' id='line_1_13' title="bbox 435 1186 2090 1260; baseline -0.003 -14"><span class='ocrx_word' id='word_1_76' title='bbox 435 1195 539 1246; x_wconf 91' lang='lat' dir='ltr'><strong>aut</strong></span> <span class='ocrx_word' id='word_1_77' title='bbox 568 1188 1066 1245; x_wconf 87' lang='lat' dir='ltr'><strong>deteriores.Dicit</strong></span> <span class='ocrx_word' id='word_1_78' title='bbox 1095 1204 1230 1260; x_wconf 90' lang='lat' dir='ltr'><strong>ergo</strong></span> <span class='ocrx_word' id='word_1_79' title='bbox 1264 1205 1371 1244; x_wconf 91' lang='lat' dir='ltr'><strong>nos</strong></span> <span class='ocrx_word' id='word_1_80' title='bbox 1395 1188 1757 1244; x_wconf 89' lang='lat' dir='ltr'><strong>intendendo</strong></span> <span class='ocrx_word' id='word_1_81' title='bbox 1791 1187 1849 1241; x_wconf 92' lang='lat' dir='ltr'><strong>in</strong></span> <span class='ocrx_word' id='word_1_82' title='bbox 1881 1186 2090 1254; x_wconf 90' lang='lat' dir='ltr'><strong>Deum,</strong></span> 
     </span>
    </p>
   </div>
   <div class='ocr_carea' id='block_1_14' title="bbox 434 1275 2093 1342">
    <p class='ocr_par' dir='ltr' id='par_1_14' title="bbox 434 1275 2093 1342">
     <span class='ocr_line' id='line_1_14' title="bbox 434 1275 2093 1342; baseline -0.002 -10"><span class='ocrx_word' id='word_1_83' title='bbox 434 1278 560 1335; x_wconf 88' lang='lat' dir='ltr'><strong>ﬁeri</strong></span> <span class='ocrx_word' id='word_1_84' title='bbox 593 1279 666 1334; x_wconf 90' lang='lat' dir='ltr'><strong>ab</strong></span> <span class='ocrx_word' id='word_1_85' title='bbox 695 1277 924 1334; x_wconf 90' lang='lat' dir='ltr'><strong>unitate</strong></span> <span class='ocrx_word' id='word_1_86' title='bbox 956 1276 1056 1332; x_wconf 90' lang='lat' dir='ltr'><strong>illa</strong></span> <span class='ocrx_word' id='word_1_87' title='bbox 1081 1294 1263 1332; x_wconf 91' lang='lat' dir='ltr'><strong>unum</strong></span> <span class='ocrx_word' id='word_1_88' title='bbox 1298 1275 2093 1342; x_wconf 88' lang='lat' dir='ltr'><strong>indistinctum,discrimini-</strong></span> 
     </span>
    </p>
   </div>
   <div class='ocr_carea' id='block_1_15' title="bbox 429 1364 2089 1438">
    <p class='ocr_par' dir='ltr' id='par_1_15' title="bbox 429 1364 2089 1438">
     <span class='ocr_line' id='line_1_15' title="bbox 429 1364 2089 1438; baseline -0.003 -15"><span class='ocrx_word' id='word_1_89' title='bbox 429 1368 543 1423; x_wconf 90' lang='lat' dir='ltr'><strong>bus</strong></span> <span class='ocrx_word' id='word_1_90' title='bbox 574 1367 797 1424; x_wconf 88' lang='lat' dir='ltr'><strong>nostris</strong></span> <span class='ocrx_word' id='word_1_91' title='bbox 830 1384 960 1438; x_wconf 70' lang='lat' dir='ltr'><strong>quae</strong></span> <span class='ocrx_word' id='word_1_92' title='bbox 995 1366 1203 1424; x_wconf 85' lang='lat' dir='ltr'><strong>multis</strong></span> <span class='ocrx_word' id='word_1_93' title='bbox 1235 1367 1503 1438; x_wconf 89' lang='lat' dir='ltr'><strong>partibus</strong></span> <span class='ocrx_word' id='word_1_94' title='bbox 1534 1366 1888 1422; x_wconf 87' lang='lat' dir='ltr'><strong>constabant</strong></span> <span class='ocrx_word' id='word_1_95' title='bbox 1911 1381 1981 1419; x_wconf 82' lang='lat' dir='ltr'><strong>ex</strong></span> <span class='ocrx_word' id='word_1_96' title='bbox 2001 1364 2089 1418; x_wconf 92' lang='lat' dir='ltr'><strong>di-</strong></span> 
     </span>
    </p>
   </div>
   <div class='ocr_carea' id='block_1_16' title="bbox 431 1455 2088 1530">
    <p class='ocr_par' dir='ltr' id='par_1_16' title="bbox 431 1455 2088 1530">
     <span class='ocr_line' id='line_1_16' title="bbox 431 1455 2088 1530; baseline -0.002 -18"><span class='ocrx_word' id='word_1_97' title='bbox 431 1457 655 1513; x_wconf 89' lang='lat' dir='ltr'><strong>visione</strong></span> <span class='ocrx_word' id='word_1_98' title='bbox 685 1458 745 1512; x_wconf 92' lang='lat' dir='ltr'><strong>in</strong></span> <span class='ocrx_word' id='word_1_99' title='bbox 777 1457 1240 1530; x_wconf 84' lang='lat' dir='ltr'><strong>complexionem</strong></span> <span class='ocrx_word' id='word_1_100' title='bbox 1273 1457 1510 1522; x_wconf 86' lang='lat' dir='ltr'><strong>coactis,</strong></span> <span class='ocrx_word' id='word_1_101' title='bbox 1534 1456 1776 1511; x_wconf 86' lang='lat' dir='ltr'><strong>etmodo</strong></span> <span class='ocrx_word' id='word_1_102' title='bbox 1800 1455 2088 1510; x_wconf 89' lang='lat' dir='ltr'><strong>mundum</strong></span> 
     </span>
    </p>
   </div>
   <div class='ocr_carea' id='block_1_17' title="bbox 431 1543 2086 1614">
    <p class='ocr_par' dir='ltr' id='par_1_17' title="bbox 431 1543 2086 1614">
     <span class='ocr_line' id='line_1_17' title="bbox 431 1543 2086 1614; baseline -0.002 -14"><span class='ocrx_word' id='word_1_103' title='bbox 431 1545 706 1602; x_wconf 87' lang='lat' dir='ltr'><strong>vincente</strong></span> <span class='ocrx_word' id='word_1_104' title='bbox 739 1563 920 1602; x_wconf 89' lang='lat' dir='ltr'><strong>unum</strong></span> <span class='ocrx_word' id='word_1_105' title='bbox 954 1547 1197 1614; x_wconf 79' lang='lat' dir='ltr'><strong>eﬂ‘ectis,</strong></span> <span class='ocrx_word' id='word_1_106' title='bbox 1235 1545 1290 1600; x_wconf 91' lang='lat' dir='ltr'><strong>id</strong></span> <span class='ocrx_word' id='word_1_107' title='bbox 1326 1551 1414 1600; x_wconf 86' lang='lat' dir='ltr'><strong>est</strong></span> <span class='ocrx_word' id='word_1_108' title='bbox 1446 1561 1560 1600; x_wconf 90' lang='lat' dir='ltr'><strong>non</strong></span> <span class='ocrx_word' id='word_1_109' title='bbox 1594 1544 1819 1611; x_wconf 89' lang='lat' dir='ltr'><strong>sonsili,</strong></span> <span class='ocrx_word' id='word_1_110' title='bbox 1854 1543 1956 1598; x_wconf 89' lang='lat' dir='ltr'><strong>sed</strong></span> <span class='ocrx_word' id='word_1_111' title='bbox 1991 1543 2086 1597; x_wconf 91' lang='lat' dir='ltr'><strong>in-</strong></span> 
     </span>
    </p>
   </div>
   <div class='ocr_carea' id='block_1_18' title="bbox 432 1633 2084 1705">
    <p class='ocr_par' dir='ltr' id='par_1_18' title="bbox 432 1633 2084 1705">
     <span class='ocr_line' id='line_1_18' title="bbox 432 1633 2084 1705; baseline -0.001 -15"><span class='ocrx_word' id='word_1_112' title='bbox 432 1635 747 1692; x_wconf 88' lang='lat' dir='ltr'><strong>tellectuali</strong></span> <span class='ocrx_word' id='word_1_113' title='bbox 775 1636 970 1705; x_wconf 89' lang='lat' dir='ltr'><strong>modo,</strong></span> <span class='ocrx_word' id='word_1_114' title='bbox 1003 1652 1136 1691; x_wconf 90' lang='lat' dir='ltr'><strong>cum</strong></span> <span class='ocrx_word' id='word_1_115' title='bbox 1171 1635 1416 1690; x_wconf 91' lang='lat' dir='ltr'><strong>minime</strong></span> <span class='ocrx_word' id='word_1_116' title='bbox 1459 1634 1650 1690; x_wconf 89' lang='lat' dir='ltr'><strong>adhuc</strong></span> <span class='ocrx_word' id='word_1_117' title='bbox 1683 1633 1859 1689; x_wconf 89' lang='lat' dir='ltr'><strong>alieni</strong></span> <span class='ocrx_word' id='word_1_118' title='bbox 1883 1634 1955 1688; x_wconf 92' lang='lat' dir='ltr'><strong>ab</strong></span> <span class='ocrx_word' id='word_1_119' title='bbox 1986 1649 2084 1689; x_wconf 87' lang='lat' dir='ltr'><strong>eo-</strong></span> 
     </span>
    </p>
   </div>
   <div class='ocr_carea' id='block_1_19' title="bbox 431 1721 2086 1797">
    <p class='ocr_par' dir='ltr' id='par_1_19' title="bbox 431 1721 2086 1797">
     <span class='ocr_line' id='line_1_19' title="bbox 431 1721 2086 1797; baseline -0.002 -18"><span class='ocrx_word' id='word_1_120' title='bbox 431 1739 563 1780; x_wconf 88' lang='lat' dir='ltr'><strong>rum</strong></span> <span class='ocrx_word' id='word_1_121' title='bbox 596 1723 1008 1794; x_wconf 89' lang='lat' dir='ltr'><strong>conjunctione</strong></span> <span class='ocrx_word' id='word_1_122' title='bbox 1055 1724 1246 1780; x_wconf 90' lang='lat' dir='ltr'><strong>simus</strong></span> <span class='ocrx_word' id='word_1_123' title='bbox 1280 1744 1294 1793; x_wconf 87' lang='lat'><strong>;</strong></span> <span class='ocrx_word' id='word_1_124' title='bbox 1328 1723 1473 1796; x_wconf 90' lang='lat' dir='ltr'><strong>quin</strong></span> <span class='ocrx_word' id='word_1_125' title='bbox 1505 1723 1703 1797; x_wconf 88' lang='lat' dir='ltr'><strong>potius</strong></span> <span class='ocrx_word' id='word_1_126' title='bbox 1735 1739 1920 1779; x_wconf 92' lang='lat' dir='ltr'><strong>unum</strong></span> <span class='ocrx_word' id='word_1_127' title='bbox 1953 1721 2086 1777; x_wconf 88' lang='lat' dir='ltr'><strong>uni-</strong></span> 
     </span>
    </p>
   </div>
   <div class='ocr_carea' id='block_1_20' title="bbox 429 1812 2084 1886">
    <p class='ocr_par' dir='ltr' id='par_1_20' title="bbox 429 1812 2084 1886">
     <span class='ocr_line' id='line_1_20' title="bbox 429 1812 2084 1886; baseline 0 -18"><span class='ocrx_word' id='word_1_128' title='bbox 429 1813 617 1870; x_wconf 81' lang='lat' dir='ltr'><strong>forme</strong></span> <span class='ocrx_word' id='word_1_129' title='bbox 647 1813 998 1885; x_wconf 82' lang='lat' dir='ltr'><strong>efﬁciamus,</strong></span> <span class='ocrx_word' id='word_1_130' title='bbox 1028 1814 1174 1870; x_wconf 87' lang='lat' dir='ltr'><strong>sicut</strong></span> <span class='ocrx_word' id='word_1_131' title='bbox 1203 1819 1258 1869; x_wconf 82' lang='lat' dir='ltr'><strong>et</strong></span> <span class='ocrx_word' id='word_1_132' title='bbox 1286 1813 1402 1886; x_wconf 83' lang='lat' dir='ltr'><strong>ipse</strong></span> <span class='ocrx_word' id='word_1_133' title='bbox 1430 1831 1605 1870; x_wconf 85' lang='lat' dir='ltr'><strong>unum</strong></span> <span class='ocrx_word' id='word_1_134' title='bbox 1635 1821 1736 1882; x_wconf 75' lang='lat' dir='ltr'><strong>est,</strong></span> <span class='ocrx_word' id='word_1_135' title='bbox 1798 1812 2084 1885; x_wconf 88' lang='lat' dir='ltr'><strong>quemad-</strong></span> 
     </span>
    </p>
   </div>
   <div class='ocr_carea' id='block_1_21' title="bbox 432 1903 1347 1978">
    <p class='ocr_par' dir='ltr' id='par_1_21' title="bbox 432 1903 1347 1978">
     <span class='ocr_line' id='line_1_21' title="bbox 432 1903 1347 1978; baseline -0.001 -18"><span class='ocrx_word' id='word_1_136' title='bbox 432 1907 673 1962; x_wconf 87' lang='lat' dir='ltr'><strong>modum</strong></span> <span class='ocrx_word' id='word_1_137' title='bbox 695 1905 777 1961; x_wconf 85' lang='lat' dir='ltr'><strong>ait</strong></span> <span class='ocrx_word' id='word_1_138' title='bbox 806 1906 867 1961; x_wconf 92' lang='lat' dir='ltr'><strong>in</strong></span> <span class='ocrx_word' id='word_1_139' title='bbox 899 1903 1230 1978; x_wconf 88' lang='lat' dir='ltr'><strong>Evangeliis</strong></span> <span class='ocrx_word' id='word_1_140' title='bbox 1261 1905 1347 1977; x_wconf 77' lang='grc' dir='ltr'><strong>(ι).</strong></span> 
     </span>
    </p>
   </div>
   <div class='ocr_carea' id='block_1_22' title="bbox 505 1993 2085 2066">
    <p class='ocr_par' dir='ltr' id='par_1_22' title="bbox 505 1993 2085 2066">
     <span class='ocr_line' id='line_1_22' title="bbox 505 1993 2085 2066; baseline 0 -16"><span class='ocrx_word' id='word_1_141' title='bbox 505 1996 570 2050; x_wconf 82' lang='lat' dir='ltr'><strong>Ut</strong></span> <span class='ocrx_word' id='word_1_142' title='bbox 599 1994 941 2050; x_wconf 83' lang='lat' dir='ltr'><strong>Trinitatem.</strong></span> <span class='ocrx_word' id='word_1_143' title='bbox 965 1994 1114 2050; x_wconf 90' lang='lat' dir='ltr'><strong>Nota</strong></span> <span class='ocrx_word' id='word_1_144' title='bbox 1167 1995 1516 2051; x_wconf 84' lang='lat' dir='ltr'><strong>Trinitatem</strong></span> <span class='ocrx_word' id='word_1_145' title='bbox 1573 1993 1767 2050; x_wconf 89' lang='lat' dir='ltr'><strong>tribus</strong></span> <span class='ocrx_word' id='word_1_146' title='bbox 1815 1993 2085 2066; x_wconf 85' lang='lat' dir='ltr'><strong>personis</strong></span> 
     </span>
    </p>
   </div>
   <div class='ocr_carea' id='block_1_23' title="bbox 432 2082 2087 2150">
    <p class='ocr_par' dir='ltr' id='par_1_23' title="bbox 432 2082 2087 2150">
     <span class='ocr_line' id='line_1_23' title="bbox 432 2082 2087 2150; baseline -0.001 -11"><span class='ocrx_word' id='word_1_147' title='bbox 432 2084 859 2139; x_wconf 86' lang='lat' dir='ltr'><strong>subsistentem</strong></span> <span class='ocrx_word' id='word_1_148' title='bbox 895 2101 907 2140; x_wconf 91' lang='lat'>:</span> <span class='ocrx_word' id='word_1_149' title='bbox 935 2089 994 2139; x_wconf 89' lang='lat' dir='ltr'><strong>et</strong></span> <span class='ocrx_word' id='word_1_150' title='bbox 1024 2084 1444 2140; x_wconf 74' lang='lat' dir='ltr'><strong>fecunditatem</strong></span> <span class='ocrx_word' id='word_1_151' title='bbox 1469 2084 1662 2141; x_wconf 88' lang='lat' dir='ltr'><strong>Patris</strong></span> <span class='ocrx_word' id='word_1_152' title='bbox 1693 2082 2087 2150; x_wconf 86' lang='lat' dir='ltr'><strong>dicit,incom-</strong></span> 
     </span>
    </p>
   </div>
   <div class='ocr_carea' id='block_1_24' title="bbox 432 2171 2084 2245">
    <p class='ocr_par' dir='ltr' id='par_1_24' title="bbox 432 2171 2084 2245">
     <span class='ocr_line' id='line_1_24' title="bbox 432 2171 2084 2245; baseline -0.001 -17"><span class='ocrx_word' id='word_1_153' title='bbox 432 2172 889 2245; x_wconf 88' lang='lat' dir='ltr'><strong>prehensibilem</strong></span> <span class='ocrx_word' id='word_1_154' title='bbox 903 2173 1031 2244; x_wconf 88' lang='lat' dir='ltr'><strong>ejus</strong></span> <span class='ocrx_word' id='word_1_155' title='bbox 1057 2173 1509 2245; x_wconf 89' lang='lat' dir='ltr'><strong>progressumin</strong></span> <span class='ocrx_word' id='word_1_156' title='bbox 1534 2171 1975 2245; x_wconf 88' lang='lat' dir='ltr'><strong>productionem</strong></span> <span class='ocrx_word' id='word_1_157' title='bbox 1997 2171 2084 2227; x_wconf 86' lang='lat' dir='ltr'><strong>F‘i-</strong></span> 
     </span>
    </p>
   </div>
   <div class='ocr_carea' id='block_1_25' title="bbox 428 2261 2085 2335">
    <p class='ocr_par' dir='ltr' id='par_1_25' title="bbox 428 2261 2085 2335">
     <span class='ocr_line' id='line_1_25' title="bbox 428 2261 2085 2335; baseline 0 -18"><span class='ocrx_word' id='word_1_158' title='bbox 428 2261 493 2317; x_wconf 92' lang='lat' dir='ltr'><strong>lii</strong></span> <span class='ocrx_word' id='word_1_159' title='bbox 513 2265 572 2318; x_wconf 92' lang='lat' dir='ltr'><strong>et</strong></span> <span class='ocrx_word' id='word_1_160' title='bbox 591 2263 845 2335; x_wconf 86' lang='lat' dir='ltr'><strong>Spiritus</strong></span> <span class='ocrx_word' id='word_1_161' title='bbox 867 2262 1055 2318; x_wconf 88' lang='lat' dir='ltr'><strong>sancti</strong></span> <span class='ocrx_word' id='word_1_162' title='bbox 1082 2280 1094 2318; x_wconf 93' lang='lat'>:</span> <span class='ocrx_word' id='word_1_163' title='bbox 1130 2268 1286 2320; x_wconf 89' lang='lat' dir='ltr'><strong>recte</strong></span> <span class='ocrx_word' id='word_1_164' title='bbox 1318 2279 1490 2334; x_wconf 89' lang='lat' dir='ltr'><strong>porro</strong></span> <span class='ocrx_word' id='word_1_165' title='bbox 1513 2262 1596 2318; x_wconf 85' lang='lat' dir='ltr'><strong>ait</strong></span> <span class='ocrx_word' id='word_1_166' title='bbox 1641 2266 1705 2318; x_wconf 84' lang='lat' dir='ltr'><strong>ut</strong></span> <span class='ocrx_word' id='word_1_167' title='bbox 1734 2261 2085 2327; x_wconf 81' lang='lat' dir='ltr'><strong>Trinitatem,</strong></span> 
     </span>
    </p>
   </div>
   <div class='ocr_carea' id='block_1_26' title="bbox 429 2351 2083 2423">
    <p class='ocr_par' dir='ltr' id='par_1_26' title="bbox 429 2351 2083 2423">
     <span class='ocr_line' id='line_1_26' title="bbox 429 2351 2083 2423; baseline 0.001 -16"><span class='ocrx_word' id='word_1_168' title='bbox 429 2351 711 2423; x_wconf 88' lang='lat' dir='ltr'><strong>quoniam</strong></span> <span class='ocrx_word' id='word_1_169' title='bbox 743 2369 860 2408; x_wconf 90' lang='lat' dir='ltr'><strong>non</strong></span> <span class='ocrx_word' id='word_1_170' title='bbox 893 2353 1309 2420; x_wconf 90' lang='lat' dir='ltr'><strong>numerus,sed</strong></span> <span class='ocrx_word' id='word_1_171' title='bbox 1351 2353 1529 2408; x_wconf 90' lang='lat' dir='ltr'><strong>decus</strong></span> <span class='ocrx_word' id='word_1_172' title='bbox 1560 2351 1784 2408; x_wconf 91' lang='lat' dir='ltr'><strong>dictum</strong></span> <span class='ocrx_word' id='word_1_173' title='bbox 1816 2355 1946 2408; x_wconf 88' lang='lat' dir='ltr'><strong>est:</strong></span> <span class='ocrx_word' id='word_1_174' title='bbox 1980 2351 2083 2408; x_wconf 90' lang='lat' dir='ltr'><strong>Do-</strong></span> 
     </span>
    </p>
   </div>
   <div class='ocr_carea' id='block_1_27' title="bbox 429 2442 1476 2513">
    <p class='ocr_par' dir='ltr' id='par_1_27' title="bbox 429 2442 1476 2513">
     <span class='ocr_line' id='line_1_27' title="bbox 429 2442 1476 2513; baseline -0.002 -15"><span class='ocrx_word' id='word_1_175' title='bbox 429 2442 618 2498; x_wconf 85' lang='lat' dir='ltr'><strong>minus</strong></span> <span class='ocrx_word' id='word_1_176' title='bbox 641 2446 785 2497; x_wconf 77' lang='lat' dir='ltr'><strong>Deus</strong></span> <span class='ocrx_word' id='word_1_177' title='bbox 810 2443 1076 2498; x_wconf 78' lang='lat' dir='ltr'><strong>Dominus</strong></span> <span class='ocrx_word' id='word_1_178' title='bbox 1105 2458 1250 2497; x_wconf 86' lang='lat' dir='ltr'><strong>unus</strong></span> <span class='ocrx_word' id='word_1_179' title='bbox 1268 2445 1347 2498; x_wconf 86' lang='lat' dir='ltr'><strong>est</strong></span> <span class='ocrx_word' id='word_1_180' title='bbox 1375 2442 1476 2513; x_wconf 75' lang='grc' dir='ltr'>(ιι).</span> 
     </span>
    </p>
   </div>
   <div class='ocr_carea' id='block_1_28' title="bbox 501 2529 2084 2603">
    <p class='ocr_par' dir='ltr' id='par_1_28' title="bbox 501 2529 2084 2603">
     <span class='ocr_line' id='line_1_28' title="bbox 501 2529 2084 2603; baseline -0.002 -17"><span class='ocrx_word' id='word_1_181' title='bbox 501 2533 585 2586; x_wconf 79' lang='lat' dir='ltr'><strong>Ea:</strong></span> <span class='ocrx_word' id='word_1_182' title='bbox 615 2548 724 2603; x_wconf 85' lang='lat' dir='ltr'><strong>qua</strong></span> <span class='ocrx_word' id='word_1_183' title='bbox 753 2531 936 2587; x_wconf 78' lang='lat' dir='ltr'><strong>omnis</strong></span> <span class='ocrx_word' id='word_1_184' title='bbox 956 2531 1286 2603; x_wconf 82' lang='lat' dir='ltr'><strong>paternitas.</strong></span> <span class='ocrx_word' id='word_1_185' title='bbox 1324 2531 1566 2586; x_wconf 90' lang='lat' dir='ltr'><strong>Familia</strong></span> <span class='ocrx_word' id='word_1_186' title='bbox 1597 2529 1965 2603; x_wconf 86' lang='lat' dir='ltr'><strong>intelligendi</strong></span> <span class='ocrx_word' id='word_1_187' title='bbox 1992 2545 2084 2583; x_wconf 93' lang='lat' dir='ltr'><strong>or-</strong></span> 
     </span>
    </p>
   </div>
   <div class='ocr_carea' id='block_1_29' title="bbox 432 2618 2084 2691">
    <p class='ocr_par' dir='ltr' id='par_1_29' title="bbox 432 2618 2084 2691">
     <span class='ocr_line' id='line_1_29' title="bbox 432 2618 2084 2691; baseline -0.001 -16"><span class='ocrx_word' id='word_1_188' title='bbox 432 2620 599 2677; x_wconf 87' lang='lat' dir='ltr'><strong>dines</strong></span> <span class='ocrx_word' id='word_1_189' title='bbox 630 2621 895 2691; x_wconf 87' lang='lat' dir='ltr'><strong>ejusdem</strong></span> <span class='ocrx_word' id='word_1_190' title='bbox 928 2621 1120 2690; x_wconf 87' lang='lat' dir='ltr'><strong>seriei,</strong></span> <span class='ocrx_word' id='word_1_191' title='bbox 1144 2619 1320 2676; x_wconf 90' lang='lat' dir='ltr'><strong>veluti</strong></span> <span class='ocrx_word' id='word_1_192' title='bbox 1353 2621 1465 2676; x_wconf 90' lang='lat' dir='ltr'><strong>sibi</strong></span> <span class='ocrx_word' id='word_1_193' title='bbox 1525 2625 1730 2676; x_wconf 86' lang='lat' dir='ltr'><strong>mutuo</strong></span> <span class='ocrx_word' id='word_1_194' title='bbox 1761 2618 2084 2689; x_wconf 84' lang='lat' dir='ltr'><strong>conjuncti,</strong></span> 
     </span>
    </p>
   </div>
   <div class='ocr_carea' id='block_1_30' title="bbox 429 2708 2086 2781">
    <p class='ocr_par' dir='ltr' id='par_1_30' title="bbox 429 2708 2086 2781">
     <span class='ocr_line' id='line_1_30' title="bbox 429 2708 2086 2781; baseline -0.001 -18"><span class='ocrx_word' id='word_1_195' title='bbox 429 2709 1084 2781; x_wconf 83' lang='lat' dir='ltr'><strong>cberubim,seraphim,</strong></span> <span class='ocrx_word' id='word_1_196' title='bbox 1111 2708 1494 2781; x_wconf 88' lang='lat' dir='ltr'><strong>principatus,</strong></span> <span class='ocrx_word' id='word_1_197' title='bbox 1520 2713 1860 2780; x_wconf 91' lang='lat' dir='ltr'><strong>potestates.</strong></span> <span class='ocrx_word' id='word_1_198' title='bbox 1895 2708 1954 2761; x_wconf 91' lang='lat' dir='ltr'><strong>In</strong></span> <span class='ocrx_word' id='word_1_199' title='bbox 1991 2723 2086 2762; x_wconf 82' lang='lat' dir='ltr'><strong>no-</strong></span> 
     </span>
    </p>
   </div>
   <div class='ocr_carea' id='block_1_31' title="bbox 427 2795 2086 2870">
    <p class='ocr_par' dir='ltr' id='par_1_31' title="bbox 427 2795 2086 2870">
     <span class='ocr_line' id='line_1_31' title="bbox 427 2795 2086 2870; baseline -0.002 -17"><span class='ocrx_word' id='word_1_200' title='bbox 427 2797 522 2854; x_wconf 91' lang='lat' dir='ltr'><strong>bis</strong></span> <span class='ocrx_word' id='word_1_201' title='bbox 551 2802 749 2854; x_wconf 88' lang='lat' dir='ltr'><strong>autem</strong></span> <span class='ocrx_word' id='word_1_202' title='bbox 779 2797 958 2854; x_wconf 90' lang='lat' dir='ltr'><strong>etiam</strong></span> <span class='ocrx_word' id='word_1_203' title='bbox 991 2796 1305 2870; x_wconf 83' lang='lat' dir='ltr'><strong>spiritales,</strong></span> <span class='ocrx_word' id='word_1_204' title='bbox 1333 2802 1396 2854; x_wconf 91' lang='lat' dir='ltr'><strong>ut</strong></span> <span class='ocrx_word' id='word_1_205' title='bbox 1425 2799 1692 2868; x_wconf 89' lang='lat' dir='ltr'><strong>ejusdem</strong></span> <span class='ocrx_word' id='word_1_206' title='bbox 1744 2795 1996 2868; x_wconf 82' lang='lat' dir='ltr'><strong>generis,</strong></span> <span class='ocrx_word' id='word_1_207' title='bbox 2029 2799 2086 2850; x_wconf 89' lang='lat' dir='ltr'><strong>et</strong></span> 
     </span>
    </p>
   </div>
   <div class='ocr_carea' id='block_1_32' title="bbox 429 2883 2086 2960">
    <p class='ocr_par' dir='ltr' id='par_1_32' title="bbox 429 2883 2086 2960">
     <span class='ocr_line' id='line_1_32' title="bbox 429 2883 2086 2960; baseline -0.002 -17"><span class='ocrx_word' id='word_1_208' title='bbox 429 2887 884 2960; x_wconf 85' lang='lat' dir='ltr'><strong>complexiones,</strong></span> <span class='ocrx_word' id='word_1_209' title='bbox 904 2887 1059 2944; x_wconf 89' lang='lat' dir='ltr'><strong>sicut</strong></span> <span class='ocrx_word' id='word_1_210' title='bbox 1087 2886 1347 2943; x_wconf 85' lang='lat' dir='ltr'><strong>declarat</strong></span> <span class='ocrx_word' id='word_1_211' title='bbox 1368 2904 1601 2959; x_wconf 89' lang='lat' dir='ltr'><strong>quoque</strong></span> <span class='ocrx_word' id='word_1_212' title='bbox 1632 2887 1858 2958; x_wconf 87' lang='lat' dir='ltr'><strong>Moyses</strong></span> <span class='ocrx_word' id='word_1_213' title='bbox 1888 2883 2086 2941; x_wconf 76' lang='lat' dir='ltr'><strong>affini-</strong></span> 
     </span>
    </p>
   </div>
   <div class='ocr_carea' id='block_1_33' title="bbox 434 2981 604 3034">
    <p class='ocr_par' dir='ltr' id='par_1_33' title="bbox 434 2981 604 3034">
     <span class='ocr_line' id='line_1_33' title="bbox 434 2981 604 3034; baseline 0 -3"><span class='ocrx_word' id='word_1_214' title='bbox 434 2981 604 3034; x_wconf 89' lang='lat' dir='ltr'><strong>tates.</strong></span> 
     </span>
    </p>
   </div>
   <div class='ocr_carea' id='block_1_34' title="bbox 505 3064 2084 3138">
    <p class='ocr_par' dir='ltr' id='par_1_34' title="bbox 505 3064 2084 3138">
     <span class='ocr_line' id='line_1_34' title="bbox 505 3064 2084 3138; baseline -0.001 -17"><span class='ocrx_word' id='word_1_215' title='bbox 505 3065 657 3135; x_wconf 87' lang='lat' dir='ltr'><strong>Quod</strong></span> <span class='ocrx_word' id='word_1_216' title='bbox 687 3067 876 3122; x_wconf 88' lang='lat' dir='ltr'><strong>omnia</strong></span> <span class='ocrx_word' id='word_1_217' title='bbox 904 3084 1022 3138; x_wconf 73' lang='lat' dir='ltr'><strong>qua:</strong></span> <span class='ocrx_word' id='word_1_218' title='bbox 1042 3075 1192 3123; x_wconf 82' lang='lat' dir='ltr'><strong>sunt.</strong></span> <span class='ocrx_word' id='word_1_219' title='bbox 1217 3066 1514 3123; x_wconf 84' lang='lat' dir='ltr'><strong>Universae</strong></span> <span class='ocrx_word' id='word_1_220' title='bbox 1546 3066 1644 3121; x_wconf 91' lang='lat' dir='ltr'><strong>Dei</strong></span> <span class='ocrx_word' id='word_1_221' title='bbox 1677 3067 1960 3120; x_wconf 63' lang='lat' dir='ltr'><strong>creatura:</strong></span> <span class='ocrx_word' id='word_1_222' title='bbox 1981 3064 2084 3120; x_wconf 86' lang='lat' dir='ltr'><strong>bo-</strong></span> 
     </span>
    </p>
   </div>
   <div class='ocr_carea' id='block_1_35' title="bbox 440 3153 2088 3226">
    <p class='ocr_par' dir='ltr' id='par_1_35' title="bbox 440 3153 2088 3226">
     <span class='ocr_line' id='line_1_35' title="bbox 440 3153 2088 3226; baseline -0.002 -15"><span class='ocrx_word' id='word_1_223' title='bbox 440 3173 525 3211; x_wconf 66' lang='grc' dir='ltr'>[ιω</span> <span class='ocrx_word' id='word_1_224' title='bbox 555 3159 610 3211; x_wconf 91' lang='lat' dir='ltr'><strong>et</strong></span> <span class='ocrx_word' id='word_1_225' title='bbox 638 3153 808 3211; x_wconf 86' lang='lat' dir='ltr'><strong>valde</strong></span> <span class='ocrx_word' id='word_1_226' title='bbox 831 3156 996 3212; x_wconf 61' lang='lat' dir='ltr'><strong>bona;</strong></span> <span class='ocrx_word' id='word_1_227' title='bbox 1031 3157 1270 3213; x_wconf 88' lang='lat' dir='ltr'><strong>fuerunt</strong></span> <span class='ocrx_word' id='word_1_228' title='bbox 1291 3160 1348 3212; x_wconf 91' lang='lat' dir='ltr'><strong>et</strong></span> <span class='ocrx_word' id='word_1_229' title='bbox 1376 3155 1607 3222; x_wconf 91' lang='lat' dir='ltr'><strong>sunt,in</strong></span> <span class='ocrx_word' id='word_1_230' title='bbox 1640 3157 1925 3226; x_wconf 85' lang='lat' dir='ltr'><strong>quantum</strong></span> <span class='ocrx_word' id='word_1_231' title='bbox 1951 3169 2088 3224; x_wconf 89' lang='lat' dir='ltr'><strong>per-</strong></span> 
     </span>
    </p>
   </div>
   <div class='ocr_carea' id='block_1_36' title="bbox 2207 563 3840 649">
    <p class='ocr_par' dir='ltr' id='par_1_36' title="bbox 2207 563 3840 649">
     <span class='ocr_line' id='line_1_36' title="bbox 2207 563 3840 649; baseline 0.009 -33"><span class='ocrx_word' id='word_1_232' title='bbox 2207 563 2296 616; x_wconf 85' lang='lat' dir='ltr'><strong>xui</strong></span> <span class='ocrx_word' id='word_1_233' title='bbox 2327 565 2384 616; x_wconf 78' lang='grc' dir='ltr'>οἱ</span> <span class='ocrx_word' id='word_1_234' title='bbox 2417 563 2698 640; x_wconf 85' lang='grc' dir='ltr'>λογισμοὶ,</span> <span class='ocrx_word' id='word_1_235' title='bbox 2732 563 2803 619; x_wconf 82' lang='grc' dir='ltr'>δι’</span> <span class='ocrx_word' id='word_1_236' title='bbox 2829 567 2901 620; x_wconf 81' lang='grc' dir='ltr'>ὧν</span> <span class='ocrx_word' id='word_1_237' title='bbox 2949 568 3017 620; x_wconf 79' lang='grc' dir='ltr'><strong>τὰ</strong></span> <span class='ocrx_word' id='word_1_238' title='bbox 3053 565 3104 621; x_wconf 82' lang='grc' dir='ltr'>ἐν</span> <span class='ocrx_word' id='word_1_239' title='bbox 3149 571 3220 642; x_wconf 75' lang='grc' dir='ltr'><strong>τῇ</strong></span> <span class='ocrx_word' id='word_1_240' title='bbox 3270 566 3454 643; x_wconf 74' lang='grc' dir='ltr'>σκέψει</span> <span class='ocrx_word' id='word_1_241' title='bbox 3505 567 3840 649; x_wconf 79' lang='grc' dir='ltr'><strong>λογιζόμεθα,</strong></span> 
     </span>
    </p>
   </div>
   <div class='ocr_carea' id='block_1_37' title="bbox 2207 650 3842 732">
    <p class='ocr_par' dir='ltr' id='par_1_37' title="bbox 2207 650 3842 732">
     <span class='ocr_line' id='line_1_37' title="bbox 2207 650 3842 732; baseline 0.007 -27"><span class='ocrx_word' id='word_1_242' title='bbox 2207 650 2339 728; x_wconf 76' lang='grc' dir='ltr'>ὅπερ</span> <span class='ocrx_word' id='word_1_243' title='bbox 2386 657 2597 725; x_wconf 79' lang='grc' dir='ltr'>πνεῦμα</span> <span class='ocrx_word' id='word_1_244' title='bbox 2646 651 2757 708; x_wconf 70' lang='grc' dir='ltr'>οἶδε</span> <span class='ocrx_word' id='word_1_245' title='bbox 2798 654 2863 709; x_wconf 79' lang='grc' dir='ltr'>τὰ</span> <span class='ocrx_word' id='word_1_246' title='bbox 2903 655 2955 709; x_wconf 78' lang='grc' dir='ltr'>ἐν</span> <span class='ocrx_word' id='word_1_247' title='bbox 2986 659 3065 727; x_wconf 78' lang='grc' dir='ltr'>τῷ</span> <span class='ocrx_word' id='word_1_248' title='bbox 3089 655 3378 732; x_wconf 79' lang='grc' dir='ltr'><strong>ἀνθρώπῳ,</strong></span> <span class='ocrx_word' id='word_1_249' title='bbox 3411 659 3548 713; x_wconf 86' lang='grc' dir='ltr'><strong>κατά</strong></span> <span class='ocrx_word' id='word_1_250' title='bbox 3573 661 3664 714; x_wconf 90' lang='grc' dir='ltr'>τὸν</span> <span class='ocrx_word' id='word_1_251' title='bbox 3692 662 3842 718; x_wconf 80' lang='grc' dir='ltr'>Ἀπό-</span> 
     </span>
    </p>
   </div>
   <div class='ocr_carea' id='block_1_38' title="bbox 2207 739 3839 823">
    <p class='ocr_par' dir='ltr' id='par_1_38' title="bbox 2207 739 3839 823">
     <span class='ocr_line' id='line_1_38' title="bbox 2207 739 3839 823; baseline 0.006 -28"><span class='ocrx_word' id='word_1_252' title='bbox 2207 739 2403 796; x_wconf 90' lang='grc' dir='ltr'>στολον</span> <span class='ocrx_word' id='word_1_253' title='bbox 2436 763 2448 776; x_wconf 78' lang='grc' dir='ltr'><strong>ο</strong></span> <span class='ocrx_word' id='word_1_254' title='bbox 2482 740 2897 818; x_wconf 82' lang='grc' dir='ltr'>ἐπεστραμμένη</span> <span class='ocrx_word' id='word_1_255' title='bbox 2932 742 3024 800; x_wconf 74' lang='grc' dir='ltr'>οὖν</span> <span class='ocrx_word' id='word_1_256' title='bbox 3057 746 3198 818; x_wconf 85' lang='grc' dir='ltr'>πρὸς</span> <span class='ocrx_word' id='word_1_257' title='bbox 3244 750 3404 801; x_wconf 77' lang='grc' dir='ltr'>τοῦτο</span> <span class='ocrx_word' id='word_1_258' title='bbox 3451 749 3515 802; x_wconf 85' lang='grc' dir='ltr'>τὸ</span> <span class='ocrx_word' id='word_1_259' title='bbox 3561 753 3766 823; x_wconf 80' lang='grc' dir='ltr'>πνεῦμα</span> <span class='ocrx_word' id='word_1_260' title='bbox 3809 755 3839 822; x_wconf 79' lang='grc' dir='ltr'>ἠ</span> 
     </span>
    </p>
   </div>
   <div class='ocr_carea' id='block_1_39' title="bbox 2204 830 3840 912">
    <p class='ocr_par' dir='ltr' id='par_1_39' title="bbox 2204 830 3840 912">
     <span class='ocr_line' id='line_1_39' title="bbox 2204 830 3840 912; baseline 0.006 -28"><span class='ocrx_word' id='word_1_261' title='bbox 2204 831 2383 906; x_wconf 79' lang='grc' dir='ltr'>ψυχὴ,</span> <span class='ocrx_word' id='word_1_262' title='bbox 2415 830 2772 905; x_wconf 80' lang='grc' dir='ltr'>ὲπέστραπται</span> <span class='ocrx_word' id='word_1_263' title='bbox 2805 834 2895 888; x_wconf 80' lang='grc' dir='ltr'>καὶ</span> <span class='ocrx_word' id='word_1_264' title='bbox 2925 834 3064 908; x_wconf 80' lang='grc' dir='ltr'>πρὸς</span> <span class='ocrx_word' id='word_1_265' title='bbox 3109 834 3204 896; x_wconf 84' lang='grc' dir='ltr'>τὰς</span> <span class='ocrx_word' id='word_1_266' title='bbox 3253 833 3306 889; x_wconf 73' lang='grc' dir='ltr'><strong>έν</strong></span> <span class='ocrx_word' id='word_1_267' title='bbox 3354 837 3505 908; x_wconf 83' lang='grc' dir='ltr'>αύτῷ</span> <span class='ocrx_word' id='word_1_268' title='bbox 3561 837 3840 912; x_wconf 75' lang='grc' dir='ltr'><strong>αἰσθήσεις,</strong></span> 
     </span>
    </p>
   </div>
   <div class='ocr_carea' id='block_1_40' title="bbox 2201 916 3842 1000">
    <p class='ocr_par' dir='ltr' id='par_1_40' title="bbox 2201 916 3842 1000">
     <span class='ocr_line' id='line_1_40' title="bbox 2201 916 3842 1000; baseline 0.007 -28"><span class='ocrx_word' id='word_1_269' title='bbox 2201 920 2292 973; x_wconf 93' lang='lat' dir='ltr'><strong>xui</strong></span> <span class='ocrx_word' id='word_1_270' title='bbox 2324 916 2394 974; x_wconf 90' lang='grc' dir='ltr'>δι’</span> <span class='ocrx_word' id='word_1_271' title='bbox 2424 920 2601 976; x_wconf 78' lang='grc' dir='ltr'>αὐτῶν</span> <span class='ocrx_word' id='word_1_272' title='bbox 2629 922 2767 997; x_wconf 88' lang='grc' dir='ltr'>πρὸς</span> <span class='ocrx_word' id='word_1_273' title='bbox 2795 923 2858 977; x_wconf 85' lang='grc' dir='ltr'>τὸ</span> <span class='ocrx_word' id='word_1_274' title='bbox 2889 927 3050 996; x_wconf 81' lang='grc' dir='ltr'>σῶμα</span> <span class='ocrx_word' id='word_1_275' title='bbox 3081 941 3094 956; x_wconf 79' lang='grc'><strong><em>⁸</em></strong></span> <span class='ocrx_word' id='word_1_276' title='bbox 3127 923 3220 978; x_wconf 84' lang='grc' dir='ltr'><strong>καὶ</strong></span> <span class='ocrx_word' id='word_1_277' title='bbox 3280 922 3332 978; x_wconf 72' lang='grc' dir='ltr'>ἐν</span> <span class='ocrx_word' id='word_1_278' title='bbox 3377 929 3462 996; x_wconf 76' lang='grc' dir='ltr'><strong>τῷ</strong></span> <span class='ocrx_word' id='word_1_279' title='bbox 3507 929 3586 998; x_wconf 85' lang='grc' dir='ltr'>νῷ</span> <span class='ocrx_word' id='word_1_280' title='bbox 3629 929 3680 981; x_wconf 77' lang='grc' dir='ltr'>αἱ</span> <span class='ocrx_word' id='word_1_281' title='bbox 3724 931 3842 1000; x_wconf 78' lang='grc' dir='ltr'>νοή-</span> 
     </span>
    </p>
   </div>
   <div class='ocr_carea' id='block_1_41' title="bbox 2203 1009 3842 1086">
    <p class='ocr_par' dir='ltr' id='par_1_41' title="bbox 2203 1009 3842 1086">
     <span class='ocr_line' id='line_1_41' title="bbox 2203 1009 3842 1086; baseline 0.006 -24"><span class='ocrx_word' id='word_1_282' title='bbox 2203 1029 2314 1070; x_wconf 91' lang='grc' dir='ltr'>σεις</span> <span class='ocrx_word' id='word_1_283' title='bbox 2347 1009 2512 1064; x_wconf 72' lang='grc' dir='ltr'>οἱονεὶ</span> <span class='ocrx_word' id='word_1_284' title='bbox 2547 1011 2876 1084; x_wconf 70' lang='grc' dir='ltr'><strong>μερίζονται,</strong></span> <span class='ocrx_word' id='word_1_285' title='bbox 2909 1013 2998 1066; x_wconf 86' lang='lat' dir='ltr'><strong>xui</strong></span> <span class='ocrx_word' id='word_1_286' title='bbox 3044 1011 3121 1075; x_wconf 82' lang='grc' dir='ltr'><strong>είς</strong></span> <span class='ocrx_word' id='word_1_287' title='bbox 3177 1012 3498 1086; x_wconf 76' lang='grc' dir='ltr'><strong>ἑτερότητας</strong></span> <span class='ocrx_word' id='word_1_288' title='bbox 3558 1013 3842 1081; x_wconf 80' lang='grc' dir='ltr'>σκεδαστῶς</span> 
     </span>
    </p>
   </div>
   <div class='ocr_carea' id='block_1_42' title="bbox 2201 1095 3842 1179">
    <p class='ocr_par' dir='ltr' id='par_1_42' title="bbox 2201 1095 3842 1179">
     <span class='ocr_line' id='line_1_42' title="bbox 2201 1095 3842 1179; baseline 0.005 -27"><span class='ocrx_word' id='word_1_289' title='bbox 2201 1095 2454 1172; x_wconf 79' lang='grc' dir='ltr'>προίασιν</span> <span class='ocrx_word' id='word_1_290' title='bbox 2486 1097 2592 1152; x_wconf 85' lang='grc' dir='ltr'>ἀπὸ</span> <span class='ocrx_word' id='word_1_291' title='bbox 2623 1100 2848 1175; x_wconf 82' lang='grc' dir='ltr'><strong>πρώτης</strong></span> <span class='ocrx_word' id='word_1_292' title='bbox 2879 1102 3121 1170; x_wconf 82' lang='grc' dir='ltr'><strong>νοήσεως</strong></span> <span class='ocrx_word' id='word_1_293' title='bbox 3153 1100 3230 1163; x_wconf 75' lang='grc' dir='ltr'>εἷς</span> <span class='ocrx_word' id='word_1_294' title='bbox 3276 1098 3552 1177; x_wconf 83' lang='grc' dir='ltr'>δευτέρας,</span> <span class='ocrx_word' id='word_1_295' title='bbox 3587 1102 3661 1165; x_wconf 74' lang='grc' dir='ltr'>εἷς</span> <span class='ocrx_word' id='word_1_296' title='bbox 3687 1106 3842 1179; x_wconf 86' lang='grc' dir='ltr'>κρείτ-</span> 
     </span>
    </p>
   </div>
   <div class='ocr_carea' id='block_1_43' title="bbox 2199 1186 3840 1266">
    <p class='ocr_par' dir='ltr' id='par_1_43' title="bbox 2199 1186 3840 1266">
     <span class='ocr_line' id='line_1_43' title="bbox 2199 1186 3840 1266; baseline 0.004 -24"><span class='ocrx_word' id='word_1_297' title='bbox 2199 1207 2380 1257; x_wconf 80' lang='grc' dir='ltr'>τονας,</span> <span class='ocrx_word' id='word_1_298' title='bbox 2421 1186 2455 1256; x_wconf 74' lang='grc' dir='ltr'><strong>ἢ</strong></span> <span class='ocrx_word' id='word_1_299' title='bbox 2498 1187 2575 1250; x_wconf 72' lang='grc' dir='ltr'>εἷς</span> <span class='ocrx_word' id='word_1_300' title='bbox 2624 1187 2889 1265; x_wconf 78' lang='grc' dir='ltr'><strong>φαύλους.</strong></span> <span class='ocrx_word' id='word_1_301' title='bbox 2923 1189 3098 1256; x_wconf 82' lang='grc' dir='ltr'>Φησὶν</span> <span class='ocrx_word' id='word_1_302' title='bbox 3147 1188 3239 1245; x_wconf 77' lang='grc' dir='ltr'>οὖν</span> <span class='ocrx_word' id='word_1_303' title='bbox 3291 1190 3396 1257; x_wconf 86' lang='grc' dir='ltr'>δτι,</span> <span class='ocrx_word' id='word_1_304' title='bbox 3449 1192 3840 1266; x_wconf 78' lang='grc' dir='ltr'>ἀνατεινόμενος</span> 
     </span>
    </p>
   </div>
   <div class='ocr_carea' id='block_1_44' title="bbox 2199 1276 3840 1355">
    <p class='ocr_par' dir='ltr' id='par_1_44' title="bbox 2199 1276 3840 1355">
     <span class='ocr_line' id='line_1_44' title="bbox 2199 1276 3840 1355; baseline 0.004 -25"><span class='ocrx_word' id='word_1_305' title='bbox 2199 1276 2335 1351; x_wconf 87' lang='grc' dir='ltr'>πρὸς</span> <span class='ocrx_word' id='word_1_306' title='bbox 2367 1277 2520 1345; x_wconf 87' lang='grc' dir='ltr'><strong>Θεὸν,</strong></span> <span class='ocrx_word' id='word_1_307' title='bbox 2552 1278 2816 1351; x_wconf 83' lang='grc' dir='ltr'><strong>γινόμεθα</strong></span> <span class='ocrx_word' id='word_1_308' title='bbox 2865 1279 2968 1333; x_wconf 84' lang='grc' dir='ltr'>ὑπὸ</span> <span class='ocrx_word' id='word_1_309' title='bbox 2997 1286 3099 1348; x_wconf 82' lang='grc' dir='ltr'>τῆς</span> <span class='ocrx_word' id='word_1_310' title='bbox 3131 1276 3317 1342; x_wconf 67' lang='grc' dir='ltr'>ἕνάδος</span> <span class='ocrx_word' id='word_1_311' title='bbox 3377 1279 3587 1351; x_wconf 79' lang='grc' dir='ltr'>ἐκείνης</span> <span class='ocrx_word' id='word_1_312' title='bbox 3633 1280 3687 1336; x_wconf 81' lang='grc' dir='ltr'>ἓν</span> <span class='ocrx_word' id='word_1_313' title='bbox 3723 1283 3840 1355; x_wconf 80' lang='grc' dir='ltr'>ἆμε-</span> 
     </span>
    </p>
   </div>
   <div class='ocr_carea' id='block_1_45' title="bbox 2199 1365 3830 1442">
    <p class='ocr_par' dir='ltr' id='par_1_45' title="bbox 2199 1365 3830 1442">
     <span class='ocr_line' id='line_1_45' title="bbox 2199 1365 3830 1442; baseline 0.004 -23"><span class='ocrx_word' id='word_1_314' title='bbox 2199 1366 2309 1439; x_wconf 73' lang='grc' dir='ltr'>ρές,</span> <span class='ocrx_word' id='word_1_315' title='bbox 2337 1370 2446 1421; x_wconf 82' lang='grc' dir='ltr'>τῶν</span> <span class='ocrx_word' id='word_1_316' title='bbox 2478 1365 2811 1442; x_wconf 82' lang='grc' dir='ltr'>πολυμερῶν</span> <span class='ocrx_word' id='word_1_317' title='bbox 2855 1369 3018 1441; x_wconf 78' lang='grc' dir='ltr'>ἡμῶν</span> <span class='ocrx_word' id='word_1_318' title='bbox 3065 1369 3402 1442; x_wconf 72' lang='grc' dir='ltr'>ἑτεροτήτων</span> <span class='ocrx_word' id='word_1_319' title='bbox 3462 1368 3524 1424; x_wconf 83' lang='grc' dir='ltr'>ἐκ</span> <span class='ocrx_word' id='word_1_320' title='bbox 3571 1376 3666 1426; x_wconf 76' lang='grc' dir='ltr'><strong>τοῦ</strong></span> <span class='ocrx_word' id='word_1_321' title='bbox 3721 1391 3830 1427; x_wconf 88' lang='grc' dir='ltr'>σκε-</span> 
     </span>
    </p>
   </div>
   <div class='ocr_carea' id='block_1_46' title="bbox 2199 1452 3828 1531">
    <p class='ocr_par' dir='ltr' id='par_1_46' title="bbox 2199 1452 3828 1531">
     <span class='ocr_line' id='line_1_46' title="bbox 2199 1452 3828 1531; baseline 0.005 -23"><span class='ocrx_word' id='word_1_322' title='bbox 2199 1452 2410 1527; x_wconf 82' lang='grc' dir='ltr'>δασμοῦ</span> <span class='ocrx_word' id='word_1_323' title='bbox 2469 1455 2543 1518; x_wconf 89' lang='grc' dir='ltr'>εἷς</span> <span class='ocrx_word' id='word_1_324' title='bbox 2599 1455 2897 1529; x_wconf 80' lang='grc' dir='ltr'>σύμπτυξιν</span> <span class='ocrx_word' id='word_1_325' title='bbox 2960 1458 3388 1531; x_wconf 84' lang='grc' dir='ltr'>ἀθροιζομένων,</span> <span class='ocrx_word' id='word_1_326' title='bbox 3428 1458 3519 1514; x_wconf 86' lang='grc' dir='ltr'><strong>καὶ</strong></span> <span class='ocrx_word' id='word_1_327' title='bbox 3570 1459 3828 1515; x_wconf 82' lang='grc' dir='ltr'>ἐνοποιου-</span> 
     </span>
    </p>
   </div>
   <div class='ocr_carea' id='block_1_47' title="bbox 2201 1545 3830 1621">
    <p class='ocr_par' dir='ltr' id='par_1_47' title="bbox 2201 1545 3830 1621">
     <span class='ocr_line' id='line_1_47' title="bbox 2201 1545 3830 1621; baseline 0.004 -23"><span class='ocrx_word' id='word_1_328' title='bbox 2201 1545 2375 1617; x_wconf 86' lang='grc' dir='ltr'>μένων</span> <span class='ocrx_word' id='word_1_329' title='bbox 2429 1545 2834 1618; x_wconf 84' lang='grc' dir='ltr'>ὑπερκοσμίως,</span> <span class='ocrx_word' id='word_1_330' title='bbox 2866 1546 3141 1602; x_wconf 70' lang='grc' dir='ltr'>τουτέστιν</span> <span class='ocrx_word' id='word_1_331' title='bbox 3195 1547 3295 1602; x_wconf 88' lang='grc' dir='ltr'><strong>ούκ</strong></span> <span class='ocrx_word' id='word_1_332' title='bbox 3350 1547 3644 1621; x_wconf 76' lang='grc' dir='ltr'>αἰσθητῶς,</span> <span class='ocrx_word' id='word_1_333' title='bbox 3699 1548 3830 1605; x_wconf 78' lang='grc' dir='ltr'>ἀλλὰ</span> 
     </span>
    </p>
   </div>
   <div class='ocr_carea' id='block_1_48' title="bbox 2194 1630 3827 1714">
    <p class='ocr_par' dir='ltr' id='par_1_48' title="bbox 2194 1630 3827 1714">
     <span class='ocr_line' id='line_1_48' title="bbox 2194 1630 3827 1714; baseline 0.004 -26"><span class='ocrx_word' id='word_1_334' title='bbox 2194 1639 2418 1710; x_wconf 83' lang='grc' dir='ltr'>νοερῶς,</span> <span class='ocrx_word' id='word_1_335' title='bbox 2451 1634 2550 1689; x_wconf 81' lang='grc' dir='ltr'>οὐκ</span> <span class='ocrx_word' id='word_1_336' title='bbox 2580 1630 2656 1690; x_wconf 79' lang='grc' dir='ltr'>ἔτι</span> <span class='ocrx_word' id='word_1_337' title='bbox 2708 1630 3033 1709; x_wconf 75' lang='grc' dir='ltr'>ἀσυμϐάτων</span> <span class='ocrx_word' id='word_1_338' title='bbox 3095 1632 3266 1692; x_wconf 78' lang='grc' dir='ltr'>ὄντων</span> <span class='ocrx_word' id='word_1_339' title='bbox 3325 1639 3488 1710; x_wconf 75' lang='grc' dir='ltr'>ἡμῶν</span> <span class='ocrx_word' id='word_1_340' title='bbox 3537 1640 3671 1714; x_wconf 89' lang='grc' dir='ltr'>πρὸς</span> <span class='ocrx_word' id='word_1_341' title='bbox 3722 1639 3827 1694; x_wconf 67' lang='grc' dir='ltr'>ἑαυ-</span> 
     </span>
    </p>
   </div>
   <div class='ocr_carea' id='block_1_49' title="bbox 2193 1720 3828 1798">
    <p class='ocr_par' dir='ltr' id='par_1_49' title="bbox 2193 1720 3828 1798">
     <span class='ocr_line' id='line_1_49' title="bbox 2193 1720 3828 1798; baseline 0.002 -20"><span class='ocrx_word' id='word_1_342' title='bbox 2193 1721 2343 1795; x_wconf 84' lang='grc' dir='ltr'>τοὺς,</span> <span class='ocrx_word' id='word_1_343' title='bbox 2376 1720 2522 1778; x_wconf 85' lang='grc' dir='ltr'><strong>ἀλλά</strong></span> <span class='ocrx_word' id='word_1_344' title='bbox 2573 1725 2872 1797; x_wconf 89' lang='grc' dir='ltr'>γινομένων</span> <span class='ocrx_word' id='word_1_345' title='bbox 2927 1725 2983 1780; x_wconf 81' lang='grc' dir='ltr'><strong>’ἐν</strong></span> <span class='ocrx_word' id='word_1_346' title='bbox 3025 1723 3278 1798; x_wconf 71' lang='grc' dir='ltr'>ἓνοειδὶς,</span> <span class='ocrx_word' id='word_1_347' title='bbox 3311 1725 3386 1788; x_wconf 85' lang='grc' dir='ltr'><strong>ὡς</strong></span> <span class='ocrx_word' id='word_1_348' title='bbox 3444 1727 3534 1781; x_wconf 85' lang='grc' dir='ltr'><strong>καὶ</strong></span> <span class='ocrx_word' id='word_1_349' title='bbox 3583 1727 3737 1790; x_wconf 78' lang='grc' dir='ltr'>αὐτὸς</span> <span class='ocrx_word' id='word_1_350' title='bbox 3783 1725 3828 1782; x_wconf 78' lang='grc' dir='ltr'>ἓν</span> 
     </span>
    </p>
   </div>
   <div class='ocr_carea' id='block_1_50' title="bbox 2195 1812 3152 1890">
    <p class='ocr_par' dir='ltr' id='par_1_50' title="bbox 2195 1812 3152 1890">
     <span class='ocr_line' id='line_1_50' title="bbox 2195 1812 3152 1890; baseline 0.003 -22"><span class='ocrx_word' id='word_1_351' title='bbox 2195 1812 2358 1881; x_wconf 71' lang='grc' dir='ltr'>ἔστιν,</span> <span class='ocrx_word' id='word_1_352' title='bbox 2395 1812 2468 1875; x_wconf 82' lang='grc' dir='ltr'><strong>ὥς</strong></span> <span class='ocrx_word' id='word_1_353' title='bbox 2502 1834 2663 1890; x_wconf 81' lang='grc' dir='ltr'>φησιν</span> <span class='ocrx_word' id='word_1_354' title='bbox 2693 1812 2744 1869; x_wconf 77' lang='grc' dir='ltr'>ἐν</span> <span class='ocrx_word' id='word_1_355' title='bbox 2780 1812 3152 1890; x_wconf 80' lang='grc' dir='ltr'>Εὐαγγελίοις.</span> 
     </span>
    </p>
   </div>
   <div class='ocr_carea' id='block_1_51' title="bbox 2263 1991 3821 2071">
    <p class='ocr_par' dir='ltr' id='par_1_51' title="bbox 2263 1991 3821 2071">
     <span class='ocr_line' id='line_1_51' title="bbox 2263 1991 3821 2071; baseline 0.003 -24"><span class='ocrx_word' id='word_1_356' title='bbox 2263 1998 2350 2056; x_wconf 82' lang='grc' dir='ltr'><strong>Ὡς</strong></span> <span class='ocrx_word' id='word_1_357' title='bbox 2428 1991 2649 2066; x_wconf 79' lang='grc' dir='ltr'>Τριάδα.</span> <span class='ocrx_word' id='word_1_358' title='bbox 2736 1994 3054 2067; x_wconf 89' lang='grc' dir='ltr'>Σημείωσαι</span> <span class='ocrx_word' id='word_1_359' title='bbox 3139 1992 3352 2071; x_wconf 86' lang='grc' dir='ltr'>Τριάδα</span> <span class='ocrx_word' id='word_1_360' title='bbox 3423 1995 3821 2071; x_wconf 83' lang='grc' dir='ltr'>τρισυπόστατον</span> 
     </span>
    </p>
   </div>
   <div class='ocr_carea' id='block_1_52' title="bbox 2193 2080 3823 2162">
    <p class='ocr_par' dir='ltr' id='par_1_52' title="bbox 2193 2080 3823 2162">
     <span class='ocr_line' id='line_1_52' title="bbox 2193 2080 3823 2162; baseline 0.002 -26"><span class='ocrx_word' id='word_1_361' title='bbox 2193 2081 2283 2136; x_wconf 84' lang='grc' dir='ltr'><strong>καὶ</strong></span> <span class='ocrx_word' id='word_1_362' title='bbox 2338 2082 2677 2156; x_wconf 83' lang='grc' dir='ltr'>γονιμότητά</span> <span class='ocrx_word' id='word_1_363' title='bbox 2734 2105 2866 2162; x_wconf 76' lang='grc' dir='ltr'>φησι</span> <span class='ocrx_word' id='word_1_364' title='bbox 2943 2086 3042 2152; x_wconf 83' lang='grc' dir='ltr'><strong>τήν</strong></span> <span class='ocrx_word' id='word_1_365' title='bbox 3118 2086 3390 2161; x_wconf 79' lang='grc' dir='ltr'>πατρικήν</span> <span class='ocrx_word' id='word_1_366' title='bbox 3451 2085 3584 2160; x_wconf 62' lang='grc' dir='ltr'>ὑπὲρ</span> <span class='ocrx_word' id='word_1_367' title='bbox 3639 2080 3823 2140; x_wconf 84' lang='grc' dir='ltr'>ἔννοιαν</span> 
     </span>
    </p>
   </div>
   <div class='ocr_carea' id='block_1_53' title="bbox 2194 2169 3824 2250">
    <p class='ocr_par' dir='ltr' id='par_1_53' title="bbox 2194 2169 3824 2250">
     <span class='ocr_line' id='line_1_53' title="bbox 2194 2169 3824 2250; baseline 0.001 -24"><span class='ocrx_word' id='word_1_368' title='bbox 2194 2169 2431 2246; x_wconf 81' lang='grc' dir='ltr'>πρόοδον</span> <span class='ocrx_word' id='word_1_369' title='bbox 2470 2171 2544 2233; x_wconf 83' lang='grc' dir='ltr'><strong>είς</strong></span> <span class='ocrx_word' id='word_1_370' title='bbox 2576 2169 2830 2250; x_wconf 80' lang='grc' dir='ltr'>ἔκφανσιν</span> <span class='ocrx_word' id='word_1_371' title='bbox 2857 2177 2955 2227; x_wconf 76' lang='grc' dir='ltr'><strong>τοῦ</strong></span> <span class='ocrx_word' id='word_1_372' title='bbox 3005 2174 3134 2228; x_wconf 82' lang='grc' dir='ltr'><strong>Υἱοῦ</strong></span> <span class='ocrx_word' id='word_1_373' title='bbox 3187 2173 3277 2228; x_wconf 82' lang='grc' dir='ltr'><strong>καὶ</strong></span> <span class='ocrx_word' id='word_1_374' title='bbox 3326 2178 3430 2229; x_wconf 77' lang='grc' dir='ltr'><strong>τοῦ</strong></span> <span class='ocrx_word' id='word_1_375' title='bbox 3487 2174 3639 2250; x_wconf 83' lang='grc' dir='ltr'>ἁγίου</span> <span class='ocrx_word' id='word_1_376' title='bbox 3684 2174 3824 2228; x_wconf 86' lang='grc' dir='ltr'>Πνεύ-</span> 
     </span>
    </p>
   </div>
   <div class='ocr_carea' id='block_1_54' title="bbox 2199 2259 3818 2338">
    <p class='ocr_par' dir='ltr' id='par_1_54' title="bbox 2199 2259 3818 2338">
     <span class='ocr_line' id='line_1_54' title="bbox 2199 2259 3818 2338; baseline 0.001 -22"><span class='ocrx_word' id='word_1_377' title='bbox 2199 2282 2366 2334; x_wconf 81' lang='grc' dir='ltr'>ματος</span> <span class='ocrx_word' id='word_1_378' title='bbox 2402 2280 2414 2294; x_wconf 76' lang='grc'><strong><em>⁸</em></strong></span> <span class='ocrx_word' id='word_1_379' title='bbox 2439 2260 2626 2326; x_wconf 82' lang='grc' dir='ltr'>καλῶς</span> <span class='ocrx_word' id='word_1_380' title='bbox 2656 2259 2713 2316; x_wconf 79' lang='grc' dir='ltr'>δὶ</span> <span class='ocrx_word' id='word_1_381' title='bbox 2732 2262 2794 2316; x_wconf 90' lang='grc' dir='ltr'>τὸ</span> <span class='ocrx_word' id='word_1_382' title='bbox 2825 2262 2900 2324; x_wconf 87' lang='grc' dir='ltr'>ὠς</span> <span class='ocrx_word' id='word_1_383' title='bbox 2931 2259 3159 2337; x_wconf 87' lang='grc' dir='ltr'>Τριάδα,</span> <span class='ocrx_word' id='word_1_384' title='bbox 3190 2259 3383 2332; x_wconf 69' lang='grc' dir='ltr'>ἐπειδή</span> <span class='ocrx_word' id='word_1_385' title='bbox 3440 2262 3540 2317; x_wconf 83' lang='grc' dir='ltr'>οὐκ</span> <span class='ocrx_word' id='word_1_386' title='bbox 3593 2262 3818 2338; x_wconf 84' lang='grc' dir='ltr'>ἀριθμὸς,</span> 
     </span>
    </p>
   </div>
   <div class='ocr_carea' id='block_1_55' title="bbox 2196 2348 3822 2427">
    <p class='ocr_par' dir='ltr' id='par_1_55' title="bbox 2196 2348 3822 2427">
     <span class='ocr_line' id='line_1_55' title="bbox 2196 2348 3822 2427; baseline 0 -23"><span class='ocrx_word' id='word_1_387' title='bbox 2196 2348 2342 2404; x_wconf 75' lang='grc' dir='ltr'>ἀλλὰ</span> <span class='ocrx_word' id='word_1_388' title='bbox 2419 2348 2545 2421; x_wconf 82' lang='grc' dir='ltr'>δόξα</span> <span class='ocrx_word' id='word_1_389' title='bbox 2620 2349 2878 2425; x_wconf 73' lang='grc' dir='ltr'>εἷ’ρηταιο</span> <span class='ocrx_word' id='word_1_390' title='bbox 2939 2351 3136 2427; x_wconf 87' lang='grc' dir='ltr'>Κύριος</span> <span class='ocrx_word' id='word_1_391' title='bbox 3194 2353 3221 2406; x_wconf 81' lang='grc' dir='ltr'>ὁ</span> <span class='ocrx_word' id='word_1_392' title='bbox 3275 2352 3410 2414; x_wconf 86' lang='grc' dir='ltr'>Θεὸς</span> <span class='ocrx_word' id='word_1_393' title='bbox 3499 2351 3688 2427; x_wconf 83' lang='grc' dir='ltr'>Κύριος</span> <span class='ocrx_word' id='word_1_394' title='bbox 3758 2350 3822 2410; x_wconf 79' lang='grc' dir='ltr'>εἷς</span> 
     </span>
    </p>
   </div>
   <div class='ocr_carea' id='block_1_56' title="bbox 2196 2439 2358 2496">
    <p class='ocr_par' dir='ltr' id='par_1_56' title="bbox 2196 2439 2358 2496">
     <span class='ocr_line' id='line_1_56' title="bbox 2196 2439 2358 2496; baseline -0.012 -4"><span class='ocrx_word' id='word_1_395' title='bbox 2196 2439 2358 2496; x_wconf 80' lang='grc' dir='ltr'>ἐστιν,</span> 
     </span>
    </p>
   </div>
   <div class='ocr_carea' id='block_1_57' title="bbox 2268 2526 3825 2606">
    <p class='ocr_par' dir='ltr' id='par_1_57' title="bbox 2268 2526 3825 2606">
     <span class='ocr_line' id='line_1_57' title="bbox 2268 2526 3825 2606; baseline -0.003 -21"><span class='ocrx_word' id='word_1_396' title='bbox 2268 2529 2354 2598; x_wconf 81' lang='grc' dir='ltr'><strong>Ἐξ</strong></span> <span class='ocrx_word' id='word_1_397' title='bbox 2413 2531 2479 2597; x_wconf 72' lang='grc' dir='ltr'>ἧς</span> <span class='ocrx_word' id='word_1_398' title='bbox 2525 2535 2668 2584; x_wconf 79' lang='grc' dir='ltr'>πᾶσα</span> <span class='ocrx_word' id='word_1_399' title='bbox 2715 2529 2934 2606; x_wconf 85' lang='grc' dir='ltr'>πατριά.</span> <span class='ocrx_word' id='word_1_400' title='bbox 2969 2531 3206 2604; x_wconf 81' lang='grc' dir='ltr'>ΙΙατριὰς</span> <span class='ocrx_word' id='word_1_401' title='bbox 3259 2529 3487 2600; x_wconf 73' lang='grc' dir='ltr'>νοητέον</span> <span class='ocrx_word' id='word_1_402' title='bbox 3537 2529 3628 2593; x_wconf 78' lang='grc' dir='ltr'>τὰς</span> <span class='ocrx_word' id='word_1_403' title='bbox 3677 2526 3825 2600; x_wconf 73' lang='grc' dir='ltr'>τάξεις</span> 
     </span>
    </p>
   </div>
   <div class='ocr_carea' id='block_1_58' title="bbox 2192 2616 3822 2694">
    <p class='ocr_par' dir='ltr' id='par_1_58' title="bbox 2192 2616 3822 2694">
     <span class='ocr_line' id='line_1_58' title="bbox 2192 2616 3822 2694; baseline -0.002 -22"><span class='ocrx_word' id='word_1_404' title='bbox 2192 2619 2289 2680; x_wconf 69' lang='grc' dir='ltr'>τὶς</span> <span class='ocrx_word' id='word_1_405' title='bbox 2321 2617 2380 2672; x_wconf 81' lang='grc' dir='ltr'>ἐκ</span> <span class='ocrx_word' id='word_1_406' title='bbox 2407 2625 2505 2688; x_wconf 80' lang='grc' dir='ltr'>τῆς</span> <span class='ocrx_word' id='word_1_407' title='bbox 2565 2618 2881 2694; x_wconf 87' lang='grc' dir='ltr'>ὁμοταγίας,</span> <span class='ocrx_word' id='word_1_408' title='bbox 2916 2619 3083 2673; x_wconf 77' lang='grc' dir='ltr'>οἱονεὶ</span> <span class='ocrx_word' id='word_1_409' title='bbox 3141 2620 3500 2692; x_wconf 81' lang='grc' dir='ltr'>συνημμένας</span> <span class='ocrx_word' id='word_1_410' title='bbox 3557 2616 3822 2686; x_wconf 80' lang='grc' dir='ltr'>ἀλλήλαις,</span> 
     </span>
    </p>
   </div>
   <div class='ocr_carea' id='block_1_59' title="bbox 2195 2699 3824 2784">
    <p class='ocr_par' dir='ltr' id='par_1_59' title="bbox 2195 2699 3824 2784">
     <span class='ocr_line' id='line_1_59' title="bbox 2195 2699 3824 2784; baseline -0.004 -24"><span class='ocrx_word' id='word_1_411' title='bbox 2195 2701 2494 2780; x_wconf 75' lang='grc' dir='ltr'>χερουϐὶμ,</span> <span class='ocrx_word' id='word_1_412' title='bbox 2545 2706 2802 2784; x_wconf 73' lang='grc' dir='ltr'>σεραφὶμ,</span> <span class='ocrx_word' id='word_1_413' title='bbox 2855 2707 3055 2782; x_wconf 76' lang='grc' dir='ltr'>ἀρχὰς,</span> <span class='ocrx_word' id='word_1_414' title='bbox 3115 2705 3352 2776; x_wconf 80' lang='grc' dir='ltr'>ἐξουσίας</span> <span class='ocrx_word' id='word_1_415' title='bbox 3394 2726 3407 2738; x_wconf 87' lang='grc'><strong>·</strong></span> <span class='ocrx_word' id='word_1_416' title='bbox 3461 2705 3542 2783; x_wconf 76' lang='grc' dir='ltr'><strong>ἐφ’</strong></span> <span class='ocrx_word' id='word_1_417' title='bbox 3595 2707 3739 2777; x_wconf 79' lang='grc' dir='ltr'>ἡμῶν</span> <span class='ocrx_word' id='word_1_418' title='bbox 3779 2699 3824 2754; x_wconf 79' lang='grc' dir='ltr'>δὲ</span> 
     </span>
    </p>
   </div>
   <div class='ocr_carea' id='block_1_60' title="bbox 2193 2792 3820 2870">
    <p class='ocr_par' dir='ltr' id='par_1_60' title="bbox 2193 2792 3820 2870">
     <span class='ocr_line' id='line_1_60' title="bbox 2193 2792 3820 2870; baseline -0.004 -20"><span class='ocrx_word' id='word_1_419' title='bbox 2193 2795 2282 2850; x_wconf 82' lang='grc' dir='ltr'><strong>καὶ</strong></span> <span class='ocrx_word' id='word_1_420' title='bbox 2313 2795 2406 2857; x_wconf 83' lang='grc' dir='ltr'><strong>τὰς</strong></span> <span class='ocrx_word' id='word_1_421' title='bbox 2435 2797 2822 2869; x_wconf 68' lang='grc' dir='ltr'>πνευματικὰς,</span> <span class='ocrx_word' id='word_1_422' title='bbox 2857 2796 2932 2858; x_wconf 85' lang='grc' dir='ltr'><strong>ὡς</strong></span> <span class='ocrx_word' id='word_1_423' title='bbox 2963 2800 3235 2870; x_wconf 85' lang='grc' dir='ltr'>συγγενεῖς</span> <span class='ocrx_word' id='word_1_424' title='bbox 3269 2814 3281 2826; x_wconf 94' lang='grc'><strong>·</strong></span> <span class='ocrx_word' id='word_1_425' title='bbox 3313 2795 3415 2850; x_wconf 81' lang='grc' dir='ltr'>καὶ</span> <span class='ocrx_word' id='word_1_426' title='bbox 3452 2792 3820 2866; x_wconf 86' lang='grc' dir='ltr'>ἀλληλουχίας,</span> 
     </span>
    </p>
   </div>
   <div class='ocr_carea' id='block_1_61' title="bbox 2195 2879 3349 2959">
    <p class='ocr_par' dir='ltr' id='par_1_61' title="bbox 2195 2879 3349 2959">
     <span class='ocr_line' id='line_1_61' title="bbox 2195 2879 3349 2959; baseline 0.003 -23"><span class='ocrx_word' id='word_1_427' title='bbox 2195 2884 2267 2945; x_wconf 86' lang='grc' dir='ltr'>ὡς</span> <span class='ocrx_word' id='word_1_428' title='bbox 2297 2879 2466 2953; x_wconf 80' lang='grc' dir='ltr'>δηλοῖ</span> <span class='ocrx_word' id='word_1_429' title='bbox 2493 2884 2579 2938; x_wconf 83' lang='grc' dir='ltr'><strong>καὶ</strong></span> <span class='ocrx_word' id='word_1_430' title='bbox 2616 2885 2857 2953; x_wconf 81' lang='grc' dir='ltr'>Μωϋσῆς</span> <span class='ocrx_word' id='word_1_431' title='bbox 2887 2883 2983 2946; x_wconf 77' lang='grc' dir='ltr'><strong>τὰς</strong></span> <span class='ocrx_word' id='word_1_432' title='bbox 3015 2883 3349 2959; x_wconf 77' lang='grc' dir='ltr'>συγγενείας.</span> 
     </span>
    </p>
   </div>
   <div class='ocr_carea' id='block_1_62' title="bbox 2266 3057 3816 3134">
    <p class='ocr_par' dir='ltr' id='par_1_62' title="bbox 2266 3057 3816 3134">
     <span class='ocr_line' id='line_1_62' title="bbox 2266 3057 3816 3134; baseline -0.004 -15"><span class='ocrx_word' id='word_1_433' title='bbox 2266 3064 2389 3119; x_wconf 90' lang='grc' dir='ltr'>Ὅτι</span> <span class='ocrx_word' id='word_1_434' title='bbox 2437 3061 2502 3117; x_wconf 74' lang='grc' dir='ltr'>τὰ</span> <span class='ocrx_word' id='word_1_435' title='bbox 2550 3057 2679 3117; x_wconf 80' lang='grc' dir='ltr'>ὅντα</span> <span class='ocrx_word' id='word_1_436' title='bbox 2719 3063 2910 3119; x_wconf 83' lang='grc' dir='ltr'>πάντα.</span> <span class='ocrx_word' id='word_1_437' title='bbox 2938 3064 3116 3118; x_wconf 78' lang='grc' dir='ltr'>Πάντα</span> <span class='ocrx_word' id='word_1_438' title='bbox 3165 3062 3231 3119; x_wconf 80' lang='grc' dir='ltr'><strong>τὰ</strong></span> <span class='ocrx_word' id='word_1_439' title='bbox 3270 3067 3373 3119; x_wconf 79' lang='grc' dir='ltr'><strong>τοῦ</strong></span> <span class='ocrx_word' id='word_1_440' title='bbox 3417 3067 3548 3119; x_wconf 78' lang='grc' dir='ltr'>Θεοῦ</span> <span class='ocrx_word' id='word_1_441' title='bbox 3583 3059 3816 3134; x_wconf 85' lang='grc' dir='ltr'>δημιουρ-</span> 
     </span>
    </p>
   </div>
   <div class='ocr_carea' id='block_1_63' title="bbox 2197 3145 3816 3227">
    <p class='ocr_par' dir='ltr' id='par_1_63' title="bbox 2197 3145 3816 3227">
     <span class='ocr_line' id='line_1_63' title="bbox 2197 3145 3816 3227; baseline -0.004 -20"><span class='ocrx_word' id='word_1_442' title='bbox 2197 3154 2418 3226; x_wconf 71' lang='grc' dir='ltr'>γήματα</span> <span class='ocrx_word' id='word_1_443' title='bbox 2459 3151 2624 3218; x_wconf 73' lang='grc' dir='ltr'>καλὶ,</span> <span class='ocrx_word' id='word_1_444' title='bbox 2655 3153 2743 3206; x_wconf 87' lang='grc' dir='ltr'><strong>καὶ</strong></span> <span class='ocrx_word' id='word_1_445' title='bbox 2776 3150 2919 3207; x_wconf 82' lang='grc' dir='ltr'>καλὰ</span> <span class='ocrx_word' id='word_1_446' title='bbox 2967 3150 3088 3208; x_wconf 82' lang='grc' dir='ltr'>λίαν</span> <span class='ocrx_word' id='word_1_447' title='bbox 3141 3151 3415 3227; x_wconf 87' lang='grc' dir='ltr'>γεγόνασι,</span> <span class='ocrx_word' id='word_1_448' title='bbox 3444 3152 3534 3207; x_wconf 90' lang='grc' dir='ltr'><strong>καί</strong></span> <span class='ocrx_word' id='word_1_449' title='bbox 3583 3150 3722 3218; x_wconf 76' lang='grc' dir='ltr'>εἰσιν,</span> <span class='ocrx_word' id='word_1_450' title='bbox 3751 3145 3816 3222; x_wconf 69' lang='grc' dir='ltr'><strong>ἐφ’</strong></span> 
     </span>
    </p>
   </div>
   <div class='ocr_carea' id='block_1_64' title="bbox 439 3231 2088 3318">
    <p class='ocr_par' dir='ltr' id='par_1_64' title="bbox 439 3241 2087 3302">
     <span class='ocr_line' id='line_1_64' title="bbox 439 3241 2087 3302; baseline -0.001 -3"><span class='ocrx_word' id='word_1_451' title='bbox 439 3247 712 3300; x_wconf 86' lang='lat' dir='ltr'><strong>severant</strong></span> <span class='ocrx_word' id='word_1_452' title='bbox 741 3243 801 3300; x_wconf 90' lang='lat' dir='ltr'><strong>in</strong></span> <span class='ocrx_word' id='word_1_453' title='bbox 835 3245 1091 3302; x_wconf 86' lang='lat' dir='ltr'><strong>naturali</strong></span> <span class='ocrx_word' id='word_1_454' title='bbox 1119 3251 1182 3301; x_wconf 92' lang='lat' dir='ltr'><strong>ut</strong></span> <span class='ocrx_word' id='word_1_455' title='bbox 1213 3246 1453 3301; x_wconf 87' lang='lat' dir='ltr'><strong>fuerunt</strong></span> <span class='ocrx_word' id='word_1_456' title='bbox 1467 3241 1970 3300; x_wconf 84' lang='lat' dir='ltr'><strong>ordine:deﬂexio</strong></span> <span class='ocrx_word' id='word_1_457' title='bbox 1984 3258 2087 3298; x_wconf 92' lang='lat' dir='ltr'><strong>au-</strong></span> 
     </span>
    </p>
   </div>
   <div class='ocr_carea' id='block_1_65' title="bbox 2207 3231 3814 3318">
    <p class='ocr_par' dir='ltr' id='par_1_65' title="bbox 2207 3237 3814 3318">
     <span class='ocr_line' id='line_1_65' title="bbox 2207 3237 3814 3318; baseline -0.004 -22"><span class='ocrx_word' id='word_1_458' title='bbox 2207 3240 2325 3296; x_wconf 74' lang='grc' dir='ltr'>ὅσον</span> <span class='ocrx_word' id='word_1_459' title='bbox 2387 3239 2439 3296; x_wconf 82' lang='grc' dir='ltr'>ἐν</span> <span class='ocrx_word' id='word_1_460' title='bbox 2499 3244 2568 3315; x_wconf 76' lang='grc' dir='ltr'><strong>τῇ</strong></span> <span class='ocrx_word' id='word_1_461' title='bbox 2617 3242 2754 3296; x_wconf 82' lang='grc' dir='ltr'>κατὰ</span> <span class='ocrx_word' id='word_1_462' title='bbox 2791 3239 2944 3318; x_wconf 81' lang='grc' dir='ltr'>φύσιν</span> <span class='ocrx_word' id='word_1_463' title='bbox 2979 3242 3053 3304; x_wconf 86' lang='grc' dir='ltr'>ὡς</span> <span class='ocrx_word' id='word_1_464' title='bbox 3083 3240 3356 3317; x_wconf 87' lang='grc' dir='ltr'>γεγόνασι,</span> <span class='ocrx_word' id='word_1_465' title='bbox 3393 3242 3611 3316; x_wconf 86' lang='grc' dir='ltr'>μένουσι</span> <span class='ocrx_word' id='word_1_466' title='bbox 3653 3237 3814 3307; x_wconf 80' lang='grc' dir='ltr'>τάξει·</span> 
     </span>
    </p>
   </div>
   <div class='ocr_carea' id='block_1_66' title="bbox 438 3331 2090 3405">
    <p class='ocr_par' dir='ltr' id='par_1_66' title="bbox 438 3331 2090 3405">
     <span class='ocr_line' id='line_1_66' title="bbox 438 3331 2090 3405; baseline -0.001 -17"><span class='ocrx_word' id='word_1_467' title='bbox 438 3337 556 3389; x_wconf 89' lang='lat' dir='ltr'><strong>tem</strong></span> <span class='ocrx_word' id='word_1_468' title='bbox 580 3333 654 3389; x_wconf 91' lang='lat' dir='ltr'><strong>ab</strong></span> <span class='ocrx_word' id='word_1_469' title='bbox 683 3349 749 3389; x_wconf 91' lang='lat' dir='ltr'><strong>eo</strong></span> <span class='ocrx_word' id='word_1_470' title='bbox 782 3333 939 3405; x_wconf 90' lang='lat' dir='ltr'><strong>quod</strong></span> <span class='ocrx_word' id='word_1_471' title='bbox 973 3337 1196 3390; x_wconf 68' lang='lat' dir='ltr'><strong>natura:</strong></span> <span class='ocrx_word' id='word_1_472' title='bbox 1230 3333 1521 3401; x_wconf 88' lang='lat' dir='ltr'><strong>convenit,</strong></span> <span class='ocrx_word' id='word_1_473' title='bbox 1555 3333 1676 3388; x_wconf 90' lang='lat' dir='ltr'><strong>sive</strong></span> <span class='ocrx_word' id='word_1_474' title='bbox 1725 3333 1783 3387; x_wconf 90' lang='lat' dir='ltr'><strong>in</strong></span> <span class='ocrx_word' id='word_1_475' title='bbox 1841 3331 2090 3403; x_wconf 87' lang='lat' dir='ltr'><strong>angelis,</strong></span> 
     </span>
    </p>
   </div>
   <div class='ocr_carea' id='block_1_67' title="bbox 436 3421 2089 3494">
    <p class='ocr_par' dir='ltr' id='par_1_67' title="bbox 436 3421 2089 3494">
     <span class='ocr_line' id='line_1_67' title="bbox 436 3421 2089 3494; baseline -0.001 -16"><span class='ocrx_word' id='word_1_476' title='bbox 436 3422 556 3479; x_wconf 88' lang='lat' dir='ltr'><strong>sive</strong></span> <span class='ocrx_word' id='word_1_477' title='bbox 587 3423 648 3479; x_wconf 91' lang='lat' dir='ltr'><strong>in</strong></span> <span class='ocrx_word' id='word_1_478' title='bbox 679 3423 916 3494; x_wconf 89' lang='lat' dir='ltr'><strong>animis,</strong></span> <span class='ocrx_word' id='word_1_479' title='bbox 949 3423 1067 3480; x_wconf 89' lang='lat' dir='ltr'><strong>sive</strong></span> <span class='ocrx_word' id='word_1_480' title='bbox 1097 3422 1716 3494; x_wconf 63' lang='lat' dir='ltr'><strong>infqualibuscumque</strong></span> <span class='ocrx_word' id='word_1_481' title='bbox 1747 3421 2089 3492; x_wconf 91' lang='lat' dir='ltr'><strong>corporibus</strong></span> 
     </span>
    </p>
   </div>
   <div class='ocr_carea' id='block_1_68' title="bbox 434 3510 2088 3584">
    <p class='ocr_par' dir='ltr' id='par_1_68' title="bbox 434 3510 2088 3584">
     <span class='ocr_line' id='line_1_68' title="bbox 434 3510 2088 3584; baseline 0.001 -19"><span class='ocrx_word' id='word_1_482' title='bbox 434 3511 558 3580; x_wconf 87' lang='lat' dir='ltr'><strong>ﬁat,</strong></span> <span class='ocrx_word' id='word_1_483' title='bbox 591 3511 1094 3584; x_wconf 87' lang='lat' dir='ltr'><strong>pulchritudinem</strong></span> <span class='ocrx_word' id='word_1_484' title='bbox 1130 3511 1522 3584; x_wconf 89' lang='lat' dir='ltr'><strong>perdit,atque</strong></span> <span class='ocrx_word' id='word_1_485' title='bbox 1551 3511 1624 3568; x_wconf 88' lang='lat' dir='ltr'><strong>ab</strong></span> <span class='ocrx_word' id='word_1_486' title='bbox 1648 3527 1717 3567; x_wconf 90' lang='lat' dir='ltr'><strong>ea</strong></span> <span class='ocrx_word' id='word_1_487' title='bbox 1738 3510 2088 3581; x_wconf 87' lang='lat' dir='ltr'><strong>aberrando,</strong></span> 
     </span>
    </p>
   </div>
   <div class='ocr_carea' id='block_1_69' title="bbox 432 3601 1191 3674">
    <p class='ocr_par' dir='ltr' id='par_1_69' title="bbox 432 3601 1191 3674">
     <span class='ocr_line' id='line_1_69' title="bbox 432 3601 1191 3674; baseline 0.005 -19"><span class='ocrx_word' id='word_1_488' title='bbox 432 3601 865 3671; x_wconf 89' lang='lat' dir='ltr'><strong>turpitudinem</strong></span> <span class='ocrx_word' id='word_1_489' title='bbox 899 3607 1191 3674; x_wconf 88' lang='lat' dir='ltr'><strong>operatur.</strong></span> 
     </span>
    </p>
   </div>
   <div class='ocr_carea' id='block_1_70' title="bbox 514 3689 2085 3762">
    <p class='ocr_par' dir='ltr' id='par_1_70' title="bbox 514 3689 2085 3762">
     <span class='ocr_line' id='line_1_70' title="bbox 514 3689 2085 3762; baseline -0.001 -16"><span class='ocrx_word' id='word_1_490' title='bbox 514 3692 644 3746; x_wconf 77' lang='lat' dir='ltr'><strong>Vere</strong></span> <span class='ocrx_word' id='word_1_491' title='bbox 677 3689 1428 3762; x_wconf 82' lang='lat' dir='ltr'><strong>integre.Dispensationem</strong></span> <span class='ocrx_word' id='word_1_492' title='bbox 1463 3690 1694 3760; x_wconf 90' lang='lat' dir='ltr'><strong>(salutis</strong></span> <span class='ocrx_word' id='word_1_493' title='bbox 1728 3690 1962 3760; x_wconf 60' lang='lat' dir='ltr'><strong>nostrae)</strong></span> <span class='ocrx_word' id='word_1_494' title='bbox 1996 3705 2085 3745; x_wconf 89' lang='lat' dir='ltr'><strong>re-</strong></span> 
     </span>
    </p>
   </div>
   <div class='ocr_carea' id='block_1_71' title="bbox 432 3778 2089 3853">
    <p class='ocr_par' dir='ltr' id='par_1_71' title="bbox 432 3778 2089 3853">
     <span class='ocr_line' id='line_1_71' title="bbox 432 3778 2089 3853; baseline -0.001 -19"><span class='ocrx_word' id='word_1_495' title='bbox 432 3782 522 3836; x_wconf 89' lang='lat' dir='ltr'><strong>cte</strong></span> <span class='ocrx_word' id='word_1_496' title='bbox 551 3779 660 3835; x_wconf 91' lang='lat' dir='ltr'><strong>hoc</strong></span> <span class='ocrx_word' id='word_1_497' title='bbox 692 3779 816 3836; x_wconf 91' lang='lat' dir='ltr'><strong>loco</strong></span> <span class='ocrx_word' id='word_1_498' title='bbox 849 3781 1297 3853; x_wconf 87' lang='lat' dir='ltr'><strong>exponit,unum</strong></span> <span class='ocrx_word' id='word_1_499' title='bbox 1329 3779 1634 3836; x_wconf 87' lang='lat' dir='ltr'><strong>Trinitatis</strong></span> <span class='ocrx_word' id='word_1_500' title='bbox 1666 3778 2089 3852; x_wconf 89' lang='lat' dir='ltr'><strong>passum.Nota</strong></span> 
     </span>
    </p>
   </div>
   <div class='ocr_carea' id='block_1_72' title="bbox 431 3869 2086 3942">
    <p class='ocr_par' dir='ltr' id='par_1_72' title="bbox 431 3869 2086 3942">
     <span class='ocr_line' id='line_1_72' title="bbox 431 3869 2086 3942; baseline -0.002 -18"><span class='ocrx_word' id='word_1_501' title='bbox 431 3885 607 3924; x_wconf 91' lang='lat' dir='ltr'><strong>unam</strong></span> <span class='ocrx_word' id='word_1_502' title='bbox 626 3886 1014 3941; x_wconf 89' lang='lat' dir='ltr'><strong>personarum</strong></span> <span class='ocrx_word' id='word_1_503' title='bbox 1029 3871 1338 3926; x_wconf 89' lang='lat' dir='ltr'><strong>nobiscum</strong></span> <span class='ocrx_word' id='word_1_504' title='bbox 1354 3870 1410 3925; x_wconf 92' lang='lat' dir='ltr'><strong>in</strong></span> <span class='ocrx_word' id='word_1_505' title='bbox 1422 3875 1577 3942; x_wconf 88' lang='lat' dir='ltr'><strong>tegre</strong></span> <span class='ocrx_word' id='word_1_506' title='bbox 1589 3886 1780 3925; x_wconf 87' lang='lat' dir='ltr'><strong>comm</strong></span> <span class='ocrx_word' id='word_1_507' title='bbox 1793 3869 2086 3933; x_wconf 83' lang='lat' dir='ltr'><strong>unicasse;</strong></span> 
     </span>
    </p>
   </div>
   <div class='ocr_carea' id='block_1_73' title="bbox 433 3956 2085 4031">
    <p class='ocr_par' dir='ltr' id='par_1_73' title="bbox 433 3956 2085 4031">
     <span class='ocr_line' id='line_1_73' title="bbox 433 3956 2085 4031; baseline -0.001 -19"><span class='ocrx_word' id='word_1_508' title='bbox 433 3959 710 4029; x_wconf 91' lang='lat' dir='ltr'><strong>quodque</strong></span> <span class='ocrx_word' id='word_1_509' title='bbox 751 3959 965 4014; x_wconf 86' lang='lat' dir='ltr'><strong>dixerit</strong></span> <span class='ocrx_word' id='word_1_510' title='bbox 996 3960 1192 4031; x_wconf 89' lang='lat' dir='ltr'><strong>ipsum</strong></span> <span class='ocrx_word' id='word_1_511' title='bbox 1225 3959 1543 4015; x_wconf 87' lang='lat' dir='ltr'><strong>Dominum</strong></span> <span class='ocrx_word' id='word_1_512' title='bbox 1577 3963 1847 4014; x_wconf 90' lang='lat' dir='ltr'><strong>nostrum</strong></span> <span class='ocrx_word' id='word_1_513' title='bbox 1877 3956 2085 4011; x_wconf 89' lang='lat' dir='ltr'><strong>Jesum</strong></span> 
     </span>
    </p>
   </div>
   <div class='ocr_carea' id='block_1_74' title="bbox 429 4045 2083 4120">
    <p class='ocr_par' dir='ltr' id='par_1_74' title="bbox 429 4045 2083 4120">
     <span class='ocr_line' id='line_1_74' title="bbox 429 4045 2083 4120; baseline -0.001 -20"><span class='ocrx_word' id='word_1_514' title='bbox 429 4046 730 4102; x_wconf 84' lang='lat' dir='ltr'><strong>Christum</strong></span> <span class='ocrx_word' id='word_1_515' title='bbox 745 4046 856 4102; x_wconf 91' lang='lat' dir='ltr'><strong>sim</strong></span> <span class='ocrx_word' id='word_1_516' title='bbox 863 4046 1316 4120; x_wconf 86' lang='lat' dir='ltr'><strong>plicem,deinde</strong></span> <span class='ocrx_word' id='word_1_517' title='bbox 1334 4064 1462 4104; x_wconf 90' lang='lat' dir='ltr'><strong>com</strong></span> <span class='ocrx_word' id='word_1_518' title='bbox 1476 4047 1730 4119; x_wconf 88' lang='lat' dir='ltr'><strong>positum</strong></span> <span class='ocrx_word' id='word_1_519' title='bbox 1761 4045 2083 4100; x_wconf 87' lang='lat' dir='ltr'><strong>humanam</strong></span> 
     </span>
    </p>
   </div>
   <div class='ocr_carea' id='block_1_75' title="bbox 427 4132 2089 4209">
    <p class='ocr_par' dir='ltr' id='par_1_75' title="bbox 427 4132 2089 4209">
     <span class='ocr_line' id='line_1_75' title="bbox 427 4132 2089 4209; baseline -0.002 -19"><span class='ocrx_word' id='word_1_520' title='bbox 427 4135 862 4193; x_wconf 84' lang='lat' dir='ltr'><strong>extremitatem</strong></span> <span class='ocrx_word' id='word_1_521' title='bbox 896 4138 968 4192; x_wconf 91' lang='lat' dir='ltr'><strong>ad</strong></span> <span class='ocrx_word' id='word_1_522' title='bbox 1001 4138 1264 4209; x_wconf 90' lang='lat' dir='ltr'><strong>seipsum</strong></span> <span class='ocrx_word' id='word_1_523' title='bbox 1298 4142 1688 4192; x_wconf 86' lang='lat' dir='ltr'><strong>revocantem.</strong></span> <span class='ocrx_word' id='word_1_524' title='bbox 1727 4135 1875 4190; x_wconf 88' lang='lat' dir='ltr'><strong>Bene</strong></span> <span class='ocrx_word' id='word_1_525' title='bbox 1911 4132 2089 4202; x_wconf 82' lang='lat' dir='ltr'><strong>igitur</strong></span> 
     </span>
    </p>
   </div>
   <div class='ocr_carea' id='block_1_76' title="bbox 428 4222 2087 4294">
    <p class='ocr_par' dir='ltr' id='par_1_76' title="bbox 428 4222 2087 4294">
     <span class='ocr_line' id='line_1_76' title="bbox 428 4222 2087 4294; baseline -0.001 -15"><span class='ocrx_word' id='word_1_526' title='bbox 428 4224 706 4294; x_wconf 89' lang='lat' dir='ltr'><strong>dicimus,</strong></span> <span class='ocrx_word' id='word_1_527' title='bbox 767 4242 951 4282; x_wconf 91' lang='lat' dir='ltr'><strong>unum</strong></span> <span class='ocrx_word' id='word_1_528' title='bbox 1011 4227 1400 4282; x_wconf 74' lang='lat' dir='ltr'><strong>sanctissima:</strong></span> <span class='ocrx_word' id='word_1_529' title='bbox 1450 4222 1754 4280; x_wconf 88' lang='lat' dir='ltr'><strong>Trinitatis</strong></span> <span class='ocrx_word' id='word_1_530' title='bbox 1814 4222 1997 4278; x_wconf 81' lang='lat' dir='ltr'><strong>fuisse</strong></span> <span class='ocrx_word' id='word_1_531' title='bbox 2027 4222 2087 4278; x_wconf 89' lang='lat' dir='ltr'><strong>in</strong></span> 
     </span>
    </p>
   </div>
   <div class='ocr_carea' id='block_1_77' title="bbox 429 4309 2084 4383">
    <p class='ocr_par' dir='ltr' id='par_1_77' title="bbox 429 4309 2084 4383">
     <span class='ocr_line' id='line_1_77' title="bbox 429 4309 2084 4383; baseline 0 -15"><span class='ocrx_word' id='word_1_532' title='bbox 429 4331 622 4369; x_wconf 92' lang='lat' dir='ltr'><strong>cruce.</strong></span> <span class='ocrx_word' id='word_1_533' title='bbox 652 4314 771 4370; x_wconf 89' lang='lat' dir='ltr'><strong>Hoc</strong></span> <span class='ocrx_word' id='word_1_534' title='bbox 828 4321 921 4372; x_wconf 90' lang='lat' dir='ltr'><strong>est</strong></span> <span class='ocrx_word' id='word_1_535' title='bbox 951 4321 1157 4371; x_wconf 90' lang='lat' dir='ltr'><strong>contra</strong></span> <span class='ocrx_word' id='word_1_536' title='bbox 1188 4313 1568 4371; x_wconf 87' lang='lat' dir='ltr'><strong>Nestorianos</strong></span> <span class='ocrx_word' id='word_1_537' title='bbox 1600 4317 1658 4368; x_wconf 91' lang='lat' dir='ltr'><strong>et</strong></span> <span class='ocrx_word' id='word_1_538' title='bbox 1711 4309 2036 4383; x_wconf 88' lang='lat' dir='ltr'><strong>Acephalos</strong></span> <span class='ocrx_word' id='word_1_539' title='bbox 2071 4329 2084 4367; x_wconf 89' lang='lat'><strong>:</strong></span> 
     </span>
    </p>
   </div>
   <div class='ocr_carea' id='block_1_78' title="bbox 428 4400 2089 4473">
    <p class='ocr_par' dir='ltr' id='par_1_78' title="bbox 428 4400 2089 4473">
     <span class='ocr_line' id='line_1_78' title="bbox 428 4400 2089 4473; baseline -0.001 -16"><span class='ocrx_word' id='word_1_540' title='bbox 428 4417 563 4459; x_wconf 91' lang='lat' dir='ltr'><strong>ecce</strong></span> <span class='ocrx_word' id='word_1_541' title='bbox 593 4403 1006 4472; x_wconf 85' lang='lat' dir='ltr'><strong>enim,ait,una</strong></span> <span class='ocrx_word' id='word_1_542' title='bbox 1031 4410 1406 4460; x_wconf 82' lang='lat' dir='ltr'><strong>Personarum</strong></span> <span class='ocrx_word' id='word_1_543' title='bbox 1435 4403 1655 4473; x_wconf 75' lang='lat' dir='ltr'><strong>integre</strong></span> <span class='ocrx_word' id='word_1_544' title='bbox 1679 4400 1962 4456; x_wconf 82' lang='lat' dir='ltr'><strong>nobiscum</strong></span> <span class='ocrx_word' id='word_1_545' title='bbox 2001 4400 2089 4471; x_wconf 77' lang='lat' dir='ltr'><strong>(in</strong></span> 
     </span>
    </p>
   </div>
   <div class='ocr_carea' id='block_1_79' title="bbox 427 4489 2088 4563">
    <p class='ocr_par' dir='ltr' id='par_1_79' title="bbox 427 4489 2088 4563">
     <span class='ocr_line' id='line_1_79' title="bbox 427 4489 2088 4563; baseline -0.002 -15"><span class='ocrx_word' id='word_1_546' title='bbox 427 4492 654 4563; x_wconf 86' lang='lat' dir='ltr'><strong>natura)</strong></span> <span class='ocrx_word' id='word_1_547' title='bbox 686 4492 1133 4562; x_wconf 82' lang='lat' dir='ltr'><strong>communicavit,</strong></span> <span class='ocrx_word' id='word_1_548' title='bbox 1185 4493 1342 4549; x_wconf 88' lang='lat' dir='ltr'><strong>sicut</strong></span> <span class='ocrx_word' id='word_1_549' title='bbox 1391 4491 1532 4547; x_wconf 87' lang='lat' dir='ltr'><strong>dicit</strong></span> <span class='ocrx_word' id='word_1_550' title='bbox 1560 4489 1875 4562; x_wconf 87' lang='lat' dir='ltr'><strong>Apostolus</strong></span> <span class='ocrx_word' id='word_1_551' title='bbox 1897 4491 1993 4561; x_wconf 90' lang='lat' dir='ltr'><strong>(v),</strong></span> <span class='ocrx_word' id='word_1_552' title='bbox 2025 4489 2088 4545; x_wconf 83' lang='lat' dir='ltr'><strong>in</strong></span> 
     </span>
    </p>
   </div>
   <div class='ocr_carea' id='block_1_80' title="bbox 2200 3323 3820 3407">
    <p class='ocr_par' dir='ltr' id='par_1_80' title="bbox 2200 3323 3820 3407">
     <span class='ocr_line' id='line_1_80' title="bbox 2200 3323 3820 3407; baseline 0 -23"><span class='ocrx_word' id='word_1_553' title='bbox 2200 3332 2234 3399; x_wconf 80' lang='grc' dir='ltr'><strong>ἡ</strong></span> <span class='ocrx_word' id='word_1_554' title='bbox 2286 3327 2342 3384; x_wconf 73' lang='grc' dir='ltr'>δὲ</span> <span class='ocrx_word' id='word_1_555' title='bbox 2398 3333 2494 3385; x_wconf 81' lang='grc' dir='ltr'><strong>τοῦ</strong></span> <span class='ocrx_word' id='word_1_556' title='bbox 2533 3329 2669 3385; x_wconf 79' lang='grc' dir='ltr'>κατὰ</span> <span class='ocrx_word' id='word_1_557' title='bbox 2725 3329 2882 3407; x_wconf 84' lang='grc' dir='ltr'>φύσιν</span> <span class='ocrx_word' id='word_1_558' title='bbox 2940 3331 3290 3405; x_wconf 79' lang='grc' dir='ltr'>παρατροπὴ,</span> <span class='ocrx_word' id='word_1_559' title='bbox 3326 3328 3437 3386; x_wconf 58' lang='grc' dir='ltr'>εἴτε</span> <span class='ocrx_word' id='word_1_560' title='bbox 3480 3331 3531 3384; x_wconf 85' lang='grc' dir='ltr'>ἐν</span> <span class='ocrx_word' id='word_1_561' title='bbox 3575 3323 3820 3402; x_wconf 73' lang='grc' dir='ltr'>ἀγγέλοις,</span> 
     </span>
    </p>
   </div>
   <div class='ocr_carea' id='block_1_81' title="bbox 2201 3413 3822 3495">
    <p class='ocr_par' dir='ltr' id='par_1_81' title="bbox 2201 3413 3822 3495">
     <span class='ocr_line' id='line_1_81' title="bbox 2201 3413 3822 3495; baseline -0.004 -21"><span class='ocrx_word' id='word_1_562' title='bbox 2201 3418 2308 3474; x_wconf 81' lang='grc' dir='ltr'>εἷ’τε</span> <span class='ocrx_word' id='word_1_563' title='bbox 2346 3419 2398 3474; x_wconf 76' lang='grc' dir='ltr'>ἐν</span> <span class='ocrx_word' id='word_1_564' title='bbox 2429 3423 2657 3495; x_wconf 80' lang='grc' dir='ltr'>ψυχαῖς,</span> <span class='ocrx_word' id='word_1_565' title='bbox 2687 3417 2794 3475; x_wconf 41' lang='lat' dir='ltr'><strong>siit:</strong></span> <span class='ocrx_word' id='word_1_566' title='bbox 2831 3417 2883 3474; x_wconf 76' lang='grc' dir='ltr'>ἐν</span> <span class='ocrx_word' id='word_1_567' title='bbox 2931 3420 3245 3474; x_wconf 74' lang='grc' dir='ltr'>ὁποιοισοῦν</span> <span class='ocrx_word' id='word_1_568' title='bbox 3305 3422 3523 3493; x_wconf 87' lang='grc' dir='ltr'>σώμασι</span> <span class='ocrx_word' id='word_1_569' title='bbox 3570 3413 3822 3493; x_wconf 75' lang='grc' dir='ltr'>γινομένη,</span> 
     </span>
    </p>
   </div>
   <div class='ocr_carea' id='block_1_82' title="bbox 2198 3499 3822 3582">
    <p class='ocr_par' dir='ltr' id='par_1_82' title="bbox 2198 3499 3822 3582">
     <span class='ocr_line' id='line_1_82' title="bbox 2198 3499 3822 3582; baseline -0.006 -17"><span class='ocrx_word' id='word_1_570' title='bbox 2198 3510 2260 3565; x_wconf 90' lang='grc' dir='ltr'>τὸ</span> <span class='ocrx_word' id='word_1_571' title='bbox 2318 3508 2526 3571; x_wconf 77' lang='grc' dir='ltr'>κάλλος</span> <span class='ocrx_word' id='word_1_572' title='bbox 2585 3505 2882 3581; x_wconf 77' lang='grc' dir='ltr'>ἀπόλλυσι,</span> <span class='ocrx_word' id='word_1_573' title='bbox 2916 3509 3004 3564; x_wconf 81' lang='grc' dir='ltr'>καὶ</span> <span class='ocrx_word' id='word_1_574' title='bbox 3062 3513 3133 3582; x_wconf 80' lang='grc' dir='ltr'><strong>τῇ</strong></span> <span class='ocrx_word' id='word_1_575' title='bbox 3188 3508 3390 3565; x_wconf 88' lang='grc' dir='ltr'>τούτου</span> <span class='ocrx_word' id='word_1_576' title='bbox 3448 3504 3725 3582; x_wconf 82' lang='grc' dir='ltr'>διαμαρτίᾳ</span> <span class='ocrx_word' id='word_1_577' title='bbox 3771 3499 3822 3555; x_wconf 83' lang='grc' dir='ltr'>τὸ</span> 
     </span>
    </p>
   </div>
   <div class='ocr_carea' id='block_1_83' title="bbox 2198 3597 2775 3674">
    <p class='ocr_par' dir='ltr' id='par_1_83' title="bbox 2198 3597 2775 3674">
     <span class='ocr_line' id='line_1_83' title="bbox 2198 3597 2775 3674; baseline -0.003 -21"><span class='ocrx_word' id='word_1_578' title='bbox 2198 3600 2360 3674; x_wconf 78' lang='grc' dir='ltr'>αἶσχο</span> <span class='ocrx_word' id='word_1_579' title='bbox 2371 3621 2394 3659; x_wconf 88' lang='grc' dir='ltr'><strong>ς</strong></span> <span class='ocrx_word' id='word_1_580' title='bbox 2425 3597 2489 3669; x_wconf 86' lang='grc' dir='ltr'><strong>δη</strong></span> <span class='ocrx_word' id='word_1_581' title='bbox 2503 3603 2775 3674; x_wconf 87' lang='grc' dir='ltr'>μιουργεῖ.</span> 
     </span>
    </p>
   </div>
   <div class='ocr_carea' id='block_1_84' title="bbox 2272 3683 3822 3762">
    <p class='ocr_par' dir='ltr' id='par_1_84' title="bbox 2272 3683 3822 3762">
     <span class='ocr_line' id='line_1_84' title="bbox 2272 3683 3822 3762; baseline -0.005 -18"><span class='ocrx_word' id='word_1_582' title='bbox 2272 3689 2416 3760; x_wconf 83' lang='grc' dir='ltr'>Πρὸς</span> <span class='ocrx_word' id='word_1_583' title='bbox 2475 3687 2733 3757; x_wconf 80' lang='grc' dir='ltr'>ἀλήθειαν</span> <span class='ocrx_word' id='word_1_584' title='bbox 2791 3685 3014 3749; x_wconf 82' lang='grc' dir='ltr'>ὁλικῶς.</span> <span class='ocrx_word' id='word_1_585' title='bbox 3073 3689 3182 3756; x_wconf 82' lang='grc' dir='ltr'><strong>Τήν</strong></span> <span class='ocrx_word' id='word_1_586' title='bbox 3239 3687 3556 3762; x_wconf 75' lang='grc' dir='ltr'>οἴκονομίαν</span> <span class='ocrx_word' id='word_1_587' title='bbox 3631 3683 3822 3742; x_wconf 76' lang='grc' dir='ltr'>ἐνταῦθα</span> 
     </span>
    </p>
   </div>
   <div class='ocr_carea' id='block_1_85' title="bbox 2199 3773 3822 3855">
    <p class='ocr_par' dir='ltr' id='par_1_85' title="bbox 2199 3773 3822 3855">
     <span class='ocr_line' id='line_1_85' title="bbox 2199 3773 3822 3855; baseline -0.003 -25"><span class='ocrx_word' id='word_1_588' title='bbox 2199 3779 2387 3855; x_wconf 75' lang='grc' dir='ltr'>φράζει</span> <span class='ocrx_word' id='word_1_589' title='bbox 2418 3775 2627 3844; x_wconf 82' lang='grc' dir='ltr'>καλῶς,</span> <span class='ocrx_word' id='word_1_590' title='bbox 2655 3776 2737 3831; x_wconf 83' lang='grc' dir='ltr'><strong>δτι</strong></span> <span class='ocrx_word' id='word_1_591' title='bbox 2769 3779 2848 3838; x_wconf 80' lang='grc' dir='ltr'><strong>εἷς</strong></span> <span class='ocrx_word' id='word_1_592' title='bbox 2886 3779 2984 3845; x_wconf 69' lang='grc' dir='ltr'><strong>τῆς</strong></span> <span class='ocrx_word' id='word_1_593' title='bbox 3030 3777 3267 3852; x_wconf 84' lang='grc' dir='ltr'>Τριάδος</span> <span class='ocrx_word' id='word_1_594' title='bbox 3321 3773 3502 3834; x_wconf 77' lang='grc' dir='ltr'>ἔπαθε.</span> <span class='ocrx_word' id='word_1_595' title='bbox 3537 3773 3822 3846; x_wconf 86' lang='grc' dir='ltr'>Σημείωσαι</span> 
     </span>
    </p>
   </div>
   <div class='ocr_carea' id='block_1_86' title="bbox 2201 3861 3817 3940">
    <p class='ocr_par' dir='ltr' id='par_1_86' title="bbox 2201 3861 3817 3940">
     <span class='ocr_line' id='line_1_86' title="bbox 2201 3861 3817 3940; baseline -0.005 -20"><span class='ocrx_word' id='word_1_596' title='bbox 2201 3864 2258 3920; x_wconf 78' lang='grc' dir='ltr'>δὲ</span> <span class='ocrx_word' id='word_1_597' title='bbox 2287 3864 2372 3920; x_wconf 77' lang='grc' dir='ltr'>ὅτι</span> <span class='ocrx_word' id='word_1_598' title='bbox 2408 3865 2503 3938; x_wconf 86' lang='grc' dir='ltr'><strong>μία</strong></span> <span class='ocrx_word' id='word_1_599' title='bbox 2532 3869 2639 3920; x_wconf 83' lang='grc' dir='ltr'>τῶν</span> <span class='ocrx_word' id='word_1_600' title='bbox 2677 3866 3021 3922; x_wconf 80' lang='grc' dir='ltr'>ὑποστάσεων</span> <span class='ocrx_word' id='word_1_601' title='bbox 3053 3869 3192 3940; x_wconf 78' lang='grc' dir='ltr'>ἡμῖν</span> <span class='ocrx_word' id='word_1_602' title='bbox 3219 3867 3578 3936; x_wconf 70' lang='grc' dir='ltr'>ἐκοινώνησεν</span> <span class='ocrx_word' id='word_1_603' title='bbox 3610 3861 3817 3916; x_wconf 74' lang='grc' dir='ltr'>ὑλικῶς·</span> 
     </span>
    </p>
   </div>
   <div class='ocr_carea' id='block_1_87' title="bbox 2197 3944 3825 4032">
    <p class='ocr_par' dir='ltr' id='par_1_87' title="bbox 2197 3944 3825 4032">
     <span class='ocr_line' id='line_1_87' title="bbox 2197 3944 3825 4032; baseline -0.004 -22"><span class='ocrx_word' id='word_1_604' title='bbox 2197 3955 2290 4010; x_wconf 88' lang='lat' dir='ltr'><strong>xui</strong></span> <span class='ocrx_word' id='word_1_605' title='bbox 2329 3954 2411 4009; x_wconf 83' lang='grc' dir='ltr'><strong>ὅτι</strong></span> <span class='ocrx_word' id='word_1_606' title='bbox 2464 3953 2622 4010; x_wconf 80' lang='grc' dir='ltr'>αὐτὸν</span> <span class='ocrx_word' id='word_1_607' title='bbox 2672 3956 2763 4010; x_wconf 85' lang='grc' dir='ltr'>τὸν</span> <span class='ocrx_word' id='word_1_608' title='bbox 2838 3957 3042 4032; x_wconf 88' lang='grc' dir='ltr'>Κύριον</span> <span class='ocrx_word' id='word_1_609' title='bbox 3113 3959 3274 4028; x_wconf 81' lang='grc' dir='ltr'>ἡμῶν</span> <span class='ocrx_word' id='word_1_610' title='bbox 3337 3959 3548 4027; x_wconf 84' lang='grc' dir='ltr'>Ἰησοῦν</span> <span class='ocrx_word' id='word_1_611' title='bbox 3624 3944 3825 4024; x_wconf 78' lang='grc' dir='ltr'>Χριστὸν</span> 
     </span>
    </p>
   </div>
   <div class='ocr_carea' id='block_1_88' title="bbox 2200 4035 3820 4121">
    <p class='ocr_par' dir='ltr' id='par_1_88' title="bbox 2200 4035 3820 4121">
     <span class='ocr_line' id='line_1_88' title="bbox 2200 4035 3820 4121; baseline 0.001 -23"><span class='ocrx_word' id='word_1_612' title='bbox 2200 4041 2408 4099; x_wconf 76' lang='grc' dir='ltr'>ἁπλοῦν</span> <span class='ocrx_word' id='word_1_613' title='bbox 2439 4043 2607 4114; x_wconf 78' lang='grc' dir='ltr'>εἶπεν,</span> <span class='ocrx_word' id='word_1_614' title='bbox 2643 4045 2757 4099; x_wconf 82' lang='grc' dir='ltr'>εἶτα</span> <span class='ocrx_word' id='word_1_615' title='bbox 2787 4045 3034 4108; x_wconf 85' lang='grc' dir='ltr'>σύνθετον</span> <span class='ocrx_word' id='word_1_616' title='bbox 3063 4042 3512 4121; x_wconf 77' lang='grc' dir='ltr'>ἀνακαλούμενον</span> <span class='ocrx_word' id='word_1_617' title='bbox 3551 4040 3679 4115; x_wconf 79' lang='grc' dir='ltr'>πρὸς</span> <span class='ocrx_word' id='word_1_618' title='bbox 3723 4035 3820 4088; x_wconf 60' lang='grc' dir='ltr'><strong>ἓαυ·</strong></span> 
     </span>
    </p>
   </div>
   <div class='ocr_carea' id='block_1_89' title="bbox 2196 4128 3820 4208">
    <p class='ocr_par' dir='ltr' id='par_1_89' title="bbox 2196 4128 3820 4208">
     <span class='ocr_line' id='line_1_89' title="bbox 2196 4128 3820 4208; baseline 0 -19"><span class='ocrx_word' id='word_1_619' title='bbox 2196 4135 2288 4189; x_wconf 89' lang='grc' dir='ltr'>τὸν</span> <span class='ocrx_word' id='word_1_620' title='bbox 2317 4135 2417 4202; x_wconf 79' lang='grc' dir='ltr'><strong>τήν</strong></span> <span class='ocrx_word' id='word_1_621' title='bbox 2449 4133 2799 4207; x_wconf 78' lang='grc' dir='ltr'>ἀνθρωπίνην</span> <span class='ocrx_word' id='word_1_622' title='bbox 2851 4133 3109 4208; x_wconf 75' lang='grc' dir='ltr'>ἰσχστιάν</span> <span class='ocrx_word' id='word_1_623' title='bbox 3141 4155 3153 4167; x_wconf 89' lang='grc'><strong>·</strong></span> <span class='ocrx_word' id='word_1_624' title='bbox 3197 4133 3385 4198; x_wconf 83' lang='grc' dir='ltr'>καλῶς</span> <span class='ocrx_word' id='word_1_625' title='bbox 3444 4130 3532 4188; x_wconf 74' lang='grc' dir='ltr'>οὖν</span> <span class='ocrx_word' id='word_1_626' title='bbox 3593 4128 3820 4201; x_wconf 74' lang='grc' dir='ltr'>λὲγομεν,</span> 
     </span>
    </p>
   </div>
   <div class='ocr_carea' id='block_1_90' title="bbox 2197 4215 3820 4298">
    <p class='ocr_par' dir='ltr' id='par_1_90' title="bbox 2197 4215 3820 4298">
     <span class='ocr_line' id='line_1_90' title="bbox 2197 4215 3820 4298; baseline -0.007 -19"><span class='ocrx_word' id='word_1_627' title='bbox 2197 4223 2280 4279; x_wconf 79' lang='grc' dir='ltr'><strong>δτι</strong></span> <span class='ocrx_word' id='word_1_628' title='bbox 2335 4226 2412 4285; x_wconf 74' lang='grc' dir='ltr'>εἷς</span> <span class='ocrx_word' id='word_1_629' title='bbox 2461 4229 2562 4292; x_wconf 81' lang='grc' dir='ltr'>τῆς</span> <span class='ocrx_word' id='word_1_630' title='bbox 2618 4222 2774 4298; x_wconf 83' lang='grc' dir='ltr'>ἁγίας</span> <span class='ocrx_word' id='word_1_631' title='bbox 2819 4221 3056 4297; x_wconf 82' lang='grc' dir='ltr'>Τριάδος</span> <span class='ocrx_word' id='word_1_632' title='bbox 3094 4225 3162 4292; x_wconf 84' lang='grc' dir='ltr'>ἦν</span> <span class='ocrx_word' id='word_1_633' title='bbox 3216 4223 3271 4280; x_wconf 80' lang='grc' dir='ltr'>ἐν</span> <span class='ocrx_word' id='word_1_634' title='bbox 3300 4223 3382 4298; x_wconf 81' lang='grc' dir='ltr'><strong>τῷ</strong></span> <span class='ocrx_word' id='word_1_635' title='bbox 3414 4223 3642 4295; x_wconf 80' lang='grc' dir='ltr'>σταυρῷ.</span> <span class='ocrx_word' id='word_1_636' title='bbox 3671 4215 3820 4298; x_wconf 71' lang='grc' dir='ltr'>Τοῦτο</span> 
     </span>
    </p>
   </div>
   <div class='ocr_carea' id='block_1_91' title="bbox 2195 4295 3823 4391">
    <p class='ocr_par' dir='ltr' id='par_1_91' title="bbox 2195 4295 3823 4391">
     <span class='ocr_line' id='line_1_91' title="bbox 2195 4295 3823 4391; baseline -0.002 -23"><span class='ocrx_word' id='word_1_637' title='bbox 2195 4315 2331 4368; x_wconf 82' lang='grc' dir='ltr'>κατὰ</span> <span class='ocrx_word' id='word_1_638' title='bbox 2360 4295 2730 4387; x_wconf 71' lang='grc' dir='ltr'>Νεστοριανίῦν</span> <span class='ocrx_word' id='word_1_639' title='bbox 2763 4313 2850 4368; x_wconf 85' lang='lat' dir='ltr'><strong>xui</strong></span> <span class='ocrx_word' id='word_1_640' title='bbox 2871 4295 3197 4391; x_wconf 14' lang='grc' dir='ltr'>γ’Δκεφάλων</span> <span class='ocrx_word' id='word_1_641' title='bbox 3230 4331 3243 4346; x_wconf 77' lang='grc' dir='ltr'><strong><em>ο</em></strong></span> <span class='ocrx_word' id='word_1_642' title='bbox 3275 4295 3399 4368; x_wconf 77' lang='grc' dir='ltr'>ἰδοὺ</span> <span class='ocrx_word' id='word_1_643' title='bbox 3429 4312 3550 4385; x_wconf 79' lang='grc' dir='ltr'>γὰρ,</span> <span class='ocrx_word' id='word_1_644' title='bbox 3583 4295 3823 4391; x_wconf 33' lang='lat' dir='ltr'><strong>umidi-4‘“</strong></span> 
     </span>
    </p>
   </div>
   <div class='ocr_carea' id='block_1_92' title="bbox 2193 4383 3822 4476">
    <p class='ocr_par' dir='ltr' id='par_1_92' title="bbox 2193 4383 3822 4476">
     <span class='ocr_line' id='line_1_92' title="bbox 2193 4383 3822 4476; baseline -0.009 -19"><span class='ocrx_word' id='word_1_645' title='bbox 2193 4406 2302 4458; x_wconf 82' lang='grc' dir='ltr'>τῶν</span> <span class='ocrx_word' id='word_1_646' title='bbox 2382 4403 2754 4456; x_wconf 84' lang='grc' dir='ltr'>Ὑποστάσεων</span> <span class='ocrx_word' id='word_1_647' title='bbox 2829 4400 3038 4465; x_wconf 80' lang='grc' dir='ltr'>ὁλικῶς</span> <span class='ocrx_word' id='word_1_648' title='bbox 3110 4405 3246 4476; x_wconf 83' lang='grc' dir='ltr'>ἡμῖν</span> <span class='ocrx_word' id='word_1_649' title='bbox 3337 4399 3705 4466; x_wconf 72' lang='grc' dir='ltr'>ἐκοινώνησεν,</span> <span class='ocrx_word' id='word_1_650' title='bbox 3759 4383 3822 4444; x_wconf 79' lang='grc' dir='ltr'><strong>ὥς</strong></span> 
     </span>
    </p>
   </div>
   <div class='ocr_carea' id='block_1_93' title="bbox 2197 4481 3824 4570">
    <p class='ocr_par' dir='ltr' id='par_1_93' title="bbox 2197 4481 3824 4570">
     <span class='ocr_line' id='line_1_93' title="bbox 2197 4481 3824 4570; baseline -0.019 -7"><span class='ocrx_word' id='word_1_651' title='bbox 2197 4513 2358 4570; x_wconf 80' lang='grc' dir='ltr'>φησιν</span> <span class='ocrx_word' id='word_1_652' title='bbox 2395 4490 2423 4546; x_wconf 76' lang='grc' dir='ltr'>δ</span> <span class='ocrx_word' id='word_1_653' title='bbox 2453 4491 2813 4562; x_wconf 74' lang='grc' dir='ltr'>Ἀπόστολος,</span> <span class='ocrx_word' id='word_1_654' title='bbox 2847 4489 2899 4546; x_wconf 76' lang='grc' dir='ltr'>ἐν</span> <span class='ocrx_word' id='word_1_655' title='bbox 2932 4492 2978 4563; x_wconf 80' lang='grc' dir='ltr'>ᾧ</span> <span class='ocrx_word' id='word_1_656' title='bbox 3008 4497 3254 4547; x_wconf 88' lang='grc' dir='ltr'>κατοικεῖ</span> <span class='ocrx_word' id='word_1_657' title='bbox 3307 4496 3414 4547; x_wconf 84' lang='grc' dir='ltr'><strong>πᾶν</strong></span> <span class='ocrx_word' id='word_1_658' title='bbox 3467 4487 3529 4542; x_wconf 83' lang='grc' dir='ltr'>τὸ</span> <span class='ocrx_word' id='word_1_659' title='bbox 3571 4481 3824 4570; x_wconf 52' lang='grc' dir='ltr'>πλιξρωμξ</span> 
     </span>
    </p>
   </div>
   <div class='ocr_carea' id='block_1_94' title="bbox 428 4558 2088 4670">
    <p class='ocr_par' dir='ltr' id='par_1_94' title="bbox 428 4558 2082 4654">
     <span class='ocr_line' id='line_1_94' title="bbox 428 4558 2082 4654; baseline -0.001 -18"><span class='ocrx_word' id='word_1_660' title='bbox 428 4598 535 4653; x_wconf 91' lang='lat' dir='ltr'><strong>quo</strong></span> <span class='ocrx_word' id='word_1_661' title='bbox 566 4558 782 4638; x_wconf 68' lang='lat' dir='ltr'><strong>habitat</strong></span> <span class='ocrx_word' id='word_1_662' title='bbox 809 4583 990 4639; x_wconf 86' lang='lat' dir='ltr'><strong>omnis</strong></span> <span class='ocrx_word' id='word_1_663' title='bbox 1016 4558 1308 4654; x_wconf 67' lang='lat' dir='ltr'><strong>pleizitudo</strong></span> <span class='ocrx_word' id='word_1_664' title='bbox 1351 4558 1670 4636; x_wconf 57' lang='lat' dir='ltr'><strong>divinitatis</strong></span> <span class='ocrx_word' id='word_1_665' title='bbox 1699 4558 2082 4650; x_wconf 77' lang='lat' dir='ltr'><strong>corporaliter.</strong></span> 
     </span>
    </p>
   </div>
   <div class='ocr_carea' id='block_1_95' title="bbox 2207 4558 3824 4670">
    <p class='ocr_par' dir='ltr' id='par_1_95' title="bbox 2207 4558 3824 4650">
     <span class='ocr_line' id='line_1_95' title="bbox 2207 4558 3824 4650; baseline 0 -14"><span class='ocrx_word' id='word_1_666' title='bbox 2207 4558 2294 4646; x_wconf 57' lang='grc' dir='ltr'>ἑῆς</span> <span class='ocrx_word' id='word_1_667' title='bbox 2323 4579 2582 4650; x_wconf 80' lang='grc' dir='ltr'>θεότητος</span> <span class='ocrx_word' id='word_1_668' title='bbox 2611 4558 3156 4650; x_wconf 46' lang='grc' dir='ltr'>σωματικῶςξΤοῦτο</span> <span class='ocrx_word' id='word_1_669' title='bbox 3189 4577 3247 4636; x_wconf 73' lang='grc' dir='ltr'>δὲ</span> <span class='ocrx_word' id='word_1_670' title='bbox 3274 4582 3338 4636; x_wconf 83' lang='grc' dir='ltr'>τὸ</span> <span class='ocrx_word' id='word_1_671' title='bbox 3367 4578 3570 4636; x_wconf 74' lang='grc' dir='ltr'>ὑλικῶς</span> <span class='ocrx_word' id='word_1_672' title='bbox 3601 4568 3686 4627; x_wconf 78' lang='grc' dir='ltr'><strong>καὶ</strong></span> <span class='ocrx_word' id='word_1_673' title='bbox 3712 4558 3824 4621; x_wconf 63' lang='grc' dir='ltr'><strong>κατὰ</strong></span> 
     </span>
    </p>
   </div>
   <div class='ocr_carea' id='block_1_96' title="bbox 428 4669 2084 4743">
    <p class='ocr_par' dir='ltr' id='par_1_96' title="bbox 428 4669 2084 4743">
     <span class='ocr_line' id='line_1_96' title="bbox 428 4669 2084 4743; baseline 0.001 -18"><span class='ocrx_word' id='word_1_674' title='bbox 428 4670 546 4726; x_wconf 89' lang='lat' dir='ltr'><strong>Hoc</strong></span> <span class='ocrx_word' id='word_1_675' title='bbox 577 4678 774 4727; x_wconf 86' lang='lat' dir='ltr'><strong>autem</strong></span> <span class='ocrx_word' id='word_1_676' title='bbox 807 4671 1018 4743; x_wconf 81' lang='lat' dir='ltr'><strong>integre</strong></span> <span class='ocrx_word' id='word_1_677' title='bbox 1067 4669 1393 4742; x_wconf 89' lang='lat' dir='ltr'><strong>intelligere</strong></span> <span class='ocrx_word' id='word_1_678' title='bbox 1421 4670 1523 4725; x_wconf 78' lang='lat'><strong>99</strong></span> <span class='ocrx_word' id='word_1_679' title='bbox 1557 4669 1733 4724; x_wconf 89' lang='lat' dir='ltr'><strong>etiam</strong></span> <span class='ocrx_word' id='word_1_680' title='bbox 1765 4675 1854 4725; x_wconf 88' lang='lat' dir='ltr'><strong>est</strong></span> <span class='ocrx_word' id='word_1_681' title='bbox 1883 4673 2084 4726; x_wconf 90' lang='lat' dir='ltr'><strong>contra</strong></span> 
     </span>
    </p>
   </div>
   <div class='ocr_carea' id='block_1_97' title="bbox 427 4757 2082 4831">
    <p class='ocr_par' dir='ltr' id='par_1_97' title="bbox 427 4757 2082 4831">
     <span class='ocr_line' id='line_1_97' title="bbox 427 4757 2082 4831; baseline 0.001 -18"><span class='ocrx_word' id='word_1_682' title='bbox 427 4757 861 4830; x_wconf 85' lang='lat' dir='ltr'><strong>Apollinarium</strong></span> <span class='ocrx_word' id='word_1_683' title='bbox 893 4777 905 4815; x_wconf 93' lang='lat'>:</span> <span class='ocrx_word' id='word_1_684' title='bbox 938 4759 1195 4815; x_wconf 90' lang='lat' dir='ltr'><strong>dcclarat</strong></span> <span class='ocrx_word' id='word_1_685' title='bbox 1209 4758 1603 4831; x_wconf 89' lang='lat' dir='ltr'><strong>enim,ipsum</strong></span> <span class='ocrx_word' id='word_1_686' title='bbox 1627 4759 1946 4831; x_wconf 78' lang='lat' dir='ltr'><strong>perfectum</strong></span> <span class='ocrx_word' id='word_1_687' title='bbox 1975 4760 2082 4815; x_wconf 84' lang='lat' dir='ltr'><strong>ho-</strong></span> 
     </span>
    </p>
   </div>
   <div class='ocr_carea' id='block_1_98' title="bbox 430 4848 1106 4919">
    <p class='ocr_par' dir='ltr' id='par_1_98' title="bbox 430 4848 1106 4919">
     <span class='ocr_line' id='line_1_98' title="bbox 430 4848 1106 4919; baseline 0 -15"><span class='ocrx_word' id='word_1_688' title='bbox 430 4849 650 4905; x_wconf 89' lang='lat' dir='ltr'><strong>minem</strong></span> <span class='ocrx_word' id='word_1_689' title='bbox 685 4848 1106 4919; x_wconf 89' lang='lat' dir='ltr'><strong>assumpsisse.</strong></span> 
     </span>
    </p>
   </div>
   <div class='ocr_carea' id='block_1_99' title="bbox 499 4936 2085 5011">
    <p class='ocr_par' dir='ltr' id='par_1_99' title="bbox 499 4936 2085 5011">
     <span class='ocr_line' id='line_1_99' title="bbox 499 4936 2085 5011; baseline 0.003 -19"><span class='ocrx_word' id='word_1_690' title='bbox 499 4939 565 4992; x_wconf 86' lang='lat' dir='ltr'><strong>Et</strong></span> <span class='ocrx_word' id='word_1_691' title='bbox 594 4937 832 5008; x_wconf 75' lang='lat' dir='ltr'><strong>sumpsit</strong></span> <span class='ocrx_word' id='word_1_692' title='bbox 879 4937 1232 4993; x_wconf 79' lang='lat' dir='ltr'><strong>accessiones.</strong></span> <span class='ocrx_word' id='word_1_693' title='bbox 1295 4936 1522 4993; x_wconf 89' lang='lat' dir='ltr'><strong>Patrem</strong></span> <span class='ocrx_word' id='word_1_694' title='bbox 1566 4936 1783 4994; x_wconf 88' lang='lat' dir='ltr'><strong>dixisse</strong></span> <span class='ocrx_word' id='word_1_695' title='bbox 1827 4956 2085 5011; x_wconf 83' lang='lat' dir='ltr'><strong>proroga-</strong></span> 
     </span>
    </p>
   </div>
   <div class='ocr_carea' id='block_1_100' title="bbox 431 5027 2087 5101">
    <p class='ocr_par' dir='ltr' id='par_1_100' title="bbox 431 5027 2087 5101">
     <span class='ocr_line' id='line_1_100' title="bbox 431 5027 2087 5101; baseline 0.001 -17"><span class='ocrx_word' id='word_1_696' title='bbox 431 5027 920 5095; x_wconf 85' lang='lat' dir='ltr'><strong>tionem,arbitror</strong></span> <span class='ocrx_word' id='word_1_697' title='bbox 949 5041 1077 5081; x_wconf 88' lang='lat' dir='ltr'><strong>esse</strong></span> <span class='ocrx_word' id='word_1_698' title='bbox 1108 5042 1451 5082; x_wconf 88' lang='lat' dir='ltr'><strong>mensuram</strong></span> <span class='ocrx_word' id='word_1_699' title='bbox 1475 5028 1756 5100; x_wconf 90' lang='lat' dir='ltr'><strong>temporis</strong></span> <span class='ocrx_word' id='word_1_700' title='bbox 1787 5045 1901 5101; x_wconf 92' lang='lat' dir='ltr'><strong>quo</strong></span> <span class='ocrx_word' id='word_1_701' title='bbox 1929 5029 2087 5085; x_wconf 86' lang='lat' dir='ltr'><strong>Chri-</strong></span> 
     </span>
    </p>
   </div>
   <div class='ocr_carea' id='block_1_101' title="bbox 433 5115 1403 5172">
    <p class='ocr_par' dir='ltr' id='par_1_101' title="bbox 433 5115 1403 5172">
     <span class='ocr_line' id='line_1_101' title="bbox 433 5115 1403 5172; baseline 0 -1"><span class='ocrx_word' id='word_1_702' title='bbox 433 5121 563 5171; x_wconf 90' lang='lat' dir='ltr'><strong>stus</strong></span> <span class='ocrx_word' id='word_1_703' title='bbox 591 5115 650 5170; x_wconf 91' lang='lat' dir='ltr'><strong>in</strong></span> <span class='ocrx_word' id='word_1_704' title='bbox 683 5131 858 5170; x_wconf 90' lang='lat' dir='ltr'><strong>carne</strong></span> <span class='ocrx_word' id='word_1_705' title='bbox 889 5119 1267 5171; x_wconf 87' lang='lat' dir='ltr'><strong>conversatus</strong></span> <span class='ocrx_word' id='word_1_706' title='bbox 1294 5119 1403 5172; x_wconf 90' lang='lat' dir='ltr'><strong>est.</strong></span> 
     </span>
    </p>
   </div>
   <div class='ocr_carea' id='block_1_102' title="bbox 501 5204 2085 5274">
    <p class='ocr_par' dir='ltr' id='par_1_102' title="bbox 501 5204 2085 5274">
     <span class='ocr_line' id='line_1_102' title="bbox 501 5204 2085 5274; baseline 0.001 -13"><span class='ocrx_word' id='word_1_707' title='bbox 501 5208 568 5261; x_wconf 82' lang='lat' dir='ltr'><strong>Et</strong></span> <span class='ocrx_word' id='word_1_708' title='bbox 595 5205 926 5274; x_wconf 75' lang='lat' dir='ltr'><strong>inconfusae.</strong></span> <span class='ocrx_word' id='word_1_709' title='bbox 959 5204 1175 5260; x_wconf 90' lang='lat' dir='ltr'><strong>Mansit</strong></span> <span class='ocrx_word' id='word_1_710' title='bbox 1205 5205 1362 5261; x_wconf 91' lang='lat' dir='ltr'><strong>enim</strong></span> <span class='ocrx_word' id='word_1_711' title='bbox 1422 5207 1576 5262; x_wconf 91' lang='lat' dir='ltr'><strong>idem</strong></span> <span class='ocrx_word' id='word_1_712' title='bbox 1630 5208 1779 5264; x_wconf 89' lang='lat' dir='ltr'><strong>Deus</strong></span> <span class='ocrx_word' id='word_1_713' title='bbox 1825 5207 2085 5263; x_wconf 89' lang='lat' dir='ltr'><strong>Verbum</strong></span> 
     </span>
    </p>
   </div>
   <div class='ocr_carea' id='block_1_103' title="bbox 433 5293 2086 5364">
    <p class='ocr_par' dir='ltr' id='par_1_103' title="bbox 433 5293 2086 5364">
     <span class='ocr_line' id='line_1_103' title="bbox 433 5293 2086 5364; baseline 0.004 -16"><span class='ocrx_word' id='word_1_714' title='bbox 433 5294 676 5364; x_wconf 85' lang='lat' dir='ltr'><strong>factum,</strong></span> <span class='ocrx_word' id='word_1_715' title='bbox 711 5293 865 5364; x_wconf 93' lang='lat' dir='ltr'><strong>quod</strong></span> <span class='ocrx_word' id='word_1_716' title='bbox 897 5309 1014 5349; x_wconf 93' lang='lat' dir='ltr'><strong>non</strong></span> <span class='ocrx_word' id='word_1_717' title='bbox 1047 5298 1171 5350; x_wconf 89' lang='lat' dir='ltr'><strong>erat</strong></span> <span class='ocrx_word' id='word_1_718' title='bbox 1199 5295 1327 5351; x_wconf 89' lang='lat' dir='ltr'><strong>sine</strong></span> <span class='ocrx_word' id='word_1_719' title='bbox 1357 5296 1720 5353; x_wconf 89' lang='lat' dir='ltr'><strong>confusione.</strong></span> <span class='ocrx_word' id='word_1_720' title='bbox 1745 5301 1894 5353; x_wconf 91' lang='lat' dir='ltr'><strong>Nota</strong></span> <span class='ocrx_word' id='word_1_721' title='bbox 1909 5297 2086 5354; x_wconf 90' lang='lat' dir='ltr'><strong>etiam</strong></span> 
     </span>
    </p>
   </div>
   <div class='ocr_carea' id='block_1_104' title="bbox 428 5385 2082 5460">
    <p class='ocr_par' dir='ltr' id='par_1_104' title="bbox 428 5385 2082 5460">
     <span class='ocr_line' id='line_1_104' title="bbox 428 5385 2082 5460; baseline 0.004 -22"><span class='ocrx_word' id='word_1_722' title='bbox 428 5399 542 5439; x_wconf 82' lang='lat' dir='ltr'><strong>non</strong></span> <span class='ocrx_word' id='word_1_723' title='bbox 569 5385 866 5455; x_wconf 77' lang='lat' dir='ltr'><strong>confusum</strong></span> <span class='ocrx_word' id='word_1_724' title='bbox 897 5399 930 5440; x_wconf 92' lang='lat' dir='ltr'><strong>a</strong></span> <span class='ocrx_word' id='word_1_725' title='bbox 962 5387 1223 5457; x_wconf 90' lang='lat' dir='ltr'><strong>tempore</strong></span> <span class='ocrx_word' id='word_1_726' title='bbox 1270 5385 1670 5459; x_wconf 89' lang='lat' dir='ltr'><strong>apostolorum</strong></span> <span class='ocrx_word' id='word_1_727' title='bbox 1701 5387 2082 5460; x_wconf 72' lang='lat' dir='ltr'><strong>praedicatum</strong></span> 
     </span>
    </p>
   </div>
   <div class='ocr_carea' id='block_1_105' title="bbox 427 5471 634 5529">
    <p class='ocr_par' dir='ltr' id='par_1_105' title="bbox 427 5471 634 5529">
     <span class='ocr_line' id='line_1_105' title="bbox 427 5471 634 5529; baseline 0 -1"><span class='ocrx_word' id='word_1_728' title='bbox 427 5471 634 5529; x_wconf 85' lang='lat' dir='ltr'><strong>fuisse.</strong></span> 
     </span>
    </p>
   </div>
   <div class='ocr_carea' id='block_1_106' title="bbox 576 5679 2147 5759">
    <p class='ocr_par' dir='ltr' id='par_1_106' title="bbox 576 5679 2147 5759">
     <span class='ocr_line' id='line_1_106' title="bbox 576 5679 2147 5759; baseline 0.004 -23"><span class='ocrx_word' id='word_1_729' title='bbox 576 5679 644 5753; x_wconf 76' lang='grc' dir='ltr'><strong>(ι)</strong></span> <span class='ocrx_word' id='word_1_730' title='bbox 673 5685 697 5736; x_wconf 85' lang='grc' dir='ltr'><strong>Ι</strong></span> <span class='ocrx_word' id='word_1_731' title='bbox 726 5683 853 5740; x_wconf 90' lang='lat' dir='ltr'><strong>Cor.</strong></span> <span class='ocrx_word' id='word_1_732' title='bbox 888 5699 949 5754; x_wconf 88' lang='grc' dir='ltr'><strong>ιι,</strong></span> <span class='ocrx_word' id='word_1_733' title='bbox 983 5685 1071 5742; x_wconf 87' lang='grc'><strong>11.</strong></span> <span class='ocrx_word' id='word_1_734' title='bbox 1104 5685 1170 5759; x_wconf 82' lang='grc' dir='ltr'><strong>(ι)</strong></span> <span class='ocrx_word' id='word_1_735' title='bbox 1199 5685 1372 5743; x_wconf 90' lang='lat' dir='ltr'><strong>Joan.</strong></span> <span class='ocrx_word' id='word_1_736' title='bbox 1403 5701 1543 5754; x_wconf 82' lang='lat' dir='ltr'><strong>xvn,</strong></span> <span class='ocrx_word' id='word_1_737' title='bbox 1565 5687 1664 5742; x_wconf 89' lang='lat'><strong>22.</strong></span> <span class='ocrx_word' id='word_1_738' title='bbox 1697 5686 1777 5757; x_wconf 71' lang='grc' dir='ltr'><strong>(τι)</strong></span> <span class='ocrx_word' id='word_1_739' title='bbox 1805 5689 1972 5744; x_wconf 88' lang='lat' dir='ltr'><strong>Deut.</strong></span> <span class='ocrx_word' id='word_1_740' title='bbox 2004 5703 2082 5757; x_wconf 84' lang='lat' dir='ltr'><strong>v1,</strong></span> <span class='ocrx_word' id='word_1_741' title='bbox 2114 5687 2147 5742; x_wconf 78' lang='grc'>4</span> 
     </span>
    </p>
   </div>
   <div class='ocr_carea' id='block_1_107' title="bbox 2194 4663 3820 4748">
    <p class='ocr_par' dir='ltr' id='par_1_107' title="bbox 2194 4663 3820 4748">
     <span class='ocr_line' id='line_1_107' title="bbox 2194 4663 3820 4748; baseline -0.014 -22"><span class='ocrx_word' id='word_1_742' title='bbox 2194 4667 2626 4743; x_wconf 81' lang='grc' dir='ltr'>ἈπολΛιναρίου</span> <span class='ocrx_word' id='word_1_743' title='bbox 2683 4668 2792 4724; x_wconf 77' lang='grc' dir='ltr'>ἐστί</span> <span class='ocrx_word' id='word_1_744' title='bbox 2829 4689 2842 4703; x_wconf 88' lang='grc'><strong>·</strong></span> <span class='ocrx_word' id='word_1_745' title='bbox 2901 4667 3072 4741; x_wconf 82' lang='grc' dir='ltr'>δηλοῖ</span> <span class='ocrx_word' id='word_1_746' title='bbox 3128 4671 3230 4748; x_wconf 80' lang='grc' dir='ltr'><strong>γὰρ</strong></span> <span class='ocrx_word' id='word_1_747' title='bbox 3285 4669 3496 4726; x_wconf 82' lang='grc' dir='ltr'>τέλειον</span> <span class='ocrx_word' id='word_1_748' title='bbox 3568 4663 3820 4733; x_wconf 70' lang='grc' dir='ltr'>ἄνθρωπον</span> 
     </span>
    </p>
   </div>
   <div class='ocr_carea' id='block_1_108' title="bbox 2195 4758 2757 4834">
    <p class='ocr_par' dir='ltr' id='par_1_108' title="bbox 2195 4758 2757 4834">
     <span class='ocr_line' id='line_1_108' title="bbox 2195 4758 2757 4834; baseline 0.002 -19"><span class='ocrx_word' id='word_1_749' title='bbox 2195 4758 2541 4834; x_wconf 72' lang='grc' dir='ltr'>ἀνειληφέναι</span> <span class='ocrx_word' id='word_1_750' title='bbox 2569 4759 2757 4817; x_wconf 84' lang='grc' dir='ltr'>αὐτόν.</span> 
     </span>
    </p>
   </div>
   <div class='ocr_carea' id='block_1_109' title="bbox 2266 4915 3814 5015">
    <p class='ocr_par' dir='ltr' id='par_1_109' title="bbox 2266 4915 3814 5015">
     <span class='ocr_line' id='line_1_109' title="bbox 2266 4915 3814 5015; baseline -0.012 -21"><span class='ocrx_word' id='word_1_751' title='bbox 2266 4938 2363 4994; x_wconf 84' lang='grc' dir='ltr'>Καὶ</span> <span class='ocrx_word' id='word_1_752' title='bbox 2396 4939 2696 5014; x_wconf 81' lang='grc' dir='ltr'>παράτασιν</span> <span class='ocrx_word' id='word_1_753' title='bbox 2731 4935 2943 5015; x_wconf 66' lang='grc' dir='ltr'>εἴληφε.</span> <span class='ocrx_word' id='word_1_754' title='bbox 2977 4937 3056 4994; x_wconf 86' lang='grc' dir='ltr'><strong>Τὸ</strong></span> <span class='ocrx_word' id='word_1_755' title='bbox 3086 4940 3385 5015; x_wconf 84' lang='grc' dir='ltr'>παράτασιν</span> <span class='ocrx_word' id='word_1_756' title='bbox 3443 4927 3704 5010; x_wconf 74' lang='grc' dir='ltr'>εἴρηκέναι</span> <span class='ocrx_word' id='word_1_757' title='bbox 3725 4915 3814 5015; x_wconf 30' lang='grc' dir='ltr'>κτὸν</span> 
     </span>
    </p>
   </div>
   <div class='ocr_carea' id='block_1_110' title="bbox 2193 5007 3815 5104">
    <p class='ocr_par' dir='ltr' id='par_1_110' title="bbox 2193 5007 3815 5104">
     <span class='ocr_line' id='line_1_110' title="bbox 2193 5007 3815 5104; baseline -0.017 -21"><span class='ocrx_word' id='word_1_758' title='bbox 2193 5030 2283 5084; x_wconf 85' lang='grc' dir='ltr'>τὸν</span> <span class='ocrx_word' id='word_1_759' title='bbox 2345 5027 2576 5104; x_wconf 88' lang='grc' dir='ltr'>Πατέρα,</span> <span class='ocrx_word' id='word_1_760' title='bbox 2616 5021 2992 5100; x_wconf 76' lang='grc' dir='ltr'>ὑπολαμϐάνω</span> <span class='ocrx_word' id='word_1_761' title='bbox 3020 5029 3082 5082; x_wconf 80' lang='grc' dir='ltr'>τὸ</span> <span class='ocrx_word' id='word_1_762' title='bbox 3137 5029 3398 5103; x_wconf 86' lang='grc' dir='ltr'>χρονικὸν</span> <span class='ocrx_word' id='word_1_763' title='bbox 3461 5022 3648 5097; x_wconf 77' lang='grc' dir='ltr'>μέτρον</span> <span class='ocrx_word' id='word_1_764' title='bbox 3705 5007 3815 5062; x_wconf 70' lang='grc' dir='ltr'>εἶναι</span> 
     </span>
    </p>
   </div>
   <div class='ocr_carea' id='block_1_111' title="bbox 2194 5113 3256 5193">
    <p class='ocr_par' dir='ltr' id='par_1_111' title="bbox 2194 5113 3256 5193">
     <span class='ocr_line' id='line_1_111' title="bbox 2194 5113 3256 5193; baseline 0 -19"><span class='ocrx_word' id='word_1_765' title='bbox 2194 5125 2296 5188; x_wconf 85' lang='grc' dir='ltr'><strong>τῆς</strong></span> <span class='ocrx_word' id='word_1_766' title='bbox 2327 5117 2378 5172; x_wconf 80' lang='grc' dir='ltr'><strong>έν</strong></span> <span class='ocrx_word' id='word_1_767' title='bbox 2409 5116 2566 5192; x_wconf 90' lang='grc' dir='ltr'>σαρκὶ</span> <span class='ocrx_word' id='word_1_768' title='bbox 2595 5121 2692 5172; x_wconf 81' lang='grc' dir='ltr'><strong>τοῦ</strong></span> <span class='ocrx_word' id='word_1_769' title='bbox 2724 5115 2925 5192; x_wconf 79' lang='grc' dir='ltr'>Κυρίου</span> <span class='ocrx_word' id='word_1_770' title='bbox 2956 5113 3256 5193; x_wconf 80' lang='grc' dir='ltr'>διαγωγῆς.</span> 
     </span>
    </p>
   </div>
   <div class='ocr_carea' id='block_1_112' title="bbox 2270 5183 3820 5282">
    <p class='ocr_par' dir='ltr' id='par_1_112' title="bbox 2270 5183 3820 5282">
     <span class='ocr_line' id='line_1_112' title="bbox 2270 5183 3820 5282; baseline -0.005 -21"><span class='ocrx_word' id='word_1_771' title='bbox 2270 5207 2366 5262; x_wconf 79' lang='grc' dir='ltr'>Καὶ</span> <span class='ocrx_word' id='word_1_772' title='bbox 2425 5183 2756 5280; x_wconf 76' lang='grc' dir='ltr'>ἀσυγχύτου.</span> <span class='ocrx_word' id='word_1_773' title='bbox 2804 5183 3032 5278; x_wconf 68' lang='grc' dir='ltr'>”Ἐμεινε</span> <span class='ocrx_word' id='word_1_774' title='bbox 3060 5183 3199 5282; x_wconf 37' lang='grc' dir='ltr'>’γάρ’</span> <span class='ocrx_word' id='word_1_775' title='bbox 3264 5206 3424 5264; x_wconf 76' lang='grc' dir='ltr'>αὐτὸς</span> <span class='ocrx_word' id='word_1_776' title='bbox 3491 5193 3618 5255; x_wconf 79' lang='grc' dir='ltr'>Θιὸς</span> <span class='ocrx_word' id='word_1_777' title='bbox 3671 5183 3820 5282; x_wconf 51' lang='grc' dir='ltr'>ιᾲόγοε</span> 
     </span>
    </p>
   </div>
   <div class='ocr_carea' id='block_1_113' title="bbox 2196 5274 3813 5374">
    <p class='ocr_par' dir='ltr' id='par_1_113' title="bbox 2196 5274 3813 5374">
     <span class='ocr_line' id='line_1_113' title="bbox 2196 5274 3813 5374; baseline -0.018 -22"><span class='ocrx_word' id='word_1_778' title='bbox 2196 5295 2508 5374; x_wconf 84' lang='grc' dir='ltr'>γενόμενος,</span> <span class='ocrx_word' id='word_1_779' title='bbox 2539 5274 2673 5372; x_wconf 59' lang='grc' dir='ltr'>έπερ</span> <span class='ocrx_word' id='word_1_780' title='bbox 2732 5293 2832 5349; x_wconf 79' lang='grc' dir='ltr'><strong>οὐκ</strong></span> <span class='ocrx_word' id='word_1_781' title='bbox 2877 5274 2944 5363; x_wconf 67' lang='grc' dir='ltr'><strong>ἦν</strong></span> <span class='ocrx_word' id='word_1_782' title='bbox 2982 5274 3308 5372; x_wconf 43' lang='grc' dir='ltr'>ἀσυγχῦτως</span> <span class='ocrx_word' id='word_1_783' title='bbox 3344 5316 3356 5330; x_wconf 79' lang='lat'><strong>.</strong></span> <span class='ocrx_word' id='word_1_784' title='bbox 3391 5291 3482 5348; x_wconf 78' lang='grc' dir='ltr'><strong>καὶ</strong></span> <span class='ocrx_word' id='word_1_785' title='bbox 3542 5274 3813 5374; x_wconf 58' lang='grc' dir='ltr'>σημείωσαι</span> 
     </span>
    </p>
   </div>
   <div class='ocr_carea' id='block_1_114' title="bbox 2198 5371 3812 5461">
    <p class='ocr_par' dir='ltr' id='par_1_114' title="bbox 2198 5371 3812 5461">
     <span class='ocr_line' id='line_1_114' title="bbox 2198 5371 3812 5461; baseline -0.002 -19"><span class='ocrx_word' id='word_1_786' title='bbox 2198 5371 2281 5442; x_wconf 69' lang='grc' dir='ltr'><strong>ότι</strong></span> <span class='ocrx_word' id='word_1_787' title='bbox 2309 5386 2375 5440; x_wconf 88' lang='grc' dir='ltr'>τὸ</span> <span class='ocrx_word' id='word_1_788' title='bbox 2432 5371 2742 5461; x_wconf 86' lang='grc' dir='ltr'>ἀσύγχυτον</span> <span class='ocrx_word' id='word_1_789' title='bbox 2802 5383 2862 5439; x_wconf 70' lang='grc' dir='ltr'>ἑκ</span> <span class='ocrx_word' id='word_1_790' title='bbox 2915 5388 3025 5438; x_wconf 83' lang='grc' dir='ltr'>τῶν</span> <span class='ocrx_word' id='word_1_791' title='bbox 3077 5371 3459 5442; x_wconf 70' lang='grc' dir='ltr'>ἀπὸστολικῶν</span> <span class='ocrx_word' id='word_1_792' title='bbox 3515 5371 3812 5440; x_wconf 62' lang='grc' dir='ltr'><strong>κεκτνίρυκται</strong></span> 
     </span>
    </p>
   </div>
   <div class='ocr_carea' id='block_1_115' title="bbox 2197 5496 2424 5552">
    <p class='ocr_par' dir='ltr' id='par_1_115' title="bbox 2197 5496 2424 5552">
     <span class='ocr_line' id='line_1_115' title="bbox 2197 5496 2424 5552; baseline 0 -21"><span class='ocrx_word' id='word_1_793' title='bbox 2197 5496 2424 5552; x_wconf 84' lang='grc' dir='ltr'>καιρων.</span> 
     </span>
    </p>
   </div>
   <div class='ocr_carea' id='block_1_116' title="bbox 2155 5682 2717 5758">
    <p class='ocr_par' dir='ltr' id='par_1_116' title="bbox 2155 5682 2717 5758">
     <span class='ocr_line' id='line_1_116' title="bbox 2155 5682 2717 5758; baseline -0.007 -14"><span class='ocrx_word' id='word_1_794' title='bbox 2155 5730 2168 5744; x_wconf 93' lang='grc'><strong>.</strong></span> <span class='ocrx_word' id='word_1_795' title='bbox 2201 5686 2274 5758; x_wconf 88' lang='grc' dir='ltr'><strong>(υ)</strong></span> <span class='ocrx_word' id='word_1_796' title='bbox 2306 5683 2534 5743; x_wconf 88' lang='lat' dir='ltr'><strong>Coloss.</strong></span> <span class='ocrx_word' id='word_1_797' title='bbox 2565 5697 2630 5753; x_wconf 84' lang='grc' dir='ltr'><strong>ιι,</strong></span> <span class='ocrx_word' id='word_1_798' title='bbox 2660 5682 2717 5740; x_wconf 83' lang='grc'><strong>9.</strong></span> 
     </span>
    </p>
   </div>
  </div>
