4034 6386
267 329 370 384 197
1042 337 1102 389 S.
1143 337 1411 389 MAXIMI
1452 330 1758 389 SCHOLIA
1799 329 1872 382 IN
1912 327 2047 380 LIB.
2088 328 2184 379 DE
2223 328 2493 385 DIVINIS
2532 334 2947 393 NOMINIBUS.
3605 350 3708 405 198

336 453 441 507 Καὶ
469 455 570 507 ὅσα
601 451 750 508 ἄλλα
780 453 1091 530 θεουργικά.
1126 454 1424 530 Θεουργικὰ
1450 453 1604 530 φῶτά
1652 470 1786 528 φησι
1819 445 1918 541 ’τὰς

2125 448 2248 504 Alia
2279 453 2532 521 quaelibet
2575 456 2794 526 (λεῖβε-α.
2843 461 3060 519 Deiﬁca
3109 463 3338 524 lumina
3384 475 3572 541 vocat,
3605 473 3708 531 do-

263 537 624 605 διδασκαλίας
652 548 765 598 τῶν
800 543 987 620 ἀγίων,
1023 545 1095 606 ὡς
1127 548 1242 621 φῶς
1291 542 1546 620 γνώσεως
1598 536 1918 614 ἐμποιούσαις

2049 538 2312 594 ctrinam
2345 546 2712 613 sanctorum,
2743 547 2904 605 velut
2933 552 3285 624 cognitionis
3335 556 3535 616 lumen
3582 562 3710 618 efﬁ-

263 631 356 685 καὶ
391 631 608 695 θεοὺςτθ
637 632 767 695 τοὺς
797 634 1181 707 πειθομένους.

2046 626 2289 696 cientes,
2319 636 2496 703 atque
2528 635 2668 691 deos
2697 651 2797 693 eos
2829 639 2928 710 qui
2960 643 3224 700 credunt.

337 722 746 797 Καθηγεὶμόνων
830 722 1052 799 κρυφία.
1121 722 1464 795 Σημείωσαι,
1540 718 1622 776 ὅτι
1690 718 1755 772 τὰ
1812 735 1909 790 περ

2118 722 2529 791 Ρνανσερτονιιτη
2541 727 2930 785 arcana.Nota
2944 746 3011 786 ea
3031 748 3155 802 quas
3178 734 3247 790 de
3269 736 3628 799 sublimibus
3646 747 3706 800 et

260 813 373 865 τῶν
430 809 750 884 ἀνηγμένων
815 811 905 866 καὶ
968 811 1102 887 ὑπὲρ
1158 813 1258 880 τὴν
1313 816 1420 866 τῶν
1477 807 1704 866 πολλῶν
1763 806 1918 874 ἀκοὴπ

2046 821 2227 877 supra
2257 809 2412 882 vulgi
2443 818 2680 884 captum
2713 821 2880 872 erant
2906 822 3028 876 sive
3059 838 3384 882 sermonem
3409 828 3479 884 de
3506 829 3704 888 divina

264 897 418 966 ὄντα,
478 898 585 953 εἴτε
635 899 762 975 περὶ
792 899 1074 976 θεολογίας
1100 897 1208 957 εἷ’τε
1236 900 1324 956 καὶ
1352 899 1477 974 περὶ
1519 905 1621 968 τῆς
1662 901 1760 952 τοῦ
1793 902 1918 965 ζωο‹

2047 901 2280 965 natura,
2303 898 2422 956 sive
2450 902 2622 958 etiam
2653 905 2724 960 de
2753 905 2965 962 viviﬁci
2990 909 3092 964 Dei
3119 911 3563 984 dispensatione
3593 936 3699 976 seu

259 991 432 1043 ποιοῦ
462 991 598 1043 Θεοῦ
629 987 947 1062 οἷκιοοομίας
999 988 1242 1068 κρυφίως
1292 985 1652 1081 παρεδίδοσαν
1697 987 1770 1081 οἱ,
1801 990 1910 1048 θεῖο

2044 982 2445 1045 incarnatione
2477 991 2706 1048 divinos
2736 996 3033 1066 apostolos
3083 982 3310 1057 occulte
3357 1005 3699 1081 tradidisse,

259 1075 619 1146 ἀπόστολοι,
690 1075 1090 1154 μυπηριωὸῶς
1145 1077 1625 1138 ἀποκαλύπτοντες
1684 1080 1799 1135 τοῖς
1850 1094 1918 1128 τε·

2045 1073 2316 1144 perfectis
2364 1082 2645 1151 tanquam
2697 1085 2974 1155 mysteria
3003 1092 3060 1142 et
3103 1106 3316 1147 arcana
3342 1110 3510 1151 sacra
3538 1073 3697 1153 dele:-

262 1163 470 1226 λείοις·
508 1166 601 1220 καὶ
652 1166 736 1221 ὅτι
789 1167 849 1222 ἐκ
897 1172 1004 1222 τῶν
1040 1167 1362 1223 ἀποστόλων
1421 1166 1532 1221 ἐστὶ
1579 1166 1644 1220 τὸ
1691 1161 1918 1238 ἀσυγχό·

2044 1165 2269 1234 gendo;
2302 1171 2476 1238 atque
2506 1172 2578 1225 ab
2609 1173 2893 1242 apostolis
2923 1191 3251 1250 emanasse,
3303 1184 3460 1252 quod
3507 1186 3655 1242 dixit
3681 1204 3694 1242 :

260 1275 365 1315 τως
417 1255 512 1308 καὶ
571 1250 997 1328 ἀμεταϐλήτως,
1059 1257 1087 1311 ὃ
1139 1259 1278 1328 εἷπε,
1318 1257 1408 1311 καὶ
1458 1255 1522 1310 τὸ
1551 1259 1646 1309 τοῦ
1678 1252 1810 1308 ὅλου
1842 1253 1918 1306 ἀν·

2043 1253 2158 1308 Non
2188 1263 2411 1327 con/use
2436 1263 2489 1313 et
2511 1261 2959 1335 immutabititer,
2983 1271 3039 1320 et
3061 1269 3266 1341 integri
3286 1250 3552 1331 hbminiis
3569 1293 3589 1337 ,·
3613 1276 3698 1331 id-

269 1344 520 1418 θρώπου·
587 1341 672 1400 διὸ
731 1345 822 1400 καὶ
855 1347 883 1400 ὁ
942 1345 1304 1414 Ἀπόστολος,
1355 1345 1576 1424 γράφων
1611 1341 1918 1398 Θεσσαλονι⁴

2043 1355 2228 1414 eoque
2254 1347 2574 1417 Apostolus
2633 1351 2898 1408 scribens
2930 1355 3562 1418 Thessalonicensibus
3593 1364 3697 1431 ait,

257 1437 440 1504 κεῦσι,
471 1433 632 1509 φησὶ,
667 1441 868 1511 χρῆναι
902 1433 1190 1511 φυλάττειν
1226 1433 1446 1506 αὐτοὺς,
1477 1431 1918 1522 ὅσατίγῆκουσαν,

2042 1437 2309 1502 oportere
2341 1433 2501 1506 ipsos
2543 1453 2774 1494 servare
2804 1458 2927 1512 quae
2961 1445 3290 1516 audierant,
3323 1451 3436 1506 sive
3458 1467 3558 1522 per
3584 1468 3699 1508 ser-

261 1521 369 1576 εἴτε
402 1519 496 1576 διὰ
528 1520 724 1598 λόγου,
755 1522 860 1578 εἴτε
892 1521 960 1578 δι’
992 1523 1308 1593 ἐπιπολῆς·
1337 1524 1427 1578 καὶ
1457 1521 1710 1596 Τιμοθέῳ
1765 1519 1918 1575 πάλιη

2041 1521 2396 1590 monem,sive
2410 1541 2513 1596 per
2532 1524 2817 1598 epistolam
2833 1531 3000 1601 (x),et
3022 1533 3328 1594 Timotheo
3351 1519 3590 1597 rursum
3610 1542 3698 1597 di-

257 1612 596 1685 παραθήκην
632 1611 807 1688 λέγων
842 1609 1137 1668 δεδωκέναι
1187 1612 1239 1668 ἐν
1296 1611 1606 1688 μυστηρίῳ,
1665 1612 1796 1685 ὅπερ
1849 1609 1918 1664 ἐν·

2041 1621 2179 1663 cens
2205 1609 2510 1682 depositum
2530 1615 2741 1673 dedisse
2758 1620 2818 1673 in
2840 1622 3104 1692 mysterio
3127 1623 3390 1696 (y),quod
3413 1628 3508 1686 hic
3528 1630 3701 1687 inter-

255 1703 432 1764 ταῦθα
463 1700 868 1778 ἐκφαντορικῶς
901 1701 1134 1780 εἷ’ρηται.

2039 1698 2348 1768 pretatione
2376 1702 2543 1759 dixit.

329 1791 433 1843 Διά
479 1795 594 1844 τῶν
651 1791 808 1864 ἱερῶν
851 1791 1384 1865 παραπετασμάτων.
1450 1790 1790 1864 Σημείωσαι,
1847 1786 1918 1842 ὅτι

2115 1787 2493 1849 l’elaminibus
2521 1796 2850 1865 quibusdam
2878 1803 3074 1856 sacris.
3119 1803 3266 1860 Nota
3293 1805 3353 1861 in
3388 1823 3506 1863 uno
3539 1809 3695 1866 ordi-

258 1876 308 1932 ἒν
344 1882 453 1950 μιᾷ
479 1879 628 1950 τάξει
692 1878 872 1943 θετέον
928 1882 1028 1950 τήν
1088 1900 1146 1934 τε
1203 1879 1356 1952 ἁγίαν
1415 1879 1633 1956 Γραφην
1685 1876 1778 1931 καὶ
1832 1875 1918 1937 τὰς

2051 1891 2121 1932 ne
2152 1882 2487 1949 ponendum
2517 1888 2574 1939 et
2604 1891 2870 1943 sanctam
2901 1888 3262 1962 Scripturam
3283 1899 3339 1950 et
3357 1896 3699 1955 traditiones

253 1971 362 2021 τῶν
426 1965 745 2023 ἐπισκόπων
806 1967 1156 2046 παραδόσεις,
1191 1967 1310 2042 (οὕς
1364 1965 1625 2042 ἱεράρχας
1659 1963 1816 2054 ε’ίωθε
1841 1984 1918 2019 κα‹

2045 1965 2452 2040 episcoporum
2492 1975 2667 2045 (quos
2711 1992 2920 2034 vocare
2969 1979 3120 2038 solet
3174 1982 3536 2054 hierarchas,
3563 1990 3699 2043 tan-

253 2055 398 2123 λεῖν,
435 2057 516 2117 ὡς
564 2054 836 2132 ἄρχοντας
867 2062 978 2113 τῶν
1010 2058 1221 2133 ἱερὲων.
1255 2058 1500 2112 τουτέστι
1559 2051 1918 2132 πρεσϐυτέρωπ

2048 2071 2226 2127 quam
2259 2061 2631 2117 sacerdotum
2664 2063 3056 2138 principes,id
3087 2074 3201 2137 est,
3225 2051 3700 2146 presbyterorum

248 2145 340 2198 xui
405 2141 706 2216 διακόνων,
763 2146 854 2200 καὶ
895 2144 1194 2221 πυλωρῶν,
1252 2145 1328 2207 ὥς
1382 2165 1544 2220 φησιν
1579 2142 1632 2198 ἓν
1688 2147 1757 2216 τῇ
1817 2153 1917 2206 καθ

2046 2149 2104 2200 et
2129 2146 2604 2220 diaconorum,et
2635 2153 3207 2225 ostiariorum,sicut
3236 2161 3379 2216 dicit
3407 2161 3466 2218 in
3499 2169 3703 2222 nostra

257 2235 415 2304 ἡμᾶς
448 2234 731 2310 ἱεραρχίᾳ’
776 2234 894 2289 ὅθεν
929 2235 1017 2289 καὶ
1048 2240 1169 2298 ταῖς
1202 2234 1377 2290 αὐτῶν
1431 2232 1815 2326 χρήσεσιᾼπερὶ

2046 2232 2374 2293 hierarchia
2399 2255 2410 2293 :
2446 2239 2692 2313 ideoque
2721 2243 2984 2314 ipsorum
3040 2249 3350 2307 sententiis
3380 2253 3534 2308 circa
3559 2253 3702 2326 dog-

257 2320 520 2398 δόγματα
568 2325 915 2396 πειθόμεθα·)
971 2323 1021 2394 ἐξ
1054 2323 1153 2396 ὧν,
1185 2325 1342 2412 φησὶ,
1374 2323 1575 2397 λογίων
1633 2323 1699 2376 τὰ
1754 2323 1918 2412 παχύ-

2045 2330 2199 2381 mata
2231 2329 2573 2402 credimus),
2594 2347 2660 2386 ex
2691 2333 2929 2404 quibus,
2953 2336 3166 2409 inquit,
3193 2339 3508 2412 Scripturis
3540 2359 3701 2400 cras-

249 2432 390 2484 τερα
421 2417 546 2475 τοῖς
583 2413 928 2488 ὑπερουσίοις
959 2413 1291 2488 περιτίθεται
1325 2410 1413 2466 ’διὰ
1440 2412 1629 2482 νόησιν
1678 2411 1768 2465 καὶ
1829 2432 1918 2483 μυ-

2044 2411 2202 2467 siora
2234 2413 2357 2469 vela
2391 2433 2492 2487 per
2521 2419 2906 2489 cogitationes
2937 2431 2993 2478 et
3023 2410 3560 2486 occultamvmentis
3593 2447 3703 2486 no-

251 2500 570 2576 σταγωγίαν
605 2503 897 2575 ἡμετέραν·
932 2503 1005 2564 ὡς
1037 2502 1123 2557 ἐπὶ
1174 2503 1267 2576 μὲν
1303 2502 1457 2569 Θεοῦ,
1519 2499 1643 2555 ὅταν
1677 2499 1907 2576 φαίνητα

2044 2507 2176 2556 stran
2199 2503 2580 2562 elevationem
2601 2509 3128 2583 circumponuutur
3151 2516 3222 2572 iis
3244 2521 3703 2588 quaeessentiam

251 2590 328 2651 ὡς
361 2591 600 2665 πῦρ,καῖ
634 2592 707 2654 ὡς
739 2593 914 2666 γέρων
949 2591 999 2646 ἐν
1033 2590 1260 2660 Δανιὴλ,
1295 2591 1384 2646 καὶ
1417 2591 1490 2652 ὡς
1525 2591 1658 2681 ἀνὴρ
1683 2588 1918 2681 πα-λαίωξ

2042 2599 2416 2664 superant,ut
2429 2595 2486 2649 in
2503 2596 2880 2668 Deo,quando
2895 2609 3163 2674 appartet
3177 2609 3452 2678 tanquam
3465 2609 3707 2681 ignis,et

247 2682 332 2750 τῷ
373 2673 603 2751 Ἰακὼϐ,
633 2679 725 2733 καὶ
757 2679 854 2734 ὅσα
903 2685 1146 2735 τοιαῦτα·
1199 2678 1286 2734 ἐπὶ
1321 2677 1377 2734 δὲ
1408 2678 1675 2754 ἀγγέλων,
1736 2679 1809 2738 ὡς
1863 2678 1918 2731 τὲ

2043 2680 2196 2736 sicut
2227 2698 2402 2737 senex
2427 2683 2484 2739 in
2517 2673 3156 2762 Daniele,atqueisicut
3185 2696 3272 2750 vir
3301 2696 3535 2754 luctans
3566 2715 3701 2754 cum

251 2763 568 2841 χερουϐὶμ,
630 2769 723 2822 ἁτε
771 2769 861 2823 καὶ
920 2769 1294 2845 θηριὸμορφα,
1352 2768 1442 2822 καὶ
1485 2765 1650 2822 ἄλλοι
1681 2766 1732 2820 ἐν
1785 2766 1918 2836 τάξει

2039 2770 2240 2842 Jacob,
2272 2776 2329 2826 et
2359 2789 2724 2848 quaecunque
2768 2779 2946 2846 talia;
2997 2781 3057 2836 in
3109 2785 3332 2856 angelis
3384 2791 3602 2859 autem,
3637 2791 3703 2844 ut

250 2853 473 2932 ἀνδρῶν
504 2855 598 2911 καὶ
629 2857 922 2912 νεανίσκων
935 2903 946 2915 .

2040 2859 2343 2916 cherubim
2378 2864 2534 2918 sicut
2563 2864 2808 2922 ferinam
2858 2868 3107 2926 formam
3157 2853 3482 2947 gestantes,
3513 2881 3571 2933 et
3600 2875 3700 2934 alii

2040 2949 2099 3004 in
2132 2951 2336 3006 ordine
2365 2952 2622 3008 virorum
2653 2960 2711 3010 et
2739 2957 3205 3020 adolescentum.

329 3054 463 3108 Τῶν
524 3055 793 3126 μεριστῶν
855 3047 1174 3126 συμϐόλων,
1230 3055 1353 3111 ’Ότι
1414 3052 1830 3128 ἀνθρωπολογεῖ
1866 3051 1918 3108 τέ

2112 3039 2489 3096 Dividuorum
2516 3043 3197 3120 signorum.Scripturam
3231 3050 3392 3124 loqui
3410 3053 3480 3109 de
3501 3053 3702 3112 divina

250 3145 414 3195 Θεῖοδ
450 3142 487 3209 ἡ
523 3142 710 3215 Γραφὴ
740 3139 801 3196 ἐκ
825 3146 930 3195 τῶν
960 3140 1316 3217 ἀνθρωπίνων
1372 3142 1503 3197 αὐτὸ
1562 3141 1918 3216 ὀνομοὶζουσα⁵

2042 3133 2572 3203 natura,tanquam
2606 3133 2655 3188 si
2687 3139 2844 3191 esset
2873 3135 3228 3206 homo,dum
3253 3141 3306 3198 ei
3327 3142 3398 3197 ab
3421 3142 3702 3202 humanis

256 3189 406 3195 ""'
459 3189 487 3209 Ἲ
523 3189 543 3194 ’
567 3189 710 3215 Γ’”ΤἾ
742 3189 801 3196 ⁷η
836 3189 924 3195 ’⁷⁷⁷
962 3189 1310 3217 ’”’νΓ’“’“”“”’
1374 3189 1434 3196 ⁷⁷⁷
1454 3189 1502 3197 ’⁷
1565 3189 1918 3216 ⁷’“Γ’”ἳ”””ῗ

249 3227 461 3296 πόδας,
541 3228 633 3284 καὶ
717 3235 930 3308 χεῖρας,
1013 3230 1104 3286 xui
1191 3232 1460 3308 πρόσωπα
1517 3231 1665 3304 αὐτῷ
1719 3251 1918 3306 περιτι-

2044 3236 2258 3275 nomen
2293 3220 2578 3293 impertit,
2614 3225 2792 3295 pedes
2823 3230 2882 3281 et
2911 3235 3344 3303 manus,atque
3378 3231 3554 3289 facies
3586 3233 3703 3306 ipsi

249 3325 434 3383 θεῖσα.

2043 3323 2518 3379 circumponens.

323 3411 502 3465 ’Όταν
554 3406 826 3485 ἄφθαρτοι
863 3451 876 3465 .
937 3411 1058 3464 ’Ότι
1116 3407 1168 3462 ἐν
1219 3411 1287 3482 τῇ
1347 3408 1624 3463 ἀναστάσει
1679 3408 1730 3462 οἱ
1788 3403 1908 3483 ἅγιο

2115 3397 2348 3463 Quando
2395 3398 2864 3472 incorruptibiles.
2905 3408 3150 3462 Sanctos
3176 3406 3235 3462 in
3270 3410 3702 3468 resurrectione

251 3498 397 3569 μετά
460 3497 759 3574 ἀφθαρσίας
789 3497 882 3552 καὶ
926 3499 1209 3560 ἀθανασίας
1235 3505 1336 3567 τῆς
1371 3495 1779 3574 χριστοειδονὺς
1810 3496 1918 3552 τεύ-

2043 3486 2327 3543 fruituros
2357 3504 2492 3543 cum
2525 3489 2966 3562 incorruptione
2991 3503 3044 3549 et
3074 3494 3518 3554 immortalitate
3539 3503 3701 3556 statu

250 3587 438 3656 ξονται
483 3587 891 3656 καταστάσεως,
926 3585 1234 3660 λάμποντες
1291 3586 1423 3660 ὑπὲρ
1473 3587 1564 3640 τὸν
1616 3585 1800 3656 ἥλιον,
1858 3587 1918 3639 ὡς

2041 3576 2222 3630 simili
2253 3577 2382 3647 ejus
2412 3594 2584 3647 quem
2617 3580 2885 3637 Christus
2911 3581 3172 3650 habebit,
3207 3585 3470 3643 lucentes
3520 3606 3704 3661 supra

248 3675 347 3729 καὶ
392 3677 422 3728 ὁ
474 3674 694 3750 Κύριος,
755 3674 845 3730 ὅτε
898 3675 949 3730 ἐν
1010 3680 1088 3747 τῷ
1137 3672 1252 3752 ὄρει
1315 3676 1738 3749 μετεμορφώθη,
1795 3676 1918 3729 καθά

2040 3667 2250 3734 solem,
2284 3667 2436 3722 sicut
2465 3668 2640 3724 etiam
2675 3670 2961 3727 Dominus
2983 3675 3134 3729 100
3156 3677 3395 3747 quando
3421 3676 3481 3732 in
3506 3683 3704 3735 monte

263 3785 430 3839 φησιν
478 3767 505 3819 ὁ
569 3763 906 3826 Ἀπόστολος
953 3765 1077 3838 περὶ
1126 3769 1238 3819 τῶν
1266 3763 1460 3838 ἁγίων,
1519 3765 1601 3819 ὅτι
1631 3763 1755 3818 τότε
1775 3759 1918 3818 ἔσον-

2041 3755 2497 3812 transformatus
2524 3761 2633 3824 est,
2652 3762 3153 3830 quemadmodum
3185 3766 3504 3838 Apostolus
3529 3767 3612 3823 ait
3631 3769 3704 3824 de

259 3873 350 3906 ται
427 3854 500 3916 ὡς
583 3853 673 3908 καὶ
756 3852 916 3916 αὐτός
977 3853 1108 3922 ἐστι,
1167 3853 1257 3908 καὶ
1303 3854 1531 3909 πάντοτε
1591 3853 1682 3907 σὺν
1744 3853 1918 3930 Κυρίιι.

2040 3845 2281 3910 sanctis,
2318 3847 2474 3918 quod
2507 3852 2650 3903 tunc
2681 3858 2854 3905 erunt
2901 3851 3055 3906 sicut
3103 3858 3160 3909 et
3207 3853 3334 3927 ipse
3381 3860 3488 3927 est,
3523 3861 3700 3929 atque

256 3937 499 3996 ἔσονται.

2039 3950 2276 4006 semper
2306 3953 2442 3991 cum
2474 3936 2722 3993 Domino
2758 3945 2933 3995 erunt
2953 3942 3050 4013 (λα).

325 4033 571 4104 Ὁρατῆς
651 4031 816 4086 αὐτοῦ
887 4030 1217 4110 θεοφανείας.
1288 4032 1608 4105 Σημείωσαι
1681 4030 1764 4086 ὅτι
1835 4031 1918 4085 καὶ

2117 4025 2355 4080 Visibitis
2387 4025 2676 4097 ipsiusmet
2697 4029 2794 4084 Dei
2815 4032 3210 4101 apparitionis.
3243 4033 3395 4090 Nota
3420 4037 3578 4108 quod
3605 4037 3696 4092 di-

239 4122 310 4174 τὸ
364 4125 515 4184 θεῖον
576 4119 739 4175 αὐτοῦ
799 4125 959 4194 σῶμα
1018 4122 1218 4196 ὁρατὴν
1278 4121 1584 4199 θεοφάνειάν
1615 4143 1799 4199 φησιν,
1849 4121 1918 4184 ὡς

2039 4113 2238 4170 vinum
2272 4113 2461 4185 ipsius
2505 4132 2742 4188 corpus,
2773 4118 3064 4176 visibilem
3115 4121 3213 4177 Dei
3264 4123 3695 4195 apparitionem

239 4211 389 4264 κατὰ
416 4209 620 4264 ταύτὸν
642 4208 931 4284 ἁρμόττειν
983 4212 1044 4264 τὸ
1099 4209 1263 4286 ῥητὸν
1319 4211 1408 4264 καὶ
1467 4210 1602 4264 κατὰ
1635 4217 1918 4283 Νεστορια-

2039 4203 2213 4271 dicat,
2233 4209 2296 4260 ut
2325 4221 2393 4259 ex
2424 4206 2628 4262 eodem
2663 4211 2897 4279 aptetur
2930 4209 3224 4266 sententia
3267 4217 3326 4268 et
3356 4217 3559 4269 contra
3589 4214 3694 4273 Ne-

239 4303 356 4353 νῶν
420 4298 514 4352 καὶ
578 4299 918 4377 Ἀκεφάλων,
977 4298 1068 4354 καὶ
1121 4303 1230 4354 τῶν
1277 4294 1780 4372 ὑπολαμϐανόντων
1847 4301 1918 4373 μὴ

2039 4293 2327 4350 storianos
2358 4299 2415 4350 et
2444 4295 2792 4368 Acephalos,
2815 4301 2873 4353 et
2901 4314 3000 4354 eos
3031 4300 3131 4371 qui
3164 4299 3530 4358 arbitrantur
3586 4308 3696 4361 Do-

240 4389 386 4442 εἷναι
451 4387 540 4443 καὶ
591 4393 680 4442 νῦν
737 4388 825 4443 καὶ
881 4384 1088 4444 ἔσεσθαι
1152 4388 1287 4460 μετά
1313 4387 1511 4464 σαρκὸς
1551 4390 1641 4442 τὸν
1706 4387 1918 4464 Κύριον·

2039 4383 2265 4438 minum
2299 4400 2484 4455 neque
2516 4385 2691 4440 modo
2724 4402 2873 4451 esse,
2907 4403 3097 4458 neque
3129 4389 3393 4445 futurum
3419 4407 3550 4446 cum
3575 4408 3699 4448 car-

236 4475 339 4532 καῖ
371 4475 530 4546 ὅτιὴ
592 4478 688 4549 μὲν
740 4478 824 4532 τίς
886 4477 1026 4532 ἐστιν
1083 4478 1253 4552 ὁρατὴ
1316 4477 1479 4532 αὐτοῦ
1536 4479 1841 4555 θεοφάνεια,
1892 4479 1918 4533 ’ὃ

2039 4489 2143 4528 ne:
2180 4477 2355 4545 atque
2387 4489 2566 4528 unam
2597 4489 2725 4530 esse
2774 4474 3054 4531 visibilem
3083 4479 3210 4548 ejus
3240 4478 3344 4533 Dei
3370 4481 3692 4551 apparitio-

238 4565 396 4622 ἐστιν
464 4568 501 4634 ὴ
559 4565 936 4641 ἐμψυχωμὲνη
989 4565 1136 4640 σάρξ’
1199 4567 1233 4636 ἡ
1298 4563 1569 4635 δὲνοητή,
1616 4567 1738 4636 ἥτις
1786 4569 1918 4622 κατᾶ

2039 4577 2176 4631 nem,
2210 4561 2453 4618 alteram
2501 4579 2635 4618 vero
2687 4563 3032 4634 spiritalem,
3085 4583 3210 4637 quae
3260 4570 3386 4622 tum
3436 4585 3470 4623 a
3518 4568 3689 4626 nobis

237 4660 374 4710 νοῦν
435 4653 587 4710 ἔσται
651 4656 786 4729 ἡμῖν
853 4658 1082 4728 μεθεκτή
1141 4655 1263 4710 τότε
1317 4654 1701 4730 τελειοτὲρως.
1759 4659 1912 4711 Ὅθεν

2039 4651 2347 4723 perfectius
2371 4656 2565 4707 mente
2583 4652 3050 4724 participabitur;
3070 4654 3227 4709 unde
3243 4655 3316 4710 ad
3338 4655 3526 4712 Deum
3549 4673 3690 4713 con-

236 4744 668 4822 ἐπιστραφέντες
698 4745 833 4819 πρὸς
878 4746 1029 4814 Θεὸν,
1087 4743 1286 4810 ἐκεῖθεν
1347 4744 1569 4806 τελείως
1628 4743 1919 4819 ἐλλαμπό-

240 4855 449 4907 μενοι,
512 4833 766 4896 ἐνοειδῶς
821 4834 874 4889 ’ἐν
937 4835 1244 4908 γενώμεθα,
1304 4833 1753 4909 ἐλευθερωθέντες
1809 4841 1915 4891 τῶν

232 4925 386 4978 κατᾶ
446 4923 688 4978 σῦνθεσιν
718 4925 1051 4999 ὲτεροτήτων
1087 4927 1269 4996 ἡμῶν,
1303 4923 1433 4998 ὅπερ
1468 4921 1634 4996 δηλοῖ
1666 4925 1762 4988 τὰς
1787 4946 1919 4980 κοσ-

237 5014 416 5086 μικάς
452 5013 729 5083 αἰσθήσεις
758 5014 850 5068 καὶ
883 5013 1194 5086 ἐπιθυμίας.

315 5105 409 5157 Ἐν
475 5104 722 5178 θειοτὲρᾳ
783 5105 1038 5176 μιμήσει.
1101 5103 1383 5176 Θειοτέραν
1441 5104 1673 5175 μίμησιν
1733 5103 1918 5180 ε’ίρηκι

224 5195 342 5262 τὴν
395 5186 784 5268 ἀκριϐεστέραν
837 5192 925 5246 καὶ
975 5191 1308 5265 θελεωτὲραν
1338 5192 1648 5266 σημαίνῶν,
1699 5193 1772 5256 ὡς
1828 5193 1916 5250 καὶ

221 5286 331 5336 νῦν
366 5278 800 5356 ἀγγελοπρεπής
830 5280 858 5334 ὁ
886 5284 992 5334 τῶν
1020 5278 1187 5355 ἁγίων
1227 5279 1346 5354 βίος
1405 5278 1456 5332 ἐν
1513 5282 1581 5353 τῇ
1639 5284 1736 5334 τοῦ
1783 5284 1915 5335 Θεοῦ

306 5408 399 5482 (ας)
435 5407 486 5465 ΙΙ
515 5407 726 5465 Thess.
761 5424 829 5476 II,
864 5407 948 5464 14.
1025 5406 1105 5478 (y)
1139 5406 1188 5463 II
1213 5405 1364 5462 Tim.
1399 5423 1438 5478 ι,
1476 5409 1559 5464 12.

2027 4741 2182 4796 versi
2205 4740 2365 4797 illinc
2388 4741 2639 4812 perfecte
2662 4739 3342 4812 illustrati,unitormiter
3364 4761 3548 4800 unum
3571 4748 3685 4802 eri-

2031 4847 2185 4897 mus,
2227 4828 2456 4884 liberati
2481 4847 2512 4884 a
2534 4829 2978 4886 diversitatibus
3011 4833 3231 4888 nostris
3265 4851 3391 4905 quae
3422 4851 3492 4890 ex
3523 4852 3683 4892 com-

2029 4919 2319 4991 positione
2366 4918 2660 4986 oriuntur,
2693 4919 2848 4992 quod
2898 4920 3176 4993 declarat,
3206 4923 3513 4981 mundanas
3558 4941 3684 4983 sen-

2027 5025 2118 5064 sus
2147 5017 2196 5064 et
2225 5008 2574 5080 cupiditates.

2099 5100 2160 5153 In
2189 5098 2469 5154 diviniora
2508 5097 2844 5154 imitatione.
2879 5099 3238 5156 Diviniorem
3290 5101 3682 5161 imitationem

2026 5187 2192 5256 dixit,
2221 5191 2551 5243 accuratam
2576 5187 2767 5258 magis
2789 5191 2845 5242 et
2868 5188 3270 5260 perfectiorem
3295 5190 3639 5264 signiﬁcans
3665 5219 3680 5263 ;

2027 5278 2182 5333 sicut
2195 5277 2372 5332 etiam
2396 5292 2554 5331 nunc
2576 5280 2666 5331 est
2687 5275 2876 5348 angeli
2900 5278 3137 5349 propria
3167 5284 3510 5337 sanctorum
3539 5281 3683 5354 vita,

1640 5406 1707 5479 (κ)
1742 5407 1765 5463 l
1795 5407 2002 5464 Thess.
2035 5423 2115 5473 iv,
2151 5407 2236 5463 16.

1273 5548 1509 5606 νΑΒΙλΕ
1543 5548 1933 5608 LECTIONES
1971 5549 2064 5606 ET
2102 5542 2657 5607 CORRECTIONES.

725 5642 768 5680 ’11
802 5636 854 5696 ἂ,

302 5647 354 5684 ἰο
385 5640 645 5710 θεούσας.
