4034 6392
449 365 554 422 499

1267 361 1634 415 APPENDIX
1680 361 1775 411 AD
1813 356 2053 412 OPERA
2091 361 2147 412 S.
2190 357 2505 412 DIONYSII
2543 358 3044 415 AREOPAGITE.
3743 366 3837 422 200

397 481 404 488 ’
448 489 512 545 in
534 488 635 545 Dei
662 487 833 543 laude
855 489 913 540 et
932 483 1263 540 carnalium
1294 485 1655 553 contemptu,
1691 478 1801 535 etsi
1825 497 1939 535 non
1971 495 2087 534 om-

2214 477 2408 532 αίνέσει
2437 477 2526 533 καὶ
2564 478 2830 553 ὑπεροψίᾳ
2857 483 2966 534 τῶν
2999 483 3292 556 σαρκικῶν,
3321 480 3417 534 κᾶν
3467 480 3528 536 οὗ
3581 485 3834 542 παντελεῖ⁶

451 577 715 646 nimode;
756 575 1006 646 ideoque
1036 572 1286 628 imitatio
1318 570 1700 638 moderatior;
1740 573 1866 624 tum
1902 572 2100 624 autem

448 667 602 740 quod
637 665 959 738 perfectum
991 663 1176 730 est,in
1213 662 1303 717 his
1326 660 1650 733 apparebit.

516 753 967 827 Intelligibilium
983 752 1439 824 spectaculorum.
1459 750 1575 804 Nos
1593 764 1660 804 ex
1679 746 1864 821 signis
1883 746 2100 802 intueri

443 843 758 918 spiritalia,
791 860 918 916 qua:
951 841 1189 916 angelos
1220 843 1503 910 tangunt;
1551 837 1621 893 de
1670 835 1892 904 angelis
1940 835 2096 891 enim

443 934 730 1008 loquitur,
754 933 909 989 sicut
939 931 1196 987 declarat
1227 930 1403 985 etiam
1427 945 1562 984 eum
1584 942 1790 982 vocare
1812 927 1973 998 ipsos
1995 925 2098 980 Dei

447 1022 701 1079 similes:
757 1039 935 1095 supra
981 1038 1114 1077 vero
1147 1020 1204 1074 in
1236 1019 1386 1074 libro
1417 1020 1491 1074 De
1518 1016 1728 1075 caelesti
1779 1014 2100 1071 hierarchia

447 1113 702 1170 declarat
723 1112 910 1184 signa,
937 1128 1062 1183 quae
1085 1110 1245 1182 ipsos
1269 1111 1562 1180 spectant;
1588 1105 1881 1163 connectit
1901 1110 2097 1160 autem

445 1219 601 1258 nunc
630 1201 806 1257 etiam
839 1217 905 1256 ea
931 1217 1058 1272 quae
1091 1199 1274 1255 Deum
1303 1201 1686 1254 concernunt.

515 1291 792 1347 Sedantes.
813 1288 1221 1361 Requietionem
1241 1285 1604 1358 intelligentia
1635 1283 1898 1356 e/ﬁcaciaz
1930 1282 2096 1354 dixit,

441 1379 782 1451 significans
806 1378 1014 1435 divinae
1038 1382 1260 1432 natura:
1283 1373 2052 1448 incomprehensibilitatem
2079 1392 2094 1441 ;

441 1468 586 1526 nihil
621 1469 777 1525 enim
809 1484 1011 1524 eorum
1043 1483 1171 1539 qua
1203 1465 1383 1536 hujus
1415 1469 1575 1532 sunt,
1597 1462 1859 1518 motione
1883 1462 2098 1516 mentis

440 1558 984 1631 comprehenditur,
1015 1560 1119 1612 aut
1157 1556 1230 1611 ad
1273 1554 1534 1626 aliquam
1584 1551 1952 1608 confessione
2003 1568 2094 1606 re-

439 1653 668 1717 ceptam
701 1652 758 1702 et
787 1645 1161 1702 manifestam
1192 1642 1636 1716 persuasionem
1676 1639 1947 1711 cogitatio
1978 1640 2096 1694 fer-

438 1742 553 1808 tur,
572 1737 727 1793 circa
756 1732 1681 1808 incomprehensibilitatem,quze
1705 1727 1940 1803 propria
1956 1743 2094 1800 ope-

437 1825 682 1882 rationis
713 1824 1042 1880 cessatione
1068 1820 1610 1895 comprehenditur.

507 1914 791 1986 lne/fabiti
843 1913 1001 1968 modo
1054 1910 1523 1983 praeexstiterunt.
1559 1907 1711 1966 Illud
1743 1906 2088 1981 praeexstite-

437 2002 931 2076 runt,intelligere
961 2001 1322 2056 studendum
1347 2003 1469 2067 est;
1497 1998 1698 2054 omnia
1727 1997 1884 2053 enim
1918 2012 2094 2068 opera

437 2092 744 2164 sequentia
775 2091 1050 2147 declarat.
1086 2091 1169 2145 Ex
1217 2089 1326 2144 hoc
1374 2089 1664 2160 siquidem
1716 2085 2088 2156 intelligitur,

439 2181 733 2254 quomodo
779 2179 928 2234 dixit
974 2178 1314 2251 Apostolus,
1352 2193 1460 2232 nos
1511 2177 1570 2231 in
1625 2181 1738 2230 Deo
1792 2190 1920 2230 esse
1963 2178 2093 2228 ante

433 2269 634 2326 mundi
643 2268 1091 2326 constitutionem
1105 2266 1456 2339 (a).Sciendu
1468 2283 1521 2321 m
1537 2263 2093 2337 itaque,productio-

435 2376 567 2416 nem
594 2359 1003 2416 universorum
1035 2358 1361 2414 secundum
1394 2372 1635 2412 causam
1659 2360 1714 2410 et
1731 2354 2088 2428 principium

434 2451 508 2505 ab
531 2466 598 2505 eo
623 2449 899 2521 pendere,
923 2447 1396 2521 quandoquidem
1426 2461 1519 2501 res
1542 2460 1746 2502 omnes
1770 2460 1872 2516 per
1891 2443 2089 2515 ipsum

433 2538 740 2606 exsistant,
773 2536 1158 2609 probabiliter
1186 2536 1360 2592 etiam
1393 2539 1709 2605 antequam
1743 2533 2093 2588 exsisterent

432 2643 536 2699 per
564 2628 691 2698 ejus
724 2625 1235 2698 inconceptibilem
1265 2624 1648 2694 voluntatem,
1675 2624 1735 2678 in
1773 2622 1900 2695 ipso
1939 2637 2090 2693 quo-

433 2733 548 2788 que
599 2721 736 2773 ante
783 2716 1143 2787 constitisse,
1169 2714 1390 2770 sciente
1420 2718 1478 2769 et
1507 2713 1658 2784 quod
1697 2713 2000 2784 producet,
2034 2713 2091 2766 et

431 2806 667 2878 quando
697 2805 998 2877 producet.
1048 2807 1198 2859 Ante
1241 2803 1453 2879 saecula
1482 2802 1666 2874 igitur
1695 2801 1754 2856 in
1787 2802 1915 2872 ipso
1947 2816 2088 2871 pra:-

430 2894 667 2967 cognita
688 2902 817 2950 ante
841 2893 1254 2962 constiterunt,
1277 2894 1423 2948 101
1457 2891 1804 2964 priusquam
1824 2890 1954 2960 ejus
1976 2888 2090 2959 spi-

430 2983 622 3040 ritalia
651 2984 1116 3054 producerentur
1138 2998 1264 3053 quae
1289 2985 1429 3036 sunt
1451 2979 1687 3045 saecula,
1711 2982 1767 3034 et
1799 2982 1931 3033 ante
1961 2993 2089 3032 om-

430 3089 562 3129 nem
597 3071 770 3128 aliam
804 3076 1129 3128 creaturam
1163 3071 1396 3143 cognita
1425 3070 1558 3142 ipsa
1587 3070 1838 3137 fuerant,
1862 3083 1929 3122 ea
1959 3081 2088 3137 quin

429 3163 650 3230 futura,
693 3165 758 3218 ut
809 3162 1031 3217 dictum
1087 3165 1202 3217 est:
1238 3160 1572 3230 Cognoscens
1615 3159 1809 3212 omnia
1839 3160 1967 3211 ante
1996 3171 2087 3224 ge-

425 3222 766 3309 nerationem
786 3253 1153 3327 ipsorum(b):
1179 3256 1235 3308 et
1257 3222 1502 3307 iterum:
1535 3250 1842 3320 Antequam
1873 3222 2082 3320 forina-
2117 3222 2160 3288 C

424 3359 539 3398 rem
569 3347 622 3398 te
648 3342 707 3398 in
741 3351 917 3407 utero,
947 3341 1078 3398 novi
1106 3345 1157 3397 te
1186 3341 1279 3414 (c).

497 3432 603 3501 Qui
627 3448 726 3488 nec
753 3431 992 3504 cogitari
1022 3434 1215 3504 potest.
1252 3430 1338 3485 Ita
1385 3429 1541 3484 enim
1593 3427 1857 3500 loquitur
1908 3425 2082 3481 etiam

423 3521 739 3594 Gregorius
795 3520 1129 3592 theologus,
1191 3519 1515 3591 explanans
1582 3517 1726 3572 illud
1779 3515 2080 3594 vulgatum

425 3589 779 3682 [Gre—acorum
811 3589 1035 3665 dictum
1079 3611 1186 3679 7‘]:
1241 3589 1426 3664 [leum
1480 3606 1810 3678 intelligere
1840 3589 2082 3677 quidem

422 3699 820 3773 impossibile;
854 3699 1046 3771 eloqui
1080 3703 1277 3754 autem
1310 3695 1679 3768 impossibile
1711 3694 1924 3766 magis.

498 3792 563 3846 Et
592 3789 996 3846 universorum.
1028 3791 1175 3845 Cum
1210 3785 1483 3841 dixisset:
1518 3784 1677 3840 Fines
1703 3782 2082 3853 cognitionum

423 3880 928 3952 quaeessentiarum
942 3880 1128 3934 suntet
1148 3876 1723 3947 virtutum,eumdem
1737 3874 1946 3945 repetit
1959 3887 2084 3927 ser-

425 3986 844 4042 nomen,quem
870 3973 1044 4025 antea
1065 3983 1300 4040 quoque
1331 3966 1582 4022 dixerat:
1610 3963 1804 4020 Omnes
1834 3961 2082 4018 omnium

423 4061 806 4128 cognitionum
836 4057 1084 4114 termini.
1123 4060 1234 4112 Aut
1262 4055 1446 4129 igitur
1493 4069 1594 4125 per
1643 4057 1954 4123 utramque
1985 4067 2081 4106 vo-

425 4163 552 4203 cem
586 4147 1064 4220 supponit,quod
1098 4146 1274 4201 etiam
1305 4148 1440 4202 ante
1473 4142 1731 4216 positum
1780 4141 1988 4210 fuerat,
2022 4139 2078 4194 in

427 4242 541 4294 Deo
583 4252 821 4293 omnem
871 4236 1264 4309 cognitionem
1315 4232 1506 4300 otiari,
1539 4240 1593 4288 et
1643 4233 1818 4286 tinem
1868 4228 2083 4284 habere

427 4325 623 4381 omnis
653 4325 930 4381 motionis
961 4329 1198 4397 propter
1228 4323 1437 4379 divinae
1472 4325 1696 4378 natura:
1739 4320 2079 4391 incompre-

426 4414 912 4482 bensibilitatem,
947 4431 1073 4487 quae
1122 4429 1356 4486 semper
1413 4417 1471 4468 et
1529 4429 1643 4466 non
1700 4411 1756 4464 in
1818 4414 2080 4481 tempore

427 4504 582 4562 circa
610 4504 802 4577 ipsam
833 4504 1097 4574 videtur;
1127 4507 1229 4560 aut
1259 4502 1474 4576 potius,
1503 4501 1635 4556 finis
1667 4504 1722 4554 et
1743 4499 2080 4555 terminatio

2213 563 2298 621 διὸ
2323 567 2414 622 καὶ
2443 569 2509 622 τὰ
2537 574 2638 638 τῆς
2665 569 2950 642 μιμήσεως
2979 568 3459 645 μετριώτεραοτότε
3491 567 3548 626 δὲ
3572 573 3634 628 τὸ
3648 573 3835 631 τέλειον

2210 655 2261 709 ἐν
2293 656 2510 719 τούτοις
2541 659 2856 735 φανήσεται.

2280 747 2401 803 Τῶν
2433 751 2649 816 νοητῶν
2701 747 3006 819 θεαμᾶτων.
3055 747 3182 803 ’Ότι
3231 747 3291 802 ἑκ
3317 751 3424 803 τῶν
3455 744 3739 822 συμϐόλων
3780 756 3838 809 τὰ

2209 834 2332 909 περὶ
2361 834 2604 911 ἀγγέλων
2635 839 2805 906 νοητὰ
2843 835 3236 908 ἐποπτεύομεν·
3296 837 3420 911 περὶ
3452 837 3556 914 γὰρ
3615 839 3835 916 ἀγγέλων

2210 925 2394 1002 φησὶν,
2425 926 2500 988 ὡς
2533 922 2701 996 δηλοῖ
2728 926 2817 980 καὶ
2848 925 2909 980 τὸ
2936 924 3115 1001 λέγειν
3150 925 3344 988 αὐτοὺς
3387 925 3660 991 θεοειδεῖς.
3704 932 3836 1002 -Ἃνω

2211 999 2268 1068 δὲ
2290 1013 2380 1070 καί
2431 1016 2498 1070 τὰ
2553 1016 2678 1090 περὶ
2736 1015 2910 1070 αὐτῶν
2969 999 3222 1089 σόμϐολα
3280 1013 3449 1087 δηλοῖ
3493 1015 3546 1072 ἐν
3603 999 3836 1096 τῷΠερὶ

2205 1111 2306 1173 τῆς
2360 1104 2611 1180 οὐρανίας
2668 1103 2973 1180 ἱεραρχίαςσ
3036 1105 3288 1159 συνάπτει
3348 1101 3407 1159 δὲ
3463 1109 3556 1161 νῦν
3585 1106 3671 1162 καὶ
3725 1110 3836 1186 περὶ

2209 1197 2364 1249 Θεοῦ.

2280 1283 2680 1345 ’Λποπαύοντες
2713 1325 2726 1339 .
2806 1282 3135 1340 Ἀπόπαυσιν
3194 1289 3294 1354 τῆς
3353 1289 3543 1360 νοερᾶς
3597 1285 3837 1362 ἐνεργείας

2209 1371 2343 1442 εἶπε,
2395 1373 2677 1445 σημαίνων
2725 1372 2788 1427 τὸ
2843 1379 2942 1442 τῆς
3001 1373 3144 1434 θείας
3197 1373 3407 1451 φύσεως
3451 1373 3834 1446 ἀκατάληπτον·

2207 1459 2360 1516 οὐδὲν
2393 1461 2494 1537 γὰρ
2523 1466 2630 1517 τῶν
2662 1462 2863 1533 ταύτης
2889 1466 2959 1529 τῇ
2991 1465 3198 1533 κινήσει
3230 1466 3325 1516 τοῦ
3356 1466 3452 1517 νοῦ
3500 1461 3836 1538 καταλαμϐά-

2204 1571 2371 1623 νεται,
2405 1552 2438 1622 ἢ
2471 1551 2606 1626 πρός
2635 1573 2756 1606 τινα
2786 1553 3244 1627 ὁμολογουμένην
3290 1551 3380 1607 καὶ
3411 1554 3612 1626 τρανὴν
3639 1552 3834 1630 πληρο-

2205 1639 2396 1718 φορίαν
2429 1642 2463 1709 ἡ
2495 1640 2682 1711 νόησις
2715 1642 2953 1719 φέρεται,
2983 1642 3130 1715 παρά
3161 1641 3225 1696 τὸ
3257 1640 3664 1713 ἀκατάληπτον,
3718 1643 3832 1717 ὅπερ

2202 1733 2270 1803 τῇ
2299 1729 2478 1801 οἰκείᾳ
2507 1729 2856 1807 ἀνενεργησίᾳ
2880 1725 3382 1804 καταλαμϐάνεται.

2271 1909 2686 1986 Ὑπεραρῥήτως
2771 1911 3152 1989 προϋφέστηκε
3187 1954 3199 1967 .
3293 1912 3374 1968 Τὸ
3450 1911 3828 1987 προοϋφέστηκε

2200 1996 2563 2054 σπουδαστέον
2611 2005 2828 2069 νοῆσαι·
2887 2001 2955 2054 τὰ
2978 2001 3081 2076 γὰρ
3127 1997 3256 2077 ἔργα
3283 2003 3329 2038 ⁷²
3377 2002 3551 2056 πάντα
3581 1998 3832 2076 διατρανοῖ

2202 2087 2413 2164 ἐφεξῆςο
2474 2086 2533 2142 ἐκ
2578 2087 2778 2143 τούτου
2833 2091 3013 2144 τοίνυν
3073 2091 3430 2160 νοηθήσεται,
3487 2095 3601 2153 πῶς
3633 2092 3829 2167 φησινὸ

2202 2176 2560 2247 Ἀπόστολος,
2620 2175 2670 2231 έν
2728 2182 2808 2249 τῷ
2865 2183 2982 2249 Θεῷ
3031 2178 3160 2232 εἶναι
3201 2181 3354 2251 ἡμᾶς
3397 2180 3504 2254 πρὸ
3545 2174 3828 2248 καταϐολῆς

2198 2266 2447 2338 κόσμου.
2510 2264 2702 2322 Ἰστέον
2760 2266 2871 2336 οὗν,
2931 2267 3005 2328 ὡς
3061 2273 3162 2336 τῆς
3214 2267 3468 2323 ἁπάντων
3520 2275 3827 2344 παραγωγῆς

2171 2355 2416 2409 κατὰτὸ
2473 2352 2644 2409 α’ίτιον
2702 2356 2792 2409 καὶ
2847 2356 2948 2424 τήν
3005 2356 3184 2430 ἀρχὴν
3215 2355 3384 2411 αὐτοῦ
3435 2357 3826 2431 ἀπηρτημένης,

2200 2442 2388 2512 ἐπειδὴ
2422 2444 2486 2498 τὰ
2515 2439 2644 2499 ὅντα
2700 2445 2873 2499 πάντα
2931 2444 2983 2514 ἐξ
3018 2445 3181 2500 αὐτοῦ
3235 2445 3399 2502 ἐστιν·
3463 2447 3701 2515 εἰκότως,
3753 2448 3829 2514 ἅτε

2199 2532 2289 2588 καὶ
2335 2530 2609 2606 μέλλοντα
2665 2532 2873 2588 ἔσεσθαι
2923 2531 3013 2588 διὰ
3040 2534 3102 2589 τὸ
3160 2535 3330 2590 αὐτοῦ
3363 2535 3706 2606 ἄνεπινόητον
3761 2535 3826 2589 θέ-

2201 2619 2376 2694 λημα,
2411 2621 2461 2676 έν
2487 2622 2633 2695 αὐτῷ
2677 2623 2765 2677 καὶ
2807 2622 3208 2701 προῦφέστηκε,
3238 2629 3320 2697 τῷ
3383 2623 3570 2695 εἰδότι,
3623 2623 3706 2679 καὶ
3755 2623 3822 2678 ὅτι

2199 2711 2420 2786 παράξει
2447 2712 2536 2766 καὶ
2569 2713 2733 2766 ὁπότε
2763 2715 3005 2788 παράξει.
3066 2712 3428 2787 Προαιωνίως
3461 2711 3550 2769 οὖν
3598 2712 3649 2768 ἐν
3703 2714 3824 2784 αὖτῷ

2198 2803 2642 2877 προεγνωσμένα,
2675 2803 3074 2880 προϋφέστηκε·
3103 2804 3230 2878 πρὶν
3264 2804 3376 2880 γὰρ
3401 2805 3468 2859 τὰ
3496 2804 3660 2874 νοητὰ
3679 2821 3821 2877 παρα-

2199 2898 2424 2965 χθῆναι,
2455 2889 2607 2945 ἅτινά
2626 2891 2758 2946 εἰσιν
2787 2891 2998 2959 αἷῶνες,
3029 2893 3119 2946 καὶ
3147 2894 3253 2970 πρὸ
3279 2892 3467 2963 πάσης
3521 2892 3694 2968 ἑτέρας
3736 2889 3821 2946 κτί-

2199 3001 2331 3042 σεως
2362 2977 2596 3055 ἔγνωστο
2635 2981 2782 3052 αὐτῷ
2801 2980 2866 3035 τὰ
2897 2979 3146 3054 ἐσόμενα,
3179 2983 3254 3045 ὡς
3286 2981 3529 3061 ε’ίρητᾳγ
3583 2987 3638 3040 Ὁ
3691 2977 3816 3039 εἱδὼς

2197 3068 2370 3123 πάντα
2424 3069 2552 3144 πρὶν
2607 3071 2868 3144 γενέσεως
2921 3069 3114 3125 αὐτῶν·
3149 3072 3239 3126 καὶ
3268 3071 3469 3128 πάλιν·
3499 3072 3606 3148 Πρὸ
3632 3074 3719 3125 τοῦ
3769 3087 3822 3141 με

2199 3157 2398 3214 πλάσαι
2435 3179 2492 3213 σε
2520 3158 2572 3213 ἐν
2604 3157 2810 3231 κοιλίᾳ,
2840 3155 3046 3233 ἔγνωκά
3070 3181 3145 3220 σε.

2262 3431 2419 3487 "0v"
2495 3425 2620 3484 οὕτε
2687 3428 2937 3498 ἐννοῆσαι
3002 3427 3245 3487 δυνατόν.
3329 3431 3488 3491 Οὕτω
3543 3429 3639 3506 γάρ
3704 3445 3812 3504 φησι

2191 3520 2280 3575 καὶ
2339 3521 2366 3575 ὁ
2400 3516 2666 3593 θεολόγος
2696 3519 3020 3593 Γρηγόριος,
3057 3521 3413 3598 μεταφράζων
3465 3521 3526 3576 τὸ
3558 3516 3813 3592 εἰρημένον

2192 3612 2332 3682 [τοῖς
2358 3605 2645 3681 Ἕλλησι]·
2697 3608 2825 3663 Θεὸν
2857 3615 3051 3678 νοῆσαι
3083 3609 3178 3682 μὲν
3211 3607 3500 3667 ἀδύνατονο
3535 3608 3718 3686 φράσαι
3768 3598 3816 3655 δὶ

2191 3695 2616 3772 ἀδυνατώτερον.

2264 3788 2360 3842 Καὶ
2397 3790 2603 3843 πασῶν.
2651 3786 2833 3843 Εἰπὼν
2895 3788 3340 3863 άποπερατὼσεις
3392 3795 3498 3846 τῶν
3558 3778 3811 3840 οὖσιωδῶν

2191 3877 2444 3951 γνώσεων
2475 3897 2566 3930 και
2597 3873 2901 3949 δυνάμεων,
2932 3877 2995 3931 τὸ
3027 3877 3188 3932 αὐτὸν
3234 3872 3594 3934 ἐπανελάὸετο
3650 3870 3812 3942 λόγον,

2193 3967 2250 4020 ὅν
2300 3965 2389 4020 καὶ
2438 3967 2544 4041 πρὸ
2597 3970 2796 4042 μικροῦ
2854 3967 2986 4020 εἶπε·
3050 3968 3230 4022 ,Πάντα
3280 3969 3348 4024 τὰ
3405 3966 3603 4042 πέρατα
3647 3959 3816 4015 πασῶν

2188 4060 2294 4110 τῶν
2353 4053 2605 4131 γνώσεων
2643 4074 2655 4087 ·
2734 4056 2772 4126 ἢ
2845 4057 2935 4110 οὗν
2990 4060 3152 4111 τοῦτο
3207 4055 3275 4112 δι’
3347 4058 3597 4130 ἑκατέρας
3652 4046 3814 4128 φωνῆς

2195 4145 2526 4213 ὑποτίθεται,
2576 4142 2709 4219 ὅπερ
2733 4144 2824 4199 καὶ
2881 4145 3288 4222 προπαρετέθη,
3351 4149 3435 4202 ὅτι
3494 4144 3544 4199 ἐν
3602 4142 3676 4211 τῷ
3720 4134 3817 4202 Θεῷ

2189 4240 2331 4290 πᾶσα
2354 4239 2554 4310 γνῶσις
2599 4234 2774 4310 ἀργεῖ,
2832 4234 2922 4289 καὶ
2969 4233 3130 4297 τέλος
3161 4229 3277 4311 ἔχει
3337 4235 3513 4305 πάσης
3561 4229 3816 4297 κινήσεως,

2191 4321 2280 4379 διὰ
2309 4325 2370 4379 τὸ
2399 4330 2500 4395 τῆς
2533 4323 2675 4386 Θείας
2733 4322 2943 4402 φύσεως
2975 4323 3386 4396 ἀκατάληπτον,
3447 4325 3576 4397 ὅπερ
3629 4311 3814 4374 ἄϊδίωςν

2189 4413 2277 4469 καὶ
2330 4411 2428 4468 οὐκ
2455 4411 2509 4467 ἐν
2561 4398 2756 4489 χρόνω
2799 4413 2923 4488 περὶ
2957 4413 3122 4484 αὐτὴν
3173 4415 3479 4492 θεωρεῖται·
3533 4408 3567 4478 ἢ
3627 4398 3814 4492 μᾷλλον

2188 4503 2355 4580 πέρας
2425 4502 2516 4556 καὶ
2581 4502 3016 4578 άποπεράτωσις,
3093 4501 3220 4573 ἤτοι
3286 4489 3357 4560 *τὸ
3411 4499 3568 4561 τέλος
3617 4489 3816 4580 ἐκᾴσττξς

426 4610 532 4650 seu
566 4594 847 4666 perfectio
899 4573 1373 4666 uniuscujusque
1419 4587 1754 4647 essentialis
1797 4588 2079 4660 cognitio—

2205 4587 2495 4653 >ὐσιώδους
2524 4589 2801 4666 γνώσεως.
2835 4589 3005 4648 Αὗταί
3057 4590 3190 4647 εἷ’σιν
3233 4594 3287 4648 αἶ
3339 4590 3515 4649 οὐσίαι
3561 4582 3647 4642 καὶ
3678 4573 3815 4634 δυνά·

426 4683 540 4740 nis.
565 4683 661 4738 Hae
691 4687 834 4740 sunt
864 4683 1134 4740 essentia
1161 4687 1218 4738 et
1241 4681 1490 4736 virtutes
1522 4680 1673 4734 circa
1705 4694 1852 4751 quas
1884 4677 2085 4750 cogni-

425 4773 615 4830 tiones
643 4779 985 4842 versantur;
1028 4790 1176 4846 quas
1209 4771 1498 4828 essentias
1520 4774 1575 4826 et
1594 4770 1841 4826 virtutes
1873 4786 2079 4827 omnes

426 4864 605 4920 simul
638 4869 695 4921 et
727 4881 842 4920 non
876 4861 1365 4936 singillatim,sed
1391 4860 1699 4916 confertim
1722 4859 1781 4915 in
1812 4865 1922 4916 Deo
1944 4864 2079 4916 ante

423 4954 762 5011 constitisse
780 4953 898 5022 ait;
932 4951 1260 5008 secundum
1290 4950 1645 5007 ineffabilem
1679 4950 2081 5022 praecognitio-

425 5042 517 5098 nis
547 5044 678 5114 ejus
713 5042 1026 5106 rationem,
1077 5041 1296 5096 sciente
1354 5040 1822 5112 unumquodque
1874 5055 2077 5095 eorum

425 5148 552 5203 quae
584 5130 1266 5204 producuntur,qualem
1292 5130 1636 5186 habiturum
1671 5129 1750 5186 sit
1779 5134 2078 5197 naturam,

422 5228 479 5277 et
535 5221 834 5291 virtutem,
896 5221 1066 5292 cujus
1124 5220 1382 5276 essentia
1442 5223 1685 5292 superat
1759 5219 2078 5276 essentiam

493 5400 578 5474 (α)
609 5400 822 5473 Ephes.
855 5418 895 5472 1,
929 5403 981 5458 4.

1059 5401 1136 5475 (b)
1167 5401 1313 5460 Dan.
1346 5419 1473 5469 xm,
1507 5401 1596 5460 42.
1682 5401 1750 5474 (c)
1778 5401 1900 5460 Jer.
1928 5419 1970 5474 ι,
2001 5402 2058 5457 5.

2198 4702 2337 4755 με’-ς’
2371 4681 2495 4755 περὶ
2527 4679 2586 4743 ἃς
2617 4681 2671 4735 αἱ
2717 4681 2969 4756 γνώσεις,
3026 4679 3246 4746 ἅστινας
3299 4683 3486 4742 οὐσιας
3543 4673 3630 4731 καὶ
3685 4662 3816 4722 δυνά-

2193 4751 2311 4842 μεις
2342 4751 2516 4830 πάσας
2580 4767 2691 4842 ἅμα
2732 4751 2829 4823 καὶ
2886 4751 2986 4824 οὐκ
3041 4770 3140 4826 ἀνὰ
3190 4771 3378 4848 μέρος,
3433 4763 3576 4824 ἀλλὰ
3627 4751 3813 4848 ἀθρόως

2193 4858 2244 4914 έν
2301 4856 2381 4932 τῷ
2465 4862 2581 4931 Θεῷ
2632 4857 3028 4936 προϋφεστάναι
3085 4843 3219 4937 φησὶ
3263 4843 3412 4917 κατὰ
3466 4856 3556 4911 τὸν
3608 4843 3816 4923 ἅῤῥητον

2186 4955 2287 5019 τῆς
2371 4948 2734 5024 προγνώσεως
2755 4949 2799 4985 ⁷⁸
2870 4947 3033 5004 αὐτοῦ
3119 4948 3307 5028 λόγον,
3387 4944 3552 5004 εἰδότι
3618 4939 3812 4992 ἕκαστον

2185 5036 2291 5094 τῶν
2347 5038 2484 5112 πρὸς
2539 5036 2743 5112 γένεσιν
2795 5038 3214 5114 παραγομένων,
3268 5043 3417 5102 ὅπως
3473 5030 3570 5106 ἔξει
3629 5028 3813 5103 φύσεων

2187 5127 2276 5183 καὶ
2309 5125 2614 5200 δυνάμεως·
2675 5128 2737 5182 οὗ
2765 5129 2800 5198 ἡ
2838 5113 2996 5184 οὐσία
3031 5129 3351 5205 ὑπερούσιός
3410 5145 3466 5181 τε
3522 5118 3609 5176 καὶ
3665 5113 3814 5211 ὑπεξ-

2190 5220 2486 5296 ἄγνωστος·
2532 5217 2725 5274 ’Ῑστέον
2761 5214 2839 5288 δὲ,
2872 5215 2953 5274 ὅτι
2998 5215 3179 5297 ἓτερον
3213 5221 3369 5276 οὐσία
3410 5214 3500 5272 καὶ
3528 5206 3698 5278 ἕτερον
3729 5192 3811 5248 δύ’

1412 5569 1655 5626 νΑΡιΙίΕ
1693 5569 2092 5627 LECTIONES
2129 5567 2220 5626 ET
2259 5566 2826 5627 GORRECTIONES.

491 5689 537 5724 η
563 5686 742 5764 «ἔτερα.
817 5689 862 5726 τε
889 5687 1000 5747 καί,
1076 5690 1123 5726 τι
1152 5689 1412 5747 Platonis
1439 5689 1498 5745 in
1530 5688 1765 5746 Timaao.
1845 5689 1888 5724 ⁷⁵
1917 5707 2006 5765 γρ.
2040 5709 2087 5762 γ’

2205 5708 2317 5750 εως.
