4034 6400
239 419 346 476 201

1013 425 1071 477 S.
1112 426 1383 480 MAXIMI
1419 422 1724 478 SCHOLIA
1761 418 1832 472 IN
1857 417 2007 470 ~LIB.
2048 413 2146 467 DE
2183 414 2460 468 DIVINIS
2497 414 2916 471 NOMINIBUS.

3567 421 3676 477 202

236 563 430 616 ναμις·
460 545 498 614 ἡ
537 546 638 618 μὶν
686 547 788 622 γὰρ
834 550 944 602 τῶν
989 546 1107 610 καθ’
1158 544 1320 600 δαυτὰ
1371 543 1716 622 ὑφεστώτων·
1750 541 1785 608 ἡ
1827 535 1906 607 δὲ,

2037 540 2082 592 3t
2094 536 2833 608 cognitionem.Sciendum
2847 555 3018 611 porro
3032 538 3190 596 aliud
3205 557 3334 598 esse
3355 543 3681 601 essentiam

237 637 352 688 τῶν
385 632 439 688 ἐν
473 633 646 710 ἑτέρῳ
672 636 736 691 τὸ
765 636 898 692 εἶναι
929 633 1190 710 ἐχόντων.

322 899 386 956 Εἰ
445 900 550 976 γὰρ
611 901 668 955 αἰ
723 899 974 976 γνώσεις·
1034 899 1393 974 Ἐπεξήγησις
1420 902 1529 953 τῶν
1581 894 1908 972 εἰρημένων.

243 987 447 1051 Καλῶς
499 986 559 1044 δὲ
607 989 776 1044 εἶπεν·
811 989 861 1044 εἲ
908 988 1012 1065 γὰρ
1066 989 1122 1043 αἱ
1150 989 1375 1064 γνώσεις
1426 987 1553 1061 περί
1599 985 1693 1047 τὰς
1727 982 1910 1046 οὐσίας

241 1077 337 1133 καὶ
383 1077 453 1132 τὰ
505 1074 635 1132 ὄντα
681 1076 836 1146 εἰσὶν,
887 1079 914 1132 6
947 1077 1075 1140 Θεὸς
1129 1074 1187 1132 δὲ
1234 1073 1358 1132 οὕτε
1406 1075 1457 1130 ἐν
1505 1073 1660 1146 οὐσίᾳ
1700 1070 1823 1128 οὔτε
1859 1093 1912 1127 τι

238 1169 352 1222 τῶν
414 1161 588 1221 ὄντων
650 1165 792 1222 ἐστὶν
830 1208 846 1235 ,
904 1164 1130 1229 εἰκότως
1177 1164 1270 1220 καὶ
1347 1164 1598 1238 γνώσεως
1670 1161 1917 1217 ἒπέκεινά

241 1254 418 1313 ἔστιν.

320 1434 450 1509 ἓν.
503 1430 646 1492 Οὔτε
702 1431 984 1510 φαντασία.
1037 1432 1263 1507 ’Έτερόν
1320 1430 1432 1486 ἐστι
1485 1427 1770 1509 φαντασία,
1826 1429 1915 1484 καὶ

247 1520 435 1596 ἑτερον
466 1521 686 1592 νόησις,
715 1518 848 1591 ἤτοι
897 1520 1100 1594 νόημα·
1136 1519 1244 1575 ἀπό
1290 1541 1350 1575 τε
1382 1520 1483 1596 γὰρ
1518 1516 1795 1593 διαφόρων
1827 1514 1918 1572 δυ-

252 1613 475 1684 νάμεων
520 1611 789 1686 γίνονται,
837 1609 929 1666 καὶ
981 1608 1218 1681 ἰδιότητι
1261 1610 1550 1680 κινήσεως·
1600 1609 1636 1677 ἡ
1679 1607 1773 1680 μὶν
1816 1607 1920 1682 γὰρ

249 1700 446 1770 νόησις
505 1698 745 1774 ἐνέργειά
803 1698 914 1755 ἐστι
968 1699 1060 1754 καὶ
1116 1697 1342 1769 ποίησις
1375 1719 1389 1732 ·
1447 1699 1483 1766 ἡ
1539 1694 1596 1751 δὲ
1660 1695 1923 1773 φαντασία

251 1789 434 1850 πάθος
492 1789 581 1843 καὶ
634 1787 879 1850 τύπωσις
923 1785 1292 1862 ἀναγγελτικὴ
1344 1784 1603 1854 αἰσθητοῦ
1657 1804 1825 1852 τινος,
1885 1782 1921 1852 ἢ

2021 630 2078 681 et
2107 625 2266 682 aliud
2298 627 2610 696 virtutem;
2666 627 2767 684 illa
2797 629 2955 684 enim
3005 635 3094 686 est
3143 647 3344 687 eorum
3400 649 3527 704 quae
3577 651 3683 704 per

2020 730 2084 770 se
2140 714 2499 783 subsistunt,
2558 716 2682 773 haec
2741 732 2876 774 vero
2937 734 3142 775 eorum
3204 736 3331 792 qua:
3383 720 3518 778 aliis
3591 723 3685 778 in-

2023 809 2180 860 sunt.

2090 895 2316 951 Etenim
2344 912 2470 952 cum
2497 895 2767 952 notiones.
2801 897 3106 954 Enarratio
3134 914 3339 955 eorum
3371 915 3500 970 quis
3527 901 3684 958 dicta

2023 989 2181 1039 sunt.
2218 985 2391 1040 Recte
2420 989 2616 1041 autem
2647 985 2833 1042 dixit:
2866 987 2917 1040 si
2947 987 3104 1042 enim
3138 987 3504 1060 cognitiones
3525 989 3681 1045 circa

2022 1074 2312 1130 essentias
2343 1079 2400 1130 et
2428 1091 2521 1131 res
2550 1075 2898 1131 exsistentes
2952 1080 3290 1143 versantur,
3338 1077 3498 1133 Deus
3547 1093 3682 1134 vero

2025 1179 2216 1235 neque
2241 1164 2321 1220 sit
2347 1163 2408 1220 in
2437 1165 2714 1235 essentia,
2747 1180 2937 1235 neque
2985 1164 3147 1221 aliud
3189 1181 3391 1221 eorum
3423 1183 3555 1238 qua
3583 1183 3687 1223 ex-

2025 1253 2267 1323 sistunt,
2300 1253 2682 1325 probabiliter
2723 1253 2903 1310 etiam
2937 1270 3173 1310 omnem
3204 1259 3449 1326 superat
3479 1254 3684 1327 cogni-

2027 1342 2272 1398 tionem.

2098 1431 2221 1499 §V.
2252 1435 2438 1503 Neque
2483 1431 2835 1502 imaginatio.
2873 1431 3047 1488 Aliud
3103 1438 3194 1488 est
3249 1432 3600 1506 imaginatio
3633 1436 3694 1489 et

2029 1520 2187 1576 aliud
2219 1521 2476 1593 cognitio
2508 1518 2610 1578 seu
2642 1521 2954 1578 consilium
2981 1540 2994 1578 :
3031 1539 3065 1577 a
3093 1522 3344 1578 diversis
3376 1521 3536 1578 enim
3567 1522 3692 1580 vir-

2030 1613 2259 1669 tutibus
2290 1613 2462 1682 fiunt,
2493 1600 2670 1670 etiam
2703 1612 3059 1685 proprietate
3091 1613 3398 1669 motionis.
3425 1613 3574 1669 Nam
3606 1628 3698 1668 co-

2030 1702 2232 1773 gitatio
2259 1706 2350 1756 est
2378 1701 2640 1757 efﬁcacia
2659 1707 2717 1757 et
2737 1701 3036 1773 operatio;
3069 1700 3412 1772 imaginatio
3443 1717 3578 1757 vero
3599 1704 3692 1757 est

2033 1789 2230 1861 passio
2259 1796 2317 1845 et
2347 1789 2616 1861 ﬁguratio
2638 1789 3003 1846 enuntiativa
3031 1789 3268 1846 sensilis
3299 1789 3688 1861 alicujus,aut

251 1877 328 1940 ὠς
357 1877 624 1946 αἰσθητοῦ
671 1895 844 1940 τινος·
896 1877 986 1932 καὶ
1037 1878 1073 1946 ἡ
1132 1877 1227 1950 μὶν
1275 1871 1528 1945 αἴσθησις
1579 1867 1916 1946 ἀντιλαμϐά-

2037 1884 2314 1950 tanquam
2338 1878 2576 1934 sensilia
2605 1877 2888 1948 alicuius;
2912 1883 2968 1934 et
2989 1894 3202 1935 sensus
3222 1878 3462 1948 quidem
3487 1893 3692 1950 appre-

249 1987 396 2022 νεται
448 1969 558 2021 τῶν
613 1961 785 2021 ὄντων
837 1965 976 2020 κατὰ
1024 1964 1225 2039 ἀθρόαν
1281 1963 1586 2041 μόρφωσιν·
1616 1963 1644 2017 6
1695 1959 1754 2016 δὲ
1799 1965 1923 2024 νοῦς

252 2056 550 2112 ἰσάπτεται
584 2099 599 2126 ,
675 2053 952 2110 τουτέστιν
1027 2047 1491 2128 ἀντιλαμϐάνεται
1562 2055 1672 2107 τῶν
1751 2046 1920 2106 ὅντων

251 2143 429 2222 δτέρῳ
480 2143 694 2220 τρόπῳ,
747 2143 838 2198 καὶ
898 2141 1008 2218 οὐχ
1065 2140 1168 2214 ο⁹ίῳ
1223 2143 1260 2212 ἢ
1318 2139 1588 2212 αἴσθησις.
1642 2140 1770 2214 Περὶ
1828 2141 1922 2213 μὶν

255 2231 352 2288 οῦν
400 2234 467 2288 τὸ
512 2231 826 2306 σωματικὸν
871 2232 908 2302 ἢ
955 2233 1020 2286 τὸ
1059 2231 1445 2304 πνευματικὸν,
1495 2232 1530 2300 ἢ
1589 2228 1641 2284 ἐν
1689 2230 1770 2301 τῷ
1826 2229 1920 2291 τὰς

252 2322 542 2393 αἰσθήσεις
597 2321 727 2376 εἶναι
786 2324 876 2376 καί
934 2321 1127 2396 πρώην
1187 2317 1394 2397 ἓφημεν
1426 2363 1443 2391 ,
1498 2320 1562 2374 τὸ
1619 2318 1917 2389 παθητικὸν

249 2413 345 2466 καὶ
433 2408 735 2485 μορφτικόν
817 2407 927 2463 ἐστι
980 2407 1189 2481 κίνημα
1221 2453 1236 2480 ,
1293 2408 1357 2462 τὸ
1414 2405 1472 2461 δὲ
1528 2405 1771 2480 κριτικὸν
1828 2406 1916 2461 καὶ

248 2497 668 2570 ἇντιληπτικὸν,
698 2500 770 2571 τῇ
816 2500 973 2572 ψυχῇ
1018 2497 1108 2552 καὶ
1150 2501 1231 2569 τῷ
1279 2500 1358 2568 νῷ
1389 2494 1594 2551 δοτὲον.
1625 2500 1796 2550 Τοῦτο
1829 2495 1921 2549 οὖν

241 2593 327 2661 τῷ
382 2595 488 2657 τῆς
566 2590 756 2662 ψυχῆς
829 2584 1211 2658 ἀντιληπτικῷ
1280 2584 1372 2639 καὶ
1442 2585 1504 2639 τὸ
1561 2584 1916 2662 φανταστικὸν

249 2674 578 2733 ὑποστεῖλαι
628 2673 728 2730 δεῖ·
791 2671 1078 2750 διαιρεῖται
1132 2674 1233 2748 γὰρ
1293 2676 1338 2712 ⁷⁸
1386 2676 1422 2744 ἡ
1457 2674 1786 2748 φανταστικὴ
1843 2671 1920 2735 εἰς

241 2770 397 2840 τρεῖς
432 2763 650 2837 μοίρας·
697 2763 924 2838 πρώτην
980 2761 1074 2836 μὶν
1131 2760 1210 2824 εἲς
1261 2762 1361 2830 τὴν
1408 2765 1517 2815 τῶν
1569 2757 1917 2834 ἀντιλήψεων

244 2853 618 2922 εἰκονιστικὴν
665 2851 803 2927 πρὸς
859 2850 927 2904 τὰ
976 2854 1241 2906 ποιοῦντα
1297 2849 1558 2920 αἰσθητὴν
1618 2849 1717 2917 τήν
1775 2847 1920 2903 ἀντί-

248 2941 449 3014 ληψιν·
512 2937 765 3015 δευτέραν
817 2937 877 2994 δὲ
929 2939 1029 3008 τήν
1088 2937 1148 2994 ἐκ
1199 2943 1308 2994 τῶν
1361 2937 1634 3012 μενόντων
1688 2936 1915 3013 ἐγκατα-

249 3030 584 3103 λειμμάτων
635 3029 741 3084 ἀπὸ
784 3027 990 3083 τούτων
1043 3028 1457 3096 ἀνατυπωτικήν
1486 3072 1501 3098 ,
1555 3028 1631 3098 μὴ
1683 3024 1916 3102 ἔχουσαν

247 3117 649 3196 ἐρηρεισμένας
693 3116 783 3173 ἐπί
829 3139 884 3172 τι
930 3118 1028 3179 τὰς
1075 3114 1310 3186 εἰκόνας,
1342 3118 1408 3186 ἣν
1459 3117 1548 3171 καὶ
1591 3113 1747 3178 ἰδίως
1779 3137 1917 3191 φαν-

248 3209 518 3276 ταστικὴν
569 3205 846 3262 καλοῦσι·
911 3205 1099 3282 τρίτην
1160 3203 1213 3260 ἐν
1279 3203 1316 3279 ᾗ
1375 3211 1522 3260 πᾶσα
1592 3202 1762 3274 ἡδονὴ
1822 3209 1918 3260 τοῦ

2034 1968 2242 2026 hendit
2269 1984 2361 2023 res
2391 1968 2714 2024 secundum
2749 1967 3159 2023 formationem
3205 1967 3266 2021 in
3310 1982 3498 2022 unum
3550 1981 3687 2023 coa-

2034 2062 2227 2126 ctam;
2257 2073 2426 2113 mens
2456 2073 2588 2112 vero
2620 2055 2879 2128 attingit,
2910 2056 2967 2111 id
3015 2061 3106 2112 est
3153 2054 3546 2127 apprehendit
3596 2070 3689 2111 res

2035 2147 2149 2202 alio
2182 2147 2376 2212 modo,
2407 2149 2464 2200 et
2495 2162 2611 2200 non
2658 2144 2814 2201 sicut
2863 2161 3098 2201 sensus.
3131 2143 3298 2201 Circa
3338 2158 3687 2216 corporeum

2032 2237 2272 2307 quidem
2304 2246 2358 2291 et
2388 2234 2674 2306 spiritale,
2707 2239 2808 2289 aut
2837 2233 2896 2289 in
2927 2250 3042 2303 quo
3092 2249 3304 2289 sensus
3357 2248 3487 2288 esse
3526 2232 3689 2302 jam-

2031 2327 2259 2380 dudum
2289 2325 2568 2390 diximus,
2592 2323 2892 2396 passibilis
2918 2327 2976 2379 et
3003 2321 3334 2378 formabilis
3364 2326 3454 2377 est
3486 2320 3688 2388 motio;

2031 2413 2175 2469 illud
2226 2417 2445 2483 autem,
2478 2413 2635 2484 quod
2665 2413 2784 2468 vim
2809 2412 3114 2483 judicandi
3143 2417 3201 2468 et
3229 2409 3550 2482 recipiendi
3584 2408 3690 2464 ha-

2031 2504 2148 2570 bet,
2192 2503 2400 2558 anima
2432 2503 2584 2558 I02
2611 2507 2669 2557 et
2697 2501 2879 2556 menti
2934 2500 3375 2556 concedendum
3419 2503 3529 2554 est.
3564 2497 3687 2554 Hoc

2033 2592 2211 2663 igitur
2249 2596 2307 2647 et
2354 2590 2801 2661 imaginativum
2860 2591 2929 2645 ad
2991 2591 3265 2645 virtutem
3323 2586 3689 2659 suscipiendi

2007 2681 2242 2738 'animaa
2273 2680 2618 2736 contrahere
2665 2684 2930 2751 oportet;
2963 2678 3250 2734 dividitur
3278 2676 3438 2734 enim
3470 2675 3685 2747 imagi-

2031 2771 2212 2827 nandi
2241 2769 2495 2825 facultas
2525 2769 2728 2824 intres
2762 2773 2998 2839 partes:
3033 2767 3287 2838 primam
3330 2765 3595 2836 quidem,
3626 2761 3688 2818 in
3763 2777 3768 2784 ‘

2030 2878 2159 2918 eam
2191 2876 2317 2931 quas
2349 2857 2748 2930 receptionum
2782 2856 3074 2928 imagines
3123 2857 3336 2911 lormat
3363 2853 3424 2908 in
3455 2853 3530 2909 iis
3559 2869 3687 2924 quis

2029 2949 2308 3007 sensilem
2360 2947 2625 3002 efﬁciunt
2671 2945 3104 3017 receptionem;
3158 2943 3481 2999 secundam
3528 2956 3686 3011 vero,

2029 3057 2157 3096 eam
2190 3055 2318 3110 quas
2352 3053 2421 3091 ex
2451 3034 2718 3106 reliquiis
2750 3035 2821 3090 ab
2853 3033 2926 3089 iis
2958 3032 3338 3088 manentibus
3367 3031 3689 3086 reformare

2028 3128 2202 3196 valet,
2227 3144 2342 3182 non
2364 3126 2588 3181 habens
2620 3123 2840 3180 solidas
2872 3123 2929 3177 in
2961 3121 3159 3194 aliquo
3189 3119 3688 3192 imagines,quam

2033 3217 2266 3289 proprie
2297 3214 2735 3286 imaginativam
2766 3217 3010 3280 vocant;
3064 3211 3318 3280 tertiam,
3352 3210 3410 3263 in
3444 3225 3562 3280 qua
3590 3222 3690 3262 vo-

246 3299 392 3352 κατὰ
439 3295 733 3374 φαντασίαν
784 3292 1074 3356 δοκοῦντος
1125 3294 1354 3370 ἀγαθοῦ,
1386 3293 1421 3364 ἢ
1478 3293 1768 3355 δοκοῦντος
1819 3315 1916 3349 κα-

2037 3307 2231 3376 luptas
2261 3303 2455 3359 omnis
2485 3304 2616 3374 ejus
2647 3303 2804 3372 quod
2837 3300 3164 3356 secundum
3207 3297 3690 3369 imaginationem

247 3390 375 3458 κοῦ,
427 3384 571 3440 κατὰ
618 3383 800 3454 λύπην
853 3383 1182 3440 συνίσταται.
1235 3380 1485 3456 Οὐδεμία
1528 3383 1733 3450 τοίνυν,
1783 3383 1918 3436 καθὰ

249 3472 497 3552 εἴρηται,
555 3472 821 3551 φαντασία
877 3473 1066 3548 χώραν
1134 3467 1252 3548 ἔχει
1309 3470 1398 3526 ἐπὶ
1455 3475 1589 3526 Θεοῦ
1623 3487 1638 3504 ·
1697 3472 1914 3526 πάντων

245 3566 352 3640 γὰρ
405 3560 745 3634 ἁπαξαπλῶς
801 3561 934 3636 ὑπὲρ
993 3559 1198 3617 ἔννοιάν
1258 3559 1371 3616 ἐστι
1426 3558 1515 3616 καί
1582 3557 1910 3636 ὑπέρκειται·

248 3649 378 3722 δόξα
426 3649 488 3707 δά
526 3651 669 3706 ἐστιν
701 3653 738 3721 ἡ
771 3649 830 3706 ἐκ
873 3654 973 3707 τοῦ
1029 3648 1354 3728 φαινομένου
1409 3649 1547 3704 κατὰ
1600 3649 1664 3704 τὸ
1717 3646 1910 3706 δοκοῦν

249 3738 432 3797 τοιάδε
459 3762 546 3803 τις
583 3738 888 3814 ὑπόληψις.

323 3918 462 3979 Οὔτε
515 3919 720 3996 ἐπαφή.
783 3917 1028 3995 Ἐπαφήν
1083 3920 1174 3972 νῦν
1228 3937 1359 3995 φησι
1416 3916 1516 3985 τήν
1566 3913 1757 3988 νοερὰν
1814 3935 1910 3969 κα-

244 4009 512 4084 τάληψιν·
571 4009 660 4064 καὶ
721 4007 826 4083 γὰρ
885 4012 1002 4070 τοῖς
1058 4012 1285 4078 νοητοῖς
1332 4003 1439 4061 καῖ’
1470 4003 1662 4068 ἀΰλοις
1707 4009 1788 4077 τῷ
1839 4008 1914 4077 νῷ

246 4101 567 4168 ἰπιστητῶς
609 4091 1006 4160 ἐπιϐάλΛοντες
1037 4139 1052 4166 ,
1105 4093 1373 4168 δοκοῦμεν
1424 4091 1606 4170 ὥσπερ
1655 4093 1912 4159 ἅπτεσθαι

245 4188 453 4257 αὐτῶν,
487 4187 582 4242 καὶ
631 4183 722 4241 διὰ
771 4189 870 4240 τοῦ
913 4188 1012 4240 νοῦ
1045 4183 1390 4249 αἰσθάνεσθαι
1422 4185 1588 4238 ὁποῖά
1639 4183 1791 4254 εἰσιν,
1838 4184 1912 4246 ὡς

246 4279 341 4334 καὶ
396 4274 492 4331 διὰ
544 4283 646 4346 τῆς
691 4276 833 4351 ἁφῆς
874 4278 984 4330 τῶν
1031 4273 1324 4344 αἰσθητῶν·
1372 4271 1460 4328 ἐπὶ
1503 4269 1560 4328 δὲ
1606 4277 1740 4328 Θεοῦ
1790 4269 1916 4328 οὐδὲ

248 4371 465 4444 νοερῶς
499 4364 875 4441 ἆφαπτόμεθα.

325 4455 608 4525 Ἀκλήτου
691 4453 782 4510 καὶ
868 4452 1250 4529 ὕπερωνὺμου.
1337 4450 1652 4522 Ἀκλήτου,
1738 4453 1914 4530 φησὶ,

249 4545 379 4600 ἀντὶ
435 4547 558 4614 τοῦ,
614 4543 692 4616 μὴ
750 4541 1098 4615 καλουμένου
1152 4539 1259 4595 τινὶ
1305 4540 1683 4616 γνωρίσματι·
1745 4540 1918 4602 Αὐτὸς

2025 3384 2250 3450 bonum
2274 3392 2530 3459 videtur,
2559 3396 2660 3446 aut
2687 3390 2843 3462 quod
2876 3388 3206 3445 secundum
3253 3384 3518 3442 dolorem
3552 3400 3684 3440 ma-

2024 3486 2146 3540 lum
2181 3487 2477 3549 censetur,
2508 3480 2815 3547 consistit;
2849 3477 3015 3534 nulla
3043 3477 3246 3548 igitur,
3280 3477 3428 3532 sicut
3459 3473 3685 3529 dictum

2025 3580 2136 3641 est,
2168 3571 2513 3642 imaginatio
2539 3569 2735 3626 locum
2765 3569 2825 3624 in
2862 3574 2974 3624 Deo
3006 3567 3220 3634 habet;
3251 3567 3342 3620 est
3371 3561 3527 3620 enim
3561 3577 3688 3618 om-

2025 3664 2164 3720 nino
2194 3678 2374 3733 supra
2403 3659 2670 3716 omnium
2701 3657 3137 3730 cogitationem,
3167 3658 3226 3710 et
3250 3650 3676 3724 supereminet;

2021 3752 2218 3825 Opinio
2234 3756 2433 3808 autem
2450 3753 2540 3805 est
2564 3747 2698 3804 talis
2730 3763 2798 3804 ex
2828 3744 3116 3818 probabili
3135 3743 3460 3800 secundum
3482 3739 3678 3796 existi-

2023 3843 2342 3899 mationem
2373 3839 2726 3909 conjectura.

2091 3933 2274 4004 Neque
2306 3934 2500 3985 tactus.
2530 3930 2774 3983 Tactum
2807 3925 2982 3980 modo
3016 3923 3273 3995 appellat
3300 3918 3676 3975 intellectua-

2021 4021 2138 4078 lem
2168 4015 2748 4091 comprehensionem
2775 4031 2788 4070 :
2822 4030 2959 4069 nam
2979 4016 3174 4068 mente
3204 4007 3680 4081 intelligibilibus

2024 4115 2083 4166 et
2139 4105 2629 4164 immaterialibus
2683 4102 3114 4172 incumbentes,
3158 4099 3427 4155 videmur
3477 4095 3680 4166 aliquo

2025 4199 2199 4255 modo
2225 4197 2354 4269 ipsa
2382 4201 2622 4267 tangere
2668 4197 2726 4248 et
2773 4208 2875 4263 per
2906 4195 3164 4247 mentem
3215 4186 3434 4244 sentire
3484 4183 3684 4258 qualia

2025 4289 2166 4355 sint,
2199 4288 2354 4343 sicut
2383 4302 2486 4357 per
2514 4286 2850 4340 contactum
2882 4279 3217 4348 sensillum,
3248 4278 3310 4333 in
3361 4282 3474 4332 Deo
3523 4273 3583 4341 [i.
3633 4289 3679 4346 θ,

2026 4379 2236 4447 Deum]
2267 4379 2465 4431 autem
2498 4389 2572 4429 ne
2600 4373 2838 4445 quidem
2873 4377 3066 4426 mente
3096 4368 3522 4441 contingimus.

2099 4466 2232 4522 Sine
2259 4463 2482 4520 nomine
2512 4471 2563 4519 et
2591 4477 2762 4532 supra
2789 4461 3152 4516 nomen.Sine
3183 4460 3443 4528 nomine,
3467 4461 3684 4532 inquit,

2029 4573 2154 4628 pro,
2188 4555 2342 4610 Deus
2376 4551 2540 4608 nulla
2569 4550 2803 4605 notione
2833 4549 3192 4620 appellatur:
3230 4551 3347 4620 Ipse
3369 4549 3520 4606 enim
3539 4553 3692 4606 vocat

246 4635 354 4709 γὰρ
407 4631 570 4688 καλεῖ
614 4633 683 4686 τὰ
739 4633 814 4706 μὴ
862 4626 1014 4700 ὄντα,
1066 4631 1142 4693 ὡς
1190 4626 1339 4701 ὄντα,
1370 4629 1444 4693 ὡς
1483 4629 1573 4684 τὸν
1608 4631 1783 4704 Κῦρον
1816 4631 1916 4707 πρὸ

2037 4626 2098 4702 ea
2118 4659 2242 4718 quae
2261 4659 2373 4700 non
2399 4645 2549 4710 sunt,
2573 4651 2839 4710 tanquam
2867 4653 2932 4692 ea
2961 4654 3079 4708 quae
3109 4648 3238 4693 sunt
3268 4637 3372 4709 (Li),
3398 4639 3554 4695 sicut
3583 4637 3692 4710 Cy.

250 4722 543 4778 τοσούτων
574 4719 734 4792 ἐτῶν,
761 4719 965 4775 καὶτὸν
1001 4718 1231 4778 Ἰωσίαν.

330 4808 500 4870 Ἀλλ’
553 4808 710 4884 ὅπερ.
781 4813 1032 4880 Ζητεῖται
1092 4809 1121 4864 6
1180 4806 1311 4883 Περὶ
1367 4804 1695 4882 θεολογικῆς
1757 4807 1860 4864 ὑπο
1900 4840 1926 4852 -

252 4902 565 4964 τυπώσεως
596 4900 785 4978 λόγος.

330 4993 447 5060 Τήν
509 4991 758 5064 ὁμόθεον.
818 4988 1084 5063 Ὀμόθεον
1134 4993 1251 5052 πῶς
1301 4985 1448 5063 λέγει
1504 4989 1604 5058 τήν
1659 4987 1926 5064 παναγίαν

256 5085 341 5155 Τρ
352 5078 497 5138 ιάδα.

335 5169 805 5246 Ἀγγελοπρεπεῖς
861 5167 1111 5229 ὲνώσεις.
1170 5167 1356 5222 Εἰπὼν
1413 5164 1538 5240 περὶ
1586 5170 1683 5221 τοῦ
1738 5170 1879 5223 ,Θεοῦ
1914 5210 1929 5240 ,

2039 4749 2170 4789 rum
2201 4735 2365 4788 tanto
2396 4733 2532 4785 ante
2560 4733 2844 4797 tempore,
2868 4730 2926 4781 et
2955 4725 3200 4781 Josiam.

2039 4899 2058 4951 ἰ
2109 4821 2219 4902 Sed
2267 4823 2347 4876 ut.
2388 4818 2766 4876 Desideratur
2820 4815 2970 4870 liber
3026 4816 3099 4870 De
3157 4815 3458 4887 theologica
3514 4820 3690 4887 hypo-

2063 4909 2238 4951 unosi.

2061 4910 2302 5038 yg‘isnziul
2333 4982 2518 5037 Deum.
2553 4976 2856 5043 Quomodo
2903 4978 3068 5032 vocet
3099 4974 3539 5032 sanctissimam
3577 4975 3700 5032 Tri-

2037 5074 2275 5131 nitatem
2302 5071 2635 5127 una-Deum.

2114 5160 2536 5234 Conjunctiones
2600 5173 2725 5231 quae
2773 5155 2986 5226 angelis
3027 5155 3384 5214 conveniunt.
3437 5158 3580 5211 Cum
3631 5153 3703 5210 de

255 5259 347 5317 ὅτι
414 5244 739 5329 ἀνεννόητος
799 5259 936 5330 ἡμῖν
999 5254 1112 5312 ἐστι
1181 5257 1268 5312 καὶ
1342 5250 1660 5332 ἅφθεγκτος,
1722 5256 1781 5312 ἐκ
1834 5260 1916 5312 τοῐ

2041 5255 2157 5312 Deo
2202 5253 2466 5323 dixisset,
2500 5267 2634 5307 eum
2686 5247 2857 5303 nobis
2905 5263 3035 5303 esse
3081 5244 3600 5319 inconceptibilem
3652 5251 3710 5300 et

259 5349 564 5410 ἰλάττονος
626 5346 822 5402 λοιπὸν
881 5347 944 5402 τὸ
1001 5345 1126 5423 περὶ
1185 5349 1320 5404 Θεοῦ
1368 5343 1700 5417 συνίστησιν·
1734 5344 1784 5401 εἷ’
1831 5345 1916 5421 γὰε

2042 5342 2425 5412 ineffabilem,
2456 5358 2490 5398 a
2533 5338 2748 5395 minori
2806 5340 3011 5410 postea
3056 5335 3308 5393 deducto
3359 5335 3710 5408 argumento

351 5511 437 5586 (ά)
463 5511 634 5568 Rom.
667 5525 748 5583 iv,
782 5509 870 5566 17.

1297 5621 1542 5680 VARIIE
1581 5623 1975 5682 LEGTIONES
2014 5622 2104 5680 ET
2141 5619 2710 5682 GORREGTIONES.

328 5743 382 5781 ⁸³⁸
414 5738 495 5798 δέ.

611 5868 876 5929 Panos.
930 5866 1042 5927 Gn.
1089 5863 1192 5928 IV.
