4034 6436
88 106 98 186 ι

88 189 94 294 l

437 445 544 500 203
1253 448 1620 503 APPENDIX
1659 450 1759 500 AD
1797 446 2040 499 OPERA
2076 446 2134 497 Β.
2175 443 2489 499 DIONYSII
2529 447 3029 503 AREOPAGITE.
3724 455 3815 511 204

437 573 752 630 conﬁrmat
781 573 838 629 id
873 573 1027 645 quod
1060 575 1132 630 de
1161 573 1279 630 Deo
1310 574 1573 639 dixerat;
1625 573 1676 630 si
1721 571 1878 628 enim
1917 567 2079 625 nobis

2200 567 2268 621 τὰ
2318 569 2442 644 περὶ
2499 573 2606 656 τῷν
2667 567 2916 645 ἀγγέλων
2978 572 3113 645 ἡμῖν
3175 567 3417 648 ἄγνωστά
3461 572 3663 645 ἐστι,τί
3708 581 3812 656 περὶ

438 662 640 734 ignota
661 666 800 717 sunt
821 678 948 734 qua:
972 662 1198 735 angelis
1231 663 1489 735 propria,
1515 661 1653 734 quid
1673 661 1744 717 de
1771 662 1883 716 Deo
1909 658 2091 714 ratio-

438 751 754 806 cinandum
783 751 810 806 Ῥ
831 751 985 808 Dixit
1005 768 1143 826 ergo
1167 752 1462 823 angelicas
1492 751 1882 824 operationes,
1916 764 2091 820 quas-

438 840 573 894 dam
606 856 737 896 esse
767 840 1083 896 effusiones
1135 841 1342 897 divinas
1389 839 1704 908 bonitatis;
1755 855 1858 911 per
1904 829 2091 890 ἐπιϐο-

439 924 544 998 λήν
579 934 776 985 autem
807 929 1256 1002 intelligendum
1286 934 1396 1001 est,
1430 931 1747 986 motionem
1789 925 2091 982 indivisim

441 1018 691 1075 divisam
743 1019 802 1074 in
852 1035 1049 1076 rerum
1099 1019 1519 1091 producturum
1574 1019 1882 1087 unitatem,
1913 1016 1970 1070 id
2003 1019 2096 1072 est

439 1107 500 1163 in
533 1108 1004 1180 uniuscujusque
1032 1107 1496 1180 intelligibilium
1528 1102 2096 1180 productionem.Li-

440 1199 530 1253 cet
560 1213 731 1267 porro
763 1197 857 1252 hic
889 1197 1065 1253 etiam
1111 1197 1460 1270 intelligere,
1493 1198 1700 1253 modos
1757 1194 2091 1251 unitionum

439 1301 574 1341 cum
607 1285 745 1357 Deo,
778 1290 1066 1358 quantum
1123 1287 1394 1342 convenit
1444 1285 1684 1358 angelos
1742 1286 1856 1341 Deo
1913 1282 2090 1351 uniri,

435 1376 762 1431 secundum
797 1393 978 1447 quam
1010 1393 1146 1432 cum
1182 1378 1294 1432 Deo
1315 1373 2095 1446 unionem,autincumbunt

425 1464 598 1533 juxta
654 1465 954 1536 prOpriam
1015 1465 1363 1538 dignitatem
1423 1465 1631 1520 divinae
1689 1461 1956 1531 bonitati,
1990 1465 2092 1516 aut

433 1553 768 1625 suscipiunt
796 1554 867 1609 ab
900 1554 1028 1625 ipso
1061 1555 1339 1611 bonitatis
1371 1555 1500 1625 ejus
1532 1552 1943 1610 revelationem
1971 1569 1984 1620 ;
2009 1555 2091 1606 at-

433 1657 545 1713 que
568 1641 650 1698 ita
681 1643 1098 1714 comprehendi
1134 1647 1590 1715 nequeunt,non
1612 1642 1803 1699 solum
1837 1659 1871 1698 a
1896 1640 2086 1709 nobis,

430 1747 635 1786 verum
668 1747 858 1804 neque
889 1733 961 1788 ab
991 1732 1373 1789 inferioribus
1407 1733 1669 1805 angelis;
1715 1732 1816 1787 sed
1867 1749 1900 1786 a
1947 1728 2089 1786 solis

432 1819 728 1890 supremis
785 1821 1010 1891 angelis
1070 1827 1530 1894 cognoscuntur,
1591 1827 1874 1892 tanquam
1934 1818 2088 1873 103

433 1908 628 1980 dignis
660 1908 815 1964 dioto
847 1909 1187 1965 unitionum
1235 1911 1430 1966 modo.
1467 1911 1527 1964 In
1577 1908 1727 1965 libro
1777 1913 1971 1964 autem
2018 1907 2092 1964 De

431 1995 648 2052 calenti
696 1997 1013 2054 hierarchia
1070 1997 1367 2070 angelicos
1417 2014 1652 2070 quoque
1707 1998 1943 2053 ordines
1993 2012 2087 2051 re-

432 2090 652 2140 censet.

500 2174 656 2231 Hisce
711 2174 1029 2247 dei/armes.
1089 2182 1196 2232 Per
1255 2181 1480 2233 mentes
1538 2174 1885 2246 deisimiles,
1941 2191 2089 2247 quas

428 2265 755 2333 angelorum
809 2265 1130 2321 imitatione
1172 2265 1275 2336 ait,
1311 2271 1600 2337 quantum
1661 2264 1897 2335 assequi
1956 2280 2089 2335 pos-

428 2357 571 2407 sunt
598 2353 731 2408 duci
764 2353 823 2409 in
856 2355 1186 2410 unitionem
1220 2359 1560 2412 sanctarum
1601 2355 1910 2420 virtutum,
1943 2369 2090 2424 quas

427 2441 674 2498 virtutes
725 2445 899 2498 antea
943 2443 1168 2498 vocavit
1215 2444 1494 2516 angelos;
1529 2443 1892 2515 intelligendi
1952 2447 2091 2497 sunt

426 2529 685 2604 theologi
716 2532 924 2598 nostri,
944 2532 1263 2604 prophetae,
1283 2533 1550 2604 inquam,
1570 2537 1628 2588 et
1659 2531 1937 2603 apostoli;
1971 2547 2087 2586 non

433 2634 563 2675 esse
593 2635 730 2676 vero
761 2623 833 2676 de
864 2619 1092 2692 angelis
1145 2620 1582 2691 conjiciendum
1617 2620 1871 2676 maxime
1900 2635 1970 2674 ex
1999 2619 2087 2674 di-

434 2706 625 2763 ctione
681 2705 1152 2783 ἀγγελομιμήτως
1209 2714 1392 2776 patet.
1442 2709 1699 2781 Angelus
1752 2709 1910 2764 enim
1968 2704 2086 2764 non

432 2795 698 2851 imitatur
723 2797 1036 2869 angelum;
1071 2800 1170 2852 sed
1202 2797 1251 2853 is
1283 2798 1383 2869 qui
1423 2798 1666 2854 inferior
1715 2802 1826 2854 est.
1859 2797 2085 2854 Vocans

432 2890 630 2940 autem
707 2884 1009 2957 theologos
1065 2896 1294 2958 mentes,
1354 2886 1498 2942 dixit
1553 2903 1653 2942 eos
1706 2904 1810 2958 pro
1863 2887 2086 2942 viribus

430 2975 762 3047 pertingere
792 2977 862 3031 ad
897 2975 1136 3046 angelos
1184 2977 1516 3031 imitantem
1548 2992 1682 3031 cum
1715 2976 1832 3030 Deo
1865 2976 2084 3032 unitio-

431 3080 589 3130 nem,
612 3065 713 3135 qui
747 3081 849 3135 per
877 3066 1260 3121 cessationem
1294 3066 1488 3121 omnis
1521 3065 1834 3119 mundanae
1889 3065 2082 3120 efﬁca-

430 3153 534 3208 cim
554 3153 633 3207 dii
658 3154 943 3221 evadunt;
970 3154 1027 3208 in
1053 3153 1528 3226 intelligibilibus
1558 3153 1714 3208 enim
1750 3158 1944 3208 motus
1963 3170 2082 3208 om-

427 3242 521 3297 nis
577 3245 634 3297 et
691 3242 882 3298 efficia
941 3242 1153 3312 omnis,
1187 3248 1245 3297 et
1302 3242 1470 3312 quies
1523 3241 1716 3298 omnis
1767 3241 2082 3297 efﬁcaciter

425 3330 673 3402 exsistit,
707 3336 884 3403 atque
924 3332 995 3386 ad
1029 3305 1444 3403 peri‘ectionem
1495 3347 1678 3386 unum
1729 3331 2077 3387 efficientem
2111 3305 2152 3372 (ἶ

425 3436 604 3476 manu
638 3421 838 3490 ducit;
872 3437 974 3476 seu
1009 3422 1066 3474 in
1098 3420 1330 3476 aeternis
1362 3424 1418 3476 et
1447 3420 1806 3492 incorporeis
1835 3419 2004 3491 quies
2025 3423 2084 3475 et

427 3509 835 3580 tranquillitas
868 3514 1047 3580 atque
1078 3509 1351 3564 efﬁcacia:
1405 3509 1653 3565 cessatio
1706 3509 2080 3580 exsistentes,

429 3597 660 3668 operari
688 3598 1011 3653 secundum
1041 3601 1314 3652 naturam
1347 3597 1592 3664 faciunt,
1624 3599 1777 3668 quod
1821 3598 2084 3670 disponit

432 3686 506 3741 ad
555 3686 904 3742 vacuitatem
954 3703 988 3741 a
1035 3685 1249 3753 turbis,
1281 3689 1340 3740 et
1368 3686 1783 3757 perfectionem
1834 3685 1896 3741 in
1945 3686 2082 3742 uni-

426 3777 569 3833 tate.

504 3865 901 3921 Cessationem.
931 3861 1304 3934 Impossibile
1361 3860 1518 3917 enim
1545 3865 1635 3917 est
1665 3861 1820 3918 uniri
1852 3863 1989 3931 Deo,
2025 3868 2082 3919 et

425 3953 610 4009 Deum
643 3952 837 4024 aliquo
872 3951 1044 4006 modo
1076 3967 1224 4018 esse,
1250 3949 1364 4006 nisi
1396 3967 1430 4006 a
1451 3950 1856 4007 materialibus
1877 3967 2074 4022 opera-

423 4040 753 4097 rationibus
783 4044 1066 4109 cessetur,
1098 4043 1228 4095 tum
1257 4038 1319 4095 in
1349 4055 1550 4105 sensu,
1585 4047 1706 4095 tum
1735 4039 1794 4095 in
1827 4043 2039 4096 mente.

492 4223 694 4278 Rerum
722 4221 1021 4277 ablatione.
1052 4219 1420 4276 Ablationem
1453 4218 1719 4274 omnium
1753 4235 1949 4274 rerum
1979 4235 2075 4276 vo-

418 4317 533 4380 cat,
568 4327 700 4367 cum
746 4327 942 4366 rerum
992 4309 1156 4365 nulla
1202 4309 1460 4366 divinam
1512 4312 1782 4363 naturam
1833 4325 2070 4380 compa-

417 4417 587 4468 rare;
622 4401 722 4455 sed
782 4399 943 4470 dicit,
979 4416 1167 4471 neque
1210 4414 1340 4454 esse
1387 4414 1622 4470 corpus,
1664 4413 1854 4468 neque
1901 4398 2067 4454 habi-

413 4495 565 4560 tum,
601 4506 706 4545 nec
735 4489 1036 4556 virtutem,
1069 4493 1126 4545 et
1156 4489 1385 4561 reliqua
1417 4487 1635 4558 omnia,
1668 4487 1823 4543 sicut
1871 4488 1930 4542 in
1971 4504 2064 4545 se-

412 4580 731 4652 quentibus
763 4579 1135 4652 signiﬁcavit.

2201 656 2297 710 τοῦ
2355 661 2488 712 Θεοῦ
2547 655 2823 733 λογιστέον
2855 679 2868 730 ;
2903 661 3067 737 φησὶν
3129 658 3255 730 οῦν,
3313 663 3394 716 ὅτι
3449 664 3502 718 αἱ
3557 655 3814 741 ἀγγελικαὶ

2202 741 2583 822 δημιουργίαι,
2627 747 2714 802 οἶά
2753 746 2894 812 τινές
2936 747 3066 804 εἰσιν
3121 744 3374 805 ἐπιϐολαὶ
3419 759 3518 822 τῆς
3568 759 3658 809 τοῦ
3701 763 3814 812 Θεοῦ

2202 833 2556 907 ἂγαθότητοςο
2611 831 2877 907 ἐπιϐολὴν
2929 834 2987 892 δὲ
3016 837 3262 908 νοητέον,
3293 839 3390 908 τήν
3439 840 3514 903 εἷς
3552 842 3613 896 τὸ
3640 846 3745 898 καθ’
3768 845 3815 900 ’ὲν

2199 926 2308 976 τῶν
2357 923 2756 998 παραγομένων
2827 927 3195 1003 μεριζομένην
3251 926 3468 1004 ἀμερῶς
3515 930 3710 1002 κίνησιν
3761 937 3815 1007 ⁸³⁷,

2199 1011 2472 1068 τουτέστιν
2522 1013 2599 1075 εἷς
2645 1016 2745 1084 τήν
2790 1015 3016 1071 ἑκάστου
3065 1021 3172 1071 τῶν
3231 1021 3439 1088 νοητῶν
3487 1025 3813 1096 παραγωγήν.

2204 1102 2429 1156 Δυνατὸν
2465 1099 2522 1157 δὲ
2550 1103 2640 1157 καὶ
2693 1104 2834 1159 οὕτω
2872 1112 3089 1175 νοῆσαι,
3121 1104 3204 1161 ὅτι
3256 1107 3308 1160 οἱ
3353 1106 3544 1182 τρόποι
3571 1114 3672 1164 τῶν
3701 1113 3816 1184 πρὸς

2203 1191 2330 1245 Θεὸν
2392 1191 2656 1262 ἓνώσεων,
2715 1192 2944 1256 καθόσον
3023 1194 3214 1268 πρέπει
3273 1194 3538 1270 ἀγγέλους
3594 1195 3816 1262 ἐνοῦσθαι

2203 1283 2340 1350 Θεῷ,
2372 1281 2493 1343 καθ’
2539 1281 2599 1349 ἣν
2655 1281 2790 1356 πρὸς
2835 1283 2963 1337 Θεὸν
3013 1279 3227 1352 ἶνωσιν,
3261 1283 3297 1353 ἢ
3331 1279 3676 1341 ἐπιϐάλλουσι
3704 1289 3819 1343 κατὰ

2199 1368 2298 1434 τὴν
2357 1367 2555 1422 οἷ’κείαν
2614 1367 2762 1439 ἀξίαν
2817 1374 2883 1444 τῇ
2944 1371 3238 1446 ἀγαθότητι
3295 1376 3392 1427 τοῦ
3448 1378 3598 1431 Θεοῦ.
3656 1376 3816 1445 ἧπα-

2202 1452 2527 1530 ραδέχονται
2584 1460 2708 1532 παρ’
2765 1459 2929 1514 αὐτοῦ
2985 1465 3085 1528 τῆς
3142 1460 3480 1535 ἀγαθότητος
3527 1461 3684 1518 αὐτοῦ
3732 1465 3816 1533 τήν

2198 1543 2564 1619 ἀποκάλυψιν·
2619 1546 2709 1601 καὶ
2765 1547 2938 1610 οὕτως
2996 1547 3372 1620 ἀκατάληπτοί
3436 1549 3566 1606 οἷσιν
3621 1550 3678 1607 οὐ
3733 1553 3817 1625 μό-

2197 1653 2288 1686 νον
2338 1636 2498 1706 ἡμῖν,
2550 1633 2694 1691 ἀλλὰ
2735 1634 2826 1690 καὶ
2878 1641 2996 1700 τοῖς
3045 1636 3377 1714 κατωτέροις
3426 1639 3689 1715 ἀγγέλοις·
3733 1641 3818 1712 μό-

2197 1743 2312 1784 νοις
2371 1721 2429 1777 δέ
2475 1729 2593 1785 τοῖς
2663 1725 2920 1780 ἀνωτάτω
2979 1725 3239 1802 ἀγγέλοις
3297 1728 3692 1803 γινώσκονται,
3742 1730 3819 1802 ἅτε

2197 1811 2528 1884 ἠξιωμένοις
2569 1813 2659 1866 τὸν
2711 1812 3002 1889 εἰρημένον
3051 1815 3254 1889 τρόπον
3302 1821 3412 1872 τῶν
3463 1817 3717 1874 ένώσεων.
3745 1819 3818 1875 Ἐν

2201 1897 2259 1954 δὲ
2287 1905 2365 1972 τῷ
2400 1900 2526 1976 Περὶ
2556 1907 2656 1970 τῆς
2690 1901 2939 1977 οὐρανίας
2971 1904 3257 1982 ἱεραρχίας
3288 1904 3440 1980 λόγῳ
3470 1906 3601 1981 φησὶ
3629 1907 3712 1962 καὶ
3738 1908 3816 1968 τὰς

2197 1989 2372 2060 τάξεις
2401 1991 2495 2052 τὰς
2528 1989 2822 2066 ἀγγελικάς
2835 2035 2848 2051 .

2271 2167 2505 2230 Ταύταις
2567 2169 2619 2222 οἱ
2675 2166 2956 2231 θεοειδεῖς.
3015 2171 3158 2233 Τοὺς
3219 2170 3476 2235 θεοειδεῖς
3530 2173 3690 2242 νόας,
3741 2173 3817 2236 οὓς

2200 2253 2667 2331 ἀγγελομιμήτως
2737 2257 2870 2334 φησὶ
2907 2302 2920 2327 ,
2979 2259 3098 2323 καθ’
3175 2259 3299 2314 ὅσον
3376 2259 3704 2338 ἐφικνοῦνται
3753 2261 3817 2324 εἲς

2196 2342 2386 2400 ἕνωσιν
2445 2342 2662 2418 ἄγασθαι
2717 2349 2824 2401 τῶν
2881 2346 3046 2421 ἁγίων
3108 2344 3415 2421 δυνάμεων,
3472 2349 3533 2412 ἃς
3590 2348 3814 2424 δυνάμεις

2195 2433 2459 2508 ἀγγέλους
2505 2439 2754 2509 προεῖπε⁶
2805 2435 2932 2500 τοὺς
2987 2437 3106 2491 καθ’
3159 2440 3307 2511 ἡμᾶς
3372 2437 3656 2515 θεολόγους
3706 2461 3815 2510 νοη·

2193 2525 2315 2579 τέον
2364 2525 2430 2592 ⁷⁸,
2478 2526 2764 2601 προφήτας
2817 2523 2873 2579 τέ
2921 2547 3065 2603 φημι
3113 2527 3203 2581 καὶ
3247 2527 3605 2593 ἀποστόλουςο
3651 2527 3816 2603 οὐγὰρ

2195 2612 2262 2683 δὴ
2300 2614 2644 2686 ὑποληπτέον
2696 2613 2990 2691 ἀγγέλους,
3041 2616 3281 2691 μάλιστα
3331 2618 3391 2675 in
3417 2622 3514 2675 τοῦ
3551 2618 3816 2694 ἀγγελομι-

2198 2705 2409 2776 μῆτως,
2463 2704 2654 2758 εἰπεῖν·
2717 2700 2954 2779 ἅγγελος
3004 2707 3108 2781 γὰρ
3162 2704 3401 2782 ἄγγελον
3457 2707 3522 2763 οὐ
3582 2711 3815 2782 μιμεῖται,

2196 2791 2320 2847 ἀλλ’
2351 2794 2379 2846 ὁ
2410 2791 2672 2847 ἐλάττωνο
2706 2793 2834 2855 νόας
2883 2791 2939 2848 δὲ
2978 2795 3163 2850 καλῶν
3209 2794 3345 2859 τοὺς
3394 2795 3693 2874 θεολόγους,
3735 2798 3816 2865 τῆς

2193 2879 2652 2956 ἀγγελομιμήτου
2703 2883 2944 2944 ὲνώσεως
2989 2885 3127 2960 πρὸς
3173 2885 3304 2941 Θεὸν
3363 2885 3560 2950 αὐτοὺς
3601 2885 3692 2963 ἔφη
3721 2883 3815 2962 ἐφι-

2192 2975 2449 3040 κνεῖσθαι⁹
2500 2971 2575 3034 ὡς
2624 2967 2866 3041 δυνατὸν,
2917 2972 3053 3027 κατά
3102 2973 3416 3030 ἀπόπαυσιν
3469 2977 3641 3044 πάσης
3695 2974 3812 3047 ἐνερ-

2191 3058 2339 3132 γείας
2390 3062 2658 3132 κοσμικῆς
2707 3059 3112 3134 έκθεουμένους·
3171 3062 3258 3117 ἐπὶ
3320 3064 3424 3140 γὰρ
3481 3070 3586 3119 τῶν
3640 3066 3811 3136 νοερῶν

2189 3153 2292 3202 πᾶν
2345 3148 2553 3220 κίνημα
2608 3148 2698 3202 καὶ
2754 3153 2898 3204 πᾶσα
2954 3150 3234 3227 ἐνέργεια,
3292 3154 3382 3208 καὶ
3438 3158 3581 3209 πᾶσα
3636 3149 3811 3224 ἠρεμία

2191 3236 2424 3312 ἰνεργῶς
2481 3237 2614 3304 ἐστι,
2671 3238 2760 3291 καὶ
2817 3240 2955 3312 πρὸς
3003 3238 3327 3311 τελειότητα
3371 3242 3614 3298 ἑνοποιὸν
3644 3259 3808 3317 χειρα-

2189 3330 2486 3402 γωγοῦσα,-
2520 3324 2628 3403 ε’ίγε
2678 3326 2732 3383 ἦν
2791 3333 2907 3390 τοῖς
2967 3328 3212 3392 αἰωνίοις
3270 3333 3364 3386 καὶ
3421 3332 3720 3406 ἀσωμάτοις
3764 3329 3808 3383 αῖ

2190 3414 2342 3470 οῦσαι
2395 3414 2620 3490 ἠρεμίαι
2665 3417 2754 3471 καὶ
2812 3416 3061 3492 ἡσυχίαι,
3120 3418 3209 3473 καὶ
3278 3424 3388 3475 τῶν
3449 3420 3718 3496 ἐνεργειῶν
3765 3418 3809 3472 αἱ

2189 3505 2546 3575 ἀποπαύσεις,
2592 3505 2654 3560 τὸ
2701 3507 2837 3560 κατά
2884 3506 3042 3584 φύσιν
3091 3508 3347 3583 πράττειν
3398 3514 3661 3578 ποιοῦσιν,
3698 3506 3808 3580 ὅπερ

2189 3593 2298 3648 έστί
2329 3601 2427 3663 τῆς
2458 3591 2763 3670 ἀοχλησίας
2792 3597 2837 3633 ⁷⁸
2865 3594 2954 3650 καὶ
3000 3594 3352 3668 τελειότητος
3401 3598 3481 3662 εἰς
3518 3596 3670 3654 ὶνάδα
3695 3595 3810 3670 πρό-

2189 3686 2356 3757 ξενον.

2261 3863 2634 3922 Ἀπόπαυσιν.
2696 3863 2984 3922 Ἀδύνατον
3038 3865 3142 3941 γὰρ
3202 3867 3472 3939 ὲνωθῆναι
3533 3872 3687 3940 Θεῷ,
3733 3863 3808 3919 καὶ

2187 3953 2316 4009 Θεὸν
2345 3953 2546 4028 τρόπον
2593 3954 2713 4010 τινὰ
2757 3954 3023 4031 γενέσθαι,
3075 3956 3118 4011 εἰ
3172 3958 3247 4030 μὴ
3306 3957 3565 4013 παύσεταί
3615 3976 3692 4017 τις
3715 3958 3805 4009 τῶν

2187 4041 2387 4098 ὑλικῶν
2448 4042 2728 4120 ὶνεργειῶν
2784 4043 2920 4098 κατά
2965 4065 3025 4100 τε
3080 4044 3333 4116 αἴσθησιν
3386 4047 3478 4102 καὶ
3533 4046 3664 4101 κατὰ
3706 4041 3805 4097 διά-

2181 4152 2351 4186 νοιαν.

2251 4224 2367 4275 Τῶν
2455 4216 2624 4275 ὄντων
2730 4220 3063 4299 ἀφαιρέσεως
3097 4265 3110 4278 .
3194 4225 3512 4301 Ἀφαίρεσιν
3617 4220 3804 4276 πάντων

2175 4313 2283 4363 τῶν
2339 4305 2508 4364 ὄντων
2566 4307 2728 4364 καλεῖ
2779 4311 2842 4364 τὸ
2891 4311 3027 4386 πρὸς
3080 4307 3250 4384 μηδὲν
3297 4317 3405 4367 τῶν
3436 4308 3624 4368 ’ὄντων
3654 4327 3805 4384 παρα-

2177 4393 2400 4454 ϐάλλειν
2458 4398 2519 4452 τὸ
2571 4400 2737 4467 Θιῖον,
2797 4397 2942 4454 ἀλλά
2995 4396 3167 4474 λέγει,
3217 4401 3301 4455 ὅτι
3362 4401 3424 4457 οὐ
3484 4405 3660 4475 σῶμα,
3711 4397 3806 4469 οὐχ

2172 4484 2299 4557 ἕξις,
2333 4486 2394 4541 οὐ
2426 4483 2676 4561 δύναμις,
2707 4487 2794 4542 καὶ
2826 4488 2894 4542 τὰ
2923 4486 3095 4543 λοιπά
3141 4489 3339 4562 πάντα,
3371 4491 3554 4553 καθὼς
3604 4487 3688 4544 διὰ
3711 4487 3802 4540 τῶν

2171 4577 2294 4647 ἑξῆς
2325 4575 2417 4646 έσή
2430 4597 2614 4650 μανεν.

485 4673 604 4742 Ipse
631 4686 762 4726 vero
792 4669 960 4725 nihil.
997 4674 1178 4724 Deum
1223 4666 1371 4723 nihil
1420 4682 1566 4734 esse,
1602 4665 1684 4721 ita
1725 4664 2061 4737 intelligen-

2241 4664 2384 4721 Αὐτὸ
2442 4661 2499 4720 δὲ
2549 4661 2726 4722 οὐδέν.
2781 4664 2856 4722 Τὸ
2914 4663 3068 4721 οὐδὲν
3137 4665 3272 4722 εἶναι
3329 4667 3425 4723 τὸν
3489 4667 3617 4724 Θεὸν
3674 4661 3802 4718 οὕτω

410 4759 550 4815 dum
582 4764 693 4825 est,
726 4766 791 4814 ut
838 4758 985 4813 nihil
1035 4758 1112 4813 sit
1158 4774 1362 4812 eorum
1403 4773 1540 4827 quae
1591 4761 1767 4824 sunt;
1820 4761 2060 4828 superat

405 4850 561 4904 enim
621 4847 822 4902 omnia
878 4863 1006 4917 quae
1069 4850 1227 4914 sunt,
1263 4861 1396 4900 cum
1431 4845 1507 4899 sit
1539 4844 1805 4900 omnium
1863 4861 2059 4901 rerum

403 4953 612 5005 causa;
647 4936 777 4991 ideo
809 4940 960 4989 Deus
993 4938 1049 4989 et
1079 4934 1300 5004 ubique
1332 4937 1388 4987 et
1420 4931 1630 4987 nullibi
1692 4949 1816 4988 esse
1864 4933 1936 4987 ab
1987 4933 2060 4988 iis

403 5026 505 5096 qui
532 5027 602 5080 de
632 5027 743 5080 Deo
803 5028 987 5096 agunt
1045 5022 1292 5090 dicitur;
1337 5021 1612 5091 quoniam
1670 5021 1853 5093 igitur
1910 5039 2048 5078 nus-

400 5131 599 5184 quam,
633 5114 832 5170 omnia
864 5113 1102 5184 quidem
1138 5128 1240 5182 per
1271 5111 1465 5182 ipsum
1501 5116 1557 5166 et
1587 5111 1645 5164 in
1680 5111 1827 5182 ipso,
1860 5116 1923 5166 ut
1955 5112 2054 5184 qui

400 5219 515 5258 non
549 5205 628 5257 sit
657 5203 984 5274 quidquam
1006 5200 1797 5272 universorum.Rursusque
1818 5201 1877 5255 in
1903 5201 2053 5272 ipso,

397 5297 462 5348 ut
493 5292 593 5365 qui
627 5291 848 5362 ubique
880 5291 988 5359 sit;
1031 5294 1236 5345 caetera
1265 5306 1398 5346 vero
1436 5290 1634 5346 omnia
1681 5306 1784 5362 per
1829 5289 2051 5362 ipsum,

393 5380 535 5453 quia
563 5379 688 5451 ipse
720 5395 1037 5450 nusquam,
1072 5381 1128 5435 et
1159 5377 1430 5435 universa
1485 5379 1722 5451 quidem
1770 5378 2049 5451 complet,

2169 4752 2408 4822 νοητέον,
2451 4755 2524 4814 ὡς
2580 4758 2686 4808 τῶν
2747 4749 2916 4809 ὄντων
2980 4752 3148 4828 μηδὲν
3204 4752 3355 4811 ὄνταο
3417 4758 3550 4833 ὑπὶρ
3604 4754 3698 4828 γὰρ
3746 4748 3803 4804 τὰ

2171 4838 2297 4897 ὄντα
2328 4844 2355 4897 ὁ
2388 4840 2562 4904 αἷίτιος
2607 4847 2713 4897 τῶν
2757 4840 2944 4898 ὄντων’
2977 4844 3098 4909 ὅθεν
3145 4846 3174 4900 ὁ
3219 4846 3352 4910 Θεὸς
3399 4846 3492 4902 καὶ
3541 4841 3801 4916 πανταχοῦ

2167 4933 2254 4986 καὶ
2319 4928 2562 5004 οὐδαμοῦ
2618 4930 2972 5006 θεολογεῖται·
3035 4931 3151 4988 ἐπεὶ
3207 4938 3336 5009 γοῦν
3391 4932 3635 5008 οὐδαμοῦ
3679 4930 3798 4998 ἐστι,

2164 5023 2338 5076 πάντα
2390 5020 2484 5093 μὲν
2529 5018 2597 5075 δι’
2648 5020 2816 5076 αὐτοῦ
2861 5024 2940 5091 ⁸ο,
2990 5022 3080 5077 καὶ
3131 5022 3182 5078 ἐν
3226 5023 3395 5096 αὐτῷ,
3443 5025 3520 5088 ὡς
3576 5023 3649 5096 μή
3698 5015 3799 5074 ὄντι

2169 5108 2337 5183 μηδὲν
2393 5115 2500 5165 τῶν
2561 5111 2797 5165 πάντων·
2831 5110 2922 5165 καὶ
2971 5111 3022 5165 ὲν
3074 5111 3222 5184 αὐτῴ
3268 5112 3464 5186 πάλιν,
3497 5113 3573 5175 ὡς
3619 5126 3797 5166 παντα-

2166 5203 2270 5275 χοῦ
2301 5195 2434 5266 ὅντι,
2466 5196 2621 5274 έτερα
2664 5197 2721 5253 δὲ
2769 5196 2839 5254 δι’
2867 5198 3030 5255 αὐτοῦ
3071 5201 3138 5256 τὰ
3183 5222 3382 5274 παντα,
3417 5201 3501 5257 ὅτι
3535 5200 3686 5260 αὐτὸς
3715 5195 3797 5252 οὐ·

2163 5286 2359 5362 δαμοῦ’
2394 5291 2486 5344 καὶ
2533 5287 2746 5364 πληροῖ
2801 5289 2895 5363 μὲν
2935 5290 3004 5344 τὰ
3049 5293 3244 5362 πάντα,
3277 5292 3353 5354 ὡς
3401 5293 3682 5365 πανταχοῦ
3710 5282 3796 5351 ὣν,

2159 5379 2296 5434 κατά
2322 5378 2413 5433 τὸν
2445 5379 2759 5455 προφήτην*
2805 5375 3052 5452 οὐδαμοῦ
3103 5376 3160 5435 δέ
3203 5379 3314 5436 ἐστι
3359 5381 3479 5436 καθ’
3508 5377 3684 5457 ἕτερον
3716 5371 3796 5429 λέ-

1400 5602 1640 5660 VARIE
1675 5603 2065 5662 LEGTIONES
2103 5606 2195 5662 ET
2233 5604 2795 5666 CORRECTIONES.

454 5775 498 5811 ⁷⁷
521 5773 742 5847 Scribe,
774 5790 842 5831 ex
866 5773 1240 5847 Pachymere,
1275 5767 1522 5845 θέλησιν,
1553 5774 1907 5831 voluntatem.
1985 5775 2029 5810 ⁷⁸
2057 5796 2079 5848 γ

2193 5773 2550 5848 5ποληπτέον.
2627 5779 2672 5814 ⁷⁸
2693 5795 2785 5853 γρ.
2811 5774 3232 5856 ἀνινοχλησίας.
3309 5779 3356 5816 ⁸ο
3384 5798 3478 5855 γρ.
3518 5773 3690 5834 αὐτόν.
