4034 6388
246 422 367 476 205

1021 428 1080 480 S.
1122 428 1391 482 ΜΔΧῙΜΙ
1435 427 1743 483 SCHOLIA
1781 432 1855 482 IN
1895 431 2025 483 LIB.
2069 431 2160 482 DE
2201 432 2478 485 DlVlNIS
2515 432 2937 487 NOMINIBUS.

3583 433 3689 486 206

247 565 425 620 γοντα
459 565 471 578 ·
534 548 606 604 Ἦ
679 552 840 610 ποῖος
915 549 1085 611 τόπος
1158 555 1257 618 τῆς
1326 548 1714 612 καταπαύσεώς
1777 569 1917 622 μου;

2038 556 2103 607 ut
2133 551 2234 624 qui
2268 553 2484 625 ubique
2515 554 2612 621 sit,
2645 554 2970 610 secundum
3004 555 3368 628 prophetam;
3391 573 3688 630 nusquam

250 633 302 689 εἰ
363 633 472 709 γὰρ
539 634 706 709 μόνον
766 636 834 705 ἧν
894 641 1201 713 πανταχοῦ,
1235 635 1396 702 αὐτὸς
1423 637 1482 693 ἂν
1511 640 1578 708 ἦν
1631 639 1698 693 τὰ
1753 638 1928 693 πάντα

251 722 347 778 καὶ
381 722 435 779 ἰν
467 729 602 786 πᾶσι
633 729 878 789 τοπικῶς
912 745 925 758 °
959 725 1132 791 οὕτως
1183 725 1274 782 οὖν
1323 727 1412 782 καὶ
1459 725 1635 800 οὐδὲν,
1669 729 1742 783 ὡς
1794 729 1925 802 ὑπὲρ

250 812 325 868 τὰ
354 809 509 872 ὄντα.

330 1077 495 1138 Ἀλλ’
545 1081 620 1144 ὡς
677 1077 856 1153 πάσης
928 1078 1108 1156 ἕξεως.
1167 1082 1316 1153 Ἕξις
1366 1082 1459 1156 μὲν
1520 1083 1632 1139 ἐστι
1689 1081 1923 1148 διάθεσις

250 1166 507 1244 ἕμμονος
541 1190 554 1204 ·
585 1170 798 1242 κίνησις
847 1169 905 1226 δέ
951 1170 1063 1227 ἐστι
1107 1171 1168 1227 τὸ
1227 1169 1805 1247 ἀντιδιαστελλόμενον
1854 1178 1922 1248 τῇ

249 1261 486 1335 ἠρεμίᾳ,
526 1261 662 1335 μετὰ
717 1259 945 1316 πολλῶν
999 1262 1280 1335 τιθέμενον
1312 1282 1324 1293 °
1385 1263 1498 1332 ζωὴ
1556 1260 1614 1318 δὲ
1657 1262 1717 1318 τὸ
1759 1268 1924 1319 ταῦτα

250 1347 508 1405 δεικνύον
570 1349 763 1425 ἐνεργά
794 1369 808 1381 ·
842 1349 1106 1420 φαντασία
1155 1347 1213 1405 δὲ
1261 1351 1324 1406 τὸ
1374 1349 1426 1406 ἐν
1481 1348 1697 1425 διανοίᾳ
1725 1355 1921 1408 ἀνατυ-

248 1438 502 1494 πωτικόν
541 1459 554 1471 ·
589 1437 717 1510 δόξα
765 1437 822 1494 Si
859 1438 1410 1517 πεπληροφορημένη
1445 1438 1724 1515 ὑπόληψις
1759 1461 1772 1475 ο
1807 1439 1922 1497 δια-

251 1528 411 1606 φὲρει
463 1517 522 1584 δέ
568 1528 760 1599 νόησις
809 1526 1073 1599 διανοίας,
1123 1529 1206 1584 ὅτι
1246 1530 1308 1584 τὸ
1362 1529 1454 1603 μὶν
1503 1526 1645 1586 ἔστιν
1696 1529 1784 1586 ἐπὶ
1825 1535 1922 1586 τοῦ

250 1615 617 1687 διανοητικοῦ
663 1624 764 1688 τῆς
809 1620 1016 1693 ψυχῆς,
1049 1618 1112 1672 τὸ
1164 1615 1222 1672 δὶ
1273 1619 1373 1688 τὴν
1427 1623 1524 1674 τοῦ
1571 1617 1921 1690 διανοητικοῦ

247 1708 472 1778 κίνησιν
499 1705 687 1778 δηλοῖ.
718 1711 895 1762 Ταῦτα
924 1704 982 1762 δὲ
1005 1706 1178 1762 πάντα
1205 1705 1296 1762 καὶ
1342 1708 1411 1763 τὰ
1459 1705 1606 1763 ἄλλα
1652 1707 1750 1764 ὅσα
1796 1710 1919 1765 τού-

246 1817 382 1858 τοις
411 1793 862 1872 συγκατείλεκται
894 1795 993 1852 οὐκ
1046 1795 1202 1852 οὐσία
1255 1795 1419 1866 ἐστὶν,
1452 1796 1602 1853 ἀλλὰ
1645 1799 1767 1872 περὶ
1829 1799 1920 1854 οὐ·

253 1886 381 1940 σίαν
447 1887 636 1959 ὁρᾶται
679 1903 691 1919 ⁸

245 1998 392 2034 των.

326 2162 443 2227 Τῆς
495 2155 754 2232 θεαρχίας
805 2156 1090 2228 πρόνοιαν.
1152 2155 1245 2211 Ἐκ
1291 2154 1498 2210 τούτων
1574 2157 1630 2210 αἱ
1695 2157 1918 2228 ἀνόητοι

247 2247 408 2318 δόξαι
442 2245 729 2303 ἐκλύονται
755 2250 862 2300 τῶν
894 2243 1293 2318 τολμησάντων
1325 2242 1504 2320 λέγειν
1535 2246 1598 2300 τὸ
1645 2243 1920 2324 δημιουρ-

243 2337 416 2412 γικὸν
478 2335 632 2413 φύσει
683 2333 790 2389 τινὶ
823 2334 1016 2388 ἐνεῖναι
1046 2337 1127 2406 τῷ
1173 2337 1308 2405 Θεῷ,
1343 2333 1418 2397 ὡς
1474 2336 1564 2389 καὶ
1610 2342 1726 2398 τοῖς
1786 2337 1916 2412 ἆρα-

245 2427 443 2502 χνίοις
469 2427 532 2480 τὸ
565 2423 803 2502 ὑφαίνειν
840 2442 853 2455 ο
889 2422 1023 2498 φησί
1076 2421 1179 2498 γὰρ
1240 2419 1329 2477 διὰ
1379 2419 1554 2497 μόνην
1612 2425 1919 2502 ἀγαθότητα

243 2517 314 2572 τὸ
348 2522 459 2570 πᾶν
490 2520 826 2590 παραγαγεῖν
851 2513 946 2568 τὸν
977 2513 1104 2569 Θεόν
1141 2532 1154 2545 °
1190 2510 1275 2568 διὸ
1315 2513 1404 2568 καὶ
1452 2515 1645 2578 πάντες
1693 2516 1745 2570 οἱ
1797 2528 1916 2580 θεο-

249 2605 420 2680 λόγοι
454 2604 514 2660 ἐκ
547 2605 640 2677 μὲν
669 2608 779 2660 τῶν
818 2602 982 2658 αὑτοῦ
1028 2607 1126 2657 τοῦ
1183 2607 1339 2672 Θεοῦ,
1368 2603 1644 2659 τουτέστιν
1705 2604 1764 2660 ἐκ
1811 2613 1914 2676 τῆς

251 2696 452 2756 οὐσίας
481 2694 646 2749 αὐτοῦ
679 2693 741 2748 οὐ
769 2690 1053 2766 τολμῶσιν
1090 2693 1276 2766 ὑμνεῖν
1311 2691 1470 2748 αὐτόν
1507 2712 1518 2724 ·
1548 2693 1917 2769 ἀνεπίγνωστα

250 2786 364 2862 γάρ
399 2807 412 2820 ·
477 2783 694 2841 ἀλλ’ἐκ
748 2789 851 2852 τῆς
909 2782 988 2845 εἰς
1037 2782 1104 2837 τὰ
1160 2779 1261 2852 ἔξω
1316 2781 1579 2858 προόδου,
1628 2783 1751 2853 ἥτις
1802 2785 1912 2842 ἐστὶ

250 2877 518 2950 πρόνοια,
576 2873 644 2928 τὰ
697 2872 933 2941 αἶ’τιατὰ,
989 2871 1235 2927 τουτέστι
1283 2871 1350 2927 τὰ
1405 2871 1456 2942 ἐξ
1516 2872 1692 2928 αἶ’τίου
1749 2874 1914 2930 αὐτοῦ

251 2966 551 3034 συστάντα,
607 2963 706 3032 τήν
785 2961 909 3036 περὶ
966 2960 1032 3015 τὰ
1088 2963 1262 3016 πάντα
1316 2961 1572 3036 πρόνοιαν
1630 2968 1726 3019 τοῦ
1783 2970 1915 3020 Θεοῦ

252 3055 680 3128 ὑμνολογοῦσι·
734 3052 802 3106 τὰ
856 3051 958 3128 γὰρ
1033 3051 1208 3106 πάντα
1283 3058 1383 3121 τῆς
1457 3053 1607 3116 θοίας
1657 3055 1914 3128 προνοίας

248 3143 486 3222 ἐφίεται,
519 3140 592 3198 δι’
619 3144 685 3211 ἧς
721 3139 812 3196 καὶ
865 3141 1104 3215 ὑπάρχει
1153 3141 1242 3195 καὶ
1301 3141 1630 3210 συνίσταται,
1662 3141 1810 3198 ἀλλὰ
1850 3144 1917 3199 τὰ

251 3235 353 3306 μὶν
385 3233 554 3308 νοερὰ
580 3231 670 3286 καὶ
710 3228 913 3306 λογικὰ
959 3233 1272 3305 γνωστικῶς
1305 3247 1320 3263 ·
1351 3234 1517 3306 νοερὰ
1573 3229 1630 3287 δὲ
1671 3230 1908 3308 λέγεται,

247 3322 351 3377 ὅσα
383 3318 568 3375 διὰτὸ
625 3323 749 3382 νοῦς
811 3317 964 3390 εἶναι,
997 3323 1112 3373 νοεῖ
1159 3318 1227 3373 τὰ
1284 3319 1643 3395 ὑπερκείμενα
1691 3323 1864 3392 νοητά
1896 3341 1908 3353 ·

245 3411 452 3481 νοητὸν
483 3409 586 3485 γάρ
617 3407 729 3463 ἐστι
777 3408 840 3462 τὸ
890 3406 1210 3480 νοούμενον,
1239 3407 1371 3484 ὅπερ
1421 3409 1510 3464 καί
1568 3413 1741 3488 τροφή
1801 3409 1912 3466 ἐστι

247 3505 352 3556 τοῦ
381 3502 577 3574 νοεροῦ
609 3498 726 3552 ἀντὶ
757 3495 952 3552 τούτου
1008 3501 1285 3559 νοοῦντος.
1318 3499 1459 3554 ’Ὁσα
1516 3497 1606 3552 οῦν
1666 3499 1801 3554 κατὰ
1849 3501 1914 3555 τὸ

251 3588 418 3664 νοερὰ
476 3587 611 3642 εἶναι
671 3588 763 3641 ἅτε
812 3589 937 3648 νοῦς
989 3591 1124 3654 νοεῖ,
1155 3589 1324 3641 ταῦτα
1367 3584 1568 3662 λογικὰ
1596 3583 1744 3656 ὄντα,
1777 3610 1917 3664 γνω-

260 3681 460 3740 στικῶς
491 3671 869 3731 ἐπιϐάλλοντα
894 3678 963 3749 τῇ
1002 3679 1098 3730 τοῦ
1155 3679 1290 3730 Θεοῦ
1346 3676 1596 3751 προνοίᾳ,
1627 3677 1914 3754 ἀναλόγως

267 3767 465 3843 ἰφίεται
522 3769 623 3821 τοῦ
673 3768 810 3821 Θεοῦ
844 3784 856 3797 ·
892 3763 992 3819 ὅσα
1049 3761 1106 3819 δὲ
1165 3760 1475 3836 ὑποϐέϐηκε
1522 3766 1590 3821 τὰ
1617 3767 1796 3841 νοερὰ,
1827 3767 1916 3822 καί

262 3856 358 3911 εἶσι
414 3855 575 3930 ψυχὴ
636 3853 948 3923 αἰσθητικὴ,
983 3854 1190 3929 θηρίων
1242 3851 1387 3930 λέγω
1425 3855 1516 3910 καὶ
1546 3856 1784 3926 πάντων,
1818 3856 1916 3930 ἐμ-

257 3945 454 4021 ψύχων
490 3945 587 4018 μὲν
621 3941 914 4016 σωμάτων,
943 3941 1159 4018 ἀλόγων
1193 3939 1270 4014 δὲ,
1302 3943 1374 3998 ὧν
1415 3945 1450 4013 ἡ
1502 3947 1655 4021 ψυχὴ
1702 3946 1762 4000 ἐκ
1808 3950 1915 4000 τῶν

253 4033 552 4110 στοιχείων
581 4032 671 4088 καὶ
701 4036 800 4087 τυῦ
848 4030 1043 4087 ἐνύλου
1090 4033 1260 4108 πυρὸς
1311 4038 1636 4106 συνεστῶσα,
1669 4033 1721 4089 ἐν
1767 4034 1920 4089 πνεύο

254 4146 388 4199 ματι
423 4123 606 4195 ἰνύλῳ
634 4117 753 4196 ἔχει
784 4120 847 4176 τὸ
879 4121 1010 4176 εῖναι
1045 4138 1060 4151 ⁸
1089 4125 1276 4194 ταῦτα,
1313 4123 1477 4195 μόνον
1512 4122 1571 4178 ἐκ
1599 4131 1696 4193 τῆς
1726 4125 1917 4196 αἰσθή-

255 4235 398 4276 σεως
433 4210 868 4284 συνελαυνόμενα
897 4209 974 4272 εἷς
1004 4211 1067 4265 τὸ
1100 4214 1287 4284 πεινῇν
1343 4212 1432 4266 καὶ
1493 4210 1679 4287 διψῆν,
1713 4211 1917 4292 ἐφίεται

255 4303 492 4365 εῗκότως
547 4300 821 4371 αἰσθητῶς
876 4303 972 4354 τοῦ
1029 4304 1430 4375 χορηγοῦντος,
1463 4301 1538 4363 ὡς
1595 4302 1657 4356 τὸ
1691 4322 1704 4335 ο
1741 4303 1920 4358 Πάντα

254 4393 398 4466 πρὸς
458 4391 517 4445 σὲ
566 4387 914 4466 προσδοκῶσι
971 4393 1068 4443 τοῦ
1127 4386 1310 4443 δοῦναι
1361 4391 1460 4458 τὴν
1539 4393 1745 4470 τροφὴν
1822 4394 1919 4449 αὖ-

250 4486 366 4537 τῶν
400 4479 479 4542 εἰς
511 4477 760 4555 εὔκαιρον
795 4498 809 4510 ·
843 4477 933 4534 καί
990 4482 1218 4533 τοιαῦτα
1267 4476 1451 4534 πολλὰ
1506 4481 1597 4534 καὶ
1645 4482 1794 4557 παρὰ
1842 4487 1920 4555 τῷ

255 4564 386 4625 Ἰὼϐ
413 4568 504 4624 καὶ
534 4573 615 4640 τῷ
643 4565 806 4623 Δαυὶδ
838 4567 1104 4643 εὑρήσεις.
1139 4566 1237 4622 Καὶ
1280 4569 1346 4623 τὰ
1393 4566 1538 4624 ἄλλα
1581 4569 1760 4642 μέντοι
1822 4570 1920 4627 ὅσα

2033 657 2168 697 vero
2197 642 2328 712 [est,
2376 643 2706 700 secundum
2764 643 2944 699 alium
3007 643 3296 701 dicentem
3350 662 3363 700 :
3413 648 3519 703 Aut
3563 651 3690 718 quis

2035 730 2188 786 locus
2218 731 2582 802 requietionis
2610 747 2754 790 meae
2783 732 2904 803 (e)?
2936 733 2996 788 Si
3045 735 3203 789 enim
3251 739 3481 791 tantum
3531 740 3690 792 esset

2033 817 2272 890 ubique,
2304 819 2430 892 ipse
2461 823 2720 893 profecto
2751 825 2908 878 esset
2946 822 3147 878 omnia
3194 827 3251 879 et
3298 825 3357 878 in
3409 826 3686 882 omnibus

2033 905 2349 966 localiter:
2400 910 2484 967 sic
2535 911 2717 983 igitur
2767 917 2824 967 et
2871 911 3041 982 nihil,
3095 915 3159 968 ut
3205 929 3388 984 supra
3439 930 3507 970 ea
3553 931 3682 985 quas

2033 1001 2192 1054 sunt.

2109 1088 2385 1159 Tanquam
2417 1089 2484 1144 ab
2531 1091 2690 1146 omni
2736 1089 2952 1146 habitu.
3005 1091 3254 1147 Habitus
3303 1092 3543 1164 quidem
3594 1096 3684 1149 est

2031 1177 2283 1248 qualitas
2313 1179 2677 1248 immanens;
2713 1184 2910 1236 motus
2943 1185 3140 1236 autem
3173 1190 3260 1238 est
3291 1184 3448 1252 quod
3499 1199 3685 1254 oppo-

2030 1265 2194 1322 nitur
2223 1267 2430 1338 quieti,
2464 1285 2592 1340 quss
2624 1269 2914 1342 oppositio
2946 1270 3004 1324 in
3038 1270 3240 1326 multis
3280 1273 3438 1327 104
3486 1273 3686 1328 oonsi-

2031 1356 2133 1411 stit
2165 1357 2320 1412 :vita
2351 1365 2544 1414 autem
2576 1358 2855 1430 ostendit,
2892 1358 3011 1415 haec
3043 1375 3172 1415 esse
3200 1359 3492 1431 efﬁcacia;
3543 1360 3690 1416 ima-

2028 1445 2248 1517 ginatio
2279 1462 2413 1502 vero
2445 1450 2533 1504 est
2565 1447 2622 1502 id
2653 1447 2806 1518 quod
2838 1449 2898 1503 in
2950 1447 3249 1504 intellectu
3298 1450 3514 1505 format
3554 1465 3688 1521 spe-

2029 1533 2167 1602 cies,
2191 1535 2389 1607 opinio
2421 1541 2616 1593 autem
2650 1541 2739 1592 est
2769 1553 3056 1609 persuasa
3086 1539 3445 1609 conjectura.
3480 1539 3687 1595 Diti‘ert

2029 1639 2202 1694 porro
2225 1623 2544 1681 intellectio
2575 1625 2648 1681 ab
2679 1624 3150 1697 intellectu,quia
3178 1626 3272 1682 hic
3303 1631 3393 1682 est
3421 1626 3481 1683 in
3505 1628 3688 1684 facul-

2029 1715 2147 1768 tate
2176 1713 2540 1786 intelligendi
2569 1715 2800 1786 animae,
2835 1715 2939 1771 illa
2970 1719 3164 1772 autem
3190 1721 3416 1772 motum
3443 1716 3686 1774 faculta-

2027 1802 2104 1857 tis
2161 1801 2531 1876 intelligendi
2591 1804 2867 1860 declarat.
2918 1808 3050 1860 Hteo
3099 1809 3298 1861 autem
3356 1807 3575 1877 omnia,
3626 1810 3685 1863 et

761 1884 879 1940 ὅθεν
939 1886 1028 1940 καὶ
1091 1882 1292 1941 διεῖλεν
1369 1886 1535 1954 αὐτὴν
1616 1887 1721 1942 ἀπὸ
1794 1887 1917 1942 τού-

2031 1907 2278 1963 quaaque
2310 1892 2402 1949 his
2433 1898 2826 1950 annumerata
2855 1898 3014 1962 sunt,
3050 1911 3165 1950 non
3215 1899 3354 1951 sunt
3399 1897 3680 1963 essentia,

2031 1981 2132 2037 sed
2167 1983 2319 2038 circa
2350 1983 2670 2040 essentiam
2703 1984 3006 2053 videntur;
3037 1984 3166 2041 ideo
3200 2001 3434 2057 quoque
3465 1986 3538 2042 ab
3586 1985 3682 2043 his

2028 2071 2348 2127 essentiam
2381 2072 2667 2128 distinxit.

2100 2161 2342 2217 Summae
2388 2162 2616 2218 deitalis
2663 2163 3043 2234 providentia.
3093 2163 3174 2218 Ex
3220 2163 3314 2219 his
3373 2163 3686 2222 solvuntur

2028 2250 2220 2306 stultae
2269 2251 2665 2323 quorumdam
2716 2253 3026 2324 opiniones
3074 2252 3420 2309 audentium
3470 2254 3682 2323 dicere,

2027 2339 2368 2396 facultatem
2399 2341 2634 2396 creandi
2665 2358 2767 2414 per
2798 2345 3072 2397 naturam
3122 2343 3442 2413 quamdam
3487 2343 3684 2400 inesse

2025 2433 2163 2500 Deo,
2196 2430 2352 2486 sicut
2399 2430 2630 2487 araneis
2677 2435 2902 2499 texere;
2953 2430 3093 2486 dicit
3138 2431 3295 2486 enim
3345 2448 3448 2503 per
3495 2432 3684 2490 solam

2026 2518 2373 2587 bonitatem,
2402 2519 2587 2576 Deum
2619 2524 2832 2576 cuncta
2861 2521 3183 2592 producere
3218 2538 3231 2577 :
3264 2521 3394 2576 ideo
3425 2521 3684 2594 theologi

2026 2623 2232 2663 omnes
2262 2625 2330 2664 ex
2361 2609 2538 2665 rebus
2568 2625 2697 2680 quas
2728 2609 2829 2664 Dei
2861 2608 3084 2675 sunt,id
3115 2613 3206 2664 est
3235 2626 3304 2665 ex
3333 2611 3462 2681 ejus
3488 2627 3685 2668 essen-

2025 2697 2128 2764 tia,
2155 2714 2272 2753 non
2304 2699 2525 2754 audent
2552 2699 2750 2770 ipsum
2783 2697 3048 2764 laudare,
3082 2698 3295 2770 ignotae
3323 2699 3482 2754 enim
3517 2705 3680 2768 sunt,

2025 2787 2126 2842 sed
2155 2802 2223 2842 ex
2253 2787 2382 2857 ejus
2415 2803 2691 2859 processu
2724 2788 2797 2843 ad
2829 2791 3009 2856 extra,
3037 2788 3136 2858 qui
3171 2791 3260 2842 est
3288 2788 3680 2859 providentia,

2023 2876 2266 2947 eﬂectus,
2289 2876 2341 2930 id
2379 2881 2467 2932 est
2497 2893 2624 2948 quae
2656 2893 2721 2932 eo
2753 2881 2991 2932 auctore
3017 2876 3372 2942 consistunt,
3387 2877 3490 2932 Dei
3521 2879 3679 2934 circa

2025 2964 2224 3020 omnia
2251 2965 2677 3036 providentiam
2729 2965 3071 3038 praedicant.
3119 2965 3332 3022 Omnia
3380 2966 3676 3037 siquidem

2025 3054 2282 3110 divinam
2314 3055 2739 3126 providentiam
2773 3059 3076 3127 appetunt,
3110 3070 3214 3126 per
3247 3071 3424 3127 quam
3454 3060 3595 3112 sunt
3623 3061 3681 3113 et

2025 3143 2378 3214 consistunt,
2411 3143 2806 3216 intelligentia
2834 3149 2890 3199 et
2920 3143 3364 3216 rationalia,per
3393 3145 3679 3218 cognitio-

2024 3249 2180 3302 nem;
2203 3232 2597 3305 intelligentia
2621 3249 2754 3289 vero
2787 3232 3068 3288 dicuntur
3095 3249 3247 3305 quae,
3271 3233 3490 3290 idcirco
3521 3235 3678 3306 quod

2022 3324 2248 3376 mentes
2279 3321 2421 3390 sint,
2452 3320 2848 3392 intelligibilia
2878 3338 3060 3392 supra
3105 3338 3168 3376 se
3220 3321 3411 3392 posita
3456 3321 3678 3377 intelli-

2021 3415 2188 3483 gunt;
2221 3410 2590 3482 intelligibile
2621 3411 2779 3467 enim
2811 3416 2902 3467 est
2930 3412 3086 3482 quod
3120 3411 3494 3483 intelligitur,
3519 3413 3674 3484 quod

2023 3500 2201 3555 etiam
2269 3505 2360 3556 est
2423 3499 2589 3556 cibus
2655 3503 2844 3574 νοεροῦ
2915 3499 3347 3572 (intelligentis)
3415 3517 3517 3573 pro
3575 3499 3678 3554 τοῦ

2023 3591 2298 3651 νοοῦντος.
2333 3591 2468 3655 Quae
2524 3589 2726 3662 igitur,
2778 3589 2916 3660 quia
2964 3588 3356 3662 intelligentia
3399 3595 3562 3659 sunt,
3613 3596 3679 3647 ut

2025 3683 2254 3734 mentes
2280 3678 2637 3748 intelligunt,
2669 3679 2896 3749 eadem,
2925 3694 3054 3733 cum
3087 3679 3208 3734 sint
3237 3679 3677 3752 rationalia,per

2025 3767 2419 3840 cognitionem
2450 3767 2664 3824 divinae
2694 3767 3069 3840 providentiae
3109 3767 3495 3841 intelligentia
3537 3787 3670 3826 cum

2025 3857 2403 3929 proportione
2432 3857 2620 3914 Deum
2651 3861 2938 3929 appetunt
2977 3875 2991 3914 :
3044 3874 3171 3929 quae
3224 3875 3359 3914 vero
3408 3859 3688 3917 inferiora

2027 3951 2167 4002 sunt
2191 3945 2679 4018 intelligentibus;
2711 3951 2768 4002 et
2798 3951 2938 4004 sunt
2986 3947 3184 4003 anima
3230 3947 3490 4019 sensilis,
3537 3950 3686 4006 fera-

2025 4036 2641 4108 rum,inquam,atque
2676 4035 2943 4092 omnium
3001 4035 3399 4092 animatorum
3449 4038 3686 4110 quidem

2026 4143 2338 4197 corporum
2369 4127 2468 4182 sed
2511 4125 2966 4193 irrationalium,
3021 4142 3273 4197 quorum
3323 4127 3522 4183 anima
3570 4126 3687 4184 ele-

2029 4215 2245 4271 mentis
2275 4219 2333 4271 et
2365 4215 2619 4272 naturali
2651 4217 2786 4288 igne
2817 4219 3071 4283 constat,
3122 4215 3182 4270 in
3235 4216 3450 4288 spiritu
3506 4223 3691 4274 mate-

2031 4304 2159 4360 riali
2209 4305 2426 4360 habent
2473 4321 2637 4374 esse;
2681 4305 2806 4360 haec
2841 4304 3033 4361 solum
3068 4321 3136 4360 ex
3169 4321 3345 4361 sensu
3379 4306 3689 4378 compulsa

2029 4395 2099 4450 ad
2148 4394 2530 4450 esuriendum
2585 4398 2644 4450 et
2701 4394 3047 4464 sitiendum,
3099 4395 3309 4450 merito
3358 4395 3697 4452 desiderant

2029 4483 2232 4539 sensili
2265 4484 2437 4538 modo
2469 4500 2602 4539 eum
2634 4483 2734 4554 qui
2768 4483 3118 4554 praeheat,ut
3150 4484 3292 4539 illud
3329 4485 3645 4556 Scriptura:
3673 4503 3686 4541 :

2031 4571 2236 4628 Omnia
2265 4581 2378 4628 ate
2427 4576 2742 4644 exspectant
2787 4576 2847 4627 ut
2893 4571 2987 4627 des
3040 4571 3163 4627 illis
3211 4588 3391 4628 escam
3442 4573 3687 4644 ipsorum

253 4662 357 4729 τὴν
392 4659 627 4734 φυτικὴν
666 4654 784 4727 ἤτοι
820 4658 1054 4727 ζωτικὴν
1106 4658 1274 4730 μόνην
1325 4657 1664 4729 ἀναισθήτως
1719 4681 1779 4715 τε
1835 4677 1917 4732 καῖ

2034 4663 2096 4718 in
2123 4664 2363 4734 tempore
2383 4672 2691 4734 Opportuna
2714 4659 3041 4733 (f).Similia
3064 4677 3296 4732 quoque
3319 4661 3506 4719 multa
3527 4678 3691 4735 repe-

256 4748 495 4823 ἆψύχως
527 4742 646 4822 ἔχει
675 4746 910 4818 κίνησιν,
941 4747 1016 4808 ὡς
1046 4744 1114 4800 τὰ
1155 4747 1296 4824 φυτὰ
1334 4745 1506 4802 πάντα
1556 4748 1647 4802 καὶ
1698 4749 1918 4824 βοτάναι

254 4843 449 4909 πᾶσαι,
506 4838 664 4891 ἅτινα
717 4836 809 4890 καὶ
871 4833 1098 4904 ζωτικὸν
1157 4839 1367 4909 πνεῦμα
1437 4835 1600 4908 μόνον
1657 4844 1917 4894 συνιστῶν

257 4922 478 5003 ἔχουσι,
508 4925 607 4994 τὴν
669 4925 872 4979 ἑαυτῶν
933 4923 1116 4979 οὐσίαν
1174 4922 1294 4980 ἄνευ
1346 4924 1672 4998 αἰσθήσεως,
1728 4927 1803 4990 ὡς
1854 4929 1924 4983 τὰ

258 5013 459 5088 δένδρα
505 5015 698 5083 πάντα,
731 5015 806 5076 ὡς
851 5011 1087 5089 εἶ’ρηται,
1143 5014 1235 5068 καὶ
1283 5013 1351 5069 τὰ
1395 5019 1622 5071 τοιαῦτα
1667 5018 1804 5072 κατὰ
1858 5017 1923 5073 τὸ

257 5102 717 5178 ἀποξηραίνεσθαι
757 5107 857 5158 τοῦ
915 5107 1143 5180 φυτικοῦ
1201 5103 1513 5176 πνεύματος
1569 5105 1923 5193 στερούμενα³

259 5193 286 5214 δ
317 5197 328 5216 ν
431 5195 453 5216 r
634 5197 660 5208 «-
927 5193 941 5212 \
1084 5189 1109 5212 Ἰ
1183 5216 1192 5228 ,
1485 5193 1499 5214 9
1560 5193 1570 5212 ν
1761 5217 1772 5230 ,
1902 5189 1918 5220 ἱ

257 5213 311 5252 οι
391 5217 454 5249 ου
511 5214 788 5249 κινουνται
842 5213 980 5268 προς
1044 5192 1209 5264 αυξηθ
1281 5193 1371 5248 καὶ
1449 5193 1732 5258 ευθαλειαν
1837 5195 1928 5253 δια.

255 5288 422 5340 τοῦτο
474 5281 624 5339 δοκεῖ
669 5283 760 5338 καὶ
809 5285 974 5336 ταῦτα
1035 5280 1271 5359 ἐφίεσθαι
1313 5289 1414 5352 τῆς
1445 5282 1592 5347 θείας
1643 5285 1924 5361 προνοίας,

259 5373 343 5452 ἐφ’
401 5374 447 5445 ᾧ
506 5372 596 5426 καὶ
657 5371 969 5426 συνεστάναι
1023 5370 1113 5425 καὶ
1173 5371 1352 5436 ἀνθεῖν
1389 5390 1400 5403 ⁸
1435 5370 1552 5436 ὅθεν
1613 5374 1704 5428 καὶ
1760 5378 1927 5430 ταῦτα

255 5456 752 5539 παραλαμϐάνεται
782 5458 835 5514 ἐν
865 5463 946 5532 τῷ
978 5461 1109 5534 ρμη¹
1153 5458 1384 5534 ψαλμῷ,
1412 5461 1580 5515 αἰνεῖν
1627 5462 1719 5517 τὸν
1771 5465 1926 5535 Θεὸν,

254 5550 349 5609 διὰ
376 5557 479 5621 τῆς
506 5549 673 5606 αὒτοῦ
704 5548 1033 5612 συστάσεως.
1067 5549 1302 5626 Μετὲχει
1335 5547 1428 5605 οῦν
1460 5551 1546 5606 καὶ
1601 5555 1770 5607 ταῦτα
1826 5559 1927 5624 τῆς

319 5773 395 5846 (ε)
429 5771 544 5828 Isa.
581 5787 733 5827 LXVI.
767 5770 830 5839 1;
860 5772 988 5828 Act.
1021 5786 1126 5836 vn,
1159 5769 1248 5825 49,
1325 5769 1399 5842 (f)
1430 5771 1583 5828 Psal.
1611 5788 1736 5839 cm,
1766 5773 1860 5832 27.

2031 4753 2145 4808 ries
2175 4752 2235 4807 in
2265 4752 2376 4808 Job
2407 4757 2464 4807 et
2493 4751 2729 4808 Davide.
2765 4751 2943 4806 Porro
2975 4748 3091 4805 alia
3145 4767 3272 4822 quae
3325 4750 3510 4807 solam
3562 4768 3689 4807 cre-

2031 4841 2232 4898 soendi
2263 4857 2363 4897 seu
2394 4841 2627 4896 vivendi
2657 4839 2982 4896 eil'ectivam
3015 4838 3144 4894 sine
3176 4855 3353 4895 sensu
3385 4844 3442 4895 et
3488 4841 3689 4896 anima

2032 4932 2352 4987 motionem
2384 4929 2626 4999 habent,
2671 4929 2828 4986 sicut
2875 4929 3090 4998 plantae
3140 4944 3346 4985 omnes
3394 4936 3452 4986 et
3499 4929 3691 4986 herbas

2033 5019 2344 5086 universae,
2378 5035 2506 5090 quis
2540 5016 2775 5074 vitalem
2809 5016 3086 5088 spiritum
3119 5017 3313 5072 solum
3366 5020 3694 5075 consisten-

2032 5115 2153 5164 tem
2176 5107 2412 5175 habent,
2437 5123 2605 5162 suam
2629 5105 2951 5162 essentiam
2969 5105 3096 5162 sine
3121 5121 3323 5173 sensu,
3358 5110 3424 5162 ut
3453 5107 3714 5164 arbores'

2034 5213 2258 5265 omnes,
2291 5196 2446 5252 sicut
2476 5197 2700 5251 dictum
2734 5199 2844 5263 est,
2877 5199 2934 5251 et
2980 5193 3227 5267 similia,
3275 5211 3411 5252 cum
3461 5213 3694 5254 exares-

2035 5291 2194 5355 cunt,
2224 5286 2548 5359 vegetativo
2591 5284 2896 5357 privantur
2948 5283 3183 5356 spiritu,
3239 5301 3343 5356 per
3391 5303 3566 5359 quem
3620 5287 3693 5344 ad

2036 5375 2426 5432 accretionem
2458 5379 2516 5431 et
2544 5372 3034 5447 germinationem
3086 5371 3511 5446 impelluntur;
3563 5376 3695 5433 ideo

2037 5465 2159 5521 hanc
2181 5481 2416 5537 quoque
2444 5463 2720 5520 videnlur
2750 5463 2900 5519 105
2955 5462 3217 5518 divinam
3270 5465 3696 5536 providentiam

2038 5558 2403 5626 expetere,ut
2431 5553 2763 5608 consistant
2791 5556 2850 5607 et
2879 5551 3143 5623 ﬂoreant,
3177 5553 3334 5609 unde
3363 5555 3537 5609 etiam
3573 5553 3697 5609 hac
