4034 6384
384 432 491 490 207

1204 430 1569 487 APPENDIX
1604 432 1704 485 AD
1741 430 1986 484 OPERA
2024 430 2084 482 Β.
2124 425 2443 483 DIONYSII
2480 426 2984 485 ABEOPAGITE.

3701 434 3801 493 208

385 559 776 614 assumuntur
805 554 863 609 in
892 553 1131 610 Psalmo
1163 569 1397 619 cxmm,
1432 553 1501 607 ad
1554 556 1734 607 Deum
1794 549 2042 604 laudan-

2178 546 2366 624 ἱφάτου
2417 548 2699 622 προνοίας,
2736 546 2883 604 ἀλλᾶ
2936 550 3075 605 κατὰ
3129 550 3295 625 μόνον
3343 552 3408 608 τὸ
3464 557 3585 629 ζῇν,
3617 554 3668 610 εἷ’
3719 558 3803 613 καὶ

385 646 527 701 dum
562 648 800 717 propter
829 643 1091 715 ipsorum
1127 641 1593 697 consistentiam.
1627 641 1816 710 Atque
1862 636 2041 692 etiam

2155 634 2384 710 ἀψύγως
2409 636 2500 691 καὶ
2547 638 2910 708 ἀναισθήτως,
2939 638 3032 695 καὶ
3087 642 3224 695 κατά
3269 641 3370 710 τὴν
3428 640 3645 713 ἔκτικὴν
3694 644 3802 701 ἐπι-

381 735 504 790 haac
534 731 1278 806 participantineﬂ'abilem
1329 728 1782 803 providentiam,
1831 726 1931 782 sed
1982 726 2040 778 in

2178 721 2505 797 ἠδειότητα,
2557 724 2682 796 ἥτις
2734 726 2877 782 ἐστὶν
2928 725 3141 800 ἰδιότης
3183 736 3284 799 τῆς
3344 727 3628 805 δυνάμεως
3659 751 3672 765 ·
3702 731 3802 806 ἕξις

380 822 504 881 solo
525 822 737 889 vivere,
768 822 877 878 etsi
918 822 1046 876 sine
1087 821 1286 875 anima
1322 824 1381 875 et
1421 834 1597 873 sensu
1630 822 1689 873 et
1716 815 2043 872 secundum

2178 812 2254 889 ’ἂρ
2287 811 2502 889 λέγεται
2534 817 2569 884 ἠ
2602 809 2845 889 ἔμμονος
2892 816 3147 890 ποιότης,
3186 819 3304 884 καθ’
3334 820 3395 889 ἢν
3440 818 3673 886 διάθεσιν
3719 824 3801 879 καὶ

381 911 749 969 habitualem
778 909 1195 983 aptitudinem,
1221 925 1350 980 quae
1380 912 1472 963 est
1502 905 1832 980 proprietas
1859 904 2046 959 virtu-

385 1001 484 1059 tis.
520 1001 767 1057 Habitus
799 1000 952 1055 enim
985 997 1202 1053 dicitur
1233 996 1493 1069 qualitas
1540 996 1900 1062 immanens,
1952 1008 2046 1047 se-

385 1092 649 1147 cundum
682 1105 859 1161 quam
892 1086 1262 1144 aﬂ‘ectionem
1303 1089 1362 1140 et
1390 1084 1669 1139 virtutem
1700 1082 1921 1154 aliquid
1956 1080 2049 1135 di-

383 1181 539 1236 citur
568 1177 775 1251 quale;
800 1178 970 1248 juxta
1000 1175 1159 1230 hunc
1191 1174 1376 1246 igitur
1421 1173 1716 1238 habitum,
1762 1171 1893 1226 vita;
1943 1186 2051 1224 na-

382 1267 594 1325 turalis
615 1267 686 1322 ad
709 1265 1097 1322 accretionem
1114 1268 1343 1318 tantum
1360 1266 1419 1317 et
1432 1260 1753 1317 motionem
1772 1259 2048 1313 substan-

2157 898 2388 974 δύναμιν
2414 904 2571 958 ποιόν
2603 926 2654 959 τι
2691 904 2908 980 λέγεται
2944 924 2957 937 ·
2991 907 3130 961 κατά
3170 906 3373 979 ταύτην
3420 907 3511 963 οὖν
3558 911 3656 980 τὴν
3701 909 3803 985 ἴξιν

2155 997 2254 1057 τῆς
2312 999 2542 1066 φυτικῆς
2597 998 2743 1062 ζωῆς
2802 992 2880 1056 εἷς
2935 992 3155 1066 αὔξησιν
3225 996 3316 1052 καὶ
3373 997 3584 1069 κίνησιν
3647 1000 3800 1073 μόνον

2162 1079 2462 1155 μετέχοντα
2514 1079 2832 1145 οὐσιοειδῶς
2890 1103 2949 1138 τε
2998 1082 3088 1138 καὶ
3146 1082 3398 1155 ἑκτικῶς,
3456 1086 3685 1162 ἀψύχως
3750 1086 3803 1145 δὲ

2158 1168 2250 1222 καὶ
2316 1168 2682 1241 ἀναισθήτως,
2742 1168 2956 1247 λέγεται
3026 1171 3265 1251 ἐφίεσθαι
3326 1181 3429 1245 τῆς
3483 1175 3807 1250 ἂγαθότητος

2158 1260 2257 1310 τοῦ
2288 1262 2442 1312 Θεοῦ.

382 1355 601 1412 tialiter
630 1357 688 1409 et
736 1350 1135 1417 habitualiter,
1186 1350 1288 1406 sed
1334 1349 1462 1404 sine
1510 1347 1709 1403 anima
1757 1352 1814 1402 et
1861 1361 2039 1401 sensu
2080 1346 2516 1419 participantia,
2551 1348 2831 1405 dicuntur
2863 1350 2957 1405 Dei
3008 1351 3333 1408 bonitatem
3365 1352 3650 1426 (divinam
3679 1372 3801 1428 pro-

381 1444 727 1512 videntium)
756 1441 1115 1498 desiderare.

457 1533 837 1604 lntettigentia
861 1530 1100 1602 quidem.
1122 1527 1517 1599 Intelligentia
1537 1527 1799 1600 quidem,
1825 1522 2051 1596 angeli-

385 1639 512 1681 cam
545 1626 844 1687 naturam;
868 1617 1180 1675 rationalia
1209 1633 1345 1673 vero
1376 1615 1701 1671 humanam
1733 1613 1876 1668 dicit
1908 1628 1921 1667 :
1956 1611 2052 1668 his

384 1716 580 1769 autem
606 1704 1426 1780 subjecta,irrationslem,cui
1446 1704 1665 1761 sensile
1692 1707 1925 1759 tantum
1959 1704 2049 1757 in-

385 1806 477 1857 est
510 1818 524 1857 :
557 1800 807 1870 ideoque
836 1794 1116 1865 αἰσθητῶς
1139 1794 1306 1863 dixit,
1339 1794 1394 1849 id
1431 1798 1522 1849 est
1570 1793 1745 1848 modo
1800 1790 2005 1848 sensili
2033 1810 2047 1860 ;

386 1895 591 1947 catera
620 1892 838 1954 autem,
859 1885 1085 1943 scilicet
1115 1883 1352 1956 plantas,
1384 1887 1442 1937 et
1471 1881 1672 1938 omnia
1700 1880 1967 1936 inanima
1996 1884 2054 1935 et

384 1976 869 2044 immobilia,hssc
899 1974 1139 2045 quidem
1173 1972 1258 2029 ait
1288 1972 1619 2027 secundum
1651 1968 1886 2025 vitalem
1920 1984 2050 2023 mo-

2227 1524 2303 1578 Ta‘t
2361 1524 2455 1597 μὲν
2514 1527 2691 1599 νοερά.
2724 1527 2907 1603 Νοερά
2966 1527 3064 1601 μὲν
3122 1529 3223 1597 τὴν
3263 1528 3561 1607 ἀγγελικὴν
3612 1531 3804 1607 φύσιν·

2159 1613 2361 1690 λογικά
2390 1611 2447 1670 δὲ
2474 1617 2576 1685 τήν
2603 1616 2949 1693 ἀνθρωπίνην
2989 1619 3123 1696 φησι
3150 1637 3165 1652 ’
3194 1619 3263 1674 τὰ
3310 1617 3368 1675 δὶ
3412 1622 3621 1677 τούτων
3673 1623 3807 1701 ὑφει-

2164 1702 2313 1776 μὲνα,
2343 1705 2446 1772 τήν
2498 1702 2721 1779 ἄλογον,
2744 1707 2890 1777 ᾗτινι
2949 1706 3117 1779 μόνον
3171 1708 3235 1764 τὸ
3292 1708 3613 1780 αἰσθητικὸν
3645 1712 3803 1788 πρόσο

2160 1812 2294 1854 εστι,
2329 1789 2415 1847 διὸ
2460 1793 2551 1848 καὶ
2607 1792 2882 1866 αἲσθητῶς
2939 1796 3375 1865 εἶπε,τουτὲστιν
3433 1797 3800 1872 αἰσθητικῶς·

2158 1882 2224 1936 τὰ
2280 1878 2337 1937 δὲ
2395 1881 2561 1951 ἄλλα,
2593 1881 2762 1960 ἤγουν
2810 1884 2879 1940 τὰ
2934 1905 3094 1963 φυτα,
3126 1887 3214 1941 καὶ
3256 1885 3358 1942 ὅσα
3403 1888 3583 1959 πάντη
3636 1886 3805 1964 ἄψυχα

2156 1969 2248 2023 καὶ
2278 1969 2527 2042 ἀκίνητα,
2557 1974 2625 2027 τὰ
2657 1974 2753 2045 μὲν
2794 1994 2926 2051 φησι
2957 1976 3096 2030 κατά
3141 1975 3242 2044 τὴν
3296 1976 3533 2046 ζωτικὴν
3584 1977 3801 2048 κίνησιν,

386 2069 632 2133 tionem,
668 2065 726 2119 id
777 2068 868 2119 est
918 2061 1259 2117 nulritivam
1312 2066 1368 2114 et
1416 2063 1880 2125 accrescentem;
1930 2057 2053 2111 haec

2178 2060 2403 2113 τουτέστι
2434 2062 2532 2130 τὴν
2566 2062 2859 2134 θρεπτικήν
2891 2083 2951 2117 τε
2978 2063 3068 2118 καὶ
3109 2063 3407 2136 αὖξητικήν
3439 2084 3453 2098 ο
3500 2070 3666 2121 ταῦτα
3709 2066 3802 2141 γὰρ

392 2157 551 2213 enim
604 2153 780 2209 etiam
844 2152 902 2206 in
959 2149 1177 2222 plantis
1236 2148 1475 2215 insunt;
1523 2147 1788 2202 inanima
1832 2150 2052 2212 autem,

390 2262 457 2302 eo
489 2243 643 2316 quod
676 2242 738 2296 in
771 2256 835 2296 se
876 2239 1023 2312 ipsis
1070 2238 1329 2294 habeant
1376 2235 1647 2292 absolute
1694 2251 1824 2290 esse
1878 2250 1891 2288 :
1948 2233 2057 2289 hoc

390 2332 686 2405 siquidem
718 2329 1069 2386 essentiatem
1100 2332 1153 2383 et
1188 2326 1529 2382 habitualem
1555 2324 1946 2397 aptitudinem
1968 2339 2057 2378 vo-

394 2422 565 2480 cavit.

473 2512 537 2570 Ut
563 2517 863 2569 aeternum.
896 2507 1035 2563 Vide
1068 2505 1365 2578 quomodo
1399 2503 1703 2577 perspicue
1734 2518 1802 2558 ex
1832 2501 2057 2557 effecti-

398 2602 513 2658 bus
552 2604 611 2657 et
660 2597 970 2664 creaturis,
1026 2609 1373 2666 supremum
1428 2593 1695 2649 omnium
1748 2590 1994 2646 laudant
2041 2605 2057 2646 :

407 2696 688 2748 mternum
718 2686 958 2758 quidem
987 2684 1191 2739 dicunt
1211 2698 1345 2737 eum
1378 2680 1478 2753 qui
1510 2679 1722 2736 saecula
1751 2678 1986 2746 creavit;
2005 2683 2063 2734 et

410 2794 617 2851 reapse
648 2780 739 2832 est
769 2770 1384 2843 seternitas,siquidem
1420 2770 1545 2843 ipse
1574 2774 1665 2825 est
1693 2769 1745 2824 is
1776 2769 1874 2841 qui
1902 2784 2059 2823 sem-

408 2886 514 2941 per
541 2863 956 2932 exsistit,unde
985 2867 1042 2916 et
1074 2859 1369 2916 aeternitas
1397 2858 1761 2924 nominatur;
1780 2862 2062 2912 aeternum

407 2962 605 3014 autem
637 2959 749 3021 est,
780 2969 896 3009 non
924 2951 1054 3023 ipsa
1083 2947 1398 3012 aeternitas,
1428 2947 1529 3004 sed
1562 2946 1718 3018 quod
1769 2945 2061 3000 mlernita-

404 3050 523 3102 tem
557 3043 870 3118 participat
903 3058 916 3096 :
945 3044 1121 3111 atque
1152 3037 1334 3094 Isaias
1366 3037 1508 3091 dicit
1538 3052 1553 3090 :
1588 3037 1726 3091 Deus
1771 3036 2058 3105 sempiter-

402 3151 512 3191 nus
541 3133 639 3207 qui
664 3134 873 3188 creavit
900 3131 1168 3186 terminos
1191 3132 1365 3183 terra:
1394 3126 1492 3197 (g);
1530 3129 1683 3180 Deus
1714 3128 1907 3179 autem
1941 3139 2059 3179 non

402 3229 493 3281 est
518 3221 807 3296 posterior
834 3217 1176 3285 aeternitate,
1202 3222 1266 3271 ut
1294 3216 1473 3271 etiam
1505 3214 1578 3269 de
1609 3228 1679 3269 ea
1708 3211 2056 3286 participat;

402 3314 504 3370 sed
537 3310 883 3371 saeculorum
912 3311 1160 3364 creator.

2168 2143 2234 2216 δὴ
2269 2145 2320 2200 ἐν
2351 2152 2469 2212 τοῖς
2498 2154 2687 2226 φυτοῖς
2718 2149 2964 2224 πρόσεισι
3000 2169 3013 2181 ·
3046 2151 3112 2205 τὰ
3142 2148 3200 2206 δὲ
3228 2149 3416 2228 ἄψυχα
3447 2151 3500 2208 ἐν
3550 2152 3628 2227 τῷ
3672 2150 3803 2228 ἔχειν

2166 2235 2218 2289 ἐν
2248 2236 2460 2299 ἑαυτοῖς
2490 2238 2552 2293 τὸ
2602 2237 2749 2299 ὅλως
2800 2239 2932 2293 εἶναι
2965 2257 2978 2272 ο
3010 2243 3173 2295 τοῦτο
3210 2242 3312 2317 γὰρ
3373 2242 3518 2298 εἶπεν
3578 2239 3798 2312 οὗσιώδη

2166 2325 2255 2379 καὶ
2282 2323 2500 2395 ἐκτικήν
2534 2324 2975 2399 ἐπιτηδειότητα.

2239 2505 2329 2566 Ὡς
2390 2503 2633 2559 αἰώνιον.
2675 2506 2818 2577 Ὅρα
2872 2509 2991 2567 πῶς
3047 2510 3231 2584 σαφῶς
3286 2505 3346 2563 ἐκ
3401 2513 3513 2564 τῶν
3571 2507 3805 2564 αἴτια-τῶν

2167 2592 2259 2646 καὶ
2308 2596 2539 2647 κτιστῶν
2599 2594 2690 2647 τὸν
2750 2594 2999 2649 ἁπάντων
3053 2594 3329 2652 ἀνώτατον
3370 2596 3763 2673 ὑμνολογοῦσιν
3793 2607 3806 2628 ‘

2169 2680 2390 2736 αἰώνιον
2453 2681 2550 2756 μὲν
2576 2684 2620 2720 ⁸¹
2669 2703 2796 2761 φασι
2852 2684 2947 2738 τὸν
2998 2688 3105 2738 τῶν
3166 2684 3381 2741 αἰώνων
3443 2688 3700 2757 ποιητὴν,
3728 2686 3806 2741 καὶ

2166 2774 2247 2842 τῷ
2297 2765 2411 2824 ὄντι
2470 2770 2658 2839 αἰῶνα,
2693 2768 2805 2845 εἴγε
2836 2773 2863 2825 6
2895 2770 2977 2826 ἀεὶ
3037 2768 3111 2826 ὢν
3172 2771 3337 2836 αὐτός
3368 2773 3538 2848 ἑστιν,
3571 2775 3685 2840 ὅθεν
3728 2774 3805 2829 καὶ

2169 2858 2301 2914 αἰὼν
2335 2857 2573 2934 λέγεται,
2597 2858 2818 2915 αῗώνιον
2855 2856 2912 2915 δέ
2943 2858 3081 2916 ἐστιν
3114 2861 3216 2917 οὐκ
3243 2862 3403 2927 αὐτὸς
3440 2864 3469 2919 6
3495 2863 3648 2931 αῐὼν,
3677 2860 3806 2919 ἀλλά

2166 2947 2231 3003 τὸ
2287 2946 2485 3010 α²’ῶνος
2542 2949 2772 3023 μετέχον
2809 2967 2822 2980 ’
2854 2948 2944 3003 καὶ
3001 2953 3132 3025 γοῦν
3185 2972 3350 3028 φησιν
3400 2954 3430 3008 6
3459 2950 3676 3014 Ἡσαΐας
3704 2971 3717 2985 ·
3746 2951 3799 3008 Ὀ

2170 3035 2300 3099 Θεὸς
2330 3039 2358 3090 6
2390 3036 2610 3098 αἰώνιος
2641 3038 2670 3091 6
2698 3038 3099 3101 κατασκευάσας
3124 3039 3194 3094 τὰ
3224 3041 3361 3115 ἄκρα
3387 3048 3494 3111 τῆς
3523 3049 3625 3116 γῆς
3653 3059 3665 3071 ·
3698 3041 3723 3095 6
3750 3036 3799 3094 δὲ

2170 3126 2300 3187 Θεὸς
2358 3124 2420 3178 οὗ
2480 3121 2730 3198 δεύτερός
2786 3124 2898 3180 ἐστι
2949 3124 3046 3181 τοῦ
3094 3126 3318 3198 αἰῶνος,
3343 3127 3440 3186 ἵνα
3491 3132 3581 3186 καὶ
3611 3127 3796 3204 μετέχῃ

2169 3213 2355 3286 αὐτοῦ,
2386 3209 2514 3268 ἀλλ’
2546 3210 2762 3269 άῖὠνων
2791 3216 3049 3285 ποιητής.

2239 3303 2327 3364 Ὠς
2356 3302 2568 3377 ἀγήρω.
2602 3302 2747 3358 Κατά
2771 3302 2835 3358 τό
2871 3321 2884 3336 ·
2921 3303 2996 3358 Σὺ
3030 3303 3087 3359 δὶ
3119 3305 3148 3360 6
3179 3305 3342 3369 αὐτὸς
3374 3307 3441 3377 εἴ,
3474 3307 3564 3363 καὶ
3611 3306 3675 3363 τὰ
3716 3302 3796 3374 ἔτη

477 3403 543 3460 Ut
588 3417 702 3458 non
747 3399 1141 3455 senescentem.
1170 3395 1504 3450 Secundum
1536 3391 1681 3448 illud
1716 3408 1730 3446 :
1766 3393 1840 3447 Tu
1866 3394 2053 3447 autem

2178 3394 2265 3446 τοῦ
2291 3391 2390 3447 οὐκ
2412 3389 2778 3465 ἐκλείψουσιν.

401 3491 545 3547 idem
580 3492 696 3562 ipse
725 3504 800 3557 es,
830 3491 884 3543 et
913 3486 1052 3541 anni
1080 3485 1166 3539 tui
1192 3497 1304 3538 non
1331 3482 1589 3553 deﬁcient
1617 3481 1721 3554 (h).

479 3580 542 3637 Ut
571 3580 634 3634 in
665 3593 812 3632 aura
841 3576 1016 3632 tenui.
1053 3572 1170 3628 Hoc
1202 3575 1313 3638 est,
1350 3572 1500 3642 quod
1536 3570 1755 3625 dicitur
1783 3570 1844 3626 in
1891 3569 2059 3626 libris

406 3670 658 3741 Regum,
686 3682 799 3722 non
828 3666 890 3720 in
918 3662 1276 3719 commotione
1308 3661 1577 3716 Dominus
1622 3659 1709 3730 (i),
1760 3674 1951 3729 neque
1997 3658 2059 3713 in

406 3759 563 3814 nube
613 3754 803 3811 adfuit
849 3750 1158 3817 Dominus,
1210 3754 1274 3804 ut
1321 3748 1665 3819 loqueretur
1695 3745 1850 3811 Elite,
1878 3746 1971 3802 sed
2001 3747 2062 3801 in

402 3847 568 3905 sibilo
599 3860 757 3902 aurae
787 3842 960 3911 tenui,
991 3844 1160 3895 vocat
1178 3837 1465 3893 Dominus
1498 3853 1510 3891 :
1539 3836 1650 3891 hoc
1673 3851 1842 3907 porro
1872 3839 2064 3890 osten-

405 3936 513 4005 dit,
534 3951 667 3992 eum
692 3933 886 3989 dicere
907 3930 1089 3986 Deum
1115 3944 1245 3983 esse
1265 3941 1501 3999 quoque
1522 3926 1581 3980 in
1604 3924 1979 3996 corpore,qui
2001 3923 2059 3978 in

403 4026 680 4082 omnibus
702 4016 1321 4092 incomprehensibilis
1343 4014 1707 4086 est;epiritus
1728 4012 1887 4068 enim
1909 4018 1967 4068 et
1988 4011 2060 4068 ab

403 4114 682 4171 omnibus
729 4107 1207 4167 communicatur
1245 4110 1303 4161 et
1334 4110 1422 4160 est
1452 4104 1509 4158 in
1542 4103 1843 4169 omnibus,
1875 4116 2063 4172 neque

402 4204 476 4260 ab
507 4202 628 4260 ullo
660 4196 1205 4272 comprehenditur,
1238 4195 1395 4250 sicut
1418 4194 1597 4248 etiam
1648 4191 1936 4247 Dominus
1981 4191 2062 4247 ait

401 4294 460 4348 in
518 4289 852 4362 Evangeliis
910 4305 925 4342 :
984 4285 1229 4358 Spiritus
1299 4291 1378 4339 est
1452 4284 1638 4344 Deus;
1694 4284 1750 4336 et
1806 4295 1894 4336 eos
1963 4282 2062 4350 qui

397 4380 638 4438 adorant
688 4394 836 4450 eum,
886 4378 949 4431 in
993 4373 1196 4446 spiritu
1243 4383 1303 4429 et
1350 4373 1595 4428 veritate
1652 4374 1866 4443 oportet
1921 4371 2059 4426 ado-

397 4487 540 4528 rare
571 4468 667 4542 (k).
1013 4473 1017 4479 '

470 4560 625 4616 106
678 4560 741 4614 Et
781 4557 1017 4613 nomine
1065 4570 1283 4612 carere.
1332 4551 1601 4609 Nominis
1649 4548 2056 4622 privationem,

399 4648 541 4721 quia
571 4653 662 4704 est
707 4646 929 4711 omnia,
978 4649 1036 4702 et
1085 4643 1234 4700 nihil
1288 4649 1375 4698 est
1425 4656 1628 4696 eorum
1689 4654 1820 4711 qua
1881 4644 2055 4708 sunt;

2238 3570 2328 3632 Ὡς
2354 3568 2406 3643 ἒν
2439 3566 2595 3645 αὔρᾳ.
2623 3564 2793 3624 Τοῦτό
2825 3568 2938 3626 ἐστι
2965 3569 3029 3626 τὸ
3059 3570 3349 3648 εἰρημένον
3391 3572 3447 3629 ἐν
3490 3572 3803 3640 Βασιλειαις,

2169 3658 2254 3712 δτι
2283 3654 2408 3711 οὔτε
2432 3656 2483 3711 ἰν
2514 3658 2595 3729 τῷ
2622 3663 2951 3732 συσσεισμῷ,
2986 3656 3110 3714 οὔτε
3149 3659 3201 3715 ἐν
3240 3663 3309 3734 τῇ
3340 3662 3543 3740 νεφέλῃ
3596 3662 3804 3737 παρεγι-

2167 3765 2289 3800 νετο
2322 3746 2350 3799 6
2383 3745 2579 3817 Κύριος
2622 3744 2861 3817 λαλῆσαι
2904 3752 2985 3821 τῷ
3014 3747 3176 3821 Ἠλίᾳ
3208 3769 3221 3782 '
3268 3748 3416 3807 ἀλλά
3460 3755 3612 3831 φωνῇ
3656 3747 3803 3827 αὔρας

2172 3831 2346 3908 λεπτῇ
2403 3831 2566 3889 καλεῖ
2596 3835 2624 3890 6
2656 3834 2853 3909 Κύριος
2884 3852 2901 3869 ⁶
2930 3840 3095 3892 τοῦτο
3154 3834 3211 3893 δὲ
3268 3834 3457 3913 δηλοῖ,
3492 3839 3572 3895 ὅτι
3619 3839 3703 3895 καὶ
3756 3837 3801 3892 ἐν

2171 3922 2384 3996 σώματί
2414 3943 2577 3998 φησιν
2610 3923 2744 3979 εἶναι
2776 3925 2870 3981 τὸν
2901 3927 3053 3995 Θεὸν,
3079 3926 3173 3982 τὸν
3205 3924 3257 3982 ἐν
3287 3933 3407 3991 τοῖς
3439 3934 3596 3985 πᾶσιν
3638 3927 3802 4004 ἀπεριί

2171 4011 2382 4082 ληπτον
2417 4030 2430 4044 ³
2463 4015 2498 4081 ἡ
2530 4011 2635 4088 γὰρ
2667 4013 2811 4081 πνοὴ
2838 4013 2930 4069 καὶ
2959 4015 3107 4091 παρά
3134 4014 3359 4084 πάντων,
3400 4015 3700 4092 μετέχεται,
3723 4013 3801 4070 καί

2168 4099 2222 4156 ἐν
2254 4100 2410 4157 πᾶσίν
2444 4098 2579 4169 ἐστι,
2611 4101 2702 4155 καὶ
2740 4101 2868 4176 παρ’
2899 4098 3116 4165 οὐδενὸς
3156 4099 3706 4179 ἐμπεριλαμϐάνεται,
3734 4103 3801 4161 ὡς

2168 4190 2257 4246 καὶ
2309 4188 2359 4244 ἓν
2410 4187 2777 4264 Εὐαγγελίοις
2828 4189 2991 4269 φησὶν
3030 4192 3058 4245 6
3089 4190 3287 4265 Κύριος
3310 4210 3324 4223 ·
3359 4197 3579 4267 Πνεῦμα
3607 4193 3634 4247 6
3663 4191 3799 4254 Θεὸς,

2167 4278 2257 4333 καὶ
2286 4277 2419 4340 τοὺς
2450 4280 2890 4351 προσκυνοῦντας
2920 4277 3080 4334 αὐτὸν
3113 4279 3166 4334 ἑν
3197 4279 3467 4355 πνεύματι
3485 4280 3574 4336 καὶ
3596 4276 3803 4349 ἀληθείᾳ

2168 4366 2252 4423 δεῖ
2282 4370 2628 4442 προσκυνεῖν.

2240 4547 2337 4601 Καὶ
2369 4546 2433 4600 τὸ
2465 4546 2776 4618 ἀνώνυμον.
2811 4545 3130 4619 Ἀνώνυμον
3158 4543 3249 4601 διὰ
3275 4547 3338 4602 τὸ
3368 4549 3542 4603 πάντα
3572 4547 3695 4602 εἶναι
3720 4541 3797 4597 καὶ

2172 4633 2342 4709 μηδὲν
2371 4638 2478 4688 τῶν
2510 4628 2681 4688 ὄντων
2714 4633 2867 4703 εἶναι,
2898 4630 3047 4689 ἀλλά
3076 4634 3250 4709 πάγτα
3281 4635 3333 4707 ἐξ
3362 4636 3527 4692 αὐτοῦ
3557 4636 3705 4703 εἶναι,
3733 4630 3797 4691 ὡς

399 4738 503 4793 sed
535 4736 736 4793 omnia
759 4752 830 4792 ex
868 4735 998 4807 ipso
1048 4739 1208 4803 sunt,
1265 4731 1421 4787 sicut
1468 4730 1595 4801 ipse
1642 4728 1905 4799 seipsum
1955 4743 2053 4783 ex-

2178 4724 2328 4786 κύτὸς
2357 4723 2544 4778 ἑαυτὸν
2571 4721 2843 4797 ἐξηγεῖται
2854 4766 2867 4780 .

435 4826 578 4883 licat
607 4835 620 4883 t
632 4826 693 4883 ll.

396 4826 891 4987 pllgfttggncipio.
947 4909 1241 4981 Principio
1292 4908 1553 4981 quidem,
1602 4911 1670 4963 ut
1719 4908 1873 4979 quod
1926 4924 2057 4964 esse

396 5005 681 5076 prebeat;
718 5004 834 5059 fine
865 5006 1062 5058 autem
1098 5003 1164 5054 ut
1191 4999 1346 5069 quod
1379 4998 1439 5053 in
1471 5013 1600 5054 esse
1629 5002 1953 5053 conservet.

467 5182 667 5240 Omnia
696 5181 760 5237 in
788 5178 1060 5237 omnibus.
1095 5176 1305 5233 Omnia
1334 5180 1529 5232 autem
1562 5191 1692 5248 quea
1723 5180 1881 5245 sunt,
1913 5176 2055 5248 quia

392 5286 462 5327 ex
492 5271 623 5345 ipso
656 5274 799 5328 sunt
828 5268 1047 5327 omnia.

2083 4796 2131 4860 D

2234 4907 2322 4965 Ὠς
2391 4900 2589 4977 ἀρχῆς.
2649 4901 2862 4977 ’Λρχῆς
2952 4900 3071 4974 μὲν,
3128 4902 3203 4964 ὡς
3282 4903 3347 4957 τὸ
3435 4900 3572 4957 εἶναι
3646 4913 3796 4970 παρα-

2165 4991 2495 5068 σχομένηςο
2551 4988 2785 5065 πέρατος
2872 4987 2969 5060 δὲ,
3029 4989 3105 5052 ὡς
3198 4988 3249 5045 ἓν
3334 4991 3415 5063 τῷ
3488 4990 3617 5045 εἶναι
3689 5004 3793 5039 συν-

2164 5079 2368 5157 εχούση
2379 5100 2424 5141 ς.

2234 5170 2321 5227 Τὰ
2371 5166 2546 5223 πάντα
2604 5167 2658 5223 ἐν
2705 5172 2861 5224 πᾶσι.
2895 5165 3078 5223 Πάντα
3122 5165 3182 5224 δὲ
3221 5168 3290 5224 τά
3332 5163 3481 5236 ὄντα,
3522 5163 3608 5221 διὰ
3652 5160 3711 5217 τὰ
3752 5156 3795 5227 ἐξ

2164 5259 2330 5316 αὐτοῦ
2359 5257 2497 5313 εἶναι
2525 5258 2594 5313 τὰ
2620 5255 2811 5313 πάντα.

463 5451 544 5525 (g)
573 5450 688 5509 Isa.
719 5465 812 5518 ιι,
839 5449 935 5505 28.
1014 5447 1096 5519 (ἡ)
1128 5444 1279 5503 Psal.
1312 5461 1390 5516 αι,
1420 5445 1510 5501 28.
1588 5444 1652 5516 (i)
1684 5444 1762 5501 III
1793 5448 1932 5517 Reg.
1964 5459 2053 5499 xxx

2193 5485 2209 5511 ,
2285 5439 2364 5511 (k)
2391 5438 2563 5496 Joan.
2596 5451 2676 5505 tv,
2702 5436 2795 5496 24.
2873 5437 2937 5510 (ι)
2965 5436 3016 5494 ΙΙ
3041 5435 3171 5495 Cor.
3204 5453 3259 5509 v,
3293 5438 3380 5497 18.

1405 5625 1650 5682 VARl/E
1689 5624 2081 5683 LECTIONES
2120 5623 2210 5680 ET
2242 5619 2799 5680 CORRECTIONES.

464 5751 510 5792 “
542 5769 634 5830 γρο
664 5751 790 5830 γάρο
