4034 6414
276 375 393 430 209

1053 380 1111 434 Β.
1151 379 1428 434 MAXIM!
1466 381 1776 435 SCHOLIA
1811 383 1886 436 IN
1925 382 2058 436 LIB.
2100 384 2196 436 DE
2237 382 2508 440 DIVINIS
2546 384 2967 438 NOMINIBUS.

3610 374 3718 429 210

357 499 465 556 Καὶ
495 499 666 558 ἑστία.
701 499 913 557 Ἑστίαν
948 499 1106 556 αὐτὸν
1157 499 1372 555 πάντων
1431 499 1554 577 ἔφη,
1615 501 1689 563 ὡς
1736 499 1948 570 ο⁹ίκησιν

2139 507 2201 562 ω
2221 506 2774 563 domicilium.Vocat
2795 507 2989 577 ipsum
3023 503 3391 560 domicilium
3424 499 3717 567 omnium,

284 583 418 643 ὄντα
445 589 664 644 πάντων
703 593 812 644 τῶν
859 589 1056 664 ἁγίων,
1112 589 1188 653 ὡς
1235 589 1396 652 αὐτὸς
1449 591 1477 643 ὁ
1518 589 1712 662 Κύριός
1763 609 1950 668 φησιν·

285 678 529 735 Μείνατε
557 677 610 732 ἐν
644 676 790 751 ἐμοί’
853 676 1032 753 ὥσπερ
1082 678 1182 752 γὰρ
1224 679 1350 740 ναὸς
1380 679 1548 733 αὐτοῦ
1579 678 1762 751 ἐσμεν,
1820 680 1957 733 κατὰ

285 767 368 822 τό·
435 768 743 837 Ἐνοικήσω
796 767 847 820 ἐν
909 766 1125 836 αὐτοῖς,
1184 768 1274 822 καὶ
1328 767 1760 843 ἰμπεριπατήσω
1795 787 1807 799 ·
1871 765 1958 822 οὔ·

285 878 365 911 τω
396 857 491 911 καὶ
522 855 682 917 αὐτὸς
715 855 864 917 οἶκος
913 858 1074 928 ἡμῶν
1126 854 1258 911 ἐστι·
1312 854 1500 918 καλῶς
1533 854 1590 911 δὲ
1647 856 1801 920 εὐθὺς
1858 855 1956 911 ἐπ-

287 947 465 1019 ήγαγε
487 944 553 1000 τὸ
584 945 909 1018 ἡνωμὲνως·
970 942 1159 1014 ἐπειδὴ
1208 945 1310 1020 γὰρ
1371 946 1538 1015 εἶπεν,
1600 947 1764 1000 αὐτὸν
1824 946 1956 1000 εἶναι

289 1036 486 1101 πάντα,
518 1033 609 1088 καὶ
654 1032 705 1088 ἐν
757 1034 909 1105 αὐτῷ
960 1033 1024 1088 τὰ
1067 1033 1264 1099 πάντα,
1291 1031 1383 1088 ’ίνα
1417 1036 1491 1106 μή
1523 1055 1629 1102 τις,
1663 1033 1740 1096 εἷς
1773 1035 1956 1097 σύνθε-

288 1144 371 1178 σιν
399 1125 494 1177 τὸν
525 1126 650 1177 νοῦν
705 1122 1056 1198 καταγαγὼν,
1093 1123 1313 1178 ἐκπέσοι
1367 1130 1469 1192 τῆς
1510 1121 1787 1193 ἀληθείας,
1822 1124 1956 1178 ὑπο·-

285 1215 428 1266 νοῶν
459 1211 669 1266 ἅπαντα
720 1212 1117 1286 συμφορεῖσθαι
1171 1208 1422 1286 σωρηδὸν
1475 1210 1527 1266 ἓν
1586 1211 1666 1284 τῷ
1725 1212 1861 1283 Θεῷ,
1920 1213 1954 1280 ἢ

284 1301 423 1356 κατᾶ
475 1302 576 1370 τὴν
628 1300 874 1363 emam
924 1300 1016 1354 τὸν
1066 1300 1195 1355 Θεὸν
1230 1301 1364 1355 εἶναι
1393 1300 1462 1355 τὰ
1490 1298 1684 1367 πᾶντα,
1741 1300 1956 1376 ταχέως

286 1388 612 1463 ἐθεράπευσε
640 1389 702 1443 τὸ
732 1388 1094 1464 ἀπιμφαῖνον,
1147 1389 1314 1443 εἰπὼν
1365 1391 1645 1462 ἡνωμένα,
1679 1390 1954 1444 τουτέστιν

1275 1479 1294 1501 Χ
1346 1479 1471 1501 .(,ὶ-
1517 1477 1532 1501 Ξ
1577 1476 1636 1501 ,ιο

291 1564 766 1642 ὗπερηπλωμὲνον
801 1567 1020 1640 ἀμερῶς
1052 1567 1143 1621 καὶ
1178 1568 1395 1641 ἀμιγῶς
1437 1571 1558 1629 τοῖς
1616 1567 1762 1621 οὖσιν
1824 1567 1959 1621 εἶναι

287 1656 356 1710 τὰ
400 1655 578 1710 πάντα
626 1655 714 1709 καὶ
776 1653 830 1709 ἦν
862 1660 1046 1709 πᾶσιν·
1080 1653 1228 1710 ἀλλᾶ
1275 1655 1364 1709 καὶ
1425 1655 1669 1730 ἀσχέτως
1701 1654 1841 1709 ἐστὶν
1902 1654 1954 1710 ἐν

287 1751 479 1812 πᾶσιν,
502 1743 622 1799 ἀντὶ
652 1747 774 1814 τοῦ,
808 1744 897 1798 ὑπ’
929 1741 1140 1806 οὐδενὸς
1191 1743 1580 1818 κατεχόμενος,
1612 1745 1647 1814 ἢ
1693 1764 1959 1819 περιγρα-

2067 603 2131 647 ut
2162 595 2260 664 qui
2293 597 2370 650 sit
2395 601 2731 651 sanctorum
2764 594 3030 649 omnium
3056 593 3360 659 habitatio,
3392 591 3549 646 sicut
3594 589 3721 661 ipse

2067 682 2354 739 Dominus
2377 685 2692 740 aitzManete
2717 687 2774 740 in
2799 700 2884 739 me
2907 681 3536 754 (m).Quemadmodum
3559 679 3720 734 enim

2067 773 2354 843 templum
2378 775 2567 844 ipsius
2591 790 2823 841 sumus,
2843 774 3012 842 juxta
3036 769 3533 826 illud:lnhabitabo
3555 771 3616 822 in
3637 770 3722 839 ip-

2065 863 2220 929 sis,et
2238 862 2709 934 inambulub0(n);
2736 862 2818 916 ita
2834 862 3008 916 etiam
3029 861 3153 931 ipse
3168 864 3258 914 est
3271 859 3482 912 domus
3497 860 3720 923 nostra;

2069 956 2220 1005 recte
2253 956 2448 1007 autem
2483 953 2680 1007 statim
2714 950 3024 1021 subjunxit
3056 945 3727 1017 unite;quandoquidem

2069 1039 2226 1094 enim
2254 1041 2689 1112 dixerit,ipsum
2722 1056 2851 1095 esse
2883 1039 3083 1093 omnia
3105 1043 3162 1092 et
3183 1038 3240 1090 in
3265 1038 3392 1106 ipso
3415 1035 3634 1100 omnia,
3655 1050 3727 1088 ne

2071 1129 2288 1199 aliquis
2321 1135 2579 1185 mentem
2615 1130 2672 1184 in
2705 1128 3192 1199 compositionem
3229 1125 3727 1180 inducensavero

2068 1219 2381 1287 excideret,
2414 1219 2710 1274 arbitrans
2741 1218 3015 1273 universa
3063 1216 3376 1271 acervatim
3428 1213 3489 1267 in
3540 1211 3727 1266 Deum

2069 1307 2342 1372 conferri,
2378 1311 2481 1362 aut
2502 1307 2686 1362 Deum
2715 1306 3040 1361 secundum
3065 1305 3400 1374 opinionem
3434 1317 3562 1357 esse
3595 1299 3727 1354 uni-

2066 1412 2393 1460 versa,mox
2418 1395 2842 1450 absurditatem
2867 1393 3362 1460 curavit,dicendo
3386 1389 3624 1460 unite,id
3640 1392 3730 1444 est

2069 1484 2128 1539 in
2157 1485 2391 1555 propria
2414 1486 2662 1551 unitate,
2697 1485 2840 1554 quin
2875 1485 3071 1554 potius
3094 1499 3274 1554 supra
3299 1481 3584 1536 unitatem
3609 1495 3729 1533 ma-

2069 1581 2302 1629 nentem
2327 1575 2680 1646 explicatum
2705 1575 2832 1628 sine
2854 1572 3140 1627 divisione
3178 1577 3234 1626 et
3273 1570 3550 1625 mistione
3587 1583 3723 1623 cum

2068 1664 2243 1719 rebus
2261 1680 2389 1718 esse
2409 1663 2608 1718 omnia
2625 1663 2751 1717 etin
2771 1661 3077 1717 omnibus:
3096 1676 3299 1715 verum
3319 1659 3497 1714 etiam
3509 1662 3589 1712 est
3604 1658 3725 1711 sine

2066 1750 2372 1805 detentione
2389 1752 2446 1805 in
2469 1750 2916 1821 omnibus,pro,a
2935 1748 3099 1804 nullo
3122 1747 3724 1817 comprehensus,aut

289 1837 532 1911 φάμενος
565 1838 916 1905 σωματικῶς,
949 1833 1105 1909 ἐξῃρη
1121 1832 1294 1907 μὲνως
1329 1831 1385 1888 δὲ
1421 1832 1657 1907 μᾶλλον·
1711 1831 1810 1904 ἔξω
1856 1831 1958 1908 γάρ

2091 1839 2555 1910 :ircumscriptus
2587 1837 3004 1909 corporaliter;
3038 1837 3252 1891 eximie
3295 1851 3430 1890 vero
3479 1833 3669 1904 magis
3705 1848 3718 1885 :

289 1924 404 1980 ἔστι
433 1929 545 1979 τῶν
595 1922 870 1993 ἁπάντων,
919 1921 1162 1996 οὐδαμοῦ
1211 1921 1307 1992 ὢν,
1340 1923 1392 1994 ἐξ
1424 1925 1592 1978 αὐτοῦ
1622 1924 1838 1978 πάντων
1868 1919 1955 1976 ὅν-

286 2035 421 2082 των,
455 2013 547 2068 καὶ
605 2013 771 2074 αὐτὸς
830 2011 883 2067 ἐν
917 2016 1100 2068 πᾶσιν
1166 2011 1219 2083 ἐξ
1276 2013 1446 2066 αὐτοῦ
1501 2013 1603 2087 γὰρ
1661 2013 1728 2067 τὰ
1785 2012 1958 2066 πάντα

289 2122 614 2171 συνεστηκε·

365 2189 552 2244 Πάντα
577 2186 635 2245 δὶ
665 2185 879 2252 ἁπλῶς.
902 2189 1184 2244 Τουτέστιν
1210 2187 1530 2254 ἀσυνθέτως·
1564 2189 1615 2244 ἐν
1651 2186 1832 2243 οὐδενὶ
1855 2187 1958 2263 γὰρ

287 2283 400 2335 τῶν
435 2276 607 2334 ὄντων
630 2278 940 2350 συνετάθηῆ
972 2283 1300 2352 σωματικῶς
1326 2279 1542 2348 ἡνώθη,
1575 2277 1620 2332 εἷ
1654 2284 1730 2351 μὴ
1782 2276 1833 2332 ἐν
1880 2281 1960 2349 τῷ

285 2373 472 2443 καιρῷ
500 2371 602 2438 τῆς
633 2367 972 2440 οἰκονομίας.

366 2457 537 2514 Θείων
616 2456 939 2535 φασμάτων.
1013 2459 1138 2515 ’Ότι
1216 2457 1472 2534 φάσματα
1537 2455 1694 2512 καλεῖ
1751 2457 1849 2518 τὰς
1907 2454 1960 2510 ἒν

288 2542 605 2620 συμϐόλοις
628 2543 1006 2620 ἀποκαλύψεις
1033 2550 1132 2601 τοῦ
1162 2550 1316 2616 Θεοῦ,
1346 2545 1437 2600 καὶ
1466 2547 1530 2601 τὸ
1558 2549 1676 2607 πῶς
1707 2545 1840 2600 αὐτὸ
1872 2545 1962 2599 λέ-

288 2657 402 2712 γει,
436 2657 507 2706 ση
518 2635 764 2706 μείωσαι.

370 2724 749 2798 Ἀνακτόροις.
837 2721 1111 2794 Ἕλληνες
1201 2721 1472 2799 ἀνάκτορα
1550 2721 1776 2778 ἐκάλουν
1853 2727 1960 2778 τῶν

289 2816 425 2888 παρ’
484 2813 670 2877 αὐτοῖς
723 2816 856 2876 θεῶν
917 2814 985 2867 τὰ
1014 2813 1236 2885 τεμένηο
1271 2812 1520 2889 ἐμφαίνει
1550 2810 1639 2867 οὖν
1672 2813 1699 2867 ὁ
1724 2814 1875 2888 ἅγιος
1911 2812 1961 2867 ἐν

293 2903 520 2964 τούτοις
571 2902 633 2957 τὸ
689 2903 837 2975 παρᾶ
892 2906 970 2973 τῷ
1027 2899 1239 2971 Ἠσαίᾳ·
1301 2898 1452 2955 δοκεῖ
1486 2902 1586 2975 γὰρ
1639 2899 1690 2954 ἐν
1747 2907 1828 2972 τῷ
1857 2905 1966 2973 ναῷ

298 2990 662 3067 ὑπαγορεύειν
722 2991 881 3046 αὐτὸν
931 2991 1221 3066 ἑωρακέναι
1278 2991 1378 3059 τὴν
1434 2991 1574 3044 θείαν
1608 2988 1817 3061 ἐκείνην
1849 2989 1966 3062 [δό-

290 3082 384 3153 ξαν
418 3081 539 3152 καὶ]
570 3077 717 3153 ὄψιν,
741 3081 841 3150 τήν
873 3083 970 3133 τοῦ
1001 3079 1258 3157 σεραφίμ’
1291 3079 1357 3133 τὰ
1388 3076 1446 3133 δὲ
1483 3079 1606 3149 ἑξῆς
1637 3079 1847 3155 εἷ’ρηται
1880 3077 1968 3134 διὰ

289 3173 394 3241 τήν
428 3173 531 3225 τοῦ
563 3167 829 3238 Ἰεζεκιήλ
863 3167 1074 3242 ὅρασιν,
1103 3170 1200 3237 τήν
1232 3166 1285 3223 ἐν
1318 3163 1627 3238 Βαϐυλῶνι,
1661 3169 1750 3223 καὶ
1783 3169 1964 3244 ἑτέρας

288 3261 448 3321 τινὰς
483 3257 735 3333 θεωρίας.

370 3348 470 3402 Καὶ
506 3344 740 3408 θώκους.
773 3346 1033 3421 Θρόνους.

375 3431 708 3510 Συμϐολικῇ
761 3434 1036 3510 θεολογίᾳ.
1086 3431 1270 3490 ’Ἄλλο
1302 3433 1579 3509 σύνταγμα
1619 3434 1965 3507 ὑπισχνεῖται

293 3528 557 3603 γράφειν,
589 3524 722 3599 ὅπερ
747 3521 908 3579 καλεῖ
933 3518 1292 3596 Συμϐολικήν
1321 3521 1624 3598 θεολογίαν.

370 3620 428 3670 '0
461 3613 806 3690 ἱεραρχικός.
842 3614 1164 3686 Σημείωσαι
1191 3613 1277 3668 ὅτι
1310 3609 1545 3686 μάλιστα
1581 3611 1781 3689 ἱερεῦσι
1830 3612 1963 3687 πρὲ-

298 3726 390 3760 πει
419 3706 647 3779 θεωρεῖν
679 3705 780 3773 τὴν
813 3702 956 3758 θείαν
992 3703 1234 3778 Γραφήν.

380 3790 673 3854 Θεοειδεῖς.
707 3791 860 3846 Ἀντὶ
889 3795 985 3846 τοῦ
1017 3796 1316 3870 θεοφανεῖς.

373 3971 473 4028 Καὶ
499 3972 617 4028 ὦτα
647 3972 788 4046 ἱερά.
830 3973 965 4026 Ὦτα
1021 3967 1386 4026 διεντέλλεται
1440 3971 1563 4047 ἰερὰ
1614 3977 1735 4034 τοῖς
1791 3973 1969 4046 ἁγίοις

294 4060 720 4136 παρατίθεσθαι,
752 4059 1026 4116 τουτέστιν
1059 4059 1230 4129 ἀκοὴν
1265 4055 1460 4130 εὐσεϐῆ
1509 4060 1601 4116 καὶ
1659 4060 1803 4134 ἀξίαν
1856 4065 1964 4117 τῶν

298 4153 374 4226 ἀγ
383 4150 478 4206 ίων

375 4240 691 4312 Ἀμύστων.
763 4241 1025 4296 Τουτὲστι
1089 4243 1196 4295 τῶν
1260 4237 1544 4312 ἀμυήτων
1604 4239 1687 4296 ὅτι
1747 4241 1775 4294 ὁ
1839 4240 1972 4313 μετᾶ

295 4328 552 4404 γέλωτος
605 4327 695 4382 καὶ
747 4326 1080 4402 ἐμπαιγμῶν
1099 4333 1208 4384 τῶν
1244 4327 1398 4392 θείων
1431 4328 1642 4384 ἀκούων
1676 4331 1907 4404 Λογίων,
1934 4329 1969 4398 ἢ

293 4421 412 4472 τῶν
441 4416 567 4490 περὶ
600 4415 737 4471 αὐτᾶ
761 4417 1082 4493 ἐρμηνειῶν,
1117 4417 1191 4479 ὡς
1226 4418 1504 4491 θεομάχος
1552 4418 1812 4494 κρίνεται.
1875 4423 1971 4475 Τι-

300 4506 496 4580 μοθὲῳ
553 4503 610 4559 δὲ
656 4503 853 4582 γράφει
907 4504 996 4560 καὶ
1057 4506 1085 4560 ὁ
1141 4504 1498 4573 Ἀπόστολος,
1532 4505 1615 4560 δτι
1647 4507 1710 4561 οὐ
1744 4505 1826 4562 δεῖ
1852 4513 1972 4569 τοῖς

2067 1934 2156 1983 est
2185 1929 2342 1983 enim
2375 1933 2539 1983 extra
2571 1928 2846 1982 universa
2877 1941 3171 1996 nusquam
3221 1923 3536 1991 exsistens,
3585 1937 3718 1976 cum

2065 2018 2266 2073 omnia
2293 2033 2362 2072 ex
2392 2015 2519 2088 ipso
2550 2017 2670 2072 sint
2698 2021 2755 2070 et
2785 2016 2912 2086 ipse
2940 2015 3000 2069 in
3032 2013 3310 2070 omnibus
3341 2029 3354 2066 :
3389 2027 3458 2067 ex
3486 2011 3614 2080 ipso
3636 2008 3717 2064 si-

2067 2106 2306 2177 quidem
2339 2106 2611 2161 universa
2641 2106 2994 2160 consistunt.

2139 2194 2240 2250 Sed
2270 2196 2528 2250 universa
2555 2192 2900 2264 simpliciter.
2935 2193 2997 2247 Id
3030 2195 3120 2246 est
3167 2191 3294 2245 sine
3344 2185 3720 2260 compositio-

2070 2300 2176 2351 ne;
2209 2300 2342 2339 cum
2378 2283 2538 2338 nulla
2567 2283 2724 2338 enim
2758 2300 2818 2338 re
2849 2283 3214 2353 compositus
3241 2279 3351 2333 fuit
3383 2291 3486 2333 aut
3514 2292 3720 2346 corpo-

2070 2373 2271 2429 raliter
2302 2373 2525 2437 unitus,
2559 2372 2676 2428 nisi
2705 2372 2762 2425 in
2794 2377 3054 2442 tempore
3087 2367 3528 2423 incarnationis.

2140 2462 2356 2518 Divinis
2383 2462 2537 2517 visis.
2574 2462 2712 2516 Visa
2742 2465 2906 2516 vocat
2953 2458 3337 2514 revelationes
3387 2455 3488 2510 Dei
3534 2454 3591 2508 in
3646 2454 3723 2508 si-

2071 2551 2240 2623 gnis;
2274 2556 2414 2606 nota
2443 2550 2621 2606 etiam
2653 2550 2947 2620 quomodo
2980 2547 3124 2602 illud
3157 2545 3333 2601 dicat.

2144 2731 2207 2784 In
2233 2727 2404 2784 sacris
2435 2727 2673 2798 templis.
2720 2727 2816 2782 Gr.
2868 2725 3206 2797 ἀνακτόροις.
3254 2722 3512 2778 Gentiles
3561 2736 3726 2776 voca-

2074 2819 2218 2873 bant
2261 2814 2524 2889 ἀνάκτορα
2573 2817 2816 2870 deorum
2870 2831 3113 2870 suorum
3159 2811 3423 2866 delubra.
3475 2810 3729 2865 Sanctus

2074 2907 2252 2977 igitur
2281 2905 2541 2962 declarat
2572 2905 2630 2958 in
2665 2905 2755 2960 bis
2785 2903 2930 2958 illud
2965 2902 3158 2968 Isaias;
3192 2901 3420 2954 videtur
3445 2899 3600 2954 enim
3633 2899 3724 2952 in-

2075 2995 2383 3068 terpretari
2415 2995 2610 3066 ipsum
2645 2993 2864 3049 vidisse
2893 2993 2951 3045 in
2984 2989 3206 3061 templo
3257 2989 3516 3042 divinam
3563 2987 3725 3042 illam

2075 3084 2344 3157 [gloriam
2376 3085 2452 3154 et]
2499 3083 2783 3138 visionem
2832 3079 3151 3150 seraphin].
3205 3080 3340 3143 Quae
3389 3081 3585 3131 autem
3636 3091 3725 3129 se-

2078 3175 2528 3246 quuntur,dicta
2560 3178 2700 3228 sunt
2731 3178 2967 3242 propter
2996 3169 3282 3224 visionem
3318 3165 3636 3221 Ezechielis
3668 3165 3727 3218 in

1989 3241 2032 3308 C
2074 3241 2386 3335 Babylone,
2420 3269 2476 3316 et
2505 3241 2795 3330 quasdam
2827 3259 2976 3314 alias
3004 3258 3282 3312 visiones.

2143 3355 2218 3406 Et
2249 3353 2393 3420 sede,
2423 3351 2520 3407 Gr.
2553 3348 2642 3402 καὶ
2676 3348 2906 3410 θώκους.
2938 3347 3224 3401 Thronos.

2145 3440 2458 3511 Symboiicu
2490 3434 3087 3506 theologia.Promittit
3117 3451 3179 3490 se
3211 3433 3373 3489 aliud
3407 3447 3556 3502 opus
3586 3430 3729 3485 scri-

2075 3535 2342 3602 pturum,
2377 3528 2532 3598 quod
2564 3532 2728 3582 vocat
2759 3523 3136 3595 Symbolicum
3165 3519 3515 3588 theologiam.

2147 3617 2625 3674 Hierarurchicus.
2656 3615 2802 3670 Nota
2833 3614 3090 3668 maxime
3121 3611 3430 3665 convenire
3461 3608 3732 3664 sacerdo-

2073 3708 2235 3763 tibus
2265 3706 2527 3762 divinam
2559 3704 2922 3774 Scripturam
2958 3698 3364 3772 contemplari.

2146 3798 2296 3852 107
2337 3794 2660 3865 Dei/armes,
2691 3797 2788 3847 Gr.
2826 3786 3106 3854 θεοειδεῖς.
3141 3793 3251 3844 Pro
3282 3787 3582 3860 θεοφανεῖς,
3633 3784 3736 3856 qui

2076 3886 2157 3942 dii
2187 3890 2499 3958 apparent.

2148 3979 2214 4032 Et
2241 3991 2426 4031 sacra:
2457 3989 2640 4028 aures.
2676 3970 3019 4042 Praecipitur
3050 3967 3272 4025 sanctis
3304 3970 3370 4021 ut
3399 3980 3599 4021 sacras
3631 3980 3738 4018 au-

2079 4081 2172 4120 res
2204 4065 2576 4130 admoveant,
2611 4061 2668 4116 id
2696 4066 2785 4117 est
2810 4059 3177 4116 auditionem
3211 4056 3385 4128 piam,
3415 4059 3474 4110 et
3517 4051 3740 4110 sanctis

2079 4153 2342 4225 dignam.

2157 4233 3020 4313 Pro/anorum,Gr.&poatwv.Id
3047 4239 3137 4291 est
3166 4250 3282 4289 non
3317 4230 3688 4287 initiatorum
3727 4245 3740 4284 :

2083 4347 2294 4401 nempe
2323 4330 2425 4400 qui
2460 4345 2594 4384 cum
2628 4328 2748 4382 risu
2781 4333 2838 4382 et
2867 4325 3124 4381 ludibrio
3165 4321 3395 4378 divinos
3445 4335 3745 4376 sermones

2084 4419 2271 4483 audit,
2291 4428 2390 4473 aut
2411 4433 2612 4472 eorum
2645 4413 3184 4484 interpretationes,
3219 4416 3502 4480 tanquam
3535 4405 3740 4476 θεομά-

2087 4525 2187 4581 χος
2219 4508 2430 4578 (hostis
2462 4506 2586 4577 Dei)
2608 4504 2932 4575 judicatur.
2958 4501 3175 4557 Scribit
3200 4506 3397 4554 autem
3431 4495 3742 4552 Timotheo

303 4597 388 4668 μή
450 4592 778 4670 δεχομένοις
834 4595 928 4650 τὸν
990 4593 1154 4671 λόγον
1211 4593 1263 4650 ἐν
1321 4592 1552 4667 ἂληθείᾳ
1612 4594 1800 4652 λαλεῖν
1850 4618 1950 4671 περ

2091 4596 2409 4670 apostolus,
2442 4613 2558 4650 non
2579 4610 2708 4648 esse
2731 4591 3139 4647 disserendum
3163 4589 3234 4643 de
3259 4587 3480 4642 talibus
3502 4600 3637 4639 cum
3671 4582 3746 4639 iis

299 4683 607 4741 τοιούτων.

817 4776 933 4830 ΕΙΣ
975 4774 1070 4830 ΤΟ
1111 4775 1369 4829 ΚΕΦΑΛ.
1401 4774 1478 4831 Β’.

380 4865 413 4935 Ξ
458 4864 500 4918 Ι.
560 4863 674 4931 Τήν
740 4863 1065 4938 θεαρχικήν.
1131 4862 1224 4918 Ἐκ
1277 4865 1374 4916 τοῦ
1430 4861 1727 4939 κεφαλαίου
1781 4864 1979 4919 τούτου

307 4948 562 5025 μάλιστα
600 4951 690 5006 καὶ
731 4950 1006 5026 Ἀρειανοὶ
1062 4949 1152 5004 καὶ
1211 4949 1544 5023 Εὐνομιανοὶ
1602 4952 1664 5006 τὸ
1717 4952 1979 5024 ἀνόμοιον

301 5033 706 5115 πρεσϐεύοντες
757 5038 1172 5113 πολεμοῦνται,
1232 5039 1322 5093 καὶ
1375 5041 1724 5114 Νεστοριανοὶ
1783 5039 1841 5096 δὲ
1890 5041 1980 5095 καὶ

302 5127 978 5206 Ἀκέφαλοι.Θεαρχικήν
1036 5125 1094 5182 δὲ
1117 5129 1162 5166 ⁸³
1221 5126 1357 5198 ὅλην
1417 5126 1635 5204 ὕπαρξίν
1693 5151 1827 5208 φησι
1883 5137 1983 5200 τῆς

387 5238 494 5310 (m)
525 5237 695 5296 Joan.
730 5255 827 5304 xv,
861 5239 910 5301 4.
989 5237 1068 5309 (η)
1104 5237 1152 5292 Il
1180 5240 1306 5294 Cor.
1340 5254 1419 5306 vr,
1451 5239 1538 5294 16.

2089 4687 2190 4758 qui
2223 4685 2466 4740 verbum
2500 4684 2558 4738 in
2593 4682 2834 4738 veritate
2864 4696 2979 4734 non
3007 4677 3320 4748 recipiunt.

2722 4770 2792 4826 IN
2833 4769 2985 4825 CAP.
3028 4767 3096 4822 Il.

2160 4863 2190 4936 §
2223 4865 2268 4919 Ι.
2299 4861 2670 4918 Divinam.Ex
2699 4860 2809 4916 hoc
2840 4857 3028 4927 capite
3060 4854 3314 4910 maxime
3345 4868 3482 4907 cum
3514 4846 3744 4917 Ariani,

2089 4957 2216 5008 tum
2248 4948 2738 5019 Eunomiani,qui
2773 4943 3236 5016 inaqualitatem
3269 4943 3352 5011 (in
3384 4936 3748 4996 SS.Trinita-

2091 5042 2170 5113 te)
2203 5045 2497 5106 asserunt,
2530 5040 3138 5109 Oppugnantur;tum
3189 5031 3365 5086 etiam
3417 5026 3751 5113 Nestoriani

2091 5112 2159 5184 et,
2194 5127 2496 5198 Acephali.
2540 5125 2802 5182 Divinam
2837 5127 3024 5178 autem
3055 5123 3227 5176 totam
3258 5113 3646 5174 exsistentiam
3671 5112 3755 5168 di-

1336 5337 1579 5392 νΑΒΙιΕ
1617 5335 2010 5393 LECTIONES
2050 5335 2140 5391 ET
2178 5333 2741 5391 CORRECTIONES.

387 5423 438 5501 ξ’
466 5443 556 5498 γρ.
591 5423 688 5486 Εἰς
735 5424 808 5501 τὸ.
855 5421 1152 5501 κεφᾼάλαιον
1205 5427 1400 5501 τοῦτο.
1422 5425 1520 5501 to“
1543 5421 1789 5501 δεύτερον
1844 5423 2078 5499 μάχεται
2114 5423 2351 5501 μάλιστα
2379 5427 2508 5476 πᾶσι
2539 5426 2656 5482 τοῖς
2688 5422 2750 5501 το
2780 5417 3046 5501 ἀνόμοιον.
3068 5412 3476 5501 πρεσβεύουσιν,
3546 5411 3754 5501 Ἀρειμ-

315 5499 440 5572 νοῖς
480 5483 684 5572 Ἱρημι,
725 5496 845 5572 καὶ,
897 5483 1253 5572 Ε’ὐνομιανοῖς
1316 5495 1406 5550 καὶ
1467 5483 2176 5572 Μακεδονισταιῖςίίμετέξὺ
2251 5492 2307 5548 δὲ
2392 5483 2952 5572 Νεστοριακξοῖςκ“καὲ
2991 5483 3352 5572 -⁹Α.κέφαίλοις.
3430 5483 3630 5558 Θεαρχὀ
3691 5483 3753 5537 In

315 5569 425 5625 hoc
457 5562 692 5624 secundo
721 5571 902 5641 capite
942 5562 1192 5625 maicime
1218 5573 1427 5640 pugnat
1458 5587 1580 5624 cum
1630 5572 1880 5627 omnibus
1910 5562 2002 5624 es
2036 5562 2140 5639 qui
2170 5562 2608 5640 ianualitawin
2638 5566 2745 5641 __(in
2770 5564 2872 5641 SS.
2907 5562 3214 5641 Trinitate)
3273 5565 3560 5641 paverunt,
3594 5570 3752 5639 nem-

313 5655 386 5713 pe
416 5655 546 5696 cum
573 5629 826 5713 Arionis,
858 5629 1229 5700 Eunomianis'
1275 5629 1326 5697 et
1380 5642 1824 5700 Macedonianis:
1877 5629 2162 5699 interdum
2217 5629 2388 5698 etiam
2445 5656 2568 5695 cum
2627 5629 2969 5693 Nestorianis
3014 5641 3066 5692 et
3125 5629 3436 5705 Acephatis.
3490 5629 3753 5684 Divinam

319 5715 544 5781 autem,
581 5717 671 5770 etc
