4034 6388
390 355 492 410 211
1215 357 1580 409 APPENDIX
1618 358 1714 409 AD
1752 355 1996 408 OPEBA
2032 355 2091 408 S.
2131 353 2447 409 DIONYSII
2485 354 2990 409 AREOPAGITE.
3694 358 3786 414 212

397 478 719 546 cit,sancta
753 481 810 533 et
838 476 1024 534 solius
1056 477 1370 534 adoranda
1398 477 1704 534 Trinitatis
1751 477 1811 531 in
1855 475 2048 532 tribus

2192 474 2321 549 γίας
2373 475 2463 530 καὶ
2519 476 2690 549 μόνης
2736 481 3119 552 προσκυνητῆς
3164 472 3399 549 Τριάδος
3424 477 3522 547 τὴν
3553 476 3603 531 ἐν
3630 481 3784 553 τρισὶν

399 566 804 623 subsistentiis
824 567 1118 639 cognitam
1145 565 1534 633 divinitatem;
1555 565 1862 621 consuevit
1893 563 2052 619 enim

2197 563 2489 620 ποστάσεσι
2570 566 2980 641 γνωριζομένην
3040 566 3289 636 θεότητα·
3341 561 3461 630 ἔθος
3506 568 3607 642 γὰρ
3660 568 3788 642 αὖτῷ

400 661 572 712 totam
621 655 972 711 divinitatem
1019 673 1224 712 vocare
1273 655 1760 728 augustissimam
1807 653 2055 708 Trinita-

2197 650 2300 722 λην
2362 653 2591 725 θεότητα
2648 653 2834 710 καλεῖν
2890 655 2988 724 τήν
3041 649 3335 728 σεϐασμίαν
3395 653 3610 731 Τριάδα·
3668 657 3783 729 αὕτη

400 751 553 814 tem;
587 746 882 818 siquidem
918 747 1058 815 hac,
1093 752 1150 802 et
1181 747 1320 819 quid
1354 747 1426 803 sit
1469 751 1592 802 tota
1639 746 1916 801 divinitas
1964 759 2052 799 se-

2192 739 2261 816 dp
2305 743 2394 796 καὶ
2441 743 2492 797 τί
2537 742 2678 799 ἐστιν
2739 742 2843 815 ὅλη
2891 743 3083 814 θεότης
3133 743 3328 813 ἐαυτήν
3357 743 3789 801 ἀποκαλύπτουσα

402 835 593 907 ipsam
627 836 890 891 revelans
921 852 1044 891 cum
1071 852 1425 906 personarum
1453 836 1797 905 deﬁnitione,
1853 834 1910 889 id
1964 837 2054 889 est

2192 831 2280 884 ιετ’
2365 832 2673 909 ἀφορισμοῦ
2756 838 2866 889 τῶν
2949 835 3282 910 προσώπων,
3367 833 3602 888 τουτέστι
3673 836 3790 907 μετά

402 942 537 981 cum
561 925 846 981 divisione
871 928 1090 981 sanctis
1109 925 1633 992 declaravit,trium
1665 940 2052 996 personarum

404 1014 794 1086 proprietates
852 1031 1164 1086 exponens,
1218 1031 1345 1071 esse
1403 1019 1656 1081 Patrem,
1703 1018 1760 1068 et
1816 1012 2052 1082 Filium,

403 1108 463 1159 et
492 1103 776 1174 Spiritum
807 1109 1112 1172 sanctum;
1145 1109 1264 1159 tres
1311 1105 1467 1158 enim
1523 1120 1642 1158 una
1689 1107 1746 1158 et
1792 1106 1916 1157 tota
1962 1105 2053 1156 at-

405 1209 523 1265 que
552 1193 677 1248 sola
703 1193 1014 1261 divinitas;
1049 1193 1356 1249 sciendum
1389 1198 1588 1248 autem
1616 1187 1838 1266 ὕπαρξιν
1873 1190 2056 1246 exsis-

407 1281 653 1337 tentiam
689 1297 802 1336 non
835 1281 949 1336 dici
978 1283 1210 1353 proprie
1260 1283 1331 1338 de
1378 1282 1524 1351 Deo;
1577 1287 1668 1337 est
1713 1281 1871 1337 enim
1921 1299 2056 1353 προ-

409 1367 634 1444 ύπαρξις
663 1371 1130 1442 praexsistentia,
1163 1371 1220 1426 id
1247 1380 1335 1427 est
1365 1371 1541 1426 etiam
1573 1375 1706 1426 ante
1735 1369 1926 1442 ipsam
1957 1386 2058 1425 ex—

412 1460 745 1517 sistentiam
782 1478 794 1515 :
829 1459 1109 1530 quoniam
1142 1464 1338 1515 autem
1371 1460 1566 1516 omnis
1612 1459 1951 1515 exsistentia
1992 1474 2062 1514 ex

409 1552 561 1623 ipso,
595 1566 664 1605 ex
693 1549 765 1606 iis
806 1565 929 1621 qua
980 1565 1084 1620 per
1131 1549 1328 1621 ipsum
1377 1554 1661 1622 apparent
1708 1548 2059 1622 appellatur,

413 1643 478 1696 ut
509 1639 687 1696 etiam
719 1655 900 1710 supra
925 1637 1046 1693 hac
1077 1638 1461 1711 intelligatur.

484 1728 778 1800 Deﬁniens.
814 1729 876 1783 Id
910 1732 1022 1798 est,
1054 1728 1361 1785 declarans
1390 1732 1449 1784 et
1477 1729 1815 1785 ostendens.

481 1910 714 1964 Summa
742 1909 974 1976 deitate,
1007 1909 1104 1965 Gr.
1135 1908 1236 1976 τὴν
1271 1905 1548 1982 θεαρχίαν.
1583 1909 1730 1964 Nota
1757 1909 1924 1981 {quod
1975 1907 2066 1964 di-

414 1999 607 2054 ctione
639 1997 900 2053 bumano
928 1999 1102 2053 modo
1136 2005 1393 2070 accepla,
1424 1998 1618 2069 ipsam
1651 1997 1944 2054 divinitati
1977 2002 2066 2053 at-

415 2087 660 2153 tribuat,
691 2092 928 2158 propter
957 2103 1218 2158 persona
1249 2087 1560 2143 unitatem.

486 2177 605 2231 Non
629 2176 974 2245 partialiter.
1010 2177 1183 2232 Recte
1210 2176 1358 2232 illud
1389 2193 1501 2232 non
1529 2179 1866 2248 partialiter.
1918 2177 2066 2249 Ope-

416 2265 674 2321 rationes
705 2266 862 2321 enim
890 2271 948 2322 et
979 2265 1266 2321 universa
1314 2265 1622 2338 theologia
1671 2267 1896 2333 laudes,
1951 2283 2065 2322 non

415 2355 518 2411 uni
548 2359 603 2412 et
633 2356 743 2411 soli
776 2372 1162 2428 personarum
1183 2356 1390 2420 divina
1413 2357 1721 2413 Trinitatis
1750 2357 2065 2430 separatim

417 2445 847 2510 attribuuntur,
881 2445 980 2500 sed
1015 2445 1155 2516 ipsa
1187 2461 1533 2501 communes
1582 2451 1722 2502 sunt
1771 2445 2066 2515 Trinitati,

416 2539 654 2605 excepta
684 2533 810 2589 sola
841 2533 1398 2590 incarnationezsola
1430 2534 1586 2590 enim
1617 2541 1705 2591 est
1737 2535 1890 2604 Filii,
1911 2536 2068 2592 sicut

416 2626 621 2694 postea
679 2622 857 2691 dicit;
922 2621 1057 2677 sola
1115 2628 1310 2678 autem
1371 2623 1523 2679 108
1583 2624 2066 2681 characteristica

416 2712 598 2766 trium
657 2727 1043 2783 personarum
1103 2713 1492 2784 prOprictates
1548 2713 1782 2769 divisim
1835 2718 1892 2770 et
1941 2732 2067 2787 pro-

414 2801 540 2871 prie
568 2800 884 2872 unicuique
917 2817 1178 2872 persona
1224 2801 1446 2868 insunt,
1506 2803 1660 2858 sicut
1707 2803 1859 2859 Patri
1911 2805 2064 2875 quod

415 2890 491 2946 sit
523 2890 712 2959 Pater,
762 2895 820 2945 et
869 2890 1017 2946 nulli
1069 2890 1254 2962 alteri,
1309 2892 1390 2947 ita
1437 2892 1508 2947 de
1555 2892 1699 2948 Filio
1748 2896 1806 2948 et
1849 2893 2066 2964 Spiritu

414 2983 639 3034 sancto.

486 3069 550 3122 Et
577 3069 762 3123 totius.
793 3071 943 3123 Nota
987 3067 1168 3124 totius
1217 3069 1542 3126 divinitatis
1592 3069 1938 3128 Trinitatem
1988 3072 2066 3128 si-

414 3155 703 3229 gniﬁcari.

2163 915 2476 995 διαιρέσεως
2530 928 2646 984 τοῖς
2707 924 2886 998 ἁγίοις
2934 923 3258 1000 έφανέρωσε,
3313 927 3422 978 τῶν
3457 928 3620 998 τριῶν
3671 925 3787 978 ὑπο·

2163 1010 2398 1064 στάσεων
2457 1011 2551 1072 τὰς
2601 1010 2876 1081 ἰδιότητας
2935 1013 3273 1090 ἐκφαινουσα,
3326 1011 3410 1067 δτι
3460 1013 3660 1087 Πατὴρ,
3712 1014 3790 1067 καὶ

2164 1099 2313 1171 Υἱὸς,
2363 1101 2449 1154 καὶ
2485 1102 2639 1175 ἅγιον
2665 1106 2903 1174 Πνεῦμα·
2966 1103 3016 1157 οἱ
3073 1103 3174 1177 γὰρ
3231 1108 3396 1176 τρεῖς,
3455 1101 3550 1175 μία
3584 1101 3668 1155 καὶ
3698 1101 3788 1172 ὅλη

2164 1188 2255 1242 καὶ
2291 1189 2430 1260 μόνη
2484 1190 2697 1260 θεότης·
2732 1192 2924 1246 ’ἰστέον
2951 1189 3008 1246 δὲ
3039 1193 3122 1246 ὅτι
3171 1190 3393 1266 ὕπαρξις
3457 1191 3550 1262 μὶν
3614 1189 3792 1263 κυρίως

2169 1277 2256 1332 ἐπὶ
2290 1283 2424 1333 Θεοῦ
2455 1279 2516 1333 οὺ
2550 1278 2783 1355 λέγεται·
2825 1280 2913 1335 καὶ
2965 1280 3068 1356 γάρ
3099 1279 3209 1334 ἐστι
3266 1278 3617 1354 προΰπαρξις,
3655 1299 3794 1334 τουτ-

2171 1366 2286 1422 έστι
2326 1368 2414 1421 καὶ
2463 1368 2570 1442 πρὸ
2601 1369 2772 1438 αὐτῆς
2817 1376 2917 1439 τῆς
2965 1367 3266 1445 ὑπάρξεως
3320 1365 3508 1437 ἔπειδή
3562 1367 3618 1422 6‘s
3669 1374 3797 1422 πᾶσα

2170 1453 2394 1530 ὕπαρξις
2427 1455 2476 1529 ἐξ
2508 1458 2692 1526 αὐτοῦ,
2724 1455 2783 1512 ἐκ
2810 1463 2918 1513 τῶν
2950 1455 3018 1513 δι’
3051 1458 3216 1513 αὐτοῦ
3247 1457 3515 1536 φανέντων
3558 1456 3796 1530 ὀνομάζε-

2168 1548 2335 1618 ται⁸³,
2364 1544 2457 1600 ’ἱνα
2485 1550 2661 1621 νοηθῇ
2691 1545 2780 1602 καὶ
2815 1548 2947 1624 ὑπὲρ
2975 1552 3162 1604 ταῦτα.

2247 1726 2632 1803 ’Δφορίζουσα.
2693 1728 2951 1784 Τουτέστι
3030 1725 3373 1803 γνωρίζουσα
3454 1726 3543 1780 καὶ
3622 1721 3796 1779 δεικνύ-

2096 1852 2143 1917 Β
2173 1836 2326 1874 ουσα.

2249 1908 2362 1975 Τήν
2427 1905 2726 1982 θεαρχίαν.
2779 1905 3095 1980 Σημείωσαι
3155 1903 3260 1976 ὅτι,
3320 1903 3408 1959 καὶ
3468 1901 3795 1977 ἀνθρωπίνως

2178 1993 2471 2072 λεχθείσης
2501 2004 2599 2066 τῆς
2633 2003 2836 2071 φωνῆς,
2891 1999 2958 2070 τῇ
3019 1995 3236 2066 θεότητι
3282 1995 3484 2064 ταύτην
3544 1992 3794 2062 ἀνατίθησι

2177 2082 2266 2140 διὰ
2295 2087 2393 2155 τήν
2423 2090 2521 2140 τοῦ
2544 2087 2900 2162 προσώπου⁸⁸
2926 2083 3175 2156 ἑνότητα.

2246 2175 2324 2232 Οὐ
2359 2179 2619 2248 μερικῶς.
2670 2173 2872 2236 Καλῶς
2903 2175 2966 2228 τὸ
2999 2173 3060 2228 οὐ
3119 2176 3380 2248 μερικῶς·
3439 2171 3492 2225 αἱ
3545 2168 3642 2245 γὰρ
3671 2166 3796 2241 ἐνέρ-

2174 2285 2316 2340 γειαι
2347 2265 2434 2318 καὶ
2467 2271 2632 2318 πᾶσαι
2662 2271 2763 2334 τῆς
2795 2260 3084 2338 θεολογίας
3114 2264 3169 2316 αἱ
3229 2257 3552 2336 ὑμνολογίαι
3588 2257 3686 2332 οὐχ
3735 2255 3795 2311 ivi

2175 2353 2264 2408 καὶ
2301 2354 2453 2427 μόνῳ
2481 2358 2588 2408 τῶν
2621 2360 2722 2422 τῆς
2756 2353 2900 2417 θείας
2947 2349 3182 2426 Τριάδος
3212 2348 3522 2424 προσώπων
3575 2344 3795 2415 ἀποκλη-

2178 2448 2424 2518 ρωτικῶς
2452 2443 2905 2515 ἀπονενέμηνται,
2950 2440 3076 2498 ἀλλ’
3129 2438 3284 2495 αὐταὶ
3350 2440 3446 2513 μὲν
3493 2437 3662 2492 κοιναί
3708 2434 3792 2489 εἷ’σι

2175 2540 2273 2602 τῆς
2301 2530 2551 2608 Τριάδος,
2585 2529 2717 2607 δίχα
2763 2534 2936 2605 μόνης
2988 2538 3090 2600 τῆς
3148 2530 3622 2604 ἐνανθρωπήσεως’
3673 2524 3792 2597 μόνη

2176 2623 2278 2698 γάρ
2314 2622 2423 2676 ἐστι
2457 2625 2553 2676 τοῦ
2584 2623 2730 2690 rion”),
2765 2621 2839 2683 ὡς
2872 2620 3060 2696 ἐφεξῆς
3099 2619 3270 2694 λέγει’
3335 2619 3493 2692 μόναι
3551 2613 3607 2670 δὲ
3630 2615 3679 2669 αἱ
3700 2633 3792 2688 χα-

2178 2709 2590 2786 ρακτηριστικαὶ
2638 2714 2745 2764 τῶν
2790 2714 2955 2784 τριῶν
2991 2707 3337 2764 ὑποστάσεων
3373 2705 3634 2776 ἰδιότητες
3663 2722 3794 2778 μερι-

2175 2805 2285 2862 κῶς
2317 2799 2406 2855 καὶ
2439 2798 2594 2862 ἰδίως
2630 2801 2827 2875 ἑκάστῃ
2881 2799 3169 2854 ὑποστάσει
3227 2797 3528 2874 πρόσεισιν,
3585 2797 3690 2850 οἷον
3731 2795 3796 2862 τῷ

2180 2888 2347 2963 ΙΙατρὶ
2377 2891 2439 2944 τὸ
2472 2890 2679 2965 Πατὴρ,
2711 2889 2800 2944 καὶ
2833 2888 2933 2944 οὐκ
2962 2885 3119 2960 ἄλλῳ
3146 2887 3277 2942 τινί·
3308 2885 3469 2958 ⁸οὕτω
3498 2884 3586 2940 καὶ
3614 2881 3694 2938 ἐπὶ
3718 2882 3798 2935 τοῦ

2177 2979 2304 3032 Υἱοῦ
2329 2979 2415 3033 καὶ
2450 2981 2547 3033 τοῦ
2578 2979 2735 3052 ἁγίου
2767 2977 3156 3050 Πνεύματοςθδ·

2249 3066 2354 3122 Καὶ
2401 3065 2742 3140 ὁλοκλήρου.
2795 3067 3114 3141 Σημείωσαι
3166 3063 3305 3134 ὅλης
3366 3063 3668 3135 θεότητος⁸⁶
3714 3057 3796 3126 τὴν

2179 3153 2388 3233 Τριάδα
2419 3157 2796 3229 σημαίνεσθαι.

489 3245 612 3301 Nisi
639 3247 709 3302 de
741 3249 872 3302 tota.
909 3247 1057 3305 Nota
1087 3263 1219 3302 eum
1250 3247 1352 3320 qui
1384 3248 1526 3304 dicit
1553 3248 1779 3305 divinas
1810 3249 2064 3322 appella-

2230 3223 2315 3300 Ἐἰ
2352 3247 2428 3318 μή
2458 3223 2582 3322 περὶ
2625 3252 2727 3314 τῆς
2775 3242 2935 3314 ὅλης.
2984 3241 3305 3318 Σημείωσαι
3337 3243 3418 3298 ὅτι
3450 3243 3478 3297 6
3519 3242 3593 3314 μὴ
3641 3234 3798 3296 κοινὰς

417 3335 608 3391 tiones
639 3335 882 3393 minime
911 3352 1035 3392 esse
1078 3353 1445 3405 communes,
1497 3337 1672 3409 impis
1722 3340 2071 3412 abrumpere

421 3424 708 3480 unitatem
742 3427 1053 3481 adoranda
1085 3425 1409 3482 Trinitatis.

499 3517 634 3570 Haec
657 3515 792 3570 dicit
822 3515 918 3586 qui
945 3522 1040 3571 est.
1075 3515 1410 3572 Notandum
1443 3520 1531 3571 est
1561 3520 1829 3573 sanctum
1864 3518 2072 3590 Diony-

426 3603 582 3657 sium
617 3603 925 3658 admittere
953 3603 1367 3675 Apocalypsim
1399 3607 1586 3660 sancti
1615 3607 1860 3662 Joannis
1899 3625 2072 3662 evan-

2181 3335 2313 3389 εἶναι
2347 3332 2523 3410 λέγων
2553 3336 2648 3398 τὰς
2670 3331 2999 3408 θεωνυμίας,
3027 3333 3317 3408 ἀποσχίζει
3351 3327 3555 3392 ἀσεϐῶς
3581 3329 3674 3398 τήν
3702 3325 3797 3380 ἐνό-

2176 3445 2315 3494 τητα
2342 3430 2444 3493 τῆς
2473 3430 2851 3500 προσκυνητῆς
2884 3419 3137 3496 Τριάδος.

2249 3511 2389 3571 Τάδε
2443 3511 2586 3590 λέγει
2647 3514 2674 3566 ὁ
2729 3510 2825 3569 ὢν.
2888 3512 3260 3586 Σημειωτέον,
3321 3509 3403 3566 δτι
3463 3507 3669 3584 δέχεται
3711 3503 3794 3590 τὴν

2182 3587 2546 3676 Ἀποκάλυψιν
2579 3606 2676 3657 τοῦ
2707 3599 2756 3656 ἐν
2790 3600 2964 3677 ἁγίοις
2999 3601 3252 3656 Ἰωάννου
3310 3604 3408 3655 τοῦ
3447 3587 3798 3672 εὐαγγελιστοῦ

421 3693 690 3765 gelista:
740 3692 862 3748 illic
905 3693 1062 3748 enim
1111 3693 1221 3749 hoc
1269 3693 1493 3750 dictum
1537 3695 1846 3766 reperitur.
1897 3696 2064 3751 Porro

2192 3691 2209 3744 5
2242 3691 2396 3766 ἅγιος
2431 3691 2590 3754 οὗτος
2623 3690 2920 3746 Διονύσιος·
2956 3689 3069 3745 ἐκεῖ
3087 3689 3192 3765 γάρ
3222 3689 3335 3744 ἐστι
3365 3689 3426 3744 τὸ
3455 3687 3610 3764 ῥητὸν
3635 3686 3793 3740 τοῦτο.

418 3786 692 3838 sanctum
707 3782 1051 3854 Dionysium
1073 3797 1356 3853 cognosse
1376 3783 1638 3838 divinum
1651 3783 2072 3855 evangelistam

418 3873 562 3927 dum
593 3871 651 3926 in
687 3872 889 3926 Patmo
917 3871 1280 3928 versabatur.
1313 3871 1415 3927 ubi
1446 3872 1620 3927 etiam
1657 3873 2072 3946 Apocalypsim

413 3960 578 4028 vidit,
613 3961 804 4018 disces
836 3978 1073 4034 quoque
1121 3961 1364 4017 inferius
1409 3977 1478 4017 ex
1525 3962 1776 4034 cpistola
1819 3962 2070 4033 decima,

415 4066 590 4121 quam
617 4051 688 4106 ad
712 4052 909 4123 ipsum
933 4056 1204 4107 sanctum
1225 4051 1644 4124 evangelistam
1657 4052 2067 4125 ettheologum

412 4139 700 4196 Joannem
732 4141 987 4212 scripsit.

486 4231 907 4300 Prophetarum.
944 4228 1120 4285 David
1153 4229 1264 4286 hoc
1293 4231 1457 4288 dicit.

489 4320 598 4387 Qui
625 4327 726 4388 est,
758 4321 855 4389 qui
883 4336 918 4374 a
946 4321 1132 4374 Patre.
1161 4318 1484 4376 Considera
1508 4321 1802 4392 quomodo
1833 4325 2066 4378 senten-

419 4407 558 4464 tiam
590 4407 743 4464 hanc
774 4407 1008 4479 referat,
1042 4425 1158 4464 non
1191 4409 1347 4464 enim
1379 4408 1460 4464 ita
1491 4409 1761 4466 habetur.

2180 3781 2305 3834 ’Ότι
2365 3777 2440 3850 δὲ,
2500 3778 2586 3834 ὅτε
2643 3780 2708 3848 ἦν
2769 3779 2820 3834 ἐν
2881 3781 3090 3853 Πάτμῳ
3147 3780 3176 3833 ὁ
3221 3783 3366 3853 θεῖος
3425 3772 3795 3852 εὖαγγελιστής,

2181 3867 2316 3923 ὅπου
2365 3869 2454 3922 καὶ
2509 3869 2606 3938 τὴν
2659 3866 3033 3942 Ἀποκάλυψιν
3084 3864 3243 3936 εἶδεν,
3277 3865 3556 3944 έγίνωσκεν
3589 3864 3614 3916 ὁ
3669 3861 3798 3934 ἅγιος

2180 3958 2476 4028 Διονύσιος,
2508 3957 2596 4013 καὶ
2627 3962 2789 4014 τοῦτο
2819 3959 3037 4032 μαθήσῃ
3065 3957 3212 4012 κάτω
3240 3955 3299 4011 έκ
3321 3960 3420 4022 τῆς
3449 3956 3480 4009 ι’
3512 3949 3796 4013 ἐπιστολῆς,

2176 4049 2245 4116 ἧς
2294 4043 2552 4123 ἔγραψεθτ
2601 4049 2736 4124 πρὸς
2777 4047 2935 4103 αὐτὸν
2965 4045 3058 4103 τὸν
3092 4048 3245 4122 ἅγιον
3282 4041 3666 4121 εὖαγγελιστὴν
3719 4034 3794 4090 καὶ

2176 4136 2431 4212 θεολόγον
2464 4136 2742 4207 Ἰωάννην.

2246 4232 2574 4303 Προφητῶν.
2599 4229 2658 4284 Ὀ
2692 4224 2856 4282 Δαυὶδ
2883 4230 3046 4282 τοῦτο
3078 4223 3248 4302 λέγει.

2247 4317 2325 4373 Τὸ
2408 4317 2491 4389 ὃν,
2577 4317 2606 4371 ὃ
2692 4317 2838 4392 παρὰ
2910 4319 3008 4370 τοῦ
3086 4313 3318 4389 Πατρός.
3390 4311 3690 4382 Ἐπίσκεψαι
3738 4304 3794 4367 ⁸⁸,

2173 4407 2291 4467 πῶς
2345 4425 2480 4478 φησι
2536 4405 2633 4474 τὴν
2692 4411 2896 4480 χρῆσιν
2948 4401 3172 4474 ταύτην·
3235 4401 3297 4457 οὗ
3357 4401 3459 4478 γὰρ
3490 4399 3691 4478 φέρεται
3715 4393 3792 4444 νῦν

2174 4494 2368 4556 οὕτως.

484 4588 718 4642 Summa
747 4587 976 4658 deitate,
1008 4586 1106 4643 Gr.
1137 4587 1238 4656 τὴν
1267 4584 1548 4660 θεαρχίαν.
1585 4589 1649 4642 In
1682 4587 1814 4645 aliis
1857 4590 2064 4647 codici-

2250 4585 2364 4652 Τὴν
2399 4585 2678 4660 θεαρχίαν.
2703 4585 2790 4641 ’Ev
2816 4581 3012 4648 ἄλλοις
3042 4582 3338 4658 θεαρχικὴν
3375 4581 3538 4652 ζωήν.

413 4677 524 4732 bus
557 4676 809 4732 habetur
840 4677 1139 4750 θεαρχικὴν
1172 4677 1340 4746 ζωήν.

483 4765 557 4820 De
585 4765 689 4820 Deo
722 4765 820 4838 qui
852 4769 1030 4821 Deum
1060 4766 1446 4837 genuit.Nota,
1476 4779 1610 4821 eum
1641 4765 1935 4838 appellare
1966 4768 2069 4823 Pa-

413 4859 563 4910 trem
596 4854 962 4910 divinitatem
995 4871 1123 4926 qua
1153 4854 1340 4911 Deum
1372 4854 1660 4926 genuit,et
1690 4854 2066 4929 Unigenitum

411 4942 652 4999 ﬁlialem
681 4943 1072 4999 divinitatem.

483 5031 700 5100 Fusius,
735 5033 832 5089 Gr.
867 5027 1202 5103 διεξοδικῶς.
1235 5037 1346 5088 Pro
1375 5029 1751 5106 πλατυτέρως,
1781 5033 1982 5094 latius.

484 5120 682 5176 Omnia
706 5138 808 5193 per
837 5120 1192 5193 ipsum.Nota
1223 5123 1400 5194 quod,
1425 5123 1563 5176 dum
1597 5122 1739 5179 dicit
1769 5125 1968 5180 omnia
1997 5141 2066 5182 ex

412 5207 528 5264 Deo
550 5223 702 5276 esse,
737 5214 922 5264 totam
945 5208 1308 5266 divinitatem
1331 5209 1816 5282 comprehensive
1841 5211 2064 5284 signifi-

2251 4764 2514 4842 Θεογόνου
2595 4764 2852 4835 θεότητος
2890 4808 2903 4821 .
3005 4763 3324 4838 Σημείωσαι
3409 4761 3492 4816 ὅτι
3534 4750 3790 4854 ’θεογόνσν

2177 4855 2407 4926 θεότητα
2449 4855 2579 4930 φησὶ
2639 4854 2730 4909 τὸν
2792 4852 3024 4929 Πατέρα,
3071 4853 3162 4908 καὶ
3220 4853 3402 4922 υἱικὴν
3461 4849 3678 4917 θεότητα
3713 4849 3788 4893 τὸν

2175 4950 2472 5020 Μονογενῆ,

2247 5030 2590 5103 Διεξοδικῶς.
2627 5033 2772 5089 Ἀντὶ
2801 5036 2898 5087 τοῦ
2937 5029 3308 5106 πλατυτέρως.

2245 5102 2544 5180 Τὰῗπάντα
2601 5119 2672 5176 δι’
2729 5121 2914 5176 αὐτοῦ.
2971 5102 3316 5194 Σημείωσαι,
3365 5116 3487 5174 ὅταν
3542 5112 3668 5186 λέγῃ
3702 5102 3790 5194 ,δτι

2170 5211 2237 5266 τὰ
2285 5210 2456 5266 πάντα
2488 5211 2547 5266 ἐκ
2591 5216 2686 5267 τοῦ
2711 5215 2844 5268 Θεοῦ
2893 5210 3026 5282 ἐστι,
3064 5192 3491 5286 ἠπεριληπτικῶς
3527 5204 3621 5272 τὴν
3670 5192 3787 5261 ὅλην

1390 5393 1625 5449 νΑιιυΕ
1664 5393 2061 5450 LECTIONES
2099 5394 2191 5450 ET
2230 5394 2794 5454 CORRECTIONES.

484 5551 530 5632 ξ’
559 5569 648 5632 γρ.
685 5548 1231 5632 ὄινομάτωνηχρῇται
1263 5551 1665 5632 τῇῌλέξειλξνα.
1698 5626 1715 5632 _
1743 5554 1788 5632 ⁸ξ
1814 5572 1901 5626 γρ.
1934 5556 2063 5632 τῶν-
2103 5555 2437 5632 προσώπων.
2511 5558 2562 5632 ⁸⁵.
2601 5577 2687 5632 γρ.
2735 5554 2878 5632 οὕτω
2925 5556 3033 5632 καὶ,
3063 5560 3142 5632 τῷ
3172 5557 3301 5632 Ϊὶᾣ,
3331 5553 3394 5632 τὸ
3423 5551 3563 5632 Υῇς,
3593 5542 3682 5632 καὶ
3716 5539 3788 5632 βξξρ

414 5612 884 5712 ἁγίοξίινεύματι,
914 5612 992 5676 τὸ⁷
1013 5612 1258 5712 inedita;
1308 5612 1372 5712 μεθ
1516 5612 1660 5712 ’ὅλην
1695 5612 1942 5712 θεότῂτα.
1979 5696 1988 5712 ’
2019 5627 2063 5660 ⁸⁷
2093 5612 2183 5700 γρ.
2214 5627 2379 5700 μέγας
2411 5612 2685 5690 Διονύσίὸς
2716 5629 2899 5699 οὗτος,
2937 5612 3153 5704 μαθήσίςι
3185 5612 3389 5690 ἄν’ταῖς
3445 5612 3784 5681 Ἐπιστολαῖς,

409 5693 507 5763 τὴν
538 5693 767 5764 δεκάτην
800 5693 1204 5769 ἀναγινώσκων,
1231 5698 1294 5765 ἢν
1325 5693 1540 5771 ἔγραψε.
1617 5693 1660 5733 ⁸⁸
1690 5717 1775 5769 γρ.
1814 5693 2150 5769 Σημείωσαί.
