4034 6418
290 375 423 430 213

1085 381 1142 432 S.
1185 380 1457 434 MAXIMI
1495 380 1800 434 SCHOLIA
1838 383 1912 434 IN
1953 381 2085 434 LIB.
2125 383 2222 434 DE
2259 381 2532 434 DIVINIS
2571 382 2983 434 NOMINIBUS.

3640 380 3746 434 214

295 498 548 570 θεότητα
608 498 892 573 σημαίνει,
947 498 1190 556 τουτέστι
1221 501 1320 570 τήν
1382 501 1539 577 ἁγίαν
1587 500 1807 575 Τριάδαο
1852 499 1960 558 ὅταε

2093 506 2204 574 cat,
2231 502 2288 558 id
2319 508 2410 560 est
2439 507 2706 560 sanctam
2727 502 3072 559 Trinitatem
3097 518 3109 557 :
3157 504 3393 575 quando
3423 507 3620 559 autem
3660 504 3752 560 di-

298 584 369 642 ὃὶ
429 589 585 665 uti”,
638 589 709 643 τὰ
764 590 940 645 πάντα
996 587 1065 644 δι’
1122 589 1290 646 αὐτοῦ
1347 590 1438 644 καὶ
1485 589 1562 653 εἷς
1621 590 1782 646 αὐτὸν
1835 587 1977 645 ἔκτι-

296 697 453 745 σται,
533 674 851 748 διεξοδικῶς
922 680 1048 756 περί
1122 683 1230 734 τῶν
1293 678 1640 734 ὑποστάσεων
1705 678 1976 752 σημαίνει·

295 770 473 820 τοῦτο
499 766 610 840 γὰρ
643 766 721 829 εἷς
752 766 844 822 τὸν
881 765 1279 843 δημιουργικὸν
1303 767 1464 845 λόγον
1493 765 1739 840 ἐδέξαντο
1762 767 1978 832 πάντες.

380 857 482 912 Καὶ
517 855 708 915 αὐτοῦ.
734 859 848 913 Τοῦ
878 857 1065 933 Λόγου
1095 855 1377 929 δηλονότι.

378 950 733 1008 Κοινωνικῶς
762 948 852 1002 xui
883 946 1208 1020 ἠνωμὲνως.
1244 946 1558 1021 Σημείωσαι
1591 945 1672 1001 ὅτι
1722 967 1975 1002 κοινωνι-

296 1037 419 1096 κῶς
449 1033 664 1103 ἥνωται
689 1036 758 1090 τὰ
783 1043 885 1105 τῆς
915 1036 1072 1112 ἁγίας
1092 1034 1342 1111 Τριάδος.

379 1124 494 1185 Τὰς
523 1125 832 1200 θεουργίας.
896 1127 1028 1182 Οἷον
1085 1126 1171 1193 τὸ,
1236 1125 1382 1200 Ἐγὼ
1441 1125 1492 1179 ἐν
1537 1123 1813 1198 Πνεύματι
1844 1127 1978 1179 Θεοῦ

296 1207 570 1267 ἐκϐάλλω
650 1214 720 1268 τὰ
796 1211 1091 1285 δαιμόνια·
1162 1214 1224 1268 τὸ
1285 1208 1462 1284 σέϐας,
1523 1215 1598 1276 ὡς
1638 1213 1722 1268 τό·
1772 1213 1865 1277 Εἰς
1913 1213 1976 1268 τὸ

294 1301 458 1377 ἅγιον
523 1307 749 1375 Πνεῦμα
821 1302 1284 1382 βλασφημήσαντι
1347 1302 1445 1358 οὐκ
1501 1304 1864 1377 ἀφεθήσεταιο
1914 1303 1976 1357 τὸ

294 1388 363 1445 δὲ
389 1395 503 1446 τῶν
538 1388 784 1466 δωρεῶν,
832 1391 957 1460 ἤτοι
1010 1398 1118 1448 τῶν
1166 1391 1545 1468 χαρισμάτων,
1587 1391 1638 1446 ἰν
1671 1396 1748 1464 τῷ
1773 1391 1972 1468 λέγειν·

293 1480 561 1552 Λήψεσθε
591 1477 819 1553 δύναμιν
849 1477 1178 1546 ἐπελθόντος
1209 1485 1308 1537 τοῦ
1347 1481 1501 1556 ἁγίου
1531 1480 1845 1554 Πνεύματος
1891 1479 1974 1554 ἐφ’

297 1568 475 1641 ὑμᾶς.

373 1658 489 1725 Τὴν
542 1657 783 1732 πηγαίαν
820 1701 835 1726 ,
892 1653 1122 1733 Εἴρηται
1180 1658 1231 1712 ἐν
1292 1660 1456 1732 [τοῖς]
1507 1657 1786 1732 Ψαλμοῖς.
1846 1661 1966 1716 ’Ότι

289 1747 455 1820 παρᾶ
509 1747 595 1801 σοὶ
655 1747 806 1823 πηγὴ
861 1751 1030 1818 ζωῆς,
1062 1749 1151 1802 καὶ
1183 1747 1236 1802 ἐν
1285 1747 1540 1822 Ἱερεμίᾳ.
1584 1747 1722 1822 Ἐμὲ
1781 1746 1967 1822 ὶγκατ-

2089 592 2190 664 cit,
2221 593 2410 649 omnia
2432 609 2530 666 per
2558 592 2741 664 ipsum
2765 597 2818 648 et
2847 593 2908 647 in
2932 593 3050 663 ipso
3079 600 3282 660 creata,
3316 593 3386 649 de
3415 592 3746 649 subsisten-

2088 682 2185 738 tiis
2219 683 2345 739 luse
2392 682 2722 754 signiﬁcat;
2784 682 2896 737 hoc
2957 681 3114 737 enim
3165 698 3370 738 omnes
3428 683 3498 739 de
3553 681 3744 739 Verbo

2087 770 2322 826 creandi
2352 770 2565 825 virtute
2601 769 2843 841 praedito
2878 777 3250 841 acceperunt.

2156 859 2222 915 Et
2253 859 2451 929 ipsius.
2489 859 2726 915 Scilicet
2754 859 2953 914 Verbi.

2159 948 2642 1005 Communicative
2671 951 2721 1004 et
2752 948 3194 1004 unite.Adverte
3226 947 3507 1004 attributa
3527 951 3742 1004 sanctis

2086 1038 2396 1095 Trinitatis
2427 1037 2822 1093 communiter
2854 1038 3023 1092 unita
3052 1053 3202 1092 esse.

2155 1126 2477 1182 Divinitatis
2508 1125 2914 1198 operas.Veluti
2948 1144 2960 1180 :
2997 1127 3114 1196 Ego
3137 1126 3198 1180 in
3219 1124 3434 1196 Spiritu
3457 1127 3560 1180 Dei
3577 1125 3741 1194 eiicio

2085 1215 2359 1272 daemonia
2382 1216 2453 1288 (0)
2500 1215 2938 1272 venerationem
2973 1219 3040 1270 ut
3072 1231 3086 1271 :
3143 1215 3249 1282 Qui
3280 1215 3743 1287 btasphemaverit

2083 1306 2146 1361 in
2175 1305 2454 1376 Spiritum
2483 1312 2766 1375 sanctum,
2795 1320 2908 1360 non
2940 1304 3258 1360 remittetur
3289 1305 3361 1376 (q)
3394 1320 3408 1359 :
3452 1303 3515 1358 τὸ
3549 1299 3606 1358 δὶ
3632 1307 3738 1358 τῶν

2083 1390 2630 1468 δωρεῶν,τηιιηεναηι
2662 1409 2765 1449 seu
2799 1393 3408 1463 charismatum,dum
3440 1394 3558 1450 ait:
3581 1395 3740 1450 Acci-

2079 1483 2244 1556 pietis
2287 1483 2553 1540 virtutem
2575 1482 2822 1555 Spiritus
2846 1482 3040 1556 sancti
3083 1483 3142 1538 in
3171 1498 3260 1539 vos
3284 1482 3376 1555 (q).

2149 1663 2457 1718 Fontanam
2486 1677 2582 1718 seu
2637 1661 3054 1718 scaturientem.
3083 1662 3308 1717 Dicitur
3332 1662 3392 1717 in
3435 1662 3683 1718 Psalmis
3717 1679 3731 1717 :

2075 1750 2222 1821 Quia
2250 1751 2401 1823 apud
2431 1755 2482 1806 te
2508 1754 2636 1822 fons
2657 1751 2794 1808 vitae
2822 1752 2913 1822 (r),
2965 1751 3118 1807 109
3150 1755 3207 1806 et
3239 1751 3299 1806 in
3329 1751 3583 1807 Jeremia
3614 1766 3628 1806 :
3653 1752 3734 1806 Me

291 1833 501 1889 ιλιπον
569 1836 760 1910 πηγὴν
833 1833 1029 1899 ὕδατος
1089 1839 1315 1905 ζῶντος.
1364 1837 1426 1893 Ὁ
1482 1836 1574 1890 οὗν
1632 1836 1759 1897 Θεὸς
1815 1833 1960 1912 λέγε-

2085 1840 2492 1910 teretiquerunt
2504 1843 2708 1910 fontem
2729 1854 2892 1910 aquae
2906 1838 3050 1896 vivatD
3070 1840 3321 1910 (s).Deus
3351 1855 3487 1912 ergo
3517 1839 3733 1895 dicitur

287 1945 390 1978 ται
417 1925 601 1998 πηγὴ,
636 1926 726 1979 οἶά
754 1945 839 1987 τις
872 1926 1054 2000 μήτρα
1079 1925 1171 1980 καὶ
1204 1925 1352 2000 ἀρχὴ
1384 1924 1473 1980 xui
1505 1922 1650 1979 αῒτία
1696 1928 1804 1979 τῶν
1865 1944 1964 2002 φα-

287 2014 504 2069 νέντων
550 2013 641 2068 καὶ
692 2011 1077 2087 προελθόντων
1127 2012 1202 2076 εἷς
1233 2012 1418 2068 οὖσίαν
1449 2012 1717 2069 ἀπάντωνο
1777 2011 1810 2067 ἃ
1863 2013 1965 2088 γὰρ

286 2101 490 2158 καλεῖν
523 2101 746 2166 εἰώθασί
775 2121 918 2165 τινες
969 2102 1258 2172 καθολικὰ,
1318 2101 1442 2171 ἤτοι
1499 2103 1651 2178 γὲνη,
1701 2104 1736 2172 ἢ
1772 2101 1896 2169 ὅλα,
1928 2100 1964 2170 ἢ

285 2193 654 2267 περιέχοντα,
716 2192 807 2246 ἅτε
855 2188 1230 2265 περιληπτικὰ
1270 2196 1378 2245 τῶν
1414 2195 1653 2266 μερικῶν
1685 2189 1737 2261 ἐξ
1787 2189 1961 2245 αὐτῶν

287 2277 580 2356 προόδων,
629 2284 798 2335 ταῦτα
830 2280 885 2335 αἱ
913 2280 1050 2334 θεῖαι
1100 2279 1308 2358 Γραφαὶ
1354 2280 1590 2354 πηγαίαν
1632 2278 1808 2334 αἴτίαν
1863 2300 1964 2356 φα-

283 2367 370 2423 σί·
425 2367 519 2424 διὰ
557 2370 618 2424 τὸ
669 2365 1069 2444 δημιουργικὸν
1100 2370 1282 2424 τοίνυν
1327 2369 1418 2424 καὶ
1469 2368 1818 2424 ἀνέκλειπτον
1854 2373 1961 2423 τῶν

288 2455 390 2513 διὰ
417 2462 518 2512 τοῦ
550 2457 864 2530 Πνεύματος
919 2457 1317 2535 ὑφισταμένων,
1357 2456 1446 2512 καὶ
1502 2455 1584 2511 δτι
1633 2457 1694 2512 τὸ
1744 2461 1964 2530 Πνεῦμα

281 2548 355 2601 τὸ
417 2549 574 2622 ἅγιον
625 2546 716 2601 καὶ
776 2546 908 2601 αὐτὸ
967 2548 1228 2620 [πάντων]
1275 2549 1382 2601 τῶν
1430 2541 1599 2600 ὄντων
1632 2545 1827 2614 αἴτιον,
1888 2545 1963 2609 ὡς

285 2637 388 2690 καὶ
421 2634 476 2690 ἐν
507 2639 574 2708 τῇ
604 2635 781 2708 Σοφίᾳ
823 2632 1058 2708 εἴρηται,
1112 2633 1337 2697 εἰκότως
1385 2635 1475 2690 καὶ
1531 2635 1768 2710 πηγαίαν
1828 2635 1962 2691 αὐτὸ

282 2724 477 2779 αἲτίαν
512 2725 776 2798 θεολογεῖ·
837 2724 900 2778 τὸ
959 2721 1017 2779 δὲ
1048 2723 1396 2779 ἀνέκλειπτον
1448 2727 1544 2778 τοῦ
1603 2721 1958 2800 δημιουργεῖν

280 2813 496 2878 ἐκεῖθεν
529 2814 724 2883 νόησον
760 2812 838 2876 εἷς
863 2814 947 2868 τό·
1017 2814 1080 2870 Ὀ
1138 2814 1333 2889 Πατήρ
1398 2833 1491 2886 μοι
1521 2808 1626 2876 ἕως
1651 2809 1771 2888 ἄρτι
1799 2811 1958 2889 ἐργά-

289 2903 470 2972 ζεταί,
523 2902 674 2978 κάγὼ
699 2899 1017 2978 ἐργάζομαι.
1073 2901 1334 2964 ὡσαύτως
1382 2902 1473 2956 καὶ
1512 2902 1575 2956 τὸ
1621 2906 1842 2975 Πνεῦμα
1897 2905 1960 2957 τὸ

286 2993 472 3068 ἅγιον,
506 2990 599 3044 σὺν
630 2991 711 3062 τῷ
764 2990 958 3065 Πατρὶ,
1011 2991 1099 3046 καὶ
1140 2995 1222 3062 τῷ
1247 2991 1358 3062 Υὶῴ
1389 2991 1470 3046 ἀεὶ
1502 2989 1780 3067 ἐργάζεται
1812 2992 1962 3046 ἀνεκ-

2073 1930 2218 2000 [οηε,
2249 1927 2428 1985 veluti
2460 1928 2677 1984 matrix
2709 1927 2908 1999 aliqua
2957 1933 3014 1983 et
3069 1928 3426 2001 principium
3465 1935 3522 1984 et
3551 1945 3732 1985 causa

2075 2017 2340 2074 omnium
2362 2034 2490 2089 qua;
2510 2022 2798 2089 apparent
2814 2021 2869 2072 et
2905 2018 2975 2073 ad
3009 2017 3409 2073 exsistentiam
3431 2019 3732 2090 progredi-

2075 2110 2258 2161 untur
2283 2122 2296 2160 :
2321 2106 2612 2177 siquidem
2639 2122 2766 2176 quae
2781 2105 2964 2176 aliqui
2987 2104 3175 2161 solent
3194 2122 3400 2162 vocare
3422 2107 3725 2161 universa-

2071 2195 2280 2264 lia,seu
2301 2194 2636 2266 genera,vel
2669 2199 2812 2262 tota,
2846 2194 2935 2250 vel
2967 2195 3352 2261 continentia,
3387 2195 3567 2250 veluti
3591 2212 3718 2266 qua:

2072 2283 2539 2356 complectuntur
2557 2283 2834 2356 partiales
2853 2299 2922 2339 ex
2945 2283 3090 2355 ipsis
3121 2292 3463 2339 emananles
3487 2301 3719 2356 proces-

2071 2374 2290 2442 siones,
2312 2371 2434 2428 haec
2457 2372 2668 2427 divinae
2699 2372 3015 2444 Scripturaa
3043 2373 3344 2428 fontanam
3368 2390 3605 2429 causam
3632 2375 3721 2428 di-

2071 2467 2247 2530 cunt;
2281 2477 2417 2533 ergo
2439 2477 2542 2532 per
2568 2462 2802 2516 creandi
2830 2462 3166 2516 fa’cultatem
3193 2473 3251 2516 et
3273 2461 3588 2517 carentium
3623 2463 3723 2518 de-

2073 2552 2258 2606 fectus
2280 2566 2482 2606 eorum
2497 2567 2623 2622 quae
2647 2567 2748 2621 per
2760 2550 3042 2622 Spiritum
3072 2555 3342 2606 sanctum
3365 2551 3721 2619 subsistunt,

2069 2641 2334 2712 etipsum
2358 2655 2590 2711 quoque
2613 2640 2897 2710 Spiritum
2927 2639 3720 2714 sanctum[omnium]rerum

2068 2746 2196 2786 esse
2219 2733 2539 2793 auctorem,
2565 2729 2719 2784 sicut
2749 2729 2805 2783 in
2833 2730 3129 2800 Sapientia
3146 2730 3382 2795 dicitur,
3405 2729 3722 2801 probabili-

2069 2822 2153 2872 ter
2181 2816 2356 2872 etiam
2383 2815 2579 2886 ipsum
2613 2815 2915 2870 fontanam
2941 2832 3070 2872 esse
3109 2831 3374 2882 causam,
3412 2821 3474 2871 ut
3503 2817 3573 2871 de
3603 2819 3719 2873 Deo

2068 2905 2339 2961 disserit:
2372 2903 2830 2976 perpetuitatem
2871 2921 3004 2959 vero
3035 2905 3274 2960 creandi
3305 2922 3372 2960 ex
3403 2921 3470 2960 eo
3502 2905 3717 2961 intelli-

2067 3009 2138 3067 ge
2161 3013 2178 3048 :
2212 2997 2381 3049 Pater
2408 3008 2563 3047 meus
2588 3007 2761 3063 usque
2819 2992 2984 3048 modo
3041 2997 3322 3064 aperatur,
3381 3003 3434 3048 et
3468 3009 3561 3065 ego
3589 3010 3717 3065 ope-

287 3079 563 3142 λείπτωςο
598 3076 810 3156 εἴρηται
841 3081 964 3155 γάρ’
1013 3077 1426 3152 Ἐξαποστελεῖς
1468 3080 1532 3135 τὸ
1571 3081 1795 3154 Πνεῦμά
1840 3102 1957 3154 σου,

2085 3100 2158 3140 'or
2186 3083 2253 3155 (ι)
2283 3101 2302 3138 :
2333 3081 2606 3139 similiter
2633 3081 2811 3136 etiam
2843 3079 3099 3153 Spiritus
3125 3085 3528 3150 sanctus,cum
3555 3083 3720 3138 Patre

282 3171 381 3225 xui
413 3169 824 3240 κτισθήσονται.

2085 3177 2123 3228 ιι
2155 3171 2294 3227 Filio
2325 3186 2557 3242 semper
2575 3173 2889 3240 operatur;
2921 3170 3142 3226 dictum
3165 3174 3255 3227 est
3269 3171 3428 3228 enim
3453 3187 3468 3226 :
3490 3171 3720 3228 Emitte:

2063 3261 2337 3333 Spiritum
2365 3268 2541 3326 tuum,
2573 3261 2627 3314 et
2671 3259 3014 3314 creabantur
3042 3258 3145 3330 (ιι).

359 3353 386 3419 §
447 3350 522 3404 II.
603 3344 1024 3423 Ἀδιαστρόφοις
1095 3343 1366 3410 ἐννοίαις.
1443 3343 1640 3409 Καλῶς
1716 3345 1832 3401 sine
1895 3349 1958 3403 τὸ

2142 3349 2273 3418 §II.
2323 3349 2495 3404 Haud
2522 3346 2803 3418 perversis
2860 3346 3271 3416 intelligentiis.
3327 3347 3502 3403 Recte
3549 3347 3716 3416 dixit,

279 3435 704 3514 ἁδιαστρόφοις·
759 3432 948 3504 ἐπειδή
976 3433 1082 3504 ,καὶ
1115 3435 1168 3489 oi
1223 3434 1486 3510 αἱρετικοὶ
1534 3436 1954 3511 ἀναγινώσκουσι

2085 3454 2184 3492 ion
2216 3453 2487 3508 perversa
2511 3455 2525 3504 ;
2551 3435 2829 3507 quoniam
2862 3435 3121 3491 haeretici
3145 3435 3349 3507 legunt
3363 3436 3718 3508 Scripturas,

282 3526 383 3589 τὰς
442 3525 687 3603 Γραφὰς,
729 3523 822 3580 καὶ
882 3523 1225 3602 ἐντρεφονται
1284 3523 1338 3578 ἐν
1389 3522 1598 3596 αὐταῖς,
1657 3523 1746 3578 xui
1804 3521 1956 3597 ὅμως

2085 3530 2124 3581 ιι
2153 3526 2212 3581 in
2244 3524 2388 3596 ipsis
2419 3526 2750 3580 educantur
2776 3549 2791 3592 ;
2822 3528 3082 3580 attamen
3113 3523 3339 3596 seipsos
3359 3529 3718 3597 pervertunt.

290 3615 710 3693 διαστρέφουσιν
746 3611 990 3676 ἑαυτούς.

366 3708 718 3780 Θεοπρεποῦς
778 3700 1096 3778 διαιρέσεως
1129 3746 1142 3759 .
1206 3707 1492 3776 Θεοπρεπῆ
1553 3699 1810 3776 διαίρεσιν
1870 3701 1958 3757 ἐπὶ

301 3798 394 3859 τῆς
425 3794 593 3869 ἁγίας
650 3790 880 3869 Τριάδος
916 3793 1016 3861 τήν
1077 3792 1202 3866 περὶ
1249 3793 1356 3845 τῶν
1403 3792 1744 3847 ὑποστάσεων
1798 3792 1959 3866 ἀσύγ-

300 3903 464 3959 χυτον
498 3881 605 3960 ἔφη
634 3886 858 3957 γνῶσιν⁶
910 3881 998 3935 καὶ
1051 3878 1133 3935 ὅτι
1175 3879 1236 3936 οὗ
1270 3880 1381 3955 χρὴ
1423 3880 1724 3958 φροντίζειν
1756 3881 1958 3936 πείθειν

290 3973 421 4036 τοὺς
457 3974 535 4046 μή
569 3968 906 4046 δεχομένους
934 3971 1035 4038 τὴν
1061 3969 1203 4024 θείαν
1229 3971 1468 4046 Γραφήν.
1500 3971 1571 4024 Τὸ
1614 3969 1714 4046 γὰρ
1763 3974 1962 4032 κοινῶς

290 4062 382 4117 ἐπὶ
433 4068 535 4130 τῆς
581 4061 741 4136 ἁγίας
781 4056 1011 4134 Τριάδος
1056 4057 1335 4134 θεολογεῖν
1385 4056 1490 4114 οὐκ
1535 4054 1646 4114 ἔστι
1694 4057 1958 4134 σύγχυσιν

291 4149 532 4225 εἰσάγειν
558 4150 670 4204 τῶν
703 4146 1067 4203 ὗποστάσεων.

366 4239 495 4297 Ἐπὶ
521 4240 620 4308 τήν
673 4235 1021 4310 θεολογικήν.
1075 4233 1414 4312 Θεολογικήν
1464 4235 1772 4310 ἐπιστήμην
1818 4236 1959 4292 ἀνω-

288 4330 439 4404 τὲρω
470 4327 594 4403 περὶ
626 4330 761 4383 Θεοῦ
787 4323 1151 4401 διηγούμενος
1169 4327 1236 4391 ⁸ο,
1270 4323 1369 4379 οὐκ
1397 4319 1498 4402 ἔφη
1554 4327 1722 4394 αὐτὴν
1739 4328 1782 4364 ⁰¹
1843 4323 1960 4381 ἐπι-

296 4420 521 4490 στήμην
580 4416 747 4470 εἶναι·
811 4413 1038 4470 ἰνταῦθα
1091 4411 1148 4468 δὲ
1201 4413 1269 4468 τὰ
1323 4415 1447 4488 περὶ
1507 4413 1788 4491 θεολογίας
1847 4415 1962 4471 ἐπι-

295 4509 518 4579 στήμην
553 4505 742 4583 φησίν.
775 4504 1089 4575 Ἐπιστήμη
1134 4499 1191 4557 δὲ
1222 4499 1334 4557 ἐστι
1366 4499 1493 4572 δόξα
1519 4502 1654 4579 ὀρθὴ
1706 4503 1957 4579 λογισμῷ

298 4595 515 4659 δεθεῖσα
537 4597 602 4666 θ’,
643 4595 670 4664 ἢ
723 4583 890 4668 λόγος
919 4591 1133 4662 ἀληθὴς
1155 4590 1240 4645 ἐπὶ
1276 4588 1517 4645 διάνοιαν
1549 4591 1956 4665 ἀμετάπτωτος,

294 4685 388 4741 καὶ
440 4686 478 4753 ἠ
509 4677 743 4756 ἀκριϐὴς
776 4678 985 4752 ε’ίδησις
1012 4677 1110 4735 τοῦ
1140 4680 1460 4756 πράγματος
1486 4680 1576 4735 καὶ
1635 4682 1957 4760 ἀπόφανσις,
1988 4723 2035 4787 D

333 4771 362 4787 ..ρ
470 4769 574 4787 η.
775 4770 790 4787 τ
951 4770 965 4787 ,
1120 4766 1306 4787 ,κ-ι
1391 4767 1545 4787 ...η
1752 4769 1889 4787 ς...»

301 4771 366 4830 οῦ
393 4772 487 4828 καὶ
518 4769 738 4846 λέγεται
773 4770 965 4840 ἐπιστή
977 4790 1078 4843 μη,
1109 4766 1368 4838 ἀληθείας
1391 4771 1435 4806 ⁸³
1481 4767 1648 4845 λόγον
1679 4770 1770 4824 καὶ
1800 4769 1954 4842 δόξαν

305 4863 476 4939 ὀρθὴν
508 4855 968 4936 προϐαλλομένη,
1005 4859 1080 4931 μὴ
1115 4854 1344 4931 δεομένη
1379 4864 1478 4928 τῆς
1506 4856 1566 4913 ἐκ
1610 4862 1957 4936 παραθέσεως

295 4951 392 5007 τοῦ
427 4949 627 5023 ὁμοίου
661 4943 1032 5024 βεϐαιώσεως.

367 5043 478 5102 Τὰς
523 5037 666 5103 θείας
703 5034 1078 5115 ἐκφαντορίας.
1138 5035 1527 5112 Έκφαντορίας
1571 5039 1702 5114 φησὶ
1752 5041 1848 5102 τὰς
1892 5040 1960 5095 τὰ

303 5129 578 5204 μυστήρια
605 5124 961 5201 ὶκφαινούσεις
991 5121 1364 5189 διδασκαλίας.

371 5220 457 5273 Ἐν
492 5218 705 5280 δαυτοῖς
753 5213 1095 5285 ἀπλήθυντα.
1137 5215 1256 5269 Ὅτι
1290 5213 1351 5270 οὐ
1383 5211 1467 5270 δεῖ
1494 5215 1801 5292 παρεξιέναι
1857 5217 1956 5286 τήν

299 5308 444 5365 θείαν
475 5307 690 5382 Γραφήν
723 5303 775 5360 ἐν
806 5307 886 5376 τῷ
918 5300 1219 5379 θεολογεῖν.

2139 3703 2523 3761 Βίειίησιίοηίδ
2556 3705 2660 3759 Deo
2692 3702 2899 3774 dignm.
2935 3703 3184 3775 Dignam
3215 3703 3332 3758 Deo
3364 3703 3715 3763 divisionem

2067 3794 2124 3850 in
2161 3798 2364 3850 sancta
2393 3792 2700 3859 Trinitate,
2735 3809 2850 3848 non
2879 3792 3186 3848 confusam
3207 3793 3279 3847 de
3318 3793 3719 3851 subsistentiis

2068 3883 2464 3957 cognitionem
2499 3881 2681 3951 dixit;
2715 3897 2906 3953 neque
2936 3881 3395 3938 incumbendum
3433 3899 3562 3938 esse
3584 3900 3716 3955 per-

2070 3971 2390 4030 suadendis
2421 3971 2494 4026 iis
2525 3972 2627 4042 qui
2661 3971 3027 4043 Scripturam
3059 3971 3339 4042 rejiciunt
3363 3988 3374 4026 :
3401 3988 3538 4027 nam
3563 3989 3719 4028 com-

2069 4062 2330 4118 muniter
2357 4061 2426 4116 de
2454 4063 2659 4115 sancta
2687 4059 2972 4137 Trinitate
3007 4063 3068 4115 ut
3096 4059 3214 4116 Deo
3254 4060 3440 4132 loqui,
3473 4060 3716 4117 minime

2069 4156 2159 4208 est
2189 4165 2572 4224 personarum
2619 4148 3029 4205 confusionem
3079 4148 3377 4206 inducere.

2139 4241 2218 4295 Ad
2246 4237 2631 4308 theologicam.
2661 4236 3073 4309 Theologicam
3109 4238 3420 4294 scientiam
3444 4239 3717 4311 superius

2068 4331 2140 4386 de
2169 4329 2286 4385 Deo
2316 4328 2634 4399 disserens,
2669 4345 2786 4383 non
2818 4326 2967 4383 dixit
2996 4327 3185 4398 ipsam
3219 4328 3526 4384 scientiam
3550 4344 3716 4384 esse:

2067 4417 2163 4473 hic
2191 4433 2328 4473 vero
2361 4417 2655 4472 disserens
2711 4417 2782 4472 de
2831 4416 2904 4472 iis
2950 4433 3078 4488 qua
3140 4433 3473 4474 sermonem
3505 4417 3574 4472 de
3603 4417 3719 4472 Deo

2068 4505 2556 4578 complectuntur,
2573 4505 2879 4561 scientiam
2919 4505 3205 4561 dicit.Est
3235 4510 3430 4561 autem
3453 4504 3721 4573 scientia,

2068 4601 2227 4652 recta
2255 4595 2453 4668 opinio
2485 4593 2930 4650 ratiocinatione
2957 4594 3188 4662 vincta;
3223 4601 3322 4650 aut
3360 4610 3495 4649 vera
3525 4593 3584 4648 in
3630 4592 3718 4648 in-

2067 4684 2302 4743 tellectu
2339 4684 2487 4740 ratio
2517 4682 2913 4739 immutabilis
2943 4686 3000 4738 et
3029 4686 3304 4738 accurata
3361 4682 3445 4738 rei
3467 4681 3720 4756 cognitio

2067 4778 2123 4830 et
2152 4772 2598 4839 demonstratio,
2631 4773 2800 4844 cujus
2832 4772 3006 4828 etiam
3067 4771 3282 4826 dicitur
3325 4771 3591 4840 scientia,
3621 4787 3719 4828 ve-

2068 4862 2260 4918 ritatis
2283 4862 2570 4918 rationem
2603 4865 2661 4917 et
2713 4864 2938 4917 rectam
2984 4848 3322 4932 opinionem
3362 4877 3720 4933 proponens,

2067 4968 2183 5007 non
2215 4951 2488 5024 indigens
2520 4950 2823 5007 additione
2855 4949 3322 5006 conﬁrmationis
3354 4967 3386 5005 a
3407 4949 3610 5007 simili.

2137 5041 2341 5097 Divina
2368 5041 2809 5112 explanationes.
2854 5036 3238 5116 Ἐκφαντορίας
3295 5043 3482 5108 vocat,
3542 5038 3721 5097 disci-

2069 5130 2290 5204 plinam
2324 5148 2455 5203 ques
2485 5129 2732 5203 myteria
2752 5131 3009 5202 exponit.

2137 5222 2202 5277 In
2231 5220 2428 5293 seipsis
2457 5220 2580 5277 sine
2599 5219 2909 5276 additione.
2942 5220 3068 5276 Non
3089 5235 3220 5276 esse
3268 5219 3473 5277 leviter
3502 5221 3726 5278 transi-

2070 5310 2322 5382 gendam
2353 5309 2738 5381 Scripturam,
2796 5325 2930 5364 cum
2965 5324 3158 5365 sermo
3199 5309 3272 5366 de
3301 5309 3418 5367 Deo
3450 5310 3722 5369 habetur.

368 5435 606 5511 (0)1410.
637 5448 719 5504 xi,
750 5432 844 5488 20.
878 5431 981 5503 (ρ).
1013 5431 1155 5488 Luc.
1188 5448 1295 5504 xu,
1328 5433 1416 5488 10.
1445 5432 1524 5507 (q)
1545 5435 1668 5490 Act.
1701 5451 1742 5502 ι,
1776 5436 1829 5490 8.
1855 5436 1931 5509 (r)

2085 5437 2114 5493 Ι.
2146 5454 2314 5505 xxxv,
2349 5438 2437 5492 10.
2469 5437 2537 5508 (s)
2567 5436 2684 5492 Jer.
2717 5453 2781 5508 ιι,
2819 5437 2904 5491 13.
2939 5436 3004 5509 (ι)
3034 5437 3206 5494 Joan.
3240 5454 3296 5510 ν,
3332 5439 3417 5494 17.
3451 5438 3536 5511 (u)
3566 5437 3722 5495 Psal.

307 5525 430 5579 cui,
462 5508 552 5562 30.

1304 5592 1547 5652 νΑΗΙιΕ
1601 5595 1988 5653 LECTIONES
2034 5599 2125 5654 ET
2170 5596 2720 5655 CORRECTIONES.

368 5695 415 5732 ³³
439 5713 527 5770 ΥΡ·
562 5689 715 5770 φησίο
793 5692 839 5728 ω
865 5708 954 5765 γρ·
987 5685 1403 5765 διαλεγόμενος.
1481 5693 1525 5730 ⁹¹
1559 5713 1649 5768 γρ.
1683 5692 1866 5753 αὐτόν.
1945 5696 1992 5732 ⁹²
2021 5715 2112 5770 γρ.
2148 5692 2386 5760 δοθεῖσα.
2463 5698 2507 5732 ⁰³
2536 5714 2624 5770 γρ.
2658 5691 2864 5765 ἀληθῆ.
