4034 6420
317 367 426 424 215

1137 365 1512 422 ΔΡΡΕΝΒΙΧ
1553 367 1649 419 AD
1688 363 1930 418 OPERA
1964 364 2025 418 Β.
2063 364 2383 425 DIONYSH
2420 367 2919 427 AREOPAGITE.

3672 363 3782 421 216

396 494 423 561 §
455 492 553 547 ΙΙΙ.
585 492 652 546 Et
681 503 807 562 quae
850 505 949 560 per
976 491 1395 558 exsuperantza.
1456 488 1563 543 Per
1616 484 1970 542 ablationem

2159 488 2187 560 ἕ
2234 490 2329 544 ΙΙΙ.
2377 489 2481 545 Καὶ
2531 490 2630 546 ὅσα
2683 497 2785 560 τῆς
2833 491 3204 564 ὑπεροχικῆς.
3256 486 3424 546 Κατὰ
3486 485 3782 565 ἀφαίρεσιν

328 586 524 637 mente
553 579 915 650 superiorem
949 578 1155 634 laudes
1186 581 1284 634 Dei
1309 578 1702 648 pradicatzex
1731 576 1804 629 iis
1824 574 1981 630 enim

2136 574 2224 650 πὲρ
2255 573 2457 633 ἔννοιαν
2488 577 2886 654 δοξολογεῖται·
2947 579 3007 635 ἐκ
3058 580 3159 655 γὰρ
3217 581 3332 633 τῶν
3403 577 3489 650 μή
3548 578 3788 650 θεωρου-

332 686 460 742 quae
489 670 547 724 in
581 668 710 739 ipso
744 667 990 722 minime
1018 669 1294 722 videntur
1337 665 1805 722 eminentissime
1844 664 1982 719 ado-

329 764 514 825 ratur,
545 756 728 812 veluti
762 761 826 811 ut
863 755 1244 821 immortalis,
1276 759 1340 811 ut
1397 752 1876 823 interminabilis,
1928 758 1987 808 et

327 845 669 910 invisibilis,
701 851 760 900 et
789 846 945 900 110
975 845 1200 900 nullius
1232 843 1530 915 indigens,
1564 849 1622 897 et
1648 849 1856 897 cetera
1902 840 1986 897 si-

333 935 499 991 milia
532 952 546 990 ε
571 939 713 991 sunt
743 935 901 989 enim
944 935 1064 988 haec
1094 934 1274 989 etiam
1303 932 1576 988 'I‘rinitati
1607 931 1986 988 communia:

336 1041 510 1097 porro
541 1039 724 1081 causa:
749 1023 1025 1079 rationem
1058 1021 1322 1078 habentia
1355 1028 1495 1077 sunt
1541 1038 1667 1092 quaa
1725 1022 1783 1074 in
1830 1037 1989 1075 crea-

2097 663 2270 736 μενων
2319 668 2444 740 περὶ
2523 669 2688 723 αὐτὸν
2743 663 3298 743 ὑπεραναϐεϐηκότως
3362 671 3790 742 προσκυνεῖται,

2095 753 2208 807 οἷον
2241 755 2316 818 ὡς
2361 756 2643 824 ἀθάνατος,
2691 758 2766 819 ὡς
2796 757 3155 827 ἀτελεύτητος
3206 757 3296 811 καὶ
3356 751 3639 830 ἀόρατος,
3699 755 3787 810 καὶ

2095 840 2366 916 ἀνενδεὴς,
2417 845 2508 901 καὶ
2533 847 2630 901 ὅσα
2662 851 2908 902 τοιαῦτασ
2936 846 3095 901 κοινὰ
3129 845 3230 922 γὰρ
3259 852 3368 915 τῆς
3399 841 3649 919 Τριάδος
3693 844 3781 898 καὶ

2093 936 2284 987 ταῦτα⁸
2317 932 2661 1011 αἷτιολογικὰ
2690 932 2747 989 δὲ
2772 935 2905 990 εἰσιν
2953 934 3055 989 ὅσα
3101 933 3188 988 ἐπὶ
3237 935 3343 1004 τήν
3400 933 3592 987 κτίσιν
3621 935 3670 969 9‘
3695 929 3786 1008 ἵρ-

2100 1019 2252 1096 ῥευσε
2281 1025 2409 1098 παρ’
2468 1024 2654 1091 αὐτοῦ,
2701 1021 2793 1079 ἅτε
2838 1023 3015 1079 αἰτίου
3059 1023 3261 1087 παντὸς
3310 1021 3528 1093 καλοῦ,
3585 1022 3662 1082 ὡς
3693 1023 3786 1097 γὲ-

337 1115 498 1170 tione
528 1114 600 1168 ab
631 1114 759 1184 ipso
818 1116 1188 1179 emanarunt,
1238 1116 1521 1182 tanquam
1567 1110 1822 1166 universi
1855 1109 1993 1165 boni

2136 1129 2355 1184 ραπται,
2390 1110 2470 1168 ὅτι
2504 1119 2607 1168 πᾶν
2639 1113 2750 1168 ἐστι
2773 1112 2942 1168 καλὸν
2975 1111 3166 1169 αὐτοῦ.

343 1207 602 1268 auctore,
634 1202 786 1258 sicut
814 1202 1100 1272 scriptum
1134 1205 1246 1269 est,
1277 1216 1435 1256 omne
1466 1201 1669 1256 bonum
1707 1202 1827 1270 ejus
1859 1214 1991 1254 esse.

2174 1201 2251 1256 Τὸ
2308 1205 2405 1255 τοῦ
2461 1198 2692 1276 Πατρός.
2746 1201 2898 1257 Κατὰ
2938 1205 3126 1256 κοινοῦ
3157 1198 3258 1274 [δὲ]
3288 1201 3357 1255 τὸ
3419 1199 3783 1274 ὑπερούσιον,

417 1291 618 1347 Patris.
651 1291 1167 1356 Subaudiendum,
1198 1305 1410 1345 nomen
1463 1290 1620 1360 quod
1678 1288 1997 1344 essentiam

2136 1309 2178 1349 »ς
2253 1288 2339 1343 ἐπὶ
2391 1295 2488 1345 τοῦ
2538 1292 2771 1367 Ματρὸς,
2806 1289 2951 1346 οὕτω
3001 1291 3093 1345 καὶ
3145 1289 3256 1363 [ἐπὶ
3314 1293 3446 1359 τοῦ]
3511 1289 3650 1343 Υἱοῦ
3701 1288 3789 1342 καὶ

347 1385 610 1453 superat,
643 1379 797 1436 sicut
825 1379 884 1433 in
917 1383 1108 1447 Patre,
1139 1378 1222 1434 ita
1257 1377 1316 1433 in
1343 1378 1487 1433 Filio
1517 1384 1574 1432 et
1602 1378 1823 1449 Spiritu
1856 1394 1998 1432 san-

2136 1375 2216 1432 ἐπὶ
2265 1383 2385 1450 τοῦ]
2445 1380 2600 1455 ἁγίου
2659 1379 3010 1452 Πνεύματος.
3057 1380 3179 1434 Ἐπὶ
3227 1376 3287 1434 δὲ
3330 1383 3449 1434 τῶν
3514 1375 3789 1451 διακεκρι-

347 1474 460 1525 cto.
486 1471 550 1524 In
581 1469 880 1524 distinctis
911 1473 1110 1522 autem
1147 1473 1362 1523 sancta:
1395 1467 1724 1536 Trinitatis,
1778 1465 2000 1521 scilicet

2136 1463 2283 1521 ιένων
2315 1475 2416 1536 τῆς
2465 1468 2618 1544 ἁγίας
2669 1466 2928 1542 Τριάδος,
2963 1470 3079 1523 οἷαν
3137 1468 3460 1541 ὀνομάτων,
3524 1463 3786 1539 οὐδεμίαν

350 1556 955 1622 nominibus,nullam
992 1557 1274 1628 [omnino]
1306 1562 1409 1611 aut
1438 1572 1568 1612 esse
1590 1555 2000 1628 reciprocatio-

351 1663 485 1702 nem
515 1651 617 1700 aut
647 1646 1123 1701 communionem
1151 1665 1165 1712 ;
1200 1661 1390 1716 neque
1447 1646 1603 1700 enim
1665 1645 1834 1700 Pater
1864 1644 2000 1699 reli-

2108 1555 2270 1629 φησὶν
2305 1556 2498 1630 [ὅλως]
2559 1559 2692 1612 εἶναι
2742 1557 3106 1635 ἀντιστροφὴν
3154 1558 3189 1626 ἢ
3234 1553 3568 1611 κοινωνίαν·
3616 1555 3645 1609 ὁ
3693 1555 3790 1630 γὰρ

2110 1645 2296 1720 Πατὴρ
2345 1645 2444 1700 οὐκ
2500 1645 2562 1700 ’ἀν
2617 1641 2855 1708 εὐσεϐῶς
2907 1646 3141 1716 κληθείη
3203 1645 3354 1706 Υἱός·
3413 1641 3615 1698 οὗδὲὸ
3669 1644 3790 1704 Υἱὸς

352 1735 516 1808 giose
545 1739 852 1791 vocaretur
880 1734 1086 1801 Filius,
1112 1750 1217 1789 nec
1242 1735 1448 1802 Filius,
1469 1735 1673 1803 Pater;
1728 1735 2003 1806 idemque

2136 1735 2320 1806 Ῑατήρ·
2352 1735 2415 1788 τὸ
2445 1734 2575 1790 αὐτὸ
2605 1734 2696 1790 καὶ
2728 1734 2815 1789 ἐπὶ
2837 1737 2883 1772 ³⁸
2914 1738 3012 1789 τοῦ
3044 1733 3204 1809 ἁγίου
3231 1731 3592 1806 Πνεύματος.

355 1824 728 1880 sentiendum
754 1823 824 1878 de
855 1823 1080 1894 Spiritu
1112 1827 1339 1878 sancto.

427 1917 559 1971 Jesu
585 1915 885 1970 secundum
913 1930 1030 1970 nos.
1089 1913 1258 1978 Nota,
1316 1913 1500 1970 solius
1544 1914 1642 1970 Dei
1678 1914 1849 1969 Verbi
1881 1929 2011 1969 esse

362 2004 849 2060 incarnationem.
885 2007 1132 2058 Prorsus
1159 2009 1352 2058 autem
1385 2002 1574 2074 ipsam
1613 2002 1774 2072 dicit,
1808 2005 2013 2057 contra

361 2093 1094 2166 Apollinarium,constare
1113 2091 1476 2162 intelligente
1505 2092 1702 2147 anima
1731 2097 1789 2146 et
1808 2095 2010 2147 nostro

361 2199 641 2255 corpore;
695 2181 805 2237 hoc
862 2180 1017 2236 enim
1077 2179 1334 2236 declarat
1389 2181 1446 2234 id
1506 2184 1657 2252 quod
1693 2181 1817 2251 ipse
1848 2180 2009 2250 dicit,

359 2273 475 2326 καθ’
517 2271 686 2342 ἡμᾶς,
719 2269 861 2324 sicut
892 2285 1010 2333 nos,
1044 2270 1198 2340 quod
1252 2269 1424 2324 etiam
1473 2270 1712 2341 Eutycbi
1746 2271 2010 2325 adversa-

359 2365 458 2417 tur
488 2381 503 2428 ;
538 2365 743 2417 contra
773 2358 1110 2414 Nestorium
1142 2374 1276 2413 vero
1307 2363 1397 2413 est
1451 2359 1607 2428 quod
1641 2359 1758 2414 ait:
1805 2361 2009 2414 Immu-

359 2451 586 2506 tabitem
614 2451 741 2505 Jesu
771 2456 1037 2518 tanquam
1067 2446 1166 2502 Dei
1213 2446 1462 2503 similem
1489 2453 1708 2515 {nostrae
1735 2448 2009 2503 exsistan-

357 2538 524 2607 tiam,
557 2542 731 2608 atque
756 2537 912 2607 quod
943 2536 1087 2590 dicit
1116 2535 1441 2591 essentiatia
1481 2553 1595 2592 esse
1643 2537 2010 2593 humanitatis

357 2626 659 2698 mysteria,
692 2626 908 2691 famen,
942 2624 1382 2690 lassitudinem,
1415 2642 1594 2696 super
1632 2643 1817 2696 aquas
1847 2626 2008 2682 ince-

358 2717 515 2784 dere,
549 2714 884 2785 clausisque
939 2714 1161 2768 foribus
1193 2714 1284 2767 ad'
1315 2713 1641 2785 discipulos
1671 2717 1922 2785 ingredi,
1953 2721 2011 2772 et

359 2809 622 2860 mortuos
652 2803 1108 2874 excitare,atque
1138 2801 1329 2873 ipsam
1363 2803 1616 2875 denique
1646 2807 2005 2873 passionem,

357 2899 682 2964 ceteraque
711 2891 948 2949 similia.

430 2981 840 3039 Substantialia
857 2980 1148 3052 mysteria.
1195 2984 1343 3036 Nota
1371 2980 1698 3037 essentialia
1727 2982 1787 3037 in
1818 2982 2006 3038 incar-

359 3074 598 3130 natione
627 3070 902 3141 usurpari
928 3087 942 3139 ;
966 3069 1077 3125 hoc
1109 3070 1265 3125 enim
1317 3070 1419 3136 ait,
1478 3071 1750 3141 rejiciens
1779 3071 2005 3142 opinio-

357 3177 493 3219 nem
553 3161 714 3216 illam
764 3167 891 3229 Quae
945 3159 1248 3215 asserebat
1302 3161 1535 3215 tantum
1593 3158 2004 3232 imaginariam

353 3251 537 3308 fuisse

424 3339 758 3396 Traditionis
783 3353 962 3396 sacrae
989 3347 1259 3408 auctores,
1311 3339 1408 3393 Gr.
1467 3336 1784 3412 ἱερομύσται
1843 3338 2006 3411 Ἱερο-

353 3427 550 3503 μύσται
582 3432 863 3485 dicuntur
895 3428 994 3500 qui
1028 3427 1214 3483 sacris
1246 3425 1439 3483 initati
1473 3429 1634 3483 sunt.

425 3520 679 3577 Occulta?
701 3523 750 3574 et
780 3533 1057 3588 nusquam
1093 3519 1450 3586 prodeuntes.
1483 3516 1754 3573 Occultas
1785 3519 2010 3574 unitio-

351 3625 458 3663 nes
489 3611 677 3672 vocat,
730 3604 1358 3675 incomprehensibiles
1417 3606 1488 3660 de
1518 3607 1717 3661 divina
1751 3607 2011 3662 essentia

354 3696 722 3768 cognitiones
745 3710 758 3747 :
793 3692 994 3748 nullus
1015 3693 1172 3748 enim
1191 3697 1506 3764 cognoscet
1523 3693 2010 3766 aliquando,quid

357 3787 436 3843 sit
463 3783 720 3840 essentia
750 3786 964 3838 sanctas
999 3781 1328 3836 Trinitatis.

430 3870 859 3929 Distinctiones.
895 3868 1314 3925 Distinctiones
1369 3874 1538 3925 vocat
1582 3886 1686 3941 per
1729 3888 1791 3926 se
1823 3872 2014 3927 subsi-

359 3966 580 4019 stentes
603 3961 933 4016 adorandae
964 3958 1376 4014 exsistentias:
1413 3957 1522 4012 hoc
1556 3964 1664 4025 est,
1698 3959 1827 4014 Filii
1877 3959 2009 4029 qui-

358 4054 490 4107 dem
522 4051 994 4120 inexplicabilem
1028 4065 1097 4104 ex
1144 4053 1313 4103 Patre
1371 4048 1783 4120 splendorem;
1819 4052 2011 4107 sancti

355 4158 492 4197 vero
549 4140 805 4211 Spiritus
862 4137 1374 4209 inconceptibilem
1429 4152 1500 4194 ex
1549 4141 1721 4195 Patre
1771 4155 2010 4210 proces-

358 4231 608 4287 sionem.

428 4319 611 4390 Supra
639 4317 920 4373 unitatem
946 4315 1358 4388 principialem.
1381 4315 1578 4372 Unitio
1600 4333 1780 4387 supra
1799 4317 2008 4374 unius-

357 4407 779 4481 principatum,
814 4405 1110 4477 significat
1168 4404 1474 4460 divisionis
1529 4404 1907 4474 vacuitatem,
1949 4411 2008 4464 et

356 4496 797 4570 simplicitatem
850 4494 1058 4550 divinae
1116 4497 1342 4549 naturae
1395 4498 1774 4565 superantem
1805 4511 2002 4551 rerum

359 4587 625 4645 omnium
659 4585 947 4640 unitatem
987 4592 1042 4639 et
1072 4581 1535 4655 simplicitatem.

430 4675 757 4748 Ineffabilis,
789 4673 886 4730 Gr.
926 4674 989 4727 τὸ
1038 4668 1356 4746 ἄφθεγκτον.
1415 4670 1491 4725 Τὸ
1521 4668 1814 4746 ἄφθεγκτον
1861 4675 2015 4745 quod

359 4766 474 4823 dici
520 4781 630 4822 non
672 4769 870 4837 potest,
913 4762 1061 4818 dixit
1114 4767 1352 4833 propter
1403 4762 1723 4817 essentiam
1775 4763 2014 4819 nomine

360 4859 674 4912 carentem.
726 4858 907 4908 Porro
957 4849 1099 4921 quod
1177 4848 1371 4906 multis
1443 4849 1622 4905 verbis
1676 4852 2014 4922 exprimitur

359 4944 527 5014 dixit,
558 4943 700 5015 quia
731 4940 1153 4997 beneficiorum
1184 4938 1468 4994 varietate
1518 4938 1724 4996 multis
1755 4941 2014 4998 afficitur

357 5034 722 5090 nominibus.

426 5125 574 5177 111
615 5123 696 5176 Ex
734 5118 889 5176 omni
945 5115 1308 5172 intellectitis.
1343 5117 1645 5181 Quomodo
1695 5118 1934 5190 ignotus
1954 5125 2013 5176 et

354 5211 592 5270 omnino
623 5197 896 5281 cognitus
937 5207 1118 5274 Deus,
1179 5212 1236 5261 et
1292 5208 1587 5277 quomodo
1641 5207 2010 5280 ignoratione

351 5303 481 5374 ejus
512 5298 904 5371 cognitionem
928 5311 1359 5367 comparemus,
1393 5295 1731 5352 dicendum.
1766 5297 2007 5371 Ignora-

349 5391 510 5448 tione
534 5388 692 5445 enim
727 5390 878 5443 Deus
908 5383 1321 5456 cognoscitur:
1383 5385 1814 5457 ignorationem
1846 5403 2002 5457 vero,

2045 4588 2093 4653 D

2035 1853 2084 1919 Β
2181 1823 2248 1877 Ἡ
2311 1825 2430 1878 καθ’
2476 1826 2623 1897 ἡμᾶς
2672 1825 2876 1895 Ἰησοῦ.
2938 1821 3256 1896 Σημείωσαι
3311 1821 3402 1876 ὅτι
3465 1819 3641 1894 μόνου
3696 1823 3789 1875 τεῦ

2120 1917 2253 1968 Θεοῦ
2285 1913 2466 1988 Λόγου
2497 1914 2636 1969 ἐστὶν
2670 1916 2706 1983 ἡ
2740 1913 3167 1987 ἐνανθρώπησις.
3204 1909 3466 1981 Παντελῆ
3505 1908 3566 1966 δὲ
3623 1911 3789 1982 αὐτήν

2118 2023 2250 2080 φησι
2299 2003 2436 2058 κατᾶ
2484 2001 2935 2079 Ἀπολλιναρίου,
2997 2003 3071 2065 ὡς
3129 2001 3190 2058 ἐκ
3230 2005 3426 2077 ψυχῆς
3476 2005 3673 2077 νοερᾶς
3703 1999 3787 2055 καὶ

2117 2093 2392 2166 ἡμετερου
2427 2093 2702 2165 σώματος’
2752 2096 2915 2147 τοῦτο
2963 2092 3064 2166 γὰρ
3097 2088 3266 2162 δηλοῖ
3292 2093 3360 2144 τὸ
3396 2089 3576 2145 εἰπεῖν
3629 2088 3786 2144 αὐτὸν

2117 2181 2232 2234 καθ’
2301 2182 2467 2253 ἡμᾶς·
2535 2180 2666 2254 ὅπερ
2746 2179 2858 2235 ἐστί
2933 2179 3023 2234 καὶ
3082 2178 3220 2234 κατᾶ
3273 2179 3598 2253 Εὑτυχοῦς·
3658 2177 3788 2232 κατὰ

2115 2270 2410 2344 Νεστορίου
2460 2268 2538 2340 δὲ,
2599 2272 2684 2324 δτι
2742 2271 2896 2347 φησὶ,
2958 2273 3057 2324 τοῦ
3090 2273 3274 2340 Ἰησοῦ
3305 2269 3413 2337 τήν
3472 2266 3786 2323 ἀναλλοίω-

2117 2379 2208 2413 τον
2259 2361 2336 2421 ὡς
2399 2363 2533 2414 Θεοῦ
2580 2361 2698 2423 καθ’
2747 2361 2896 2432 ἡμᾶς
2942 2357 3207 2434 ὕπαρξιν·
3257 2356 3353 2412 καί
3407 2357 3494 2412 ὅτι
3550 2354 3782 2426 οὗσιώδη

2119 2450 2253 2526 φησὶ
2310 2448 2377 2502 τὸ.
2407 2447 2458 2503 ἐν
2499 2452 2567 2522 τῇ
2622 2448 3004 2523 ἀνθρωπότητι
3057 2449 3359 2520 μυστήρια,
3421 2448 3527 2516 τήν
3583 2452 3785 2513 πεῖναν,

2115 2539 2208 2591 τὸν
2239 2537 2431 2608 κόπον,
2463 2537 2554 2592 καὶ
2594 2538 2656 2592 τὸ
2707 2536 2794 2592 ἰπὶ
2843 2534 3038 2598 ὕδατος
3071 2534 3314 2612 βαδίσαι,
3379 2536 3478 2590 καὶ
3523 2535 3588 2591 τὸ
3619 2533 3785 2589 εἰσελ-

2119 2629 2228 2689 θεῖν
2284 2630 2393 2680 τῶν
2441 2629 2616 2700 θυρῶν
2665 2624 3066 2699 κεκλεισμένων
3115 2626 3252 2700 πρὸς
3311 2624 3450 2687 τοὺς
3520 2625 3780 2697 μαθητὰς,

2116 2713 2206 2766 καὶ
2234 2713 2298 2768 τὸ
2319 2712 2520 2790 ἐγεῖραι
2543 2712 2673 2776 τοὺς
2695 2713 2944 2787 νεκροὺς,
2966 2713 3057 2768 καὶ
3078 2713 3212 2768 αὐτὸ
3241 2713 3306 2768 τὸ
3339 2712 3542 2781 πάθος,
3574 2712 3663 2768 καὶ
3691 2711 3781 2766 ὅσα

2117 2821 2360 2860 τοιαυτα.

2188 2977 2442 3049 Οὗσιώδη
2522 2980 2815 3052 μυστήρια.
2889 2978 3208 3051 Σημείωσαι
3261 2979 3328 3035 τὸ
3387 2976 3636 3050 οὗσιώὸη
3695 2977 3776 3033 ἐπὶ

2114 3071 2215 3134 τῆς
2243 3068 2584 3143 σαρκώσεως·
2646 3072 2809 3124 τοῦτο
2848 3069 2951 3145 γὰρ
2981 3065 3110 3146 ἔφη,
3143 3063 3441 3125 ἐκϐάλλων
3499 3069 3601 3138 τὴν
3655 3066 3778 3124 κατᾶ

2119 3158 2409 3236 φαντασίαν
2443 3155 2616 3227 δόξαν.

2190 3333 2549 3411 Παραδόσεως
2582 3334 2924 3410 ἱερομύσται.
2957 3333 3299 3409 Ἱερομόσται
3352 3333 3606 3414 λέγονται
3637 3335 3686 3390 οἱ
3716 3333 3775 3389 τὰ

2115 3424 2236 3500 ἱερὰ
2263 3445 2445 3498 μεμυτι
2456 3424 2630 3497 μενοι.

2187 3514 2429 3592 Κρυφίας
2505 3513 2596 3568 καὶ
2681 3513 3142 3590 ἀνεκφοιτήτους.
3233 3513 3478 3592 Κρυφίας
3567 3513 3771 3574 ἐνώσεις

2117 3602 2249 3679 φησὶ
2271 3603 2365 3664 τὰς
2415 3603 2542 3675 περὶ
2579 3608 2682 3671 τῆς
2737 3601 2883 3666 θείας
2940 3599 3124 3664 οῦσίας
3153 3601 3582 3673 ἀκαταλήπτους
3634 3601 3770 3676 γνώ-

2117 3708 2246 3753 σεις·
2280 3692 2380 3760 τὴν
2415 3689 2596 3746 οὐσίαν
2630 3689 2798 3760 αὐτὴν
2845 3693 2946 3756 τῆς
2995 3690 3154 3766 ἁγίας
3187 3690 3450 3764 Τριάδος,
3504 3691 3558 3746 τί
3615 3689 3766 3760 ἐστιν,

2119 3776 2298 3841 οὐδεὶς
2329 3779 2592 3854 γνώσεταί
2619 3801 2772 3837 ποτε.

2187 3868 2298 3929 Τὰς
2356 3865 2651 3942 διακρίσεις
2684 3911 2700 3927 .
2765 3869 3070 3944 Διακρίσεις
3149 3867 3282 3946 φησί
3330 3869 3431 3934 τὰς
3487 3865 3766 3924 ἐνυποστά-

2116 3976 2242 4018 τους
2269 3959 2650 4031 προσκυνητάς
2683 3958 2955 4032 ὑπάρξεις,
3014 3959 3281 4026 τουτέστι,
3339 3963 3440 4015 τοῦ
3502 3959 3597 4032 μὶν
3650 3956 3767 4009 Υἱοῦ

2115 4046 2206 4100 τὸν
2268 4044 2327 4100 ἐκ
2384 4046 2594 4121 Ματρὸς
2651 4045 3016 4124 ἀνὲκφραστον
3077 4046 3442 4122 ἀπαυγασμόν
3481 4068 3493 4081 ·
3567 4045 3662 4102 τοῦ
3715 4039 3767 4096 δὲ

2118 4134 2277 4208 ἁγίου
2334 4134 2648 4207 Πνεύματος
2700 4135 2801 4204 τὴν
2864 4133 2924 4190 ἐκ
2968 4137 3177 4210 Πατρὸς
3233 4135 3560 4207 ἀνεννόητον
3619 4131 3767 4188 ἐκπό-

2119 4241 2326 4297 ρευσιν.

2187 4312 2250 4369 Ἡ
2309 4312 2440 4385 ὑπὲρ
2473 4309 2748 4386 ἐναρχίαν.
2776 4313 2839 4367 ἹΙ
2873 4312 3006 4388 ὑπὲρ
3039 4313 3298 4389 ἑναρχίαν
3331 4313 3523 4383 ἑνότης
3553 4311 3614 4366 τὸ
3646 4307 3764 4379 ὑπὲρ

2120 4406 2292 4456 πᾶσαν
2344 4400 2571 4471 ἑνότητα
2617 4401 2709 4456 καὶ
2757 4401 3045 4472 ἁπλότητα
3085 4402 3139 4457 ἐν
3178 4408 3294 4466 τοῖς
3327 4404 3448 4459 οῦσι
3502 4404 3601 4466 τῆς
3633 4396 3762 4463 θείας

2113 4489 2323 4567 φύσεως
2352 4488 2548 4563 ἀμερές
2573 4510 2632 4544 τε
2661 4489 2750 4544 καὶ
2779 4488 2992 4545 ἁπλοῦν
3025 4489 3304 4576 σημαίνει.

2194 4668 2272 4726 Τὸ
2301 4665 2621 4746 ἄφθεγκτον.
2654 4670 2991 4746 Ἀφθεγκτον
3018 4666 3188 4725 διὰτὸ
3215 4664 3651 4743 ἀκατονόμαστον
3670 4663 3758 4724 τῆς

2122 4757 2331 4819 οὐσίας’
2367 4754 2696 4834 πολύφωνον
2731 4755 2808 4827 δὲ,
2842 4756 2925 4812 ὅτι
2953 4762 3022 4832 τῇ
3045 4756 3296 4830 ποικιλίᾳ
3322 4763 3431 4814 τῶν
3466 4756 3759 4829 εὐεργετου-

2124 4847 2298 4920 μὲνων
2327 4847 2390 4901 τὸ
2415 4845 2744 4923 πολύφωνον
2775 4840 2914 4920 ἔχει.

2187 5118 2258 5173 Τὸ
2304 5117 2635 5186 παννόητον.
2680 5119 2805 5180 Πῶς
2835 5114 3108 5192 ἄγνωστος
3169 5117 3256 5172 καὶ
3319 5110 3679 5183 παννόητος⁹⁶
3730 5101 3754 5158 δ

2118 5208 2272 5275 Θεὸς,
2321 5205 2408 5260 καὶ
2439 5210 2556 5268 πῶς
2590 5205 2643 5260 ἰν
2690 5204 2929 5282 ἀγνωσία
2972 5206 3074 5274 τήν
3131 5208 3255 5281 περί
3311 5205 3474 5261 αὐτοῦ
3519 5200 3754 5270 κτώμεθα

2116 5300 2334 5371 γνῶσιν,
2397 5296 2613 5369 ῥητέον·
2667 5292 2857 5369 ἀγνοίᾳ
2887 5294 2990 5369 γὰρ
3014 5294 3220 5371 γίνεται
3267 5294 3506 5371 γνωστὸς
3537 5291 3564 5345 ὁ
3615 5283 3749 5371 ΘιόΨ

2118 5370 2334 5460 ἄγνοιαν
2381 5380 2461 5454 δὲ,
2525 5383 2601 5457 μὴ
2660 5384 2762 5452 τὴν
2816 5379 2906 5439 διὸ.
2951 5370 3052 5454 τῆς
3105 5370 3340 5458 ἀμαθίας
3389 5376 3582 5455 λάϐῃς·
3628 5370 3747 5443 αὕτη

1354 5538 1598 5594 VARle
1646 5538 2043 5596 LECTIONES
2093 5541 2185 5598 ET
2217 5537 2770 5598 CORRECTIONES.

430 5671 476 5707 οι
503 5687 594 5744 γρ.
623 5663 706 5721 ὅτι
736 5663 836 5732 τήν
864 5660 1056 5718 κτίσιν.
1134 5663 1177 5699 ³⁵
1206 5681 1294 5736 γρ.
1329 5663 1472 5737 περί.
1551 5664 1596 5699 ⁸⁸
1624 5682 1715 5737 γρ.
1747 5659 1916 5717 πάλιν
1941 5663 2160 5735 νοητός.
