4034 6388
209 374 328 430 217
997 380 1056 432 S.
1097 380 1368 433 MAXIMI
1405 378 1711 433 SCHOLIA
1746 381 1821 433 IN
1858 379 1992 432 LIB.
2032 381 2128 433 DE
2166 383 2436 436 DIVINIS
2472 380 2888 435 NOMINIBUS.
3547 375 3655 430 218

215 499 333 575 γὰρ
369 496 569 561 σκότος
616 497 730 554 ἰστὶ
778 502 985 575 ψυχῆς·
1044 502 1182 574 μήτε
1232 501 1331 570 τήν
1385 501 1777 577 γινώσκουσαν,
1811 499 1894 556 ὅτι

2016 520 2126 560 non
2159 520 2287 560 eam
2318 521 2442 576 quae
2473 520 2544 561 ex
2589 501 2885 575 imperitia
2942 501 3148 570 oritur,
3199 500 3455 574 accipias
3489 517 3502 558 :
3533 500 3655 558 hac

216 589 512 664 ἀγνοεῖται
547 589 574 643 ὁ
625 585 924 664 ἄγνωστος·
982 587 1128 652 εἶδος
1170 590 1273 665 γὰρ
1321 590 1410 646 καὶ
1443 590 1578 661 αὐτὴ
1609 611 1894 665 γνωριστι-

2016 591 2164 647 enim
2191 593 2377 664 caligo
2410 595 2500 649 est
2531 591 2770 659 mentis,
2804 606 2992 662 neque
3038 599 3485 663 cognoscentem
3517 606 3654 646 eum

219 679 354 734 κόν·
384 676 536 733 ἀλλὰ
564 680 683 733 κατ’
728 677 940 750 ἐκείνην
986 680 1084 749 τὴν
1134 678 1350 755 ἄγνοιαν
1399 681 1720 756 γινώσκεται
1748 703 1896 756 γνωο

2016 681 2266 752 ignorari
2299 681 2399 753 qui
2431 681 2674 736 minime
2730 679 3003 752 cognosci
3060 685 3250 751 potest
3282 699 3296 748 ;
3337 680 3464 750 ipsa
3496 677 3656 734 enim

226 767 383 836 στὸς,
416 769 540 832 καθ’
573 766 640 837 ἢν
691 767 1036 832 ἀπλωθέντες
1085 770 1217 846 ὑπὲρ
1263 771 1358 832 τὰς
1408 772 1649 842 νοήσεις,
1701 768 1899 832 α’ίτινες

2016 779 2097 826 est
2129 769 2355 842 species
2388 769 2779 843 cognitionis:
2813 785 3016 825 verum
3062 769 3166 824 illa
3208 768 3573 840 ignoratione
3604 767 3655 824 is

2012 859 2109 930 qui
2136 860 2412 932 cognosci
2442 863 2653 931 potest,
2689 858 3090 931 cognoscitur,
3123 874 3225 930 per
3268 874 3442 929 quam
3475 874 3658 930 supra

2012 948 2376 1021 cognitiones
2408 948 2710 1021 simplices
2759 948 3071 1014 efficimur,
3106 964 3232 1018 qua:
3282 947 3424 1001 dum
3459 945 3656 1002 multi-

225 857 659 931 πληθυνόμεναι
708 855 1110 927 σκεδάννυνται,
1161 861 1250 914 καὶ
1314 861 1466 924 αὖθις
1522 859 1898 934 συμπτύσσον-

221 967 344 1015 ται,
398 947 507 1002 οὐκ
551 945 705 1002 οὖσαι
766 947 904 1010 ὶνάς.
954 949 1111 1006 Ὃθεν
1171 949 1262 1005 οὗν
1314 955 1486 1005 πᾶσαν
1534 951 1720 1019 νόησιν
1773 938 1899 1026 περῖ

227 1036 364 1092 Θεὸν
424 1031 778 1111 ὑπερϐάντες,
839 1034 1011 1092 ἀπλοῖ
1066 1038 1350 1112 γινόμεθα,
1412 1039 1732 1114 ἀγνοοῦντες
1781 1038 1899 1094 λοι-

229 1125 339 1180 πὸν
371 1125 466 1180 καὶ
497 1123 809 1201 ἀδιάκριτοι
839 1129 881 1163 9⁷
921 1127 1171 1200 μένοντες
1201 1125 1292 1182 διὰ
1337 1128 1436 1197 τὴν
1488 1129 1625 1204 πρὸς
1651 1129 1749 1198 τὴν
1784 1128 1899 1183 ἑνό-

228 1235 374 1285 τητα
433 1215 646 1285 στάσιν,
708 1215 800 1270 καὶ
871 1211 1105 1291 βεϐαίως
1161 1217 1390 1279 ἑστῶτες
1450 1216 1502 1272 ἐν
1561 1221 1630 1292 τῇ
1690 1218 1898 1287 ἒνώσει,

231 1302 553 1378 ἀγνοοῦμεν
602 1302 686 1359 ὅτι
741 1306 1043 1380 ἀγνοοῦμεν
1103 1308 1167 1376 9⁸,
1225 1306 1500 1361 τουτέστιν
1561 1307 1667 1383 οὐχ
1715 1308 1901 1381 ἑτέρου

231 1393 383 1454 τινὸς
415 1390 623 1454 εἰδότες
653 1396 717 1462 9°,
749 1396 914 1466 ἡμεῖς
967 1395 1042 1457 ὡς
1095 1396 1323 1468 ἀμαθεῖς
1371 1396 1697 1470 ἀγνοοῦμεν,
1745 1394 1898 1450 δυνά·

238 1501 390 1554 μενοι
425 1483 622 1553 μαθεῖν
655 1479 688 1536 ἃ
714 1482 852 1545 τέως
902 1483 1226 1558 ἀγνοοῦμεν·
1263 1483 1410 1540 ἀλλά
1451 1487 1518 1539 τὰ
1548 1485 1693 1560 παρά
1721 1484 1900 1555 πάσης

236 1569 476 1644 λογικῆς
505 1569 734 1634 κτίσεως
783 1568 1019 1635 εὐσεϐῶς
1066 1573 1401 1649 ἀγνοούμενα
1451 1575 1792 1649 ἀγνοοῦντες·
1847 1574 1901 1629 ἐν

233 1658 406 1725 ταῦτη
455 1659 561 1736 γὰρ
611 1662 832 1725 στάντες
879 1661 948 1736 τῇ
1003 1662 1232 1736 ἀγνοίᾳ,
1289 1661 1435 1726 εἶδος
1491 1663 1755 1739 γινόμεθα
1805 1668 1902 1718 τοῦ

235 1747 349 1821 πρὸ
377 1747 602 1802 πάντων
658 1745 835 1813 ὄντος·
884 1747 1132 1813 ἐάσαντες
1187 1751 1282 1824 μὲν
1327 1753 1502 1807 πάντα
1545 1753 1613 1807 τὰ
1663 1750 1780 1823 εἷ’δη
1813 1751 1902 1807 καί

364 1838 613 1945 νορήσεις,
646 1837 698 1892 ἐν
751 1839 955 1948 ἀφασίᾳ
977 1837 1062 1937 υδὶ
1102 1839 1370 1916 κρείττονι
1414 1843 1592 1912 πάσης
1639 1840 1905 1920 φθέγξεως
1938 1882 1985 1948 Β

237 1921 557 2000 ῒδρυμὲνοι,
589 1931 669 1998 τῷ
721 1925 863 2001 μηδὲ
911 1925 1072 1984 τοῦτο
1120 1930 1428 2004 γινώσκειν,
1457 1929 1540 1985 ὅτι
1583 1931 1904 2007 ἀγνοοῦμεν·

245 2015 364 2070 εἶτα
391 2012 565 2069 πάλιν
619 2016 1052 2093 ὑποστρέψαντες
1099 2017 1160 2073 ἐκ
1203 2021 1302 2089 τῆς
1351 2020 1403 2074 ἐν
1453 2019 1650 2092 ἀφασίᾳ
1681 2023 1746 2058 ¹⁰⁰
1776 2041 1906 2074 σιω-

238 2109 381 2171 πῆς,
432 2103 525 2158 καὶ
579 2105 685 2160 ἀπὸ
731 2112 833 2175 τῆς
878 2113 1035 2182 σιγῆς
1083 2107 1158 2170 εἰς
1205 2109 1420 2186 φθέγξιν
1469 2104 1904 2179 καταϐαίνοντες,

241 2190 520 2255 συνιέντες
552 2188 636 2248 ὅτι
667 2195 996 2270 ἠγνοοῦμεν,
1026 2197 1366 2274 ἀφιστάμεθα
1414 2195 1608 2253 λοιπὸν
1637 2195 1735 2253 τοῦ
1783 2198 1906 2274 περὶ

239 2279 535 2356 ἀγνώστου
589 2287 796 2352 ζητεῖν.
857 2283 1166 2356 Παννόητος
1219 2284 1276 2341 δὲ
1337 2285 1502 2342 πάλιν
1557 2288 1584 2341 6
1643 2289 1792 2361 Θεὸς,
1850 2289 1909 2344 ἐκ

236 2374 353 2424 τῶν
400 2369 738 2448 φιλοδώρων
791 2376 1062 2446 προνοιῶν
1109 2375 1422 2450 νοούμενος,
1474 2377 1504 2432 6'
1549 2399 1600 2432 τι
1652 2376 1787 2446 ἐστὶ,
1817 2379 1906 2433 καὶ

237 2456 300 2513 ἐκ
358 2463 470 2514 τῶν
519 2457 1026 2536 δημιουργημάτων
1064 2485 1076 2497 ·
1129 2462 1187 2518 ἐκ
1233 2469 1340 2519 τῶν
1403 2467 1524 2538 μὲν,
1581 2466 1664 2522 ὅτι
1723 2469 1906 2544 σωτήρ

238 2545 410 2602 ἐστιν·
466 2546 527 2603 ἐκ
566 2553 677 2604 τῶν
721 2547 798 2618 δὲ,
832 2549 915 2606 ὅτι
965 2549 1326 2627 δημιουργός.
1361 2555 1459 2609 Καὶ
1501 2555 1647 2610 θέσιν
1682 2556 1776 2629 μὶν
1805 2559 1906 2626 τὴν

240 2635 474 2712 ὕπαρξίν
508 2659 700 2712 φησιν,
730 2639 808 2704 ὡς
836 2639 887 2710 ἐξ
936 2640 1104 2711 αὐτῆς
1131 2649 1233 2712 τῆς
1280 2644 1496 2698 πάντων
1539 2641 1707 2715 οὔσης
1739 2645 1907 2720 ὑπάρ-

243 2725 401 2796 ξεως.
436 2725 668 2802 Λέγουσι
701 2725 759 2782 δὲ
806 2729 897 2783 καὶ
946 2731 998 2784 οἱ
1049 2729 1341 2810 φιλόσοφοι
1392 2734 1536 2796 θέσιν
1583 2733 1651 2788 τά
1680 2733 1910 2798 ἐπιτιθέ-

245 2836 385 2889 μενα
438 2812 560 2886 εἷ’δη
611 2820 681 2891 τῇ
737 2815 862 2892 ὕλῃ·
911 2818 1186 2897 ἀφαίρεσιν
1233 2819 1313 2889 δὶ,
1361 2820 1484 2878 ὅταν
1533 2823 1587 2878 αἱ
1619 2825 1910 2895 ποιότητες

242 2904 588 2980 ἀφαιρεθῶσι
635 2909 745 2962 τῶν
795 2905 974 2963 εἰδῶν·
1026 2910 1140 2964 οῖον
1173 2916 1278 2986 γῆς
1327 2912 1388 2966 τὸ
1434 2911 1592 2988 βαρὺ,
1624 2911 1817 2975 ὕδατος
1848 2916 1909 2969 τὸ

246 2993 444 3068 ὑγρόν.
482 2995 544 3052 Ὁ
595 2995 687 3049 οὗν
741 2997 894 3067 Θεὸς,
948 2999 976 3052 6
1023 2998 1114 3053 καὶ
1160 3003 1328 3054 ταῦτα
1389 3002 1908 3078 μετασχηματίζων,

243 3085 278 3151 ἡ
331 3084 559 3138 πάντων
614 3085 758 3148 θέσις
807 3085 897 3141 καὶ
946 3087 1226 3165 ἀφαίρεσίς
1274 3089 1404 3146 ἰστι·
1453 3093 1598 3155 θέσις
1649 3092 1743 3165 μὲν
1775 3091 1908 3148 πάν-

240 3192 376 3244 των,
409 3173 490 3234 ὡς
544 3173 614 3228 τὰ
667 3175 842 3230 πάντα
894 3175 1004 3238 θεὶς
1059 3177 1150 3232 καὶ
1207 3181 1466 3249 ποιήσας,
1520 3182 1609 3236 καὶ
1662 3178 1908 3253 ἱδρῦσθαι

2014 1039 2324 1112 plicantur,
2357 1037 3040 1109 dividuuturiterumque
3061 1037 3506 1108 conjunguntur
3525 1051 3658 1091 cum

2014 1147 2130 1185 non
2159 1129 2280 1184 sint
2309 1129 2528 1183 unitas.
2560 1128 2785 1183 Idcirco
2815 1127 2997 1198 igitur
3043 1142 3281 1182 omnem
3313 1127 3384 1180 de
3419 1127 3530 1181 Deo
3562 1141 3657 1181 co-

2013 1218 2356 1291 gitationem
2418 1217 2898 1273 transcendentes
2975 1215 3274 1288 simplices
3347 1215 3660 1285 efﬁcimur,

2013 1308 2351 1379 ignorantes
2383 1307 2593 1362 deinde
2624 1311 2681 1362 et
2704 1323 2818 1361 non
2841 1305 3241 1361 discernentes
3264 1309 3502 1376 propter
3529 1303 3661 1358 uni-

2015 1397 2156 1452 tatis
2186 1401 2406 1452 statum
2441 1399 2878 1468 permanentes,
2911 1398 2968 1450 et
3025 1393 3270 1450 ﬁrmiter
3328 1392 3388 1448 in
3438 1393 3662 1448 unitate

2014 1486 2428 1553 consistentes,
2461 1485 2805 1557 ignoramus
2849 1502 2954 1540 nos
2986 1483 3278 1556 ignorare,
3311 1482 3368 1537 id
3399 1485 3490 1538 est
3514 1481 3663 1537 nihil

2014 1575 2175 1631 aliud
2207 1575 2485 1644 scientes,
2520 1591 2627 1630 nos
2661 1580 2725 1630 ut
2781 1575 2958 1629 rudes
3007 1572 3374 1644 ignoramus,
3403 1571 3662 1628 valentes

2013 1680 2082 1720 ea
2103 1664 2327 1721 discere
2349 1681 2478 1736 quis
2519 1663 2823 1734 hucusque
2877 1663 3242 1734 ignoramus,
3275 1661 3376 1716 sed
3434 1676 3504 1716 ea
3535 1677 3662 1731 qua

2013 1755 2087 1810 ab
2149 1754 2421 1810 universa
2487 1755 2710 1809 ratione
2769 1751 3012 1825 praedita
3074 1754 3343 1806 creatura
3393 1749 3663 1822 religiose

2014 1842 2384 1916 ignorantur,
2444 1843 2781 1914 ignorantes
2833 1860 2848 1910 ;
2899 1840 2958 1896 in
3015 1842 3125 1895 hac
3176 1838 3475 1910 siquidem
3529 1854 3660 1910 per-

2017 1933 2299 1989 sistentes
2330 1931 2716 2004 ignoratione,
2768 1929 3060 1985 efficimur
3105 1929 3292 1984 forma
3346 1929 3472 1999 ejus
3509 1928 3662 1999 quod

2018 2025 2153 2076 ante
2184 2021 2385 2076 omnia
2415 2020 2665 2088 exsistit,
2729 2017 3091 2091 negligentes
3145 2017 3386 2089 quidem
3443 2016 3664 2073 formas

2017 2128 2247 2181 omnes,
2278 2111 2338 2166 in
2367 2110 2603 2166 silentio
2635 2113 2832 2166 autem
2865 2125 3135 2165 sermone
3182 2108 3342 2164 omni
3379 2111 3667 2178 praestan-

2017 2201 2150 2256 tiori
2185 2199 2623 2266 constituimur,
2674 2197 2978 2266 nimirum,
3039 2213 3230 2268 neque
3285 2197 3394 2252 hoc
3452 2213 3665 2267 cogno-

2017 2307 2199 2361 scere,
2235 2291 2388 2361 quod
2440 2289 2808 2360 ignoramus,
2866 2292 3070 2358 postea
3113 2303 3319 2342 rursus
3376 2303 3411 2341 a
3457 2290 3665 2342 mutuo

2018 2379 2252 2436 silentio
2283 2378 2570 2448 conversi,
2603 2382 2660 2432 et
2697 2394 2732 2432 a
2760 2376 3158 2432 taciturnitate
3211 2375 3282 2432 ad
3333 2390 3665 2431 sermonem

2021 2468 2468 2534 descendentes,
2501 2467 2644 2521 dum
2675 2465 3058 2538 intelligimus
3088 2482 3197 2521 nos
3216 2465 3509 2536 ignorare,
3531 2465 3668 2520 abs-

2017 2558 2277 2612 tinemus
2308 2561 2512 2628 postea
2541 2555 2614 2611 ab
2645 2555 2775 2626 ejus
2806 2555 2962 2627 quod
3020 2553 3292 2625 cognosci
3341 2552 3545 2624 nequit
3573 2553 3668 2607 in-

2020 2645 2357 2716 quisitione.
2394 2644 2626 2700 Rursus
2663 2659 2794 2699 vero
2827 2647 2979 2700 Deus
3008 2643 3234 2700 omnino
3285 2640 3671 2711 intelligibiti:

2019 2734 2401 2806 dicitur,quia
2429 2749 2498 2788 ex
2526 2730 2754 2788 liberali
2776 2731 3141 2804 providentia
3161 2736 3217 2787 et
3230 2731 3671 2804 operationibus

2020 2822 2388 2896 agnoscitur,
2411 2821 2554 2893 quid
2587 2821 2660 2878 sit
2683 2839 2698 2889 ;
2749 2838 2819 2877 ex
2846 2820 2947 2876 illa
2976 2821 3236 2892 quidem,
3259 2836 3389 2876 esse
3411 2822 3640 2875 servato
3658 2853 3673 2864 -

2020 2928 2167 2981 rem,
2191 2929 2259 2968 ex
2289 2911 2383 2967 his
2415 2915 2636 2981 autem,
2671 2927 2800 2966 esse
2831 2913 3176 2966 creatorem.
3219 2913 3285 2964 Et
3315 2907 3669 2980 positionem

2021 3018 2124 3058 seu
2159 2999 3048 3068 afﬁrmationem,exsistentiam
3079 2997 3425 3069 vocat,quia
3463 2997 3532 3052 ab
3564 2994 3670 3052 illa

2021 3092 2286 3148 omnium
2321 3091 2600 3163 procedat
2629 3087 3010 3156 exsistentia;
3045 3087 3252 3143 dicunt
3282 3103 3454 3159 porro
3478 3085 3668 3158 philo-

2019 3180 2188 3252 sophi
2211 3178 2561 3252 positionem
2579 3178 2799 3234 formas
2823 3194 2948 3249 quis
2974 3176 3232 3232 materiae
3259 3176 3668 3247 imponuntur;

239 3261 699 3338 παρασκευάζων·
753 3262 806 3320 έν
857 3264 1004 3338 αὑτῷ
1049 3267 1150 3342 γὰρ
1203 3268 1271 3322 τὰ
1318 3270 1522 3324 ἅπαντα
1570 3270 1905 3342 συνέστηκεν·

2023 3248 2378 3326 ablutionem
2412 3272 2609 3324 autem
2650 3283 2750 3324 seu
2787 3248 3182 3338 negationem,
3215 3265 3447 3337 quando
3479 3262 3669 3335 quali-

240 3349 531 3427 ἀφαίρεσις
583 3347 641 3406 δὲ
688 3353 904 3408 πάντων
957 3353 1122 3426 ἐστὶν,
1156 3355 1232 3419 ὡς
1271 3359 1357 3412 καὶ
1409 3359 1506 3427 τὴν
1557 3359 1700 3414 θέσιν
1744 3359 1910 3429 αὐτὴν

239 3440 374 3515 [τῶν
410 3435 609 3514 ὄντων]
654 3439 746 3495 καὶ
796 3442 896 3511 τήν
942 3441 1162 3515 ποίησιν
1207 3445 1655 3523 μεταῤῥυθμίζων
1691 3449 1780 3503 καὶ
1813 3470 1910 3522 με-

235 3526 590 3598 τασκευάζων
626 3571 640 3598 ,
699 3530 791 3585 καὶ
867 3531 1114 3610 ἀφαιρῶν
1173 3532 1230 3590 ἐκ
1301 3539 1410 3590 τῶν
1468 3536 1790 3610 τεθειμένων
1843 3540 1912 3594 τὰ

238 3618 380 3672 κατά
409 3617 594 3696 φύσιν·
644 3619 691 3673 εἱ
739 3619 840 3695 γὰρ
892 3619 1245 3698 ὁμολογεῖται
1280 3626 1297 3660 ¹
1327 3623 1394 3678 τά
1442 3623 1493 3678 ἐν
1544 3627 1744 3700 γενέσει
1775 3625 1910 3681 πάν-

244 3726 354 3768 τως
400 3706 492 3761 καὶ
545 3706 858 3783 φθείρεσθαι
889 3711 929 3746 ³·
979 3709 1140 3774 αὐτὸς
1190 3708 1248 3766 δὲ
1294 3709 1522 3786 πλούτῳ
1569 3714 1908 3790 ἀγαθότητος

253 3799 361 3849 τῶν
390 3796 486 3868 μὲν
523 3795 707 3851 ἀνεῖλε
737 3797 828 3852 καὶ
878 3798 940 3852 τὸ
989 3801 1247 3876 φθαρτὸν,
1279 3802 1352 3864 ὡς
1403 3801 1653 3878 ἀγγέλων
1697 3805 1787 3859 καὶ
1814 3808 1911 3880 ψυ-

251 3887 387 3958 χῶν·
421 3888 533 3938 τῶν
587 3882 645 3940 δὲ
690 3886 754 3940 τὸ
805 3889 1038 3963 φθαρτὸν
1089 3888 1164 3952 εἷς
1193 3889 1512 3968 ἀφθαρσίαν,
1543 3893 1632 3947 καὶ
1679 3894 1742 3949 τὸ
1775 3896 1908 3966 θνη-

241 3973 334 4027 τὸν
387 3972 468 4035 εἷς
521 3973 818 4038 ἀθανασίαν
875 3978 1117 4052 μετάγει,
1150 3978 1226 4041 ὡς
1268 3979 1335 4036 τὰ
1379 3982 1608 4055 σώματα
1653 3981 1811 4056 ἡμῶν
1852 3982 1904 4039 ἐν

237 4065 306 4136 τῇ
339 4063 654 4117 ἀναστάσει·
701 4060 872 4132 δῆλον
905 4068 979 4128 ὡς
1014 4066 1174 4129 αὐτός
1201 4073 1370 4124 ταῦτα
1400 4071 1537 4142 ἡμῖν
1564 4074 1586 4106 ³
1617 4071 1905 4148 ὑπάρχων,

239 4150 407 4213 αὐτὸς
457 4151 550 4206 καὶ
604 4152 736 4226 ὑπὲρ
786 4153 929 4217 θέσιν
980 4153 1091 4210 ἐστὶ
1143 4157 1232 4211 καὶ
1278 4157 1576 4236 ἀφαίρεσιν,
1608 4160 1697 4216 καὶ
1747 4161 1904 4235 θεμέ-

238 4237 364 4301 λιος
396 4239 490 4294 καὶ
524 4238 649 4315 ῥίζα
679 4242 894 4296 πάντων
941 4241 1035 4317 ὢν,
1070 4245 1131 4299 οὗ
1178 4251 1444 4315 τοπικῶς,
1491 4247 1636 4304 ἀλλά
1681 4251 1818 4305 κατά
1846 4251 1907 4306 τὸ

237 4327 445 4383 αἶ’τιον·
505 4325 630 4384 οὔτε
688 4331 966 4408 ἀφαίρεσις
1029 4332 1186 4396 αὐτὸς
1240 4332 1336 4402 ὣν,
1392 4337 1464 4392 ὧν
1523 4337 1682 4402 αὐτὸς
1737 4337 1853 4416 ἔχει
1890 4360 1903 4372 ⁹

237 4415 376 4471 αὐτὸ
409 4417 515 4492 γὰρ
543 4416 808 4482 ἀθάνατον
839 4419 998 4483 αὐτὸς
1049 4419 1187 4498 ἔχει.
1220 4423 1299 4480 Τὸ
1347 4425 1451 4501 γὰρ
1499 4415 1784 4497 ἀθάνατον,
1816 4429 1906 4484 καὶ

237 4503 661 4576 ἀκατάληπτον,
713 4507 805 4563 καὶ
855 4509 1156 4585 ἄγνωστον,
1205 4512 1295 4567 καὶ
1347 4513 1444 4568 ὅσα
1483 4521 1726 4588 τοιαῦτα,
1767 4515 1905 4593 ἔχει,

2019 3361 2168 3414 tates
2200 3375 2231 3412 a
2263 3356 2468 3414 formis
2510 3357 2880 3424 auferuntur,
2915 3355 3094 3412 veluti
3151 3372 3184 3410 a
3234 3358 3390 3410 terra
3419 3352 3668 3426 gravita-

2018 3451 2159 3517 tem,
2193 3446 2264 3502 ab
2311 3462 2464 3518 aqua
2515 3434 2951 3501 humiditatem.
3005 3444 3159 3500 Deus
3191 3443 3372 3516 igitur
3399 3442 3498 3514 qui
3549 3440 3671 3496 haec

2018 3536 2217 3592 omnia
2246 3534 2930 3601 transformat,omnium
2963 3536 3051 3589 est
3081 3533 3294 3606 positio
3324 3535 3383 3588 et
3410 3530 3628 3587 ablatio
3654 3547 3667 3586 :

2017 3625 2282 3682 omnium
2316 3624 2557 3696 quidem
2589 3624 2826 3696 positio,
2889 3627 2953 3678 ut
3009 3622 3108 3694 qui
3160 3621 3362 3678 omnia
3419 3620 3584 3692 ponit
3611 3624 3671 3677 et

2017 3715 2176 3786 facit,
2207 3717 2384 3786 atque
2419 3719 2481 3769 ut
2506 3713 2833 3769 consistant
2889 3711 3186 3784 disponit;
3232 3711 3291 3766 in
3351 3710 3478 3781 ipso
3510 3710 3669 3766 enim

2017 3805 2219 3860 omnia
2247 3802 2600 3859 consistunt.
2633 3803 2732 3858 Est
2783 3805 2980 3859 autem
3013 3800 3280 3858 omnium
3333 3798 3570 3867 ablatio,
3605 3801 3671 3854 ut

2017 3893 2116 3966 qui
2152 3892 2502 3964 positionem
2536 3892 2729 3964 ipsam
2761 3891 3006 3964 [rerum]
3036 3895 3093 3947 et
3122 3889 3476 3946 creationem
3508 3903 3667 3943 com-

2015 3981 2180 4055 ponit
2210 3986 2267 4036 et
2296 3981 2815 4054 concinnat,atque
2844 3997 2914 4036 ex
2946 3979 3156 4052 positis
3188 3995 3256 4035 ea
3281 3994 3408 4049 qua
3440 3979 3670 4031 natura;

2014 4075 2156 4128 sunt
2187 4071 2422 4140 propria
2453 4070 2680 4137 aufert;
2715 4069 2933 4125 sienim
2967 4086 3071 4140 pro
3093 4067 3361 4124 confesso
3393 4065 3666 4134 habetur,

2014 4178 2082 4216 ea
2111 4176 2242 4232 quae
2270 4163 2628 4230 generantur
2660 4176 2902 4230 prorsus
2949 4158 3125 4214 etiam
3169 4155 3468 4227 corrumpi
3501 4155 3669 4225 ;ipse

2014 4255 2213 4308 autem
2245 4251 2615 4308 abundantia
2635 4250 2916 4307 bonitatis
2940 4249 3175 4304 illorum
3199 4247 3436 4320 quidem
3462 4261 3664 4302 corru-

2014 4341 2273 4413 ptionem
2336 4341 2488 4397 112
2547 4339 2885 4409 abstulerit,
2945 4337 3125 4394 veluti
3185 4337 3257 4393 ab
3326 4335 3553 4408 angelis
3611 4337 3669 4391 et

2016 4430 2329 4487 animabus
2357 4448 2372 4498 ;
2403 4429 2617 4486 horum
2648 4445 2781 4485 vero
2812 4428 3249 4500 corruptionem
3288 4425 3348 4481 in
3398 4425 3669 4480 incorru-

2016 4520 2275 4590 ptionem
2312 4520 2605 4589 traducat,
2637 4519 2793 4574 sicut
2853 4534 3096 4590 corpora
3145 4520 3348 4572 nostra
3379 4514 3438 4569 in
3471 4528 3668 4568 resur-

241 4592 356 4668 οὐχ
381 4594 458 4656 ὡς
493 4596 569 4665 μὴ
602 4591 676 4649 ὥν
725 4597 788 4651 τὸ
837 4595 1100 4653 ἐναντίον·
1151 4597 1298 4656 ἀλλά
1325 4603 1462 4657 κατὰ
1507 4602 1757 4676 ἰδιότητά
1785 4591 1905 4663 τινα

2016 4609 2307 4676 rectione;
2343 4607 2721 4664 manifestum
2753 4609 2843 4662 est
2869 4606 3022 4678 quod
3055 4605 3180 4683 ipse
3228 4604 3427 4659 eadem
3472 4599 3669 4657 nobis-

241 4688 408 4736 πᾶσιν
454 4679 694 4758 ἄρρητον
739 4684 832 4740 καὶ
885 4685 1262 4758 ἀνεπινόητον·
1317 4689 1576 4765 ἐξῄρηται
1633 4694 1737 4769 γὰρ
1797 4700 1903 4751 τῶν

242 4770 531 4842 ἁπάντων,
560 4772 634 4834 ὡς
680 4772 1037 4849 ἀφῃρημένος
1083 4781 1191 4833 τῶν
1220 4774 1414 4849 ὄντων,
1446 4781 1538 4836 καὶ
1571 4781 1660 4837 ὑπ’
1691 4781 1911 4847 οὐδενὸς

241 4859 550 4934 νοούμενος
603 4866 710 4918 τῶν
759 4861 812 4917 ἐν
865 4861 1200 4943 δημιουργίᾳ
1249 4870 1284 4939 ἢ
1329 4865 1910 4946 καταλαμϐανόμενος,

242 4949 320 5013 ὡς
348 4948 514 5012 αὐτὸς
563 4951 752 5008 ἑαυτὸν
804 4954 1049 5029 ἁρπάσας
1096 4952 1185 5011 διὰ
1228 4963 1330 5028 τῆς
1390 4958 1658 5034 ἀπειρίας·
1692 4962 1753 5016 οὐ
1806 4964 1909 5038 γάρ

241 5036 390 5093 ἐστιν
419 5037 588 5094 αὑτοῦ
619 5041 806 5114 πέρας.
837 5044 1160 5117 Σημείωσαι
1184 5043 1241 5100 δὶ
1269 5047 1332 5101 τὸ
1363 5049 1414 5102 ἐν
1445 5046 1722 5120 ἀλλήλαις
1754 5036 1908 5121 εἶναι,

237 5126 382 5183 κατά
427 5147 546 5183 τινα
597 5131 770 5204 μονὴν
816 5133 908 5188 καὶ
954 5129 1169 5208 ’ίδρυσιν
1214 5136 1311 5198 τὰς
1370 5136 1512 5200 θείας
1569 5139 1906 5211 ὑποστάσεις,

238 5216 316 5279 ὡς
368 5216 454 5272 τό·
508 5220 651 5294 Ἐγὼ
709 5219 762 5277 ἐν
815 5225 894 5294 τῷ
953 5224 1150 5298 Ιιατρί,
1207 5226 1295 5280 καὶ
1343 5225 1371 5280 ὁ
1428 5228 1620 5301 Πατήρ
1665 5226 1716 5283 ἐν
1763 5229 1908 5303 ἐμοί⁹

2019 4713 2154 4754 cum
2183 4698 2498 4766 exsistens,
2530 4696 2609 4754 sit
2629 4701 2687 4752 et
2716 4713 2897 4768 supra
2925 4693 3275 4768 positionem
3334 4695 3390 4749 et
3431 4689 3671 4747 ablatio-

2019 4802 2180 4855 nem,
2214 4804 2346 4843 cum
2383 4787 2837 4842 fundamentum
2869 4785 2967 4854 sit,
3028 4781 3416 4854 omniumque
3457 4779 3621 4836 radix
3652 4793 3666 4832 :

2019 4893 2136 4931 non
2163 4883 2446 4946 quantum
2482 4876 2553 4931 ad
2584 4875 2802 4944 locum,
2831 4875 2932 4929 sed
2969 4877 3030 4928 ut
3062 4888 3242 4928 causa
3274 4891 3288 4940 ;
3323 4883 3514 4941 neque
3543 4867 3670 4938 ipse

2019 4968 2108 5020 est
2138 4965 2354 5022 ablatio
2382 4982 2586 5021 eorum
2609 4981 2739 5037 quas
2769 4963 2965 5031 habet,
3001 4962 3193 5035 ipsam
3225 4959 3383 5016 enim
3426 4957 3671 5012 immor-

2019 5054 2305 5111 talitatem
2339 5056 2464 5127 ipse
2495 5054 2691 5111 habet.
2711 5052 2863 5110 Illud
2897 5051 3053 5108 enim
3085 5050 3240 5123 quod
3267 5046 3412 5105 mori
3445 5044 3671 5118 nequit,

2021 5161 2210 5217 neque
2240 5144 2881 5217 comprehendi,neque
2903 5137 3439 5214 cognosci,aliaque
3455 5135 3676 5193 similia

2024 5233 2222 5302 habet,
2255 5251 2370 5290 non
2407 5234 2563 5305 quod
2625 5249 2742 5290 non
2797 5231 2877 5288 sit
2931 5228 3315 5298 contrarium,
3346 5227 3448 5284 sed
3504 5226 3676 5298 juxta

1271 5454 1508 5511 VARle
1548 5457 1938 5515 LECTIONES
1975 5459 2066 5515 ET
2104 5460 2658 5518 CORRECTIONES.

313 5631 360 5668 ετ
387 5628 837 5720 γεὲλνομίςονξις
865 5625 1274 5720 κατειληφέναι,
1305 5632 1395 5720 καὶ
1428 5629 1541 5704 ἀδι,
1569 5641 1836 5720 putantes
1863 5653 1905 5694 υι

2016 5655 2113 5695 nos
2139 5640 2453 5720 intelligere
2468 5648 2530 5720 ει
2555 5655 2684 5696 non.
2765 5639 2812 5677 "
2841 5657 2930 5714 γρ.
2963 5632 3252 5693 κατέλαϐε.
3327 5636 3372 5673 ⁸⁸
3397 5653 3486 5711 γρ.
3527 5627 3669 5687 εἶδό-

237 5723 354 5766 τος.
401 5699 507 5770 ”¹⁰9
535 5699 626 5776 γρ.
661 5699 946 5778 ἀφθαρσίᾳ.
1025 5706 1040 5740 ¹
1189 5699 1582 5780 ὡμολόγηταιί
1649 5710 1670 5744 ²
1702 5727 1798 5785 γρ.
1837 5709 2131 5786 φθείρεται.
2207 5715 2228 5748 ⁸
2255 5699 2350 5789 γρῖ
2374 5713 2556 5786 ἡμῶν.
