4034 6392
428 369 537 424 219

1241 369 1610 421 APPENDIX
1649 369 1748 419 AD
1787 367 2028 420 OPERA
2067 367 2126 419 S.
2168 366 2487 420 DIONYSII
2529 367 3034 421 AREOPAGITE.

3719 371 3814 426 220

431 496 848 572 proprietatem
875 493 1193 567 quamdam
1217 493 1495 549 omnibus
1525 491 1904 562 ineffabilem,
1926 507 2086 564 pror-

2208 490 2340 545 οὕτω
2389 492 2478 546 καὶ
2526 493 2649 568 περὶ
2699 495 2796 546 τοῦ
2845 491 3004 566 ἁγίου
3056 489 3369 564 Πνεύματος
3425 493 3453 548 ὁ
3510 489 3814 560 ’Δπόστολος

431 603 654 658 susque
711 583 1225 655 inconceptibilem
1259 603 1274 650 ;
1308 586 1617 654 exemptus
1668 583 1824 638 enim
1876 586 1964 637 est
2013 582 2085 638 ab

2197 579 2340 656 λέγει
2364 584 2403 635 ⁸.

432 675 728 742 omnibus,
763 677 1049 745 tanquam
1083 689 1116 727 a
1145 673 1318 727 rebus
1350 671 1802 742 ablatus,neque
1833 673 1905 727 ab
1934 671 2056 727 ulla
2084 676 2352 728 creatura
2381 672 2717 730 intellectus
2734 677 2837 730 aut
2869 671 3426 744 comprehensus,ut
3455 674 3551 744 qui
3581 675 3814 748 seipsum

430 780 532 836 per
560 764 914 820 infinitatem
947 761 1360 834 capiat,neque
1393 761 1549 816 enim
1583 761 1711 832 ejus
1743 765 1832 816 est
1864 761 2172 816 terminus.
2197 765 2344 816 Nota
2374 766 2568 818 autem
2603 763 2663 818 in
2696 779 2758 819 se
2789 762 3040 818 invicem
3072 777 3219 828 esse,
3253 778 3354 833 per
3385 763 3621 819 modum
3651 765 3816 821 alicu-

424 855 527 926 jus
553 853 704 909 situs
736 857 793 908 et
826 850 1234 921 habitationis,
1267 851 1501 907 divinas
1534 867 1837 922 personas,
1872 854 1937 904 ut
1967 849 2136 919 illud,
2167 853 2276 922 Ego
2307 852 2365 907 in
2398 855 2590 921 Pdtre,
2621 858 2674 908 et
2701 857 2869 909 Pater
2899 852 2958 907 in
2988 868 3078 907 me
3109 852 3182 924 (v)
3215 868 3228 918 ;
3263 852 3337 905 ita
3369 852 3542 908 etiam
3574 853 3640 908 de
3665 854 3818 926 Spirio

429 947 493 1000 tu
529 948 730 999 sancto
764 941 1072 1015 Apostolus
1104 941 1263 996 dicit.

504 1033 678 1105 [Sicut
711 1032 933 1087 lumina
993 1031 1332 1103 lampadum.
1395 1031 1627 1102 Integra
1683 1046 1851 1086 mens
1899 1029 2085 1085 sancti

432 1122 622 1178 Patris
653 1122 723 1177 ad
758 1121 916 1176 hunc
947 1121 1186 1176 modum
1223 1136 1286 1175 se
1318 1119 1518 1175 habet.
1542 1121 1889 1192 Exemplum
1923 1119 2089 1191 ponit

433 1213 506 1268 de
536 1214 740 1267 sancta
769 1210 1076 1265 Trinitate.
1099 1209 1625 1279 Quemadmodum,
1658 1209 1866 1280 inquit,
1892 1209 1940 1263 si
1971 1213 2088 1264 tres

435 1301 704 1367 lucernae,
747 1303 848 1354 aut
907 1297 1162 1353 candelis
1213 1315 1331 1354 una
1361 1299 1480 1354 sint
1528 1297 1587 1352 in
1632 1297 1872 1369 templo,
1906 1297 1994 1353 vel
2027 1300 2086 1352 in

434 1389 631 1456 domo,
675 1387 800 1443 suis
834 1387 1071 1457 quidem
1106 1386 1524 1459 hypostasibus
1557 1391 1946 1442 secernuntur
1983 1403 2086 1442 seu

437 1477 892 1550 distinguuntur
919 1477 992 1530 ab
1025 1475 1316 1542 invicem;
1351 1492 1716 1547 unaquaeque
1773 1475 1929 1531 enim
1973 1474 2090 1531 alia

435 1565 676 1622 lucerna
707 1570 796 1622 est
826 1583 838 1620 :
875 1569 1135 1620 attamen
1167 1571 1460 1636 quantum
1502 1567 1572 1620 ad
1605 1564 1826 1634 lumen,
1862 1564 2086 1620 unitam

431 1660 610 1728 atque
639 1654 953 1710 indivisam
987 1654 1444 1710 habentnaturae
1465 1659 1525 1710 et
1553 1654 1912 1727 operationis
1935 1671 2088 1710 com-

2272 1031 2515 1105 Καθάπερ
2585 1034 2738 1106 φῶτα
2796 1029 3137 1106 λαμπτήρων
3171 1072 3184 1086 .
3245 1029 3412 1094 Ὅλος
3469 1030 3497 1084 ὁ
3564 1035 3684 1092 νοῦς
3734 1036 3816 1086 τοῦ

2199 1120 2406 1193 Πατρὸς
2459 1125 2650 1174 τοῦτον
2701 1115 2816 1194 ἔχει
2875 1121 2968 1174 τὸν
3027 1118 3252 1192 τρόπον.
3307 1117 3649 1195 Παράδειγμα
3692 1123 3816 1176 εἶπεν

2199 1209 2286 1264 ἐπὶ
2316 1215 2416 1278 τῆς
2464 1209 2617 1283 ἁγίας
2659 1206 2916 1283 Τριάδος,
2951 1208 3133 1284 ὥσπερ
3183 1213 3348 1282 τριῶν
3394 1229 3553 1263 τινων
3599 1207 3816 1284 λύχνων,

2199 1298 2383 1376 φησὶν,
2416 1297 2451 1366 ἢ
2481 1303 2665 1374 κηρῶν
2718 1299 2984 1371 ἡμμένων
3037 1295 3088 1351 ἔν
3135 1318 3240 1350 τινι
3287 1301 3400 1368 ναῷ
3451 1296 3486 1366 ἢ
3540 1295 3690 1369 οἴκῳ,
3716 1303 3816 1360 ταῖς

2203 1389 2296 1460 μὲν
2332 1387 2651 1442 ὑποστάσεσι
2707 1385 3155 1463 διακεκριμένων,
3200 1384 3368 1463 ἤγουν
3421 1387 3816 1462 κεχωρισμένων

2199 1475 2484 1547 ἀλλήλωνο
2516 1476 2688 1538 ἄλλος
2719 1478 2820 1552 γὰρ
2850 1476 2938 1530 καὶ
2971 1474 3142 1537 ἄλλος
3173 1474 3381 1550 λύχνος
3428 1474 3567 1530 ἐστὶν
3598 1473 3766 1535 ίδικῶς
3793 1477 3816 1530 ὁ

2195 1565 2400 1630 καθείς·
2427 1570 2506 1637 τῷ
2553 1563 2610 1620 δὲ
2657 1567 2798 1644 φωτὶ
2840 1567 3132 1638 ἡνωμένην
3176 1563 3368 1640 ἔχουσι
3398 1566 3486 1619 καὶ
3537 1563 3815 1640 ἀχώριστον

2195 1658 2295 1725 τὴν
2343 1657 2634 1710 κοινωνίαν
2690 1662 2789 1724 τῆς
2850 1655 3060 1733 φύσεως
3115 1654 3206 1709 καὶ
3264 1661 3363 1723 τῆς
3421 1653 3693 1730 ἐνεργείας·
3739 1654 3814 1707 καὶ

433 1744 896 1801 municationem
922 1761 937 1814 ;
972 1745 1114 1799 adeo
1147 1748 1212 1798 ut
1241 1759 1413 1799 nemo
1445 1743 1776 1800 discernere
1804 1743 2089 1812 valeat,ao

2208 1743 2376 1807 σύδεὶς
2423 1742 2643 1798 δύναται
2691 1743 2745 1798 έν
2792 1749 2870 1815 τῷ
2904 1742 3039 1816 οἷ’κῳ
3085 1743 3134 1798 ἐν
3166 1747 3248 1816 τῷ
3279 1743 3394 1817 ἀέρι
3445 1741 3604 1798 αὐτοῦ
3635 1740 3818 1816 διακρῖ-

435 1836 647 1903 dicere,
678 1835 979 1906 quodnam
1032 1832 1235 1904 hujus,
1287 1834 1517 1904 quodve
1565 1833 1809 1889 alterius
1839 1833 2086 1888 lucernae

435 1924 515 1980 sit
537 1922 868 1978 lumen.His
895 1921 1140 1989 dictis,a
1170 1921 1455 1976 Trinitate
1485 1924 1554 1976 ad
1590 1921 2086 1993 dispensationem

435 2027 767 2069 sermonem
803 2011 1102 2078 transfert,
1165 2014 1222 2064 et
1276 2026 1582 2080 egressum
1638 2011 1818 2066 divini
1852 2011 2024 2067 Verbi
2055 2028 2089 2066 a

434 2103 626 2170 Patre,
655 2101 825 2171 juxta
855 2099 985 2170 ejus
1009 2114 1232 2164 vocem,
1266 2116 1394 2171 quas
1452 2099 1595 2155 dixit
1629 2116 1644 2155 :
1677 2102 1715 2156 Α
1760 2102 1935 2156 Patre
1970 2116 2088 2157 meo

434 2189 609 2258 exivi,
642 2195 694 2245 et
723 2189 796 2244 ad
826 2190 1050 2244 Patrem
1077 2204 1262 2244 meum
1293 2189 1434 2243 vado
1482 2189 1585 2259 (τε),
1637 2189 1914 2259 declarat,
1946 2191 2085 2245 sub-

435 2282 583 2336 dens
619 2295 631 2333 :
666 2278 768 2333 Sed
788 2277 914 2334 etsi
942 2278 1067 2349 quis
1096 2295 1269 2332 unam
1302 2276 1615 2348 lampadem
1633 2280 1827 2334 educat
1852 2295 1880 2334 ε
1901 2281 2086 2346 domo,

434 2369 607 2425 simul
635 2367 815 2424 exibit
869 2377 921 2423 et
972 2375 1139 2423 totum
1193 2367 1482 2438 praprium
1539 2369 1656 2438 eius
1687 2369 1895 2437 lumen,
1935 2368 2086 2424 nihil

436 2467 763 2516 exterarum
798 2457 1079 2512 luminum
1105 2456 1166 2511 in
1195 2472 1252 2511 se
1282 2473 1407 2527 ipsa
1439 2456 1611 2512 simul
1642 2459 1884 2523 trahens,
1914 2473 2089 2529 neque

435 2547 655 2618 aliquid
706 2545 796 2600 sui
856 2545 975 2600 illis
1029 2546 1364 2617 relinquens.
1417 2546 1671 2601 Veniens
1714 2547 1872 2603 enim
1908 2547 2089 2603 Filius

438 2653 509 2692 ex
538 2637 708 2691 Patre
737 2635 796 2690 in
825 2635 1136 2701 mundum,
1189 2652 1378 2706 neque
1409 2640 1659 2707 Patrem,
1721 2652 1910 2708 neque
1965 2637 2088 2709 Spi-

437 2727 617 2781 ritum
647 2724 706 2780 in
743 2741 805 2780 se
836 2726 964 2795 ipso
987 2723 1164 2780 simul
1196 2724 1381 2790 duxit,
1415 2740 1605 2796 neque
1646 2726 1951 2797 quidpiam
1975 2727 2090 2782 sibi

439 2813 747 2887 proprium
777 2811 1088 2884 egrediens
1137 2811 1256 2868 illis
1309 2812 1586 2884 reliquit:
1641 2815 1742 2870 sed
1775 2815 2088 2872 indivisam

436 2920 555 2960 sua:
587 2901 775 2974 ipsius
799 2901 1129 2958 mansionis
1159 2903 1555 2974 egressionem
1589 2903 1769 2974 fecit.]

2195 1855 2280 1889 ναι
2312 1831 2400 1889 καί
2433 1833 2625 1904 εἴπεῖν,
2654 1838 2810 1888 ποῖον
2845 1831 2937 1905 μέν
2970 1831 3082 1886 ἐστι
3129 1837 3245 1908 φῶς
3292 1828 3455 1886 τοῦδε
3482 1835 3576 1886 τοῦ
3613 1829 3814 1905 λύχνου,

2194 1929 2350 1978 ποῖον
2386 1920 2443 1977 δὲ
2471 1926 2568 1976 τοῦ
2599 1921 2802 1998 ἑτέρου.
2832 1925 3012 1977 Ταῦτα
3059 1920 3248 1988 εἰπὼν,
3285 1921 3604 1996 μετέρχεται
3647 1919 3812 1975 λοιπὸν

2196 2009 2252 2066 ἐκ
2281 2015 2378 2065 τοῦ
2406 2007 2685 2084 τριαδικοῦ
2738 2010 2813 2071 εἰς
2862 2010 2953 2064 τὸν
2997 2016 3097 2078 τῆς
3145 2008 3470 2081 οἰκονομίας
3515 2008 3692 2082 λόγον,
3735 2007 3810 2062 καὶ

2193 2100 2290 2168 τήν
2336 2096 2548 2169 ἔνδοξον
2603 2095 2784 2168 ἔξοδον
2833 2102 2928 2152 τοῦ
2975 2102 3109 2152 Θεοῦ
3158 2099 3340 2174 Λόγου
3387 2098 3483 2165 τὴν
3534 2095 3591 2152 ἐκ
3629 2097 3810 2171 Πατρός

2194 2188 2331 2243 κατὰ
2358 2189 2456 2258 τὴν
2503 2185 2668 2242 αὐτοῦ
2720 2189 2904 2264 φωνήν
2956 2187 3057 2256 τὴν
3109 2187 3439 2264 φάσκουσαν,
3491 2184 3592 2254 ὅτι,
3625 2187 3710 2242 Ἐκ
3732 2187 3811 2238 τοῦ

2196 2278 2406 2351 Πατρός
2471 2298 2574 2349 μου
2632 2275 2739 2350 ἐγὼ
2800 2274 3028 2345 ἐξῆλθον
3063 2317 3076 2342 ,
3136 2275 3226 2331 καὶ
3279 2275 3419 2351 πρὸς
3493 2276 3580 2329 τὸν
3633 2273 3814 2346 Πατέρα

2201 2389 2305 2439 μου
2365 2367 2574 2441 ὑπάγω,
2627 2365 2904 2442 σαφηνίζει
2976 2365 3116 2428 καθεὶ
3186 2383 3374 2438 φησιν·
3441 2362 3595 2418 Ἀλλ’
3649 2362 3690 2415 εί
3739 2360 3812 2414 καὶ

2193 2457 2286 2512 τὸν
2343 2452 2432 2509 ἕνα
2486 2476 2569 2509 τις
2627 2459 2734 2508 τῶν
2791 2457 3012 2528 πυρσῶν
3079 2453 3342 2528 ὑπεξάγοι
3397 2457 3494 2506 τοῦ
3542 2449 3812 2524 δωματίου,

2198 2542 2623 2614 συνεξελεύσεται
2697 2542 2787 2596 καὶ
2863 2542 2925 2596 τὸ
3000 2541 3200 2596 οἰκεῖον
3280 2543 3421 2596 ἅπαν
3481 2545 3612 2618 φῶς,
3685 2535 3813 2592 οὐδὲν

2196 2641 2294 2703 τῆν
2356 2637 2462 2687 τῶν
2524 2629 2718 2706 ἑτέρων
2793 2629 2986 2708 φώτων
3063 2631 3113 2684 έν
3193 2631 3374 2703 ἐαυτῷ
3441 2628 3813 2698 συνεπισπώμε-

2197 2743 2287 2777 νον
2362 2718 2744 2794 λαμπηδόνος,
2795 2718 2830 2789 ἢ
2888 2720 2951 2774 τὸ
3027 2720 3217 2774 ἑαυτοῦ
3288 2723 3411 2780 τοῖς
3483 2718 3674 2794 ἑτέροις
3735 2735 3814 2770 κα·

2196 2810 2455 2867 ναλεῖπον
2488 2855 2500 2867 .
2562 2808 2769 2866 Ἐλθὼν
2847 2810 2949 2883 γὰρ
3029 2809 3056 2862 ὁ
3133 2809 3258 2870 Υἱὸς
3343 2807 3402 2862 ἐκ
3473 2811 3567 2862 τοῦ
3635 2804 3814 2878 ῙΙατρὸς

2198 2903 2285 2956 καὶ
2320 2897 2666 2972 ἐπιδημήσας
2721 2898 2773 2952 έν
2817 2903 2898 2970 τῷ
2944 2893 3140 2971 κόσμῳ
3191 2894 3325 2952 οὐδὲ
3372 2897 3463 2952 τὸν
3514 2896 3707 2969 Πατέρα
3742 2891 3811 2946 καὶ

432 2991 497 3048 τὸ
527 2995 748 3063 Πνεῦμα
777 2991 1070 3066 συνήγαγεν
1103 2989 1154 3044 ἐν
1189 2991 1386 3062 ἑαυτῷ,
1419 2988 1544 3045 οὐδὲ
1577 2991 1686 3062 μὴν
1715 2995 1823 3046 τῶν
1857 2989 2070 3047 οἰκείων
2097 3012 2148 3047 τι
2181 2989 2410 3061 ἐξελθών
2451 2988 2674 3051 ἐκείνοις
2701 2985 3010 3059 κατέλιπεν,
3044 2985 3171 3042 ἀλλ’
3201 2984 3508 3061 ἀδιαίρετον
3536 2992 3629 3055 τῆς
3655 2983 3813 3038 ἑαυτοῦ

441 3086 613 3154 μονῆς
648 3077 942 3150 έποίήσατο
975 3079 1072 3147 τὴν
1105 3075 1335 3151 ἔξοδον.]

511 3171 691 3239 Quare
713 3185 878 3242 super
905 3167 1328 3225 subslantialem
1352 3168 1530 3224 illam.
1550 3168 1852 3226 Unitiones
1884 3186 2090 3242 corpo-
2124 3171 2167 3239 α

439 3276 572 3316 rum
600 3276 802 3315 eorum
827 3263 1050 3331 quae,ut
1079 3259 1390 3314 elementis
1413 3259 1768 3328 constantia,
1783 3264 1839 3316 et
1856 3259 1970 3316 alia
2000 3277 2093 3316 ra-

437 3348 598 3406 tione
629 3348 913 3421 permista
928 3347 1476 3414 considerantur,ex
1493 3347 1710 3403 virtute
1730 3352 1788 3403 et
1810 3348 2094 3420 qualitate

440 3438 828 3496 mutationem
860 3436 1400 3507 habent,etaliquid
1417 3435 1577 3491 aliud
1609 3436 1968 3509 simplicium
1987 3455 2092 3493 na-

438 3533 588 3584 tura:
614 3526 976 3582 contrarium
1003 3525 1218 3581 horum
1269 3524 1454 3580 unitio
1505 3527 1769 3598 perﬁcit;
1820 3526 2097 3583 similiter

440 3614 752 3672 facultates
785 3615 994 3670 animae
1022 3612 1262 3668 diversae
1293 3613 1569 3668 videntur
1598 3631 1701 3685 pro
1759 3620 1952 3672 motus
2002 3615 2095 3671 sui

444 3702 1105 3774 discrimine.Equidem
1136 3701 1481 3774 angelorum
1513 3719 1645 3758 cum
1680 3702 1896 3760 divinis
1925 3703 2094 3760 illus-

443 3792 800 3850 trationibus
834 3790 1422 3859 unitiones,vicissim
1454 3794 1511 3847 et
1541 3791 1952 3848 convenienter
1974 3809 2100 3863 pro-

443 3883 592 3956 priis
621 3881 929 3939 ordinibus
979 3880 1238 3936 habent:
1289 3880 1568 3936 divinitas
1623 3885 1821 3937 autem
1880 3886 2100 3937 sanctae

447 3971 778 4039 Trinitatis,
808 3970 962 4026 113
985 3973 1043 4025 et
1063 3969 1354 4042 quidquid
1384 3969 1514 4040 ejus
1544 3973 1654 4035 est,
1706 3968 1867 4024 nullo
1915 3970 2098 4025 dicto-

446 4077 580 4117 rum
611 4060 868 4116 dissecta
891 4063 994 4116 aut
1025 4077 1057 4116 a
1078 4076 1140 4116 se
1157 4059 1408 4127 diversa,
1445 4059 1654 4116 merito
1681 4063 1955 4116 censetur
1975 4076 2101 4116 esse

447 4167 628 4224 supra
651 4149 897 4206 uniones
926 4149 1094 4206 istas.

518 4238 1025 4311 Elsupercazlestia
1075 4238 1411 4295 luminaria.
1472 4237 1620 4294 Nota
1677 4254 1812 4294 eum
1871 4237 2102 4294 animas

447 4329 876 4400 universasque
908 4333 1158 4396 mentes,
1195 4328 1500 4400 superiora
1554 4327 1717 4384 caelis
1746 4327 1976 4384 lumina
2003 4345 2100 4384 vo-

448 4435 602 4488 care,
634 4422 812 4490 atque
843 4417 1056 4484 dicere,
1110 4417 1218 4474 has
1266 4434 1472 4474 omnes
1519 4416 1778 4474 viventes
1811 4419 2102 4474 essentias

449 4508 629 4577 uniri,
661 4507 1166 4579 quemadmodum
1190 4507 1413 4564 dictum
1446 4506 1615 4563 estin
1647 4507 1914 4578 exemplo
1945 4506 2100 4562 mul-

446 4603 644 4656 torum
674 4598 735 4653 in
767 4599 942 4654 domo
971 4599 1177 4654 eadem
1207 4597 1506 4653 luminum
1567 4596 1680 4652 sibi
1729 4601 1935 4652 mutuo
1975 4597 2102 4652 sine

449 4687 727 4743 mistione
756 4692 813 4743 et
842 4687 1188 4743 confusione
1213 4686 1538 4757 unitorum,
1560 4703 1694 4741 cum
1737 4685 1856 4741 sint
1885 4685 1987 4742 Dei
2017 4686 2101 4742 si-

451 4775 718 4845 miles,et
747 4792 850 4848 pro
874 4779 1046 4846 captu
1078 4792 1186 4831 suo
1220 4774 1623 4830 unitissimam
1646 4774 1748 4831 Dei
1775 4774 2099 4832 unitionem

446 4866 804 4938 participant
823 4882 836 4920 ε
854 4881 1026 4936 quas,
1059 4863 1282 4920 scilicet
1304 4864 1622 4935 unitiones,
1638 4865 1980 4936 incorporea
1998 4865 2102 4922 ha-

447 4955 610 5021 bent,
641 4971 771 5026 quze
803 4953 983 5010 etiam
1017 4969 1079 5009 se
1113 4956 1319 5009 mutuo
1365 4952 1495 5008 sine
1538 4953 1881 5010 confusione
1929 4971 2102 5026 pene-

448 5049 631 5100 trant.

521 5133 1008 5205 Superessentialis
1062 5130 1221 5186 illius
1268 5130 1745 5202 Deifecunditatis.
1789 5136 1936 5189 Nota
1966 5148 2103 5189 eum

446 5237 652 5277 vocare
683 5226 935 5293 Patrem,
968 5220 1527 5292 superessentialem
1578 5221 2102 5279 Deifecunditatem
2156 5269 2160 5276 .

449 5315 507 5366 et
539 5311 782 5381 fontem,
815 5327 1003 5382 neque
1023 5311 1146 5366 haec
1179 5309 1419 5366 nomina
1448 5327 1578 5367 esse
1608 5311 1924 5384 reciproca.

522 5457 596 5529 (v)
616 5456 786 5512 Joan.
815 5473 872 5527 χ,
904 5457 993 5512 38.
1017 5457 1096 5529 (at)
1131 5457 1302 5513 Joan.
1328 5474 1443 5528 xv1,
1463 5458 1552 5513 28.

2270 3168 2448 3224 "Onou
2503 3187 2565 3240 γε
2610 3166 2696 3220 καὶ
2755 3166 2856 3233 τὴν
2911 3163 3250 3239 ὑπερούσιον.
3307 3164 3374 3222 Al
3431 3168 3534 3220 τῶν
3579 3162 3809 3234 σωμάτων

2201 3258 2442 3327 ἓνώσεις,
2482 3259 2589 3309 τῶν
2636 3275 2695 3309 τε
2745 3250 3121 3328 στοιχειωδῶς
3170 3253 3576 3329 θεωρουμένων,
3604 3249 3687 3305 καὶ
3722 3249 3809 3301 τῶν

2201 3343 2390 3406 ἄλλως
2435 3365 2553 3406 πως
2609 3341 2981 3418 μιγνυμένων,
3035 3340 3291 3415 δυνάμεσι
3341 3341 3430 3397 καὶ
3486 3341 3722 3408 ποιότησι
3762 3334 3812 3387 τὸ

2199 3431 2668 3510 παρηλλαγμένον
2717 3429 2930 3507 ἔχουσι,
2964 3431 3053 3486 καὶ
3103 3428 3289 3504 ἕτερόν
3335 3452 3386 3486 τι
3435 3428 3575 3503 παρὰ
3601 3428 3691 3495 τὴν
3727 3427 3814 3478 τῶν

2200 3525 2390 3580 ἁπλῶν
2448 3522 2604 3601 φύσιν
2664 3523 2699 3590 ἡ
2759 3520 2967 3576 τούτων
3019 3517 3212 3584 ἓνωσις
3262 3517 3538 3575 ἀποτελεῖ*
3589 3513 3812 3571 ὡσαύτως

2200 3615 2291 3668 καὶ
2320 3612 2552 3686 ψυχικαὶ
2585 3608 2839 3684 δυνάμεις
2867 3611 2929 3665 τὸ
2961 3607 3256 3685 ἑτεροειδὲς
3309 3609 3446 3665 κατὰ
3488 3608 3582 3676 τὴν
3629 3602 3810 3672 κίνησιν

2205 3699 2462 3776 διάφορον
2497 3698 2707 3775 ἔχουσι’
2741 3699 2830 3754 καὶ
2884 3700 2991 3772 μὴν
3040 3699 3128 3754 καὶ
3171 3699 3228 3753 αἱ
3273 3703 3383 3754 τῶν
3433 3693 3664 3772 ἀγγέλων
3701 3689 3813 3776 πρὸς

2201 3791 2300 3851 τὰς
2332 3775 2476 3851 θείας
2524 3787 2828 3862 ἐλλάμψεις
2873 3788 3122 3858 ὲνότητες
3165 3787 3228 3842 τὸ
3276 3787 3378 3842 ἆνά
3421 3785 3577 3861 μέρος
3602 3780 3685 3836 καὶ
3713 3775 3814 3833 ἀνάο

2207 3878 2369 3954 λογον
2416 3883 2537 3940 ταῖς
2587 3877 2812 3940 οἰκείαις
2861 3876 3068 3950 τάξεσιν
3118 3873 3359 3952 ἔχουσιν·
3394 3879 3428 3944 ἡ
3463 3873 3518 3929 δὲ
3546 3872 3596 3927 ἐν
3623 3873 3683 3942 τῇ
3712 3862 3815 3940 ἁγίᾳ

2206 3966 2399 4041 Τριάδι
2451 3968 2664 4038 θεότης,
2709 3968 2798 4022 καὶ
2851 3968 2950 4022 ὅσα
2996 3965 3222 4036 ταύτης,
3255 3963 3434 4020 οὐδενί
3471 3968 3574 4018 τῶν
3624 3955 3812 4033 εἰρημέ-

2205 4079 2310 4112 νων
2346 4055 2747 4131 διακοπτυμένη
2779 4057 2814 4126 ἢ
2841 4056 3035 4126 ἱαυτῆς
3066 4053 3415 4132 διαφέρουσα,
3447 4051 3659 4110 εἰκότως
3707 4043 3815 4116 ὑπὲρ

2206 4148 2399 4210 ταύτας
2432 4149 2525 4209 τὰς
2557 4147 2775 4208 ἑνώσεις
2806 4149 2942 4202 εἷναι
2975 4143 3252 4216 δοξάζεται
3283 4147 3324 4200 ⁵.

2280 4236 2385 4294 Καὶ
2445 4235 2805 4313 ὑπερουράνια
2860 4239 3034 4312 φῶτα.
3097 4231 3418 4306 Σημείωσειι
3473 4231 3555 4286 ὅτι
3608 4224 3690 4282 καὶ
3738 4220 3818 4278 τὰς

2210 4328 2392 4402 ψυχὰς
2446 4325 2537 4381 καὶ
2588 4324 2715 4387 τοὺς
2755 4324 2882 4388 νόας
2913 4325 3148 4384 ἅπαντας
3198 4321 3552 4398 ὑπερουράνια
3579 4321 3717 4392 φῶτα
3739 4329 3817 4402 κα·

2211 4415 2316 4472 λεῖ’
2368 4413 2458 4470 καί
2507 4435 2671 4491 φησιν
2722 4415 2970 4476 ένοῦσθαι
3019 4412 3114 4474 τὰς
3169 4411 3411 4480 ζωούσας
3442 4413 3464 4446 ⁸
3503 4405 3674 4466 οὐσίας
3711 4395 3817 4455 ταῦ-

2211 4527 2305 4567 τας
2362 4502 2587 4574 ἁπάσας,
2647 4504 2721 4566 ὡς
2783 4501 2992 4578 εἴρηται
3053 4501 3103 4556 ἐν
3163 4505 3241 4572 τῷ
3299 4497 3681 4575 παραδείγματι
3729 4489 3816 4542 τῶν

2211 4594 2263 4650 έν
2292 4592 2427 4666 οἷίκῳ
2451 4593 2558 4648 τινὶ
2587 4589 2814 4648 πολλῶν
2848 4592 3190 4664 λαμπτήρων
3240 4588 3512 4660 ἀλλήλοις
3556 4583 3750 4656 ἆμιγῶς
3774 4592 3819 4666 ff

2210 4683 2301 4739 καὶ
2359 4683 2679 4758 ἀσυγχύτως
2736 4679 3058 4754 ένουμένων,
3115 4676 3372 4742 Θεοειδεῖς
3437 4697 3495 4732 τε
3549 4670 3696 4730 οὔσας
3746 4662 3818 4719 καὶ

2216 4772 2547 4848 μετεχούσας
2596 4769 2880 4846 ἀναλόγως
2934 4770 3146 4832 ἑαυταῖς
3187 4775 3286 4838 τῆς
3335 4771 3433 4823 τοῦ
3479 4765 3606 4820 Θεοῦ
3644 4760 3820 4848 ύπερητ

2210 4863 2462 4935 νωμένης
2513 4861 2776 4922 ένώσεωςο
2811 4861 3048 4929 ἅστινας,
3082 4857 3299 4919 ὲνώσεις
3353 4853 3626 4926 δηλονότι,
3653 4844 3731 4902 ἇπὶ
3766 4838 3819 4893 τά

2211 4949 2496 5024 ἀσώματα,
2528 4949 2562 5004 ἃ
2589 4949 2678 5005 καὶ
2711 4947 2780 5003 δι’
2810 4946 3078 5019 ἀλλήλων
3109 4945 3432 5021 ἀσυγχύτως
3464 4944 3649 5019 χωρεῖ.

2283 5132 2638 5205 Ὑπερουσίου
2713 5127 3012 5204 θεογονίας.
3087 5125 3409 5200 Σημείωσαι
3481 5121 3561 5177 ὅτι
3621 5105 3823 5205 ὑπερούο

2216 5240 2330 5275 σιον
2378 5197 2658 5294 θεογονίαν
2707 5218 2795 5272 καὶ
2821 5197 3031 5292 ’πηγὴν
3081 5197 3187 5270 τὸν
3211 5215 3418 5290 Πατέρα
3448 5209 3618 5266 καλεῖο
3647 5201 3725 5258 καὶ
3754 5197 3819 5250 δτι

2217 5309 2315 5366 οὐκ
2346 5309 2684 5384 ἀντιστρέφει
2711 5309 2779 5362 τὰ
2809 5305 3072 5379 ὀνόματα.

1481 5599 1722 5656 VARle
1753 5599 2135 5658 LECTIONES
2165 5601 2253 5658 ET
2283 5597 2830 5658 CORREGTIONES.

524 5702 547 5736 ι
568 5719 655 5775 γρ.
685 5699 868 5779 φησίν.
946 5702 966 5736 ⁸
995 5719 1086 5776 γρ.
1119 5697 1419 5773 νομίζεται.
1495 5700 1516 5734 ⁶
1547 5717 1637 5772 γρ.
1674 5697 1871 5767 ζώσας.
