4034 6386
216 383 320 437 221

994 390 1052 442 S.
1095 390 1364 442 MAXlMl
1405 389 1714 444 SCHOLIA
1750 389 1825 441 IN
1865 387 1998 441 LIB.
2039 389 2136 440 DE
2173 388 2447 441 DIVINIS
2484 385 2901 440 NOMINIBUS.

3551 383 3660 436 222

286 504 546 567 Ἐνώσεις
606 526 668 561 τε
723 507 811 561 καὶ
869 504 1186 583 διακρίσεις.
1239 509 1323 565 Τὰ
1393 509 1512 582 περὶ
1569 514 1668 577 τῆς
1720 505 1888 586 ἀφρά-

2077 509 2359 565 Uniliones
2389 512 2445 563 et
2473 507 2879 563 distinctiones.
2913 506 3204 578 Doquitur
3228 505 3402 562 modo
3434 505 3503 561 de
3522 521 3658 577 pro-

214 615 348 648 στου
405 591 641 668 Τριάδος
692 597 860 672 μέχρι
905 601 1072 672 τριῶν
1127 598 1470 653 ὑποστάσιων
1515 595 1756 671 προόδου
1805 601 1892 651 νῦν

221 681 500 758 θεολογεῖ,
537 683 733 760 ὅτιπερ
766 687 794 740 6
828 686 959 750 Θεὸς
987 687 1076 742 καὶ
1113 689 1324 763 Πατὴρ,
1356 689 1599 758 κινηθεὶς
1642 688 1896 762 ἀχρόνως

219 773 313 828 καὶ
345 774 730 846 ἆγαπητικῶς,
756 775 1029 849 προῆλθεν
1065 777 1140 839 εἷς
1202 774 1467 846 διάκρισιν
1530 778 1897 847 ὑποστάσεων,

216 863 438 935 ἀμερῶς
471 883 532 917 τε
553 864 644 917 καὶ
681 865 969 937 ἀμειώτως
1003 865 1186 938 μείνας
1224 865 1275 920 έν
1326 871 1395 940 τῇ
1450 866 1622 938 οἰκείᾳ
1670 864 1898 935 ὁλότητι

219 949 662 1022 ὑπερηνωμένος
692 952 784 1006 καὶ
817 953 1312 1028 ὑπερηπλωμένος,
1344 959 1442 1010 τοῦ
1475 953 1680 1008 οἷ’κείου
1726 953 1896 1007 ἀπαυ-

216 1037 506 1112 γάσματος
538 1041 614 1102 εἷς
651 1039 878 1115 ὕπαρξιν
910 1044 1306 1117 προελθόντος,
1338 1043 1410 1106 ὡς
1439 1042 1648 1105 εἷ’κόνος
1694 1041 1894 1112 ζώσης,

213 1126 432 1181 καὶτοῦ
465 1128 736 1203 παναγίου
769 1130 1090 1204 Ηνεόματος
1124 1137 1517 1206 προσκυνητῖος
1545 1132 1634 1186 καὶ
1651 1131 1898 1207 ὑπεραεν-

211 1217 356 1278 νάως
396 1215 850 1292 ἐκπορευομένου
888 1220 947 1275 ἐκ
975 1225 1072 1276 τοῦ
1105 1223 1340 1296 Ματρὸς,
1375 1223 1450 1283 ὡς
1485 1225 1836 1296 μυσταγωγεῖ
1868 1221 1895 1275 6

219 1305 426 1381 Κύριος
461 1325 476 1338 ·
515 1307 810 1382 ἀγαθότητι
861 1306 918 1364 δὶ
961 1308 1276 1380 ἐπληθύνθη
1339 1309 1425 1365 ἐπὶ
1469 1310 1894 1386 τρισυπόστατον

213 1396 488 1469 θεαρχίαν
551 1397 586 1466 ἡ
644 1396 791 1452 αἰτία
843 1399 1061 1454 πάντων
1109 1399 1198 1454 καὶ
1253 1401 1435 1475 πηγή.
1499 1403 1683 1457 Ταῦτα
1733 1399 1820 1454 καὶ
1867 1401 1894 1454 6

215 1481 486 1560 θεολόγος
551 1487 860 1562 Γρηγόροος
915 1488 966 1543 ἐν
1020 1494 1139 1552 τοῖς
1172 1489 1319 1546 Κατά
1369 1487 1648 1562 Εὐνομίου
1703 1485 1896 1564 λόγοις

217 1572 409 1650 φησίν.
449 1575 605 1630 Ἔστι
636 1572 693 1630 δὲ
722 1577 810 1631 καὶ
845 1578 982 1632 κατά
1011 1575 1183 1632 ἄλλον
1216 1578 1379 1654 Λόγον
1430 1577 1546 1642 θεία
1605 1576 1892 1653 διάκρισις,

215 1664 250 1731 ἠ
286 1659 379 1717 διὰ
412 1659 638 1734 πλῆθος
665 1663 1006 1739 ἀγαθότητος
1057 1664 1296 1742 πρόοδος
1340 1672 1435 1722 τοῦ
1483 1665 1615 1722 Θεοῦ
1675 1667 1750 1729 εἰς
1792 1667 1891 1735 τὴν

212 1749 572 1807 πολυείδείαν
600 1760 702 1823 τῆς
737 1751 1103 1832 δημιουργίας
1131 1759 1151 1792 ⁷
1182 1763 1281 1826 τῆς
1333 1756 1568 1833 ἀοράτου
1626 1756 1714 1811 καὶ
1766 1757 1892 1832 ὁρα-

210 1846 338 1909 τῆς.
375 1842 572 1896 Κοιναὶ
605 1839 662 1897 δέ
693 1842 798 1898 εἰσι
850 1851 951 1914 τῆς
996 1847 1428 1921 τρισυποστάτου
1475 1845 1565 1900 καὶ
1619 1842 1890 1918 διακεκρι-
1923 1886 1971 1951 Β

263 1931 277 1951 ι
439 1931 456 1951 ι
516 1930 566 1951 σθ
691 1931 711 1951 ἢ
775 1929 798 1951 δ
1146 1935 1159 1951 \
1287 1935 1299 1951 I
1434 1934 1445 1951 I
1690 1933 1705 1951 \
1770 1936 1789 1951 νγ

215 1931 388 2002 μένης
438 1930 631 1994 ένάδος
661 1931 716 1986 αῚ
769 1929 1161 2010 δημιουργικαὶ
1194 1934 1445 2008 πρόνοιαί
1503 1956 1561 1990 τε
1617 1933 1705 1989 καὶ
1764 1936 1892 2008 ἄγα-

217 2019 455 2088 θότητες
491 2038 505 2052 ⁸
557 2023 592 2090 ἠ
648 2021 751 2096 γὰρ
801 2019 1148 2096 παμϐασιλὶς
1200 2024 1366 2100 Τριάς
1413 2023 1464 2078 ἐν
1528 2023 1733 2097 μεθέξει
1783 2025 1888 2078 τῶν

212 2105 584 2182 δυναμένων⁸
644 2109 892 2186 μετέχειν
952 2112 1158 2186 γίνεται
1217 2111 1465 2188 ἀσχέτως
1513 2133 1572 2167 τε
1605 2111 1693 2166 κα)
1731 2113 1890 2186 ἀμεθ-

215 2199 392 2260 έκτως
431 2217 446 2230 ⁸
479 2198 677 2254 ταύτὸν
727 2201 830 2276 γὰρ
883 2198 1050 2271 δηλοῖ
1100 2201 1350 2276 ἑκάτερον
1388 2221 1398 2233 ·
1457 2202 1742 2276 μετέχεται
1786 2201 1890 2276 γὰρ

212 2286 239 2339 ὁ
273 2285 412 2348 Θεὸς
457 2285 706 2362 ἀσχέτως
767 2288 828 2342 οὐ
873 2290 1246 2364 κατεχόμενος
1300 2289 1352 2344 ἐν
1411 2289 1566 2362 τόπῳ
1603 2294 1681 2361 τῷ
1733 2290 1889 2363 μετέ-

216 2394 408 2449 χοντι,
446 2374 575 2430 οὐδὲ
604 2375 882 2444 αἰσθητῶς
917 2379 1304 2454 μετεχόμενος,
1335 2377 1462 2434 ἀλλ’
1497 2377 1630 2440 ὅλος
1661 2378 1712 2433 έν
1764 2399 1889 2451 μετ-

216 2468 334 2538 οχῇ
369 2464 601 2520 ἑκάστου
639 2462 710 2519 ὣν
743 2465 834 2520 καὶ
875 2466 1038 2543 ἆξῃρη
1050 2469 1214 2540 μένος
1254 2472 1361 2522 τῶν
1390 2469 1636 2523 ἁπάντων
1665 2487 1677 2501 ·
1709 2466 1889 2542 ὥσπερ

213 2561 406 2626 φωνῆς
476 2554 720 2630 μεγάλης
798 2557 1096 2630 γενομένης
1165 2559 1392 2618 ἅπαντας
1463 2555 1786 2632 μετέχουσιν
1839 2557 1890 2610 οἱ

213 2644 486 2718 παρόντες
548 2645 685 2699 κατὰ
740 2645 842 2713 τὴν
902 2644 1107 2701 οἲκείαν
1167 2644 1412 2720 δύναμιν,
1463 2646 1553 2701 καὶ
1613 2646 1767 2720 ἀνὴρ,
1799 2645 1889 2700 καὶ

213 2735 449 2803 νήπιον,
501 2730 594 2786 καὶ
644 2730 823 2808 ἄλογα
852 2752 864 2766 ·
918 2733 1044 2791 ἀλλ’
1076 2735 1128 2789 οἱ
1175 2736 1270 2808 μὲν
1317 2734 1806 2811 ἐρρωμενέστερον,
1840 2733 1890 2787 οἱ

217 2819 276 2877 δὲ
306 2819 714 2898 ἀμυδρότερον,
747 2823 885 2897 πρὸς
925 2824 1026 2893 τὴν
1059 2829 1159 2894 τῆς
1221 2825 1546 2889 ἀκουστικῆς
1595 2821 1888 2897 ἐνέργειαν,

215 2911 303 2966 κειἓ
360 2907 477 2966 ἔστι
514 2912 750 2984 μεθεκτῆ
783 2914 818 2981 ἡ
851 2913 1030 2990 φωνή,
1063 2912 1152 2968 καὶ
1212 2911 1294 2991 ἐφ’
1343 2913 1538 2978 έαυτῆς
1597 2911 1891 2986 ἀμέθεκτος

220 3021 480 3073 μεινασα.

2007 598 2274 652 cessione
2291 596 2606 652 ineffabilia
2621 595 2930 652 Trinitatis
2944 597 3015 650 ad
3032 602 3148 651 tres
3172 611 3474 667 personas,
3499 595 3656 666 quod

2007 687 2116 742 etsi
2152 687 2300 741 Deus
2333 689 2390 741 et
2419 690 2590 742 Pater
2622 686 2748 741 sine
2790 689 3053 756 tempore
3086 689 3302 755 motus,
3334 688 3390 739 et
3421 688 3662 755 propter

2005 775 2124 832 vim
2157 775 2375 831 amoris
2395 775 2455 830 in
2479 775 2920 831 distinctionem
2948 790 3330 846 personarum
3350 772 3657 846 processit,

2007 864 2134 920 sine
2157 865 2442 920 divisione
2468 869 2524 920 et
2546 864 2942 919 diminutione
2964 877 3316 935 permanens
3342 863 3400 916 in
3423 860 3662 933 propria

2005 955 2290 1009 totalitate
2321 972 2498 1026 supra
2530 955 2771 1010 modum
2807 954 3030 1020 unitus,
3083 956 3139 1006 et
3187 967 3368 1023 supra
3414 951 3657 1006 modum
3715 944 3718 947 ’

2006 1042 2278 1114 simplex,
2331 1043 2566 1114 proprio
2619 1042 2931 1115 splendore
2977 1043 3035 1096 in
3087 1039 3490 1097 exsistentiam
3526 1055 3656 1109 pro-

2006 1131 2246 1199 deunte,
2277 1137 2341 1187 ut
2371 1133 2471 1203 qui
2497 1131 2573 1187 sit
2611 1132 2739 1187 viva
2769 1132 2985 1203 imago,
3019 1134 3076 1185 et
3123 1128 3498 1186 sanctissimo
3525 1127 3661 1199 Spi-

2007 1221 2123 1276 ritu
2156 1237 2291 1276 cum
2325 1221 2687 1287 adoratione,
2721 1225 2780 1275 et
2803 1221 2876 1275 ab
2937 1226 3150 1274 aeterno
3182 1237 3216 1274 a
3246 1219 3413 1274 Patre
3452 1229 3658 1288 proce-

2005 1310 2200 1379 dente,
2235 1309 2388 1364 sicut
2418 1310 2587 1364 docet
2619 1308 2936 1375 Dominus;
2971 1308 3232 1363 bonitate
3271 1311 3470 1362 autem
3505 1303 3660 1360 mul-

2001 1397 2304 1470 tiplicatus
2334 1397 2447 1453 fuit
2479 1398 2537 1452 in
2591 1396 2918 1452 divinitatis
2968 1395 3324 1468 principium
3373 1395 3432 1449 in
3466 1394 3658 1449 tribus

2005 1487 2335 1543 consistens
2369 1487 2657 1558 personis,
2690 1486 2788 1557 qui
2820 1502 2995 1542 causa
3033 1490 3146 1552 est,
3174 1488 3232 1540 et
3261 1485 3392 1540 fons
3421 1483 3656 1538 univer-

2004 1592 2225 1632 sorum.
2273 1575 2403 1631 Haec
2449 1577 2627 1632 etiam
2675 1574 2991 1646 Gregorius
3045 1573 3352 1644 theologus
3397 1573 3456 1626 in
3487 1571 3659 1628 libris

2006 1665 2212 1721 Contra
2239 1667 2568 1722 Eunomium
2599 1665 2760 1722 dicit.
2792 1665 2883 1719 Fit
2919 1668 3118 1720 autem
3151 1663 3264 1718 alia
3295 1677 3530 1734 quoque
3561 1678 3656 1716 ra-

2002 1755 2161 1810 tione
2205 1755 2402 1811 divina
2450 1755 2773 1820 distinctio,
2823 1769 3174 1827 progressus
3230 1752 3326 1808 Dei
3360 1768 3460 1822 per
3487 1749 3654 1806 boni-

2002 1844 2142 1899 tatis
2173 1844 2602 1915 abundantiam
2635 1844 2696 1898 in
2729 1843 2920 1898 varias
2952 1842 3179 1914 species
3208 1839 3524 1896 invisibilis
3567 1842 3655 1894 at-

2003 1949 2116 2005 que
2155 1932 2406 1988 visibilis
2456 1936 2777 1999 creaturae;
2812 1948 3004 1987 comm
3025 1947 3158 1986 mes
3182 1931 3396 2002 [autem
3425 1927 3654 1986 suntin

1999 2022 2191 2077 tribus
2223 2021 2628 2077 subsistentiis
2649 2025 2705 2076 et
2736 2020 3111 2076 consistentis
3133 2023 3190 2075 et
3211 2020 3500 2074 distinctae
3523 2018 3656 2073 uni-

2001 2110 2162 2178 tatis,
2199 2109 2309 2166 illae
2343 2127 2470 2181 quas
2493 2110 2564 2165 ad
2600 2109 2954 2166 creationem
2976 2114 3243 2182 spectant
3274 2107 3656 2182 pr0videntiae

2001 2204 2058 2254 et
2088 2199 2400 2255 bonitates.
2434 2200 2714 2254 Omnium
2759 2199 2914 2254 enim
2968 2200 3172 2272 regina
3221 2196 3476 2253 Trinitas
3525 2195 3652 2253 sine

2001 2289 2332 2344 detentione
2363 2293 2420 2343 et
2451 2288 2986 2343 communicatione
3017 2288 3089 2343 ab
3122 2289 3195 2343 iis
3227 2287 3322 2357 qui
3355 2303 3485 2342 eam
3517 2303 3650 2358 par-

2001 2377 2247 2448 ticipare
2269 2377 2466 2432 valent
2488 2402 2502 2444 ;
2526 2377 2680 2432 idem
2703 2377 2860 2432 enim
2881 2376 3139 2432 declarat
3161 2375 3650 2448 utrumque.Nam

2001 2465 2388 2538 participatur
2416 2466 2572 2521 Deus
2606 2465 2732 2521 sine
2755 2465 3090 2521 detentione
3117 2465 3360 2520 minime
3390 2479 3650 2536 compre-

2002 2555 2223 2610 hensus
2252 2555 2312 2609 in
2344 2554 2471 2610 loco
2502 2555 3113 2627 participante.neque
3141 2554 3501 2610 sensibiliter
3523 2569 3653 2625 par-

1999 2644 2320 2715 ticipatus;
2374 2645 2476 2699 sed
2524 2647 2706 2713 totus,
2754 2643 2814 2698 in
2864 2645 3154 2716 cujusque
3204 2642 3652 2714 participatione

2000 2734 2312 2800 exsistens,
2360 2733 2518 2788 etab
2559 2733 2841 2789 omnibus
2889 2738 3196 2805 exemptus
3240 2731 3434 2789 :sicut
3465 2731 3654 2787 valida

2000 2839 2136 2878 voce
2166 2822 2415 2878 excitata
2446 2838 2652 2878 omnes
2684 2827 3002 2894 prasentes
3024 2824 3182 2894 iuxta
3205 2821 3502 2894 propriam
3533 2820 3652 2876 vir-

1999 2918 2186 2970 tutem
2211 2914 2339 2984 ejus
2362 2913 2677 2985 participes
2700 2917 2921 2980 sunt,et
2950 2913 3123 2981 vir,et
3152 2912 3348 2968 infans
3379 2916 3435 2967 et
3457 2910 3650 2977 bruta;

2001 3004 2104 3059 sed
2136 3002 2221 3057 illi
2254 3002 2493 3074 quidem
2521 3003 2856 3074 fortius,isti
2881 3019 3016 3058 vero
3045 3000 3652 3069 debilius,secundum

216 3097 528 3155 facultatis
559 3097 838 3154 audiendi
871 3099 1212 3168 efﬁcaciam,
1248 3104 1426 3172 atque
1454 3102 1610 3156 114
1637 3098 2152 3156 communicabilis
2195 3103 2286 3155 est
2311 3115 2441 3168 vox,
2474 3103 2532 3155 et
2562 3098 2622 3154 in
2655 3115 2718 3155 se
2747 3098 2876 3170 ipsa
2914 3097 3494 3156 incommunicabilis
3524 3113 3653 3154 ma-

217 3204 392 3244 118118.

289 3277 391 3332 Ἐκ
453 3278 563 3328 τῶν
631 3280 885 3352 μετοχῶν
947 3276 1038 3330 καὶ
1081 3279 1192 3330 τῶν
1236 3277 1602 3351 μετεχόντων.
1643 3276 1720 3332 Τὸ
1774 3276 1890 3331 κατ’

2077 3279 2158 3332 En:
2219 3277 2753 3349 participationibus
2801 3285 2854 3332 et
2895 3275 3288 3348 participibus.
3367 3274 3656 3332 Divinitas

219 3362 407 3419 οὐσίαν
439 3365 536 3436 μὲν
569 3365 606 3433 ἡ
640 3363 844 3434 Θεότης
874 3363 935 3419 οὗ
975 3364 1286 3440 μετέχεται,
1311 3363 1434 3420 οὕτε
1484 3369 1682 3420 νοεῖται
1711 3384 1724 3396 ·
1764 3375 1894 3438 μεθ-

224 3454 356 3521 εκτή
407 3450 469 3507 δέ
521 3451 663 3507 ἐστιν
711 3451 765 3509 ἰν
817 3454 897 3525 τῷ
931 3453 982 3524 ἐξ
1008 3453 1178 3520 αὐτῆς
1209 3454 1340 3509 εἶναι
1371 3455 1438 3510 τὰ
1466 3453 1658 3527 πάντα,
1682 3455 1768 3509 καὶ
1807 3453 1896 3509 ὑπ’

225 3541 399 3611 αὐτῆς
430 3542 750 3616 συνέχεσθαι
775 3540 856 3604 εἷς
883 3543 946 3596 τὸ
978 3543 1132 3599 εἶναι.

297 3722 382 3775 Ἔν
449 3717 662 3792 ἑκάστῳ
715 3723 826 3774 τῶν
888 3719 1318 3793 έκτυπωμάτων.
1367 3716 1891 3795 Παραδειγματικῶς

233 3830 357 3884 φησι
388 3814 510 3870 πῶς
535 3808 852 3880 ἀμεθέκτως
881 3809 1169 3883 μετέχεται
1203 3810 1231 3864 6
1263 3808 1415 3871 Θεός.

295 3901 325 3968 §
353 3901 444 3956 VI.
481 3896 599 3954 Οὐκ
620 3893 763 3951 ἔστιν
792 3898 827 3966 ἡ
851 3898 1104 3974 σφραγίς.
1138 3897 1439 3961 Ἀντίθεσις
1489 3896 1580 3952 καὶ
1629 3896 1785 3962 λύσις
1835 3897 1895 3953 ἐκ

225 3990 324 4040 τοῦ
353 3983 808 4060 παραδείγματος
837 3991 938 4056 τῆς
967 3983 1284 4064 σφραγῖδος.

287 4078 427 4131 ’Λπο
437 4073 900 4149 μόργματα-’Λπο
908 4074 1052 4151 μόργ
1061 4095 1203 4148 ματα
1215 4074 1518 4131 ἐνταῦθατά
1530 4074 1743 4130 έκτυπώ
1751 4094 1896 4148 ματα

227 4162 404 4237 λέγει.

294 4251 403 4308 Καὶ
442 4253 582 4324 μήτε
641 4249 924 4308 ἀντίτυπα.
959 4253 1046 4313 Ὠς
1106 4249 1252 4315 λίθοι
1308 4252 1398 4307 καὶ
1449 4250 1666 4324 ξύλα,ἢ
1725 4251 1892 4308 πάλιν

212 4341 285 4395 τὰ
329 4347 439 4409 τῆς
489 4340 657 4414 ὑγρᾶς
705 4341 918 4410 οὐσίας,
967 4341 1040 4394 ὧν
1104 4337 1257 4396 οὐδὲν
1325 4339 1634 4417 ἐπιδέχεται
1691 4342 1788 4410 τὴν
1836 4339 1896 4396 ἐκ

222 4427 532 4486 δακτυλίου
567 4427 856 4507 σφραγῖδα.

294 4519 646 4591 Διακέκριται
728 4515 806 4574 δέ.
867 4516 1181 4590 Σημείωσαι
1256 4519 1342 4573 ὅτι
1402 4515 1738 4592 διακέκριται
1790 4526 1891 4590 τῆς

2005 3365 2240 3438 quidem
2273 3367 2599 3421 secundum
2631 3366 2948 3422 essentiam
2969 3381 3156 3437 neque
3187 3364 3657 3420 communicatur

2003 3471 2194 3524 neque
2226 3453 2615 3524 intelligitur;
2649 3454 3165 3511 communicabilis
3196 3469 3331 3509 vero
3364 3457 3473 3521 est,
3507 3469 3655 3524 qua-

2001 3547 2175 3599 tenus
2205 3542 2406 3598 omnia
2435 3559 2504 3598 ex
2534 3543 2664 3616 ipsa
2707 3547 2870 3611 sunt,
2922 3547 2980 3599 et
3009 3544 3080 3599 ab
3113 3542 3243 3615 ipsa
3275 3542 3335 3598 in
3386 3558 3492 3599 suo
3525 3558 3656 3599 esse
3756 3569 3764 3578 -

2003 3632 2400 3690 continentur.

2072 3726 2140 3778 In
2170 3737 2501 3793 unaquaque
2530 3720 2898 3792 expressione.
2920 3720 3198 3792 Exemplo
3229 3719 3656 3791 declarat,quo-

2002 3811 2176 3866 modo
2207 3810 2362 3866 Deus
2391 3810 2518 3865 sine
2551 3809 3000 3882 participatione
3031 3811 3431 3882 participatur.

2079 3899 2232 3967 §VI.
2269 3899 2388 3954 Non
2435 3906 2518 3954 est
2562 3899 2838 3970 sigillum.
2885 3899 3186 3971 Oppositio
3237 3904 3294 3955 et
3341 3897 3556 3955 solutio
3587 3913 3656 3953 ex

2001 3986 2267 4060 exemplo
2299 3987 2499 4059 sigilli.

2072 4077 2320 4148 Efﬁgies,
2355 4076 2451 4131 Gr.
2483 4073 2906 4149 ἀπομόργματα.
2933 4074 3362 4152 Ἀπομόργματα
3391 4075 3499 4132 hoc
3531 4075 3656 4132 loco

2000 4169 2168 4221 vocat
2201 4164 2629 4237 expressiones.

2071 4255 2178 4309 Nec
2205 4252 2566 4309 reluctantia.
2601 4252 2794 4309 Veluti
2826 4253 3052 4326 lapides
3074 4258 3129 4309 et
3149 4253 3444 4326 ligna,aut
3471 4269 3502 4308 e
3524 4269 3657 4309 con-

2001 4342 2180 4399 trario
2212 4359 2344 4415 qua
2374 4347 2514 4398 sunt
2544 4341 2713 4397 fluxae
2745 4342 3115 4410 substantiae,
3139 4359 3390 4415 quorum
3424 4341 3655 4398 nullum

2001 4431 2290 4488 admitttit
2315 4431 2543 4487 annulli
2575 4431 2860 4504 sigillum.

2077 4521 2412 4578 Distinctum
2473 4524 2554 4577 est
2602 4529 2806 4577 autem.
2857 4522 3008 4578 Nota
3055 4522 3396 4578 distinctam
3444 4537 3574 4578 esse
3622 4539 3658 4578 ο.

220 4607 386 4682 ἁγίας
419 4604 658 4682 Τριάδος
703 4609 738 4676 ἡ
774 4606 1187 4682 ένανθρώπησις
1213 4611 1309 4662 τοῦ
1339 4607 1520 4684 Λόγου
1552 4606 1758 4673 ὁλικῶς
1802 4609 1889 4664 καὶ

2011 4615 2210 4666 sancta
2239 4611 2524 4666 Trinitate
2550 4611 2794 4667 omnino
2826 4614 2884 4666 et
2911 4627 3046 4667 vere
3075 4611 3246 4666 Verbi
3292 4610 3655 4668 incarnatio-

224 4695 480 4764 ἀληθῶς.

297 4787 372 4841 Τὸ
432 4785 552 4849 καθ’
581 4787 753 4858 ἡμᾶς.
789 4786 1044 4840 Ἐνταῦθα
1096 4786 1219 4862 περὶ
1267 4792 1367 4856 τῆς
1412 4785 1732 4860 οἰκονομίας
1788 4789 1892 4842 πά-

223 4874 316 4931 λιν
379 4868 684 4943 διαλαϐὼν,
743 4877 824 4945 τῷ
876 4877 994 4946 Θεῷ
1071 4869 1232 4950 Λόγῳ
1299 4873 1500 4945 ταύτην
1569 4873 1891 4950 προσάπτει,

227 4966 374 5037 μήτε
405 4963 619 5037 Πατρὸς
655 4964 796 5035 μήτε
826 4966 924 5017 τοῦ
955 4961 1116 5038 ἁγίου
1167 4961 1480 5035 Πνεύματος
1537 4961 1894 5036 έπικοινωνη-

221 5052 457 5119 σάντων,
488 5048 636 5120 πλὴν
667 5049 806 5104 κατά
839 5050 1046 5126 βουλὴν
1085 5050 1277 5123 μόνην.
1313 5051 1632 5124 Σημείωσαι
1692 5050 1748 5108 δὲ
1789 5054 1889 5121 τὴν

223 5135 432 5218 ἀκριϐῆ
485 5142 586 5204 τῆς
647 5138 968 5212 οῗκονομίας
1030 5136 1309 5216 διήγησιν,
1370 5139 1500 5214 [ὅτι]
1561 5140 1800 5212 οὗσιώθη
1861 5143 1890 5196 6

225 5227 554 5306 ὑπερούσιος
585 5227 715 5289 Θεὸς
761 5226 938 5303 Λόγος
997 5226 1412 5299 ἀναλλοιώτως,
1445 5228 1558 5284 ἐπεὶ
1616 5232 1890 5304 μεμένηκε

219 5321 375 5387 Θεὸς,
407 5317 498 5373 καὶ
532 5316 772 5387 οὐσιώθη
804 5318 923 5371 καθ’
955 5319 1104 5390 ἡμᾶς
1163 5317 1213 5390 ἐξ
1274 5320 1435 5390 ἡμῶν
1471 5320 1696 5389 ὁλικῶς,
1731 5341 1888 5374 τουτ-

218 5412 358 5479 έστι,
392 5412 554 5481 σῶμα
581 5407 674 5462 καὶ
705 5405 892 5482 ψυχὴν
933 5405 1168 5482 λογικὴν
1212 5407 1351 5463 κατὰ
1396 5406 1657 5479 ἀλήθειαν
1716 5407 1886 5484 ἐσχη-

214 5499 330 5562 κώς
367 5517 380 5532 ·
428 5498 522 5554 καὶ
580 5495 666 5552 δτι
713 5495 741 5550 6
794 5495 924 5558 Θεὸς
976 5494 1150 5571 Λόγος
1191 5495 1332 5552 ἐστὶν
1374 5499 1512 5570 [κατ’
1543 5496 1827 5573 ἀλήθειαν]
1859 5501 1886 5555 6

2002 4717 2158 4756 nem.

2070 4788 2272 4845 Nostri.
2307 4792 2426 4845 Hoc
2478 4787 2605 4844 loco
2653 4788 2870 4845 iterum
2921 4788 2992 4844 de
3041 4788 3485 4860 dispensatione
3530 4792 3654 4845 tra-

2001 4882 2191 4946 ctans,
2226 4878 2336 4934 soli
2367 4882 2480 4934 Deo
2511 4878 2702 4932 Verbo
2739 4877 3028 4946 attribuit,
3064 4879 3191 4933 sine
3224 4877 3344 4934 ulla
3374 4878 3567 4933 Patris
3597 4881 3656 4935 et

1998 4967 2253 5039 Spiritus
2281 4967 2467 5023 sancti
2492 4966 3050 5038 communicatione,
3074 4966 3188 5023 nisi
3209 4983 3313 5039 per
3343 4966 3532 5022 solam
3557 4983 3652 5024 vo-

1997 5057 2308 5113 luntatem.
2325 5057 2474 5112 Nota
2493 5073 2628 5112 vero
2659 5059 2992 5112 accuratam
3030 5055 3492 5129 dispensationis
3513 5073 3654 5113 nar-

2000 5146 2310 5214 rationem,
2359 5150 2544 5202 Deum
2594 5145 2878 5214 Verbum,
2929 5146 3083 5217 quod
3129 5161 3364 5201 omnem
3413 5149 3657 5219 superat

1997 5235 2343 5302 essentiam,
2375 5234 2504 5290 sine
2545 5233 2667 5290 ulla
2695 5236 3024 5292 mutatione
3055 5234 3452 5292 substantiam
3484 5252 3653 5292 acce-

1998 5325 2194 5397 pisse;
2225 5324 2505 5395 quoniam
2557 5325 2883 5395 permansit
2925 5325 3100 5390 Deus,
3145 5329 3204 5380 et
3239 5324 3417 5381 sicuti
3446 5341 3554 5381 nos
3584 5341 3656 5381 ex

1998 5412 2168 5470 nobis
2197 5413 2597 5469 substantiam
2627 5413 2870 5470 omnino
2902 5413 3214 5486 accepit,id
3246 5419 3330 5472 est
3361 5431 3576 5488 corpus
3596 5418 3656 5470 et

1997 5502 2250 5558 animam
2280 5501 2626 5558 rationalem
2652 5518 2784 5560 vere
2815 5502 3044 5575 habuit,
3077 5507 3134 5560 et
3179 5508 3362 5561 Deum
3392 5504 3650 5560 Verbum

1244 5617 1488 5674 VARIIE
1527 5617 1919 5676 LECTIONES
1957 5622 2049 5679 ET
2087 5619 2642 5679 CORRECTIONES.

292 5720 312 5753 τ
344 5735 438 5792 γρ.
471 5708 798 5768 πολυειδίαν
828 5713 936 5768 τῶν
973 5709 1508 5790 δημιουργημάτων.
1584 5716 1605 5752 ⁸
1634 5734 1720 5790 γρ.
1756 5713 2058 5793 δυνάμεων.
