4034 6408
395 404 502 458 223

1217 409 1584 462 APPENDIX
1621 407 1722 460 AD
1758 405 1999 461 OPERA
2036 405 2096 457 S.
2137 401 2451 456 DIONYSII
2490 401 2992 457 AREOPAGITE.

3733 405 3831 462 224

403 531 581 606 [vere]
607 547 734 588 esse
765 547 900 587 eum
931 532 1034 604 qui
1066 550 1277 606 passus
1309 539 1420 599 est,
1453 531 1679 589 scilicet
1706 546 1899 599 carne,
1935 529 2031 584 huc

2193 525 2376 591 παθὼν,
2428 521 2687 596 δηλονότι
2753 526 2911 601 σαρκί
2945 545 2959 560 ’
3011 525 3101 582 καὶ
3146 527 3228 580 ὅτι
3287 527 3628 602 ἀνθρωπική
3689 530 3843 586 αὐτοῦ

401 637 758 692 manamque
789 622 979 692 ipsius
1023 623 1282 677 divinam
1339 623 1736 693 operationem
1769 618 1960 676 vocari
1990 635 2057 675 ea

398 709 598 767 omnia
626 727 752 780 quas
785 710 846 765 in
890 710 1330 782 dispensatione
1368 729 1467 767 seu
1492 711 1891 766 incarnatione
1913 708 2058 764 acci-

401 798 643 868 derunt,
679 814 868 869 neque
901 799 1126 854 Patrem
1170 815 1356 869 neque
1388 798 1674 869 Spiritum
1709 794 2055 853 sanctumin

398 885 493 941 his
523 885 747 957 aliquid
782 887 1186 959 participasse,
1222 887 1334 942 nisi
1367 885 1729 957 beneplacito
1762 890 1816 940 et
1848 884 2057 939 volun-

400 979 522 1030 tate
551 974 999 1046 incarnationis,
1038 981 1211 1047 atque
1239 993 1356 1030 una
1386 991 1521 1032 cum
1542 975 1658 1031 Deo
1689 975 1831 1030 Filio
1861 973 2060 1028 divina

405 1063 578 1135 signa
626 1065 942 1134 operando.
1007 1065 1156 1119 Nota
1196 1081 1330 1120 vero
1379 1064 1502 1119 haec
1558 1063 1811 1119 maxime
1857 1068 2059 1118 contra

405 1151 812 1210 Nestorianos.
843 1158 895 1208 et
928 1154 1275 1225 Acepbalos,
1310 1158 1486 1224 atque
1516 1153 1975 1208 Pbantasiastas.

481 1240 808 1296 Distinctum
848 1251 946 1297 est.
982 1243 1098 1298 Hoc
1145 1247 1235 1298 est
1290 1247 1581 1298 secretum
1615 1261 1646 1296 a
1674 1242 1978 1296 Trinitatis
2004 1244 2060 1295 et

405 1329 650 1386 Deitatis
684 1331 906 1386 ratione
939 1331 1106 1399 illud,
1141 1333 1296 1404 quod
1346 1336 1581 1404 propter
1631 1348 1735 1386 nos
1768 1336 1823 1385 et
1854 1347 1922 1384 ex
1952 1347 2058 1385 no-

405 1418 496 1475 bis
527 1435 759 1474 carnem
787 1421 1200 1492 assumpserit,
1225 1438 1328 1476 seu
1363 1419 1754 1491 susceptionis
1785 1418 2057 1474 humani-

403 1508 544 1564 tatis
567 1513 983 1582 nostraa,atque
1006 1509 1436 1566 Incarnationis
1450 1509 1663 1564 Christi
1691 1510 1837 1564 ratio
1863 1529 1876 1579 ς
1907 1509 2061 1564 sicut

407 1601 466 1653 et
496 1598 651 1668 quod
685 1597 883 1653 fecerit
903 1603 958 1652 et
989 1616 1202 1670 passus
1226 1599 1397 1654 fuerit
1429 1615 1557 1669 qua:
1576 1597 1849 1654 humanm
1872 1596 2060 1670 ipsius

407 1686 900 1743 considerationis
935 1687 1185 1744 maxime
1219 1689 1457 1760 pr0pria
1489 1687 1896 1760 sunt.Pr0pria
1927 1703 2060 1742 vero

409 1777 467 1829 et
497 1773 818 1845 singularia
850 1774 1012 1845 dicit,
1047 1775 1156 1831 hoc
1188 1781 1276 1830 est
1307 1792 1456 1847 pura
1485 1780 1542 1830 et
1573 1774 1810 1832 innoxia
1839 1779 2061 1830 naturae

410 1862 892 1935 humanasipsius
927 1879 939 1916 :
975 1865 1310 1935 cujusmodi
1334 1864 1784 1934 suntnativitas,
1815 1865 2062 1920 infantia

411 1951 866 2020 incrementum,
901 1950 1057 2020 sitis,
1108 1951 1291 2022 labor,
1342 1953 1604 2019 tristitia,
1649 1951 1937 2026 lacrymae,
1973 1969 2065 2006 sa-

410 2038 547 2108 liva,
571 2039 832 2111 sanguis,
867 2041 1070 2106 sudor,
1103 2041 1425 2112 corruptio,
1480 2041 1692 2107 ﬂuxus,
1741 2041 2069 2096 voluntaria

413 2129 810 2198 mortiﬁcatio,
844 2129 1000 2186 vocis
1032 2131 1300 2203 privatio,
1326 2131 1675 2204 impotentia
1704 2149 1766 2187 se
1799 2130 2067 2187 movendi

415 2219 474 2274 et
503 2217 742 2273 similia.
775 2218 906 2273 Haac
935 2219 1090 2274 enim
1126 2219 1287 2275 nulla
1317 2220 1544 2274 ratione
1596 2220 1764 2275 Pater
1793 2225 1849 2275 et
1881 2219 2067 2291 Spiri-

416 2311 516 2364 tus
565 2312 808 2363 sanctus
853 2309 1226 2380 participant,
1277 2309 1391 2364 nisi
1459 2310 1593 2381 quis
1641 2310 1794 2365 dicat
1847 2310 2068 2365 ratione

419 2396 862 2469 approbationis
892 2402 950 2452 et
978 2413 1325 2456 consensus.

489 2489 580 2541 ‘ll
599 2486 642 2542 5
677 2487 784 2555 Qui
811 2487 1187 2543 immutabilis
1215 2491 1352 2544 erat.
1387 2488 1689 2554 Quomodo
1739 2489 1896 2544 dicat
1922 2488 2067 2544 Ver-

418 2574 560 2630 bum
591 2591 852 2646 passum,
890 2580 954 2629 ut
988 2575 1131 2631 illud
1167 2592 1180 2631 :
1213 2579 1404 2633 Manus
1457 2581 1660 2633 nostrae
1702 2580 2067 2633 contrectatio-

418 2672 551 2718 runt
577 2664 644 2719 de
681 2665 841 2721 Verbo
872 2664 996 2720 vitae
1027 2665 1128 2737 (y),
1160 2667 1564 2738 exposuimus.

499 2752 530 2826 §
557 2752 678 2810 VII.
740 2753 833 2809 His
853 2763 1039 2809 autem
1075 2756 1250 2810 veluti
1279 2755 1549 2827 mysticis.
1575 2755 1749 2811 Juxta
1791 2755 2066 2811 virtutem

415 2842 858 2898 inexsistentem
885 2843 1020 2915 pani
1048 2848 1106 2898 et
1135 2844 1320 2900 calici.

485 2932 667 3003 Supra
693 2931 1001 2988 intellectus
1031 2933 1416 3004 operationem.
1454 2932 1821 2990 Intellectum
1867 2951 2071 2990 eorum

417 3035 546 3091 quae
580 3021 650 3075 de
681 3021 797 3076 Deo
829 3021 1129 3093 dicuntur,
1155 3038 1321 3078 sacra
1353 3023 1592 3094 quidem
1626 3039 1792 3079 mens
1827 3023 2074 3094 explicat

419 3125 518 3165 seu
554 3109 972 3180 interpretatur
991 3109 1093 3165 illa
1125 3127 1291 3167 mens
1316 3127 1443 3182 qua:
1476 3113 1719 3169 omnino
1744 3113 1960 3168 divinis
1980 3130 2074 3168 va-

417 3201 530 3265 cat,
559 3202 614 3254 et
643 3214 882 3268 nequea
904 3200 1279 3256 terrestribus
1311 3206 1366 3254 et
1396 3200 1774 3272 passionibus
1808 3201 2074 3257 obnoxiis

2167 612 2277 668 ἐστι
2335 615 2587 690 Θεουργία
2643 615 2817 669 πάντα
2871 615 2939 670 τὰ
2994 613 3046 670 ἐν
3105 619 3174 690 τῇ
3227 615 3534 690 οἰκονομίᾳ
3571 636 3584 650 ⁶
3618 619 3707 674 καὶ
3765 618 3840 674 ὅτι

2167 701 2267 756 οὐκ
2321 701 2677 772 ἐκοινώνησεν
2740 705 2817 768 εἷς
2868 709 3039 759 ταῦτα
3090 707 3300 782 Πατὴρ,
3339 703 3473 760 οὔτε
3525 705 3592 760 τὸ
3632 712 3842 781 Πνεῦμα

2165 791 2226 845 τὸ
2259 792 2435 867 ἅγιον,
2471 793 2519 847 εἷ’
2552 795 2627 866 μή
2673 795 2742 866 τῇ
2795 791 3012 864 εὐδοκία
3065 794 3154 849 καὶ
3210 793 3485 870 βουλήσει
3521 798 3543 831 ⁹
3571 801 3673 857 τ’ῗς
3727 818 3841 871 σαρ-

2165 881 2410 951 κώσεως,
2443 882 2532 936 καὶ
2583 882 2657 944 εἲς
2699 884 2760 937 τὸ
2810 884 3222 960 συνεργάζεσθαι
3281 888 3366 955 τῷ
3433 885 3550 955 ἴ·ἱῷ
3593 884 3710 956 Θεῷ
3752 886 3838 948 τὰς

2169 970 2519 1043 θεοσημείας.
2555 971 2876 1044 Σημείωσαι
2937 969 2995 1026 δί
3048 977 3216 1027 ταῦτα
3267 972 3523 1044 μάλιστα
3573 973 3712 1028 κατὰ
3744 976 3838 1033 Νε-

2170 1065 2466 1134 στοριανῶν
2497 1062 2588 1114 καὶ
2621 1059 2940 1140 ’Λκεφάλων
2971 1061 3060 1115 καὶ
3095 1066 3552 1118 Φαντασιαστῶν.

2242 1237 2603 1312 Διακέκριται.
2661 1241 2824 1296 Τοῦτ’
2883 1234 2993 1294 ἔστι
3055 1243 3420 1315 κεχωρῆσθαι
3480 1244 3583 1294 τοῦ
3637 1238 3838 1316 τριαδι-

2167 1334 2266 1384 κοῦ
2296 1329 2384 1384 καὶ
2418 1327 2738 1404 θεολογικοῦ
2771 1329 2942 1405 λόγου
2967 1330 3030 1384 τὸ
3060 1332 3177 1384 καθ’
3209 1333 3363 1403 ἡμᾶς
3407 1329 3460 1403 ἐξ
3511 1332 3676 1403 ἡμῶν
3725 1330 3838 1386 ὀλι-

2168 1422 2278 1480 κῶς
2308 1419 2395 1472 καὶ
2458 1417 2682 1488 ἀληθῶς
2730 1421 3096 1493 σαρκωθῆναι,
3130 1419 3276 1473 τοῦτ’
3310 1415 3461 1473 ἔστιν
3492 1420 3521 1474 6
3551 1425 3652 1487 τῆς
3699 1419 3837 1474 ἐνανο

2171 1509 2508 1583 θρωπήσεως
2537 1509 2626 1561 καὶ
2668 1509 2989 1583 σαρκώσεως
3048 1513 3144 1562 τοῦ
3205 1509 3450 1584 Χριστοῦ
3511 1505 3707 1583 λόγος,
3753 1511 3835 1563 καὶ

2171 1593 2361 1671 δρᾶσαι
2401 1596 2490 1650 καὶ
2539 1598 2728 1650 παθεῖν
2787 1598 2884 1652 ὅσα
2935 1605 3036 1667 τῆς
3093 1597 3454 1673 ἀνθρωπικῆς
3487 1598 3661 1652 αὐτοῦ
3717 1599 3836 1652 θεω-

2173 1683 2292 1762 ρίας
2349 1685 2490 1739 ἐστὶν
2546 1683 2783 1761 ἒκκριτα.
2816 1683 3187 1762 Ἀδιατήρητά
3230 1690 3367 1765 φησι
3429 1685 3524 1740 καὶ
3585 1684 3832 1759 ἐξαίρετα,

2169 1776 2316 1829 τοῦτ’
2372 1771 2482 1829 ἔστι
2539 1775 2746 1849 καθαρᾶ
2818 1776 2909 1830 καὶ
2967 1771 3276 1846 ἀδιάϐλητα
3333 1781 3441 1845 τῆς
3502 1775 3830 1850 άνθρώπίνης

2097 1899 2142 1964 Β
2172 1864 2338 1918 αὐτοῦ
2387 1863 2597 1942 φύσεως
2634 1883 2646 1896 ⁸
2683 1861 2836 1918 ἅτινά
2895 1863 3005 1919 ἔστι
3053 1865 3234 1933 τόκος,
3266 1863 3574 1934 νηπιότης,
3602 1864 3830 1934 αὔξησις,

2178 1951 2327 2027 δίψα,
2385 1954 2576 2024 κόπος,
2629 1951 2802 2023 λύπη,
2852 1951 3102 2028 δάκρυον,
3133 1953 3400 2025 πτύελος,
3434 1956 3598 2026 αἷμα,
3629 1959 3826 2028 τρῆσις,

2177 2042 2369 2120 φθορὰ,
2405 2041 2576 2118 ρὖις,
2627 2043 2878 2120 ἑκούσιος
2936 2044 3218 2117 ςὲκρωσις,
3252 2042 3538 2118 ἆφθεγξία,
3574 2042 3827 2112 ἀκινησία,

2175 2130 2266 2186 καὶ
2323 2130 2390 2185 τὰ
2442 2129 2627 2202 ὅμοια.
2661 2130 2885 2193 Τούτοις
2935 2131 3035 2207 γὰρ
3086 2132 3113 2185 6
3165 2132 3361 2207 Πατὴρ
3413 2130 3596 2186 καὶτὸ
3628 2128 3828 2203 Πνεῦμα

2175 2221 2292 2275 κατ’
2325 2217 2515 2274 οὐδένα
2542 2219 2744 2295 τρόπον
2848 2218 3016 2295 λόγον
3048 2219 3455 2291 κεκοινώνηκεν
3493 2240 3506 2252 ·
3543 2219 3592 2275 εἴ
3642 2222 3712 2294 μή
3757 2239 3828 2280 τις

2177 2307 2308 2386 φαίη
2341 2309 2458 2363 κατ’
2491 2305 2738 2362 εὐδοκίαν
2765 2329 2825 2363 τε
2853 2308 2943 2363 καὶ
2980 2307 3273 2385 βούλησιν.

2249 2486 2496 2561 Γεγονὼς
2527 2486 2553 2540 6
2584 2485 2975 2551 ἀναλλοίωτος.
3011 2491 3136 2552 Πῶς
3164 2485 3321 2562 λέγει
3369 2487 3464 2542 τὸν
3520 2487 3691 2562 Λόγον
3734 2505 3823 2539 πα-

2177 2578 2309 2645 θεῖν,
2343 2575 2416 2638 ὡς
2447 2575 2536 2630 καὶ
2568 2576 2655 2645 τὸ,
2685 2577 2753 2632 Ai
2784 2581 2968 2652 χεῖρες
2992 2578 3153 2649 ἡμῶν
3187 2575 3561 2654 ἐψηλάφησαν
3590 2575 3707 2650 περὶ
3738 2577 3822 2628 τοῦ

2177 2665 2355 2742 Λόγου
2393 2671 2494 2734 τῆς
2525 2670 2692 2734 ζωῆς,
2728 2664 3034 2738 ἐξεθὲμεθα.

2248 2758 2276 2824 §
2304 2755 2427 2811 VII.
2455 2759 2582 2815 Τοῖς
2615 2751 2672 2808 δὲ
2701 2755 2776 2818 ὡς
2809 2760 3116 2828 μυστικοῖς.
3148 2755 3296 2809 Κατὰ
3342 2757 3446 2825 τὴν
3495 2753 3715 2828 δύναμιν
3735 2752 3818 2822 τὴν

2179 2843 2588 2918 ἐνυπάρχουσαν
2623 2843 2674 2896 ἐν
2706 2847 2784 2914 τῷ
2810 2843 2958 2920 ἄρτῳ
2987 2843 3078 2898 καὶ
3106 2847 3186 2916 τῷ
3215 2843 3493 2920 ποτηρίῳ.

2249 2933 2405 3008 Ὑπὶρ
2462 2933 2646 3007 νοερᾶν
2704 2931 2970 3008 ἐνέργειαν
3004 2935 3127 2990 Τῶν
3181 2932 3309 3008 περὶ
3362 2937 3500 2988 Θεοῦ
3531 2929 3815 3009 λεγομένων

2179 3023 2278 3090 τὴν
2341 3019 2578 3076 διάνοιαν
2641 3021 2735 3094 μὶν
2789 3021 3113 3076 ἀναπτύσσει
3175 3023 3203 3077 6
3263 3023 3412 3097 ἱερὸς
3470 3025 3592 3083 νοῦς
3667 3017 3817 3094 ἤγουν

2183 3109 2471 3186 ἑρμηνεύει
2517 3111 2544 3165 6
2591 3115 2708 3172 τοῖς
2757 3110 2921 3174 θείοις
2981 3109 3170 3166 διόλου
3219 3106 3814 3187 ἐνασχολούμενος,καὶ

2181 3205 2297 3261 τοῖς
2353 3197 2573 3273 γηΐνοις
2629 3199 2720 3253 καὶ
2781 3198 3073 3271 ἒμπαθὲσιν
3133 3199 3569 3262 ἀνεπιθολώτως
3618 3199 3814 3270 μὲνων¹

416 3287 828 3358 perturbatur;
864 3287 1009 3359 ipsis
1038 3305 1174 3345 vero
1225 3289 1440 3344 divinis
1488 3306 1604 3345 non
1638 3289 1808 3346 aliter
1839 3291 2066 3346 incum-

2193 3264 2378 3352 αὐτοῖς.
2418 3287 2476 3342 δὶ
2515 3293 2633 3350 τοῖς
2675 3287 2841 3350 θείοις
2899 3289 2999 3344 οὐκ
3036 3287 3223 3351 ἄλλως
3277 3284 3569 3344 ἐπιϐάλλει
3621 3288 3654 3355 ἧ
3700 3283 3816 3339 κατᾶ

416 3377 523 3445 bit,
557 3395 735 3450 quam
781 3395 886 3450 per
929 3381 1318 3436 cessationem
1366 3381 1560 3439 omnis
1615 3389 1830 3454 motus,
1864 3383 1964 3455 qui
1997 3383 2069 3438 ad

414 3465 867 3540 intelligendum
909 3485 1000 3524 res
1049 3469 1223 3540 facit;
1258 3469 1366 3526 hoc
1418 3471 1574 3527 enim
1629 3471 1884 3528 declarat
1915 3472 2069 3544 quod

418 3554 565 3610 dixit
590 3573 761 3627 supra
807 3557 1217 3628 intelligentem
1267 3560 1592 3630 efﬁcaciam,
1626 3561 1683 3615 id
1716 3565 1806 3616 est
1836 3562 2071 3633 quando

422 3644 684 3715 undique
697 3643 798 3699 Dei
813 3645 1518 3718 incomprehensibilitate
1531 3648 2071 3719 comprehenditur,

418 3737 547 3788 tum
576 3732 914 3804 assequitur
942 3735 1095 3805 quod
1118 3737 1433 3806 σοαπ-εδει.

492 3821 633 3877 Solis
658 3821 1194 3894 participationibus.
1232 3823 1829 3881 Praesubaudiendum
1863 3829 2073 3882 estno-

419 3910 597 3984 mina.
651 3911 1136 3984 Participationes
1181 3918 1375 3970 autem
1440 3918 1608 3970 vocat
1672 3913 2071 3986 praebitionem

421 4017 626 4057 eorum
657 4017 788 4072 quae
817 4001 1245 4074 participamus
1268 4004 1340 4059 ab
1375 4005 1501 4077 ipso
1536 4008 1647 4059 Deo
1680 4003 1917 4059 factam.

495 4091 790 4146 Arcanum.
827 4090 974 4147 Illud
1012 4109 1222 4149 nomen
1271 4098 1419 4149 Deus
1472 4109 1586 4149 non
1619 4091 1952 4164 significare
1983 4107 2077 4147 es-

425 4181 900 4252 sentiam,neque
923 4181 1063 4254 quid
1084 4182 1161 4236 sit
1182 4183 1475 4252 Deus;sed
1495 4182 1732 4254 aliquod
1767 4183 1828 4236 in
1851 4197 1959 4237 nos
1985 4181 2080 4237 be-

2182 3377 2486 3432 ἆπόπαυσιν
2540 3376 2723 3447 πάσης
2770 3381 3036 3450 κινήσεως
3110 3385 3373 3449 νοητικῆς
3443 3381 3552 3433 τῶν
3617 3371 3808 3430 ὄντων·

2177 3471 2339 3523 τοῦτο
2399 3467 2502 3543 γὰρ
2562 3465 2732 3537 δηλοῖ
2783 3467 2846 3522 τὸ
2907 3469 3040 3543 ὑπὲρ
3087 3469 3276 3542 γοερὰν
3329 3466 3596 3542 ἰνὲργειαν
3643 3461 3812 3528 εἰπεῖν,

2181 3555 2456 3611 τουτέστιν
2510 3554 2635 3610 ὅταν
2695 3560 2774 3628 τῷ
2833 3554 3204 3628 ἆκαταλήπτῳ
3258 3560 3358 3610 τοῦ
3419 3559 3551 3611 Θεοῦ
3580 3549 3811 3608 πάντοθεν

2183 3648 2508 3720 περισχεθῇ,
2537 3645 2663 3699 τότε
2690 3639 3096 3718 καταλαμϐάνει
3122 3645 3184 3699 τὸ
3213 3644 3572 3718 ζητούμενον.

2259 3823 2391 3885 Ταῖς
2447 3827 2708 3897 μετοχαῖς
2761 3822 2973 3895 μόναις.
3007 3822 3528 3897 Προσυπακουστὲον
3577 3817 3811 3888 ὀνόματα.

2188 3910 2443 3986 Μετοχὰς
2476 3908 2532 3965 δέ
2581 3933 2763 3989 φησιν,
2798 3913 2873 3966 ὧν
2926 3912 3230 3986 μετέχομεν
3271 3913 3374 3982 τὴν
3423 3910 3476 3982 ἐξ
3530 3909 3688 3964 αὐτοῦ
3731 3903 3811 3957 τοῦ

2186 4003 2320 4054 Θεοῦ
2351 4002 2635 4076 παροχήν.

2260 4089 2624 4166 Κρυφιότητα.
2656 4091 2780 4146 ’Ότι
2811 4090 2899 4144 καὶ
2929 4089 2991 4144 τὸ
3027 4091 3158 4155 Θεὸς
3205 4085 3383 4164 ὄνομα
3431 4086 3493 4145 οὐ
3543 4084 3700 4156 δηλοῖ
3741 4077 3814 4132 οὗ·

2190 4175 2330 4246 σίαν,
2365 4165 2491 4233 οὐδὲ
2546 4178 2598 4232 τί
2655 4178 2795 4234 εστιν
2830 4180 2857 4234 6
2893 4178 3046 4248 Θεὸς,
3074 4177 3201 4234 ἀλλ’
3234 4177 3534 4256 εὐεργεσίαν
3587 4191 3701 4228 τινα
3749 4165 3812 4226 εἷς

425 4270 700 4326 neﬁcium
721 4274 926 4341 ;atque
941 4287 1046 4325 nos
1068 4287 1136 4325 ex
1160 4271 1694 4327 communicatione
1722 4287 1921 4326 eorum
1951 4287 2066 4342 qua

2193 4271 2374 4341 ἡμᾶς·
2409 4269 2498 4322 καὶ
2557 4267 2638 4322 ὅτι
2693 4268 2753 4322 ἐκ
2807 4273 2917 4323 τῶν
2953 4273 3203 4344 μετοχῶν
3248 4273 3358 4324 τῶν
3413 4267 3514 4322 ὑπὸ
3555 4259 3647 4319 τοῦ
3699 4256 3812 4344 Θεοῦ

428 4357 600 4414 nobis
631 4366 664 4412 a
711 4359 822 4413 Deo
866 4359 1182 4431 donantur,
1233 4359 1658 4432 appellationes
1713 4359 1808 4415 Dei
1843 4359 2077 4432 ﬁngere.

428 4447 578 4514 Quid
613 4464 786 4519 porro
818 4447 894 4503 sit
915 4447 1092 4518 Deus,
1114 4449 1367 4520 cogitare
1395 4454 1567 4521 queat
1598 4447 1800 4504 nullus
1826 4466 1839 4517 ;
1865 4448 2078 4504 etenim

425 4536 624 4593 divina
654 4537 966 4593 existentia
998 4538 1076 4594 ita
1108 4538 1282 4612 digne
1315 4537 1755 4610 aliquantulum
1809 4536 2080 4593 laudabi-

2191 4354 2552 4431 δωρουμένων
2604 4359 2765 4430 ἡμῖν,
2820 4357 2911 4411 καὶ
2968 4343 3259 4432 τᾶςηπερῖ
3339 4359 3472 4412 Θεοῦ
3547 4343 3812 4421 ὀνομασίας

2188 4444 2497 4518 ποιούμεθα
2529 4464 2541 4477 ’
2574 4445 2636 4500 τὸ
2696 4443 2754 4501 δὲ
2806 4445 2858 4500 τί
2890 4444 3029 4501 ἐστιν
3064 4446 3092 4500 6
3123 4446 3276 4516 Θεὸς,
3319 4443 3475 4500 πᾶσίν
3531 4441 3662 4495 ἐστιν
3712 4433 3808 4486 ἆνε-

2192 4535 2453 4605 πινόητον
2489 4554 2501 4566 ⁸
2537 4535 2626 4589 καὶ
2656 4536 2756 4612 γὰρ
2787 4539 2822 4605 ἡ
2857 4535 2972 4599 θεία
3019 4533 3264 4611 ὕπαρξις,
3299 4533 3472 4596 οὕτως
3527 4527 3678 4599 ἀξίως
3725 4538 3809 4574 πο-

424 4630 540 4694 tur,
575 4629 812 4699 quando
846 4628 918 4683 ab
951 4628 1213 4685 efﬁcacia
1242 4630 1400 4684 omni
1433 4627 1802 4683 validissima
1833 4631 1890 4683 et
1915 4626 2066 4682 intel-

2193 4627 2299 4685 σῶς
2361 4623 2758 4697 ὑμνηθήσεται,
2817 4622 2907 4679 ὅτε
2981 4623 3158 4694 πάσης
3238 4622 3521 4700 ὶνεργείας,
3577 4615 3660 4712 ita}
3724 4612 3807 4712 ξῆς

423 4714 641 4788 ligente
673 4733 916 4788 prorsus
946 4735 978 4772 ε
1011 4717 1180 4774 nobis
1221 4717 1511 4785 absoluta,
1565 4716 1851 4788 suscipiet
1883 4733 1990 4772 nos
2021 4717 2080 4771 in

426 4809 630 4861 sancto
660 4803 918 4874 silentio,
951 4810 1210 4861 mentem
1243 4806 1317 4861 iis
1349 4822 1476 4877 quae
1510 4803 1670 4860 illinc
1702 4805 2084 4877 egrediuntur

426 4893 598 4950 donis
624 4894 969 4965 adjicientes
994 4911 1006 4949 :
1029 4893 1329 4950 voluntate
1350 4895 1644 4966 siquidem
1671 4911 1761 4949 ros
1791 4894 2081 4966 producit,

429 4983 600 5039 nobis
629 4984 879 5040 ﬁrmiter
897 4984 956 5039 in
980 4983 1193 5039 mentis
1217 4987 1427 5038 nostra:
1449 4985 1792 5040 confusione
1813 4988 2081 5056 perstan-

2195 4710 2657 4788 δραστικωτάτης,
2699 4719 2888 4789 νοερᾶς
2941 4710 3018 4782 δὲ,
3052 4713 3268 4774 πάντως
3319 4711 3405 4790 ὑφ’
3432 4709 3590 4782 ἡμῶν
3631 4695 3807 4755 ἀπολυ-

2195 4807 2365 4872 θεῖσα,
2400 4800 2600 4872 δέξεται
2658 4788 2806 4874 ἡμᾶς
2864 4798 2954 4856 διὰ
3011 4808 3165 4877 σιγῆς
3222 4788 3397 4877 ἁγίας,
3448 4788 3808 4885 ἐπιϐάλλοντας

2190 4896 2309 4953 ταῖς
2343 4891 2541 4955 ἐκεῖθεν
2576 4890 2934 4970 ἐκφοιτῶσαις
2977 4887 3204 4965 δωρεαῖς
3233 4907 3246 4922 ⁸
3291 4887 3558 4960 θελήματι
3611 4879 3706 4970 γάθ
3753 4879 3807 4923 τά

2195 4977 2322 5036 ὅντα
2353 4980 2603 5057 παράγει,
2637 4966 2872 5036 στάντων
2907 4982 3069 5052 ἡμῶν
3105 4975 3337 5056 βεϐαίως
3367 4977 3417 5032 ἐν
3448 4977 3514 5048 τῇ
3556 4972 3648 5026 τοῦ
3685 4966 3806 5057 ἦμε-

425 5071 610 5140 tibus,
663 5088 840 5144 quam
903 5073 1076 5145 paulo
1126 5075 1264 5128 ante
1320 5071 1567 5143 vocavit,
1608 5054 1979 5145 cognitionem
2020 5072 2066 5128 ir

2193 5070 2354 5148 τέρου
2385 5054 2478 5124 νοῦ
2507 5054 2838 5146 ἆδιακρισίᾳ,
2869 5071 2931 5140 ἣν
2973 5054 3197 5125 ἐκάλεσε
3243 5069 3348 5144 πρὸ
3400 5064 3590 5140 μικροῦ
3633 5054 3801 5131 γνῶσιν

429 5157 780 5231 ignorantia.

502 5249 738 5305 Rursum
779 5248 1005 5322 quidem
1054 5265 1168 5305 esse
1211 5251 1489 5324 originem
1533 5268 1625 5308 seu
1673 5255 1901 5324 fontem.
1934 5254 2085 5307 Nota

505 5431 587 5504 (y)
620 5429 644 5486 Ῑ
673 5433 842 5486 Joan.
880 5447 920 5501 1,
953 5431 1005 5514 1..

2193 5159 2247 5215 ἐν
2277 5159 2536 5236 ἀγνωσία.

2267 5232 2462 5320 Πάλιν,
2509 5248 2592 5304 ὅτι
2655 5247 2748 5322 μέν
2807 5247 2918 5304 ἔστι
2975 5247 3208 5324 πηγαία,
3266 5243 3572 5320 Σημείωσαι
3616 5232 3678 5290 τὰ
3733 5243 3803 5278 σε·

1428 5559 1672 5614 νΑΒΙιΕ
1710 5556 2110 5613 LECTIONES
2150 5557 2240 5614 ET
2279 5555 2840 5615 CORRECTIONES.

507 5722 529 5757 ⁸
556 5739 643 5797 γρ.
673 5720 750 5785 εἷς
781 5723 879 5793 τὴν
915 5721 1158 5780 εὐδοκίαν
1188 5723 1277 5780 καὶ
1314 5723 1600 5798 βούλησιν.
