4034 6408
184 390 290 445 225

957 387 1018 440 8.
1060 384 1330 439 ΜΔΧΙΜΙ
1371 380 1674 438 SCHOLIA
1713 381 1786 434 IN
1827 379 1960 433 LIB.
2003 383 2095 434 DE
2133 385 2408 440 DIVINIS
2447 385 2862 440 NOMINIBUS.

3519 381 3628 436 226

185 512 402 588 ϐάσμια
461 511 558 568 καὶ
612 507 812 586 φρικτὰ
861 505 951 562 ἐπὶ
1007 513 1105 576 τῆς
1156 504 1433 582 ἀχράντου
1480 499 1708 580 Τριάδος
1742 501 1914 574 ὀνόολ

2004 509 2316 564 νοιιοιιιιιάιι
2360 513 2418 565 et
2461 510 2757 566 horrenda
2807 508 3136 581 purissimae
3185 509 3492 566 Trinitatis
3523 527 3631 566 n0-

193 624 360 679 ματα,
396 599 483 656 ὅτι
537 598 750 674 πηγαία
783 597 974 666 θεότης
1008 597 1036 650 6
1082 597 1290 670 Πατήρ·
1327 595 1355 649 6
1386 591 1444 679 δέ
1471 594 1598 654 Υἱὸς
1654 591 1743 648 καὶ
1799 591 1862 646 16

191 678 419 766 Πνεῦμα
448 691 516 745 τὸ
537 690 693 764 ἅγιον
750 687 977 763 βλαστοί
1013 685 1113 741 εἰσι
1144 691 1245 754 τῆς
1275 678 1531 758 θεογόνου
1571 682 1862 753 Θεότητος,

190 783 442 839 τουτέστι
476 783 577 834 τοῦ
627 776 858 850 Πατρὸς,
914 774 1190 849 θεόφυτοι,
1252 773 1341 828 καὶ
1401 770 1560 841 ἄνθη,
1591 769 1678 826 καὶ
1710 775 1867 849 φῶτα

192 869 520 946 ὑπερούσια.
566 863 799 926 Μᾶλλον
854 862 911 919 δὲ
963 863 1233 940 βλαστοὺς
1283 862 1445 940 φησὶν
1507 860 1753 935 είρῆσθαι
1812 859 1864 914 ἐν

187 963 257 1034 τῇ
291 961 488 1036 Γραφῇ
547 955 656 1010 ἀπὸ
710 960 811 1023 τῆς
859 956 967 1007 τῶν
1018 951 1216 1007 ἐλαιῶν
1272 948 1533 1036 ὀπτασίας
1591 946 1867 1036 Ζαχαρίου

189 1053 288 1105 105
320 1035 618 1103 ἑνδεκάτου
667 1047 778 1098 τῶν
816 1039 1136 1119 προφητῶν·
1177 1037 1272 1094 δύο
1320 1039 1424 1114 γὰρ
1472 1035 1710 1099 κλάδους
1768 1043 1869 1119 τῆς

195 1137 390 1199 δλαιας
425 1134 587 1214 φασὶν
623 1134 676 1188 0i.
704 1117 1108 1205 Ἑδομήκοντα·
1140 1131 1192 1186 οἳ
1243 1127 1301 1184 δὲ
1348 1128 1514 1184 ἅλΛοι
1542 1117 1870 1202 έρμηνευταὶ

196 1226 444 1301 στάχυας
487 1223 579 1278 καὶ
630 1219 946 1298 βλαστούς·
1010 1223 1166 1298 φῶτα
1215 1215 1292 1287 δὶ,
1349 1217 1399 1271 έν
1479 1219 1564 1279 οἷς
1635 1215 1870 1301 εἴρηται,

195 1300 414 1389 Πατρὸν
447 1318 558 1368 τῶν
615 1311 811 1390 φώτων
872 1310 962 1364 καὶ
994 1312 1122 1370 Φῶς
1174 1307 1225 1362 ἐν
1261 1305 1463 1385 φωτός.
1521 1304 1754 1379 Πατριάν
1815 1300 1874 1358 δὲ

199 1405 341 1480 λέγει
402 1403 507 1473 τὴν
542 1399 706 1456 οἱονεὶ
756 1396 1091 1472 πατρότητα.
1129 1394 1411 1474 Ἐπιφέρει
1470 1398 1599 1469 γοῦν
1661 1393 1869 1462 υἱότης·

202 1493 290 1550 καὶ
320 1496 457 1569 γοῦν
519 1511 683 1569 φησιν
734 1490 762 1544 ὁ
803 1483 1160 1549 Ἀπόστολος·
1224 1486 1310 1556 Ἐξ
1361 1485 1422 1539 οὗ
1473 1487 1620 1538 πᾶσα
1675 1481 1877 1556 πατριὰ

207 1583 258 1638 έν
317 1582 541 1658 οὐρανῷ
597 1577 696 1634 κπὶ
751 1576 839 1632 ἐπὶ
899 1582 1002 1652 γῆς
1061 1576 1407 1648 ὀνομάζεται·
1467 1572 1528 1628 τὸ
1581 1571 1680 1648 γάρ
1742 1569 1876 1626 εἶναί

205 1694 262 1728 τε
290 1669 538 1745 πατέρας
587 1667 679 1722 καὶ
724 1665 874 1728 υἱοὺς
932 1663 1287 1738 ὀνομάζεσθαι
1346 1660 1548 1727 ἄνωθεν
1609 1659 1876 1737 ἔρῥευσεν,

206 1761 263 1817 ἐκ
305 1764 407 1816 τοῦ
455 1757 669 1833 Πατρὸς
725 1757 820 1830 μὲν
854 1753 1008 1833 φύσει
1039 1758 1134 1809 τοῦ
1168 1754 1294 1807 Υἱοῦ
1326 1748 1500 1813 ὄντος·
1561 1749 1770 1822 Πατρὸς
1821 1745 1880 1804 δὶ

207 1859 429 1906 πάντων
495 1844 919 1921 δημιουργικῶς
977 1844 1070 1898 καὶ
1124 1839 1527 1902 διδασκαλικῶς
1612 1837 1729 1894 ὅθεν
1787 1837 1877 1893 καὶ

209 1940 500 2012 ἀσώματοι
551 1935 644 1990 καὶ
675 1934 866 2005 νοητοῖ
898 1935 1032 1989 θεῶν
1063 1930 1290 2008 πατέρες
1318 1929 1407 1985 καὶ
1469 1929 1576 1984 υἱοὶ
1631 1925 1880 1982 διδασκα-

210 2027 385 2089 λικῶς
449 2026 543 2081 καὶ
605 2024 1005 2099 ὑπερκειμένως
1049 2021 1101 2077 ἂν
1161 2017 1422 2095 ἀγγέλοις
1479 2017 1570 2072 καὶ
1629 2014 1880 2085 δικαίοις,

212 2119 285 2178 ὡς
313 2116 408 2172 καὶ
445 2115 473 2169 6
523 2110 866 2174 Ἀπόστολος
899 2109 1088 2182 δηλοῖ,
1114 2110 1328 2164 πάντων
1361 2112 1470 2163 τῶν
1502 2108 1749 2182 πατέρων
1785 2103 1884 2181 ἅρ-

219 2226 418 2282 χοντος
469 2208 568 2258 τοῦ
623 2202 828 2277 κυρίως
898 2201 1130 2276 Πατρὸς,
1190 2200 1280 2253 ἅτε
1335 2199 1425 2252 καὶ
1476 2197 1574 2265 τὴν
1625 2194 1881 2263 τοιαύτην

225 2295 437 2369 μέθεξιν
474 2291 690 2362 δόντος,
740 2290 830 2345 καὶ
887 2289 1102 2344 πάντων
1161 2292 1267 2342 τῶν
1323 2287 1453 2340 υἱῶν
1494 2283 1763 2360 ἄρχοντος
1790 2287 1886 2338 τοῦ

219 2386 373 2452 Υἱοῦ,
440 2383 534 2437 ἅτε
587 2381 678 2436 καὶ
724 2379 889 2434 αὐτοῦ
924 2381 1188 2451 μεθεκτοῦ
1219 2375 1274 2431 ἐν
1304 2377 1483 2448 τούτῳ
1514 2374 1886 2449 γινομένουίθ,

219 2475 292 2535 ὡς
325 2471 494 2534 αὓτός
525 2488 709 2549 φησιν·
743 2467 1090 2546 Ἐφανέρωσά
1121 2487 1217 2520 σου
1247 2465 1308 2520 τὸ
1340 2460 1516 2538 ὄνομα
1543 2468 1658 2524 τοῖς
1687 2462 1891 2536 ἀνθρώ-

219 2582 368 2624 ποις·
403 2560 492 2616 ὅτι
524 2558 783 2615 καλεῖται
817 2558 1004 2633 Πατὴρ
1039 2557 1068 2611 ὁ
1091 2555 1249 2611 αὐτὸν
1280 2551 1424 2629 ἔχων
1450 2554 1570 2609 Υἱὸν
1602 2553 1694 2608 τὸν
1722 2556 1889 2607 ταῦτα

220 2651 473 2707 εἰπόντα.

296 2921 438 2978 Τοῖς
490 2915 779 2976 αἷτιατοῖς.
835 2912 1065 2968 Αἷτιατά
1113 2911 1222 2966 ἐστι
1253 2908 1514 2966 πάντατὰ
1544 2910 1894 2985 παραχθέντα

227 3009 301 3070 εἷς
332 3007 538 3076 κτίσιν,
573 3001 680 3060 εἴτε
710 3003 762 3058 ἐν
794 3001 1027 3078 οὐρανῷ,
1061 2999 1168 3056 εἷ’τε
1198 2999 1286 3055 ἰπὶ
1334 3006 1458 3077 γῆς·
1521 2996 1667 3054 αἷίτια
1716 2995 1774 3053 δὲ
1827 3000 1894 3054 τὰ

229 3095 526 3172 ὑπερόντα,
585 3092 862 3147 τουτέστιν
921 3091 975 3144 αἱ
1023 3095 1169 3165 τρεῖς
1221 3087 1537 3152 ὑποστάσεις
1590 3091 1687 3158 τῆς
1745 3087 1896 3164 ἁγίας

228 3183 493 3261 Τριάδος.
528 3179 820 3258 Πρόδηλον
853 3177 947 3234 οὖν
979 3177 1061 3233 ὅτι
1121 3175 1349 3252 οὐδεμία
1378 3177 1637 3255 έμφέρεια
1689 3175 1894 3232 τούτων

1976 597 2157 653 mina.
2197 599 2424 654 Patrem
2459 615 2589 656 esse
2619 599 2924 655 fontanam
2975 599 3386 669 divinitatem;
3417 599 3630 656 Filium

1974 701 2106 740 vero
2138 691 2194 742 et
2241 687 2526 760 Spiritum
2579 693 2852 743 sanctum
2902 687 3162 744 fecundae
3213 689 3454 745 Deitatis
3499 705 3632 746 esse

1975 776 2264 846 germina.
2296 776 2353 831 id
2386 781 2476 833 est
2506 777 2714 846 Patris,
2767 795 2801 832 a
2831 778 2940 834 Deo
2982 777 3269 849 producta,
3301 782 3350 833 et
3377 780 3536 848 ﬂores
3565 793 3630 833 ac

1977 865 2195 921 lumina
2227 882 2354 937 qua:
2382 867 2620 923 essentia
2648 867 2942 939 superiora
2987 870 3136 922 sunt.
3170 867 3268 921 Ait
3297 871 3494 923 autem
3527 883 3628 939 po-

1977 953 2096 1008 tius
2131 950 2422 1027 βλαστούς,
2453 955 2957 1027 germina,dictum
2980 971 3110 1011 esse
3132 954 3192 1010 in
3216 955 3538 1026 Scriptura,
3561 971 3630 1011 ex

1979 1042 2200 1100 visione
2224 1043 2508 1100 olivarum
2527 1044 2820 1100 Zachariae
2849 1045 3270 1116 prophetarum
3296 1043 3636 1114 undecimi;

1979 1134 2361 1206 Septuaginta
2393 1134 2549 1190 enim
2600 1135 2806 1190 dicunt
2855 1129 2950 1186 δύο
2996 1129 3260 1204 κλάδους,
3292 1135 3427 1190 duos
3458 1148 3642 1193 ramos

1981 1222 2138 1278 olivas
2169 1241 2188 1278 :
2221 1221 2321 1279 alii
2349 1240 2485 1280 vero
2518 1223 2870 1295 interpretes
2915 1221 3151 1297 στάχυας
3198 1221 3289 1276 καὶ
3345 1219 3639 1296 βλαστούς,

1980 1311 2164 1383 spicas
2193 1321 2246 1368 et
2281 1312 2541 1384 germina
2572 1332 2590 1367 :
2621 1311 2840 1368 lumina
2870 1329 3006 1368 vero
3038 1312 3096 1366 in
3145 1312 3362 1381 quibus
3411 1311 3638 1368 dictum

1984 1406 2093 1467 est,
2124 1401 2313 1457 Patr-is
2344 1401 2644 1468 luminum,
2690 1405 2748 1458 et
2777 1403 2962 1458 lumen
3012 1418 3087 1457 ex
3135 1399 3368 1457 lumine.
3405 1399 3640 1475 Πατριάν

1984 1507 2119 1547 vero
2151 1491 2293 1546 dicit
2319 1490 2418 1558 τήν
2452 1490 2790 1564 πατρότητα,
2837 1491 3067 1547 scilicet
3093 1490 3509 1563 paternitatem.
3541 1490 3644 1545 Af-

1987 1579 2093 1634 fert
2125 1579 2305 1651 igitur
2325 1578 2652 1652 υἱότης,1ἳιίἰ
2673 1582 2942 1637 rationem
2960 1597 2981 1642 ,·
3014 1580 3280 1650 equidem
3305 1580 3388 1635 ait
3405 1582 3644 1652 Aposto-

1987 1667 2080 1724 lus
2114 1671 2233 1724 :Ex
2279 1685 2383 1741 quo
2415 1669 2595 1727 omnis
2635 1669 2946 1740 paternitas
2995 1669 3056 1724 in
3103 1669 3237 1724 cwlo
3285 1672 3339 1725 et
3386 1671 3446 1724 in
3494 1673 3645 1726 terra

1986 1759 2314 1812 nominatur
2344 1759 2417 1831 (ε)
2449 1776 2468 1814 .·
2497 1759 2652 1814 116
2687 1762 2881 1830 patres
2912 1759 3069 1814 enim
3102 1775 3256 1826 esse,
3285 1762 3342 1814 et
3373 1757 3524 1815 filios
3545 1775 3645 1814 no-

1989 1846 2226 1918 minari,
2259 1863 2512 1920 superne
2546 1847 2831 1916 deﬂuxit;
2868 1846 3005 1919 quia
3032 1864 3166 1904 vere
3217 1847 3399 1903 Filius
3439 1850 3530 1904 est
3576 1863 3648 1903 ex

1995 1935 2186 2004 Patre,
2229 1935 2332 2006 qui
2379 1938 2647 1991 omnium
2707 1943 2794 1990 est
2847 1936 3012 1991 Pater
3060 1935 3132 1991 ob
3190 1937 3546 1991 creationem
3590 1939 3649 1992 et

1993 2022 2320 2079 doctrinam
2345 2043 2358 2092 ;
2387 2025 2542 2080 unde
2562 2024 2888 2096 incorporei
2911 2030 2968 2078 et
2987 2023 3389 2096 intelligibiles
3403 2024 3648 2080 deorum

1995 2117 2190 2184 patres
2221 2117 2398 2185 atque
2426 2113 2534 2168 ﬁlii
2566 2117 2986 2185 praeceptorum
3023 2129 3184 2169 more
3214 2119 3270 2168 et
3299 2112 3653 2170 excellenter

1995 2201 2054 2255 in
2077 2201 2300 2273 angelis
2333 2206 2389 2257 et
2409 2202 2779 2272 justis,sicut
2808 2203 2983 2257 etiam
3017 2202 3337 2274 Apostolus
3368 2200 3650 2272 declarat,

1997 2288 2096 2346 illo
2119 2291 2388 2362 patribus
2411 2290 2690 2347 omnibus
2711 2291 3070 2363 principium
3094 2292 3270 2347 dante
3296 2291 3396 2363 qui
3419 2290 3653 2364 proprie

1997 2383 2087 2435 est
2116 2379 2466 2447 Pater,sicut
2497 2379 2548 2435 is
2580 2379 2678 2451 qui
2709 2379 2884 2436 talem
2919 2380 3513 2436 communicationem
3539 2380 3654 2436 lar-

1999 2467 2177 2539 gitur,
2236 2484 2301 2523 ac
2350 2467 2631 2523 omnibus
2680 2467 2819 2522 ﬁliis
2864 2467 3009 2523 Filio
3061 2467 3417 2541 principium
3451 2469 3654 2533 dante,

1999 2555 2154 2611 sicut
2175 2555 2299 2627 ipso
2322 2556 2497 2612 etiam
2517 2557 2574 2611 in
2597 2555 2707 2612 hoc
2722 2555 3654 2628 participante,quemadmodum

1998 2643 2125 2716 ipse
2159 2645 2242 2700 ait
2272 2661 2285 2700 :
2321 2645 2668 2716 Manifestan
2724 2660 2924 2702 nomen
2973 2649 3131 2701 tuum
3175 2645 3494 2702 hominibus
3526 2645 3603 2718 (α)
3635 2661 3656 2703 :

1999 2734 2155 2804 quod
2201 2739 2440 2790 vocetur
2496 2734 2663 2790 Pater
2711 2734 2762 2790 is
2811 2733 2912 2806 qui
2964 2734 3176 2791 Filium
3227 2735 3352 2794 haec
3383 2734 3651 2792 locutum

1999 2821 2198 2878 habet.

2070 2913 2378 2984 Eﬁectibus.
2413 2912 2660 2986 Effectus
2693 2916 2833 2970 sunt
2862 2913 3060 2969 omnia
3089 2912 3148 2968 in
3192 2913 3484 2968 creatione
3517 2927 3654 2984 pro-

2003 3001 2200 3068 ducta,
2234 3018 2338 3057 seu
2370 3002 2429 3056 in
2461 3001 2624 3071 coelo,
2659 3017 2763 3057 seu
2795 3002 2854 3056 in
2888 3006 3062 3057 terra.
3097 3001 3297 3057 Causa
3347 3018 3483 3057 vero
3513 3004 3664 3057 sunt,

2001 3089 2103 3146 illa
2134 3107 2260 3162 qua;
2293 3090 2618 3146 eminenter
2649 3090 2972 3159 exsistunt;
3008 3090 3066 3146 id
3099 3096 3188 3146 est
3217 3094 3336 3146 tres
3385 3091 3653 3146 Persona

2003 3184 2220 3236 sanctae
2232 3179 2948 3252 Trinitatis.Perspicuum
2967 3179 3148 3252 igitur
3161 3179 3383 3236 nullam
3402 3197 3531 3237 esse
3553 3179 3657 3235 h0-

228 3254 370 3351 πρὸς
419 3254 672 3342 ἄλληλα,
723 3268 909 3324 αἰτίων
963 3266 1097 3344 φησὶ
1147 3269 1233 3322 καὶ
1267 3254 1544 3324 αἲτιατῶν.
1577 3264 1776 3329 Καλῶς
1837 3263 1895 3322 δὲ

2007 3268 2302 3324 ruminter
2320 3285 2382 3324 se
2405 3268 3502 3341 similitudinem,causarum,inquit,et
3523 3267 3656 3324 ell'e-

231 3363 546 3437 προσέθηκε
573 3361 638 3414 τὸ
668 3356 1047 3434 ἐνδεχομένας·
1083 3355 1143 3411 οὗ
1175 3356 1280 3432 γάρ
1311 3354 1537 3420 ἁπάσας.

303 3452 415 3508 Καὶ
455 3450 552 3524 ζῇν
589 3446 642 3505 εέ¹
664 3470 747 3510 τις
780 3447 936 3526 φαίη.
969 3448 1094 3504 ⁸Ὀτι
1151 3450 1420 3521 περισσῶς
1475 3445 1563 3500 καὶ
1615 3441 1897 3499 οὐσιωδῶς

231 3541 555 3617 προσένεστι
606 3540 674 3592 τά
714 3543 822 3592 τῶν
873 3535 1128 3591 αἰτιατῶν
1183 3540 1301 3597 τοῖς
1361 3533 1576 3594 αἰτίοις.
1625 3535 1784 3588 Ὥστε
1836 3532 1899 3588 οὐ

234 3631 420 3691 καλῶς
455 3627 698 3702 λέγομεν
726 3629 821 3699 ζῇν
845 3625 934 3679 καὶ
967 3623 1290 3700 φωτίζεσθαι
1315 3623 1375 3677 τὸ
1409 3625 1574 3685 θεῖον·
1605 3626 1770 3676 τοῦτο
1799 3621 1900 3697 γὰρ

235 3725 332 3774 τοῦ
365 3723 463 3792 ζῇν
488 3720 640 3790 ἡμᾶς
663 3715 753 3770 καὶ
781 3713 1105 3792 φωτίζεσθαι
1130 3709 1322 3766 αἶ’τιον·
1345 3708 1626 3773 οὑσιωδῶς
1650 3709 1740 3766 οὖν
1765 3732 1901 3786 προ-

249 3810 442 3862 σένεστι
494 3811 575 3878 τῷ
634 3805 787 3876 θείῳ,
840 3804 974 3878 ἅπερ
1019 3805 1155 3872 ἡμῖν
1196 3801 1333 3856 κατὰ
1363 3799 1543 3876 χάριν·
1578 3804 1740 3855 τοῦτο
1799 3801 1902 3876 γὰρ

249 3898 502 3968 σημαίνει
553 3891 618 3948 16
676 3893 814 3947 κατᾶ
848 3891 1078 3964 μέθεξιν·
1134 3887 1280 3964 λέγεί
1327 3890 1430 3964 γάρ
1462 3891 1490 3944 ὁ
1543 3887 1903 3953 Ἀπόστολος·

242 3986 437 4060 Χάριτι
507 3981 628 4038 ἐστὶ
684 3978 1036 4052 σεσωσμένοι,
1091 3978 1179 4033 καὶ
1221 3981 1385 4050 ἡμεῖς
1445 3975 1540 4051 μέν
1573 3978 1907 4050 σεσωσμένοι

240 4073 542 4148 λεγόμεθα·
606 4069 769 4132 αὐτὸς
821 4065 879 4123 δὲ
928 4071 1089 4142 ἡμῶν
1127 4067 1323 4142 Σωτήρ
1369 4065 1500 4121 έστι.
1560 4066 1661 4123 Καὶ
1715 4065 1902 4121 πάλιν·

239 4165 385 4219 Ἀπὸ
464 4161 568 4237 γάρ
639 4162 739 4214 τοῖ’)
802 4156 1182 4232 πληρώματος
1263 4155 1432 4210 αὐτοῦ
1489 4157 1656 4229 ἡμεῖς
1712 4154 1906 4218 πάντες

237 4246 418 4307 ἐλάῧο
429 4270 548 4324 μιν.

315 4434 347 4500 §
380 4428 478 4486 IX.
533 4424 716 4481 Ἀλλά
767 4425 854 4480 καὶ
915 4423 977 4478 τὸ
1030 4421 1205 4493 πάσης
1263 4421 1568 4497 θεολογίας,
1627 4425 1751 4480 ’Ὀτι
1785 4435 1910 4488 θεο-

239 4517 446 4592 λογίαν
495 4514 656 4570 καλεῖ
699 4513 767 4570 τὰ
797 4513 966 4587 [περὶ]
1021 4519 1122 4582 τῆς
1164 4511 1645 4587 ένανθρωπήσεως·
1705 4513 1794 4567 καὶ
1826 4511 1910 4568 ὅτι

2006 3362 2230 3413 ctuum.
2266 3357 2440 3414 Recte
2470 3361 2663 3414 autem
2693 3358 2970 3429 apposuit
3000 3353 3520 3432 ἐνδεχομένας,(]αα8
3535 3372 3659 3430 pos-

2008 3451 2177 3508 sunt;
2210 3461 2400 3516 neque
2429 3445 2586 3501 enim
2619 3463 2815 3503 omnes
2849 3463 2911 3502 se
2939 3446 3200 3502 referunt
3228 3446 3537 3519 imagines.

2079 3537 2143 3590 Et
2170 3535 2352 3591 vivere
2371 3538 2421 3590 si
2441 3536 2563 3606 quis
2584 3535 2985 3602 dixerit.Quod
3018 3537 3386 3592 abundanter
3405 3540 3456 3592 et
3476 3551 3664 3592 essen-

2011 3625 2220 3681 tialiter
2249 3640 2312 3680 ea
2341 3639 2466 3696 qua:
2486 3633 2614 3681 sunt
2634 3625 2928 3696 eﬂectuum
2946 3629 3079 3681 ante
3107 3625 3438 3682 inexsistant
3459 3627 3664 3682 causis:

2011 3715 2141 3770 ideo
2173 3731 2287 3770 non
2317 3715 2465 3770 bene
2500 3715 2756 3770 dicimus
2789 3714 3154 3771 divinitatem
3186 3716 3376 3771 vivere
3408 3720 3464 3771 et
3493 3715 3667 3771 illus-

2015 3803 2153 3859 trari
2187 3819 2200 3858 :
2235 3803 2354 3859 haec
2387 3803 2542 3859 enim
2584 3803 2754 3859 nobis
2785 3821 2965 3860 causa
3013 3808 3102 3860 est
3152 3803 3379 3860 vivendi
3411 3807 3468 3859 et
3500 3803 3668 3860 illus-

2013 3892 2246 3961 trandi;
2279 3892 2675 3949 essentialiter
2704 3893 2887 3966 igitur
2916 3897 3050 3949 ante
3100 3893 3306 3949 insunt
3348 3892 3665 3964 divinitati,

2015 3999 2139 4052 quae
2165 3982 2331 4038 nobis
2356 3999 2457 4054 per
2473 3982 2721 4054 gratiam
2746 3999 2758 4038 :
2785 3982 2894 4039 hoc
2919 3982 3074 4038 enim
3109 3982 3404 4055 signiﬁcat
3420 3999 3520 4054 per
3538 3997 3668 4054 par-

2015 4073 2412 4144 ticipationem,
2474 4071 2613 4127 dicit
2645 4071 2802 4127 enim
2835 4071 3154 4144 Apostolus
3189 4088 3201 4126 :
3238 4071 3433 4129 Gratia
3461 4069 3679 4128 saluati

2015 4161 2145 4216 estis
2175 4161 2272 4230 (b),
2295 4163 2350 4215 et
2375 4177 2479 4216 nos
2503 4160 2740 4232 quidem
2763 4160 2974 4216 salvati
2999 4161 3288 4230 dicimur;
3322 4161 3446 4232 ipse
3467 4166 3676 4217 autem

2016 4248 2286 4303 Servator
2315 4253 2515 4304 noster
2544 4253 2654 4304 est.
2690 4249 3046 4321 Iterumque,
3072 4266 3202 4306 nam
3232 4266 3301 4305 ex
3327 4248 3678 4323 plenitudine

2015 4339 2132 4409 ejus
2161 4354 2258 4393 nos
2291 4353 2476 4394 omnes
2507 4339 2818 4407 accepimus
2847 4339 2940 4410 (ε).

2091 4427 2120 4497 §
2149 4426 2247 4483 1X.
2283 4427 2428 4496 Quin
2457 4429 2628 4483 etiam
2675 4427 2733 4483 id
2761 4427 2903 4500 quod
2954 4431 3033 4484 est
3078 4430 3346 4484 universae
3373 4429 3675 4499 theologica.

2018 4516 2390 4588 Theologiam
2423 4520 2593 4572 vocat
2627 4533 2755 4588 quae
2797 4516 3351 4574 inhumanationem
3387 4519 3675 4588 tangunt;

239 4607 369 4663 καθ’
418 4608 569 4678 ἡμᾶς
605 4603 965 4668 θεοπλαστίαν
1000 4601 1132 4676 φησὶ
1188 4603 1288 4670 τήν
1318 4605 1414 4655 τοῦ
1465 4599 1668 4676 Κυρίου
1727 4605 1910 4673 Ἰησοῦ⁸

2020 4611 2160 4662 nota
2189 4608 2596 4679 insuper,eum
2627 4624 2834 4663 vocare
2866 4625 2935 4663 ex
2967 4613 3181 4663 natura
3212 4611 3414 4662 nostra
3443 4607 3681 4663 Deiﬁca-

244 4698 551 4773 σάρκωσιν.
601 4697 776 4746 Ταῦτα
822 4691 958 4746 κατὰ
987 4693 1360 4764 Νεστοριανῶν
1397 4689 1654 4763 μάλιστα,
1713 4692 1776 4745 16
1824 4692 1911 4746 ἆν-

247 4783 460 4862 δρικῶς
493 4781 654 4837 αὐτὸν
699 4781 1034 4850 οὐσιωθῆναι
1084 4777 1283 4854 λέγειν·
1318 4777 1420 4855 ὅρα
1475 4775 1531 4834 δὲ
1592 4781 1674 4834 ὅτι
1724 4779 1917 4836 ἐκτῶν

245 4869 598 4950 παρθενικῶν
634 4871 881 4944 αἱμάτων
916 4868 1050 4948 φησὶ
1079 4867 1142 4922 τὸ
1174 4871 1334 4941 σῶμα
1359 4871 1456 4922 τοῦ
1478 4867 1684 4943 Κυρίου
1735 4871 1916 4938 Ἰησοῦ

248 4960 684 5029 διαπλασθῆναι·
742 4957 1060 5030 Σημείωσαι
1116 4954 1193 5026 δὲ,
1237 4961 1354 5019 πῶς
1410 4978 1562 5033 φησι,
1612 4952 1918 5033 πρεσϐυτᾶ-

244 5073 384 5114 τους
433 5049 698 5126 ἀγγέλους
751 5046 883 5103 εἶναί
912 5067 1084 5119 τινας,
1133 5047 1221 5100 καὶ
1272 5050 1491 5120 πρῶτον
1550 5043 1738 5100 ωὖτῶν
1798 5068 1919 5102 τινα

246 5143 414 5197 εἶναι.
449 5140 604 5214 Λέγει
637 5137 694 5193 δὲ
724 5131 1120 5213 πρεσϐυτέρους
1151 5133 1416 5209 ἀγγέλους
1467 5135 1494 5188 6
1536 5140 1678 5198 θεῖος
1735 5135 1916 5193 Ἰωάν-

245 5253 356 5303 νης
385 5230 437 5284 έν
485 5231 556 5302 τῇ
589 5225 985 5300 Ἀποκαλόψει·
1020 5224 1110 5279 καὶ
1160 5223 1294 5279 έπτᾶ
1325 5227 1462 5279 εῖναι
1491 5223 1619 5287 τοὺς
1664 5226 1918 5300 πρώτους

325 5405 408 5478 (1]
437 5402 658 5476 Ephes.
693 5418 780 5473 ιιι,
810 5401 896 5457 15.

2021 4697 2242 4752 tionem
2282 4695 2511 4752 Domini
2560 4696 2702 4752 Jesu
2755 4696 3244 4752 incarnationem.
3279 4699 3407 4751 Haec
3427 4697 3683 4752 maxime

2028 4789 2231 4841 contra
2276 4784 2659 4841 Nestorianos
2682 4785 3099 4857 dicere,ipsum
3123 4788 3189 4840 ut
3210 4784 3510 4841 hominem
3537 4785 3686 4840 sub-

2028 4874 2308 4931 stantiam
2359 4876 2699 4947 accepisse:
2734 4875 2999 4945 observa,
3051 4890 3187 4930 eum
3229 4874 3420 4930 dicere
3469 4889 3682 4944 corpus

2031 4963 2258 5019 Domini
2307 4964 2470 5031 Jesu,
2525 4981 2595 5020 ex
2640 4964 2899 5036 virgineo
2948 4964 3318 5020 eiformatum
3370 4961 3682 5036 sanguine.

1987 5123 1990 5126 ί
2027 5052 2176 5109 Nota
2209 5054 2703 5125 porro,quomodo
2735 5053 2894 5109 dicat
2926 5071 2938 5108 :
2973 5053 3260 5125 quosdam
3291 5069 3418 5109 esse
3444 5050 3686 5124 angelos

2029 5142 2436 5214 dignissimos,
2467 5143 2848 5215 primumque
2875 5141 3112 5199 illorum
3165 5143 3485 5214 quemdam
3535 5155 3685 5198 esse.

2029 5235 2314 5289 Recenset
2344 5236 2541 5289 autem
2573 5231 2811 5288 divinus
2839 5233 3098 5289 Joannes
3127 5233 3185 5287 in
3216 5231 3564 5306 Apocalypsi
3597 5229 3691 5287 di-

1001 5398 1081 5472 (a)
1111 5399 1284 5457 Joan.
1316 5414 1456 5471 xvu,
1485 5399 1540 5454 6.
1617 5401 1693 5473 (ὁ)
1725 5401 1936 5474 Ephes.
1966 5412 2032 5471 ιι,
2061 5405 2116 5461 8.
2192 5405 2266 5478 (ο)
2295 5405 2466 5463 Joan.
2499 5423 2540 5474 ι,
2573 5404 2662 5463 46.

1285 5569 1527 5628 νΑΒΙΛΕ
1569 5571 1959 5631 LECTIONES
1999 5575 2088 5632 ET
2124 5575 2684 5634 CORRECTIONES.

326 5704 379 5742 1⁸
405 5721 500 5778 γρ.
532 5697 692 5756 αὐτοὶ
724 5697 974 5772 μεθεκτοὶ
1006 5695 1065 5752 ἐκ
1089 5695 1289 5754 τούτου
1318 5697 1625 5774 γενόμενοι.
