  <div class='ocr_page' id='page_1' title='image "/cluster/home/n/w/nwhite01/storage/ocr_20150623/4:no.2/coo.31924054872837/121.png"; bbox 0 0 4034 6398; ppageno 0'>
   <div class='ocr_carea' id='block_1_1' title="bbox 448 390 554 444">
    <p class='ocr_par' dir='ltr' id='par_1_1' title="bbox 448 390 554 444">
     <span class='ocr_line' id='line_1_1' title="bbox 448 390 554 444; baseline -0.019 0"><span class='ocrx_word' id='word_1_1' title='bbox 448 390 554 444; x_wconf 84' lang='grc'><strong>227</strong></span> 
     </span>
    </p>
   </div>
   <div class='ocr_carea' id='block_1_2' title="bbox 1271 383 3040 443">
    <p class='ocr_par' dir='ltr' id='par_1_2' title="bbox 1271 383 3040 443">
     <span class='ocr_line' id='line_1_2' title="bbox 1271 383 3040 443; baseline -0.002 -3"><span class='ocrx_word' id='word_1_2' title='bbox 1271 387 1637 440; x_wconf 83' lang='lat' dir='ltr'>APPENDIX</span> <span class='ocrx_word' id='word_1_3' title='bbox 1674 389 1770 440; x_wconf 82' lang='lat' dir='ltr'>AD</span> <span class='ocrx_word' id='word_1_4' title='bbox 1805 385 2049 440; x_wconf 78' lang='lat' dir='ltr'>OPERA</span> <span class='ocrx_word' id='word_1_5' title='bbox 2085 387 2143 437; x_wconf 83' lang='grc' dir='ltr'>Β.</span> <span class='ocrx_word' id='word_1_6' title='bbox 2185 383 2500 440; x_wconf 80' lang='lat' dir='ltr'>DIONYSII</span> <span class='ocrx_word' id='word_1_7' title='bbox 2541 388 3040 443; x_wconf 72' lang='lat' dir='ltr'>AREOPAGITE.</span> 
     </span>
    </p>
   </div>
   <div class='ocr_carea' id='block_1_3' title="bbox 3745 395 3835 448">
    <p class='ocr_par' dir='ltr' id='par_1_3' title="bbox 3745 395 3835 448">
     <span class='ocr_line' id='line_1_3' title="bbox 3745 395 3835 448; baseline 0 0"><span class='ocrx_word' id='word_1_8' title='bbox 3745 395 3835 448; x_wconf 85' lang='lat'>228</span> 
     </span>
    </p>
   </div>
   <div class='ocr_carea' id='block_1_4' title="bbox 444 503 2087 590">
    <p class='ocr_par' dir='ltr' id='par_1_4' title="bbox 444 507 2087 587">
     <span class='ocr_line' id='line_1_4' title="bbox 444 507 2087 587; baseline -0.005 -16"><span class='ocrx_word' id='word_1_9' title='bbox 444 513 762 587; x_wconf 88' lang='lat' dir='ltr'>gnissimos</span> <span class='ocrx_word' id='word_1_10' title='bbox 791 511 1051 584; x_wconf 82' lang='lat' dir='ltr'>angelos,</span> <span class='ocrx_word' id='word_1_11' title='bbox 1085 514 1142 566; x_wconf 91' lang='lat' dir='ltr'>et</span> <span class='ocrx_word' id='word_1_12' title='bbox 1172 514 1398 582; x_wconf 83' lang='lat' dir='ltr'>septem</span> <span class='ocrx_word' id='word_1_13' title='bbox 1432 526 1562 566; x_wconf 89' lang='lat' dir='ltr'>esse</span> <span class='ocrx_word' id='word_1_14' title='bbox 1594 507 1816 580; x_wconf 89' lang='lat' dir='ltr'>primos</span> <span class='ocrx_word' id='word_1_15' title='bbox 1846 507 2087 579; x_wconf 76' lang='lat' dir='ltr'>legimus</span> 
     </span>
    </p>
   </div>
   <div class='ocr_carea' id='block_1_5' title="bbox 2200 503 3833 590">
    <p class='ocr_par' dir='ltr' id='par_1_5' title="bbox 2211 503 3833 590">
     <span class='ocr_line' id='line_1_5' title="bbox 2211 503 3833 590; baseline 0.006 -30"><span class='ocrx_word' id='word_1_16' title='bbox 2211 505 2268 560; x_wconf 80' lang='grc' dir='ltr'>έν</span> <span class='ocrx_word' id='word_1_17' title='bbox 2299 510 2376 578; x_wconf 80' lang='grc' dir='ltr'>τῷ</span> <span class='ocrx_word' id='word_1_18' title='bbox 2405 503 2587 579; x_wconf 74' lang='grc' dir='ltr'>Τωϐία</span> <span class='ocrx_word' id='word_1_19' title='bbox 2621 507 2952 582; x_wconf 85' lang='grc' dir='ltr'>ἀνέγνωμεν,</span> <span class='ocrx_word' id='word_1_20' title='bbox 2999 505 3088 561; x_wconf 77' lang='grc' dir='ltr'>καὶ</span> <span class='ocrx_word' id='word_1_21' title='bbox 3149 505 3295 582; x_wconf 75' lang='grc' dir='ltr'>παρὰ</span> <span class='ocrx_word' id='word_1_22' title='bbox 3344 507 3622 583; x_wconf 76' lang='grc' dir='ltr'>Κλήμεντι</span> <span class='ocrx_word' id='word_1_23' title='bbox 3655 509 3833 590; x_wconf 76' lang='grc' dir='ltr'>βιϐλίῳ</span> 
     </span>
    </p>
   </div>
   <div class='ocr_carea' id='block_1_6' title="bbox 444 597 2098 673">
    <p class='ocr_par' dir='ltr' id='par_1_6' title="bbox 444 597 2098 673">
     <span class='ocr_line' id='line_1_6' title="bbox 444 597 2098 673; baseline -0.005 -15"><span class='ocrx_word' id='word_1_24' title='bbox 444 604 504 659; x_wconf 89' lang='lat' dir='ltr'>in</span> <span class='ocrx_word' id='word_1_25' title='bbox 534 603 734 668; x_wconf 89' lang='lat' dir='ltr'>Tobia,</span> <span class='ocrx_word' id='word_1_26' title='bbox 767 609 944 673; x_wconf 88' lang='lat' dir='ltr'>atque</span> <span class='ocrx_word' id='word_1_27' title='bbox 974 601 1129 672; x_wconf 89' lang='lat' dir='ltr'>apud</span> <span class='ocrx_word' id='word_1_28' title='bbox 1162 600 1522 655; x_wconf 83' lang='lat' dir='ltr'>Clementem</span> <span class='ocrx_word' id='word_1_29' title='bbox 1570 598 1720 653; x_wconf 91' lang='lat' dir='ltr'>libro</span> <span class='ocrx_word' id='word_1_30' title='bbox 1747 597 1952 668; x_wconf 89' lang='lat' dir='ltr'>quinto</span> <span class='ocrx_word' id='word_1_31' title='bbox 1983 597 2098 666; x_wconf 82' lang='lat' dir='ltr'>Hy-</span> 
     </span>
    </p>
   </div>
   <div class='ocr_carea' id='block_1_7' title="bbox 439 687 2097 766">
    <p class='ocr_par' dir='ltr' id='par_1_7' title="bbox 439 687 2097 766">
     <span class='ocr_line' id='line_1_7' title="bbox 439 687 2097 766; baseline -0.006 -17"><span class='ocrx_word' id='word_1_32' title='bbox 439 690 956 766; x_wconf 58' lang='lat' dir='ltr'>potyposeonﬁolet</span> <span class='ocrx_word' id='word_1_33' title='bbox 979 695 1178 746; x_wconf 85' lang='lat' dir='ltr'>autem</span> <span class='ocrx_word' id='word_1_34' title='bbox 1201 687 1586 760; x_wconf 90' lang='lat' dir='ltr'>dignissimos</span> <span class='ocrx_word' id='word_1_35' title='bbox 1608 687 1850 758; x_wconf 81' lang='lat' dir='ltr'>angelos</span> <span class='ocrx_word' id='word_1_36' title='bbox 1873 700 2097 756; x_wconf 87' lang='lat' dir='ltr'>vocare,</span> 
     </span>
    </p>
   </div>
   <div class='ocr_carea' id='block_1_8' title="bbox 444 774 2099 855">
    <p class='ocr_par' dir='ltr' id='par_1_8' title="bbox 444 774 2099 855">
     <span class='ocr_line' id='line_1_8' title="bbox 444 774 2099 855; baseline -0.007 -16"><span class='ocrx_word' id='word_1_37' title='bbox 444 797 756 855; x_wconf 89' lang='lat' dir='ltr'>supremos</span> <span class='ocrx_word' id='word_1_38' title='bbox 786 785 906 836; x_wconf 89' lang='lat' dir='ltr'>tres</span> <span class='ocrx_word' id='word_1_39' title='bbox 937 779 1193 849; x_wconf 84' lang='lat' dir='ltr'>ordines,</span> <span class='ocrx_word' id='word_1_40' title='bbox 1234 778 1500 841; x_wconf 82' lang='lat' dir='ltr'>thronos,</span> <span class='ocrx_word' id='word_1_41' title='bbox 1535 775 1856 848; x_wconf 82' lang='lat' dir='ltr'>seraphim,</span> <span class='ocrx_word' id='word_1_42' title='bbox 1891 774 2099 829; x_wconf 90' lang='lat' dir='ltr'>cheru-</span> 
     </span>
    </p>
   </div>
   <div class='ocr_carea' id='block_1_9' title="bbox 445 862 2100 939">
    <p class='ocr_par' dir='ltr' id='par_1_9' title="bbox 445 862 2100 939">
     <span class='ocr_line' id='line_1_9' title="bbox 445 862 2100 939; baseline -0.005 -13"><span class='ocrx_word' id='word_1_43' title='bbox 445 871 587 939; x_wconf 88' lang='lat' dir='ltr'>bim,</span> <span class='ocrx_word' id='word_1_44' title='bbox 621 871 775 927; x_wconf 81' lang='lat' dir='ltr'>sicut</span> <span class='ocrx_word' id='word_1_45' title='bbox 822 869 1082 925; x_wconf 86' lang='lat' dir='ltr'>declarat</span> <span class='ocrx_word' id='word_1_46' title='bbox 1126 868 1459 939; x_wconf 82' lang='lat' dir='ltr'>frequenter</span> <span class='ocrx_word' id='word_1_47' title='bbox 1489 864 1550 920; x_wconf 91' lang='lat' dir='ltr'>in</span> <span class='ocrx_word' id='word_1_48' title='bbox 1601 865 1752 921; x_wconf 89' lang='lat' dir='ltr'>libro</span> <span class='ocrx_word' id='word_1_49' title='bbox 1783 866 1858 920; x_wconf 77' lang='lat' dir='ltr'>De</span> <span class='ocrx_word' id='word_1_50' title='bbox 1886 862 2100 918; x_wconf 74' lang='lat' dir='ltr'>caelesti</span> 
     </span>
    </p>
   </div>
   <div class='ocr_carea' id='block_1_10' title="bbox 443 952 2097 1025">
    <p class='ocr_par' dir='ltr' id='par_1_10' title="bbox 443 952 2097 1025">
     <span class='ocr_line' id='line_1_10' title="bbox 443 952 2097 1025; baseline -0.005 -10"><span class='ocrx_word' id='word_1_51' title='bbox 443 958 762 1015; x_wconf 71' lang='lat' dir='ltr'>hicrarchia</span> <span class='ocrx_word' id='word_1_52' title='bbox 794 975 814 1013; x_wconf 91' lang='lat'><strong><em>:</em></strong></span> <span class='ocrx_word' id='word_1_53' title='bbox 845 957 984 1012; x_wconf 81' lang='lat' dir='ltr'>dicit</span> <span class='ocrx_word' id='word_1_54' title='bbox 1013 959 1209 1012; x_wconf 90' lang='lat' dir='ltr'>autem</span> <span class='ocrx_word' id='word_1_55' title='bbox 1263 954 1371 1010; x_wconf 90' lang='lat' dir='ltr'>hoc</span> <span class='ocrx_word' id='word_1_56' title='bbox 1417 952 1567 1023; x_wconf 89' lang='lat' dir='ltr'>loco,</span> <span class='ocrx_word' id='word_1_57' title='bbox 1618 969 1808 1025; x_wconf 91' lang='lat' dir='ltr'>neque</span> <span class='ocrx_word' id='word_1_58' title='bbox 1839 952 2097 1024; x_wconf 90' lang='lat' dir='ltr'>primum</span> 
     </span>
    </p>
   </div>
   <div class='ocr_carea' id='block_1_11' title="bbox 443 1041 2094 1120">
    <p class='ocr_par' dir='ltr' id='par_1_11' title="bbox 443 1041 2094 1120">
     <span class='ocr_line' id='line_1_11' title="bbox 443 1041 2094 1120; baseline -0.004 -17"><span class='ocrx_word' id='word_1_59' title='bbox 443 1047 788 1120; x_wconf 82' lang='lat' dir='ltr'>angelorum</span> <span class='ocrx_word' id='word_1_60' title='bbox 828 1046 978 1101; x_wconf 75' lang='grc' dir='ltr'>1ιῖ</span> <span class='ocrx_word' id='word_1_61' title='bbox 1014 1043 1252 1115; x_wconf 91' lang='lat' dir='ltr'>assequi</span> <span class='ocrx_word' id='word_1_62' title='bbox 1301 1057 1474 1115; x_wconf 81' lang='lat' dir='ltr'>posse</span> <span class='ocrx_word' id='word_1_63' title='bbox 1527 1041 1769 1098; x_wconf 90' lang='lat' dir='ltr'>modum</span> <span class='ocrx_word' id='word_1_64' title='bbox 1821 1041 2094 1097; x_wconf 90' lang='lat' dir='ltr'>inhuma-</span> 
     </span>
    </p>
   </div>
   <div class='ocr_carea' id='block_1_12' title="bbox 445 1137 722 1192">
    <p class='ocr_par' dir='ltr' id='par_1_12' title="bbox 445 1137 722 1192">
     <span class='ocr_line' id='line_1_12' title="bbox 445 1137 722 1192; baseline 0 -1"><span class='ocrx_word' id='word_1_65' title='bbox 445 1137 722 1192; x_wconf 85' lang='lat' dir='ltr'>nationis.</span> 
     </span>
    </p>
   </div>
   <div class='ocr_carea' id='block_1_13' title="bbox 513 1216 1864 1295">
    <p class='ocr_par' dir='ltr' id='par_1_13' title="bbox 513 1216 1864 1295">
     <span class='ocr_line' id='line_1_13' title="bbox 513 1216 1864 1295; baseline -0.005 -14"><span class='ocrx_word' id='word_1_66' title='bbox 513 1227 578 1281; x_wconf 83' lang='lat' dir='ltr'>Et</span> <span class='ocrx_word' id='word_1_67' title='bbox 600 1225 668 1281; x_wconf 85' lang='lat' dir='ltr'>ab</span> <span class='ocrx_word' id='word_1_68' title='bbox 697 1223 925 1295; x_wconf 77' lang='lat' dir='ltr'>inclyta,</span> <span class='ocrx_word' id='word_1_69' title='bbox 961 1222 1058 1278; x_wconf 89' lang='lat' dir='ltr'>Gr.</span> <span class='ocrx_word' id='word_1_70' title='bbox 1092 1220 1181 1274; x_wconf 84' lang='grc' dir='ltr'>καὶ</span> <span class='ocrx_word' id='word_1_71' title='bbox 1211 1223 1292 1291; x_wconf 76' lang='grc' dir='ltr'>τῷ</span> <span class='ocrx_word' id='word_1_72' title='bbox 1321 1216 1542 1290; x_wconf 81' lang='grc' dir='ltr'>κλεινῷ.</span> <span class='ocrx_word' id='word_1_73' title='bbox 1579 1218 1864 1275; x_wconf 86' lang='lat' dir='ltr'>Glorioso.</span> 
     </span>
    </p>
   </div>
   <div class='ocr_carea' id='block_1_14' title="bbox 513 1308 2097 1385">
    <p class='ocr_par' dir='ltr' id='par_1_14' title="bbox 513 1308 2097 1385">
     <span class='ocr_line' id='line_1_14' title="bbox 513 1308 2097 1385; baseline -0.006 -15"><span class='ocrx_word' id='word_1_74' title='bbox 513 1316 871 1385; x_wconf 64' lang='lat' dir='ltr'>Prwceptore.</span> <span class='ocrx_word' id='word_1_75' title='bbox 940 1312 1364 1382; x_wconf 68' lang='lat' dir='ltr'>Praeceptor-em</span> <span class='ocrx_word' id='word_1_76' title='bbox 1433 1308 1761 1381; x_wconf 89' lang='lat' dir='ltr'>proprium,</span> <span class='ocrx_word' id='word_1_77' title='bbox 1825 1309 2097 1363; x_wconf 88' lang='lat' dir='ltr'>sanctum</span> 
     </span>
    </p>
   </div>
   <div class='ocr_carea' id='block_1_15' title="bbox 441 1396 2096 1472">
    <p class='ocr_par' dir='ltr' id='par_1_15' title="bbox 441 1396 2096 1472">
     <span class='ocr_line' id='line_1_15' title="bbox 441 1396 2096 1472; baseline -0.005 -12"><span class='ocrx_word' id='word_1_78' title='bbox 441 1403 816 1460; x_wconf 90' lang='lat' dir='ltr'>Hierotheum</span> <span class='ocrx_word' id='word_1_79' title='bbox 841 1401 1451 1472; x_wconf 85' lang='lat' dir='ltr'>insinuat,sicut,mox</span> <span class='ocrx_word' id='word_1_80' title='bbox 1475 1398 1732 1454; x_wconf 82' lang='lat' dir='ltr'>declarat</span> <span class='ocrx_word' id='word_1_81' title='bbox 1765 1414 1778 1452; x_wconf 89' lang='lat'>:</span> <span class='ocrx_word' id='word_1_82' title='bbox 1806 1396 2096 1468; x_wconf 86' lang='lat' dir='ltr'>siquidem</span> 
     </span>
    </p>
   </div>
   <div class='ocr_carea' id='block_1_16' title="bbox 441 1486 2097 1564">
    <p class='ocr_par' dir='ltr' id='par_1_16' title="bbox 441 1486 2097 1564">
     <span class='ocr_line' id='line_1_16' title="bbox 441 1486 2097 1564; baseline -0.005 -16"><span class='ocrx_word' id='word_1_83' title='bbox 441 1497 575 1564; x_wconf 89' lang='lat' dir='ltr'>post</span> <span class='ocrx_word' id='word_1_84' title='bbox 603 1495 876 1547; x_wconf 89' lang='lat' dir='ltr'>sanctum</span> <span class='ocrx_word' id='word_1_85' title='bbox 910 1489 1157 1545; x_wconf 88' lang='lat' dir='ltr'>Paulum</span> <span class='ocrx_word' id='word_1_86' title='bbox 1185 1489 1258 1544; x_wconf 91' lang='lat' dir='ltr'>ab</span> <span class='ocrx_word' id='word_1_87' title='bbox 1291 1487 1402 1542; x_wconf 91' lang='lat' dir='ltr'>hoc</span> <span class='ocrx_word' id='word_1_88' title='bbox 1425 1487 1668 1558; x_wconf 87' lang='lat' dir='ltr'>adjutus</span> <span class='ocrx_word' id='word_1_89' title='bbox 1690 1489 1815 1554; x_wconf 86' lang='lat' dir='ltr'>est;</span> <span class='ocrx_word' id='word_1_90' title='bbox 1842 1486 1983 1540; x_wconf 90' lang='lat' dir='ltr'>dicit</span> <span class='ocrx_word' id='word_1_91' title='bbox 2000 1502 2097 1541; x_wconf 86' lang='lat' dir='ltr'>au-</span> 
     </span>
    </p>
   </div>
   <div class='ocr_carea' id='block_1_17' title="bbox 440 1574 2094 1653">
    <p class='ocr_par' dir='ltr' id='par_1_17' title="bbox 440 1574 2094 1653">
     <span class='ocr_line' id='line_1_17' title="bbox 440 1574 2094 1653; baseline -0.004 -15"><span class='ocrx_word' id='word_1_92' title='bbox 440 1587 556 1638; x_wconf 90' lang='lat' dir='ltr'>tem</span> <span class='ocrx_word' id='word_1_93' title='bbox 591 1581 748 1653; x_wconf 92' lang='lat' dir='ltr'>quod</span> <span class='ocrx_word' id='word_1_94' title='bbox 781 1579 1050 1636; x_wconf 85' lang='lat' dir='ltr'>fortassis</span> <span class='ocrx_word' id='word_1_95' title='bbox 1081 1581 1356 1650; x_wconf 88' lang='lat' dir='ltr'>expertus</span> <span class='ocrx_word' id='word_1_96' title='bbox 1389 1576 1486 1631; x_wconf 91' lang='lat' dir='ltr'>ille</span> <span class='ocrx_word' id='word_1_97' title='bbox 1517 1574 2094 1646; x_wconf 88' lang='lat' dir='ltr'>divina,itainspira-</span> 
     </span>
    </p>
   </div>
   <div class='ocr_carea' id='block_1_18' title="bbox 435 1665 2094 1741">
    <p class='ocr_par' dir='ltr' id='par_1_18' title="bbox 435 1665 2094 1741">
     <span class='ocr_line' id='line_1_18' title="bbox 435 1665 2094 1741; baseline -0.005 -13"><span class='ocrx_word' id='word_1_98' title='bbox 435 1677 533 1728; x_wconf 88' lang='lat' dir='ltr'>tus</span> <span class='ocrx_word' id='word_1_99' title='bbox 565 1671 678 1739; x_wconf 86' lang='lat' dir='ltr'>sit;</span> <span class='ocrx_word' id='word_1_100' title='bbox 713 1669 854 1741; x_wconf 92' lang='lat' dir='ltr'>quid</span> <span class='ocrx_word' id='word_1_101' title='bbox 879 1684 1049 1741; x_wconf 88' lang='lat' dir='ltr'>porro</span> <span class='ocrx_word' id='word_1_102' title='bbox 1073 1667 1152 1724; x_wconf 88' lang='lat' dir='ltr'>sit</span> <span class='ocrx_word' id='word_1_103' title='bbox 1181 1683 1289 1723; x_wconf 85' lang='lat' dir='ltr'>non</span> <span class='ocrx_word' id='word_1_104' title='bbox 1315 1670 1531 1722; x_wconf 84' lang='lat' dir='ltr'>tantum</span> <span class='ocrx_word' id='word_1_105' title='bbox 1562 1665 1899 1732; x_wconf 79' lang='lat' dir='ltr'>edoctus,sed</span> <span class='ocrx_word' id='word_1_106' title='bbox 1927 1666 2094 1720; x_wconf 82' lang='lat' dir='ltr'>etiam</span> 
     </span>
    </p>
   </div>
   <div class='ocr_carea' id='block_1_19' title="bbox 436 1753 2091 1832">
    <p class='ocr_par' dir='ltr' id='par_1_19' title="bbox 436 1753 2091 1832">
     <span class='ocr_line' id='line_1_19' title="bbox 436 1753 2091 1832; baseline -0.005 -16"><span class='ocrx_word' id='word_1_107' title='bbox 436 1759 939 1832; x_wconf 68' lang='lat' dir='ltr'>expertus,dicitur</span> <span class='ocrx_word' id='word_1_108' title='bbox 962 1757 1201 1830; x_wconf 85' lang='lat' dir='ltr'>quidem</span> <span class='ocrx_word' id='word_1_109' title='bbox 1221 1757 1282 1810; x_wconf 93' lang='lat' dir='ltr'>in</span> <span class='ocrx_word' id='word_1_110' title='bbox 1313 1755 1576 1825; x_wconf 89' lang='lat' dir='ltr'>Epistola</span> <span class='ocrx_word' id='word_1_111' title='bbox 1597 1755 1671 1810; x_wconf 90' lang='lat' dir='ltr'>ad</span> <span class='ocrx_word' id='word_1_112' title='bbox 1702 1754 1974 1809; x_wconf 65' lang='lat' dir='ltr'>Hebraeos</span> <span class='ocrx_word' id='word_1_113' title='bbox 1992 1753 2091 1825; x_wconf 85' lang='lat' dir='ltr'>(d):</span> 
     </span>
    </p>
   </div>
   <div class='ocr_carea' id='block_1_20' title="bbox 439 1839 2095 1918">
    <p class='ocr_par' dir='ltr' id='par_1_20' title="bbox 439 1839 2095 1918">
     <span class='ocr_line' id='line_1_20' title="bbox 439 1839 2095 1918; baseline -0.006 -14"><span class='ocrx_word' id='word_1_114' title='bbox 439 1849 655 1904; x_wconf 75' lang='lat' dir='ltr'>Didicit</span> <span class='ocrx_word' id='word_1_115' title='bbox 673 1864 743 1902; x_wconf 72' lang='lat' dir='ltr'>ea.</span> <span class='ocrx_word' id='word_1_116' title='bbox 764 1848 844 1902; x_wconf 79' lang='lat' dir='ltr'>eis</span> <span class='ocrx_word' id='word_1_117' title='bbox 865 1860 990 1918; x_wconf 57' lang='lat' dir='ltr'>qua</span> <span class='ocrx_word' id='word_1_118' title='bbox 1009 1860 1201 1916; x_wconf 78' lang='lat' dir='ltr'>passus</span> <span class='ocrx_word' id='word_1_119' title='bbox 1223 1851 1303 1898; x_wconf 77' lang='lat' dir='ltr'>est</span> <span class='ocrx_word' id='word_1_120' title='bbox 1328 1842 1790 1898; x_wconf 75' lang='lat' dir='ltr'>obedientiamls</span> <span class='ocrx_word' id='word_1_121' title='bbox 1814 1842 1972 1896; x_wconf 87' lang='lat' dir='ltr'>enim</span> <span class='ocrx_word' id='word_1_122' title='bbox 1995 1839 2095 1911; x_wconf 89' lang='lat' dir='ltr'>qui</span> 
     </span>
    </p>
   </div>
   <div class='ocr_carea' id='block_1_21' title="bbox 438 1928 2095 2010">
    <p class='ocr_par' dir='ltr' id='par_1_21' title="bbox 438 1928 2095 2010">
     <span class='ocr_line' id='line_1_21' title="bbox 438 1928 2095 2010; baseline -0.005 -17"><span class='ocrx_word' id='word_1_123' title='bbox 438 1938 682 2010; x_wconf 88' lang='lat' dir='ltr'>patitur,</span> <span class='ocrx_word' id='word_1_124' title='bbox 716 1935 1074 2008; x_wconf 85' lang='lat' dir='ltr'>experientia</span> <span class='ocrx_word' id='word_1_125' title='bbox 1104 1933 1259 2004; x_wconf 89' lang='lat' dir='ltr'>capit</span> <span class='ocrx_word' id='word_1_126' title='bbox 1290 1933 1446 2002; x_wconf 91' lang='lat' dir='ltr'>quod</span> <span class='ocrx_word' id='word_1_127' title='bbox 1488 1932 1750 2001; x_wconf 85' lang='lat' dir='ltr'>docetur,</span> <span class='ocrx_word' id='word_1_128' title='bbox 1781 1930 1962 1986; x_wconf 90' lang='lat' dir='ltr'>veluti</span> <span class='ocrx_word' id='word_1_129' title='bbox 1993 1928 2095 2000; x_wconf 89' lang='lat' dir='ltr'>qui</span> 
     </span>
    </p>
   </div>
   <div class='ocr_carea' id='block_1_22' title="bbox 436 2019 2096 2093">
    <p class='ocr_par' dir='ltr' id='par_1_22' title="bbox 436 2019 2096 2093">
     <span class='ocr_line' id='line_1_22' title="bbox 436 2019 2096 2093; baseline -0.004 -13"><span class='ocrx_word' id='word_1_130' title='bbox 436 2023 1020 2091; x_wconf 88' lang='lat' dir='ltr'>verberatur,melius</span> <span class='ocrx_word' id='word_1_131' title='bbox 1052 2039 1118 2078; x_wconf 92' lang='lat' dir='ltr'>eo</span> <span class='ocrx_word' id='word_1_132' title='bbox 1149 2021 1250 2093; x_wconf 92' lang='lat' dir='ltr'>qui</span> <span class='ocrx_word' id='word_1_133' title='bbox 1267 2025 1498 2077; x_wconf 87' lang='lat' dir='ltr'>tantum</span> <span class='ocrx_word' id='word_1_134' title='bbox 1531 2019 1760 2077; x_wconf 89' lang='lat' dir='ltr'>audivit</span> <span class='ocrx_word' id='word_1_135' title='bbox 1791 2036 1803 2074; x_wconf 93' lang='lat'><strong>:</strong></span> <span class='ocrx_word' id='word_1_136' title='bbox 1841 2036 1956 2075; x_wconf 92' lang='lat' dir='ltr'>non</span> <span class='ocrx_word' id='word_1_137' title='bbox 1982 2033 2096 2074; x_wconf 67' lang='lat' dir='ltr'>meo</span> 
     </span>
    </p>
   </div>
   <div class='ocr_carea' id='block_1_23' title="bbox 437 2107 2095 2186">
    <p class='ocr_par' dir='ltr' id='par_1_23' title="bbox 437 2107 2095 2186">
     <span class='ocr_line' id='line_1_23' title="bbox 437 2107 2095 2186; baseline -0.007 -14"><span class='ocrx_word' id='word_1_138' title='bbox 437 2116 554 2172; x_wconf 90' lang='lat' dir='ltr'>lius</span> <span class='ocrx_word' id='word_1_139' title='bbox 585 2114 782 2186; x_wconf 91' lang='lat' dir='ltr'>eo,qui</span> <span class='ocrx_word' id='word_1_140' title='bbox 815 2112 1134 2184; x_wconf 84' lang='lat' dir='ltr'>aliquando</span> <span class='ocrx_word' id='word_1_141' title='bbox 1160 2111 1504 2166; x_wconf 89' lang='lat' dir='ltr'>verberatus</span> <span class='ocrx_word' id='word_1_142' title='bbox 1535 2109 1666 2177; x_wconf 80' lang='lat' dir='ltr'>fuit,</span> <span class='ocrx_word' id='word_1_143' title='bbox 1700 2109 1834 2180; x_wconf 90' lang='lat' dir='ltr'>quis</span> <span class='ocrx_word' id='word_1_144' title='bbox 1855 2107 1991 2162; x_wconf 88' lang='lat' dir='ltr'>talis</span> <span class='ocrx_word' id='word_1_145' title='bbox 2015 2107 2095 2162; x_wconf 87' lang='lat' dir='ltr'>la-</span> 
     </span>
    </p>
   </div>
   <div class='ocr_carea' id='block_1_24' title="bbox 438 2199 2089 2275">
    <p class='ocr_par' dir='ltr' id='par_1_24' title="bbox 438 2199 2089 2275">
     <span class='ocr_line' id='line_1_24' title="bbox 438 2199 2089 2275; baseline -0.006 -14"><span class='ocrx_word' id='word_1_146' title='bbox 438 2206 545 2261; x_wconf 91' lang='lat' dir='ltr'>bor</span> <span class='ocrx_word' id='word_1_147' title='bbox 574 2205 672 2274; x_wconf 91' lang='lat' dir='ltr'>sit,</span> <span class='ocrx_word' id='word_1_148' title='bbox 703 2202 1025 2275; x_wconf 85' lang='lat' dir='ltr'>cognoscit,</span> <span class='ocrx_word' id='word_1_149' title='bbox 1058 2199 1364 2271; x_wconf 89' lang='lat' dir='ltr'>multoque</span> <span class='ocrx_word' id='word_1_150' title='bbox 1406 2199 1595 2270; x_wconf 89' lang='lat' dir='ltr'>magis</span> <span class='ocrx_word' id='word_1_151' title='bbox 1629 2201 2089 2270; x_wconf 67' lang='lat' dir='ltr'>repraesentaret,</span> 
     </span>
    </p>
   </div>
   <div class='ocr_carea' id='block_1_25' title="bbox 439 2287 2090 2368">
    <p class='ocr_par' dir='ltr' id='par_1_25' title="bbox 439 2287 2090 2368">
     <span class='ocr_line' id='line_1_25' title="bbox 439 2287 2090 2368; baseline -0.005 -18"><span class='ocrx_word' id='word_1_152' title='bbox 439 2295 630 2368; x_wconf 89' lang='lat' dir='ltr'>qualis</span> <span class='ocrx_word' id='word_1_153' title='bbox 663 2295 741 2350; x_wconf 88' lang='lat' dir='ltr'>sit</span> <span class='ocrx_word' id='word_1_154' title='bbox 766 2292 969 2360; x_wconf 88' lang='lat' dir='ltr'>dolor;</span> <span class='ocrx_word' id='word_1_155' title='bbox 1005 2291 1086 2345; x_wconf 91' lang='lat' dir='ltr'>ita</span> <span class='ocrx_word' id='word_1_156' title='bbox 1143 2305 1378 2361; x_wconf 88' lang='lat' dir='ltr'>quoque</span> <span class='ocrx_word' id='word_1_157' title='bbox 1412 2288 1513 2360; x_wconf 90' lang='lat' dir='ltr'>qui</span> <span class='ocrx_word' id='word_1_158' title='bbox 1546 2303 1648 2359; x_wconf 91' lang='lat' dir='ltr'>per</span> <span class='ocrx_word' id='word_1_159' title='bbox 1679 2287 2090 2343; x_wconf 90' lang='lat' dir='ltr'>revelationem</span> 
     </span>
    </p>
   </div>
   <div class='ocr_carea' id='block_1_26' title="bbox 442 2376 2091 2451">
    <p class='ocr_par' dir='ltr' id='par_1_26' title="bbox 442 2376 2091 2451">
     <span class='ocr_line' id='line_1_26' title="bbox 442 2376 2091 2451; baseline -0.005 -10"><span class='ocrx_word' id='word_1_160' title='bbox 442 2387 709 2451; x_wconf 87' lang='lat' dir='ltr'>docetur,</span> <span class='ocrx_word' id='word_1_161' title='bbox 743 2383 942 2438; x_wconf 89' lang='lat' dir='ltr'>divina</span> <span class='ocrx_word' id='word_1_162' title='bbox 973 2379 1232 2436; x_wconf 91' lang='lat' dir='ltr'>divinius</span> <span class='ocrx_word' id='word_1_163' title='bbox 1253 2377 1778 2450; x_wconf 88' lang='lat' dir='ltr'>interpretabitur;</span> <span class='ocrx_word' id='word_1_164' title='bbox 1812 2376 1932 2448; x_wconf 88' lang='lat' dir='ltr'>pati</span> <span class='ocrx_word' id='word_1_165' title='bbox 1957 2393 2091 2432; x_wconf 90' lang='lat' dir='ltr'>vero</span> 
     </span>
    </p>
   </div>
   <div class='ocr_carea' id='block_1_27' title="bbox 437 2465 2092 2542">
    <p class='ocr_par' dir='ltr' id='par_1_27' title="bbox 437 2465 2092 2542">
     <span class='ocr_line' id='line_1_27' title="bbox 437 2465 2092 2542; baseline -0.005 -13"><span class='ocrx_word' id='word_1_166' title='bbox 437 2472 776 2542; x_wconf 87' lang='lat' dir='ltr'>divina,tale</span> <span class='ocrx_word' id='word_1_167' title='bbox 806 2475 934 2538; x_wconf 87' lang='lat' dir='ltr'>est;</span> <span class='ocrx_word' id='word_1_168' title='bbox 969 2469 1116 2524; x_wconf 83' lang='lat' dir='ltr'>dixit</span> <span class='ocrx_word' id='word_1_169' title='bbox 1140 2468 1458 2539; x_wconf 87' lang='lat' dir='ltr'>Apostolus</span> <span class='ocrx_word' id='word_1_170' title='bbox 1494 2485 1507 2523; x_wconf 92' lang='lat'><strong>:</strong></span> <span class='ocrx_word' id='word_1_171' title='bbox 1542 2465 2092 2537; x_wconf 84' lang='lat' dir='ltr'>Consepultisimus</span> 
     </span>
    </p>
   </div>
   <div class='ocr_carea' id='block_1_28' title="bbox 437 2555 2087 2633">
    <p class='ocr_par' dir='ltr' id='par_1_28' title="bbox 437 2555 2087 2633">
     <span class='ocr_line' id='line_1_28' title="bbox 437 2555 2087 2633; baseline -0.006 -14"><span class='ocrx_word' id='word_1_172' title='bbox 437 2563 761 2633; x_wconf 81' lang='lat' dir='ltr'>Christo,ut</span> <span class='ocrx_word' id='word_1_173' title='bbox 781 2577 914 2617; x_wconf 89' lang='lat' dir='ltr'>cum</span> <span class='ocrx_word' id='word_1_174' title='bbox 930 2558 1030 2614; x_wconf 90' lang='lat' dir='ltr'>illo</span> <span class='ocrx_word' id='word_1_175' title='bbox 1054 2573 1435 2629; x_wconf 88' lang='lat' dir='ltr'>resurgamus</span> <span class='ocrx_word' id='word_1_176' title='bbox 1454 2561 1511 2612; x_wconf 89' lang='lat' dir='ltr'>et</span> <span class='ocrx_word' id='word_1_177' title='bbox 1531 2571 1959 2627; x_wconf 90' lang='lat' dir='ltr'>conregnemus</span> <span class='ocrx_word' id='word_1_178' title='bbox 1981 2555 2087 2626; x_wconf 84' lang='lat' dir='ltr'>(e);</span> 
     </span>
    </p>
   </div>
   <div class='ocr_carea' id='block_1_29' title="bbox 438 2644 2093 2726">
    <p class='ocr_par' dir='ltr' id='par_1_29' title="bbox 438 2644 2093 2726">
     <span class='ocr_line' id='line_1_29' title="bbox 438 2644 2093 2726; baseline -0.007 -17"><span class='ocrx_word' id='word_1_179' title='bbox 438 2653 540 2726; x_wconf 91' lang='lat' dir='ltr'>qui</span> <span class='ocrx_word' id='word_1_180' title='bbox 574 2656 770 2708; x_wconf 90' lang='lat' dir='ltr'>autem</span> <span class='ocrx_word' id='word_1_181' title='bbox 803 2650 1062 2721; x_wconf 89' lang='lat' dir='ltr'>seipsum</span> <span class='ocrx_word' id='word_1_182' title='bbox 1097 2662 1454 2718; x_wconf 90' lang='lat' dir='ltr'>carnemque</span> <span class='ocrx_word' id='word_1_183' title='bbox 1493 2662 1664 2702; x_wconf 90' lang='lat' dir='ltr'>suam</span> <span class='ocrx_word' id='word_1_184' title='bbox 1697 2644 2008 2716; x_wconf 84' lang='lat' dir='ltr'>crucifigit,</span> <span class='ocrx_word' id='word_1_185' title='bbox 2042 2645 2093 2699; x_wconf 90' lang='lat' dir='ltr'>is</span> 
     </span>
    </p>
   </div>
   <div class='ocr_carea' id='block_1_30' title="bbox 439 2732 2090 2814">
    <p class='ocr_par' dir='ltr' id='par_1_30' title="bbox 439 2732 2090 2814">
     <span class='ocr_line' id='line_1_30' title="bbox 439 2732 2090 2814; baseline -0.007 -16"><span class='ocrx_word' id='word_1_186' title='bbox 439 2743 720 2814; x_wconf 86' lang='lat' dir='ltr'>stigmata</span> <span class='ocrx_word' id='word_1_187' title='bbox 741 2738 954 2796; x_wconf 86' lang='lat' dir='ltr'>Christi</span> <span class='ocrx_word' id='word_1_188' title='bbox 978 2739 1035 2792; x_wconf 93' lang='lat' dir='ltr'>in</span> <span class='ocrx_word' id='word_1_189' title='bbox 1063 2737 1294 2809; x_wconf 90' lang='lat' dir='ltr'>proprio</span> <span class='ocrx_word' id='word_1_190' title='bbox 1313 2751 1554 2806; x_wconf 90' lang='lat' dir='ltr'>corpore</span> <span class='ocrx_word' id='word_1_191' title='bbox 1583 2734 1938 2790; x_wconf 86' lang='lat' dir='ltr'>circumfert.</span> <span class='ocrx_word' id='word_1_192' title='bbox 1973 2732 2090 2786; x_wconf 89' lang='lat' dir='ltr'>Me-</span> 
     </span>
    </p>
   </div>
   <div class='ocr_carea' id='block_1_31' title="bbox 437 2820 2092 2902">
    <p class='ocr_par' dir='ltr' id='par_1_31' title="bbox 437 2820 2092 2902">
     <span class='ocr_line' id='line_1_31' title="bbox 437 2820 2092 2902; baseline -0.007 -16"><span class='ocrx_word' id='word_1_193' title='bbox 437 2831 550 2886; x_wconf 90' lang='lat' dir='ltr'>rito</span> <span class='ocrx_word' id='word_1_194' title='bbox 568 2830 750 2902; x_wconf 89' lang='lat' dir='ltr'>igitur</span> <span class='ocrx_word' id='word_1_195' title='bbox 766 2828 942 2882; x_wconf 86' lang='lat' dir='ltr'>etiam</span> <span class='ocrx_word' id='word_1_196' title='bbox 966 2833 1281 2898; x_wconf 84' lang='lat' dir='ltr'>conregnal</span> <span class='ocrx_word' id='word_1_197' title='bbox 1301 2825 1553 2892; x_wconf 86' lang='lat' dir='ltr'>Christo,</span> <span class='ocrx_word' id='word_1_198' title='bbox 1577 2825 1870 2894; x_wconf 85' lang='lat' dir='ltr'>audetque</span> <span class='ocrx_word' id='word_1_199' title='bbox 1894 2820 2092 2876; x_wconf 87' lang='lat' dir='ltr'>divina</span> 
     </span>
    </p>
   </div>
   <div class='ocr_carea' id='block_1_32' title="bbox 435 2911 2089 2992">
    <p class='ocr_par' dir='ltr' id='par_1_32' title="bbox 435 2911 2089 2992">
     <span class='ocr_line' id='line_1_32' title="bbox 435 2911 2089 2992; baseline -0.006 -16"><span class='ocrx_word' id='word_1_200' title='bbox 435 2920 565 2992; x_wconf 87' lang='lat' dir='ltr'>ejus</span> <span class='ocrx_word' id='word_1_201' title='bbox 597 2919 873 2989; x_wconf 83' lang='lat' dir='ltr'>mysteria</span> <span class='ocrx_word' id='word_1_202' title='bbox 902 2915 1302 2985; x_wconf 78' lang='lat' dir='ltr'>contemplari,</span> <span class='ocrx_word' id='word_1_203' title='bbox 1338 2915 1575 2987; x_wconf 89' lang='lat' dir='ltr'>quando</span> <span class='ocrx_word' id='word_1_204' title='bbox 1602 2918 1658 2968; x_wconf 88' lang='lat' dir='ltr'>et</span> <span class='ocrx_word' id='word_1_205' title='bbox 1679 2917 1925 2968; x_wconf 87' lang='lat' dir='ltr'>sanctus</span> <span class='ocrx_word' id='word_1_206' title='bbox 1955 2911 2089 2966; x_wconf 89' lang='lat' dir='ltr'>Hie-</span> 
     </span>
    </p>
   </div>
   <div class='ocr_carea' id='block_1_33' title="bbox 435 3001 2092 3072">
    <p class='ocr_par' dir='ltr' id='par_1_33' title="bbox 435 3001 2092 3072">
     <span class='ocr_line' id='line_1_33' title="bbox 435 3001 2092 3072; baseline -0.007 -7"><span class='ocrx_word' id='word_1_207' title='bbox 435 3009 678 3065; x_wconf 89' lang='lat' dir='ltr'>rotheus</span> <span class='ocrx_word' id='word_1_208' title='bbox 702 3007 920 3062; x_wconf 87' lang='lat' dir='ltr'>dicitur</span> <span class='ocrx_word' id='word_1_209' title='bbox 941 3023 1053 3061; x_wconf 92' lang='lat' dir='ltr'>non</span> <span class='ocrx_word' id='word_1_210' title='bbox 1072 3004 1263 3060; x_wconf 89' lang='lat' dir='ltr'>solum</span> <span class='ocrx_word' id='word_1_211' title='bbox 1281 3003 1584 3072; x_wconf 88' lang='lat' dir='ltr'>didicisse,</span> <span class='ocrx_word' id='word_1_212' title='bbox 1613 3002 1713 3057; x_wconf 89' lang='lat' dir='ltr'>sed</span> <span class='ocrx_word' id='word_1_213' title='bbox 1745 3001 1920 3056; x_wconf 87' lang='lat' dir='ltr'>etiam</span> <span class='ocrx_word' id='word_1_214' title='bbox 1955 3016 2092 3071; x_wconf 90' lang='lat' dir='ltr'>pas-</span> 
     </span>
    </p>
   </div>
   <div class='ocr_carea' id='block_1_34' title="bbox 437 3089 2091 3165">
    <p class='ocr_par' dir='ltr' id='par_1_34' title="bbox 437 3089 2091 3165">
     <span class='ocr_line' id='line_1_34' title="bbox 437 3089 2091 3165; baseline -0.005 -12"><span class='ocrx_word' id='word_1_215' title='bbox 437 3115 540 3153; x_wconf 82' lang='lat' dir='ltr'>sus</span> <span class='ocrx_word' id='word_1_216' title='bbox 572 3113 700 3154; x_wconf 90' lang='lat' dir='ltr'>esse</span> <span class='ocrx_word' id='word_1_217' title='bbox 732 3093 1218 3165; x_wconf 89' lang='lat' dir='ltr'>divina:atqueis</span> <span class='ocrx_word' id='word_1_218' title='bbox 1235 3092 1334 3164; x_wconf 92' lang='lat' dir='ltr'>qui</span> <span class='ocrx_word' id='word_1_219' title='bbox 1355 3090 1878 3163; x_wconf 86' lang='lat' dir='ltr'>perrcvelationem</span> <span class='ocrx_word' id='word_1_220' title='bbox 1897 3089 2091 3144; x_wconf 90' lang='lat' dir='ltr'>divina</span> 
     </span>
    </p>
   </div>
   <div class='ocr_carea' id='block_1_35' title="bbox 438 3178 2090 3257">
    <p class='ocr_par' dir='ltr' id='par_1_35' title="bbox 438 3178 2090 3257">
     <span class='ocr_line' id='line_1_35' title="bbox 438 3178 2090 3257; baseline -0.006 -15"><span class='ocrx_word' id='word_1_221' title='bbox 438 3189 869 3257; x_wconf 86' lang='lat' dir='ltr'>docetur,extra</span> <span class='ocrx_word' id='word_1_222' title='bbox 899 3183 1161 3254; x_wconf 89' lang='lat' dir='ltr'>seipsum</span> <span class='ocrx_word' id='word_1_223' title='bbox 1194 3180 1668 3247; x_wconf 87' lang='lat' dir='ltr'>constituitur,ac</span> <span class='ocrx_word' id='word_1_224' title='bbox 1700 3184 1853 3233; x_wconf 90' lang='lat' dir='ltr'>recte</span> <span class='ocrx_word' id='word_1_225' title='bbox 1875 3178 2090 3233; x_wconf 88' lang='lat' dir='ltr'>dicitur</span> 
     </span>
    </p>
   </div>
   <div class='ocr_carea' id='block_1_36' title="bbox 431 3357 2085 3434">
    <p class='ocr_par' dir='ltr' id='par_1_36' title="bbox 431 3357 2085 3434">
     <span class='ocr_line' id='line_1_36' title="bbox 431 3357 2085 3434; baseline -0.005 -14"><span class='ocrx_word' id='word_1_226' title='bbox 431 3365 632 3422; x_wconf 82' lang='lat' dir='ltr'>Aliter.</span> <span class='ocrx_word' id='word_1_227' title='bbox 667 3363 824 3419; x_wconf 88' lang='lat' dir='ltr'>Dixit</span> <span class='ocrx_word' id='word_1_228' title='bbox 854 3363 1048 3434; x_wconf 91' lang='lat' dir='ltr'>ipsum</span> <span class='ocrx_word' id='word_1_229' title='bbox 1083 3376 1324 3432; x_wconf 87' lang='lat' dir='ltr'>passum</span> <span class='ocrx_word' id='word_1_230' title='bbox 1350 3357 1744 3428; x_wconf 90' lang='lat' dir='ltr'>divina,quasi</span> <span class='ocrx_word' id='word_1_231' title='bbox 1775 3357 1930 3412; x_wconf 86' lang='lat' dir='ltr'>dicat</span> <span class='ocrx_word' id='word_1_232' title='bbox 1951 3372 2085 3412; x_wconf 92' lang='lat' dir='ltr'>eum</span> 
     </span>
    </p>
   </div>
   <div class='ocr_carea' id='block_1_37' title="bbox 435 3448 2088 3524">
    <p class='ocr_par' dir='ltr' id='par_1_37' title="bbox 435 3448 2088 3524">
     <span class='ocr_line' id='line_1_37' title="bbox 435 3448 2088 3524; baseline -0.005 -14"><span class='ocrx_word' id='word_1_233' title='bbox 435 3472 549 3510; x_wconf 91' lang='lat' dir='ltr'>non</span> <span class='ocrx_word' id='word_1_234' title='bbox 576 3453 892 3524; x_wconf 89' lang='lat' dir='ltr'>disciplina</span> <span class='ocrx_word' id='word_1_235' title='bbox 911 3467 1012 3523; x_wconf 90' lang='lat' dir='ltr'>per</span> <span class='ocrx_word' id='word_1_236' title='bbox 1033 3464 1364 3506; x_wconf 90' lang='lat' dir='ltr'>sermonem</span> <span class='ocrx_word' id='word_1_237' title='bbox 1388 3448 1597 3503; x_wconf 90' lang='lat' dir='ltr'>horum</span> <span class='ocrx_word' id='word_1_238' title='bbox 1629 3451 1966 3503; x_wconf 89' lang='lat' dir='ltr'>assecutum</span> <span class='ocrx_word' id='word_1_239' title='bbox 1992 3448 2088 3502; x_wconf 89' lang='lat' dir='ltr'>do-</span> 
     </span>
    </p>
   </div>
   <div class='ocr_carea' id='block_1_38' title="bbox 439 3537 2086 3609">
    <p class='ocr_par' dir='ltr' id='par_1_38' title="bbox 439 3537 2086 3609">
     <span class='ocr_line' id='line_1_38' title="bbox 439 3537 2086 3609; baseline -0.006 -9"><span class='ocrx_word' id='word_1_240' title='bbox 439 3545 688 3600; x_wconf 90' lang='lat' dir='ltr'>ctrinam</span> <span class='ocrx_word' id='word_1_241' title='bbox 714 3558 728 3609; x_wconf 92' lang='lat'><strong>;</strong></span> <span class='ocrx_word' id='word_1_242' title='bbox 763 3543 863 3598; x_wconf 89' lang='lat' dir='ltr'>sed</span> <span class='ocrx_word' id='word_1_243' title='bbox 887 3540 1085 3596; x_wconf 88' lang='lat' dir='ltr'>divina</span> <span class='ocrx_word' id='word_1_244' title='bbox 1126 3538 1522 3593; x_wconf 87' lang='lat' dir='ltr'>illustratione</span> <span class='ocrx_word' id='word_1_245' title='bbox 1544 3537 1896 3608; x_wconf 86' lang='lat' dir='ltr'>impressam</span> <span class='ocrx_word' id='word_1_246' title='bbox 1919 3541 1977 3591; x_wconf 90' lang='lat' dir='ltr'>et</span> <span class='ocrx_word' id='word_1_247' title='bbox 1996 3552 2086 3591; x_wconf 89' lang='lat' dir='ltr'>ve-</span> 
     </span>
    </p>
   </div>
   <div class='ocr_carea' id='block_1_39' title="bbox 436 3625 2086 3703">
    <p class='ocr_par' dir='ltr' id='par_1_39' title="bbox 436 3625 2086 3703">
     <span class='ocr_line' id='line_1_39' title="bbox 436 3625 2086 3703; baseline -0.004 -17"><span class='ocrx_word' id='word_1_248' title='bbox 436 3633 542 3688; x_wconf 89' lang='lat' dir='ltr'>luti</span> <span class='ocrx_word' id='word_1_249' title='bbox 574 3631 916 3703; x_wconf 89' lang='lat' dir='ltr'>insignitam</span> <span class='ocrx_word' id='word_1_250' title='bbox 950 3629 1008 3683; x_wconf 89' lang='lat' dir='ltr'>in</span> <span class='ocrx_word' id='word_1_251' title='bbox 1042 3632 1235 3684; x_wconf 91' lang='lat' dir='ltr'>mente</span> <span class='ocrx_word' id='word_1_252' title='bbox 1267 3625 1773 3698; x_wconf 88' lang='lat' dir='ltr'>supernaturalem</span> <span class='ocrx_word' id='word_1_253' title='bbox 1807 3625 2086 3680; x_wconf 87' lang='lat' dir='ltr'>habuisse</span> 
     </span>
    </p>
   </div>
   <div class='ocr_carea' id='block_1_40' title="bbox 433 3714 2083 3795">
    <p class='ocr_par' dir='ltr' id='par_1_40' title="bbox 433 3714 2083 3795">
     <span class='ocr_line' id='line_1_40' title="bbox 433 3714 2083 3795; baseline -0.005 -17"><span class='ocrx_word' id='word_1_254' title='bbox 433 3721 852 3795; x_wconf 88' lang='lat' dir='ltr'>cognitionem,</span> <span class='ocrx_word' id='word_1_255' title='bbox 894 3718 1190 3789; x_wconf 88' lang='lat' dir='ltr'>talemque</span> <span class='ocrx_word' id='word_1_256' title='bbox 1239 3715 1596 3771; x_wconf 88' lang='lat' dir='ltr'>diviniorum</span> <span class='ocrx_word' id='word_1_257' title='bbox 1647 3714 2083 3770; x_wconf 82' lang='lat' dir='ltr'>institutionem</span> 
     </span>
    </p>
   </div>
   <div class='ocr_carea' id='block_1_41' title="bbox 429 3805 1778 3885">
    <p class='ocr_par' dir='ltr' id='par_1_41' title="bbox 429 3805 1778 3885">
     <span class='ocr_line' id='line_1_41' title="bbox 429 3805 1778 3885; baseline -0.007 -15"><span class='ocrx_word' id='word_1_258' title='bbox 429 3813 859 3885; x_wconf 79' lang='lat' dir='ltr'>compassionem</span> <span class='ocrx_word' id='word_1_259' title='bbox 893 3809 1140 3874; x_wconf 89' lang='lat' dir='ltr'>vocavit,</span> <span class='ocrx_word' id='word_1_260' title='bbox 1175 3823 1276 3863; x_wconf 92' lang='lat' dir='ltr'>seu</span> <span class='ocrx_word' id='word_1_261' title='bbox 1308 3805 1778 3862; x_wconf 89' lang='lat' dir='ltr'>consensionem.</span> 
     </span>
    </p>
   </div>
   <div class='ocr_carea' id='block_1_42' title="bbox 500 3904 2080 3978">
    <p class='ocr_par' dir='ltr' id='par_1_42' title="bbox 500 3904 2080 3978">
     <span class='ocr_line' id='line_1_42' title="bbox 500 3904 2080 3978; baseline -0.006 -11"><span class='ocrx_word' id='word_1_262' title='bbox 500 3910 796 3978; x_wconf 80' lang='lat' dir='ltr'>§X.Causa</span> <span class='ocrx_word' id='word_1_263' title='bbox 813 3905 1298 3964; x_wconf 80' lang='lat' dir='ltr'>omnium.Divina</span> <span class='ocrx_word' id='word_1_264' title='bbox 1318 3904 1435 3960; x_wconf 61' lang='lat' dir='ltr'>haec</span> <span class='ocrx_word' id='word_1_265' title='bbox 1449 3904 1624 3958; x_wconf 91' lang='lat' dir='ltr'>verba</span> <span class='ocrx_word' id='word_1_266' title='bbox 1639 3906 2080 3974; x_wconf 62' lang='lat' dir='ltr'>repraesentant,</span> 
     </span>
    </p>
   </div>
   <div class='ocr_carea' id='block_1_43' title="bbox 428 3991 2082 4073">
    <p class='ocr_par' dir='ltr' id='par_1_43' title="bbox 428 3991 2082 4073">
     <span class='ocr_line' id='line_1_43' title="bbox 428 3991 2082 4073; baseline -0.005 -17"><span class='ocrx_word' id='word_1_267' title='bbox 428 4018 541 4073; x_wconf 91' lang='lat' dir='ltr'>quo</span> <span class='ocrx_word' id='word_1_268' title='bbox 589 4000 761 4054; x_wconf 91' lang='lat' dir='ltr'>modo</span> <span class='ocrx_word' id='word_1_269' title='bbox 795 4002 851 4054; x_wconf 93' lang='lat' dir='ltr'>et</span> <span class='ocrx_word' id='word_1_270' title='bbox 899 3996 1078 4052; x_wconf 89' lang='lat' dir='ltr'>Filius</span> <span class='ocrx_word' id='word_1_271' title='bbox 1126 3995 1186 4049; x_wconf 90' lang='lat' dir='ltr'>in</span> <span class='ocrx_word' id='word_1_272' title='bbox 1240 3993 1440 4049; x_wconf 88' lang='lat' dir='ltr'>omnia</span> <span class='ocrx_word' id='word_1_273' title='bbox 1485 3991 1784 4062; x_wconf 87' lang='lat' dir='ltr'>omnibus,</span> <span class='ocrx_word' id='word_1_274' title='bbox 1817 3997 1874 4046; x_wconf 91' lang='lat' dir='ltr'>et</span> <span class='ocrx_word' id='word_1_275' title='bbox 1906 3997 2082 4064; x_wconf 87' lang='lat' dir='ltr'>caput</span> 
     </span>
    </p>
   </div>
   <div class='ocr_carea' id='block_1_44' title="bbox 426 4081 2079 4156">
    <p class='ocr_par' dir='ltr' id='par_1_44' title="bbox 426 4081 2079 4156">
     <span class='ocr_line' id='line_1_44' title="bbox 426 4081 2079 4156; baseline -0.006 -10"><span class='ocrx_word' id='word_1_276' title='bbox 426 4089 692 4147; x_wconf 89' lang='lat' dir='ltr'>omnium</span> <span class='ocrx_word' id='word_1_277' title='bbox 725 4087 1052 4144; x_wconf 89' lang='lat' dir='ltr'>secundum</span> <span class='ocrx_word' id='word_1_278' title='bbox 1073 4083 1416 4156; x_wconf 88' lang='lat' dir='ltr'>Apostolum</span> <span class='ocrx_word' id='word_1_279' title='bbox 1449 4085 1608 4153; x_wconf 86' lang='lat' dir='ltr'>(/),ao</span> <span class='ocrx_word' id='word_1_280' title='bbox 1627 4081 1769 4136; x_wconf 89' lang='lat' dir='ltr'>dicit</span> <span class='ocrx_word' id='word_1_281' title='bbox 1797 4097 1925 4136; x_wconf 90' lang='lat' dir='ltr'>esse</span> <span class='ocrx_word' id='word_1_282' title='bbox 1955 4097 2079 4136; x_wconf 93' lang='lat' dir='ltr'>om-</span> 
     </span>
    </p>
   </div>
   <div class='ocr_carea' id='block_1_45' title="bbox 425 4175 2079 4250">
    <p class='ocr_par' dir='ltr' id='par_1_45' title="bbox 425 4175 2079 4250">
     <span class='ocr_line' id='line_1_45' title="bbox 425 4175 2079 4250; baseline -0.005 -15"><span class='ocrx_word' id='word_1_283' title='bbox 425 4179 589 4235; x_wconf 88' lang='lat' dir='ltr'>nium</span> <span class='ocrx_word' id='word_1_284' title='bbox 625 4176 1053 4250; x_wconf 90' lang='lat' dir='ltr'>plenitudinem</span> <span class='ocrx_word' id='word_1_285' title='bbox 1086 4179 1142 4230; x_wconf 91' lang='lat' dir='ltr'>et</span> <span class='ocrx_word' id='word_1_286' title='bbox 1172 4189 1540 4244; x_wconf 86' lang='lat' dir='ltr'>compagem,</span> <span class='ocrx_word' id='word_1_287' title='bbox 1573 4175 2079 4226; x_wconf 87' lang='lat' dir='ltr'>creaturarumse-</span> 
     </span>
    </p>
   </div>
   <div class='ocr_carea' id='block_1_46' title="bbox 426 4259 2077 4335">
    <p class='ocr_par' dir='ltr' id='par_1_46' title="bbox 426 4259 2077 4335">
     <span class='ocr_line' id='line_1_46' title="bbox 426 4259 2077 4335; baseline -0.005 -12"><span class='ocrx_word' id='word_1_288' title='bbox 426 4269 573 4323; x_wconf 88' lang='lat' dir='ltr'>riem</span> <span class='ocrx_word' id='word_1_289' title='bbox 605 4261 1197 4335; x_wconf 88' lang='lat' dir='ltr'>constringentem,id</span> <span class='ocrx_word' id='word_1_290' title='bbox 1230 4271 1313 4316; x_wconf 84' lang='lat' dir='ltr'>est</span> <span class='ocrx_word' id='word_1_291' title='bbox 1347 4265 1541 4333; x_wconf 89' lang='lat' dir='ltr'>partes</span> <span class='ocrx_word' id='word_1_292' title='bbox 1573 4276 1707 4314; x_wconf 90' lang='lat' dir='ltr'>cum</span> <span class='ocrx_word' id='word_1_293' title='bbox 1742 4263 1955 4326; x_wconf 85' lang='lat' dir='ltr'>toto,ut</span> <span class='ocrx_word' id='word_1_294' title='bbox 1976 4259 2077 4331; x_wconf 90' lang='lat' dir='ltr'>qui</span> 
     </span>
    </p>
   </div>
   <div class='ocr_carea' id='block_1_47' title="bbox 425 4349 2076 4424">
    <p class='ocr_par' dir='ltr' id='par_1_47' title="bbox 425 4349 2076 4424">
     <span class='ocr_line' id='line_1_47' title="bbox 425 4349 2076 4424; baseline -0.004 -12"><span class='ocrx_word' id='word_1_295' title='bbox 425 4362 513 4412; x_wconf 88' lang='lat' dir='ltr'>est</span> <span class='ocrx_word' id='word_1_296' title='bbox 530 4353 731 4412; x_wconf 89' lang='lat' dir='ltr'>omnia</span> <span class='ocrx_word' id='word_1_297' title='bbox 748 4371 760 4421; x_wconf 90' lang='lat'><strong>;</strong></span> <span class='ocrx_word' id='word_1_298' title='bbox 777 4369 913 4424; x_wconf 87' lang='lat' dir='ltr'>ergo</span> <span class='ocrx_word' id='word_1_299' title='bbox 936 4351 1096 4407; x_wconf 86' lang='lat' dir='ltr'>velut</span> <span class='ocrx_word' id='word_1_300' title='bbox 1118 4349 1375 4406; x_wconf 89' lang='lat' dir='ltr'>universi</span> <span class='ocrx_word' id='word_1_301' title='bbox 1398 4353 1921 4421; x_wconf 88' lang='lat' dir='ltr'>coagmentator,et</span> <span class='ocrx_word' id='word_1_302' title='bbox 1940 4366 2076 4420; x_wconf 86' lang='lat' dir='ltr'>pars</span> 
     </span>
    </p>
   </div>
   <div class='ocr_carea' id='block_1_48' title="bbox 422 4438 2076 4514">
    <p class='ocr_par' dir='ltr' id='par_1_48' title="bbox 422 4438 2076 4514">
     <span class='ocr_line' id='line_1_48' title="bbox 422 4438 2076 4514; baseline -0.004 -12"><span class='ocrx_word' id='word_1_303' title='bbox 422 4445 656 4509; x_wconf 87' lang='lat' dir='ltr'>merito,</span> <span class='ocrx_word' id='word_1_304' title='bbox 689 4442 969 4514; x_wconf 90' lang='lat' dir='ltr'>quoniam</span> <span class='ocrx_word' id='word_1_305' title='bbox 1003 4459 1138 4514; x_wconf 87' lang='lat' dir='ltr'>pars</span> <span class='ocrx_word' id='word_1_306' title='bbox 1169 4441 1361 4497; x_wconf 89' lang='lat' dir='ltr'>omnis</span> <span class='ocrx_word' id='word_1_307' title='bbox 1385 4444 1474 4495; x_wconf 90' lang='lat' dir='ltr'>est</span> <span class='ocrx_word' id='word_1_308' title='bbox 1504 4438 1687 4494; x_wconf 88' lang='lat' dir='ltr'>totius</span> <span class='ocrx_word' id='word_1_309' title='bbox 1721 4455 1950 4510; x_wconf 86' lang='lat' dir='ltr'>pars,ac</span> <span class='ocrx_word' id='word_1_310' title='bbox 1974 4455 2076 4495; x_wconf 89' lang='lat' dir='ltr'>ne-</span> 
     </span>
    </p>
   </div>
   <div class='ocr_carea' id='block_1_49' title="bbox 423 4527 2071 4608">
    <p class='ocr_par' dir='ltr' id='par_1_49' title="bbox 423 4527 2071 4608">
     <span class='ocr_line' id='line_1_49' title="bbox 423 4527 2071 4608; baseline -0.004 -17"><span class='ocrx_word' id='word_1_311' title='bbox 423 4552 539 4608; x_wconf 92' lang='lat' dir='ltr'>que</span> <span class='ocrx_word' id='word_1_312' title='bbox 571 4537 784 4604; x_wconf 90' lang='lat' dir='ltr'>totum,</span> <span class='ocrx_word' id='word_1_313' title='bbox 817 4548 1005 4603; x_wconf 91' lang='lat' dir='ltr'>neque</span> <span class='ocrx_word' id='word_1_314' title='bbox 1036 4548 1192 4602; x_wconf 88' lang='lat' dir='ltr'>pars,</span> <span class='ocrx_word' id='word_1_315' title='bbox 1226 4534 1291 4585; x_wconf 88' lang='lat' dir='ltr'>ut</span> <span class='ocrx_word' id='word_1_316' title='bbox 1328 4528 1429 4601; x_wconf 92' lang='lat' dir='ltr'>qui</span> <span class='ocrx_word' id='word_1_317' title='bbox 1481 4527 1628 4584; x_wconf 90' lang='lat' dir='ltr'>nihil</span> <span class='ocrx_word' id='word_1_318' title='bbox 1687 4527 1935 4594; x_wconf 90' lang='lat' dir='ltr'>horum;</span> <span class='ocrx_word' id='word_1_319' title='bbox 1970 4529 2071 4584; x_wconf 91' lang='lat' dir='ltr'>sed</span> 
     </span>
    </p>
   </div>
   <div class='ocr_carea' id='block_1_50' title="bbox 2209 591 3833 678">
    <p class='ocr_par' dir='ltr' id='par_1_50' title="bbox 2209 591 3833 678">
     <span class='ocr_line' id='line_1_50' title="bbox 2209 591 3833 678; baseline 0.006 -28"><span class='ocrx_word' id='word_1_320' title='bbox 2209 596 2244 650; x_wconf 83' lang='grc' dir='ltr'>ε’</span> <span class='ocrx_word' id='word_1_321' title='bbox 2299 601 2405 650; x_wconf 76' lang='grc' dir='ltr'>τῶν</span> <span class='ocrx_word' id='word_1_322' title='bbox 2485 598 2914 652; x_wconf 84' lang='grc' dir='ltr'>Ὑποτυπώσεων</span> <span class='ocrx_word' id='word_1_323' title='bbox 2948 641 2960 654; x_wconf 93' lang='grc'><strong>.</strong></span> <span class='ocrx_word' id='word_1_324' title='bbox 3023 591 3432 670; x_wconf 74' lang='grc' dir='ltr'>Πρεσϐυτάτους</span> <span class='ocrx_word' id='word_1_325' title='bbox 3488 596 3543 654; x_wconf 75' lang='grc' dir='ltr'>δὲ</span> <span class='ocrx_word' id='word_1_326' title='bbox 3597 601 3833 678; x_wconf 73' lang='grc' dir='ltr'>ἀγγέλους</span> 
     </span>
    </p>
   </div>
   <div class='ocr_carea' id='block_1_51' title="bbox 2209 683 3832 766">
    <p class='ocr_par' dir='ltr' id='par_1_51' title="bbox 2209 683 3832 766">
     <span class='ocr_line' id='line_1_51' title="bbox 2209 683 3832 766; baseline 0.005 -28"><span class='ocrx_word' id='word_1_327' title='bbox 2209 683 2362 739; x_wconf 82' lang='grc' dir='ltr'>εἷ’ωθε</span> <span class='ocrx_word' id='word_1_328' title='bbox 2417 685 2628 754; x_wconf 82' lang='grc' dir='ltr'>καλεῖν,</span> <span class='ocrx_word' id='word_1_329' title='bbox 2685 688 2780 748; x_wconf 75' lang='grc' dir='ltr'>τὰς</span> <span class='ocrx_word' id='word_1_330' title='bbox 2838 685 3097 740; x_wconf 81' lang='grc' dir='ltr'>ἀνωτάτω</span> <span class='ocrx_word' id='word_1_331' title='bbox 3155 691 3302 758; x_wconf 80' lang='grc' dir='ltr'>τρεῖς</span> <span class='ocrx_word' id='word_1_332' title='bbox 3358 686 3549 758; x_wconf 80' lang='grc' dir='ltr'>τάξεις,</span> <span class='ocrx_word' id='word_1_333' title='bbox 3608 692 3832 766; x_wconf 73' lang='grc' dir='ltr'>θρόνους⁹</span> 
     </span>
    </p>
   </div>
   <div class='ocr_carea' id='block_1_52' title="bbox 2208 770 3831 855">
    <p class='ocr_par' dir='ltr' id='par_1_52' title="bbox 2208 770 3831 855">
     <span class='ocr_line' id='line_1_52' title="bbox 2208 770 3831 855; baseline 0.006 -29"><span class='ocrx_word' id='word_1_334' title='bbox 2208 773 2466 848; x_wconf 80' lang='grc' dir='ltr'>σεραφίμ,</span> <span class='ocrx_word' id='word_1_335' title='bbox 2500 770 2797 850; x_wconf 73' lang='grc' dir='ltr'>χερουϐἰμ,</span> <span class='ocrx_word' id='word_1_336' title='bbox 2831 776 2906 836; x_wconf 83' lang='grc' dir='ltr'>ὡς</span> <span class='ocrx_word' id='word_1_337' title='bbox 2937 771 3106 844; x_wconf 84' lang='grc' dir='ltr'>δηλοῖ</span> <span class='ocrx_word' id='word_1_338' title='bbox 3133 773 3185 828; x_wconf 88' lang='grc' dir='ltr'>ἐν</span> <span class='ocrx_word' id='word_1_339' title='bbox 3210 779 3289 845; x_wconf 79' lang='grc' dir='ltr'>τῷ</span> <span class='ocrx_word' id='word_1_340' title='bbox 3319 774 3450 850; x_wconf 71' lang='grc' dir='ltr'>Περὶ</span> <span class='ocrx_word' id='word_1_341' title='bbox 3477 784 3575 847; x_wconf 86' lang='grc' dir='ltr'>τῆς</span> <span class='ocrx_word' id='word_1_342' title='bbox 3603 779 3831 855; x_wconf 80' lang='grc' dir='ltr'>οὐρανίας</span> 
     </span>
    </p>
   </div>
   <div class='ocr_carea' id='block_1_53' title="bbox 2206 860 3828 943">
    <p class='ocr_par' dir='ltr' id='par_1_53' title="bbox 2206 860 3828 943">
     <span class='ocr_line' id='line_1_53' title="bbox 2206 860 3828 943; baseline 0.006 -29"><span class='ocrx_word' id='word_1_343' title='bbox 2206 862 2492 937; x_wconf 75' lang='grc' dir='ltr'>ἱεραρχίας</span> <span class='ocrx_word' id='word_1_344' title='bbox 2525 861 2680 938; x_wconf 84' lang='grc' dir='ltr'>λόγῳ</span> <span class='ocrx_word' id='word_1_345' title='bbox 2710 861 3010 926; x_wconf 82' lang='grc' dir='ltr'>πολλάκις·</span> <span class='ocrx_word' id='word_1_346' title='bbox 3047 863 3181 941; x_wconf 75' lang='grc' dir='ltr'>φησί</span> <span class='ocrx_word' id='word_1_347' title='bbox 3214 860 3270 918; x_wconf 79' lang='grc' dir='ltr'>δὲ</span> <span class='ocrx_word' id='word_1_348' title='bbox 3301 863 3546 932; x_wconf 78' lang='grc' dir='ltr'>ἐνταῦθα,</span> <span class='ocrx_word' id='word_1_349' title='bbox 3607 870 3736 939; x_wconf 76' lang='grc' dir='ltr'>μήτε</span> <span class='ocrx_word' id='word_1_350' title='bbox 3759 876 3828 943; x_wconf 83' lang='grc' dir='ltr'>τῷ</span> 
     </span>
    </p>
   </div>
   <div class='ocr_carea' id='block_1_54' title="bbox 2205 950 3832 1031">
    <p class='ocr_par' dir='ltr' id='par_1_54' title="bbox 2205 950 3832 1031">
     <span class='ocr_line' id='line_1_54' title="bbox 2205 950 3832 1031; baseline 0.006 -27"><span class='ocrx_word' id='word_1_351' title='bbox 2205 950 2497 1025; x_wconf 77' lang='grc' dir='ltr'>πρωτίστῳ</span> <span class='ocrx_word' id='word_1_352' title='bbox 2525 957 2631 1006; x_wconf 81' lang='grc' dir='ltr'>τῶν</span> <span class='ocrx_word' id='word_1_353' title='bbox 2660 950 2903 1027; x_wconf 84' lang='grc' dir='ltr'>ἀγγέλων</span> <span class='ocrx_word' id='word_1_354' title='bbox 2936 952 3151 1031; x_wconf 75' lang='grc' dir='ltr'>ἐφικτὸν</span> <span class='ocrx_word' id='word_1_355' title='bbox 3204 953 3338 1008; x_wconf 76' lang='grc' dir='ltr'>εἶναι</span> <span class='ocrx_word' id='word_1_356' title='bbox 3367 955 3456 1010; x_wconf 86' lang='grc' dir='ltr'>τὸν</span> <span class='ocrx_word' id='word_1_357' title='bbox 3503 956 3695 1029; x_wconf 85' lang='grc' dir='ltr'>τρόπον</span> <span class='ocrx_word' id='word_1_358' title='bbox 3746 965 3832 1028; x_wconf 82' lang='grc' dir='ltr'>τῆς</span> 
     </span>
    </p>
   </div>
   <div class='ocr_carea' id='block_1_55' title="bbox 2206 1037 2682 1115">
    <p class='ocr_par' dir='ltr' id='par_1_55' title="bbox 2206 1037 2682 1115">
     <span class='ocr_line' id='line_1_55' title="bbox 2206 1037 2682 1115; baseline 0.008 -22"><span class='ocrx_word' id='word_1_359' title='bbox 2206 1037 2682 1115; x_wconf 70' lang='grc' dir='ltr'>ἐνανθρωπήσεως.</span> 
     </span>
    </p>
   </div>
   <div class='ocr_carea' id='block_1_56' title="bbox 2276 1215 3023 1292">
    <p class='ocr_par' dir='ltr' id='par_1_56' title="bbox 2276 1215 3023 1292">
     <span class='ocr_line' id='line_1_56' title="bbox 2276 1215 3023 1292; baseline 0.004 -18"><span class='ocrx_word' id='word_1_360' title='bbox 2276 1218 2380 1274; x_wconf 83' lang='grc' dir='ltr'>Καὶ</span> <span class='ocrx_word' id='word_1_361' title='bbox 2408 1223 2487 1290; x_wconf 79' lang='grc' dir='ltr'>τῷ</span> <span class='ocrx_word' id='word_1_362' title='bbox 2516 1218 2735 1291; x_wconf 80' lang='grc' dir='ltr'>κλεινῷ.</span> <span class='ocrx_word' id='word_1_363' title='bbox 2763 1215 3023 1292; x_wconf 76' lang='grc' dir='ltr'>Ἐνδόξῳ.</span> 
     </span>
    </p>
   </div>
   <div class='ocr_carea' id='block_1_57' title="bbox 2277 1307 3828 1385">
    <p class='ocr_par' dir='ltr' id='par_1_57' title="bbox 2277 1307 3828 1385">
     <span class='ocr_line' id='line_1_57' title="bbox 2277 1307 3828 1385; baseline -0.003 -20"><span class='ocrx_word' id='word_1_364' title='bbox 2277 1307 2643 1385; x_wconf 84' lang='grc' dir='ltr'>Καθηγεμόνι.</span> <span class='ocrx_word' id='word_1_365' title='bbox 2703 1309 3069 1382; x_wconf 84' lang='grc' dir='ltr'>Καθηγεμόνα</span> <span class='ocrx_word' id='word_1_366' title='bbox 3095 1307 3315 1376; x_wconf 86' lang='grc' dir='ltr'>οἰκεῖον,</span> <span class='ocrx_word' id='word_1_367' title='bbox 3372 1309 3464 1363; x_wconf 91' lang='grc' dir='ltr'>τὸν</span> <span class='ocrx_word' id='word_1_368' title='bbox 3513 1310 3710 1385; x_wconf 71' lang='grc' dir='ltr'>ιδίγιον11</span> <span class='ocrx_word' id='word_1_369' title='bbox 3752 1315 3828 1372; x_wconf 87' lang='grc' dir='ltr'>Ἱε.</span> 
     </span>
    </p>
   </div>
   <div class='ocr_carea' id='block_1_58' title="bbox 2209 1394 3827 1477">
    <p class='ocr_par' dir='ltr' id='par_1_58' title="bbox 2209 1394 3827 1477">
     <span class='ocr_line' id='line_1_58' title="bbox 2209 1394 3827 1477; baseline 0.004 -26"><span class='ocrx_word' id='word_1_370' title='bbox 2209 1398 2394 1474; x_wconf 84' lang='grc' dir='ltr'>ρόθεον</span> <span class='ocrx_word' id='word_1_371' title='bbox 2449 1396 2762 1466; x_wconf 78' lang='grc' dir='ltr'>αἰνίττεται,</span> <span class='ocrx_word' id='word_1_372' title='bbox 2825 1398 2899 1459; x_wconf 87' lang='grc' dir='ltr'>ὡς</span> <span class='ocrx_word' id='word_1_373' title='bbox 2957 1395 3116 1461; x_wconf 80' lang='grc' dir='ltr'>εὐθὺς</span> <span class='ocrx_word' id='word_1_374' title='bbox 3170 1394 3371 1467; x_wconf 84' lang='grc' dir='ltr'>δηλοῖ·</span> <span class='ocrx_word' id='word_1_375' title='bbox 3432 1399 3564 1471; x_wconf 88' lang='grc' dir='ltr'>μετά</span> <span class='ocrx_word' id='word_1_376' title='bbox 3611 1401 3706 1477; x_wconf 79' lang='grc' dir='ltr'>γὰρ</span> <span class='ocrx_word' id='word_1_377' title='bbox 3748 1402 3827 1458; x_wconf 88' lang='grc' dir='ltr'>τὸν</span> 
     </span>
    </p>
   </div>
   <div class='ocr_carea' id='block_1_59' title="bbox 2206 1483 3825 1564">
    <p class='ocr_par' dir='ltr' id='par_1_59' title="bbox 2206 1483 3825 1564">
     <span class='ocr_line' id='line_1_59' title="bbox 2206 1483 3825 1564; baseline 0.003 -23"><span class='ocrx_word' id='word_1_378' title='bbox 2206 1485 2418 1542; x_wconf 80' lang='grc' dir='ltr'>Παῦλον</span> <span class='ocrx_word' id='word_1_379' title='bbox 2468 1486 2527 1541; x_wconf 70' lang='grc' dir='ltr'>ἐκ</span> <span class='ocrx_word' id='word_1_380' title='bbox 2555 1485 2749 1541; x_wconf 87' lang='grc' dir='ltr'>τούτου</span> <span class='ocrx_word' id='word_1_381' title='bbox 2784 1485 3070 1564; x_wconf 75' lang='grc' dir='ltr'>ὠφελήθηο</span> <span class='ocrx_word' id='word_1_382' title='bbox 3104 1485 3255 1562; x_wconf 83' lang='grc' dir='ltr'>λέγει</span> <span class='ocrx_word' id='word_1_383' title='bbox 3304 1483 3361 1541; x_wconf 79' lang='grc' dir='ltr'>δὲ</span> <span class='ocrx_word' id='word_1_384' title='bbox 3418 1485 3499 1542; x_wconf 80' lang='grc' dir='ltr'>ὅτι</span> <span class='ocrx_word' id='word_1_385' title='bbox 3558 1487 3682 1552; x_wconf 82' lang='grc' dir='ltr'>ἰ¹σως</span> <span class='ocrx_word' id='word_1_386' title='bbox 3737 1513 3825 1546; x_wconf 85' lang='grc' dir='ltr'>πα-</span> 
     </span>
    </p>
   </div>
   <div class='ocr_carea' id='block_1_60' title="bbox 2206 1574 3826 1646">
    <p class='ocr_par' dir='ltr' id='par_1_60' title="bbox 2206 1574 3826 1646">
     <span class='ocr_line' id='line_1_60' title="bbox 2206 1574 3826 1646; baseline 0.004 -16"><span class='ocrx_word' id='word_1_387' title='bbox 2206 1577 2312 1641; x_wconf 88' lang='grc' dir='ltr'>θὼν</span> <span class='ocrx_word' id='word_1_388' title='bbox 2340 1577 2406 1630; x_wconf 74' lang='grc' dir='ltr'>τά</span> <span class='ocrx_word' id='word_1_389' title='bbox 2437 1581 2552 1640; x_wconf 89' lang='grc' dir='ltr'>θεῖα</span> <span class='ocrx_word' id='word_1_390' title='bbox 2581 1576 2804 1644; x_wconf 77' lang='grc' dir='ltr'>ἐκεῖνος,</span> <span class='ocrx_word' id='word_1_391' title='bbox 2848 1576 3021 1637; x_wconf 76' lang='grc' dir='ltr'>οὕτως</span> <span class='ocrx_word' id='word_1_392' title='bbox 3080 1574 3424 1646; x_wconf 74' lang='grc' dir='ltr'>ἐνεπνεύσθη·</span> <span class='ocrx_word' id='word_1_393' title='bbox 3493 1576 3544 1631; x_wconf 91' lang='grc' dir='ltr'>τί</span> <span class='ocrx_word' id='word_1_394' title='bbox 3601 1575 3655 1633; x_wconf 82' lang='grc' dir='ltr'>δέ</span> <span class='ocrx_word' id='word_1_395' title='bbox 3707 1580 3826 1635; x_wconf 68' lang='grc' dir='ltr'>ἐστιν</span> 
     </span>
    </p>
   </div>
   <div class='ocr_carea' id='block_1_61' title="bbox 2205 1662 3826 1739">
    <p class='ocr_par' dir='ltr' id='par_1_61' title="bbox 2205 1662 3826 1739">
     <span class='ocr_line' id='line_1_61' title="bbox 2205 1662 3826 1739; baseline 0.002 -19"><span class='ocrx_word' id='word_1_396' title='bbox 2205 1666 2269 1720; x_wconf 84' lang='grc' dir='ltr'>ού</span> <span class='ocrx_word' id='word_1_397' title='bbox 2306 1665 2470 1738; x_wconf 92' lang='grc' dir='ltr'>μόνον</span> <span class='ocrx_word' id='word_1_398' title='bbox 2516 1665 2725 1738; x_wconf 84' lang='grc' dir='ltr'>μαθὼν,</span> <span class='ocrx_word' id='word_1_399' title='bbox 2785 1663 2930 1719; x_wconf 84' lang='grc' dir='ltr'>ἀλλά</span> <span class='ocrx_word' id='word_1_400' title='bbox 2960 1663 3049 1718; x_wconf 81' lang='grc' dir='ltr'>καὶ</span> <span class='ocrx_word' id='word_1_401' title='bbox 3079 1664 3290 1735; x_wconf 88' lang='grc' dir='ltr'>παθὼν,</span> <span class='ocrx_word' id='word_1_402' title='bbox 3351 1662 3558 1738; x_wconf 65' lang='grc' dir='ltr'>εἰρηται</span> <span class='ocrx_word' id='word_1_403' title='bbox 3611 1668 3698 1739; x_wconf 72' lang='grc' dir='ltr'>μὲν</span> <span class='ocrx_word' id='word_1_404' title='bbox 3745 1667 3826 1724; x_wconf 79' lang='grc' dir='ltr'>οὗν</span> 
     </span>
    </p>
   </div>
   <div class='ocr_carea' id='block_1_62' title="bbox 2204 1749 3824 1832">
    <p class='ocr_par' dir='ltr' id='par_1_62' title="bbox 2204 1749 3824 1832">
     <span class='ocr_line' id='line_1_62' title="bbox 2204 1749 3824 1832; baseline 0.001 -22"><span class='ocrx_word' id='word_1_405' title='bbox 2204 1756 2292 1810; x_wconf 86' lang='grc' dir='ltr'>καὶ</span> <span class='ocrx_word' id='word_1_406' title='bbox 2319 1754 2370 1809; x_wconf 74' lang='grc' dir='ltr'>ἐν</span> <span class='ocrx_word' id='word_1_407' title='bbox 2393 1758 2461 1828; x_wconf 78' lang='grc' dir='ltr'>τῇ</span> <span class='ocrx_word' id='word_1_408' title='bbox 2491 1754 2625 1828; x_wconf 89' lang='grc' dir='ltr'>πρὸς</span> <span class='ocrx_word' id='word_1_409' title='bbox 2649 1749 2957 1828; x_wconf 79' lang='grc' dir='ltr'>Ἑϐραίους·</span> <span class='ocrx_word' id='word_1_410' title='bbox 2991 1755 3197 1826; x_wconf 84' lang='grc' dir='ltr'>Ἐμαθε</span> <span class='ocrx_word' id='word_1_411' title='bbox 3217 1752 3318 1828; x_wconf 81' lang='grc' dir='ltr'>γὰρ</span> <span class='ocrx_word' id='word_1_412' title='bbox 3347 1755 3436 1832; x_wconf 77' lang='grc' dir='ltr'>ἀφ’</span> <span class='ocrx_word' id='word_1_413' title='bbox 3466 1755 3537 1809; x_wconf 86' lang='grc' dir='ltr'>ὧν</span> <span class='ocrx_word' id='word_1_414' title='bbox 3566 1751 3717 1810; x_wconf 81' lang='grc' dir='ltr'>ἔπαθε</span> <span class='ocrx_word' id='word_1_415' title='bbox 3741 1759 3824 1826; x_wconf 71' lang='grc' dir='ltr'>τὴν</span> 
     </span>
    </p>
   </div>
   <div class='ocr_carea' id='block_1_63' title="bbox 2205 1837 3826 1918">
    <p class='ocr_par' dir='ltr' id='par_1_63' title="bbox 2205 1837 3826 1918">
     <span class='ocr_line' id='line_1_63' title="bbox 2205 1837 3826 1918; baseline 0.002 -20"><span class='ocrx_word' id='word_1_416' title='bbox 2205 1844 2472 1914; x_wconf 78' lang='grc' dir='ltr'>ὑπακοήν.</span> <span class='ocrx_word' id='word_1_417' title='bbox 2533 1845 2591 1896; x_wconf 76' lang='grc' dir='ltr'>Ὀ</span> <span class='ocrx_word' id='word_1_418' title='bbox 2637 1843 2740 1918; x_wconf 82' lang='grc' dir='ltr'>γὰρ</span> <span class='ocrx_word' id='word_1_419' title='bbox 2773 1843 2957 1907; x_wconf 84' lang='grc' dir='ltr'>παθὼν</span> <span class='ocrx_word' id='word_1_420' title='bbox 2986 1843 3148 1917; x_wconf 83' lang='grc' dir='ltr'>πείρᾳ</span> <span class='ocrx_word' id='word_1_421' title='bbox 3177 1837 3446 1915; x_wconf 77' lang='grc' dir='ltr'>λαμϐάνει</span> <span class='ocrx_word' id='word_1_422' title='bbox 3492 1845 3552 1899; x_wconf 87' lang='grc' dir='ltr'>τὸ</span> <span class='ocrx_word' id='word_1_423' title='bbox 3606 1841 3826 1901; x_wconf 82' lang='grc' dir='ltr'>διδασκό-</span> 
     </span>
    </p>
   </div>
   <div class='ocr_carea' id='block_1_64' title="bbox 2208 1930 3823 2007">
    <p class='ocr_par' dir='ltr' id='par_1_64' title="bbox 2208 1930 3823 2007">
     <span class='ocr_line' id='line_1_64' title="bbox 2208 1930 3823 2007; baseline -0.001 -17"><span class='ocrx_word' id='word_1_424' title='bbox 2208 1955 2365 2007; x_wconf 84' lang='grc' dir='ltr'>μενον</span> <span class='ocrx_word' id='word_1_425' title='bbox 2388 1937 2454 2001; x_wconf 82' lang='grc'>¹²,</span> <span class='ocrx_word' id='word_1_426' title='bbox 2488 1937 2601 1988; x_wconf 82' lang='grc' dir='ltr'>οἷον</span> <span class='ocrx_word' id='word_1_427' title='bbox 2637 1934 2664 1987; x_wconf 88' lang='lat'>6</span> <span class='ocrx_word' id='word_1_428' title='bbox 2698 1933 3035 2006; x_wconf 81' lang='grc' dir='ltr'>τυπτόμενος</span> <span class='ocrx_word' id='word_1_429' title='bbox 3069 1930 3283 2006; x_wconf 75' lang='grc' dir='ltr'>μᾶλλον</span> <span class='ocrx_word' id='word_1_430' title='bbox 3316 1937 3413 1987; x_wconf 80' lang='grc' dir='ltr'>τοῦ</span> <span class='ocrx_word' id='word_1_431' title='bbox 3473 1933 3628 2005; x_wconf 87' lang='grc' dir='ltr'>μόνον</span> <span class='ocrx_word' id='word_1_432' title='bbox 3681 1934 3823 1989; x_wconf 78' lang='grc' dir='ltr'>ἀκού-</span> 
     </span>
    </p>
   </div>
   <div class='ocr_carea' id='block_1_65' title="bbox 2204 2020 3823 2095">
    <p class='ocr_par' dir='ltr' id='par_1_65' title="bbox 2204 2020 3823 2095">
     <span class='ocr_line' id='line_1_65' title="bbox 2204 2020 3823 2095; baseline -0.001 -18"><span class='ocrx_word' id='word_1_433' title='bbox 2204 2043 2412 2084; x_wconf 87' lang='grc' dir='ltr'>σαντος·</span> <span class='ocrx_word' id='word_1_434' title='bbox 2447 2020 2508 2076; x_wconf 75' lang='grc' dir='ltr'>οἶ)</span> <span class='ocrx_word' id='word_1_435' title='bbox 2545 2025 2652 2095; x_wconf 72' lang='grc' dir='ltr'>μὴν</span> <span class='ocrx_word' id='word_1_436' title='bbox 2684 2021 2772 2076; x_wconf 83' lang='grc' dir='ltr'>καί</span> <span class='ocrx_word' id='word_1_437' title='bbox 2803 2023 3233 2092; x_wconf 77' lang='grc' dir='ltr'>τυπτηθέντος1⁸</span> <span class='ocrx_word' id='word_1_438' title='bbox 3262 2022 3418 2090; x_wconf 74' lang='grc' dir='ltr'>ποτὲ,</span> <span class='ocrx_word' id='word_1_439' title='bbox 3449 2022 3533 2084; x_wconf 89' lang='grc' dir='ltr'>τίς</span> <span class='ocrx_word' id='word_1_440' title='bbox 3587 2024 3612 2076; x_wconf 98' lang='lat'>6</span> <span class='ocrx_word' id='word_1_441' title='bbox 3667 2028 3823 2078; x_wconf 87' lang='grc' dir='ltr'>τοιοῦ-</span> 
     </span>
    </p>
   </div>
   <div class='ocr_carea' id='block_1_66' title="bbox 2201 2108 3820 2186">
    <p class='ocr_par' dir='ltr' id='par_1_66' title="bbox 2201 2108 3820 2186">
     <span class='ocr_line' id='line_1_66' title="bbox 2201 2108 3820 2186; baseline 0 -20"><span class='ocrx_word' id='word_1_442' title='bbox 2201 2133 2292 2174; x_wconf 86' lang='grc' dir='ltr'>τος</span> <span class='ocrx_word' id='word_1_443' title='bbox 2350 2111 2516 2176; x_wconf 87' lang='grc' dir='ltr'>πόνος</span> <span class='ocrx_word' id='word_1_444' title='bbox 2563 2113 2853 2186; x_wconf 82' lang='grc' dir='ltr'>γινώσκει,</span> <span class='ocrx_word' id='word_1_445' title='bbox 2900 2113 2990 2165; x_wconf 80' lang='grc' dir='ltr'>καὶ</span> <span class='ocrx_word' id='word_1_446' title='bbox 3050 2109 3266 2184; x_wconf 78' lang='grc' dir='ltr'>μᾶλλον</span> <span class='ocrx_word' id='word_1_447' title='bbox 3326 2108 3387 2165; x_wconf 76' lang='grc' dir='ltr'>ἃν</span> <span class='ocrx_word' id='word_1_448' title='bbox 3442 2114 3820 2186; x_wconf 74' lang='grc' dir='ltr'>παραστήσειεν,</span> 
     </span>
    </p>
   </div>
   <div class='ocr_carea' id='block_1_67' title="bbox 2202 2196 3822 2276">
    <p class='ocr_par' dir='ltr' id='par_1_67' title="bbox 2202 2196 3822 2276">
     <span class='ocr_line' id='line_1_67' title="bbox 2202 2196 3822 2276; baseline 0 -20"><span class='ocrx_word' id='word_1_449' title='bbox 2202 2201 2389 2256; x_wconf 81' lang='grc' dir='ltr'>ὁποῖόν</span> <span class='ocrx_word' id='word_1_450' title='bbox 2441 2201 2551 2256; x_wconf 69' lang='grc' dir='ltr'>ἰστι</span> <span class='ocrx_word' id='word_1_451' title='bbox 2601 2202 2662 2256; x_wconf 90' lang='grc' dir='ltr'>τὸ</span> <span class='ocrx_word' id='word_1_452' title='bbox 2712 2198 2900 2276; x_wconf 73' lang='grc' dir='ltr'>ἄλγοςο</span> <span class='ocrx_word' id='word_1_453' title='bbox 2953 2198 3097 2254; x_wconf 79' lang='grc' dir='ltr'>οὕτω</span> <span class='ocrx_word' id='word_1_454' title='bbox 3144 2201 3234 2254; x_wconf 85' lang='grc' dir='ltr'>καὶ</span> <span class='ocrx_word' id='word_1_455' title='bbox 3267 2201 3294 2254; x_wconf 90' lang='grc' dir='ltr'>ὁ</span> <span class='ocrx_word' id='word_1_456' title='bbox 3331 2196 3401 2254; x_wconf 84' lang='grc' dir='ltr'>δι’</span> <span class='ocrx_word' id='word_1_457' title='bbox 3461 2199 3822 2274; x_wconf 80' lang='grc' dir='ltr'>ἀποκαλύψεως</span> 
     </span>
    </p>
   </div>
   <div class='ocr_carea' id='block_1_68' title="bbox 2205 2285 3824 2365">
    <p class='ocr_par' dir='ltr' id='par_1_68' title="bbox 2205 2285 3824 2365">
     <span class='ocr_line' id='line_1_68' title="bbox 2205 2285 3824 2365; baseline -0.002 -20"><span class='ocrx_word' id='word_1_458' title='bbox 2205 2291 2530 2365; x_wconf 75' lang='grc' dir='ltr'>μυούμενος,</span> <span class='ocrx_word' id='word_1_459' title='bbox 2589 2291 2856 2365; x_wconf 83' lang='grc' dir='ltr'>Θειότερον</span> <span class='ocrx_word' id='word_1_460' title='bbox 2918 2287 3236 2362; x_wconf 74' lang='grc' dir='ltr'>ἑρμηνεύσει</span> <span class='ocrx_word' id='word_1_461' title='bbox 3267 2289 3338 2343; x_wconf 79' lang='grc' dir='ltr'>τὰ</span> <span class='ocrx_word' id='word_1_462' title='bbox 3381 2290 3516 2348; x_wconf 84' lang='grc' dir='ltr'>Θεῖα.</span> <span class='ocrx_word' id='word_1_463' title='bbox 3550 2289 3620 2344; x_wconf 84' lang='grc' dir='ltr'>Τὸ</span> <span class='ocrx_word' id='word_1_464' title='bbox 3662 2285 3713 2344; x_wconf 70' lang='grc' dir='ltr'>δὲ</span> <span class='ocrx_word' id='word_1_465' title='bbox 3737 2309 3824 2343; x_wconf 84' lang='grc' dir='ltr'>πα-</span> 
     </span>
    </p>
   </div>
   <div class='ocr_carea' id='block_1_69' title="bbox 2202 2376 3818 2453">
    <p class='ocr_par' dir='ltr' id='par_1_69' title="bbox 2202 2376 3818 2453">
     <span class='ocr_line' id='line_1_69' title="bbox 2202 2376 3818 2453; baseline -0.002 -19"><span class='ocrx_word' id='word_1_466' title='bbox 2202 2385 2310 2444; x_wconf 84' lang='grc' dir='ltr'>θεῖν</span> <span class='ocrx_word' id='word_1_467' title='bbox 2355 2381 2423 2435; x_wconf 78' lang='grc' dir='ltr'>τά</span> <span class='ocrx_word' id='word_1_468' title='bbox 2452 2381 2567 2434; x_wconf 86' lang='grc' dir='ltr'>θεῖα</span> <span class='ocrx_word' id='word_1_469' title='bbox 2604 2378 2850 2434; x_wconf 76' lang='grc' dir='ltr'>τοιοῦτόν</span> <span class='ocrx_word' id='word_1_470' title='bbox 2912 2377 3076 2432; x_wconf 83' lang='grc' dir='ltr'>ἐστιν·</span> <span class='ocrx_word' id='word_1_471' title='bbox 3140 2376 3459 2453; x_wconf 69' lang='grc' dir='ltr'>ε’ίρηταιτῷ</span> <span class='ocrx_word' id='word_1_472' title='bbox 3511 2376 3818 2449; x_wconf 84' lang='grc' dir='ltr'>Ἀποστόλῳ’</span> 
     </span>
    </p>
   </div>
   <div class='ocr_carea' id='block_1_70' title="bbox 2202 2465 3819 2544">
    <p class='ocr_par' dir='ltr' id='par_1_70' title="bbox 2202 2465 3819 2544">
     <span class='ocr_line' id='line_1_70' title="bbox 2202 2465 3819 2544; baseline -0.003 -20"><span class='ocrx_word' id='word_1_473' title='bbox 2202 2473 2565 2544; x_wconf 80' lang='grc' dir='ltr'>Συνταφῶμεν</span> <span class='ocrx_word' id='word_1_474' title='bbox 2595 2473 2675 2540; x_wconf 75' lang='grc' dir='ltr'>τῷ</span> <span class='ocrx_word' id='word_1_475' title='bbox 2707 2472 2946 2543; x_wconf 83' lang='grc' dir='ltr'>Χριστῷ,</span> <span class='ocrx_word' id='word_1_476' title='bbox 2975 2465 3067 2521; x_wconf 71' lang='grc' dir='ltr'>’ίνα</span> <span class='ocrx_word' id='word_1_477' title='bbox 3096 2467 3186 2522; x_wconf 87' lang='grc' dir='ltr'>καὶ</span> <span class='ocrx_word' id='word_1_478' title='bbox 3237 2471 3646 2540; x_wconf 81' lang='grc' dir='ltr'>συναναστῶμεν</span> <span class='ocrx_word' id='word_1_479' title='bbox 3692 2467 3819 2537; x_wconf 80' lang='grc' dir='ltr'>αὐτῷ</span> 
     </span>
    </p>
   </div>
   <div class='ocr_carea' id='block_1_71' title="bbox 2198 2553 3818 2631">
    <p class='ocr_par' dir='ltr' id='par_1_71' title="bbox 2198 2553 3818 2631">
     <span class='ocr_line' id='line_1_71' title="bbox 2198 2553 3818 2631; baseline -0.003 -18"><span class='ocrx_word' id='word_1_480' title='bbox 2198 2559 2287 2614; x_wconf 87' lang='grc' dir='ltr'>καὶ</span> <span class='ocrx_word' id='word_1_481' title='bbox 2316 2554 2858 2631; x_wconf 76' lang='grc' dir='ltr'>συμϐασιλεύσωμεν·</span> <span class='ocrx_word' id='word_1_482' title='bbox 2916 2557 2943 2611; x_wconf 91' lang='lat'>6</span> <span class='ocrx_word' id='word_1_483' title='bbox 2977 2553 3034 2610; x_wconf 69' lang='grc' dir='ltr'>δὲ</span> <span class='ocrx_word' id='word_1_484' title='bbox 3093 2560 3342 2631; x_wconf 80' lang='grc' dir='ltr'>σταυρῶν</span> <span class='ocrx_word' id='word_1_485' title='bbox 3377 2557 3559 2611; x_wconf 72' lang='grc' dir='ltr'>ἑαυτὸν</span> <span class='ocrx_word' id='word_1_486' title='bbox 3606 2555 3688 2610; x_wconf 81' lang='grc' dir='ltr'>καὶ</span> <span class='ocrx_word' id='word_1_487' title='bbox 3737 2557 3818 2624; x_wconf 77' lang='grc' dir='ltr'>τὴν</span> 
     </span>
    </p>
   </div>
   <div class='ocr_carea' id='block_1_72' title="bbox 2199 2644 3819 2722">
    <p class='ocr_par' dir='ltr' id='par_1_72' title="bbox 2199 2644 3819 2722">
     <span class='ocr_line' id='line_1_72' title="bbox 2199 2644 3819 2722; baseline -0.004 -20"><span class='ocrx_word' id='word_1_488' title='bbox 2199 2649 2388 2702; x_wconf 75' lang='grc' dir='ltr'>ἑαυτοῦ</span> <span class='ocrx_word' id='word_1_489' title='bbox 2421 2646 2611 2722; x_wconf 90' lang='grc' dir='ltr'>σάρκα,</span> <span class='ocrx_word' id='word_1_490' title='bbox 2670 2645 2829 2707; x_wconf 83' lang='grc' dir='ltr'>αὐτὸς</span> <span class='ocrx_word' id='word_1_491' title='bbox 2861 2645 2928 2700; x_wconf 73' lang='grc' dir='ltr'>τὰ</span> <span class='ocrx_word' id='word_1_492' title='bbox 2977 2647 3246 2719; x_wconf 80' lang='grc' dir='ltr'>στίγματα</span> <span class='ocrx_word' id='word_1_493' title='bbox 3275 2649 3378 2699; x_wconf 76' lang='grc' dir='ltr'>τοῦ</span> <span class='ocrx_word' id='word_1_494' title='bbox 3410 2648 3634 2719; x_wconf 81' lang='grc' dir='ltr'>Χριστοῦ</span> <span class='ocrx_word' id='word_1_495' title='bbox 3683 2644 3729 2699; x_wconf 76' lang='grc' dir='ltr'>ἐν</span> <span class='ocrx_word' id='word_1_496' title='bbox 3755 2647 3819 2715; x_wconf 71' lang='grc' dir='ltr'>τῷ</span> 
     </span>
    </p>
   </div>
   <div class='ocr_carea' id='block_1_73' title="bbox 2201 2728 3813 2811">
    <p class='ocr_par' dir='ltr' id='par_1_73' title="bbox 2201 2728 3813 2811">
     <span class='ocr_line' id='line_1_73' title="bbox 2201 2728 3813 2811; baseline -0.004 -21"><span class='ocrx_word' id='word_1_497' title='bbox 2201 2736 2384 2808; x_wconf 80' lang='grc' dir='ltr'>οἰκείῳ</span> <span class='ocrx_word' id='word_1_498' title='bbox 2414 2735 2625 2808; x_wconf 85' lang='grc' dir='ltr'>σώματι</span> <span class='ocrx_word' id='word_1_499' title='bbox 2653 2733 3188 2811; x_wconf 70' lang='grc' dir='ltr'>περιφέρειέἲκότως</span> <span class='ocrx_word' id='word_1_500' title='bbox 3216 2734 3308 2788; x_wconf 74' lang='grc' dir='ltr'>οὖν</span> <span class='ocrx_word' id='word_1_501' title='bbox 3345 2735 3432 2788; x_wconf 85' lang='grc' dir='ltr'>καὶ</span> <span class='ocrx_word' id='word_1_502' title='bbox 3466 2728 3813 2806; x_wconf 73' lang='grc' dir='ltr'>συμϐασιλεύει</span> 
     </span>
    </p>
   </div>
   <div class='ocr_carea' id='block_1_74' title="bbox 2197 2821 3816 2898">
    <p class='ocr_par' dir='ltr' id='par_1_74' title="bbox 2197 2821 3816 2898">
     <span class='ocr_line' id='line_1_74' title="bbox 2197 2821 3816 2898; baseline -0.004 -18"><span class='ocrx_word' id='word_1_503' title='bbox 2197 2831 2277 2898; x_wconf 77' lang='grc' dir='ltr'>τῷ</span> <span class='ocrx_word' id='word_1_504' title='bbox 2324 2828 2564 2898; x_wconf 77' lang='grc' dir='ltr'>Χριστῷ,</span> <span class='ocrx_word' id='word_1_505' title='bbox 2613 2823 2702 2878; x_wconf 82' lang='grc' dir='ltr'>καὶ</span> <span class='ocrx_word' id='word_1_506' title='bbox 2747 2824 2816 2877; x_wconf 72' lang='grc' dir='ltr'>τὰ</span> <span class='ocrx_word' id='word_1_507' title='bbox 2861 2825 2979 2877; x_wconf 84' lang='grc' dir='ltr'>θεῖα</span> <span class='ocrx_word' id='word_1_508' title='bbox 3018 2821 3181 2877; x_wconf 79' lang='grc' dir='ltr'>αὐτοῦ</span> <span class='ocrx_word' id='word_1_509' title='bbox 3232 2822 3512 2898; x_wconf 76' lang='grc' dir='ltr'>θαῤῥεῖται</span> <span class='ocrx_word' id='word_1_510' title='bbox 3561 2823 3816 2896; x_wconf 75' lang='grc' dir='ltr'>μυστήρια,</span> 
     </span>
    </p>
   </div>
   <div class='ocr_carea' id='block_1_75' title="bbox 2199 2909 3816 2990">
    <p class='ocr_par' dir='ltr' id='par_1_75' title="bbox 2199 2909 3816 2990">
     <span class='ocr_line' id='line_1_75' title="bbox 2199 2909 3816 2990; baseline -0.004 -21"><span class='ocrx_word' id='word_1_511' title='bbox 2199 2914 2321 2969; x_wconf 77' lang='grc' dir='ltr'>ὅταν</span> <span class='ocrx_word' id='word_1_512' title='bbox 2352 2913 2442 2969; x_wconf 80' lang='grc' dir='ltr'>καὶ</span> <span class='ocrx_word' id='word_1_513' title='bbox 2476 2915 2503 2968; x_wconf 91' lang='lat'>6</span> <span class='ocrx_word' id='word_1_514' title='bbox 2535 2910 2685 2990; x_wconf 75' lang='grc' dir='ltr'>ἅγιος</span> <span class='ocrx_word' id='word_1_515' title='bbox 2716 2912 2976 2986; x_wconf 85' lang='grc' dir='ltr'>Ἱερόθεος</span> <span class='ocrx_word' id='word_1_516' title='bbox 3024 2909 3235 2988; x_wconf 84' lang='grc' dir='ltr'>λέγεται</span> <span class='ocrx_word' id='word_1_517' title='bbox 3283 2913 3368 2984; x_wconf 73' lang='grc' dir='ltr'>μὴ</span> <span class='ocrx_word' id='word_1_518' title='bbox 3424 2911 3586 2984; x_wconf 89' lang='grc' dir='ltr'>μόνον</span> <span class='ocrx_word' id='word_1_519' title='bbox 3638 2911 3816 2983; x_wconf 80' lang='grc' dir='ltr'>μαθεῖν,</span> 
     </span>
    </p>
   </div>
   <div class='ocr_carea' id='block_1_76' title="bbox 2199 2998 3822 3075">
    <p class='ocr_par' dir='ltr' id='par_1_76' title="bbox 2199 2998 3822 3075">
     <span class='ocr_line' id='line_1_76' title="bbox 2199 2998 3822 3075; baseline -0.005 -17"><span class='ocrx_word' id='word_1_520' title='bbox 2199 3003 2345 3060; x_wconf 83' lang='grc' dir='ltr'>ἀλλά</span> <span class='ocrx_word' id='word_1_521' title='bbox 2375 3001 2462 3058; x_wconf 70' lang='grc' dir='ltr'>καί</span> <span class='ocrx_word' id='word_1_522' title='bbox 2493 3007 2681 3065; x_wconf 82' lang='grc' dir='ltr'>παθεῖν</span> <span class='ocrx_word' id='word_1_523' title='bbox 2712 3002 2777 3056; x_wconf 82' lang='grc' dir='ltr'>τὰ</span> <span class='ocrx_word' id='word_1_524' title='bbox 2795 3007 2929 3066; x_wconf 85' lang='grc' dir='ltr'>θεῖα·</span> <span class='ocrx_word' id='word_1_525' title='bbox 2957 3000 3048 3056; x_wconf 86' lang='grc' dir='ltr'>καὶ</span> <span class='ocrx_word' id='word_1_526' title='bbox 3077 3002 3105 3054; x_wconf 91' lang='lat'>6</span> <span class='ocrx_word' id='word_1_527' title='bbox 3137 2998 3207 3055; x_wconf 87' lang='grc' dir='ltr'>δι’</span> <span class='ocrx_word' id='word_1_528' title='bbox 3227 3000 3624 3075; x_wconf 75' lang='grc' dir='ltr'>ἀποκαλύψεως</span> <span class='ocrx_word' id='word_1_529' title='bbox 3650 2998 3708 3054; x_wconf 81' lang='grc' dir='ltr'>τὰ</span> <span class='ocrx_word' id='word_1_530' title='bbox 3727 3002 3822 3062; x_wconf 87' lang='grc' dir='ltr'>θεῖα</span> 
     </span>
    </p>
   </div>
   <div class='ocr_carea' id='block_1_77' title="bbox 2202 3088 3819 3166">
    <p class='ocr_par' dir='ltr' id='par_1_77' title="bbox 2202 3088 3819 3166">
     <span class='ocr_line' id='line_1_77' title="bbox 2202 3088 3819 3166; baseline -0.006 -19"><span class='ocrx_word' id='word_1_531' title='bbox 2202 3093 2529 3166; x_wconf 74' lang='grc' dir='ltr'>μυούμενος,</span> <span class='ocrx_word' id='word_1_532' title='bbox 2555 3090 2819 3162; x_wconf 74' lang='grc' dir='ltr'>ἐξίσταται</span> <span class='ocrx_word' id='word_1_533' title='bbox 2851 3091 3064 3160; x_wconf 70' lang='grc' dir='ltr'>ἑαυτοῦ,</span> <span class='ocrx_word' id='word_1_534' title='bbox 3092 3091 3181 3144; x_wconf 88' lang='grc' dir='ltr'>καὶ</span> <span class='ocrx_word' id='word_1_535' title='bbox 3209 3088 3402 3152; x_wconf 82' lang='grc' dir='ltr'>καλῶς</span> <span class='ocrx_word' id='word_1_536' title='bbox 3434 3089 3638 3164; x_wconf 83' lang='grc' dir='ltr'>λέγεται</span> <span class='ocrx_word' id='word_1_537' title='bbox 3663 3091 3819 3150; x_wconf 84' lang='grc' dir='ltr'>παθεῖν</span> 
     </span>
    </p>
   </div>
   <div class='ocr_carea' id='block_1_78' title="bbox 2196 3175 3815 3259">
    <p class='ocr_par' dir='ltr' id='par_1_78' title="bbox 2196 3175 3815 3259">
     <span class='ocr_line' id='line_1_78' title="bbox 2196 3175 3815 3259; baseline -0.006 -22"><span class='ocrx_word' id='word_1_538' title='bbox 2196 3183 2259 3238; x_wconf 87' lang='grc' dir='ltr'>τὸ</span> <span class='ocrx_word' id='word_1_539' title='bbox 2289 3180 2564 3259; x_wconf 74' lang='grc' dir='ltr'>ἐπωφελες</span> <span class='ocrx_word' id='word_1_540' title='bbox 2610 3185 2771 3235; x_wconf 78' lang='grc' dir='ltr'>τοῦτο</span> <span class='ocrx_word' id='word_1_541' title='bbox 2815 3179 3006 3249; x_wconf 84' lang='grc' dir='ltr'>πάθος,</span> <span class='ocrx_word' id='word_1_542' title='bbox 3049 3177 3142 3233; x_wconf 69' lang='grc' dir='ltr'>ἵνα</span> <span class='ocrx_word' id='word_1_543' title='bbox 3183 3182 3321 3234; x_wconf 73' lang='grc' dir='ltr'>Θεοῦ</span> <span class='ocrx_word' id='word_1_544' title='bbox 3353 3178 3569 3254; x_wconf 82' lang='grc' dir='ltr'>γένηται</span> <span class='ocrx_word' id='word_1_545' title='bbox 3608 3175 3815 3248; x_wconf 86' lang='grc' dir='ltr'>καταγώ-</span> 
     </span>
    </p>
   </div>
   <div class='ocr_carea' id='block_1_79' title="bbox 323 3251 2087 3348">
    <p class='ocr_par' dir='ltr' id='par_1_79' title="bbox 323 3251 2082 3348">
     <span class='ocr_line' id='line_1_79' title="bbox 323 3251 2082 3348; baseline -0.007 -16"><span class='ocrx_word' id='word_1_546' title='bbox 323 3299 327 3303; x_wconf 94' lang='grc'><strong>·</strong></span> <span class='ocrx_word' id='word_1_547' title='bbox 437 3277 555 3348; x_wconf 89' lang='lat' dir='ltr'>pati</span> <span class='ocrx_word' id='word_1_548' title='bbox 573 3251 773 3330; x_wconf 81' lang='lat' dir='ltr'>utilem</span> <span class='ocrx_word' id='word_1_549' title='bbox 801 3274 946 3328; x_wconf 90' lang='lat' dir='ltr'>hanc</span> <span class='ocrx_word' id='word_1_550' title='bbox 969 3251 1443 3343; x_wconf 63' lang='lat' dir='ltr'>passionnemmt</span> <span class='ocrx_word' id='word_1_551' title='bbox 1461 3270 1562 3324; x_wconf 83' lang='lat' dir='ltr'>fiat</span> <span class='ocrx_word' id='word_1_552' title='bbox 1580 3266 2082 3323; x_wconf 89' lang='lat' dir='ltr'>Deidomicilium.</span> 
     </span>
    </p>
   </div>
   <div class='ocr_carea' id='block_1_80' title="bbox 2200 3251 3816 3348">
    <p class='ocr_par' dir='ltr' id='par_1_80' title="bbox 2200 3251 3816 3347">
     <span class='ocr_line' id='line_1_80' title="bbox 2200 3251 3816 3347; baseline -0.005 -21"><span class='ocrx_word' id='word_1_553' title='bbox 2200 3293 2334 3347; x_wconf 90' lang='grc' dir='ltr'>γιον.</span> <span class='ocrx_word' id='word_1_554' title='bbox 2370 3251 2617 3331; x_wconf 66' lang='grc' dir='ltr'>”Ᾰλλως.</span> <span class='ocrx_word' id='word_1_555' title='bbox 2654 3274 2847 3333; x_wconf 73' lang='grc' dir='ltr'>Μαθεῖν</span> <span class='ocrx_word' id='word_1_556' title='bbox 2877 3268 3036 3323; x_wconf 78' lang='grc' dir='ltr'>αὐτὸν</span> <span class='ocrx_word' id='word_1_557' title='bbox 3065 3265 3165 3346; x_wconf 74' lang='grc' dir='ltr'>ἔφη</span> <span class='ocrx_word' id='word_1_558' title='bbox 3193 3268 3264 3322; x_wconf 80' lang='grc' dir='ltr'>τὰ</span> <span class='ocrx_word' id='word_1_559' title='bbox 3294 3251 3433 3336; x_wconf 84' lang='grc' dir='ltr'>θεῖα,</span> <span class='ocrx_word' id='word_1_560' title='bbox 3467 3267 3538 3329; x_wconf 85' lang='grc' dir='ltr'>ὡς</span> <span class='ocrx_word' id='word_1_561' title='bbox 3590 3267 3649 3321; x_wconf 87' lang='grc' dir='ltr'>ού</span> <span class='ocrx_word' id='word_1_562' title='bbox 3688 3260 3816 3319; x_wconf 82' lang='grc' dir='ltr'>διδα-</span> 
     </span>
    </p>
   </div>
   <div class='ocr_carea' id='block_1_81' title="bbox 2196 3353 3815 3434">
    <p class='ocr_par' dir='ltr' id='par_1_81' title="bbox 2196 3353 3815 3434">
     <span class='ocr_line' id='line_1_81' title="bbox 2196 3353 3815 3434; baseline -0.007 -19"><span class='ocrx_word' id='word_1_563' title='bbox 2196 3366 2337 3422; x_wconf 80' lang='grc' dir='ltr'>κτῶς</span> <span class='ocrx_word' id='word_1_564' title='bbox 2381 3357 2471 3414; x_wconf 77' lang='grc' dir='ltr'>διὰ</span> <span class='ocrx_word' id='word_1_565' title='bbox 2526 3358 2695 3434; x_wconf 88' lang='grc' dir='ltr'>λόγου</span> <span class='ocrx_word' id='word_1_566' title='bbox 2749 3359 2848 3427; x_wconf 82' lang='grc' dir='ltr'>τήν</span> <span class='ocrx_word' id='word_1_567' title='bbox 2902 3359 3027 3432; x_wconf 87' lang='grc' dir='ltr'>περί</span> <span class='ocrx_word' id='word_1_568' title='bbox 3079 3357 3302 3412; x_wconf 87' lang='grc' dir='ltr'>τούτων</span> <span class='ocrx_word' id='word_1_569' title='bbox 3356 3355 3595 3428; x_wconf 80' lang='grc' dir='ltr'>δέξασθαι</span> <span class='ocrx_word' id='word_1_570' title='bbox 3649 3353 3815 3427; x_wconf 83' lang='grc' dir='ltr'>μύησιν</span> 
     </span>
    </p>
   </div>
   <div class='ocr_carea' id='block_1_82' title="bbox 2197 3443 3809 3525">
    <p class='ocr_par' dir='ltr' id='par_1_82' title="bbox 2197 3443 3809 3525">
     <span class='ocr_line' id='line_1_82' title="bbox 2197 3443 3809 3525; baseline -0.007 -21"><span class='ocrx_word' id='word_1_571' title='bbox 2197 3447 2398 3525; x_wconf 81' lang='grc' dir='ltr'>λέγων,</span> <span class='ocrx_word' id='word_1_572' title='bbox 2421 3446 2567 3504; x_wconf 85' lang='grc' dir='ltr'>ἀλλά</span> <span class='ocrx_word' id='word_1_573' title='bbox 2590 3451 2658 3521; x_wconf 78' lang='grc' dir='ltr'>τῇ</span> <span class='ocrx_word' id='word_1_574' title='bbox 2689 3446 2802 3518; x_wconf 82' lang='grc' dir='ltr'>θείᾳ</span> <span class='ocrx_word' id='word_1_575' title='bbox 2831 3445 3100 3520; x_wconf 78' lang='grc' dir='ltr'>ἐκλάμψει</span> <span class='ocrx_word' id='word_1_576' title='bbox 3164 3445 3560 3514; x_wconf 81' lang='grc' dir='ltr'>ἐντυπωθῆναι,</span> <span class='ocrx_word' id='word_1_577' title='bbox 3604 3443 3687 3498; x_wconf 85' lang='grc' dir='ltr'>καὶ</span> <span class='ocrx_word' id='word_1_578' title='bbox 3715 3443 3809 3494; x_wconf 79' lang='grc' dir='ltr'>οἷον</span> 
     </span>
    </p>
   </div>
   <div class='ocr_carea' id='block_1_83' title="bbox 2195 3531 3812 3611">
    <p class='ocr_par' dir='ltr' id='par_1_83' title="bbox 2195 3531 3812 3611">
     <span class='ocr_line' id='line_1_83' title="bbox 2195 3531 3812 3611; baseline -0.007 -17"><span class='ocrx_word' id='word_1_579' title='bbox 2195 3540 2599 3611; x_wconf 79' lang='grc' dir='ltr'>ἐνσημανθῆναι</span> <span class='ocrx_word' id='word_1_580' title='bbox 2653 3539 2724 3610; x_wconf 79' lang='grc' dir='ltr'>τῇ</span> <span class='ocrx_word' id='word_1_581' title='bbox 2758 3534 2971 3608; x_wconf 80' lang='grc' dir='ltr'>διανοίᾳ</span> <span class='ocrx_word' id='word_1_582' title='bbox 2998 3537 3096 3604; x_wconf 75' lang='grc' dir='ltr'>τὴν</span> <span class='ocrx_word' id='word_1_583' title='bbox 3129 3539 3334 3610; x_wconf 82' lang='grc' dir='ltr'>γνῶσιν</span> <span class='ocrx_word' id='word_1_584' title='bbox 3365 3540 3472 3591; x_wconf 81' lang='grc' dir='ltr'>τῶν</span> <span class='ocrx_word' id='word_1_585' title='bbox 3503 3534 3628 3609; x_wconf 68' lang='grc' dir='ltr'>ὑπὲρ</span> <span class='ocrx_word' id='word_1_586' title='bbox 3659 3531 3812 3609; x_wconf 80' lang='grc' dir='ltr'>φύσιν,</span> 
     </span>
    </p>
   </div>
   <div class='ocr_carea' id='block_1_84' title="bbox 2193 3619 3810 3700">
    <p class='ocr_par' dir='ltr' id='par_1_84' title="bbox 2193 3619 3810 3700">
     <span class='ocr_line' id='line_1_84' title="bbox 2193 3619 3810 3700; baseline -0.007 -18"><span class='ocrx_word' id='word_1_587' title='bbox 2193 3628 2282 3682; x_wconf 87' lang='grc' dir='ltr'>καὶ</span> <span class='ocrx_word' id='word_1_588' title='bbox 2312 3630 2410 3696; x_wconf 72' lang='grc' dir='ltr'>τὴν</span> <span class='ocrx_word' id='word_1_589' title='bbox 2432 3629 2474 3662; x_wconf 71' lang='grc'>¹⁴</span> <span class='ocrx_word' id='word_1_590' title='bbox 2499 3625 2754 3694; x_wconf 79' lang='grc' dir='ltr'>τοιαύτην</span> <span class='ocrx_word' id='word_1_591' title='bbox 2777 3630 2884 3680; x_wconf 84' lang='grc' dir='ltr'>τῶν</span> <span class='ocrx_word' id='word_1_592' title='bbox 2920 3626 3206 3700; x_wconf 86' lang='grc' dir='ltr'>θειοτέρων</span> <span class='ocrx_word' id='word_1_593' title='bbox 3259 3625 3459 3697; x_wconf 87' lang='grc' dir='ltr'>μύησιν</span> <span class='ocrx_word' id='word_1_594' title='bbox 3511 3619 3810 3696; x_wconf 83' lang='grc' dir='ltr'>συμπάθειαν</span> 
     </span>
    </p>
   </div>
   <div class='ocr_carea' id='block_1_85' title="bbox 2195 3711 3050 3791">
    <p class='ocr_par' dir='ltr' id='par_1_85' title="bbox 2195 3711 3050 3791">
     <span class='ocr_line' id='line_1_85' title="bbox 2195 3711 3050 3791; baseline 0.001 -21"><span class='ocrx_word' id='word_1_595' title='bbox 2195 3713 2467 3787; x_wconf 74' lang='grc' dir='ltr'>ἐκάλεσεν,</span> <span class='ocrx_word' id='word_1_596' title='bbox 2493 3711 2659 3791; x_wconf 72' lang='grc' dir='ltr'>ἤγουν</span> <span class='ocrx_word' id='word_1_597' title='bbox 2693 3713 3050 3771; x_wconf 82' lang='grc' dir='ltr'>συνδιάθεσιν.</span> 
     </span>
    </p>
   </div>
   <div class='ocr_carea' id='block_1_86' title="bbox 2265 3895 3807 3977">
    <p class='ocr_par' dir='ltr' id='par_1_86' title="bbox 2265 3895 3807 3977">
     <span class='ocr_line' id='line_1_86' title="bbox 2265 3895 3807 3977; baseline -0.006 -17"><span class='ocrx_word' id='word_1_598' title='bbox 2265 3912 2291 3977; x_wconf 83' lang='lat'><strong>§</strong></span> <span class='ocrx_word' id='word_1_599' title='bbox 2323 3912 2385 3963; x_wconf 81' lang='grc' dir='ltr'>Χ.</span> <span class='ocrx_word' id='word_1_600' title='bbox 2417 3906 2480 3959; x_wconf 74' lang='grc' dir='ltr'>’Π</span> <span class='ocrx_word' id='word_1_601' title='bbox 2539 3903 2751 3959; x_wconf 85' lang='grc' dir='ltr'>πάντων</span> <span class='ocrx_word' id='word_1_602' title='bbox 2785 3903 2951 3962; x_wconf 86' lang='grc' dir='ltr'>αἰτία.</span> <span class='ocrx_word' id='word_1_603' title='bbox 2977 3905 3051 3958; x_wconf 83' lang='grc' dir='ltr'>Τὰ</span> <span class='ocrx_word' id='word_1_604' title='bbox 3083 3908 3200 3967; x_wconf 82' lang='grc' dir='ltr'>θεῖα</span> <span class='ocrx_word' id='word_1_605' title='bbox 3226 3907 3397 3959; x_wconf 81' lang='grc' dir='ltr'>ταῦτα</span> <span class='ocrx_word' id='word_1_606' title='bbox 3424 3899 3702 3977; x_wconf 82' lang='grc' dir='ltr'>παρίστησι</span> 
     </span>
    </p>
   </div>
   <div class='ocr_carea' id='block_1_87' title="bbox 2195 3983 3805 4068">
    <p class='ocr_par' dir='ltr' id='par_1_87' title="bbox 2195 3983 3805 4068">
     <span class='ocr_line' id='line_1_87' title="bbox 2195 3983 3805 4068; baseline -0.007 -19"><span class='ocrx_word' id='word_1_607' title='bbox 2195 4016 2354 4068; x_wconf 84' lang='grc' dir='ltr'>ματα,</span> <span class='ocrx_word' id='word_1_608' title='bbox 2381 3998 2500 4058; x_wconf 79' lang='grc' dir='ltr'>πῶς</span> <span class='ocrx_word' id='word_1_609' title='bbox 2529 3993 2617 4048; x_wconf 82' lang='grc' dir='ltr'>καὶ</span> <span class='ocrx_word' id='word_1_610' title='bbox 2650 3994 2677 4048; x_wconf 87' lang='lat'>6</span> <span class='ocrx_word' id='word_1_611' title='bbox 2709 3993 2834 4054; x_wconf 79' lang='grc' dir='ltr'>Υἱὸς</span> <span class='ocrx_word' id='word_1_612' title='bbox 2881 3993 2948 4046; x_wconf 88' lang='grc' dir='ltr'>τά</span> <span class='ocrx_word' id='word_1_613' title='bbox 2997 3993 3172 4048; x_wconf 86' lang='grc' dir='ltr'>πάντα</span> <span class='ocrx_word' id='word_1_614' title='bbox 3203 3992 3253 4047; x_wconf 75' lang='grc' dir='ltr'>ἐν</span> <span class='ocrx_word' id='word_1_615' title='bbox 3290 3998 3442 4062; x_wconf 85' lang='grc' dir='ltr'>πᾶσι,</span> <span class='ocrx_word' id='word_1_616' title='bbox 3493 3989 3578 4046; x_wconf 83' lang='grc' dir='ltr'>καὶ</span> <span class='ocrx_word' id='word_1_617' title='bbox 3625 3983 3805 4063; x_wconf 78' lang='grc' dir='ltr'>κεφαλὴ</span> 
     </span>
    </p>
   </div>
   <div class='ocr_carea' id='block_1_88' title="bbox 2188 4075 3808 4160">
    <p class='ocr_par' dir='ltr' id='par_1_88' title="bbox 2188 4075 3808 4160">
     <span class='ocr_line' id='line_1_88' title="bbox 2188 4075 3808 4160; baseline -0.009 -22"><span class='ocrx_word' id='word_1_618' title='bbox 2188 4083 2399 4139; x_wconf 85' lang='grc' dir='ltr'>πάντων</span> <span class='ocrx_word' id='word_1_619' title='bbox 2444 4084 2580 4138; x_wconf 86' lang='grc' dir='ltr'>κατά</span> <span class='ocrx_word' id='word_1_620' title='bbox 2607 4081 2698 4136; x_wconf 72' lang='grc' dir='ltr'>τὸν</span> <span class='ocrx_word' id='word_1_621' title='bbox 2749 4080 3104 4140; x_wconf 70' lang='grc' dir='ltr'>’Δπόστολοψ</span> <span class='ocrx_word' id='word_1_622' title='bbox 3161 4081 3249 4136; x_wconf 84' lang='grc' dir='ltr'>καὶ</span> <span class='ocrx_word' id='word_1_623' title='bbox 3296 4103 3482 4160; x_wconf 77' lang='grc' dir='ltr'>φησιν,</span> <span class='ocrx_word' id='word_1_624' title='bbox 3515 4079 3593 4135; x_wconf 80' lang='grc' dir='ltr'>ὅτι</span> <span class='ocrx_word' id='word_1_625' title='bbox 3624 4075 3808 4131; x_wconf 81' lang='grc' dir='ltr'>πάντων</span> 
     </span>
    </p>
   </div>
   <div class='ocr_carea' id='block_1_89' title="bbox 2187 4164 3807 4248">
    <p class='ocr_par' dir='ltr' id='par_1_89' title="bbox 2187 4164 3807 4248">
     <span class='ocr_line' id='line_1_89' title="bbox 2187 4164 3807 4248; baseline -0.01 -21"><span class='ocrx_word' id='word_1_626' title='bbox 2187 4173 2296 4228; x_wconf 82' lang='grc' dir='ltr'>ἐστὶ</span> <span class='ocrx_word' id='word_1_627' title='bbox 2329 4173 2612 4248; x_wconf 73' lang='grc' dir='ltr'>πλήρωμα</span> <span class='ocrx_word' id='word_1_628' title='bbox 2658 4171 2746 4226; x_wconf 83' lang='grc' dir='ltr'>καὶ</span> <span class='ocrx_word' id='word_1_629' title='bbox 2806 4170 3094 4246; x_wconf 74' lang='grc' dir='ltr'>συνοχεὺς.</span> <span class='ocrx_word' id='word_1_630' title='bbox 3151 4171 3251 4238; x_wconf 75' lang='grc' dir='ltr'>τὴν</span> <span class='ocrx_word' id='word_1_631' title='bbox 3315 4165 3688 4241; x_wconf 84' lang='grc' dir='ltr'>ἀλληλουχίαν</span> <span class='ocrx_word' id='word_1_632' title='bbox 3716 4164 3807 4216; x_wconf 81' lang='grc' dir='ltr'>τῶν</span> 
     </span>
    </p>
   </div>
   <div class='ocr_carea' id='block_1_90' title="bbox 2186 4250 3810 4337">
    <p class='ocr_par' dir='ltr' id='par_1_90' title="bbox 2186 4250 3810 4337">
     <span class='ocr_line' id='line_1_90' title="bbox 2186 4250 3810 4337; baseline -0.007 -20"><span class='ocrx_word' id='word_1_633' title='bbox 2186 4260 2693 4337; x_wconf 83' lang='grc' dir='ltr'>δημιουργημάτων</span> <span class='ocrx_word' id='word_1_634' title='bbox 2755 4261 3082 4335; x_wconf 83' lang='grc' dir='ltr'>συσφίγγων,</span> <span class='ocrx_word' id='word_1_635' title='bbox 3158 4260 3401 4315; x_wconf 74' lang='grc' dir='ltr'>τουτέστι</span> <span class='ocrx_word' id='word_1_636' title='bbox 3461 4259 3525 4331; x_wconf 74' lang='grc' dir='ltr'>τὰ</span> <span class='ocrx_word' id='word_1_637' title='bbox 3576 4256 3700 4330; x_wconf 87' lang='grc' dir='ltr'>μέρη</span> <span class='ocrx_word' id='word_1_638' title='bbox 3745 4250 3810 4318; x_wconf 80' lang='grc' dir='ltr'>τῷ</span> 
     </span>
    </p>
   </div>
   <div class='ocr_carea' id='block_1_91' title="bbox 2184 4337 3808 4420">
    <p class='ocr_par' dir='ltr' id='par_1_91' title="bbox 2184 4337 3808 4420">
     <span class='ocr_line' id='line_1_91' title="bbox 2184 4337 3808 4420; baseline -0.008 -12"><span class='ocrx_word' id='word_1_639' title='bbox 2184 4353 2363 4420; x_wconf 84' lang='grc' dir='ltr'>παντὶ,</span> <span class='ocrx_word' id='word_1_640' title='bbox 2397 4352 2470 4413; x_wconf 84' lang='grc' dir='ltr'>ὡς</span> <span class='ocrx_word' id='word_1_641' title='bbox 2496 4351 2557 4405; x_wconf 89' lang='grc' dir='ltr'>τὸ</span> <span class='ocrx_word' id='word_1_642' title='bbox 2584 4357 2685 4404; x_wconf 78' lang='grc' dir='ltr'>πᾶν</span> <span class='ocrx_word' id='word_1_643' title='bbox 2721 4349 2816 4404; x_wconf 82' lang='grc' dir='ltr'>ὥν·</span> <span class='ocrx_word' id='word_1_644' title='bbox 2849 4350 2924 4411; x_wconf 82' lang='grc' dir='ltr'>ὡς</span> <span class='ocrx_word' id='word_1_645' title='bbox 2970 4354 3066 4403; x_wconf 84' lang='grc' dir='ltr'>τοῦ</span> <span class='ocrx_word' id='word_1_646' title='bbox 3113 4350 3310 4412; x_wconf 87' lang='grc' dir='ltr'>παντὸς</span> <span class='ocrx_word' id='word_1_647' title='bbox 3345 4349 3436 4404; x_wconf 77' lang='grc' dir='ltr'>οὗν</span> <span class='ocrx_word' id='word_1_648' title='bbox 3488 4337 3808 4418; x_wconf 70' lang='grc' dir='ltr'>συναγωγεῦς,</span> 
     </span>
    </p>
   </div>
   <div class='ocr_carea' id='block_1_92' title="bbox 2183 4422 3805 4514">
    <p class='ocr_par' dir='ltr' id='par_1_92' title="bbox 2183 4422 3805 4514">
     <span class='ocr_line' id='line_1_92' title="bbox 2183 4422 3805 4514; baseline -0.007 -18"><span class='ocrx_word' id='word_1_649' title='bbox 2183 4442 2272 4496; x_wconf 78' lang='grc' dir='ltr'>καὶ</span> <span class='ocrx_word' id='word_1_650' title='bbox 2307 4443 2468 4514; x_wconf 83' lang='grc' dir='ltr'>μέρος</span> <span class='ocrx_word' id='word_1_651' title='bbox 2502 4439 2749 4506; x_wconf 79' lang='grc' dir='ltr'>εἰκότως,</span> <span class='ocrx_word' id='word_1_652' title='bbox 2782 4436 2969 4506; x_wconf 70' lang='grc' dir='ltr'>ἐπειδὴ</span> <span class='ocrx_word' id='word_1_653' title='bbox 3003 4437 3092 4492; x_wconf 79' lang='grc' dir='ltr'>καὶ</span> <span class='ocrx_word' id='word_1_654' title='bbox 3144 4443 3247 4492; x_wconf 79' lang='grc' dir='ltr'>πᾶν</span> <span class='ocrx_word' id='word_1_655' title='bbox 3287 4437 3451 4513; x_wconf 87' lang='grc' dir='ltr'>μέρος</span> <span class='ocrx_word' id='word_1_656' title='bbox 3484 4439 3575 4490; x_wconf 80' lang='grc' dir='ltr'>τοῦ</span> <span class='ocrx_word' id='word_1_657' title='bbox 3638 4422 3805 4485; x_wconf 83' lang='grc' dir='ltr'>παντός</span> 
     </span>
    </p>
   </div>
   <div class='ocr_carea' id='block_1_93' title="bbox 2182 4513 3804 4605">
    <p class='ocr_par' dir='ltr' id='par_1_93' title="bbox 2182 4513 3804 4605">
     <span class='ocr_line' id='line_1_93' title="bbox 2182 4513 3804 4605; baseline -0.009 -20"><span class='ocrx_word' id='word_1_658' title='bbox 2182 4530 2294 4585; x_wconf 83' lang='grc' dir='ltr'>ἐστι</span> <span class='ocrx_word' id='word_1_659' title='bbox 2330 4529 2512 4605; x_wconf 81' lang='grc' dir='ltr'>μέρος,</span> <span class='ocrx_word' id='word_1_660' title='bbox 2565 4528 2654 4583; x_wconf 83' lang='grc' dir='ltr'>καὶ</span> <span class='ocrx_word' id='word_1_661' title='bbox 2690 4525 2812 4583; x_wconf 66' lang='grc' dir='ltr'>οὔτε</span> <span class='ocrx_word' id='word_1_662' title='bbox 2836 4533 2964 4600; x_wconf 76' lang='grc' dir='ltr'>πᾶν,</span> <span class='ocrx_word' id='word_1_663' title='bbox 3029 4525 3157 4582; x_wconf 70' lang='grc' dir='ltr'>οὔτε</span> <span class='ocrx_word' id='word_1_664' title='bbox 3218 4526 3406 4603; x_wconf 86' lang='grc' dir='ltr'>μέρος,</span> <span class='ocrx_word' id='word_1_665' title='bbox 3441 4525 3513 4586; x_wconf 86' lang='grc' dir='ltr'>ὡς</span> <span class='ocrx_word' id='word_1_666' title='bbox 3563 4517 3716 4595; x_wconf 75' lang='grc' dir='ltr'>μηδὲν</span> <span class='ocrx_word' id='word_1_667' title='bbox 3745 4513 3804 4605; x_wconf 48' lang='grc' dir='ltr'>ἃιν</span> 
     </span>
    </p>
   </div>
   <div class='ocr_carea' id='block_1_94' title="bbox 424 4597 2087 4694">
    <p class='ocr_par' dir='ltr' id='par_1_94' title="bbox 424 4616 2068 4694">
     <span class='ocr_line' id='line_1_94' title="bbox 424 4616 2068 4694; baseline -0.004 -15"><span class='ocrx_word' id='word_1_668' title='bbox 424 4641 604 4694; x_wconf 85' lang='lat' dir='ltr'>supra</span> <span class='ocrx_word' id='word_1_669' title='bbox 634 4638 872 4678; x_wconf 89' lang='lat' dir='ltr'>omnem</span> <span class='ocrx_word' id='word_1_670' title='bbox 925 4619 1518 4690; x_wconf 88' lang='lat' dir='ltr'>essentiam;partes</span> <span class='ocrx_word' id='word_1_671' title='bbox 1569 4620 1765 4671; x_wconf 84' lang='lat' dir='ltr'>autem</span> <span class='ocrx_word' id='word_1_672' title='bbox 1816 4616 2068 4673; x_wconf 85' lang='lat' dir='ltr'>universi</span> 
     </span>
    </p>
   </div>
   <div class='ocr_carea' id='block_1_95' title="bbox 2200 4597 3808 4694">
    <p class='ocr_par' dir='ltr' id='par_1_95' title="bbox 2200 4597 3808 4692">
     <span class='ocr_line' id='line_1_95' title="bbox 2200 4597 3808 4692; baseline -0.007 -18"><span class='ocrx_word' id='word_1_673' title='bbox 2294 4597 2508 4691; x_wconf 47' lang='grc' dir='ltr'>αύτῶν,</span> <span class='ocrx_word' id='word_1_674' title='bbox 2548 4617 2694 4673; x_wconf 82' lang='grc' dir='ltr'>ἀλλᾶ</span> <span class='ocrx_word' id='word_1_675' title='bbox 2749 4616 2840 4671; x_wconf 83' lang='grc' dir='ltr'>καί</span> <span class='ocrx_word' id='word_1_676' title='bbox 2904 4597 3038 4692; x_wconf 71' lang='grc' dir='ltr'>ὑπὲρ</span> <span class='ocrx_word' id='word_1_677' title='bbox 3084 4597 3257 4670; x_wconf 82' lang='grc' dir='ltr'>πᾶσαν</span> <span class='ocrx_word' id='word_1_678' title='bbox 3290 4597 3520 4670; x_wconf 67' lang='grc' dir='ltr'>ὀύσίαν·</span> <span class='ocrx_word' id='word_1_679' title='bbox 3583 4610 3708 4684; x_wconf 80' lang='grc' dir='ltr'>μέρη</span> <span class='ocrx_word' id='word_1_680' title='bbox 3761 4597 3808 4654; x_wconf 62' lang='grc' dir='ltr'>δὲ</span> 
     </span>
    </p>
   </div>
   <div class='ocr_carea' id='block_1_96' title="bbox 423 4705 2078 4782">
    <p class='ocr_par' dir='ltr' id='par_1_96' title="bbox 423 4705 2078 4782">
     <span class='ocr_line' id='line_1_96' title="bbox 423 4705 2078 4782; baseline -0.002 -14"><span class='ocrx_word' id='word_1_681' title='bbox 423 4713 631 4768; x_wconf 89' lang='lat' dir='ltr'>mundi</span> <span class='ocrx_word' id='word_1_682' title='bbox 660 4716 800 4768; x_wconf 88' lang='lat' dir='ltr'>sunt</span> <span class='ocrx_word' id='word_1_683' title='bbox 820 4727 948 4782; x_wconf 67' lang='lat' dir='ltr'>quas</span> <span class='ocrx_word' id='word_1_684' title='bbox 979 4709 1308 4766; x_wconf 81' lang='lat' dir='ltr'>secundum</span> <span class='ocrx_word' id='word_1_685' title='bbox 1332 4707 1485 4761; x_wconf 81' lang='grc'>118</span> <span class='ocrx_word' id='word_1_686' title='bbox 1513 4705 1768 4777; x_wconf 89' lang='lat' dir='ltr'>speciem</span> <span class='ocrx_word' id='word_1_687' title='bbox 1801 4706 2078 4765; x_wconf 87' lang='lat' dir='ltr'>videntur</span> 
     </span>
    </p>
   </div>
   <div class='ocr_carea' id='block_1_97' title="bbox 424 4794 2077 4872">
    <p class='ocr_par' dir='ltr' id='par_1_97' title="bbox 424 4794 2077 4872">
     <span class='ocr_line' id='line_1_97' title="bbox 424 4794 2077 4872; baseline -0.002 -13"><span class='ocrx_word' id='word_1_688' title='bbox 424 4820 543 4872; x_wconf 88' lang='lat' dir='ltr'>aer,</span> <span class='ocrx_word' id='word_1_689' title='bbox 574 4800 968 4872; x_wconf 68' lang='lat' dir='ltr'>terra,plantae</span> <span class='ocrx_word' id='word_1_690' title='bbox 1000 4803 1058 4854; x_wconf 89' lang='lat' dir='ltr'>et</span> <span class='ocrx_word' id='word_1_691' title='bbox 1086 4797 1334 4868; x_wconf 88' lang='lat' dir='ltr'>reliqua,</span> <span class='ocrx_word' id='word_1_692' title='bbox 1383 4799 1590 4867; x_wconf 87' lang='lat' dir='ltr'>estque</span> <span class='ocrx_word' id='word_1_693' title='bbox 1619 4794 1796 4850; x_wconf 89' lang='lat' dir='ltr'>veluti</span> <span class='ocrx_word' id='word_1_694' title='bbox 1823 4799 2077 4867; x_wconf 82' lang='lat' dir='ltr'>perfecta</span> 
     </span>
    </p>
   </div>
   <div class='ocr_carea' id='block_1_98' title="bbox 424 4884 2070 4963">
    <p class='ocr_par' dir='ltr' id='par_1_98' title="bbox 424 4884 2070 4963">
     <span class='ocr_line' id='line_1_98' title="bbox 424 4884 2070 4963; baseline -0.002 -16"><span class='ocrx_word' id='word_1_695' title='bbox 424 4893 644 4963; x_wconf 87' lang='lat' dir='ltr'>aliqua,</span> <span class='ocrx_word' id='word_1_696' title='bbox 678 4907 804 4962; x_wconf 81' lang='lat' dir='ltr'>quae</span> <span class='ocrx_word' id='word_1_697' title='bbox 835 4891 966 4959; x_wconf 89' lang='lat' dir='ltr'>ejus</span> <span class='ocrx_word' id='word_1_698' title='bbox 1000 4887 1220 4941; x_wconf 91' lang='lat' dir='ltr'>dicitur</span> <span class='ocrx_word' id='word_1_699' title='bbox 1251 4884 1533 4940; x_wconf 88' lang='lat' dir='ltr'>divinitas</span> <span class='ocrx_word' id='word_1_700' title='bbox 1565 4888 1827 4956; x_wconf 83' lang='lat' dir='ltr'>respectu</span> <span class='ocrx_word' id='word_1_701' title='bbox 1864 4889 2070 4958; x_wconf 90' lang='lat' dir='ltr'>nostri,</span> 
     </span>
    </p>
   </div>
   <div class='ocr_carea' id='block_1_99' title="bbox 423 4973 2069 5051">
    <p class='ocr_par' dir='ltr' id='par_1_99' title="bbox 423 4973 2069 5051">
     <span class='ocr_line' id='line_1_99' title="bbox 423 4973 2069 5051; baseline 0.001 -17"><span class='ocrx_word' id='word_1_702' title='bbox 423 4981 522 5051; x_wconf 90' lang='lat' dir='ltr'>qui</span> <span class='ocrx_word' id='word_1_703' title='bbox 555 4977 883 5051; x_wconf 83' lang='lat' dir='ltr'>imperfecti</span> <span class='ocrx_word' id='word_1_704' title='bbox 935 4991 1163 5032; x_wconf 89' lang='lat' dir='ltr'>sumus.</span> <span class='ocrx_word' id='word_1_705' title='bbox 1204 4973 1367 5028; x_wconf 90' lang='lat' dir='ltr'>Sicut</span> <span class='ocrx_word' id='word_1_706' title='bbox 1397 4974 1549 5045; x_wconf 89' lang='lat' dir='ltr'>apud</span> <span class='ocrx_word' id='word_1_707' title='bbox 1583 4973 1924 5031; x_wconf 84' lang='lat' dir='ltr'>Matthaeum</span> <span class='ocrx_word' id='word_1_708' title='bbox 1956 4978 2069 5050; x_wconf 85' lang='lat' dir='ltr'>(g):</span> 
     </span>
    </p>
   </div>
   <div class='ocr_carea' id='block_1_100' title="bbox 421 5065 2070 5141">
    <p class='ocr_par' dir='ltr' id='par_1_100' title="bbox 421 5065 2070 5141">
     <span class='ocr_line' id='line_1_100' title="bbox 421 5065 2070 5141; baseline -0.001 -17"><span class='ocrx_word' id='word_1_709' title='bbox 421 5070 661 5141; x_wconf 71' lang='lat' dir='ltr'>Per/ceti</span> <span class='ocrx_word' id='word_1_710' title='bbox 687 5073 875 5137; x_wconf 76' lang='lat' dir='ltr'>estote,</span> <span class='ocrx_word' id='word_1_711' title='bbox 909 5067 1041 5136; x_wconf 84' lang='lat' dir='ltr'>quia</span> <span class='ocrx_word' id='word_1_712' title='bbox 1069 5080 1166 5133; x_wconf 86' lang='lat' dir='ltr'>ego</span> <span class='ocrx_word' id='word_1_713' title='bbox 1199 5065 1469 5134; x_wconf 77' lang='lat' dir='ltr'>perfectus</span> <span class='ocrx_word' id='word_1_714' title='bbox 1497 5080 1639 5133; x_wconf 83' lang='lat' dir='ltr'>sum,</span> <span class='ocrx_word' id='word_1_715' title='bbox 1664 5071 1933 5136; x_wconf 81' lang='lat' dir='ltr'>respectu</span> <span class='ocrx_word' id='word_1_716' title='bbox 1967 5085 2070 5123; x_wconf 90' lang='lat' dir='ltr'>au-</span> 
     </span>
    </p>
   </div>
   <div class='ocr_carea' id='block_1_101' title="bbox 493 5221 997 5297">
    <p class='ocr_par' dir='ltr' id='par_1_101' title="bbox 493 5221 997 5297">
     <span class='ocr_line' id='line_1_101' title="bbox 493 5221 997 5297; baseline -0.01 -18"><span class='ocrx_word' id='word_1_717' title='bbox 493 5225 570 5297; x_wconf 86' lang='lat' dir='ltr'>(d)</span> <span class='ocrx_word' id='word_1_718' title='bbox 602 5223 737 5292; x_wconf 81' lang='lat' dir='ltr'>Cap,</span> <span class='ocrx_word' id='word_1_719' title='bbox 769 5241 824 5290; x_wconf 89' lang='lat' dir='ltr'>v,</span> <span class='ocrx_word' id='word_1_720' title='bbox 854 5239 910 5276; x_wconf 88' lang='lat' dir='ltr'>v.</span> <span class='ocrx_word' id='word_1_721' title='bbox 943 5221 997 5275; x_wconf 92' lang='lat'>8.</span> 
     </span>
    </p>
   </div>
   <div class='ocr_carea' id='block_1_102' title="bbox 1077 5217 2987 5294">
    <p class='ocr_par' dir='ltr' id='par_1_102' title="bbox 1077 5217 2987 5294">
     <span class='ocr_line' id='line_1_102' title="bbox 1077 5217 2987 5294; baseline -0.001 -20"><span class='ocrx_word' id='word_1_722' title='bbox 1077 5220 1148 5291; x_wconf 75' lang='grc' dir='ltr'>(ε)</span> <span class='ocrx_word' id='word_1_723' title='bbox 1180 5219 1261 5274; x_wconf 87' lang='lat' dir='ltr'>Ex</span> <span class='ocrx_word' id='word_1_724' title='bbox 1288 5218 1464 5274; x_wconf 86' lang='lat' dir='ltr'>variis</span> <span class='ocrx_word' id='word_1_725' title='bbox 1495 5217 1888 5290; x_wconf 89' lang='lat' dir='ltr'>Epistolarum</span> <span class='ocrx_word' id='word_1_726' title='bbox 1920 5227 1976 5277; x_wconf 87' lang='lat' dir='ltr'>S.</span> <span class='ocrx_word' id='word_1_727' title='bbox 2014 5225 2174 5281; x_wconf 88' lang='lat' dir='ltr'>Pauli</span> <span class='ocrx_word' id='word_1_728' title='bbox 2203 5224 2366 5281; x_wconf 91' lang='lat' dir='ltr'>locis.</span> <span class='ocrx_word' id='word_1_729' title='bbox 2445 5224 2512 5294; x_wconf 79' lang='lat' dir='ltr'>(f)</span> <span class='ocrx_word' id='word_1_730' title='bbox 2542 5220 2766 5277; x_wconf 90' lang='lat' dir='ltr'>Coloss.</span> <span class='ocrx_word' id='word_1_731' title='bbox 2802 5237 2863 5288; x_wconf 82' lang='grc' dir='ltr'>ιι,</span> <span class='ocrx_word' id='word_1_732' title='bbox 2901 5219 2987 5274; x_wconf 90' lang='grc'>10.</span> 
     </span>
    </p>
   </div>
   <div class='ocr_carea' id='block_1_103' title="bbox 2187 4695 3802 4780">
    <p class='ocr_par' dir='ltr' id='par_1_103' title="bbox 2187 4695 3802 4780">
     <span class='ocr_line' id='line_1_103' title="bbox 2187 4695 3802 4780; baseline -0.008 -15"><span class='ocrx_word' id='word_1_733' title='bbox 2187 4709 2320 4765; x_wconf 84' lang='grc' dir='ltr'>ὅλου</span> <span class='ocrx_word' id='word_1_734' title='bbox 2348 4713 2443 4764; x_wconf 72' lang='grc' dir='ltr'>τοῦ</span> <span class='ocrx_word' id='word_1_735' title='bbox 2469 4708 2681 4780; x_wconf 87' lang='grc' dir='ltr'>κόσμου</span> <span class='ocrx_word' id='word_1_736' title='bbox 2729 4705 2832 4760; x_wconf 86' lang='grc' dir='ltr'>εἰσί</span> <span class='ocrx_word' id='word_1_737' title='bbox 2863 4707 2929 4760; x_wconf 76' lang='grc' dir='ltr'>τὰ</span> <span class='ocrx_word' id='word_1_738' title='bbox 2952 4707 3072 4760; x_wconf 87' lang='grc' dir='ltr'>κατ’</span> <span class='ocrx_word' id='word_1_739' title='bbox 3106 4704 3245 4767; x_wconf 81' lang='grc' dir='ltr'>εἶδος</span> <span class='ocrx_word' id='word_1_740' title='bbox 3279 4705 3554 4777; x_wconf 80' lang='grc' dir='ltr'>ὁρώμενα,</span> <span class='ocrx_word' id='word_1_741' title='bbox 3586 4699 3701 4771; x_wconf 74' lang='grc' dir='ltr'>ἀὴρ,</span> <span class='ocrx_word' id='word_1_742' title='bbox 3747 4695 3802 4763; x_wconf 81' lang='grc' dir='ltr'>γῆ</span> 
     </span>
    </p>
   </div>
   <div class='ocr_carea' id='block_1_104' title="bbox 2185 4780 3801 4878">
    <p class='ocr_par' dir='ltr' id='par_1_104' title="bbox 2185 4780 3801 4878">
     <span class='ocr_line' id='line_1_104' title="bbox 2185 4780 3801 4878; baseline -0.011 -25"><span class='ocrx_word' id='word_1_743' title='bbox 2185 4798 2342 4878; x_wconf 71' lang='grc' dir='ltr'>φυτὰ,</span> <span class='ocrx_word' id='word_1_744' title='bbox 2375 4796 2464 4852; x_wconf 81' lang='grc' dir='ltr'>καὶ</span> <span class='ocrx_word' id='word_1_745' title='bbox 2493 4797 2560 4850; x_wconf 84' lang='grc' dir='ltr'>τά</span> <span class='ocrx_word' id='word_1_746' title='bbox 2591 4793 2777 4850; x_wconf 89' lang='grc' dir='ltr'>λοιπά·</span> <span class='ocrx_word' id='word_1_747' title='bbox 2829 4794 2919 4848; x_wconf 80' lang='grc' dir='ltr'>καὶ</span> <span class='ocrx_word' id='word_1_748' title='bbox 2951 4789 3064 4848; x_wconf 75' lang='grc' dir='ltr'>ἔστι</span> <span class='ocrx_word' id='word_1_749' title='bbox 3100 4795 3196 4866; x_wconf 76' lang='grc' dir='ltr'>μὲν</span> <span class='ocrx_word' id='word_1_750' title='bbox 3238 4793 3326 4848; x_wconf 78' lang='grc' dir='ltr'>οἷά</span> <span class='ocrx_word' id='word_1_751' title='bbox 3373 4813 3454 4854; x_wconf 88' lang='grc' dir='ltr'>τις</span> <span class='ocrx_word' id='word_1_752' title='bbox 3504 4785 3675 4844; x_wconf 86' lang='grc' dir='ltr'>τελεία</span> <span class='ocrx_word' id='word_1_753' title='bbox 3727 4780 3801 4834; x_wconf 86' lang='grc' dir='ltr'>λε·</span> 
     </span>
    </p>
   </div>
   <div class='ocr_carea' id='block_1_105' title="bbox 2181 4869 3803 4966">
    <p class='ocr_par' dir='ltr' id='par_1_105' title="bbox 2181 4869 3803 4966">
     <span class='ocr_line' id='line_1_105' title="bbox 2181 4869 3803 4966; baseline -0.012 -23"><span class='ocrx_word' id='word_1_754' title='bbox 2181 4869 2385 4966; x_wconf 80' lang='grc' dir='ltr'>γομένη</span> <span class='ocrx_word' id='word_1_755' title='bbox 2419 4889 2453 4958; x_wconf 80' lang='grc' dir='ltr'>ἡ</span> <span class='ocrx_word' id='word_1_756' title='bbox 2487 4887 2652 4941; x_wconf 78' lang='grc' dir='ltr'>αὐτοῦ</span> <span class='ocrx_word' id='word_1_757' title='bbox 2685 4883 2899 4954; x_wconf 82' lang='grc' dir='ltr'>Θεότης,</span> <span class='ocrx_word' id='word_1_758' title='bbox 2933 4885 3006 4945; x_wconf 85' lang='grc' dir='ltr'>ὡς</span> <span class='ocrx_word' id='word_1_759' title='bbox 3050 4882 3188 4960; x_wconf 76' lang='grc' dir='ltr'>πρὸς</span> <span class='ocrx_word' id='word_1_760' title='bbox 3220 4885 3374 4952; x_wconf 79' lang='grc' dir='ltr'>ἡμᾶς</span> <span class='ocrx_word' id='word_1_761' title='bbox 3421 4879 3545 4941; x_wconf 80' lang='grc' dir='ltr'>τοὺς</span> <span class='ocrx_word' id='word_1_762' title='bbox 3601 4869 3803 4966; x_wconf 47' lang='grc' dir='ltr'>ἀτελεῖς</span> 
     </span>
    </p>
   </div>
   <div class='ocr_carea' id='block_1_106' title="bbox 2184 4955 3804 5049">
    <p class='ocr_par' dir='ltr' id='par_1_106' title="bbox 2184 4955 3804 5049">
     <span class='ocr_line' id='line_1_106' title="bbox 2184 4955 3804 5049; baseline -0.008 -16"><span class='ocrx_word' id='word_1_763' title='bbox 2184 4955 2264 5040; x_wconf 29' lang='grc' dir='ltr'>ὧς.</span> <span class='ocrx_word' id='word_1_764' title='bbox 2321 4955 2464 5049; x_wconf 77' lang='grc' dir='ltr'>παρά</span> <span class='ocrx_word' id='word_1_765' title='bbox 2539 4975 2835 5046; x_wconf 65' lang='lat' dir='ltr'>Maneatqu</span> <span class='ocrx_word' id='word_1_766' title='bbox 2895 4955 3111 5028; x_wconf 84' lang='grc' dir='ltr'>Τέλειοί</span> <span class='ocrx_word' id='word_1_767' title='bbox 3166 4973 3399 5048; x_wconf 80' lang='grc' dir='ltr'>γίνεσθε,</span> <span class='ocrx_word' id='word_1_768' title='bbox 3459 4968 3540 5025; x_wconf 73' lang='grc' dir='ltr'>ὅτι</span> <span class='ocrx_word' id='word_1_769' title='bbox 3589 4963 3688 5049; x_wconf 69' lang='grc' dir='ltr'>ἐγὼ</span> <span class='ocrx_word' id='word_1_770' title='bbox 3733 4955 3804 5010; x_wconf 66' lang='grc' dir='ltr'>τί·</span> 
     </span>
    </p>
   </div>
   <div class='ocr_carea' id='block_1_107' title="bbox 2181 5048 3804 5140">
    <p class='ocr_par' dir='ltr' id='par_1_107' title="bbox 2181 5048 3804 5140">
     <span class='ocr_line' id='line_1_107' title="bbox 2181 5048 3804 5140; baseline -0.013 -17"><span class='ocrx_word' id='word_1_771' title='bbox 2181 5067 2330 5131; x_wconf 90' lang='grc' dir='ltr'>λειός</span> <span class='ocrx_word' id='word_1_772' title='bbox 2385 5048 2518 5137; x_wconf 78' lang='grc' dir='ltr'>εἰμι’</span> <span class='ocrx_word' id='word_1_773' title='bbox 2545 5065 2680 5140; x_wconf 87' lang='grc' dir='ltr'>πρὸς</span> <span class='ocrx_word' id='word_1_774' title='bbox 2705 5060 2762 5118; x_wconf 72' lang='grc' dir='ltr'>δὲ</span> <span class='ocrx_word' id='word_1_775' title='bbox 2791 5061 3060 5139; x_wconf 83' lang='grc' dir='ltr'>ἀγγέλους</span> <span class='ocrx_word' id='word_1_776' title='bbox 3086 5060 3217 5123; x_wconf 78' lang='grc' dir='ltr'>τοὺς</span> <span class='ocrx_word' id='word_1_777' title='bbox 3249 5059 3493 5119; x_wconf 87' lang='grc' dir='ltr'>τελείους</span> <span class='ocrx_word' id='word_1_778' title='bbox 3541 5053 3601 5109; x_wconf 82' lang='grc' dir='ltr'>οὐ</span> <span class='ocrx_word' id='word_1_779' title='bbox 3622 5048 3804 5106; x_wconf 80' lang='grc' dir='ltr'>τέλειος</span> 
     </span>
    </p>
   </div>
   <div class='ocr_carea' id='block_1_108' title="bbox 3066 5213 3602 5289">
    <p class='ocr_par' dir='ltr' id='par_1_108' title="bbox 3066 5213 3602 5289">
     <span class='ocr_line' id='line_1_108' title="bbox 3066 5213 3602 5289; baseline -0.019 -15"><span class='ocrx_word' id='word_1_780' title='bbox 3066 5219 3142 5289; x_wconf 88' lang='lat' dir='ltr'>(g)</span> <span class='ocrx_word' id='word_1_781' title='bbox 3173 5218 3312 5289; x_wconf 88' lang='lat' dir='ltr'>Cap.</span> <span class='ocrx_word' id='word_1_782' title='bbox 3345 5233 3398 5287; x_wconf 82' lang='grc' dir='ltr'>ν,</span> <span class='ocrx_word' id='word_1_783' title='bbox 3429 5231 3484 5271; x_wconf 82' lang='grc' dir='ltr'>ν.</span> <span class='ocrx_word' id='word_1_784' title='bbox 3518 5213 3602 5266; x_wconf 83' lang='grc'>48.</span> 
     </span>
    </p>
   </div>
   <div class='ocr_carea' id='block_1_109' title="bbox 1451 5371 2837 5434">
    <p class='ocr_par' dir='ltr' id='par_1_109' title="bbox 1451 5371 2837 5434">
     <span class='ocr_line' id='line_1_109' title="bbox 1451 5371 2837 5434; baseline 0.003 -10"><span class='ocrx_word' id='word_1_785' title='bbox 1451 5371 1690 5426; x_wconf 80' lang='lat' dir='ltr'>VARle</span> <span class='ocrx_word' id='word_1_786' title='bbox 1729 5372 2121 5434; x_wconf 82' lang='lat' dir='ltr'>LECTIONES</span> <span class='ocrx_word' id='word_1_787' title='bbox 2161 5377 2246 5432; x_wconf 90' lang='lat' dir='ltr'>ET</span> <span class='ocrx_word' id='word_1_788' title='bbox 2285 5372 2837 5432; x_wconf 81' lang='lat' dir='ltr'>CORRECTIONES.</span> 
     </span>
    </p>
   </div>
   <div class='ocr_carea' id='block_1_110' title="bbox 497 5472 3798 5578">
    <p class='ocr_par' dir='ltr' id='par_1_110' title="bbox 497 5472 3798 5578">
     <span class='ocr_line' id='line_1_110' title="bbox 497 5472 3798 5578; baseline -0.006 -22"><span class='ocrx_word' id='word_1_789' title='bbox 497 5507 540 5542; x_wconf 80' lang='grc'>¹¹</span> <span class='ocrx_word' id='word_1_790' title='bbox 571 5522 658 5578; x_wconf 89' lang='grc' dir='ltr'>γρ.</span> <span class='ocrx_word' id='word_1_791' title='bbox 691 5502 852 5578; x_wconf 76' lang='grc' dir='ltr'>θεῖον.</span> <span class='ocrx_word' id='word_1_792' title='bbox 877 5567 899 5578; x_wconf 32' lang='grc' dir='ltr'>,ι</span> <span class='ocrx_word' id='word_1_793' title='bbox 932 5495 1056 5578; x_wconf 44' lang='grc' dir='ltr'>ξ²Ιτί</span> <span class='ocrx_word' id='word_1_794' title='bbox 1087 5493 1144 5551; x_wconf 81' lang='grc' dir='ltr'>δέ</span> <span class='ocrx_word' id='word_1_795' title='bbox 1169 5494 1287 5578; x_wconf 37' lang='grc' dir='ltr'>ἐστι.</span> <span class='ocrx_word' id='word_1_796' title='bbox 1312 5500 1501 5578; x_wconf 49' lang='grc' dir='ltr'>παθεῖν</span> <span class='ocrx_word' id='word_1_797' title='bbox 1534 5495 1600 5578; x_wconf 54' lang='lat' dir='ltr'>fit</span> <span class='ocrx_word' id='word_1_798' title='bbox 1628 5495 1764 5578; x_wconf 69' lang='grc' dir='ltr'>βεῖα,</span> <span class='ocrx_word' id='word_1_799' title='bbox 1799 5495 2050 5570; x_wconf 81' lang='grc' dir='ltr'>εἰσόμεθα</span> <span class='ocrx_word' id='word_1_800' title='bbox 2084 5499 2143 5555; x_wconf 86' lang='grc' dir='ltr'>ἐκ</span> <span class='ocrx_word' id='word_1_801' title='bbox 2198 5505 2292 5555; x_wconf 70' lang='grc' dir='ltr'>τοῦ</span> <span class='ocrx_word' id='word_1_802' title='bbox 2343 5499 2654 5570; x_wconf 81' lang='grc' dir='ltr'>εἰρημένου·</span> <span class='ocrx_word' id='word_1_803' title='bbox 2717 5493 2882 5570; x_wconf 80' lang='grc' dir='ltr'>ἔμαθε</span> <span class='ocrx_word' id='word_1_804' title='bbox 2937 5496 3040 5572; x_wconf 75' lang='grc' dir='ltr'>γὰρ</span> <span class='ocrx_word' id='word_1_805' title='bbox 3094 5495 3182 5572; x_wconf 76' lang='grc' dir='ltr'>ἀφ’</span> <span class='ocrx_word' id='word_1_806' title='bbox 3245 5493 3320 5547; x_wconf 81' lang='grc' dir='ltr'>ὧν</span> <span class='ocrx_word' id='word_1_807' title='bbox 3379 5485 3588 5578; x_wconf 73' lang='grc' dir='ltr'>ἔπαθενο</span> <span class='ocrx_word' id='word_1_808' title='bbox 3643 5481 3668 5535; x_wconf 84' lang='grc' dir='ltr'>ὁ</span> <span class='ocrx_word' id='word_1_809' title='bbox 3717 5472 3798 5578; x_wconf 64' lang='grc' dir='ltr'>γξιρ</span> 
     </span>
    </p>
   </div>
   <div class='ocr_carea' id='block_1_111' title="bbox 422 5555 2087 5654">
    <p class='ocr_par' dir='ltr' id='par_1_111' title="bbox 422 5555 2047 5654">
     <span class='ocr_line' id='line_1_111' title="bbox 422 5555 2047 5654; baseline -0.004 -28"><span class='ocrx_word' id='word_1_810' title='bbox 422 5555 1178 5654; x_wconf 11' lang='grc' dir='ltr'>παρῷνδρπείρᾳηδιδάσκεται</span> <span class='ocrx_word' id='word_1_811' title='bbox 1235 5569 1298 5623; x_wconf 84' lang='grc' dir='ltr'>τὸ</span> <span class='ocrx_word' id='word_1_812' title='bbox 1351 5555 1833 5650; x_wconf 68' lang='grc' dir='ltr'>προϐαλλόμενονἶ</span> <span class='ocrx_word' id='word_1_813' title='bbox 1891 5555 2047 5654; x_wconf 66' lang='grc' dir='ltr'>ῥειίῴ</span> 
     </span>
    </p>
   </div>
   <div class='ocr_carea' id='block_1_112' title="bbox 2200 5555 3797 5654">
    <p class='ocr_par' dir='ltr' id='par_1_112' title="bbox 2200 5555 3797 5654">
     <span class='ocr_line' id='line_1_112' title="bbox 2200 5555 3797 5654; baseline -0.011 -25"><span class='ocrx_word' id='word_1_814' title='bbox 2200 5593 2226 5629; x_wconf 89' lang='grc' dir='ltr'>ο</span> <span class='ocrx_word' id='word_1_815' title='bbox 2255 5575 2329 5630; x_wconf 77' lang='lat' dir='ltr'>sit</span> <span class='ocrx_word' id='word_1_816' title='bbox 2352 5555 2716 5654; x_wconf 28' lang='grc' dir='ltr'>ῃὶιίῖιάἰυίῃα,</span> <span class='ocrx_word' id='word_1_817' title='bbox 2748 5555 3100 5654; x_wconf 56' lang='lat' dir='ltr'>iwvimiif&#39;ex</span> <span class='ocrx_word' id='word_1_818' title='bbox 3144 5555 3212 5624; x_wconf 81' lang='grc' dir='ltr'>ἐο</span> <span class='ocrx_word' id='word_1_819' title='bbox 3244 5565 3389 5648; x_wconf 70' lang='lat' dir='ltr'>quod</span> <span class='ocrx_word' id='word_1_820' title='bbox 3443 5563 3639 5654; x_wconf 48' lang='lat' dir='ltr'>dictum</span> <span class='ocrx_word' id='word_1_821' title='bbox 3689 5555 3797 5654; x_wconf 48' lang='lat' dir='ltr'>ei:</span> 
     </span>
    </p>
   </div>
   <div class='ocr_carea' id='block_1_113' title="bbox 428 5635 3798 5719">
    <p class='ocr_par' dir='ltr' id='par_1_113' title="bbox 428 5635 3798 5719">
     <span class='ocr_line' id='line_1_113' title="bbox 428 5635 3798 5719; baseline -0.003 -16"><span class='ocrx_word' id='word_1_822' title='bbox 428 5635 700 5719; x_wconf 72' lang='lat' dir='ltr'>«Didicit</span> <span class='ocrx_word' id='word_1_823' title='bbox 729 5635 892 5703; x_wconf 53' lang='lat' dir='ltr'>eisiis</span> <span class='ocrx_word' id='word_1_824' title='bbox 943 5657 1067 5719; x_wconf 61' lang='lat' dir='ltr'>quae</span> <span class='ocrx_word' id='word_1_825' title='bbox 1120 5659 1315 5716; x_wconf 71' lang='lat' dir='ltr'>passm</span> <span class='ocrx_word' id='word_1_826' title='bbox 1367 5635 1484 5698; x_wconf 63' lang='lat' dir='ltr'>est:</span> <span class='ocrx_word' id='word_1_827' title='bbox 1520 5663 1549 5692; x_wconf 86' lang='lat'><strong><em>»</em></strong></span> <span class='ocrx_word' id='word_1_828' title='bbox 1599 5635 1696 5713; x_wconf 64' lang='lat' dir='ltr'>qui</span> <span class='ocrx_word' id='word_1_829' title='bbox 1738 5641 1890 5697; x_wconf 84' lang='lat' dir='ltr'>enim</span> <span class='ocrx_word' id='word_1_830' title='bbox 1906 5635 2159 5715; x_wconf 52' lang='lat' dir='ltr'>&#39;patitur,</span> <span class='ocrx_word' id='word_1_831' title='bbox 2189 5635 2539 5719; x_wconf 54' lang='lat' dir='ltr'>experientia</span> <span class='ocrx_word' id='word_1_832' title='bbox 2566 5635 2816 5701; x_wconf 79' lang='lat' dir='ltr'>edocetur</span> <span class='ocrx_word' id='word_1_833' title='bbox 2844 5643 2990 5714; x_wconf 82' lang='lat' dir='ltr'>quod</span> <span class='ocrx_word' id='word_1_834' title='bbox 3015 5635 3368 5714; x_wconf 71' lang='lat' dir='ltr'>proponitur.</span> <span class='ocrx_word' id='word_1_835' title='bbox 3447 5635 3488 5670; x_wconf 81' lang='grc'>¹⁸</span> <span class='ocrx_word' id='word_1_836' title='bbox 3516 5650 3600 5706; x_wconf 77' lang='grc' dir='ltr'>γρ·</span> <span class='ocrx_word' id='word_1_837' title='bbox 3651 5637 3798 5686; x_wconf 82' lang='grc' dir='ltr'><strong>τυπη·</strong></span> 
     </span>
    </p>
   </div>
   <div class='ocr_carea' id='block_1_114' title="bbox 421 5714 1119 5793">
    <p class='ocr_par' dir='ltr' id='par_1_114' title="bbox 421 5714 1119 5793">
     <span class='ocr_line' id='line_1_114' title="bbox 421 5714 1119 5793; baseline -0.011 -15"><span class='ocrx_word' id='word_1_838' title='bbox 421 5718 628 5781; x_wconf 82' lang='grc' dir='ltr'>θέντος.</span> <span class='ocrx_word' id='word_1_839' title='bbox 708 5718 753 5756; x_wconf 81' lang='grc'>¹⁸</span> <span class='ocrx_word' id='word_1_840' title='bbox 781 5735 872 5793; x_wconf 86' lang='grc' dir='ltr'>γρ.</span> <span class='ocrx_word' id='word_1_841' title='bbox 897 5714 1119 5786; x_wconf 83' lang='grc' dir='ltr'>ταύτην.</span> 
     </span>
    </p>
   </div>
  </div>
