4034 6394
210 400 326 456 229

212 521 349 578 ἀλλ’
397 519 744 597 ὑπερτελειός
803 519 911 575 ἐστι
951 537 962 549 ·

215 610 416 688 ἄρχων
473 610 659 680 πάσης
715 604 1089 679 τελειότητος,
1138 603 1326 676 ἐπειδὴ
1382 607 1472 662 καὶ
1528 603 1888 681 προτὲλειος.

217 699 369 756 οὕτω
419 700 512 754 καὶ
569 696 711 762 εἶδος
764 697 979 774 λέγεται
1031 695 1084 750 ἐν
1127 701 1246 757 τοῖς
1278 692 1567 767 ἀνειδέοις,
1598 693 1688 748 καὶ
1746 694 1893 746 ἀσω-

221 789 442 863 μάτοις,
491 788 568 850 ὡς
613 788 827 856 ἁπάσης
875 793 974 856 τῆς
1036 781 1336 848 εἷ’δοποιίας
1401 782 1759 860 δημιουργὸς,
1804 780 1892 835 καὶ

218 878 374 953 ἀρχὴ
401 877 606 934 παντὸς
641 873 818 938 εἴδους
853 894 866 908 ⁸
900 875 1036 952 πρὸς
1072 872 1129 929 δὲ
1155 879 1324 929 ταῦτα
1377 873 1445 929 τὰ
1499 870 1617 943 εἷ’δη
1652 868 1892 931 ἀνείδεος

214 967 310 1021 καὶ
348 967 488 1040 ὑπὲρ
522 963 689 1034 είδος,
721 961 910 1034 ἐπειδὴ
947 961 1169 1038 δεύτερα
1201 962 1365 1018 αὐτοῦ⁹
1397 961 1484 1017 καὶ
1528 962 1597 1016 τὰ
1638 958 1756 1030 εἷ’δη
1801 957 1893 1013 καὶ

215 1055 275 1109 αἱ
304 1051 477 1112 ίδέαι.

293 1321 688 1400 Ἀφορίζουσα.
741 1321 890 1377 Ἀντὶ
945 1323 1044 1375 τοῦ
1094 1317 1459 1394 διακρίνουσα,
1501 1318 1587 1373 καὶ
1653 1317 1790 1390 πρὸς
1832 1316 1896 1373 τὸ

221 1412 543 1488 ἆσόγχυτον
577 1408 944 1480 διασώζουσαι.

297 1503 403 1560 Καὶ
462 1502 661 1576 μὲτρον
710 1499 844 1555 ἐστί.
889 1501 1103 1574 Μέτρον
1155 1495 1264 1553 ἐστῖ
1310 1501 1416 1552 τῶν
1467 1492 1656 1568 ὄντων,
1707 1494 1893 1565 ἐπειδή

225 1591 278 1648 ἐν
312 1590 464 1663 αὐτῷ
494 1590 563 1646 τὰ
593 1591 766 1644 πάντα
811 1587 1168 1664 πεπέρασκαὶ,
1199 1588 1291 1642 καὶ
1312 1661 1319 1664 _
1342 1586 1476 1642 αἰὼν
1528 1584 1767 1658 μάλιστα
1816 1583 1896 1640 δι-

223 1680 399 1742 καίως
463 1679 525 1734 ἂν
587 1677 805 1756 λέγοιτο
839 1696 852 1710 °
909 1677 957 1733 εἴ
1010 1677 1111 1754 γὰρ
1145 1677 1277 1731 αἰὼν
1312 1661 1574 1750 λέγεται,
1599 1676 1762 1730 οἱονεὶ
1816 1675 1894 1729 ἀεὶ

224 1767 331 1840 ὢν,
365 1768 534 1831 αὐτός
564 1767 709 1824 ἐστιν
741 1769 768 1823 ὁ
801 1767 882 1822 ἀεὶ
914 1761 990 1820 ὥν
1024 1786 1038 1800 ο
1083 1765 1294 1841 εἰρηται
1339 1767 1462 1841 γὰρ,
1498 1763 1573 1819 Σὺ
1625 1762 1682 1819 δὲ
1728 1765 1756 1818 ὁ
1807 1763 1900 1817 αὐ·

991 400 1047 451 S.
1089 396 1366 451 MAXIM!
1403 396 1708 451 SCHOLIA
1745 395 1818 446 IN
1857 391 1992 445 LIB.
2035 394 2130 445 DE
2167 393 2436 446 DIVINIS
2475 392 2897 447 NOMINIBUS.

1026 518 1116 572 καὶ
1167 516 1507 592 τελετάρχης
1555 517 1582 570 ὁ
1633 515 1780 587 Υἱὸς,
1813 513 1888 576 ὡς

2022 531 2114 569 em
2164 514 2509 588 angelorum
2562 516 2973 586 perfectorum,
3033 533 3148 572 non
3199 518 3512 589 perfectus,
3545 519 3649 576 sed

3541 394 3653 451 230

2002 620 2182 675 supra
2231 605 2668 675 perfectionem,
2692 609 2749 660 et
2769 603 2953 660 Filius
2975 609 3062 661 est
3079 601 3385 680 τελετάρχη
3397 627 3443 679 ς,
3476 624 3651 665 σωτε-

2004 693 2334 749 moniarum
2361 694 2645 764 conditor,
2669 693 2848 750 veluti
2869 695 3063 750 omnis
3095 696 3464 766 perfectionis
3496 698 3656 770 prin-

2003 781 2252 853 cipium;
2278 783 2558 854 quoniam
2582 788 2638 840 et
2658 782 3003 859 προτέλειος,
3035 785 3449 856 perfectionem
3482 791 3654 842 ante-

2002 873 2156 928 cedit
2176 891 2190 942 ;
2207 872 2290 928 ita
2319 873 2496 929 etiam
2533 873 2748 929 dicitur
2770 875 2996 946 species
3018 873 3077 930 in
3100 874 3174 929 iis
3197 891 3322 946 quae
3347 877 3536 948 specie
3557 893 3655 933 ca-

2003 967 2218 1030 rent,et
2239 963 2622 1036 incorporeis,
2644 963 2825 1019 veluti
2843 965 3132 1021 universae
3163 964 3379 1037 speciei
3403 966 3657 1022 ﬁctionis

2005 1056 2250 1120 creator,
2275 1056 2332 1107 et
2360 1052 2715 1124 principium
2748 1053 2943 1110 omnis
2965 1053 3217 1126 speciei;
3250 1059 3520 1127 respectu
3553 1071 3656 1111 au-

2003 1144 2126 1196 tem
2157 1140 2485 1214 specierum
2517 1142 2957 1216 harum,specie
2988 1146 3164 1211 caret,
3183 1160 3251 1200 ac
3299 1160 3482 1216 supra
3531 1161 3660 1218 spe-

2005 1229 2152 1286 ciem
2185 1235 2300 1287 est:
2329 1231 2608 1302 quoniam
2630 1233 2857 1304 species
2879 1237 2937 1289 et
2958 1233 3101 1288 idem
3121 1235 3264 1288 sunt
3283 1232 3412 1305 ipso
3433 1232 3661 1290 viliora.

2074 1321 2370 1391 Deﬁntens.
2405 1321 2534 1390 Pro,
2566 1321 2932 1393 discernens,
2955 1325 3128 1392 atque
3159 1321 3286 1378 sine
3317 1321 3662 1379 confusione

2005 1425 2385 1467 conservans.

2074 1501 2138 1552 Et
2168 1515 2422 1554 mensura
2450 1508 2548 1554 est.
2582 1499 2856 1555 Mensura
2903 1504 2993 1555 est
3037 1515 3252 1571 rerum,
3283 1499 3565 1571 quoniam
3597 1500 3659 1556 in

2003 1587 2131 1659 ipso
2164 1588 2438 1644 universa
2462 1588 2878 1656 terminantur,
2919 1594 2978 1644 et
3006 1589 3295 1646 aeternitas
3327 1589 3662 1658 justissima

2006 1676 2120 1732 dici
2141 1681 2352 1747 potest;
2374 1677 2423 1733 si
2445 1676 2601 1732 enim
2620 1675 2753 1729 αἰών
2778 1676 2992 1732 dicitur
3017 1677 3195 1733 veluti
3219 1677 3296 1731 ἀεὶ
3319 1671 3417 1749 ὤν,
3441 1692 3660 1750 semper

2005 1765 2296 1835 exsistens,
2319 1766 2446 1838 ipse
2467 1771 2557 1822 est
2577 1766 2677 1838 qui
2703 1783 2936 1838 semper
2955 1771 3072 1822 est:
3117 1768 3332 1822 dicitur
3361 1767 3518 1823 enim
3541 1785 3554 1824 :
3589 1768 3663 1822 Tu

220 1859 319 1919 τὸς
375 1857 449 1927 εἶ,
479 1857 572 1912 καὶ
625 1857 692 1911 τὰ
743 1852 837 1926 ἔτη
880 1853 976 1910 σοῦ
1012 1855 1114 1910 οὐκ
1144 1853 1453 1928 ἐπιλείψουσι
1489 1873 1500 1884 ·
1534 1852 1623 1908 καὶ
1681 1851 1845 1907 πάλιν
1882 1869 1894 1882 ·

2018 1860 2191 1910 παίωνι
2207 1855 2352 1911 idem
2365 1855 2652 1923 βεβιαηηὶ
2667 1857 2752 1910 tui
2761 1872 2870 1912 non
2883 1855 3133 1925 deﬁcient
3163 1856 3243 1927 (li)
3263 1874 3285 1919 ;
3318 1871 3660 1928 rursusque:

223 1951 285 2004 '0
331 1947 586 2022 ἀριθμῶν
639 1944 828 2016 πλήθη
886 1943 1116 2020 ἄστρων,
1145 1945 1233 1998 καὶ
1284 1944 1375 1998 τὸν
1429 1943 1654 2018 οὐρανὸν
1692 1945 1902 2017 μετρῶν

227 2037 487 2110 σπιθαμῇ
519 2036 614 2090 καὶ
641 2037 741 2104 τὴν
773 2041 873 2108 γῆν
927 2031 1106 2110 δρακί.
1135 2034 1382 2103 Ποιητὴς
1438 2030 1495 2086 δὲ
1544 2032 1778 2100 αἰώνων,
1813 2031 1904 2099 ἅτε

223 2130 337 2180 τῶν
389 2123 646 2199 ἀγγέλων
698 2123 936 2193 ποιητὴς
993 2120 1065 2175 ὣν
1126 2120 1402 2194 [ἀθάνατοι
1449 2120 1551 2196 γὰρ
1603 2121 1781 2188 οὗτοι,
1812 2118 1902 2173 καὶ

233 2217 296 2287 ἡ]
381 2213 667 2280 ἀθανασία,
743 2213 1062 2286 παράτασις,
1123 2208 1366 2279 ἀειζωΐα,
1426 2209 1584 2279 αἰὼν,
1645 2207 1769 2263 ἀλλ’
1836 2207 1902 2261 οὐ

237 2304 474 2378 χρόνος,
535 2299 896 2372 ἀτελεύτητος
932 2302 975 2336 1⁵
1030 2300 1120 2354 καὶ
1166 2299 1247 2354 ἀεὶ
1303 2297 1584 2371 ἐσόμενος,
1637 2297 1851 2372 λέγεται
1886 2314 1899 2328 ⁶

239 2393 308 2447 οὐ
342 2393 484 2447 κατὰ
513 2396 678 2447 τοῦτο
709 2389 801 2445 οὖν
835 2388 1055 2464 λέγεται
1087 2388 1244 2458 αἰὼν,
1277 2388 1414 2443 κατᾶ
1445 2389 1534 2442 τὸν
1571 2387 1769 2462 χρόνον
1809 2388 1899 2442 τὸν

235 2480 404 2542 τὲλος
440 2478 662 2556 ἔχοντα,
693 2476 840 2536 ἀλλὰ
868 2479 1000 2533 κατὸ
1030 2477 1092 2532 τὸ
1114 2477 1196 2533 ἀεὶ
1228 2475 1324 2548 ὣν,
1357 2476 1434 2540 εἷς
1489 2475 1687 2539 αἰῶνας
1743 2474 1903 2538 τέλος

237 2570 341 2626 οὐκ
366 2567 619 2646 ἔχοντας.

315 2749 554 2821 Πλήρης
612 2744 665 2800 ἐν
723 2749 840 2807 τοῖς
900 2742 1148 2800 ἐνδεέσιν.
1179 2747 1350 2818 Ὅπερ
1412 2744 1553 2798 εἶπεν
1606 2742 1739 2813 ἄνω,
1780 2743 1899 2798 ἀτε-

235 2837 346 2905 λὴς
408 2833 468 2890 δὲ
516 2835 568 2890 ἐν
626 2840 744 2897 τοῖς
799 2832 1054 2902 τελείοις,
1088 2831 1195 2888 ὦδὲ
1248 2854 1410 2909 φησιν
1450 2833 1809 2908 ὑπερπλήρης
1851 2832 1902 2888 ἂν

233 2932 359 2987 τοῖς
385 2923 626 3000 πλήρεσι
663 2945 674 2956 ·
704 2923 789 2978 κτὶ
817 2924 880 2978 τὸ
910 2922 1110 2992 ἀτελὴς
1141 2920 1234 2977 οὖν
1259 2922 1431 2985 οὕτως
1465 2921 1703 3000 ὀφείλεις
1733 2927 1900 2993 νοεῖν,

238 3014 570 3090 ὑπερτέλεια
601 3012 652 3068 ἐν
683 3018 801 3076 τοῖς
829 3011 1086 3075 τελείοις.

311 3103 414 3159 Καὶ
472 3099 576 3165 ἕως
634 3101 863 3178 φύσεως.
922 3102 1082 3175 Ὁρᾷς
1138 3105 1255 3165 πῶς
1329 3122 1514 3178 φησιν,
1564 3098 1751 3170 ἐπειδὴ
1810 3101 1898 3156 καὶ

235 3193 343 3256 ἓως
401 3191 616 3268 φύσεως
687 3189 928 3262 ἐλήλυθε
963 3209 974 3220 ·
1026 3188 1234 3268 φύσεως
1302 3191 1395 3263 μὲν
1465 3196 1563 3260 τῆς
1632 3190 1900 3265 ἡμετέρας

234 3279 438 3352 νόησον
477 3304 489 3316 ·
519 3281 612 3336 καὶ
663 3279 848 3336 ὅτιτὸ
891 3278 1098 3357 φύσεως
1160 3278 1220 3333 οὐ
1279 3278 1463 3342 καλῶς
1518 3278 1751 3355 λὲγομεν
1812 3278 1899 3334 ἐπὶ

235 3377 374 3430 Θεοῦ
409 3390 421 3402 ·
469 3367 590 3425 ἰδοὺ
647 3371 748 3444 γαρ
807 3373 926 3430 πῶς
980 3389 1162 3446 φησιν,
1217 3364 1320 3430 ἕως
1379 3369 1587 3446 φύσεως
1638 3367 1898 3438 κατῆλθε,

234 3463 542 3527 τουτέστιν,
598 3455 703 3521 ἕως
759 3458 962 3512 ἐκείνου
1015 3451 1210 3533 ἔφθασε
1260 3461 1357 3512 τοῦ
1409 3458 1754 3533 ἀτιμοτέρου,
1809 3457 1900 3512 καὶ

236 3553 406 3627 οὗπερ
439 3549 605 3611 αὐτὸς
657 3549 766 3603 οὐκ
794 3547 1072 3618 ἐκέκτητο.
1111 3547 1430 3620 Σημείωσαι
1485 3547 1581 3610 τὰς
1641 3547 1899 3624 ἐμφάσεις

233 3645 344 3696 τῶν
379 3638 581 3710 λέξεων
597 3680 611 3697 .

311 3728 760 3788 ’ΛναΛλοιώτως.
816 3724 1136 3799 Σημείωσαι
1203 3723 1287 3781 ὅτι
1363 3724 1754 3789 ἀναλλοιώτως
1810 3725 1899 3782 καὶ

250 3817 571 3894 ἀσυγχύτως
600 3815 959 3886 ἰκοινώνησεν
989 3817 1128 3888 ἡμῖν
1156 3815 1246 3870 καὶ
1277 3815 1496 3880 ἀπαθῶς
1523 3835 1535 3847 ’
1569 3817 1656 3871 καὶ
1707 3815 1790 3872 ὅτι
1847 3817 1897 3872 ἐν

243 3915 355 3971 τοῖς
409 3912 664 3986 φυσικοῖς
721 3907 882 3978 ἡμῶν
935 3901 1142 3978 ἔμεινεν
1200 3905 1496 3983 ὑπερφυὴς,
1547 3906 1636 3961 καὶ
1694 3905 1745 3961 ἐν
1783 3912 1898 3969 τοῖς

239 3999 356 4054 κατ’
386 3996 576 4053 οὐσίαν
611 3994 957 4068 ὑπερούσιος,
987 3996 1078 4049 καὶ
1109 3995 1225 4070 εἶχε
1251 3994 1320 4049 τὰ
1347 3997 1508 4069 ἡμῶν
1550 3996 1681 4072 ὑπὲρ
1731 3998 1900 4070 ἡμᾶς,

239 4090 357 4144 οἷον
389 4086 457 4142 τὸ
486 4083 548 4140 ἐκ
594 4085 884 4156 παρθένου,
914 4083 976 4138 τὸ
1023 4083 1430 4158 ἀναμάρτητον,
1464 4087 1526 4140 τὸ
1577 4085 1630 4141 ἰν
1689 4084 1902 4157 ἐξουσίᾳ

241 4180 381 4234 Θεοῦ
441 4173 633 4230 λαλεῖν
671 4175 714 4212 ¹⁶
761 4174 852 4228 καὶ
909 4175 1082 4228 πάντα
1133 4174 1411 4249 πράττειν,
1467 4174 1530 4230 τὸ
1588 4180 1903 4250 περιπατεῖν

241 4265 429 4323 δπάνω
481 4267 578 4318 τοῦ
631 4260 847 4334 ὕδατος,
880 4261 968 4317 καὶ
1021 4260 1120 4317 ὅσα
1149 4267 1393 4320 τοιαῦτα.
1429 4263 1748 4337 Σημείωσαι
1807 4263 1898 4320 οὖν

237 4356 324 4411 ὅτι
356 4351 540 4415 οὐδεὶς
570 4351 713 4408 οὕτω
743 4349 999 4426 θεολογεῖ
1053 4351 1177 4427 περὶ
1235 4358 1336 4422 τῆς
1393 4353 1711 4426 οἰκονομίας
1767 4356 1902 4410 κατᾶ

236 4445 620 4519 Νεστοριανῶν
652 4441 743 4496 καὶ
776 4439 1092 4518 Ἀκεφάλων
1121 4441 1211 4494 καὶ
1243 4446 1684 4501 Φαντασιαστῶν.

2014 1944 2120 2013 Qui
2139 1949 2396 2001 numerat
2416 1945 2831 2000 multitudinem
2851 1946 3149 2000 stellarum
3172 1945 3315 2016 (i),et
3336 1947 3530 2001 caelum
3553 1960 3666 2001 me-

2012 2036 2155 2090 tiens
2183 2036 2374 2106 palmo
2403 2039 2452 2090 et
2479 2045 2700 2090 terram
2752 2033 2963 2105 pugillo
3011 2033 3106 2105 (Ῐὲ).
3140 2033 3416 2090 Conditor
3464 2039 3664 2090 autem

2012 2122 2374 2190 aeternitatis,
2399 2139 2532 2177 cum
2557 2122 2994 2194 sitangelorum
3022 2127 3250 2178 creator
3278 2122 3668 2194 [immortales

2013 2213 2172 2267 enim
2197 2217 2336 2267 sunt
2358 2211 2493 2282 ipsi,
2518 2211 2594 2282 et]
2623 2210 3058 2279 immortalitas,
3089 2213 3373 2279 extensio,
3396 2212 3515 2267 vita
3535 2229 3669 2268 con-

2015 2301 2200 2372 tinua,
2224 2300 2541 2368 asternitas,
2566 2317 2681 2356 non
2703 2317 2836 2356 vero
2860 2305 3116 2373 tempus,
3140 2301 3587 2357 interminatum
3612 2304 3672 2358 et

2012 2406 2243 2462 semper
2265 2391 2529 2445 futurum
2551 2389 2787 2446 dicitur:
2805 2406 2920 2445 non
2936 2390 3343 2460 igitursecund
3354 2407 3450 2445 um
3466 2391 3572 2446 hoc
3587 2390 3671 2445 di-

2013 2479 2831 2550 citurazternitas,secundum
2845 2483 3080 2551 tempus
3103 2481 3257 2552 quod
3273 2481 3449 2536 ﬁnem
3469 2479 3668 2546 habet,

2013 2569 2117 2624 sed
2149 2573 2444 2640 quatenus
2464 2583 2680 2640 semper
2705 2572 2808 2638 est,
2833 2569 2893 2624 in
2927 2567 3163 2639 saecula,
3188 2585 3314 2640 quis
3349 2569 3520 2625 ﬁnem
3549 2586 3668 2625 non

2012 2657 2254 2714 habent.

2087 2748 2263 2804 Plena
2293 2751 2371 2803 est
2403 2747 2462 2802 in
2490 2747 2564 2802 iis
2592 2761 2718 2818 quae
2747 2751 2930 2816 egent.
2966 2747 3131 2811 Quod
3165 2763 3342 2818 supra
3371 2747 3537 2816 dixit,
3562 2748 3671 2803 im-

2004 2839 2255 2909 perfecta
2286 2852 2407 2892 vero
2437 2837 2495 2892 in
2523 2837 2806 2908 perfectis,
2841 2836 2937 2892 hic
2977 2836 3121 2891 dicit
3150 2838 3325 2908 eﬂusa
3352 2835 3413 2890 in
3443 2836 3516 2892 iis
3545 2850 3672 2908 qua

2007 2928 2174 2999 plena
2202 2931 2332 2982 sunt
2355 2945 2374 2982 :
2405 2942 2541 2998 ergo
2571 2926 2749 2980 etiam
2783 2925 3107 2997 imperfecta
3129 2923 3554 2997 itaintelligere
3573 2927 3670 2982 de-

2011 3018 2136 3085 bes,
2167 3017 2493 3072 eminenter
2523 3015 2774 3087 perfecta
2803 3016 2860 3069 in
2896 3015 3191 3086 perfectis.

2082 3111 2155 3163 Et
2183 3123 2356 3178 usque
2381 3105 2451 3171 ad
2480 3103 2946 3160 naturam.Vides
2977 3104 3273 3176 quomodo
3303 3103 3466 3175 dicit,
3487 3122 3668 3177 quan-

2009 3195 2082 3250 do
2113 3194 2288 3250 etiam
2321 3194 2392 3248 ad
2422 3198 2688 3249 naturam
2742 3191 2902 3248 venit
2935 3207 2947 3247 ε
2981 3197 3254 3247 naturam
3286 3194 3527 3264 quidem
3560 3211 3666 3251 no-

1929 3254 1972 3321 C
2010 3289 2192 3340 stram
2226 3282 2514 3353 intellige,
2547 3296 2738 3352 neque
2782 3297 2889 3336 nos
2939 3284 3093 3336 recte
3141 3254 3413 3337 natunam
3448 3283 3518 3338 de
3549 3287 3665 3340 Deo

2009 3373 2230 3429 dicere:
2257 3388 2389 3427 ecce
2411 3371 2566 3427 enim
2589 3370 2885 3442 quomodo
2911 3369 3012 3438 ait,
3037 3370 3118 3426 ad
3137 3378 3396 3426 naturam
3436 3371 3659 3428 descen-

2008 3462 2114 3533 dit,
2138 3461 2194 3516 id
2228 3465 2318 3516 est
2359 3477 2424 3516 eo
2477 3474 2666 3530 usque
2696 3457 2960 3526 vilitatis,
2995 3463 3172 3530 atque
3193 3460 3322 3530 ejus
3354 3461 3511 3530 quod
3536 3459 3666 3532 ipse

2009 3568 2126 3608 non
2149 3551 2422 3618 habebat,
2447 3547 2731 3621 pervenit.
2754 3547 2902 3604 Nota
2922 3548 3041 3604 vim
3062 3548 3438 3621 significandi
3461 3548 3668 3606 dictio-

2009 3658 2175 3698 num.

2081 3731 2215 3786 Sine
2241 3727 2566 3786 mutatione.
2592 3728 2743 3784 Nota
2764 3727 2894 3784 sine
2925 3726 3251 3784 mutatione
3281 3731 3339 3784 et
3367 3729 3494 3785 sine
3525 3745 3666 3786 con-

2010 3820 2258 3886 fusione,
2283 3824 2341 3875 et
2371 3817 2498 3874 sine
2530 3817 2824 3890 passione,
2849 3817 3031 3873 nostri
3063 3817 3284 3874 factum
3323 3833 3452 3874 esse
3477 3819 3667 3891 parti-

2009 3911 2223 3982 cipem,
2251 3913 2430 3980 atque
2461 3907 2521 3962 in
2547 3907 2766 3963 nostris
2797 3905 3169 3962 naturalibus
3225 3911 3438 3964 natura
3484 3924 3665 3980 supe-

2010 3999 2130 4055 rior
2163 3997 2436 4070 perstitit,
2459 3999 2635 4067 atque
2664 3995 2724 4050 in
2757 3993 3174 4051 essentialibus
3204 3996 3459 4052 essentia
3486 4012 3666 4070 supe-

2009 4088 2148 4158 rior,
2174 4093 2488 4156 nostraque
2509 4100 2689 4156 supra
2711 4100 2818 4140 nos
2848 4084 3074 4155 habuit,
3105 4083 3304 4157 veluti,
3336 4102 3406 4142 ex
3439 4085 3668 4159 virgine

2011 4177 2196 4247 nasci,
2237 4173 2812 4246 impeccabilitatem,
2846 4173 2904 4229 in
2931 4179 3214 4246 potestate
3242 4176 3338 4231 Dei
3362 4175 3544 4247 loqui,
3577 4179 3667 4251 at-

2012 4282 2123 4338 que
2172 4266 2359 4321 facere
2391 4265 2546 4320 119
2578 4264 2870 4332 universi,
2901 4264 3207 4320 ambulare
3255 4281 3434 4338 super
3481 4282 3667 4337 aquas

1986 4347 2068 4412 et
2095 4355 2214 4412 alia
2239 4353 2477 4410 similia.
2511 4354 2662 4409 Nota
2691 4353 2873 4426 igitur
2921 4353 3155 4410 nullum
3184 4354 3265 4411 ita
3295 4355 3365 4411 de
3396 4355 3668 4412 incarna-

2009 4445 2168 4501 tione
2197 4444 2392 4500 divine
2412 4442 2597 4514 loqui,
2621 4447 2826 4499 contra
2841 4443 3222 4499 Nestorianos
3253 4448 3312 4501 et
3339 4443 3668 4516 Acephalos

2010 4539 2066 4590 et
2097 4533 2557 4590 Phantasiastas.

313 4623 574 4698 §XI.T&
624 4621 782 4677 κοινᾶ
835 4618 948 4678 καί.
1002 4619 1168 4674 Κοινὰ
1223 4619 1312 4675 καὶ
1367 4620 1627 4694 ἡνωμένα
1680 4624 1748 4678 τὰ
1802 4629 1898 4693 τῆς

2080 4624 2111 4696 §
2131 4623 2212 4678 XI
2236 4619 2557 4678 Communia
2579 4619 3008 4676 et.Communia
3029 4625 3088 4677 et
3108 4621 3276 4676 unita
3295 4626 3515 4679 sancta
3534 4623 3668 4679 Tri-

241 4711 397 4787 ἁγίας
450 4707 685 4784 Τριάδος
746 4709 1010 4784 ὀνόματα,
1041 4709 1139 4765 ὅσα
1191 4707 1250 4764 ἐκ
1294 4714 1402 4765 τῶν
1454 4711 1621 4781 αὐτῆς
1678 4709 1896 4790 δωρεῶν

239 4806 350 4857 τῶν
409 4799 488 4862 εἷς
517 4801 586 4855 τὰ
616 4799 733 4873 μετ’
761 4799 929 4869 αὐτὴν
980 4799 1303 4874 ὀνομάζεται
1339 4819 1352 4832 ’
1386 4801 1447 4862 ἅς
1489 4821 1636 4863 τινας
1695 4799 1902 4875 δωρεὰς

242 4889 548 4965 διακρίσεις
580 4888 736 4966 φησὶ,
765 4889 855 4944 καὶ
887 4888 1054 4943 οἱονεὶ
1085 4887 1471 4963 πληθυσμούς.

314 4976 626 5049 Πληθῦεται
685 4974 742 5031 δὶ
799 4977 1014 5040 ἑνικῶς.
1062 4981 1230 5034 Τοῦτο
1283 4977 1419 5033 κατᾶ
1459 4985 1901 5050 Φαντασιαστῶν,

240 5064 823 5136 πολλαπλασιάζεσθαι
884 5065 1094 5140 λέγεται
1149 5069 1211 5122 τὸ
1266 5064 1412 5122 ivi“
1446 5065 1635 5139 ἐπειδή
1696 5071 1799 5145 γὰρ
1849 5069 1899 5144 ἐξ

240 5158 410 5213 αὐτοῦ
443 5159 669 5226 ἅπαντα,
699 5157 789 5211 καὶ
823 5154 892 5210 δι’
923 5156 1110 5228 αὐτοῦ,
1143 5157 1232 5212 καὶ
1293 5157 1367 5220 εἷς
1417 5159 1582 5214 αὐτὸν
1638 5153 1899 5232 ἔκτισται,

236 5249 329 5304 καὶ
366 5245 528 5309 αὐτός
561 5245 671 5302 ἐστι
729 5243 942 5324 κεφαλή
996 5245 1209 5302 πάντων
1266 5250 1376 5303 τῶν
1431 5242 1622 5321 ὄντων,
1652 5250 1738 5305 καὶ
1802 5248 1900 5306 αὖ-

309 5413 396 5484 (h)
430 5412 582 5468 Psal.
614 5427 687 5483 ct,
718 5410 809 5466 28.
887 5408 954 5480 (i)
986 5409 1140 5466 Psal.
1172 5425 1356 5478 CXLVI,
1387 5412 1441 5468 ll.

1519 5412 1596 5485 (k)
1629 5415 1742 5471 Isa.
1776 5433 1869 5488 XL,
1905 5419 1990 5475 12.

2010 4713 2212 4770 uitatis
2241 4728 2372 4768 esse
2415 4710 2674 4778 nomina,
2708 4709 2926 4782 quibus
2975 4725 3044 4765 ex
3090 4710 3220 4781 ejus
3269 4710 3441 4768 donis
3488 4712 3667 4768 rebus

2011 4807 2143 4875 post
2172 4803 2363 4874 ipsam
2397 4799 2625 4857 collatis
2657 4798 3022 4872 appellatur;
3072 4815 3201 4871 qua
3251 4801 3407 4858 dona
3451 4801 3667 4858 distin-

2011 4894 2218 4950 ctiones
2247 4895 2437 4959 vocnt,
2470 4897 2526 4947 et
2555 4890 2733 4947 veluti
2758 4889 3276 4961 multiplicationes.

2083 4981 2485 5054 Muttipticatur
2513 4985 2707 5037 autem
2741 4980 2920 5037 unice.
2947 4980 3064 5037 Hoc
3094 4985 3296 5036 contra
3326 4979 3670 5038 Phantasia-

2013 5079 2157 5142 stas,
2181 5071 2564 5144 multiplicari
2598 5071 2812 5126 dicitur
2842 5071 2998 5142 quod
3031 5087 3216 5128 unum
3249 5074 3375 5128 est:
3409 5072 3670 5143 quando-

2011 5163 2251 5236 quidem
2331 5162 2488 5218 enim
2563 5177 2632 5217 ex
2704 5161 2833 5232 ipso
2910 5160 3130 5226 omnia,
3182 5164 3240 5216 et
3309 5177 3413 5232 per
3468 5161 3668 5233 ipsum

2010 5261 2068 5310 et
2112 5254 2174 5310 in
2222 5253 2352 5325 ipso
2403 5255 2600 5308 creata
2645 5250 2785 5322 sint,
2819 5250 3064 5324 ipseque
3123 5249 3199 5306 sit
3249 5253 3428 5324 caput
3469 5265 3668 5308 rerum

1241 5591 1486 5650 VARIIE
1535 5593 1930 5654 LECTIONES
1968 5597 2062 5654 ET
2101 5593 2666 5655 CORRECTIONES.

311 5731 360 5771 1⁸
390 5748 483 5807 γρ.
517 5722 610 5783 ὁδὶ
639 5723 772 5782 αίὼν
804 5723 1008 5802 χρόνος
1037 5722 1420 5797 ἀτελεύτητος.
1501 5730 1546 5766 ¹⁶
1571 5748 1660 5804 γρ.
1693 5729 1769 5792 ὡς
1801 5730 1935 5795 Θεὸς
1966 5729 2178 5790 λαλεῖν.
2259 5732 2301 5769 1⁷
2330 5748 2418 5803 γρ.
2447 5723 2523 5782 ὅν.
