4034 6390
409 381 511 437 231

1237 380 1602 434 APPENDIX
1639 383 1735 434 AD
1771 381 2010 435 OPERA
2050 383 2108 434 8.
2150 379 2468 437 DIONYSII
2508 381 3006 440 AREOPAGITB.

3731 390 3830 448 232

413 507 701 578 omnium,
757 505 1178 576 universasque
1241 502 1605 559 substantias
1675 501 2060 575 produxerit:

2175 501 2268 564 τὸς
2299 503 2395 565 τὰς
2436 500 2568 566 ὅλας
2620 503 2802 567 οὐσίας
2844 508 3182 582 παρήγαγεν,
3223 505 3454 572 εἰκότως
3513 509 3830 568 πολλαπλα-

412 597 620 654 merito
673 593 1052 667 multiplicari
1105 593 1318 648 dicitur
1345 608 1450 664 per
1479 609 1545 647 ea
1577 608 1706 664 quas
1737 608 1840 664 per
1868 591 2062 663 ipsum

412 690 708 746 exsistunt
753 705 766 744 :
834 685 1313 759 quandoquidem
1372 684 1600 740 cunctis
1654 683 1810 739 Patri
1865 682 2064 753 subje-

411 779 522 834 ctis
554 778 680 851 ipse
710 777 941 832 dicatur
965 776 1023 830 in
1056 774 1129 830 iis
1163 791 1289 847 quae
1322 790 1425 845 per
1453 775 1649 845 ipsum
1697 773 1848 828 facta
1901 775 2065 842 sunt,

413 868 567 924 Patri
626 867 862 938 subjici,
895 865 1047 920 sicut
1078 864 1218 919 dicit
1246 863 1561 935 Apostolus
1595 879 1608 917 :
1663 864 1806 918 Tunc
1852 867 1905 916 et
1953 863 2068 932 ipse

413 957 590 1013 Filius
620 955 952 1028 subjiciatur
982 955 1077 1026 (l);
1114 957 1290 1024 atque
1320 969 1453 1008 cum
1486 951 1623 1008 talis
1654 956 1829 1022 esset,
1848 950 2070 1007 mansit

412 1064 570 1103 unus
593 1046 651 1100 in
673 1043 1159 1116 multiplicatione
1191 1041 1595 1114 productionis
1628 1043 2066 1110 universorum,

403 1141 459 1192 et
481 1136 637 1192 idem
665 1134 722 1188 in
750 1132 990 1190 minime
1020 1131 1327 1187 deﬁciente
1357 1147 1600 1187 suorum
1632 1131 1917 1187 donorum
1940 1145 2070 1202 pro-

407 1225 660 1290 fusione,
694 1239 827 1278 cum
866 1225 923 1278 in
957 1219 1232 1276 universo
1276 1235 1412 1292 pars
1463 1224 1640 1289 esset,
1671 1223 1730 1275 et
1759 1218 1906 1274 nihil
1937 1217 2068 1274 uni-

403 1315 554 1370 versi
578 1317 767 1380 esset;
803 1314 1042 1383 uperat
1063 1309 1218 1366 enim
1252 1309 1667 1378 essentiam,et
1687 1325 1879 1381 neque
1900 1306 2068 1362 illum

405 1403 637 1476 assequi
669 1401 969 1469 valemus;
1022 1399 1183 1456 istud
1217 1402 1413 1455 autem
1448 1397 1692 1454 inferius
1718 1398 2068 1469 interpreta-

407 1501 520 1550 tur.

473 1585 536 1639 Et
561 1580 896 1653 singularia.
930 1578 1174 1635 Unicum
1206 1577 1349 1634 dicit
1382 1577 1794 1633 universorum
1843 1577 2068 1649 produ-

403 1671 683 1738 ctionem,
717 1669 1026 1725 declarans
1056 1667 1235 1722 simul
1267 1683 1332 1723 ac
1359 1665 1514 1722 Deus
1550 1665 1756 1734 voluit,
1785 1683 1901 1722 non
1933 1669 2069 1722 ante

402 1761 686 1834 paulatim
715 1765 773 1816 et
799 1758 1013 1831 partim
1050 1761 1246 1814 creata
1277 1757 1483 1825 fuisse,
1516 1773 1617 1812 seu
1654 1773 1745 1812 res
1779 1755 1836 1811 in
1872 1754 2064 1812 lucem

2175 590 2446 660 σιάζεσθαι
2501 592 2710 670 λέγεται
2769 592 2858 650 διὰ
2907 601 3017 650 τῶν
3094 598 3220 674 παρ’
3280 599 3451 654 αὐτοῦ
3507 601 3828 676 γενομένων,

2175 677 2300 734 ὅταν
2332 682 2422 734 καὶ
2455 683 2672 736 πάντων
2705 685 3159 757 ὑποταττομένων
3187 690 3268 759 τῷ
3308 687 3506 763 Πατρὶ,
3536 687 3696 752 αὐτὸς
3742 689 3830 746 λέ-

2173 790 2323 845 γεται
2357 769 2448 825 διὰ
2475 777 2582 826 τῶν
2615 774 2744 846 παρ’
2782 772 2948 829 αὑτοῦ
2986 775 3309 851 γενομένων,
3336 777 3419 849 τῷ
3473 780 3642 854 Πατρὶ
3708 781 3830 837 ὑπο-

2173 859 2480 929 τάττεσθαι,
2533 861 2609 924 ὡς
2667 861 2829 935 φησὶν
2890 863 3308 934 ὑἈπόστολος,
3339 865 3474 920 Τότε
3533 867 3623 922 καὶ
3681 867 3831 934 αὐτὸς

2177 949 2204 1002 6
2237 948 2360 1013 Υἱὸς
2394 951 2792 1026 ὑποταγήσεται
2829 971 2840 984 ·
2875 953 2965 1006 καὶ
2997 954 3025 1007 6
3055 957 3302 1016 τοιοῦτος
3327 953 3378 1008 έν
3410 960 3494 1028 τῷ
3524 956 3830 1032 πληθυσμῷ

2174 1045 2275 1107 τῆς
2306 1039 2523 1094 πάντων
2551 1044 2882 1117 παραγωγῆς
2915 1039 3122 1114 ἔμεινεν
3156 1045 3234 1106 εἷς
3263 1045 3355 1099 καὶ
3387 1045 3417 1099 6
3449 1044 3613 1109 αὑτὸς
3664 1044 3717 1101 ἂν
3765 1052 3830 1123 τῇ

2177 1127 2535 1200 ἀνελαττώτῳ
2591 1128 2750 1205 χύσει
2805 1151 2912 1184 των
2980 1129 3148 1186 αὐτοῦ
3223 1130 3595 1205 μεταδόσεων,
3655 1134 3706 1189 έν
3758 1140 3832 1210 τῷ

2175 1216 2334 1272 παντὶ
2387 1217 2549 1291 μέρος
2599 1217 2691 1287 ὢν,
2719 1218 2808 1274 καὶ
2847 1216 3015 1292 μηδὶν
3049 1217 3122 1274 ὣν
3149 1225 3246 1276 τοῦ
3277 1224 3483 1286 παντός
3517 1242 3530 1255 ⁸
3564 1223 3676 1280 ἔστι
3733 1226 3829 1299 γὰρ

2176 1306 2495 1382 ὑπερούσιος
2529 1326 2542 1339 ο
2573 1309 2664 1362 καὶ
2705 1310 2839 1382 ἡμῖν
2889 1308 3174 1387 ἀνέφικτος
3210 1330 3224 1346 ο
3271 1309 3564 1386 έρμηνεύει
3613 1311 3670 1368 δὶ
3710 1313 3832 1370 αὐτὸ

2179 1398 2484 1452 ὑποκατιών
2497 1441 2510 1455 .

2247 1574 2346 1630 Kal
2402 1578 2470 1650 τῇ
2529 1577 2998 1650 ένιαίᾳ.,Ένιαίαν
3055 1577 3157 1658 ἔφη
3217 1584 3328 1636 τῶν
3381 1579 3536 1637 ὅλων
3587 1600 3829 1658 παραγω-

2173 1665 2298 1739 γὴν,
2332 1661 2518 1736 δηλῶν
2575 1667 2687 1740 ἅμα
2740 1671 2820 1740 τῷ
2876 1667 3190 1744 βούλεσθαι,
3221 1671 3316 1724 καὶ
3348 1668 3412 1724 οὐ
3443 1669 3583 1726 κατὰ
3644 1671 3824 1747 μικρόν

2173 1774 2225 1808 τι
2270 1753 2358 1808 καὶ
2395 1760 2633 1830 μερικῶς
2667 1760 2973 1826 κτισθῆναι,
3007 1755 3132 1827 ἤτοι
3163 1758 3300 1834 πρὸς
3357 1758 3423 1813 τὸ
3476 1759 3611 1814 εἶναι
3660 1757 3824 1815 ἐλθεῖν

402 1850 712 1923 prodiisse.
743 1848 864 1906 Non
899 1847 1272 1903 imminutam
1302 1862 1434 1901 vero
1465 1844 2061 1901 communicationem

2174 1842 2240 1896 τὰ
2281 1843 2562 1919 γεγονότα.
2599 1842 3000 1901 Ἀνελάττωτον
3049 1843 3107 1901 δὲ
3161 1843 3478 1920 μετάδοσιν,
3507 1845 3636 1918 ἤτοι
3679 1847 3756 1904 ὅτι
3787 1850 3826 1888 ¹⁸

403 1940 565 2008 dicit,
597 1955 716 2010 qua
746 1937 971 1994 scilicet
1017 1936 1168 1992 Deus
1218 1939 1431 1990 cuncta
1475 1935 1876 2007 producendo,
1907 1932 2054 1990 nihil

404 2028 774 2101 prapriorum
809 2027 1095 2082 bonorum
1130 2023 1363 2081 minuit.

472 2116 789 2188 Intelligens
818 2115 1125 2172 communis
1164 2122 1360 2170 noster.
1393 2113 1742 2169 Communis
1776 2113 2058 2184 magister

401 2211 458 2264 et
486 2205 791 2262 institutor
822 2204 1102 2260 nimirum
1126 2201 1422 2271 apostolus
1444 2201 1690 2257 Paulus:
1718 2201 1877 2257 illius
1898 2200 2055 2256 enim

401 2311 509 2367 ope
565 2293 834 2361 credidit,
878 2293 1031 2349 sicut
1087 2291 1340 2364 legimus
1396 2291 1453 2344 in
1510 2290 1688 2346 Actis.
1721 2290 2057 2346 Notandum

401 2385 601 2456 etiam,
633 2389 906 2440 sanctum
965 2381 1345 2437 Hierotheum
1378 2397 1412 2435 a
1442 2383 1644 2436 sancto
1689 2379 1868 2436 Paulo
1916 2379 2057 2436 edo-

401 2479 584 2530 ctum.

473 2564 614 2620 Nam
640 2563 747 2618 etsi
770 2561 885 2617 sint
917 2559 1014 2632 qui
1041 2559 1324 2617 dicantur.
1370 2558 1544 2629 Illud,
1577 2559 1679 2614 etsi
1705 2558 1789 2613 dii
1816 2557 1980 2614 multi
2009 2561 2061 2613 et

401 2652 616 2710 domini
656 2651 789 2723 sint,
820 2655 1020 2706 tamen
1077 2666 1262 2705 unum
1293 2665 1418 2704 esse
1449 2664 1582 2703 vere
1611 2647 1796 2703 Deum
1847 2653 1903 2703 et
1953 2647 2060 2703 Pa-

401 2747 578 2810 trem,
603 2757 906 2812 unumque
928 2757 1058 2796 vere
1079 2737 1392 2794 Dominum
1415 2737 1646 2802 Jesum,
1670 2737 1778 2792 hoc
1802 2737 2062 2792 declarat

401 2848 640 2888 causam
655 2829 918 2887 omnium
933 2833 989 2884 et
1006 2827 1341 2884 creatricem
1358 2827 1388 2882 d
1402 2826 1876 2893 ivinitatem,secu
1888 2827 1960 2880 nd
1971 2839 2062 2881 um

399 2919 714 2977 indivisam
734 2917 1220 2976 etindistinctam
1249 2917 1848 2972 communicationem
1874 2913 2062 2970 nomi-

405 3009 497 3066 nis
530 3010 776 3081 proprize
805 3005 1134 3063 divinitatis
1155 3011 1212 3060 et
1235 3006 1679 3074 dominationis,
1713 3021 1810 3060 eos
1844 3004 1944 3076 qui
1977 3004 2060 3059 dii

403 3104 462 3156 et
491 3098 715 3154 domini
748 3098 1042 3163 dicuntur,
1069 3095 1413 3167 produxisse
1439 3112 1451 3150 :
1500 3093 1742 3150 minime
1773 3099 1969 3150 tamen
2001 3093 2061 3150 in

405 3192 600 3260 partes
632 3187 916 3242 deitatum
967 3185 1181 3239 deitate
1230 3182 1499 3253 discissa,
1533 3181 1688 3238 sicut
1737 3199 1946 3238 aurum
1999 3182 2060 3239 in

403 3277 600 3350 plures
631 3291 929 3343 nummos;
959 3288 1146 3345 neque
1179 3272 1383 3328 multis
1402 3271 1514 3327 diis
1533 3272 1662 3342 ejus
1693 3272 2060 3327 divinitatem

401 3363 1373 3439 complentibus,quemadmodum
1403 3360 1599 3416 multae
1625 3361 1851 3432 species
1875 3376 2058 3416 unum

400 3456 724 3522 mundum;
747 3454 846 3509 sed
870 3450 1254 3523 multiplicari
1274 3449 1489 3505 dicitur
1512 3454 1683 3520 Deus,
1704 3467 2061 3521 unaquaque

397 3543 802 3615 productionis
837 3556 1034 3596 rerum
1065 3541 1387 3610 voluntate,
1423 3540 1578 3595 I20
1632 3539 1871 3610 provido
1920 3555 2058 3610 pro-

397 3649 627 3705 gressu,
649 3629 1083 3701 multiplicatus
1107 3627 1369 3699 quidem,
1389 3643 1632 3682 manens
1657 3631 1850 3682 tamen
1877 3643 2057 3683 unum

397 3719 954 3786 individuum,sicut
974 3716 1057 3773 sol
1085 3719 1223 3772 dum
1251 3715 1448 3788 plures
1472 3715 1689 3771 emittit
1723 3717 1939 3781 radios,
1971 3721 2058 3771 at-

400 3825 514 3882 que
536 3809 594 3864 in
621 3809 848 3864 unitate
869 3809 1203 3878 permanet;
1231 3803 1446 3860 dicitur
1468 3803 1622 3859 enim
1647 3804 1822 3860 etiam
1845 3805 1916 3861 de
1937 3805 2058 3861 sole

391 3898 658 3970 justitiae,
686 3896 944 3969 quotidie
967 3895 1214 3965 divisus,
1237 3898 1292 3950 et
1316 3910 1428 3949 non
1458 3898 1880 3966 consumptus;
1905 3900 2058 3952 recte

399 3993 595 4046 autem
628 3987 846 4042 dicitur
875 3985 930 4040 in
965 3984 1111 4056 ipsis
1142 3999 1378 4056 quoque
1402 3983 1614 4039 divinis
1639 3983 1905 4039 fortiores
1931 4001 2058 4040 esse

397 4075 884 4134 distinctionibus
897 4073 1211 4142 unitiones;
1237 4077 1294 4128 et
1308 4072 1535 4128 etenim
1555 4089 1667 4128 non
1685 4078 1913 4145 oportet
1927 4089 2058 4129 eum

397 4166 642 4238 quicum
662 4163 884 4235 judicio
899 4161 1190 4218 audiendo
1209 4161 1522 4216 discitesse
1540 4161 1596 4215 in
1617 4165 1728 4216 Deo
1747 4160 2054 4230 unitatem,

396 4256 540 4310 dum
563 4253 686 4308 hac
709 4251 894 4322 audit,
921 4250 1189 4305 arbitrari
1223 4265 1353 4305 esse
1384 4249 1442 4303 in
1471 4249 1599 4321 ipso
1624 4249 2056 4318 infirmitatem,

399 4359 590 4415 neque
619 4340 947 4414 simplicem
979 4343 1263 4411 tanquam
1295 4337 1615 4393 invalidum
1643 4355 1658 4408 ;
1705 4337 1852 4392 nihil
1896 4340 2055 4394 enim

400 4432 634 4506 proprie
663 4432 734 4486 de
767 4430 883 4486 Deo
931 4447 964 4484 a
1012 4428 1182 4484 nobis
1233 4427 1670 4500 pronuntiatur,
1705 4428 1861 4499 quod
1895 4427 2056 4483 illius

399 4521 814 4596 proprietatem
841 4519 1112 4590 attingat,
1137 4533 1326 4589 neque
1350 4532 1452 4589 per
1473 4516 1884 4588 privationem,
1905 4517 2059 4573 sicut

2170 1931 2367 2000 κτίζων
2399 1934 2464 1987 τὰ
2493 1930 2623 1988 ὅντα
2653 1935 2680 1989 6
2714 1934 2862 2007 Θεὸς,
2896 1932 3050 1991 οὐδὲν
3079 1939 3188 1991 τῶν
3229 1934 3450 1992 οἰκείων
3509 1942 3657 2012 μειοῖ
3703 1938 3824 2014 ἆγα-

2165 2022 2272 2075 θῶν
2291 2063 2301 2079 .

2238 2111 2531 2181 Ἐννοήσας
2581 2112 2610 2166 6
2659 2113 2841 2174 κοινὸς
2891 2115 3074 2186 ἡμῶν.
3127 2113 3320 2178 Κοινὸς
3358 2113 3692 2190 καθηγεμὼν
3732 2133 3821 2185 καὶ

2167 2202 2514 2276 χειραγωγὸς
2543 2204 2569 2256 6
2603 2200 2908 2265 ἀπόστολος
2938 2201 3158 2266 Παῦλος
3200 2199 3466 2275 δηλονότι
3503 2221 3518 2236 ⁹
3562 2202 3631 2259 δι’
3661 2204 3814 2260 αὑτοῦ

2166 2291 2270 2366 γὰρ
2327 2289 2651 2364 ἐπίστευσεν,
2710 2291 2786 2356 ὡς
2835 2286 3073 2367 ἔγνωμεν
3135 2291 3187 2348 έν
3240 2299 3361 2356 ταῖς
3421 2293 3668 2370 Πράξεσι.
3719 2293 3810 2351 Καὶ

2167 2378 2526 2451 σημειωτέον,
2561 2379 2642 2436 ὅτι
2673 2379 2763 2435 καὶ
2796 2381 2824 2436 6
2857 2383 3014 2456 ἅγιος
3042 2381 3303 2456 Ἱερόθεος
3350 2387 3434 2456 τῷ
3460 2382 3595 2458 ἁγίῳ
3615 2380 3808 2455 Παύλῳ

2167 2467 2510 2541 ἐμαθητεύθη
2523 2513 2534 2526 .

2241 2557 2345 2614 Καὶ
2377 2559 2479 2632 γὰρ
2513 2556 2662 2630 εἷ’περ
2723 2557 2823 2613 εῗσὶ
2879 2557 3192 2634 λεγόμενοι.
3223 2560 3322 2629 Τὸ,
3360 2560 3455 2615 κᾶν
3518 2561 3627 2616 θεοὶ
3684 2557 3811 2614 πολ-

2169 2644 2258 2700 λοὶ
2291 2647 2376 2700 καὶ
2411 2646 2591 2720 κύριοι
2623 2648 2746 2717 ὦσι,
2780 2647 2926 2718 πλὴν
2955 2646 3048 2704 ἕνα
3075 2649 3206 2704 εἶναι
3250 2649 3344 2705 τὸν
3394 2647 3620 2722 ἀληθῶς
3673 2649 3814 2720 Θεὸν,

2169 2735 2254 2788 καὶ
2321 2734 2530 2810 Πατέρα
2581 2739 2646 2803 ¹⁹,
2676 2737 2764 2792 καὶ
2807 2733 2902 2792 ’ἕνα
2947 2739 3038 2792 τὸν
3090 2735 3314 2808 ἀληθῶς
3366 2738 3566 2813 Κύριον
3597 2740 3813 2808 Ἰησοῦν,

2167 2827 2330 2879 τοῦτο
2365 2823 2533 2895 δηλοῖ
2557 2824 2638 2881 ὅτι
2671 2828 2705 2896 ἡ
2738 2828 2948 2882 πάντων
2984 2825 3152 2898 αῗτία,
3185 2826 3275 2882 καὶ
3305 2825 3649 2902 δημιουργὸς
3703 2824 3814 2890 θεό-

2169 2933 2269 2982 της
2326 2913 2461 2968 κατὰ
2511 2912 2800 2986 μετάδοσιν
2843 2915 3133 2989 ἀμέριστον
3194 2915 3283 2971 καὶ
3346 2914 3675 2972 ἀσκέδαστον
3727 2911 3814 2980 τῆς

2172 3000 2483 3074 ἐπωνυμίας
2512 3010 2614 3073 τῆς
2645 3003 2846 3066 οἰκείας
2883 3003 3140 3075 θεότητος
3187 3005 3277 3060 καὶ
3323 3005 3651 3080 κυριότητος
3700 3001 3813 3064 τοὺς

2174 3087 2504 3164 λεγομένους
2538 3090 2691 3156 θεοὺς
2722 3092 2813 3147 καὶ
2842 3093 3061 3166 κυρίους
3087 3096 3424 3170 προήγαγεν,
3459 3095 3524 3150 οὑ
3573 3111 3812 3167 κατακερ-

2177 3178 2528 3251 ματισθείσης
2554 3187 2656 3250 τῆς
2685 3181 2941 3252 θεότητος
2975 3181 3048 3244 εἰς
3083 3181 3220 3259 μέρη
3259 3185 3560 3254 θεοτήτων,
3594 3183 3666 3245 ὡς
3695 3199 3814 3256 χρυ·

2094 3250 2137 3317 C
2176 3267 2267 3330 σὸς
2301 3269 2377 3331 εἰς
2427 3270 2740 3343 νομίσματα
2795 3250 2981 3327 πολλά
3014 3291 3026 3304 ·
3062 3250 3186 3326 όῑςτὶ
3211 3250 3344 3328 ’τῶν
3407 3250 3632 3328 πολλῶν
3690 3250 3810 3334 θεῶν

2172 3357 2646 3433 συμπληρούντων
2704 3362 2804 3430 τήν
2867 3359 3029 3416 αὐτοῦ
3090 3361 3344 3433 θεότητα,
3400 3362 3459 3417 ’ὸν
3514 3361 3708 3437 τρόπον
3754 3357 3813 3413 τὰ

2169 3445 2353 3502 πολλὰ
2385 3445 2528 3520 εἴδη,
2557 3449 2646 3503 τὸν
2680 3445 2767 3503 ἕνα
2795 3449 3002 3522 κόσμον
3033 3469 3046 3483 °
3082 3448 3230 3506 ἀλλὰ
3267 3449 3643 3522 πληθύνεσθαι
3672 3445 3812 3523 λέγε-

2166 3557 2253 3592 ται
2288 3539 2316 3592 6
2348 3538 2498 3607 Θεὸς,
2529 3542 2609 3609 τῷ
2639 3539 2761 3602 καθ’
2787 3535 3012 3594 ἕκαστον
3067 3539 3144 3602 εἰς
3198 3542 3535 3617 παραγωγήν
3591 3543 3693 3593 τῶν
3735 3531 3812 3590 ὄν-

2166 3648 2272 3682 των
2310 3625 2650 3701 βουλήματι,
2682 3634 3077 3703 προνοητικαῖς
3108 3625 3394 3704 προόδοις,
3416 3625 3813 3685 πολλαπλασια-

2169 3715 2396 3789 ζόμενος
2432 3715 2549 3787 μὲν,
2586 3717 2756 3788 μένων
2791 3713 2848 3771 δὲ
2878 3717 3078 3792 ἀμερὲς
3108 3714 3162 3772 ἓν
3191 3719 3236 3755 ³ο
3266 3716 3455 3795 ὥσπερ
3489 3716 3647 3787 ἥλιος
3674 3715 3810 3770 ἀκτῖ-

2165 3825 2258 3866 νας
2307 3803 2522 3866 πολλὰς
2577 3803 2892 3877 ἐκπέμπων,
2918 3807 3010 3860 καὶ
3064 3807 3242 3880 μένων
3271 3805 3324 3862 έν
3355 3811 3426 3872 τῆ
3460 3805 3668 3873 δνότητι
3699 3822 3712 3836 ο
3743 3798 3809 3856 εἴ·

2167 3914 2327 3970 ρηται
2358 3894 2458 3970 γὰρ
2490 3894 2580 3948 καὶ
2628 3895 2752 3970 περί
2783 3899 2880 3949 τοῦ
2912 3893 3079 3965 ἡλίου
3110 3902 3214 3966 τῆς
3245 3894 3616 3964 δικαιοσύνης,
3649 3894 3676 3948 6
3705 3895 3809 3953 καθ’

2165 3983 2373 4058 ἡμέραν
2410 3982 2788 4058 μεριζόμενος,
2814 3983 2902 4039 καὶ
2950 3985 3026 4057 μὴ
3059 3981 3455 4059 δαπανώμενος
3493 4003 3504 4018 ·
3539 3981 3715 4041 καλῶς
3757 3975 3808 4032 δδ

2163 4073 2251 4127 καὶ
2314 4071 2402 4127 ἰπὶ
2460 4077 2568 4126 τῶν
2629 4073 2785 4137 θείων
2840 4071 3196 4150 εἷ’ρηται,τᾶς
3225 4075 3447 4138 ἑνώσεις
3471 4078 3579 4129 τῶν
3610 4064 3807 4142 διακρί⁴

2165 4182 2301 4216 σεων
2332 4159 2777 4237 ἐπικρατεστέρας
2805 4162 2938 4218 εἶναι
2975 4181 2989 4194 ·
3021 4162 3112 4217 καὶ
3141 4162 3243 4239 γὰρ
3275 4164 3341 4217 οὐ
3375 4161 3460 4218 δεῖ
3505 4163 3596 4217 τὸν
3643 4173 3808 4213 νουνε-

2166 4255 2286 4326 χῶς
2343 4251 2696 4324 ἀκροώμενον
2747 4252 2872 4324 περὶ
2930 4256 3087 4324 Θεοῦ,
3121 4249 3277 4306 ὶνάδα
3307 4253 3434 4327 περί
3466 4251 3629 4306 αὑτοῦ
3657 4243 3804 4301 ἀκού-

2166 4360 2316 4411 οντα,
2347 4341 2596 4394 ὑπονοεῖν
2629 4339 2928 4412 ἀσθένειαν,
2963 4337 3088 4396 οὔτε
3118 4339 3330 4396 ἁπλοῦν
3387 4343 3462 4404 ὡς
3513 4335 3758 4395 ἀδύνατον
3789 4347 3802 4362 ⁸

2167 4425 2322 4483 οὐδὲν
2371 4429 2474 4505 γὰρ
2534 4427 2622 4483 ἐπὶ
2677 4433 2812 4485 Θεοῦ
2845 4429 3061 4492 οἰκείως
3089 4431 3218 4506 παρ’
3249 4433 3413 4504 ἡμῶν
3457 4428 3669 4504 λέγεται
3715 4425 3804 4488 τῆς

2167 4514 2440 4588 ἰδιότητος
2475 4516 2684 4590 ἐκείνης
2733 4518 3149 4596 έφικνούμενον,
3184 4517 3308 4575 οὔτε
3359 4518 3495 4575 κατὰ
3551 4513 3805 4582 στέρησινν

398 4609 753 4681 immortalis,
785 4613 842 4664 et
872 4607 1127 4675 similia;
1179 4622 1370 4678 neque
1418 4621 1521 4677 per
1567 4604 1917 4677 positionem
1951 4622 2052 4662 seu

2174 4606 2238 4669 ὥς
2272 4606 2549 4678 ἀθάνατος,
2583 4607 2673 4662 καὶ
2712 4609 2779 4663 τὰ
2808 4609 2978 4681 ὅμοια
3011 4629 3023 4640 ·
3063 4606 3188 4664 οὕτε
3216 4609 3353 4664 κατὰ
3381 4603 3545 4674 θέσιν,
3578 4604 3650 4664 ὡς
3699 4597 3800 4668 ζωὴ

399 4699 878 4766 affirmationem,
911 4701 976 4752 ut
994 4696 1109 4752 vita
1134 4697 1382 4752 fortasse
1406 4700 1464 4750 et
1483 4711 1698 4756 unum;
1722 4695 1824 4750 sed
1861 4711 2056 4767 unum,

2174 4695 2332 4771 τυχὸν
2363 4695 2451 4751 καὶ
2483 4696 2546 4750 τὸ
2577 4695 2651 4765 ἓν,
2684 4695 2830 4752 ἀλλὰ
2857 4698 2920 4752 τὸ
2947 4697 3027 4768 ἓν,
3055 4699 3131 4760 ὡς
3164 4702 3323 4753 πᾶσιν
3355 4690 3702 4770 ἀσύμϐλητον
3724 4685 3806 4763 ῥη-

402 4797 689 4862 tanquam
719 4788 875 4860 quod
908 4803 1043 4842 cum
1082 4784 1240 4841 nullo
1276 4783 1603 4855 comparari
1637 4784 1821 4856 possit
1869 4784 2060 4840 dicen-

402 4880 568 4949 dum,
591 4877 747 4949 quod
781 4876 984 4932 eodem
1021 4874 1194 4930 modo
1217 4890 1279 4930 se
1303 4873 1479 4929 habet
1502 4872 1560 4927 in
1589 4873 1664 4928 iis
1685 4877 1858 4928 etiam
1894 4878 2062 4930 caste-

405 4984 604 5025 rorum
637 4963 1036 5023 subsistentiis
1063 4981 1188 5035 quae
1211 4979 1279 5019 ex
1298 4963 1428 5033 ejus
1456 4962 1682 5018 unitate
1703 4962 1948 5018 minime
1964 4980 2060 5019 ex-

405 5061 574 5125 eunt;
595 5056 748 5111 idem
770 5053 946 5111 etiam
981 5055 1208 5108 manet:
1263 5050 1372 5107 etsi
1404 5050 1676 5106 voluntas
1707 5051 1765 5105 in
1803 5051 2062 5124 reliquo-

405 5161 538 5200 rum
572 5144 957 5217 productione
1007 5140 1188 5198 dividi
1229 5141 1517 5197 videatur.
1551 5140 1723 5195 Omni
1757 5139 1940 5213 igitur
1970 5141 2064 5198 di-

403 5234 741 5305 stlnctione,
771 5234 831 5290 id
884 5236 975 5288 est
1016 5236 1082 5287 ut
1126 5237 1342 5287 cuncta
1389 5230 1680 5286 exsistant
1729 5247 2064 5303 progressu.

469 5427 537 5502 (ι)
565 5427 589 5484 Ι
621 5425 750 5484 Cor.
781 5441 873 5494 xv,
902 5425 995 5481 28.

2166 4783 2308 4852 τέον,
2334 4784 2466 4858 ὅπερ
2498 4784 2758 4846 ὡσαύτως
2787 4779 2903 4862 ἔχει
2929 4785 3020 4841 καὶ
3049 4783 3103 4841 ἐν
3137 4791 3258 4849 ταῖς
3289 4783 3695 4864 ἀνεκφοιτήτοις
3717 4775 3806 4839 τῆς

2170 4872 2374 4934 οἰκείας
2405 4871 2590 4936 ένάδος
2609 4878 2718 4929 τῶν
2751 4861 2964 4929 λοιπῶν
2997 4875 3352 4930 ὑϊιεοστιὶσεσι⁹
3388 4861 3533 4948 μένει
3553 4869 3652 4946 γὰρ
3674 4867 3700 4920 6
3721 4861 3804 4918 αὖ·

2167 4961 2282 5032 τὸς,
2298 4959 2394 5016 κᾶν
2423 4963 2486 5016 τὸ
2513 4961 2777 5036 βούλημα
2795 4961 2936 5035 δοκῇ
2965 4961 3325 5040 διακρίνεσθαι
3357 4962 3434 5025 εἷς
3457 4962 3557 5031 τήν
3577 4961 3679 5012 τῶν
3703 4961 3806 5040 λοι·

2169 5054 2286 5105 πῶν
2318 5053 2676 5126 παραγωγήν.
2711 5052 2891 5117 Πάσης
2922 5049 3014 5107 οὖν
3060 5036 3404 5130 δίακρίσεως,
3438 5045 3702 5106 τουτέστιν
3732 5036 3801 5098 εἰς

2169 5139 2233 5194 τὸ
2265 5139 2398 5194 εἶναι
2429 5140 2496 5193 τά
2520 5140 2694 5195 πάντα
2723 5138 2990 5216 παρόδου.
3033 5143 3296 5218 Προάιτία
3328 5139 3386 5196 δὲ
3414 5138 3504 5195 καὶ
3537 5136 3801 5207 ἐπικρατε-

2173 5230 2336 5306 στέρα
2366 5233 2400 5300 ἡ
2431 5234 2529 5285 τοῦ
2560 5234 2695 5286 Θεοῦ
2727 5230 3016 5308 ἀμέριστος
3047 5232 3190 5294 ένάς.
3224 5233 3349 5291 Ἐπὶ
3399 5227 3456 5285 δὲ
3499 5231 3605 5283 τῶν
3631 5219 3804 5286 αἰσθη-

1415 5536 1656 5593 VARLE
1698 5537 2084 5597 LECTIONES
2125 5541 2215 5597 ET
2252 5539 2814 5598 CORREGTIONES.

476 5709 519 5747 ι’
549 5728 636 5786 γρ.
665 5704 766 5785 ἔφη
800 5704 906 5762 ὅτι.
986 5705 1032 5742 ¹⁹
1057 5721 1146 5780 γρ.
1180 5700 1362 5772 ἀληθῆ
1396 5701 1554 5775 Θεὸν,
1584 5702 1794 5776 Πατέρα
1823 5702 1912 5758 καὶ
1944 5703 2068 5761 Υἱὸν
2099 5703 2190 5762 καὶ
2220 5705 2378 5781 ἅγιον
2413 5705 2659 5779 Πνεῦμα.
2735 5705 2782 5742 ³ο
2807 5723 2897 5780 γρ.
2933 5704 3111 5778 μένειν
3144 5699 3204 5758 δὶ
3231 5701 3536 5778 ἀμερίστως
3570 5688 3640 5750 ἰν·
