4034 6440
296 370 414 425 233

1082 374 1140 426 S.
1181 373 1449 426 ΜΔΧΙΜΙ
1484 371 1789 426 SCHOLIA
1827 372 1900 423 IN
1940 370 2069 422 LIB.
2113 371 2206 423 DE
2245 371 2515 424 DIVINIB
2553 370 2968 426 NOMINIBUS.

3627 371 3731 428 234

290 500 407 548 τῶν
452 496 516 550 τὸ
559 495 825 550 ἐναντίον·
861 491 986 550 οὐδὲ
1031 494 1131 569 γὰρ
1164 493 1339 550 αὐτῶν
1375 493 1516 548 ἐστιν
1568 491 1714 561 ὶνὰς,
1750 490 1877 546 ἀλλ’
1908 491 1962 545 αἱ

2085 493 2272 549 Prima
2301 509 2434 550 vero
2464 511 2641 549 causa
2672 498 2762 550 cst
2782 500 2839 550 et
2860 495 3275 566 potentissima
3297 495 3602 552 individua
3631 495 3734 553 Dei

293 580 598 660 διακρίσεις
643 589 752 638 τῶν
803 583 1115 659 στοιχείων,
1148 584 1514 658 προϋποῦσαι,
1547 579 1842 654 σύνδρομοι
1876 601 1964 655 γι-

291 673 526 746 νόμεναι
573 673 666 728 καὶ
716 671 1024 745 ένούμεναι,
1075 669 1322 746 δευτέρας
1379 673 1472 733 τὰς
1524 670 1584 726 ἐκ
1629 677 1728 740 τῆς
1777 668 1965 733 συνθέ-

294 784 437 825 σεως
471 763 694 825 ὲνώσεις
727 761 1068 837 ἐργάζονται·
1090 760 1178 816 ἐπὶ
1208 759 1265 816 δὲ
1293 765 1399 816 τῶν
1435 759 1591 824 θείων
1626 761 1736 834 οὐχ
1767 759 1962 820 οὕτως·

293 851 385 907 ἰπὶ
444 852 621 906 αὐτῶν
669 851 771 928 γὰρ
825 855 1146 924 προϋποῦσα
1194 853 1230 921 ἠ
1277 847 1465 912 ἓνωσις
1518 849 1613 911 τὰς
1671 846 1966 922 διακρίσεις

297 939 629 1017 βουλήματι
663 939 916 1014 δευτέρας
948 944 1118 996 ποιεῖ.

373 1211 477 1266 Καὶ
541 1208 675 1283 μετᾶ
710 1211 814 1279 τήν
870 1212 969 1263 τοῦ
1024 1207 1182 1269 ἑνός.
1243 1207 1500 1267 Ἑνώσεις
1558 1205 1654 1279 μὲν
1708 1203 1796 1259 ἐπὶ
1854 1209 1960 1259 τῶν

291 1299 462 1354 θείων
496 1301 537 1336 ²¹
575 1299 762 1376 φησὶν,
795 1295 920 1367 ἤτοι
968 1296 1036 1351 τὰ
1077 1297 1293 1358 ένιαίως
1324 1316 1382 1350 τε
1412 1295 1500 1350 καὶ
1537 1292 1841 1368 μοναδικῶς
1875 1294 1961 1349 ἐπὶ

286 1396 396 1459 τῆς
428 1388 692 1459 θεότητος
719 1386 1092 1463 θεωρούμενα,
1124 1382 1248 1440 ἄνευ
1281 1405 1344 1460 γε
1392 1381 1609 1455 δηλαδὴ
1642 1385 1714 1438 ῶν
1751 1394 1962 1459 προϋπ-

290 1477 580 1533 εστείλατο
624 1473 942 1547 ἱδιοτήτων,
973 1476 1222 1530 τουτέστι
1271 1473 1635 1547 πατρότητος,
1686 1472 1960 1543 υἱότητος,

287 1566 386 1621 καὶ
420 1573 522 1635 τῆς
557 1565 615 1620 ἐκ
642 1570 740 1620 τοῦ
792 1565 1001 1639 Πατρὸς
1053 1561 1368 1634 ΙΙνεύματος
1416 1561 1808 1636 ἐκπορεύσεωςο
1843 1558 1963 1615 δια-

287 1655 505 1730 κρίσεις
541 1652 620 1723 δὶ,
649 1655 712 1708 τὸ
763 1651 949 1708 πολλά
997 1653 1128 1707 εἶναι
1181 1652 1248 1706 τὰ
1289 1655 1398 1706 τῶν
1453 1651 1613 1714 θείων
1663 1651 1964 1725 μετέχοντα

289 1742 541 1820 δωρεῶν⁹
603 1741 1053 1820 προκατάρχουσι
1111 1743 1295 1796 τοίνυν
1343 1742 1432 1796 καὶ
1494 1738 1843 1814 ἐπικρατοῦσι
1897 1739 1964 1794 τὰ

283 1843 399 1893 τῶν
434 1838 703 1892 ὲνώσεων·
739 1835 801 1891 ού
833 1837 935 1912 γὰρ
967 1833 1026 1890 ἐκ
1073 1839 1180 1890 τῶν
1227 1833 1456 1890 πολλῶν
1486 1835 1736 1909 συνήχθη
1768 1833 1834 1888 τὰ
1861 1838 1961 1902 τῆς
1998 1870 2044 1935 Β

288 1931 427 1999 μιᾶς
483 1925 742 1997 θεότητος
788 1925 877 1980 καὶ
929 1923 1278 1999 κυριότητος,
1331 1921 1477 1978 ἀλλὰ
1527 1921 1585 1976 ἐκ
1631 1926 1728 1976 τοῦ
1760 1920 1962 1992 ταύτης

285 2012 621 2088 μοναδικοῦ,
653 2015 682 2070 ὃ
714 2013 766 2069 ἐν
801 2013 1027 2075 ἐκείνοις
1059 2011 1387 2086 πληθυσμὸς
1419 2015 1724 2085 θεωρεῖται.

799 2133 910 2188 ΕΙΣ
953 2133 1047 2187 ΤΟ
1088 2132 1348 2186 ΚΕΦΑΛ.
1393 2134 1463 2184 Γ’.

366 2232 472 2304 ﬁl.
521 2231 629 2298 Τήν
676 2229 1077 2305 ἀγαθαρχικήν.
1129 2230 1243 2296 Τὴν
1303 2226 1555 2300 ἀρχηγὸν
1601 2227 1779 2295 πάσης
1832 2224 1966 2298 ἀγα-

293 2321 562 2390 θότητος.

365 2407 446 2466 Οὐ
508 2407 683 2462 πάντα
735 2406 812 2464 δέ.
876 2410 1002 2468 Πῶς
1065 2404 1128 2460 οὐ
1184 2403 1355 2460 πάντα
1409 2405 1633 2478 πάρεστι
1690 2406 1770 2474 τῷ
1825 2406 1963 2474 Θεῷ,

287 2497 434 2572 ῳησὶ
501 2497 594 2570 μὶν
650 2495 743 2550 καὶ
800 2494 984 2563 αὐτὸς,
1011 2496 1228 2565 νοήσεις
1289 2491 1347 2548 δε
1396 2493 1525 2547 αὐτὸ
1574 2492 1663 2546 καὶ
1713 2489 1772 2545 ἐκ
1821 2491 1964 2555 θείου

287 2587 586 2662 χρησμοῦ·
634 2583 922 2660 Ἐγγίσατε
987 2585 1117 2660 πρὸς
1181 2583 1269 2656 μὶ,
1323 2581 1412 2637 καὶ
1463 2581 1567 2658 ἐγὼ
1617 2579 1788 2655 ἐγγιῶ
1828 2581 1964 2656 πρὸς

293 2677 465 2748 ὑμᾶς,
501 2674 645 2750 λέγει
678 2674 897 2749 Κύριος.
1459 2741 1463 2745 ι

367 2765 550 2836 Ἣμᾶς
609 2761 701 2818 οὖν
755 2761 975 2825 αὐτούς.
1041 2763 1361 2834 Σημείωσαι
1421 2759 1569 2827 ὅτιὴ
1621 2759 1762 2832 εὐχή
1817 2760 1964 2830 ἡμᾶς

291 2850 483 2927 ἆνᾶγει
534 2853 672 2927 πρὸς
718 2853 812 2907 τὸν
863 2851 1018 2920 Θεὸν,
1050 2850 1149 2906 οὐκ
1201 2850 1360 2906 αὐτὸν
1410 2849 1547 2922 πρὸς
1600 2850 1749 2919 ἡμᾶς
1800 2847 1965 2901 κατά-

292 2962 407 3016 γει·
482 2941 794 3014 σημείωσαι
870 2938 928 2996 δὲ
1001 2939 1094 2995 καὶ
1164 2939 1234 2994 τὰ
1305 2935 1719 3014 παραδείγματα
1789 2935 1967 3011 ὡραῖα

295 3053 450 3089 οντα.

371 3120 722 3197 ιιολυφώτου
797 3123 979 3193 σειρᾶς
1023 3161 1037 3174 .
1099 3114 1294 3178 Καλῶς
1369 3115 1652 3170 ἀπείκασεν
1741 3113 1966 3187 οὐρανίᾳ

2073 583 2288 640 unitas.
2326 588 2386 638 In
2436 583 2754 639 sensilibus
2810 590 3006 638 autem
3064 585 3422 640 contrarium
3477 586 3730 654 accidit;

2074 673 2238 729 nulla
2260 674 2418 729 enim
2441 675 2500 729 in
2527 674 2672 745 ipsis
2697 674 2917 740 unitas,
2943 676 3043 730 sed
3078 676 3591 747 przesubsistentes
3614 677 3730 733 ele-

2073 770 2408 819 mentorum
2433 764 2864 832 distinctiones,
2888 765 3030 819 dum
3059 770 3418 820 concurrunt
3438 771 3494 822 et
3517 767 3731 822 uniun-

2073 852 2439 918 tur,alteram
2471 870 2538 908 ex
2571 853 2995 924 compositione
3040 854 3368 909 unitionem
3413 860 3732 926 operantur

2075 941 2135 996 in
2167 941 2378 997 divinis
2408 959 2540 997 vero
2569 942 2738 998 aliter
2767 958 2828 998 se
2859 960 2952 998 res
2983 943 3190 1010 habet;
3245 959 3382 998 nam
3415 945 3730 1014 praesubsi-

2073 1036 2233 1085 stens
2283 1031 2339 1084 in
2390 1031 2542 1102 ipsis
2589 1031 2778 1086 unitio
2804 1031 3157 1104 posteriores
3189 1031 3599 1089 distinctiones
3625 1050 3728 1090 vo-

2072 1117 2300 1174 luntate
2329 1123 2622 1190 operatur.

2147 1208 2328 1262 Etiam
2355 1212 2480 1278 post
2508 1211 2696 1263 unius.
2731 1209 3032 1266 Unitiones
3055 1209 3296 1281 quidem
3324 1210 3383 1265 in
3408 1210 3622 1267 divinis
3643 1211 3732 1266 di-

2073 1296 2173 1362 cit,
2192 1313 2294 1352 seu
2331 1314 2459 1369 quae
2490 1297 2659 1354 unice
2689 1303 2746 1353 et
2771 1297 3032 1354 solitarie
3062 1299 3121 1354 in
3155 1299 3462 1356 divinitate
3493 1301 3733 1372 conspi-

2073 1386 2330 1452 ciuntur,
2363 1403 2430 1442 ea
2461 1387 2684 1442 scilicet
2739 1387 2865 1442 sine
2909 1388 3124 1458 quibus
3177 1388 3342 1459 prius
3380 1389 3736 1445 contractior

2073 1475 2264 1530 fuerat
2303 1475 2780 1546 proprietatibus,
2816 1476 2873 1530 id
2908 1481 2996 1531 est
3027 1477 3398 1547 paternitate,
3433 1476 3735 1546 ﬁliatione,

2074 1567 2132 1618 et
2168 1563 2422 1634 Spiritus
2465 1561 2749 1634 sancti,éx
2775 1567 2872 1617 τοῦ
2904 1563 3226 1638 Πατρός,ϐΧ
3273 1566 3462 1633 Patre,
3502 1583 3736 1638 proces-

2074 1651 2257 1718 sione;
2283 1652 2691 1709 distinctiones
2715 1660 2935 1722 autem,
2954 1654 3094 1724 quia
3122 1655 3307 1710 multa
3335 1659 3474 1710 sunt
3500 1672 3629 1726 qua:
3652 1655 3737 1710 di-

2073 1740 2208 1795 vina
2241 1742 2594 1813 participant
2625 1758 2899 1809 munera;
2939 1743 3236 1798 unitiones
3260 1760 3397 1815 ergo
3423 1744 3734 1815 praedomi-

2075 1831 2292 1882 nantur
2321 1834 2378 1883 et
2408 1829 2648 1884 vincunt
2675 1845 2688 1895 ;
2723 1845 2828 1883 nec
2856 1829 3012 1884 enim
3049 1847 3162 1884 una
3191 1830 3380 1886 deitas
3401 1835 3732 1903 etpotestas

2074 1931 2142 1970 ex
2173 1915 2376 1972 multis
2407 1917 2661 1972 conﬂata
2685 1923 2805 1984 est;
2832 1918 2933 1972 sed
2977 1933 3046 1972 ex
3084 1917 3264 1988 hujus
3295 1919 3728 1991 singularitate,

2075 2017 2202 2073 quae
2233 2003 2292 2056 in
2323 2002 2442 2058 illis
2473 2002 2762 2074 reperitur
2790 2002 3109 2060 multitudo
3141 2005 3563 2061 consideratur.

2697 2119 2769 2176 IN
2811 2119 2967 2175 CAP.
3011 2120 3107 2175 IlI.

2151 2220 2178 2284 §
2209 2217 2250 2272 Ι.
2273 2219 2402 2285 Quae
2425 2217 2553 2272 boni
2572 2217 2922 2288 principium
2945 2227 3042 2274 est.
3063 2219 3214 2274 Fons
3238 2219 3521 2276 nimirum
3549 2222 3732 2278 totius

2077 2305 2358 2361 bonitatis
2390 2310 2562 2377 atque
2591 2306 2968 2378 principium.

2146 2398 2266 2450 Non
2297 2403 2484 2450 tamen
2517 2396 2726 2449 omnia.
2759 2396 2884 2460 Qua
2914 2396 3137 2451 ratione
3189 2413 3304 2452 non
3355 2399 3554 2453 omnia
3586 2415 3733 2468 prae-

2077 2482 2270 2537 sentia
2298 2483 2419 2537 sint
2453 2482 2588 2550 Deo,
2624 2487 2681 2538 et
2711 2483 2837 2554 ipse
2867 2483 3030 2553 dicit,
3071 2489 3126 2539 et
3157 2485 3302 2540 illud
3335 2485 3532 2557 ipsum
3567 2488 3736 2544 facile

2077 2585 2260 2642 queas
2283 2586 2350 2624 ex
2380 2570 2615 2626 oraculo
2667 2571 2863 2627 divino
2911 2573 3228 2644 percipere.
3254 2574 3500 2632 Accedite
3528 2576 3599 2632 ad
3628 2594 3736 2647 me,

2075 2668 2130 2714 et
2160 2674 2254 2729 ego
2283 2659 2538 2714 accedam
2563 2659 2634 2714 ad
2664 2675 2777 2727 vos,
2812 2660 2956 2716 dicit
2984 2661 3291 2719 Dominus.

2147 2749 2294 2803 121
2331 2749 2436 2803 Nos
2465 2748 2646 2820 igitur
2692 2749 2860 2819 ipsos.
2912 2749 3326 2807 Animadverte
3358 2754 3512 2824 quod
3547 2756 3733 2812 oratio

2075 2851 2181 2892 nos
2213 2837 2285 2892 ad
2315 2843 2490 2893 Deum
2549 2837 2762 2906 evehit,
2808 2854 2926 2892 non
2980 2838 3180 2909 ipsum
3238 2845 3437 2896 autem
3491 2843 3561 2896 ad
3624 2860 3733 2900 nos

2075 2925 2350 2981 deducit:
2385 2925 2562 2980 simul
2594 2930 2651 2981 et
2681 2925 3081 2998 pulcherrima
3109 2930 3376 3000 exempla
3407 2929 3501 2986 hic
3534 2936 3692 2988 nota.

2146 3104 2574 3161 Lucidissimam
2627 3112 2900 3161 catenam.
2946 3107 3186 3178 Egregie
3242 3106 3568 3166 orationem
3624 3127 3728 3168 no-

295 3214 455 3282 σειρᾷ
508 3192 610 3278 τῆν
659 3209 779 3263 καθ’
821 3192 970 3280 ἡμᾶς
1019 3207 1357 3282 προσευχήν.
1408 3206 1611 3279 Ὥσπερ
1673 3203 1777 3278 γὰρ
1809 3204 1836 3257 6
1885 3201 1961 3266 είς

2085 3198 2257 3251 stram
2283 3210 2415 3248 cum
2442 3192 2660 3249 caelesti
2683 3197 2891 3249 eatena
2920 3209 3025 3249 seu
3048 3195 3185 3250 fune
3207 3198 3587 3266 comparavit.
3613 3199 3732 3256 Hoc

2085 3285 2240 3304 _.__I-
2272 3282 2416 3304 __2__
2454 3283 2543 3304 ---Σ
2575 3283 2639 3304 -.1
2668 3299 2711 3304 -_
2743 3297 2963 3304 ..Α-.--μ
2997 3283 3210 3304 -μ1--Λ3
3234 3283 3527 3304 ιζΑιξφεηᾉγ
3622 3287 3661 3304 ιο
3712 3303 3721 3304 κ

291 3300 433 3374 ὕψος
464 3298 700 3373 ούρανοῦ
744 3296 946 3351 ἀνιέναι
991 3295 1166 3351 θέλων
1199 3291 1571 3369 ἐπιδράττεται
1603 3298 1723 3354 ταῖς
1767 3292 1956 3366 χερσὶν

291 3389 546 3464 ἰσχυρῶς
575 3393 676 3456 τῆς
709 3384 940 3461 σχοίνου
967 3384 1192 3456 ταύτης.

369 3565 718 3638 Ηεισμάτων.
754 3562 1056 3638 Σχοινίων.

362 3659 474 3725 Τὴν
513 3655 823 3729 ἁπανταχῇ.
871 3656 996 3714 Πῶς
1045 3652 1331 3723 πανταχοῦ
1379 3649 1628 3718 πάρεστι,
1673 3647 1762 3701 καὶ
1801 3642 1965 3700 οῦδα·

303 3750 412 3818 μοῦ
451 3747 480 3800 6
535 3745 690 3811 Θεὸς,
735 3739 948 3817 εἷ’ρηται
997 3742 1134 3813 ἡμῖν
1187 3738 1444 3810 ἀνωτέρω
1495 3735 1545 3790 ἐν
1597 3738 1664 3808 τῇ
1716 3734 1966 3807 ἐξηγήσει

305 3835 378 3903 ἦς
407 3837 438 3902 ἡ
468 3835 641 3908 ἀρχὴ,
675 3830 828 3886 Θέσιν
881 3829 1040 3899 φασὶν
1088 3829 1140 3882 οἱ
1193 3824 1513 3902 φιλόσοφοι.
1558 3827 1760 3897 “Ωσπερ
1812 3823 1904 3876 οὖν
1939 3823 1966 3877 6

309 3923 443 3978 κατὰ
475 3921 671 3997 μικρὸν
707 3919 892 3974 ἑαυτὸν
919 3925 1024 3987 τῆς
1051 3923 1154 3992 γῆς
1201 3915 1472 3992 κουφίζων
1520 3919 1641 3976 ταῖς
1693 3912 1848 3988 χερσὶ
1881 3909 1969 3966 δο-

303 4018 392 4067 κεῖ
431 4013 529 4085 μὲν
574 4007 861 4073 καθέλκειν
911 4008 1008 4076 τὴν
1060 4004 1262 4080 σειρὰν,
1312 4005 1472 4064 αὐτὸς
1525 4000 1581 4057 δὲ
1633 3999 1966 4079 [κουφίζεται

297 4101 418 4174 καὶ]
473 4100 614 4175 πρὸς
667 4099 800 4170 ὕψος
859 4094 1066 4171 αἴρεται
1117 4097 1185 4167 τῇ
1241 4092 1378 4148 κατό⁴
1439 4092 1638 4168 μικρὸν
1684 4085 1964 4162 ἀναϐάσει,

301 4189 450 4245 οὕτω
481 4189 573 4244 καὶ
608 4188 637 4242 6
668 4185 898 4247 έκτενῶς
929 4182 1376 4260 προσευχόμενος
1429 4179 1518 4235 διὰ
1545 4184 1654 4235 τῶν
1696 4178 1966 4253 πράξεων,

297 4279 364 4341 ἃς
398 4281 429 4334 6
457 4277 629 4352 λόγος
659 4281 854 4352 χεῖρας
901 4272 1080 4345 καλεῖ,
1111 4275 1179 4346 τῇ
1227 4272 1364 4326 κατὰ
1400 4270 1592 4344 μικρὸν
1625 4267 1850 4345 ἐργασίᾳ
1877 4267 1968 4322 καὶ

294 4371 594 4444 προσευχῇ
625 4367 716 4420 τὸν
749 4369 873 4418 νοῦν
927 4365 1094 4418 αὑτοῦ
1123 4362 1258 4433 πρὸς
1298 4360 1426 4415 Θεὸν
1462 4360 1678 4432 ἀνυψοῖ·
1714 4356 1800 4412 ἐὰν
1833 4360 1881 4393 ²²
1913 4353 1970 4411 δὲ

2076 3285 2246 3338 modo
2266 3282 2422 3338 enim
2447 3283 2543 3354 qui
2571 3283 2642 3338 ad
2665 3297 2968 3338 summum
2993 3283 3212 3339 caelesti
3233 3283 3536 3356 fastigium
3567 3287 3731 3344 adire

2069 3371 2214 3439 vult,
2249 3371 2661 3426 firmissimum
2710 3371 2869 3426 hunc
2919 3372 3118 3426 funem
3171 3372 3450 3429 manibus
3481 3377 3640 3431 tenet
3672 3379 3731 3431 et

2073 3459 2501 3531 complectitur.

2150 3548 2436 3618 Rudentcs,
2471 3549 2566 3604 Gr.
2599 3548 2936 3620 πεισμάτων.
2966 3552 3157 3606 Funes
3189 3549 3485 3623 intelligit.

2149 3640 2375 3710 Ubique.
2401 3640 2665 3703 Quonam
2697 3639 2871 3693 modo
2905 3638 3127 3710 ubique
3153 3639 3413 3706 adest,et
3436 3657 3738 3714 nusquam

2073 3732 2162 3782 est
2193 3743 2448 3798 praesens
2493 3732 2667 3792 Deus,
2701 3727 2976 3798 superius
3008 3745 3041 3783 a
3074 3728 3243 3783 nobis
3303 3728 3528 3785 dictum
3560 3735 3650 3786 est
3679 3731 3738 3787 in

2075 3817 2435 3890 expositione
2447 3819 2618 3886 cujus
2631 3815 2867 3871 initium
2886 3821 2995 3884 est,
3010 3817 3348 3874 Positionem
3363 3836 3464 3874 seu
3483 3820 3577 3876 atii
3587 3838 3742 3877 rma-

2076 3907 2298 3962 tionem
2329 3906 2612 3977 appellant
2634 3905 2971 3977 philosophi.
3007 3908 3518 3971 Quemadmodum
3559 3911 3741 3981 igitur

2075 3994 2172 4066 qui
2206 3995 2445 4066 paulum
2477 4010 2607 4049 sese
2629 4009 2663 4048 a
2691 3998 2848 4049 terra
2879 3994 3158 4050 manibus
3189 3995 3482 4064 sublevat,
3509 3997 3740 4054 videtur

2077 4083 2316 4154 quidem
2341 4083 2538 4136 funem
2561 4080 2985 4150 attrahere,sed
3009 4081 3132 4153 ipse
3155 4083 3351 4152 potius
3373 4083 3740 4152 [sublevatur

2077 4173 2157 4243 et]
2173 4171 2492 4227 ascensuin
2511 4169 2690 4225 altum
2709 4170 2931 4225 sensim
2947 4170 3262 4227 attollitur:
3299 4173 3382 4226 sic
3401 4173 3497 4244 qui
3514 4172 3738 4228 intente

2074 4260 2564 4331 vehementerque
2585 4263 2711 4314 orat
2732 4275 2836 4330 per
2855 4259 3125 4314 laudatas
3147 4259 3427 4326 actiones,
3452 4277 3600 4332 quas
3615 4262 3738 4317 haec

2078 4348 2398 4420 disputatio
2441 4364 2653 4402 manus
2702 4351 2885 4414 vocat,
2925 4347 3208 4418 paulatim
3243 4349 3372 4421 ipsa
3401 4351 3742 4422 operatione

291 4437 392 4519 τας
425 4437 618 4533 χεῖρας
675 4452 1041 4526 ἀπολύσωμεν
1093 4457 1193 4520 τῆς
1245 4455 1452 4522 σειρᾶς,
1483 4447 1572 4502 καὶ
1627 4447 1702 4520 μὴ
1746 4445 1964 4525 φροντί-

2085 4443 2132 4493 et
2159 4439 2423 4493 oratione
2459 4440 2713 4491 mentem
2747 4437 2817 4490 ad
2855 4438 3033 4490 Deum
3066 4454 3236 4491 suam
3272 4437 3532 4492 elevatin
3559 4439 3742 4494 subli-

295 4568 484 4620 σωμεν
531 4552 632 4614 τῆς
684 4543 774 4599 ἐπὶ
821 4543 890 4597 τὰ
938 4540 1050 4596 ἅνω
1101 4543 1294 4617 φορᾶς,
1345 4537 1620 4608 πίπτομεν
1675 4534 1724 4608 ἐξ
1780 4535 1967 4608 ὕψους.

2081 4543 2189 4581 me.
2216 4526 2313 4580 Sin
2346 4543 2476 4581 vero
2509 4540 2720 4579 manus
2743 4524 2932 4579 atune
2955 4524 3336 4592 remittimus,
3363 4541 3552 4597 neque
3579 4526 3740 4582 illius

291 4639 365 4692 T6
420 4635 551 4690 αὐτὸ
598 4634 688 4689 καὶ
737 4633 862 4701 περῖ
913 4639 1015 4701 τῆς
1059 4630 1215 4700 νηὸς,
1259 4626 1354 4681 ’ἱνα
1383 4628 1677 4697 νοήσωμεν
1710 4629 1836 4678 ναῦν
1865 4625 1964 4693 τήν

2085 4633 2206 4688 quae
2251 4631 2484 4670 sursum
2518 4615 2582 4667 ﬁt
2615 4613 2894 4668 motionis
2925 4629 3126 4667 curam
3161 4613 3471 4683 habemus,
3504 4631 3573 4670 ex
3623 4615 3740 4672 alto

293 4730 441 4798 ἡμῖν
501 4722 742 4778 διάνοιαν
795 4719 1154 4797 ριπιζομένην
1205 4721 1322 4778 τοῖς
1377 4719 1474 4770 τοῦ
1544 4713 1671 4790 βίου
1726 4712 1968 4786 ἀνέμοιςο

297 4815 578 4881 θάλασσαν
631 4811 688 4867 δὲ
733 4812 823 4866 τὸν
881 4809 996 4886 βίον
1052 4808 1144 4862 τὸν
1193 4805 1435 4882 γέμοντα
1482 4801 1713 4858 πολλῶν
1756 4803 1970 4877 χειμώ-

294 4922 442 4960 νων·
501 4901 698 4978 πέτραν
761 4899 819 4955 δὲ
864 4900 955 4955 τὸν
1011 4897 1271 4974 Χριστὸν,
1331 4895 1389 4949 ’ὸν
1448 4896 1777 4969 κρατοῦντες
1835 4891 1969 4946 ἀσά-

297 4991 491 5049 λευτοι
551 4987 882 5064 διαμένομεν
929 4987 1068 5064 πρὸς
1121 4984 1306 5057 αὐτὸν,
1361 4981 1452 5038 τὸν
1519 4980 1640 5056 βίον
1681 4981 1845 5052 ἡμῶν
1873 4977 1968 5034 ἓλ-

295 5101 518 5143 κοντες.

362 5356 489 5414 Τοῦ
519 5349 763 5410 κλεινοῦ.
796 5344 1074 5421 Ἐνδὸξου.

2081 4705 2408 4777 praecipites
2440 4705 2687 4758 ruimus.
2712 4701 2916 4757 Simile
2946 4700 3088 4756 illud
3124 4706 3213 4756 est
3242 4703 3314 4757 de
3345 4719 3513 4771 nave,
3548 4708 3613 4758 ut
3644 4704 3738 4760 in-

2080 4793 2417 4865 telligamus
2447 4808 2651 4848 navem
2679 4807 2804 4846 esse
2835 4795 3101 4844 nostram
3145 4795 3400 4846 mentem
3433 4796 3491 4846 et
3517 4793 3738 4863 cogita-

2079 4884 2298 4940 tionem
2332 4881 2532 4937 ﬂabris
2565 4881 2748 4951 hujus
2780 4880 2907 4934 vite
2927 4879 3252 4949 jactatam;
3300 4895 3460 4934 mare
3511 4885 3734 4948 autem,

2078 4974 2256 5030 vitam
2301 4970 2506 5026 multis
2559 4967 3006 5041 tempestatibus
3035 4968 3477 5037 abundantem;
3529 4987 3736 5042 rupem

2078 5079 2207 5119 esse
2263 5060 2583 5128 Christum,
2633 5075 2808 5129 quem
2858 5062 3148 5126 tenentes,
3181 5057 3410 5113 immoti
3469 5063 3528 5114 et
3583 5063 3741 5115 tran-

2078 5151 2247 5224 quilli
2277 5149 2582 5222 ad'ipsum
2631 5145 3113 5218 adharescimus,
3163 5147 3345 5203 vitam
3393 5147 3452 5204 in
3505 5153 3741 5221 portum

2076 5243 2410 5312 trahentes.

2147 5330 2374 5403 Inciyti.
2412 5329 2590 5396 Fama
2620 5326 2903 5384 nimirum
2935 5325 3243 5399 gloriaque
3273 5325 3549 5389 illustris.

1317 5544 1560 5604 VARI/E
1600 5538 1989 5601 LECTIONES
2034 5535 2115 5596 ET
2156 5529 2732 5594 CORREGTIONES.

362 5709 416 5753 ⁸³
449 5716 556 5781 τῆς
584 5699 872 5779 θεότητος.
945 5705 992 5741 ³³
1022 5700 1334 5779 ἆναλέγεται
1364 5700 1500 5777 πρὸς
1532 5694 1684 5754 Θεόνο
1723 5695 1840 5752 ἐὰν.

638 5839 901 5900 ΡΑτιοι..
947 5835 1060 5895 Ga.
1104 5830 1209 5895 ιν.
