4034 6396
429 393 538 447 235

503 519 786 572 Incassum
843 512 1013 582 loqui.
1048 510 1145 565 Gr.
1184 505 1641 580 ματαιολογῆσαι.
1694 504 1953 560 Inaniter
1994 502 2077 558 10-
2110 503 2165 570 Α

434 605 532 678 qui
566 610 624 661 et
652 601 882 674 nugari.

505 695 706 750 Imbuti
736 707 948 758 sumus,
984 684 1448 761 Στοιχειωθὲντας
1476 685 1618 740 dicit
1665 700 1769 756 pro
1813 698 1878 737 eo
1928 680 2084 753 quod

433 787 542 854 est,
565 783 820 838 fructum
858 778 1291 848 utilitatemque
1315 773 1870 847 cepimus.Estvero
1901 771 2088 826 scien-

1245 385 1611 438 APPENDIX
1649 384 1746 435 AD
1784 380 2026 435 OPEBA
2067 381 2124 432 8.
2167 377 2483 432 DIONYSII
2525 378 3028 434 ABEOPAGITE.

2266 498 2719 575 Είκαιολογῆσαι.
2753 501 3221 578 Ματαιολογῆσαι.

2265 680 2728 754 Στοιχειωθέντας
2763 723 2776 737 .
2837 681 3293 756 Στοιχειωθέντας
3351 681 3496 759 λέγει
3553 686 3660 742 ἀντὶ
3725 697 3803 746 τοῦ

2193 765 2593 844 ὠφεληθέντας.
2654 770 2850 825 Ἰστέον
2911 766 2989 839 δὲ,
3046 771 3128 824 δτι
3193 771 3326 843 μετᾶ
3375 771 3583 829 Παῦλον
3625 775 3802 849 ἐμαθη-

433 874 576 928 dum
612 875 745 944 post
767 875 834 926 D.
862 867 1106 924 Paulum
1131 883 1163 921 a
1188 869 1388 920 sancto
1420 859 2083 919 Hierotheoinstitutum

2209 856 2353 926 εεῦθη
2412 861 2491 928 τῷ
2551 857 2686 933 ἁγίῳ
2743 857 2990 933 ’ῐεροθέῳ
3023 879 3035 891 ·
3099 859 3507 934 ὑφαρπάζοντας
3562 861 3615 918 δὲ
3679 865 3802 942 λέγει

433 977 569 1018 eum
604 961 808 1016 fuisse.
843 954 1278 1034 Ὑφαρπάυοντας
1311 954 1468 1023 dicit,
1513 969 1614 1023 pro
1642 951 1793 1007 clam
1825 954 1883 1005 et
1929 949 2085 1004 frau-

434 1053 506 1108 de
536 1050 649 1106 sibi
680 1048 1046 1103 vindicantes
1079 1050 1136 1100 et
1168 1043 1505 1117 plagiarios.

507 1139 780 1195 Graviter.
806 1129 1182 1209 ΙΙρεσϐυτικῶς
1214 1135 1362 1189 forte
1394 1131 1649 1203 sumpsit
1681 1146 1785 1202 pro
1822 1128 2002 1200 perite
2033 1129 2090 1180 et

431 1222 1240 1300 intelligenter;cuvommo'$c
1291 1227 1484 1277 autem
1537 1221 1696 1292 ὅρους
1747 1217 1945 1274 brevia
1989 1217 2087 1271 de-

433 1322 592 1374 creta
623 1320 809 1381 vocat,
843 1333 966 1386 quas
999 1313 1478 1384 compendiosam
1522 1311 1743 1366 habent
1790 1306 2086 1364 tractatio-

432 1422 597 1461 nem:
631 1404 742 1459 boc
785 1409 842 1458 et
889 1402 1243 1474 signiﬁcavit
1289 1417 1424 1454 cum
1456 1399 1602 1455 dixit
1629 1395 1850 1463 ἐνιαίας,
1886 1396 2089 1466 singu-

431 1494 607 1562 laria;
640 1489 926 1561 συνελίξεις
955 1496 1123 1547 vocat
1174 1489 1566 1561 expositiones
1598 1504 1724 1559 quas
1757 1485 2005 1541 breviter
2035 1486 2092 1538 et

433 1582 638 1655 paucis
671 1583 840 1637 fiunt.

504 1673 588 1728 Ad
609 1675 834 1742 captum
861 1675 1135 1725 nostrum.
1168 1667 1287 1724 Hoc
1318 1670 1408 1722 est
1435 1669 1723 1737 quantum
1769 1664 1826 1718 in
1877 1678 1971 1718 me
2006 1661 2092 1717 si-

433 1767 561 1817 tum
593 1766 700 1831 est,
734 1764 792 1815 et
825 1763 997 1832 prout
1027 1773 1317 1829 exponere
1345 1756 1685 1812 cohortatus
1715 1770 1797 1824 es,
1831 1757 1888 1808 et
1919 1755 2090 1823 quot-

436 1853 579 1920 quot
608 1853 992 1919 przeceptores
1027 1845 1211 1901 nostri
1244 1845 1328 1900 sic
1357 1842 1724 1914 interpretati
1757 1844 1928 1902 sunt;
1959 1839 2088 1910 ipsa

430 1937 780 2009 compositio
812 1937 880 1990 ad
913 1935 1302 2006 hyperbatum
1335 1936 1582 2003 spectat.

504 2027 660 2082 I22
707 2024 935 2080 Alteras
985 2023 1311 2094 scripturas.
1360 2020 1506 2076 Nota
1555 2020 1739 2074 sancti
1791 2016 2085 2073 Hierothei

431 2112 899 2170 Commentarios
927 2113 1084 2168 velut
1115 2111 1435 2166 secundam
1470 2109 1786 2183 quamdam
1834 2105 2089 2177 Scriptu-

436 2217 561 2256 ram
593 2216 821 2255 sacram
856 2216 984 2255 esse
1016 2199 1330 2270 putandos.

506 2288 886 2344 Intuitionem.
919 2287 1162 2342 Minime
1199 2290 1437 2350 tectam,
1461 2284 1678 2341 claram
1715 2284 1907 2357 potius
1935 2288 1991 2339 et
2020 2283 2089 2338 il-

430 2377 678 2434 lustrem
711 2377 1106 2449 cognitionem
1140 2374 1436 2446 intelligit.

502 2467 704 2522 Senili.
748 2467 902 2531 Quia
932 2463 1137 2521 senilis
1168 2463 1427 2535 dignitas
1459 2462 1768 2533 perfectior
1797 2467 1852 2516 et
1881 2461 1950 2517 ad
1985 2461 2087 2516 do-

433 2556 684 2612 cendum
718 2554 1233 2620 accommodatior,
1267 2552 1532 2607 omnium
1574 2553 1942 2608 sacerdotum
1976 2556 2085 2606 est.

431 2643 580 2706 Quid
611 2660 745 2698 vero
779 2643 855 2698 sit
883 2634 1240 2715 πρεσϐυτική,
1271 2640 1487 2705 senilis,
1519 2657 1587 2696 ex
1609 2656 1674 2695 eo
1698 2640 1858 2695 Isaias
1893 2639 1987 2708 (m)
2010 2640 2089 2694 ef-

431 2732 550 2788 fato
582 2731 904 2803 intelliges:
957 2731 1082 2786 Non
1132 2729 1348 2796 senior,
1382 2745 1497 2784 non
1537 2728 1806 2800 angelus,
1840 2728 1940 2784 sed
1972 2728 2090 2800 ipse

431 2821 698 2876 Dominus
725 2820 903 2876 veniet
953 2829 1006 2875 et
1051 2818 1290 2874 salvabit
1331 2834 1432 2874 nos
1451 2835 1471 2880 ;
1525 2822 1582 2873 et
1627 2832 1696 2872 ex
1743 2817 2086 2889 Apocalypsi

428 2909 582 2966 beati
599 2909 844 2966 Joannis
861 2910 965 2980 (n),
981 2909 1082 2980 qui
1108 2909 1264 2963 circa
1287 2906 1702 2978 inexplicabile
1723 2905 1937 2961 solium
1961 2906 2087 2976 Dei,

426 2998 632 3070 viginti
665 3003 917 3069 quatuor
949 2999 1212 3053 seniores
1244 3013 1306 3052 se
1333 2996 1553 3052 vidisse
1582 2996 1684 3050 ait.

497 3177 846 3249 Principium
876 3176 1024 3232 vitae.
1057 3177 1280 3248 Corpus
1311 3175 1438 3230 vitae
1481 3175 1701 3230 fontem
1735 3177 1790 3230 et
1821 3175 2087 3231 numinis

428 3244 895 3336 tabernaculum,
923 3244 1310 3320 sanctissima:
1335 3264 1592 3335 Deiparaa
1615 3263 1763 3319 forte
1793 3263 2082 3333 intelligit,
2115 3244 2158 3311 (ἶ

431 3359 708 3428 questum
732 3356 978 3410 obierat.
1003 3353 1151 3410 Nota
1165 3370 1302 3409 vero
1320 3353 1487 3419 illud,
1509 3355 1686 3423 frater
1741 3353 1963 3408 Domini
1991 3355 2085 3410 Ja-

433 3445 595 3499 cobu:
619 3461 636 3497 :
669 3443 951 3497 nimirum
1001 3442 1181 3496 simul
1232 3458 1367 3496 cum
1419 3441 1581 3496 Petro
1613 3445 1671 3496 et
1700 3441 1915 3497 Jacobo
1947 3459 2086 3514 apo-

438 3531 608 3587 stolis
639 3530 732 3585 bic
763 3529 847 3584 vir
876 3530 1112 3585 divinus
1143 3530 1365 3584 aderat.

512 3620 914 3688 Theologorum.
953 3621 1026 3674 De
1055 3619 1276 3674 sanctis
1307 3618 1589 3688 apostolis
1618 3617 1898 3689 loquitur.

512 3708 728 3764 Divinas
758 3707 1174 3764 imbecillitatis.
1208 3707 1469 3762 Divinam
1501 3707 1962 3763 imbecillitatem
1994 3708 2088 3764 hic

441 3797 583 3853 dicit
611 3797 999 3853 voluntariam
1033 3797 1592 3852 condescensionem
1615 3795 1744 3850 Filii
1769 3796 1869 3852 Dei
1903 3814 2091 3870 usque

438 3889 509 3942 ad
535 3904 746 3960 corpus
770 3887 992 3958 absque
1015 3891 1274 3958 peccato.
1297 3888 1584 3957 Ignorans
1615 3885 1772 3940 enim
1800 3886 1958 3941 omni
1995 3904 2087 3942 ra-

440 3977 596 4032 tione
655 3980 981 4047 peccatum,
1022 3976 1300 4047 dignatus
1348 3981 1436 4030 est
1483 3992 1586 4046 pro
1635 3975 1825 4044 nobis,
1861 3976 2092 4047 propria

437 4082 554 4120 non
584 4065 886 4131 deserens,
912 4065 1040 4120 sine
1071 4069 1307 4136 peccato
1338 4064 1458 4119 ﬁeri
1497 4070 1822 4136 peccatum.
1848 4068 1911 4119 ut
1958 4081 2086 4133 nos,

434 4159 670 4226 peccato
705 4156 1094 4227 mancipatos,
1128 4170 1231 4226 per
1257 4153 1632 4224 adoptionem
1665 4171 1792 4224 quae
1826 4171 1928 4225 per
1954 4170 2087 4210 eum

433 4242 584 4298 facta
613 4247 703 4297 est
732 4247 999 4298 nostrum
1036 4242 1390 4311 omnium,in
1415 4242 1717 4313 antiquam
1752 4242 2085 4300 libertatem

434 4331 789 4386 restitueret.
825 4331 968 4386 Nam
1018 4347 1154 4386 cum
1205 4331 1353 4386 foret
1401 4329 1700 4385 divinitate
1748 4330 2085 4404 opulentus,

431 4419 827 4492 locupletante
857 4436 1062 4475 omnes
1120 4419 1317 4490 inopia
1377 4419 1441 4474 ﬁt
1496 4436 1738 4492 pauper,
1782 4420 2086 4477 excellenti

430 4509 682 4577 quodam
718 4509 890 4564 modo
922 4513 1185 4564 nostram
1217 4525 1454 4564 carnem
1489 4525 1821 4575 assumens,
1856 4514 1920 4565 ut
1957 4513 2085 4582 ejus

429 4597 730 4654 divinitate
762 4615 868 4652 nos
896 4598 1172 4663 ditemur,
1207 4603 1264 4652 et
1295 4597 1352 4650 in
1387 4598 1574 4652 forma
1623 4598 1724 4652 Dei
1772 4603 1830 4652 et
1876 4615 2084 4655 secun-

429 4687 570 4742 dum
621 4687 940 4742 essentiam
991 4686 1145 4740 Deus
1193 4687 1506 4754 exsistens,
1552 4691 1790 4758 pr0pter
1838 4689 2084 4745 etiusam

427 4776 798 4843 cbaritatem,
826 4774 1095 4830 servilem
1124 4774 1369 4828 formam
1422 4774 1634 4841 induit,
1673 4776 1901 4832 Verbum
1951 4794 2084 4834 cum

427 4871 584 4921 esset
605 4864 1139 4934 simplicissimum,
1165 4863 1611 4920 subsistentiam
1635 4864 1878 4933 habens,
1903 4873 1960 4922 et
1983 4869 2088 4923 im-

427 4953 792 5008 mutabiliter
817 4968 944 5007 caro
969 4951 1153 5023 factus
1173 4955 1249 5005 est
1273 4952 1359 5019 (0).
1390 4953 1546 5008 Adde
1579 4953 1669 5008 bis
1699 4973 1931 5011 omnem
1955 4958 2086 5028 ejus

426 5041 715 5096 incarnati
746 5042 877 5095 vitae
911 5057 1151 5094 cursum
1186 5041 2086 5116 summainopianotatum,praa-

425 5147 585 5201 sepe,
603 5132 797 5201 fugam
833 5129 890 5183 in
923 5132 1258 5199 Aigyptum,
1286 5145 1420 5185 cum
1453 5131 1862 5188 meretricibus
1888 5138 1944 5189 et
1973 5152 2084 5206 pu-

424 5216 674 5274 blicanis
733 5221 1066 5288 promptam
1103 5216 1583 5288 familiaritatem,
1614 5219 1903 5277 delectum
1937 5241 2081 5295 pau-

496 5403 599 5475 (m)
627 5402 768 5475 Cap.
795 5417 964 5475 xxxv,
996 5421 1048 5459 ν.
1079 5405 1134 5460 4.
1211 5405 1293 5477 (η)
1321 5408 1454 5478 Cap.
1492 5422 1569 5478 1v,
1599 5423 1653 5463 v.
1688 5408 1740 5463 4.

1819 5409 1892 5481 (o)
1925 5409 2094 5468 Joan.
2127 5429 2170 5482 ι,

2193 945 2311 1001 ἀντὶ
2357 951 2453 1001 τοῦ
2503 947 2749 1024 κρυφίως
2798 945 3275 1022 ἷδιοποιουμένους
3321 951 3410 1005 καὶ
3460 956 3805 1030 σφετεριζομέο

2194 1056 2321 1096 νους
2347 1039 2418 1093 ’³.

2266 1119 2666 1197 Πρεσϐυτικῶς.
2738 1126 2816 1183 Τὸ
2874 1122 3249 1200 πρεσϐυτικῶς
3310 1130 3405 1203 μὶν
3466 1128 3591 1192 ἴσως
3647 1128 3808 1190 ἔλαϐεν

2195 1213 2310 1268 ἀντὶ
2366 1218 2460 1268 τοῦ
2505 1214 2780 1290 ἐμπείρως
2823 1216 2911 1270 καὶ
2964 1216 3427 1290 ἐπιστημονικῶς·
3484 1223 3804 1286 συνοπτικοὺς

2197 1300 2254 1356 δὲ
2283 1302 2444 1376 ὅρους
2494 1303 2628 1381 φησὶ
2669 1303 2802 1366 τοὺς
2854 1305 3120 1379 σύντομον
3171 1302 3400 1382 ἔχοντας
3442 1311 3540 1379 τὴν
3586 1313 3802 1386 θεωρίαν·

2194 1397 2355 1447 τοῦτο
2405 1394 2508 1467 γὰρ
2558 1391 2806 1464 ἐδήλωσε
2848 1395 2937 1450 καὶ
2983 1395 3188 1458 ἒνιαίας
3232 1397 3421 1452 εἰπών’
3475 1397 3740 1472 συνελὶξεις
3761 1399 3806 1457 δέ

2197 1504 2329 1559 φησι
2357 1481 2453 1544 τας
2487 1480 2556 1536 δι’
2586 1481 2792 1558 ὀλίγων
2826 1482 3130 1562 ἐκφρᾶσεις.

2265 1666 2352 1722 Ὠς
2405 1661 2524 1715 οἷον
2581 1662 2718 1733 ἡμῖν
2755 1703 2767 1717 .
2823 1663 3111 1718 Τουτέστιν
3171 1664 3246 1726 ὡς
3303 1661 3526 1721 δυνατὸν
3573 1666 3686 1740 ἐμοὶ
3734 1669 3806 1723 καὶ

2197 1750 2358 1810 αὐτὸς
2403 1750 2738 1823 προέτρεψας
2796 1750 3146 1825 ἑρμηνεῦσαι,
3200 1753 3292 1808 καὶ
3351 1755 3468 1810 ὅσοι
3527 1757 3635 1812 καθ’
3684 1759 3804 1830 ἡμᾶς

2199 1835 2519 1893 διδάσκαλοι
2569 1837 2747 1902 οὕτως
2796 1840 3170 1915 ἧρμήνευσαν·
3222 1842 3358 1915 αὕτη
3391 1845 3425 1914 ἠ
3479 1843 3702 1909 σύνθεσις
3728 1851 3804 1901 τοῦ

2197 1922 2502 2003 ὑπερϐατοῦ
2517 1972 2528 1984 .

2270 2016 2500 2091 Δεύτερα
2575 2015 2759 2093 λόγια.
2844 2019 3164 2091 Σημείωσαι
3241 2022 3328 2076 ὅτι
3394 2025 3460 2077 τὰ
3525 2027 3617 2078 τοῦ
3679 2023 3800 2099 ἁγίου

2195 2103 2461 2179 Ὶεροϐἐου
2522 2107 2933 2183 Συγγράμματα
2989 2110 3064 2171 ὡς
3121 2106 3371 2184 δευτέραν
3429 2111 3576 2186 ἁγίαν
3623 2113 3801 2190 Γραφὴν

2201 2195 2506 2267 νομιστέον.

2269 2282 2635 2354 Αὐτοπτικήν.
2667 2285 2774 2353 Τὴν
2830 2285 3265 2343 ἀνεπικάλυπτον
3313 2289 3404 2343 καὶ
3459 2288 3804 2368 ἐμφανεστέραν

2195 2371 2518 2442 κατανόησιν
2549 2371 2716 2448 λέγει,

2271 2456 2664 2536 Πρεσϐυτικῆς.
2723 2465 2842 2519 ’Ότι
2913 2465 2947 2533 ἠ
3003 2461 3343 2541 πρεσϐυτικὴ
3397 2466 3516 2540 ἀξία
3579 2467 3804 2524 τελειοτέ-

2197 2569 2262 2622 ρα
2313 2550 2403 2604 καὶ
2454 2547 2976 2627 διδασκαλικωτέρα,
3020 2556 3236 2610 πάντων
3282 2557 3474 2631 ἱερέων
3526 2555 3647 2614 ἐστί.
3674 2556 3729 2613 Τί
3763 2555 3806 2611 δέ

2197 2638 2309 2693 ἐστι
2365 2634 2721 2712 πρεσϐυτική,
2775 2643 2989 2711 νοήσεις
3046 2641 3096 2713 ἒξ
3149 2643 3379 2700 Ἡσαΐου
3439 2645 3700 2722 λέγοντος.
3747 2645 3804 2700 Οὐ

2195 2722 2451 2802 πρέσϐυς,
2503 2729 2604 2784 οὐκ
2650 2727 2912 2804 ἄγγελος,
2969 2731 3096 2787 ἀλλ’
3157 2733 3322 2799 αὐτὸς
3378 2737 3406 2790 ὁ
3462 2735 3652 2812 Κύριος
3712 2735 3802 2805 ἥξει

2194 2817 2284 2872 καὶ
2348 2818 2510 2872 σώσει
2566 2820 2713 2892 ἡμᾶς
2745 2839 2757 2851 ·
2814 2819 2904 2874 καὶ
2964 2819 3024 2876 ἐκ
3073 2822 3173 2891 τῆς
3231 2828 3330 2880 τοῦ
3389 2825 3541 2900 ἁγίου
3597 2826 3799 2880 Ἰωάννου

2196 2906 2642 2981 Ἀποκαλύψεως,
2691 2909 2750 2971 ’ὸς
2802 2907 2974 2964 εἷϐιοσι
3018 2909 3284 2987 τέσσαρας
3340 2908 3714 2989 πρεσϐυτέρους
3739 2913 3796 2967 εἷο

2194 3015 2289 3049 πεν
2322 2995 2617 3069 ἑωρακέναι
2647 2994 2698 3050 ἐν
2732 2998 2985 3072 οὐρανοῖς
3033 2998 3158 3075 περὶ
3191 3002 3285 3056 τὸν
3317 3005 3414 3058 τοῦ
3464 3007 3591 3058 Θεοῦ
3618 2998 3799 3057 ἀνεκλά-

2197 3081 2366 3155 λητον
2404 3086 2618 3159 θρόνον.

2269 3175 2383 3229 Τοῦ
2413 3178 2748 3248 ζωαρχικοῦ.
2783 3177 3102 3250 Ζωαρχικὸν
3133 3177 3224 3232 καὶ
3275 3177 3534 3255 θεοδόχον
3564 3183 3707 3253 σῶμα
3727 3177 3798 3231 τά·

2198 3281 2274 3335 χα
2302 3261 2364 3315 τὸ
2414 3267 2510 3330 τῆς
2552 3261 2708 3334 ἁγίας
2759 3264 3026 3319 Θεοτόκου
3075 3263 3245 3340 λέγει,
3296 3269 3420 3323 τότε
3465 3268 3797 3342 κοιμηθείσης.

2199 3350 2516 3422 Σημείωσαι
2550 3348 2606 3404 δὲ
2634 3349 2722 3405 καὶ
2753 3352 2836 3420 τὸ,
2867 3353 2894 3407 ὁ
2943 3351 3275 3432 ἀδελφόθεος
3331 3353 3599 3420 Ἰάκωϐος·
3635 3357 3711 3411 καὶ
3738 3354 3800 3409 ὅτι

2197 3445 2486 3514 συμπαρῆν
2517 3441 2704 3514 Πέτρῳ
2732 3441 2820 3495 καὶ
2853 3438 3098 3516 Ἰακώϐῳ
3128 3450 3249 3508 τοῖς
3278 3445 3602 3509 ἀποστόλοις
3637 3448 3662 3501 ὁ
3690 3449 3800 3509 θεῖος

2198 3530 2352 3590 οὗτος
2385 3529 2542 3603 ἀνήρ.

2269 3621 2391 3674 Τῶν
2426 3616 2725 3692 θεολόγων.
2764 3620 2892 3694 Περὶ
2941 3625 3050 3677 τῶν
3083 3621 3253 3698 ἁγίων
3289 3625 3602 3682 ἀποστόλων
3630 3622 3772 3697 λέγει.

2267 3709 2372 3775 Τῆς
2438 3712 2734 3782 θεαρχικῆς
2808 3709 3081 3774 ἀσθενείας
3113 3756 3126 3769 .
3187 3716 3495 3791 Θεαρχικὴν
3569 3715 3799 3778 ἀσθένειαν

2197 3794 2417 3849 ἐνταῦθα
2461 3817 2615 3873 φησι,
2646 3800 2744 3866 τὴν
2788 3799 3034 3854 ἑκούσιον
3089 3805 3188 3856 τοῦ
3246 3804 3377 3859 Υἱοῦ
3435 3805 3563 3880 ἄχρι
3617 3801 3797 3875 σαρκὸς,

2197 3884 2461 3958 ἁμαρτίας
2506 3882 2658 3961 δίχα,
2719 3885 3135 3963 συγκαταϐασινο
3191 3893 3458 3970 ἁμαρτίαν
3513 3893 3608 3968 γὰρ
3655 3893 3796 3956 πάντη

2197 3974 2487 4050 ἀγνοήσας,
2547 3977 2876 4051 κατηξίωσεν
2939 3981 3069 4056 ὑπὶρ
3127 3983 3316 4058 ήμῶν,
3378 3987 3452 4059 μὴ
3500 3982 3675 4046 ἐκστὰς
3715 3984 3797 4036 τῶν

2197 4062 2438 4135 οἷ’κείων,
2497 4065 2896 4144 ἀναμαρτήτως
2954 4071 3190 4146 ἁμαρτία
3237 4075 3502 4148 γενέσθαι,
3553 4071 3621 4129 ἵν’
3680 4073 3799 4144 ἡμᾶς

2194 4152 2322 4215 τοὺς
2382 4152 2756 4218 δουλωθέντας
2800 4161 2869 4231 τῇ
2929 4160 3172 4236 ἁμαρτίᾳ
3229 4159 3321 4218 διὰ
3378 4171 3477 4234 τῆς
3535 4161 3601 4218 δι’
3646 4160 3800 4216 ἑαυτοῦ

2196 4243 2354 4314 ἡμῶν
2405 4244 2670 4309 υἱοθεσίας
2722 4246 2800 4310 εἰς
2842 4250 2941 4318 τήν
3001 4248 3232 4326 ἀρχαίαν
3286 4253 3586 4329 ἔπαναγάγῃ
3630 4249 3801 4311 ἐλευθε-

2197 4330 2334 4405 ρίαν·
2368 4329 2633 4398 πλούσιος
2661 4336 2761 4411 γὰρ
2811 4333 2883 4392 ὢν
2931 4336 3171 4410 θεότητι,
3207 4343 3481 4418 πτωχεύει
3526 4343 3617 4412 τήν
3658 4337 3800 4394 πλου-

2194 4421 2436 4509 τοποιὸν,
2475 4423 2778 4497 πτωχείαν,
2839 4421 3126 4482 ἀναλαϐὼν
3188 4429 3474 4509 ὑπερφυῶς
3525 4431 3620 4499 τὴν
3669 4427 3800 4498 ἡμῶν

2196 4507 2386 4583 σάρκα,
2413 4508 2504 4564 ’ίνα
2550 4512 2714 4585 ἡμεῖς
2765 4514 2866 4583 τήν
2917 4513 3124 4572 ἐκείνου
3164 4507 3560 4593 πλουτ-ήσωμεν
3588 4515 3798 4584 ϐιότητα,

2117 4621 2163 4687 D
2191 4599 2279 4653 καὶ
2313 4600 2364 4654 ἐν
2418 4607 2601 4680 μορφῇ
2651 4609 2784 4660 Θεοῦ
2837 4607 2926 4661 καὶ
2973 4608 3104 4671 Θεὸς
3151 4612 3270 4666 κατ’
3321 4610 3504 4667 οὐσίαν
3551 4610 3796 4683 ὑπάρχων.

2195 4691 2292 4758 τὴν
2324 4695 2420 4745 τοῦ
2451 4688 2653 4747 δούλου
2704 4691 2773 4748 δι’
2824 4695 3179 4774 ὑπερέχχυσιν
3233 4700 3560 4776 ἀγαθότητος
3595 4700 3638 4735 ²⁴
3663 4690 3796 4751 ὑπέδυ

2197 4781 2433 4857 μορφὴν,
2470 4783 2646 4855 Λόγος
2677 4782 2886 4847 ἁπλοῦς
2921 4783 3014 4857 ὢν,
3067 4787 3446 4860 ένυπόστατος,
3476 4789 3560 4845 καὶ
3603 4781 3796 4863 γεγονὼς

2192 4867 2468 4942 ἀτρέπτως
2527 4871 2677 4945 σάρξ·
2755 4868 2831 4928 ἔτι
2907 4875 3043 4951 πρὸς
3100 4878 3316 4942 τούτοις
3370 4879 3458 4935 καὶ
3507 4884 3664 4934 πᾶσαν
3711 4869 3790 4936 τήν

2192 4953 2445 5032 ἕνσαρκον
2477 4960 2645 5015 αὐτοῦ
2675 4963 2939 5039 πενιχρὰν
2991 4962 3298 5036 πολιτείαν,
3329 4969 3429 5038 τὴν
3474 4967 3682 5044 φάτνην,
3717 4956 3794 5024 τὴν

2192 5045 2266 5106 εἷς
2323 5045 2589 5123 Αἴγυπτον
2634 5052 2830 5127 φυγὴν,
2875 5054 2975 5122 τὴν
3012 5056 3147 5128 μετά
3196 5061 3411 5134 πορνῶν
3462 5056 3547 5111 καὶ
3575 5049 3788 5108 τελωνῶν

2191 5132 2484 5211 ἀδιάφορον
2531 5135 2929 5216 συνδιαγωγῆν,
2963 5144 3063 5212 τὴν
3115 5132 3355 5222 ἐκλογὴν
3403 5150 3507 5202 τῶν
3543 5132 3790 5222 πτωχοτάέ

2187 5245 2296 5280 των
2331 5223 2553 5297 ἀλιέων,
2610 5229 2673 5283 τὸ
2731 5230 2915 5287 ἄοικον
2963 5232 3151 5307 αὐτοῦ,
3206 5221 3273 5291 τὸν
3324 5230 3681 5310 αὐτοσχέδιον,
3716 5221 3788 5278 καὶ

2205 5415 2290 5472 14.

1442 5574 1682 5631 VARle
1721 5576 2110 5638 LECTIONES
2149 5581 2238 5638 ET
2276 5581 2826 5646 CORRECTIONES.

501 5691 547 5727 ²²
577 5686 1068 5768 μτεγγρᾶφοντας.
1145 5687 1193 5724 ³⁸
1222 5684 1290 5742 δι’
1322 5686 1455 5766 ὑπὶρ
1487 5689 1644 5769 φύσιν
1676 5690 2012 5768 ἀγαθότητα.
