4034 6392
225 417 340 472 237

1007 422 1067 474 S.
1108 421 1376 474 MAXIMI
1419 418 1725 474 SCHOLIA
1766 421 1840 473 IN
1879 420 2012 474 LIB.
2053 424 2149 474 DE
2189 424 2457 479 DIVINIS
2498 425 2912 482 NOMINIBUS.

3565 433 3672 488 238

226 537 731 614 ἆπροπαράσκευον
809 540 983 607 πάντη
1064 545 1162 609 τῆς
1228 537 1365 610 ὅλης
1419 540 1585 594 αὐτοῦ
1644 537 1874 612 Evodipr

2021 545 2414 614 perrimorum
2465 547 2850 618 piscatorum,
2886 551 3041 621 quod
3102 551 3229 608 sine
3289 558 3441 611 tecto
3470 554 3667 624 fuerit,

229 635 407 700 ζωῆς,
463 631 557 686 τὸν
591 631 785 703 ἄτιμον
820 628 908 684 ἐπὶ
960 635 1192 707 σταυροῦ
1246 639 1471 695 θάνατον
1522 630 1906 705 (Ἐπικατάρα-

221 739 320 781 τος
371 720 478 795 γὰρ
543 725 649 782 πᾶς
700 721 728 774 ὁ
787 719 1137 796 κρεμάμενος
1190 720 1279 774 ἐπὶ
1339 719 1554 790 ξύλου),
1609 721 1710 789 τήν
1773 719 1906 792 μετά

224 813 336 863 τῶν
385 810 713 886 κακούργων
773 808 990 885 λῃστῶν
1050 809 1463 884 συναρίθμησιν,
1522 809 1615 871 τὰς
1648 806 1905 882 διαπερο-

2017 635 2171 703 quod
2205 636 2334 705 ejus
2365 637 2423 691 in
2458 654 2630 693 carne
2660 638 2778 694 vita
2809 642 3143 696 communis
3167 647 3224 697 et
3276 643 3505 714 plebeia
3543 645 3670 700 nul-

2015 719 2207 793 lisque
2237 724 2518 782 subsidiis
2549 726 2861 792 instructa,
2919 729 3075 800 quod
3130 729 3334 786 infami
3385 739 3572 790 morte
3602 735 3661 790 in

2013 827 2182 867 cruce
2213 815 2548 870 occubuerit
2573 815 2917 886 (Maledicta:
2948 820 3099 872 enim
3129 819 3308 875 omnis
3338 824 3432 892 qui
3461 824 3664 894 pendet

222 900 416 968 νήσεις
470 903 584 954 τῶν
633 897 815 969 ἥλων,
870 901 970 969 τήν
1019 897 1108 954 διὰ
1161 906 1261 968 τῆς
1322 897 1541 974 λόγχης
1602 898 1745 969 νύξιν
1800 904 1866 967 τῆ

2014 900 2074 954 in
2091 901 2506 975 ligno(q),quod
2532 905 2966 976 cumimprobis
2987 907 3320 964 latronibus
3342 911 3419 965 sit
3436 929 3661 968 connu-

221 985 496 1062 πλευρᾶς,
545 989 611 1043 τὰ
661 987 1015 1064 ῥαπίσματα,
1074 990 1140 1043 τὰ
1199 987 1580 1062 ἰμπτύσματα,
1633 987 1695 1041 τὸ
1754 984 1896 1060 ὅξος,

216 1079 324 1147 τήν
356 1076 566 1152 χολὴν,
598 1079 690 1133 τὸν
728 1077 1006 1132 ἀκάνθινον
1071 1079 1348 1155 στέφανον,
1379 1077 1504 1140 τοὺς
1536 1074 1899 1151 διαπαιγμοὺς

214 1166 308 1221 xui
345 1164 776 1242 διαγελασμοὺς,
836 1167 930 1229 τὰς
963 1168 1373 1242 γονυπετήσας,
1428 1168 1526 1236 τὴν
1582 1164 1894 1221 εὐτελεστά-

213 1277 319 1322 την
370 1252 598 1326 κηδείαν
649 1277 708 1310 τε
762 1257 851 1310 καὶ
893 1257 1092 1334 ταφήν.
1144 1257 1318 1313 Τοῦτο
1364 1256 1427 1310 τὸ
1460 1255 1651 1310 ὡσανεὶ
1709 1256 1892 1329 μωρὸν

212 1344 310 1399 καὶ
345 1345 564 1407 ἀσθενὲς
594 1349 690 1400 τοῦ
722 1349 878 1414 Θεοῦ,
909 1350 990 1418 τῷ
1024 1344 1175 1422 λόγῳ
1213 1352 1314 1415 τῆς
1357 1344 1678 1417 οἰκονομίας
1711 1344 1891 1421 σοφώ-

215 1454 378 1510 τερον
432 1435 523 1489 καὶ
579 1433 934 1510 ἰσχυρότερον
1011 1433 1351 1510 ἀσυγκρίτως
1408 1439 1514 1488 τῶν
1566 1433 1889 1507 ἀνθρώπων,

216 1527 289 1598 τῇ
329 1521 703 1600 ὓπερδυνάμῳ
735 1524 826 1578 καὶ
860 1523 1148 1602 ὑπερσὸφῳ
1180 1523 1445 1594 ἐκνικήςει
1502 1527 1597 1577 τοῦ
1645 1523 1888 1597 κρείττο-

215 1634 310 1676 νος
345 1612 691 1687 διαπρυσίως
726 1609 1053 1688 ἀπεδείχθη,
1083 1613 1371 1690 ἀφθέγκτῳ
1430 1615 1554 1686 σιγῇ
1588 1609 1655 1666 δι’
1712 1606 1886 1687 ἔργων

214 1697 574 1775 ἐκϐοώμενον
630 1699 777 1776 πάσῃ
830 1704 898 1774 τῇ
949 1701 1120 1756 κτίσει
1179 1699 1617 1771 ἀκαταλήπτωςο
1680 1700 1725 1754 εί
1783 1701 1886 1775 γὰρ

210 1790 300 1845 xui
365 1789 688 1864 ἐσταυρώθη
751 1789 805 1861 ἐξ
863 1789 1160 1860 ἀσθενείας,
1222 1788 1367 1845 ἀλλὰ
1418 1793 1482 1863 ζῇ
1517 1789 1576 1844 ἐκ
1605 1787 1885 1863 δυνάμεως

216 1882 351 1935 κατὰ
378 1877 605 1937 Παῦλον
637 1880 728 1934 τὸν
781 1880 1086 1946 θεσπέσιον.
1146 1878 1242 1940 Εἷς
1299 1879 1361 1933 τὸ
1420 1879 1553 1934 αὐτὸ
1584 1877 1767 1941 καλῶς
1823 1879 1886 1933 τὸ
1920 1917 1967 1980 Β

220 1977 318 2040 τῆς
371 1970 654 2032 ἀσθενείας
707 1971 804 2038 τῆς
862 1975 1161 2044 θεαρχικῆς
1221 1967 1424 2044 εἷ’ρηκε·
1488 1966 1577 2023 διὰ
1641 1968 1742 2044 γὰρ
1791 1969 1889 2036 τὴν

215 2061 352 2133 πρὸς
395 2061 552 2131 ἡμᾶς
582 2057 826 2113 ἑκούσιον
876 2053 1302 2133 συγκατάϐασιν,
1358 2059 1532 2112 πάντα
1591 2057 1889 2130 ὑπομείνας

213 2149 351 2224 ἄχρι
385 2148 644 2218 θανάτου,
679 2147 910 2212 θανάτου
941 2145 998 2202 δὶ
1057 2151 1288 2223 σταυροῦ
1335 2146 1423 2202 καὶ
1472 2147 1568 2209 τὰς
1618 2147 1889 2208 ἀσθενείας

212 2241 380 2311 ἡμῶν
411 2237 576 2299 αὐτὸς
609 2235 774 2314 ατίρει,
807 2238 896 2292 καὶ
945 2239 1069 2313 περὶ
1126 2239 1286 2309 ἡμῶν
1337 2233 1611 2307 ὁδυνᾶται,
1662 2237 1750 2290 καὶ
1810 2240 1888 2308 τῷ

213 2327 468 2402 μώλωπι
502 2326 668 2382 αὐτοῦ
720 2329 884 2400 ἡμεῖς
916 2328 1110 2388 πάντες
1156 2325 1407 2399 ἰάθημεν,
1458 2327 1548 2380 καὶ
1605 2327 1666 2380 τὸ
1717 2325 1888 2387 πάθος

175 2457 188 2464 -
210 2418 389 2473 αὑτοῦ
413 2414 565 2472 1ἰῖδιον
595 2415 810 2493 λέγεται
843 2417 979 2471 κατά
1023 2416 1122 2484 τὴν
1149 2420 1247 2470 τοῦ
1285 2416 1489 2488 Πέτρου
1543 2417 1730 2492 φωνὴν
1790 2415 1889 2483 τὴν

209 2505 516 2581 ὶὲγουσαν.
577 2507 817 2580 Χριστοῦ
875 2507 964 2560 οὖν
1014 2505 1282 2570 παθόντος
1338 2505 1471 2580 ὑπὲρ
1514 2507 1672 2576 ἡμῶν
1707 2503 1883 2579 σαρκί·

207 2597 330 2664 καὶ,
366 2596 430 2650 Ei
459 2592 728 2669 ἔγνωσαν,
760 2593 858 2650 οὐκ
887 2593 948 2648 ἂν
977 2593 1068 2649 τὸν
1104 2593 1302 2670 Κύριον
1336 2600 1435 2663 τῆς
1485 2591 1646 2664 δόξης
1696 2593 1887 2648 ἐσταύ-

206 2706 420 2760 ρωσαν⁸
459 2686 581 2740 ὅθεν
609 2684 699 2739 καὶ
728 2683 1078 2758 κυριοκτόνοι
1111 2683 1163 2737 οἱ
1196 2681 1455 2748 Ἰουδαῖοι
1489 2682 1759 2758 λέγονται.

281 2862 630 2936 Ὑμνολόγος
686 2863 1029 2938 κρινόμενος.
1083 2863 1206 2919 ’Ότι
1270 2860 1359 2916 καὶ
1409 2859 1664 2935 ψαλμοὺς
1698 2857 1884 2935 ἔλεγον

208 2955 338 3010 τότε
369 2951 644 3026 ἐμμελεῖς
673 2953 724 3006 οἱ
755 2950 878 3027 περὶ
908 2952 1000 3006 τὸν
1033 2950 1188 3026 ἅγιον
1220 2950 1478 3025 Ἱερόθεον
1511 2951 1601 3005 xui
1633 2948 1886 3022 ᾠδὰς,ὡς

211 3041 386 3111 δηλοῖ
417 3044 512 3098 καὶ
544 3043 607 3097 τὸ
643 3041 970 3116 ὑμνολογεῖν
1003 3042 1093 3096 καὶ
1118 3041 1182 3096 τὺ
1216 3038 1505 3114 ὑμνῳδεῖν·
1552 3041 1642 3095 καὶ
1693 3040 1774 3095 ὅτι
1825 3040 1890 3096 τὰ

213 3135 314 3206 μὲν
353 3130 552 3206 ὑψηλᾶ
581 3131 672 3186 καὶ
721 3130 954 3206 μυστικὰ
1001 3128 1211 3208 ἄρρητα
1255 3135 1373 3194 τοῖς
1401 3129 1637 3192 πολλοῖς
1681 3127 1763 3185 δεῖ
1789 3152 1888 3208 φυ-

210 3221 456 3277 λάττειν’
495 3218 712 3293 ὁμιλεῖν
749 3217 806 3274 δὲ
837 3219 927 3275 καὶ
962 3215 1234 3275 διδάσκειν
1267 3216 1349 3274 δεῖ
1374 3218 1500 3282 τοὺς
1531 3216 1780 3283 πολλοὺς
1823 3219 1889 3274 τὰ

209 3307 419 3367 δυνατὰ
449 3310 544 3364 xui
579 3305 960 3367 εὖαπόδεικτα.

281 3493 412 3547 Τῶν
447 3487 631 3552 θείων.
665 3491 891 3566 Γραφῶν
921 3484 1181 3558 δηλονότι
1209 3487 1298 3542 καὶ
1329 3486 1722 3563 θεωρημάτων.

289 3669 390 3725 Διὰ
419 3669 690 3743 περισσὴν
722 3662 1025 3724 εὐλάϐειαν.
1085 3669 1208 3725 ’Ὁτι
1241 3661 1466 3731 εὐλαϐὲς
1493 3667 1556 3722 τὸ
1591 3668 1667 3740 μὴ
1703 3672 1882 3743 ζητεῖν

223 3761 294 3814 τὶ
319 3741 590 3834 θειότερα.
1853 3741 1877 3764 ⁸

299 3848 645 3927 Εἷλήςραμεν.
682 3845 1114 3921 Σημείωσαιὸτι
1172 3846 1235 3901 οὐ
1297 3844 1379 3902 δεῖ
1431 3853 1530 3917 τῆς
1589 3844 1884 3922 ἐνδεχομέ-

222 3960 317 4010 νης
372 3943 486 3993 τῶν
545 3936 702 3992 θείων
758 3939 1009 4012 γνώσεως
1037 3933 1286 4010 ἀμελεῖν,
1329 3934 1474 3991 ἀλλὰ
1531 3936 1619 3991 καὶ
1677 3936 1882 4011 ἕτεροις

217 4025 619 4100 μεταδιδόναιο
691 4025 781 4080 καὶ
851 4024 933 4079 ὅτι
1010 4025 1147 4080 κατά
1218 4025 1373 4102 φύσιν
1429 4026 1481 4080 οἱ
1533 4024 1652 4088 νόες
1705 4024 1882 4102 ἔφεσιν

211 4115 414 4192 ἔχουσι
476 4115 617 4191 πρὸς
668 4115 770 4184 τήν
830 4113 1180 4191 ἰγχωροῦσαν
1239 4118 1347 4169 τῶν
1411 4115 1694 4193 ὑπερφυῶν
1756 4125 1886 4178 θεω-

251 4207 364 4262 ίαν.

210 4227 364 4350 “fit;
402 4295 498 4366 μὶν
535 4293 667 4368 ὑπὲρ
697 4295 864 4366 ἡμᾶς.
897 4294 1019 4350 ’Ότι
1053 4291 1114 4346 οὐ
1146 4289 1229 4346 δεῖ
1255 4293 1322 4345 τὰ
1353 4291 1485 4367 ὑπὲρ
1516 4294 1663 4364 ἡμᾶς
1716 4289 1885 4347 πολυ-

202 4387 580 4461 πραγμονεῖν,
615 4379 743 4435 οὐδὲ
767 4381 990 4454 ἀμελεῖν
1021 4387 1123 4450 τῆς
1145 4381 1288 4445 θείας
1317 4380 1591 4457 γνώσεως,
1621 4381 1766 4436 ἀλλὰ
1793 4383 1885 4436 καὶ

203 4475 427 4548 ἕτεροις
501 4468 849 4544 μεταδιδόναι
905 4474 1013 4526 τῶν
1074 4467 1473 4545 ἐνδεχομένων·
1518 4468 1883 4546 ε’ίρηταιγὰρ,

200 4561 566 4637 Ὑψηλότερά
632 4581 728 4615 σου
777 4561 880 4633 [μὴ
935 4561 1106 4632 ζήτει,
1165 4559 1255 4614 καὶ
1315 4559 1582 4637 βαθύτερα
1639 4562 1756 4632 σου]
1806 4562 1881 4632 μὴ

200 4653 425 4728 ἐρεύνα·
459 4648 494 4705 ἃ
523 4649 833 4728 προσετάγη
868 4671 977 4723 σοι,
1006 4653 1174 4704 ταῦτα
1206 4646 1447 4705 διανοοῦ.

284 4826 767 4905 Ἐγκελευομὲνη.
830 4827 974 4883 Κατὰ
1028 4827 1117 4882 τὸν
1180 4825 1514 4884 Ἀπόστολον
1571 4827 1876 4902 [εἰ’πόντα].

203 4922 393 4973 Ταῦτα
418 4916 666 4985 παράθου
696 4921 913 4978 πιστοῖς
945 4916 1277 4990 ἀνθρώποις.

280 5005 520 5068 Τούτοις
555 5006 647 5060 οὖν
700 5005 792 5060 καὶ
840 5007 1024 5079 ἡμεῖς.
1087 5005 1427 5079 Σημείωσαι,
1479 5006 1642 5060 πόθεν
1700 5005 1788 5060 ἐπὶ
1817 5007 1879 5061 τὸ

205 5095 552 5173 συγγράφειν
586 5093 772 5162 ἦλθεν.

279 5185 560 5262 Ἰεροθὲῳ.
609 5187 730 5239 Ὅτι
780 5183 832 5238 ἐν
865 5188 980 5246 τοῖς
1040 5183 1477 5261 λεχθησομένοις
1514 5183 1584 5239 τὰ
1614 5185 1880 5260 Ἰεροθὲου

202 5277 266 5350 ip
277 5273 532 5348 μητεῦει.

719 5382 837 5438 ΕΙΣ
889 5381 983 5438 ΤΟ
1022 5381 1277 5438 ΚΕΦΑΛ.
1319 5387 1378 5437 Δ.

283 5494 312 5560 §
345 5495 388 5545 Ι.
423 5490 547 5546 Εἶεν
583 5485 643 5544 δὲ
674 5488 788 5545 οὗν.
821 5488 959 5563 Ἀγε
990 5484 1056 5557 δή
1091 5487 1204 5542 οὗν·

283 5579 666 5657 ’Λφορίζουσι.
715 5575 788 5631 Τὸ
855 5577 948 5651 μὲν
999 5575 1316 5654 ἀφορίζουσι
1375 5576 1490 5633 ἀντὶ
1545 5580 1642 5632 τοῦ
1696 5577 1878 5634 ἀνατι-

2013 996 2268 1046 meratus
2304 1012 2316 1060 ;
2352 993 2500 1049 adde
2531 993 2748 1049 fixuras
2780 994 3100 1063 clavorum,
3121 997 3335 1053 lanceae
3365 999 3580 1056 vulnus
3602 1003 3661 1057 in

2008 1077 2209 1144 latere,
2235 1080 2533 1152 colaphos,
2566 1088 2759 1154 sputa.
2792 1091 3049 1151 acetum,
3087 1088 3185 1156 fel,
3235 1104 3510 1144 coronam
3543 1091 3664 1162 spi~

2008 1185 2198 1239 neam,
2221 1169 3012 1242 ludificationes,irrisiones,
3036 1177 3495 1247 genuﬂexiones,
3521 1180 3666 1235 sim-

2007 1257 2399 1329 plicissimum
2445 1262 2620 1317 funus
2653 1269 2710 1318 et
2742 1264 3030 1319 modicam
3065 1267 3218 1322 I23
3265 1267 3664 1339 sepulturam.

2005 1347 2134 1405 Haec
2165 1354 2360 1405 autem
2379 1351 2556 1406 veluti
2572 1351 2828 1408 stultitia
2849 1353 3344 1427 imbecillitasque
3362 1357 3662 1428 Numinis,

2004 1439 2229 1494 ratione
2285 1439 2708 1496 incarnationis
2766 1443 3088 1514 sapientior
3129 1450 3184 1500 et
3243 1444 3414 1518 longe
3456 1447 3666 1504 fortior

2001 1527 2130 1582 sine
2159 1531 2598 1599 comparatione
2622 1528 2987 1596 hominibus,
3033 1533 3446 1603 potentissima
3476 1541 3536 1591 et
3569 1553 3660 1592 ex-

2000 1615 2232 1672 cellenti
2265 1618 2554 1690 sapientia
2599 1625 2893 1690 reportata
2941 1623 3012 1676 de
3043 1623 3211 1679 hoste
3241 1625 3487 1680 victoria
3536 1626 3659 1682 cla-

2000 1719 2060 1756 re
2091 1707 2328 1758 ostensa
2360 1705 2489 1773 fuit,
2527 1705 2712 1762 multo
2772 1707 3007 1762 silentio
3068 1724 3172 1780 per
3229 1726 3406 1781 opera
3439 1710 3498 1766 in
3535 1717 3657 1768 tota

2001 1791 2378 1848 universitate
2411 1793 2810 1850 indesinenter
2839 1795 3168 1865 celebrata;
3202 1800 3310 1853 etsi
3342 1800 3498 1856 enim
3530 1817 3657 1856 cru-

1998 1882 2197 1952 ciﬁxus
2223 1884 2341 1950 fuit
2403 1899 2473 1937 ex
2519 1884 2929 1951 imbecillitate,
2972 1887 3074 1941 sed
3108 1887 3250 1942 vivit
3288 1905 3357 1943 ex
3414 1891 3654 1960 virtute,

2000 1972 2329 2026 secundum
2365 1973 2632 2028 divinum
2669 1974 2940 2028 Paulum.
2977 1975 3040 2030 In
3074 1976 3280 2032 eadem
3312 1978 3489 2034 verba
3518 1996 3660 2052 prae-

2000 2060 2152 2116 clare
2199 2063 2352 2132 quod
2415 2067 2505 2116 est
2555 2062 2766 2119 divinae
2821 2065 3228 2120 imbecillitatis
3281 2067 3465 2132 dixit;
3519 2085 3656 2124 nam

2000 2155 2242 2222 propter
2274 2157 2659 2222 spontaneum
2696 2153 2768 2207 ad
2803 2170 2911 2207 nos
2943 2155 3657 2226 condescensionem,om-

2002 2239 2100 2292 nia
2128 2241 2428 2308 perferens
2455 2256 2624 2310 usque
2656 2241 2730 2296 ad
2776 2246 3030 2310 mortem,
3065 2249 3300 2300 mortem
3329 2249 3511 2301 autem
3541 2263 3662 2301 cru-

1997 2326 2241 2398 cis(q),et
2257 2328 2626 2384 inﬁrmitates
2651 2334 2885 2386 nostras
2902 2331 3026 2402 ipse
3051 2330 3285 2398 tollit,et
3304 2341 3540 2405 propter
3552 2351 3658 2390 nos

1999 2417 2197 2472 dolore
2219 2418 2537 2484 cruciatur,
2573 2423 2630 2474 et
2659 2419 2948 2474 vibicibus
2997 2419 3156 2476 illius
3199 2423 3390 2477 sanati
3423 2440 3655 2492 sumus,

1998 2511 2055 2562 et
2083 2505 2279 2577 passio
2311 2505 2471 2562 illius
2503 2508 2741 2578 propria
2791 2509 3012 2563 dicitur
3055 2526 3197 2566 voce
3246 2511 3400 2566 Petri
3424 2512 3508 2567 sic
3539 2529 3662 2568 me-

1999 2595 2313 2650 morantis:
2339 2594 2554 2650 Christo
2575 2596 2748 2665 igitur
2763 2613 2935 2670 passo
2959 2600 3015 2653 in
3033 2599 3295 2672 carne(r);
3320 2605 3376 2655 et
3401 2601 3490 2656 :Si
3505 2602 3657 2658 enim

1996 2687 2394 2755 cognovissent,
2425 2701 2713 2756 nunquam
2754 2687 3050 2742 Dominum
3103 2689 3303 2759 gloriae
3345 2691 3660 2761 cruciﬁxi:-

1998 2782 2117 2830 sent
2139 2774 2207 2846 (δ)
2232 2791 2246 2842 ;
2271 2775 2426 2828 unde
2456 2777 2512 2828 et
2533 2775 2767 2830 Domini
2800 2777 3102 2847 parricidae
3136 2778 3417 2834 dicuntur
3444 2779 3654 2838 Judaei.

2068 2863 2299 2919 Divinus
2331 2864 2606 2921 laudator.
2642 2863 2788 2930 Quia
2822 2865 3083 2935 psalmos
3129 2871 3256 2921 tum
3318 2869 3657 2925 modulatos

1999 2953 2258 3025 odasque
2315 2953 2605 3008 canebant
2657 2954 2757 3023 qui
2790 2960 2994 3009 sancto
3043 2954 3356 3012 Hierotheo
3389 2957 3656 3026 aderant,

2000 3043 2154 3114 quod
2187 3042 2525 3113 signiﬁcant
2547 3043 2724 3098 etiam
2771 3059 2941 3099 voces
2992 3037 3319 3117 ὔμνολογεῖν
3363 3051 3422 3102 et
3474 3044 3660 3119 ὕμνῳ-

2000 3124 2128 3185 δεῖν.
2164 3131 2233 3184 Et
2266 3131 2405 3202 quia
2435 3147 2565 3201 quae
2599 3129 2879 3186 sublimia
2936 3136 3078 3187 sunt
3108 3137 3165 3189 et
3200 3135 3468 3207 mystica,
3499 3140 3656 3192 tecta

1999 3219 2058 3274 in
2093 3219 2267 3291 vulgo
2300 3224 2356 3274 et
2396 3219 2750 3291 inexplicata
2795 3237 3025 3276 servare
3057 3229 3286 3294 oportet
3319 3243 3331 3291 ;
3366 3223 3656 3295 explicare

1920 3285 1962 3353 (ἶ
2001 3285 2393 3363 autem'decet
2423 3325 2490 3363 ea
2522 3285 3355 3379 multitudinemquehocere,
3417 3285 3548 3383 qua:
3596 3316 3654 3368 et

1996 3399 2119 3452 ﬁeri
2153 3401 2211 3452 et
2242 3395 2409 3452 facile
2443 3397 2834 3452 demonstrari
2861 3403 3132 3469 possunt.

2064 3491 2274 3544 Rerum
2303 3485 2645 3543 divinarum.
2681 3486 3050 3558 Scriptorum
3079 3488 3353 3545 videlicet
3392 3493 3450 3545 et
3481 3506 3646 3546 com-

1996 3577 2449 3633 mentationum.

2064 3668 2193 3723 Prae
2223 3664 2568 3721 abundantia
2587 3665 2900 3734 religionis.
2934 3671 3168 3737 Spectat
3197 3668 3353 3724 enim
3399 3669 3472 3724 ad
3502 3669 3644 3725 reli-

1993 3756 2219 3829 giosam
2248 3755 2596 3811 modestiam
2625 3755 2916 3812 diviniora
2950 3773 3064 3812 non
3089 3757 3437 3829 disquirere.

2064 3845 2557 3903 Inlellexissemus.
2593 3845 3006 3900 Animadverte
3064 3847 3220 3917 quod
3271 3863 3385 3902 non
3419 3852 3649 3920 oportet

1995 3939 2332 4006 susceptam
2348 3950 2543 3989 rerum
2557 3932 2888 3988 divinarum
2911 3935 3307 4005 cognitionem
3333 3937 3646 4009 negligere,

1995 4025 2097 4080 sed
2129 4023 2260 4080 aliis
2291 4040 2420 4078 eam
2475 4023 2748 4089 tradere;
2786 4026 2845 4078 et
2887 4024 3044 4094 quod
3104 4029 3334 4080 mentes
3393 4025 3650 4082 naturali

1995 4112 2317 4185 cupiditate
2347 4109 2661 4182 rapiuntur
2690 4111 2762 4166 ad
2803 4127 3147 4168 concessam
3205 4113 3648 4171 admirabilium

1996 4217 2193 4258 rerum
2227 4199 2803 4271 contemplationem.

2068 4293 2202 4359 Qum
2229 4307 2403 4360 supra
2433 4289 2682 4344 nos.Non
2708 4293 2938 4361 oportet
2970 4307 3100 4361 qua:
3150 4307 3331 4362 supra
3370 4309 3477 4348 nos
3509 4297 3652 4348 sunt

1996 4380 2288 4436 curiosius
2318 4378 2634 4451 inquirere,
2672 4394 2861 4449 neque
2892 4396 2996 4450 pro
3021 4379 3205 4434 nihilo
3253 4381 3468 4436 habere
3500 4381 3648 4437 divi-

1999 4487 2134 4526 nam
2157 4467 2575 4542 cognitionem,
2604 4467 2705 4522 sed
2764 4467 3205 4523 communicare
3259 4485 3392 4522 cum
3426 4470 3648 4525 caeteris

1997 4577 2123 4632 quae
2155 4555 2754 4630 excepimus.Dictum
2772 4555 3032 4626 estjenim
3060 4573 3072 4611 ε
3097 4556 3317 4612 Altiora
3338 4558 3489 4628 te[ne
3508 4575 3651 4629 quae-

1913 4654 1958 4717 D
1987 4648 2170 4715 sieris,
2204 4655 2254 4703 et
2309 4644 2692 4715 profundiora
2723 4646 2798 4715 te]
2828 4661 2940 4700 non
2969 4645 3334 4717 scrutaberis,
3384 4647 3477 4703 sed
3521 4662 3649 4720 quae

1989 4738 2251 4795 mandata
2279 4745 2406 4791 sunt
2439 4735 2565 4806 tibi,
2599 4736 2712 4790 hac
2745 4734 2932 4806 cogita
2963 4735 3049 4806 (t).

2057 4827 2234 4883 lubet.
2267 4825 2607 4880 Secundum
2640 4823 2990 4896 Apostolum
3018 4824 3394 4898 [dicentem]:
3428 4827 3647 4898 Haec/i-

1988 4915 2204 4972 dalibus
2236 4914 2554 4969 hominibus
2585 4914 2903 4969 commenda
2936 4913 3038 4985 (α).

2059 5006 2155 5061 His
2184 5005 2369 5075 itaque
2397 5002 2566 5058 etiam
2596 5018 2713 5058 nos.
2747 5002 2899 5059 Nota
2937 5004 3094 5060 unde
3136 5005 3202 5060 ad
3245 5009 3652 5063 commentan-

1989 5096 2131 5152 dum
2157 5092 2535 5167 processerit.

2059 5182 2365 5240 Hierotheo.
2400 5181 2465 5237 In
2491 5181 2562 5236 iis
2595 5197 2722 5252 quae
2756 5184 2890 5253 post
2941 5182 3230 5256 dicentur,
3261 5199 3390 5257 quae
3449 5183 3652 5242 Hiero-

1989 5273 2110 5330 thei
2142 5275 2303 5343 sunt,
2329 5270 2601 5343 explicat.

2523 5376 2680 5434 I24
2711 5376 2783 5433 IN
2818 5377 2975 5432 CAP.
3010 5376 3108 5433 IV.

2060 5484 2176 5541 Εἶεν
2211 5481 2278 5552 δὴ
2313 5479 2422 5540 οὖν.
2452 5486 2568 5556 Age
2600 5500 2763 5556 ergo.

2058 5575 2402 5645 Altribuunt,
2435 5573 2534 5630 Gr.
2568 5571 2908 5650 ἀφορίζουσι.
2961 5573 3147 5631 Dictio
3198 5571 3515 5651 ἀφορίζουσι
3549 5595 3644 5635 ac-

284 5761 371 5836 (p)
395 5759 522 5818 Gal.
554 5775 644 5830 Ill,
681 5758 768 5816 13.
801 5757 880 5833 (q)
910 5756 1165 5831 Philipp.
1205 5773 1272 5831 ιι,
1303 5757 1359 5814 8.
1384 5758 1457 5832 (r)
1489 5757 1512 5814 Ι
1541 5723 1721 5828 Petr.,
1750 5774 1828 5831 ιν,
1861 5776 1874 5814 1

2025 5760 2050 5814 Ι
2100 5759 2228 5813 Cor.
2263 5771 2325 5825 ιι,
2375 5754 2428 5810 8.
2462 5754 2524 5825 (t)
2549 5752 2726 5810 Eccli.
2761 5770 2850 5826 ιιι,
2875 5754 2968 5812 22.
3003 5755 3081 5827 (ιι)
3114 5755 3165 5810 Il
3194 5754 3345 5811 Tim.
3383 5773 3448 5828 ιι,
3481 5759 3538 5814 2.
