4034 6388
447 365 554 420 239

1269 365 1636 417 APPENDIX
1678 363 1773 413 AD
1811 360 2051 413 OPERA
2087 360 2144 412 S.
2188 357 2503 412 DIONYSII
2546 360 3042 418 AREOPOGITE.

3751 367 3844 423 240

445 492 718 563 cipienda
748 494 836 545 est
858 492 921 543 ut
946 488 1023 542 sit
1049 488 1206 544 idem
1239 488 1392 559 quod
1431 487 1766 542 attribuunt
1790 503 1805 552 ;
1829 483 1969 537 illud
1998 499 2085 536 au-

2222 481 2398 542 θέασιν
2431 479 2757 551 έκληπτέον·
2790 485 2851 538 τὸ
2884 483 2941 539 δὲ
2972 484 3079 539 ἀπὸ
3132 487 3348 540 πάντων
3413 484 3706 558 δηλοῦσθαι
3754 492 3840 560 τήν

445 585 589 648 tem,
622 581 692 635 ab
726 579 1004 635 omnibus
1037 577 1400 632 manifestari
1435 577 1782 641 bonitatem,
1808 573 2102 644 signiﬁcat

445 670 642 728 omnia
673 685 742 725 ex
772 668 922 740 ipsa,
957 671 1021 723 ut
1042 671 1262 736 essent,
1294 666 1578 738 producta
1611 664 1812 719 fuisse.

517 760 797 832 Tanquam
823 757 1208 814 substantiale.
1273 754 1642 812 Divinitatem
1693 769 1821 809 esse
1880 751 2097 806 bonum

445 848 780 920 essentiale,
814 863 1024 919 resque
1055 863 1254 903 omnes
1286 862 1421 900 cum
1455 846 1608 900 bono
1641 841 2101 906 communicare,

446 938 600 994 sicut
630 943 827 994 creata
858 954 991 993 cum
1028 936 1167 992 sole.

520 1027 990 1096 Quemadmodum
1019 1029 1100 1082 sol
1158 1025 1256 1080 ille
1312 1033 1518 1080 noster.
1553 1023 1735 1078 Nemo
1768 1020 2104 1092 suspicetur

449 1133 728 1188 magnum
755 1116 1095 1188 Dionysium
1124 1133 1191 1170 ex
1218 1115 1359 1170 solis
1382 1112 1646 1185 exemplo
1672 1111 2009 1167 omnimode
2031 1111 2102 1164 de

447 1205 663 1261 divinis
693 1206 867 1260 rebus
901 1206 1172 1275 judicare
1204 1223 1217 1271 ;
1262 1219 1463 1259 verum
1515 1203 1597 1257 ita
1655 1201 1867 1274 cogitet
1901 1217 1913 1254 :
1948 1200 2102 1254 sicut

446 1294 553 1364 sol,
588 1311 720 1349 cum
754 1293 902 1349 nihil
931 1295 1009 1349 sit
1044 1297 1251 1366 praeter
1283 1292 1505 1359 lumen,
1535 1309 1649 1346 non
1682 1290 1856 1345 habet
1899 1287 2098 1342 lumen

446 1387 511 1438 ut
535 1384 806 1439 accidens
834 1389 892 1438 et
939 1384 1166 1455 aliquid
1215 1384 1508 1437 diversum
1541 1380 1849 1444 exsistens,
1882 1383 1982 1432 aut
2008 1377 2098 1430 in-

445 1477 571 1528 star
601 1473 844 1528 animati
868 1473 1167 1528 voluntate
1206 1471 1605 1528 benefaciendi
1641 1470 1711 1523 ab
1744 1469 1971 1522 interno
1995 1482 2096 1520 seu

445 1578 477 1616 a
500 1562 696 1634 seipso
727 1562 927 1616 lumen
961 1561 1174 1634 accipit
1205 1567 1375 1630 atque
1422 1560 1481 1614 in
1514 1558 1713 1614 omnia
1743 1555 2048 1613 distribuit
2081 1573 2093 1610 :

447 1651 808 1706 contrarium
836 1652 1017 1718 enim,
1040 1667 1174 1706 cum
1210 1666 1399 1723 neque
1451 1648 1746 1704 animatus
1777 1648 1874 1718 sit,
1909 1662 2098 1717 neque

438 1738 739 1795 voluntate
770 1739 1349 1806 benefaciat,ratione
1381 1738 1676 1809 siquidem
1710 1741 2100 1807 caret,neque

2213 569 2359 631 θείαν
2390 569 2719 644 ἀγαθότητα,
2754 573 2815 627 τὸ
2845 573 3021 629 πάντα
3051 573 3102 645 ἐξ
3134 575 3304 641 αὐτῆς
3323 577 3368 613 ³³
3411 580 3690 653 παρῆχθαι
3719 581 3841 654 πρὸς

2211 655 2436 732 ὕπαρξιν
2467 655 2653 728 δηλοῖ.

2282 746 2368 808 Ὡς
2402 745 2681 812 οὐσιῶδες.
2715 751 2837 807 ’Ότι
2871 749 3129 813 οὐσιῶδες
3181 751 3376 828 ἀγαθὸν
3410 754 3541 810 αὐτὸ
3589 755 3650 810 τὸ
3696 758 3839 811 θεῖονο

2211 834 2299 889 καὶ
2331 834 2412 890 ὅτι
2443 841 2541 892 τοῦ
2573 838 2779 913 ἀγαθοῦ
2825 842 2998 896 πάντα
3038 843 3106 898 τὰ
3161 843 3288 897 ὅντα
3349 845 3586 919 μετέχει,
3640 845 3713 907 ὡς
3760 851 3842 900 τοῦ

2210 922 2378 993 ἡλίου
2407 927 2474 980 τὰ
2497 927 2720 998 ποιητά.

2281 1017 2486 1091 ’Ὠσπερ
2547 1019 2574 1070 6
2645 1019 2762 1072 καθ’
2828 1021 2978 1092 ἡμᾶς
3027 1018 3216 1090 ¹ἥλιος.
3277 1020 3486 1092 Μηδείς
3544 1019 3842 1080 ὑπολαϐέτω

2210 1104 2344 1177 πρὸς
2389 1105 2450 1158 τὸ
2480 1109 2576 1159 τοῦ
2633 1107 2799 1175 ἡλίου
2844 1107 3187 1184 παράδειγμα
3239 1110 3569 1187 ὁλοκλήρως
3617 1113 3681 1166 τὰ
3733 1114 3840 1187 περὶ

2212 1198 2344 1246 Θεοῦ
2399 1193 2596 1264 κρίνειν
2644 1196 2736 1250 τὸν
2800 1199 2963 1273 μέγαν
3016 1199 3319 1254 Διονύσιον·
3383 1199 3510 1255 ἀλλ’
3551 1199 3690 1255 οὕτω
3717 1203 3840 1257 νοεί-

2213 1293 2344 1347 σθω,
2378 1282 2558 1356 ὥσπερ
2594 1285 2621 1338 6
2652 1284 2841 1353 ἥλιος,
2877 1287 2979 1342 οὐκ
3011 1285 3151 1344 ἄλλο
3179 1309 3230 1343 τι
3264 1286 3336 1343 ὢν
3365 1291 3512 1366 παρὰ
3539 1291 3600 1344 τὸ
3631 1294 3760 1368 φῶς,
3785 1293 3839 1345 οὐ

2211 1365 2485 1442 συμϐατὸν
2533 1370 2648 1448 ἔχει
2695 1375 2758 1428 τὸ
2810 1380 2924 1450 φῶς
2954 1377 3042 1431 xui
3075 1377 3152 1440 ὡς
3183 1375 3327 1434 ἄλλο
3359 1400 3411 1434 τι
3443 1365 3518 1434 ὣν
3548 1381 3583 1450 ἢ
3613 1365 3841 1456 ᾧυχικῶς

2208 1459 2519 1534 προαιρέσει
2543 1467 2640 1516 τοῦ
2671 1464 2971 1540 εὐεργετεῖν
3033 1461 3232 1523 ἔσωθεν
3292 1462 3562 1542 λαμϐάνει
3609 1470 3669 1524 τὸ
3723 1474 3838 1547 φῶς,

2207 1548 2296 1602 xui
2352 1546 2664 1606 διαδίδωσιν
2714 1553 2788 1614 εἰς
2836 1558 3029 1609 πάντα*
3063 1557 3379 1612 τούναντίον
3413 1559 3537 1634 γάρ·
3598 1546 3840 1632 οὕτεγψυ-

2210 1639 2369 1712 χικὸς
2411 1638 2503 1710 ὢν,
2564 1638 2687 1696 οὔτε
2743 1643 3058 1719 προαίρεσιν
3107 1639 3254 1721 ἔχων
3304 1646 3609 1721 εὐεργετεῖ,
3656 1644 3837 1722 ἄλογος

2205 1727 2328 1802 γάρ’
2363 1730 2449 1782 xui
2485 1727 2610 1784 οὐδὲ
2641 1732 2897 1807 ἑτέρωθεν
2928 1734 2990 1788 τὸ
3022 1739 3136 1800 φῶς
3200 1730 3518 1808 λαμϐάνων·
3577 1735 3700 1790 αὐτὸ
3750 1737 3834 1811 γὰρ

440 1828 512 1882 ab
545 1828 657 1884 alio
691 1829 889 1885 lumen
917 1829 1168 1901 accipit;
1204 1835 1294 1884 est
1327 1828 1482 1883 enim
1507 1827 1615 1882 hoc
1645 1826 1838 1898 ipsum
1874 1824 2085 1894 lumen,

2204 1818 2365 1869 τοῦτο
2397 1821 2511 1893 φῶς
2542 1815 2651 1872 ἐστι
2697 1819 2786 1873 καὶ
2819 1821 3064 1895 φωτίζει·
3125 1821 3268 1877 οὕτω
3329 1825 3442 1899 χρὴ
3477 1827 3632 1879 τοῦτο
3689 1824 3831 1897 μόνον

2282 1903 3620 1922 ,,,Λ,,,..,-...-..
3762 1908 3786 1922 η

438 1922 494 1971 et
521 1917 857 1986 illuminat;
895 1919 975 1973 ita
999 1922 1231 1990 oportet
1274 1917 1383 1972 hoc
1435 1916 1609 1972 etiam
1652 1915 1840 1970 solum
1873 1915 1942 1969 de
1982 1915 2096 1970 Deo

441 2007 724 2077 cogitare,
759 2007 1044 2062 nimirum
1107 2007 1288 2062 Deum
1344 2023 1460 2060 non
1493 2005 1708 2060 habere
1748 2005 1966 2058 bonum
1999 2020 2100 2075 per

445 2094 718 2150 accidens
748 2105 810 2149 ut
828 2095 1167 2167 qualitatem
1203 2094 1647 2166 aliquam,sicut
1677 2109 1782 2148 nos
1813 2093 2094 2161 virtutes;

442 2184 543 2238 sed
579 2185 733 2255 quod
767 2201 900 2238 cum
939 2185 1060 2255 ipse
1113 2189 1264 2239 Deus
1297 2183 1374 2238 sit
1406 2182 1662 2238 essentia
1701 2182 1860 2248 boni,
1893 2197 2096 2252 quem-

443 2274 763 2328 admodum
797 2273 996 2329 lumen
1027 2277 1116 2328 est
1146 2272 1405 2328 essentia
1435 2271 1598 2339 solis,
1628 2276 1799 2342 atque
1819 2275 1883 2326 ut
1911 2270 1960 2326 is
1994 2270 2096 2342 qui

439 2363 640 2434 ipsum
664 2363 882 2417 bonum
908 2368 998 2417 est
1030 2368 1201 2431 Deus,
1239 2362 1521 2418 bonitatis
1552 2361 1920 2431 splendorem
1941 2361 2095 2416 circa

439 2467 646 2506 omnes
678 2452 1388 2520 extendit,benefaciendo
1411 2451 1484 2506 iis
1509 2451 1605 2520 qui
1639 2449 2088 2504 illuminantur:

435 2541 638 2611 itaque
678 2541 822 2595 dicit
854 2541 996 2596 solis
1029 2539 1388 2612 exemplum,
1422 2540 1519 2611 qui
1554 2540 1865 2595 obscuram
1914 2544 1970 2593 et
2000 2539 2092 2593 vix

433 2634 816 2701 apparentem
877 2630 1047 2701 primi
1104 2630 1475 2701 exemplaris,
1528 2630 1681 2701 quod
1717 2628 1876 2683 nullo
1915 2628 2088 2684 modo

430 2719 1250 2789 communicatur,imaginem
1286 2720 1461 2774 habet
1491 2738 1505 2788 ;
1542 2719 1590 2773 si
1616 2719 1771 2773 enim
1796 2719 2085 2790 imagines

426 2808 730 2863 veritatem
785 2808 1090 2878 haberent,
1124 2827 1236 2864 non
1270 2809 1527 2881 amplius
1558 2812 1757 2865 essent
1787 2808 2081 2880 exempla-

426 2896 536 2962 ria,
566 2898 667 2952 sed
707 2897 1044 2970 archetypa.

498 2987 852 3042 lniellectile:
907 2997 962 3042 et
1002 2986 1400 3059 intellz’gentes.
1464 2987 1698 3059 Proprie
1784 2985 2078 3058 loquendo

428 3074 588 3129 aliud
619 3081 708 3131 est
735 3076 928 3144 νοητόν
965 3085 1018 3132 et
1048 3076 1206 3132 aliud
1251 3075 1460 3151 νοερόν.
1495 3078 1638 3132 Nam
1673 3077 1828 3147 quod
1862 3077 2077 3132 inte|1i~

427 3165 587 3235 gitur
617 3168 706 3220 est
738 3165 894 3219 velut
951 3166 1296 3222 alimentum
1359 3167 1487 3236 ejus
1547 3165 1702 3236 quod
1757 3165 2072 3238 intelligit:

429 3253 911 3324 quandoquidem
947 3257 1100 3324 quod
1137 3255 1490 3326 intelligitur
1520 3271 1624 3309 seu
1656 3252 1873 3322 νοητόν,
1909 3256 2078 3310 nobi-

425 3341 541 3398 lius
564 3341 663 3414 sit,
695 3348 751 3399 et
773 3352 943 3398 antea
975 3344 1337 3416 intelligatur
1365 3343 1462 3399 illo
1495 3345 1648 3414 quod
1680 3343 1956 3416 intelligit
1978 3362 2080 3401 seu

425 3433 575 3503 quod
601 3437 690 3487 est
729 3427 932 3506 νοερὸν.
997 3435 1343 3505 Superiores
1393 3433 1576 3505 igitur
1618 3438 1677 3488 et
1733 3433 1907 3488 vicini
1965 3435 2081 3490 Deo

424 3521 660 3576 ordines
693 3523 925 3593 proprie
949 3523 1178 3578 dicendi
1201 3527 1342 3578 sunt
1364 3521 1535 3590 νοητά
1559 3541 1573 3591 ;
1595 3523 1902 3579 inferiores
1923 3540 2080 3591 vero,

419 3606 582 3682 νοερά
614 3615 676 3664 ut
707 3611 805 3682 qui
833 3611 1164 3683 intelligant
1196 3611 1561 3683 superiores:
1591 3629 1705 3666 non
1730 3612 1858 3667 ideo
1881 3617 2080 3668 tamen

421 3699 578 3769 quod
611 3697 781 3767 νοητά
812 3701 1084 3756 dicantur
1117 3719 1186 3757 ea
1220 3719 1346 3773 quae
1372 3700 1804 3772 intelliguntur,
1837 3718 2081 3757 censen-

421 3788 564 3843 dum
595 3794 684 3844 est
715 3790 872 3861 ipsos
887 3808 1001 3846 non
1028 3791 1356 3863 intelligere
1383 3809 1395 3859 ;
1419 3789 1520 3845 illa
1537 3790 1693 3844 enim
1729 3790 2082 3861 intelligunt,

425 3879 705 3950 quoniam
749 3885 978 3935 mentes
1011 3886 1151 3935 sunt
1173 3885 1229 3935 et
1260 3880 1606 3936 substantiae
1634 3881 1762 3934 vitae
1785 3885 1842 3934 et
1865 3882 2082 3937 mentis

426 3984 717 4039 supremae
747 3974 954 4024 creata:
991 3988 1002 4037 ;
1032 3970 1301 4041 quinimo
1333 3968 1451 4024 illic
1501 3969 1676 4024 etiam
1709 3974 1849 4024 sunt
1878 3987 2081 4040 opera-

424 4055 615 4112 tiones
646 4058 912 4114 efficaces
943 4059 1338 4115 subsistentes
1371 4064 1428 4113 et
1455 4059 1754 4115 essentize:
1787 4059 1979 4115 omnis
2002 4060 2079 4115 si-

426 4147 666 4217 quidem
702 4152 894 4203 motus
927 4153 980 4203 et
1014 4149 1181 4219 quies
1215 4149 1335 4204 illic
1392 4155 1531 4203 sunt
1578 4148 1994 4218 subsistentes,
2025 4155 2082 4205 et

422 4235 671 4292 virtutes
704 4236 862 4306 vivae,
892 4239 1041 4295 I25
1077 4242 1251 4310 atque
1284 4237 1457 4292 ﬂuxis
1491 4238 1904 4309 corporeisque
1949 4256 2078 4294 mu-

422 4326 747 4382 tationibus
778 4327 1154 4398 superiores:
1190 4327 1318 4382 ideo
1368 4327 1784 4399 intelliguntur
1815 4327 2076 4398 quidem,

419 4419 486 4470 ut
531 4415 783 4471 materiae
834 4421 1102 4488 expertes
1149 4415 1535 4488 ;intelligunt
1592 4420 1787 4471 autem
1840 4433 1952 4487 res,
2015 4422 2078 4472 ut

418 4510 643 4560 mentes
677 4505 1032 4576 incorporeas
1064 4505 1404 4576 mundoque
1422 4503 1734 4560 altioresin
1750 4505 2076 4562 rationibus

2208 1905 2296 1958 xui
2330 1903 2417 1958 ἐπὶ
2447 1912 2580 1960 Θεοῦ
2611 1914 2777 1978 νοεῖν,
2844 1909 2927 1964 ὅτι
2972 1912 3000 1965 6
3055 1913 3184 1974 Θεὸς
3232 1913 3296 1967 τὸ
3338 1913 3534 1990 ἀγαθὸν
3567 1912 3627 1967 οὐ
3657 1908 3832 1986 συμϐε-

2210 1987 2463 2063 ϐηκότως
2512 1994 2649 2071 ἔχει,
2699 2001 2939 2076 καθάπερ
2969 2002 3090 2055 τινα
3121 1987 3414 2074 ποιότητα,
3447 2003 3520 2064 ὡς
3551 2004 3708 2072 ἡμεῖς
3753 2004 3831 2065 τὰς

2207 2083 2420 2157 ἀρετάςο
2453 2082 2582 2138 ἀλλ’
2615 2086 2768 2141 οὐσία
2797 2093 2893 2143 τοῦ
2926 2088 3128 2164 ἀγαθοῦ
3161 2091 3324 2154 αὐτὸς
3361 2093 3389 2146 6
3421 2092 3547 2154 Θεὸς
3577 2091 3830 2167 ὑπάρχων,

2209 2171 2388 2245 ὥσπερ
2419 2176 2506 2229 καὶ
2540 2176 2603 2229 τὸ
2633 2181 2767 2254 φῶς,
2803 2177 2956 2233 οὐσία
2987 2179 3174 2253 ἡλίου,
3205 2182 3295 2236 καὶ
3330 2183 3407 2245 ὡς
3435 2181 3562 2236 αὐτὸ
3578 2182 3637 2236 τὸ
3658 2181 3828 2256 ἀγαθὸν

2207 2257 2280 2314 ὢν
2313 2263 2340 2316 6
2372 2263 2498 2324 Θεὸς
2526 2263 2745 2320 ἐκτείνει
2787 2268 2909 2344 περὶ
2968 2270 3170 2332 πάντας
3216 2271 3316 2340 τήν
3366 2277 3467 2340 τῆς
3525 2270 3827 2346 ἀγαθότητος

2205 2347 2407 2425 α’ίγλην
2456 2349 2544 2406 διὰ
2567 2358 2664 2408 τοῦ
2695 2354 3042 2431 εὐεργετῆσαι
3103 2359 3229 2421 τοὺς
3263 2357 3690 2438 φωτιζομένους³
3727 2359 3826 2412 ὅθεν

2203 2441 2334 2515 φησὶ
2365 2441 2425 2495 τὸ
2449 2446 2543 2495 τοῦ
2566 2442 2729 2512 ἡλίου
2761 2443 3208 2522 παράδειγμα,ὡς
3238 2451 3520 2520 σκοτεινὴν
3551 2448 3636 2504 καὶ
3665 2444 3831 2524 σχεδὸν

2202 2528 2376 2604 ἀφανῆ
2412 2529 2591 2585 εἷ’κόνα
2646 2537 2743 2587 τοῦ
2798 2534 3079 2598 παντελῶς
3131 2537 3505 2609 ἀκοίνωνήτου
3549 2536 3827 2614 ἀρχετύπου

2199 2615 2338 2692 ἔγειο
2373 2619 2523 2696 είγὰρ
2554 2623 2607 2675 ui
2641 2621 2844 2685 εἶκὸνες
2875 2623 3136 2694 ἀλήθειαν
3180 2628 3354 2704 εἶχον,
3387 2625 3703 2697 οὐκέτι-ἦσαν
3732 2647 3823 2681 πα-

2197 2706 2552 2784 ραδείγματα,
2581 2710 2706 2767 ἀλλ’
2762 2713 2827 2790 ἀρ
2838 2715 3067 2788 χέτυπα.

2265 2982 2332 3034 Αἱ
2389 2981 2576 3051 von-cui
2652 2982 2740 3035 xui
2808 2983 3010 3059 νοεραί.
3079 2985 3228 3042 Κατὰ
3300 2987 3600 3064 κυριότητα
3659 2983 3816 3060 ἕτερόν

2189 3067 2301 3124 ἐστι
2330 3070 2549 3140 νοητὸν,
2597 3071 2687 3125 καὶ
2721 3072 2901 3146 ἓτερον
2933 3075 3138 3150 νοερόν.
3191 3077 3268 3134 Τὸ
3300 3078 3408 3152 γὰρ
3439 3078 3627 3149 νοητὸν
3653 3075 3803 3151 τροφή

2191 3159 2279 3214 οἶά
2302 3181 2384 3224 τις
2412 3165 2507 3214 τοῦ
2536 3165 2730 3236 νοεροῦ
2764 3161 2927 3232 ἐστιν,
2987 3162 3138 3241 ε’ίπερ
3193 3166 3256 3220 τὸ
3315 3167 3630 3242 νοούμενον,
3656 3166 3682 3220 6
3727 3164 3816 3219 ἐστ.

2191 3249 2411 3318 νοητὸν,
2449 3250 2632 3322 μεῖζόν
2685 3250 2794 3306 ἐστι
2825 3255 2916 3307 καὶ
2965 3254 3470 3329 προεπινοούμενον
3526 3260 3619 3310 τοῦ
3657 3256 3821 3309 νοοῦν-

2192 3360 2286 3402 τος
2320 3388 2334 3411 ,
2385 3341 2414 3394 ὃ
2469 3341 2578 3395 ἐστι
2637 3341 2856 3418 νοερόν.
2917 3345 2998 3400 Τὰ
3050 3345 3146 3417 μὶν
3204 3345 3297 3400 οῦν
3355 3347 3701 3424 ὑπερκείμενα
3745 3341 3818 3398 καὶ

2193 3436 2442 3504 προσεχῆ
2501 3435 2580 3502 τῷ
2623 3436 2739 3504 Θεῷ
2768 3430 3022 3508 τάγματα
3051 3437 3219 3506 νοητὰ
3248 3436 3460 3513 κυρίως
3488 3436 3712 3491 λεκτέον·
3767 3431 3820 3484 ti

2193 3515 2251 3572 δὲ
2295 3513 2675 3590 ὑποϐεϐηκότα
2703 3523 2882 3596 νοερὰ,
2944 3524 3034 3578 ὀίτε
3087 3528 3309 3580 νοοῦντα
3343 3528 3410 3582 τὰ
3472 3523 3814 3600 ὑπερκείμενα·

2191 3607 2304 3682 οὐχ
2333 3607 2414 3662 ὅτι
2458 3605 2514 3663 Si
2543 3613 2712 3678 νοητά
2743 3610 2852 3665 ἐστι
2909 3611 2976 3666 τὰ
3015 3613 3304 3687 νοούμενα,
3368 3616 3646 3690 νομιστέον
3700 3610 3814 3666 αὐτὰ

2195 3698 2269 3768 μή
2303 3701 2466 3751 νοεῖν·
2524 3705 2640 3753 νοεῖ
2685 3699 2785 3776 γὰρ
2835 3700 2924 3756 καὶ
2985 3702 3140 3773 αὐτὰ,
3201 3702 3393 3776 ἐπειδὴ
3441 3706 3559 3768 νόες
3589 3703 3686 3759 sici
3740 3699 3816 3755 xui

2192 3785 2367 3840 οὐσίαι
2403 3791 2546 3856 ζωῆς
2573 3788 2661 3843 καὶ
2691 3793 2786 3844 νοῦ
2821 3789 3098 3846 ἀνωτάτου
3125 3789 3635 3870 δημιουργηθεῖσαι’
3694 3787 3814 3845 ἀλλὰ

2190 3874 2280 3928 καὶ
2315 3873 2572 3950 ἐνέργειαι
2623 3876 2734 3932 ἐκεῖ
2781 3878 3132 3937 ένυπόστατοί
3184 3881 3286 3937 εἰσι
3339 3884 3429 3938 καὶ
3480 3882 3813 3939 οὐσίανπᾶσα

2191 3963 2294 4040 γὰρ
2368 3966 2582 4036 κίνησις
2652 3967 2742 4022 καὶ
2810 3968 3018 4043 ἠρεμία
3095 3968 3206 4026 ἐκεῖ
3259 3971 3445 4046 μέντοι
3496 3963 3812 4028 ὶνυπόστατοί

2191 4053 2314 4126 εἶσι,
2345 4057 2432 4110 xui
2481 4055 2731 4130 δυνάμεις
2782 4063 2971 4130 ζῶσαι,
3021 4061 3110 4116 καὶ
3157 4067 3266 4118 τῶν
3321 4063 3554 4140 ῥευστῶν
3585 4061 3668 4116 καὶ
3721 4079 3810 4112 σω·

2193 4149 2432 4216 ματικῶν
2479 4143 2832 4202 ἆλλοιώσεων
2893 4148 3222 4225 ὑπέρτεραι·
3283 4148 3368 4206 διὸ
3417 4155 3656 4207 νοοῦνται
3711 4145 3810 4218 μὶν,

2189 4233 2264 4297 ὠς
2291 4231 2470 4288 ἄϋλοι·
2504 4240 2688 4290 νοοῦσι
2723 4234 2780 4291 δὲ
2809 4239 2876 4292 τὰ
2924 4235 3072 4306 ὄντα,
3129 4240 3205 4302 ὡς
3235 4240 3356 4303 νόες
3415 4240 3684 4313 ἀσώματοι
3735 4232 3808 4287 καὶ

2190 4322 2549 4398 ὑπερκόσμιοι
2580 4322 2778 4389 ἄνωθεν
2814 4325 3229 4402 έλλαμπόμενοι
3274 4330 3406 4394 τοὺς
3453 4329 3574 4406 περὶ
3602 4331 3696 4382 τῶν
3741 4318 3810 4376 6v-

2183 4433 2290 4467 των
2325 4412 2542 4487 λόγους,
2595 4415 2685 4469 xui
2719 4411 3126 4486 διαϐιϐάζοντες
3185 4418 3382 4484 αὐτοὺς
3430 4421 3691 4494 μυστικῶς
3743 4409 3808 4470 εἷς

2182 4502 2309 4565 τοὺς
2370 4498 2778 4574 ὑποϐεϐηκότας
2826 4505 3090 4582 ἀγγέλους
3148 4513 3362 4580 νοητῶς
3418 4508 3506 4564 καὶ
3563 4499 3809 4562 ἀποκαλυ-

416 4610 612 4650 rerum
647 4611 900 4666 superne
934 4593 1240 4662 illustrati,
1273 4595 1551 4666 ipsasque
1597 4595 1839 4666 mystice
1870 4596 1939 4650 ad
1983 4595 2069 4651 in-

2201 4596 2406 4653 ττικῶς.
2441 4592 2577 4668 Δύνῃ
2608 4592 2664 4648 δὲ
2716 4596 2802 4649 καὶ
2860 4593 3048 4661 ἄλλως
3090 4605 3281 4668 νοῆσαι
3342 4599 3405 4654 τὸ
3438 4596 3682 4670 δυνάμεις
3733 4587 3808 4645 καὶ

417 4683 658 4739 feriores
692 4684 933 4756 angelos
965 4701 1098 4738 cum
1134 4683 1434 4739 intellectu
1487 4687 1544 4738 et
1573 4683 1924 4739 revelatione
1955 4689 2070 4741 tra-

411 4772 700 4844 jicientes.
735 4777 907 4828 Potes
957 4783 1154 4828 autem
1191 4773 1304 4827 alio
1339 4773 1512 4827 etiam
1549 4773 1717 4827 modo
1749 4773 1992 4830 virtutes
2019 4779 2076 4830 et

419 4863 679 4916 actiones
693 4862 964 4917 efﬁcaces
984 4860 1312 4932 intelligere
1329 4880 1340 4916 :
1359 4861 1602 4917 virtutes
1626 4863 2070 4934 quidem,quod,

421 4966 550 5006 cum
587 4951 836 5006 necdum
871 4955 1151 5006 creaturas
1202 4956 1570 5022 apparerent,
1605 4952 1804 5007 omnia
1861 4953 2073 5009 virtute

420 5040 478 5093 in
514 5041 623 5094 Deo
656 5045 828 5094 antea
889 5037 1287 5102 substiterint,
1347 5041 1418 5095 ab
1473 5058 1539 5096 eo
1600 5046 1666 5095 ut
1722 5046 1916 5096 essent
1946 5060 2074 5113 pro-

419 5129 722 5184 ducenda:
758 5145 930 5200 porro
965 5127 1223 5183 actiones
1279 5129 1566 5196 efﬁcaces,
1617 5131 1770 5202 quod
1804 5135 2074 5187 creatura

417 5217 594 5274 etiam
629 5217 698 5272 ad
734 5217 1136 5288 operationem
1173 5219 1456 5289 perducta
1489 5221 1684 5274 fuerit.
1738 5221 1943 5275 Averte
1973 5238 2072 5275 au-

413 5309 530 5361 tem
565 5306 860 5376 quomodo
892 5304 1038 5360 illud
1088 5309 1263 5376 ﬂuxae
1308 5307 1646 5363 mutationes
1677 5307 2070 5378 exposuerim,

415 5394 696 5466 quoniam
729 5397 787 5449 et
819 5393 1010 5466 angeli
1038 5397 1350 5453 mutabiles
1382 5401 1542 5466 sunt,
1579 5397 1862 5452 nimirum
1889 5397 1946 5452 in
1972 5415 2068 5453 co-

2185 4681 2464 4756 ἐνέργειαν
2499 4680 2754 4756 δυνάμεις
2786 4685 2878 4758 μὶν
2911 4686 3036 4762 γὰρ,
3095 4687 3178 4741 ὅτι
3237 4687 3349 4758 καὶ,
3405 4689 3570 4762 μήπω
3616 4687 3714 4739 τῶν
3763 4677 3805 4732 ἐν

2179 4774 2248 4844 τῇ
2279 4770 2447 4826 κτίσει
2503 4770 2792 4843 φανέντων,
2846 4773 3070 4848 δυνάμει
3120 4777 3294 4833 πάντα
3327 4776 3379 4832 ἐν
3411 4782 3489 4849 τῷ
3517 4779 3626 4846 Θιῷ
3661 4777 3807 4845 προῦ-

2183 4863 2458 4935 φεστήκει,
2496 4860 2771 4934 μέλλοντα
2797 4863 3130 4940 παράγεσθαι
3162 4864 3232 4921 δι’
3261 4867 3427 4922 αὐτοῦ
3458 4865 3532 4928 εἰς
3583 4863 3640 4918 τὸ
3671 4861 3802 4915 εἶναι*

2180 4948 2438 5026 ἐνέργειαι
2488 4947 2564 5020 δὲ,
2617 4951 2699 5006 ὅτι
2749 4951 2838 5007 καὶ
2885 4954 3021 5030 πρὸς
3053 4951 3207 5032 ἔργον
3251 4957 3285 5026 ἡ
3316 4953 3638 5030 δημιουργία
3689 4964 3803 5020 παρ·

2181 5040 2374 5113 ἤχθη.
2424 5039 2742 5113 Σημείωσαι
2795 5039 2852 5097 δί
2900 5043 2988 5097 καὶ
3049 5045 3111 5100 τὸ
3167 5053 3267 5116 τῆς
3323 5043 3548 5121 ῥευστῆς
3596 5033 3803 5096 ἀλλοιώ’

2181 5149 2315 5190 σεως
2349 5129 2424 5190 ὡς
2449 5131 2793 5203 ἡρμήνευσα,
2827 5129 3014 5202 ἐπειδὴ
3061 5135 3284 5208 τρεπτοὶ
3343 5132 3432 5190 xui
3487 5133 3538 5188 οἱ
3583 5123 3802 5205 ἄγγελοι,

2177 5218 2316 5272 κατὰ
2343 5218 2568 5292 γνώμην
2621 5217 2902 5294 δηλονότι,
2933 5223 3022 5278 καὶ
3053 5224 3155 5279 οὐκ
3188 5223 3398 5291 οὐσίαν,
3458 5223 3530 5284 ὡς
3575 5211 3804 5294 μαρτυρεῖ

2181 5309 2208 5362 ὁ
2239 5303 2523 5380 διάϐολος,
2555 5308 2646 5362 καὶ
2668 5311 2732 5364 τὸ
2762 5309 2943 5386 τάγμα
2973 5311 3165 5383 αὐτοῦ,
3197 5312 3375 5370 πεσὼν
3411 5311 3470 5368 ἐκ
3521 5312 3613 5366 τοῦ
3667 5302 3800 5379 οὐρα·

2177 5401 2291 5470 νοῦ,
2326 5397 2402 5460 ὡς
2423 5395 2512 5452 καὶ
2543 5395 2594 5453 ἓν
2626 5403 2707 5472 τῷ
2738 5394 2863 5457 Ἰὼϐ
2894 5395 3121 5477 ἔχομεν.

1418 5574 1660 5631 VARI/E
1692 5574 2083 5634 LECTIONES
2113 5577 2206 5636 ET
2236 5577 2805 5638 CORREGTIONES.

485 5689 532 5726 ²³
558 5689 728 5747 πάντα
757 5690 830 5748 δι’
859 5691 1048 5766 αὐτῆς.
