4034 6384
232 423 344 479 241

1003 426 1062 478 S.
1104 425 1380 480 MAXIMI
1418 423 1724 479 SCHOLIA
1762 424 1835 476 IN
1876 424 2008 476 LIB.
2049 426 2145 476 DE
2185 425 2456 478 DIVINIS
2495 423 2905 480 NOMINIBUS.

3567 427 3675 483 242

232 549 535 622 gnitione,
567 566 686 605 non
715 565 854 606 vero
885 548 946 604 in
976 546 1255 616 essentia,
1289 546 1444 604 sicut
1473 547 1785 603 conﬁrmat
1818 543 2109 615 diabolus,
2133 547 2381 620 ejusque
2412 548 2721 616 exercitus,
2757 564 2785 604 e
2808 548 2949 605 coelo
2988 547 3287 622 delapsus,
3321 551 3474 609 sicut
3501 553 3675 610 habe-

238 657 381 696 mus
415 643 477 696 in
508 641 642 696 Job.

313 730 535 804 Φθορᾶς
574 727 666 783 καὶ
726 729 976 785 θανάτου.
1037 732 1213 783 Ταῦτα
1271 727 1377 804 γὰρ
1436 725 1702 799 σωμάτων
1763 720 1878 780 ἴδια

2086 729 2125 782 Α
2173 729 2519 802 corruptione
2564 733 2616 786 et
2672 734 2868 786 morte.
2933 730 3062 785 Haec
3111 731 3267 786 enim
3322 734 3666 806 corporibus

313 907 552 970 Οίκείως
637 905 1041 982 ἑλλάμπονται.
1128 908 1252 964 Ὀτι
1337 905 1403 961 τὰ
1484 905 1748 978 ἆσώματα
1815 904 1904 959 καὶ

234 997 470 1070 οὐράνια
489 1001 740 1053 νοοῦνται
771 998 861 1052 καὶ
892 1001 1100 1054 νοοῦσι.

308 1087 418 1143 Καὶ
450 1087 661 1165 φρουρὰ
693 1086 784 1143 καὶ
816 1086 986 1144 ἑστία.
1043 1089 1200 1156 Μονὴ
1252 1086 1338 1141 xui
1393 1084 1538 1140 ἑστία
1597 1083 1654 1139 ἐκ
1685 1085 1903 1160 παραλ-

231 1174 427 1247 λήλου
450 1175 644 1231 ταύτὸν
697 1177 1050 1249 σημαίνουσι.
1111 1175 1300 1231 Φίλων
1344 1175 1372 1228 ὸ
1425 1171 1688 1235 Ἰουδαῖος
1741 1172 1794 1227 ἐν
1827 1177 1904 1245 τῷ

227 1266 366 1340 Περὶ
428 1268 530 1335 τῆς
601 1263 870 1342 φλογίνης
943 1264 1216 1343 ῥομφαίας
1300 1265 1394 1318 xui
1445 1268 1550 1318 τῶν
1627 1257 1903 1338 χερουϐὶμ

224 1354 392 1429 λόγῳ
427 1355 591 1433 φησὶν
618 1353 798 1416 οὕτως
823 1373 836 1386 ⁸
861 1356 927 1411 Ἡ
951 1353 1009 1409 δὲ
1034 1356 1198 1428 μονή,
1222 1358 1330 1408 τῶν
1351 1357 1448 1408 τοῦ
1472 1353 1683 1426 κόσμου
1719 1356 1896 1425 μερῶν

223 1445 446 1501 ἑστῶσα
465 1443 703 1520 παγίως,
754 1444 901 1500 ἱστία
949 1445 1087 1518 πρὸς
1146 1447 1252 1498 τῶν
1300 1442 1552 1498 παλαιῶν
1587 1436 1899 1506 εὐθυϐόλως

224 1533 578 1605 ὠνόμασται.
618 1537 790 1588 Τοῦτο
827 1530 884 1588 δὲ
924 1533 1014 1588 καὶ
1068 1534 1179 1588 ἄνω
1228 1531 1383 1610 φησὶ,
1442 1530 1566 1606 περὶ
1618 1532 1680 1586 τὸ
1736 1528 1894 1592 τέλος

215 1627 323 1678 τοῦ
344 1623 574 1695 πρώτου
605 1621 930 1699 κεφαλαίου,
963 1620 1015 1676 ἐν
1048 1625 1117 1695 τῇ
1147 1617 1278 1694 ἕκτῃ
1304 1622 1660 1696 παραγραφῇ.

298 1713 330 1787 Ξ
359 1712 678 1767 ΙΙ.ἘκεῖΘεν
709 1710 917 1772 αὐταῖς,
971 1709 1288 1782 Σημείωσαι
1337 1709 1403 1762 τὰ
1444 1709 1569 1782 περὶ
1599 1712 1706 1761 τῶν
1737 1707 1889 1782 ἀγγέ-

217 1799 366 1866 λων,
399 1799 493 1854 καὶ
527 1800 610 1854 ὅτι
640 1798 708 1854 τὰ
736 1796 895 1866 ἅυλα,
928 1799 1017 1853 καὶ
1046 1798 1095 1853 ἐν
1129 1795 1405 1868 ἀλλήλοις
1440 1801 1615 1873 χωρεῖ
1644 1795 1889 1870 ἂσυγχύ-

214 1911 338 1951 τως
368 1887 463 1944 xui
495 1889 810 1965 ἀποχωρεῖ,
841 1889 934 1942 καὶ
982 1887 1149 1943 οἱονεὶ
1195 1887 1400 1962 βαθμὸς
1431 1887 1520 1940 καὶ
1549 1887 1723 1956 τάξεις
1755 1884 1884 1939 εἰσὶν

219 1984 450 2052 πρῶσαι
499 1977 636 2052 [xui]
692 1975 934 2052 δεύτεραι
970 1996 983 2009 °
1039 1977 1127 2032 xui
1175 1976 1256 2031 ὅτι
1317 1977 1368 2030 οἱ
1417 1977 1552 2030 θεῖοι
1607 1974 1726 2036 νόες
1778 1973 1890 2029 ἐκεῖ

2015 834 2271 889 pr0pria.

2086 909 2340 980 Propriis
2398 909 2716 965 ration-ibus
2776 909 3161 965 illustrantur.
3217 913 3561 984 Incorporea
3611 918 3668 970 et

2015 996 2276 1053 coelestia
2308 999 2556 1071 intelligi
2583 1004 2761 1070 atque
2792 999 3143 1071 intelligere.

2084 1089 2147 1141 Et
2181 1088 2424 1143 custodia
2456 1093 2507 1144 et
2537 1088 2772 1143 mansio.
2817 1089 2970 1157 Μονή
3006 1093 3062 1142 et
3091 1087 3239 1141 ἑστία
3273 1089 3384 1144 sibi
3415 1089 3663 1147 invicem

2011 1176 2223 1233 collata
2252 1178 2405 1233 idem
2439 1177 2796 1250 signiﬁcant.
2836 1177 2997 1232 Philo
3028 1179 3286 1248 ludens,
3319 1178 3380 1233 in
3411 1178 3560 1234 libro
3590 1182 3664 1237 De

2008 1267 2268 1336 ﬂammea
2298 1266 2575 1338 romphaea
2604 1272 2658 1321 et
2687 1265 3027 1333 cherubinis,
3051 1270 3127 1322 ita
3157 1267 3420 1338 loquitur
3452 1285 3464 1323 :
3507 1268 3570 1324 '11
3604 1265 3662 1322 δὲ

2013 1357 2149 1426 μονή
2207 1373 2311 1411 seu
2362 1356 2587 1411 mansio
2646 1355 2902 1428 partium
2962 1357 3169 1412 mundi
3201 1362 3362 1412 stans
3388 1358 3656 1430 ﬁrmiter,

2007 1442 2182 1497 ἑστίαν
2213 1445 2284 1499 ab
2318 1445 2581 1516 antiquis
2608 1449 2764 1500 recta
2791 1446 3129 1514 conjectura
3187 1446 3488 1501 nominata
3544 1454 3654 1503 est.

2005 1534 2124 1588 Hoc
2155 1539 2348 1589 autem
2380 1534 2554 1589 etiam
2588 1535 2860 1605 superius
2893 1535 3058 1602 dicit,
3091 1534 3244 1590 circa
3274 1536 3449 1590 ﬁnem
3477 1536 3655 1607 primi

2003 1624 2211 1694 capitis
2244 1623 2300 1677 in
2336 1623 2702 1695 paragrapho
2728 1628 2910 1678 sexto.

2075 1712 2102 1785 §
2137 1715 2203 1766 Il.
2239 1713 2366 1768 Inde
2399 1713 2534 1767 illis.
2571 1714 2821 1767 Adverte
2854 1730 2980 1784 quas
3022 1714 3092 1767 de
3124 1713 3348 1784 angelis
3380 1714 3558 1780 dicat,
3594 1720 3652 1771 et

2000 1801 2373 1872 incorporeos
2405 1817 2534 1856 esse
2565 1806 2738 1872 atque
2770 1819 2832 1856 se
2860 1801 3109 1857 invicem
3153 1804 3278 1858 sine
3309 1804 3648 1860 confusione

1998 1895 2301 1960 penetrare
2325 1895 2382 1944 et
2406 1890 2830 1960 relinquere,ac
2848 1891 3025 1944 veluti
3048 1893 3266 1962 gradus
3293 1893 3648 1964 ordinesque

1996 1980 2114 2034 sint
2146 1979 2319 2051 primi
2350 1984 2407 2034 et
2431 1980 2674 2034 secundi
2707 1997 2719 2047 ;
2754 1996 2978 2034 necnon
3011 1981 3241 2036 divinas
3277 1985 3502 2037 mentes
3526 1981 3645 2038 illic

211 2068 347 2142 περὶ
374 2066 604 2128 έαυτοῦς
632 2064 958 2138 δλίσσονται,
1002 2067 1111 2141 οὐχ
1155 2062 1326 2138 ἓλιξίν
1375 2085 1496 2120 τινα
1545 2065 1885 2138 σωματικὴν,

220 2157 270 2173 ης
299 2159 315 2173 \
338 2159 352 2173 9
390 2157 405 2173 ο
577 2156 590 2173 Ι
879 2154 893 2173 \
1081 2155 1094 2173 \
1275 2156 1289 2173 \
1363 2152 1388 2173 Π
1553 2152 1563 2173 Ι
1819 2157 1843 2168 υ

2004 2068 2215 2123 circum
2250 2069 2475 2139 seipsas
2508 2068 2802 2135 volvi,non
2835 2067 3132 2124 volutione
3159 2071 3412 2140 quadam
3434 2087 3638 2142 corpo-

210 2157 352 2213 ἀλλ’
385 2156 758 2229 ὑπερκόσμιον
805 2154 895 2210 xui
943 2155 1154 2230 νοερᾶν,
1204 2156 1291 2210 καὶ
1337 2152 1452 2209 ο’ίαν
1503 2152 1706 2228 πέφυκε
1751 2157 1878 2214 νοῦς

210 2247 554 2318 ὶλίττεσθαι,
606 2244 657 2318 ἕξ
709 2245 900 2300 ἑαυτοῦ
947 2245 1158 2321 προϊὼν
1193 2244 1268 2306 εἷς
1315 2242 1647 2314 ἐπινοήσεις,
1684 2242 1774 2297 καὶ
1806 2241 1880 2305 εἷς

205 2337 406 2391 ἑαυτὸν
458 2335 805 2410 ἀναστρέφων
837 2337 904 2406 ’⁸,
960 2335 1020 2389 οὐ
1075 2335 1181 2407 μὴν
1233 2327 1333 2406 ἔξω
1379 2333 1569 2387 ἑαυτοῦ
1614 2336 1814 2406 χωρῶν
1836 2333 1880 2366 ²⁷

201 2423 524 2486 σκεδαστῶς
580 2423 672 2478 καὶ
723 2428 992 2498 μεριστῶς
1028 2443 1040 2454 ·
1091 2426 1252 2478 τοῦτο
1300 2422 1630 2478 αἰνίττονται
1677 2420 1766 2475 καὶ
1828 2421 1881 2474 οἱ

200 2513 360 2588 παρᾶ
401 2514 502 2568 τοῦ
544 2512 831 2576 θεσπεσίου
881 2509 1143 2582 Ἰεζεκιήλ
1198 2512 1392 2586 τροχοὶ
1439 2509 1828 2583 πολυόμματοι
1865 2528 1878 2541 ο

199 2601 294 2659 xui
331 2601 420 2657 ὅτι
470 2603 593 2678 περὶ
644 2602 737 2656 τὸν
788 2607 930 2665 θεῖον
983 2596 1158 2675 ἔρωτα
1205 2599 1259 2656 ἂν
1301 2598 1594 2671 ταύτότητί
1643 2598 1744 2653 εἶσι
1792 2598 1882 2652 καὶ

206 2692 481 2767 ἆκρότητι
517 2710 530 2723 ·
563 2691 873 2762 ταύτότητα
916 2688 974 2745 δὶ
1020 2691 1244 2762 νοητέον
1295 2691 1394 2759 τὴν
1429 2687 1798 2744 ἀναπόστατον
1835 2689 1880 2723 ³³

204 2781 352 2855 πρὸς
384 2779 517 2834 Θεὸν
546 2781 836 2855 προσοχήν
867 2799 880 2812 ·
941 2779 1218 2854 ἀκρότητα
1267 2776 1346 2846 δὶ,
1390 2779 1488 2846 τήν
1511 2784 1610 2846 τῆς
1641 2779 1883 2846 νοήσεως

209 2869 396 2924 αὐτῶν
425 2868 516 2924 καὶ
540 2867 727 2930 οὐσίας
770 2865 880 2938 ἤδη
932 2889 1052 2930 πως
1107 2867 1185 2929 εἷς
1230 2869 1421 2922 θιωσιν
1466 2863 1703 2940 πρόοδον
1751 2865 1881 2935 νόη-

215 2976 332 3012 σον·
367 2957 464 3012 καὶ
494 2958 590 3019 τὰς
623 2957 845 3021 ἑνώσεις
875 2954 954 3027 δὶ,
1002 2956 1100 3020 τὰς
1143 2957 1280 3030 πρὸς
1335 2953 1586 3026 ἀλλήλας
1617 2959 1723 3008 τῶν
1753 2975 1883 3023 νοη-

212 3052 353 3116 τῶν,
387 3047 483 3100 τὸν
525 3046 661 3121 πρὸς
693 3044 980 3118 ἀλλήλους
1032 3047 1307 3120 θεοπρεπῆ
1350 3045 1542 3110 νόησον
1572 3042 1766 3118 ἔρωτα,
1801 3044 1884 3114 ὃς,

212 3138 366 3198 Θεῖος
398 3133 475 3190 ὢν
505 3136 599 3190 καὶ
640 3135 908 3205 ἒνοποιὸς,
961 3140 1216 3189 συνάπτει
1261 3132 1475 3202 αὐτοὺς,
1521 3133 1583 3188 οὐ
1633 3129 1885 3205 σωρηδὸν

213 3224 592 3302 συγκομίζων,
637 3221 762 3279 ἀλλ’
812 3225 1101 3299 ἆγαπηνῶς
1154 3220 1490 3296 συνδεσμῶν.
1539 3227 1656 3277 Τῶν
1710 3219 1767 3276 δὶ
1797 3217 1884 3275 ὅν-

209 3337 323 3370 των
357 3314 601 3370 καὶτῶν
663 3318 900 3384 νοητῶν,
947 3315 1022 3376 ὡς
1080 3314 1171 3368 xui
1227 3317 1334 3367 τῶν
1391 3316 1627 3382 νοητῶν,
1679 3312 1754 3374 ὡς
1795 3311 1884 3365 καὶ

206 3408 320 3459 τῶν
366 3403 646 3474 αἰσθητῶν
702 3403 1018 3476 ὁμωνύμως
1069 3401 1410 3477 λεγομένων,
1470 3402 1538 3455 τὰ
1597 3401 1690 3473 μὲν
1742 3398 1882 3454 ἔστιν

1989 2173 2108 2225 rea,
2133 2157 2233 2211 sei
2267 2173 2398 2228 qua
2429 2157 2715 2211 mundum
2749 2156 2927 2211 vincit
2956 2162 3013 2212 et
3061 2157 3395 2229 intelligens
3446 2164 3556 2226 est,
3590 2164 3648 2215 et

1987 2245 2090 2301 tali
2125 2263 2253 2317 quae
2284 2253 2538 2301 mentem
2572 2245 2801 2301 volvere
2834 2250 3050 2318 potest,
3076 2264 3142 2301 ex
3178 2249 3369 2318 seipsa
3399 2249 3470 2304 ad
3503 2266 3640 2304 con-

1990 2335 2377 2391 siderationes
2431 2335 2834 2407 progrediens,
2897 2341 3068 2405 atque
3118 2335 3175 2391 in
3235 2339 3491 2408 seipsam
3557 2355 3650 2393 re-

1991 2425 2180 2493 diens,
2216 2441 2330 2478 non
2365 2440 2498 2479 vero
2553 2430 2716 2479 extra
2773 2424 3030 2495 seipsam
3089 2443 3222 2480 cum
3282 2428 3650 2497 separatione

1991 2516 2050 2568 et
2106 2512 2392 2567 divisione
2461 2512 2706 2579 abiens;
2766 2511 2877 2567 hoc
2936 2513 3108 2568 etiam
3161 2514 3467 2570 insinuant
3516 2521 3652 2570 rotae

1991 2617 2118 2673 quas
2157 2599 2360 2656 multis
2404 2601 2560 2672 apud
2593 2600 3027 2674 diviniloquum
3095 2602 3457 2658 Ezechielem
3516 2620 3656 2659 con—

1993 2695 2151 2746 stant
2180 2689 2365 2745 oculis
2401 2715 2414 2757 ;
2446 2707 2510 2744 ac
2568 2707 2699 2745 esse
2761 2691 2918 2746 circa
2968 2691 3227 2746 divinum
3283 2709 3541 2748 amorem
3591 2693 3652 2748 in

1990 2778 2292 2834 identitate
2349 2784 2406 2834 et
2464 2779 2832 2834 extremitate
2887 2796 2899 2833 :
2964 2797 3067 2851 per
3124 2781 3469 2836 identz'tatem
3517 2799 3649 2837 vero

1993 2866 2462 2938 intelligendum,
2499 2867 2743 2921 minime
2775 2867 3157 2923 desistentem
3191 2885 3324 2922 cum
3367 2869 3483 2924 Deo
3517 2886 3649 2925 con-

1988 2957 2358 3028 junctionem
2385 2973 2397 3012 :
2424 2973 2525 3028 per
2555 2955 2965 3011 extremitatem
2995 2973 3130 3012 vero
3161 2957 3420 3029 intellige
3443 2960 3648 3029 cogni-

1992 3046 2169 3101 tionis
2201 3046 2462 3118 ipsarum
2497 3051 2552 3101 et
2583 3046 2850 3101 essentia:
2875 3062 3249 3118 progressum
3273 3064 3386 3116 quo
3418 3047 3538 3103 fere
3564 3049 3648 3102 dii

1995 3140 2340 3190 evaserunt:
2400 3151 2502 3207 per
2554 3143 2775 3189 mutuas
2807 3138 3001 3189 autem
3037 3135 3492 3208 intelligibilium
3518 3137 3644 3192 uni-

1993 3224 2193 3294 tiones,
2219 3223 2480 3297 intellige
2513 3230 2623 3280 Deo
2657 3225 2902 3296 dignum
2930 3242 3044 3296 quo
3077 3242 3138 3280 se
3169 3224 3417 3280 invicem
3453 3244 3648 3297 prose-

1997 3319 2263 3386 quuntur
2293 3331 2575 3382 amorem,
2611 3314 2733 3385 qui,
2768 3315 3001 3369 divinus
3033 3331 3166 3369 cum
3215 3315 3310 3382 sit,
3345 3332 3651 3388 unumque

1998 3403 2188 3466 faciat,
2222 3404 2379 3474 ipsos
2410 3403 2738 3475 conjungit,
2765 3421 2879 3458 non
2905 3405 3216 3457 acervatim
3250 3409 3649 3475 comportans,

209 3494 481 3566 ἡνωμένα
506 3493 600 3548 xui
644 3490 1160 3568 ἀλληλουχοῦμενα
1193 3511 1206 3524 ⁸
1258 3492 1326 3545 τὰ
1367 3488 1424 3544 δὲ
1454 3487 1763 3564 διῃρημένα
1792 3489 1882 3542 xui

2004 3493 2152 3548 I26
2176 3492 2275 3546 sed
2295 3491 2630 3548 amabiliter
2653 3492 3089 3563 constringens.
3124 3492 3332 3546 Ὄντων
3364 3488 3441 3558 δέ,
3475 3494 3650 3549 rebus

208 3582 260 3638 ἐν
309 3584 635 3660 παραθέσει,
683 3583 796 3637 οἷον
853 3579 1103 3657 σωρηδὸν
1139 3600 1151 3613 ·
1203 3579 1294 3635 xui
1344 3584 1553 3649 νοητῶν
1607 3579 1702 3651 μὲν
1744 3581 1882 3647 ἡνω-

213 3672 373 3745 μένα,
415 3671 534 3726 οἷον
591 3675 755 3740 ζῶον,
788 3672 880 3725 καὶ
932 3675 1071 3745 φῶς,
1129 3669 1220 3724 xui
1278 3669 1470 3739 νοητὸς
1513 3667 1740 3741 κόσμος.
1790 3666 1880 3721 xui

229 3760 332 3815 ὅσα.
379 3765 609 3817 τοιαῢτα
644 3780 655 3792 ·
712 3757 1022 3835 διῃρημένα
1078 3757 1136 3814 δὶ
1173 3757 1260 3814 xui
1313 3757 1364 3813 ἐν
1409 3756 1721 3832 παραθέσει,
1768 3756 1879 3811 οἷον

227 3850 468 3924 στρατιὰ,
497 3850 675 3921 τάξις,
705 3849 929 3923 πατριὰ,
979 3849 1151 3924 χορός
1184 3870 1196 3882 ·
1244 3847 1332 3902 ἐπὶ
1365 3845 1422 3902 δὶ
1451 3847 1720 3917 αἰσθητῶν
1747 3843 1883 3901 ἕνω-

223 3959 325 4006 σις,
359 3943 524 4010 ζῶον,
580 3935 828 4013 δένδρον,
872 3937 1081 4011 κόσμος
1114 3957 1126 3969 ·
1183 3935 1444 4013 διαίρεσις
1488 3934 1565 4006 δὲ,
1609 3935 1744 3990 κατὰ
1776 3957 1880 3989 σω-

213 4027 386 4103 ρείαν,
419 4027 660 4100 ποίμνη,
695 4025 899 4101 δῆμος,
931 4027 1130 4101 σωρὸς,
1166 4026 1356 4102 χορός.

1994 3585 2190 3637 autem
2223 3586 2280 3636 et
2309 3584 2521 3649 νοητῶν
2556 3581 3053 3653 intelligibilibus,
3079 3599 3142 3636 ac
3174 3581 3352 3637 etiam
3376 3579 3651 3651 αἰσθητῶν

1993 3669 2314 3725 sensilibus
2361 3672 2471 3725 sub
2530 3671 2733 3726 eodem
2785 3671 3022 3726 nomine
3047 3671 3510 3742 comprehensis,
3535 3673 3652 3727 alia

1993 3763 2132 3815 sunt
2165 3759 2330 3814 unita
2360 3764 2415 3815 et
2445 3778 2478 3815 a
2509 3777 2572 3815 se
2605 3767 2814 3815 mutuo
2845 3759 3380 3831 dependentia,alia
3401 3778 3532 3816 vero
3555 3762 3648 3816 di-

1991 3847 2118 3904 visa
2151 3855 2206 3904 et
2237 3850 2507 3921 apposita
2520 3849 2699 3904 veluti
2719 3849 3032 3904 acervatim
3059 3866 3071 3904 :
3097 3867 3163 3904 ac
3184 3849 3645 3922 intelligibilium

1993 3941 2206 4007 νοητῶν
2237 3939 2475 4008 quidem
2514 3938 2701 4005 unita,
2737 3943 2801 3994 ut
2831 3938 3068 4006 animal,
3103 3943 3160 3994 et
3217 3937 3438 4009 lumen,
3469 3944 3647 4011 atque

1994 4027 2386 4100 intelligibilis
2418 4029 2700 4097 mundus,
2730 4033 2788 4084 et
2845 4045 2972 4100 quze
3003 4027 3221 4084 similia
3253 4049 3267 4096 ;
3302 4028 3489 4084 divisa
3511 4046 3644 4085 vero

208 4124 268 4174 et
300 4118 600 4191 apposita,
632 4118 793 4173 velut
822 4118 1134 4188 exercitus,
1168 4119 1334 4188 ordo,
1367 4116 1609 4187 familia,
1642 4115 1893 4171 chorus:
1927 4114 1987 4171 in
2021 4116 2340 4173 sensilibus
2371 4121 2566 4173 autem
2604 4117 2810 4184 unitio,
2861 4117 3104 4186 animal,
3136 4118 3329 4183 arbor,
3363 4118 3645 4185 mundus,

207 4208 433 4264 divisio
469 4224 628 4276 vero,
653 4223 758 4280 per
788 4207 1311 4272 coacervationem,
1342 4223 1504 4278 grex,
1538 4204 1814 4277 populus,
1843 4221 2105 4278 acervus,
2129 4207 2363 4263 chorus.

279 4297 376 4353 Ἐν
407 4299 490 4368 τῷ
531 4294 664 4372 Περὶ
725 4295 833 4350 νῶν
883 4293 1212 4370 ἀγγελικῶν.
1265 4290 1406 4350 Ἰδοὺ
1467 4291 1610 4349 ἄλλο
1663 4293 1885 4365 πόνημα

208 4385 505 4440 Διονυσίου
567 4388 832 4454 ζητεῖται,
883 4382 1015 4460 Περὶ
1071 4387 1180 4438 τῶν
1235 4379 1543 4458 ἆγγελικῶν
1592 4379 1882 4452 ἱδιοτήτων

208 4473 304 4528 καὶ
337 4473 568 4544 τάξεων.

287 4563 363 4620 Αἱ
469 4559 926 4638 ἀγγελοπρεπεῖς.
1037 4559 1495 4637 Ἀγγελοπρεπεῖς

1603 4559 1886 4636 καθάρσεις

2066 4297 2124 4352 In
2160 4297 2304 4351 libro
2336 4297 2415 4352 De
2444 4295 2760 4368 Angelicis.
2794 4295 2936 4352 Ecce
2993 4295 3149 4351 aliud
3185 4312 3332 4367 opus
3369 4296 3654 4368 Dionysii,

1994 4387 2068 4442 De
2100 4385 2371 4458 angelicis
2404 4385 2833 4458 proprietatibus
2880 4393 2931 4440 et
2979 4385 3288 4455 ordinibus,
3351 4386 3651 4442 desidera-

1996 4480 2114 4530 tur.

2066 4563 2362 4636 Angelicaz,

2449 4563 2548 4619 Gr.
2634 4559 3086 4637 ἀγγελοπρεπεῖς.
3169 4558 3646 4638 Ἀγγελοπρεπεῖς,

211 4650 404 4730 φησὶν,
453 4653 570 4706 οἷον
619 4652 719 4720 τήν
772 4649 998 4708 Ἡσαΐου
1051 4651 1141 4705 καὶ
1190 4651 1289 4718 τήν
1321 4647 1585 4721 Ἰεζεκιήλ
1619 4671 1885 4726 φαγοντος

2004 4653 2208 4723 angelis
2238 4652 2638 4720 convenientes,
2673 4651 3034 4724 expiationes
3064 4650 3226 4716 dicit,
3273 4651 3428 4707 sicut
3483 4652 3645 4708 illam

211 4739 266 4797 ἰν
293 4740 544 4797 ἰκστάσει
578 4741 673 4810 τὴν
697 4738 965 4816 κεφαλίδα
988 4743 1084 4794 τοῦ
1110 4734 1350 4816 βιϐλίου.
1376 4738 1792 4816 Τελεσιουργίαν
1828 4738 1884 4794 δὲ

212 4828 468 4905 ἀγγέλων
500 4827 670 4904 λέγει,
705 4829 779 4892 ὡς
833 4829 923 4884 ἐπὶ
966 4833 1062 4884 τοῦ
1117 4829 1348 4900 Δανιὴλ,
1391 4829 1481 4883 καὶ
1521 4833 1617 4883 τοῦ
1650 4828 1880 4905 ἀγγέλου

210 4924 311 4974 τοῦ
369 4919 806 4994 ἓρμηνεύσαντος
847 4919 1000 4988 αὐτὸ,
1048 4919 1137 4973 καὶ
1190 4919 1314 4994 περὶ
1361 4923 1457 4974 τοῦ
1496 4919 1756 4992 ποιμένος
1787 4919 1877 4973 τὸν

209 5006 420 5081 Ἑρμᾶν
452 5007 870 5077 τελειώσαντος,
919 5010 995 5071 ὡς
1043 5006 1154 5063 ἐκεῖ
1201 5007 1513 5084 ἀνέγνωμεν
1546 5007 1597 5062 ἐν
1637 5013 1716 5080 τῷ
1749 5014 1879 5063 Ποι-

214 5099 339 5170 μένι
374 5116 388 5129 ⁸
441 5097 592 5153 ἀλλᾶ
637 5099 728 5153 xui
779 5097 934 5153 αὐτοὶ
984 5099 1036 5152 οἱ
1086 5095 1310 5173 ἄγγελοι
1362 5102 1480 5162 πῶς
1527 5097 1876 5172 καθαίρονται

202 5186 298 5241 xui
358 5185 872 5264 τελεσιουργοῦνταί
930 5206 1093 5265 φησιν
1166 5184 1220 5242 ἐν
1290 5191 1371 5259 τῷ
1432 5186 1563 5261 Ηερὶ
1628 5187 1880 5260 οὐρανίας

204 5275 496 5352 ἱεραρχίας
533 5273 712 5351 λόγῳ.

285 5365 386 5419 Καὶ
444 5365 580 5420 εἷται
642 5362 926 5441 ἀγγέλους.
1010 5363 1108 5419 Διὰ
1178 5363 1230 5420 τί
1288 5362 1514 5442 ἄγγελοι
1575 5364 1873 5442 λέγονται·

204 5454 300 5508 xui
334 5450 418 5522 δτι
449 5453 541 5508 xui
571 5453 731 5510 αὐτοὶ
762 5456 938 5531 φῶτα.

1995 4743 2155 4800 Isaiae
2188 4749 2245 4798 et
2274 4741 2592 4798 Ezechielis
2624 4739 2960 4797 devorantis
3012 4740 3070 4794 in
3131 4755 3374 4796 excessu
3428 4743 3645 4798 mentis

1994 4836 2170 4904 caput
2201 4831 2356 4886 libri.
2390 4835 2571 4886 Porro
2602 4829 2973 4902 perfectionis
3001 4828 3374 4885 efﬁcientiam
3407 4830 3643 4902 angelo-

1991 4939 2122 4977 rum
2155 4927 2340 4990 vocat,
2375 4921 2527 4976 sicut
2560 4919 2619 4974 in
2654 4918 2972 4988 Daniele,et
3003 4918 3208 4990 angelo
3233 4919 3430 4990 ipsum
3456 4920 3634 4975 inter-

1990 5015 2279 5084 pretante,
2315 5016 2490 5081 atque
2543 5010 2604 5064 in
2664 5013 2897 5081 pastore
2954 5007 3230 5064 Hermam
3282 5008 3643 5080 perﬁciente,

1989 5102 2146 5156 sicut
2178 5100 2258 5155 ibi
2293 5098 2546 5171 legimus
2595 5098 2654 5153 in
2687 5097 2838 5152 libro
2869 5098 2969 5170 qui
2998 5102 3245 5152 vocatur
3277 5099 3472 5154 Pastor
3493 5117 3511 5152 :
3542 5115 3644 5154 ve-

1990 5206 2121 5245 rum
2153 5193 2209 5244 et
2236 5189 2531 5261 quomodo
2558 5187 2671 5258 ipsi
2701 5186 2894 5257 angeli
2917 5188 3221 5257 expientur
3255 5191 3312 5242 et
3340 5187 3645 5258 perﬁcian-

1987 5283 2106 5349 tur,
2142 5277 2286 5334 dicit
2317 5278 2375 5333 in
2402 5277 2551 5332 libro
2585 5277 2656 5331 De
2688 5275 2898 5331 ctelesti
2927 5274 3267 5332 hierarchia.

2059 5368 2292 5440 Sintque
2312 5366 2518 5438 angeli.
2551 5366 2667 5422 Cur
2696 5363 2887 5438 angeli
2934 5364 3226 5435 dicantur,
3269 5382 3486 5439 eosque
3517 5382 3647 5425 esse

1990 5457 2235 5514 lumina.

1230 5626 1472 5685 VARIJE
1503 5628 1899 5687 LECTIONES
1940 5631 2033 5687 ET
2061 5627 2621 5688 CORRECTIONES.

287 5754 337 5790 ’⁸
365 5749 804 5830 ἐπαναστρέφων.
879 5753 924 5790 ³⁷
955 5749 1290 5829 ὖποχωρῶν.
1367 5754 1411 5791 ³³
1437 5755 1538 5824 τὴν
1571 5755 1673 5812 οὐκ
1703 5753 2024 5814 ἀπόστατον.
