4034 6388
366 371 478 426 243

1197 370 1566 424 APPENDIX
1607 370 1703 422 ΔΙ)
1740 367 1981 422 OPERA
2016 368 2076 421 Β.
2116 365 2432 422 DIONYSII
2468 368 2968 426 AREOPAGITB.

3691 366 3802 423 244

437 497 676 553 Animae.
710 497 857 550 Nota
888 491 1220 548 animarum
1253 493 1483 564 aliquas
1526 509 1653 547 esse
1689 495 1821 562 post
1850 507 2031 563 ange-

2216 491 2288 544 Αἱ
2345 490 2538 564 ψυχαί.
2595 492 2931 564 Συμείωσαι,
2983 489 3067 546 ὅτι
3118 493 3172 546 αἱ
3221 489 3395 569 ψυχαί
3445 489 3612 547 ἄλλαι
3667 493 3806 565 μετά

368 587 456 642 los
488 585 630 657 ipsis
660 583 969 639 inferiores
997 599 1009 636 :
1039 587 1215 653 atque
1260 580 1626 637 immortales
1659 598 1808 649 esse,
1844 586 1909 635 ut
1937 597 2026 635 es-

370 674 648 732 sentiales
677 677 808 728 vitae
839 676 1046 728 creatas
1073 689 1085 727 :
1123 672 1470 744 animasque
1501 672 1572 726 ab
1608 670 1835 742 angelis
1867 669 2032 724 insti-

369 765 479 832 tui,
512 781 635 835 quaa
670 764 741 819 ad
774 763 956 818 vitam
989 761 1313 833 angelicam
1347 765 1496 832 apta:
1525 765 1665 816 sunt
1698 776 1710 814 :
1746 761 1830 815 sic
1853 759 2029 814 etiam

371 855 432 910 in
467 859 696 910 Pastore
725 851 999 924 legimus.

363 1055 378 1064 -
445 1034 737 1089 Summum
771 1033 987 1087 bonum.
1035 1030 1442 1085 Animadverte
1468 1031 1770 1101 justorum
1803 1029 2034 1084 animas

375 1124 448 1180 ad
477 1122 742 1178 omnium
761 1122 1046 1176 bonorum
1069 1123 1364 1173 auctorem
1382 1119 1701 1173 bonitatem
1727 1134 1829 1172 seu
1848 1123 2033 1172 Deum

376 1212 611 1282 elevari,
645 1214 821 1281 atque
854 1209 1322 1264 illustrationum
1364 1208 1491 1278 ejus
1527 1210 1843 1279 participes
1873 1206 2034 1262 eil‘ec-

376 1308 470 1358 tas
509 1318 644 1357 cum
674 1299 944 1354 libertate
976 1315 1080 1370 pro
1120 1297 1254 1353 aliis
1286 1313 1472 1353 orare.

451 1485 513 1536 In
547 1482 790 1536 tractatu
823 1477 904 1534 De
930 1476 1150 1532 anima.
1199 1476 1576 1533 Desideratur
1621 1473 1770 1531 liber
1806 1476 1879 1530 De
1908 1474 2038 1529 ani-

384 1587 497 1626 ma.

452 1658 757 1715 Animabus
793 1655 1009 1712 ratione
1064 1654 1398 1710 carentibus.
1453 1654 1719 1710 Rationis
1776 1657 2041 1725 expertes

384 1750 616 1805 animas
648 1746 735 1801 vel
797 1745 1077 1802 animalia
1126 1743 1490 1798 irrationalia
1533 1744 1764 1799 sensites
1813 1743 2042 1799 animas

2138 578 2264 639 τοὺς
2317 579 2577 654 ἀγγὲλους
2637 579 2769 635 εἷ’σὶν
2832 575 3230 651 ὑποϐεϐηκυῖαι
3289 579 3504 636 αὐτῶνθ
3563 579 3656 636 καὶ
3716 580 3804 638 ὅτι

2141 667 2397 724 ἀθάνατοί
2460 669 2614 738 εἷ’σιν,
2674 672 2765 724 ἅτε
2810 675 3108 734 κτισθεῖσαι
3156 668 3441 734 οὖσιώδεις
3493 669 3670 740 ζωαί·
3708 671 3801 725 καὶ

2140 757 2222 812 ὅτι
2280 755 2368 812 διὰ
2415 763 2522 813 τῶν
2584 758 2828 836 ἅγγέλων
2877 760 2931 813 αἱ
2981 759 3156 834 ψυχαὶ
3202 765 3694 836 χειραγωγοῦνται,
3749 760 3804 814 αἱ

2143 847 2287 916 ζωὴν
2322 847 2619 922 ἀγγελικὴν
2669 846 3087 920 ἐπιτηδεύουσαι
3121 867 3133 880 ⁸
3169 848 3313 903 οὕτω
3353 848 3441 904 καὶ
3475 847 3524 904 ἐν
3555 854 3638 921 τῷ
3670 855 3803 904 Ποι-

2146 935 2259 1007 μὲνι
2293 935 2622 1012 ἀνᾶγνωμεν.

2211 1024 2604 1101 Ἀγαθαρχίαν.
2663 1025 2981 1099 Σημείωσαι
3042 1027 3126 1082 ὅτι
3176 1026 3264 1082 ἐπὶ
3317 1027 3417 1096 τήν
3448 1027 3661 1082 πάντων
3691 1032 3810 1083 τῶν

2143 1111 2357 1188 ἀγαθῶν
2400 1113 2740 1190 ἀγαθαρχίαν
2790 1115 3085 1190 ἀνάγονται
3141 1117 3198 1170 αἱ
3256 1121 3362 1170 τῶν
3425 1114 3651 1172 δικαίων
3701 1120 3814 1190 ψυ-

2145 1203 2267 1277 χαὶ,
2312 1201 2479 1278 ἤγουν
2526 1203 2614 1258 ἐπὶ
2664 1205 2755 1259 τὸν
2802 1206 2930 1260 Θεόν
2968 1225 2980 1238 ·
3025 1206 3113 1260 καὶ
3159 1204 3210 1261 ἐν
3257 1205 3517 1280 μετουσίᾳ
3562 1211 3671 1261 τῶν
3717 1205 3821 1261 ἐλ-

2148 1291 2409 1366 λάμψεων
2489 1294 2656 1348 αὐτοῦ
2742 1289 3049 1369 γινόμεναι,
3138 1295 3628 1371 παῤῥησιασμὲνως
3675 1315 3818 1370 πρε-

2146 1376 2419 1439 σϐεύουσι.

2221 1471 2306 1524 Ἐν
2333 1475 2449 1532 τοῖς
2484 1472 2613 1547 Περὶ
2644 1473 2853 1547 ψυχῆς.
2891 1477 3142 1544 Ζητεῖται
3170 1474 3232 1529 τὸ
3266 1475 3394 1549 Περὶ
3426 1476 3634 1549 ψυχῆς.

2221 1647 2476 1724 Ἃλόγων
2523 1651 2742 1724 ψυχῶν.
2819 1646 3064 1726 Ἀλόγων
3138 1654 3333 1727 ψυχῶν
3407 1651 3499 1706 καὶ
3558 1648 3819 1721 αῗσθητι-

2150 1738 2260 1792 κῶν
2295 1741 2341 1774 "
2371 1759 2502 1812 φησι
2537 1757 2549 1768 ·
2584 1739 2674 1792 καὶ
2707 1739 3013 1813 σημείωσαι
3044 1739 3128 1795 ὅτι
3159 1738 3302 1796 ἄλλο
3335 1741 3514 1816 ψυχὴ,
3545 1741 3633 1795 καὶ
3668 1737 3820 1797 ἄλλο

383 1838 558 1907 dicit;
579 1836 827 1890 observa
845 1835 1024 1888 etiam
1049 1832 1204 1888 aliud
1229 1848 1358 1888 esse
1379 1832 1826 1898 animam,aliud
1843 1833 2041 1887 vitam.
2075 1869 2121 1932 Β
2155 1829 2292 1932 ζωαί.

457 1928 586 1994 Quae
617 1923 907 1996 amphibia
963 1925 1110 1978 sunt.
1172 1927 1248 1977 Ea
1308 1921 1587 1977 animalia
1628 1939 1755 1992 quas
1799 1925 2047 1992 serpunt

383 2015 526 2071 dicit
557 2012 881 2085 amphibia,
916 2017 982 2066 ut
1012 2016 1155 2066 sunt
1201 2029 1352 2065 ranaa
1388 2017 1444 2066 et
1499 2013 1692 2067 cancri
1725 2029 1736 2078 ;
1772 2011 2047 2066 subfossa

383 2120 517 2160 vero
550 2108 689 2159 sunt
717 2101 887 2172 talpa
932 2105 990 2155 et
1049 2118 1177 2171 quae
1212 2099 1454 2156 similia.
1513 2100 1660 2155 Nota
1705 2117 1838 2156 vero
1893 2099 2044 2154 127

387 2193 722 2248 animarum
743 2189 969 2260 aliquas
983 2206 1112 2245 esse
1129 2193 1260 2260 post
1274 2189 1514 2260 angelos
1536 2190 1681 2262 ipsis
1702 2189 2005 2244 inferiores
2031 2203 2044 2244 :

389 2286 568 2352 atque
600 2279 960 2336 immortales
992 2294 1122 2333 esse
1152 2283 1216 2333 ut
1246 2278 1596 2334 essentiales
1627 2278 1754 2333 vitae
1804 2283 2006 2333 creatae
2032 2292 2046 2330 :

387 2375 444 2426 et
470 2371 701 2426 animas
734 2369 806 2423 ab
839 2367 1067 2439 angelis
1092 2367 1348 2435 institui,
1375 2384 1500 2438 quae
1532 2368 1600 2422 ad
1633 2366 1808 2421 vitam
1835 2365 2052 2438 angeli-

388 2476 519 2514 cam
550 2458 770 2513 idoneae
805 2461 964 2524 sunt,
999 2456 1153 2511 sicut
1173 2456 1350 2510 etiam
1387 2455 1663 2527 superius
1699 2455 1920 2510 dictum
1939 2459 2049 2510 est.

463 2635 539 2690 Ab
572 2634 690 2706 ipso
721 2633 977 2689 habitum
1005 2633 1464 2690 substantialem.
1488 2637 1673 2690 Antea
1703 2634 1878 2690 etiam
1913 2635 2056 2691 dixi-

393 2741 554 2791 mus,
587 2723 856 2779 habitum
890 2739 1020 2778 esse
1050 2723 1397 2794 qualitatem
1432 2723 1813 2779 inhaerentem
1844 2743 1856 2793 ;
1883 2730 2051 2797 quot-

393 2817 536 2885 quot
567 2813 746 2885 igitur
774 2813 892 2866 vita
926 2818 983 2867 et
1011 2813 1211 2866 anima
1243 2818 1460 2879 carent,
1483 2813 1567 2868 sic
1597 2831 1629 2867 a
1661 2813 1763 2869 Dei
1795 2815 2053 2870 bonitate

391 2903 676 2976 producta
705 2907 866 2972 sunt,
929 2901 1314 2973 qualitatibus
1364 2902 1784 2958 inhaerentibus
1829 2904 2051 2972 affecta,

390 2992 567 3048 veluti
600 2991 832 3063 lapides
864 2992 1100 3058 diversi,
1152 2993 1275 3062 [sed
1310 2997 1366 3046 et
1409 2993 1601 3047 herbae
1633 2998 1690 3047 et
1721 2993 1969 3064 radices]
2000 2997 2057 3048 et

389 3085 566 3145 terra,
621 3085 800 3152 atque
859 3080 1168 3136 mineralia
1222 3080 1506 3152 qualitate
1537 3081 1671 3135 utili
1699 3081 1961 3152 praedita,
1989 3099 2056 3139 ac

392 3170 591 3226 omnia
605 3186 730 3240 quas
747 3169 1410 3241 medicinaamostrteque
1433 3169 1673 3224 utilitati
1691 3170 2048 3226 deserviunt.

2227 1911 2532 1993 Ἀμφιϐίως
2598 1918 2863 1993 λαχόντα.
2923 1918 2998 1974 Τὰ
3073 1920 3273 1996 ἑρπετὰ
3334 1918 3480 1996 λέγει
3539 1915 3827 1998 ἀμφιϐίως

2158 2006 2400 2081 λαχόντα
2433 2027 2445 2038 ο
2480 2007 2554 2069 ὡς
2592 2005 2884 2084 βάτραχοι,
2948 2005 3247 2070 ὀκτάποδες
3277 2011 3321 2046 ³ο
3356 2027 3368 2040 ·
3424 2008 3827 2086 ἐγκεχωσμῶθα

2158 2093 2236 2167 δὶ,
2269 2097 2342 2158 ὡς
2393 2095 2701 2159 ἀσπάλακες
2753 2097 2842 2151 καὶ
2895 2096 2994 2152 ὅσα
3041 2102 3268 2152 τοιαῦτα
3305 2119 3316 2131 ·
3377 2099 3688 2172 σημείωσαι
3741 2097 3828 2168 δὶ,

2158 2187 2240 2240 δτι
2272 2187 2327 2240 αἱ
2357 2186 2528 2260 ψυχαὶ
2579 2184 2743 2241 eum
2790 2186 2892 2241 εἶσὶ
2945 2186 3080 2259 μετά
3125 2187 3252 2250 τοὺς
3311 2185 3579 2263 ἀγγέλους
3621 2185 3828 2244 67:066-

2159 2269 2380 2343 6ηκυῖαι
2412 2274 2586 2328 αὐτῶν
2625 2294 2635 2305 ·
2686 2275 2775 2328 καὶ
2827 2273 2910 2328 ὅτι
2959 2273 3218 2330 ἀθάνατοί
3265 2273 3424 2344 εἶσιν,
3467 2277 3558 2331 ἅτε
3591 2279 3833 2333 κτισθεῖ-

2161 2384 2246 2417 σαι
2297 2360 2576 2424 οὐσιῶδεις
2623 2362 2803 2432 ζωαί·
2849 2363 2937 2417 καὶ
2998 2363 3080 2418 ὅτι
3143 2361 3233 2418 διὰ
3287 2368 3394 2419 τῶν
3457 2365 3708 2440 ἀγγέλων
3769 2368 3830 2421 αἱ

2160 2454 2333 2526 ψυχαὶ
2396 2457 2881 2528 χειραγωγοῦνται,
2954 2454 3008 2507 αἱ
3065 2458 3210 2522 ζωὴν
3268 2452 3568 2531 ἀγγελικὴν
3629 2455 3829 2527 ἐπιτη-

2163 2540 2431 2611 δεύουσαι,
2463 2543 2601 2604 καθά
2619 2541 2710 2595 καὶ
2741 2541 2995 2616 ἀνωνὲρω
3027 2539 3304 2599 λῖλεκται.

2234 2631 2313 2684 Δι’
2341 2629 2471 2684 αὐτὸ
2499 2637 2602 2699 τῆς
2659 2628 2962 2692 οὐσιώδους
2998 2629 3184 2702 ἕξεως.
3233 2633 3332 2687 Καὶ
3375 2629 3486 2703 ἤδη
3519 2634 3563 2671 ³1
3598 2630 3713 2688 ἄνω
3746 2631 3830 2688 εἷ’-

2162 2741 2356 2793 πομεν,
2390 2718 2471 2774 ὅτι
2503 2717 2609 2790 ἕξις
2637 2718 2748 2774 ἐστὶ
2792 2720 3023 2790 ποιότης
3068 2715 3312 2794 ἔμμονος
3347 2740 3360 2753 ⁸
3415 2720 3515 2776 ὅσα
3547 2719 3639 2776 οῦν
3677 2722 3828 2778 ἐστιν

2164 2811 2312 2878 ἅζωα
2340 2809 2429 2862 καὶ
2452 2809 2657 2883 ἄψυχα,
2712 2806 2802 2863 διὰ
2845 2811 2946 2878 τὴν
2996 2808 3309 2883 ἀγαθότητα
3352 2815 3448 2865 τοῦ
3498 2815 3634 2866 Θεοῦ
3679 2813 3828 2867 οὕτω

2163 2899 2449 2972 παρήχθη,
2495 2897 2849 2971 πεποιωμὲνα
2895 2900 3142 2966 ἑκτικῶς,
3196 2898 3309 2954 οἷον
3359 2898 3504 2955 λίθοι
3539 2898 3825 2979 διάφοροι,

2170 2986 2336 3062 [ἀλλὰ
2366 2987 2453 3040 καὶ
2490 2985 2710 3061 βοτάναι
2741 2991 2830 3042 καί
2878 2987 3068 3062 ῥίζαι,]
3119 2987 3208 3042 καὶ
3257 2995 3352 3062 γῆ,
3401 2990 3488 3044 καὶ
3523 2989 3590 3044 τά
3623 2989 3832 3061 μεταλ-

2167 3073 2295 3129 λικά
2329 3073 2450 3149 περί
2498 3095 2551 3127 τι
2601 3075 2880 3148 χρήσιμον
2931 3076 3257 3144 ποιωθὲντει,
3302 3076 3392 3130 καὶ
3439 3075 3536 3131 ὅσα
3561 3079 3687 3152 περὶ
3717 3079 3823 3146 τήν

2166 3163 2414 3236 ἰατρικὴν
2448 3162 2536 3217 καὶ
2567 3165 2664 3232 τήν
2698 3165 2858 3234 ἡμῶν
2893 3169 3092 3237 χρῆσιν
3129 3182 3142 3196 ⁹
3175 3169 3341 3219 ταῦτα
3373 3163 3465 3220 οὖν
3501 3167 3603 3220 οὐκ
3623 3160 3826 3235 ἔξωθεν

394 3258 524 3315 Haec
547 3231 732 3330 igitur
765 3275 876 3313 non
931 3231 1150 3313 habent
1198 3231 1563 3313 extrinsecus
1621 3258 1909 3327 habitum,
1945 3261 2043 3315 sed

2174 3231 2264 3320 τὴν
2294 3248 2396 3325 ἕξιν
2431 3231 2685 3323 κτῶνται,
2723 3231 2850 3307 ἀλλ’
2976 3231 3045 3317 τῆ
3091 3251 3250 3324 οὐσίᾳ
3278 3253 3368 3308 καὶ
3400 3256 3499 3323 τήν
3531 3257 3630 3320 τῆς
3653 3231 3826 3327 ista):

394 3347 678 3403 divinitus
702 3347 761 3402 in
786 3348 1044 3402 essentia
1057 3347 1295 3402 habitus
1318 3346 1657 3418 qualitatem
1679 3355 2049 3419 acceperunt.

465 3437 618 3510 ‘éIII.
653 3437 804 3504 Quod
836 3437 889 3491 si
917 3441 1100 3493 autem
1133 3454 1300 3509 supra
1356 3451 1445 3490 res
1475 3453 1682 3491 omnes.
1739 3436 1877 3492 Vide
1908 3455 2049 3509 quo-

399 3527 573 3580 modo
607 3525 962 3596 privationes
991 3526 1050 3580 in
1088 3531 1195 3580 Deo
1253 3525 1374 3579 sint
1422 3525 1772 3581 excellentiae
1817 3528 2052 3598 positio-

402 3631 545 3669 num
579 3630 683 3669 seu
723 3613 1186 3670 afﬁrmationum
1243 3614 1587 3680 eﬁ'ectrices,
1646 3615 1800 3670 sicut
1856 3632 2051 3687 expers

399 3701 622 3774 speciei,
654 3719 847 3774 expers
877 3703 1147 3768 essentia,
1175 3718 1367 3773 expers
1397 3703 1550 3768 vitae,
1582 3718 1780 3774 expers
1809 3705 2051 3760 mentis:

399 3792 522 3847 haec
554 3792 788 3863 quidem
820 3792 1094 3848 videntur
1120 3792 1453 3863 signiﬁcare
1498 3791 1719 3863 aliquid
1751 3794 1905 3864 quod
1934 3810 2051 3849 non

397 3881 664 3948 exsistit;
694 3885 889 3936 tamen
919 3882 976 3936 in
1009 3883 1124 3937 Deo
1181 3881 1283 3952 qui
1329 3881 1900 3952 superessentialiter
1927 3898 2051 3937 om-

399 3969 564 4025 nium
589 3986 782 4025 rerum
818 3971 1124 4042 negatione
1158 3969 1330 4040 (nihil
1382 3969 1541 4025 enim
1573 3974 1663 4024 est
1693 3986 1894 4024 eorum
1923 3987 2050 4041 quae

399 4062 560 4127 sunt)
591 4058 1172 4125 exsistit,emiuenter
1196 4058 1626 4130 intelliguntur.
1660 4056 1806 4112 lllud
1833 4075 1968 4114 vero
1991 4059 2051 4115 in

398 4148 785 4218 sequentibus
816 4149 1131 4219 perfectius
1161 4148 1414 4219 exponit.

470 4238 546 4291 Et
572 4236 724 4292 illud
755 4237 958 4308 ipsum,
990 4237 1131 4308 quod
1185 4253 1297 4293 non
1351 4241 1448 4292 est.
1483 4237 1784 4300 Quomodo
1813 4237 1871 4292 id
1895 4239 2050 4309 quod

398 4343 514 4381 non
546 4327 886 4394 est,bonum
918 4326 1195 4397 appetat?
1217 4326 1262 4381 si
1300 4326 1456 4381 enim
1494 4344 1606 4382 non
1640 4326 1889 4398 exsistit,
1912 4343 2055 4398 quo-

400 4416 568 4472 modo
594 4416 816 4487 appetit
841 4419 863 4471 P
896 4415 1158 4470 Dicimus
1190 4432 1294 4486 per
1324 4415 1390 4471 id
1420 4415 1561 4487 quod
1590 4431 1699 4470 non
1727 4421 1812 4471 est
1844 4415 2054 4471 intelli-

395 4520 529 4575 gere
560 4504 806 4572 malum,
862 4504 1012 4558 sicut
1073 4504 1322 4560 inferius
1380 4505 1657 4572 ostendit,
1709 4504 1849 4576 quia
1906 4505 2050 4561 illud

395 4594 571 4649 etiam
605 4595 760 4664 quod
799 4591 1019 4648 malum
1046 4593 1284 4661 dicitur,
1319 4599 1557 4665 propter
1586 4594 1802 4648 bonum
1825 4595 1910 4650 ﬁt.

461 4684 617 4751 §IV.
650 4685 727 4737 Et
783 4682 1110 4738 cwtestium.
1169 4683 1420 4737 Causam
1484 4682 1807 4738 caelestium
1841 4684 2055 4755 princi-

393 4772 625 4844 piorum
659 4776 715 4826 et
735 4776 1130 4826 extremorum
1185 4770 1325 4825 dicit
1383 4788 1511 4825 esse
1545 4772 1866 4826 bonitatem
1908 4773 2049 4842 Dei;

394 4877 531 4915 nam
559 4861 707 4916 Deus
740 4859 862 4915 haec
886 4859 1084 4914 omnia
1112 4858 1395 4914 bonitatis
1421 4859 1785 4916 abundantia
1815 4861 2049 4916 creavit.

394 4949 692 5021 Principia
729 4964 865 5004 vero
897 4947 1156 5003 caelestia
1216 4952 1273 5002 et
1303 4955 1564 5004 extrema
1599 4949 2049 5022 intelligendum

2159 3342 2429 3410 ποιότητα
2461 3343 2639 3404 θεόθεν
2664 3335 2868 3417 ἔλαχον
2899 3343 2967 3398 ³³.

2231 3437 2382 3502 §l[I.
2433 3430 2496 3487 Ei‘
2557 3427 2613 3486 δὲ
2661 3431 2749 3485 καὶ
2802 3431 2934 3506 ὑπὲρ
2983 3431 3173 3490 πάντα.
3223 3433 3367 3509 "Ope:
3412 3436 3529 3494 πῶς
3578 3435 3635 3487 αἱ
3691 3455 3816 3489 στε-

2159 3523 2347 3595 ρήσεις
2394 3519 2482 3575 ἐπὶ
2528 3523 2660 3574 Θεοῦ
2707 3515 3007 3596 ὑπερϐολαί
3060 3520 3161 3575 εἰσι
3221 3519 3415 3576 θέσεων
3465 3519 3821 3598 δραστήριοι,

2157 3610 2248 3664 καὶ
2307 3611 2380 3670 ὡς
2438 3606 2697 3681 ἀνείδεος,
2775 3610 3049 3676 ἀνούσιος,
3128 3607 3328 3681 ἄζωος,
3388 3613 3547 3673 ἄνους
3587 3631 3599 3644 ⁸
3645 3617 3824 3668 ταῦτα

2161 3701 2264 3776 γὰρ
2293 3697 2495 3754 ἔννοιαν
2530 3697 2729 3776 ἔχοντα
2757 3706 2852 3756 τοῦ
2889 3703 2962 3774 μὴ
2997 3697 3177 3772 ὄντος,
3211 3703 3366 3775 ὅμως
3399 3701 3450 3756 ἐν
3482 3707 3560 3775 τῷ
3591 3703 3712 3776 Θεῷ
3737 3707 3824 3776 τῷ

2163 3788 2495 3863 ὑπερουσίως
2527 3785 2639 3844 ὄντι
2684 3791 2820 3844 κατά
2859 3791 2960 3859 τήν
3012 3791 3290 3866 ἀφαίρεσιν
3345 3792 3594 3846 ἀπάντων
3638 3789 3823 3866 (οὖδὶν

2161 3878 2262 3952 γάρ
2322 3877 2432 3932 ἐστι
2481 3883 2587 3932 τῶν
2638 3873 2831 3952 ὅντων)
2901 3878 3249 3956 ὑπεροχικῶς
3309 3883 3602 3936 νοοῦνται·
3659 3878 3711 3934 ἐν
3766 3879 3827 3935 δὶ

2159 3971 2275 4029 τοῖς
2309 3967 2431 4040 ἑξῆς
2460 3966 2797 4042 τελειότερον
2827 3966 2957 4022 αὐτὸ
2991 3967 3294 4043 σαφηνίζει.

2234 4234 2336 4291 Καὶ
2385 4235 2514 4290 αὐτὸ
2561 4235 2623 4289 τὸ
2686 4237 2761 4307 μὴ
2820 4231 2903 4291 όν.
2955 4238 3078 4297 Πῶς
3129 4237 3192 4290 τὸ
3247 4236 3324 4306 μὴ
3367 4231 3423 4290 ὅν
3471 4234 3678 4314 ἐφίεται
3723 4239 3825 4290 τοῦ

2161 4323 2368 4399 ἀγαθοῦ
2399 4343 2412 4393 ;
2445 4323 2489 4378 εἰ
2519 4323 2619 4400 γὰρ
2643 4325 2744 4398 Ιμὴ
2797 4320 2938 4378 ἔστιν
2990 4323 3141 4395 αὐτὸ,
3193 4325 3310 4386 πῶς
3343 4323 3546 4402 ἰφίιται
3583 4351 3598 4392 ς
3657 4324 3824 4399 Λὲγο-

2164 4434 2284 4485 μεν,
2317 4412 2491 4467 ὅτιτὸ
2540 4414 2614 4485 μὴ
2663 4407 2719 4466 όν
2767 4412 2985 4483 ἐνόησεν
3034 4414 3172 4467 εἶναι
3221 4413 3282 4468 τὸ
3335 4413 3520 4483 κακὸν,
3563 4413 3640 4475 ὡς
3671 4413 3824 4467 κάτω

2161 4499 2542 4556 ἀποδεικνύει·
2601 4500 2682 4556 ὅτι
2731 4501 2820 4556 καὶ
2861 4500 2990 4555 αὐτὸ
3046 4501 3108 4556 τὸ
3163 4497 3460 4577 λεγόμενον
3517 4501 3682 4556 κακὸν
3725 4505 3824 4555 τοῦ

2088 4603 2133 4666 D
2162 4591 2367 4666 ἀγαθοῦ
2396 4587 2547 4645 ἕνεκα
2573 4591 2794 4665 γίνεται.

2235 4681 2382 4748 διν.
2431 4680 2525 4734 Καὶ
2569 4683 2675 4733 τῶν
2723 4677 3005 4752 οὐρανίων.
3057 4679 3126 4734 Τὸ
3180 4678 3354 4735 αἴτιον
3393 4683 3502 4734 τῶν
3553 4679 3822 4752 οὐρανίων

2167 4769 2356 4845 ἀρχῶν
2410 4769 2498 4823 καὶ
2561 4770 3025 4842 ὑποπερατώσεών
3078 4790 3241 4847 φησιν
3290 4771 3427 4824 εἷναι
3478 4770 3578 4838 τὴν
3620 4769 3825 4844 ἀγαθό-

2163 4879 2302 4928 τητα
2331 4862 2430 4914 τοῦ
2477 4862 2611 4913 Θεοῦ
2647 4879 2658 4892 ·
2707 4857 2795 4913 καὶ
2830 4862 2999 4912 ταῦτα
3039 4858 3139 4934 γὰρ
3173 4856 3242 4912 δι’
3284 4857 3620 4934 ἀγαθότητος
3653 4858 3826 4933 ὑπὲρ·

2163 4942 2338 5014 ϐολήν
2400 4949 2712 5024 παρήγαγεν
2765 4948 2792 5001 ὁ
2855 4947 3026 5009 Θεός·
3080 4947 3254 5022 ἀρχὰς
3313 4943 3372 5002 δὲ
3419 4947 3676 5024 οὐρανίας
3730 4948 3825 5002 καὶ

1392 5113 1632 5169 VARI/E
1673 5112 2072 5170 LECTIONES
2113 5114 2203 5168 ET
2244 5112 2802 5170 CORRECTIONES.

463 5254 508 5290 ²⁹
533 5246 748 5328 ἀλόγων

843 5254 994 5342 υχςξιν
1119 5254 1270 5342 ζῴων
1318 5253 1785 5342 ἀλόγωνηψυχῶν
1835 5255 2190 5342 αξσίξητικῶγ.

2296 5257 2360 5330 3°“
2387 5251 2707 5330 ὀκτάποδες,
2766 5258 2958 5312 cancri
3005 5257 3325 5330 ﬂuviatiles.
3347 5255 3591 5330 h’td’Eni
3623 5258 3729 5330 γῆν
3759 5254 3823 5330 δὲ

391 5322 712 5406 ἰκτεταμένια
743 5322 1073 5406 robe-beet:
1127 5326 1402 5406 λέγει-καὶ
1436 5322 1749 5406 ’σκώλίηκᾶς
1801 5327 1890 5381 καὶ
1946 5322 2066 5406 Soet,
2116 5322 2482 5406 &n98a_6vra,
2528 5325 2918 5406 siluem'ov'tatt.
2983 5322 3399 5406 Σημείωσαιὲὲ
3431 5326 3514 5406 ὅτι
3549 5322 3818 5406 διαιρῇ-ἀν

390 5395 628 5472 ποιεῖται
663 5399 848 5472 ψυχῆς
878 5395 1303 5472 καῖζωῆςνκαὶ
1355 5399 1436 5472 ὅτι
1494 5401 1593 5468 τὴν
1635 5395 1843 5472 ’ἄλογον
1887 5400 2072 5472 ψυχὴν
2121 5399 2213 5472 καὶ
2261 5397 2580 5472 αἰσθητικήν
2637 5398 2914 5470 ὀνομάζει,
2957 5395 3274 5470 Σημξείωσαι
3313 5395 3390 5472 δὲ,
3441 5399 3523 5454 ὅτι
3550 5395 3817 5456 καὶάλλο

395 5467 684 5540 σύνταγμα
710 5467 836 5543 Περὶ
868 5470 1054 5543 ψυχῆς
1115 5471 1253 5545 ἁγίῳ
1308 5470 1489 5545 τούτῳ
1547 5475 1627 5541 τῷ
1679 5467 2043 5545 Διόνυσίῲ’ἷιτε

2174 5491 2316 5541 ηται.
2365 5467 2464 5524 Καὶ
2511 5468 2619 5539 ἤδη
2675 5467 2805 5545 bivia.
2866 5477 2973 5528 etc.
3026 5467 3200 5529 ‘Humi
3251 5467 3386 5545 vero
3417 5477 3700 5545 reptantes
3724 5491 3820 5530 vo-

389 5545 886 5617 cat‘serpentestet
927 5559 1135 5597 vermes
1163 5543 1226 5598 iet
1273 5543 1408 5608 alia,
1444 5559 1570 5617 quos
1625 5544 1858 5613 pedibus
1902 5545 2162 5617 destituta
2217 5546 2660 5617 contorqueatur.
2706 5543 2951 5617 Observa
3001 5561 3148 5614 vero,
3199 5543 3340 5615 quod
3393 5543 3693 5600 discrimen
3722 5549 3810 5617 fa-

389 5611 501 5686 ciat
531 5611 781 5686 animam
809 5613 959 5668 inter
986 5618 1036 5668 et
1067 5617 1239 5670 vitam
1259 5631 1281 5676 ;
1311 5619 1362 5669 et
1393 5611 1533 5686 quod
1555 5611 1810 5669 animam
1826 5615 2060 5672 rationis
2081 5620 2359 5686 expertem
2383 5611 2547 5686 etiam
2569 5613 2823 5686 sensilqm
2852 5611 3141 5674 nominat.
3159 5611 3296 5673 Nota
3317 5619 3502 5672 autem
3529 5625 3584 5672 et
3605 5611 3813 5674 librum

393 5683 550 5738 aliud
581 5685 654 5741 De
683 5685 873 5740 anima
901 5689 971 5741 ab
1005 5687 1105 5742 hoc
1134 5688 1188 5742 S.
1224 5679 1485 5758 Dionysio
1516 5686 1878 5756 compositum
1901 5687 2043 5760 fuit:

2175 5689 2196 5720 ⁸⁸
2226 5684 2405 5749 θεόθεν
2437 5685 2634 5756 ταύτην
2671 5679 2928 5742 λαϐόντα.
