4034 6384
257 389 372 445 245

1035 395 1093 447 8.
1135 395 1406 450 MAXIMI
1443 395 1746 452 SCHOLIA
1788 398 1862 450 IN
1900 398 2034 451 LIB.
2075 400 2170 452 DE
2209 397 2482 450 DIVINIS
2519 395 2931 449 NOMINIBUS.

3585 395 3697 451 246

261 509 712 586 ὖποπερατώσεις
758 511 806 548 ⁸³
850 510 1074 582 νοητέον
1123 515 1224 583 τὴν
1270 513 1345 576 ὡς
1394 514 1454 570 ἐκ
1515 515 1749 588 σημείου
1800 515 1924 585 ἢτοι

2056 534 2324 589 "unquam
2357 535 2426 574 ex
2470 519 2687 588 puncto
2718 533 2822 573 seu
2872 518 3072 572 centro
3099 514 3420 572 voluntatis
3452 515 3574 585 Dei,
3607 534 3695 573 ro-

257 600 492 676 κέντρου
521 604 619 655 τοῦ
666 599 982 675 θελήματος
1028 606 1125 657 τοῦ
1173 608 1330 672 Θεοῦ,
1387 603 1660 666 κυκλικῶς
1700 607 1931 660 ὑποστᾶ-

263 711 359 745 σαν
394 693 444 728 ³⁴
466 694 576 745 τῶν
627 690 870 767 οὐρανῶν
920 689 1236 770 σφαιροειδῆ
1295 691 1652 768 δημιουργίαν
1715 696 1776 750 τὸ
1827 697 1928 771 γὰρ

260 778 530 835 κυκλικὸν
563 787 760 856 σχῆμα
806 781 1114 856 ἀρχόμενον
1148 781 1199 854 ἐξ
1231 782 1444 852 ἑαυτοῦ,
1477 783 1552 847 εἷς
1582 783 1739 839 έαυτὸ
1770 805 1930 858 περα-

259 874 476 924 τοῦται*
521 869 623 938 τήν
672 867 730 925 δὲ
774 869 1026 944 οὐρανίαν
1078 871 1264 926 οὐσίαν
1298 873 1495 943 ἀναυξῆ
1537 873 1626 928 καὶ
1659 873 1926 946 ἀμείωτὸν

263 981 456 1037 φησιν,
491 959 567 1022 ὡς
592 957 820 1025 τελείως
850 957 1080 1035 ἔχουσαν
1112 962 1200 1016 καὶ
1236 961 1514 1038 αὐτάρκως
1535 965 1581 1000 ³⁸
1609 964 1746 1038 πρὸς
1776 965 1805 1018 ’ὸ
1835 964 1924 1038 γέ-

261 1066 412 1122 γονεο
457 1046 544 1103 διὸ
575 1048 665 1103 καὶ
694 1049 1069 1105 ἀναλλοίωτον
1103 1050 1272 1121 αὐτὴν
1305 1050 1469 1127 λέγει,
1500 1053 1550 1124 ἐξ
1581 1051 1643 1107 οῦ
1687 1054 1925 1128 γέγονεν,

263 1137 326 1193 οὗ
382 1143 852 1212 παρατραπεῖσαν·
904 1137 1116 1195 τέλειον
1169 1138 1228 1195 δέ
1273 1141 1437 1210 ἐστιν,
1489 1139 1517 1196 ὃ
1570 1144 1709 1214 μήτε
1760 1139 1923 1216 αὔξει,

266 1228 410 1298 μήτε
446 1232 720 1300 μειοῦται.
766 1229 1236 1301 Ύποπερατώσεις
1275 1228 1333 1286 δὲ
1385 1230 1519 1286 αὐτά
1547 1231 1806 1302 κέκληκε,
1837 1232 1927 1286 καὶ

263 1317 367 1371 οὐκ
414 1316 887 1392 ἀποπερατώσεις,
926 1315 1016 1373 διὰ
1051 1319 1114 1374 τὸ
1157 1320 1448 1396 σφαιρικὴν
1507 1322 1602 1393 μὲν
1649 1322 1781 1376 εἶναι
1826 1322 1924 1390 τὴν

259 1405 508 1478 κίνησιν·
544 1405 606 1461 οὗ
655 1407 861 1483 κυρίως
910 1405 968 1462 δὲ
1014 1409 1183 1484 πέρας
1226 1404 1394 1484 ἔχειν,
1437 1407 1566 1465 ἀλλ’
1613 1409 1782 1466 οῒονεὶ
1829 1412 1928 1466 πέ-

265 1517 361 1570 ρας
389 1497 495 1565 τὴν
528 1494 617 1552 ἐπὶ
668 1497 730 1552 τὸ
779 1497 910 1552 αὐτὸ
961 1497 1143 1574 ὥσπερ
1191 1498 1297 1553 ἀπό
1325 1519 1474 1562 τινος
1523 1500 1702 1576 ἀρχῆς
1733 1499 1821 1556 ἐπί
1849 1522 1923 1568 τι,

264 1585 382 1641 οἷον
436 1587 611 1660 πέρας
659 1584 914 1660 φέρεσθαι
951 1587 1121 1662 τυχὸν
1172 1585 1468 1658 ἀνατολήν.
1521 1588 1837 1662 Σημείωσαι
1871 1587 1930 1645 δὲ

263 1674 348 1730 ὅτι
375 1675 468 1729 καὶ
497 1677 767 1730 κινεῖσθαι
799 1674 1026 1754 ἀψόφως
1068 1677 1200 1754 φησὶ
1248 1675 1338 1732 καὶ
1371 1676 1782 1750 ἀνεπαισθήτως
1833 1679 1925 1734 τὸν

264 1762 521 1838 οὐρανόν·
580 1764 644 1819 τὸ
694 1761 740 1819 δ’
797 1763 953 1820 ένίων
1013 1765 1251 1841 ἀστέρων
1311 1761 1678 1839 μεταϐατικῆς
1724 1766 1870 1823 πολυ
1901 1800 1925 1810 -

2040 608 2288 664 tundam
2323 607 2603 662 ccelorum
2646 605 3086 661 fabricationem
3121 605 3179 661 in
3215 607 3465 662 circuitu
3495 607 3696 663 subsi-

2041 701 2326 762 stentem;
2369 695 2672 752 circularis
2720 697 2876 750 enim
2940 695 3128 767 ﬁgura
3184 713 3252 750 ex
3304 695 3498 768 seipsa
3545 696 3692 752 inci-

2039 787 2205 858 piens
2235 787 2293 841 in
2327 786 2520 858 seipsa
2571 784 2950 852 terminatur;
2985 784 3279 840 ccelestem
3311 801 3443 841 vero
3494 802 3690 841 essen-

2039 877 2180 932 tiam
2216 892 2402 947 neque
2438 877 2732 947 {crescere,
2766 890 2956 946 neque
2994 873 3182 929 minui
3216 873 3318 941 ait,
3348 879 3413 929 ut
3444 876 3692 944 perfecte

2038 971 2094 1022 et
2154 965 2516 1020 sufﬁcienter
2573 965 2746 1019 ﬁnem
2797 980 2972 1019 suum
3023 968 3352 1019 assecutam
3389 982 3402 1018 :
3445 964 3692 1036 ideoque

2037 1053 2471 1110 immutabilem
2526 1053 2710 1124 ipsam
2763 1052 2925 1119 dixit,
2956 1069 3024 1107 ex
3067 1069 3182 1123 quo
3231 1052 3386 1108 facta
3433 1056 3542 1123 est,
3574 1069 3692 1108 non

2039 1159 2374 1218 perversam
2411 1160 2424 1196 :
2453 1144 2761 1214 perfectum
2790 1146 2984 1196 autem
3017 1147 3125 1210 est,
3151 1143 3304 1214 quod
3349 1157 3540 1212 neque
3571 1157 3694 1196 cre-

2037 1234 2170 1304 scit,
2196 1247 2384 1304 neque
2406 1231 2713 1287 minuitur.
2740 1231 2870 1286 Haec
2902 1247 3072 1302 porro
3105 1230 3544 1305 ὑποπερατώσεις
3577 1247 3692 1286 non

2037 1328 2232 1379 autem
2284 1319 2725 1394 άποπερατώσεις
2751 1320 2997 1391 vocavit,
3028 1320 3169 1392 quia
3197 1324 3393 1376 motus
3441 1325 3532 1376 est
3579 1320 3692 1375 cir-

2037 1412 2284 1476 cularis;
2319 1410 2637 1483 imprOprie
2658 1426 2791 1466 vero
2815 1409 3133 1465 terminum
3167 1409 3366 1478 habet,
3389 1411 3490 1466 sed
3513 1409 3692 1466 veluti

2037 1501 2382 1569 terminum,
2415 1504 2610 1555 motu’s
2643 1499 2744 1570 qui
2776 1499 2848 1554 ad
2883 1500 3038 1553 idem
3075 1501 3405 1571 (punctum)
3434 1499 3590 1556 sicut
3618 1498 3693 1555 ab

2037 1591 2236 1662 aliquo
2270 1589 2559 1661 principio
2605 1590 2677 1644 ad
2725 1587 2949 1659 aliquid
2983 1587 3160 1643 veluti
3193 1588 3512 1644 terminum
3543 1605 3598 1642 ν.
3632 1604 3690 1660 g.

2037 1681 2320 1736 orientem
2355 1679 2559 1734 fertur.
2588 1679 2755 1744 Nota,
2790 1692 2923 1731 eum
2957 1676 3150 1732 dicere
3183 1677 3360 1733 cmlos
3388 1678 3518 1732 sine
3546 1693 3692 1734 sono

2037 1775 2094 1826 et
2125 1770 2348 1840 absque
2383 1784 2560 1824 sensu
2597 1765 2813 1822 moveri
2849 1784 2862 1822 :
2896 1767 3049 1822 I28
3084 1765 3232 1821 illud
3263 1771 3460 1821 autem
3496 1783 3509 1822 :
3545 1767 3691 1835 Qua-

259 1851 520 1923 κινησίας
578 1853 704 1928 περὶ
755 1856 864 1908 τῶν
924 1851 1216 1924 πλανήτων
1277 1853 1430 1929 φησί.
1491 1857 1810 1929 Σημείωσαι
1870 1854 1928 1912 δὲ

2056 1861 2277 1915 'undam
2297 1858 2588 1914 stellarum
2615 1855 2912 1927 multiplex
2929 1859 3108 1910 motus
3128 1872 3231 1926 quo
3254 1860 3694 1927 transferuntur,

257 1941 354 1997 καὶ
383 1946 576 2010 τοῦτο,
627 1943 712 1997 ὅτι
762 1940 957 2005 αὐτοὺς
1009 1942 1210 2016 μόνους
1260 1940 1471 2017 ἐδέξατο
1501 1946 1782 2001 κινεῖσθαι.
1817 1953 1926 2017 Ση-

261 2030 506 2106 μείωσαι
538 2029 598 2087 δὶ
626 2031 719 2086 καὶ
750 2033 914 2097 πόθεν
941 2032 999 2086 αἱ
1023 2051 1162 2107 χρον
1175 2031 1282 2088 ικαὶ
1314 2032 1663 2109 ἀριθμήσεις.

331 2208 465 2288 [Καὶ
515 2214 618 2280 τῆς
661 2213 772 2266 τῶν
821 2207 916 2266 δύο
974 2213 1304 2288 φωστήρων,
1361 2209 1454 2275 οὓς
1501 2213 1570 2267 τὰ
1617 2214 1787 2288 Λόγια
1833 2235 1929 2268 κα·

260 2300 352 2356 λεῖ
416 2297 716 2375 μεγάλους.
773 2300 878 2354 Δύο
950 2307 1241 2378 φωστῆρας
1311 2302 1402 2357 τὸν
1461 2299 1622 2371 ἥλιον
1683 2305 1774 2358 καὶ
1828 2305 1929 2372 τήν

263 2388 514 2461 σελήνην
557 2389 713 2466 φησί·
775 2388 1046 2465 μεγάλους
1099 2387 1158 2445 δὶ
1209 2390 1354 2446 εἶπεν
1401 2392 1665 2465 ὶπόμενος
1717 2398 1798 2465 τῷ
1826 2401 1930 2448 Δα-

264 2477 376 2534 υἶδ·
414 2478 596 2553 Λόγια
627 2475 685 2533 δὲ
731 2477 860 2542 τοῦς
889 2477 1096 2534 έκείνου
1128 2477 1402 2553 Ψαλμοὺς
1433 2481 1710 2554 ὀνομάζει.
1743 2485 1932 2558 ΙΙεριο-

264 2567 428 2638 δικήν
484 2566 543 2623 δέ
599 2568 1030 2623 ἀποκατάστασιν
1088 2570 1188 2638 τὴν
1236 2570 1342 2624 ἀπὸ
1386 2574 1484 2625 τοῦ
1531 2571 1696 2626 αὑτοῦ
1746 2571 1824 2635 εἷς
1869 2572 1933 2626 τὸ

266 2659 406 2715 αὐτὸ
440 2657 614 2735 φορὰν
645 2655 815 2732 λέγει,
843 2659 904 2727 ἣν
936 2659 965 2712 ὁ
994 2656 1158 2728 ἤλιος
1191 2660 1283 2730 μὲν
1317 2661 1432 2714 κατ’
1463 2659 1704 2716 ένιαυτὸν
1753 2666 1935 2716 ποιεῖ-

265 2768 358 2802 ται
403 2747 499 2802 τὸν
553 2743 818 2815 ζωδιακὸν
863 2743 1067 2801 κύκλον
1112 2748 1363 2823 περιϊών·
1410 2749 1445 2818 ἠ
1497 2745 1554 2803 δὲ
1600 2748 1804 2820 σελήνη
1866 2747 1934 2804 δι’

267 2839 502 2913 ἡμερῶν
548 2857 713 2890 τινων
743 2835 840 2890 τὸν
870 2837 976 2891 ἀπὸ
1007 2833 1236 2891 συνόδου
1290 2836 1457 2912 μέχρι
1488 2837 1589 2905 τῆς
1633 2839 1934 2902 παντελοῦς

268 2926 478 2996 ταότης
513 2925 816 2998 μειώσεως.
862 2924 1180 2998 Σημείωσαι
1229 2923 1306 2996 δὲ,
1340 2928 1413 2988 ὡς
1460 2929 1551 2982 καὶ
1596 2928 1650 2982 αἱ
1682 2929 1935 3004 χρονικαὶ

271 3015 608 3090 ἀριθμήσεις
638 3012 700 3068 ἐκ
727 3014 935 3069 τούτων
968 3014 1092 3084 εἰσὶ,
1123 3015 1214 3069 καὶ
1245 3012 1322 3070 ἔτι
1352 3015 1412 3071 ἐκ
1437 3018 1545 3072 τῶν
1583 3021 1818 3092 μηνῶν.]

346 3103 726 3182 Ἀφορίζουσι.
757 3102 973 3166 Τελέως
1006 3103 1304 3179 ὁρίζουσιν.

346 3195 634 3251 Ἐπέκεινα
691 3193 976 3264 θεότητος.
1029 3195 1206 3250 Τοῦτο
1254 3195 1343 3250 καὶ
1395 3195 1446 3251 ἐν
1497 3201 1613 3259 τοῖς
1665 3197 1776 3252 ἄνω
1805 3219 1941 3274 παρ’

2037 1951 2112 2005 de
2161 1947 2411 2020 planetis
2460 1945 2622 2001 dicit.
2657 1949 2799 2000 Nota
2846 1945 3092 2015 insuper
3141 1944 3322 2011 istud,
3355 1961 3490 2000 eum
3540 1943 3696 2000 solos

2037 2038 2307 2112 planetas
2347 2034 2566 2092 moveri
2619 2034 2948 2090 admittere.
2976 2035 3228 2089 Adverte
3259 2049 3492 2106 quoque
3541 2034 3698 2089 unde

2038 2126 2324 2198 temporis
2356 2123 2817 2180 numerationes.

2115 2218 2380 2288 [Duorum
2415 2212 2808 2280 luminarium,
2842 2228 2961 2283 quae
2992 2211 3225 2284 Eloquia
3253 2219 3447 2268 vocant
3474 2227 3699 2281 magna.

2041 2311 2165 2361 Duo
2196 2301 2515 2360 luminaria
2552 2302 2758 2369 solem,
2792 2305 2850 2355 et
2881 2300 3080 2354 lunam
3113 2299 3256 2354 dicit
3288 2317 3300 2354 :
3337 2305 3540 2371 Hagrza
3565 2316 3700 2354 vero

2040 2400 2207 2451 vocat
2265 2393 2542 2449 Davidem
2598 2394 2859 2446 secutus.
2907 2389 3144 2460 Eloquia
3195 2388 3454 2444 Psalmos
3510 2389 3702 2459 ipsius

2043 2483 2319 2556 appellat.
2352 2480 2708 2537 Periodicam
2738 2479 3140 2535 restitutionem
3180 2480 3236 2533 in
3277 2479 3602 2549 pristinum,
3629 2477 3701 2532 ab

2043 2575 2246 2632 eodem
2277 2572 2336 2627 in
2369 2571 2524 2626 idem
2561 2569 3025 2641 progressionem
3053 2567 3213 2630 dicit.
3240 2583 3418 2639 quam
3444 2566 3529 2623 sol
3562 2583 3704 2638 quo-

2042 2663 2242 2720 tannis
2287 2660 2532 2731 perﬁcit,
2564 2658 2788 2714 zodiaci
2819 2657 3107 2713 circulum
3141 2673 3523 2728 percurrens;
3563 2655 3704 2710 luna

2043 2769 2178 2808 vero
2213 2753 2368 2806 intra
2412 2748 2636 2820 aliquot
2683 2748 2811 2803 dies
2841 2765 2874 2801 a
2905 2746 3320 2818 conjunctione
3363 2763 3467 2801 sua
3517 2761 3706 2816 usque

2046 2843 2116 2898 ad
2150 2838 2390 2897 totalem
2437 2837 2626 2909 ipsius
2671 2836 3172 2891 imminutionem.
3209 2835 3358 2889 Nota
3387 2850 3521 2889 vero
3554 2839 3704 2888 tem-

2047 2929 2208 3002 poris
2239 2925 2678 2983 numerationes
2707 2941 2775 2980 ex
2814 2924 2929 2990 his,
2959 2939 3025 2978 ac
3067 2927 3350 2994 praeterea
3381 2939 3450 2977 ex
3482 2921 3708 2976 mensi-

2048 3019 2160 3074 bus
2191 3015 2395 3086 sumi.j

2120 3106 2501 3176 Distinguunt,
2534 3103 2631 3158 Gr.
2665 3099 3001 3178 ἀφορίζουσι.
3037 3100 3295 3156 Perfecto
3327 3098 3641 3154 deﬁniunt.

2127 3194 2454 3251 Divinitatis
2499 3193 2688 3248 omnia
2737 3192 3072 3262 superantis.
3130 3189 3246 3246 Hoc
3301 3189 3478 3244 etiam
3529 3204 3710 3259 supra

271 3284 489 3361 έγραψα
521 3285 587 3353 ³⁸,
647 3281 732 3338 δτι
787 3260 878 3338 xui
932 3282 983 3338 έν
1039 3289 1158 3346 τοῖς
1205 3289 1366 3340 πᾶσιν
1412 3285 1440 3340 ὁ
1480 3285 1630 3354 Θεὸς,
1661 3287 1752 3342 καὶ
1784 3260 1934 3343 οὐδὸν

2056 3283 2367 3355 adscripsi,
2401 3282 2682 3336 nimirum
2737 3283 2916 3333 Deum
2951 3278 3009 3332 in
3044 3278 3325 3333 omnibus
3375 3291 3527 3343 esse,
3561 3273 3710 3328 nihil

271 3379 384 3430 τῶν
420 3371 695 3431 ἁπάντων.
746 3374 1010 3429 Ἐνταῦθα
1059 3371 1116 3428 δὲ
1155 3374 1219 3430 τὸ
1267 3372 1438 3430 πλέον
1481 3375 1669 3454 φησὶν,
1713 3375 1795 3431 ὅτι
1852 3378 1942 3432 καὶ

277 3461 359 3519 ἔτι
398 3463 535 3536 ὑπὲρ
579 3461 754 3524 πάσας
809 3464 908 3526 τὰς
950 3462 1133 3526 οὐσίας
1174 3462 1337 3534 ἐστὶν,
1390 3465 1521 3538 ὅπερ
1571 3462 1716 3539 λέγει
1764 3487 1945 3521 κατω-

277 3553 448 3629 τέρω,
510 3550 595 3607 ὅτι
657 3551 748 3607 καὶ
817 3555 926 3607 τῶν
1007 3553 1083 3625 μὴ
1143 3547 1313 3606 ὄντων
1384 3550 1496 3607 ἐστὶ
1564 3550 1943 3630 πληρωτικός.

275 3645 425 3717 Ὅρα
455 3639 518 3698 δὶ
558 3645 678 3703 πῶς
723 3638 870 3716 λέγει
914 3643 1055 3715 μήτε
1099 3645 1208 3697 τῶν
1256 3639 1369 3697 ἄνω
1416 3648 1732 3720 φθανουσῶν
1781 3645 1948 3714 αὐτῆς

282 3734 388 3800 τὴν
448 3731 757 3804 ὑπεροχὴν,
835 3732 974 3802 μήτε
1045 3734 1155 3786 τῶν
1223 3729 1392 3800 κάτω,
1465 3731 1665 3804 ταύτην
1735 3728 1946 3788 διαϐαι-

291 3824 514 3876 νουσῶν·
568 3820 871 3888 τουτέστιν,
924 3816 1049 3875 οὕτε
1096 3820 1295 3896 ἀρχὴν,
1347 3816 1471 3876 οὔτε
1517 3822 1682 3897 πέρας
1732 3817 1848 3898 ἔχει
1885 3823 1947 3877 τὸ

292 3916 454 3980 θεῖον,
513 3913 626 3964 τῶν
684 3908 954 3982 οὐρανίων
1012 3909 1102 3965 καὶ
1151 3909 1456 3986 ὑπερτέρων
1507 3907 1786 3984 δυνάμεων
1817 3911 1947 3966 ταύ-

283 4021 385 4070 την
441 4000 522 4072 μὴ
569 3992 1018 4067 καταλαϐουσῶν,
1049 3999 1160 4073 οὑχ
1204 4000 1288 4054 ὅτι
1343 3999 1455 4054 έστὶ
1509 4001 1627 4072 μὲν,
1679 4001 1742 4056 οὗ
1793 4021 1949 4056 κατε-

283 4087 483 4163 λήφθη
519 4084 599 4142 δέ’
631 4089 708 4161 μὴ
742 4086 886 4143 οὕτω
915 4089 1155 4158 νοήσεις*
1185 4086 1310 4144 ἀλλ’
1361 4086 1443 4144 ὅτι
1484 4089 1614 4144 αὑτὸ
1663 4087 1786 4145 οὔτε
1815 4089 1946 4144 έστί·

277 4175 451 4234 τοῦτο
512 4176 612 4253 γάρ
669 4175 812 4232 ἐστιν
863 4177 897 4246 ἠ
950 4175 1001 4232 έν
1057 4177 1300 4251 ἀγνωσία
1354 4181 1585 4251 γνῶσις.
1640 4177 1948 4255 Ὑπέρτεροι

2052 3389 2183 3428 esse
2213 3371 2500 3428 omnium.
2531 3369 2636 3424 Hic
2663 3372 2861 3423 autem
2885 3365 3141 3438 amplius
3162 3365 3324 3432 dicit,
3350 3379 3560 3434 nempe
3583 3361 3711 3417 uni-

2052 3477 2251 3518 versas
2282 3460 2459 3515 etiam
2487 3457 2771 3513 essentias
2809 3471 3112 3528 superare,
3143 3456 3302 3526 quod
3339 3453 3585 3509 inferius
3617 3452 3709 3506 di-

2055 3551 2135 3608 cit
2167 3569 2179 3607 :
2210 3565 2369 3621 posse
2397 3548 2566 3604 etiam
2595 3563 2665 3602 ea
2695 3562 2817 3618 qum
2846 3561 2959 3601 non
2991 3549 3120 3600 sunt
3152 3544 3400 3615 implere.
3434 3543 3574 3597 Vide
3605 3557 3708 3595 au-

2055 3645 2172 3698 tem
2207 3639 2497 3711 quomodo
2547 3636 2702 3692 dicat
2733 3650 2746 3689 :
2781 3636 2862 3691 ita
2895 3643 2952 3690 ut
2980 3650 3080 3690 nec
3107 3635 3420 3704 superiores
3473 3631 3544 3686 ad
3591 3631 3711 3701 ejus

2053 3731 2432 3804 praestantiam
2476 3726 2822 3799 perveniant,
2863 3741 2960 3780 nec
3009 3723 3304 3794 inferiores
3355 3721 3510 3776 hanc
3553 3727 3709 3776 tran-

2055 3823 2241 3882 seant;
2273 3819 2332 3873 id
2363 3822 2472 3884 est,
2499 3815 2864 3872 divinitatem
2897 3829 3087 3885 neque
3112 3811 3488 3884 principium,
3524 3823 3714 3880 neque

2056 3910 2233 3965 ﬁnem
2265 3907 2482 3962 habere
2513 3921 2645 3960 cum
2684 3903 2948 3959 ccelestes
2995 3906 3052 3957 et
3101 3900 3437 3973 superiores
3464 3897 3712 3953 virtutes

2059 3999 2213 4055 hanc
2232 3995 2476 4052 minime
2493 3993 3017 4066 comprehendant,
3031 4007 3148 4046 non
3172 3989 3326 4061 quod
3351 3988 3431 4044 sit
3449 3987 3710 4058 quidem,

2059 4089 2159 4144 sed
2192 4087 2446 4157 nequeat
2478 4081 2925 4154 comprehendi;
2961 4097 3077 4136 non
3120 4079 3201 4134 ita
3251 4075 3575 4147 intelliges;
3609 4075 3712 4130 sed

2062 4177 2218 4249 quod
2258 4175 2387 4246 ipsa
2435 4188 2551 4228 non
2595 4173 2703 4237 sit;
2756 4170 2865 4225 hoc
2914 4169 3070 4223 enim
3119 4170 3210 4223 est
3257 4166 3319 4222 in
3364 4163 3716 4236 ignoratione

277 4266 386 4341 γὰρ
420 4265 730 4341 γενόμενοι,
762 4264 852 4320 καὶ
885 4263 977 4320 διὰ
1023 4262 1306 4344 φιλοθεῒας
1354 4266 1635 4331 ένωθέντες
1681 4274 1800 4332 ταῖς
1840 4254 1934 4324 ἀνα

2059 4263 2326 4338 cognitio.
2361 4259 2704 4333 Superiores
2733 4258 2892 4314 enim
2931 4257 3145 4322 effecti,
3177 4260 3352 4328 atque
3381 4254 3483 4310 Dei
3517 4268 3718 4308 amore

283 4353 579 4427 δυνάμεσι,
637 4355 974 4430 γινώσκομεν
1039 4353 1120 4409 ὅτι
1184 4355 1319 4428 μετὰ
1382 4355 1593 4412 πάντων
1646 4358 1747 4426 τὴν
1807 4357 1948 4414 θείαν

281 4447 596 4517 ἀγνοοῦμεν
630 4442 812 4522 φύσιν.

369 4533 478 4592 Καὶ
532 4532 781 4612 φωτίζει.
812 4534 1080 4592 Τουτέστῖ
1125 4533 1194 4589 τὰ
1231 4539 1519 4610 χωροῦντα
1564 4536 1664 4604 τήν
1714 4534 1956 4606 ὁλότητα

2062 4354 2291 4426 superis
2322 4349 2638 4406 virtutibus
2668 4346 2840 4417 uniti,
2866 4345 3279 4418 cognoscimus
3301 4360 3408 4401 nos
3430 4359 3563 4400 cum
3595 4357 3716 4397 om-

2063 4445 2239 4501 nibus
2270 4441 2528 4497 divinam
2561 4439 2832 4509 ignorare
2863 4439 3158 4491 naturam.

2135 4536 2202 4589 Et
2230 4532 2498 4587 illustrat.
2535 4526 2595 4581 Id
2645 4529 2734 4580 est
2783 4541 2853 4579 ea
2901 4539 3033 4595 quae
3080 4521 3476 4594 integritatem
3528 4519 3716 4591 ipsius

288 4625 466 4680 αὑτοῦ
527 4609 664 4698 πρὸς
715 4624 778 4678 τὸ
840 4624 1036 4699 μέτρον
1083 4623 1112 4679 ὃ
1160 4609 1429 4700 χωροῦσι·
1491 4622 1576 4679 διὸ
1619 4624 1708 4680 καὶ
1765 4624 1934 4702 μέτροη

2066 4623 2328 4695 capiunt,
2351 4617 2674 4675 secundum
2703 4629 3038 4669 mensuram
3071 4627 3304 4678 eorum;
3329 4609 3575 4681 ideoque
3597 4623 3717 4664 om-

291 4713 437 4769 εἶναι
471 4711 684 4788 λέγεται
714 4715 822 4768 τῶν
873 4707 1067 4768 ὄντων⁹
1102 4711 1138 4782 ἢ
1171 4712 1253 4768 ὅτι
1300 4714 1399 4782 τήν
1440 4715 1620 4789 ἀρχὴν
1652 4715 1740 4770 καὶ
1769 4717 1832 4770 τὸ
1860 4714 1954 4770 πέ-

2065 4713 2230 4768 nium
2264 4726 2389 4782 quaa
2421 4705 2712 4762 exsistunt
2742 4719 3019 4759 mensura
3040 4717 3170 4758 esse
3200 4699 3444 4766 dicitur;
3478 4701 3537 4755 et
3566 4697 3724 4770 prin-

291 4822 398 4878 ρας
430 4801 680 4856 ἁπάντων
714 4800 1019 4873 ἐπίσταται,
1055 4802 1131 4864 ὡς
1169 4801 1334 4874 μόνος
1381 4788 1737 4878 δημιουργόςο
1771 4804 1934 4860 ἑαυτὸ·

2068 4802 2284 4874 cipium
2315 4799 2612 4867 ﬁnemque
2654 4792 2920 4849 omnium
2973 4791 3144 4854 scire,
3176 4794 3241 4844 ut
3271 4788 3433 4845 solus
3461 4791 3722 4855 creator;

285 4892 397 4967 γὰρ
429 4891 780 4966 παρακατιὼν
817 4889 1128 4966 έρμηνεύει.

373 4980 478 5036 Καὶ
549 4979 719 5052 τάξις.
775 4979 940 5051 Τάεις
1004 4977 1096 5036 διὰ
1153 4983 1315 5036 τοῦτο
1363 4977 1581 5055 λέγεται
1640 4983 1668 5037 ὁ
1725 4984 1877 5054 Θεὸς,
1925 4985 1961 5054 ἢ

2071 4891 2331 4962 δείρουσι
2362 4884 2518 4942 enim
2552 4883 2800 4938 inferius
2833 4879 3088 4952 exponit.

2143 4981 2207 5034 Et
2237 4977 2386 5034 ordo.
2427 4974 2596 5029 Deus
2647 4975 2952 5043 propterea
2999 4968 3128 5025 ordo
3177 4966 3414 5033 dicitur,
3448 4968 3549 5020 aut
3586 4963 3730 5034 quia

291 5066 496 5138 ἐπειδὴ
547 5070 666 5143 μετ’
716 5069 956 5140 εὐταξίας
987 5072 1031 5107 ιτ
1079 5070 1148 5125 τὰ
1193 5069 1364 5126 πάντα
1410 5053 1883 5148 smnpm,
1927 5096 1934 5104 .

2073 5066 2274 5126 omnia
2314 5079 2446 5120 cum
2482 5063 2634 5118 bono
2673 5060 2879 5114 ordine
2925 5056 3163 5127 creavit,
3197 5059 3299 5112 aut
3328 5071 3394 5110 eo
3423 5053 3580 5124 quod
3615 5053 3730 5108 ﬁde

296 5158 391 5216 ὅτι
451 5158 631 5213 πίστει
689 5159 838 5234 παρὰ
889 5161 998 5213 τῶν
1051 5157 1130 5220 εἰς
1187 5158 1347 5214 αὑτὸν
1398 5160 1709 5237 φοιτώντων
1763 5165 1965 5236 χωρεῖ-

293 5269 393 5306 ται
421 5250 490 5317 ³⁸,
525 5249 665 5322 μήτε
692 5251 773 5319 τῷ
817 5245 1136 5320 πληθυσμῷ
1174 5248 1299 5310 τοὺς
1344 5247 1755 5325 ἀσθενεστέρους
1803 5270 1968 5306 κατα-

2075 5160 2148 5215 ab
2167 5157 2244 5213 iis
2263 5155 2363 5228 qui
2389 5156 2460 5211 ad
2492 5153 2691 5225 ipsum
2721 5149 3328 5220 accedunt,capiatur,
3353 5162 3542 5218 neque
3564 5143 3729 5199 inﬁr-

2078 5249 2294 5306 miores
2338 5249 2705 5317 demergens,
2737 5256 2926 5312 neque
2968 5238 3462 5296 condescensione
3491 5236 3566 5292 ad
3595 5235 3733 5290 ino-

296 5333 611 5408 ϐαπτίζων,
673 5338 814 5412 μήτε
859 5339 930 5411 τῇ
975 5331 1368 5414 συγκαταϐάσει
1421 5337 1504 5394 ἄπ’
1551 5321 1778 5395 ἔλαττον
1825 5359 1934 5416 παρ

2081 5339 2239 5413 piam
2271 5354 2306 5394 a
2335 5334 2558 5393 sanctis
2603 5329 3102 5405 comprehensus;
3136 5328 3238 5385 sed
3286 5343 3390 5400 pro
3418 5326 3575 5383 vasis
3613 5321 3737 5380 mei

1319 5512 1560 5570 VARIJE
1601 5513 2004 5570 LECTIONES
2044 5512 2137 5568 ET
2172 5507 2733 5567 CORRECTIONES.

387 5653 946 5731 "ﬁnompata'iastc.
1003 5655 1050 5689 “
1082 5649 1454 5731 ὑποστάντων.
1529 5654 1574 5690 ³⁸
1604 5655 1640 5725 ἢ
1672 5652 1972 5731 αὑτάρκως.

307 5727 468 5801 παρὰ
497 5731 608 5783 τῶν
639 5726 770 5806 παρ’
799 5728 964 5785 αὑτοῦ
994 5726 1378 5805 φωτιζομένων
1409 5730 1696 5802 χωρεῖται.

2046 5654 2092 5690 ³⁸
2121 5651 2172 5707 έν
2223 5656 2338 5714 τοῖς
2386 5648 2635 5723 ἀνωτέρω
2683 5646 3023 5723 προέγραψα.
3098 5646 3141 5680 ³⁷
3186 5639 3447 5714 ἐξουσίας.
3523 5638 3569 5674 ³³
3596 5633 3743 5709 τάξει
