4034 6390
376 398 483 453 247

1209 403 1578 457 ΔΡΡΕΝΒΙΧ
1615 404 1714 456 AD
1748 401 1989 455 OPBRA
2027 402 2086 454 S.
2127 399 2440 454 DIONYSII
2479 395 2982 453 AREOPAGITE.

3697 399 3793 454 2’18

380 524 718 596 capacitate,
753 523 926 578 sicin
960 539 1054 579 me
1103 523 1426 578 bonitatem
1478 523 1853 578 scaturiendo
1902 539 2036 594 pro-

2152 523 2254 573 τῶν
2289 519 2601 594 ἀγιωτέρων
2656 513 3040 591 χωρούμενος,
3088 511 3235 568 ἀλλά
3271 515 3414 590 πρὸς
3463 517 3524 571 τὸ
3553 516 3678 591 ἐμὸν
3703 519 3790 594 ἀγ-

381 612 564 669 ducit.

452 706 628 760 Juxta
655 703 1026 758 multesimam
1073 704 1485 759 resonantium.
1536 700 2044 768 Quemadmodum

384 790 472 846 sol
505 792 605 862 qui
634 807 810 846 sensu
844 793 1165 864 percipitur
1195 791 1392 847 omnia
1412 790 1667 846 visibilia
1693 790 2043 855 illustrat,ac

384 895 472 946 ea,
510 896 640 952 quae
673 880 862 951 ipsius
894 880 1092 935 lumen
1129 897 1240 934 non
1275 880 1895 951 participant,propter
1917 895 2043 950 pro-

386 969 575 1041 priam
592 969 649 1023 in
661 970 993 1024 firmitatem
1011 986 1123 1023 non
1144 970 1497 1041 participant
1517 985 1530 1023 :
1555 969 1637 1024 ita
1649 969 1826 1024 etiam
1852 969 1908 1022 in
1926 968 2041 1023 Deo

385 1073 592 1113 omnes
617 1059 689 1112 ab
713 1059 838 1128 ipso
863 1058 1314 1113 sanctiﬁcantur
1336 1059 1486 1113 129
1513 1058 1611 1130 qui
1636 1058 2043 1112 volunt.Rt-cte

383 1153 581 1202 autem
599 1147 830 1202 divinus
847 1146 1158 1216 Dionysius
1191 1148 1239 1202 ei
1261 1149 1417 1218 quod
1446 1148 1892 1202 dissentaneum
1916 1150 2042 1201 erat

387 1236 447 1290 in
479 1236 552 1291 iis
584 1253 707 1306 quae
743 1237 812 1291 de
837 1235 958 1291 sole
1003 1237 1380 1304 dicebantur,
1431 1235 1634 1291 statim
1685 1236 2039 1291 medicinam

380 1325 515 1380 fecit
545 1343 558 1380 :
593 1325 874 1396 quoniam
911 1327 1069 1380 enim
1101 1325 1327 1380 dixerat
1377 1325 1560 1381 solem
1595 1325 1803 1380 anima:
1835 1342 2041 1396 exper-

377 1417 496 1469 tem
527 1414 910 1485 conspicuam
945 1430 1076 1470 esse
1122 1415 1408 1470 bonitatis
1441 1415 1542 1470 Dei
1574 1416 1906 1486 imaginem,
1940 1432 2038 1469 vo-

382 1503 568 1558 cando
615 1507 945 1558 creaturam
999 1503 1278 1559 creatoris
1311 1493 1653 1575 imaginem,
1690 1504 1876 1575 primo
1909 1504 2037 1575 qui-

384 1592 518 1646 dem
550 1609 682 1646 mox
713 1592 1003 1662 adjunxit,
1033 1610 1137 1664 pro
1169 1595 1408 1648 minima
1438 1593 1828 1662 similitudine,
1862 1594 1919 1647 in
1953 1609 2038 1648 se-

387 1681 587 1750 quenti
618 1686 814 1737 autem
845 1683 1052 1752 capite,
1087 1682 1230 1737 illud
1289 1683 1482 1753 ipsum
1518 1683 1832 1753 perfectius
1863 1698 2036 1754 expo-

385 1767 492 1824 nit.
527 1769 676 1836 Quid
709 1786 879 1840 porro
913 1770 992 1826 sit
1020 1767 1332 1824 πολλοστὸν
1363 1769 1642 1844 ἀπήχημα
1685 1772 1915 1826 minima
1947 1787 2037 1827 re-

380 1861 644 1914 sonantia
672 1875 766 1914 seu
792 1860 1126 1923 similitudo,
1160 1861 1470 1915 dicendum
1505 1866 1595 1915 est
1629 1877 1641 1914 :
1677 1861 1832 1915 sicut
1859 1861 2038 1932 igitur
2069 1893 2116 1956 Β

382 1946 433 2002 si
464 1945 598 2016 quis
622 1946 736 2002 alte
765 1948 1093 2003 vociferans
1133 1953 1190 2004 et
1235 1949 1498 2005 clamans
1549 1948 1772 2020 aliquid
1807 1949 2036 2016 dixerit,

381 2039 702 2108 praesentes
737 2037 1000 2107 quidem,
1032 2037 1363 2094 valentibus
1395 2037 1621 2110 praediti
1652 2038 1914 2105 auribus,
1947 2056 2039 2093 vo-

379 2140 504 2179 cem
539 2139 993 2196 sermonemque
1028 2127 1315 2192 audiunt;
1351 2127 1452 2199 qui
1491 2132 1690 2182 autem
1716 2144 1919 2198 parum
1947 2127 2041 2181 di-

380 2216 786 2284 stant,quanto
809 2217 1267 2286 absunt,[tanto]
1289 2215 1538 2271 debilius
1551 2232 1742 2271 vocem
1768 2217 2038 2284 audiunt;

380 2302 477 2372 qui
508 2319 679 2373 porro
710 2302 961 2375 longiori
997 2305 1205 2360 remoti
1238 2311 1379 2360 sunt
1404 2305 1617 2376 spatio,
1655 2306 1963 2360 minimam
1986 2310 2042 2361 et

381 2390 866 2446 obscurissimam
920 2393 1046 2448 soni
1118 2398 1341 2463 partem
1413 2394 1678 2466 capiunt,
1732 2399 1795 2448 ut
1839 2411 2040 2449 vocem

383 2478 622 2549 quidem
652 2479 910 2551 aliquam
945 2482 1258 2536 obscuram
1290 2483 1557 2552 audiant,
1591 2484 1688 2538 sed
1725 2484 1878 2554 quod
1913 2501 2043 2554 pro-

387 2567 730 2622 nuntiatum
766 2573 854 2623 est
885 2568 1129 2624 minime
1163 2569 1499 2640 intelligant
1531 2588 1544 2625 :
1579 2571 1734 2626 unde
1773 2571 2043 2644 colligere

387 2654 524 2710 licet
552 2659 782 2711 tantum
813 2673 943 2713 esse
976 2658 1167 2713 solare
1201 2658 1422 2725 lumen,
1469 2659 1517 2714 si
1550 2676 1684 2714 cum
1719 2677 1850 2716 vero
1881 2678 2040 2716 com-

384 2749 644 2816 paretur,
678 2751 742 2800 ut
773 2747 1148 2818 intercapedo
1180 2748 1406 2820 concipi
1440 2755 1706 2820 nequeat.

452 2833 561 2889 Sed
589 2836 758 2889 etiam
789 2836 860 2890 ad
887 2838 1320 2906 generationem.
1375 2838 1457 2893 Ne
1509 2839 1812 2894 arbitreris
1858 2838 2040 2893 solem

381 2938 507 2978 esse
539 2928 839 2980 auctorem
871 2926 1287 2996 generationis,
1324 2932 1424 2982 aut
1455 2927 1716 2994 vitaz,aut
1745 2927 2040 2983 educatio-

379 3012 492 3081 nis,
523 3017 627 3067 aut
679 3015 1052 3083 accretionis,
1102 3020 1204 3070 aut
1230 3016 1606 3086 perfectionis
1637 3015 1718 3070 rei
1750 3016 2037 3087 alicujus;

380 3101 535 3158 sicut
565 3117 754 3172 neque
804 3103 1041 3174 aliquod
1090 3103 1246 3158 aliud
1304 3105 1685 3170 elementum,
1737 3107 1844 3161 etsi
1876 3105 2044 3161 valde

381 3189 780 3245 necessarium
809 3197 982 3261 esset,
1034 3192 1212 3247 veluti
1261 3210 1796 3264 aqua;possumus
1851 3193 2038 3266 siqui-

2153 614 2301 684 γεῖον
2331 608 2502 670 οὕτως
2535 607 2584 661 ἐν
2619 604 2742 680 ἐμοὶ
2775 603 3033 679 πηγάζων
3066 605 3162 674 τὴν
3197 605 3526 680 ἀγαθότητα.

2222 879 2370 936 Κατᾶ
2438 878 2747 936 πολλοστὸν
2832 883 3130 955 ἀπήχημα.
3189 881 3393 954 Ὥσπερ
3460 880 3488 933 6
3547 878 3790 950 αἲσθητὸς

2151 964 2312 1037 ¹ἥλιος
2345 971 2518 1025 πάντα
2546 971 2611 1025 τὰ
2643 972 2809 1046 ὁρατᾶ
2860 972 3105 1046 φωτίζει,
3137 970 3227 1024 καὶ
3275 969 3342 1024 τὰ
3376 969 3452 1042 μὴ
3507 969 3791 1044 μετέχοντα

2149 1063 2251 1112 τοῦ
2283 1063 2463 1134 φωτὸς
2512 1059 2676 1114 αὐτοῦ
2729 1058 2801 1114 δι’
2850 1059 3051 1114 οἷ’κείαν
3110 1057 3392 1134 ἀδράνειαν
3447 1057 3508 1112 οὐ
3565 1057 3788 1132 μετέχει·

2151 1146 2298 1204 οὕτω
2330 1149 2419 1202 καὶ
2456 1148 2542 1203 ἐπὶ
2573 1153 2668 1203 τοῦ
2701 1154 2858 1219 Θεοῦ,
2890 1148 3084 1212 πάντες
3125 1148 3251 1221 παρ’
3282 1146 3445 1201 αὐτοῦ
3495 1147 3789 1220 άγιάζονται

2151 1233 2266 1290 ὅσοι
2304 1235 2618 1310 βούλονται.
2652 1234 2846 1298 Καλῶς
2891 1233 2948 1290 δὲ
2995 1236 3058 1289 τὸ
3104 1235 3440 1312 ἀπεμφαῖνον
3473 1237 3581 1288 τῶν
3609 1233 3790 1304 ἐπὶτῷ

2149 1324 2296 1398 ἡλίῳ
2325 1324 2643 1400 λεγομένων
2677 1327 2834 1389 εὐθὺς
2877 1324 3228 1400 ἐθεράπευσεν
3263 1325 3291 1377 6
3324 1329 3470 1386 θεῖος
3507 1321 3787 1386 Διονύσιος⁸

2150 1411 2340 1481 ἐπειδὴ
2374 1413 2478 1490 γὰρ
2524 1412 2738 1492 ἐμφανῆ
2790 1415 2973 1469 εἰκόνα
3020 1420 3120 1482 τῆς
3167 1411 3505 1489 ἀγαθότητος
3547 1415 3641 1465 τοῦ
3669 1415 3791 1466 Θεοῦ

2145 1504 2237 1557 τὸν
2271 1500 2435 1570 ἥλιον
2474 1503 2585 1557 εἶπε
2627 1504 2719 1557 τὸν
2755 1499 2996 1577 ἔψυχον,
3037 1503 3099 1558 τὸ
3151 1499 3550 1575 δημιούργημα
3577 1505 3669 1554 τοῦ
3699 1497 3790 1570 δη-

2152 1596 2422 1666 μιουργοῦ
2471 1590 2705 1654 καλέσας
2755 1591 2967 1664 εἰκόνα,
3027 1595 3244 1667 πρῶτον
3308 1590 3404 1662 μὶν
3465 1592 3790 1664 παραχρῆμα

2147 1679 2388 1756 ἐπήγαγε
2435 1682 2573 1736 κατά
2615 1679 2928 1736 πολλοστὸν
2974 1680 3278 1757 ἀπήχημα,
3324 1678 3376 1734 ἐν
3431 1676 3489 1733 δὲ
3542 1682 3622 1745 τῷ
3677 1679 3790 1748 ἑξῆς

2145 1767 2448 1847 κεφαλαίῳ,
2509 1769 2841 1846 τελεώτερον
2903 1769 3077 1844 [αὐτὸ]
3137 1768 3444 1845 σαφηνίζει.
3479 1766 3546 1825 Τί
3593 1763 3648 1820 δέ
3688 1765 3786 1820 ἐστι

2145 1857 2457 1914 πολλοστὸν
2523 1861 2801 1936 ἀπήχημα
2838 1905 2854 1931 ,
2910 1857 3150 1914 λεκτέονο
3212 1856 3398 1929 ὥσπερ
3457 1855 3558 1932 γὰρ
3617 1852 3670 1910 εἷ’
3712 1876 3785 1917 τις

2152 1947 2292 2022 μέγα
2327 1950 2530 2023 βοήσας
2558 1949 2646 2003 καὶ
2701 1948 2994 2026 ἀνακράξας
3041 1946 3186 2002 εἷ’ποι
3213 1967 3286 2016 τι,
3317 1944 3412 2000 καὶ
3446 1947 3497 2000 οἳ
3541 1946 3632 2018 μὲν
3661 1964 3784 2020 παρ-

2150 2041 2399 2106 εστῶτες,
2462 2037 2594 2110 [ἐὰν]
2682 2037 2984 2114 έρῥωμένοι
3056 2037 3151 2099 τὰς
3230 2035 3396 2098 ἀκοὰς
3477 2032 3640 2108 [ὦσι],
3705 2032 3784 2087 καὶ

2146 2133 2248 2194 τῆς
2286 2127 2419 2201 βοῆς
2449 2125 2538 2181 καί
2587 2131 2682 2180 τοῦ
2737 2126 3029 2202 Λεχθέντος
3080 2125 3394 2180 ἀκούουσιν·
3430 2125 3482 2178 οἱ
3533 2122 3589 2178 δὲ
3625 2121 3785 2198 βραχὺ

2151 2215 2477 2290 ἀφεστῶτες,
2530 2214 2658 2268 ὅσον
2709 2216 2974 2291 ἀπέχουσι
3003 2259 3017 2278 ,
3067 2216 3371 2287 [τοςοῦτον]
3430 2210 3786 2287 ἀδρανέστερον

2148 2302 2244 2358 τοῦ
2276 2303 2580 2382 φθέγματος
2612 2304 2940 2378 ἀκροῶνται”
2975 2305 3026 2358 οἱ
3065 2301 3123 2358 δὶ
3167 2300 3254 2357 ἐπὶ
3313 2306 3501 2374 μεῖζον
3539 2298 3791 2372 διάστημα

2150 2392 2553 2468 κεχωρισμένοι
2609 2391 2922 2448 πολλοστόν
2983 2413 3033 2445 τι
3081 2392 3245 2466 μέρος
3301 2391 3396 2445 καὶ
3439 2387 3789 2462 ἀμυδρότατον

2149 2485 2245 2535 τοῦ
2302 2481 2675 2556 ἀπηχήματος
2731 2477 3132 2554 λαμϐάνουσιν,
3194 2481 3270 2544 ὡς
3311 2486 3506 2557 ιρωνῆς
3559 2479 3650 2551 μὲν
3679 2477 3794 2546 ἀσή-

2155 2591 2260 2642 μου
2314 2570 2460 2632 τινὸς
2520 2571 2768 2642 ἀκοῦσαι,
2827 2572 2902 2642 μὴ
2960 2577 3155 2640 νοῆσαι
3204 2569 3266 2623 τὸ
3297 2567 3365 2623 δὶ
3393 2571 3438 2606 ⁸⁹
3485 2563 3791 2643 έκφωνηθέν·

2149 2657 2406 2714 τοσοῦτον
2439 2653 2579 2713 ἔστιν
2616 2655 2911 2714 ὑπολαϐεῖν
2935 2660 2996 2714 τὸ
3027 2656 3262 2728 ἡλιακὸν
3288 2661 3413 2736 φῶς
3440 2661 3518 2729 τῷ
3549 2655 3795 2726 ἀληθινῷ,

2151 2749 2224 2809 ὡς
2255 2749 2341 2802 καὶ
2376 2743 2732 2820 ἀσύμϐλητον
2768 2749 2900 2802 εἶναι
2931 2747 2993 2802 τὸ
3025 2748 3207 2819 μέσον.

2224 2835 2401 2894 Ἀλλά
2455 2837 2544 2890 καὶ
2602 2839 2738 2910 πρὸς
2810 2837 2908 2905 τήν
2968 2837 3174 2910 γένεσιν
3211 2879 3224 2892 .
3280 2836 3389 2904 Μὴ
3447 2832 3665 2908 νομίσῃς
3712 2831 3790 2886 τὸν

2151 2922 2312 2992 ἥλιον
2345 2926 2625 2998 γενέσεως,
2739 2931 2908 2996 ζωῆς,
2953 2923 2990 2993 ἢ
3041 2923 3350 2994 αὐξήσεως,
3399 2924 3428 2992 ἢ
3475 2920 3792 2991 τελειότητος

2153 3012 2323 3068 αἶ’τιον
2376 3014 2511 3068 εἶναι
2565 3018 2674 3069 τῶν
2736 3011 2908 3068 ὄντων
2962 3013 3132 3075 τινός·
3169 3012 3357 3088 ὥσπερ
3417 3009 3541 3066 οὐδὲ
3590 3008 3718 3066 ἄλλο
3743 3029 3786 3062 τι

2153 3108 2427 3178 στοιχεῖον
2485 3107 2548 3170 ⁴⁰,
2596 3103 2641 3157 εἰ
2691 3103 2780 3157 καὶ
2840 3100 3046 3179 σφόδρα
3093 3101 3255 3177 τύχοι
3314 3106 3424 3156 τῶν
3483 3098 3779 3174 ἀναγκαίων,

2153 3192 2265 3246 οἷον
2318 3191 2381 3246 τὸ
2439 3189 2608 3266 ὕδωρ·
2671 3188 2894 3245 δυνατὸν
2948 3192 3048 3265 γὰρ
3107 3192 3256 3263 ἡμᾶς
3315 3188 3643 3266 διαγενέσθαι
3703 3185 3779 3240 καὶ

380 3279 514 3334 dem
547 3278 870 3334 consistere
900 3285 956 3335 et
995 3288 1217 3352 absque
1269 3281 1390 3337 sole
1439 3287 1496 3338 et
1543 3299 1716 3353 aqua,
1767 3285 2036 3354 quamvis

2152 3279 2318 3349 ἡλίου
2369 3261 2568 3356 χωρὶς,
2618 3280 2708 3336 καὶ
2758 3261 2975 3348 ὕδατος,
3021 3261 3073 3334 εἰ
3131 3261 3219 3334 καὶ
3273 3281 3353 3353 μὴ
3385 3261 3626 3348 τελείως,
3673 3272 3785 3330 ἀλλ’

384 3367 584 3422 minus
636 3368 909 3438 perfecte,
960 3374 1218 3425 attamen
1268 3370 1443 3443 longo
1495 3376 1760 3443 tempore
1797 3389 1809 3427 :
1845 3389 2039 3429 verum

385 3456 540 3511 Deus
573 3456 767 3512 sciens
792 3458 1009 3529 [omne]
1046 3458 1231 3531 frigus
1249 3476 1378 3515 esse
1409 3462 1651 3517 omnino
1683 3462 2038 3529 sterile,mo-

387 3545 657 3600 deratum
687 3551 886 3601 autem
926 3546 1177 3603 calorem
1227 3549 1297 3603 ad
1349 3551 1784 3620 generationem
1831 3552 2040 3619 facere,

387 3639 564 3704 atque
596 3633 807 3706 stirpes
831 3641 886 3690 et
917 3638 1145 3692 semina
1164 3637 1427 3708 indigere
1453 3638 1847 3706 caloris,sicut
1869 3641 2041 3696 etiam

385 3738 630 3792 corpora
660 3724 859 3778 omnia
897 3741 1024 3795 quae
1074 3725 1190 3780 vita
1225 3725 1500 3781 fruuntur
1553 3743 1653 3781 seu
1701 3727 1904 3782 sensili
1937 3746 2038 3785 seu

381 3810 742 3882 vegetativa;
780 3812 967 3867 multa
987 3829 1122 3868 vero
1154 3816 1515 3885 purgare,ita
1541 3820 1604 3870 ut
1635 3815 1693 3870 in
1725 3817 2038 3872 candorem

379 3899 661 3968 ferantur,
693 3899 848 3954 sicut
889 3906 1080 3956 vestes
1129 3907 1186 3957 et
1215 3903 1365 3969 alia;
1403 3918 1681 3958 renovare
1721 3909 1916 3960 autem
1949 3921 2039 3960 se-

377 3988 541 4043 mina
573 4005 705 4060 quaa
733 3990 1108 4056 refrixerunt,
1137 3993 1268 4059 ejus
1301 3992 1380 4046 rei
1435 3992 1625 4063 gratia
1655 3992 1836 4048 solem
1874 4010 1936 4048 se
1959 3994 2041 4050 ita

379 4076 598 4132 habere
633 4077 789 4145 fecit,
820 4085 883 4134 ut
931 4080 1087 4135 dicta
1118 4081 1317 4135 omnia
1358 4081 1641 4136 creatoris
1687 4097 1863 4153 opera
1896 4100 2036 4154 pre-

376 4171 515 4232 stet,
551 4183 686 4222 cum
720 4185 837 4222 non
870 4185 938 4222 ex
968 4185 1076 4223 sua
1108 4169 1406 4225 voluntate
1428 4176 1530 4225 aut
1551 4171 1765 4226 virtute
1789 4177 2041 4242 potesta-

373 4259 498 4310 tem
551 4256 857 4326 acceperit.
912 4256 1058 4311 Dicit
1119 4257 1228 4313 hoc
1280 4259 1530 4329 perfecte
1599 4259 1658 4314 S.
1704 4259 2035 4333 Dionysius,

379 4350 664 4414 tanquam
709 4343 970 4415 seipsum
1007 4345 1263 4418 amplius
1318 4352 1651 4418 exponeret,
1702 4348 1944 4405 inferius
1978 4351 2033 4405 in

371 4432 487 4488 ﬁne
532 4432 746 4504 capitis
793 4433 1006 4505 quinti,
1058 4440 1235 4506 atque
1285 4437 1344 4490 in
1399 4437 1514 4492 ﬁne
1558 4438 1729 4507 sexti,
1776 4437 2034 4511 intellige

371 4521 594 4594 [igitur]
631 4537 858 4579 secure.
893 4540 1083 4596 neque
1115 4526 1485 4596 pervertaris.

435 4700 528 4753 Est
560 4717 837 4757 mensura.
875 4703 987 4758 Sed
1041 4704 1261 4759 dicitur
1308 4721 1588 4760 mensura
1635 4710 1694 4760 et
1744 4722 2028 4762 numerus

364 4790 813 4860 tempestatum,
850 4798 1159 4862 propterea
1189 4793 1344 4863 quod
1398 4793 1551 4849 diem
1587 4794 1868 4867 incipiat;
1903 4797 2028 4852 dies

365 4881 562 4933 autem
617 4879 880 4934 revoluta
930 4881 1110 4936 efficit
1161 4898 1420 4948 annum;
1476 4883 1604 4938 ideo
1653 4891 1893 4940 vocatus
1938 4891 2027 4941 est

366 4981 666 5037 mensura,
736 4969 916 5024 veluti
986 4975 1248 5026 nostram
1313 4971 1560 5028 metiens
1608 4975 1827 5041 vitam;
1881 4975 2023 5032 dicit

365 5053 523 5108 enim
559 5073 570 5110 :
613 5059 897 5128 Temporis
926 5061 1105 5114 nostri
1134 5062 1398 5115 universi.

439 5144 543 5198 Hoc
571 5145 720 5200 enim
748 5151 828 5201 est
858 5147 1004 5202 illud
1035 5147 1241 5203 lumen.
1278 5147 1426 5204 Nota
1458 5150 1659 5218 solem,
1687 5154 1860 5208 etiam
1883 5171 2016 5210 cum

360 5232 551 5302 ﬁgura
583 5241 827 5302 careret,
867 5240 984 5290 tres
1017 5237 1172 5292 130
1204 5237 1331 5292 dies
1361 5240 1460 5309 qui
1495 5244 1623 5310 ejus
1659 5244 2014 5299 creationem

357 5327 790 5390 praecesserunt
820 5323 1176 5391 illustrasse,
1221 5333 1398 5398 atque
1447 5327 1634 5384 lucem
1669 5348 1792 5398 quas
1826 5334 2015 5400 prima

357 5409 646 5480 producta
678 5411 807 5482 fuit,
840 5410 932 5467 die
963 5419 1174 5484 quarta
1205 5415 1263 5469 in
1297 5415 1482 5472 solem
1530 5422 2011 5477 transl‘ormalam

2154 3367 2245 3424 οὖν
2279 3369 2456 3424 ἱκανὸν
2490 3369 2724 3444 χρόνονο
2753 3367 2880 3425 ἀλλ’
2909 3366 3068 3431 εἰδὼς
3103 3370 3130 3424 6
3161 3368 3314 3438 Θεὸς,
3352 3367 3433 3424 ὅτι
3480 3369 3542 3423 τὸ
3577 3367 3663 3440 μὲν
3692 3367 3782 3438 ψυ-

2152 3459 2286 3534 χρὸν
2324 3457 2507 3532 [ἅπαν]
2556 3460 2770 3532 ἄγονον·
2820 3459 3126 3520 παντελῶςο
3179 3458 3242 3512 τὸ
3275 3455 3337 3512 δὲ
3385 3455 3785 3532 μεμετρημένως

2152 3549 2351 3623 Θερμὸν
2403 3553 2795 3623 γενεσιουργεῖ,
2844 3549 2935 3602 καὶ
2992 3547 3076 3602 ὅτι
3120 3547 3187 3602 τὰ
3236 3547 3379 3625 φυτὰ
3423 3545 3602 3601 καὶτὰ
3640 3543 3782 3618 σπέρ-

2155 3656 2296 3708 ματα
2327 3638 2664 3711 θερμότητος
2702 3634 2893 3703 δεῖται,
2922 3636 2996 3698 ὡς
3028 3636 3118 3690 καὶ
3165 3635 3231 3690 τὰ
3277 3637 3507 3708 σώματα
3543 3633 3701 3688 πάντα
3725 3630 3783 3683 τὰ

2155 3726 2298 3792 ζωὴν
2353 3719 2553 3798 ἔχοντα
2603 3722 2706 3779 εἴτε
2763 3725 3084 3796 αἰσθητικὴν
3141 3724 3250 3779 εἴτε
3309 3725 3555 3802 φυτικήν·
3609 3717 3782 3783 mea!-

2151 3833 2333 3886 ρονται
2367 3810 2422 3867 δὲ
2448 3813 2653 3883 πολλὰ,
2685 3813 2759 3876 ὠς
2789 3815 2878 3868 καὶ
2930 3813 3004 3877 εἷς
3052 3812 3358 3883 λευκότητα
3406 3814 3668 3892 φέρεσθαι,
3713 3806 3779 3868 ὠς

2150 3901 2372 3971 ἐσθῆτες
2420 3902 2507 3958 καὶ
2557 3901 2719 3958 ἅλλα·
2751 3904 2967 3959 ἀνανιοῖ
3019 3902 3076 3959 δὲ
3122 3905 3212 3958 καὶ
3255 3905 3325 3959 τὰ
3379 3904 3608 3979 ψυγέντα
3636 3899 3779 3967 σπέρο

2154 4011 2316 4064 ματαο
2363 3991 2559 4046 τούτου
2608 3994 2770 4067 χάριν
2820 3993 2912 4046 τὸν
2961 3990 3126 4061 ἥλιον
3177 3991 3353 4055 οὕτως
3405 3991 3548 4066 ἒχειν
3587 3987 3779 4068 φύσεως

2149 4080 2544 4152 ἐποίησεν,’ίνα
2590 4084 2657 4138 τά
2705 4084 2969 4158 εἷ’ρημένα
3021 4083 3194 4138 πάντα
3251 4089 3389 4158 ποιῇ
3439 4083 3496 4138 ἐκ
3549 4085 3640 4136 τοῦ
3693 4075 3781 4145 δη-

2151 4177 2441 4246 μιουργοῦ,
2498 4173 2560 4226 τὸ
2620 4171 2877 4236 δύνασθαι
2938 4168 3123 4228 λαϐὼν
3185 4174 3288 4228 οὑκ
3332 4174 3391 4228 ἐκ
3441 4168 3778 4248 προαιρέσεως

2148 4257 2288 4324 ἰδίας
2338 4260 2371 4329 ἢ
2427 4259 2725 4335 δυνάμεως.
2783 4267 2954 4317 Τοῦτο
3011 4261 3240 4324 τελείως
3300 4264 3456 4340 φησὶν
3518 4256 3776 4333 ὁᾶγιος⁴¹

2147 4350 2449 4420 Διονύσιος,
2511 4351 2693 4406 ἑαυτὸν
2772 4351 2953 4428 ὥσπερ
3026 4351 3456 4426 έπεξηγούμενος
3509 4346 3777 4418 κατωτέρω

2146 4437 2196 4492 ἐν
2255 4443 2334 4510 τῷ
2393 4437 2538 4495 τέλει
2589 4445 2686 4495 τοῦ
2743 4439 2997 4514 πέμπτου
3055 4438 3355 4517 κεφαλαίου
3391 4484 3404 4510 ,
3464 4439 3551 4493 καὶ
3607 4435 3654 4489 ἐν
3705 4435 3776 4501 τῷ

2141 4526 2286 4582 τέλει
2335 4532 2431 4582 τοῦ
2483 4527 2661 4587 ἕκτου.
2709 4529 2834 4584 Νόει
2889 4529 3030 4602 [οὖν]
3079 4527 3359 4606 ἀσφαλῶς,
3409 4529 3498 4584 καὶ
3552 4525 3624 4599 μὴ
3670 4519 3772 4576 δια·

2065 4630 2110 4696 D
2143 4615 2393 4695 στρέφου.

2210 4706 2417 4782 Μέτρον
2474 4708 2603 4764 ἐστί.
2667 4707 2878 4783 Μέτρον
2938 4705 3027 4762 διὰ
3072 4711 3234 4763 τοῦτο
3291 4707 3501 4784 λέγεται
3551 4705 3578 4758 6
3623 4697 3771 4784 ἤλινς

2137 4795 2226 4850 καὶ
2276 4797 2505 4872 ἀριθμὸς
2552 4799 2732 4874 ὡρῶν,
2780 4794 2969 4866 ἐπειδὴ
3013 4801 3113 4866 τῆς
3161 4798 3372 4872 ἡμέρας
3423 4793 3595 4870 ἄρχει·
3645 4791 3676 4859 ἦ
3721 4783 3771 4840 δὲ

2135 4885 2317 4960 ἡμέρα
2365 4885 2814 4958 ἀνακυκλουμένη
2863 4886 2955 4940 τὸν
3021 4886 3222 4962 χρόνον
3264 4890 3432 4940 ποιεῖ·
3488 4881 3576 4938 διὰ
3623 4881 3768 4933 τοῦτο

2137 4976 2332 5046 μέτρον
2365 4975 2598 5046 ἐκλήθη,
2633 4979 2723 5030 οἶα
2759 4977 2858 5044 τήν
2889 4977 3161 5051 ἡμετέραν
3198 4979 3408 5052 μετρῶν
3441 4973 3603 5042 ζωήν·
3636 4966 3768 5040 λέγει

2130 5065 2231 5139 γὰρ
2264 5066 2465 5127 παντὸς
2496 5070 2593 5120 τοῦ
2625 5066 2745 5120 καθ’
2766 5067 2914 5138 ἡμᾶς
2947 5065 3175 5141 χρόνου.
3543 5065 3556 5081 ’

2200 5153 2343 5208 Αὐτὸ
2401 5155 2500 5228 γὰρ
2561 5155 2675 5209 ἐστι
2728 5155 2791 5209 τὸ
2841 5157 2978 5232 φῶς.
3029 5154 3344 5226 Σημείωσαι
3404 5151 3486 5206 ὅτι
3543 5149 3570 5203 6
3625 5143 3771 5213 ἥλιος

2127 5243 2217 5297 καὶ
2261 5244 2356 5304 τὰς
2405 5250 2552 5319 τρεῖς
2600 5244 2810 5319 ἠμέρας
2859 5244 2953 5305 τὰς
3001 5245 3110 5318 πρὸ
3159 5251 3258 5312 τῆς
3301 5241 3466 5298 αὐτοῦ
3515 5237 3768 5304 ποιήσεως

2125 5330 2382 5406 ἐφώτιζεν
2418 5335 2834 5407 ἀσχημάτιστος
2868 5331 2965 5387 ὤν·
3001 5332 3089 5388 καὶ
3143 5332 3226 5387 ὅτι
3276 5332 3340 5388 τὸ
3382 5329 3765 5405 πρωτόκτιστον

2125 5426 2239 5485 φῶς
2293 5426 2362 5496 τῇ
2415 5424 2646 5499 τετάρτῃ
2697 5422 2881 5499 ἡμέρᾳ
2938 5421 3418 5499 μετεσχηματίσθη
3478 5417 3551 5479 εἷς
3590 5410 3758 5482 ἤλιον⁸

1395 5597 1638 5655 VARI/ﬂ
1669 5601 2061 5660 LEGTlONES
2083 5604 2172 5660 ET
2203 5604 2767 5663 CORRECTIONES.

436 5716 482 5750 3°
509 5720 698 5785 νοῆσαι
734 5713 790 5770 δὲ
818 5717 902 5774 τὸ.
978 5722 1022 5756 ⁴⁰
1049 5723 1154 5774 τῶν
1187 5721 1499 5796 στοιχείων.
1582 5726 1621 5761 ³1
1651 5725 1811 5787 Θειος.
