4034 6386
236 385 336 439 249

1003 388 1063 440 S.
1103 384 1379 439 MAXIM!
1419 384 1725 439 SCHOLIA
1761 381 1838 435 IN
1874 380 2006 434 LIB.
2047 382 2144 433 DE
2179 383 2453 438 DIVINIS
2488 385 2900 439 NOMINIBUS.

3555 385 3664 440 250

229 509 313 566 καὶ
345 508 436 565 ὅτι
466 511 698 585 ἡμερῶν
726 507 923 581 τριάδα
971 509 1160 584 φησὶν,
1218 508 1294 571 ὡς
1337 507 1428 563 καὶ
1469 509 1497 562 6
1533 505 1697 584 μέγας
1728 503 1890 561 Βασί-

2013 506 2216 576 fuisse;
2252 523 2504 581 eumque
2535 509 2863 565 ternionem
2888 509 3114 567 dierum
3147 511 3361 580 dicere,
3385 515 3450 568 ut
3479 511 3656 568 etiam

231 600 374 662 λειος
434 599 489 654 ἂν
529 602 601 673 τῇ
657 599 980 674 Ἐξαημὲρῳ
1035 600 1219 674 σαφῶς
1263 615 1447 675 φησιν·
1481 595 1654 652 ἐκεῖνο
1700 591 1757 648 ὃὶ
1817 593 1893 667 μὴ

228 687 627 764 παραδράμῃς,
676 686 758 743 ὅτι
789 689 857 743 τὰ
895 687 1274 762 προειρημὲνα
1313 684 1374 740 οὐ
1404 686 1527 760 περὶ
1559 686 1655 738 τοῦ
1706 682 1894 753 ἡλίου,

227 776 377 833 ἀλλὰ
404 777 533 853 περὶ
563 781 663 832 τοῦ
694 775 1158 853 σχηματισθέντος
1188 775 1265 838 εἷς
1295 773 1456 846 ἥλιον
1488 773 1896 850 πρωτοκτίστου

229 869 414 945 φωτὸς
447 864 584 942 ἒῤῥή
594 867 662 937 θη
675 910 686 922 .

294 961 384 1019 Ὠς
410 953 708 1031 ἐναρχική.
737 955 1032 1012 Τουτὲστιν
1065 954 1214 1030 ἀρχὴ
1245 955 1332 1009 καὶ
1367 953 1514 1008 αἰτία
1542 959 1642 1023 τῆς
1668 952 1806 1024 πρὸς
1833 952 1896 1006 τὸ

223 1042 396 1107 ὅντως
431 1045 684 1107 ἐνώσεως
713 1045 749 1114 ἢ
782 1045 1126 1118 ὁμοιώσεως.

286 1226 399 1283 Καὶ
435 1224 502 1280 οὗ
534 1223 742 1300 ἐφίεται
794 1226 986 1283 πάντα.
1047 1226 1188 1302 ’Ὀρα
1246 1229 1366 1286 πῶς
1421 1222 1714 1300 διαιρεῖτᾶ
1769 1220 1898 1277 ὅντα

210 1317 413 1388 πάντα,
448 1315 543 1370 καὶ
575 1315 700 1390 περῖ
730 1314 822 1368 τὸν
849 1317 1062 1369 πάντων
1097 1310 1225 1369 ὄντα
1280 1310 1528 1390 βασιλέα,
1592 1313 1652 1366 οὗ
1708 1309 1797 1365 καὶ
1829 1312 1896 1365 τὰ

210 1401 342 1460 ὅντα
405 1403 617 1480 ἐφίεται
667 1404 831 1460 πάτα.
895 1403 1068 1473 Φησὶν
1130 1402 1222 1458 οῦν
1276 1407 1493 1478 πρῶτον
1542 1401 1722 1476 νοερὰ,
1784 1401 1896 1455 εἶτα

213 1493 662 1569 λογικά.Νοερά
691 1492 783 1548 οὗν
843 1493 944 1547 εἶσι
993 1493 1060 1548 τὰ
1123 1495 1199 1566 μή
1255 1492 1563 1568 μεμιγμένα
1622 1492 1892 1562 σώμασιν,

215 1587 331 1640 οἷον
407 1585 465 1637 αἱ
524 1584 890 1658 ὑπερκόσμιοι
923 1580 1178 1656 δυνάμεις
1237 1587 1424 1636 πᾶσαι·
1477 1579 1677 1655 λογικὰ
1726 1577 1783 1634 δὲ
1843 1580 1894 1634 αἱ

217 1672 570 1748 ἀνθρώπιναι
624 1672 825 1747 ψυχαὶ,
878 1672 931 1726 αἱ
978 1673 1078 1741 τὴν
1109 1672 1295 1746 σχέσιν
1358 1668 1584 1745 ἔχουσαι
1642 1669 1779 1742 πρὸς
1834 1669 1895 1723 τὸ

220 1766 405 1833 σῶμα,
453 1762 641 1825 καθώς
684 1759 825 1816 ἐστιν
859 1762 887 1815 6
935 1760 1194 1831 αἰσθητὸς
1247 1758 1548 1834 ἄνθρωπος’
1601 1757 1646 1813 εἷ
1705 1757 1805 1833 γὰρ
1866 1758 1893 1811 6

224 1850 324 1906 ἴσω
369 1848 674 1927 ἅνθρωπος
730 1849 898 1922 μόνον
951 1849 1180 1926 ἐνεργεῖ,
1225 1850 1362 1904 κατά
1391 1850 1480 1903 τὸν
1532 1845 1892 1915 Ἀπόστολον,
1927 1880 1972 1944 Β

227 1937 496 1994 τουτέστιν
547 1941 581 2008 ἡ
616 1939 796 2013 ψυχὴ,
825 1939 900 2012 μὴ
931 1939 1033 2007 τήν
1063 1945 1234 1993 πᾶσαν
1286 1936 1490 2014 ἔχουσα
1536 1938 1722 2013 σχέσιν
1755 1937 1892 2014 πρὸς

219 2034 396 2102 σῶμα,
431 2027 564 2083 τότε
591 2029 774 2102 νοερὸς
806 2029 834 2083 6
880 2026 1188 2103 ἅνθρωπος,
1247 2027 1309 2082 οὐ
1362 2029 1472 2102 μὴν
1518 2027 1756 2101 λογικῶς
1797 2047 1892 2080 κα-

215 2117 371 2174 λοῖτο
403 2116 495 2189 ἂν,
519 2118 660 2172 κατὰ
688 2118 750 2171 τὸ
779 2122 884 2172 πᾶν
915 2122 1052 2186 ζῶον
1074 2119 1137 2172 τὸ
1170 2116 1229 2172 ἐκ
1251 2117 1505 2191 σώματος
1535 2116 1624 2171 καὶ
1659 2115 1895 2191 λογικῆς

210 2211 402 2284 ψυχῆς
468 2208 764 2269 συνεστώς.
816 2211 1140 2270 Γνωστικῶς
1181 2204 1237 2262 δέ
1288 2229 1420 2282 φησι
1477 2208 1544 2261 τὰ
1595 2205 1756 2281 νοερᾶ
1801 2205 1891 2260 καὶ

209 2297 420 2372 λογικᾶ
453 2295 697 2372 ἐφίεσθαι
756 2300 854 2350 τοῦ
909 2300 1064 2365 Θεοῦ,
1109 2296 1182 2358 ὡς
1215 2295 1368 2374 φύσει
1428 2295 1745 2372 προσούσης
1793 2294 1891 2348 αὐ-

205 2393 327 2449 τοῖς
359 2393 470 2456 τῆς
501 2384 732 2462 ὀρέξεως
759 2385 988 2457 ταύτης,
1020 2389 1120 2440 τοῦ
1150 2391 1351 2462 γνῶναι
1383 2385 1476 2440 τὸν
1505 2389 1611 2440 τῶν
1669 2385 1888 2439 πάντων

214 2474 477 2552 βασιλέα,
509 2474 602 2529 καὶ
639 2474 888 2552 μετέχειν
947 2482 1050 2545 τῆς
1101 2474 1442 2550 ἆγαθότητος
1473 2474 1660 2543 αὐτοῦ,
1695 2471 1782 2528 διὰ
1831 2475 1890 2528 τὸ

210 2568 344 2620 εἶναι
377 2566 486 2635 τὴν
542 2567 730 2641 ψυχὴν
764 2565 1074 2640 γνωστικὴν
1095 2564 1187 2619 καὶ
1240 2563 1492 2640 λογικὴν,
1519 2562 1704 2627 καλῶς
1735 2562 1891 2638 λὲγε-

208 2675 296 2708 ται
349 2655 447 2709 καὶ
477 2655 513 2723 ἡ
575 2649 754 2732 ἔφεσις
800 2657 897 2708 τοῦ
928 2653 1151 2728 ἀγαθοῦ.
1201 2653 1280 2708 Τὰ
1311 2650 1368 2707 δὲ
1398 2651 1574 2727 ἄλογα
1607 2656 1718 2720 ζῶα
1773 2651 1890 2705 κατ’

210 2744 382 2812 αὐτὴν
413 2745 520 2812 τήν
555 2743 880 2814 αἰσθητικὴν
945 2739 1175 2815 δύναμιν
1221 2747 1366 2812 ζωῆς
1397 2741 1620 2819 ἒφίεταγ
1656 2738 1740 2795 διὸ
1799 2739 1888 2794 καὶ

210 2837 306 2888 τοῦ
336 2832 574 2908 ἀγαθοῦο
631 2834 700 2887 τὰ
757 2829 815 2887 δὶ
863 2830 1183 2902 ἀναίσθητα,
1234 2834 1348 2885 οἷον
1393 2832 1460 2886 τὰ
1491 2831 1632 2906 φυτὰ
1677 2830 1766 2884 καὶ
1822 2828 1890 2884 τὰ

214 2923 406 2998 ἄψυχα
459 2920 550 2976 καί
583 2923 753 2992 ἄζωα,
787 2921 991 2998 ἐφίεται
1045 2921 1142 2994 μὶν
1175 2925 1416 2998 φυσικῶς
1435 2924 1480 2957 ⁴²
1528 2925 1627 2975 τοῦ
1659 2915 1882 2996 ἀγαθοῦ,

212 3012 272 3068 οὗ
307 3013 424 3085 μὴν
455 3009 552 3066 ’ίνα
581 3012 672 3066 καὶ
720 3015 836 3086 γνῷ
879 3009 1034 3083 αὐτὸ,
1087 3008 1215 3065 ἀλλ’
1241 3007 1334 3065 ’ίνα
1369 3009 1548 3085 μείνῃ,
1583 3007 1714 3085 ὅπερ
1775 3007 1886 3063 ἰστὶ

213 3101 379 3174 μόνον
413 3105 488 3175 τῇ
512 3105 716 3178 φυσικῇ
748 3099 922 3174 ἐφέσει
955 3099 1292 3174 συνεχόμενα
1331 3102 1477 3176 παρὰ
1532 3101 1628 3154 τοῦ
1687 3099 1885 3175 ἀγαθοῦ

207 3190 282 3253 εἰς
312 3192 378 3246 τὸ
412 3193 559 3246 εἶναι
591 3190 747 3245 αὐτά.

278 3463 467 3516 Πάντα
520 3457 704 3533 ἀολλῇ
751 3463 922 3516 ποιεῖ.
976 3456 1213 3528 ’Δολλῆ,
1248 3457 1707 3533 συνηθροισμένοι.
1764 3459 1889 3516 ’Ότι

211 3551 240 3605 6
270 3549 442 3619 ἥλιος
478 3548 697 3624 λέγεται
730 3549 880 3623 παρᾶ
901 3548 964 3602 τὸ
993 3546 1178 3613 ἀολλῆ
1208 3553 1384 3602 ποιεῖν
1431 3548 1523 3602 καὶ
1558 3547 1800 3622 συνάγειν
1823 3549 1892 3602 τὰ

219 3636 691 3712 διεσκεδασμένοι,
749 3637 840 3692 καὶ
897 3636 978 3692 ὅτι
1037 3636 1250 3712 ἀναιρεῖ
1305 3637 1366 3690 τὸ
1417 3639 1553 3691 εἷναι
1613 3637 1738 3691 Θεὸν
1797 3637 1888 3692 τὸν

225 3727 406 3800 ἥλιον,
435 3727 483 3783 εἰ
534 3727 628 3782 καὶ
661 3724 850 3781 πολλά
881 3723 1170 3800 εἷ’πομενλ⁸
1197 3731 1298 3793 τῆς
1354 3724 1594 3800 εὐχερῶς
1655 3722 1894 3802 δίαστρε-

234 3817 468 3894 φομὲνης
501 3814 769 3871 δοκοῦντα
800 3813 1013 3870 ἐναντία
1045 3817 1203 3870 εἶναι.

297 3907 444 3963 Κατὰ
502 3906 597 3960 τὸν
659 3912 760 3974 τῆς
829 3903 1224 3974 παλαιότητος.
1293 3903 1441 3958 Κατᾶ
1484 3905 1576 3959 τὸν
1635 3909 1731 3970 τῆς
1787 3926 1888 3960 πα-

221 3994 525 4066 λαιότητος
563 3993 757 4071 λόγον,
791 3993 827 4063 ἢ
860 3995 944 4048 ὅτι
976 3991 1254 4062 Ἕλληνες
1289 3995 1559 4069 ὑπῆρχον,
1589 3997 1731 4057 θεῖος
1764 4003 1891 4049 Διο-

213 4085 406 4146 νύσιος
456 4085 551 4140 καὶ
585 4085 613 4139 6
663 4090 805 4147 θεῖος
846 4082 1110 4156 Τιμόθεος
1131 4086 1197 4156 ⁴⁴,
1254 4083 1328 4145 ὡς
1387 4083 1437 4138 ἐν
1483 4089 1604 4147 ταῖς
1663 4085 1892 4160 Πράξεσι

211 4180 324 4230 τῶν
360 4173 538 4250 ἀγίων
581 4173 904 4228 ἀποστόλων
959 4171 1246 4241 δηλοῦται·
1278 4172 1313 4241 ἢ
1370 4174 1460 4228 τὸν
1515 4174 1697 4247 μωρὸν
1754 4175 1890 4248 [τὸν]

209 4269 325 4318 τῶν
357 4261 654 4333 Ἑλλήνων
688 4260 851 4336 λόγον
900 4260 1054 4339 φησί’
1087 4261 1319 4316 παλαιὸν
1371 4261 1472 4337 γὰρ
1521 4263 1611 4316 καὶ
1662 4264 1892 4340 ἀρχαῖον

211 4356 257 4389 ⁸⁸
281 4353 381 4406 τὸν
416 4350 587 4421 ἥλιον
622 4348 831 4426 ἔλεγον,
857 4352 933 4413 ὡς
967 4350 1016 4406 ἐν
1049 4352 1119 4423 τῇ
1146 4347 1414 4424 κωμῳδίᾳ
1443 4349 1675 4425 εἷ’ρηται.

285 4441 726 4517 Ἀνακαθαίρειν.
820 4438 1047 4515 Εἴρηται
1131 4440 1252 4515 γάρ·
1335 4439 1671 4516 Προσέλθετε
1755 4443 1894 4519 πρὸς

216 4531 409 4600 αὐτὸν,
443 4532 532 4586 καὶ
569 4529 898 4606 φωτίσθητε·
933 4531 1021 4585 καὶ
1055 4529 1121 4584 τὰ
1167 4527 1437 4606 πρόσωπα
1489 4531 1641 4603 ὑμῶν
1694 4531 1759 4587 οὐ
1813 4534 1888 4607 μὴ

215 4641 360 4677 κατα
370 4640 532 4697 ισχυν
541 4623 609 4694 θῇ
619 4665 632 4676 .

291 4712 423 4768 ’Ότι
465 4710 750 4784 ἠγάπησαν
783 4706 950 4765 πολύ.
983 4712 1076 4780 Τῷ
1113 4709 1216 4782 γὰρ
1268 4707 1548 4784 ἀγαπῶντι
1606 4708 1753 4764 πολὺ
1805 4713 1894 4766 καὶ

222 4799 418 4871 [πολὺ]
453 4797 764 4869 δοθήσεται·
796 4798 876 4852 τῶ
909 4795 967 4852 δὲ
1023 4793 1245 4852 ἔλαττον
1270 4798 1333 4865 ⁴²,
1394 4799 1532 4872 πρὸς
1585 4797 1648 4853 τὸ
1698 4798 1891 4875 μέτρον

215 4895 320 4959 τῆς
355 4887 745 4963 ἀγάπηςοεπερ
777 4885 927 4962 λέγει
961 4885 1184 4955 ἄνω,ὅτι
1211 4883 1358 4956 τάξις
1378 4885 1468 4941 καὶ
1504 4884 1697 4963 μέτρον
1729 4890 1890 4962 ἡμῶν

221 4979 370 5034 ἐστιν
402 4978 432 5032 ὁ
466 4976 620 5039 θεός.

289 5069 450 5138 §VL
513 5066 617 5122 Καὶ
673 5064 1066 5140 ὑπερκόσμιον.
1115 5063 1192 5120 Τὸ
1240 5062 1611 5138 ὗπερκόσμιον
1645 5064 1893 5142 εἰρῆσθαι

211 5161 373 5225 νοῦν,
436 5153 512 5217 ὥς
541 5175 705 5210 τινων
771 5153 864 5227 μὲν
901 5153 1033 5227 ὑπὲρ
1063 5152 1190 5214 τοὺς
1236 5153 1440 5215 πάντας
1465 5154 1707 5227 κόσμους
1730 5151 1896 5212 ὄντων

210 5250 364 5301 νοῶν
424 5245 594 5320 ἀγίων
649 5244 935 5314 ἀνωτάτω,
985 5241 1184 5314 τάξεων
1229 5241 1564 5317 ἀγγελικῶν,
1621 5249 1778 5299 τινῶν
1839 5245 1896 5304 δὲ

294 5411 378 5480 (υ)
410 5407 564 5465 Psal.
595 5423 802 5478 χχχιιι,
829 5409 886 5462 6.

2007 612 2256 669 magnus
2288 598 2543 655 Basilius
2572 599 2630 654 in
2664 599 3018 656 Hexaemero
3063 605 3260 673 aperte
3302 601 3473 659 dicit:
3508 601 3656 658 illud

2005 691 2200 744 autem
2254 705 2366 744 non
2425 689 2858 762 praetermittas,
2893 690 3174 747 nimirum
3223 707 3291 748 ea
3337 709 3466 762 quae
3519 695 3656 748 ante

2007 777 2163 834 dicta
2194 783 2356 849 sunt,
2390 797 2503 834 non
2539 781 2610 835 de
2639 780 2781 847 sole,
2815 780 2915 836 sed
2949 781 3020 837 de
3050 781 3242 852 prima
3274 786 3469 838 creata
3499 781 3653 853 luce,

2007 883 2134 938 quae
2164 867 2225 922 in
2256 867 2439 924 solem
2472 869 2896 942 transﬁgurata
2925 873 3033 939 est,
3068 870 3200 926 dici.

2079 957 2357 1029 Tanquam
2384 960 2723 1030 principium
2752 961 3005 1027 unitatis,
3037 959 3134 1017 Gr.
3169 958 3244 1020 ὠς
3275 957 3561 1034 ἐναρχική,
3597 961 3655 1015 id

2007 1050 2095 1101 est
2125 1047 2478 1118 principium
2511 1052 2568 1103 et
2597 1065 2775 1105 causa
2798 1049 3082 1105 unitionis
3106 1048 3193 1104 vel
3226 1049 3659 1120 similitudinis,

2007 1152 2136 1206 quae
2167 1151 2364 1191 revera
2393 1137 2530 1192 talis
2561 1142 2665 1193 est.

2081 1225 2343 1298 Quodque
2410 1231 2674 1299 appetunt
2733 1230 2948 1285 omnia.
3007 1228 3152 1284 Vide
3211 1229 3507 1301 quomodo
3575 1245 3668 1284 res

2007 1331 2212 1371 omnes
2244 1316 2487 1387 dividat,
2523 1322 2580 1374 et
2611 1318 2681 1373 de
2725 1335 2856 1390 rege
2889 1318 3177 1390 omnium,
3211 1334 3386 1391 quem
3420 1335 3513 1374 res
3545 1335 3672 1375 om-

2007 1421 2109 1460 nes
2137 1408 2436 1477 expetunt.
2471 1405 2622 1461 Dicit
2653 1406 2835 1479 igitur
2885 1408 3073 1480 primo
3104 1408 3264 1482 νοερά
3302 1425 3370 1463 ea
3398 1425 3526 1480 quae
3577 1408 3668 1463 in-

2006 1492 2310 1565 telligunt,
2370 1494 2581 1550 deinde
2632 1495 2832 1569 Λογικά
2890 1496 2992 1552 illa
3041 1514 3168 1568 quae
3219 1497 3664 1553 ratiocinatione

2005 1587 2273 1639 utuntur.
2318 1583 2498 1657 Νοερά
2527 1584 2710 1656 igitur
2740 1589 2898 1655 sunt,
2925 1603 3050 1657 quae
3087 1603 3200 1641 non
3234 1590 3374 1642 sunt
3403 1586 3666 1658 corpori-

2005 1673 2118 1728 bus
2166 1672 2469 1744 permista,
2514 1673 2691 1729 veluti
2751 1675 2972 1730 mundo
3030 1675 3365 1747 superiores
3413 1676 3664 1732 virtutes

2007 1778 2244 1832 omnes;
2297 1758 2493 1836 λογικά
2543 1780 2678 1820 vero
2728 1769 2870 1820 sunt
2915 1764 3225 1820 hominum
3277 1765 3502 1830 animai,
3537 1782 3665 1836 quas

2007 1853 2218 1908 affectu
2245 1851 2302 1906 in
2338 1869 2551 1924 corpus
2582 1853 2871 1923 feruntur,
2901 1854 3057 1910 sicut
3086 1854 3359 1911 sensibus
3390 1853 3667 1912 addictus

2007 1941 2210 1996 homo:
2245 1942 2293 1996 si
2327 1942 2483 1997 enim
2529 1941 2776 1999 interior
2821 1943 3020 2014 homo,
3055 1945 3383 2000 secundum
3413 1945 3668 2017 Aposto-

2004 2030 2151 2102 lum,
2185 2035 2416 2086 tantum
2469 2037 2766 2103 operatur,
2797 2032 2856 2087 id
2888 2036 2977 2089 est
3009 2033 3204 2088 anima
3259 2051 3376 2089 non
3425 2049 3663 2089 omnem

2005 2137 2143 2193 erga
2175 2138 2389 2193 corpus
2443 2122 2712 2177 allectum
2746 2122 2992 2190 habens,
3027 2127 3154 2178 tum
3186 2121 3373 2196 νοερός
3433 2139 3536 2179 seu
3568 2122 3664 2179 in-

2005 2210 2240 2266 tellectu
2279 2209 2404 2265 solo
2433 2215 2666 2267 constat
2694 2211 2897 2280 homo;
2925 2217 3325 2269 verumtamen
3357 2215 3666 2269 vocaretur

2004 2297 2265 2371 λογικῶς,
2299 2299 2454 2354 sicut
2495 2317 2668 2356 omne
2717 2301 2936 2357 animal
2985 2303 3141 2373 quod
3201 2319 3270 2358 ex
3318 2319 3560 2374 corpore
3605 2306 3665 2358 et

2003 2389 2204 2445 anima
2236 2389 2505 2446 rationali
2546 2394 2800 2447 constat.
2830 2392 2926 2446 Ait
2969 2397 3165 2447 autem
3195 2392 3356 2463 νοερά
3379 2396 3437 2448 et
3465 2387 3662 2466 λογικά

2003 2483 2271 2550 appetere
2300 2479 2636 2551 cognitione
2670 2485 2878 2549 Deum,
2900 2484 3184 2552 tanquam
3207 2498 3239 2535 a
3260 2486 3472 2537 natura
3503 2480 3663 2537 hunc

2002 2568 2329 2638 appetitum
2371 2567 2648 2637 habeant,
2683 2585 2878 2642 regem
2929 2571 3195 2625 omnium
3248 2570 3664 2642 cognoscendi,

2002 2661 2179 2729 atque
2231 2658 2552 2713 bonitatem
2613 2659 2742 2729 ejus
2799 2659 3214 2730 participandi,
3265 2675 3330 2715 eo
3381 2660 3538 2731 quod
3591 2659 3668 2714 sit

2001 2746 2194 2803 anima
2225 2747 2559 2818 cognitione
2589 2752 2649 2802 et
2693 2748 2919 2804 ratione
2966 2749 3230 2820 praedita,
3264 2753 3418 2804 recte
3449 2749 3669 2805 dicitur

1998 2843 2055 2895 et
2087 2837 2220 2893 boni
2254 2837 2567 2909 appetitus.
2605 2838 2780 2894 Porro
2815 2838 3097 2894 animalia
3129 2839 3352 2894 ratione
3383 2839 3665 2895 destituta

1999 2926 2203 2983 sensili
2235 2927 2348 2982 ista
2383 2927 2592 2982 virtute
2620 2927 2800 2983 vitam
2843 2931 3158 3000 appetunt;
3191 2928 3441 2998 ideoque
3480 2928 3657 2984 etiam

1997 3017 2251 3086 bonum;
2287 3033 2412 3087 qua
2441 3020 2639 3071 autem
2665 3031 2842 3072 sensu
2877 3021 3097 3087 carent,
3126 3020 3191 3071 ut
3222 3017 3460 3088 stirpes,
3486 3020 3666 3090 atque

1997 3105 2098 3160 illa
2129 3122 2256 3177 quae
2290 3105 2488 3160 anima
2521 3109 2578 3161 et
2618 3105 2738 3161 vita
2782 3105 3113 3176 privantur,
3151 3105 3501 3161 naturaliter
3532 3106 3666 3177 qui-

2000 3196 2133 3250 dem
2167 3196 2388 3250 bonum
2437 3199 2745 3267 appetunt,
2781 3211 2896 3250 non
2931 3193 3169 3267 quidem
3223 3198 3288 3250 ut
3337 3195 3534 3267 ipsum
3568 3212 3670 3252 co-

1999 3286 2308 3356 gnoscant,
2334 3283 2434 3338 sed
2468 3290 2536 3338 ut
2567 3284 2918 3356 persistant;
2953 3285 3108 3356 quod
3132 3287 3223 3340 est
3243 3287 3474 3339 tantum
3501 3289 3671 3339 natu-

2000 3371 2106 3428 rali
2130 3371 2387 3444 appetitu
2414 3389 2446 3426 a
2469 3373 2621 3428 bono
2645 3373 2705 3428 in
2730 3373 3072 3429 exsistentia
3094 3389 3202 3428 sua
3221 3375 3664 3431 conservantur.

2074 3460 2272 3515 Omnia
2311 3457 2492 3529 ἀολλῆ
2523 3462 2685 3531 facit.
2718 3457 2928 3529 Ἀολλῆ
2963 3477 3066 3517 seu
3095 3464 3443 3533 congregata.
3469 3461 3666 3518 Solem

2001 3549 2143 3605 dicit
2171 3545 2333 3616 ἥλιον
2367 3551 2561 3605 vocari
2607 3551 2742 3622 quia
2775 3550 3042 3623 dispersa
3072 3545 3253 3618 ἀολλῆ
3287 3553 3455 3618 ποιεῖ,
3489 3549 3546 3605 id
3578 3553 3670 3607 est

2002 3642 2319 3712 congregat
2349 3642 2407 3694 et
2456 3639 2707 3712 colligit;
2746 3643 3036 3712 negatque
3069 3639 3250 3696 solem
3302 3656 3430 3696 esse
3458 3638 3666 3708 Deum,

2003 3729 2109 3784 etsi
2146 3727 2336 3784 multa
2366 3727 2692 3784 dixerimus
2725 3745 2852 3800 qua;
2903 3727 2988 3783 illi
3043 3729 3338 3785 contraria
3366 3729 3675 3785 videantur

2003 3835 2129 3890 quae
2163 3816 2330 3873 facile
2359 3818 2808 3889 detorquentur.

2070 3913 2247 3965 Juxta
2276 3908 2650 3980 antiquitatis.
2684 3907 2862 3962 Juxta
2895 3907 3274 3980 antiquitatis
3309 3922 3665 3976 sermonem,

2004 4002 2107 4054 aut
2138 3997 2294 4068 quod
2327 3995 2576 4069 gentiles
2603 3997 2843 4052 fuerunt
2876 3996 3114 4052 divinus
3146 3996 3456 4070 Dionysius
3488 4001 3546 4052 et
3576 3997 3667 4052 di-

2001 4087 2172 4142 vinus
2201 4085 2566 4156 Timotheus,
2591 4085 2744 4140 sicut
2770 4085 2828 4140 in
2863 4085 3024 4141 Actis
3058 4089 3395 4142 sanctorum
3430 4090 3666 4158 aposto-

2002 4176 2192 4231 lorum
2225 4173 2583 4241 declaratur;
2613 4178 2714 4230 aut
2735 4173 2987 4230 stultum
3010 4174 3291 4246 gentilem
3327 4190 3661 4231 sermonem

2002 4265 2164 4320 dicit.
2200 4261 2440 4317 Παλαιὸν
2471 4263 2626 4318 enim
2652 4267 2708 4318 et
2731 4262 2961 4336 ἀρχαῖον
2996 4264 3244 4320 stultum
3279 4263 3667 4320 nominabant

2001 4354 2148 4409 ‘13]
2188 4352 2394 4418 solem,
2429 4353 2582 4408 sicut
2613 4353 2671 4406 in
2704 4353 2994 4409 comoedia
3023 4354 3262 4409 dicitur.

2075 4449 2411 4512 Repurgare.
2467 4441 2696 4497 Dicitur
2743 4442 2901 4497 enim
2946 4460 2959 4498 :
3007 4442 3252 4498 Accedite
3299 4443 3370 4498 ad
3421 4458 3568 4510 eum,
3616 4442 3668 4498 et

2001 4533 2412 4588 illum-inamini
2438 4548 2460 4595 ;
2525 4538 2579 4587 et
2635 4532 2806 4602 facies
2873 4535 3068 4588 vestrae
3133 4548 3246 4587 non
3308 4534 3666 4602 con/andem

1924 4615 1970 4678 D
2005 4626 2099 4678 tur
2123 4626 2216 4692 (υ).

2074 4711 2224 4782 Quia
2253 4717 2579 4766 amaverunt
2623 4710 2884 4766 multum.
2920 4708 3172 4765 Multum
3206 4709 3362 4766 enim
3411 4710 3661 4783 amanti,

2002 4801 2256 4856 multum
2290 4799 2465 4854 etiam
2509 4798 2743 4854 dabitur
2774 4817 2787 4866 ;
2825 4798 2958 4854 huic
2991 4803 3185 4853 autem
3241 4799 3460 4866 minus,
3486 4799 3664 4869 juxta

2004 4905 2342 4946 mensuram
2395 4888 2723 4955 charitatis,
2776 4889 2931 4959 quod
2986 4888 3262 4958 superius
3309 4887 3444 4944 ait:
3489 4889 3661 4944 Deum

2002 4996 2117 5035 esse
2147 4979 2412 5034 ordinem
2442 4985 2493 5033 et.
2522 4993 2844 5032 mensuram
2870 4986 3138 5033 nostram.

2073 5071 2100 5138 §
2145 5068 2237 5123 VI.
2288 5069 2352 5122 Et
2397 5066 2927 5138 supermundanam,
2979 5068 3077 5121 Gr.
3129 5065 3220 5119 καὶ
3273 5063 3663 5139 ὑπερκόσμιον.

2004 5159 2258 5215 Mentem
2284 5157 2397 5214 dici
2432 5154 2796 5230 ὑπερκόσμιον
2834 5157 3052 5212 mundo
3087 5157 3663 5228 superiorem,veluti

2004 5253 2202 5307 essent
2231 5265 2523 5321 supremae
2554 5249 2821 5321 quaedam
2857 5251 3072 5305 sanctis
3110 5251 3336 5306 mentes
3367 5248 3661 5322 angelico-

1230 5527 1477 5584 νΑΗΙίΕ
1517 5528 1918 5590 LECTIONES
1956 5535 2048 5591 ET
2086 5533 2657 5592 CORRECTIONES.

295 5657 352 5736 "_
369 5657 648 5736 illul-txgl‘qo
725 5655 776 5736 δῖ
805 5653 942 5736 εἷπε.
1012 5650 1390 5736 μὶἀμφότιροι
1412 5654 1454 5736 β
1483 5675 1553 5736 τε
1571 5655 1716 5718 θεῖος
1746 5665 1922 5736 Anam,
1951 5659 2275 5736 nni~6ﬁvtp¢
2305 5660 2591 5732 Τιμόθεος.
2669 5658 2713 5695 ⁸⁸
2740 5658 2833 5714 τὸν
2867 5657 3050 5735 μωρὸν
3083 5654 3298 5736 ἔλεγον,
3349 5657 3386 5728 ἦ
3436 5655 3518 5714 ὅτι
3565 5655 3658 5712 καὶ

226 5724 395 5784 αὐτὸν
425 5724 516 5782 16v
549 5724 714 5796 ἥλιον
750 5724 981 5801 ἀρχαῖον
1012 5724 1268 5798 ὲκᾶλουν,
1301 5724 1376 5789 ὦς
1407 5725 1460 5781 ἐν
1486 5729 1556 5802 τῇ
1588 5727 1879 5804 κωμῳδίᾳ.
1906 5724 1918 5731 ⁷
1958 5735 2002 5770 ⁸⁸
2110 5724 2438 5788 δέἶέλτττόν.
