4034 6396
365 366 469 422 251

1188 372 1554 426 ΔΡΡΕΝΒῙΧ
1593 372 1690 424 ΔΙ)
1727 369 1968 423 OPERA
2005 371 2063 422 Β.
2103 369 2420 424 DIONYSII
2460 371 2964 427 AREOPAGITE.

3717 375 3823 432 252

374 510 508 550 rum
547 495 820 550 ordinum
874 512 1060 568 supra
1117 498 1373 552 mundos
1431 496 1738 552 universos
1775 512 1788 551 :
1821 493 2026 563 aliqua:

2182 491 2476 567 πικοσμίων
2513 539 2527 565 ,
2585 494 2833 552 τουτέστι
2890 501 2999 552 τῶν
3051 497 3140 553 ἰπὶ
3194 501 3265 573 τῇ
3325 496 3668 576 λειτουργίᾳ
3716 506 3820 558 τῶν

376 589 572 640 autem
604 584 758 640 circa
797 586 1084 641 mundum
1118 592 1337 654 essent,
1370 587 1428 642 id
1459 590 1548 643 est
1577 585 1730 640 circa
1759 583 2026 640 ministe-

375 674 526 729 rium
558 675 916 729 mundorum
946 680 1396 747 occuparentur,
1422 675 1754 731 constitutae
1787 673 1843 728 in
1877 672 2028 744 ipso-

375 779 506 818 rum
567 764 1157 832 administrationem,
1208 783 1242 820 a
1293 765 1770 836 quibusdamque
1821 761 2027 817 mundi

374 857 632 908 rectores
664 852 1021 909 dicerentur.
1046 854 1267 926 Aliquae
1293 871 1426 910 vero
1458 859 1685 910 mentes
1716 854 1773 907 in
1806 851 2029 906 mundo

374 947 757 997 versarentur
777 942 1086 998 hominum
1111 947 1285 1010 atque
1307 943 1672 1015 angelorum,
1693 941 2029 997 nationibus

377 1031 810 1103 praefectorum,
835 1036 891 1086 et
929 1032 1244 1103 praesidum
1278 1033 1606 1099 civitatum,
1638 1036 1813 1102 atque
1846 1031 1904 1085 in
1937 1047 2029 1085 ec-

378 1118 576 1175 clesiis
609 1125 664 1174 et
702 1122 942 1188 sanctis,
975 1121 1129 1176 sicut
1177 1121 1234 1176 in
1286 1121 1635 1194 Apocalypsi
1686 1121 1768 1176 ait
1800 1119 2034 1175 divinus

377 1209 654 1278 Joannes,
685 1226 750 1265 ac
781 1209 838 1264 in
873 1211 1096 1265 ceteris
1142 1212 1348 1266 mundi
1391 1210 1945 1277 constitutionibus;
1979 1212 2035 1262 et

379 1298 741 1369 psalmorum
774 1303 978 1354 cantor
1011 1299 1153 1356 dicit
1177 1317 1189 1356 :
1212 1301 1415 1357 Castra
1447 1301 1762 1356 metabitur
1793 1298 2036 1370 angelus

380 1387 642 1456 Domini;
671 1389 891 1444 mundo
915 1389 1185 1461 superior
1206 1395 1296 1446 est
1319 1388 1668 1463 spiritualis,
1689 1390 1845 1445 circa
1866 1405 2035 1443 mun-

381 1476 524 1532 dum
555 1475 854 1544 animalis,
887 1477 947 1531 in
985 1479 1207 1534 mundo
1257 1479 1530 1534 carnalis.
1570 1477 1744 1534 Aliter
1772 1495 1784 1532 :
1817 1477 2032 1532 Mundo

384 1569 474 1623 est
503 1566 792 1638 superior,
818 1566 920 1638 qui
945 1566 1300 1640 theologiam
1323 1568 1553 1641 dirigit;
1572 1567 1727 1624 circa
1749 1567 2035 1622 mundum

384 1658 472 1712 est
503 1653 605 1724 qui
636 1655 964 1711 naturalem
987 1657 1574 1729 contemplationem;
1610 1657 1669 1712 in
1693 1657 1914 1712 mundo
1946 1660 2038 1712 est

385 1743 488 1816 qui
514 1743 789 1799 virtutem
817 1745 874 1799 in
907 1747 1135 1801 actione
1161 1746 1598 1803 consistentem.

2138 581 2383 656 κόσμων,
2445 584 2522 648 εἷς
2556 583 2826 656 διοίκησιν
2860 588 3036 643 αὐτῶν
3069 587 3446 663 τεταγμένων,
3512 594 3629 645 τῶν
3679 595 3824 669 παρά

2136 692 2245 726 τισι
2302 673 2392 728 καὶ
2443 681 2821 752 κοσμαγωγῶν
2875 675 3208 752 λεγομὲνων.
3267 683 3443 734 Τινῶν
3506 676 3570 734 δὲ
3629 679 3818 756 ἐγκοσ-

2142 762 2280 834 μίων
2316 768 2454 819 νοῶν
2489 760 2675 838 ὄντων,
2709 768 3011 842 ἀνθρώπων
3050 788 3111 822 τε
3137 768 3226 822 καὶ
3281 767 3575 844 ἀγγέλων,
3639 769 3824 848 ἐθναρ-

2138 856 2256 926 χῶν
2289 873 2346 907 τε
2394 855 2479 909 καὶ
2537 854 2888 931 πολιούχων·
2943 857 3032 910 καὶ
3083 857 3170 911 ἐπὶ
3218 862 3326 912 τῶν
3353 856 3682 929 ἐκκλησιῶν
3733 861 3820 916 καὶ

2138 946 2247 996 τῶν
2299 941 2470 1018 ἁγίων
2502 987 2515 1012 ,
2577 945 2652 1007 ὡς
2707 945 2758 999 ἐν
2822 949 2891 1010 τῆ
2949 944 3317 1020 Ἀποκαλόψει
3362 946 3536 1023 φησίν
3588 949 3618 1002 6
3679 950 3820 1012 Θεῖος

2142 1030 2392 1102 Ἰωάννης
2420 1077 2433 1101 ,
2485 1034 2571 1088 καὶ
2627 1033 2715 1088 ἐπὶ
2765 1035 2870 1088 τῶν
2917 1033 3112 1107 ἐτέρων
3153 1040 3442 1108 κοσμικῶν
3499 1034 3817 1111 διατάξεων

2143 1119 2232 1174 καὶ
2265 1121 2292 1174 6
2325 1119 2630 1195 ψαλμῳδὸς
2651 1120 2708 1177 δέ
2740 1144 2893 1200 φησι·
2928 1119 3281 1199 Παρεμϐαλεῖ
3309 1123 3562 1201 ἅγγελος
3597 1126 3818 1203 Κυρίου·

2149 1208 2520 1284 ὑπερκόσμιός
2580 1210 2722 1265 ἐστιν
2786 1212 2814 1266 6
2887 1213 3274 1285 πνευματικός·
3359 1213 3738 1287 περικόσμιος
3795 1216 3820 1268 6

2147 1297 2384 1372 ψυχικάς
2416 1317 2429 1330 ·
2510 1298 2800 1375 ἐγκόσμιος
2879 1301 2906 1354 ὁ
2976 1300 3304 1376 σαρκικός⁸⁷.
3365 1300 3605 1366 ’Ἄλλως
3665 1303 3823 1378 ὑπερ·

2145 1387 2378 1461 κόσμιός
2408 1387 2548 1444 ἐστιν
2581 1389 2610 1442 6
2639 1388 2728 1444 καὶ
2761 1390 2858 1458 τήν
2893 1389 3175 1466 θεολογίαν
3231 1391 3618 1466 κατορθώσαςο
3671 1412 3821 1468 περι-

2145 1476 2376 1549 κόσμιος
2422 1479 2450 1533 6
2510 1479 2610 1547 τὴν
2665 1481 2896 1556 φυσικὴν
2959 1479 3212 1554 θεωρίανο
3273 1479 3587 1556 ἐγκόσμινς
3639 1482 3668 1536 6
3724 1482 3819 1551 τὴν

2144 1568 2449 1641 πρακτικὴν
2480 1567 2699 1640 ἀρετήν.

461 1831 661 1888 Omnia
688 1849 1050 1905 congregans.
1083 1838 1303 1892 Cuncta
1347 1835 1526 1891 simul
1579 1835 1820 1902 faciens,
1854 1838 1911 1892 et
1949 1835 2039 1891 fo-

2222 1834 2402 1892 ΙΙάντα
2449 1837 2768 1910 συνάγουσα.
2819 1837 2994 1910 Ὁμοῦ
3045 1838 3221 1892 πάντα
3268 1840 3538 1906 ποιοῦσα,
3572 1837 3662 1892 καὶ
3689 1834 3814 1900 θάλ-

386 1937 530 1979 vene
561 1938 628 1978 ac
659 1939 900 1996 augens,
933 1928 1105 1995 atque
1131 1929 1523 1982 commutans.

463 2011 710 2067 Dirimit.
773 2015 1114 2085 Ignorantia
1176 2015 1332 2071 enim
1398 2033 1432 2070 a
1498 2015 1615 2071 Deo
1675 2015 1901 2085 dividit,
1971 2014 2042 2070 si-

392 2105 494 2157 cut
532 2099 733 2157 lumen
784 2102 973 2174 magis
1023 2103 1247 2176 colligit
1294 2108 1351 2161 et
1397 2103 1700 2176 convertit,
1752 2107 1818 2160 ut
1867 2120 2048 2176 supra

395 2188 562 2245 dixit.

465 2278 917 2352 Opinationibus.
978 2281 1466 2352 Simulacrornm,
1525 2287 1582 2340 et
1649 2283 2048 2340 multitudinis

398 2372 666 2439 deorum,
698 2387 848 2443 quos
879 2371 1119 2428 habent.
2058 2434 2063 2438 ,

477 2461 618 2526 Visa,
649 2460 746 2516 Gr.
779 2460 1071 2534 φαντασίας
1107 2461 1407 2523 Φαντασίας
1455 2462 1910 2535 imaginationes
1957 2463 2049 2518 di-

397 2547 498 2614 cit,
531 2548 827 2605 fahulosae
859 2549 1012 2606 circa
1042 2550 1305 2623 sensilia,
1339 2559 1441 2608 aut
1470 2557 1754 2624 tanquam
1787 2552 2048 2622 sensilia,

397 2637 804 2709 cogitationes.

469 2725 645 2794 §VlI.
679 2728 743 2782 Ει
787 2731 848 2782 ut
894 2728 1211 2799 pulchrum.
1247 2729 1496 2786 Pulcher
1545 2731 1781 2802 quidem
1832 2729 2054 2786 dicitur

398 2815 554 2871 Deus
584 2815 642 2870 in
676 2816 912 2872 Cantico
943 2817 1303 2874 canticorum
1339 2835 1351 2874 :
1385 2820 1471 2875 sic
1501 2820 1681 2891 igitur
1711 2819 1888 2875 etiam
1921 2819 2052 2892 pul-

398 2903 670 2960 chritudo
701 2906 936 2963 dicitur.
971 2907 1150 2962 David
1188 2924 1200 2962 :
1233 2911 1522 2980 Spatiosas
1563 2912 1743 2977 [arma
1771 2925 1888 2977 pra
1918 2907 2054 2977 ﬁliis

397 2993 685 3050 hominum
713 2994 816 3067 (τε).
850 2995 1169 3052 Pulchrum
1213 3002 1408 3054 autem
1450 2997 1669 3054 dicitur
1698 2997 1874 3054 etiam
1905 2997 2052 3052 illud

402 3083 555 3154 quod
589 3081 1091 3154 pulchritudinem
1125 3087 1454 3160 participat.
1486 3087 1732 3143 Adverte
1761 3086 2052 3158 quomodo

399 3171 458 3226 in
505 3173 682 3228 rebus
732 3174 1030 3230 dividatur
1079 3176 1392 3247 pulchrum
1443 3181 1502 3233 et
1554 3175 1957 3249 pulchritudo,
1989 3175 2049 3230 in

398 3261 820 3334 participantes
850 3269 908 3319 et
951 3280 1050 3319 eas
1081 3281 1210 3336 quae
1259 3265 1412 3320 ﬁunt
1444 3264 1786 3337 participes;
1823 3265 1878 3319 in
1935 3265 2048 3320 Deo

399 3354 595 3406 autem
639 3368 754 3412 non
802 3351 922 3408 ita:
960 3352 1332 3425 pulchritudo
1364 3354 1520 3410 enim
1554 3353 1789 3425 dicitur,
1814 3357 2050 3426 propter

399 3439 677 3496 omnibus
720 3442 1217 3499 communicatam
1252 3443 1324 3498 ab
1355 3443 1483 3516 ipso
1526 3444 2047 3516 pulchritudinem,

399 3533 458 3586 et
487 3531 642 3600 quod
675 3536 884 3586 cuncta
913 3533 983 3588 ad
1019 3549 1081 3588 se
1112 3537 1300 3601 vocet;
1333 3533 1646 3604 pulchrum
1679 3539 1874 3592 autem
1908 3533 2050 3588 dici-

400 3622 520 3684 tur,
555 3623 618 3674 ut
657 3636 890 3692 semper
933 3621 1223 3678 exsistens
1259 3627 1317 3678 et
1347 3639 1650 3695 nunquam
1707 3624 2053 3681 decrescens

403 3710 506 3764 aut
533 3723 892 3765 accrescens.

475 3797 629 3854 132
662 3797 975 3854 Secundum
1003 3813 1060 3854 se
1084 3801 1380 3871 uniforme.
1416 3799 1570 3857 Deus
1595 3805 1686 3857 est
1717 3800 2056 3858 uniusmodi

404 3885 738 3960 pulchrum,
771 3888 1052 3959 quoniam
1096 3905 1286 3961 neque
1330 3889 1612 3945 dividitur
1643 3890 1702 3946 in
1734 3889 1972 3946 habitus
2002 3893 2059 3946 et

402 3975 774 4032 diversitates
832 3977 1291 4048 pulchritudinis
1349 3979 1690 4047 effectrices,
1746 3994 1936 4050 neque
1987 3979 2060 4034 ad

405 4065 553 4122 alios
575 4065 814 4138 quidem
838 4066 1148 4137 pulchrum
1174 4068 1453 4139 possidet,
1477 4069 1549 4124 ad
1573 4068 1718 4124 alios
1744 4085 1859 4124 non
1887 4068 2058 4135 item;

410 4157 512 4211 sed
548 4154 1000 4212 immutabiliter
1033 4158 1230 4228 ipsum
1265 4157 1574 4230 pulchrum
1615 4158 1742 4214 sine
1774 4157 2064 4230 principio

412 4249 471 4300 et
503 4244 911 4315 dissolutione,
938 4245 1065 4301 sine
1091 4245 1212 4301 ulla
1237 4247 1542 4303 affectione
1572 4263 1638 4303 ac
1667 4246 1868 4302 eodem
1891 4247 2064 4304 modo

416 4347 649 4402 semper
679 4335 787 4399 est,
813 4335 872 4384 et
908 4338 1212 4404 propterea
1243 4335 1457 4390 dicitur
1486 4340 1620 4392 ante
1669 4336 1884 4392 habere
1913 4336 1970 4391 in
2003 4352 2066 4392 se

414 4419 940 4492 pulchritudinem,
970 4421 1149 4477 veluti
1190 4425 1362 4479 etiam
1399 4430 1532 4480 ante
1581 4429 1880 4481 creaturas
1911 4426 2067 4481 exsi-

416 4513 579 4566 stens
612 4509 743 4566 fons
774 4513 832 4564 et
880 4510 1234 4584 principium
1288 4518 1346 4569 et
1397 4531 1576 4569 causa
1623 4513 1856 4586 pulchri
1890 4531 1903 4569 :
1936 4514 2068 4570 ideo

2153 1945 2348 1994 πουσα,
2379 1923 2467 1979 καὶ
2501 1922 2753 1996 αὔξουσα,
2784 1925 2875 1980 καὶ
2911 1930 3302 2000 μεταποιοῦσα.

2226 2016 2559 2088 Διαιρετική.
2620 2019 2831 2092 Διαιρεῖ
2885 2017 2986 2091 γὰρ
3045 2015 3152 2071 ἀπό
3206 2019 3304 2070 τοῦ
3365 2019 3507 2071 Θεοῦ
3548 2017 3585 2085 ἡ
3618 2012 3816 2092 ἄγνοια,

2156 2102 2230 2165 ὠς
2266 2101 2478 2177 μᾶλλον
2505 2103 2567 2158 τὸ
2601 2108 2714 2180 φῶς
2754 2105 2987 2180 συνάγει,
3037 2105 3128 2159 καὶ
3159 2103 3344 2175 ἀολλῆ
3378 2109 3556 2174 ποιεῖ,
3596 2103 3672 2166 ὠς
3722 2102 3812 2181 ἔφη

2157 2189 2286 2249 ἄνω.

2228 2280 2609 2355 Δοξασμάτωνο
2661 2284 2783 2340 Τῶν
2835 2280 3104 2354 εῗδώλων,
3154 2281 3245 2338 καὶ
3300 2289 3409 2353 τῆς
3438 2283 3624 2338 αὐτῶν
3655 2281 3816 2340 πολυ-

2158 2369 2328 2435 θείας.

2231 2461 2869 2524 Φαντασίας.Φαντασίας
2903 2461 3036 2539 φησὶ
3065 2462 3158 2524 τὰς
3178 2459 3814 2536 πλασματώδειςᾶννοίας

2159 2549 2284 2624 περὶ
2311 2548 2558 2621 αἰσθητὰ,
2590 2549 2627 2618 ἢ
2660 2550 2735 2612 ὠς
2765 2549 3016 2620 αἰσθητά.

2232 2734 2406 2800 §VII.
2442 2729 2541 2784 Καὶ
2601 2727 2678 2792 ὠς
2734 2727 2928 2785 καλόν.
2991 2728 3170 2794 Καλὸς
3221 2729 3320 2802 μὲν
3370 2727 3586 2804 εἴρηται
3641 2729 3668 2783 6
3697 2727 3811 2790 Θεὸς

2160 2819 2250 2874 καὶ
2306 2818 2357 2873 ἓν
2414 2822 2494 2890 τῷ
2548 2821 2788 2893 ’ᾋσματι
2858 2823 2968 2873 τῶν
3024 2817 3309 2892 ᾀσμάτων,
3359 2822 3544 2895 ὥσπερ
3601 2815 3689 2872 οὖν
3733 2815 3812 2870 καὶ

2161 2905 2374 2969 κάλλος
2427 2907 2661 2984 λέγεταιο
2711 2907 2800 2962 καὶ
2841 2909 2870 2962 6
2921 2905 3106 2962 Δαυίδ·
3157 2908 3382 2982 Ὡραῖος
3437 2905 3630 2962 κάλλει
3683 2903 3812 2981 παρὰ
3926 2968 3927 2971 η

2161 2995 2290 3058 τοὺς
2346 2995 2496 3058 υἱοὺς
2554 3000 2662 3051 τῶν
2713 2996 3036 3072 ἀνθρώπων·
3097 2993 3329 3071 Λέγεται
3387 2996 3448 3052 δὲ
3511 2993 3674 3051 καλὸν
3727 2993 3806 3048 καὶ

2161 3085 2225 3141 τὸ
2280 3083 2524 3146 κάλλους
2577 3086 2827 3161 μετέχον.
2871 3087 2970 3142 Καὶ
3007 3085 3340 3159 σημείωσαι,
3391 3089 3515 3148 πῶς
3541 3081 3809 3158 διαιρεῖται

2163 3174 2225 3230 τό
2255 3171 2424 3229 καλὸν
2473 3172 2561 3228 καί
2585 3174 2648 3229 τὸ
2678 3172 2885 3237 κάλλος
2918 3173 3006 3230 ἐπὶ
3035 3179 3143 3230 τῶν
3185 3169 3392 3244 ὄντων,
3425 3173 3502 3236 εἷς
3537 3169 3812 3248 μετέχοντα

2161 3263 2250 3318 καὶ
2311 3261 2388 3327 εἷς
2435 3262 2792 3338 μετεχόμενα,
2852 3263 2939 3318 ἐπὶ
2999 3261 3057 3318 δὶ
3111 3267 3207 3318 τοῦ
3264 3267 3428 3336 Θεοῦ,
3465 3262 3570 3338 οὐχ
3600 3260 3802 3317 οὕτω⁴⁸θ

2157 3350 2365 3414 κᾶλλος
2399 3352 2494 3424 μὶν
2526 3352 2626 3426 γὰρ
2660 3351 2872 3428 λέγεται
2907 3349 2995 3407 διὰ
3025 3353 3122 3422 τὴν
3146 3352 3197 3423 ἐξ
3228 3351 3406 3422 αὐροῦ
3439 3347 3807 3422 διαδεδομὲνην

2157 3448 2289 3498 πᾶσι
2319 3440 2624 3512 καλλονήν,
2657 3441 2746 3496 καὶ
2779 3442 2863 3496 ὅτι
2893 3439 3068 3497 πᾶντα
3096 3441 3233 3518 πρὸς
3265 3441 3468 3498 ἑαυτοῦ
3511 3439 3681 3496 καλεῖ·
3719 3457 3805 3492 κα-

2160 3530 2256 3588 λὸν
2291 3528 2370 3600 δὶ,
2425 3531 2500 3594 ὠς
2544 3531 2626 3586 ἀεὶ
2665 3530 2722 3586 ὃν
2755 3530 2845 3586 καὶ
2880 3528 3155 3604 μηδὲποτε
3189 3532 3521 3606 μειούμενον
3551 3527 3587 3597 ἢ
3636 3524 3800 3596 αὖεον.

2236 3799 2373 3862 Μεθ’
2423 3798 2613 3852 ἑαυτοῦ
2675 3793 2972 3870 μονοειδές.
3032 3794 3334 3861 Μονοειδὶς
3382 3794 3550 3853 καλόν
3605 3795 3736 3850 ἐστιν
3779 3789 3804 3844 6

2168 3887 2321 3959 Θεὸς,
2381 3885 2497 3941 ἐπεὶ
2559 3887 2698 3959 μήτε
2738 3882 3087 3941 αεδᾶννυται
3145 3886 3222 3950 είς
3268 3886 3409 3958 ’ἐξεις
3449 3885 3538 3940 καὶ
3570 3877 3800 3958 διαφορὰ,

2167 3975 2566 4043 καλλοποιοὺς,
2603 3977 2742 4049 μήτε
2788 3977 2924 4051 πρὸς
2975 3975 3145 4038 ἐνίους
3181 3976 3278 4049 μὲν
3324 3977 3388 4032 τὸ
3418 3974 3586 4032 καλὸν
3631 3971 3803 4035 κὲκτη·

2167 4088 2277 4135 ται,
2310 4066 2446 4142 πρὸς
2477 4065 2652 4128 ἱνίους
2679 4062 2738 4120 δὶ
2766 4062 2849 4119 οὔ*
2884 4063 3009 4120 ἀλλ’
3051 4063 3333 4140 ἀτρέπτως
3363 4065 3493 4120 αὐτὸ
3538 4062 3600 4117 τὸ
3648 4054 3799 4114 καλὸν

2173 4157 2428 4230 ἀνᾶρχως
2452 4155 2538 4210 καὶ
2573 4153 2886 4226 ἀπολύτως,
2931 4152 3370 4225 ἀνεπιτηδεύτως
3419 4152 3509 4209 καὶ
3568 4145 3802 4205 ὥσαύτως

2175 4245 2256 4300 ἁεί
2308 4244 2440 4299 ἆστιο
2488 4243 2578 4297 καὶ
2627 4239 2718 4297 διὰ
2755 4245 2919 4297 τοῦτο
2960 4240 3219 4317 προέχειν
3273 4240 3328 4296 ἐν
3383 4242 3556 4312 ἑαυτῷ
3611 4233 3802 4308 λέγεται

2173 4334 2270 4401 τὴν
2317 4329 2634 4400 καλλονὴν,
2705 4329 2779 4393 ὠς
2833 4329 2924 4384 καὶ
2981 4328 3088 4404 πρὸ
3145 4333 3250 4384 τῶν
3314 4321 3799 4404 δημιουργημᾶτων

2175 4423 2352 4496 πηγὴ,
2405 4421 2495 4475 καὶ
2552 4420 2722 4495 ἀρχὴ,
2754 4419 2843 4473 καὶ
2901 4401 3072 4473 dimov
3132 4415 3205 4473 ὣν
3236 4423 3335 4473 τοῦ
3363 4401 3553 4474 καλοῦ·
3587 4412 3700 4476 ὅθεν
3725 4401 3802 4496 καὶ

2183 4493 2530 4585 ὑπεροχικῶς
2575 4493 2692 4584 ἔχει
2748 4509 2810 4563 τὸ
2865 4506 3030 4562 καλόν
3064 4527 3078 4541 ο
3136 4507 3233 4562 κᾶν
3285 4508 3390 4585 γὰρ
3438 4502 3622 4561 πολλᾶ
3659 4493 3803 4585 καλδξι

417 4616 652 4671 quoque
683 4577 898 4655 eximie
925 4577 1101 4657 habet
1141 4604 1467 4675 pulchrum;
1513 4577 1643 4660 etsi-
1671 4603 1828 4659 enim
1881 4602 2050 4659 multa

2182 4577 2302 4655 HA"
2335 4577 2394 4672 ἐξ
2417 4597 2584 4653 αὐτοῦ
2605 4577 2721 4652 ⁷ιξΐσι
2767 4594 2934 4664 καλὰ,
3009 4595 3099 4651 καὶ
3157 4577 3448 4652 οὗδὶίκαέ
3475 4591 3631 4650 αὐτὸν
3660 4577 3801 4675 καλᾶς

417 4693 558 4744 sunt
587 4688 852 4761 pulchra,
881 4695 941 4747 at
970 4709 1037 4746 ex
1067 4690 1194 4764 ipso
1226 4697 1366 4749 sunt
1395 4691 1663 4764 pulchra,
1696 4709 1885 4764 neque
1917 4692 2070 4749 sicut

417 4779 544 4852 ipse
571 4779 845 4850 pulchra:
881 4781 1020 4851 quia
1068 4781 1193 4853 ipse
1243 4780 1559 4853 pulchrum
1591 4786 1682 4838 est
1710 4781 1838 4839 sine
1866 4799 2068 4851 causa,

417 4869 533 4926 ista
563 4885 697 4924 vero
729 4868 975 4941 pulchra
1008 4874 1144 4926 sunt
1175 4887 1277 4941 per
1307 4886 1547 4925 causam
1579 4873 1637 4925 et
1666 4870 2071 4942 participatio-

419 4975 584 5027 nem;
618 4975 754 5013 nam
787 4958 944 5014 Deus
975 4975 1094 5015 uno
1125 4960 1298 5015 modo
1329 4958 1643 5031 pulchrum
1670 4964 1760 5014 est
1789 4960 2070 5030 quoniam

419 5063 488 5102 ex
516 5047 646 5119 ipso
677 5064 805 5120 ques
837 5053 970 5120 post
1014 5047 1210 5120 ipsum
1243 5047 1510 5119 pulchra,
1533 5065 1601 5105 ac
1633 5048 1945 5121 pulchrum
1975 5066 2073 5106 ve-

418 5135 529 5191 luti
561 5136 620 5191 in
653 5136 939 5210 qualitate
974 5138 1216 5194 habent.

487 5227 574 5281 Ea:
603 5226 701 5282 hoc
741 5228 860 5299 ipso
905 5227 1162 5299 pulchro.
1195 5227 1345 5285 Illud
1378 5245 1392 5287 :
1424 5232 1556 5288 Ecce
1601 5232 1794 5289 omnia
1837 5232 2076 5306 pulchra

495 5410 571 5483 (xl
605 5407 762 5466 Psal.
792 5425 944 5481 κων,
975 5409 1028 5465 3.

2176 4690 2338 4746 πόθεν
2371 4667 2427 4743 ⁷ὅ
2482 4709 2545 4763 γε
2601 4684 2858 4773 ἀναιτίως
2904 4683 3096 4758 καλὸν,
3154 4684 3289 4742 αὐτὰ
3339 4683 3397 4741 δὶ
3441 4667 3801 4773 αἰτιατῶςβαξ

2178 4778 2316 4836 κατὰ
2347 4761 2614 4852 μετοχήνο
2648 4772 2898 4838 ἐνοειδῶς
2943 4773 3048 4851 γᾶρ
3081 4773 3190 4830 ἐστι
3220 4775 3395 4830 καλὸν
3424 4774 3451 4828 6
3507 4770 3651 4838 Θεὸς,
3682 4761 3802 4852 ,ἐπεὶ

2181 4869 2234 4940 ἆξ
2296 4869 2460 4924 αὐτοῦ
2488 4851 2578 4922 γτὰ
2627 4866 2743 4938 μετ’
2789 4863 2948 4920 αὐτὸν
2999 4863 3167 4935 καλὰ,
3209 4865 3300 4920 καὶ
3346 4863 3420 4926 ὠς
3468 4861 3519 4916 ἂν
3572 4851 3798 4916 ποιότητι

2181 4980 2344 5028 κεκτη
2357 4957 2490 5033 μένα
2517 4957 2579 5010 τὸ
2608 4952 2799 5012 καλόν.

2265 5228 2360 5284 Ἐκ
2425 5227 2521 5280 τοῦ
2593 5221 2768 5278 καλοῦ
2831 5223 3048 5282 τούτου.
3119 5223 3212 5296 Τὸ,
3276 5217 3414 5280 Ἰδοὺ
3474 5215 3636 5272 πᾶντα
3675 5200 3797 5262 καλὰ

1424 5555 1670 5611 VARI/E
1715 5553 2111 5611 LECTIONES
2151 5551 2240 5609 ET
2279 5546 2842 5606 CORRECTIONES.

496 5709 538 5743 ‘7
570 5705 817 5784 φυσικός.
894 5709 936 5744 ⁴³
969 5705 1054 5764 ἐπὶ
1089 5705 1146 5763 δὶ
1175 5710 1308 5765 Θεοῦ
1335 5706 1592 5785 διαίρεσιν
1623 5707 1723 5764 οὐκ
1748 5702 2056 5781 ἐπιδέχεται
2086 5701 2316 5766 κᾶλλος.
