4034 6382
190 354 309 409 253

973 359 1032 411 S.
1075 358 1346 412 MAXIMI
1384 355 1689 411 SCHOLIA
1727 354 1802 407 IN
1839 352 1973 407 LIB.
2014 356 2110 409 DE
2148 355 2423 410 DIVIle
2461 355 2876 410 NOMINIBUS.

3533 357 3640 413 254

195 475 356 546 λίαν,
391 475 483 531 καὶ
537 476 603 531 τὸ
659 477 796 531 κατὰ
851 476 944 530 τὸν
1005 476 1300 553 Ζαχαρίαν,
1343 481 1445 532 πᾶν
1505 474 1557 530 εἷ’
1604 497 1656 530 τι
1709 471 1876 530 καλὸν

2012 477 2172 547 mide,
2189 481 2246 534 et
2267 477 2411 534 illud
2436 477 2750 546 Zachariae,
2776 477 3036 548 omne,si
3060 479 3297 552 aliquod
3324 479 3641 553 pulchrum

196 565 376 620 αὐτοῦ
409 565 620 629 ἐκεῖθεν
655 563 716 620 ἐκ
743 569 839 620 τοῦ
871 566 1116 620 ἀναιτίου
1146 566 1319 622 καλοῦ
1350 566 1538 642 γέγονε
1571 584 1582 598 ·
1639 561 1728 618 διὰ
1780 564 1879 640 γὰρ

197 655 266 710 τὸ
328 652 504 709 καλὸν
570 655 625 709 αἱ
680 659 783 708 τῶν
839 655 1126 730 στοιχείων
1157 655 1443 731 γεγόνασιν
1476 651 1878 729 ἀλληλουχίαι,

203 744 270 806 ’ἇς
334 742 660 819 ἐφαρμογάς
720 765 853 820 φησι
889 763 902 777 υ
965 745 1050 799 καὶ
1113 744 1167 798 αἱ
1219 749 1327 798 τῶν
1402 739 1572 798 ὄντων
1633 739 1880 797 εὔτακτοι

203 829 486 894 συνδέσεις
528 830 836 907 διαρκοῦσι,
871 829 1162 909 λεγόμεναι
1223 832 1403 908 φιλίαι
1460 833 1550 887 καὶ
1605 830 1886 886 κοινωνίαι

211 924 442 978 πάντων
476 920 743 996 ἐναρέτων
780 919 1044 996 λογικῶν,
1076 923 1130 977 αἱ
1165 923 1299 998 πρὸς
1333 923 1462 978 Θεόν
1499 943 1604 976 που
1663 919 1883 990 διανοή-

204 1033 342 1080 σεις,
377 1011 456 1074 ὡς
485 1013 521 1076 ἠ
561 1014 670 1064 τῶν
704 1011 1072 1084 πρωτοτόκων
1104 1010 1405 1080 Ἐκκλησία
1453 1011 1504 1066 ἐν
1556 1011 1765 1086 οὐρανῷ
1793 1011 1880 1064 καὶ

205 1099 296 1156 ἐπὶ
321 1107 429 1175 γῆς
467 1119 480 1133 ·
517 1099 610 1154 ἐπὶ
648 1097 705 1154 δὶ
735 1104 845 1154 τῶν
879 1096 1096 1176 ἀλόγων
1126 1102 1180 1155 αἱ
1211 1099 1464 1175 ἀγελαῖαι
1496 1097 1882 1174 συνδιαγωγαί”

207 1190 302 1246 ἐπὶ
370 1189 430 1246 δέ
489 1194 598 1245 τῶν
662 1188 890 1265 ἀψύχων
955 1191 1010 1244 αἱ
1068 1192 1205 1267 πρὸς
1263 1187 1488 1260 ἄλληλα
1537 1189 1886 1245 έκτικαὶ⁸Μ⁰

207 1281 584 1354 συμπάθειαι.
618 1280 802 1336 Πάντα
833 1276 922 1334 οὖν
956 1282 998 1318 ⁸1
1031 1279 1237 1349 ἥνωται
1268 1283 1347 1353 τῷ
1377 1284 1532 1353 καλῷ
1576 1284 1644 1354 τῇ
1681 1277 1883 1353 μεθέξει

206 1369 353 1446 πρὸς
384 1370 477 1424 τὸν
514 1371 567 1405 ⁸³
598 1367 772 1423 αἴτιον
805 1366 1241 1444 ἐπεστραμμένα.

288 1547 396 1606 Καὶ
455 1546 626 1624 πέρας
671 1548 912 1604 πάντων.
953 1548 1122 1624 Πέρας
1172 1549 1389 1603 πάντων
1421 1548 1638 1623 λέγεται
1672 1548 1700 1603 6
1737 1548 1886 1616 Θεὸς,

211 1639 310 1693 καὶ
371 1637 451 1700 ὡς
510 1637 757 1711 συνέχων
816 1635 1010 1710 πάντα,
1042 1636 1133 1692 καὶ
1187 1638 1261 1699 ὡς
1316 1639 1529 1692 πάντων
1591 1635 1668 1701 εἷς
1717 1636 1885 1714 ἀσφά-

211 1724 370 1781 λειαν
429 1722 957 1800 περιδεδραγμένος,
988 1725 1078 1781 καὶ
1139 1725 1216 1790 ὡς
1266 1725 1434 1782 αὐτοῦ
1476 1749 1538 1801 γε
1564 1723 1722 1781 ἓνεκα
1749 1727 1887 1781 πάν-

1994 567 2202 640 ipsius,
2229 567 2390 624 illinc
2413 586 2480 623 ex
2502 568 2746 641 pulchro
2780 569 2933 640 quod
2967 585 3146 625 causa
3173 574 3350 640 caret;
3386 571 3641 643 prodiit;

1994 661 2232 730 propter
2251 657 2567 729 pulchrum
2599 658 2778 728 enim,
2803 657 3226 714 elementorum
3252 661 3642 718 connexiones

1994 762 2141 818 quas
2190 745 2505 823 ἐφαρμογάς
2555 748 2958 820 coaptationes
3001 752 3186 816 vocat,
3222 749 3387 818 ﬁunt,
3415 768 3640 807 rerum-

1993 852 2106 908 que
2129 837 2275 892 bene
2302 838 2582 893 ordinatas
2607 836 3005 908 colligationes
3038 838 3381 909 perdurant,
3407 855 3532 911 quas
3554 840 3644 895 di-

1994 929 2209 981 cuntur
2239 926 2507 982 amicitia:
2537 931 2594 982 et
2621 926 3068 982 communiones
3091 927 3498 984 universorum
3526 929 3641 983 vir-

1993 1018 2117 1070 tute
2148 1015 2524 1086 praeditorum
2556 1015 2955 1083 rationalium,
2989 1016 3173 1071 animi
3206 1017 3274 1072 ad
3311 1017 3492 1073 Deum
3521 1034 3644 1074 ere-

1993 1103 2237 1170 ctiones,
2267 1105 2420 1160 sicut
2450 1105 2708 1161 Ecclesia
2738 1105 3269 1178 primogenitorum
3305 1106 3363 1161 in
3418 1105 3559 1162 caelo
3592 1110 3648 1162 et

1995 1191 2054 1247 in
2086 1196 2277 1262 terra;
2310 1195 2369 1248 in
2419 1194 2612 1249 brutis
2664 1197 2858 1249 autem
2891 1193 3156 1266 gregales
3204 1196 3553 1264 societates;
3586 1194 3646 1250 in

1994 1280 2274 1337 inanimis
2312 1300 2469 1352 vero,
2501 1286 2707 1339 mutua
2737 1282 3058 1339 habitualis
3089 1285 3358 1356 quaedam
3409 1287 3646 1340 natura-

1997 1387 2128 1426 rum
2161 1371 2418 1428 afﬁnitas
2445 1390 2457 1428 :
2492 1373 2692 1428 omnia
2713 1371 2892 1444 igitur
2913 1389 3046 1428 cum
3066 1372 3311 1444 pulchro
3335 1373 3645 1441 uniuntur,

1995 1477 2100 1533 per
2127 1461 2635 1533 participationem
2673 1463 2742 1517 ad
2777 1465 3077 1518 auctorem
3110 1479 3408 1519 conversa.

2068 1551 2128 1604 Et
2159 1550 2288 1620 ﬁnis
2314 1552 2582 1608 omnium.
2620 1551 2774 1608 Deus
2798 1551 3016 1607 dicitur
3045 1551 3181 1609 ﬁnis
3206 1552 3645 1622 universorum,

1999 1644 2055 1696 et
2075 1643 2361 1711 tanquam
2407 1641 2607 1696 omnia
2638 1641 2967 1705 continens,
2997 1646 3175 1713 atque
3223 1640 3401 1698 veluti
3434 1646 3647 1698 cuncta

2000 1728 2060 1783 in
2083 1729 2400 1786 securitate
2417 1729 2836 1801 complectens,
2859 1746 2925 1785 ac
2948 1732 3116 1802 quasi
3148 1731 3278 1801 ejus
3309 1747 3488 1786 causa
3511 1747 3645 1802 pro-

211 1837 326 1871 των
381 1815 459 1878 εἷς
502 1816 565 1870 τὸ
595 1814 730 1871 εἶναι
785 1815 1200 1890 παραχθέντων,
1234 1817 1325 1870 καὶ
1382 1815 1564 1890 ἑτέρου
1611 1816 1756 1878 τινὸς
1814 1815 1890 1877 εἷς

2010 1818 2178 1873 ducta
2207 1818 2326 1873 sint
2363 1819 2658 1886 universe,
2695 1835 2884 1890 neque
2933 1819 3045 1875 alio
3086 1819 3283 1891 aliquo
3337 1821 3408 1875 ad
3458 1820 3646 1892 perfe-

207 1907 275 1961 τὸ
301 1903 620 1968 τετελέσθαι
651 1907 696 1940 ³³
729 1905 793 1958 οὐ
826 1902 1098 1978 δεομένων
1134 1925 1148 1938 ·
1169 1903 1300 1959 ’ὅθεν
1339 1906 1413 1967 ὡς
1448 1905 1595 1983 ἀρχὴ
1645 1904 1882 1972 πάντων,

211 1995 310 2051 cli-cs
333 1993 539 2062 αἴτιος,
571 1995 814 2070 Λέγεται,
838 1992 981 2048 οὕτω
1034 1994 1124 2049 καὶ
1187 1996 1371 2068 μέσον,
1403 1995 1477 2057 ὡς
1534 1995 1634 2063 τὴν
1691 1993 1767 2057 εἷς
1823 1994 1887 2049 τὸ

210 2085 545 2140 συνιστάναι
577 2083 874 2160 παράτασιν
908 2079 1112 2155 διδοὺς,
1139 2082 1231 2138 καὶ
1289 2081 1540 2154 τελευτὴ,
1571 2083 1646 2146 ὡς
1704 2083 1755 2138 ἐν
1808 2087 1888 2155 τῷ

211 2173 505 2244 θελήματι
567 2171 732 2227 αὐτοῦ
781 2173 1198 2249 περατουμένων
1240 2177 1346 2227 τῶν
1380 2168 1571 2246 ὄντων,
1601 2173 1680 2250 ἐφ’
1711 2173 1769 2228 ὃν
1797 2174 1883 2228 καὶ

221 2263 624 2335 ἐπέστραπται,
654 2262 792 2326 καθὸ
849 2261 940 2316 καὶ
999 2259 1216 2316 τελικὸν
1279 2261 1437 2316 αὐτόν
1471 2283 1655 2340 φησιν,
1689 2264 1762 2324 ὡς
1793 2259 1887 2337 ἅρ-

214 2353 333 2428 χὴν
367 2347 502 2406 ὅντα
530 2350 623 2405 καὶ
651 2348 832 2418 τέλος,
866 2350 1002 2404 κατὰ
1029 2348 1122 2406 τὸν
1181 2355 1322 2415 θεῖον
1356 2351 1612 2421 Ἰωάννην
1647 2349 1696 2404 ἐν
1731 2352 1892 2407 Ἀπο-

216 2439 484 2513 καλῦψει,
519 2439 606 2494 καὶ
668 2435 1194 2515 παραδειγματικὸν,
1224 2439 1298 2501 ὡς
1357 2438 1567 2494 πάντων
1615 2444 1721 2494 τῶν
1771 2439 1890 2494 ἐσο-

225 2528 409 2600 μένων
459 2526 590 2589 τοὺς
640 2526 1018 2604 προορισμοὸς
1074 2527 1124 2583 ἐν
1168 2529 1340 2600 ἑαυτῷ
1370 2527 1770 2605 προειληφότα,
1801 2530 1889 2582 καὶ

219 2616 353 2692 πρὶν
407 2618 443 2686 ἢ
494 2621 846 2693 προαγαγεῖν,
880 2616 955 2679 ὥς
1013 2639 1174 2696 φησιν
1210 2619 1238 2672 6
1269 2615 1632 2686 Ἀπόστολος,
1667 2617 1760 2681 οὓς
1803 2616 1893 2672 καὶ

222 2707 537 2781 προώρισε,
569 2706 662 2761 καὶ
693 2706 759 2760 τὰ
790 2707 912 2780 ἑξῆς
946 2723 958 2737 ⁸
992 2711 1160 2761 ταῦτα
1191 2707 1293 2782 γὰρ
1327 2707 1354 2761 6
1401 2709 1554 2784 ἅγιος
1615 2706 1893 2769 Διονύσιος

223 2791 650 2871 παραδείγματα
679 2793 890 2864 ἐνόησε,
922 2795 986 2849 τὸ
1035 2793 1375 2870 προωρίσθαι
1426 2795 1477 2849 ἐν
1529 2797 1704 2868 ἑαυτῷ
1759 2815 1896 2869 προ-

224 2888 555 2958 γνωπικῶς
593 2884 661 2938 τὰ
718 2881 970 2956 ἐσόμενα,
1006 2883 1094 2938 καὶ
1153 2883 1278 2960 πρὶν
1338 2886 1620 2960 παραχθῇ,
1654 2884 1897 2940 τουτέστι

224 2974 355 3049 πρὶν
387 2972 668 3050 ἀφορισθῇ
700 2971 790 3026 καὶ
842 2969 1099 3048 διακριθῇ
1132 2969 1220 3028 διὰ
1274 2980 1374 3043 τῆς
1420 2974 1789 3050 περιεχούσης
1833 2975 1901 3029 τὰ

227 3063 408 3116 πάντα
439 3059 646 3123 ὲνιαίας
680 3061 1043 3138 προγνώσεως
1079 3066 1175 3117 τοῦ
1225 3066 1376 3118 Θεοῦ.
1413 3067 1596 3118 Ταῦτα
1653 3063 1899 3138 εὑρήσεις

226 3152 319 3205 καὶ
344 3150 401 3205 ἐν
433 3153 516 3223 τῷ
546 3150 669 3220 έξῆς
714 3151 952 3224 πέμπτῳ
1002 3149 1307 3226 κεφαλαίῳ.
1345 3151 1659 3225 Σημείωσαι
1713 3149 1771 3208 δί
1814 3151 1896 3207 ὅτι

225 3239 433 3295 ταύτὸν
463 3237 600 3294 εἶναί
631 3259 764 3317 φησι
793 3242 872 3311 τῷ
903 3239 1086 3316 ἀγαθῷ
1114 3241 1177 3295 τὸ
1206 3239 1396 3299 καλόν.

306 3512 435 3562 Ὀτι
491 3508 584 3562 καὶ
640 3508 704 3562 τὸ
766 3508 841 3581 μὴ
898 3503 979 3565 ὅν.
1013 3513 1138 3571 Πῶς
1197 3506 1415 3564 δύναται
1453 3509 1516 3564 τὸ
1551 3511 1626 3583 μή
1659 3509 1715 3564 ’ὀν
1755 3509 1906 3583 μετέ-

238 3619 362 3674 χειν
390 3601 491 3652 τοῦ
524 3597 763 3674 ἀγαθοῦ;
797 3595 842 3651 εἰ
872 3598 974 3674 γὰρ
1009 3599 1086 3671 μὴ
1118 3596 1335 3653 ὕπεστιν
1379 3597 1528 3670 αὐτὸ,
1553 3596 1676 3653 οὔτε
1723 3597 1903 3674 ἔφεσιν

243 3683 386 3762 ἔχει,
421 3682 547 3741 οὔτε
602 3686 846 3761 μετοχὴν
897 3685 1032 3762 πρός
1059 3708 1112 3742 τι
1160 3691 1267 3741 τῶν
1311 3684 1503 3744 ὄντων.
1538 3690 1764 3744 Λεκτέον
1811 3687 1901 3744 οὖν

254 3774 336 3829 ὅτι
363 3777 425 3830 τὸ
482 3776 560 3850 μὴ
611 3775 670 3829 ⁴’ὸν
725 3772 1002 3852 διαφόρως
1029 3777 1074 3813 ⁵⁸
1102 3781 1214 3831 νοεῖ
1243 3778 1270 3831 6
1303 3782 1448 3841 θεῖος
1505 3779 1662 3840 οὗτος
1717 3779 1851 3853 ἀνήρ
1887 3796 1900 3812 ⁸

254 3865 378 3918 ποτὲ
412 3865 512 3938 μὲν
543 3865 644 3940 γὰρ
675 3864 810 3918 αὐτὸ
840 3865 902 3918 τὸ
933 3870 1073 3928 θεῖον
1105 3863 1248 3921 οὕτω
1296 3865 1474 3936 καλεῖ,
1508 3867 1581 3928 ὡς
1628 3865 1796 3940 μηδὲν
1843 3867 1900 3922 ’ὸν

245 3958 348 4008 τῶν
385 3951 560 4010 ὄντων
597 3973 610 3985 '
648 3954 793 4009 ὦοτὶ
823 3953 880 4009 δὲ
909 3955 1007 4023 τήν
1040 3953 1177 4026 ὕλην
1213 3975 1226 3987 ·
1260 3951 1338 4011 ἔτι
1371 3953 1428 4011 δὲ
1459 3956 1548 4012 ὅτε
1576 3958 1663 4012 καὶ
1692 3958 1754 4012 τὸ
1802 3979 1904 4013 κα-

240 4044 336 4098 κὸν
393 4043 542 4099 οὕτω
590 4046 752 4099 καλεῖ
798 4045 936 4099 κατᾶ
980 4041 1270 4123 διαφόρους
1321 4045 1550 4108 ἐννοίας.
1584 4049 1768 4103 Ἔστιν
1813 4046 1905 4102 οῦν

241 4133 418 4187 εἰπεῖν
453 4134 537 4188 δτι
570 4135 604 4202 ἡ
638 4130 744 4202 ὕλη
784 4133 1001 4208 μετέχει
1031 4137 1127 4188 τοῦ
1152 4133 1372 4208 ἀγαθοῦ,
1405 4135 1537 4199 καθὸ
1589 4131 1902 4209 μετεϐλήθη

240 4223 322 4284 εἷς
359 4219 533 4293 εἶδος,
559 4221 649 4277 καὶ
685 4220 989 4298 ἀπηλλάγη
1022 4229 1122 4291 τῆς
1160 4223 1353 4296 πρώην
1387 4225 1660 4302 ἀμορφίας
1693 4245 1706 4258 ·
1739 4224 1773 4294 ἢ
1823 4226 1906 4280 ὅτι

231 4311 300 4364 τὸ
338 4311 510 4365 κακὸν
549 4312 770 4386 μετέχει
803 4315 896 4364 τοῦ
951 4312 1178 4385 ἀγαθοῦ,
1210 4313 1342 4366 καθὸ
1390 4314 1700 4389 προαιρέσει
1760 4314 1906 4388 καλῇ

239 4400 333 4454 καὶ
367 4399 501 4454 αὐτὸ
528 4400 590 4455 τὸ
625 4398 820 4455 δοκοῦν
854 4398 998 4455 θέλει
1047 4399 1211 4454 κακὸν
1263 4403 1397 4454 εἶναι
1454 4403 1629 4472 ⁵⁵,καὶ
1684 4405 1765 4459 ὅτι
1827 4404 1908 4458 ἀεὶ

243 4485 510 4565 βούλεται
543 4493 680 4545 εἶναι
728 4489 790 4544 τὸ
819 4491 981 4544 κακόν
1021 4507 1038 4526 ο
1065 4493 1170 4543 πᾶν
1204 4485 1261 4544 δὲ
1290 4493 1387 4545 τοῦ
1419 4493 1555 4546 εἶναι
1605 4491 1906 4571 ἐφιέμενον,

1998 1907 2250 1962 ctionem
2284 1907 2673 1980 indiguerinl;
2710 1908 2865 1963 unde
2895 1912 2960 1963 ut
2991 1908 3346 1981 principium
3379 1907 3647 1965 omnium

1997 2001 2151 2057 sicut
2181 2005 2384 2056 auctor
2412 2001 2646 2071 dicitur,
2673 2001 2756 2056 ita
2788 2000 2966 2056 etiam
3002 2000 3264 2056 medium
3299 2000 3514 2057 dicitur
3532 2002 3649 2057 vel-

2001 2091 2086 2146 uti
2117 2091 2595 2164 perdurationem
2629 2091 2689 2146 in
2722 2091 3097 2147 consistendo
3129 2092 3478 2156 concedens,
3502 2094 3560 2147 et
3585 2091 3648 2145 ﬂ-

2000 2180 2112 2249 nis,
2146 2184 2430 2251 tanquam
2463 2179 2662 2236 omnia
2691 2182 2751 2236 in
2777 2180 2968 2253 ipsius
2994 2179 3296 2237 voluntate
3327 2179 3654 2237 terminen-

1998 2273 2116 2338 tur,
2149 2269 2210 2324 in
2260 2286 2433 2341 quem
2465 2269 2641 2326 etiam
2691 2273 3110 2326 convertuntur
3151 2270 3654 2342 quemadmodum

1999 2351 2198 2423 ipsum
2231 2353 2409 2407 etiam
2439 2347 2656 2404 τελικόν
2690 2350 2926 2406 ﬁnalem
2958 2355 3145 2418 vocat,
3183 2355 3247 2406 ut
3295 2350 3652 2422 principium

2002 2445 2058 2495 et
2089 2440 2289 2507 ﬁnem,
2324 2441 2655 2496 secundum
2687 2439 2951 2496 divinum
2973 2440 3262 2496 Joannem
3291 2441 3350 2495 in
3374 2439 3654 2512 Apocaly-

2004 2529 2095 2602 psi
2135 2529 2239 2601 (ῃ),
2273 2533 2328 2584 et
2357 2528 2774 2601 exemplarem,
2800 2529 2960 2585 velut
3002 2528 3270 2585 omnium
3321 2529 3661 2585 futurorum

2006 2618 2499 2690 pradefinitiones
2523 2619 2579 2673 in
2598 2619 2792 2690 seipso
2805 2617 3264 2690 praecipientem,
3281 2618 3456 2673 etiam
3472 2618 3664 2690 prius-

2007 2723 2183 2778 quam
2207 2708 2580 2778 produceret,
2614 2708 2768 2762 sicut
2797 2706 2880 2763 ait
2908 2708 3241 2779 Apostolus,
3275 2723 3412 2779 quos
3431 2714 3484 2763 et
3518 2723 3660 2779 pra:-

2009 2796 2309 2852 destinavit
2353 2796 2449 2867 (κ),
2481 2800 2538 2851 et
2567 2813 2694 2868 quae
2735 2796 3043 2866 deinceps:
3069 2795 3190 2850 haec
3222 2795 3378 2850 enim
3413 2801 3656 2851 sanctus

2008 2884 2321 2958 Dionysius
2369 2887 2636 2956 exempla
2673 2885 2972 2958 cogitavit,
3020 2883 3441 2956 praedeﬁniisse
3483 2883 3542 2938 in
3596 2899 3660 2939 se

2009 2975 2138 3048 ipso
2156 2975 2822 3047 praecognitionefutura
2843 2974 3022 3030 etiam
3041 2977 3358 3046 antequam
3379 2974 3666 3045 producta

2010 3066 2333 3131 fuerunt,id
2351 3070 2439 3120 est
2456 3066 2798 3137 priusquam
2818 3067 2859 3120 ‘l
2873 3066 2972 3120 83
2986 3063 3373 3120 deﬁnirentur
3388 3067 3444 3119 et
3460 3063 3666 3118 distin-

2012 3159 2333 3228 guerentur
2375 3170 2478 3226 per
2507 3152 2743 3209 unicam
2802 3155 3002 3210 omnia
3043 3153 3530 3226 complectentem
3562 3151 3667 3208 Dei

2011 3243 2454 3326 praenotionem.
2486 3247 2618 3298 Haec
2649 3243 2824 3298 etiam
2860 3243 3112 3314 reperies
3155 3243 3213 3297 in
3269 3242 3535 3314 sequenti
3568 3258 3668 3298 ca-

2011 3334 2132 3406 pite
2153 3333 2380 3404 quinto.
2406 3332 2554 3388 Nota
2583 3335 2801 3402 autem,
2827 3349 2961 3388 eum
2987 3332 3176 3388 dicere
3197 3331 3513 3404 pulchrum
3535 3346 3666 3388 esse

2013 3422 2169 3477 idem
2202 3438 2332 3477 cum
2366 3421 2538 3477 bono.

2087 3511 2242 3579 Quod
2270 3512 2466 3578 etiam,
2498 3510 2556 3566 id
2598 3510 2741 3583 quod
2770 3525 2880 3566 non
2912 3514 3014 3567 est.
3044 3510 3347 3575 Quomodo
3379 3513 3574 3582 potest
3603 3509 3663 3566 id

2014 3602 2170 3674 quod
2228 3617 2341 3657 non
2395 3604 2485 3655 est
2527 3600 2749 3655 bonum
2804 3599 3158 3673 participare
3186 3597 3214 3653 ?
3245 3601 3296 3655 si
3341 3598 3498 3654 enim
3541 3615 3661 3655 non

2013 3691 2308 3760 subsistit,
2326 3705 2513 3762 neque
2537 3689 2861 3762 appetitum
2877 3689 3073 3756 habet,
3099 3705 3287 3761 neque
3308 3705 3439 3744 cum
3466 3687 3665 3760 aliquo

2013 3779 2488 3836 communionem
2516 3797 2529 3848 ;
2551 3778 2864 3835 dicendum
2889 3779 3088 3850 itaque
3111 3779 3374 3834 divinum
3400 3777 3558 3833 hunc
3580 3777 3664 3833 vi-

2012 3887 2145 3926 rum
2197 3870 2354 3925 varie
2398 3867 2730 3941 intelligere
2770 3869 2827 3924 z’d
2857 3868 3000 3941 quod
3024 3884 3138 3924 non
3186 3872 3304 3938 est;
3341 3867 3661 3941 aliquando

2011 3959 2166 4015 enim
2201 3957 2569 4014 divinitatem
2602 3957 2792 4030 ipsam
2827 3957 2907 4014 ita
2939 3961 3209 4026 vocat,ut
3241 3974 3372 4030 quae
3401 3955 3566 4013 nulla
3586 3955 3666 4012 sit

2014 4065 2210 4105 rerum
2255 4047 2660 4119 ;quandoque
2708 4064 2842 4103 vero
2888 4047 3193 4102 materiam
3239 4047 3437 4114 ;solet
3483 4045 3662 4102 etiam

2013 4137 2236 4194 malum
2270 4137 2354 4192 sic
2383 4153 2586 4192 vocare
2616 4137 2939 4192 secundum
2971 4135 3230 4192 diversas
3265 4135 3551 4192 notiones.
3578 4134 3671 4188 Li-

2015 4231 2104 4284 cet
2150 4227 2333 4299 igitur
2379 4226 2572 4281 dicere
2622 4227 2927 4281 materiam
2975 4226 3109 4280 boni
3145 4225 3485 4297 participem
3537 4239 3669 4280 esse

2018 4319 2312 4390 quatenus
2355 4319 2623 4370 mutatur
2671 4315 2730 4370 in
2785 4315 3056 4383 formam,
3091 4319 3146 4370 et
3177 4331 3208 4368 a
3241 4313 3422 4385 priori
3466 4313 3668 4369 formai

2019 4405 2344 4479 privatione
2377 4403 2701 4470 liberatur;
2735 4407 2837 4458 aut
2869 4403 3089 4459 malum
3132 4420 3264 4458 cum
3309 4404 3461 4458 bono
3508 4418 3672 4457 com-

2020 4494 2343 4561 municare,
2376 4498 2552 4565 prout
2580 4491 2879 4547 voluntate
2903 4492 3054 4547 bona
3076 4491 3220 4546 illud
3251 4492 3403 4562 quod
3437 4492 3672 4546 videtur

235 4583 338 4634 τοῦ
365 4579 570 4656 ἀγαθοῦ
622 4579 854 4658 ἐφίεται.
877 4580 1026 4634 Ἀνω
1078 4576 1135 4633 δὲ
1183 4599 1288 4653 προ
1321 4581 1364 4616 ⁸⁸
1396 4577 1490 4634 δύο
1542 4579 1790 4659 φύλλων,
1817 4584 1900 4638 τὸν

2021 4583 2145 4640 vult
2173 4600 2302 4639 esse
2329 4581 2577 4650 malum,
2602 4585 2657 4635 et
2678 4580 2817 4653 quia
2841 4581 3063 4636 malum
3094 4579 3218 4635 vult
3248 4596 3482 4651 semper
3503 4595 3666 4650 esse;

240 4667 372 4724 Θεόν
408 4689 542 4746 φησι
572 4668 663 4723 καὶ
697 4668 828 4743 ὑπὲρ
859 4667 925 4723 τὰ
953 4663 1083 4722 ὄντα
1128 4670 1264 4723 εἶναι
1303 4688 1312 4699 ⁸
1366 4667 1562 4725 οὐκοῦν
1614 4669 1799 4735 καλῶς
1849 4671 1908 4726 ἂν

269 4753 296 4777 ν
571 4758 587 4775 \
735 4758 749 4776 ς
831 4757 845 4780 ς
1032 4756 1047 4776 \
1107 4757 1116 4774 ο
1538 4757 1553 4778 \
1641 4760 1656 4778 \
1850 4761 1872 4779 ﬂ

241 4777 390 4813 ειποι
421 4778 503 4820 τις
533 4778 624 4813 τον
659 4763 787 4813 Θεον
826 4757 959 4833 υπὶρ
988 4777 1054 4811 τα
1086 4759 1214 4812 ὂντα
1271 4759 1432 4826 εἶναι,
1465 4779 1553 4812 και
1602 4779 1663 4813 το
1716 4761 1792 4834 μὴ
1852 4783 1908 4816 ον

247 4845 504 4921 μετέχειν
537 4850 637 4902 τοῦ
672 4842 896 4922 ἀγαθοῦ,
931 4846 1005 4907 ὡς
1038 4845 1130 4901 καὶ
1165 4846 1297 4920 ὑπὲρ
1329 4848 1398 4901 τὰ
1443 4842 1570 4902 ὄντα
1616 4843 1793 4922 ὄντος,
1824 4850 1913 4905 καὶ

247 4932 421 5008 μηδὶν
482 4931 634 4998 ὄντος
692 4940 801 4991 τῶν
860 4930 1052 4991 ὄντων.
1090 4935 1415 5007 Σημείωσαι
1445 4938 1758 5012 ἀναγκαῖον,
1793 4943 1912 5001 πῶς

153 5015 158 5018 ’
243 5045 406 5102 φησι,
438 5025 500 5080 τὸ
538 5027 614 5098 μή
647 5024 704 5080 ὃν
740 5024 1044 5101 εὑρίσκεται
1076 5022 1244 5078 καλὸν
1276 5023 1369 5078 καὶ
1400 5023 1622 5100 ἀγαθὸν,
1655 5024 1744 5081 ὅτε
1788 5032 1912 5102 περί

250 5118 385 5170 θεοῦ
419 5112 635 5189 λέγεται
671 5133 686 5148 ·
719 5114 747 5170 6
779 5114 883 5190 γὰρ
916 5112 1044 5175 Θεὸς
1072 5113 1162 5168 καὶ
1196 5111 1254 5167 ὃν
1289 5112 1528 5188 λέγεται,
1561 5115 1651 5169 καὶ
1701 5117 1776 5188 μή
1828 5114 1910 5198 ὃν,

315 5323 397 5396 (9)
426 5323 564 5396 Cap.
599 5339 642 5394 1,
671 5339 728 5380 v.
759 5322 815 5378 8.
891 5319 966 5394 (κ)
995 5320 1165 5379 Rom.
1198 5337 1325 5391 vni,
1353 5321 1445 5378 30.

2023 4689 2196 4728 omne
2240 4677 2432 4727 autem
2482 4671 2636 4743 quod
2686 4685 2816 4726 esse
2870 4670 3113 4741 appetit,
3153 4670 3376 4724 bonum
3428 4667 3668 4742 appetit,

2023 4779 2200 4834 supra
2233 4778 2366 4816 vero
2399 4770 2530 4815 ante
2571 4759 2709 4815 folia
2740 4761 2876 4822 duo.
2910 4759 2989 4814 ait
3038 4763 3215 4813 Deum
3268 4759 3443 4813 etiam
3490 4773 3671 4830 supra

2023 4868 2115 4907 res
2156 4867 2321 4906 esse:
2357 4855 2514 4905 recte
2547 4850 2726 4922 igitur
2746 4849 2901 4904 dicat
2924 4847 3162 4920 aliquis,
3195 4853 3379 4905 Deum
3412 4863 3540 4903 esse
3571 4864 3670 4902 su-

2025 4957 2132 5012 pra
2164 4956 2277 5008 res,
2311 4946 2365 4995 et
2425 4939 2481 4994 id
2517 4939 2672 5010 quod
2718 4955 2831 4992 non
2883 4943 2992 5006 est,
3029 4937 3164 4994 boni
3196 4937 3490 5009 particeps
3519 4951 3671 5005 esse,

2025 5046 2155 5084 cum
2180 5029 2259 5084 sit
2280 5045 2460 5099 supra
2481 5045 2549 5084 ea
2579 5043 2707 5099 quas
2729 5030 2887 5095 sunt,
2914 5026 3180 5098 nihilque
3210 5026 3287 5082 sit
3310 5043 3512 5082 eorum
3540 5041 3670 5097 qua

2023 5123 2183 5174 sunt.
2241 5117 2388 5174 Nota
2446 5116 2797 5188 necessario,
2833 5117 3126 5189 quomodo
3185 5116 3363 5184 dicat,
3395 5116 3454 5172 id
3513 5116 3669 5190 quod

1263 5499 1498 5557 VARle
1532 5500 1931 5560 LECTIONES
1960 5503 2049 5559 ET
2077 5503 2641 5562 CORRECTIONES.

314 5622 724 5706 “_"°‘8sx1_mal.
770 5627 844 5706 ,⁵⁸
874 5621 1180 5706 ταῦταοῦν.
1259 5623 1409 5706 δξιτό.
1486 5627 1530 5662 ⁵³
1560 5624 1854 5706 τελεῖσθαι.
1930 5629 1977 5664 ⁸⁴
2004 5625 2339 5706 ἀδιαφόρως.
2417 5631 2462 5664 ⁵⁵
2489 5627 2625 5682 καθὸ
2655 5629 2966 5704 προαιρέσει
2992 5631 3089 5684 τοῦ
3119 5626 3292 5685 καλοῦ
3322 5625 3410 5684 καί
3440 5629 3572 5686 αὐτὸ
3606 5629 3670 5685 τὸ

244 5699 412 5756 κακὸν
446 5695 713 5772 δοκοῦμεν
745 5695 899 5753 εἶναι.
977 5698 1020 5734 ⁸⁸
1047 5694 1234 5771 ὀλίγον
1268 5693 1324 5752 δὲ
1353 5695 1464 5753 ἅνω
1493 5699 1620 5771 πρό.
