4034 6382
339 383 446 438 255

1180 386 1547 439 ΑΡΡΕΝΒῙΧ
1590 387 1685 439 AD
1723 386 1964 440 OPERA
2003 388 2062 439 S.
2103 388 2416 444 DIONYSII
2456 387 2957 444 AREOPAGITE.

3657 385 3764 441 256

343 525 461 565 non
492 512 599 577 est,
631 507 920 563 invenitur
951 507 1261 580 pulchrum
1293 512 1350 564 et
1379 509 1624 576 bonum,
1651 509 1886 581 quando
1918 509 1989 564 de

2113 509 2176 571 ὥς
2206 506 2358 565 οὐδὲν
2394 509 2466 565 ὣν
2515 515 2623 566 τῶν
2677 505 2868 580 ὄντων,
2901 509 3028 566 ἀλλ’
3062 508 3436 586 ὑπερηρμένος
3468 509 3762 585 ἀγνώστως

343 599 461 656 Deo
519 597 768 654 dicitur:
803 598 958 654 Deus
1018 598 1172 654 enim
1219 598 1434 654 dicitur
1481 602 1537 654 et
1587 600 1744 670 quod
1796 603 1908 666 est,
1940 603 1998 654 et

344 689 499 760 quod
543 704 656 742 non
693 691 806 756 est,
837 704 970 742 cum
1006 686 1151 742 nihil
1185 687 1262 743 sit
1293 705 1496 743 eorum
1531 705 1658 760 quae
1705 692 1864 759 sunt,
1894 689 1996 744 sed

2106 603 2214 654 τῶν
2270 601 2518 656 ἁπάντων
2555 621 2567 632 ·
2605 600 2666 656 οὐ
2721 602 2820 675 γάρ
2881 599 2993 656 ἐστί
3048 622 3099 656 τι
3136 600 3198 656 τὸ
3229 603 3495 675 γινῶσκον
3529 600 3669 654 κατὰ
3708 599 3761 653 τί

2111 685 2264 743 οὐδὲν
2299 688 2440 745 ἐστιν
2474 691 2502 744 ὁ
2533 691 2683 754 Θεός.

339 793 520 848 supra
553 777 752 833 omnia
791 777 963 833 modo
1005 776 1205 849 ignoto
1230 776 1558 847 attollitur;
1594 794 1709 833 non
1744 782 1834 833 est
1880 777 2036 833 enim
2086 778 2308 851 aliquid
2359 782 2518 853 quod
2558 785 2873 855 cognoscat
2923 781 3250 838 secundum
3283 780 3439 852 quod
3478 779 3636 835 Deus
3685 777 3765 834 sit

336 865 506 922 nihil.

411 955 817 1012 Substantz’ales
839 957 1107 1012 essentiaz.
1141 953 1388 1011 Pulchre
1413 957 1802 1012 substantiales
1825 973 1844 1019 ;
1891 973 1990 1012 ex-

341 1044 627 1101 sistentize
662 1045 817 1100 enim
845 1046 1170 1099 secundum
1197 1044 1538 1115 Scripturas
1565 1045 1995 1101 suntessentiis

342 1134 714 1206 superiores:
742 1150 896 1188 nunc
927 1139 1123 1188 autem
1158 1134 1438 1204 quoniam
1461 1135 1530 1189 de
1562 1135 1774 1190 creatis
1805 1135 1993 1206 loqui-

344 1228 464 1290 tur,
524 1223 732 1277 merito
783 1222 1023 1277 dictioni
1067 1219 1320 1294 ὑπάρξεις
1363 1224 1640 1294 apposuit
1685 1219 1992 1284 οὐσιώδεις.

343 1311 648 1367 Unitiones
679 1328 814 1367 vero
846 1312 1147 1378 dicuntur,
1187 1329 1298 1366 non
1334 1313 1488 1383 quod
1538 1311 1714 1366 simul
1769 1329 1994 1368 acerva-

337 1402 444 1457 tim
477 1400 699 1472 aliquid
733 1417 914 1456 unum
948 1401 1229 1469 efﬁciant,
1254 1401 1355 1456 sed
1381 1401 1517 1473 quia
1538 1401 1690 1456 Deus
1722 1406 1848 1457 erat
1867 1403 1996 1458 fons

337 1491 604 1564 ipsorum
637 1494 693 1546 et
725 1490 1105 1562 principium,
1131 1494 1305 1562 atque
1328 1507 1395 1544 ex
1421 1491 1547 1562 ipso
1575 1492 1856 1561 producta
1877 1491 1997 1547 fue-

342 1585 480 1636 runt
509 1579 668 1636 entia
697 1580 893 1635 omnia
925 1597 1050 1651 quis
1084 1579 1403 1650 illustrant,
1433 1585 1490 1636 et
1520 1581 1906 1636 subsistentia
1935 1581 1995 1635 in

339 1686 608 1742 persona,
642 1669 722 1724 ita
754 1674 819 1724 ut
844 1670 900 1724 in
936 1668 1424 1725 distinctionibus
1474 1669 1994 1725 subsistentiarum

2176 958 2245 1012 Ai
2329 955 2612 1020 οὐσιώδεις
2693 956 2962 1033 ὑπάρξεις.
3022 956 3218 1019 Καλῶς
3286 957 3350 1012 τὸ
3425 952 3760 1016 οὐσιώδεις’

2106 1044 2355 1121 ὑπάρξεις
2385 1048 2504 1110 καθ’
2539 1048 2729 1108 ἑαυτὰς
2761 1047 3020 1123 ἀνώτεραι
3052 1051 3160 1101 τῶν
3212 1045 3407 1101 οὐσιῶν
3462 1044 3565 1100 εἷ’σι
3601 1064 3613 1076 ·
3666 1047 3762 1097 νῦν

2105 1131 2163 1188 δὲ
2192 1133 2380 1205 ἐπειδὴ
2415 1137 2536 1212 περὶ
2569 1141 2677 1191 τῶν
2707 1141 2938 1191 κτιστῶν
2967 1158 3152 1214 φησιν,
3187 1134 3412 1198 εἰκότως
3456 1139 3538 1205 τῷ
3589 1133 3766 1208 ὑπάρ-

2105 1227 2208 1297 ξεις
2265 1224 2568 1297 προσέθηκε
2624 1226 2686 1280 τὸ
2743 1223 3342 1289 οὐσιώδεις.Ἑνώσεις
3401 1221 3457 1278 δὲ
3487 1222 3765 1298 λέγονται,

2107 1312 2214 1388 οὐχ
2243 1312 2324 1368 ὅτι
2359 1315 2661 1370 συνέκειντο
2702 1313 2954 1390 σωρηδὸν
3001 1312 3056 1370 ἓν
3107 1335 3159 1369 τι
3203 1310 3600 1382 ἀποτελοῦντα,
3635 1308 3768 1366 ἀλλ’

2107 1403 2188 1456 δτι
2221 1404 2375 1477 πηγὴ
2411 1403 2584 1458 αὐτῶν
2616 1405 2705 1458 καὶ
2736 1405 2884 1480 ἀρχή
2915 1405 2981 1473 ἧν
3015 1405 3043 1457 ὁ
3074 1403 3222 1476 Θεὸς,
3239 1403 3328 1458 καὶ
3360 1403 3410 1475 ἐξ
3443 1401 3608 1456 αὐτοῦ
3630 1420 3768 1473 παρ-

2106 1494 2353 1566 ήχθησαν
2389 1491 2748 1567 ἐλλάμψαντα
2777 1493 2867 1547 καὶ
2920 1492 3224 1548 ὑποστάντα
3273 1493 3391 1556 καθ’
3424 1485 3690 1546 ὑπόϐασιν
3722 1491 3768 1526 ⁵⁷

2107 1583 2313 1636 ἅπαντα
2369 1582 2435 1635 τὰ
2492 1579 2639 1654 ὄντα,
2673 1584 2746 1646 ὡς
2805 1585 2894 1638 καὶ
2954 1581 3030 1646 εἷς
3088 1579 3381 1658 διακρίσεις
3415 1577 3764 1634 ὑποστᾶσεων

2106 1677 2353 1747 φανῆναι.
2385 1670 2719 1741 Ταύτότητες
2749 1670 2806 1726 δέ
2838 1669 2971 1725 εἶσιν
3002 1673 3056 1724 u't
3080 1669 3354 1746 ἀναγωγοὶ
3386 1670 3474 1724 xui
3505 1669 3763 1724 ὲνωτικαῖ

340 1762 680 1829 appareant.
718 1758 1062 1813 Identitates
1096 1764 1291 1813 autem
1323 1764 1462 1814 sunt
1491 1758 1738 1814 virtutes
1773 1759 1995 1814 intelli-

2113 1760 2239 1834 πρὸς
2271 1761 2396 1814 Θεὸν
2431 1757 2689 1832 δυνάμεις
2717 1765 2825 1814 τῶν
2859 1763 3096 1831 νοητῶν,
3127 1760 3201 1822 ὡς
3246 1761 3336 1814 καὶ
3393 1757 3725 1831 ὁμοιότητες
3749 1775 3765 1788 ο

341 1846 636 1919 gibilium,
663 1865 786 1917 quae
818 1864 1058 1902 sursum
1089 1849 1303 1902 ducere
1326 1853 1500 1918 atque
1523 1864 1657 1903 cum
1691 1849 1806 1902 Deo
1828 1849 1994 1904 unire

337 1935 556 2003 valent,
596 1939 659 1991 ut
705 1934 881 1991 etiam
934 1935 1394 2003 similitudines;
1435 1937 1712 2008 quoniam
1747 1954 1816 1992 ex
1865 1938 1994 2008 ipso

342 2041 576 2096 quoque
605 2031 747 2080 sunt
778 2030 835 2079 et
876 2025 989 2097 ipsi
1022 2025 1340 2080 adhaerent.
1374 2025 1748 2081 Diversitates
1800 2036 1994 2082 autem

340 2118 634 2185 quatenus
664 2114 976 2169 diversitas
1007 2114 1287 2169 deorsum
1311 2113 1493 2180 ducit,
1524 2118 1581 2170 et
1613 2115 1863 2170 divisiva
1882 2121 1992 2184 est,

342 2203 404 2258 in
454 2203 738 2274 subjectis
771 2207 827 2259 et
873 2203 1150 2258 extremis
1197 2203 1408 2258 divinae
1439 2203 1764 2259 voluntatis
1814 2205 1886 2259 ad
1917 2204 1995 2259 vi-

347 2292 544 2348 sibilia
573 2291 1085 2363 progressionibus
1128 2291 1573 2365 multiplicatur.
1609 2293 1996 2350 Dissimilitu-

346 2381 514 2437 dines
535 2397 667 2436 vero
693 2399 920 2450 rursus,
946 2383 1227 2453 quoniam
1250 2383 1405 2453 quod
1435 2387 1665 2438 creatur
1685 2383 1846 2438 aliud
1872 2399 1997 2438 om-

346 2471 486 2526 nino
537 2469 711 2525 fuerit
741 2488 772 2525 a
827 2477 1086 2525 creatore
1117 2470 1175 2524 in
1225 2471 1525 2538 omnibus,
1558 2488 1747 2542 neque
1795 2472 1994 2527 simile.

344 2563 523 2614 Porro
556 2559 999 2615 communiones
1031 2560 1184 2614 134
1215 2565 1357 2615 sunt
1403 2560 1833 2616 contrariorum
1881 2561 1996 2616 ele-

346 2653 679 2704 mentorum
700 2649 1151 2720 temperationes
1176 2666 1188 2702 :
1218 2666 1351 2703 nam
1371 2665 1438 2704 ex
1461 2654 1718 2721 quatuor
1738 2650 1996 2706 elemen-

345 2737 421 2793 tis
465 2753 708 2809 corpora
738 2742 879 2792 sunt
922 2738 1140 2793 omnia.
1177 2738 1549 2794 Cohaerentiae
1601 2743 1795 2795 autem
1854 2744 1996 2794 sunt

303 2845 306 2848 ’
346 2827 705 2882 mundorum
739 2828 796 2881 in
822 2827 1025 2882 eodem
1059 2827 1263 2882 ordine
1297 2827 1714 2884 collocatorum
1746 2828 1998 2884 visibilis

345 2922 402 2974 et
433 2915 823 2988 intelligibilis
856 2917 914 2971 in
970 2918 1256 2972 descensu
1289 2918 1730 2990 dispositiones,
1764 2934 1832 2973 ex
1883 2935 2001 2974 una

348 3005 598 3062 materia:
640 3006 973 3062 substantia
1001 3007 1058 3061 in
1102 3007 1291 3062 firmis
1333 3007 1676 3076 corporibus
1725 3007 2002 3080 multipli-

2105 1846 2292 1920 ἐπειδη
2326 1849 2415 1903 καὶ
2451 1848 2501 1920 ἐξ
2532 1848 2697 1904 αὐτοῦ
2729 1849 2840 1912 εῗσι¹
2863 1849 2954 1903 καὶ
2997 1853 3292 1925 προσεχεῖς
3342 1847 3508 1920 αὐτῷ.
3541 1841 3767 1921 Ἑτερὸ-

2101 1961 2264 2010 ττ,τες
2313 1937 2372 1994 δὲ
2417 1940 2552 2000 καθὸ
2604 1939 2916 2016 καταγωγὸς
2968 1937 3100 1993 οὖσα
3146 1942 3180 2008 ἡ
3213 1938 3484 2013 ἓτερότης,
3517 1938 3606 1991 καὶ
3666 1957 3766 2009 με-

2107 2032 2287 2105 ριστὴ,
2322 2029 2373 2083 ἐν
2424 2035 2544 2092 ταῖς
2596 2024 3023 2099 ὑποϐεϐηκυίαις
3068 2027 3158 2082 xui
3206 2027 3462 2102 ἐσχάταις
3502 2025 3771 2100 προόδοις

2102 2123 2199 2174 τοῦ
2233 2118 2378 2183 θείου
2413 2118 2724 2192 θελήματος
2760 2119 2837 2180 εἷς
2877 2119 3044 2194 ὁρατὰ
3093 2114 3433 2188 ἐπληθύνθη.
3469 2117 3778 2190 Ἀνομοιό-

2103 2229 2264 2279 τητες
2293 2205 2351 2262 δὲ
2380 2205 2571 2279 πάλιν,
2605 2204 2792 2276 ἐπειδή
2823 2209 2886 2262 τὸ
2919 2206 3209 2282 γινόμενον
3241 2202 3424 2281 ἕτερον
3457 2202 3517 2259 ἃν
3551 2205 3635 2275 εἴη
3664 2208 3774 2258 τοῦ

2107 2294 2614 2373 δημιουργήσαντος
2655 2295 2790 2351 κατὰ
2838 2295 3032 2366 πάντα,
3065 2295 3156 2349 καὶ
3209 2295 3308 2350 οὐκ
3351 2293 3600 2369 ἐμφερές.
3633 2295 3774 2349 Κοι-

2105 2386 2294 2440 νωνίαι
2328 2384 2384 2440 δὶ
2408 2390 2514 2440 τῶν
2549 2383 2801 2439 ἐναντίων
2830 2385 2884 2438 αἱ
2909 2388 3018 2439 τῶν
3054 2384 3345 2459 στοιχείων
3384 2381 3487 2438 εἶσὶ
3523 2379 3769 2458 κράσεις·

2108 2476 2168 2530 ἐκ
2195 2475 2296 2551 γὰρ
2327 2479 2433 2529 τῶν
2467 2475 2741 2550 τεσσάρων
2777 2474 3065 2549 στοιχείων
3100 2473 3202 2528 εἰσὶ
3246 2473 3312 2527 τὰ
3359 2473 3588 2544 σώματα
3631 2472 3774 2525 πάνυ

2105 2584 2191 2619 τα.
2242 2560 2650 2638 Ἀλληλουχίαι
2702 2562 2758 2618 δὲ
2801 2567 2910 2618 τῶν
2959 2563 3312 2638 ὁμοστοίχων
3362 2561 3493 2616 εἰσὶν
3542 2561 3597 2615 αἱ
3654 2565 3773 2616 τῶν

2106 2652 2352 2725 κόσμων,
2385 2657 2482 2707 τοῦ
2512 2674 2570 2708 τε
2599 2654 2797 2726 ὁρατοῦ
2827 2653 2913 2707 καὶ
2947 2656 3043 2706 τοὺ
3094 2655 3318 2722 νοητοῦ,
3347 2651 3468 2714 καθ’
3499 2644 3774 2705 ὑπόϐασιν

2107 2743 2440 2812 κατατάξεις,
2495 2741 2555 2796 ἐκ
2615 2747 2740 2813 μιᾶς
2801 2741 2987 2803 οὐσίας
3042 2748 3142 2810 τῆς
3194 2739 3335 2810 ὕλης
3390 2739 3466 2802 εἰς
3536 2740 3777 2811 σώματα

2107 2830 2498 2901 πληθυνθεῖσαι
2552 2833 2969 2905 στερεωμάτων,
3018 2830 3108 2886 καὶ
3161 2830 3329 2885 οἱονεὶ
3380 2828 3552 2905 σειρὰ,
3585 2826 3776 2899 ἀλλή-

2110 2918 2221 2974 λων
2257 2920 2518 2994 ἐχόμεναι
2555 2939 2568 2953 ·
2603 2920 2662 2974 ἐκ
2688 2919 2895 2975 τούτων
2929 2922 3144 2991 νοήσεις
3176 2919 3360 2974 καὶτὰ
3387 2918 3531 2989 ἑξῆς.
3567 2919 3778 2990 Ἀσυμ-

2115 3007 2284 3082 μιξίαι
2320 3006 2376 3062 δὲ
2397 3012 2504 3062 τῶν
2529 3009 2828 3082 ἧνωμένων
2859 3007 3016 3075 εἰσὶν,
3049 3007 3124 3071 ὡς
3153 3005 3241 3061 ἐπὶ
3267 3013 3366 3075 τῆς
3409 3009 3507 3060 τοῦ
3552 3005 3778 3080 ἀνθρώ-

344 3100 506 3165 catas,
529 3099 708 3166 atque
740 3095 916 3150 veluti
943 3100 1145 3152 catena
1177 3114 1237 3151 se
1263 3102 1468 3152 mutuo
1488 3101 1756 3152 tenentes
1780 3116 1793 3164 ;
1821 3114 1884 3152 ex
1906 3096 1998 3152 his

2113 3118 2213 3152 που
2245 3100 2287 3135 ⁵⁸
2307 3099 2494 3172 γένους
2527 3098 2867 3167 κοινότητος,
2897 3098 2987 3152 καὶ
3025 3104 3124 3166 τῆς
3152 3097 3269 3151 καθ’
3298 3093 3520 3150 ἕκαστον
3560 3091 3777 3168 ἅνθρω-

346 3184 754 3257 cogitationes,
787 3191 843 3240 et
872 3202 998 3256 quae
1027 3191 1378 3256 sequuntur.
1409 3190 1534 3241 Non
1561 3185 1999 3242 commistiones

343 3278 540 3330 autem
591 3275 917 3341 unitorum,
952 3279 1090 3330 sunt
1153 3275 1308 3331 sicut
1359 3274 1418 3330 in
1474 3275 1720 3331 humani
1767 3277 2001 3348 generis

342 3364 790 3434 communitate,
837 3369 894 3420 et
944 3367 1235 3436 cujusque
1287 3364 1549 3420 hominis
1609 3365 2001 3438 proprietate;

2110 3207 2212 3242 πον
2247 3184 2524 3257 ἰδιότητος
2552 3205 2565 3219 ⁸
2597 3191 2676 3258 τῷ
2710 3187 2805 3260 μὶν
2846 3187 2950 3262 γὰρ
3007 3190 3174 3258 κοινῷ
3224 3191 3325 3255 τῆς
3381 3183 3570 3246 οὐσίας
3618 3183 3778 3258 λόγῳ

2110 3278 2305 3338 πάντες
2337 3277 2616 3350 ἡνώμεθα,
2639 3280 2706 3351 τῇ
2742 3273 2799 3331 δὲ
2822 3277 2938 3332 καθ’
2968 3273 3190 3331 ἕκαστον
3223 3273 3560 3346 ἷ’διότητι,τὸ
3592 3273 3776 3348 άσύμ-

2119 3386 2307 3439 μικτον
2336 3360 2436 3440 ἕχο
2444 3387 2559 3439 μεν.

340 3453 641 3508 communi
692 3453 849 3509 enim
896 3454 1165 3510 essentiae
1216 3454 1442 3509 ratione
1475 3470 1678 3511 omnes
1734 3456 1883 3511 uniti
1915 3472 2145 3524 sumus,
2193 3457 2662 3529 uniuscujusque
2704 3472 2838 3512 vero
2890 3455 3263 3527 proprietate,
3310 3453 3557 3510 minime
3604 3469 3779 3510 com-

343 3557 678 3597 miscemur.

415 3631 602 3686 Status
633 3647 836 3686 omnes.
875 3630 1022 3687 Dicit
1051 3635 1171 3687 tres
1193 3647 1322 3686 esse
1372 3629 1656 3686 stationes
1687 3635 1744 3685 et
1791 3633 2000 3689 motio-

343 3735 468 3788 nes,
504 3735 651 3790 quas
683 3719 858 3775 etiam
891 3724 1174 3787 recenset,
1210 3720 1522 3788 mentium,
1555 3724 1612 3775 et
1643 3720 2000 3789 animarum,

346 3812 400 3864 et
431 3825 740 3880 corporum
768 3833 782 3878 ;
815 3813 1042 3880 oportet
1075 3809 1277 3881 itaque
1309 3808 1618 3865 commode
1650 3808 1999 3882 intelligere.

345 3901 566 3955 Mentes
598 3898 779 3970 igitur
811 3903 971 3954 stant
996 3903 1054 3955 et
1084 3904 1413 3969 moventur,
1448 3899 1603 3956 sicut
1633 3898 1817 3954 Isaias
1861 3899 2005 3953 dicit

348 3993 405 4044 et
452 3987 712 4044 Ezechiel
764 3989 834 4044 de
877 3988 1175 4060 seraphim
1228 3993 1284 4044 et
1350 3989 1680 4058 cherubim,
1725 3987 2001 4060 quoniam

352 4077 680 4132 ascendunt
701 4082 758 4133 et
790 4078 1177 4149 descendunt,
1205 4083 1272 4133 ut
1302 4077 1384 4133 ait
1426 4077 1696 4149 Moyses;
1731 4093 1864 4132 nam
1915 4077 2004 4132 in-

352 4165 686 4221 desinenter
718 4167 787 4222 ad
822 4167 1006 4223 Deum
1039 4168 1318 4234 converti,
1352 4171 1408 4223 et
1438 4167 1656 4222 haerere
1687 4167 1745 4220 in
1769 4170 2008 4222 conten-

353 4256 515 4311 tione
563 4257 634 4311 ad
683 4255 898 4328 ipsum,
922 4256 1030 4312 etsi
1067 4255 1412 4328 ablegentur
1451 4261 1510 4310 et
1538 4255 1903 4311 descendant
1933 4257 2005 4312 ad

351 4344 650 4410 inferiora,
685 4351 747 4401 ut
778 4345 1127 4416 adjuvandis
1160 4345 1527 4417 provideant,
1562 4343 1669 4399 hoc
1692 4344 1883 4416 ipsum
1919 4347 2007 4399 est

355 4435 602 4490 ﬁrmiter
632 4436 688 4490 in
723 4435 822 4490 Dei
851 4435 1063 4490 vicinia
1085 4440 1260 4503 stare,
1295 4439 1468 4506 atque
1494 4435 1565 4490 ad
1597 4432 1856 4488 liberalia
1889 4451 2008 4490 mo-

349 4523 470 4579 veri
502 4524 714 4581 ofﬁcia.
741 4524 1047 4580 Moventur
1069 4528 1262 4580 autem
1295 4524 1474 4579 etiam
1509 4523 1815 4594 superiora
1847 4524 2008 4597 cogi-

349 4615 549 4684 tando,
582 4618 638 4670 et
669 4619 829 4670 stant
858 4615 998 4670 dum
1033 4614 1105 4670 ab
1153 4612 1529 4670 inferioribus
1572 4611 2002 4684 intelliguntur,

351 4707 418 4759 ut
447 4702 870 4777 intelligibiles,
904 4707 1210 4759 manentes
1262 4703 1317 4756 in
1366 4701 1605 4774 propria
1653 4701 1956 4757 identitate
1989 4719 2003 4770 ;

352 4810 490 4850 nam
522 4799 662 4849 sunt
689 4809 802 4849 sua
833 4791 1106 4864 praesidia
1137 4796 1194 4847 et
1227 4791 1587 4858 mansiones,
1621 4796 1794 4862 atque
1825 4790 1885 4846 in
1913 4807 2004 4847 se-

355 4882 503 4954 ipsis
561 4883 853 4952 habitant,
888 4898 1116 4936 necnon
1161 4881 1234 4936 ad
1286 4882 1514 4952 seipsos
1564 4885 2005 4951 convertuntur,

355 4989 546 5044 neque
607 4971 786 5027 dividi
822 4974 1074 5042 possunt
1122 4970 1180 5024 in
1215 4985 1283 5024 ea
1305 4987 1432 5041 quas
1477 4987 1510 5025 a
1540 4970 1639 5026 Dei
1671 4971 1830 5025 cultu
1865 4974 2006 5026 sunt

353 5061 566 5118 aliena.
593 5065 795 5131 Itaque
813 5057 1247 5130 imperfectiora
1265 5058 1462 5114 omnia
1494 5063 1911 5115 convertuntur
1931 5059 2004 5114 ad

352 5150 765 5207 excellentiora
791 5151 981 5203 Motus
995 5151 1187 5202 autem
1207 5147 1489 5203 mentium
1516 5153 1568 5203 et
1586 5148 1917 5202 animarum
1943 5148 2003 5202 in

351 5241 554 5296 orbem
576 5235 984 5308 circulumque
1016 5236 1304 5306 feruntur,
1331 5237 1483 5292 sicut
1511 5238 1688 5293 etiam
1737 5236 2003 5293 Ezechiel

352 5325 961 5399 ait;quandoquidem
978 5342 1045 5382 ex
1075 5343 1137 5382 se
1160 5327 1305 5398 ipsis
1329 5328 1805 5400 progrediuntur,
1826 5332 2002 5399 atque

351 5419 412 5474 in
446 5433 507 5474 se
559 5418 951 5484 revertuntur,
985 5417 1092 5472 etsi
1125 5435 1158 5474 a
1188 5434 1250 5474 se
1281 5435 1399 5475 non
1451 5417 1743 5474 abierunt.
1778 5417 1848 5472 Et
1877 5416 2001 5473 haec

2181 3633 2248 3688 Ai
2309 3631 2518 3694 στάσεις
2578 3637 2764 3687 πᾶσαι.
2829 3632 3052 3693 Στάσεις
3129 3630 3219 3685 καὶ
3293 3631 3536 3700 κινήσεις
3614 3627 3773 3705 λέγει

2109 3725 2278 3797 τρεῖς,
2313 3719 2372 3782 ἃς
2404 3719 2496 3774 καὶ
2527 3719 2840 3795 καταλέγει,
2870 3724 3009 3774 νοῶν
3054 3719 3144 3774 καὶ
3191 3721 3410 3795 ψυχῶν,
3444 3717 3533 3773 xui
3591 3719 3785 3792 σωμά-

2111 3831 2218 3864 των
2257 3827 2268 3839 ·
2307 3806 2388 3863 δεῖ
2429 3809 2611 3863 τοίνυν
2668 3809 2997 3887 προσφόρως
3046 3813 3207 3862 νοεῖν.
3242 3808 3310 3865 Oi
3364 3808 3457 3881 μὲν
3511 3805 3604 3862 οὗν
3654 3808 3785 3870 νόες

2107 3896 2357 3953 ἵστανται
2389 3897 2477 3953 xui
2510 3903 2807 3967 κινοῦνται,
2841 3898 2914 3959 ὠς
2945 3896 3166 3960 Ἡσαΐας
3205 3895 3358 3975 φησὶ,
3389 3896 3479 3951 καὶ
3509 3895 3782 3967 ’[εζεκιῆλ

2113 3987 2237 4063 περὶ
2278 3992 2388 4042 τῶν
2442 3987 2680 4065 σεραφὶμ
2714 3989 2805 4042 καὶ
2859 3981 3136 4062 χερουϐίμ
3164 4005 3176 4018 ·
3213 3983 3402 4055 ἐπειδὴ
3429 3985 3587 4040 αὐτοί
3642 3985 3780 4040 εἰσιν

2115 4079 2168 4132 oi
2201 4073 2578 4141 ἀναϐαίνοντες
2606 4077 2696 4132 καὶ
2729 4071 3160 4148 καταϐαίνοντες,
3195 4075 3271 4137 ὥς
3311 4097 3444 4152 φησι
3491 4077 3740 4146 Μωϋσῆς
3765 4093 3778 4106 ·

2113 4166 2176 4220 τὸ
2210 4166 2304 4239 μὶν
2338 4168 2442 4241 γὰρ
2476 4167 2840 4244 ἐπεστράφθαι
2884 4164 3142 4236 ἀλήκτως
3167 4164 3256 4220 ἐπὶ
3286 4167 3332 4201 ⁸9
3357 4164 3449 4219 τὸν
3497 4163 3653 4234 Θεὸν,
3683 4165 3777 4219 καὶ

2119 4253 2365 4331 ἱδρῦσθαι
2415 4255 2466 4310 ἐν
2524 4259 2592 4329 τῇ
2651 4257 2789 4331 πρὸς
2846 4254 3007 4309 αὐτον
3056 4254 3326 4321 ἀνατάσει,
3355 4251 3451 4308 κᾶν
3503 4253 3784 4310 ἀποστέλ-

2119 4343 2305 4400 λοιντο
2336 4345 2424 4399 καὶ
2471 4339 2849 4399 καταϐαίνοιεν
2881 4346 2926 4380 ⁶⁰
2955 4343 3043 4398 ἐπὶ
3087 4344 3154 4398 τὰ
3207 4338 3610 4414 ὑποϐεϐηκότα,
3643 4363 3784 4416 προ-

2117 4434 2269 4496 νοίας
2299 4435 2462 4510 ’χάριν
2495 4439 2600 4488 τῶν
2629 4431 3166 4511 ὠφεληθησομὲνων,
3198 4431 3360 4487 τοῦτό
3385 4430 3495 4487 in:
3527 4433 3590 4487 τὸ
3621 4433 3782 4487 ἑστᾶσ-

2117 4545 2205 4578 ναι
2257 4519 2492 4600 βεϐαίως
2546 4522 2597 4578 ἐν
2643 4527 2713 4597 τῇ
2759 4524 2896 4598 πρὸς
2937 4522 3068 4578 Θεὸν
3118 4520 3344 4598 ἐγγίσει,
3377 4521 3466 4577 καὶ
3514 4523 3783 4577 κινεῖσθαι

2121 4613 2196 4668 εἶτ
2243 4613 2337 4674 τὰς
2382 4614 2506 4686 περί
2549 4613 2675 4674 τοὺς
2704 4611 3187 4687 εὐεργετουμὲνους
3217 4609 3494 4673 διακονίας
3521 4631 3533 4645 ·
3568 4615 3788 4667 κινοῦν·-

2118 4723 2205 4757 ται
2239 4698 2296 4756 δὲ
2331 4701 2382 4756 ἐν
2414 4706 2492 4774 τῷ
2541 4707 2685 4756 νοεῖν
2733 4701 2800 4754 τὰ
2849 4695 3279 4774 ὑπερϐεϐηκότα,
3309 4700 3399 4756 καὶ
3449 4701 3661 4755 ἱστᾶσιν
3721 4700 3777 4756 ἐν

2118 4796 2197 4862 τῷ
2226 4795 2460 4855 νοεῖσθαι
2491 4790 2638 4865 παρὰ
2683 4793 2788 4844 τῶν
2837 4787 3284 4865 καταδεεστέρων,
3317 4789 3393 4852 ὠς
3441 4790 3632 4860 νοητὰ,
3682 4789 3786 4863 μὲ-

2119 4902 2280 4936 νοντα
2311 4881 2362 4934 ἐν
2392 4884 2460 4955 τῇ
2495 4880 2667 4951 οἰκείᾳ
2687 4879 2979 4950 ταυτότητι
3015 4899 3027 4911 ·
3062 4880 3290 4958 φρουραὶ
3324 4879 3428 4954 γάρ
3471 4878 3603 4934 εἰσιν
3652 4879 3784 4935 ἑαυ-

2117 4975 2223 5024 τῶν
2271 4970 2360 5025 xui
2415 4970 2626 5042 μοναί·
2661 4969 2751 5023 καὶ
2802 4968 2877 5032 εἰς
2929 4969 3090 5024 ἑαυτὰ
3137 4968 3488 5041 οἰκειοῦνται,
3538 4968 3629 5024 καὶ
3692 4969 3781 5048 ἐφ’

2115 5061 2278 5114 ἑαυτά
2334 5060 2799 5134 συνεστραμμένα,
2847 5059 2934 5113 καὶ
2989 5055 3286 5114 ἆσκὲδαστα
3334 5057 3422 5113 ἐπὶ
3476 5057 3545 5112 τὰ
3599 5057 3784 5114 ἀλλό-

2113 5169 2239 5224 τρια
2269 5155 2367 5218 τῆς
2395 5143 2720 5212 θεοσεϐείας.
2759 5148 2861 5203 Καὶ
2892 5151 3022 5223 γοῦν
3054 5149 3231 5203 πάντα
3271 5149 3339 5202 τὰ
3383 5145 3783 5222 καταδεέστερα

2116 5237 2477 5311 ἐπέστραπται
2534 5235 2619 5291 ἐπὶ
2679 5240 2746 5292 τὰ
2807 5231 3240 5311 ὑπερϐεϐηκότα.
3299 5237 3368 5294 Ai
3420 5233 3479 5292 δὶ
3530 5239 3784 5307 κινήσεις

2116 5330 2222 5380 τῶν
2256 5330 2396 5380 νοῶν
2424 5327 2515 5380 xui
2547 5329 2741 5401 ψυχῶν
2773 5323 3113 5402 τροχοειδεῖς
3142 5326 3242 5381 εἰσι
3272 5325 3363 5380 xui
3380 5323 3663 5397 κυκλικαὶ,
3697 5325 3778 5389 ὠς

2117 5417 2208 5470 καὶ
2239 5413 2508 5486 Ἰιζεκιήλ
2556 5436 2738 5492 φησιν,
2791 5414 3008 5490 ἰπείπερ
3057 5414 3108 5486 ἐξ
3149 5417 3350 5471 ἑαυτῶν
3396 5416 3642 5492 προΐασι,
3683 5417 3778 5472 καὶ

1367 5588 1610 5644 VARle
1649 5588 2039 5645 LECTlONES
2077 5589 2167 5646 ET
2205 5587 2738 5646 CORRECTIONES

423 5725 466 5760 ⁸⁷
494 5721 805 5779 ὑπόστασιν.
883 5725 926 5760 ⁸⁸
957 5723 1316 5798 ἀνθρωπείου,
1393 5725 1438 5760 ⁸³
1467 5721 1625 5797 πρός.
1701 5725 1745 5760 ⁸ο
1775 5720 2221 5778 ἀποστέλλωνται
2251 5720 2338 5776 xui
2371 5713 2784 5776 καταϐαίνωσιν.
