4034 6388
274 365 395 419 257

1058 366 1119 418 8.
1162 363 1437 419 ΜΔΧῙΜῙ
1474 363 1778 420 SCHOLIA
1818 365 1891 417 IN
1931 364 2063 417 LIB.
2104 365 2200 416 DE
2237 364 2508 418 DIVINIS
2545 363 2956 420 NOMINIBUS.

3614 374 3721 430 258

271 487 361 550 εἰς
417 485 583 542 ἑαυτὰ
640 484 1137 560 ἑπαναστρέφουσιν
1193 483 1508 558 ἀνεξόδευτα
1560 485 1784 542 ἑαυτῶν.
1847 483 1946 538 Καὶ

2077 485 2302 557 quidem
2336 486 2417 541 ita
2447 503 2507 542 se
2539 485 2761 542 habent
2792 487 2848 543 in
2874 489 3266 563 incorporeis;
3301 497 3489 552 status
3520 501 3714 555 autem

267 580 450 632 ταῦτα
480 577 573 649 μὲν
611 573 840 630 ἐπὶτῶν
873 573 1200 647 ἀσωμάτων
1258 575 1442 637 στάσις
1487 571 1544 630 δὲ
1591 573 1679 628 καὶ
1735 573 1948 643 κίνησις

273 665 365 722 ἐπὶ
444 669 554 720 τῶν
617 665 886 737 σωμάτων
947 665 1294 737 νοηθήσεται,
1369 663 1638 736 μενούσης
1698 664 1793 736 μὶν
1853 666 1951 729 τῆς

275 754 422 826 ῦλης
476 753 529 808 ἐν
581 753 946 826 ὑποκειμένῳ
996 752 1325 826 κινουμένης
1357 750 1414 807 δὲ
1445 751 1520 817 εἰς
1539 752 1634 815 τὰς
1663 757 1770 807 τῶν
1803 774 1953 828 γινο-

277 843 519 920 μὲνων⁶¹
555 843 608 914 ἐξ
647 843 818 914 αὐτῆς
875 843 1082 918 τροπὰς
1133 844 1224 899 καὶ
1281 839 1632 920 μεταλλαγὰς
1683 843 1949 917 σωμάτων

278 932 557 1010 ἐμψύχων
591 954 648 988 τε
677 932 768 988 καὶ
800 932 1053 1008 ἀψύχων.

354 1023 645 1085 Κυκλικῶς
678 1023 795 1096 μέν.
832 1022 1151 1096 Σημείωσαι
1184 1026 1301 1084 πῶς
1329 1027 1603 1079 κινοῦνται
1632 1024 1700 1079 τὰ
1732 1021 1956 1100 οὐράνια

269 1112 581 1181 κυκλικῶς,
613 1113 702 1166 καὶ
736 1113 852 1166 κατ’
885 1111 1092 1167 εὐθεῖαν
1141 1112 1232 1167 καὶ
1289 1111 1630 1176 ἐλικοειδῶς·
1693 1113 1782 1168 καὶ
1838 1117 1956 1174 πῶς

271 1208 483 1258 νοεῖται
508 1205 698 1278 ψυχῆς
731 1199 1042 1270 ἐλικοειδὴς
1071 1201 1308 1272 κίνησις.

756 1337 818 1390 Οἱ
851 1341 986 1400 θεῖοι
1016 1337 1134 1398 νόες
1165 1341 1442 1392 κινοῦνται
1456 1340 1503 1374 ⁶²

461 1428 499 1497 ἢ
529 1425 834 1494 κυκλικῶς,
864 1426 900 1494 ἢ
932 1427 1051 1481 κατ’
1081 1427 1315 1492 εὐθεῖαν,
1357 1428 1391 1496 ἢ
1431 1425 1774 1490 ἐλικοειδῶς.

353 1559 562 1627 Ψυχῆς
623 1549 681 1606 δέ
720 1551 978 1623 κίνησις.
1035 1548 1260 1621 Ἐπειδή
1319 1553 1450 1626 καὶ,
1506 1553 1580 1614 ὡς
1643 1551 1754 1607 ἄνω
1812 1572 1954 1624 προ-

276 1641 616 1718 εγράψαμεν,
666 1642 827 1712 νοερᾶ
879 1640 972 1714 μὲν
1025 1641 1224 1696 εἰσιτᾶ
1253 1646 1499 1697 νοοῦντάο
1561 1643 1732 1714 νοητὰ
1789 1640 1846 1697 δὶ
1892 1643 1960 1697 τὰ

278 1731 584 1804 νοούμενα·
623 1731 801 1808 τροφή
855 1727 912 1784 δὲ
940 1722 1300 1806 τῶνίνοερῶν
1356 1733 1424 1786 τά
1481 1731 1670 1802 νοητά·
1733 1731 1957 1794 εἰκότως

279 1819 381 1876 οῦν
416 1819 507 1874 ἐπὶ
557 1823 746 1895 ψυχῆς
797 1824 987 1894 νοερᾶς
1029 1840 1163 1898 φησι
1190 1817 1446 1892 δυνάμεις
1480 1819 1668 1892 αὐτῆς,
1728 1821 1803 1882 ὡς
1865 1819 1962 1892 μό-

2062 580 2120 632 et
2151 581 2344 632 motus
2372 577 2431 632 in
2465 577 2817 650 corporibus
2847 579 3234 654 intelligetur,
3269 592 3538 644 manente
3586 591 3716 662 qui-

2062 664 2195 718 dem
2229 664 2286 719 in
2317 665 2586 736 subjecto
2622 666 2904 735 materia;
2941 675 3100 724 mota
3144 687 3276 726 vero
3325 673 3384 729 in
3425 676 3631 733 modos
3661 682 3720 733 et

2064 754 2422 809 mutationes
2481 771 2795 827 corporum
2849 757 3246 816 animatorum
3303 766 3360 817 et
3416 763 3712 822 inanimo-

2061 859 2216 897 rum.

2135 1020 2504 1079 Circulariter
2553 1023 2791 1094 quidem.
2831 1028 2980 1080 Nota
3033 1029 3327 1097 quomodo
3371 1029 3630 1088 ccelestia
3657 1033 3717 1089 in

2066 1110 2265 1164 orbem
2300 1117 2727 1182 moveantur,et
2757 1119 2913 1168 recta
2942 1119 2998 1170 et
3028 1115 3265 1188 oblique
3290 1135 3303 1172 :
3338 1123 3395 1174 et
3425 1124 3720 1192 quomodo

2067 1197 2434 1272 intelligatur
2463 1207 2660 1258 motus
2683 1203 2896 1258 animas
2928 1203 3225 1276 obliquus.

2490 1334 2708 1391 Divinis
2737 1342 2965 1394 mentes
2997 1345 3310 1396 moventur

2067 1423 2176 1478 Aut
2207 1424 2269 1478 in
2295 1426 2506 1495 orbem,
2797 1433 2892 1482 aut
2928 1438 3103 1498 recta,
3351 1437 3450 1488 aut
3479 1433 3720 1507 oblique.

2139 1548 2291 1604 185
2324 1549 2514 1604 Animi
2541 1554 2733 1605 autem
2770 1555 2968 1607 motus.
3003 1553 3511 1629 Quandoquidem,
3571 1560 3726 1617 sicut

2071 1637 2247 1692 etiam
2281 1655 2463 1710 supra
2493 1639 2867 1710 scripsimus,
2901 1643 3058 1716 νοερά
3088 1650 3227 1698 sunt
3257 1660 3323 1699 ea
3364 1662 3489 1718 quea
3513 1648 3728 1704 intelli-

2070 1731 2247 1797 gunt;
2269 1725 2437 1796 νοητά
2469 1745 2602 1784 vero
2624 1746 2754 1802 quae
2778 1731 3192 1803 intelliguntur
3217 1733 3594 1804 ;alimentum
3617 1755 3723 1794 au-

2073 1819 2186 1870 tem
2217 1815 2672 1889 intelligentium
2733 1824 2875 1875 sunt
2931 1821 3328 1893 intelligibilia
3361 1841 3374 1891 ;
3425 1826 3632 1883 merito
3661 1827 3725 1884 in

278 1930 377 1963 vov
409 1887 778 1979 vooﬁq‘qé‘ruc
811 1887 1243 1983 ὑπερϐεέηκότα·
1280 1907 1414 1977 αὕτη
1449 1910 1554 1984 γὰρ
1606 1909 1694 1963 ὑπ’
1743 1905 1956 1970 οὐδενὸς

2077 1905 2273 1958 anima
2320 1887 2687 1977 intelligente
2737 1908 3041 1965 facultates
3100 1887 3228 1980 eius
3278 1887 3462 1981 affert,
3526 1920 3728 1987 utpote

289 2003 527 2053 νοεῖται²
561 1999 650 2052 καὶ
702 1995 918 2053 πάντων
962 2002 1069 2052 τῶν
1122 2002 1334 2067 νοητῶν
1384 1997 1587 2073 ἐσχάτη
1627 1997 1758 2053 ἐστί.
1795 1998 1962 2052 Δυνά-

293 2108 419 2159 μεις
452 2083 512 2142 δέ.
541 2086 643 2141 εἶσι
676 2089 862 2162 ψυχῆς
902 2087 956 2140 αἱ
986 2086 1125 2160 πρὸς
1173 2088 1266 2149 τὰς
1317 2087 1595 2158 αἰσθήσεις
1655 2084 1962 2158 ἐπιτηδειό-

289 2197 483 2247 τητες.

359 2351 724 2416 Ἑλικοειδῶς
762 2399 775 2412 .
833 2354 995 2429 Ὁρᾷς
1042 2353 1308 2423 ἐντεῦθεν,
1365 2352 1508 2424 πόση
1566 2350 1801 2431 διαφορᾶ
1855 2355 1963 2426 to-

286 2451 403 2519 χῆς
435 2444 575 2519 πρὸς
605 2443 672 2498 τὰ
702 2443 891 2513 νοητά⁸
918 2444 986 2498 τά
1039 2443 1134 2516 μὶν
1179 2444 1282 2519 γὰρ
1341 2445 1546 2518 νοερῶς
1575 2443 1665 2497 καὶ
1720 2443 1960 2511 ἑνιαίως,

283 2534 540 2588 τουτέστι
585 2533 724 2587 κατὰ
782 2531 978 2608 ἀθρόαν
1040 2527 1310 2601 ἐπιϐολὴν
1345 2579 1358 2605 ,
1410 2537 1524 2587 νοεῖ
1568 2531 1662 2594 τὰς
1718 2532 1964 2607 ὑπερκει-

290 2623 458 2695 μένας
494 2620 642 2686 θείας
701 2620 1027 2695 ἐλλάμψεις,
1079 2622 1213 2677 κατὰ
1269 2621 1331 2676 τὸ
1378 2623 1556 2676 αὐτῶν
1595 2621 1789 2696 μέτρον
1823 2622 1962 2676 ἀπο-

287 2711 742 2785 καλυπτομέναςο
791 2713 826 2781 ἡ
883 2710 942 2766 δὲ
991 2712 1146 2786 ψυχὴ
1201 2712 1447 2785 λογικῶς
1491 2710 1582 2765 καὶ
1628 2708 1961 2781 διεξοδικῶς,

288 2802 579 2855 τουτέστιν
641 2799 718 2863 εἰς
785 2801 980 2876 μερικὰ
1043 2798 1375 2875 μεριζομὲνη
1413 2845 1426 2868 ,
1475 2799 1564 2854 καὶ
1613 2797 1671 2853 ἐκ
1722 2806 1964 2874 μετοχῆς

288 2887 708 2963 διδασκομένη·
794 2891 821 2945 ὁ
880 2890 981 2966 γὰρ
1032 2894 1202 2958 νοῦς,
1253 2889 1328 2951 εἷς
1380 2887 1680 2966 λογισμοὺς
1735 2889 1961 2958 κατιὼν,

287 2981 459 3037 οἱονεὶ
515 2979 791 3054 μερίζεται
843 2978 934 3034 καὶ
983 2976 1156 3033 δέεται
1204 2983 1301 3033 τοῦ
1351 2975 1440 3034 διὰ
1485 2978 1755 3035 πλειόνων
1787 2999 1961 3052 παρα-

288 3065 602 3144 δειγμάτων
644 3065 1050 3139 διεξοδεύοντος
1097 3067 1264 3144 λόγου
1313 3068 1448 3143 πρὸς
1478 3071 1810 3146 παράστασιν
1864 3072 1962 3123 τοῦ

283 3157 620 3230 νοουμένου,
681 3157 742 3212 τὸ
811 3152 1391 3232 ὑπεράναϐεϐηκόςθε.
1473 3158 1807 3232 Συμμίκτως
1867 3156 1956 3212 οὖν

2075 1995 2308 2046 tantum
2325 1992 3133 2068 excellentiumintelligentia
3151 2014 3164 2064 ;
3182 1997 3306 2053 hac
3329 1999 3483 2056 enim
3506 2019 3540 2057 a
3563 2003 3726 2060 nullo

2074 2078 2443 2152 intelligitur,
2499 2083 2886 2155 omniumque
2942 2084 3406 2158 intelligibilium
3439 2094 3528 2145 est
3559 2096 3727 2163 post-

2074 2184 2255 2223 rema.
2295 2170 2619 2227 Facultates
2675 2188 2847 2244 porro
2905 2172 3115 2229 anima:
3165 2180 3326 2247 sunt,
3368 2178 3727 2248 aptitudines

2072 2262 2219 2329 aptis
2252 2260 2320 2314 ad
2355 2277 2637 2317 sensuum
2661 2262 3009 2320 functiones.

2146 2350 2392 2423 Oblique.
2421 2351 2568 2407 Hinc
2595 2352 2760 2408 vides
2791 2361 3011 2424 quanta
3051 2354 3128 2410 sit
3158 2356 3488 2413 differentia
3517 2360 3728 2418 animas

2075 2439 2146 2494 ab
2179 2439 2693 2512 intelligibilibus:
2727 2441 2850 2498 haec
2894 2443 3075 2512 enim,
3136 2444 3615 2506 intellectualiter
3672 2455 3730 2508 et

2074 2529 2258 2595 unite,
2290 2529 2421 2597 hoc,
2457 2535 2545 2585 est
2574 2530 2747 2586 celeri
2801 2548 2904 2587 seu
2965 2533 3222 2606 simplici
3272 2538 3486 2594 mentis
3516 2556 3726 2612 appre-

2074 2618 2376 2684 hensione,
2437 2620 2770 2691 superiores
2831 2621 3062 2678 divinas
3111 2623 3444 2697 intelligunt
3471 2627 3727 2687 illustra-

2074 2707 2286 2773 tiones,
2311 2723 2436 2780 quea
2481 2725 2584 2780 pro
2616 2709 2883 2780 ipsorum
2915 2715 3086 2783 captu
3120 2715 3490 2774 revelantur:
3525 2719 3724 2778 anima

2072 2815 2226 2870 vero,
2280 2801 2726 2857 ratiocinatione
2757 2807 2815 2858 et
2845 2803 3140 2873 discursu,
3172 2807 3230 2862 id
3263 2813 3352 2864 est
3383 2811 3440 2865 in
3471 2814 3722 2883 particu-

2071 2889 2220 2946 laria
2239 2890 2629 2963 divisa,atque
2659 2907 2728 2947 ex
2757 2894 3291 2952 communicatione
3311 2899 3722 2958 addiscensin-

2072 2981 2302 3053 telligit.
2327 2981 2490 3036 Mens
2522 2981 2698 3051 enim,
2725 2983 2795 3037 ad
2831 2984 3311 3044 ratiocinationes
3332 2989 3720 3062 descendens,

2072 3069 2270 3142 aliquo
2295 3071 2467 3126 modo
2500 3069 2784 3126 dividitur
2807 3075 2864 3126 et
2879 3071 3148 3143 pluribus
3162 3078 3593 3150 exemplaribus
3613 3097 3714 3138 seu

2071 3159 2869 3232 speciebusindiget,ratione
2901 3161 3268 3222 discurrente
3293 3173 3355 3224 ut
3385 3169 3639 3228 sublime
3661 3178 3719 3230 et

282 3245 494 3322 ἐνεργεῖ
522 3249 557 3317 ἡ
590 3247 747 3322 ψυχὴ
798 3246 888 3302 καὶ
939 3241 1338 3320 μεταϐατικῶς,
1390 3245 1479 3302 ὅτε
1507 3248 1598 3302 καὶ
1629 3253 1766 3303 νοεῖ·
1797 3251 1956 3302 τοῦτο

2077 3247 2496 3303 transcenderis
2551 3247 2698 3303 illud
2748 3251 2902 3320 quod
2974 3253 3266 3324 cogitatur
3315 3267 3714 3330 repraesentet.

283 3338 392 3413 γάρ
426 3336 634 3391 οἰκεῖον
682 3339 888 3412 ψυχῆς,
940 3335 1031 3390 καὶ
1083 3334 1172 3391 ὅτε
1204 3334 1396 3408 ἔξωθεν
1431 3335 1517 3391 ἐπί
1549 3337 1615 3390 τὰ
1646 3333 1959 3412 ὑψηλότερα

284 3431 742 3502 χειραγωγεῖται·
779 3424 838 3481 ἐκ
867 3425 970 3502 γὰρ
1001 3429 1111 3480 τῶν
1138 3423 1452 3502 ἀλλοτρίων
1484 3420 1778 3482 ἀναϐαίνει.

668 3721 738 3778 Αἱ
770 3719 945 3795 ψυχαὶ
979 3719 1032 3774 αἱ
1069 3716 1289 3794 λογικαὶ
1314 3723 1584 3775 κινοῦνται

300 3812 334 3878 ἣ
363 3809 657 3878 κυκλικῶς,
877 3809 913 3878 ἢ
948 3805 1292 3878 ἐλικοειδῶς,
1521 3810 1554 3878 ἢ
1583 3810 1699 3864 κατ’
1728 3809 1958 3869 εὐθεῖαν.

365 3918 588 3974 Τούτων
664 3914 783 3984 οὖν,
839 3915 929 3970 καὶ
988 3919 1095 3970 τῶν
1157 3915 1454 3986 αἰσθητῶν.
1513 3917 1673 3990 "Optat,
1733 3917 1818 3970 ὅτι
1869 3917 1959 3972 καὶ

286 4011 395 4062 τῶν
446 4005 724 4077 αἰσθητῶν
784 4010 930 4080 τρεῖς
979 4027 1145 4079 φησιν
1197 4005 1331 4060 εἶναι
1385 4006 1480 4067 τὰς
1538 4008 1802 4076 κινήσεις⁶
1859 4008 1960 4076 τὴν

283 4094 591 4166 κυκλοειδῆ
623 4094 715 4150 καὶ
742 4095 843 4164 τὴν
903 4092 1206 4166 ἑλικοειδῆ,
1256 4093 1348 4149 καὶ
1393 4096 1492 4163 τὴν
1551 4098 1670 4150 κατ’
1727 4096 1956 4159 εὐθεῖαν·

282 4185 649 4260 προαγόμεθα
680 4181 739 4238 δὲ
766 4183 968 4245 ταύτας
998 4189 1141 4238 νοεῖν
1176 4181 1237 4239 ἐκ
1265 4188 1373 4238 τῶν
1404 4185 1528 4258 περὶ
1571 4188 1758 4260 ψυχῆς
1807 4184 1957 4260 εἰρη-

287 4275 493 4348 μὲνων·
542 4270 812 4341 κυκλικὴν
851 4273 948 4345 μὶν
977 4271 1168 4341 αὐτὴν,
1229 4271 1354 4327 ὅταν
1413 4273 1481 4327 τὰ
1532 4273 1764 4344 αἰσθητὰ
1821 4275 1958 4329 αὐτὰ

281 4365 429 4419 κατὰ
485 4364 582 4425 τὰς
642 4361 849 4425 οῖκείας
907 4359 1162 4434 δυνάμεις
1211 4361 1301 4416 καὶ
1374 4361 1671 4433 ποιότητας
1742 4362 1953 4439 ἐνεργῇ·

286 4456 409 4508 οἷον
458 4456 566 4527 πῦρ
629 4456 946 4525 θερμαῖνον,
994 4451 1084 4506 καὶ
1139 4447 1285 4525 ὕδωρ
1335 4454 1534 4526 ψῦχον,
1583 4452 1670 4506 καὶ
1722 4452 1790 4507 τὰ
1838 4453 1957 4525 ἑξῆς

285 4541 531 4614 ὁμοίως·
567 4536 892 4600 ἐλικοειδῶς
915 4541 961 4576 ⁸⁸
1003 4537 1081 4610 δὲ,
1133 4539 1257 4593 ὅταν
1313 4533 1689 4611 μεταϐατικῶς
1737 4541 1955 4615 ἐνεργῇ,

2069 3338 2216 3409 Ergo
2249 3336 2448 3392 anima
2477 3337 2832 3394 commistim
2867 3344 2924 3394 et
2969 3345 3358 3401 transcursim
3417 3355 3718 3421 operatur,

2070 3428 2247 3483 etiam
2282 3427 2518 3497 quando
2551 3427 3026 3486 intellectualiler
3055 3432 3367 3508 intelligit:
3392 3438 3500 3494 hoc
3532 3441 3720 3512 siqui-

2070 3517 2203 3571 dem
2235 3515 2444 3571 animae
2468 3517 3039 3591 proprium,quando
3061 3526 3222 3579 extra
3252 3541 3311 3581 se
3341 3527 3414 3582 ad
3447 3529 3728 3588 sublimia

2071 3605 2367 3662 elevatur:
2400 3622 2469 3661 ex
2499 3605 2708 3662 alienis
2740 3608 2899 3663 enim
2932 3612 3219 3667 ascendit.

2444 3722 2668 3779 Anima
2701 3723 3018 3782 rationales
3051 3735 3361 3787 moventur

2069 3811 2176 3867 Aut
2198 3811 2254 3867 in
2280 3813 2484 3882 orbem,
2775 3819 2871 3870 aut
2892 3816 3128 3889 oblique,
3421 3830 3517 3880 aut
3549 3834 3721 3885 recta.

2143 3921 2348 3976 Horum
2378 3919 2572 3990 igitur,
2632 3920 2714 3977 uti
2768 3931 2822 3977 et
2875 3924 3188 3982 sensilium.
3251 3931 3514 4000 Adverte,
3564 3935 3722 4005 quod

2069 4009 2249 4065 etiam
2265 4010 2421 4064 dicat
2437 4015 2556 4064 tres
2569 4025 2698 4065 esse
2709 4012 3019 4068 sensilium
3035 4016 3724 4094 motiones,ciroularem,

2068 4097 2372 4168 obliquam
2395 4100 2453 4152 et
2474 4104 2690 4153 rectam
2715 4103 3177 4169 :persuademur
3197 4111 3390 4162 autem
3415 4125 3484 4164 ex
3504 4110 3726 4183 iisquae

2069 4187 2140 4242 de
2168 4188 2367 4241 anima
2387 4186 2545 4242 dicta
2567 4193 2728 4252 sunt,
2744 4189 3091 4262 intelligere,
3115 4194 3462 4253 circularem
3485 4200 3725 4270 quidem

2068 4278 2467 4348 eam,quaudo
2489 4279 2732 4334 sensilia
2744 4283 3075 4336 secundum
3099 4286 3368 4355 proprias
3399 4287 3646 4347 virtutes
3665 4299 3724 4349 et

2068 4365 2389 4438 qualitates
2413 4374 2755 4437 operantur,
2792 4375 2854 4423 ut
2885 4371 3040 4442 ignis
3063 4371 3432 4446 calefaciens,
3464 4382 3523 4432 et
3569 4396 3724 4451 aqua

2068 4455 2442 4526 refrigerans,
2494 4455 2728 4526 aliaque
2784 4457 3058 4514 similiter
3115 4480 3131 4530 ;
3191 4462 3428 4534 oblique
3498 4473 3720 4538 autem,

2067 4541 2305 4611 quando
2371 4542 2830 4596 transcurrendo
2889 4550 3230 4614 aperantur,
3289 4554 3357 4603 ut
3408 4550 3600 4620 pisces
3652 4569 3723 4610 ex

287 4632 411 4685 οἷον
468 4627 520 4702 ἐξ
578 4626 788 4684 ὑδάτων
837 4627 1048 4703 ἰχθύες,
1107 4626 1198 4682 καί
1241 4628 1477 4696 πετεινὰ,
1535 4628 1626 4682 καὶ
1674 4630 1708 4700 ἡ
1762 4626 1956 4705 ῥάϐδος

2077 4631 2262 4701 aquis,
2294 4639 2348 4685 et
2376 4631 2668 4698 volucres,
2729 4637 2907 4704 atque
2956 4635 3119 4706 virga
3147 4638 3360 4707 Moysis
3391 4640 3449 4696 in
3476 4659 3720 4715 serpen-

287 4716 574 4779 Μωϋσὲως
610 4717 686 4779 εἱς
736 4712 884 4794 ὅφιν,
934 4716 1024 4770 καὶ
1054 4717 1121 4769 τὰ
1147 4719 1390 4770 νοιαῦτα·
1444 4717 1561 4770 κατ’
1612 4715 1818 4771 εὐθεῖαν
1879 4715 1958 4790 δὲ,

286 4805 419 4862 ὅταν
465 4807 620 4870 αὗθις
651 4807 729 4868 εἱς
759 4805 854 4868 τὰς
888 4804 1092 4866 οἰκείας
1123 4805 1299 4880 ἀρχὰς
1328 4805 1620 4879 ἀνατρὲχῃ,
1653 4807 1769 4860 οἷον
1829 4807 1954 4860 ὅταν

288 4896 433 4970 μετὰ
465 4893 712 4950 διάΛυσιν
742 4899 850 4949 τῶν
879 4894 1188 4968 γινομένων
1209 4893 1372 4950 πάλιν
1406 4895 1481 4955 εἱς
1510 4894 1578 4948 τὰ
1620 4900 1868 4970 στοιχεῖα
1890 4895 1958 4950 τὰ

289 4987 631 5065 φθειρόμενα
661 4982 988 5054 ἀναλύηται.

360 5075 466 5130 Καὶ
525 5075 737 5144 κίνησιν
771 5095 782 5108 ·
840 5072 1070 5143 Κίνησιν
1126 5069 1186 5127 ἂν
1241 5093 1324 5134 τις
1397 5072 1700 5147 προαχθείη
1759 5075 1952 5142 νοῆσαι

280 5170 399 5221 τῶν
427 5164 702 5234 αἱσθητῶν
733 5163 834 5231 τὴν
870 5159 1170 5217 ἀλλοίωσιν
1212 5159 1304 5216 καί
1358 5163 1457 5231 τήν
1503 5160 1728 5240 φθοράν·
1780 5161 1830 5232 ἐξ
1889 5160 1952 5216 οὗ

279 5254 388 5332 γὰρ
421 5256 457 5324 ἡ
491 5253 699 5321 στάσις,
734 5249 945 5307 τούτων
997 5250 1252 5324 σημαίνει
1298 5252 1397 5320 τὴν
1444 5251 1678 5326 γένεσιν,
1736 5248 1951 5327 πρόδη-

2069 4723 2211 4785 tem,
2242 4737 2308 4774 ac
2339 4720 2559 4776 similia
2593 4746 2607 4787 ;
2641 4727 2797 4778 recta
2825 4727 3226 4797 vero,quando
3256 4745 3464 4786 rursus
3496 4733 3568 4786 ad
3593 4750 3726 4804 pro-

2067 4809 2196 4881 pria
2226 4809 2375 4864 redit
2405 4809 2714 4880 principia,
2751 4815 2815 4866 ut
2842 4829 3028 4884 quum
3068 4831 3197 4885 qua
3228 4827 3717 4895 corrumpuntur,

2067 4905 2194 4970 post
2218 4897 2668 4955 dissolutionem
2700 4918 2819 4955 sua;
2851 4904 3313 4972 natura,iterum
3343 4907 3402 4962 in
3431 4907 3718 4970 elementa

2065 4985 2462 5043 resolvuntur.

2134 5076 2206 5131 Ac
2231 5080 2456 5132 motum.
2483 5077 2706 5134 Motum
2737 5081 3052 5137 crediderit
3081 5083 3215 5154 quis
3241 5100 3372 5141 esse
3402 5087 3716 5145 sensilium

2063 5165 2472 5222 alterationem
2501 5171 2560 5223 et
2581 5169 3016 5241 corruptionem
3044 5188 3057 5227 :
3084 5189 3153 5227 ex
3183 5189 3299 5245 quo
3333 5175 3491 5231 enim
3524 5182 3717 5235 status

2062 5254 2357 5327 signiﬁcat
2417 5257 2628 5313 horum
2687 5261 3123 5330 generationem
3185 5264 3569 5322 manifestum
3628 5270 3721 5325 est

1307 5485 1554 5544 VARIE
1591 5484 1985 5544 LECTIONES
2021 5485 2113 5544 ET
2151 5487 2716 5552 CORRECTIONES.

357 5699 409 5739 σί
440 5692 755 5775 γινομένας.
830 5690 877 5732 ⁸⁸
906 5689 972 5751 Ἦ
1000 5695 1107 5749 τῶν
1140 5687 1298 5748 θείων
1333 5693 1473 5749 νοῶν
1502 5688 1743 5762 κίνησις.
1819 5691 1866 5730 ⁸³
1897 5684 2264 5764 ὁποϐιϐηκός.
2338 5695 2385 5732 ⁶⁴
2414 5688 2713 5766 ἑλικοειδῆ.
