4034 6396
422 417 528 472 259

1240 417 1605 469 APPENDIX
1651 417 1745 467 AD
1783 414 2024 468 OPERA
2061 417 2116 468 Β.
2163 415 2477 469 DIONYSII
2519 416 3018 472 AREOPAGITE.

3721 435 3816 490 260

426 541 578 613 quod
613 540 806 594 motus
839 536 1200 593 contrarium
1233 537 1501 593 ostendat
1533 555 1546 591 :
1581 539 1719 591 nota
1769 535 1948 608 igitur
1977 552 2050 605 ea

2185 533 2279 588 λον
2313 535 2386 597 ὡς
2419 538 2453 605 ἡ
2486 535 2700 607 κίνησις
2729 538 2791 592 τὸ
2823 535 3058 594 ἐναντίον
3093 537 3362 617 ἐμφαίνει·
3389 545 3685 616 σημείωσαι
3710 551 3810 628 οὖν,

425 645 554 700 qua:
584 627 912 684 alterantur
967 630 1024 682 et
1071 631 1549 698 corrumpuntur,
1599 643 1668 682 ex
1727 625 1876 698 ipso,
1921 629 1978 682 et
2009 626 2069 681 in

422 719 569 790 ipso,
604 735 668 772 ac
700 717 760 772 in
793 718 988 788 ipsum
1023 717 1335 788 respicere.

496 807 648 864 186
677 808 912 878 Propter
957 805 1103 878 quod
1149 807 1316 861 status
1374 806 1572 861 omnis.
1607 805 1852 877 Propter
1909 805 2068 876 quod

419 900 513 953 est
542 897 762 953 bonum
797 900 853 951 et
885 894 1220 968 pulchrum.

495 987 663 1043 Omne
683 1002 879 1053 unum,
919 994 969 1042 et
1024 985 1339 1041 mullitudo.
1374 985 1676 1050 Quomodo
1708 983 2071 1057 intelligetur

422 1091 595 1131 omne
629 1091 812 1130 unum
844 1078 899 1131 et
930 1073 1244 1131 multitudo
1265 1073 1292 1129 ?
1315 1073 1589 1147 Suppone
1621 1075 1914 1131 mundum
1944 1073 2070 1130 uni-

420 1182 655 1221 versum
692 1181 964 1236 magnam
993 1182 1122 1220 esse
1154 1165 1580 1236 arborem,qum
1614 1164 1672 1218 in
1706 1165 1826 1220 suis
1845 1164 2069 1220 anima-

421 1256 498 1312 tis
522 1257 790 1327 partibus
843 1255 1027 1310 veluti
1085 1255 1375 1327 stirpibus
1423 1261 1479 1310 et
1511 1254 1877 1323 caudicibus,
1911 1272 1977 1312 ac
2007 1255 2067 1312 in

408 1345 664 1415 partium
698 1345 966 1416 partibus
996 1344 1173 1400 veluti
1207 1345 1412 1412 ramis,
1435 1344 1798 1400 ramusculis
1821 1350 1877 1400 et
1911 1345 2066 1401 foliis

406 1433 603 1505 aliquo
637 1435 810 1489 modo
841 1435 991 1490 vivat
1022 1433 1096 1506 (si
1131 1434 1288 1490 enim
1339 1435 1811 1506 unumquodque
1852 1433 2064 1490 borum

401 1525 689 1593 tanquam
720 1523 780 1578 in
812 1539 874 1578 se
913 1523 1240 1595 perfectum
1299 1522 1517 1578 animal
1580 1523 1864 1594 reputari,
1905 1523 2062 1594 quod

400 1611 726 1668 unitionem
761 1628 827 1667 ac
859 1612 1151 1678 ordinem,
1176 1613 1505 1668 secundum
1532 1628 1708 1683 quem
1740 1612 1913 1668 arbor
1935 1613 2063 1684 ipsa

396 1700 457 1756 in
490 1716 552 1756 se
586 1704 641 1757 et
671 1718 806 1756 cum
840 1701 968 1757 suis
991 1701 1262 1773 partibus
1296 1701 1531 1770 vivit,in
1568 1706 1688 1756 toto
1715 1707 1905 1757 servet
1937 1722 1950 1770 ;
1979 1703 2060 1758 ita

391 1790 615 1858 vivunt,
649 1807 777 1861 qua
832 1790 1172 1862 intelligunt
1204 1789 1683 1846 intellectualiter
1713 1794 1771 1845 et
1801 1791 2058 1846 rationa-

2183 623 2267 676 ὅτι
2291 624 2380 676 καὶ
2401 626 2446 661 ⁸³
2476 625 2541 679 τὰ
2572 624 2964 701 ἀλλοιούμενα,
2992 627 3171 682 καὶτὰ
3191 629 3541 706 φθειρόμενα,
3562 634 3610 707 ἐξ
3643 623 3810 713 αὐτοῦ,

2178 711 2267 766 καὶ
2301 710 2370 766 δι’
2404 715 2592 786 αὐτοῦ,
2624 715 2713 769 καὶ
2743 715 2820 778 εἷς
2852 715 3010 771 αὐτὸν
3040 718 3158 792 ὁρᾷ.

2253 802 2331 891 Δι’
2370 802 2398 856 ὃ
2455 808 2598 858 πᾶσα
2647 808 2870 868 στάσις·
2928 805 3008 860 Δι’
3059 807 3088 861 ὃ
3146 807 3341 881 ἀγαθὸν
3392 809 3481 863 xui
3524 811 3684 869 καλὸν
3733 815 3812 891 δη-

2182 889 2390 948 λονότι.

2256 984 2361 1037 Ηᾶν
2419 977 2474 1036 ἓν
2531 981 2622 1037 καὶ
2678 981 2915 1053 πλῆθος.
2978 989 3101 1047 Πῶς
3159 985 3485 1056 νοηθήσεται
3526 989 3588 1044 τὸ
3642 993 3809 1051 πᾶνὲν

2179 1069 2267 1125 καὶ
2299 1067 2550 1141 πλῆθος,
2590 1073 2792 1135 ὑπόθου
2849 1074 2942 1127 τὸν
3001 1072 3177 1128 πάντα
3237 1075 3440 1148 κόσμον
3477 1079 3638 1155 φυτὸν
3671 1083 3809 1158 μέγα,

2178 1161 2294 1214 καθ’
2352 1160 2456 1216 ὅλα
2487 1161 2552 1215 τὰ
2596 1161 2734 1236 μέρη
2771 1161 2933 1216 αὐτοῦ
2963 1161 3030 1216 τὰ
3068 1159 3293 1237 ἔμψυχα
3329 1168 3432 1232 ζῶν
3463 1167 3660 1243 τρόπον
3685 1173 3810 1244 τινὰ,

2179 1253 2293 1304 οἷον
2328 1251 2540 1325 πρέμνα
2588 1250 2676 1305 καὶ
2727 1249 2989 1327 στελέχη,
3037 1251 3126 1306 καὶ
3171 1257 3281 1308 τῶν
3333 1258 3513 1326 μερῶν
3565 1257 3629 1312 τὰ
3665 1258 3808 1336 μέρη,

2177 1339 2289 1393 οἷον
2340 1336 2595 1407 κλάδους,
2625 1339 2928 1414 ἀκρέμονάς
2958 1361 3017 1395 τε
3065 1340 3157 1395 καὶ
3216 1340 3399 1419 φύλλα
3446 1343 3513 1414 (εἷ
3572 1348 3671 1422 γάρ
3728 1371 3810 1422 μοι

2171 1428 2380 1484 τούτων
2411 1427 2635 1483 ’ἑκαστον
2667 1432 2781 1484 οἷον
2816 1429 3100 1492 αὐτοτελὲς
3121 1434 3258 1498 ζῶον
3280 1428 3602 1500 ὑπολάϐοις,
3626 1443 3810 1511 τηροῦν

2175 1514 2232 1571 δὲ
2275 1519 2374 1586 τήν
2408 1517 2458 1572 ἐν
2489 1523 2567 1590 τῷ
2598 1516 2716 1591 ὅλῳ
2760 1515 2954 1575 ἕνωσίν
2985 1540 3043 1574 τε
3086 1521 3176 1574 καὶ
3234 1521 3408 1592 τάξιν,
3459 1525 3576 1587 καθ’
3605 1526 3662 1594 ἢν
3693 1527 3807 1582 αὐτό

2173 1604 2230 1662 δε
2279 1607 2341 1661 τὸ
2375 1605 2592 1684 δένδρον
2631 1612 2695 1682 ζῇ
2755 1610 2874 1673 καθ’
2932 1609 3111 1680 ἑαυτὸ,
3161 1609 3251 1665 καὶ
3313 1610 3450 1684 μετᾶ
3506 1617 3608 1668 τῶν
3664 1614 3808 1671 αὐτοῦ

2173 1701 2376 1771 μερῶν·
2442 1697 2517 1759 ὡς
2577 1695 2687 1752 ἔστι
2723 1700 2835 1770 ζῇν,
2888 1698 2952 1752 τὰ
3009 1699 3102 1772 μὲν
3153 1700 3316 1775 νοερᾶ
3371 1705 3572 1775 νοερῶς
3625 1724 3680 1758 τι
3730 1707 3807 1760 καὶ

2170 1782 2432 1860 λογικῶς,
2482 1786 2548 1841 τὰ
2597 1784 2652 1841 δὲ
2699 1785 2869 1864 ἄλογα
2922 1787 3278 1859 αἰσθητικῶς,
3309 1788 3379 1844 τὰ
3410 1787 3468 1845 δὲ
3498 1791 3677 1867 ἄψυχα
3728 1796 3805 1848 καί

390 1876 590 1934 biliter
621 1878 740 1934 sive
795 1895 930 1933 cum
992 1877 1466 1946 ratiocinatione,
1494 1878 1667 1934 bruta
1696 1895 1832 1935 vero
1863 1881 2050 1935 sensi-

2169 1876 2342 1930 ἆπνοα
2392 1881 2628 1953 φυτικῶς
2676 1897 2734 1932 τε
2777 1876 2865 1932 xui
2912 1875 3188 1950 ἑκτικῶς),
3219 1878 3309 1933 καὶ
3344 1883 3453 1948 ζῶν
3497 1881 3613 1944 καθ’
3641 1880 3804 1956 έαυτὸ,

389 1965 542 2035 liter,
577 1966 841 2022 inanima
870 1971 1066 2022 autem
1097 1971 1156 2021 et
1185 1966 1431 2037 spiritus
1465 1967 1741 2037 expertia,
1770 1967 2050 2023 naturali-

390 2058 480 2110 ter
510 2071 576 2110 ac
597 2054 1024 2124 habitualiter),
1067 2060 1243 2127 atque
1302 2057 1360 2110 in
1394 2073 1455 2111 se
1481 2057 1698 2126 vivens,
1733 2056 1887 2112 sicut
1933 2057 2048 2112 dixi

395 2144 862 2214 unumquodque
895 2143 1104 2209 vivere,
1139 2150 1195 2198 et
1225 2161 1358 2199 cum
1385 2149 1503 2200 toto
1529 2149 1722 2217 partes
1748 2145 2044 2202 universa-

395 2230 900 2304 lium,cognosces
932 2233 1194 2287 totiusin
1229 2251 1343 2288 uno
1402 2249 1746 2305 compagem
1796 2241 1852 2290 et
1909 2252 2044 2292 con-

391 2319 636 2390 victum,
670 2322 930 2391 itemque
960 2321 1018 2375 in
1054 2321 1458 2393 multitudine,
1474 2322 1722 2394 singulis
1750 2329 1886 2394 apta
1908 2341 2048 2396 pro-

389 2407 638 2480 priaque
667 2409 784 2463 vita
806 2409 1231 2478 viventibus,ut
1255 2410 1695 2466 diximus.lteru
1709 2428 1884 2483 mque
1907 2413 1955 2468 si
1979 2429 2046 2468 ex

389 2514 507 2552 uno
539 2503 598 2552 et
629 2496 755 2553 solo
787 2497 904 2553 Deo
937 2503 1076 2553 sunt
1106 2499 1328 2564 omnia,
1362 2500 1569 2555 merito
1629 2502 1806 2556 etiam
1859 2519 2043 2556 unum

387 2587 666 2642 dicuntur
697 2591 930 2658 propter
955 2587 1386 2659 colligationem
1419 2595 1475 2644 et
1497 2596 2044 2664 compagem,atque

390 2675 580 2730 multa
612 2679 849 2747 propter
879 2676 1103 2731 variam
1129 2676 1498 2750 singulorum
1532 2679 1810 2750 speciem.

460 2761 870 2833 Deﬁnitionem,
905 2764 1002 2819 Gr.
1064 2764 1116 2817 ot
1148 2763 1286 2838 ὅροι.
1319 2765 1478 2839 Ὅροι
1533 2783 1639 2822 seu
1674 2767 2044 2824 definitiones

394 2856 534 2909 sunt
566 2868 864 2908 sermones
887 2852 988 2924 qui
1021 2853 1390 2925 singularum
1415 2872 1608 2911 rerum
1643 2861 1915 2912 naturam
1945 2873 2044 2912 ex-

392 2941 632 3014 plicant,
648 2945 824 3013 atque
854 2958 1041 3014 genus
1072 2949 1128 2998 et
1158 2943 1548 3000 differentiam
1583 2948 1639 3001 et
1665 2946 1922 3017 speciem
1944 2946 2044 3002 de-

391 3030 638 3086 clarant.

464 3119 817 3192 Principium
874 3121 1209 3192 exemplare.
1271 3122 1641 3194 Exemplaris
1701 3139 1880 3178 causa
1938 3140 2038 3178 seu

392 3208 750 3282 principium
783 3213 873 3265 est
902 3209 1265 3280 illud,cujus
1314 3211 1530 3266 intuitu
1593 3211 1814 3282 aliquid
1865 3212 1932 3280 (ei
1965 3211 2042 3267 si-

391 3298 550 3370 mile)
582 3299 792 3354 fit.[loc
819 3303 1013 3354 autem
1047 3303 1135 3353 est
1168 3303 1268 3353 aut
1298 3299 1430 3356 idea
1461 3316 1585 3370 quae
1608 3305 1698 3355 est
1728 3300 2043 3358 intellectio
2077 3284 2119 3351 θ

389 3389 666 3460 perfecta,
699 3394 914 3444 aeterna
934 3389 1135 3445 aeterni
1157 3389 1281 3457 Dei,
1316 3394 1418 3444 aut
1447 3390 1744 3462 exemplar
1765 3395 2046 3449 aeternum

397 3478 756 3533 inexsistens
779 3479 1201 3548 naturae,cujus
1231 3481 1498 3550 respectu
1536 3496 1628 3536 res
1650 3485 1791 3536 sunt
1816 3500 1830 3552 ;
1857 3482 2047 3538 incor-

398 3583 584 3637 porese
616 3566 830 3622 etenim
862 3570 1002 3622 sunt
1030 3568 1170 3622 ideae
1221 3572 1276 3623 et
1306 3566 1680 3638 exemplaria,
1715 3570 1908 3627 {inalis
1939 3590 2047 3628 au-

398 3660 518 3709 tem
550 3671 729 3710 causa
754 3671 852 3710 seu
889 3654 1244 3727 principium
1286 3659 1376 3710 est
1407 3655 1576 3724 cujus
1605 3658 1794 3727 gratia
1824 3658 2042 3731 aliquid

395 3742 810 3814 perﬁcitur,vel
842 3743 1035 3800 finalis
1067 3761 1246 3799 causa
1275 3748 1366 3799 est
1386 3761 1511 3815 quae
1545 3746 1616 3799 ab
1649 3747 1853 3801 effectu
1878 3764 2045 3818 sepa-

393 3832 511 3888 rari
537 3832 758 3904 nequit,
794 3837 895 3889 aut
947 3850 1016 3889 ex
1073 3851 1192 3904 qua
1247 3833 1566 3889 exsistente
1598 3835 1822 3906 aliquid
1867 3837 1950 3905 ﬁt,
1984 3840 2049 3891 ut

392 3923 800 3980 universorum
835 3925 1098 3979 materia.
1134 3925 1289 3980 Deus
1311 3941 1447 3979 vero
1508 3924 1659 3980 hanc
1698 3925 1876 3980 etiam
1912 3943 2044 3997 pro-

393 4014 559 4070 duxit
583 4034 598 4086 ;
621 4016 882 4071 efﬁciens
904 4021 1097 4072 autem
1130 4033 1310 4073 causa
1340 4022 1430 4073 est
1460 4033 1586 4088 quae
1621 4019 1692 4072 ab
1724 4018 1930 4073 effectu
1955 4035 2046 4073 se.

391 4107 597 4176 parata
625 4109 732 4175 est,
767 4109 833 4162 ut
866 4107 1014 4162 Deus
1048 4110 1104 4161 et
1128 4105 1316 4163 omnis
1347 4124 1381 4162 a
1410 4123 1526 4178 quo
1557 4106 1781 4177 aliquid
1814 4107 1899 4163 fit.

461 4286 528 4340 Et
583 4285 775 4340 omnia
821 4300 948 4357 qua
1003 4302 1115 4341 non
1171 4291 1317 4341 sunt.
1382 4286 1682 4349 Quomodo
1743 4302 1868 4356 qua
1928 4303 2044 4342 non

389 4379 530 4430 sunt
562 4374 683 4430 sint
711 4373 771 4429 in
803 4375 977 4445 bono,
1010 4375 1090 4431 ita
1121 4375 1384 4447 intelligo
1411 4392 1423 4430 :
1451 4375 1734 4430 nimirum
1760 4375 1894 4446 quia
1921 4376 2044 4448 pri-

383 4462 647 4518 vationes
662 4468 802 4518 sunt
831 4463 888 4518 in
923 4464 1050 4535 ipso
1082 4463 1604 4534 superessentiales
1639 4483 1651 4531 ;
1679 4480 1868 4535 neque
1886 4465 2043 4520 enim

384 4551 772 4621 privationem
797 4552 1043 4608 dixerim
1103 4569 1235 4608 esse
1265 4553 1682 4618 substantiam,
1729 4551 1888 4608 velut
1916 4553 2044 4609 sine

2163 1965 2238 2028 ὡς
2285 1964 2416 2040 ἔφην
2476 1963 2699 2020 ἕκαστον
2733 1970 2827 2040 ζῇν
2879 1963 2968 2021 xui
3020 1967 3154 2040 μετᾶ
3201 1972 3298 2022 τοῦ
3343 1967 3481 2024 ὅλου
3527 1975 3800 2040 κινητικῶς

2157 2055 2222 2108 τὰ
2279 2063 2414 2129 μέρη
2452 2056 2587 2128 μετά
2614 2059 2721 2109 τῶν
2765 2054 3101 2125 καθολικῶν,
3148 2056 3330 2132 γνώσῃ
3361 2061 3456 2112 τοῦ
3486 2060 3684 2121 παντὸς
3711 2061 3796 2128 τὴν

2157 2143 2232 2205 εἰς
2290 2145 2351 2198 τὸ
2398 2143 2452 2198 ἓν
2485 2143 2755 2221 συμφυΐαν
2801 2166 2860 2199 τι
2911 2147 3000 2199 καὶ
3035 2145 3280 2217 σύζησιν,
3329 2148 3424 2202 καὶ
3469 2148 3564 2216 τὴν
3621 2147 3692 2210 εἷς
3740 2147 3792 2202 τὸ

2155 2231 2394 2302 πλῆθος,
2427 2232 2499 2295 ὠς
2534 2233 2757 2289 ἑκάστου
2787 2234 3116 2310 προσφόρως
3145 2256 3204 2290 τε
3251 2237 3339 2290 καὶ
3379 2233 3534 2298 ἰδίως
3589 2241 3792 2305 ζῶντος,

2156 2319 2231 2384 ὠς
2281 2315 2506 2394 ἔφημεν.
2567 2321 2664 2376 Καὶ
2722 2321 2891 2377 πάλιν
2941 2323 2987 2377 εἱ
3037 2322 3086 2395 ἐξ
3143 2323 3262 2386 ἑνὸς
3308 2324 3404 2379 καὶ
3458 2325 3622 2397 μόνου
3676 2327 3792 2380 Θεοῦ

2156 2410 2220 2463 τὰ
2267 2409 2460 2479 πάντα,
2495 2411 2718 2473 εἱκότως
2747 2411 2837 2466 καὶ
2887 2408 2942 2466 ἓν
2988 2409 3244 2487 λέγονται
3277 2411 3372 2468 διὰ
3419 2415 3516 2483 τὴν
3568 2411 3787 2468 σύνδεσιν

2153 2499 2240 2554 καὶ
2274 2501 2655 2574 ἀρμονίαν,καὶ
2682 2500 2894 2570 πλῆθος
2928 2498 3017 2555 διὰ
3047 2503 3145 2570 τὴν
3177 2501 3527 2558 πολυείδειαν
3556 2507 3660 2558 τῶν
3688 2501 3790 2564 καθ’

2154 2586 2404 2648 ἕκαστον,

2224 2767 2286 2820 Οἱ
2317 2765 2457 2841 ὅροι.
2490 2771 2649 2842 ’Όροι
2681 2766 2814 2822 εἰσὶν
2845 2769 2896 2822 oi
2927 2766 3313 2844 ἐρμηνευτικοὶ
3350 2768 3506 2847 λόγοι
3560 2775 3655 2838 τῆς
3711 2767 3794 2822 οὺ-

2155 2855 2272 2920 σίας
2301 2857 2524 2912 ἑκάστου
2555 2862 2662 2912 τῶν
2692 2857 3048 2932 πραγμάτων,
3080 2859 3171 2913 καὶ
3210 2863 3309 2915 τοῦ
3354 2861 3564 2937 γένους,
3594 2858 3677 2914 καὶ
3704 2862 3788 2926 τῆς

2155 2943 2439 3020 διαφορᾶς,
2472 2945 2561 3000 καὶ
2590 2946 2653 3001 τὸ
2681 2946 2734 3002 τί
2765 2945 2876 3000 ἐστι
2911 2943 3230 3018 δηλοῠντις.

2224 3127 2400 3202 Ἀρχὴ
2459 3122 2938 3201 παραδειγματική
2977 3169 2990 3182 .
3046 3123 3561 3202 Παραδειγματικὸν
3618 3123 3790 3194 αἴτιον,

2158 3213 2281 3286 ἤτοι
2341 3217 2487 3291 ἀρχή
2547 3213 2658 3270 ἐστι
2715 3218 2812 3270 τοῦ
2873 3215 3009 3289 πρὸς
3068 3215 3096 3270 ’ὀ
3151 3215 3360 3291 γίνεται
3419 3217 3479 3271 τὸ
3507 3213 3786 3292 γινόμενον·

2155 3310 2316 3361 τοῦτο
2376 3303 2432 3360 δέ
2491 3304 2630 3359 ἐστιν
2687 3305 2723 3373 ἦ
2786 3302 2922 3371 ἰδέα,
2954 3306 3076 3374 ἥτις
3127 3304 3237 3359 ἐστὶ
3268 3306 3463 3376 νόησις
3494 3299 3789 3369 αὐτοτελὴς,

2156 3394 2334 3458 ἀΐδιος
2359 3398 2456 3450 τοῦ
2488 3392 2665 3450 ἀϊδίου
2699 3398 2851 3449 Θεοῦ·
2886 3393 2920 3463 ἥ
2954 3391 3303 3470 παράδειγμα
3337 3396 3555 3451 αἱώνιον
3587 3390 3788 3450 ἐνεστὼς

2154 3489 2223 3560 τῇ
2276 3485 2451 3563 φύσει,
2509 3485 2645 3558 πρὸς
2703 3483 2732 3538 ’ὁ
2785 3484 2992 3557 γίνεται
3050 3483 3117 3537 τὰ
3172 3484 3474 3558 γινόμενα·
3532 3481 3788 3563 ἀσώματοι

2155 3575 2260 3651 γὰρ
2291 3561 2370 3628 -αἱ
2420 3571 2554 3627 ἰδέαι
2604 3572 2692 3626 καὶ
2741 3572 2808 3626 τὰ
2851 3568 3287 3647 παραδείγματα·
3341 3572 3554 3629 τελικὸν
3609 3567 3660 3624 δὲ
3711 3561 3788 3619 αἶ’-

2153 3685 2291 3735 τιον,
2341 3660 2466 3730 ἤτοι
2500 3662 2645 3737 ἀρχή
2680 3659 2840 3731 ἐστιν,
2897 3661 2959 3715 τὸ
2993 3661 3053 3715 οὗ
3110 3656 3263 3716 ἕνεκα
3320 3663 3384 3717 τὸ
3427 3662 3699 3736 γινόμενον
3719 3674 3790 3709 τι·

2158 3752 2419 3807 λειοῦται·
2552 3747 2766 3804 τελικὸν
2807 3746 2978 3804 α’ίτιόν
3031 3747 3196 3817 ἐστιν,
3250 3750 3278 3804 ’ὁ
3333 3747 3636 3826 ἀχώριστόν
3692 3743 3787 3798 έστι

2154 3845 2249 3895 τοῦ
2279 3839 2744 3911 ἀποτελέσματος·
2776 3840 2810 3907 ἣ
2840 3837 2891 3909 ἐξ
2939 3835 2999 3892 οὗ
3054 3836 3462 3915 ἐνυπάρχοντος
3518 3836 3707 3911 γίνεται
3734 3830 3787 3884 τὸ

2155 3928 2466 4004 γινόμενον,
2513 3925 2585 3988 ὠς
2617 3929 2651 3996 ἡ
2683 3931 2790 3981 τῶν
2824 3926 2969 3981 ὅλων
3004 3926 3132 3997 ὕλη·
3181 3929 3209 3981 ὁ
3244 3925 3303 3982 δὲ
3337 3929 3466 3989 Θεὸς
3493 3925 3580 3980 καὶ
3607 3923 3785 3988 ταύτην

2154 4019 2452 4092 παρήγαγε·
2502 4016 2790 4086 ποιητικὸν
2823 4012 2881 4070 δὲ
2904 4014 3077 4070 α’ίτιόν
3125 4015 3234 4071 έστι
3294 4019 3359 4072 τὸ
3401 4011 3787 4091 κεχωρισμένον

2153 4111 2249 4161 τοῦ
2281 4103 2741 4176 ἀποτελέσματος,
2775 4104 2850 4167 ὠς
2880 4107 2908 4158 ὁ
2937 4105 3088 4173 Θεὸς,
3130 4105 3221 4160 καὶ
3265 4111 3374 4169 πᾶς
3407 4106 3492 4183 ὑφ’
3525 4101 3584 4158 οὗ
3610 4100 3788 4176 γίνεται

2151 4196 2213 4250 τὸ
2242 4193 2550 4270 γινόμενον.

2225 4283 2327 4340 Καὶ
2387 4282 2558 4337 πάντα
2606 4281 2672 4337 τὰ
2731 4283 2834 4337 οὐκ
2891 4278 3039 4340 ὄντα.
3098 4285 3319 4345 Πῶςτὰ
3380 4284 3456 4356 μή
3491 4275 3791 4342 ὅνταέντῷ

2156 4374 2336 4448 ἀγαθῷ
2397 4370 2538 4426 οὕτω
2583 4372 2802 4442 νόησον·
2859 4368 3046 4441 έπειδή
3110 4373 3163 4426 αἱ
3224 4374 3506 4448 στερήσεις
3560 4367 3612 4423 ἐν
3663 4364 3792 4431 αὐτῷ

2155 4465 2286 4517 εἰσιν
2342 4459 2697 4534 ὑπιρουσίως·
2751 4457 2875 4515 οὔτε
2919 4461 3019 4535 γὰρ
3072 4461 3132 4515 ἂν
3197 4459 3432 4535 ε’ίποιμι
3479 4456 3653 4514 οὐσίαν
3708 4451 3791 4516 τῆν

2155 4553 2429 4624 στέρησιν,
2485 4551 2596 4604 οἷον
2645 4548 2910 4625 ἄναρχος,
2941 4545 3236 4628 ἄφθαρτος,
3287 4550 3548 4610 ἀθάνατος
3594 4542 3677 4600 καὶ
3707 4538 3792 4628 ὅσα

385 4640 705 4712 principio,
725 4640 1217 4712 incorruptibilis,
1250 4641 1607 4696 immortalis
1629 4646 1686 4696 et
1719 4659 1851 4713 quae
1877 4643 2039 4713 ejus-

2169 4641 2377 4696 τοιαῦτά
2407 4638 2538 4694 ἐστι·
2597 4639 2686 4693 καὶ
2733 4639 2835 4713 γὰρ
2881 4637 2979 4693 οὐκ
3029 4637 3138 4694 ἔστι
3181 4644 3352 4694 ταῦτα
3410 4639 3438 4693 ὁ
3490 4635 3635 4705 Θεὸς,
3690 4625 3792 4683 ἐπεὶ

389 4730 548 4784 modi
578 4749 592 4799 ;
626 4746 818 4802 neque
848 4731 1003 4785 enim
1037 4736 1195 4784 Deus
1225 4735 1315 4785 est
1345 4730 1500 4784 idem
1534 4746 1665 4784 cum
1696 4729 2044 4802 illis,quan-

388 4819 708 4890 doquidem
743 4823 880 4874 ante
909 4834 978 4874 ea
1008 4819 1289 4887 exsistat;
1324 4835 1391 4873 ex
1412 4818 1540 4889 ipso
1563 4819 1716 4874 enim
1743 4821 2044 4890 cognitum

387 4911 478 4962 est
507 4908 648 4979 quid
686 4907 810 4964 haec
840 4912 1016 4976 sunt;
1079 4908 1353 4978 equidem
1412 4923 1602 4978 neque
1650 4909 1789 4978 quid
1823 4926 1936 4964 non
1970 4913 2048 4965 sit

385 5001 539 5052 Deus
571 4997 723 5052 187
762 4997 1091 5064 noscimus,
1131 4995 1219 5050 vel
1280 4997 1573 5067 quomodo
1624 4996 1956 5064 ineﬁ‘abilis,
1991 5002 2048 5053 et

385 5085 1052 5158 incomprehensibilis;
1087 5101 1203 5139 non
1239 5085 1395 5140 enim
1415 5085 1537 5140 haec
1568 5092 1709 5142 sunt
1737 5087 1864 5157 ejus
1883 5087 2044 5159 prin-

387 5175 631 5246 cipium,
664 5174 762 5230 sed
795 5191 864 5229 ex
890 5175 1056 5244 ipso:
1095 5174 1222 5245 ipse
1251 5173 1433 5246 igitur
1466 5175 1640 5231 etiam
1675 5176 1865 5247 ipsius
1898 5176 2045 5232 nihil

388 5267 479 5319 est
511 5267 736 5329 auctor,
769 5279 902 5318 cum
936 5262 1058 5318 sint
1088 5263 1286 5319 omnia
1331 5263 1431 5319 illo
1463 5265 1808 5335 posteriora,
1836 5283 2047 5322 secun-

387 5353 533 5408 dum
578 5352 900 5408 exsistendi
932 5355 989 5408 et
1037 5369 1150 5409 non
1207 5354 1524 5410 exsistendi
1583 5371 1824 5412 causam
1857 5371 1871 5411 :
1908 5371 2044 5412 nam

2155 4729 2244 4784 xui
2276 4729 2382 4805 πρὸ
2411 4727 2617 4783 τούτων
2650 4725 2813 4782 ἐστίν·
2849 4726 2900 4798 ἐξ
2931 4726 3096 4782 αὐτοῦ
3139 4727 3241 4804 γὰρ
3289 4727 3555 4802 ἐγνώσθη,
3603 4721 3653 4774 τί
3698 4716 3792 4771 ἑστι

2153 4823 2322 4874 ταῦτα
2350 4819 2440 4873 καὶ
2473 4822 2603 4892 γοῦν
2655 4813 2780 4871 οὐδὲ
2821 4816 2874 4871 τί
2925 4816 3024 4871 οὐκ
3067 4812 3208 4872 ἔστιν
3261 4819 3289 4872 ὁ
3339 4816 3494 4883 Θεὸς,
3549 4809 3792 4887 γινώσκο-

2160 4929 2276 4981 μεν,
2309 4909 2343 4978 ἣ
2377 4911 2496 4968 πῶς
2542 4904 2780 4982 ἅῤῥητος
2825 4905 2916 4960 καὶ
2963 4905 3375 4976 ἀκατάληπτος·
3421 4903 3488 4959 οὐ
3517 4901 3616 4976 γὰρ
3643 4897 3789 4982 tanta

2157 4980 2304 5073 ἀρχὴ
2335 4995 2522 5066 αὐτοῦ,
2548 4980 2675 5050 ἀλλ’
2707 4994 2758 5064 ἐξ
2790 4994 2974 5049 αὐτοῦ·
3012 4995 3172 5057 αὐτὸς
3223 4993 3317 5050 οὖν
3360 4994 3451 5050 καὶ
3493 4995 3588 5047 τοῦ
3636 4980 3791 5073 μηδε-

2154 5087 2246 5148 νὸς
2281 5085 2455 5147 α’ἱτιος
2500 5086 2716 5139 πάντων
2767 5084 2932 5138 αὐτοῦ
2992 5084 3228 5161 ὑστέρων
3283 5079 3477 5149 ὅντων,
3517 5075 3648 5135 κατὰ
3699 5071 3785 5161 fil"

2153 5180 2255 5232 τοῦ
2287 5175 2529 5230 εἶναικαὶ
2557 5174 2632 5247 μὴ
2667 5174 2798 5228 εἶναι
2830 5172 3025 5228 αἰτίαν·
3062 5157 3151 5228 καὶ
3181 5173 3282 5250 γὰρ
3315 5172 3482 5228 αὐτοῦ
3528 5168 3587 5222 τὸ
3638 5157 3790 5237 μηδὶν

2157 5263 2408 5340 στέρησίς
2465 5263 2629 5318 ἐστιν·
2675 5256 2790 5338 ἔχει
2840 5262 2943 5338 γὰρ
2992 5262 3055 5318 τὸ
3085 5264 3218 5318 εἶναι
3269 5261 3360 5318 διὰ
3388 5261 3450 5316 τὸ
3479 5253 3642 5333 μηδὲν
3671 5251 3788 5305 εἶναι

2154 5358 2262 5410 τῶν
2311 5348 2504 5407 ὄντων·
2556 5352 2760 5425 καὶμὴ
2809 5349 2884 5407 ὣν
2923 5351 3033 5408 ἐστι
3076 5349 3167 5408 διὰ
3209 5353 3271 5408 τὸ
3321 5351 3452 5406 εἶναι
3499 5346 3586 5402 καὶ
3643 5342 3786 5412 ὑπερ-

1376 5591 1620 5649 νΑΗιλΕ
1657 5591 2042 5650 LECTIONES
2079 5593 2174 5651 ET
2213 5590 2772 5650 CORRECTIONES.

451 5737 496 5777 “
525 5737 601 5805 ὠς
627 5737 737 5797 καί.
