  <div class='ocr_page' id='page_1' title='image "/cluster/home/n/w/nwhite01/storage/ocr_20150623/4:no.2/coo.31924054872837/138.png"; bbox 0 0 4034 6412; ppageno 0'>
   <div class='ocr_carea' id='block_1_1' title="bbox 221 407 3658 467">
    <p class='ocr_par' dir='ltr' id='par_1_1' title="bbox 221 407 3658 467">
     <span class='ocr_line' id='line_1_1' title="bbox 221 407 3658 467; baseline -0.001 0"><span class='ocrx_word' id='word_1_1' title='bbox 221 411 326 467; x_wconf 81' lang='grc'>261</span> <span class='ocrx_word' id='word_1_2' title='bbox 897 415 915 440; x_wconf 86' lang='grc'><strong><em>⁸</em></strong></span> <span class='ocrx_word' id='word_1_3' title='bbox 991 413 1048 464; x_wconf 85' lang='lat'>8.</span> <span class='ocrx_word' id='word_1_4' title='bbox 1090 409 1361 464; x_wconf 78' lang='lat' dir='ltr'><strong>MAXIMI</strong></span> <span class='ocrx_word' id='word_1_5' title='bbox 1399 407 1706 464; x_wconf 84' lang='lat' dir='ltr'>SCHOLIA</span> <span class='ocrx_word' id='word_1_6' title='bbox 1743 408 1818 460; x_wconf 83' lang='lat' dir='ltr'>IN</span> <span class='ocrx_word' id='word_1_7' title='bbox 1858 407 1991 460; x_wconf 87' lang='lat' dir='ltr'>LIB.</span> <span class='ocrx_word' id='word_1_8' title='bbox 2034 408 2129 460; x_wconf 86' lang='lat' dir='ltr'>DE</span> <span class='ocrx_word' id='word_1_9' title='bbox 2167 408 2436 462; x_wconf 84' lang='lat' dir='ltr'>DIVINIS</span> <span class='ocrx_word' id='word_1_10' title='bbox 2477 408 2888 462; x_wconf 85' lang='lat' dir='ltr'>NOMINIBUS.</span> <span class='ocrx_word' id='word_1_11' title='bbox 3549 409 3658 466; x_wconf 83' lang='lat'>262</span> 
     </span>
    </p>
   </div>
   <div class='ocr_carea' id='block_1_2' title="bbox 221 527 1923 605">
    <p class='ocr_par' dir='ltr' id='par_1_2' title="bbox 221 527 1900 605">
     <span class='ocr_line' id='line_1_2' title="bbox 221 527 1900 605; baseline -0.005 -15"><span class='ocrx_word' id='word_1_12' title='bbox 221 537 393 604; x_wconf 72' lang='grc' dir='ltr'>εἶναι,</span> <span class='ocrx_word' id='word_1_13' title='bbox 423 533 600 590; x_wconf 85' lang='grc' dir='ltr'>πάντα</span> <span class='ocrx_word' id='word_1_14' title='bbox 657 533 757 605; x_wconf 83' lang='grc' dir='ltr'>ὣν,</span> <span class='ocrx_word' id='word_1_15' title='bbox 789 533 864 597; x_wconf 82' lang='grc' dir='ltr'>ὡς</span> <span class='ocrx_word' id='word_1_16' title='bbox 891 532 1153 604; x_wconf 77' lang='grc' dir='ltr'>ποιητὴς,</span> <span class='ocrx_word' id='word_1_17' title='bbox 1177 531 1268 586; x_wconf 87' lang='grc' dir='ltr'>καὶ</span> <span class='ocrx_word' id='word_1_18' title='bbox 1307 527 1476 604; x_wconf 66' lang='grc' dir='ltr'>μηδὲν</span> <span class='ocrx_word' id='word_1_19' title='bbox 1508 528 1607 600; x_wconf 84' lang='grc' dir='ltr'>ὣν,</span> <span class='ocrx_word' id='word_1_20' title='bbox 1634 528 1709 591; x_wconf 87' lang='grc' dir='ltr'>ὠς</span> <span class='ocrx_word' id='word_1_21' title='bbox 1741 527 1900 602; x_wconf 85' lang='grc' dir='ltr'>ὑπερ-</span> 
     </span>
    </p>
   </div>
   <div class='ocr_carea' id='block_1_3' title="bbox 2042 527 3659 605">
    <p class='ocr_par' dir='ltr' id='par_1_3' title="bbox 2042 530 3659 604">
     <span class='ocr_line' id='line_1_3' title="bbox 2042 530 3659 604; baseline 0.003 -17"><span class='ocrx_word' id='word_1_22' title='bbox 2042 547 2207 602; x_wconf 75' lang='lat' dir='ltr'>psum</span> <span class='ocrx_word' id='word_1_23' title='bbox 2238 530 2408 601; x_wconf 87' lang='lat' dir='ltr'>nihil,</span> <span class='ocrx_word' id='word_1_24' title='bbox 2466 535 2558 588; x_wconf 88' lang='lat' dir='ltr'>est</span> <span class='ocrx_word' id='word_1_25' title='bbox 2608 530 2855 603; x_wconf 83' lang='lat' dir='ltr'>privatio</span> <span class='ocrx_word' id='word_1_26' title='bbox 2889 548 2902 586; x_wconf 88' lang='lat'><strong>:</strong></span> <span class='ocrx_word' id='word_1_27' title='bbox 2935 531 3112 588; x_wconf 81' lang='lat' dir='ltr'>habet</span> <span class='ocrx_word' id='word_1_28' title='bbox 3141 533 3298 588; x_wconf 91' lang='lat' dir='ltr'>enim</span> <span class='ocrx_word' id='word_1_29' title='bbox 3327 549 3478 604; x_wconf 85' lang='lat' dir='ltr'>esse,</span> <span class='ocrx_word' id='word_1_30' title='bbox 3511 536 3659 593; x_wconf 84' lang='lat' dir='ltr'><strong>nihil</strong></span> 
     </span>
    </p>
   </div>
   <div class='ocr_carea' id='block_1_4' title="bbox 224 615 1923 698">
    <p class='ocr_par' dir='ltr' id='par_1_4' title="bbox 224 615 1896 698">
     <span class='ocr_line' id='line_1_4' title="bbox 224 615 1896 698; baseline -0.004 -19"><span class='ocrx_word' id='word_1_31' title='bbox 224 618 508 694; x_wconf 75' lang='grc' dir='ltr'>ϐεϐηκώς·</span> <span class='ocrx_word' id='word_1_32' title='bbox 547 621 763 697; x_wconf 79' lang='grc' dir='ltr'>μᾶλλον</span> <span class='ocrx_word' id='word_1_33' title='bbox 793 619 852 677; x_wconf 73' lang='grc' dir='ltr'>δὲ</span> <span class='ocrx_word' id='word_1_34' title='bbox 897 621 990 677; x_wconf 85' lang='grc' dir='ltr'>καὶ</span> <span class='ocrx_word' id='word_1_35' title='bbox 1041 615 1534 698; x_wconf 78' lang='grc' dir='ltr'>ὑπεραναϐεϐηκὼς</span> <span class='ocrx_word' id='word_1_36' title='bbox 1579 618 1670 674; x_wconf 85' lang='grc' dir='ltr'>καὶ</span> <span class='ocrx_word' id='word_1_37' title='bbox 1733 619 1896 694; x_wconf 81' lang='grc' dir='ltr'>ὑπερ-</span> 
     </span>
    </p>
   </div>
   <div class='ocr_carea' id='block_1_5' title="bbox 2042 615 3656 698">
    <p class='ocr_par' dir='ltr' id='par_1_5' title="bbox 2042 620 3656 693">
     <span class='ocr_line' id='line_1_5' title="bbox 2042 620 3656 693; baseline 0.006 -19"><span class='ocrx_word' id='word_1_38' title='bbox 2042 636 2209 675; x_wconf 91' lang='lat' dir='ltr'>orum</span> <span class='ocrx_word' id='word_1_39' title='bbox 2243 637 2368 693; x_wconf 66' lang='lat' dir='ltr'>quae.</span> <span class='ocrx_word' id='word_1_40' title='bbox 2401 627 2544 676; x_wconf 92' lang='lat' dir='ltr'>sunt</span> <span class='ocrx_word' id='word_1_41' title='bbox 2563 621 2985 691; x_wconf 77' lang='lat' dir='ltr'>exsistendo,et</span> <span class='ocrx_word' id='word_1_42' title='bbox 3010 620 3153 676; x_wconf 88' lang='lat' dir='ltr'>nihil</span> <span class='ocrx_word' id='word_1_43' title='bbox 3178 627 3268 678; x_wconf 90' lang='lat' dir='ltr'>est</span> <span class='ocrx_word' id='word_1_44' title='bbox 3289 639 3424 679; x_wconf 87' lang='lat' dir='ltr'>cum</span> <span class='ocrx_word' id='word_1_45' title='bbox 3455 629 3656 683; x_wconf 87' lang='lat' dir='ltr'>tamen</span> 
     </span>
    </p>
   </div>
   <div class='ocr_carea' id='block_1_6' title="bbox 223 705 1923 788">
    <p class='ocr_par' dir='ltr' id='par_1_6' title="bbox 223 705 1892 788">
     <span class='ocr_line' id='line_1_6' title="bbox 223 705 1892 788; baseline -0.005 -18"><span class='ocrx_word' id='word_1_46' title='bbox 223 713 414 776; x_wconf 81' lang='grc' dir='ltr'>ούσιος</span> <span class='ocrx_word' id='word_1_47' title='bbox 446 710 546 770; x_wconf 76' lang='grc' dir='ltr'>ὢν.</span> <span class='ocrx_word' id='word_1_48' title='bbox 580 713 876 788; x_wconf 84' lang='grc' dir='ltr'>Ἀνάγνωθι</span> <span class='ocrx_word' id='word_1_49' title='bbox 897 710 990 766; x_wconf 83' lang='grc' dir='ltr'>καὶ</span> <span class='ocrx_word' id='word_1_50' title='bbox 1048 711 1100 766; x_wconf 75' lang='grc' dir='ltr'>ἰν</span> <span class='ocrx_word' id='word_1_51' title='bbox 1155 715 1234 783; x_wconf 78' lang='grc' dir='ltr'>τῷ</span> <span class='ocrx_word' id='word_1_52' title='bbox 1283 709 1535 786; x_wconf 77' lang='grc' dir='ltr'>προτέρῳ</span> <span class='ocrx_word' id='word_1_53' title='bbox 1567 705 1764 787; x_wconf 79' lang='grc' dir='ltr'>φύλλῳ</span> <span class='ocrx_word' id='word_1_54' title='bbox 1792 709 1892 776; x_wconf 78' lang='grc' dir='ltr'>τὴν</span> 
     </span>
    </p>
   </div>
   <div class='ocr_carea' id='block_1_7' title="bbox 2042 705 3660 788">
    <p class='ocr_par' dir='ltr' id='par_1_7' title="bbox 2042 708 3660 783">
     <span class='ocr_line' id='line_1_7' title="bbox 2042 708 3660 783; baseline 0.004 -19"><span class='ocrx_word' id='word_1_55' title='bbox 2042 708 2084 764; x_wconf 90' lang='lat' dir='ltr'>it</span> <span class='ocrx_word' id='word_1_56' title='bbox 2094 710 2428 766; x_wconf 82' lang='lat' dir='ltr'>exsistendo</span> <span class='ocrx_word' id='word_1_57' title='bbox 2443 715 2500 766; x_wconf 90' lang='lat' dir='ltr'>et</span> <span class='ocrx_word' id='word_1_58' title='bbox 2515 727 2696 783; x_wconf 80' lang='lat' dir='ltr'>supra</span> <span class='ocrx_word' id='word_1_59' title='bbox 2708 710 3358 782; x_wconf 81' lang='lat' dir='ltr'>exsistendo,exsistens</span> <span class='ocrx_word' id='word_1_60' title='bbox 3379 713 3578 770; x_wconf 85' lang='lat' dir='ltr'>omnia</span> <span class='ocrx_word' id='word_1_61' title='bbox 3594 720 3660 770; x_wconf 87' lang='lat' dir='ltr'>ut</span> 
     </span>
    </p>
   </div>
   <div class='ocr_carea' id='block_1_8' title="bbox 225 795 1923 880">
    <p class='ocr_par' dir='ltr' id='par_1_8' title="bbox 225 795 1378 880">
     <span class='ocr_line' id='line_1_8' title="bbox 225 795 1378 880; baseline -0.002 -22"><span class='ocrx_word' id='word_1_62' title='bbox 225 801 366 876; x_wconf 74' lang='grc' dir='ltr'>ἐμὴν</span> <span class='ocrx_word' id='word_1_63' title='bbox 398 802 768 880; x_wconf 74' lang='grc' dir='ltr'>παραγραφὴν</span> <span class='ocrx_word' id='word_1_64' title='bbox 794 799 920 877; x_wconf 82' lang='grc' dir='ltr'>περὶ</span> <span class='ocrx_word' id='word_1_65' title='bbox 949 805 1051 856; x_wconf 76' lang='grc' dir='ltr'>τοῦ</span> <span class='ocrx_word' id='word_1_66' title='bbox 1086 801 1162 874; x_wconf 82' lang='grc' dir='ltr'>μή</span> <span class='ocrx_word' id='word_1_67' title='bbox 1197 795 1378 862; x_wconf 78' lang='grc' dir='ltr'>ὄντος.</span> 
     </span>
    </p>
   </div>
   <div class='ocr_carea' id='block_1_9' title="bbox 2042 795 3655 880">
    <p class='ocr_par' dir='ltr' id='par_1_9' title="bbox 2042 798 3655 870">
     <span class='ocr_line' id='line_1_9' title="bbox 2042 798 3655 870; baseline 0.003 -17"><span class='ocrx_word' id='word_1_68' title='bbox 2042 804 2252 867; x_wconf 89' lang='lat' dir='ltr'>reator,</span> <span class='ocrx_word' id='word_1_69' title='bbox 2282 803 2339 854; x_wconf 91' lang='lat' dir='ltr'>et</span> <span class='ocrx_word' id='word_1_70' title='bbox 2394 798 2541 854; x_wconf 87' lang='lat' dir='ltr'>nihil</span> <span class='ocrx_word' id='word_1_71' title='bbox 2599 799 2889 855; x_wconf 88' lang='lat' dir='ltr'>exsistens</span> <span class='ocrx_word' id='word_1_72' title='bbox 2931 803 2996 854; x_wconf 92' lang='lat' dir='ltr'>ut</span> <span class='ocrx_word' id='word_1_73' title='bbox 3027 801 3454 856; x_wconf 88' lang='lat' dir='ltr'>transcendens</span> <span class='ocrx_word' id='word_1_74' title='bbox 3487 821 3500 870; x_wconf 91' lang='lat'><strong>;</strong></span> <span class='ocrx_word' id='word_1_75' title='bbox 3535 802 3655 858; x_wconf 90' lang='lat' dir='ltr'>imo</span> 
     </span>
    </p>
   </div>
   <div class='ocr_carea' id='block_1_10' title="bbox 226 887 3656 966">
    <p class='ocr_par' dir='ltr' id='par_1_10' title="bbox 226 887 3656 966">
     <span class='ocr_line' id='line_1_10' title="bbox 226 887 3656 966; baseline -0.001 -15"><span class='ocrx_word' id='word_1_76' title='bbox 226 893 425 966; x_wconf 84' lang='lat' dir='ltr'>potius</span> <span class='ocrx_word' id='word_1_77' title='bbox 455 893 1068 966; x_wconf 83' lang='lat' dir='ltr'>supertranscendens</span> <span class='ocrx_word' id='word_1_78' title='bbox 1091 896 1150 949; x_wconf 91' lang='lat' dir='ltr'>et</span> <span class='ocrx_word' id='word_1_79' title='bbox 1180 889 1697 964; x_wconf 87' lang='lat' dir='ltr'>superessentiaiis</span> <span class='ocrx_word' id='word_1_80' title='bbox 1726 887 2036 944; x_wconf 87' lang='lat' dir='ltr'>exsistens.</span> <span class='ocrx_word' id='word_1_81' title='bbox 2075 889 2224 961; x_wconf 87' lang='lat' dir='ltr'>Lege</span> <span class='ocrx_word' id='word_1_82' title='bbox 2255 889 2432 945; x_wconf 87' lang='lat' dir='ltr'>etiam</span> <span class='ocrx_word' id='word_1_83' title='bbox 2463 889 2524 945; x_wconf 92' lang='lat' dir='ltr'>in</span> <span class='ocrx_word' id='word_1_84' title='bbox 2556 889 2734 962; x_wconf 82' lang='lat' dir='ltr'>priori</span> <span class='ocrx_word' id='word_1_85' title='bbox 2765 889 2902 945; x_wconf 84' lang='lat' dir='ltr'>folio</span> <span class='ocrx_word' id='word_1_86' title='bbox 2935 905 3125 945; x_wconf 88' lang='lat' dir='ltr'>meam</span> <span class='ocrx_word' id='word_1_87' title='bbox 3184 889 3254 944; x_wconf 90' lang='lat' dir='ltr'>de</span> <span class='ocrx_word' id='word_1_88' title='bbox 3313 907 3430 947; x_wconf 92' lang='lat' dir='ltr'>non</span> <span class='ocrx_word' id='word_1_89' title='bbox 3462 895 3656 949; x_wconf 85' lang='lat' dir='ltr'>ments</span> 
     </span>
    </p>
   </div>
   <div class='ocr_carea' id='block_1_11' title="bbox 228 982 730 1040">
    <p class='ocr_par' dir='ltr' id='par_1_11' title="bbox 228 982 730 1040">
     <span class='ocr_line' id='line_1_11' title="bbox 228 982 730 1040; baseline -0.008 0"><span class='ocrx_word' id='word_1_90' title='bbox 228 982 708 1040; x_wconf 80' lang='lat' dir='ltr'>observationem</span> <span class='ocrx_word' id='word_1_91' title='bbox 721 1027 730 1036; x_wconf 97' lang='lat'>.</span> 
     </span>
    </p>
   </div>
   <div class='ocr_carea' id='block_1_12' title="bbox 302 1063 1923 1144">
    <p class='ocr_par' dir='ltr' id='par_1_12' title="bbox 302 1063 1890 1144">
     <span class='ocr_line' id='line_1_12' title="bbox 302 1063 1890 1144; baseline -0.004 -19"><span class='ocrx_word' id='word_1_92' title='bbox 302 1070 409 1126; x_wconf 83' lang='grc' dir='ltr'>Καὶ</span> <span class='ocrx_word' id='word_1_93' title='bbox 477 1069 544 1124; x_wconf 78' lang='grc' dir='ltr'>τὰ</span> <span class='ocrx_word' id='word_1_94' title='bbox 591 1067 743 1138; x_wconf 77' lang='grc' dir='ltr'>ἥττω</span> <span class='ocrx_word' id='word_1_95' title='bbox 796 1072 906 1124; x_wconf 90' lang='grc' dir='ltr'>τῶν</span> <span class='ocrx_word' id='word_1_96' title='bbox 964 1067 1286 1144; x_wconf 75' lang='grc' dir='ltr'>κρειττόνων</span> <span class='ocrx_word' id='word_1_97' title='bbox 1323 1107 1338 1122; x_wconf 95' lang='grc'>.</span> <span class='ocrx_word' id='word_1_98' title='bbox 1404 1068 1728 1143; x_wconf 79' lang='grc' dir='ltr'>Παρέγραψα</span> <span class='ocrx_word' id='word_1_99' title='bbox 1799 1063 1890 1120; x_wconf 84' lang='grc' dir='ltr'>καὶ</span> 
     </span>
    </p>
   </div>
   <div class='ocr_carea' id='block_1_13' title="bbox 2042 1063 3663 1144">
    <p class='ocr_par' dir='ltr' id='par_1_13' title="bbox 2081 1067 3663 1141">
     <span class='ocr_line' id='line_1_13' title="bbox 2081 1067 3663 1141; baseline 0 -17"><span class='ocrx_word' id='word_1_100' title='bbox 2081 1071 2147 1124; x_wconf 83' lang='lat' dir='ltr'>Et</span> <span class='ocrx_word' id='word_1_101' title='bbox 2179 1067 2468 1139; x_wconf 75' lang='lat' dir='ltr'>inferiora</span> <span class='ocrx_word' id='word_1_102' title='bbox 2498 1067 2821 1139; x_wconf 74' lang='lat' dir='ltr'>superiora.</span> <span class='ocrx_word' id='word_1_103' title='bbox 2854 1067 3137 1122; x_wconf 84' lang='lat' dir='ltr'>Adnotavi</span> <span class='ocrx_word' id='word_1_104' title='bbox 3191 1083 3427 1140; x_wconf 89' lang='lat' dir='ltr'>quoque</span> <span class='ocrx_word' id='word_1_105' title='bbox 3481 1085 3663 1141; x_wconf 88' lang='lat' dir='ltr'>supra</span> 
     </span>
    </p>
   </div>
   <div class='ocr_carea' id='block_1_14' title="bbox 225 1154 1923 1235">
    <p class='ocr_par' dir='ltr' id='par_1_14' title="bbox 225 1154 1894 1235">
     <span class='ocr_line' id='line_1_14' title="bbox 225 1154 1894 1235; baseline -0.004 -21"><span class='ocrx_word' id='word_1_106' title='bbox 225 1159 343 1214; x_wconf 77' lang='grc' dir='ltr'>ἄνω</span> <span class='ocrx_word' id='word_1_107' title='bbox 400 1159 465 1214; x_wconf 86' lang='grc' dir='ltr'>τὸ</span> <span class='ocrx_word' id='word_1_108' title='bbox 523 1159 716 1230; x_wconf 78' lang='grc' dir='ltr'>ὅμοιον</span> <span class='ocrx_word' id='word_1_109' title='bbox 773 1155 827 1213; x_wconf 82' lang='grc' dir='ltr'>έν</span> <span class='ocrx_word' id='word_1_110' title='bbox 886 1161 967 1230; x_wconf 84' lang='grc' dir='ltr'>τῷ</span> <span class='ocrx_word' id='word_1_111' title='bbox 1024 1158 1232 1234; x_wconf 80' lang='grc' dir='ltr'>πρώτῳ</span> <span class='ocrx_word' id='word_1_112' title='bbox 1261 1154 1564 1235; x_wconf 75' lang='grc' dir='ltr'>κεφαλαίῳ,</span> <span class='ocrx_word' id='word_1_113' title='bbox 1598 1157 1680 1210; x_wconf 78' lang='grc' dir='ltr'>ὅτι</span> <span class='ocrx_word' id='word_1_114' title='bbox 1715 1154 1894 1210; x_wconf 83' lang='grc' dir='ltr'>ἀεὶτᾶ</span> 
     </span>
    </p>
   </div>
   <div class='ocr_carea' id='block_1_15' title="bbox 2042 1154 3662 1235">
    <p class='ocr_par' dir='ltr' id='par_1_15' title="bbox 2042 1155 3662 1229">
     <span class='ocr_line' id='line_1_15' title="bbox 2042 1155 3662 1229; baseline 0.001 -17"><span class='ocrx_word' id='word_1_115' title='bbox 2042 1174 2062 1212; x_wconf 74' lang='lat'><strong>1</strong></span> <span class='ocrx_word' id='word_1_116' title='bbox 2087 1157 2276 1228; x_wconf 89' lang='lat' dir='ltr'>primo</span> <span class='ocrx_word' id='word_1_117' title='bbox 2310 1155 2496 1229; x_wconf 82' lang='lat' dir='ltr'>capite</span> <span class='ocrx_word' id='word_1_118' title='bbox 2528 1156 2747 1228; x_wconf 82' lang='lat' dir='ltr'>aliquid</span> <span class='ocrx_word' id='word_1_119' title='bbox 2807 1155 3022 1222; x_wconf 85' lang='lat' dir='ltr'>simile,</span> <span class='ocrx_word' id='word_1_120' title='bbox 3070 1156 3349 1212; x_wconf 87' lang='lat' dir='ltr'>nimirum</span> <span class='ocrx_word' id='word_1_121' title='bbox 3383 1157 3662 1214; x_wconf 86' lang='lat' dir='ltr'>inferiora</span> 
     </span>
    </p>
   </div>
   <div class='ocr_carea' id='block_1_16' title="bbox 229 1241 1923 1323">
    <p class='ocr_par' dir='ltr' id='par_1_16' title="bbox 229 1241 1894 1323">
     <span class='ocr_line' id='line_1_16' title="bbox 229 1241 1894 1323; baseline -0.004 -20"><span class='ocrx_word' id='word_1_122' title='bbox 229 1241 619 1318; x_wconf 77' lang='grc' dir='ltr'>ὑποϐεϐηκότα</span> <span class='ocrx_word' id='word_1_123' title='bbox 656 1245 1018 1323; x_wconf 82' lang='grc' dir='ltr'>ἐπέστρκπται</span> <span class='ocrx_word' id='word_1_124' title='bbox 1066 1248 1203 1322; x_wconf 87' lang='grc' dir='ltr'>πρὸς</span> <span class='ocrx_word' id='word_1_125' title='bbox 1255 1248 1324 1300; x_wconf 79' lang='grc' dir='ltr'>τὰ</span> <span class='ocrx_word' id='word_1_126' title='bbox 1383 1244 1757 1322; x_wconf 80' lang='grc' dir='ltr'>ὑπερκείμενα,</span> <span class='ocrx_word' id='word_1_127' title='bbox 1817 1243 1894 1304; x_wconf 86' lang='grc' dir='ltr'>ὠς</span> 
     </span>
    </p>
   </div>
   <div class='ocr_carea' id='block_1_17' title="bbox 2042 1241 3664 1323">
    <p class='ocr_par' dir='ltr' id='par_1_17' title="bbox 2042 1244 3664 1317">
     <span class='ocr_line' id='line_1_17' title="bbox 2042 1244 3664 1317; baseline 0 -16"><span class='ocrx_word' id='word_1_128' title='bbox 2042 1262 2236 1317; x_wconf 83' lang='lat' dir='ltr'>smper</span> <span class='ocrx_word' id='word_1_129' title='bbox 2264 1246 2522 1303; x_wconf 80' lang='lat' dir='ltr'>converti</span> <span class='ocrx_word' id='word_1_130' title='bbox 2556 1247 2624 1301; x_wconf 92' lang='lat' dir='ltr'>ad</span> <span class='ocrx_word' id='word_1_131' title='bbox 2659 1245 2990 1317; x_wconf 87' lang='lat' dir='ltr'>superiora,</span> <span class='ocrx_word' id='word_1_132' title='bbox 3011 1251 3074 1300; x_wconf 91' lang='lat' dir='ltr'>ut</span> <span class='ocrx_word' id='word_1_133' title='bbox 3104 1262 3235 1317; x_wconf 85' lang='lat' dir='ltr'>quae</span> <span class='ocrx_word' id='word_1_134' title='bbox 3267 1245 3340 1300; x_wconf 89' lang='lat' dir='ltr'>ab</span> <span class='ocrx_word' id='word_1_135' title='bbox 3373 1244 3491 1301; x_wconf 83' lang='lat' dir='ltr'>illis</span> <span class='ocrx_word' id='word_1_136' title='bbox 3525 1263 3664 1301; x_wconf 91' lang='lat' dir='ltr'>con-</span> 
     </span>
    </p>
   </div>
   <div class='ocr_carea' id='block_1_18' title="bbox 229 1334 1923 1411">
    <p class='ocr_par' dir='ltr' id='par_1_18' title="bbox 229 1334 1894 1411">
     <span class='ocr_line' id='line_1_18' title="bbox 229 1334 1894 1411; baseline -0.004 -19"><span class='ocrx_word' id='word_1_137' title='bbox 229 1337 326 1392; x_wconf 79' lang='grc' dir='ltr'>ὑπ’</span> <span class='ocrx_word' id='word_1_138' title='bbox 351 1334 573 1392; x_wconf 75' lang='grc' dir='ltr'>ἐκείνων</span> <span class='ocrx_word' id='word_1_139' title='bbox 623 1336 996 1411; x_wconf 80' lang='grc' dir='ltr'>περιεχόμενα</span> <span class='ocrx_word' id='word_1_140' title='bbox 1050 1337 1140 1391; x_wconf 83' lang='grc' dir='ltr'>καὶ</span> <span class='ocrx_word' id='word_1_141' title='bbox 1199 1335 1597 1411; x_wconf 74' lang='grc' dir='ltr'>προνοούμενα·</span> <span class='ocrx_word' id='word_1_142' title='bbox 1647 1354 1894 1388; x_wconf 87' lang='grc' dir='ltr'>κοινωνι-</span> 
     </span>
    </p>
   </div>
   <div class='ocr_carea' id='block_1_19' title="bbox 2042 1334 3666 1411">
    <p class='ocr_par' dir='ltr' id='par_1_19' title="bbox 2042 1334 3666 1407">
     <span class='ocr_line' id='line_1_19' title="bbox 2042 1334 3666 1407; baseline 0.001 -18"><span class='ocrx_word' id='word_1_143' title='bbox 2042 1334 2308 1391; x_wconf 81' lang='lat' dir='ltr'>ineantur</span> <span class='ocrx_word' id='word_1_144' title='bbox 2337 1340 2393 1391; x_wconf 90' lang='lat' dir='ltr'>et</span> <span class='ocrx_word' id='word_1_145' title='bbox 2422 1341 2877 1403; x_wconf 79' lang='lat' dir='ltr'>conserventur;</span> <span class='ocrx_word' id='word_1_146' title='bbox 2910 1334 3306 1390; x_wconf 80' lang='lat' dir='ltr'>communiter</span> <span class='ocrx_word' id='word_1_147' title='bbox 3336 1340 3532 1390; x_wconf 90' lang='lat' dir='ltr'>autem</span> <span class='ocrx_word' id='word_1_148' title='bbox 3567 1352 3666 1407; x_wconf 88' lang='lat' dir='ltr'>pa-</span> 
     </span>
    </p>
   </div>
   <div class='ocr_carea' id='block_1_20' title="bbox 223 1422 1923 1500">
    <p class='ocr_par' dir='ltr' id='par_1_20' title="bbox 223 1422 1898 1500">
     <span class='ocr_line' id='line_1_20' title="bbox 223 1422 1898 1500; baseline -0.004 -18"><span class='ocrx_word' id='word_1_149' title='bbox 223 1431 344 1488; x_wconf 81' lang='grc' dir='ltr'>κῶς</span> <span class='ocrx_word' id='word_1_150' title='bbox 375 1423 436 1481; x_wconf 74' lang='grc' dir='ltr'>δὶ</span> <span class='ocrx_word' id='word_1_151' title='bbox 462 1425 532 1482; x_wconf 77' lang='grc' dir='ltr'>τὰ</span> <span class='ocrx_word' id='word_1_152' title='bbox 560 1425 874 1500; x_wconf 83' lang='grc' dir='ltr'>ὁμόστοιχα</span> <span class='ocrx_word' id='word_1_153' title='bbox 901 1429 1010 1481; x_wconf 85' lang='grc' dir='ltr'>τῶν</span> <span class='ocrx_word' id='word_1_154' title='bbox 1041 1427 1358 1500; x_wconf 83' lang='grc' dir='ltr'>ὁμοταγῶν,</span> <span class='ocrx_word' id='word_1_155' title='bbox 1380 1425 1470 1480; x_wconf 87' lang='grc' dir='ltr'>καὶ</span> <span class='ocrx_word' id='word_1_156' title='bbox 1500 1422 1692 1486; x_wconf 86' lang='grc' dir='ltr'>ἀπλῶς</span> <span class='ocrx_word' id='word_1_157' title='bbox 1725 1425 1898 1476; x_wconf 86' lang='grc' dir='ltr'>πάντα</span> 
     </span>
    </p>
   </div>
   <div class='ocr_carea' id='block_1_21' title="bbox 2042 1422 3666 1500">
    <p class='ocr_par' dir='ltr' id='par_1_21' title="bbox 2042 1423 3666 1497">
     <span class='ocr_line' id='line_1_21' title="bbox 2042 1423 3666 1497; baseline -0.001 -17"><span class='ocrx_word' id='word_1_158' title='bbox 2042 1425 2095 1480; x_wconf 89' lang='lat' dir='ltr'>ia</span> <span class='ocrx_word' id='word_1_159' title='bbox 2125 1430 2328 1480; x_wconf 86' lang='lat' dir='ltr'>amant</span> <span class='ocrx_word' id='word_1_160' title='bbox 2357 1425 2604 1497; x_wconf 86' lang='lat' dir='ltr'>paria,et</span> <span class='ocrx_word' id='word_1_161' title='bbox 2635 1423 2901 1480; x_wconf 89' lang='lat' dir='ltr'>absolute</span> <span class='ocrx_word' id='word_1_162' title='bbox 2925 1425 3125 1480; x_wconf 86' lang='lat' dir='ltr'>omnia</span> <span class='ocrx_word' id='word_1_163' title='bbox 3157 1424 3404 1481; x_wconf 84' lang='lat' dir='ltr'>invicem</span> <span class='ocrx_word' id='word_1_164' title='bbox 3428 1430 3487 1479; x_wconf 90' lang='lat' dir='ltr'>et</span> <span class='ocrx_word' id='word_1_165' title='bbox 3507 1424 3666 1496; x_wconf 78' lang='lat' dir='ltr'>seip-</span> 
     </span>
    </p>
   </div>
   <div class='ocr_carea' id='block_1_22' title="bbox 222 1511 1896 1589">
    <p class='ocr_par' dir='ltr' id='par_1_22' title="bbox 222 1511 1896 1589">
     <span class='ocr_line' id='line_1_22' title="bbox 222 1511 1896 1589; baseline -0.003 -18"><span class='ocrx_word' id='word_1_166' title='bbox 222 1514 502 1586; x_wconf 81' lang='grc' dir='ltr'>ἀλλήλων</span> <span class='ocrx_word' id='word_1_167' title='bbox 533 1516 620 1570; x_wconf 85' lang='grc' dir='ltr'>καὶ</span> <span class='ocrx_word' id='word_1_168' title='bbox 654 1513 830 1570; x_wconf 77' lang='grc' dir='ltr'>αὐτῶν</span> <span class='ocrx_word' id='word_1_169' title='bbox 846 1518 891 1556; x_wconf 75' lang='grc'>⁸⁸</span> <span class='ocrx_word' id='word_1_170' title='bbox 930 1513 1041 1589; x_wconf 83' lang='grc' dir='ltr'>ἐρᾷ.</span> <span class='ocrx_word' id='word_1_171' title='bbox 1099 1513 1304 1588; x_wconf 75' lang='grc' dir='ltr'>[Δλλὰ]</span> <span class='ocrx_word' id='word_1_172' title='bbox 1337 1514 1427 1570; x_wconf 85' lang='grc' dir='ltr'>καὶ</span> <span class='ocrx_word' id='word_1_173' title='bbox 1459 1515 1488 1570; x_wconf 88' lang='grc' dir='ltr'>ὁ</span> <span class='ocrx_word' id='word_1_174' title='bbox 1519 1514 1652 1575; x_wconf 87' lang='grc' dir='ltr'>Θεὸς</span> <span class='ocrx_word' id='word_1_175' title='bbox 1680 1511 1896 1568; x_wconf 89' lang='grc' dir='ltr'>πάντων</span> 
     </span>
    </p>
   </div>
   <div class='ocr_carea' id='block_1_23' title="bbox 221 1603 1234 1682">
    <p class='ocr_par' dir='ltr' id='par_1_23' title="bbox 221 1603 1234 1682">
     <span class='ocr_line' id='line_1_23' title="bbox 221 1603 1234 1682; baseline -0.001 -21"><span class='ocrx_word' id='word_1_176' title='bbox 221 1604 345 1682; x_wconf 77' lang='grc' dir='ltr'>έρᾷ,</span> <span class='ocrx_word' id='word_1_177' title='bbox 371 1603 468 1659; x_wconf 67' lang='grc' dir='ltr'>ἵνα</span> <span class='ocrx_word' id='word_1_178' title='bbox 493 1606 562 1660; x_wconf 68' lang='grc' dir='ltr'>τὰ</span> <span class='ocrx_word' id='word_1_179' title='bbox 588 1605 768 1660; x_wconf 83' lang='grc' dir='ltr'>πάντα</span> <span class='ocrx_word' id='word_1_180' title='bbox 795 1603 971 1680; x_wconf 82' lang='grc' dir='ltr'>ἀγαθά</span> <span class='ocrx_word' id='word_1_181' title='bbox 1000 1605 1234 1678; x_wconf 79' lang='grc' dir='ltr'>ποιήσῃ.</span> 
     </span>
    </p>
   </div>
   <div class='ocr_carea' id='block_1_24' title="bbox 296 1688 1904 1770">
    <p class='ocr_par' dir='ltr' id='par_1_24' title="bbox 296 1688 1904 1770">
     <span class='ocr_line' id='line_1_24' title="bbox 296 1688 1904 1770; baseline -0.004 -20"><span class='ocrx_word' id='word_1_182' title='bbox 296 1692 484 1756; x_wconf 74' lang='grc' dir='ltr'>Δῦτὸς</span> <span class='ocrx_word' id='word_1_183' title='bbox 531 1695 632 1770; x_wconf 84' lang='grc' dir='ltr'>γὰρ</span> <span class='ocrx_word' id='word_1_184' title='bbox 683 1694 713 1748; x_wconf 85' lang='grc' dir='ltr'>ὁ</span> <span class='ocrx_word' id='word_1_185' title='bbox 776 1693 1138 1769; x_wconf 82' lang='grc' dir='ltr'>ἀγαθοεργός.</span> <span class='ocrx_word' id='word_1_186' title='bbox 1199 1696 1533 1766; x_wconf 87' lang='grc' dir='ltr'>Θαυμαστῶς</span> <span class='ocrx_word' id='word_1_187' title='bbox 1589 1691 1760 1766; x_wconf 80' lang='grc' dir='ltr'>λέγει,</span> <span class='ocrx_word' id='word_1_188' title='bbox 1819 1688 1904 1744; x_wconf 79' lang='grc' dir='ltr'>ὅτι</span> 
     </span>
    </p>
   </div>
   <div class='ocr_carea' id='block_1_25' title="bbox 222 1775 1906 1858">
    <p class='ocr_par' dir='ltr' id='par_1_25' title="bbox 222 1775 1906 1858">
     <span class='ocr_line' id='line_1_25' title="bbox 222 1775 1906 1858; baseline -0.002 -20"><span class='ocrx_word' id='word_1_189' title='bbox 222 1782 438 1858; x_wconf 81' lang='grc' dir='ltr'>ἀγαθὸς</span> <span class='ocrx_word' id='word_1_190' title='bbox 495 1779 660 1857; x_wconf 68' lang='grc' dir='ltr'>ῐρως,</span> <span class='ocrx_word' id='word_1_191' title='bbox 723 1781 776 1837; x_wconf 76' lang='grc' dir='ltr'>ἐν</span> <span class='ocrx_word' id='word_1_192' title='bbox 807 1785 887 1854; x_wconf 81' lang='grc' dir='ltr'>τῷ</span> <span class='ocrx_word' id='word_1_193' title='bbox 915 1781 1106 1856; x_wconf 83' lang='grc' dir='ltr'>ἀγαθῷ</span> <span class='ocrx_word' id='word_1_194' title='bbox 1132 1782 1535 1858; x_wconf 80' lang='grc' dir='ltr'>προϋπάρχων,</span> <span class='ocrx_word' id='word_1_195' title='bbox 1570 1779 1669 1835; x_wconf 84' lang='grc' dir='ltr'>οὐκ</span> <span class='ocrx_word' id='word_1_196' title='bbox 1698 1775 1906 1852; x_wconf 77' lang='grc' dir='ltr'>ἔμεινεν</span> 
     </span>
    </p>
   </div>
   <div class='ocr_carea' id='block_1_26' title="bbox 222 1866 1907 1946">
    <p class='ocr_par' dir='ltr' id='par_1_26' title="bbox 222 1866 1907 1946">
     <span class='ocr_line' id='line_1_26' title="bbox 222 1866 1907 1946; baseline -0.004 -19"><span class='ocrx_word' id='word_1_197' title='bbox 222 1872 458 1946; x_wconf 79' lang='grc' dir='ltr'>ἄγονος,</span> <span class='ocrx_word' id='word_1_198' title='bbox 502 1868 629 1926; x_wconf 81' lang='grc' dir='ltr'>ἄλλ’</span> <span class='ocrx_word' id='word_1_199' title='bbox 658 1867 836 1926; x_wconf 57' lang='grc' dir='ltr'>(ἔτεκεν</span> <span class='ocrx_word' id='word_1_200' title='bbox 868 1872 1006 1944; x_wconf 80' lang='grc' dir='ltr'>ἡμῖν</span> <span class='ocrx_word' id='word_1_201' title='bbox 1034 1868 1129 1926; x_wconf 81' lang='grc' dir='ltr'>τὸν</span> <span class='ocrx_word' id='word_1_202' title='bbox 1157 1869 1358 1945; x_wconf 83' lang='grc' dir='ltr'>ἀγαθὸν</span> <span class='ocrx_word' id='word_1_203' title='bbox 1387 1867 1586 1946; x_wconf 82' lang='grc' dir='ltr'>ἔρωτα,</span> <span class='ocrx_word' id='word_1_204' title='bbox 1621 1866 1690 1923; x_wconf 87' lang='grc' dir='ltr'>δι’</span> <span class='ocrx_word' id='word_1_205' title='bbox 1722 1866 1778 1921; x_wconf 77' lang='grc' dir='ltr'>ὅν</span> <span class='ocrx_word' id='word_1_206' title='bbox 1811 1870 1907 1922; x_wconf 76' lang='grc' dir='ltr'>τοῦ</span> 
     </span>
    </p>
   </div>
   <div class='ocr_carea' id='block_1_27' title="bbox 223 1931 1988 2038">
    <p class='ocr_par' dir='ltr' id='par_1_27' title="bbox 223 1931 1988 2038">
     <span class='ocr_line' id='line_1_27' title="bbox 223 1931 1988 2038; baseline -0.005 -20"><span class='ocrx_word' id='word_1_207' title='bbox 223 1931 550 2018; x_wconf 37' lang='grc' dir='ltr'>καλοῦ-’καὶ</span> <span class='ocrx_word' id='word_1_208' title='bbox 599 1960 806 2034; x_wconf 82' lang='grc' dir='ltr'>ἀγαθοῦ</span> <span class='ocrx_word' id='word_1_209' title='bbox 836 1931 1114 2038; x_wconf 68' lang='grc' dir='ltr'>έιρίέμεθα·</span> <span class='ocrx_word' id='word_1_210' title='bbox 1167 1931 1464 2036; x_wconf 69' lang='grc' dir='ltr'>πρακτικδν</span> <span class='ocrx_word' id='word_1_211' title='bbox 1513 1931 1616 2033; x_wconf 69' lang='grc' dir='ltr'>γάρ</span> <span class='ocrx_word' id='word_1_212' title='bbox 1665 1956 1756 2012; x_wconf 82' lang='grc' dir='ltr'>καὶ</span> <span class='ocrx_word' id='word_1_213' title='bbox 1787 1977 1906 2032; x_wconf 88' lang='grc' dir='ltr'>γεν-</span> <span class='ocrx_word' id='word_1_214' title='bbox 1939 1931 1988 1996; x_wconf 81' lang='grc' dir='ltr'><strong>Β</strong></span> 
     </span>
    </p>
   </div>
   <div class='ocr_carea' id='block_1_28' title="bbox 233 2047 1909 2123">
    <p class='ocr_par' dir='ltr' id='par_1_28' title="bbox 233 2047 1909 2123">
     <span class='ocr_line' id='line_1_28' title="bbox 233 2047 1909 2123; baseline -0.005 -17"><span class='ocrx_word' id='word_1_215' title='bbox 233 2049 469 2120; x_wconf 85' lang='grc' dir='ltr'>νητικὸν</span> <span class='ocrx_word' id='word_1_216' title='bbox 495 2049 558 2104; x_wconf 84' lang='grc' dir='ltr'>τὸ</span> <span class='ocrx_word' id='word_1_217' title='bbox 589 2053 745 2105; x_wconf 86' lang='grc' dir='ltr'>Θεῖον</span> <span class='ocrx_word' id='word_1_218' title='bbox 767 2048 904 2103; x_wconf 83' lang='grc' dir='ltr'>κατὰ</span> <span class='ocrx_word' id='word_1_219' title='bbox 950 2049 1014 2103; x_wconf 81' lang='grc' dir='ltr'>τὸ</span> <span class='ocrx_word' id='word_1_220' title='bbox 1051 2047 1366 2123; x_wconf 75' lang='grc' dir='ltr'>εἰρημένον.</span> <span class='ocrx_word' id='word_1_221' title='bbox 1433 2048 1497 2105; x_wconf 92' lang='grc' dir='ltr'>Ὁ</span> <span class='ocrx_word' id='word_1_222' title='bbox 1556 2048 1743 2121; x_wconf 78' lang='grc' dir='ltr'>Πατήρ</span> <span class='ocrx_word' id='word_1_223' title='bbox 1805 2065 1909 2118; x_wconf 87' lang='grc' dir='ltr'>μου</span> 
     </span>
    </p>
   </div>
   <div class='ocr_carea' id='block_1_29' title="bbox 234 2132 1912 2215">
    <p class='ocr_par' dir='ltr' id='par_1_29' title="bbox 234 2132 1912 2215">
     <span class='ocr_line' id='line_1_29' title="bbox 234 2132 1912 2215; baseline -0.003 -22"><span class='ocrx_word' id='word_1_224' title='bbox 234 2136 347 2201; x_wconf 81' lang='grc' dir='ltr'>ἓως</span> <span class='ocrx_word' id='word_1_225' title='bbox 400 2137 524 2215; x_wconf 76' lang='grc' dir='ltr'>ἄρτι</span> <span class='ocrx_word' id='word_1_226' title='bbox 583 2137 892 2214; x_wconf 80' lang='grc' dir='ltr'>ἐργάζεται,</span> <span class='ocrx_word' id='word_1_227' title='bbox 921 2137 1076 2214; x_wconf 80' lang='grc' dir='ltr'>κάγὼ</span> <span class='ocrx_word' id='word_1_228' title='bbox 1137 2137 1455 2214; x_wconf 81' lang='grc' dir='ltr'>ἐργάζομαι.</span> <span class='ocrx_word' id='word_1_229' title='bbox 1502 2134 1821 2209; x_wconf 83' lang='grc' dir='ltr'>Σημείωσαι</span> <span class='ocrx_word' id='word_1_230' title='bbox 1854 2132 1912 2188; x_wconf 75' lang='grc' dir='ltr'>δὲ</span> 
     </span>
    </p>
   </div>
   <div class='ocr_carea' id='block_1_30' title="bbox 236 2221 1912 2303">
    <p class='ocr_par' dir='ltr' id='par_1_30' title="bbox 236 2221 1912 2303">
     <span class='ocr_line' id='line_1_30' title="bbox 236 2221 1912 2303; baseline -0.003 -20"><span class='ocrx_word' id='word_1_231' title='bbox 236 2227 489 2292; x_wconf 76' lang='grc' dir='ltr'>ἐντεῦθεν</span> <span class='ocrx_word' id='word_1_232' title='bbox 548 2228 763 2298; x_wconf 88' lang='grc' dir='ltr'>κίνησιν</span> <span class='ocrx_word' id='word_1_233' title='bbox 825 2226 991 2282; x_wconf 81' lang='grc' dir='ltr'>θείαν·</span> <span class='ocrx_word' id='word_1_234' title='bbox 1052 2228 1080 2281; x_wconf 88' lang='grc' dir='ltr'>ὁ</span> <span class='ocrx_word' id='word_1_235' title='bbox 1111 2229 1216 2303; x_wconf 84' lang='grc' dir='ltr'>γὰρ</span> <span class='ocrx_word' id='word_1_236' title='bbox 1248 2225 1579 2302; x_wconf 85' lang='grc' dir='ltr'>ἀγαθοεργὸς</span> <span class='ocrx_word' id='word_1_237' title='bbox 1617 2221 1755 2299; x_wconf 72' lang='grc' dir='ltr'>ἔρως</span> <span class='ocrx_word' id='word_1_238' title='bbox 1801 2222 1912 2279; x_wconf 79' lang='grc' dir='ltr'>ἐκί-</span> 
     </span>
    </p>
   </div>
   <div class='ocr_carea' id='block_1_31' title="bbox 236 2309 1913 2392">
    <p class='ocr_par' dir='ltr' id='par_1_31' title="bbox 236 2309 1913 2392">
     <span class='ocr_line' id='line_1_31' title="bbox 236 2309 1913 2392; baseline -0.004 -19"><span class='ocrx_word' id='word_1_239' title='bbox 236 2339 378 2388; x_wconf 85' lang='grc' dir='ltr'>νησε</span> <span class='ocrx_word' id='word_1_240' title='bbox 434 2317 499 2372; x_wconf 86' lang='grc' dir='ltr'>τὸ</span> <span class='ocrx_word' id='word_1_241' title='bbox 527 2323 672 2380; x_wconf 88' lang='grc' dir='ltr'>θεῖον</span> <span class='ocrx_word' id='word_1_242' title='bbox 733 2315 810 2378; x_wconf 81' lang='grc' dir='ltr'>εἰς</span> <span class='ocrx_word' id='word_1_243' title='bbox 855 2312 1133 2392; x_wconf 74' lang='grc' dir='ltr'>πρόνοιαν,</span> <span class='ocrx_word' id='word_1_244' title='bbox 1168 2315 1244 2376; x_wconf 84' lang='grc' dir='ltr'>εἰς</span> <span class='ocrx_word' id='word_1_245' title='bbox 1299 2315 1550 2369; x_wconf 78' lang='grc' dir='ltr'>σύστασιν</span> <span class='ocrx_word' id='word_1_246' title='bbox 1582 2317 1768 2387; x_wconf 75' lang='grc' dir='ltr'>ἡμῶν,</span> <span class='ocrx_word' id='word_1_247' title='bbox 1828 2309 1913 2366; x_wconf 68' lang='grc' dir='ltr'>ἵνα</span> 
     </span>
    </p>
   </div>
   <div class='ocr_carea' id='block_1_32' title="bbox 234 2403 1909 2481">
    <p class='ocr_par' dir='ltr' id='par_1_32' title="bbox 234 2403 1909 2481">
     <span class='ocr_line' id='line_1_32' title="bbox 234 2403 1909 2481; baseline -0.003 -20"><span class='ocrx_word' id='word_1_248' title='bbox 234 2407 332 2462; x_wconf 80' lang='grc' dir='ltr'>καὶ</span> <span class='ocrx_word' id='word_1_249' title='bbox 390 2403 758 2481; x_wconf 76' lang='grc' dir='ltr'>πρακτικὸνῇ</span> <span class='ocrx_word' id='word_1_250' title='bbox 805 2404 1155 2477; x_wconf 73' lang='grc' dir='ltr'>κινούμενον,</span> <span class='ocrx_word' id='word_1_251' title='bbox 1203 2403 1291 2458; x_wconf 81' lang='grc' dir='ltr'>καὶ</span> <span class='ocrx_word' id='word_1_252' title='bbox 1351 2405 1427 2476; x_wconf 75' lang='grc' dir='ltr'>μὴ</span> <span class='ocrx_word' id='word_1_253' title='bbox 1481 2403 1636 2476; x_wconf 77' lang='grc' dir='ltr'>μείνῃ</span> <span class='ocrx_word' id='word_1_254' title='bbox 1695 2404 1909 2478; x_wconf 84' lang='grc' dir='ltr'>ἄγονον·</span> 
     </span>
    </p>
   </div>
   <div class='ocr_carea' id='block_1_33' title="bbox 236 2491 1912 2567">
    <p class='ocr_par' dir='ltr' id='par_1_33' title="bbox 236 2491 1912 2567">
     <span class='ocr_line' id='line_1_33' title="bbox 236 2491 1912 2567; baseline -0.004 -14"><span class='ocrx_word' id='word_1_255' title='bbox 236 2496 536 2553; x_wconf 69' lang='grc' dir='ltr'>ἔκτούτου</span> <span class='ocrx_word' id='word_1_256' title='bbox 575 2497 793 2566; x_wconf 82' lang='grc' dir='ltr'>νοήσεις</span> <span class='ocrx_word' id='word_1_257' title='bbox 837 2494 929 2550; x_wconf 84' lang='grc' dir='ltr'>καὶ</span> <span class='ocrx_word' id='word_1_258' title='bbox 986 2493 1073 2566; x_wconf 88' lang='grc' dir='ltr'>τὸ,</span> <span class='ocrx_word' id='word_1_259' title='bbox 1127 2491 1364 2567; x_wconf 83' lang='grc' dir='ltr'>μονάδος</span> <span class='ocrx_word' id='word_1_260' title='bbox 1423 2494 1518 2567; x_wconf 72' lang='grc' dir='ltr'>μὲν</span> <span class='ocrx_word' id='word_1_261' title='bbox 1575 2491 1912 2563; x_wconf 80' lang='grc' dir='ltr'>κινηθείσης,</span> 
     </span>
    </p>
   </div>
   <div class='ocr_carea' id='block_1_34' title="bbox 235 2580 1914 2661">
    <p class='ocr_par' dir='ltr' id='par_1_34' title="bbox 235 2580 1914 2661">
     <span class='ocr_line' id='line_1_34' title="bbox 235 2580 1914 2661; baseline -0.004 -19"><span class='ocrx_word' id='word_1_262' title='bbox 235 2587 332 2642; x_wconf 82' lang='grc' dir='ltr'>καὶ</span> <span class='ocrx_word' id='word_1_263' title='bbox 392 2585 464 2642; x_wconf 79' lang='grc' dir='ltr'>τὰ</span> <span class='ocrx_word' id='word_1_264' title='bbox 506 2585 628 2656; x_wconf 71' lang='grc' dir='ltr'>ἑξῆς</span> <span class='ocrx_word' id='word_1_265' title='bbox 684 2583 948 2661; x_wconf 82' lang='grc' dir='ltr'>εἰρημένα</span> <span class='ocrx_word' id='word_1_266' title='bbox 993 2587 1075 2655; x_wconf 79' lang='grc' dir='ltr'>τῷ</span> <span class='ocrx_word' id='word_1_267' title='bbox 1123 2581 1368 2659; x_wconf 83' lang='grc' dir='ltr'>θεολόγῳ</span> <span class='ocrx_word' id='word_1_268' title='bbox 1413 2581 1703 2659; x_wconf 87' lang='grc' dir='ltr'>Γρηγορίῳ</span> <span class='ocrx_word' id='word_1_269' title='bbox 1751 2580 1802 2636; x_wconf 75' lang='grc' dir='ltr'>ἐν</span> <span class='ocrx_word' id='word_1_270' title='bbox 1833 2585 1914 2654; x_wconf 81' lang='grc' dir='ltr'>τῷ</span> 
     </span>
    </p>
   </div>
   <div class='ocr_carea' id='block_1_35' title="bbox 235 2673 795 2750">
    <p class='ocr_par' dir='ltr' id='par_1_35' title="bbox 235 2673 795 2750">
     <span class='ocr_line' id='line_1_35' title="bbox 235 2673 795 2750; baseline -0.004 -18"><span class='ocrx_word' id='word_1_271' title='bbox 235 2675 457 2750; x_wconf 74' lang='grc' dir='ltr'>πρώτῳ</span> <span class='ocrx_word' id='word_1_272' title='bbox 486 2675 612 2750; x_wconf 79' lang='grc' dir='ltr'>περὶ</span> <span class='ocrx_word' id='word_1_273' title='bbox 644 2673 795 2730; x_wconf 77' lang='grc' dir='ltr'>Υἱοῦ.</span> 
     </span>
    </p>
   </div>
   <div class='ocr_carea' id='block_1_36' title="bbox 317 2756 1918 2836">
    <p class='ocr_par' dir='ltr' id='par_1_36' title="bbox 317 2756 1918 2836">
     <span class='ocr_line' id='line_1_36' title="bbox 317 2756 1918 2836; baseline -0.002 -17"><span class='ocrx_word' id='word_1_274' title='bbox 317 2763 656 2833; x_wconf 78' lang='grc' dir='ltr'>Γεννητικὴν</span> <span class='ocrx_word' id='word_1_275' title='bbox 691 2756 1028 2836; x_wconf 78' lang='grc' dir='ltr'>ὑπερϐολήν.</span> <span class='ocrx_word' id='word_1_276' title='bbox 1055 2762 1307 2817; x_wconf 82' lang='grc' dir='ltr'>Τουτέστι</span> <span class='ocrx_word' id='word_1_277' title='bbox 1338 2761 1437 2829; x_wconf 74' lang='grc' dir='ltr'>τὴν</span> <span class='ocrx_word' id='word_1_278' title='bbox 1469 2759 1642 2816; x_wconf 78' lang='grc' dir='ltr'>κτίσιν</span> <span class='ocrx_word' id='word_1_279' title='bbox 1673 2761 1918 2834; x_wconf 80' lang='grc' dir='ltr'>παρήγα-</span> 
     </span>
    </p>
   </div>
   <div class='ocr_carea' id='block_1_37' title="bbox 239 2846 1914 2930">
    <p class='ocr_par' dir='ltr' id='par_1_37' title="bbox 239 2846 1914 2930">
     <span class='ocr_line' id='line_1_37' title="bbox 239 2846 1914 2930; baseline -0.003 -21"><span class='ocrx_word' id='word_1_280' title='bbox 239 2876 363 2930; x_wconf 84' lang='grc' dir='ltr'>γεν,</span> <span class='ocrx_word' id='word_1_281' title='bbox 395 2852 538 2908; x_wconf 82' lang='grc' dir='ltr'>ὥστε</span> <span class='ocrx_word' id='word_1_282' title='bbox 564 2852 688 2926; x_wconf 83' lang='grc' dir='ltr'>περὶ</span> <span class='ocrx_word' id='word_1_283' title='bbox 741 2850 909 2920; x_wconf 79' lang='grc' dir='ltr'>αὐτὴν</span> <span class='ocrx_word' id='word_1_284' title='bbox 956 2850 1024 2906; x_wconf 79' lang='grc' dir='ltr'>τὰ</span> <span class='ocrx_word' id='word_1_285' title='bbox 1064 2857 1167 2922; x_wconf 84' lang='grc' dir='ltr'>τῆς</span> <span class='ocrx_word' id='word_1_286' title='bbox 1199 2850 1485 2927; x_wconf 82' lang='grc' dir='ltr'>ἆγαπητῆς</span> <span class='ocrx_word' id='word_1_287' title='bbox 1517 2846 1914 2915; x_wconf 80' lang='grc' dir='ltr'>ἐπιδείκνυσθαι</span> 
     </span>
    </p>
   </div>
   <div class='ocr_carea' id='block_1_38' title="bbox 242 2945 546 3014">
    <p class='ocr_par' dir='ltr' id='par_1_38' title="bbox 242 2945 546 3014">
     <span class='ocr_line' id='line_1_38' title="bbox 242 2945 546 3014; baseline 0.003 -15"><span class='ocrx_word' id='word_1_288' title='bbox 242 2945 546 3014; x_wconf 79' lang='grc' dir='ltr'>κινήσεως.</span> 
     </span>
    </p>
   </div>
   <div class='ocr_carea' id='block_1_39' title="bbox 317 3026 1916 3103">
    <p class='ocr_par' dir='ltr' id='par_1_39' title="bbox 317 3026 1916 3103">
     <span class='ocr_line' id='line_1_39' title="bbox 317 3026 1916 3103; baseline 0 -18"><span class='ocrx_word' id='word_1_289' title='bbox 317 3034 477 3103; x_wconf 79' lang='lat' dir='ltr'>§XI.</span> <span class='ocrx_word' id='word_1_290' title='bbox 529 3029 634 3087; x_wconf 85' lang='grc' dir='ltr'>Καὶ</span> <span class='ocrx_word' id='word_1_291' title='bbox 685 3031 762 3102; x_wconf 89' lang='grc' dir='ltr'>μή</span> <span class='ocrx_word' id='word_1_292' title='bbox 811 3050 893 3091; x_wconf 90' lang='grc' dir='ltr'>τις</span> <span class='ocrx_word' id='word_1_293' title='bbox 939 3031 1088 3103; x_wconf 76' lang='grc' dir='ltr'>ἡμᾶς</span> <span class='ocrx_word' id='word_1_294' title='bbox 1116 3027 1333 3084; x_wconf 76' lang='grc' dir='ltr'>οἰέσθω.</span> <span class='ocrx_word' id='word_1_295' title='bbox 1387 3026 1705 3101; x_wconf 86' lang='grc' dir='ltr'>Σημείωσαι</span> <span class='ocrx_word' id='word_1_296' title='bbox 1738 3026 1820 3084; x_wconf 83' lang='grc' dir='ltr'>ὅτι</span> <span class='ocrx_word' id='word_1_297' title='bbox 1853 3027 1916 3085; x_wconf 81' lang='grc' dir='ltr'>οὗ</span> 
     </span>
    </p>
   </div>
   <div class='ocr_carea' id='block_1_40' title="bbox 246 3113 1918 3194">
    <p class='ocr_par' dir='ltr' id='par_1_40' title="bbox 246 3113 1918 3194">
     <span class='ocr_line' id='line_1_40' title="bbox 246 3113 1918 3194; baseline -0.003 -20"><span class='ocrx_word' id='word_1_298' title='bbox 246 3117 426 3174; x_wconf 86' lang='grc' dir='ltr'>δεῖτά</span> <span class='ocrx_word' id='word_1_299' title='bbox 456 3116 864 3194; x_wconf 75' lang='grc' dir='ltr'>άπεμφαίνοντα</span> <span class='ocrx_word' id='word_1_300' title='bbox 901 3115 1146 3189; x_wconf 83' lang='grc' dir='ltr'>ὀνόματα</span> <span class='ocrx_word' id='word_1_301' title='bbox 1200 3113 1378 3190; x_wconf 88' lang='grc' dir='ltr'>λέγειν</span> <span class='ocrx_word' id='word_1_302' title='bbox 1441 3113 1588 3191; x_wconf 86' lang='grc' dir='ltr'>[περὶ</span> <span class='ocrx_word' id='word_1_303' title='bbox 1637 3116 1818 3190; x_wconf 80' lang='grc' dir='ltr'>Θιοῦ],</span> <span class='ocrx_word' id='word_1_304' title='bbox 1872 3114 1918 3170; x_wconf 79' lang='grc' dir='ltr'>εί</span> 
     </span>
    </p>
   </div>
   <div class='ocr_carea' id='block_1_41' title="bbox 248 3203 1921 3284">
    <p class='ocr_par' dir='ltr' id='par_1_41' title="bbox 248 3203 1921 3284">
     <span class='ocr_line' id='line_1_41' title="bbox 248 3203 1921 3284; baseline -0.001 -23"><span class='ocrx_word' id='word_1_305' title='bbox 248 3210 326 3282; x_wconf 83' lang='grc' dir='ltr'>μή</span> <span class='ocrx_word' id='word_1_306' title='bbox 363 3228 426 3284; x_wconf 81' lang='grc' dir='ltr'>γε</span> <span class='ocrx_word' id='word_1_307' title='bbox 455 3206 549 3261; x_wconf 87' lang='grc' dir='ltr'>καὶ</span> <span class='ocrx_word' id='word_1_308' title='bbox 582 3205 633 3260; x_wconf 85' lang='grc' dir='ltr'>έν</span> <span class='ocrx_word' id='word_1_309' title='bbox 663 3205 780 3278; x_wconf 75' lang='grc' dir='ltr'>θείᾳ</span> <span class='ocrx_word' id='word_1_310' title='bbox 824 3203 1147 3282; x_wconf 83' lang='grc' dir='ltr'>έμφέροιντο</span> <span class='ocrx_word' id='word_1_311' title='bbox 1200 3207 1410 3282; x_wconf 76' lang='grc' dir='ltr'>Γραφῇ,</span> <span class='ocrx_word' id='word_1_312' title='bbox 1463 3203 1536 3266; x_wconf 89' lang='grc' dir='ltr'>ὠς</span> <span class='ocrx_word' id='word_1_313' title='bbox 1583 3204 1671 3260; x_wconf 88' lang='grc' dir='ltr'>καὶ</span> <span class='ocrx_word' id='word_1_314' title='bbox 1703 3208 1790 3258; x_wconf 79' lang='grc' dir='ltr'>νῦν</span> <span class='ocrx_word' id='word_1_315' title='bbox 1819 3226 1921 3260; x_wconf 83' lang='grc' dir='ltr'>πε-</span> 
     </span>
    </p>
   </div>
   <div class='ocr_carea' id='block_1_42' title="bbox 2010 1513 3670 1586">
    <p class='ocr_par' dir='ltr' id='par_1_42' title="bbox 2010 1513 3670 1586">
     <span class='ocr_line' id='line_1_42' title="bbox 2010 1513 3670 1586; baseline 0 -16"><span class='ocrx_word' id='word_1_316' title='bbox 2010 1532 2113 1582; x_wconf 87' lang='lat' dir='ltr'>sa;</span> <span class='ocrx_word' id='word_1_317' title='bbox 2138 1515 2382 1586; x_wconf 87' lang='lat' dir='ltr'>ipseque</span> <span class='ocrx_word' id='word_1_318' title='bbox 2415 1515 2567 1570; x_wconf 87' lang='lat' dir='ltr'>Deus</span> <span class='ocrx_word' id='word_1_319' title='bbox 2598 1517 2759 1570; x_wconf 90' lang='lat' dir='ltr'>amat</span> <span class='ocrx_word' id='word_1_320' title='bbox 2791 1513 3086 1577; x_wconf 86' lang='lat' dir='ltr'>universa,</span> <span class='ocrx_word' id='word_1_321' title='bbox 3120 1518 3184 1568; x_wconf 87' lang='lat' dir='ltr'>ut</span> <span class='ocrx_word' id='word_1_322' title='bbox 3213 1513 3411 1569; x_wconf 90' lang='lat' dir='ltr'>omnia</span> <span class='ocrx_word' id='word_1_323' title='bbox 3449 1513 3670 1570; x_wconf 78' lang='lat' dir='ltr'>efﬁciat</span> 
     </span>
    </p>
   </div>
   <div class='ocr_carea' id='block_1_43' title="bbox 2014 1607 2190 1662">
    <p class='ocr_par' dir='ltr' id='par_1_43' title="bbox 2014 1607 2190 1662">
     <span class='ocr_line' id='line_1_43' title="bbox 2014 1607 2190 1662; baseline -0.011 0"><span class='ocrx_word' id='word_1_324' title='bbox 2014 1607 2190 1662; x_wconf 91' lang='lat' dir='ltr'>bona.</span> 
     </span>
    </p>
   </div>
   <div class='ocr_carea' id='block_1_44' title="bbox 2085 1694 3670 1768">
    <p class='ocr_par' dir='ltr' id='par_1_44' title="bbox 2085 1694 3670 1768">
     <span class='ocr_line' id='line_1_44' title="bbox 2085 1694 3670 1768; baseline -0.001 -16"><span class='ocrx_word' id='word_1_325' title='bbox 2085 1698 2201 1768; x_wconf 75' lang='lat' dir='ltr'>Ipse</span> <span class='ocrx_word' id='word_1_326' title='bbox 2221 1696 2374 1753; x_wconf 83' lang='lat' dir='ltr'>enim</span> <span class='ocrx_word' id='word_1_327' title='bbox 2404 1695 2650 1766; x_wconf 72' lang='lat' dir='ltr'>boni/ex.</span> <span class='ocrx_word' id='word_1_328' title='bbox 2686 1695 3036 1752; x_wconf 88' lang='lat' dir='ltr'>Mirabiliter</span> <span class='ocrx_word' id='word_1_329' title='bbox 3065 1694 3226 1765; x_wconf 86' lang='lat' dir='ltr'>dicit,</span> <span class='ocrx_word' id='word_1_330' title='bbox 3261 1696 3482 1751; x_wconf 89' lang='lat' dir='ltr'>bonum</span> <span class='ocrx_word' id='word_1_331' title='bbox 3509 1711 3670 1752; x_wconf 86' lang='lat' dir='ltr'>amo-</span> 
     </span>
    </p>
   </div>
   <div class='ocr_carea' id='block_1_45' title="bbox 2017 1783 3672 1856">
    <p class='ocr_par' dir='ltr' id='par_1_45' title="bbox 2017 1783 3672 1856">
     <span class='ocr_line' id='line_1_45' title="bbox 2017 1783 3672 1856; baseline 0 -17"><span class='ocrx_word' id='word_1_332' title='bbox 2017 1801 2162 1854; x_wconf 89' lang='lat' dir='ltr'>rem,</span> <span class='ocrx_word' id='word_1_333' title='bbox 2195 1784 2252 1840; x_wconf 90' lang='lat' dir='ltr'>in</span> <span class='ocrx_word' id='word_1_334' title='bbox 2281 1785 2432 1840; x_wconf 93' lang='lat' dir='ltr'>bono</span> <span class='ocrx_word' id='word_1_335' title='bbox 2466 1785 2993 1856; x_wconf 62' lang='lat' dir='ltr'>praexsistentem,</span> <span class='ocrx_word' id='word_1_336' title='bbox 3029 1800 3142 1838; x_wconf 92' lang='lat' dir='ltr'>non</span> <span class='ocrx_word' id='word_1_337' title='bbox 3179 1783 3471 1840; x_wconf 85' lang='lat' dir='ltr'>mansisse</span> <span class='ocrx_word' id='word_1_338' title='bbox 3502 1784 3672 1840; x_wconf 83' lang='lat' dir='ltr'>infos-</span> 
     </span>
    </p>
   </div>
   <div class='ocr_carea' id='block_1_46' title="bbox 2018 1873 3672 1945">
    <p class='ocr_par' dir='ltr' id='par_1_46' title="bbox 2018 1873 3672 1945">
     <span class='ocr_line' id='line_1_46' title="bbox 2018 1873 3672 1945; baseline -0.001 -15"><span class='ocrx_word' id='word_1_339' title='bbox 2018 1875 2300 1941; x_wconf 88' lang='lat' dir='ltr'>cundum,</span> <span class='ocrx_word' id='word_1_340' title='bbox 2327 1874 2426 1929; x_wconf 88' lang='lat' dir='ltr'>sed</span> <span class='ocrx_word' id='word_1_341' title='bbox 2462 1874 2677 1928; x_wconf 91' lang='lat' dir='ltr'>bonum</span> <span class='ocrx_word' id='word_1_342' title='bbox 2712 1873 3012 1944; x_wconf 84' lang='lat' dir='ltr'>peperisse</span> <span class='ocrx_word' id='word_1_343' title='bbox 3044 1887 3327 1939; x_wconf 89' lang='lat' dir='ltr'>amorem,</span> <span class='ocrx_word' id='word_1_344' title='bbox 3362 1889 3466 1945; x_wconf 90' lang='lat' dir='ltr'>per</span> <span class='ocrx_word' id='word_1_345' title='bbox 3495 1888 3672 1944; x_wconf 88' lang='lat' dir='ltr'>quem</span> 
     </span>
    </p>
   </div>
   <div class='ocr_carea' id='block_1_47' title="bbox 2019 1961 3676 2034">
    <p class='ocr_par' dir='ltr' id='par_1_47' title="bbox 2019 1961 3676 2034">
     <span class='ocr_line' id='line_1_47' title="bbox 2019 1961 3676 2034; baseline 0 -16"><span class='ocrx_word' id='word_1_346' title='bbox 2019 1962 2329 2034; x_wconf 88' lang='lat' dir='ltr'>pulchrum</span> <span class='ocrx_word' id='word_1_347' title='bbox 2365 1966 2420 2018; x_wconf 87' lang='lat' dir='ltr'>et</span> <span class='ocrx_word' id='word_1_348' title='bbox 2435 1964 2655 2018; x_wconf 90' lang='lat' dir='ltr'>bonum</span> <span class='ocrx_word' id='word_1_349' title='bbox 2678 1961 3016 2033; x_wconf 82' lang='lat' dir='ltr'>appetimus</span> <span class='ocrx_word' id='word_1_350' title='bbox 3044 1961 3270 2030; x_wconf 88' lang='lat' dir='ltr'>;divina</span> <span class='ocrx_word' id='word_1_351' title='bbox 3290 1962 3446 2016; x_wconf 91' lang='lat' dir='ltr'>enim</span> <span class='ocrx_word' id='word_1_352' title='bbox 3463 1967 3676 2018; x_wconf 87' lang='lat' dir='ltr'>natura</span> 
     </span>
    </p>
   </div>
   <div class='ocr_carea' id='block_1_48' title="bbox 2019 2048 3676 2124">
    <p class='ocr_par' dir='ltr' id='par_1_48' title="bbox 2019 2048 3676 2124">
     <span class='ocr_line' id='line_1_48' title="bbox 2019 2048 3676 2124; baseline -0.002 -16"><span class='ocrx_word' id='word_1_353' title='bbox 2019 2056 2296 2124; x_wconf 91' lang='lat' dir='ltr'>operatur</span> <span class='ocrx_word' id='word_1_354' title='bbox 2323 2055 2382 2106; x_wconf 90' lang='lat' dir='ltr'>et</span> <span class='ocrx_word' id='word_1_355' title='bbox 2412 2056 2673 2123; x_wconf 85' lang='lat' dir='ltr'>generat,</span> <span class='ocrx_word' id='word_1_356' title='bbox 2698 2050 2870 2120; x_wconf 86' lang='lat' dir='ltr'>juxta</span> <span class='ocrx_word' id='word_1_357' title='bbox 2923 2048 3068 2104; x_wconf 91' lang='lat' dir='ltr'>illud</span> <span class='ocrx_word' id='word_1_358' title='bbox 3116 2048 3427 2119; x_wconf 71' lang='lat' dir='ltr'>Scriptura:</span> <span class='ocrx_word' id='word_1_359' title='bbox 3460 2066 3473 2105; x_wconf 90' lang='lat'><strong>:</strong></span> <span class='ocrx_word' id='word_1_360' title='bbox 3508 2054 3676 2107; x_wconf 76' lang='lat' dir='ltr'>Pater</span> 
     </span>
    </p>
   </div>
   <div class='ocr_carea' id='block_1_49' title="bbox 2019 2139 3676 2213">
    <p class='ocr_par' dir='ltr' id='par_1_49' title="bbox 2019 2139 3676 2213">
     <span class='ocr_line' id='line_1_49' title="bbox 2019 2139 3676 2213; baseline -0.001 -17"><span class='ocrx_word' id='word_1_361' title='bbox 2019 2157 2171 2196; x_wconf 81' lang='lat' dir='ltr'>meus</span> <span class='ocrx_word' id='word_1_362' title='bbox 2203 2156 2371 2213; x_wconf 80' lang='lat' dir='ltr'>usque</span> <span class='ocrx_word' id='word_1_363' title='bbox 2397 2140 2555 2195; x_wconf 87' lang='lat' dir='ltr'>modo</span> <span class='ocrx_word' id='word_1_364' title='bbox 2580 2149 2861 2210; x_wconf 80' lang='lat' dir='ltr'>operatur,</span> <span class='ocrx_word' id='word_1_365' title='bbox 2893 2142 2944 2194; x_wconf 85' lang='lat' dir='ltr'>et</span> <span class='ocrx_word' id='word_1_366' title='bbox 2974 2155 3073 2210; x_wconf 89' lang='lat' dir='ltr'>ego</span> <span class='ocrx_word' id='word_1_367' title='bbox 3101 2154 3294 2210; x_wconf 85' lang='lat' dir='ltr'>aperor</span> <span class='ocrx_word' id='word_1_368' title='bbox 3321 2139 3578 2211; x_wconf 85' lang='lat' dir='ltr'>(a).Nota</span> <span class='ocrx_word' id='word_1_369' title='bbox 3607 2156 3676 2196; x_wconf 86' lang='lat' dir='ltr'>ex</span> 
     </span>
    </p>
   </div>
   <div class='ocr_carea' id='block_1_50' title="bbox 2020 2228 3680 2296">
    <p class='ocr_par' dir='ltr' id='par_1_50' title="bbox 2020 2228 3680 2296">
     <span class='ocr_line' id='line_1_50' title="bbox 2020 2228 3680 2296; baseline -0.001 -10"><span class='ocrx_word' id='word_1_370' title='bbox 2020 2231 2131 2287; x_wconf 91' lang='lat' dir='ltr'>hoc</span> <span class='ocrx_word' id='word_1_371' title='bbox 2161 2229 2287 2287; x_wconf 93' lang='lat' dir='ltr'>loco</span> <span class='ocrx_word' id='word_1_372' title='bbox 2320 2230 2578 2286; x_wconf 87' lang='lat' dir='ltr'>divinam</span> <span class='ocrx_word' id='word_1_373' title='bbox 2611 2228 2953 2296; x_wconf 87' lang='lat' dir='ltr'>motionem,</span> <span class='ocrx_word' id='word_1_374' title='bbox 2984 2245 3118 2284; x_wconf 87' lang='lat' dir='ltr'>nam</span> <span class='ocrx_word' id='word_1_375' title='bbox 3148 2245 3314 2284; x_wconf 90' lang='lat' dir='ltr'>amor</span> <span class='ocrx_word' id='word_1_376' title='bbox 3335 2228 3475 2284; x_wconf 92' lang='lat' dir='ltr'>boni</span> <span class='ocrx_word' id='word_1_377' title='bbox 3498 2245 3680 2285; x_wconf 88' lang='lat' dir='ltr'>causa</span> 
     </span>
    </p>
   </div>
   <div class='ocr_carea' id='block_1_51' title="bbox 2023 2317 3679 2389">
    <p class='ocr_par' dir='ltr' id='par_1_51' title="bbox 2023 2317 3679 2389">
     <span class='ocr_line' id='line_1_51' title="bbox 2023 2317 3679 2389; baseline -0.001 -15"><span class='ocrx_word' id='word_1_378' title='bbox 2023 2320 2206 2375; x_wconf 87' lang='lat' dir='ltr'>movit</span> <span class='ocrx_word' id='word_1_379' title='bbox 2235 2319 2600 2374; x_wconf 89' lang='lat' dir='ltr'>divinitatem</span> <span class='ocrx_word' id='word_1_380' title='bbox 2632 2319 2704 2372; x_wconf 90' lang='lat' dir='ltr'>ad</span> <span class='ocrx_word' id='word_1_381' title='bbox 2728 2317 3181 2389; x_wconf 87' lang='lat' dir='ltr'>providentiam,</span> <span class='ocrx_word' id='word_1_382' title='bbox 3213 2317 3286 2372; x_wconf 89' lang='lat' dir='ltr'>ad</span> <span class='ocrx_word' id='word_1_383' title='bbox 3318 2317 3502 2373; x_wconf 88' lang='lat' dir='ltr'>nostri</span> <span class='ocrx_word' id='word_1_384' title='bbox 3525 2333 3679 2373; x_wconf 87' lang='lat' dir='ltr'>crea-</span> 
     </span>
    </p>
   </div>
   <div class='ocr_carea' id='block_1_52' title="bbox 2022 2406 3676 2479">
    <p class='ocr_par' dir='ltr' id='par_1_52' title="bbox 2022 2406 3676 2479">
     <span class='ocr_line' id='line_1_52' title="bbox 2022 2406 3676 2479; baseline -0.002 -15"><span class='ocrx_word' id='word_1_385' title='bbox 2022 2409 2262 2478; x_wconf 88' lang='lat' dir='ltr'>tionem,</span> <span class='ocrx_word' id='word_1_386' title='bbox 2295 2409 2560 2464; x_wconf 89' lang='lat' dir='ltr'>utetiam</span> <span class='ocrx_word' id='word_1_387' title='bbox 2611 2411 2954 2479; x_wconf 78' lang='lat' dir='ltr'>operaretdr</span> <span class='ocrx_word' id='word_1_388' title='bbox 3014 2406 3113 2477; x_wconf 87' lang='lat' dir='ltr'>qui</span> <span class='ocrx_word' id='word_1_389' title='bbox 3166 2407 3525 2472; x_wconf 89' lang='lat' dir='ltr'>movebatur,</span> <span class='ocrx_word' id='word_1_390' title='bbox 3568 2422 3676 2462; x_wconf 85' lang='lat' dir='ltr'>nec</span> 
     </span>
    </p>
   </div>
   <div class='ocr_carea' id='block_1_53' title="bbox 2023 2493 3676 2567">
    <p class='ocr_par' dir='ltr' id='par_1_53' title="bbox 2023 2493 3676 2567">
     <span class='ocr_line' id='line_1_53' title="bbox 2023 2493 3676 2567; baseline -0.002 -14"><span class='ocrx_word' id='word_1_391' title='bbox 2023 2496 2636 2566; x_wconf 85' lang='lat' dir='ltr'>remaneret&#39;sterilis;</span> <span class='ocrx_word' id='word_1_392' title='bbox 2689 2512 2757 2551; x_wconf 88' lang='lat' dir='ltr'>ex</span> <span class='ocrx_word' id='word_1_393' title='bbox 2816 2496 2925 2551; x_wconf 90' lang='lat' dir='ltr'>hoc</span> <span class='ocrx_word' id='word_1_394' title='bbox 2957 2493 3250 2567; x_wconf 82' lang='lat' dir='ltr'>intelliges</span> <span class='ocrx_word' id='word_1_395' title='bbox 3298 2495 3474 2550; x_wconf 89' lang='lat' dir='ltr'>etiam</span> <span class='ocrx_word' id='word_1_396' title='bbox 3509 2493 3676 2564; x_wconf 90' lang='lat' dir='ltr'>illud,</span> 
     </span>
    </p>
   </div>
   <div class='ocr_carea' id='block_1_54' title="bbox 2024 2584 3680 2658">
    <p class='ocr_par' dir='ltr' id='par_1_54' title="bbox 2024 2584 3680 2658">
     <span class='ocr_line' id='line_1_54' title="bbox 2024 2584 3680 2658; baseline -0.001 -16"><span class='ocrx_word' id='word_1_397' title='bbox 2024 2586 2263 2644; x_wconf 79' lang='lat' dir='ltr'>monade</span> <span class='ocrx_word' id='word_1_398' title='bbox 2291 2586 2508 2658; x_wconf 75' lang='lat' dir='ltr'>quidem</span> <span class='ocrx_word' id='word_1_399' title='bbox 2539 2593 2688 2642; x_wconf 76' lang='lat' dir='ltr'>mota</span> <span class='ocrx_word' id='word_1_400' title='bbox 2719 2606 2739 2654; x_wconf 83' lang='lat'>,-</span> <span class='ocrx_word' id='word_1_401' title='bbox 2765 2590 2822 2640; x_wconf 88' lang='lat' dir='ltr'>et</span> <span class='ocrx_word' id='word_1_402' title='bbox 2869 2601 2997 2656; x_wconf 61' lang='lat' dir='ltr'>quas</span> <span class='ocrx_word' id='word_1_403' title='bbox 3030 2584 3308 2656; x_wconf 87' lang='lat' dir='ltr'>deinceps</span> <span class='ocrx_word' id='word_1_404' title='bbox 3336 2584 3617 2640; x_wconf 91' lang='lat' dir='ltr'>dicuntur</span> <span class='ocrx_word' id='word_1_405' title='bbox 3646 2600 3680 2640; x_wconf 80' lang='grc' dir='ltr'>ιι</span> 
     </span>
    </p>
   </div>
   <div class='ocr_carea' id='block_1_55' title="bbox 2026 2671 3138 2748">
    <p class='ocr_par' dir='ltr' id='par_1_55' title="bbox 2026 2671 3138 2748">
     <span class='ocr_line' id='line_1_55' title="bbox 2026 2671 3138 2748; baseline -0.003 -17"><span class='ocrx_word' id='word_1_406' title='bbox 2026 2676 2220 2732; x_wconf 89' lang='lat' dir='ltr'>divino</span> <span class='ocrx_word' id='word_1_407' title='bbox 2252 2674 2531 2748; x_wconf 86' lang='lat' dir='ltr'>Gregorio</span> <span class='ocrx_word' id='word_1_408' title='bbox 2563 2674 2622 2729; x_wconf 91' lang='lat' dir='ltr'>in</span> <span class='ocrx_word' id='word_1_409' title='bbox 2654 2673 2846 2746; x_wconf 91' lang='lat' dir='ltr'>primo</span> <span class='ocrx_word' id='word_1_410' title='bbox 2879 2674 2949 2729; x_wconf 92' lang='lat' dir='ltr'>de</span> <span class='ocrx_word' id='word_1_411' title='bbox 2972 2671 3138 2729; x_wconf 88' lang='lat' dir='ltr'>Filio.</span> 
     </span>
    </p>
   </div>
   <div class='ocr_carea' id='block_1_56' title="bbox 2100 2763 3679 2836">
    <p class='ocr_par' dir='ltr' id='par_1_56' title="bbox 2100 2763 3679 2836">
     <span class='ocr_line' id='line_1_56' title="bbox 2100 2763 3679 2836; baseline -0.003 -14"><span class='ocrx_word' id='word_1_412' title='bbox 2100 2765 2410 2822; x_wconf 77' lang='lat' dir='ltr'>Generandi</span> <span class='ocrx_word' id='word_1_413' title='bbox 2439 2763 2859 2821; x_wconf 75' lang='lat' dir='ltr'>excellentiam.</span> <span class='ocrx_word' id='word_1_414' title='bbox 2894 2764 2958 2818; x_wconf 91' lang='lat' dir='ltr'>Id</span> <span class='ocrx_word' id='word_1_415' title='bbox 3006 2768 3120 2832; x_wconf 92' lang='lat' dir='ltr'>est,</span> <span class='ocrx_word' id='word_1_416' title='bbox 3176 2767 3503 2819; x_wconf 85' lang='lat' dir='ltr'>creaturam</span> <span class='ocrx_word' id='word_1_417' title='bbox 3545 2779 3679 2836; x_wconf 90' lang='lat' dir='ltr'>pro-</span> 
     </span>
    </p>
   </div>
   <div class='ocr_carea' id='block_1_57' title="bbox 2027 2853 3684 2926">
    <p class='ocr_par' dir='ltr' id='par_1_57' title="bbox 2027 2853 3684 2926">
     <span class='ocr_line' id='line_1_57' title="bbox 2027 2853 3684 2926; baseline -0.002 -14"><span class='ocrx_word' id='word_1_418' title='bbox 2027 2855 2447 2926; x_wconf 85' lang='lat' dir='ltr'>duxit,utcirca</span> <span class='ocrx_word' id='word_1_419' title='bbox 2477 2854 2670 2926; x_wconf 89' lang='lat' dir='ltr'>ipsam</span> <span class='ocrx_word' id='word_1_420' title='bbox 2702 2853 2976 2910; x_wconf 86' lang='lat' dir='ltr'>amabilis</span> <span class='ocrx_word' id='word_1_421' title='bbox 3009 2853 3289 2909; x_wconf 84' lang='lat' dir='ltr'>motionis</span> <span class='ocrx_word' id='word_1_422' title='bbox 3319 2853 3512 2908; x_wconf 83' lang='lat' dir='ltr'>ofﬁcia</span> <span class='ocrx_word' id='word_1_423' title='bbox 3536 2869 3684 2925; x_wconf 75' lang='lat' dir='ltr'>pras-</span> 
     </span>
    </p>
   </div>
   <div class='ocr_carea' id='block_1_58' title="bbox 2027 2949 2230 3000">
    <p class='ocr_par' dir='ltr' id='par_1_58' title="bbox 2027 2949 2230 3000">
     <span class='ocr_line' id='line_1_58' title="bbox 2027 2949 2230 3000; baseline 0 0"><span class='ocrx_word' id='word_1_424' title='bbox 2027 2949 2230 3000; x_wconf 87' lang='lat' dir='ltr'>staret.</span> 
     </span>
    </p>
   </div>
   <div class='ocr_carea' id='block_1_59' title="bbox 2097 3030 3678 3104">
    <p class='ocr_par' dir='ltr' id='par_1_59' title="bbox 2097 3030 3678 3104">
     <span class='ocr_line' id='line_1_59' title="bbox 2097 3030 3678 3104; baseline -0.002 -15"><span class='ocrx_word' id='word_1_425' title='bbox 2097 3036 2126 3102; x_wconf 89' lang='lat'><strong>§</strong></span> <span class='ocrx_word' id='word_1_426' title='bbox 2156 3033 2253 3089; x_wconf 91' lang='grc' dir='ltr'>ΧΙ.</span> <span class='ocrx_word' id='word_1_427' title='bbox 2286 3033 2467 3104; x_wconf 84' lang='lat' dir='ltr'>Neque</span> <span class='ocrx_word' id='word_1_428' title='bbox 2493 3047 2619 3088; x_wconf 83' lang='lat' dir='ltr'>vero</span> <span class='ocrx_word' id='word_1_429' title='bbox 2653 3046 2752 3087; x_wconf 74' lang='lat' dir='ltr'>nos</span> <span class='ocrx_word' id='word_1_430' title='bbox 2797 3030 3097 3102; x_wconf 79' lang='lat' dir='ltr'>quisquam</span> <span class='ocrx_word' id='word_1_431' title='bbox 3147 3036 3320 3102; x_wconf 78' lang='lat' dir='ltr'>putet.</span> <span class='ocrx_word' id='word_1_432' title='bbox 3379 3030 3527 3086; x_wconf 90' lang='lat' dir='ltr'>Nota</span> <span class='ocrx_word' id='word_1_433' title='bbox 3558 3031 3678 3086; x_wconf 87' lang='lat' dir='ltr'>dis-</span> 
     </span>
    </p>
   </div>
   <div class='ocr_carea' id='block_1_60' title="bbox 2029 3119 3680 3192">
    <p class='ocr_par' dir='ltr' id='par_1_60' title="bbox 2029 3119 3680 3192">
     <span class='ocr_line' id='line_1_60' title="bbox 2029 3119 3680 3192; baseline -0.002 -13"><span class='ocrx_word' id='word_1_434' title='bbox 2029 3127 2312 3179; x_wconf 87' lang='lat' dir='ltr'>sentanea</span> <span class='ocrx_word' id='word_1_435' title='bbox 2343 3121 2584 3178; x_wconf 92' lang='lat' dir='ltr'>nomina</span> <span class='ocrx_word' id='word_1_436' title='bbox 2614 3138 2731 3177; x_wconf 91' lang='lat' dir='ltr'>non</span> <span class='ocrx_word' id='word_1_437' title='bbox 2763 3136 2892 3176; x_wconf 91' lang='lat' dir='ltr'>esse</span> <span class='ocrx_word' id='word_1_438' title='bbox 2924 3119 3362 3191; x_wconf 89' lang='lat' dir='ltr'>pronuntianda</span> <span class='ocrx_word' id='word_1_439' title='bbox 3393 3120 3488 3188; x_wconf 89' lang='lat' dir='ltr'>[de</span> <span class='ocrx_word' id='word_1_440' title='bbox 3517 3120 3680 3192; x_wconf 85' lang='lat' dir='ltr'>Deo],</span> 
     </span>
    </p>
   </div>
   <div class='ocr_carea' id='block_1_61' title="bbox 2030 3208 3688 3283">
    <p class='ocr_par' dir='ltr' id='par_1_61' title="bbox 2030 3208 3688 3283">
     <span class='ocr_line' id='line_1_61' title="bbox 2030 3208 3688 3283; baseline -0.001 -16"><span class='ocrx_word' id='word_1_441' title='bbox 2030 3211 2145 3268; x_wconf 91' lang='lat' dir='ltr'>nisi</span> <span class='ocrx_word' id='word_1_442' title='bbox 2170 3214 2226 3267; x_wconf 91' lang='lat' dir='ltr'>in</span> <span class='ocrx_word' id='word_1_443' title='bbox 2261 3210 2566 3283; x_wconf 86' lang='lat' dir='ltr'>Scriptura</span> <span class='ocrx_word' id='word_1_444' title='bbox 2597 3209 2986 3281; x_wconf 89' lang='lat' dir='ltr'>reperiantur,</span> <span class='ocrx_word' id='word_1_445' title='bbox 3021 3208 3175 3264; x_wconf 89' lang='lat' dir='ltr'>sicut</span> <span class='ocrx_word' id='word_1_446' title='bbox 3203 3208 3379 3265; x_wconf 88' lang='lat' dir='ltr'>etiam</span> <span class='ocrx_word' id='word_1_447' title='bbox 3412 3209 3584 3264; x_wconf 91' lang='lat' dir='ltr'>modo</span> <span class='ocrx_word' id='word_1_448' title='bbox 3615 3209 3688 3266; x_wconf 87' lang='lat' dir='ltr'>de</span> 
     </span>
    </p>
   </div>
   <div class='ocr_carea' id='block_1_62' title="bbox 245 3292 1923 3373">
    <p class='ocr_par' dir='ltr' id='par_1_62' title="bbox 245 3292 1917 3373">
     <span class='ocr_line' id='line_1_62' title="bbox 245 3292 1917 3373; baseline -0.001 -23"><span class='ocrx_word' id='word_1_449' title='bbox 245 3298 298 3371; x_wconf 79' lang='grc' dir='ltr'>ρὶ</span> <span class='ocrx_word' id='word_1_450' title='bbox 344 3294 560 3370; x_wconf 70' lang='grc' dir='ltr'>’ἔρωτός</span> <span class='ocrx_word' id='word_1_451' title='bbox 589 3315 742 3373; x_wconf 81' lang='grc' dir='ltr'>φησι·</span> <span class='ocrx_word' id='word_1_452' title='bbox 793 3295 884 3350; x_wconf 83' lang='grc' dir='ltr'>καὶ</span> <span class='ocrx_word' id='word_1_453' title='bbox 945 3293 1028 3349; x_wconf 82' lang='grc' dir='ltr'>ὅτι</span> <span class='ocrx_word' id='word_1_454' title='bbox 1060 3293 1122 3349; x_wconf 77' lang='grc' dir='ltr'>οὐ</span> <span class='ocrx_word' id='word_1_455' title='bbox 1169 3294 1282 3368; x_wconf 74' lang='grc' dir='ltr'>χρὴ</span> <span class='ocrx_word' id='word_1_456' title='bbox 1339 3292 1630 3369; x_wconf 71' lang='grc' dir='ltr'>προσέχειν</span> <span class='ocrx_word' id='word_1_457' title='bbox 1691 3292 1917 3366; x_wconf 89' lang='grc' dir='ltr'>λέξεσιν,</span> 
     </span>
    </p>
   </div>
   <div class='ocr_carea' id='block_1_63' title="bbox 2042 3292 3688 3373">
    <p class='ocr_par' dir='ltr' id='par_1_63' title="bbox 2042 3297 3688 3370">
     <span class='ocr_line' id='line_1_63' title="bbox 2042 3297 3688 3370; baseline -0.001 -14"><span class='ocrx_word' id='word_1_458' title='bbox 2042 3317 2228 3357; x_wconf 78' lang='lat' dir='ltr'>amore</span> <span class='ocrx_word' id='word_1_459' title='bbox 2244 3300 2597 3370; x_wconf 86' lang='lat' dir='ltr'>dicit,neque</span> <span class='ocrx_word' id='word_1_460' title='bbox 2616 3299 2902 3354; x_wconf 89' lang='lat' dir='ltr'>dictiones</span> <span class='ocrx_word' id='word_1_461' title='bbox 2924 3297 3482 3364; x_wconf 88' lang='lat' dir='ltr'>attendendum,sed</span> <span class='ocrx_word' id='word_1_462' title='bbox 3507 3299 3688 3354; x_wconf 82' lang='lat' dir='ltr'>tinem</span> 
     </span>
    </p>
   </div>
   <div class='ocr_carea' id='block_1_64' title="bbox 244 3379 1920 3459">
    <p class='ocr_par' dir='ltr' id='par_1_64' title="bbox 244 3379 1920 3459">
     <span class='ocr_line' id='line_1_64' title="bbox 244 3379 1920 3459; baseline -0.002 -17"><span class='ocrx_word' id='word_1_463' title='bbox 244 3384 400 3442; x_wconf 72' lang='grc' dir='ltr'>ἄλλα</span> <span class='ocrx_word' id='word_1_464' title='bbox 425 3388 500 3459; x_wconf 77' lang='grc' dir='ltr'>τῇ</span> <span class='ocrx_word' id='word_1_465' title='bbox 531 3382 758 3458; x_wconf 83' lang='grc' dir='ltr'>δυνάμει</span> <span class='ocrx_word' id='word_1_466' title='bbox 797 3387 895 3439; x_wconf 77' lang='grc' dir='ltr'>τοῦ</span> <span class='ocrx_word' id='word_1_467' title='bbox 945 3387 1172 3438; x_wconf 82' lang='grc' dir='ltr'>σκοποῦ·</span> <span class='ocrx_word' id='word_1_468' title='bbox 1233 3380 1393 3444; x_wconf 83' lang='grc' dir='ltr'>θείως</span> <span class='ocrx_word' id='word_1_469' title='bbox 1452 3383 1556 3458; x_wconf 83' lang='grc' dir='ltr'>γὰρ</span> <span class='ocrx_word' id='word_1_470' title='bbox 1596 3380 1744 3437; x_wconf 75' lang='grc' dir='ltr'>αὐτὰ</span> <span class='ocrx_word' id='word_1_471' title='bbox 1784 3379 1920 3455; x_wconf 90' lang='grc' dir='ltr'>διέξ-</span> 
     </span>
    </p>
   </div>
   <div class='ocr_carea' id='block_1_65' title="bbox 246 3497 378 3533">
    <p class='ocr_par' dir='ltr' id='par_1_65' title="bbox 246 3497 378 3533">
     <span class='ocr_line' id='line_1_65' title="bbox 246 3497 378 3533; baseline 0.023 -3"><span class='ocrx_word' id='word_1_472' title='bbox 246 3497 378 3533; x_wconf 87' lang='grc' dir='ltr'>εισι.</span> 
     </span>
    </p>
   </div>
   <div class='ocr_carea' id='block_1_66' title="bbox 320 3556 1926 3637">
    <p class='ocr_par' dir='ltr' id='par_1_66' title="bbox 320 3556 1926 3637">
     <span class='ocr_line' id='line_1_66' title="bbox 391 3556 1886 3593; baseline -0.005 -6"><span class='ocrx_word' id='word_1_473' title='bbox 391 3565 405 3587; x_wconf 70' lang='grc' dir='ltr'>ν</span> <span class='ocrx_word' id='word_1_474' title='bbox 500 3561 520 3593; x_wconf 66' lang='grc' dir='ltr'>ι</span> <span class='ocrx_word' id='word_1_475' title='bbox 901 3560 913 3580; x_wconf 75' lang='grc' dir='ltr'>ι</span> <span class='ocrx_word' id='word_1_476' title='bbox 1098 3562 1120 3580; x_wconf 82' lang='grc' dir='ltr'><em>υ</em></span> <span class='ocrx_word' id='word_1_477' title='bbox 1325 3558 1339 3578; x_wconf 80' lang='lat'><strong><em>\</em></strong></span> <span class='ocrx_word' id='word_1_478' title='bbox 1419 3560 1457 3578; x_wconf 60' lang='grc' dir='ltr'>-κ</span> <span class='ocrx_word' id='word_1_479' title='bbox 1553 3563 1578 3574; x_wconf 75' lang='grc' dir='ltr'>-ι</span> <span class='ocrx_word' id='word_1_480' title='bbox 1669 3558 1692 3581; x_wconf 82' lang='grc'>›,</span> <span class='ocrx_word' id='word_1_481' title='bbox 1766 3556 1790 3576; x_wconf 60' lang='grc' dir='ltr'><strong>κ</strong></span> <span class='ocrx_word' id='word_1_482' title='bbox 1875 3561 1886 3580; x_wconf 74' lang='grc' dir='ltr'>ι</span> 
     </span>
     <span class='ocr_line' id='line_1_67' title="bbox 320 3556 1926 3637; baseline -0.002 -18"><span class='ocrx_word' id='word_1_483' title='bbox 320 3574 388 3620; x_wconf 88' lang='grc' dir='ltr'>Δι</span> <span class='ocrx_word' id='word_1_484' title='bbox 435 3565 638 3637; x_wconf 69' lang='grc' dir='ltr'>έτιρων</span> <span class='ocrx_word' id='word_1_485' title='bbox 671 3559 1066 3636; x_wconf 82' lang='grc' dir='ltr'>ὁμοδυναμων.</span> <span class='ocrx_word' id='word_1_486' title='bbox 1122 3564 1220 3617; x_wconf 88' lang='grc' dir='ltr'>Οτι</span> <span class='ocrx_word' id='word_1_487' title='bbox 1251 3580 1342 3614; x_wconf 88' lang='grc' dir='ltr'>και</span> <span class='ocrx_word' id='word_1_488' title='bbox 1378 3556 1465 3614; x_wconf 87' lang='grc' dir='ltr'>δια</span> <span class='ocrx_word' id='word_1_489' title='bbox 1513 3581 1620 3614; x_wconf 92' lang='grc' dir='ltr'>των</span> <span class='ocrx_word' id='word_1_490' title='bbox 1674 3565 1926 3615; x_wconf 84' lang='grc' dir='ltr'>ισοὸυνα-</span> 
     </span>
    </p>
   </div>
   <div class='ocr_carea' id='block_1_67' title="bbox 251 3646 1925 3730">
    <p class='ocr_par' dir='ltr' id='par_1_67' title="bbox 251 3646 1925 3730">
     <span class='ocr_line' id='line_1_68' title="bbox 251 3646 1925 3730; baseline -0.003 -21"><span class='ocrx_word' id='word_1_491' title='bbox 251 3676 374 3730; x_wconf 84' lang='grc' dir='ltr'>μων</span> <span class='ocrx_word' id='word_1_492' title='bbox 408 3653 472 3709; x_wconf 79' lang='grc' dir='ltr'>οὐ</span> <span class='ocrx_word' id='word_1_493' title='bbox 498 3650 832 3725; x_wconf 87' lang='grc' dir='ltr'>κωλυόμεθα</span> <span class='ocrx_word' id='word_1_494' title='bbox 863 3650 1122 3707; x_wconf 69' lang='grc' dir='ltr'>έκωωνεῖν</span> <span class='ocrx_word' id='word_1_495' title='bbox 1168 3649 1262 3711; x_wconf 82' lang='grc' dir='ltr'>τὰς</span> <span class='ocrx_word' id='word_1_496' title='bbox 1322 3646 1517 3720; x_wconf 85' lang='grc' dir='ltr'>λέξεις.</span> <span class='ocrx_word' id='word_1_497' title='bbox 1579 3649 1925 3722; x_wconf 87' lang='grc' dir='ltr'>[Σημείωσαι</span> 
     </span>
    </p>
   </div>
   <div class='ocr_carea' id='block_1_68' title="bbox 255 3736 1400 3818">
    <p class='ocr_par' dir='ltr' id='par_1_68' title="bbox 255 3736 1400 3818">
     <span class='ocr_line' id='line_1_69' title="bbox 255 3736 1400 3818; baseline -0.007 -21"><span class='ocrx_word' id='word_1_498' title='bbox 255 3744 332 3806; x_wconf 79' lang='grc' dir='ltr'>ὡς</span> <span class='ocrx_word' id='word_1_499' title='bbox 371 3738 613 3816; x_wconf 84' lang='grc' dir='ltr'>μητρίδα</span> <span class='ocrx_word' id='word_1_500' title='bbox 641 3740 732 3796; x_wconf 85' lang='grc' dir='ltr'>καὶ</span> <span class='ocrx_word' id='word_1_501' title='bbox 766 3737 1002 3818; x_wconf 83' lang='grc' dir='ltr'>πατρίδα</span> <span class='ocrx_word' id='word_1_502' title='bbox 1026 3736 1191 3795; x_wconf 80' lang='grc' dir='ltr'>ταύτό</span> <span class='ocrx_word' id='word_1_503' title='bbox 1220 3740 1400 3815; x_wconf 83' lang='grc' dir='ltr'>φησι,]</span> 
     </span>
    </p>
   </div>
   <div class='ocr_carea' id='block_1_69' title="bbox 333 3916 1930 3995">
    <p class='ocr_par' dir='ltr' id='par_1_69' title="bbox 333 3916 1930 3995">
     <span class='ocr_line' id='line_1_70' title="bbox 333 3916 1930 3995; baseline 0 -20"><span class='ocrx_word' id='word_1_504' title='bbox 333 3921 460 3976; x_wconf 80' lang='grc' dir='ltr'>Δέον</span> <span class='ocrx_word' id='word_1_505' title='bbox 495 3917 721 3977; x_wconf 78' lang='grc' dir='ltr'>εἰδέναι.</span> <span class='ocrx_word' id='word_1_506' title='bbox 773 3919 872 3974; x_wconf 78' lang='grc' dir='ltr'>Διά</span> <span class='ocrx_word' id='word_1_507' title='bbox 913 3918 965 3974; x_wconf 91' lang='grc' dir='ltr'>τί</span> <span class='ocrx_word' id='word_1_508' title='bbox 998 3916 1300 3982; x_wconf 74' lang='grc' dir='ltr'>συλλαϐαῖς</span> <span class='ocrx_word' id='word_1_509' title='bbox 1350 3917 1438 3974; x_wconf 84' lang='grc' dir='ltr'>καὶ</span> <span class='ocrx_word' id='word_1_510' title='bbox 1481 3918 1653 3990; x_wconf 83' lang='grc' dir='ltr'>λέξεσι</span> <span class='ocrx_word' id='word_1_511' title='bbox 1701 3919 1930 3995; x_wconf 80' lang='grc' dir='ltr'>χρώμε-</span> 
     </span>
    </p>
   </div>
   <div class='ocr_carea' id='block_1_70' title="bbox 261 4005 1929 4084">
    <p class='ocr_par' dir='ltr' id='par_1_70' title="bbox 261 4005 1929 4084">
     <span class='ocr_line' id='line_1_71' title="bbox 261 4005 1929 4084; baseline -0.002 -19"><span class='ocrx_word' id='word_1_512' title='bbox 261 4012 357 4065; x_wconf 85' lang='grc' dir='ltr'>θα·</span> <span class='ocrx_word' id='word_1_513' title='bbox 429 4005 625 4065; x_wconf 78' lang='grc' dir='ltr'>σκόπει</span> <span class='ocrx_word' id='word_1_514' title='bbox 690 4009 790 4078; x_wconf 76' lang='grc' dir='ltr'>τήν</span> <span class='ocrx_word' id='word_1_515' title='bbox 842 4008 1176 4084; x_wconf 83' lang='grc' dir='ltr'>ἀνάγνωσιν·</span> <span class='ocrx_word' id='word_1_516' title='bbox 1236 4009 1264 4064; x_wconf 85' lang='grc' dir='ltr'><strong>’ὀ</strong></span> <span class='ocrx_word' id='word_1_517' title='bbox 1322 4006 1468 4063; x_wconf 84' lang='grc' dir='ltr'>θέλει</span> <span class='ocrx_word' id='word_1_518' title='bbox 1517 4007 1710 4076; x_wconf 77' lang='grc' dir='ltr'>εἰπεῖν,</span> <span class='ocrx_word' id='word_1_519' title='bbox 1767 4012 1929 4064; x_wconf 77' lang='grc' dir='ltr'>τοῦτο</span> 
     </span>
    </p>
   </div>
   <div class='ocr_carea' id='block_1_71' title="bbox 255 4097 1928 4176">
    <p class='ocr_par' dir='ltr' id='par_1_71' title="bbox 255 4097 1928 4176">
     <span class='ocr_line' id='line_1_72' title="bbox 255 4097 1928 4176; baseline -0.002 -20"><span class='ocrx_word' id='word_1_520' title='bbox 255 4101 425 4156; x_wconf 74' lang='grc' dir='ltr'>ἐστιν·</span> <span class='ocrx_word' id='word_1_521' title='bbox 480 4099 643 4169; x_wconf 76' lang='grc' dir='ltr'>ἡνίκα</span> <span class='ocrx_word' id='word_1_522' title='bbox 674 4099 764 4154; x_wconf 87' lang='grc' dir='ltr'>τὸν</span> <span class='ocrx_word' id='word_1_523' title='bbox 815 4099 1152 4176; x_wconf 80' lang='grc' dir='ltr'>προφορικὸν</span> <span class='ocrx_word' id='word_1_524' title='bbox 1187 4097 1355 4174; x_wconf 88' lang='grc' dir='ltr'>λόγον</span> <span class='ocrx_word' id='word_1_525' title='bbox 1408 4103 1688 4172; x_wconf 79' lang='grc' dir='ltr'>κινοῦμεν,</span> <span class='ocrx_word' id='word_1_526' title='bbox 1736 4102 1928 4153; x_wconf 80' lang='grc' dir='ltr'>τοῦτον</span> 
     </span>
    </p>
   </div>
   <div class='ocr_carea' id='block_1_72' title="bbox 252 4181 1934 4265">
    <p class='ocr_par' dir='ltr' id='par_1_72' title="bbox 252 4181 1934 4265">
     <span class='ocr_line' id='line_1_73' title="bbox 252 4181 1934 4265; baseline -0.002 -20"><span class='ocrx_word' id='word_1_527' title='bbox 252 4191 383 4265; x_wconf 81' lang='grc' dir='ltr'>περί</span> <span class='ocrx_word' id='word_1_528' title='bbox 415 4209 568 4251; x_wconf 90' lang='grc' dir='ltr'>τινος</span> <span class='ocrx_word' id='word_1_529' title='bbox 598 4193 707 4243; x_wconf 88' lang='grc' dir='ltr'>τῶν</span> <span class='ocrx_word' id='word_1_530' title='bbox 739 4187 1036 4258; x_wconf 79' lang='grc' dir='ltr'>αἰσθητῶν,</span> <span class='ocrx_word' id='word_1_531' title='bbox 1061 4189 1187 4243; x_wconf 81' lang='grc' dir='ltr'>τότε</span> <span class='ocrx_word' id='word_1_532' title='bbox 1249 4189 1470 4260; x_wconf 83' lang='grc' dir='ltr'>λέξεων,</span> <span class='ocrx_word' id='word_1_533' title='bbox 1521 4189 1611 4242; x_wconf 85' lang='grc' dir='ltr'>καὶ</span> <span class='ocrx_word' id='word_1_534' title='bbox 1642 4181 1934 4242; x_wconf 71' lang='grc' dir='ltr'>συλλαϐῶν</span> 
     </span>
    </p>
   </div>
   <div class='ocr_carea' id='block_1_73' title="bbox 250 4273 1933 4354">
    <p class='ocr_par' dir='ltr' id='par_1_73' title="bbox 250 4273 1933 4354">
     <span class='ocr_line' id='line_1_74' title="bbox 250 4273 1933 4354; baseline -0.002 -20"><span class='ocrx_word' id='word_1_535' title='bbox 250 4281 342 4334; x_wconf 84' lang='grc' dir='ltr'>καὶ</span> <span class='ocrx_word' id='word_1_536' title='bbox 383 4277 676 4354; x_wconf 86' lang='grc' dir='ltr'>στοιχείων</span> <span class='ocrx_word' id='word_1_537' title='bbox 705 4275 796 4332; x_wconf 82' lang='grc' dir='ltr'>καὶ</span> <span class='ocrx_word' id='word_1_538' title='bbox 827 4275 1052 4352; x_wconf 79' lang='grc' dir='ltr'>γραφῶν</span> <span class='ocrx_word' id='word_1_539' title='bbox 1083 4273 1318 4350; x_wconf 85' lang='grc' dir='ltr'>δεόμεθα</span> <span class='ocrx_word' id='word_1_540' title='bbox 1364 4279 1500 4353; x_wconf 88' lang='grc' dir='ltr'>πρὸς</span> <span class='ocrx_word' id='word_1_541' title='bbox 1537 4274 1779 4347; x_wconf 87' lang='grc' dir='ltr'>δήλωσιν</span> <span class='ocrx_word' id='word_1_542' title='bbox 1834 4275 1933 4330; x_wconf 77' lang='grc' dir='ltr'>τοῦ</span> 
     </span>
    </p>
   </div>
   <div class='ocr_carea' id='block_1_74' title="bbox 251 4361 1936 4442">
    <p class='ocr_par' dir='ltr' id='par_1_74' title="bbox 251 4361 1936 4442">
     <span class='ocr_line' id='line_1_75' title="bbox 251 4361 1936 4442; baseline -0.003 -18"><span class='ocrx_word' id='word_1_543' title='bbox 251 4367 638 4440; x_wconf 81' lang='grc' dir='ltr'>λαλουμένου·</span> <span class='ocrx_word' id='word_1_544' title='bbox 671 4365 716 4421; x_wconf 82' lang='grc' dir='ltr'>εἶ</span> <span class='ocrx_word' id='word_1_545' title='bbox 768 4361 826 4420; x_wconf 75' lang='grc' dir='ltr'>δὲ</span> <span class='ocrx_word' id='word_1_546' title='bbox 856 4366 945 4442; x_wconf 79' lang='grc' dir='ltr'>ἀφ’</span> <span class='ocrx_word' id='word_1_547' title='bbox 977 4365 1172 4435; x_wconf 70' lang='grc' dir='ltr'>ἑαυτῆς</span> <span class='ocrx_word' id='word_1_548' title='bbox 1210 4367 1245 4435; x_wconf 82' lang='grc' dir='ltr'>ἡ</span> <span class='ocrx_word' id='word_1_549' title='bbox 1279 4367 1434 4441; x_wconf 74' lang='grc' dir='ltr'>ψυχὴ</span> <span class='ocrx_word' id='word_1_550' title='bbox 1466 4365 1601 4440; x_wconf 83' lang='grc' dir='ltr'>πρὸς</span> <span class='ocrx_word' id='word_1_551' title='bbox 1649 4366 1717 4420; x_wconf 83' lang='grc' dir='ltr'>τὰ</span> <span class='ocrx_word' id='word_1_552' title='bbox 1766 4365 1936 4436; x_wconf 83' lang='grc' dir='ltr'>νοητὰ</span> 
     </span>
    </p>
   </div>
   <div class='ocr_carea' id='block_1_75' title="bbox 250 4452 1933 4531">
    <p class='ocr_par' dir='ltr' id='par_1_75' title="bbox 250 4452 1933 4531">
     <span class='ocr_line' id='line_1_76' title="bbox 250 4452 1933 4531; baseline -0.001 -19"><span class='ocrx_word' id='word_1_553' title='bbox 250 4462 496 4512; x_wconf 86' lang='grc' dir='ltr'>κινεῖται</span> <span class='ocrx_word' id='word_1_554' title='bbox 528 4452 620 4511; x_wconf 82' lang='grc' dir='ltr'>διὰ</span> <span class='ocrx_word' id='word_1_555' title='bbox 641 4460 750 4511; x_wconf 86' lang='grc' dir='ltr'>τῶν</span> <span class='ocrx_word' id='word_1_556' title='bbox 785 4455 960 4530; x_wconf 81' lang='grc' dir='ltr'>ὀρθῶν</span> <span class='ocrx_word' id='word_1_557' title='bbox 995 4455 1300 4531; x_wconf 79' lang='grc' dir='ltr'>ἐνεργειῶν,</span> <span class='ocrx_word' id='word_1_558' title='bbox 1343 4454 1589 4531; x_wconf 82' lang='grc' dir='ltr'>περιτταὶ</span> <span class='ocrx_word' id='word_1_559' title='bbox 1643 4454 1777 4528; x_wconf 85' lang='grc' dir='ltr'>μετὰ</span> <span class='ocrx_word' id='word_1_560' title='bbox 1823 4458 1933 4510; x_wconf 88' lang='grc' dir='ltr'>τῶν</span> 
     </span>
    </p>
   </div>
   <div class='ocr_carea' id='block_1_76' title="bbox 255 4543 1932 4622">
    <p class='ocr_par' dir='ltr' id='par_1_76' title="bbox 255 4543 1932 4622">
     <span class='ocr_line' id='line_1_77' title="bbox 255 4543 1932 4622; baseline -0.002 -20"><span class='ocrx_word' id='word_1_561' title='bbox 255 4548 539 4616; x_wconf 79' lang='grc' dir='ltr'>αἰσθητῶν</span> <span class='ocrx_word' id='word_1_562' title='bbox 575 4546 629 4600; x_wconf 81' lang='grc' dir='ltr'>αἱ</span> <span class='ocrx_word' id='word_1_563' title='bbox 662 4544 959 4615; x_wconf 74' lang='grc' dir='ltr'>αἰσθήσεις·</span> <span class='ocrx_word' id='word_1_564' title='bbox 1025 4543 1213 4618; x_wconf 79' lang='grc' dir='ltr'>ὑψηλά</span> <span class='ocrx_word' id='word_1_565' title='bbox 1259 4543 1358 4622; x_wconf 81' lang='grc' dir='ltr'>γὰρ</span> <span class='ocrx_word' id='word_1_566' title='bbox 1409 4543 1746 4622; x_wconf 81' lang='grc' dir='ltr'>φαντάζεται·</span> <span class='ocrx_word' id='word_1_567' title='bbox 1808 4545 1932 4598; x_wconf 76' lang='grc' dir='ltr'>ὅταν</span> 
     </span>
    </p>
   </div>
   <div class='ocr_carea' id='block_1_77' title="bbox 260 4631 1935 4709">
    <p class='ocr_par' dir='ltr' id='par_1_77' title="bbox 260 4631 1935 4709">
     <span class='ocr_line' id='line_1_78' title="bbox 260 4631 1935 4709; baseline -0.002 -18"><span class='ocrx_word' id='word_1_568' title='bbox 260 4634 322 4691; x_wconf 66' lang='grc' dir='ltr'>δὲ</span> <span class='ocrx_word' id='word_1_569' title='bbox 357 4631 613 4702; x_wconf 78' lang='grc' dir='ltr'>θεοειδὴς</span> <span class='ocrx_word' id='word_1_570' title='bbox 644 4634 894 4709; x_wconf 84' lang='grc' dir='ltr'>γένητάι,</span> <span class='ocrx_word' id='word_1_571' title='bbox 937 4635 1326 4707; x_wconf 81' lang='grc' dir='ltr'>προκύπτουσα</span> <span class='ocrx_word' id='word_1_572' title='bbox 1379 4639 1501 4698; x_wconf 89' lang='grc' dir='ltr'>ταῖς</span> <span class='ocrx_word' id='word_1_573' title='bbox 1547 4634 1684 4689; x_wconf 87' lang='grc' dir='ltr'>κατά</span> <span class='ocrx_word' id='word_1_574' title='bbox 1741 4633 1935 4706; x_wconf 85' lang='grc' dir='ltr'>μικρὸν</span> 
     </span>
    </p>
   </div>
   <div class='ocr_carea' id='block_1_78' title="bbox 257 4693 2016 4800">
    <p class='ocr_par' dir='ltr' id='par_1_78' title="bbox 257 4693 2016 4800">
     <span class='ocr_line' id='line_1_79' title="bbox 257 4693 2016 4800; baseline -0.002 -20"><span class='ocrx_word' id='word_1_575' title='bbox 257 4725 584 4796; x_wconf 79' lang='grc' dir='ltr'>ἀνατάσεσι,</span> <span class='ocrx_word' id='word_1_576' title='bbox 614 4723 706 4778; x_wconf 82' lang='grc' dir='ltr'>καὶ</span> <span class='ocrx_word' id='word_1_577' title='bbox 768 4719 840 4778; x_wconf 88' lang='grc' dir='ltr'>δι’</span> <span class='ocrx_word' id='word_1_578' title='bbox 886 4723 1138 4786; x_wconf 83' lang='grc' dir='ltr'>ένώσεως</span> <span class='ocrx_word' id='word_1_579' title='bbox 1171 4724 1448 4800; x_wconf 84' lang='grc' dir='ltr'>ἀγνώστου</span> <span class='ocrx_word' id='word_1_580' title='bbox 1477 4724 1613 4799; x_wconf 89' lang='grc' dir='ltr'>πρὸς</span> <span class='ocrx_word' id='word_1_581' title='bbox 1644 4723 1706 4778; x_wconf 87' lang='grc' dir='ltr'>τὸ</span> <span class='ocrx_word' id='word_1_582' title='bbox 1736 4722 1939 4798; x_wconf 83' lang='grc' dir='ltr'>ἀπρόσ·</span> <span class='ocrx_word' id='word_1_583' title='bbox 1970 4693 2016 4758; x_wconf 83' lang='lat' dir='ltr'><strong>D</strong></span> 
     </span>
    </p>
   </div>
   <div class='ocr_carea' id='block_1_79' title="bbox 265 4806 1939 4892">
    <p class='ocr_par' dir='ltr' id='par_1_79' title="bbox 265 4806 1939 4892">
     <span class='ocr_line' id='line_1_80' title="bbox 265 4806 1939 4892; baseline -0.002 -24"><span class='ocrx_word' id='word_1_584' title='bbox 265 4836 383 4870; x_wconf 89' lang='grc' dir='ltr'>ιτον</span> <span class='ocrx_word' id='word_1_585' title='bbox 447 4818 566 4892; x_wconf 77' lang='grc' dir='ltr'>φῶς</span> <span class='ocrx_word' id='word_1_586' title='bbox 616 4813 712 4876; x_wconf 75' lang='grc' dir='ltr'>τὰς</span> <span class='ocrx_word' id='word_1_587' title='bbox 746 4806 1012 4875; x_wconf 77' lang='grc' dir='ltr'>ἐπιϐολὰς</span> <span class='ocrx_word' id='word_1_588' title='bbox 1063 4809 1192 4888; x_wconf 80' lang='grc' dir='ltr'>ἔχῃ,</span> <span class='ocrx_word' id='word_1_589' title='bbox 1252 4813 1373 4868; x_wconf 90' lang='grc' dir='ltr'>τότε</span> <span class='ocrx_word' id='word_1_590' title='bbox 1425 4813 1514 4868; x_wconf 80' lang='grc' dir='ltr'>καὶ</span> <span class='ocrx_word' id='word_1_591' title='bbox 1564 4813 1620 4867; x_wconf 76' lang='grc' dir='ltr'>αἱ</span> <span class='ocrx_word' id='word_1_592' title='bbox 1671 4811 1863 4882; x_wconf 85' lang='grc' dir='ltr'>νοηταὶ</span> <span class='ocrx_word' id='word_1_593' title='bbox 1895 4813 1939 4848; x_wconf 77' lang='grc'>⁸⁷</span> 
     </span>
    </p>
   </div>
   <div class='ocr_carea' id='block_1_80' title="bbox 262 4897 1934 4979">
    <p class='ocr_par' dir='ltr' id='par_1_80' title="bbox 262 4897 1934 4979">
     <span class='ocr_line' id='line_1_81' title="bbox 262 4897 1934 4979; baseline -0.002 -21"><span class='ocrx_word' id='word_1_594' title='bbox 262 4903 534 4979; x_wconf 70' lang='grc' dir='ltr'>ἐνέργειαι</span> <span class='ocrx_word' id='word_1_595' title='bbox 583 4900 833 4977; x_wconf 83' lang='grc' dir='ltr'>περιτταί</span> <span class='ocrx_word' id='word_1_596' title='bbox 891 4899 1045 4970; x_wconf 83' lang='grc' dir='ltr'>εἰσιν,</span> <span class='ocrx_word' id='word_1_597' title='bbox 1100 4902 1175 4964; x_wconf 84' lang='grc' dir='ltr'>ὡς</span> <span class='ocrx_word' id='word_1_598' title='bbox 1224 4903 1313 4957; x_wconf 86' lang='grc' dir='ltr'>καὶ</span> <span class='ocrx_word' id='word_1_599' title='bbox 1367 4901 1646 4972; x_wconf 78' lang='grc' dir='ltr'>αἰσθήσεις</span> <span class='ocrx_word' id='word_1_600' title='bbox 1681 4948 1693 4972; x_wconf 88' lang='grc'>,</span> <span class='ocrx_word' id='word_1_601' title='bbox 1745 4897 1934 4970; x_wconf 68' lang='grc' dir='ltr'>ἐπειδὴ</span> 
     </span>
    </p>
   </div>
   <div class='ocr_carea' id='block_1_81' title="bbox 259 4988 1940 5067">
    <p class='ocr_par' dir='ltr' id='par_1_81' title="bbox 259 4988 1940 5067">
     <span class='ocr_line' id='line_1_82' title="bbox 259 4988 1940 5067; baseline -0.003 -19"><span class='ocrx_word' id='word_1_602' title='bbox 259 4993 332 5048; x_wconf 67' lang='grc' dir='ltr'>⁸τὰ</span> <span class='ocrx_word' id='word_1_603' title='bbox 369 4991 690 5067; x_wconf 78' lang='grc' dir='ltr'>ὑψηλότερα</span> <span class='ocrx_word' id='word_1_604' title='bbox 707 4989 918 5046; x_wconf 81' lang='grc' dir='ltr'>τούτων</span> <span class='ocrx_word' id='word_1_605' title='bbox 952 4993 986 5060; x_wconf 82' lang='grc' dir='ltr'><strong>ἡ</strong></span> <span class='ocrx_word' id='word_1_606' title='bbox 1021 4993 1180 5066; x_wconf 79' lang='grc' dir='ltr'>ψυχὴ</span> <span class='ocrx_word' id='word_1_607' title='bbox 1216 4988 1536 5060; x_wconf 83' lang='grc' dir='ltr'>διανοεῖται,</span> <span class='ocrx_word' id='word_1_608' title='bbox 1569 4989 1767 5046; x_wconf 85' lang='grc' dir='ltr'>λοιπὸν</span> <span class='ocrx_word' id='word_1_609' title='bbox 1799 4991 1940 5059; x_wconf 80' lang='grc' dir='ltr'>ἠνω-</span> 
     </span>
    </p>
   </div>
   <div class='ocr_carea' id='block_1_82' title="bbox 262 5079 1936 5159">
    <p class='ocr_par' dir='ltr' id='par_1_82' title="bbox 262 5079 1936 5159">
     <span class='ocr_line' id='line_1_83' title="bbox 262 5079 1936 5159; baseline -0.002 -20"><span class='ocrx_word' id='word_1_610' title='bbox 262 5085 408 5159; x_wconf 82' lang='grc' dir='ltr'>μένη</span> <span class='ocrx_word' id='word_1_611' title='bbox 441 5087 578 5154; x_wconf 78' lang='grc' dir='ltr'>Θεῷ·</span> <span class='ocrx_word' id='word_1_612' title='bbox 613 5083 738 5137; x_wconf 77' lang='grc' dir='ltr'>ὅταν</span> <span class='ocrx_word' id='word_1_613' title='bbox 790 5079 848 5136; x_wconf 72' lang='grc' dir='ltr'>δὲ</span> <span class='ocrx_word' id='word_1_614' title='bbox 905 5083 1046 5155; x_wconf 75' lang='grc' dir='ltr'>ὁμοῦ</span> <span class='ocrx_word' id='word_1_615' title='bbox 1105 5081 1435 5159; x_wconf 87' lang='grc' dir='ltr'>χαμαίζηλα</span> <span class='ocrx_word' id='word_1_616' title='bbox 1485 5085 1782 5157; x_wconf 78' lang='grc' dir='ltr'>φαντασθῇ,</span> <span class='ocrx_word' id='word_1_617' title='bbox 1844 5081 1936 5135; x_wconf 88' lang='grc' dir='ltr'>καὶ</span> 
     </span>
    </p>
   </div>
   <div class='ocr_carea' id='block_1_83' title="bbox 254 5160 1939 5249">
    <p class='ocr_par' dir='ltr' id='par_1_83' title="bbox 254 5168 1939 5249">
     <span class='ocr_line' id='line_1_84' title="bbox 254 5168 1939 5249; baseline -0.004 -19"><span class='ocrx_word' id='word_1_618' title='bbox 254 5173 390 5249; x_wconf 85' lang='grc' dir='ltr'>περί</span> <span class='ocrx_word' id='word_1_619' title='bbox 419 5193 569 5234; x_wconf 89' lang='grc' dir='ltr'>τινος</span> <span class='ocrx_word' id='word_1_620' title='bbox 598 5176 708 5226; x_wconf 87' lang='grc' dir='ltr'>τῶν</span> <span class='ocrx_word' id='word_1_621' title='bbox 740 5173 1012 5243; x_wconf 75' lang='grc' dir='ltr'>αἱσθητῶν</span> <span class='ocrx_word' id='word_1_622' title='bbox 1046 5191 1251 5246; x_wconf 77' lang='grc' dir='ltr'>σπευσῃ</span> <span class='ocrx_word' id='word_1_623' title='bbox 1283 5179 1603 5243; x_wconf 78' lang='grc' dir='ltr'>κινηθῆναι,</span> <span class='ocrx_word' id='word_1_624' title='bbox 1637 5169 1761 5226; x_wconf 86' lang='grc' dir='ltr'>τότε</span> <span class='ocrx_word' id='word_1_625' title='bbox 1810 5168 1939 5232; x_wconf 76' lang='grc' dir='ltr'>τοὺς</span> 
     </span>
    </p>
   </div>
   <div class='ocr_carea' id='block_1_84' title="bbox 265 5259 1938 5342">
    <p class='ocr_par' dir='ltr' id='par_1_84' title="bbox 265 5259 1938 5342">
     <span class='ocr_line' id='line_1_85' title="bbox 265 5259 1938 5342; baseline -0.002 -24"><span class='ocrx_word' id='word_1_626' title='bbox 265 5259 638 5342; x_wconf 76' lang='grc' dir='ltr'>σαφεστέρους</span> <span class='ocrx_word' id='word_1_627' title='bbox 669 5259 873 5338; x_wconf 87' lang='grc' dir='ltr'>λόγους</span> <span class='ocrx_word' id='word_1_628' title='bbox 903 5259 994 5316; x_wconf 80' lang='grc' dir='ltr'>καὶ</span> <span class='ocrx_word' id='word_1_629' title='bbox 1045 5261 1112 5316; x_wconf 78' lang='grc' dir='ltr'>τὰ</span> <span class='ocrx_word' id='word_1_630' title='bbox 1155 5261 1452 5338; x_wconf 85' lang='grc' dir='ltr'>τρανότερα</span> <span class='ocrx_word' id='word_1_631' title='bbox 1496 5264 1610 5316; x_wconf 86' lang='grc' dir='ltr'>τῶν</span> <span class='ocrx_word' id='word_1_632' title='bbox 1659 5261 1868 5337; x_wconf 87' lang='grc' dir='ltr'>ὁρατῶν</span> <span class='ocrx_word' id='word_1_633' title='bbox 1891 5259 1938 5296; x_wconf 76' lang='grc'>⁸⁸</span> 
     </span>
    </p>
   </div>
   <div class='ocr_carea' id='block_1_85' title="bbox 268 5351 734 5430">
    <p class='ocr_par' dir='ltr' id='par_1_85' title="bbox 268 5351 734 5430">
     <span class='ocr_line' id='line_1_86' title="bbox 268 5351 734 5430; baseline 0.002 -23"><span class='ocrx_word' id='word_1_634' title='bbox 268 5353 390 5430; x_wconf 78' lang='grc' dir='ltr'>χρὴ</span> <span class='ocrx_word' id='word_1_635' title='bbox 425 5351 734 5423; x_wconf 79' lang='grc' dir='ltr'>ἐπιζητεῖν.</span> 
     </span>
    </p>
   </div>
   <div class='ocr_carea' id='block_1_86' title="bbox 346 5495 853 5572">
    <p class='ocr_par' dir='ltr' id='par_1_86' title="bbox 346 5495 853 5572">
     <span class='ocr_line' id='line_1_87' title="bbox 346 5495 853 5572; baseline 0.002 -17"><span class='ocrx_word' id='word_1_636' title='bbox 346 5499 432 5572; x_wconf 87' lang='lat' dir='ltr'>(a)</span> <span class='ocrx_word' id='word_1_637' title='bbox 461 5498 639 5557; x_wconf 84' lang='lat' dir='ltr'>Joan.</span> <span class='ocrx_word' id='word_1_638' title='bbox 669 5513 728 5565; x_wconf 88' lang='lat' dir='ltr'>v,</span> <span class='ocrx_word' id='word_1_639' title='bbox 762 5495 853 5556; x_wconf 90' lang='grc'>17.</span> 
     </span>
    </p>
   </div>
   <div class='ocr_carea' id='block_1_87' title="bbox 2031 3385 3578 3458">
    <p class='ocr_par' dir='ltr' id='par_1_87' title="bbox 2031 3385 3578 3458">
     <span class='ocr_line' id='line_1_88' title="bbox 2031 3385 3578 3458; baseline -0.001 -14"><span class='ocrx_word' id='word_1_640' title='bbox 2031 3389 2424 3446; x_wconf 85' lang='lat' dir='ltr'>institutionis</span> <span class='ocrx_word' id='word_1_641' title='bbox 2451 3405 2651 3444; x_wconf 86' lang='lat' dir='ltr'>earum</span> <span class='ocrx_word' id='word_1_642' title='bbox 2678 3405 2692 3455; x_wconf 90' lang='lat'><strong>;</strong></span> <span class='ocrx_word' id='word_1_643' title='bbox 2727 3386 2921 3442; x_wconf 88' lang='lat' dir='ltr'>divine</span> <span class='ocrx_word' id='word_1_644' title='bbox 2952 3385 3111 3442; x_wconf 89' lang='lat' dir='ltr'>enim</span> <span class='ocrx_word' id='word_1_645' title='bbox 3157 3386 3289 3458; x_wconf 87' lang='lat' dir='ltr'>ipsa</span> <span class='ocrx_word' id='word_1_646' title='bbox 3318 3386 3578 3458; x_wconf 83' lang='lat' dir='ltr'>exponit.</span> 
     </span>
    </p>
   </div>
   <div class='ocr_carea' id='block_1_88' title="bbox 2106 3475 3689 3549">
    <p class='ocr_par' dir='ltr' id='par_1_88' title="bbox 2106 3475 3689 3549">
     <span class='ocr_line' id='line_1_89' title="bbox 2106 3475 3689 3549; baseline -0.001 -17"><span class='ocrx_word' id='word_1_647' title='bbox 2106 3480 2210 3534; x_wconf 87' lang='lat' dir='ltr'>Per</span> <span class='ocrx_word' id='word_1_648' title='bbox 2237 3477 2352 3533; x_wconf 77' lang='lat' dir='ltr'>alia</span> <span class='ocrx_word' id='word_1_649' title='bbox 2381 3476 2918 3549; x_wconf 54' lang='lat' dir='ltr'>mquivalentiaﬂos</span> <span class='ocrx_word' id='word_1_650' title='bbox 2947 3475 3191 3531; x_wconf 90' lang='lat' dir='ltr'>minime</span> <span class='ocrx_word' id='word_1_651' title='bbox 3223 3475 3518 3547; x_wconf 91' lang='lat' dir='ltr'>prohiberi</span> <span class='ocrx_word' id='word_1_652' title='bbox 3539 3492 3689 3547; x_wconf 91' lang='lat' dir='ltr'>quo-</span> 
     </span>
    </p>
   </div>
   <div class='ocr_carea' id='block_1_89' title="bbox 2035 3564 3692 3638">
    <p class='ocr_par' dir='ltr' id='par_1_89' title="bbox 2035 3564 3692 3638">
     <span class='ocr_line' id='line_1_90' title="bbox 2035 3564 3692 3638; baseline -0.002 -16"><span class='ocrx_word' id='word_1_653' title='bbox 2035 3567 2236 3623; x_wconf 86' lang='lat' dir='ltr'>minus</span> <span class='ocrx_word' id='word_1_654' title='bbox 2266 3566 2554 3622; x_wconf 88' lang='lat' dir='ltr'>dictiones</span> <span class='ocrx_word' id='word_1_655' title='bbox 2585 3565 2817 3638; x_wconf 89' lang='lat' dir='ltr'>aliquas</span> <span class='ocrx_word' id='word_1_656' title='bbox 2859 3582 2963 3638; x_wconf 89' lang='lat' dir='ltr'>per</span> <span class='ocrx_word' id='word_1_657' title='bbox 2993 3564 3139 3620; x_wconf 89' lang='lat' dir='ltr'>alias</span> <span class='ocrx_word' id='word_1_658' title='bbox 3169 3565 3324 3620; x_wconf 91' lang='lat' dir='ltr'>idem</span> <span class='ocrx_word' id='word_1_659' title='bbox 3359 3565 3692 3636; x_wconf 81' lang='lat' dir='ltr'>signiﬁcan-</span> 
     </span>
    </p>
   </div>
   <div class='ocr_carea' id='block_1_90' title="bbox 2035 3649 3687 3728">
    <p class='ocr_par' dir='ltr' id='par_1_90' title="bbox 2035 3649 3687 3728">
     <span class='ocr_line' id='line_1_91' title="bbox 2035 3649 3687 3728; baseline -0.001 -16"><span class='ocrx_word' id='word_1_660' title='bbox 2035 3661 2122 3713; x_wconf 92' lang='lat' dir='ltr'>tes</span> <span class='ocrx_word' id='word_1_661' title='bbox 2147 3656 2538 3728; x_wconf 76' lang='lat' dir='ltr'>proferamus.</span> <span class='ocrx_word' id='word_1_662' title='bbox 2559 3655 2730 3727; x_wconf 91' lang='lat' dir='ltr'>[Nota</span> <span class='ocrx_word' id='word_1_663' title='bbox 2751 3655 2908 3728; x_wconf 88' lang='lat' dir='ltr'>quod</span> <span class='ocrx_word' id='word_1_664' title='bbox 2931 3650 3171 3727; x_wconf 88' lang='grc' dir='ltr'>μητρίδα</span> <span class='ocrx_word' id='word_1_665' title='bbox 3193 3657 3250 3709; x_wconf 85' lang='lat' dir='ltr'>et</span> <span class='ocrx_word' id='word_1_666' title='bbox 3269 3649 3507 3728; x_wconf 87' lang='grc' dir='ltr'>πατρίδα</span> <span class='ocrx_word' id='word_1_667' title='bbox 3529 3653 3687 3710; x_wconf 88' lang='lat' dir='ltr'>idem</span> 
     </span>
    </p>
   </div>
   <div class='ocr_carea' id='block_1_91' title="bbox 2037 3746 2227 3816">
    <p class='ocr_par' dir='ltr' id='par_1_91' title="bbox 2037 3746 2227 3816">
     <span class='ocr_line' id='line_1_92' title="bbox 2037 3746 2227 3816; baseline 0 -15"><span class='ocrx_word' id='word_1_668' title='bbox 2037 3746 2227 3816; x_wconf 91' lang='lat' dir='ltr'>dicit.]</span> 
     </span>
    </p>
   </div>
   <div class='ocr_carea' id='block_1_92' title="bbox 2111 3831 3694 3906">
    <p class='ocr_par' dir='ltr' id='par_1_92' title="bbox 2111 3831 3694 3906">
     <span class='ocr_line' id='line_1_93' title="bbox 2111 3831 3694 3906; baseline -0.003 -16"><span class='ocrx_word' id='word_1_669' title='bbox 2111 3835 2261 3890; x_wconf 81' lang='lat' dir='ltr'>Scire</span> <span class='ocrx_word' id='word_1_670' title='bbox 2290 3837 2647 3906; x_wconf 80' lang='lat' dir='ltr'>oportet.Cur</span> <span class='ocrx_word' id='word_1_671' title='bbox 2679 3832 2924 3906; x_wconf 82' lang='lat' dir='ltr'>syllabis</span> <span class='ocrx_word' id='word_1_672' title='bbox 2941 3837 2999 3888; x_wconf 90' lang='lat' dir='ltr'>et</span> <span class='ocrx_word' id='word_1_673' title='bbox 3029 3831 3388 3888; x_wconf 88' lang='lat' dir='ltr'>dictionibus</span> <span class='ocrx_word' id='word_1_674' title='bbox 3413 3835 3654 3887; x_wconf 87' lang='lat' dir='ltr'>utamur</span> <span class='ocrx_word' id='word_1_675' title='bbox 3678 3847 3694 3899; x_wconf 86' lang='lat'><strong>;</strong></span> 
     </span>
    </p>
   </div>
   <div class='ocr_carea' id='block_1_93' title="bbox 2039 3919 3692 3988">
    <p class='ocr_par' dir='ltr' id='par_1_93' title="bbox 2039 3919 3692 3988">
     <span class='ocr_line' id='line_1_94' title="bbox 2039 3919 3692 3988; baseline -0.002 -8"><span class='ocrx_word' id='word_1_676' title='bbox 2039 3924 2349 3980; x_wconf 82' lang='lat' dir='ltr'>considera</span> <span class='ocrx_word' id='word_1_677' title='bbox 2365 3923 2865 3988; x_wconf 85' lang='lat' dir='ltr'>lectionem.0uod</span> <span class='ocrx_word' id='word_1_678' title='bbox 2897 3927 3095 3978; x_wconf 87' lang='lat' dir='ltr'>autem</span> <span class='ocrx_word' id='word_1_679' title='bbox 3110 3920 3236 3976; x_wconf 91' lang='lat' dir='ltr'>vult</span> <span class='ocrx_word' id='word_1_680' title='bbox 3255 3919 3531 3986; x_wconf 89' lang='lat' dir='ltr'>dicere,id</span> <span class='ocrx_word' id='word_1_681' title='bbox 3563 3924 3653 3975; x_wconf 87' lang='lat' dir='ltr'>est</span> <span class='ocrx_word' id='word_1_682' title='bbox 3678 3937 3692 3976; x_wconf 89' lang='lat'><strong>:</strong></span> 
     </span>
    </p>
   </div>
   <div class='ocr_carea' id='block_1_94' title="bbox 2040 4009 3695 4085">
    <p class='ocr_par' dir='ltr' id='par_1_94' title="bbox 2040 4009 3695 4085">
     <span class='ocr_line' id='line_1_95' title="bbox 2040 4009 3695 4085; baseline -0.002 -16"><span class='ocrx_word' id='word_1_683' title='bbox 2040 4013 2276 4085; x_wconf 91' lang='lat' dir='ltr'>quando</span> <span class='ocrx_word' id='word_1_684' title='bbox 2308 4028 2640 4069; x_wconf 89' lang='lat' dir='ltr'>sermonem</span> <span class='ocrx_word' id='word_1_685' title='bbox 2667 4010 3454 4083; x_wconf 83' lang='lat' dir='ltr'>pronuntiamus,movemus</span> <span class='ocrx_word' id='word_1_686' title='bbox 3473 4025 3608 4064; x_wconf 89' lang='lat' dir='ltr'>eum</span> <span class='ocrx_word' id='word_1_687' title='bbox 3624 4009 3695 4066; x_wconf 89' lang='lat' dir='ltr'>de</span> 
     </span>
    </p>
   </div>
   <div class='ocr_carea' id='block_1_95' title="bbox 2041 4097 3697 4174">
    <p class='ocr_par' dir='ltr' id='par_1_95' title="bbox 2041 4097 3697 4174">
     <span class='ocr_line' id='line_1_96' title="bbox 2041 4097 3697 4174; baseline -0.003 -15"><span class='ocrx_word' id='word_1_688' title='bbox 2041 4101 2244 4159; x_wconf 89' lang='lat' dir='ltr'>sensili</span> <span class='ocrx_word' id='word_1_689' title='bbox 2278 4101 2494 4174; x_wconf 87' lang='lat' dir='ltr'>aliquo,</span> <span class='ocrx_word' id='word_1_690' title='bbox 2528 4100 2681 4158; x_wconf 71' lang='lat' dir='ltr'>I38</span> <span class='ocrx_word' id='word_1_691' title='bbox 2712 4104 2836 4156; x_wconf 87' lang='lat' dir='ltr'>tum</span> <span class='ocrx_word' id='word_1_692' title='bbox 2864 4099 3222 4156; x_wconf 87' lang='lat' dir='ltr'>dictionibus</span> <span class='ocrx_word' id='word_1_693' title='bbox 3280 4104 3337 4154; x_wconf 89' lang='lat' dir='ltr'>et</span> <span class='ocrx_word' id='word_1_694' title='bbox 3367 4097 3609 4170; x_wconf 81' lang='lat' dir='ltr'>syllabis</span> <span class='ocrx_word' id='word_1_695' title='bbox 3639 4102 3697 4154; x_wconf 86' lang='lat' dir='ltr'>et</span> 
     </span>
    </p>
   </div>
   <div class='ocr_carea' id='block_1_96' title="bbox 2041 4186 3698 4262">
    <p class='ocr_par' dir='ltr' id='par_1_96' title="bbox 2041 4186 3698 4262">
     <span class='ocr_line' id='line_1_97' title="bbox 2041 4186 3698 4262; baseline -0.004 -14"><span class='ocrx_word' id='word_1_696' title='bbox 2041 4190 2349 4249; x_wconf 85' lang='lat' dir='ltr'>elementis</span> <span class='ocrx_word' id='word_1_697' title='bbox 2379 4194 2436 4245; x_wconf 88' lang='lat' dir='ltr'>et</span> <span class='ocrx_word' id='word_1_698' title='bbox 2467 4190 2763 4262; x_wconf 88' lang='lat' dir='ltr'>scriptura</span> <span class='ocrx_word' id='word_1_699' title='bbox 2785 4188 3122 4260; x_wconf 84' lang='lat' dir='ltr'>indigemus</span> <span class='ocrx_word' id='word_1_700' title='bbox 3153 4188 3224 4243; x_wconf 89' lang='lat' dir='ltr'>ad</span> <span class='ocrx_word' id='word_1_701' title='bbox 3255 4188 3385 4259; x_wconf 81' lang='lat' dir='ltr'>eius</span> <span class='ocrx_word' id='word_1_702' title='bbox 3417 4187 3570 4258; x_wconf 92' lang='lat' dir='ltr'>quod</span> <span class='ocrx_word' id='word_1_703' title='bbox 3601 4186 3698 4242; x_wconf 90' lang='lat' dir='ltr'>di-</span> 
     </span>
    </p>
   </div>
   <div class='ocr_carea' id='block_1_97' title="bbox 2043 4276 3696 4349">
    <p class='ocr_par' dir='ltr' id='par_1_97' title="bbox 2043 4276 3696 4349">
     <span class='ocr_line' id='line_1_98' title="bbox 2043 4276 3696 4349; baseline -0.003 -12"><span class='ocrx_word' id='word_1_704' title='bbox 2043 4281 2194 4337; x_wconf 86' lang='lat' dir='ltr'>citur</span> <span class='ocrx_word' id='word_1_705' title='bbox 2225 4278 2680 4336; x_wconf 82' lang='lat' dir='ltr'>declarationem</span> <span class='ocrx_word' id='word_1_706' title='bbox 2707 4296 2722 4349; x_wconf 86' lang='lat'><strong>;</strong></span> <span class='ocrx_word' id='word_1_707' title='bbox 2745 4278 2794 4334; x_wconf 90' lang='lat' dir='ltr'>si</span> <span class='ocrx_word' id='word_1_708' title='bbox 2812 4293 2947 4333; x_wconf 87' lang='lat' dir='ltr'>vero</span> <span class='ocrx_word' id='word_1_709' title='bbox 2979 4277 3177 4334; x_wconf 89' lang='lat' dir='ltr'>anima</span> <span class='ocrx_word' id='word_1_710' title='bbox 3207 4293 3241 4331; x_wconf 91' lang='lat' dir='ltr'>a</span> <span class='ocrx_word' id='word_1_711' title='bbox 3270 4293 3334 4332; x_wconf 87' lang='lat' dir='ltr'>se</span> <span class='ocrx_word' id='word_1_712' title='bbox 3364 4277 3493 4349; x_wconf 84' lang='lat' dir='ltr'>ipsa</span> <span class='ocrx_word' id='word_1_713' title='bbox 3509 4276 3580 4332; x_wconf 93' lang='lat' dir='ltr'>ad</span> <span class='ocrx_word' id='word_1_714' title='bbox 3604 4276 3696 4332; x_wconf 89' lang='lat' dir='ltr'>in-</span> 
     </span>
    </p>
   </div>
   <div class='ocr_carea' id='block_1_98' title="bbox 2041 4365 3698 4442">
    <p class='ocr_par' dir='ltr' id='par_1_98' title="bbox 2041 4365 3698 4442">
     <span class='ocr_line' id='line_1_99' title="bbox 2041 4365 3698 4442; baseline -0.002 -17"><span class='ocrx_word' id='word_1_715' title='bbox 2041 4369 2374 4442; x_wconf 87' lang='lat' dir='ltr'>telligibilia</span> <span class='ocrx_word' id='word_1_716' title='bbox 2404 4373 2673 4424; x_wconf 86' lang='lat' dir='ltr'>movetur</span> <span class='ocrx_word' id='word_1_717' title='bbox 2701 4368 2764 4422; x_wconf 94' lang='lat' dir='ltr'>in</span> <span class='ocrx_word' id='word_1_718' title='bbox 2795 4367 2970 4424; x_wconf 89' lang='lat' dir='ltr'>rectis</span> <span class='ocrx_word' id='word_1_719' title='bbox 2992 4365 3453 4438; x_wconf 86' lang='lat' dir='ltr'>operationibus,</span> <span class='ocrx_word' id='word_1_720' title='bbox 3489 4382 3698 4438; x_wconf 88' lang='lat' dir='ltr'>super-</span> 
     </span>
    </p>
   </div>
   <div class='ocr_carea' id='block_1_99' title="bbox 2043 4453 3698 4523">
    <p class='ocr_par' dir='ltr' id='par_1_99' title="bbox 2043 4453 3698 4523">
     <span class='ocr_line' id='line_1_100' title="bbox 2043 4453 3698 4523; baseline -0.004 -9"><span class='ocrx_word' id='word_1_721' title='bbox 2043 4459 2148 4514; x_wconf 88' lang='lat' dir='ltr'>ﬂui</span> <span class='ocrx_word' id='word_1_722' title='bbox 2181 4463 2322 4514; x_wconf 89' lang='lat' dir='ltr'>sunt</span> <span class='ocrx_word' id='word_1_723' title='bbox 2348 4474 2483 4513; x_wconf 91' lang='lat' dir='ltr'>cum</span> <span class='ocrx_word' id='word_1_724' title='bbox 2543 4455 2864 4512; x_wconf 90' lang='lat' dir='ltr'>sensilibus</span> <span class='ocrx_word' id='word_1_725' title='bbox 2923 4471 3137 4511; x_wconf 88' lang='lat' dir='ltr'>sensus</span> <span class='ocrx_word' id='word_1_726' title='bbox 3169 4474 3182 4523; x_wconf 86' lang='lat'><strong>;</strong></span> <span class='ocrx_word' id='word_1_727' title='bbox 3231 4453 3512 4511; x_wconf 89' lang='lat' dir='ltr'>sublimia</span> <span class='ocrx_word' id='word_1_728' title='bbox 3539 4453 3698 4508; x_wconf 90' lang='lat' dir='ltr'>enim</span> 
     </span>
    </p>
   </div>
   <div class='ocr_carea' id='block_1_100' title="bbox 2046 4540 3698 4619">
    <p class='ocr_par' dir='ltr' id='par_1_100' title="bbox 2046 4540 3698 4619">
     <span class='ocr_line' id='line_1_101' title="bbox 2046 4540 3698 4619; baseline -0.004 -17"><span class='ocrx_word' id='word_1_729' title='bbox 2046 4547 2436 4619; x_wconf 88' lang='lat' dir='ltr'>imaginatur:</span> <span class='ocrx_word' id='word_1_730' title='bbox 2471 4544 2707 4616; x_wconf 89' lang='lat' dir='ltr'>quando</span> <span class='ocrx_word' id='word_1_731' title='bbox 2745 4547 2939 4599; x_wconf 88' lang='lat' dir='ltr'>autem</span> <span class='ocrx_word' id='word_1_732' title='bbox 2974 4543 3068 4598; x_wconf 91' lang='lat' dir='ltr'>Dei</span> <span class='ocrx_word' id='word_1_733' title='bbox 3099 4541 3314 4598; x_wconf 87' lang='lat' dir='ltr'>similis</span> <span class='ocrx_word' id='word_1_734' title='bbox 3347 4541 3549 4597; x_wconf 80' lang='lat' dir='ltr'>sﬂ‘ecta</span> <span class='ocrx_word' id='word_1_735' title='bbox 3569 4540 3698 4596; x_wconf 87' lang='lat' dir='ltr'>fue-</span> 
     </span>
    </p>
   </div>
   <div class='ocr_carea' id='block_1_101' title="bbox 2047 4630 3700 4704">
    <p class='ocr_par' dir='ltr' id='par_1_101' title="bbox 2047 4630 3700 4704">
     <span class='ocr_line' id='line_1_102' title="bbox 2047 4630 3700 4704; baseline -0.002 -14"><span class='ocrx_word' id='word_1_736' title='bbox 2047 4636 2124 4690; x_wconf 92' lang='lat' dir='ltr'>rit</span> <span class='ocrx_word' id='word_1_737' title='bbox 2180 4634 2603 4692; x_wconf 88' lang='lat' dir='ltr'>elevationibus</span> <span class='ocrx_word' id='word_1_738' title='bbox 2661 4631 2947 4704; x_wconf 86' lang='lat' dir='ltr'>paulatim</span> <span class='ocrx_word' id='word_1_739' title='bbox 3009 4630 3344 4702; x_wconf 86' lang='lat' dir='ltr'>proﬁciens,</span> <span class='ocrx_word' id='word_1_740' title='bbox 3397 4633 3571 4701; x_wconf 88' lang='lat' dir='ltr'>atque</span> <span class='ocrx_word' id='word_1_741' title='bbox 3595 4646 3700 4702; x_wconf 83' lang='lat' dir='ltr'>per</span> 
     </span>
    </p>
   </div>
   <div class='ocr_carea' id='block_1_102' title="bbox 2047 4718 3700 4797">
    <p class='ocr_par' dir='ltr' id='par_1_102' title="bbox 2047 4718 3700 4797">
     <span class='ocr_line' id='line_1_103' title="bbox 2047 4718 3700 4797; baseline -0.004 -17"><span class='ocrx_word' id='word_1_742' title='bbox 2047 4725 2309 4797; x_wconf 88' lang='lat' dir='ltr'>ignotam</span> <span class='ocrx_word' id='word_1_743' title='bbox 2342 4722 2666 4779; x_wconf 90' lang='lat' dir='ltr'>unitionem</span> <span class='ocrx_word' id='word_1_744' title='bbox 2697 4720 3124 4776; x_wconf 89' lang='lat' dir='ltr'>intellectiones</span> <span class='ocrx_word' id='word_1_745' title='bbox 3155 4719 3373 4776; x_wconf 88' lang='lat' dir='ltr'>suasin</span> <span class='ocrx_word' id='word_1_746' title='bbox 3403 4718 3700 4775; x_wconf 83' lang='lat' dir='ltr'>inaccesso</span> 
     </span>
    </p>
   </div>
   <div class='ocr_carea' id='block_1_103' title="bbox 2048 4806 3704 4880">
    <p class='ocr_par' dir='ltr' id='par_1_103' title="bbox 2048 4806 3704 4880">
     <span class='ocr_line' id='line_1_104' title="bbox 2048 4806 3704 4880; baseline -0.004 -12"><span class='ocrx_word' id='word_1_747' title='bbox 2048 4813 2275 4869; x_wconf 89' lang='lat' dir='ltr'>lumine</span> <span class='ocrx_word' id='word_1_748' title='bbox 2305 4811 2610 4878; x_wconf 87' lang='lat' dir='ltr'>habuerit;</span> <span class='ocrx_word' id='word_1_749' title='bbox 2639 4814 2766 4865; x_wconf 89' lang='lat' dir='ltr'>tum</span> <span class='ocrx_word' id='word_1_750' title='bbox 2791 4809 2965 4864; x_wconf 87' lang='lat' dir='ltr'>etiam</span> <span class='ocrx_word' id='word_1_751' title='bbox 2987 4806 3390 4880; x_wconf 87' lang='lat' dir='ltr'>intelligibiles</span> <span class='ocrx_word' id='word_1_752' title='bbox 3419 4807 3704 4879; x_wconf 89' lang='lat' dir='ltr'>operatio-</span> 
     </span>
    </p>
   </div>
   <div class='ocr_carea' id='block_1_104' title="bbox 2048 4893 3706 4972">
    <p class='ocr_par' dir='ltr' id='par_1_104' title="bbox 2048 4893 3706 4972">
     <span class='ocr_line' id='line_1_105' title="bbox 2048 4893 3706 4972; baseline -0.003 -16"><span class='ocrx_word' id='word_1_753' title='bbox 2048 4918 2151 4958; x_wconf 85' lang='lat' dir='ltr'>nes</span> <span class='ocrx_word' id='word_1_754' title='bbox 2191 4904 2332 4957; x_wconf 88' lang='lat' dir='ltr'>sunt</span> <span class='ocrx_word' id='word_1_755' title='bbox 2362 4899 2698 4972; x_wconf 74' lang='lat' dir='ltr'>superﬂuas,</span> <span class='ocrx_word' id='word_1_756' title='bbox 2731 4899 2886 4955; x_wconf 88' lang='lat' dir='ltr'>sicut</span> <span class='ocrx_word' id='word_1_757' title='bbox 2939 4901 2997 4954; x_wconf 84' lang='lat' dir='ltr'>et</span> <span class='ocrx_word' id='word_1_758' title='bbox 3029 4913 3262 4967; x_wconf 88' lang='lat' dir='ltr'>sensus,</span> <span class='ocrx_word' id='word_1_759' title='bbox 3300 4896 3578 4968; x_wconf 86' lang='lat' dir='ltr'>quoniam</span> <span class='ocrx_word' id='word_1_760' title='bbox 3610 4893 3706 4951; x_wconf 84' lang='lat' dir='ltr'>his</span> 
     </span>
    </p>
   </div>
   <div class='ocr_carea' id='block_1_105' title="bbox 2047 4983 3703 5060">
    <p class='ocr_par' dir='ltr' id='par_1_105' title="bbox 2047 4983 3703 5060">
     <span class='ocr_line' id='line_1_106' title="bbox 2047 4983 3703 5060; baseline -0.004 -14"><span class='ocrx_word' id='word_1_761' title='bbox 2047 4989 2397 5046; x_wconf 89' lang='lat' dir='ltr'>sublimiora</span> <span class='ocrx_word' id='word_1_762' title='bbox 2429 4987 2644 5060; x_wconf 82' lang='lat' dir='ltr'>cogitat</span> <span class='ocrx_word' id='word_1_763' title='bbox 2700 4988 2922 5056; x_wconf 85' lang='lat' dir='ltr'>anima,</span> <span class='ocrx_word' id='word_1_764' title='bbox 2985 4985 3262 5057; x_wconf 84' lang='lat' dir='ltr'>deinceps</span> <span class='ocrx_word' id='word_1_765' title='bbox 3323 4987 3435 5040; x_wconf 90' lang='lat' dir='ltr'>Deo</span> <span class='ocrx_word' id='word_1_766' title='bbox 3495 4983 3703 5053; x_wconf 88' lang='lat' dir='ltr'>unita;</span> 
     </span>
    </p>
   </div>
   <div class='ocr_carea' id='block_1_106' title="bbox 2048 5066 3789 5152">
    <p class='ocr_par' dir='ltr' id='par_1_106' title="bbox 2048 5066 3789 5152">
     <span class='ocr_line' id='line_1_107' title="bbox 2048 5066 3789 5152; baseline -0.006 -16"><span class='ocrx_word' id='word_1_767' title='bbox 2048 5079 2284 5152; x_wconf 88' lang='lat' dir='ltr'>quando</span> <span class='ocrx_word' id='word_1_768' title='bbox 2316 5083 2516 5135; x_wconf 89' lang='lat' dir='ltr'>autem</span> <span class='ocrx_word' id='word_1_769' title='bbox 2546 5077 2712 5132; x_wconf 91' lang='lat' dir='ltr'>humi</span> <span class='ocrx_word' id='word_1_770' title='bbox 2745 5076 3011 5147; x_wconf 82' lang='lat' dir='ltr'>repentis</span> <span class='ocrx_word' id='word_1_771' title='bbox 3027 5091 3129 5131; x_wconf 89' lang='lat' dir='ltr'>seu</span> <span class='ocrx_word' id='word_1_772' title='bbox 3162 5073 3465 5130; x_wconf 87' lang='lat' dir='ltr'>terrestria</span> <span class='ocrx_word' id='word_1_773' title='bbox 3493 5071 3705 5144; x_wconf 88' lang='lat' dir='ltr'>imagi-</span> <span class='ocrx_word' id='word_1_774' title='bbox 3783 5066 3789 5070; x_wconf 72' lang='grc'><em>’</em></span> 
     </span>
    </p>
   </div>
   <div class='ocr_carea' id='block_1_107' title="bbox 2050 5161 3705 5237">
    <p class='ocr_par' dir='ltr' id='par_1_107' title="bbox 2050 5161 3705 5237">
     <span class='ocr_line' id='line_1_108' title="bbox 2050 5161 3705 5237; baseline -0.005 -11"><span class='ocrx_word' id='word_1_775' title='bbox 2050 5174 2244 5236; x_wconf 91' lang='lat' dir='ltr'>natur,</span> <span class='ocrx_word' id='word_1_776' title='bbox 2276 5173 2335 5224; x_wconf 81' lang='lat' dir='ltr'>et</span> <span class='ocrx_word' id='word_1_777' title='bbox 2365 5168 2425 5224; x_wconf 91' lang='lat' dir='ltr'>in</span> <span class='ocrx_word' id='word_1_778' title='bbox 2449 5166 2652 5224; x_wconf 90' lang='lat' dir='ltr'>sensili</span> <span class='ocrx_word' id='word_1_779' title='bbox 2683 5166 2881 5237; x_wconf 89' lang='lat' dir='ltr'>aliquo</span> <span class='ocrx_word' id='word_1_780' title='bbox 2914 5163 3135 5220; x_wconf 89' lang='lat' dir='ltr'>moveri</span> <span class='ocrx_word' id='word_1_781' title='bbox 3168 5163 3392 5228; x_wconf 86' lang='lat' dir='ltr'>studet,</span> <span class='ocrx_word' id='word_1_782' title='bbox 3422 5164 3563 5218; x_wconf 85' lang='lat' dir='ltr'>tunc</span> <span class='ocrx_word' id='word_1_783' title='bbox 3586 5161 3705 5218; x_wconf 86' lang='lat' dir='ltr'>cla-</span> 
     </span>
    </p>
   </div>
   <div class='ocr_carea' id='block_1_108' title="bbox 2048 5251 3706 5325">
    <p class='ocr_par' dir='ltr' id='par_1_108' title="bbox 2048 5251 3706 5325">
     <span class='ocr_line' id='line_1_109' title="bbox 2048 5251 3706 5325; baseline -0.004 -9"><span class='ocrx_word' id='word_1_784' title='bbox 2048 5260 2230 5316; x_wconf 90' lang='lat' dir='ltr'>riores</span> <span class='ocrx_word' id='word_1_785' title='bbox 2262 5273 2562 5314; x_wconf 88' lang='lat' dir='ltr'>sermones</span> <span class='ocrx_word' id='word_1_786' title='bbox 2592 5260 2650 5315; x_wconf 89' lang='lat' dir='ltr'>et</span> <span class='ocrx_word' id='word_1_787' title='bbox 2703 5253 3026 5312; x_wconf 89' lang='lat' dir='ltr'>visibilium</span> <span class='ocrx_word' id='word_1_788' title='bbox 3089 5253 3344 5310; x_wconf 80' lang='lat' dir='ltr'>maxime</span> <span class='ocrx_word' id='word_1_789' title='bbox 3392 5251 3706 5325; x_wconf 77' lang='lat' dir='ltr'>perspicua</span> 
     </span>
    </p>
   </div>
   <div class='ocr_carea' id='block_1_109' title="bbox 2048 5349 2589 5421">
    <p class='ocr_par' dir='ltr' id='par_1_109' title="bbox 2048 5349 2589 5421">
     <span class='ocr_line' id='line_1_110' title="bbox 2048 5349 2589 5421; baseline -0.006 -17"><span class='ocrx_word' id='word_1_790' title='bbox 2048 5362 2311 5421; x_wconf 64' lang='lat' dir='ltr'>quaerere</span> <span class='ocrx_word' id='word_1_791' title='bbox 2340 5349 2589 5419; x_wconf 85' lang='lat' dir='ltr'>oportet.</span> 
     </span>
    </p>
   </div>
   <div class='ocr_carea' id='block_1_110' title="bbox 1315 5613 2704 5679">
    <p class='ocr_par' dir='ltr' id='par_1_110' title="bbox 1315 5613 2704 5679">
     <span class='ocr_line' id='line_1_111' title="bbox 1315 5613 2704 5679; baseline -0.005 -2"><span class='ocrx_word' id='word_1_792' title='bbox 1315 5619 1561 5679; x_wconf 72' lang='lat' dir='ltr'>VARIB</span> <span class='ocrx_word' id='word_1_793' title='bbox 1601 5613 1994 5678; x_wconf 76' lang='lat' dir='ltr'>LECTIONES</span> <span class='ocrx_word' id='word_1_794' title='bbox 2031 5615 2125 5675; x_wconf 88' lang='lat' dir='ltr'>ET</span> <span class='ocrx_word' id='word_1_795' title='bbox 2159 5615 2704 5676; x_wconf 80' lang='lat' dir='ltr'>CORRECTIONES</span> 
     </span>
    </p>
   </div>
   <div class='ocr_carea' id='block_1_111' title="bbox 351 5737 1402 5820">
    <p class='ocr_par' dir='ltr' id='par_1_111' title="bbox 351 5737 1402 5820">
     <span class='ocr_line' id='line_1_112' title="bbox 351 5737 1402 5820; baseline 0 -17"><span class='ocrx_word' id='word_1_796' title='bbox 351 5747 402 5787; x_wconf 77' lang='grc'>⁸⁸</span> <span class='ocrx_word' id='word_1_797' title='bbox 432 5747 661 5805; x_wconf 69' lang='grc' dir='ltr'>ἑαυτῶν.</span> <span class='ocrx_word' id='word_1_798' title='bbox 735 5743 780 5790; x_wconf 75' lang='grc'>⁸7</span> <span class='ocrx_word' id='word_1_799' title='bbox 811 5737 1018 5820; x_wconf 83' lang='grc' dir='ltr'>νοεραί.</span> <span class='ocrx_word' id='word_1_800' title='bbox 1091 5743 1138 5782; x_wconf 74' lang='grc'>⁸⁸</span> <span class='ocrx_word' id='word_1_801' title='bbox 1166 5745 1402 5816; x_wconf 82' lang='grc' dir='ltr'>νοητῶν.</span> 
     </span>
    </p>
   </div>
  </div>
