4034 6388
445 373 552 428 263

447 603 574 644 esse
608 590 862 641 mentem
893 588 952 640 et
981 583 1136 640 aliud
1171 585 1450 640 animam.
1479 581 1880 654 Intelligentes
1911 580 2098 638 facul-

444 679 594 730 tates
626 674 767 730 dicit
795 672 1224 728 intellectiones
1283 689 1410 745 qua;
1471 677 1611 727 sunt
1667 670 1998 738 inferiores,
2047 673 2104 725 et

446 763 658 819 mentis
692 761 935 831 divisio;
970 762 1205 833 quando
1236 760 1627 833 igituranima
1645 758 1896 815 voluerit
1916 759 2100 815 Deum

444 851 685 917 intueri,
718 855 776 907 et
832 867 935 922 pro
965 851 1190 907 viribus
1222 850 1334 922 ipsi
1380 850 1558 920 uniri,
1591 847 1828 906 oculum
1861 847 2101 920 quidem

445 941 708 1010 suum,id
744 944 833 996 est
864 945 1117 995 mentem
1149 941 1359 1012 ipsam,
1383 939 1554 994 debet
1577 956 1610 994 a
1641 936 2102 1010 particularibus

445 1034 725 1096 avertere,
759 1033 814 1084 et
846 1029 916 1084 ad
947 1027 1308 1100 generaliora
1327 1027 1752 1084 transmittere.
1786 1026 2104 1082 Particula-

443 1119 532 1174 ria
561 1135 696 1174 vero
755 1123 894 1173 sunt
943 1117 1390 1187 intellectiones,
1425 1117 1576 1172 sicut
1627 1117 1931 1172 diximus:
1975 1121 2101 1171 tum

444 1226 612 1264 mens
644 1213 766 1263 tota
811 1209 1014 1262 eﬂ‘ecta
1045 1211 1222 1279 atque
1246 1208 1574 1263 introrsum
1607 1222 1904 1276 conversa,
1935 1209 2102 1278 post-

443 1314 604 1353 remo
627 1297 820 1352 unitas
872 1303 929 1352 et
989 1296 1340 1370 simplicitas
1383 1297 1610 1365 effecta,
1644 1295 1858 1350 divinis
1888 1294 2103 1366 poterit

445 1388 752 1443 intendere
780 1386 1096 1458 radiis,per
1125 1386 1482 1442 laudabilem
1519 1385 2099 1456 ignorationem,non

443 1491 546 1548 per
573 1476 970 1548 ignorantiam
1005 1490 1213 1546 quaex
1237 1491 1429 1530 rerum
1457 1474 1753 1546 imperitia
1783 1473 2098 1544 oritur,sed

442 1581 546 1636 per
575 1581 703 1621 eam
733 1582 862 1636 quae
895 1564 1197 1636 cognoscit
1230 1579 1290 1618 se
1340 1564 1441 1619 Dei
1483 1560 2102 1634 incomprehensibilia

441 1653 747 1727 ignorare;
773 1658 1086 1726 cognoscet
1116 1657 1312 1708 autem
1345 1652 1542 1707 divino
1567 1652 1767 1706 fruens
1791 1650 2102 1722 splendore

440 1759 555 1798 non
589 1759 692 1815 per
715 1742 964 1799 sensiles
995 1742 1218 1810 oculos,
1253 1758 1358 1796 nec
1389 1742 1544 1796 enim
1578 1741 1670 1796 his
1707 1739 2100 1812 apprehendi-

1275 372 1638 425 APPENDIX
1674 373 1772 423 AD
1809 370 2049 422 OPERA
2084 371 2142 422 S.
2183 367 2494 425 DIONYSII
2533 369 3034 424 AREOPAGITB.

519 497 675 554 Sicut
701 496 871 552 etiam
927 494 1278 568 intelligendi
1304 496 1612 564 facultates.
1657 493 1901 548 Adverte
1933 491 2092 546 aliud
2125 495 2177 561 Α

3753 370 3848 426 264

2281 493 2484 568 ’Ὠσπερ
2534 491 2621 546 καὶ
2671 492 2726 546 αἱ
2781 490 2963 564 νοεραὶ
3022 487 3276 564 δυνάμεις
3315 532 3328 546 .
3408 490 3720 563 Σημείωσαι
3775 494 3847 549 δτι

2210 576 2390 656 ἕτερον
2423 587 2548 644 νοῦς
2594 583 2680 636 καὶ
2718 579 2894 656 ἕτερον
3172 578 3376 654 Νοερὰς
3407 577 3696 656 [ἐνεργείας
3749 583 3849 656 καὶ]

2212 666 2467 742 δυνάμεις
2509 671 2643 746 φησὶ
2686 673 2783 733 τὰς
2836 667 3086 739 νοήσεις,
3138 667 3338 732 αἵτινες
3384 669 3682 746 κατώτεραί
3737 671 3848 742 εἰσι,

2209 757 2300 813 xui
2333 757 2633 832 σκεδασμὸς
2660 764 2755 815 τοῦ
2785 763 2897 816 νοῦ.
2939 761 3103 814 Ὅταν
3155 758 3246 814 οὗν
3297 760 3332 828 ἡ
3391 759 3546 834 ψυχὴ
3599 758 3846 835 βούληται

2210 849 2347 923 πρὸς
2380 849 2507 904 Θεὸν
2563 850 2864 918 ἀνανεῦσαι,
2913 848 3001 904 καὶ
3055 847 3193 904 κατά
3239 848 3301 903 τὸ
3352 845 3574 902 δυνατὸν
3603 846 3845 919 ένωθῆναι

2210 939 2380 1011 αὐτῷ,
2427 939 2488 993 τὸ
2542 939 2635 1012 μὶν
2671 936 2826 1013 ὄμμα
2873 938 3064 1008 αὐτῆς,
3112 936 3355 992 τουτέστι
3395 936 3492 992 τὸν
3523 941 3646 992 νοῦν
3702 938 3844 994 αὐτὸν

2210 1027 2542 1101 ἀποστρέψαι
2574 1027 2783 1105 ὀφείλει
2813 1031 2922 1082 τῶν
2958 1030 3219 1100 μερικῶν,
3265 1027 3355 1081 καὶ
3387 1025 3477 1081 ἐπὶ
3522 1025 3589 1081 τὰ
3637 1025 3847 1092 καθολι-

2209 1119 2420 1190 κώτερα
2470 1115 2836 1187 ἀναπηδῆσαι·
2900 1117 3097 1192 μερικά
3155 1113 3212 1170 δέ
3258 1114 3390 1170 εἰσιν
3426 1115 3480 1168 αἱ
3509 1117 3736 1186 νοήσεις,
3782 1117 3846 1178 ὡς

2211 1203 2436 1281 ἔφημεν·
2468 1206 2592 1262 τότε
2637 1206 2736 1281 γὰρ
2790 1211 2916 1268 νοῦς
2961 1204 3066 1277 ὅλη
3098 1206 3392 1281 γενομένη,
3422 1206 3514 1259 καὶ
3549 1206 3624 1268 εἱς
3653 1207 3712 1260 τὸ
3751 1203 3845 1260 ’έσω

2211 1302 2523 1373 στραφεῖσα,
2556 1297 2675 1358 ένάς
2716 1293 2909 1350 λοιπὸν
2973 1295 3063 1350 καὶ
3110 1294 3358 1366 ἀπλότης
3408 1295 3697 1371 γενομένη,
3744 1295 3846 1350 έπι-

2211 1380 2397 1440 λαϐεῖν
2431 1383 2713 1456 δυνήσεται
2744 1391 2865 1449 ταῖς
2895 1384 3062 1449 θείαις
3106 1385 3304 1440 ἀκτῖσι·
3363 1382 3454 1438 διὰ
3497 1390 3596 1455 τῆς
3654 1383 3844 1440 ἐπαινε-

2208 1479 2306 1542 τῆς
2335 1473 2624 1549 ἀγνωσίας,
2658 1473 2719 1528 οὐ
2750 1480 2851 1543 τῆς
2884 1473 2936 1544 έξ
2984 1472 3246 1547 ἀμαθείας
3297 1472 3537 1549 ἀγνοίας,
3585 1472 3725 1529 ἀλλὰ
3762 1480 3848 1543 τῆς

2207 1562 2579 1638 γινωσκοόσης
2639 1561 2720 1617 ὅτι
2775 1564 2961 1636 ἀγνοεῖ
3011 1562 3078 1617 τὰ
3115 1561 3238 1638 περὶ
3299 1566 3434 1618 Θεοῦ
3491 1561 3841 1632 ἀκατάληπτα·

2208 1650 2473 1723 γνώσεται
2505 1649 2562 1704 δὲ
2591 1651 2950 1707 ἀπολαύουσα
2996 1655 3104 1706 τῶν
3160 1651 3316 1706 θείων
3373 1655 3738 1727 μαρμαρυγῶν
3790 1651 3842 1706 οὗ

2210 1735 2298 1792 διὰ
2343 1743 2451 1794 τῶν
2501 1739 2772 1810 αἰσθητῶν
2805 1738 3092 1814 ὀμμάτων·
3137 1739 3197 1794 οὐ
3245 1740 3345 1816 γὰρ
3393 1734 3839 1812 καταλαμϐάνεται

438 1836 556 1902 tur,
589 1833 689 1889 sed
723 1848 790 1888 ea
822 1831 1037 1887 mentis
1069 1831 1492 1886 constitutione
1549 1847 1677 1900 quis
1703 1829 1888 1886 oculis
1921 1831 2090 1883 caret.

2208 1827 2421 1891 τούτοις
2447 1847 2460 1861 °
2523 1827 2668 1885 ἀλλά
2710 1834 2828 1892 ταῖς
2877 1830 3219 1903 ἆνομμάτοις
3263 1832 3361 1884 τοῦ
3408 1833 3500 1882 νοῦ
3542 1849 3838 1884 καταστασι-

2302 1919 2346 1936 ,ο

508 2009 1008 2082 Perspicacissima:
1037 2025 1314 2065 sensuum.
1351 2007 1613 2080 Explicat
1644 2025 1771 2079 quae
1805 2011 1944 2062 sunt
1981 2007 2095 2062 cla-

438 2099 687 2155 rissima:
745 2115 1030 2155 sensuum
1087 2098 1661 2170 transportationes;
1709 2097 1906 2168 aitque
1935 2097 2096 2168 ipsas

440 2205 566 2244 esse
597 2187 950 2261 planissima
988 2188 1164 2244 verba
1195 2192 1253 2242 et
1282 2185 1601 2241 visibilium
1629 2185 2022 2258 apertissima.

508 2370 668 2424 Recte
695 2376 966 2437 poterunt.
1005 2366 1291 2422 Videlicet
1324 2381 1557 2421 sensus.

511 2478 539 2544 §
567 2477 696 2530 XII.
731 2473 895 2546 Atqui
939 2473 1118 2528 visum
1144 2481 1222 2528 est
1249 2473 1598 2545 quibusdam.
1641 2473 1802 2536 Quod
1835 2471 2094 2527 charitas

436 2563 738 2635 signiﬁcat
765 2578 1050 2633 amorem,
1074 2567 1132 2618 et
1155 2577 1367 2618 nomen
1403 2561 1621 2617 amoris
1657 2576 1786 2616 esse
1810 2560 2089 2615 divinius.

510 2651 783 2708 Audiant.
807 2651 979 2720 Nota,
1006 2657 1134 2707 tum
1189 2653 1473 2722 temporis
1511 2667 1742 2722 quoque
1777 2649 1957 2706 fuisse
1989 2649 2090 2722 qui

441 2740 680 2797 nomina
709 2740 1234 2814 reprehendebant,
1267 2756 1414 2812 quos
1460 2755 1531 2796 ex
1560 2739 1758 2795 divina
1789 2739 2092 2810 Scriptura

423 2829 734 2903 .reprimit.

510 2919 677 2975 Divus
707 2919 969 2990 Ignatius.
1025 2917 1221 2990 Aliqui
1281 2917 1458 2973 etiam
1519 2935 1583 2973 ex
1616 2917 1726 2972 hoc
1776 2916 1902 2972 loco
1935 2915 2088 2972 arbi-

435 3013 669 3065 trantur
697 3012 1026 3080 opportune
1060 3013 1404 3078 praesentem
1439 3007 1655 3063 librum
1688 3008 2088 3076 arguere,tan-

438 3115 615 3170 quam
649 3115 764 3153 non
797 3102 952 3153 esset
990 3096 1168 3152 divini
1201 3097 1485 3166 Dionysii,
1523 3096 1662 3167 quia
1692 3095 1895 3150 dicunt
1917 3095 2087 3166 Igna-

435 3188 584 3242 tium
617 3202 745 3242 esse
778 3187 904 3258 ipso
955 3185 1334 3258 posteriorem
1363 3203 1377 3252 ;
1413 3184 1708 3257 quomodo
1744 3200 1877 3238 vero
1895 3187 2086 3254 potest

432 3275 650 3347 aliquis
683 3275 1072 3348 posteriorum
1108 3272 1496 3330 meminisse?
1531 3272 1725 3328 Fictio-
1773 3277 1967 3328 autem
2000 3275 2090 3328 est

431 3367 585 3422 139
609 3369 669 3422 et
698 3365 806 3420 hoc
826 3364 978 3435 quod
1009 3363 1126 3419 illis
1160 3364 1478 3436 probatur;
1512 3379 1648 3416 nam
1674 3367 1914 3418 sanctus
1941 3366 2084 3418 Pau-

430 3454 650 3526 lus,qui
681 3453 1025 3523 Dionysium
1049 3451 1393 3519 illustravit,
1413 3468 1514 3506 seu
1538 3451 2086 3522 baptizavit,poste-

431 3546 550 3600 rior
569 3544 680 3598 fuit
710 3547 974 3614 tempore
1005 3546 1212 3597 sancto
1241 3541 1430 3605 Petro,
1456 3544 1587 3610 post
1615 3556 1787 3609 quem
1823 3541 2087 3611 Ignatius

428 3637 662 3688 creatur
697 3631 1011 3703 episcopus
1041 3629 1380 3696 Antiochiae,
1415 3628 1581 3684 Petro
1644 3627 1890 3682 Romam
1951 3646 2084 3700 pro-

430 3723 612 3788 fecto;
645 3720 965 3792 supervixit
1013 3737 1148 3775 vero
1201 3723 1438 3774 sanctus
1474 3717 1692 3772 Paulus
1725 3717 1910 3772 multo
1943 3721 2086 3772 tem-

430 3827 590 3883 pore,
623 3810 723 3882 qui
757 3809 1101 3882 Dionysium
1133 3808 1471 3880 baptizavit,
1498 3806 1927 3877 Dionysiusque
1959 3809 2089 3876 post

429 3902 623 3972 ipsum
657 3899 822 3955 vixit.
857 3904 1031 3954 Porro
1059 3898 1320 3974 Joannes
1353 3895 1708 3966 evangelista
1747 3894 1858 3949 sub
1894 3894 2087 3949 Domi-

431 3993 592 4048 tiano
622 3990 850 4047 exsulat
895 3990 952 4045 in
1001 3991 1214 4054 Patmo,
1249 3987 1342 4044 cui
1399 3986 1668 4042 rescribit
1724 3983 2084 4054 Dionysius;

430 4079 692 4154 Ignatius
725 4095 861 4135 vero
886 4081 1022 4134 ante
1067 4077 1469 4134 Domitianum
1492 4074 1736 4147 patitur,
1770 4074 1853 4128 ita
1887 4077 1946 4128 ut
1977 4089 2086 4128 an-

429 4169 649 4242 tiquior
679 4170 756 4225 sit
779 4167 1080 4241 Dionysio.

498 4280 662 4333 Amor
692 4293 868 4333 meus.
903 4274 1295 4343 Quaerendum
1347 4272 1641 4344 quomodo
1690 4271 1916 4341 Ignatio
1948 4286 2084 4325 cum

429 4368 705 4424 Onesimo
737 4366 837 4439 qui
872 4366 983 4421 fuit
1026 4369 1156 4435 post
1187 4362 1562 4418 Timotheum
1622 4361 1982 4431 disputante,
2028 4364 2087 4415 et

427 4457 709 4513 Romanis
759 4455 1070 4522 scribente,
1103 4468 1267 4508 amor
1294 4467 1450 4506 meus
1479 4449 1782 4518 cruciﬁxus
1825 4457 1922 4515 est,
1956 4448 2086 4504 Dio-

427 4548 632 4619 nysius
656 4563 812 4601 nunc
835 4543 1138 4599 Timotheo
1170 4541 1434 4596 scribens
1457 4539 1637 4608 hujus
1670 4536 2082 4606 meminit,vel-

2207 1938 2288 1971 σιν
2302 1919 2367 1973 ³⁸.

2277 2004 2702 2081 Ἐπιδηλότεραι
2749 2011 2854 2062 τῶν
2905 2007 3231 2078 αἰσθήσεων·
3283 2007 3612 2082 Ἐξηγεῖται,
3643 2005 3692 2061 τί
3720 2009 3832 2061 εἱσιν

2205 2097 2258 2149 αἱ
2291 2093 2674 2171 ἐπιδηλότεραι
2723 2100 2830 2151 τῶν
2881 2097 3186 2167 αἱσθήσεων
3237 2093 3710 2171 διαπορθμεύσεις*
3756 2097 3830 2150 καὶ

2203 2206 2363 2262 φησιν
2397 2183 2560 2248 αὖτάς
2589 2183 2715 2250 τοὺς
2745 2184 3102 2264 σαφεστέρους
3135 2186 3335 2262 λόγους
3364 2187 3455 2241 xui
3484 2186 3550 2241 τὰ
3576 2186 3826 2261 τρανέστε-

2203 2294 2269 2348 ρα
2297 2279 2406 2328 τῶν
2429 2275 2665 2348 ὁρατῶν.

2273 2362 2472 2424 Καλῶς
2505 2360 2846 2434 δυνήσονται.
2881 2367 2944 2424 Ai
2973 2364 3246 2436 αἰσθήσεις
3277 2363 3563 2436 δηλονότι.

2274 2474 2300 2538 §
2330 2472 2446 2526 XII.
2482 2471 2666 2526 Καίτοι
2720 2467 2866 2544 ἔδοξέ
2893 2493 3055 2526 τισιν.
3107 2473 3230 2529 "Oti
3261 2472 3356 2526 xui
3387 2475 3421 2541 ἡ
3455 2471 3632 2546 ἀγάπη
3671 2465 3830 2546 ἔρωτα

2203 2555 2388 2628 δηλοῖ·
2421 2559 2511 2614 καὶ
2543 2559 2627 2614 ὅτι
2659 2561 2928 2636 θειότερον
2962 2559 3138 2634 ὄνομα
3165 2566 3264 2616 τοὶ
3295 2559 3524 2636 ἔρωτος.

2270 2649 2663 2704 Ἀκουέτωσαν.
2716 2649 3035 2722 Σημείωσαι
3084 2649 3167 2704 ὅτι
3214 2651 3304 2704 καὶ
3349 2651 3474 2705 τότε
3529 2649 3659 2718 ἦσάν
3711 2667 3827 2708 τινες

2199 2733 2702 2810 ἐπιλαμϐανόμενοι
2747 2739 3054 2812 ὀνομάτων,
3113 2738 3206 2802 οὕς
3255 2738 3594 2812 ἐπιστομίζει
3648 2735 3825 2804 ἔχ’τῆς

2200 2826 2341 2888 θείας
2375 2833 2612 2904 Γραφῆς.

2267 2917 2326 2972 Ὀ
2384 2920 2531 2978 θεῖος
2587 2917 2883 2992 Ἰγνάτιος.
2935 2917 3037 2974 Καὶ
3090 2917 3148 2972 έκ
3204 2917 3410 2973 τούτου
3466 2919 3602 2982 τινὶς
3647 2914 3822 2972 οἷόνται

2198 2998 2515 3059 διαϐάλλειν
2565 3003 2826 3080 εὐκαίρως
2875 3007 2937 3061 τὸ
2989 3007 3159 3082 παρὸν
3194 3005 3508 3083 σύνταγμα,
3565 3008 3637 3069 ὡς
3684 3006 3749 3078 μή
3778 3001 3823 3056 δν

2195 3096 2290 3146 τοῦ
2331 3093 2478 3155 θείου
2528 3094 2828 3165 Διονυσίου,
2879 3093 3068 3164 ἐπειδὴ
3111 3097 3378 3171 Ἰγνάτιον
3426 3094 3641 3172 λέγουσι
3688 3112 3823 3166 μετα·

2198 3183 2509 3256 γενέστερον
2555 3183 2719 3238 αὐτοῦ
2765 3187 2922 3239 εἴναι·
2959 3189 3073 3246 πῶς
3126 3182 3184 3240 δὲ
3232 3183 3462 3242 δύναταί
3493 3207 3573 3248 τις
3603 3189 3702 3240 τῶν
3751 3201 3826 3254 με·

2196 3270 2587 3346 ταγενεστέρων
2621 3280 2926 3345 μεμνῆσθαι
2956 3291 2968 3341 ;
3005 3273 3240 3347 Πλάσμα
3270 3271 3340 3330 δὲ
3366 3274 3453 3330 καὶ
3482 3278 3632 3330 τοῦτο
3663 3270 3826 3327 δοκοῦν

2197 3361 2402 3422 αὐτοῖς·
2465 3363 2493 3415 ὁ
2541 3361 2643 3435 γὰρ
2700 3363 2848 3436 ἅγιος
2910 3361 3146 3430 Παῦλος,
3199 3363 3227 3416 ὁ
3281 3365 3526 3438 φωτίσας
3554 3359 3823 3425 Διονύσιον,

2201 3451 2642 3525 μεταγενέστερος
2689 3451 2753 3519 ἦν
2788 3455 2865 3521 τῷ
2894 3451 3082 3526 χρόνῳ
3112 3456 3209 3505 τοῦ
3261 3453 3419 3528 ἁγίου
3450 3453 3663 3520 Πέτρου,
3725 3447 3820 3503 ’λῖθ’

2195 3541 2252 3594 ὃν
2315 3541 2342 3594 6
2392 3539 2652 3614 Ἰγνάτιος
2684 3539 2978 3602 ἐπίσκοπος
3026 3541 3230 3614 γίνεται
3285 3541 3638 3617 Ἀντιοχείας,
3687 3557 3819 3611 μετα·

2192 3628 2433 3689 τεθέντος
2471 3629 2676 3704 Πέτρου
2708 3627 2762 3684 ἐν
2810 3628 3010 3704 Ῥώμῃ·
3045 3630 3274 3700 ἐπέζησε
3323 3629 3381 3686 δὲ
3430 3633 3456 3686 ὁ
3488 3631 3636 3705 ἅγιος
3691 3629 3813 3682 Παῦ-

2197 3717 2292 3780 λος
2317 3717 2512 3792 Χρόνθν
2562 3716 2760 3785 πολὺν,
2796 3719 2869 3792 [ὅ]
2903 3719 3143 3793 φωτίσας
3187 3721 3493 3788 Διονύσιον,
3537 3717 3623 3772 xui
3652 3711 3817 3770 Διονύ-

2196 3827 2312 3867 σιος
2367 3806 2481 3878 μετ’
2523 3804 2682 3859 αὐτὸν
2714 3799 2924 3876 ἔζησεν·
2959 3807 2987 3861 ὁ
3037 3804 3096 3861 δί
3147 3807 3537 3882 εὖαγγελιστὴς
3592 3803 3815 3870 Ἰωάννης

2194 3892 2281 3947 ἐπὶ
2315 3898 2649 3966 Δομετιανοῦ
2685 3893 2978 3968 έξορίζεται
3028 3896 3104 3957 εἱς
3153 3897 3403 3970 Πάτμον·
3445 3897 3490 3968 ᾦ
3535 3891 3815 3966 ἀντιγράφει

2196 3984 2509 4045 Διονύσιος.
2559 3986 2822 4058 Ἰγνάτιος
2883 3983 2940 4040 δὲ
3000 3987 3107 4062 πρὸ
3168 3991 3506 4060 Δομετιανοῦ
3557 3983 3815 4058 μαρτυρῶ

2196 4073 2332 4128 ὥστε
2355 4073 2774 4149 προγενέστερος
2806 4075 3108 4130 Διονυσίου.

2263 4272 2319 4323 Ὀ
2363 4268 2494 4342 ἐμὸς
2535 4267 2709 4344 ἔρως.
2777 4269 3049 4341 Ζητητέον
3101 4276 3222 4332 πῶς
3271 4271 3360 4326 ἐπὶ
3412 4268 3690 4340 Ὀνησίμου
3738 4263 3816 4315 τοῦ

2199 4361 2330 4434 μετά
2379 4361 2646 4433 Τιμόθεον
2694 4361 2951 4435 Ἰγνατίου
2984 4358 3400 4438 διαλεγομένου,
3431 4362 3518 4416 καὶ
3547 4356 3815 4435 γράφοντος

2191 4449 2485 4522 Ῥωμαίοις
2560 4450 2642 4520 τὸ,
2721 4449 2852 4522 έμὸς
2921 4445 3058 4526 ἔρως
3135 4451 3492 4527 ἐσταύρωται,
3572 4442 3815 4501 Διονύσιος

2190 4543 2280 4592 νῦν
2342 4538 2598 4611 Τιμοθέῳ
2651 4538 2870 4617 γράφων
2901 4540 3097 4595 τούτου
3151 4542 3452 4614 μέμνηται,
3482 4538 3553 4598 ὠς
3582 4529 3814 4617 Ἰγνατίθυ

421 4614 508 4692 uti
533 4634 792 4706 Ignatius
813 4639 985 4689 antea
1005 4631 1382 4702 scripsisset;
1419 4633 1477 4682 et
1537 4643 1608 4681 ne
1668 4627 1813 4681 forte
1865 4627 1936 4680 ab
1969 4626 2078 4681 ali-

2208 4625 2298 4696 ἕδη
2359 4614 2803 4702 γράψαντος·καὶ
2854 4631 3068 4701 μήποτε
3115 4631 3261 4706 παρά
3311 4650 3456 4690 τινος
3478 4631 3580 4682 τῶν
3612 4614 3812 4706 φιλολόῖ

423 4740 538 4794 quo
587 4723 981 4779 litteratorum
1016 4719 1382 4775 extrinsecus
1414 4714 1856 4786 appositum,ad
1891 4715 2078 4785 perte-

423 4813 663 4870 ctiorem
688 4828 891 4867 eorum
925 4826 1053 4880 quae
1085 4807 1157 4862 de
1183 4806 1380 4860 divino
1411 4819 1607 4859 amore
1638 4821 1671 4859 a
1712 4808 1914 4859 sancto
1945 4803 2080 4859 Dio-

423 4902 591 4975 nysio
621 4901 778 4956 dicta
838 4899 1076 4954 fuerunt
1127 4893 1663 4959 confirmationem,
1722 4897 1923 4964 postea
1980 4909 2081 4963 per

421 4990 816 5059 ignorantiam
850 4984 1099 5042 internis
1122 4984 1414 5038 insertum
1449 4980 1544 5050 sit,
1593 4983 1748 5053 quod
1784 4981 1840 5036 in
1875 4981 2078 5038 multis

424 5094 577 5149 sape
608 5077 894 5133 accidisse
926 5070 1197 5128 novimus
1224 5090 1238 5138 ;
1272 5070 1570 5140 siquidcm
1601 5069 1777 5126 etiam
1822 5071 1946 5126 sine
1969 5071 2078 5126 hac

424 5171 590 5238 parte
620 5181 834 5237 corpus
865 5159 1152 5218 orationis
1186 5159 1478 5232 integrum
1512 5159 1896 5215 constituitur
1927 5178 1942 5228 ;
1975 5164 2077 5216 aut

422 5255 693 5310 fortassis
751 5251 890 5324 quia
943 5247 1230 5304 familiare
1288 5247 1401 5319 ipsi
1432 5253 1558 5303 erat
1611 5248 1874 5315 effatum,
1926 5249 2078 5305 sicut

423 5343 599 5400 etiam
631 5343 704 5399 ab
728 5340 932 5397 eodem
959 5353 1114 5410 saepe
1142 5337 1448 5394 dicebatur
1476 5341 1534 5393 et
1558 5337 1926 5394 scribebatur
1955 5338 2074 5392 θεο-

2187 4737 2296 4793 γων
2347 4713 2446 4789 ἔξω
2490 4717 2804 4793 παρατεθὲν,
2837 4719 2971 4794 πρὸς
3032 4717 3264 4773 πλείονα
3307 4718 3550 4774 σύστασιν
3583 4716 3680 4766 τῶν
3710 4699 3812 4777 περὶ

2189 4805 2334 4869 θείου
2385 4804 2587 4882 ἔρωτος
2614 4811 2694 4878 τῷ
2742 4807 2884 4882 ἁγίῳ
2935 4807 3199 4880 Διονυσίῳ
3251 4807 3573 4882 εἰρημένων,
3624 4799 3810 4867 ὕστερον

2186 4895 2321 4949 κατὰ
2352 4896 2571 4970 ἄγνοιαν
2630 4893 2736 4950 ἔσω
2767 4896 3117 4970 παρενετέθη,
3169 4895 3303 4973 ὅπερ
3347 4895 3398 4950 έν
3430 4891 3655 4950 πολλοῖς
3687 4883 3812 4973 πολ⁸

2187 4982 2342 5045 λάκις
2375 4984 2664 5059 γενόμενον
2699 4980 2966 5060 ἔγνωμεν·
3009 4985 3097 5040 καὶ
3149 4986 3250 5063 γὰρ
3274 4971 3281 4973 ὴ
3302 4983 3435 5058 δίχα
3463 4979 3654 5037 τούτου
3685 4971 3808 5063 ἵστα·

2183 5094 2270 5127 ται
2304 5073 2722 5148 ἀπαραλείπτως
2768 5075 2830 5129 τὸ
2864 5079 3024 5148 σῶμα
3061 5079 3158 5129 τοῦ
3214 5071 3400 5151 λόγου·
3461 5071 3494 5140 ἢ
3549 5067 3682 5138 τάχα
3701 5055 3808 5162 ξύν·

2183 5173 2312 5232 ηθες
2389 5162 2535 5235 αὐτῷ
2607 5165 2735 5218 εἶναι
2791 5159 3135 5240 ἀπόφθεγμα,
3193 5163 3268 5228 ὠς
3318 5162 3406 5218 καὶ
3464 5156 3524 5212 τὸ
3574 5156 3804 5240 θεοφδρίξ(

2181 5249 2455 5314 πολλάκις
2503 5232 2651 5324 αὐτῷ
2695 5232 2990 5328 λεγόμενόν
3013 5232 3099 5309 ’τε
3136 5254 3224 5309 καὶ
3260 5248 3594 5328 γραφόμενον
3619 5232 3802 5328 rexit-’3’

2185 5359 2298 5415 Ριον
2333 5337 2390 5395 δὲ
2433 5341 2495 5395 τὸ
2530 5342 2606 5415 μὴ
2637 5324 3012 5417 προέκεῖσθαι,
3063 5324 3390 5422 Γράφειϋδέί
3415 5356 3544 5403 τισι,
3591 5324 3799 5386 τουτέστι

1458 5569 1703 5628 VARIIE
1743 5570 2136 5634 LECTIONES
2175 5575 2263 5632 ET
2299 5576 2839 5637 CORRECTIONES

490 5702 535 5741 °°
561 5697 948 5776 καθαρότησιν.
