4034 6386
255 375 372 430 265

254 498 564 574 Ῥωμαίοις
601 524 614 538 '

253 591 552 666 Ἰγνάτιος.

324 863 428 916 Καὶ
490 860 542 917 ἐν
601 872 721 929 ταῖς
771 875 1232 944 προεισαγωγαῖς.
1307 872 1658 943 Ἐπιστητὲον
1718 877 1783 942 ⁷¹,
1845 872 1926 938 ὅτι

246 956 672 1029 προεισαγωγάς
705 955 866 1012 καλεῖ
911 965 1012 1028 τῆς
1065 961 1210 1022 θείας
1263 966 1481 1040 Γραφῆς
1532 964 1600 1018 τὰ
1630 963 1928 1037 Σολομῶν-

243 1060 340 1102 τος
371 1044 442 1108 ⁷³,
472 1042 566 1118 ἀφ’
597 1045 659 1098 οὗ
690 1045 778 1100 καὶ
809 1047 876 1102 τὰ
907 1047 1066 1122 ῥητά.

319 1131 401 1202 [α]
434 1132 559 1188 ’Ότι
592 1135 626 1202 ἡ
686 1134 869 1210 ἀγάπη
923 1134 1100 1212 ἔρωτα
1150 1135 1337 1210 δηλοῖ,
1389 1141 1479 1195 καὶ
1537 1139 1618 1196 ὅτι
1654 1141 1920 1217 θείοτερον

243 1213 425 1290 ὄνομα
456 1226 554 1275 τοῦ
580 1219 807 1297 ἔρωτος.

441 1312 576 1374 Τοῖς
633 1311 801 1377 θείοις
847 1312 1082 1386 μᾶλλον.
1138 1318 1234 1371 Διά
1272 1318 1324 1372 τί
1375 1324 1492 1381 τοῖς
1552 1320 1718 1384 Θείοις
1779 1319 1918 1394 pax-

242 1395 340 1451 λον
375 1398 686 1463 ἀνατιθέασι
722 1403 812 1456 τὸν
849 1398 1018 1466 ὅντως
1045 1399 1222 1479 ἔρωτα
1255 1407 1305 1459 οἱ
1335 1406 1610 1483 θεολόγοι.

315 1488 396 1560 [γ]
432 1488 516 1544 Τὰ
545 1486 761 1561 πλήθη.
801 1491 1146 1564 Σημείωσαι,
1204 1493 1286 1549 ὅτι
1338 1497 1478 1570 πρὸς
1513 1497 1541 1550 ὃ
1575 1503 1820 1572 χωροῦσι
1850 1502 1917 1554 τὰ

240 1575 462 1644 πλήθη,
498 1574 688 1632 δεῖκαὶ
720 1586 839 1642 ταῖς
887 1580 1060 1651 λέξεσι
1108 1585 1349 1658 χρῆσθαι
1385 1604 1396 1615 ·
1431 1583 1573 1659 λέγει
1607 1584 1662 1640 δὲ
1693 1592 1915 1642 τίποιεῖ

239 1658 462 1738 ὁέρως,
515 1666 605 1720 καὶ
655 1668 781 1741 περὶ
843 1667 937 1725 δύο
995 1671 1235 1747 ἐρώτων,
1283 1671 1430 1728 Θείου
1485 1675 1575 1728 καὶ
1631 1681 1907 1750 μεριστοῦ,

236 1748 363 1819 ἤτοι
392 1775 697 1832 σωματοπρ
707 1763 887 1820 εποῦς.

300 1839 380 1953 ξδ]
412 1841 990 1953 ζὲςιδυσχερὲστερον.
1027 1849 1117 1910 Ὠς
1153 1845 1588 1953 διαϐεϐλημένον
1623 1851 1904 1924 δηλονότι.
1937 1887 1984 1953 Β

303 1932 375 2003 [ε]
412 1933 698 2001 Ἑπέπεσε,
740 1934 826 1998 τίς
877 1958 1063 2013 φησιν.
1115 1939 1176 1995 Ὁ
1227 1937 1390 1994 Δαυὶδ
1443 1939 1590 2016 λέγει
1641 1943 1762 2018 περὶ
1811 1949 1907 1998 τοῦ

243 2019 504 2074 Ἰωνάθαν
535 2021 590 2076 ἐν
612 2023 680 2098 τῇ
709 2026 904 2100 πρώτῃ
934 2031 1042 2080 τῶν
1076 2027 1398 2086 Βασιλειῶν.

304 2112 384 2180 [ς]
448 2112 718 2168 Τάττεται
776 2115 915 2190 πρὸς
958 2121 1067 2170 τῶν
1121 2119 1300 2190 ἱερῶν.
1348 2122 1471 2176 ’Ὀτι
1522 2122 1584 2176 τὸ
1636 2121 1765 2179 αὐτὸ
1824 2121 1912 2178 3'5-

242 2219 397 2252 ναται
432 2199 616 2275 ἀγάπη
649 2204 737 2257 καὶ
771 2198 930 2277 ἔρως,
975 2204 1064 2259 καὶ
1103 2206 1188 2268 τίς
1220 2210 1254 2276 ἡ
1287 2212 1383 2262 τοῦ
1415 2203 1616 2285 ἔρωτος
1649 2211 1913 2287 ἐνέργεια,

311 2291 389 2358 [ζ]
425 2295 834 2378 Σιξγκξςῑῖικῆς.
888 2291 1145 2350 Τουτέστι
1198 2299 1571 2373 συγκιρνώσης
1627 2301 1693 2355 τὰ
1741 2302 1910 2378 ἐρῶν-

241 2394 306 2427 τα
330 2377 377 2410 ⁷³
410 2377 550 2450 πρὸς
579 2374 826 2448 ἄλληλα.

309 2480 398 2550 [η]
455 2481 557 2535 Διά
601 2483 664 2536 τὸ
724 2482 920 2555 καλόν.
963 2487 1130 2562 Ὅπερ
1173 2494 1318 2544 εἶπεν
1366 2488 1498 2564 ἄνω,
1559 2493 1644 2548 ὅτι
1689 2495 1717 2549 ὁ
1765 2501 1908 2559 θεῖος

245 2564 406 2639 ἔρως.
442 2571 825 2647 προῦπάρχων
875 2573 926 2628 ἓν
972 2580 1050 2646 τῷ
1098 2577 1308 2651 ἀγαθῷ,
1359 2577 1502 2636 ἔτεκε
1549 2583 1640 2637 τὸν
1686 2585 1739 2639 ἐν
1771 2586 1907 2658 ἡμῖν

244 2652 444 2726 ἔρωτα,
475 2657 548 2713 δι’
574 2661 636 2714 οὗ
663 2666 760 2715 τοῦ
784 2661 984 2729 ἀγειθοῦ
1017 2663 1298 2739 ἐφιέμεθα.

303 2750 330 2816 §
389 2750 549 2838 XIII.
599 2750 1104 2838 [0]7’EX3‘taTtX0’C.
1176 2759 1306 2831 Περί
1366 2757 1663 2825 ἐκστάσεως
1719 2762 1910 2838 ἔρωτι..

235 2841 332 2902 κῆς
361 2837 454 2890 καὶ
487 2838 516 2891 ὁ
555 2837 718 2894 Δαυίδ
745 2859 756 2872 ·
791 2841 938 2916 Ἐγὼ
971 2846 1122 2898 εἷπον
1154 2845 1204 2899 ἐν
1236 2848 1306 2918 τῇ
1335 2847 1575 2904 ἐκστάσει
1610 2871 1734 2923 μου.

301 3014 672 3085 Ἐξεστηκώς.
718 3018 1055 3093 Ζημείωσαι,
1114 3027 1231 3085 πῶς
1276 3026 1478 3081 νοεῖται
1511 3029 1557 3064 7‘
1601 3029 1663 3083 τό
1694 3047 1708 3062 ·
1762 3030 1903 3104 Ἑξε-

227 3105 452 3173 στηκὼς
479 3111 618 3178 Θεῷ.

297 3191 653 3268 Τολμητέον.
686 3199 810 3255 "Oti
843 3199 931 3253 καὶ
964 3201 992 3255 ὁ
1025 3200 1155 3263 Θεὸς
1187 3203 1402 3257 πάντων
1436 3202 1549 3280 ἐρᾷ.

296 3373 393 3428 Διὸ
427 3374 519 3428 καὶ
546 3371 825 3445 ζηλωτήν.
862 3377 1008 3432 Κατὰ
1053 3379 1105 3432 τί
1147 3376 1360 3455 λέγεται
1405 3380 1660 3452 ζηλωτής
1688 3385 1715 3439 ὁ
1748 3386 1896 3454 Θεὸς,

226 3462 299 3524 ὠς
332 3461 570 3537 ἕραστὴς
602 3467 703 3534 τῆς
732 3464 944 3520 πάντων
971 3468 1262 3544 σωτηρίας.

291 3643 504 3711 ξΧιν.
538 3643 604 3699 Τί
641 3640 698 3697 δὲ
719 3642 888 3705 ὅλως.
923 3647 1036 3710 Τῆς
1069 3646 1163 3717 μὲν
1197 3645 1410 3720 ἀγάπης
1441 3648 1534 3702 καὶ
1571 3647 1668 3703 τοῦ
1687 3647 1892 3723 ἔρωτος

228 3730 379 3785 αὐτὸν
413 3728 636 3800 δηλαδὴ
667 3731 761 3786 τὸν
794 3733 922 3788 Θεὸν
955 3729 1237 3809 προϐολὲα
1270 3737 1402 3810 φησί
1426 3737 1514 3792 καὶ
1545 3741 1850 3813 γεννήτορα
1877 3762 1890 3776 ·

237 3818 386 3882 αὐτὸς
433 3820 538 3894 γὰρ
595 3825 765 3875 ταῦτα
816 3820 867 3876 ἐν
919 3823 1093 3894 ἑαυτῷ
1154 3820 1282 3879 ὄντα
1327 3829 1639 3900 προήγαγεν
1701 3827 1777 3890 εἷς
1827 3829 1894 3884 τὰ

237 3905 398 3974 ἐκτὸς,
427 3907 675 3963 τούτέστι
701 3911 768 3964 τὰ
815 3912 936 3984 περὶ
982 3912 1049 3966 τὰ
1089 3912 1358 3985 κτίσματα
1390 3934 1402 3947 ·
1447 3916 1536 3969 καὶ
1566 3917 1702 3970 κατὰ
1729 3922 1890 3972 τοῦτο

230 3997 440 4069 εἴρηται
477 4017 489 4028 ·
552 3999 609 4050 Ὀ
667 3999 797 4060 Θεὸς
872 3999 1052 4074 ἀγάπη
1115 4003 1248 4072 ἐστὶ,
1308 4004 1395 4058 καὶ
1454 4004 1504 4058 ἐν
1561 4010 1639 4077 τῷ
1691 4004 1889 4079 ᾅσματι

224 4086 439 4157 ὁμοίως
489 4088 674 4161 ἀγάπη
732 4084 944 4162 εἷ’ρηται
993 4111 1005 4124 ·
1065 4091 1154 4145 καὶ
1219 4091 1381 4147 πάλιν
1433 4093 1751 4168 γλυκασμὸς
1799 4102 1891 4156 καὶ

220 4173 510 4246 ἐπιθυμία,
545 4174 574 4228 ὅ
624 4174 762 4229 ἐστιν
823 4172 959 4250 ἔρως
990 4196 1004 4210 ⁶
1054 4179 1116 4233 τὸ
1167 4177 1224 4234 δὲ
1273 4182 1550 4254 ἀγαπητὸν
1598 4184 1687 4238 καὶ
1721 4182 1888 4250 ὄντως

218 4260 451 4334 ἑραστὸν
483 4262 644 4324 αὐτός
668 4262 798 4320 ἐστι.
834 4269 921 4337 Τῷ
959 4267 1052 4338 μὶν
1083 4268 1180 4322 οὗν
1209 4269 1301 4322 τὸν
1331 4269 1671 4343 ἀγαπητικὸν
1713 4272 1890 4348 ἔρωτα

217 4350 270 4421 ἐξ
307 4351 482 4405 αὐτοῦ
512 4354 868 4427 προχεῖσθαι,
901 4352 1059 4414 αὐτὸς
1095 4357 1357 4410 κινεῖσθαι
1392 4357 1606 4432 λέγεται
1634 4361 1662 4413 ὁ
1691 4361 1887 4416 τούτου

213 4441 505 4513 γεννήτωρ
541 4458 555 4470 '
589 4444 666 4510 οῷ
687 4438 744 4494 δὲ
797 4439 956 4496 αὐτὸν
1003 4445 1142 4496 εἶναι
1176 4444 1231 4498 τὸ
1265 4443 1490 4513 ἀληθῶς
1536 4445 1756 4522 ἐραστὸν
1796 4451 1887 4505 καὶ

216 4526 536 4603 ἀγαπητὸν,
565 4533 706 4582 κινεῖ
732 4529 799 4582 τὰ
845 4530 983 4602 πρὸς
1031 4535 1194 4585 τοῦτο
1247 4532 1459 4607 ὁρῶντα
1484 4536 1548 4602 ⁷⁵,
1593 4538 1683 4589 καὶ
1737 4539 1816 4599 οἶς
1847 4540 1881 4606 ἡ

212 4621 321 4671 τοῦ
345 4615 592 4694 ἐφίεσθαι
627 4615 858 4689 δύναμις
889 4617 1172 4693 ἀναλόγως
1204 4620 1407 4684 αὐτοῖς.

295 4707 561 4782 Ἐραστὸν
618 4706 709 4762 καὶ
785 4708 1086 4783 ἀγαπητόν.
1165 4712 1585 4788 Προσαγωγικὸν
1662 4715 1752 4769 καὶ
1811 4737 1895 4771 κι-

215 4797 451 4864 νητικὸν
503 4795 641 4870 πρὸς
697 4795 963 4869 ἐρωτικὴν
1023 4799 1308 4874 συνάφειαν
1354 4801 1452 4868 τήν
1514 4801 1565 4855 ἂν
1625 4803 1892 4876 πνεύματι

215 4886 316 4940 τὸν
379 4886 511 4939 Θεὸν
565 4884 702 4938 εἷναί
754 4907 846 4958 μοι
906 4886 1041 4956 νόει,
1091 4888 1335 4942 τουτέστι
1387 4890 1612 4960 μεσίτην
1666 4892 1894 4964 ταύτης,

217 4974 318 5029 καὶ
353 4973 493 5045 πρὸς
540 4973 726 5028 ἑαυτὸν
771 4976 1150 5051 συναρμοστήν
1193 4980 1288 5030 τοῦ
1337 4975 1555 5050 ἐρᾶσθαι
1595 4978 1754 5034 αὐτὸν
1792 4982 1895 5036 ὑπὸ

217 5066 340 5117 τῶν
374 5061 540 5116 αὐτοῦ
570 5064 614 5099 ⁷⁸
644 5061 969 5135 ποιημάτων
1019 5064 1106 5117 καὶ
1149 5065 1450 5140 ἀγαπᾶσθαι
1487 5087 1497 5099 ·
1528 5069 1806 5137 κινηνικὸν
1840 5067 1897 5124 δὲ

220 5171 418 5228 φησιν,
453 5151 527 5211 ὡς
567 5155 824 5206 κινοῦντα
847 5147 1044 5206 ἕκαστα
1072 5155 1136 5221 ⁷⁷,
1185 5154 1324 5207 κατά
1347 5155 1438 5208 τὸν
1481 5155 1686 5210 οἷ’κεῖον
1731 5155 1894 5232 λόγον

300 5334 379 5405 (b)
412 5332 566 5390 Psal.
601 5349 731 5402 cxv,
765 5332 851 5389 11.
931 5335 999 5403 (ε)
1028 5333 1194 5390 Joan.
1229 5351 1307 5404 1v,
1342 5336 1427 5392 16.

1032 387 1090 438 S.
1134 386 1407 442 MAXIMI
1444 390 1752 446 SCHOLIA
1788 394 1864 445 IN
1903 393 2037 445 LIB.
2078 395 2176 449 DE
2214 398 2488 454 DIVINIS
2525 400 2936 456 NOMINIBUS.
3583 407 3698 473 9,66

667 505 797 562 ἀλλ’
856 505 1068 582 ἁπλῶς,
1121 512 1316 590 Γράφει
1378 513 1434 570 δὲ
1491 518 1582 572 καὶ
1651 519 1677 572 ὁ
1711 521 1900 582 θεῖος⁷

2042 523 2210 597 ῳὸρος
2245 529 2459 600 dei/‘er;
2491 535 2907 602 argumentum
2939 536 3132 590 autem
3164 535 3693 599 demonstrativmm

2040 621 2130 669 est
2159 618 2300 687 quia
2348 636 2464 674 non
2514 620 2765 676 habetur
2799 638 2812 677 :
2843 623 3033 676 scribit
3074 639 3197 678 vero
3242 627 3691 703 quibusdamgﬁd

2040 709 2129 759 est
2158 707 2440 764 Romanis
2476 726 2488 762 :
2523 710 2623 764 sed
2671 708 3039 782 simpliciter,
3072 711 3271 768 Scribit
3315 733 3441 773 vero
3470 718 3694 777 divin-us

2038 792 2300 862 lgnatius.
3625 817 3633 866 ζ

2107 883 2173 938 Et
2200 887 2425 954 praviis
2467 887 2995 943 introductionibus.
3031 889 3348 946 Sciendum
3378 897 3530 964 quod
3564 897 3689 967 pri-

2038 986 2165 1026 mas
2219 973 2620 1031 institutiones
2669 976 2876 1030 divinae
2930 977 3247 1049 Scriptura;
3293 986 3456 1036 vocet
3501 982 3684 1042 librOs

2033 1060 2362 1119 Salomonis
2394 1080 2461 1120 ex
2491 1082 2604 1136 quo
2635 1065 2809 1121 etiam
2841 1068 3017 1122 verba
3045 1069 3381 1142 desumpta.

2103 1153 2265 1214 Quod
2298 1153 2556 1209 charitas
2605 1171 2863 1210 amorem
2897 1156 3213 1227 signiﬁcet,
3247 1161 3418 1230 cujus
3465 1177 3680 1218 nomen

2031 1240 2290 1297 divinius
2321 1247 2431 1298 est.
3603 1277 3618 1308 2

2101 1331 2315 1386 Divinis
2344 1333 2546 1402 potius.
2579 1333 2695 1388 Cur
2727 1333 2940 1389 divinis
2983 1335 3179 1406 potius
3223 1337 3554 1395 attribuant
3586 1358 3681 1412 ue-

2028 1435 2157 1474 rum
2193 1437 2451 1476 amorem
2485 1422 2759 1493 theologi.
3617 1459 3622 1484 ι

2093 1510 2325 1578 Nulgus.
2356 1510 2502 1565 Nota
2537 1529 2638 1582 pro
2679 1517 2853 1582 captu
2909 1513 3068 1584 vulgi
3108 1514 3287 1570 etiam
3319 1516 3677 1576 dictionibus

2024 1599 2340 1667 utendum;
2368 1600 2507 1654 dicit
2529 1605 2747 1666 autem,
2772 1602 2907 1670 quid
2937 1602 3109 1656 faciat
3131 1619 3315 1674 amor,
3339 1606 3577 1678 agitque
3604 1611 3677 1663 de

2021 1687 2254 1742 duobus
2292 1688 2614 1757 amoribus,
2649 1689 2845 1744 divino
2875 1694 2933 1745 et
2963 1690 3243 1747 divisibili
3275 1709 3376 1749 seu
3410 1697 3673 1767 corponis

2019 1778 2276 1847 proprio.

2088 1866 2318 1930 Durius.
2352 1867 2638 1923 Videlicet
2669 1871 2949 1940 tanquam
2986 1869 3490 1941 reprehensivum.

2085 1955 2324 2024 Cecidit,
2365 1960 2446 2011 ait
2489 1958 2714 2028 aliquis.
2767 1957 2947 2012 David
2996 1958 3066 2012 de
3116 1958 3374 2015 Jonatha
3421 1961 3564 2018 dicit
3613 1963 3674 2019 in

2021 2044 2211 2115 primo
2247 2049 2493 2116 Regum.

2093 2135 2329 2189 Ponitur
2356 2151 2390 2189 a
2419 2136 2608 2190 sacris.
2643 2135 2804 2190 Idem
2856 2134 3191 2206 signiﬁcare
3234 2135 3580 2195 charitatem
3615 2146 3674 2196 et

2023 2239 2308 2288 amorem,
2341 2241 2406 2278 ac
2437 2241 2564 2294 quae
2598 2224 2677 2278 sit
2707 2224 2926 2279 amoris
2961 2224 3242 2281 efﬁcacia.

2096 2312 2594 2380 Contemperantis.
2629 2314 2689 2369 Id
2723 2317 2832 2380 est,
2856 2313 3006 2368 inter
3027 2330 3089 2369 se
3112 2314 3418 2373 miscentis
3450 2335 3517 2373 ea
3548 2335 3673 2389 qua:

2021 2407 2240 2457 amant.
3457 2417 3459 2419 '

2093 2493 2248 2546 140
2277 2497 2511 2562 Propter
2538 2491 2855 2562 pulchrum.
2890 2493 3051 2558 Quod
3104 2493 3250 2549 dixit
3297 2498 3490 2564 antea,
3523 2496 3672 2551 divi-

2022 2597 2164 2634 num
2197 2597 2457 2635 amorem
2493 2582 2990 2652 praaexsistentem
3025 2585 3088 2638 in
3118 2585 3253 2640 bono
3284 2585 3580 2656 peperisse
3611 2587 3669 2641 in

2020 2669 2191 2724 nobis
2221 2685 2504 2737 amorem,
2537 2686 2640 2740 per
2670 2686 2844 2741 quem
2881 2671 3102 2726 bonum
3135 2673 3488 2744 appetimus.

2089 2759 2117 2829 ξ
2147 2759 2298 2812 XIII.
2333 2757 2659 2813 Exstaticus.
2700 2760 2772 2813 De
2802 2760 3018 2815 exstasi
3051 2761 3269 2815 amoris
3300 2762 3423 2817 sive
3453 2764 3668 2818 virtute

2018 2864 2136 2917 qua
2166 2851 2420 2901 mentem
2452 2847 2521 2901 de
2562 2863 2668 2900 suo
2719 2851 2870 2901 statu
2920 2847 3194 2919 dimovet,
3219 2849 3397 2904 David
3435 2851 3610 2906 etiam
3650 2868 3662 2906 :

2016 2937 2124 3005 Ego
2155 2934 2277 2989 dici
2308 2937 2368 2989 in
2398 2951 2618 2990 excessu
2644 2952 2760 2990 meo
2791 2936 2891 3006 (b).

2089 3025 2194 3092 Qui
2212 3025 2467 3080 excessit.
2491 3024 2740 3079 Observa
2762 3025 3056 3094 quomodo
3083 3025 3444 3098 intelligatur
3468 3027 3622 3082 istud
3646 3043 3660 3082 :

2016 3114 2122 3182 Qui
2150 3114 2383 3168 excessit
2407 3114 2532 3168 Deo.

2083 3203 2429 3257 Audendum.
2481 3203 2680 3272 Ipsum
2738 3218 2972 3273 quoque
3029 3202 3214 3258 Deum
3275 3219 3473 3259 amare
3525 3204 3663 3259 uni-

2011 3310 2198 3348 versa.

2084 3383 2232 3435 Hanc
2259 3381 2322 3435 ob
2353 3395 2580 3434 causam
2628 3379 2797 3434 etiam
2847 3380 3078 3436 χειρίστη
3109 3381 3290 3436 illum.
3326 3383 3449 3447 Quo
3479 3397 3658 3437 sensu

2010 3475 2164 3526 Deus
2211 3469 2440 3524 dicatur
2490 3467 2728 3537 zelotes,
2771 3468 2928 3523 velut
2984 3474 3212 3525 amator
3267 3469 3477 3524 salutis
3534 3487 3657 3524 om-

2009 3559 2197 3614 nium.
2898 3621 2908 3629 _

2076 3651 2103 3714 §
2135 3647 2280 3701 XIV.
2315 3647 2464 3714 Quid
2490 3661 2654 3716 porro
2700 3646 2940 3701 tandem.
2974 3645 3288 3701 Charitatis
3333 3646 3570 3717 quidem
3602 3651 3659 3700 ct

2006 3737 2246 3803 amoris,
2281 3737 2480 3805 ipsum
2524 3751 2735 3806 nempe
2766 3735 2970 3801 Deum,
2998 3741 3295 3790 auctorem
3326 3741 3384 3790 et
3412 3751 3655 3805 genera-

2003 3831 2191 3880 torem
2225 3825 2336 3891 ait;
2369 3825 2494 3892 ipse
2538 3825 2694 3878 enim
2751 3824 2870 3878 haec
2900 3840 3027 3894 quae
3061 3824 3213 3878 intra
3258 3825 3456 3894 ipsum
3488 3828 3654 3878 erant

2003 3913 2280 3986 produxit
2309 3913 2378 3967 ad
2414 3917 2594 3978 extra,
2615 3913 2670 3966 id
2698 3917 2787 3966 est
2811 3917 3136 3979 creaturas;
3172 3912 3398 3982 hacque
3429 3912 3652 3967 ratione

2003 4004 2256 4058 dicitur:
2290 4005 2428 4056 Deus
2455 4000 2698 4056 charitas
2727 4004 2801 4055 est
2824 4001 2915 4071 (c),
2940 4017 3006 4055 ac
3038 4001 3094 4054 in
3118 4002 3346 4056 cantico
3376 4001 3651 4055 similiter

2001 4092 2240 4149 Charitas
2267 4095 2534 4157 vocatur;
2571 4106 2895 4160 rursusque
2933 4089 3156 4144 dulcedo
3205 4094 3262 4144 et
3307 4089 3653 4144 desiderium

2001 4182 2159 4253 quod
2191 4184 2280 4234 est
2309 4195 2494 4233 amor:
2529 4179 2652 4248 ipse
2679 4185 2875 4232 autem
2907 4181 2995 4232 est
3026 4178 3083 4232 id
3119 4179 3273 4247 quod
3302 4193 3431 4232 vere
3465 4177 3654 4245 diligi-

2000 4270 2116 4325 bile
2148 4286 2214 4324 ac
2245 4267 2523 4335 amabile;
2557 4271 2850 4336 quatenus
2871 4283 3008 4337 ergo
3036 4266 3362 4321 amatorius
3394 4284 3556 4322 amor
3588 4285 3656 4322 ex

1992 4375 2099 4430 pso
2136 4360 2464 4428 promanat,
2498 4355 2624 4425 ipse
2663 4354 2846 4423 hujus
2878 4354 3112 4425 genitor
3144 4354 3371 4409 moveri
3403 4355 3657 4421 dicitur;

2013 4451 2306 4517 quatenus
2339 4447 2534 4499 autem
2564 4448 2651 4497 est
2681 4442 2736 4495 id
2785 4444 2936 4512 quod
2969 4459 3102 4496 vere
3148 4442 3400 4497 amabile
3430 4460 3496 4498 ac
3525 4443 3661 4496 dili-

1995 4535 2216 4608 igibile,
2252 4535 2445 4588 movet
2487 4548 2614 4602 quae
2660 4531 2816 4585 hunc
2864 4531 3210 4602 respiciunt,
3244 4535 3300 4584 et
3329 4532 3544 4601 quibus
3576 4531 3662 4586 vis

1924 4617 1971 4681 D
2006 4622 2316 4698 appetendi
2352 4620 2638 4676 convenit.

2078 4711 2388 4768 Amabiiem
2409 4725 2472 4764 ac
2491 4708 2772 4764 dilectum.
2802 4706 3071 4778 Intellige
3094 4707 3274 4762 Deum
3305 4706 3520 4763 habere
3545 4708 3660 4762 vim

2007 4799 2337 4859 adducendi
2369 4799 2440 4854 ad
2474 4797 2822 4876 amatoriam
2854 4797 2914 4850 in
2947 4795 3665 4866 spiritu_communicatio-

2008 4910 2166 4959 nem,
2199 4892 2256 4946 id
2307 4893 2395 4946 est
2449 4889 2624 4959 hujus
2677 4888 3081 4956 mediatorem,
3134 4904 3201 4942 ac
3251 4904 3353 4958 per
3401 4889 3657 4958 seipsum

2007 4979 2449 5038 conciliatorem
2481 4993 2631 5046 esse,
2658 4981 2720 5031 ut
2752 4976 2875 5048 ipse
2899 4993 2932 5030 a
2962 4977 3087 5031 suis
3119 4976 3405 5031 creaturis
3435 4983 3665 5032 ametur

2007 5087 2074 5126 ac
2105 5068 2416 5139 diligatur;
2448 5065 2592 5121 dicit
2621 5068 2816 5120 autem
2851 5063 2964 5119 vim
2998 5064 3267 5120 movendi
3301 5064 3536 5135 habere,
3561 5071 3666 5120 aut

1989 5162 2339 5218 moventem
2371 5153 2605 5225 singula
2656 5152 2980 5208 secundum
3029 5151 3325 5222 propriam
3357 5154 3662 5223 rationem,

1253 5511 1488 5569 VARIIE
1528 5513 1923 5572 LECTIONES
1963 5515 2056 5572 ET
2095 5513 2662 5572 CORRECTIONES.

306 5646 352 5720 1°
376 5641 664 5720 θεοφόρος.
770 5644 809 5678 τί
841 5640 1175 5701 ἐπιστατῶν.

235 5719 279 5752 7"
310 5713 537 5771 ’ἕκαστον
549 5757 561 5770 .

565 5845 830 5909 Panos.
880 5847 992 5908 Gn.
1037 5845 1141 5906 IV.

1277 5645 1324 5680 ⁷³
1353 5643 1447 5706 τὰς
1473 5649 1571 5699 τοῦ
1628 5645 1762 5705 Σολ.
1810 5647 2038 5726 γραφάς.

2140 5650 2186 5685 ⁷³
2218 5647 2457 5703 ἕνοῦντα.
2563 5647 2608 5681 ⁷⁸
2638 5643 2873 5719 εἴρηται.
2980 5648 3024 5683 ⁷⁵
3055 5646 3280 5722 ἐρῶντα.
3387 5648 3432 5686 ⁷⁸
3461 5648 3674 5705 ἑαυτοῦ.

3308 5849 3344 5904 9
