4034 6430
468 412 574 466 267

1290 410 1653 464 APPENDIX
1693 410 1787 461 AD
1827 407 2069 461 OPERA
2104 407 2162 459 S.
2200 405 2518 461 DIONYSII
2557 406 3063 462 AREOPAGITE.
3755 413 3845 470 268

469 539 535 592 ut
563 535 634 590 ad
682 534 880 605 ipsum
911 534 1348 588 convertantur.
1384 535 1562 586 Porro
1594 545 1809 585 nomen
1858 545 2109 601 προαγω-

2234 527 2370 601 πρὸς
2402 528 2561 582 αὐτὸν
2594 529 2638 564 78
2669 524 3100 600 ἐπιστρέφεσθαι.
3156 523 3236 581 Τό
3289 521 3346 578 ὂὶ
3389 528 3486 590 τῆς
3529 535 3844 608 προαγωγίας

467 624 582 698 γία,
629 622 924 694 promotio,
957 620 1067 676 etsi
1116 621 1271 691 apud
1323 621 1598 691 profanos
1649 617 1944 689 signiﬁcet
1990 632 2113 671 rem

466 716 782 784 impuram,
817 715 1069 764 attamen
1099 708 1194 762 hic
1225 706 1366 762 dicit
1404 706 1884 762 intercessionem
1915 704 2114 760 conci-

463 801 750 857 liatricem
785 797 1070 854 unitionis
1099 812 1232 850 cum
1263 796 1399 851 Deo.

537 892 602 945 Et
628 890 726 945 illo
756 887 976 960 quidem
1005 893 1276 941 movetur.
1308 884 1458 939 Nota
1480 883 1736 938 divinam
1770 882 2113 952 motionem,

466 979 527 1035 in
559 996 677 1052 qua
706 981 991 1046 movetur,
1023 979 1080 1032 et
1111 975 1202 1030 sui
1235 977 1328 1029 est
1358 978 1658 1044 promotor
1687 977 1746 1028 et
1776 975 2000 1028 motum
2033 972 2116 1026 fa-

470 1069 630 1124 ciens
662 1067 838 1123 Deus.

541 1160 616 1213 Ac
644 1157 894 1212 eximiae.
931 1152 1228 1208 Amatoris.
1254 1168 1387 1207 cum
1423 1153 1536 1208 Deo
1567 1151 1775 1216 unitio,
1799 1153 2038 1222 praestat
2065 1155 2119 1204 et

471 1244 866 1317 supereminet
894 1241 1053 1298 omni
1094 1240 1386 1309 unitione;
1429 1238 1768 1314 ἰξῃρημένην
1803 1238 1984 1311 igitur
2014 1255 2118 1294 su-

470 1335 755 1407 periorem
788 1335 986 1399 vocat;
1033 1330 1174 1386 dicit
1201 1347 1337 1386 vero
1369 1345 1625 1385 amorem
1659 1328 1920 1384 divinum
1955 1327 2118 1398 prin-

467 1424 603 1495 cipii
635 1430 686 1479 el
727 1422 864 1477 ﬁnis
895 1424 1210 1492 expertem,
1249 1422 1310 1474 ut
1358 1435 1428 1475 ex
1480 1419 1633 1474 bono
1686 1417 2116 1490 procedentem,

467 1518 526 1568 et
573 1513 645 1567 ad
693 1511 910 1566 bonum
944 1510 1286 1564 redeuntem
1337 1507 1507 1579 quasi
1556 1505 1862 1562 circularis
1906 1506 2115 1577 ﬁgura,

466 1599 944 1674 quandoquidem
979 1603 1035 1653 et
1067 1597 1368 1652 circularis
1408 1597 1564 1651 linea
1593 1594 1888 1651 occultum
1920 1594 2115 1665 habet,

464 1692 622 1746 unde
678 1688 1005 1761 incoeperit,
1046 1691 1103 1742 et
1157 1686 1258 1741 ubi
1318 1685 1585 1754 desierit;
1649 1684 1809 1756 atqui
1869 1701 1938 1738 ex
1992 1683 2117 1754 ipso

463 1780 759 1852 appetitus
807 1777 966 1843 boni,
1015 1781 1071 1832 et
1119 1776 1334 1830 iterum
1395 1776 1454 1829 in
1512 1774 1710 1846 ipsum
1766 1772 2022 1844 aspicit:
2057 1772 2115 1827 in

465 1869 661 1940 seipso
713 1870 910 1922 autem
960 1869 1017 1921 et
1065 1868 1174 1935 est,
1215 1869 1273 1919 et
1320 1865 1468 1919 141
1523 1867 1722 1919 manet
1768 1878 1932 1917 amor
1982 1878 2118 1918 con-

463 1956 751 2013 naturalis
780 1953 1082 2021 bonitatis,
1116 1970 1180 2009 ac
1211 1969 1416 2009 eorum
1449 1968 1577 2023 qum
1623 1953 1696 2008 ad
1739 1951 1960 2008 bonum
1990 1955 2116 2006 ten-

467 2047 637 2102 dunt

535 2134 873 2189 Amatoriam
909 2131 1232 2187 motionem.
1284 2129 1650 2185 Amatoriam
1708 2128 1846 2186 boni
1905 2127 2116 2184 motio-

465 2241 622 2294 nem,
657 2221 1155 2294 praaexsistentem
1206 2221 1264 2276 in
1314 2219 1489 2286 bono,
1523 2217 1874 2291 simplicem,
1908 2233 1972 2272 ac
2018 2233 2119 2289 per

463 2331 526 2370 se
557 2313 901 2376 motionem,
929 2313 1105 2381 atque
1127 2325 1197 2366 ex
1218 2309 1369 2365 bono
1392 2309 1883 2381 progredientem,
1909 2323 2116 2362 rursus

459 2402 519 2457 in
554 2402 707 2457 idem
747 2403 1106 2466 convertere,
1137 2416 1272 2454 cum
1323 2398 1610 2470 principio
1642 2402 1700 2453 et
1738 2397 1853 2451 ﬁne
1901 2399 2115 2462 careat,

459 2492 617 2562 quod
638 2490 901 2545 declarat
922 2488 1249 2560 appetitum
1276 2492 1544 2543 nostrum
1569 2503 1704 2558 erga
1728 2486 2113 2540 divinitatem.

459 2582 608 2636 Nota
637 2596 770 2634 vero
820 2579 1098 2648 deinceps
1130 2577 1324 2632 dicere
1368 2580 1718 2648 perpetuum
1750 2592 1880 2630 esse
1915 2575 2116 2633 orbem

463 2669 522 2724 in
555 2671 729 2737 bono,
755 2668 1160 2740 progrediente
1191 2665 1429 2737 quidem
1460 2666 1587 2736 ipso
1619 2665 1689 2720 ad
1722 2663 2119 2735 intelligibilia

463 2763 521 2813 et
551 2757 814 2825 sensilia,
846 2756 1063 2811 iterum
1097 2760 1293 2810 autem
1325 2755 1396 2810 ad
1438 2771 1500 2810 se
1543 2759 1890 2819 revertente,
1916 2769 1981 2808 ec
2013 2769 2115 2806 ne-

466 2862 580 2917 que
608 2849 824 2911 stante,
857 2861 1049 2917 neque
1080 2847 1368 2899 cessante.

993 2938 1075 2989 Ex
1103 2933 1226 2988 divo
1267 2931 1587 2988 Hierotheo.

536 3022 706 3091 §XV.
738 3023 1016 3077 Amorem.
1048 3020 1217 3075 Disce
1265 3022 1561 3090 quomodo
1613 3033 1866 3087 magnus
1915 3017 2114 3072 Hiero-

462 3111 635 3166 theus
667 3111 885 3182 optime
915 3110 986 3164 de
1013 3109 1309 3163 laudando
1362 3124 1561 3164 amore
1611 3105 1891 3174 disserat;
1928 3106 2116 3176 primo

463 3199 698 3271 quidem
717 3199 919 3253 dicens
937 3197 1136 3270 ipsum
1160 3194 1935 3266 divinum,quandoquidem
1960 3194 2116 3250 Deus

2147 1910 2195 1976 B

2227 609 2422 687 ὄνομα,
2455 615 2501 670 εἷ·
2529 617 2617 670 καὶ
2651 616 2798 686 παρὰ
2843 619 2962 676 τοῖς
3005 618 3111 668 τῶν
3164 611 3356 683 ἔξωθεν
3405 621 3624 692 πρᾶγμα
3669 625 3844 694 σημαί-

2226 724 2302 758 νει
2364 704 2462 758 οὐκ
2508 704 2715 781 εὐαγὲς,
2770 701 2894 759 ἀλλ’
2947 703 3171 758 ινταῦθα
3217 703 3318 772 τήν
3368 703 3613 778 πρόξενον
3658 716 3749 778 τῆς
3801 713 3844 767 ἐν

2227 796 2344 865 Θεῷ
2373 791 2616 854 ἐνώσεως
2654 792 2923 866 μεσιτείαν
2956 791 3115 864 φησί.

2300 882 2395 936 Καὶ
2445 883 2505 936 τὸ
2549 883 2641 954 μὲν
2692 887 2940 940 κινεῖται.
2993 877 3314 954 Σημιίωσαι
3358 881 3567 952 κίνησιν
3622 886 3777 959 θείαν,
3803 888 3844 943 ἐν

2227 969 2515 1045 ᾔκινιῖται
2561 971 2651 1025 καὶ
2702 971 2866 1026 αὐτοῦ
2909 970 3020 1026 ἐστι
3067 970 3416 1045 προαγωγεὺς
3460 970 3550 1025 καὶ
3595 977 3847 1045 κινητικὸς

2229 1060 2256 1114 6
2289 1059 2440 1122 Θεός.

2299 1150 2407 1205 Καὶ
2462 1152 2560 1218 τῆς
2617 1149 2972 1226 ἐξῃρημένης.
3046 1150 3111 1206 Ἡ
3177 1145 3314 1224 πρὸς
3375 1149 3500 1204 Θεὸν
3564 1151 3846 1226 ἀγαπητικὴ

2227 1236 2421 1301 ἵνωσις
2479 1238 2659 1310 πάσης
2729 1239 2986 1313 ἐξῄρηται
3057 1238 3146 1293 καὶ
3227 1238 3531 1314 ὑπερκειται
3589 1240 3847 1307 ἒνώσεως·

2231 1328 2570 1404 ἐξῃρημένην
2628 1327 2717 1382 οὖν
2773 1329 2873 1396 τὴν
2929 1327 3195 1404 ἀνωτέραν
3257 1326 3418 1402 φησίν
3456 1347 3469 1361 ·
3532 1327 3756 1405 ἄναρχον
3806 1330 3851 1388 δὲ

2229 1418 2318 1473 καὶ
2350 1415 2704 1488 ἀτελεύτητον
2762 1416 2854 1472 τὸν
2907 1421 3049 1481 θεῖον
3107 1413 3284 1493 ἔρωτα
3337 1415 3510 1492 λέγει,
3567 1420 3637 1480 ὡς
3690 1419 3850 1475 6x105

2229 1507 2428 1582 ἀγαθοῦ
2456 1502 2741 1580 προϊόντα,
2773 1506 2863 1562 καὶ
2893 1507 3029 1582 πρὸς
3079 1507 3143 1561 τὸ
3189 1506 3384 1582 ἀγαθὸν
3417 1504 3852 1583 ἑπαναστρὲφοντα

2228 1597 2363 1652 κατὰ
2389 1603 2581 1672 σχῆμα
2605 1594 2864 1651 κυκλικόν
2893 1616 2903 1627 ·
2938 1595 3052 1650 ἐπεὶ
3096 1595 3185 1650 καὶ
3236 1598 3272 1666 ἡ
3315 1599 3413 1650 τοῦ
3465 1595 3665 1652 κύκλου
3693 1619 3849 1673 γραμ-

2233 1686 2309 1759 μὴ
2343 1684 2403 1740 οὐ
2433 1686 2708 1761 γνώριμον
2742 1682 2859 1760 ἔχει
2907 1683 3025 1740 ὅθεν
3077 1683 3301 1760 ἤρξατο,
3351 1683 3442 1739 καὶ
3483 1685 3544 1740 οὗ
3572 1684 3810 1756 κατέληξε
3836 1730 3847 1743 .

2228 1776 2315 1830 καὶ
2350 1772 2451 1850 γάρ
2489 1773 2538 1845 ἐξ
2567 1774 2731 1829 αὐτοῦ
2763 1779 2796 1844 ἡ
2847 1779 2943 1829 τοῦ
2991 1774 3194 1850 ἀγαθοῦ
3247 1769 3450 1848 ἔφεσις,
3499 1773 3587 1828 καὶ
3617 1775 3687 1836 εἰς
3717 1775 3849 1830 αὐτὸν

2230 1862 2400 1920 πάλιν
2432 1866 2578 1939 ὁρᾷ·
2613 1862 2664 1919 ἒν
2712 1865 2886 1935 ἑαυτῷ
2937 1862 2996 1919 δί
3043 1863 3134 1918 καὶ
3189 1861 3298 1918 ἔστι
3345 1864 3434 1918 καὶ
3491 1865 3636 1937 μὲνει
3661 1865 3718 1918 τὸ
3745 1863 3844 1938 ἰρᾷν

2223 1961 2323 2023 τῆς
2355 1954 2634 2031 συμφυοῦς
2682 1953 3035 2030 ἁγαθότητος,
3085 1953 3177 2007 καὶ
3225 1957 3334 2007 τῶν
3385 1953 3521 2026 πρὸς
3568 1952 3629 2006 τὸ
3675 1953 3844 2026 ἀγαθὸν

2225 2042 2676 2116 ἀνατεινομένων.

2297 2134 2596 2206 Ἐρωτικὴν
2643 2151 2874 2200 κινησιν.
2921 2131 3045 2187 ’Ότι
3109 2131 3144 2198 ἡ
3203 2128 3440 2205 ἐρωτικὴ
3496 2128 3717 2200 κίνησις,
3768 2133 3846 2184 τοῦ

2227 2222 2425 2295 ἀγαθοῦ
2466 2220 2927 2296 προῦπάρχουσα,
2973 2217 3024 2273 ἐν
3085 2223 3164 2290 τῷ
3227 2218 3420 2293 ἀγαθῷ
3465 2215 3610 2287 ἁπλῆ
3666 2216 3745 2272 καὶ
3772 2217 3845 2272 αὖε

2223 2311 2508 2380 τοκίνητος
2552 2307 2704 2377 οὖσα,
2748 2308 2837 2363 καὶ
2897 2307 2956 2362 ὶκ
3001 2311 3099 2362 τοῦ
3157 2307 3362 2381 ἀγαθοῦ
3419 2311 3696 2382 προϊοῦσα,
3725 2305 3847 2369 αὖθις

2227 2399 2314 2454 ἐπὶ
2372 2401 2433 2454 τὸ
2489 2399 2618 2454 αὐτὸ
2677 2396 3008 2474 ἐπιστρέφει,
3079 2395 3444 2466 ἀτελεύτητος
3503 2395 3590 2450 καὶ
3645 2393 3844 2470 ἄναρχος

2228 2487 2379 2557 οὖσα,
2415 2490 2547 2562 ὅπερ
2599 2486 2766 2558 δηλοῖ
2812 2487 2910 2554 τὴν
2959 2488 3121 2558 ἡμῶν
3179 2482 3363 2563 ἔφεσιν
3423 2487 3558 2559 πρὸς
3607 2485 3665 2539 τὸ
3705 2489 3842 2547 θεῖον.

2228 2578 2544 2649 Σημείωσαι
2577 2575 2655 2649 δὶ,
2689 2578 2775 2630 ὅτι
2828 2573 3003 2632 ἀὶδιον
3049 2573 3251 2630 κύκλον
3302 2576 3514 2648 προϊών
3559 2594 3707 2652 φησιν
3738 2573 3843 2626 εἶναι

2225 2667 2278 2722 ὲν
2306 2672 2384 2721 τῶ
2415 2667 2624 2740 ἀγαθῷ,
2659 2665 2950 2740 προϊόντος
3001 2664 3096 2736 μὲν
3148 2662 3314 2717 αὐτοῦ
3362 2661 3449 2717 ἐπὶ
3493 2662 3560 2718 τὰ
3593 2660 3747 2731 νοητὰ
3770 2658 3840 2714 καὶ

2226 2755 2476 2827 αἰσθητὰ,
2535 2753 2698 2809 πάλιν
2747 2751 2806 2808 δὲ
2859 2753 2996 2824 πρὸς
3049 2750 3237 2807 ἑαυτὸν
3302 2750 3720 2829 ὑποστρέφοντος
3769 2748 3837 2801 καὶ

2230 2847 2368 2917 μήτε
2389 2844 2700 2916 ἱσταμένου,
2733 2844 2870 2914 μήτε
2900 2841 3194 2916 λήγοντος.

2685 2933 2781 2987 Ἐκ
2804 2934 2904 2984 τοῦ
2937 2930 3094 3004 ἁγίου
3124 2930 3417 3005 Ἱεροθὲου.

2294 3022 2474 3090 ξΧν.
2519 3024 2592 3094 [α]
2638 3021 2744 3077 Τὸν
2795 3018 2990 3094 ἔρωτα.
3042 3020 3400 3089 Ἐπίστησον,
3461 3017 3604 3078 ὅπως
3653 3015 3840 3091 μέγαςπ

2225 3112 2484 3185 Ἱεροθεος
2531 3111 2598 3164 τὰ
2644 3109 2766 3182 περὶ
2824 3112 2919 3162 τοῦ
2964 3105 3245 3162 ἐπαῖνιτοῦ
3294 3107 3500 3185 ἔρωτος
3551 3104 3726 3182 ἄριστα
3772 3123 3840 3177 φι-

2225 3197 2453 3273 λοσοφεῖ
2485 3218 2496 3230 ·
2531 3203 2748 3272 πρῶτον
2781 3197 2896 3270 μὶν,
2948 3202 3088 3260 θεῖον
3140 3196 3299 3252 αὐτὸν
3351 3197 3544 3271 λέγων,
3577 3190 3746 3258 ἐπειδὴ
3773 3185 3843 3244 καὶ

462 3288 543 3344 sit
573 3286 780 3342 eximie
810 3303 876 3341 ac
908 3285 1035 3341 sine
1066 3301 1242 3340 causa
1280 3287 1502 3355 primus
1525 3288 1729 3339 auctor
1759 3285 1976 3338 amoris
2007 3299 2109 3338 coe-

2226 3292 2442 3362 πρῶτον
2485 3287 2658 3341 αἴτιον
2698 3291 2794 3340 τοῦ
2846 3285 3098 3359 οὐρανίου
3138 3280 3348 3360 ἔρωτος
3381 3287 3408 3339 6
3440 3283 3564 3346 Θεός
3597 3283 3724 3338 ἐστιν
3749 3277 3843 3348 ἐξη-

463 3376 658 3444 lestis;
693 3375 741 3430 si
785 3375 942 3430 enim
994 3390 1158 3430 amor
1187 3382 1274 3429 est
1326 3373 1602 3437 charitas,
1627 3372 1783 3426 sicut
1831 3376 2004 3426 antea
2034 3373 2120 3426 di-

461 3470 645 3531 ctum,
681 3468 737 3521 et
767 3465 1055 3536 scriptum
1089 3468 1178 3518 est
1207 3463 1392 3517 Deum
1428 3461 1777 3516 charitatem
1810 3476 1960 3528 esse,
1998 3478 2122 3516 ma-

462 3554 744 3610 nifestum
775 3559 863 3608 est
893 3553 1079 3607 Deum
1113 3568 1243 3628 esse
1269 3550 1533 3605 omnium
1562 3567 1822 3606 amorem
1849 3567 1952 3606 seu
1987 3551 2121 3606 cha-

461 3643 698 3699 ritatem
730 3659 914 3696 unum
955 3640 1340 3708 efficientem;
1373 3639 1536 3694 illinc
1573 3638 1756 3711 igitur
1795 3657 1897 3710 per
1926 3645 2116 3696 trans-

465 3731 828 3802 gressionem
868 3729 1240 3802 progreditur
1286 3729 1359 3783 ad
1410 3727 1669 3798 angelos,
1716 3729 1872 3783 unde
1920 3729 2116 3798 ipsum

467 3837 700 3892 quoque
731 3819 1058 3890 angelicum
1081 3817 1240 3887 dicit,
1270 3816 1370 3871 ubi
1403 3815 1653 3871 maxime
1683 3816 1948 3870 divinum
1983 3815 2116 3870 uni-

465 3910 604 3965 tatis
631 3925 889 3965 amorem
912 3907 1129 3978 aliquis
1157 3906 1426 3978 reperiat,
1451 3905 1598 3960 nihil
1620 3904 1776 3960 enim
1802 3904 2114 3960 dissonum

460 4002 560 4054 aut
592 3997 943 4053 seditiosum
967 3995 1123 4067 apud
1154 3995 1334 4066 ipsos.
1359 3994 1580 4049 Deinde
1611 3997 1744 4069 post
1771 3992 2030 4066 angelos,
2057 3999 2114 4050 et

459 4086 887 4159 intelligentem
934 4085 1016 4140 ait
1063 4100 1348 4154 amorem,
1380 4083 1437 4137 id
1470 4086 1579 4148 est,
1613 4082 1673 4138 in
1723 4081 1866 4137 viris
1917 4082 2111 4138 divina

455 4175 846 4249 sapientibus,
869 4173 968 4246 qui
1008 4177 1150 4230 sunt
1189 4172 1455 4230 Ecclesia
1491 4188 1505 4228 :
1540 4172 1611 4227 de
1642 4172 1862 4244 quibus
1892 4172 2108 4229 Paulus

453 4266 630 4321 dicit:
657 4264 730 4319 Ut
760 4264 913 4320 idem
947 4263 1197 4332 dicatur,
1225 4267 1282 4318 et
1326 4265 1530 4316 caetera
1558 4261 1648 4333 (θ),
1676 4277 1739 4315 ac
1773 4261 2055 4317 Dominus
2088 4279 2101 4318 :

454 4357 519 4412 Ut
549 4356 665 4410 sint
694 4370 887 4420 unum,
919 4355 1060 4408 sicut
1089 4359 1142 4408 el
1171 4367 1269 4407 nos
1317 4368 1487 4406 unum
1532 4366 1719 4405 sumus
1742 4354 1842 4419 (e);
1878 4354 1934 4406 et
1982 4351 2103 4407 hzec

448 4444 687 4517 quidem
717 4444 808 4514 [de
839 4441 992 4498 veris
1025 4441 1373 4496 Christianis
1407 4457 1418 4494 :
1457 4444 1658 4511 postea
1706 4457 1838 4495 vero
1869 4441 1939 4496 de
1973 4441 2102 4495 uni-

441 4532 628 4589 versis
651 4531 1013 4598 hominibus,
1034 4532 1090 4586 in
1115 4529 1332 4602 quibus
1353 4529 1444 4585 lex
1467 4527 1759 4599 amicitiae,
1786 4528 2100 4586 rationales

2208 4447 2316 4497 τῶν
2374 4441 2424 4513 ἐξ
2485 4441 2742 4512 ἀληθείας
2793 4441 3125 4514 Χριστιάνῶν
3158 4458 3170 4470 ·

2208 4532 2422 4585 πάντων
2455 4529 2778 4606 ἀνθρώπων,
2835 4528 2895 4584 ix
2954 4529 3033 4593 οἷς
3093 4530 3119 4583 6
3171 4530 3297 4606 περὶ
3351 4527 3535 4604 φιλίας
3572 4523 3728 4596 νόμος
3755 4520 3826 4569 π’-

2233 3377 2484 3450 ρημένως
2513 3375 2602 3430 καὶ
2635 3373 2886 3436 ἀναιτίως
2917 3392 2930 3406 ⁸
2969 3373 3013 3427 εἰ
3060 3373 3160 3449 γὰρ
3215 3375 3242 3428 6
3287 3369 3430 3450 ἔρως
3475 3372 3628 3435 αὐτός
3671 3368 3841 3432 ἔστινὴ

2229 3464 2438 3540 ἀγάπη,
2471 3465 2545 3522 ὡς
2586 3463 2934 3538 προείρηται,
2983 3463 3281 3539 γέγραπται
3345 3462 3422 3533 δὶ,
3475 3461 3704 3520 ὅτιθεὸς
3732 3456 3842 3531 ἀγά-

2227 3574 2304 3624 πη
2339 3552 2474 3619 ἐστὶ,
2509 3550 2679 3622 δῆλον
2731 3550 2813 3606 ὅτι
2858 3550 3073 3605 πάντων
3126 3551 3386 3615 ἑνοποιὸς
3435 3550 3571 3625 ἔρως
3595 3547 3708 3618 ἤτοι
3737 3543 3843 3618 ἀγά-

2227 3663 2302 3711 πη
2355 3644 2383 3697 6
2425 3643 2554 3704 Θεός
2610 3640 2775 3697 ἐστιν.
2824 3643 3057 3704 Ἐκεῖθεν
3112 3641 3201 3694 οὗν
3256 3635 3630 3713 μεταϐατικῶς
3685 3634 3840 3708 πρόειο

2227 3751 2306 3784 σιν
2340 3729 2421 3784 ἐπ’
2463 3728 2725 3805 ἀγγέλους
2761 3748 2773 3762 ⁶
2821 3728 2941 3792 ὅθεν
2989 3729 3076 3783 καὶ
3132 3727 3430 3804 ἀγγελικὸν
3479 3727 3633 3783 αὐτόν
3684 3741 3838 3801 φησιν,

2225 3817 2350 3872 ἔνθα
2410 3818 2645 3891 μάλιστα
2696 3817 2786 3871 καὶ
2845 3819 2936 3872 τὸν
2995 3823 3094 3886 τῆς
3162 3816 3420 3889 ἒνότητος
3485 3815 3623 3888 εὕροι
3680 3831 3751 3872 τις
3794 3805 3839 3859 ἂν

2223 3905 2399 3981 ἔρωτα
2429 3909 2569 3962 θεῖον
2607 3926 2619 3938 ·
2651 3904 2806 3961 οὐδέν
2839 3906 2939 3982 γὰρ
2990 3905 3322 3982 ἀσύμφωνον
3365 3904 3401 3975 ἤ
3433 3905 3705 3970 στασιάζον
3735 3895 3838 3969 παρ’

2221 3995 2401 4057 αὐτοῖς
2439 4015 2450 4028 '
2486 3998 2600 4050 εἶτα
2633 3996 2747 4067 μετ’
2799 3992 3081 4070 ἀγγέλους,
3136 3994 3228 4049 καὶ
3271 3995 3461 4072 νοερόν
3493 4013 3646 4072 φησιν
3673 3987 3835 4064 ἔρωτα,

2217 4084 2458 4139 τουτέστι
2503 4086 2650 4160 ποιρὰ
2687 4083 2971 4161 θεοσόφοις
3027 4081 3308 4158 ἀνδράσιν,
3368 4081 3431 4138 οἷ’
3480 4081 3580 4137 εἶσι
3623 4084 3711 4148 τῆς
3739 4078 3835 4128 Ἐκ·

2215 4173 2447 4245 κλησίας
2485 4195 2496 4208 ’
2529 4174 2666 4250 πρὸς
2697 4172 2787 4236 οὓς
2840 4175 2868 4228 6
2919 4170 3132 4235 Παῦλός
3182 4194 3372 4246 φησιν,
3407 4179 3494 4227 Ινα
3521 4171 3582 4226 τὸ
3613 4167 3735 4223 αὑτὸ
3765 4161 3833 4218 λέ-

2213 4286 2394 4339 γηται,
2439 4264 2528 4319 καὶ
2586 4263 2651 4318 τὰ
2708 4263 2868 4333 ἑξῆςο
2928 4264 3014 4317 καὶ
3077 4264 3105 4318 6
3161 4260 3384 4337 Κύριος,
3443 4263 3554 4317 Ἵνα
3608 4259 3724 4312 ὦσιν
3770 4251 3832 4339 ἓν,

2211 4338 2390 4414 καθὼς
2448 4352 2534 4407 καὶ
2595 4355 2757 4425 ἡμεῖς
2829 4347 2884 4406 ἓν
2960 4349 3142 4422 ἐσμεν.
3222 4353 3323 4405 Καὶ
3373 4353 3540 4404 ταῦτα
3600 4347 3685 4420 μὲν
3733 4338 3832 4413 περὶ

3233 4437 3429 4494 λοιπὸν
3491 4436 3546 4492 δὲ
3593 4435 3675 4490 καὶ
3729 4425 3832 4498 περὶ

443 4625 640 4677 autem
689 4622 920 4676 animas
951 4619 1350 4691 intelligentes
1400 4621 1571 4673 antea
1618 4618 1862 4688 vocavit,
1896 4618 1981 4674 sic
2030 4637 2097 4675 ex

2226 4619 2297 4682 τὰς
2329 4617 2386 4674 δὲ
2418 4619 2640 4694 λογικὰς
2691 4619 2872 4693 ψυχὰς
2921 4616 3110 4693 νοερᾶς
3157 4623 3449 4693 προσεῖπεν
3501 4615 3560 4670 ἐκ
3583 4616 3674 4668 τοῦ
3705 4606 3825 4663 Θείου

441 4710 640 4764 divina
672 4713 866 4764 mente
913 4707 1219 4781 appellans
1253 4725 1266 4762 :
1303 4703 1619 4760 animalem
1655 4722 1784 4761 vero
1833 4723 2092 4763 amorem

440 4795 765 4854 nominavit
795 4796 1136 4854 sensibilem
1163 4797 1472 4850 brutorum
1507 4794 1850 4864 amicitiam,
1876 4796 2088 4853 mentis

436 4888 710 4959 equidem
757 4889 1055 4958 expertem
1099 4901 1111 4938 :
1152 4900 1221 4939 ex
1268 4883 1553 4939 amatoria
1602 4883 1710 4938 hac
1761 4884 1997 4953 virtute,
2032 4891 2089 4942 et

431 4976 698 5031 volucres
745 4973 1031 5045 gregatim
1063 4972 1282 5039 volant,
1315 4977 1379 5026 ut
1428 4971 1616 5043 cygni,
1651 4978 1708 5026 et
1738 4989 1997 5042 anseres,
2029 4978 2086 5030 et

431 5079 626 5136 grues,
660 5068 717 5119 et
746 5062 924 5130 corvi,
957 5066 1014 5116 et
1051 5077 1180 5132 quae
1231 5059 1478 5128 similia;
1514 5077 1580 5115 ac
1619 5061 1917 5117 terrestria
1947 5063 2082 5134 qui-

431 5153 562 5207 dem
595 5156 738 5208 sunt
784 5150 944 5217 talia,
977 5149 1154 5219 cervi,
1187 5150 1382 5220 boves,
1415 5154 1472 5205 et
1512 5165 1642 5221 quae
1673 5151 1873 5207 affinia
1903 5157 2078 5222 sunt;

429 5243 605 5310 atque
635 5238 919 5305 natantia,
945 5241 1007 5294 ut
1035 5236 1243 5309 thynni
1273 5243 1330 5293 et
1358 5236 1587 5309 cephali
1613 5255 1716 5295 seu
1739 5239 1992 5312 mugiles
2013 5258 2079 5298 ac

493 5417 568 5488 (εἰ)
601 5415 858 5488 Philipp.
888 5432 949 5485 η,
981 5419 1035 5471 2.
1111 5415 1186 5489 (e)
1217 5415 1386 5473 Joan.
1422 5433 1561 5489 xvn,
1596 5417 1686 5477 11.

2202 4713 2294 4764 νοῦ
2345 4709 2658 4786 προσειπὼν
2724 4707 2887 4769 αὐτάς
2918 4727 2929 4740 ·
2981 4708 3217 4782 ψυχικὸν
3279 4705 3337 4762 δὶ
3389 4703 3634 4762 ἐκάλεσεν
3682 4694 3828 4773 ἔρωτα

2195 4799 2286 4853 τὸν
2321 4802 2425 4852 τῶν
2462 4795 2701 4872 ἀλόγων,
2739 4797 2838 4864 τήν
2887 4793 3211 4866 αἲσθητικήν
3247 4793 3455 4873 φιλίαν,
3489 4790 3641 4848 ἄνουν
3671 4784 3824 4860 μέντοι

2196 4883 2458 4957 δηλονότι
2493 4905 2505 4918 ο
2538 4868 2598 4941 ἐκ
2624 4885 2726 4960 γὰρ
2757 4891 2857 4954 τῆς
2905 4883 3173 4960 ἐρωτικῆς
3217 4868 3423 4954 τᾶύτης
3457 4879 3725 4952 δυνάμεως
3750 4868 3823 4960 καξ

2192 4976 2367 5046 πτηνὰ
2397 4971 2666 5051 ἀγεληδὸν
2717 4971 2997 5045 ’ίπτανται,
3043 4972 3119 5036 ὡς
3157 4971 3371 5041 κύκνοι,
3414 4969 3502 5026 καὶ
3548 4974 3720 5042 χῆνες,
3746 4953 3820 5013 καὶ

2189 5065 2431 5140 γέρανοι,
2463 5062 2551 5118 καὶ
2581 5062 2829 5138 κόρακες,
2863 5061 2952 5115 καὶ
2987 5060 3088 5115 ὅσα
3116 5065 3340 5116 τοιαῦτα
3364 5079 3375 5092 ·
3411 5054 3643 5123 καὶπιζὰ
3664 5051 3820 5124 μέντοι

2190 5152 2293 5206 εἰσὶ
2321 5156 2565 5221 τοιαῦτα,
2597 5146 2816 5226 ἔλαφοι,
2869 5150 3010 5224 βόες,
3059 5149 3149 5204 καὶ
3196 5150 3264 5204 τὰ
3321 5145 3671 5224 παραπλήσια
3702 5157 3712 5170 '
3743 5135 3820 5190 καὶ

2187 5243 2358 5312 νηκτᾶ
2414 5238 2471 5296 δὲ
2526 5240 2681 5313 εἰσιν,
2747 5239 2822 5300 ὡς
2885 5237 3088 5307 Θύννοι,
3155 5237 3244 5293 καὶ
3302 5234 3554 5313 κέφαλοι,
3611 5229 3692 5286 καὶ
3737 5222 3819 5279 ὅσα

1425 5585 1670 5642 VARIIE
1709 5585 2102 5649 LEGTIONES
2141 5589 2231 5647 ET
2269 5588 2828 5648 CORRECTIONES.

485 5721 527 5757 ⁷⁸
558 5717 765 5775 ἔαυτόν.
844 5721 887 5757 ⁷⁸
919 5719 946 5772 6
980 5718 1162 5793 μέγας.
1240 5715 1541 5792 ἨἸ’ίλόγοφ
