4034 6400
221 420 336 475 269

985 429 1044 481 8.
1089 429 1366 485 MAXIM!
1406 429 1712 485 SCHOLIA
1749 430 1824 485 IN
1862 432 1997 484 LIB.
2039 432 2136 484 DE
2175 431 2453 486 DIVINIS
2491 430 2911 487 NOMINIBUS.

3549 427 3655 482 270

222 540 601 622 ὁμοιότροπα.
636 547 735 603 Καὶ
788 546 857 602 τὰ
916 550 992 622 μὴ
1046 547 1277 625 ἀγελαῖα
1336 550 1394 607 δὲ
1438 553 1578 627 πρὸς
1630 553 1730 620 τήν
1778 556 1885 607 τῶν

2011 570 2129 626 quae
2161 553 2523 625 hujusmodi.
2558 555 2684 611 Non
2729 554 2989 627 gregalia
3017 570 3174 621 vero,
3206 553 3345 609 hinc
3373 553 3550 609 etiam
3582 554 3654 609 ad
3727 545 3730 548 ’

222 633 585 710 ὁμοστοίχων
621 634 847 692 σύνοδον
872 631 1017 693 ἔνθεν
1048 642 1352 700 κινοῦνται.
1384 641 1619 695 Φυσικὸν
1642 638 1698 695 δὲ
1716 637 1893 717 ἔρωτα

222 743 359 800 φησι
387 723 485 778 τὸν
518 728 631 779 τῶν
656 724 887 802 ἀψύχων
906 725 997 782 καὶ
1020 729 1355 799 ἀναισθήτων
1383 730 1521 785 κατὰ
1545 731 1646 799 τήν
1669 728 1887 798 ἐκτικὴν

224 807 680 883 ἐπιτηδειότητα,
710 812 835 883 ἤτοι
866 821 968 885 τῆς
1010 817 1329 887 ποιότητος,
1362 817 1610 893 ἐρώντων
1661 823 1759 874 τοῦ
1791 815 1889 889 δη-

228 904 502 975 μιουργοῦ
535 898 627 956 διὰ
650 903 716 957 τὸ
768 904 856 959 ὑπ’
887 904 1058 960 αὐτοῦ
1107 906 1441 962 συνεστάναι·
1473 907 1608 963 κατά
1660 908 1752 962 οὖν
1791 907 1891 975 τὴν

224 990 496 1061 ζωτικὴν,
555 988 682 1059 ἤτοι
742 993 840 1061 τὴν
901 995 1133 1070 φυσικὴν
1165 994 1401 1066 κίνησιν,
1449 996 1539 1052 καὶ
1593 996 1727 1052 αύτὰ
1766 995 1887 1051 ἐπε-

224 1096 498 1143 στραπται
531 1079 672 1153 πρὸς
704 1082 795 1136 τὸν
830 1082 989 1140 Θεόν.

294 1171 513 1237 θχνι.
547 1170 773 1242 Ἐπειδὴ
829 1172 957 1235 τοὺς
1013 1172 1076 1229 ἐκ
1128 1179 1226 1230 τοῦ
1286 1177 1425 1240 ἒνός·
1485 1176 1591 1232 Καὶ
1640 1174 1751 1231 ἄνω
1809 1173 1889 1231 εἷ’-

223 1277 425 1329 πομεν,
458 1260 624 1334 νοερὰ
654 1261 748 1334 μὲν
781 1262 912 1316 εἶναι
941 1263 1008 1318 τὰ
1037 1268 1282 1334 νοοῦντα,
1316 1266 1487 1336 νοητὰ
1536 1264 1594 1321 δὶ
1636 1266 1704 1321 τὰ
1732 1265 1890 1321 νοού-

228 1366 403 1419 μενα,
461 1347 557 1402 καὶ
620 1350 910 1421 ἁζητήτως
972 1353 1042 1406 τὰ
1092 1353 1254 1429 νοερά
1316 1350 1722 1430 ὑπερϐαίνεσθαι
1787 1355 1889 1409 ὑπὸ

222 1439 333 1489 τῶν
365 1440 609 1507 νοητῶν·
641 1436 763 1501 ὅθεν
816 1441 903 1495 καὶ
939 1442 1147 1519 τροφήν
1203 1442 1337 1497 εἶναι
1379 1448 1488 1499 τῶν
1523 1443 1795 1499 νοούντων
1823 1447 1891 1498 τὰ

222 1523 525 1596 νοούμενα·
588 1530 697 1581 τῶν
756 1528 852 1582 οὗν
913 1534 1124 1599 νοητῶν
1173 1530 1241 1585 τὰ
1284 1533 1442 1607 νοερὰ
1483 1532 1596 1606 ἐρᾷ,
1640 1532 1718 1593 ὡς
1767 1532 1890 1587 ἐπε-

223 1610 555 1686 στραμμένα
602 1616 743 1690 πρὸς
788 1615 942 1689 αὐτὰ,
992 1619 1081 1673 καί
1130 1613 1313 1695 ὥσπερ
1366 1616 1761 1691 ἀναϐεϐηκότα·
1796 1620 1891 1693 ἆρᾷ

225 1698 282 1756 δὲ
310 1702 408 1756 καὶ
439 1704 511 1757 τὰ
539 1703 711 1773 νοητὰ
729 1709 839 1759 τῶν
862 1712 1064 1778 νοερῶν
1093 1713 1476 1781 προνοητικῶς
1497 1714 1576 1781 τῷ
1606 1707 1889 1783 μεταδιδό-

222 1812 303 1845 ναι
334 1798 442 1860 τῆς
474 1789 600 1863 ἴσης
636 1793 930 1869 ὠφελείας·
964 1794 1326 1873 ὡμολόγηται
1377 1797 1493 1866 οὖν,
1544 1798 1625 1853 ὅτι
1679 1800 1731 1852 οἱ
1778 1802 1886 1853 τῶν

220 1879 494 1935 τοιούτων
556 1879 754 1955 ἔρωτες
810 1884 1130 1958 ὑπερεστᾶσι
1179 1891 1289 1941 τῶν
1338 1886 1650 1958 αἰσθητῶν.
1714 1885 1893 1943 Ἀλλὰ
1922 1927 1968 1991 Β

224 1973 393 1991 _,_‘¥,-
470 1971 517 1991 ,7
819 1972 834 1991 \
945 1972 959 1991 ἴ
1130 1976 1144 1991 \
1214 1975 1236 1991 »Ι
1432 1976 1446 1991 ς
1703 1980 1731 1991 ~
1859 1982 1885 1991 au

221 1973 418 2037 ταῦτα,
452 1971 637 2043 οἶμαι,
670 1972 843 2039 νοητὰ
870 1972 961 2027 καὶ
991 1976 1153 2049 νοερά
1183 1975 1393 2052 εἴρηται
1428 1976 1488 2032 ἐκ
1521 1980 1768 2052 μετοχῆς
1793 1982 1889 2031 τοῦ

226 2054 387 2119 ὄντος
446 2059 679 2133 ἀγαθοῦ,
727 2064 953 2116 τοιαῦτα
998 2063 1281 2138 γενόμενα.
1333 2067 1401 2122 Οἱ
1450 2063 1507 2120 δὲ
1565 2066 1887 2136 αὐτονόητοι

224 2142 431 2220 ἔρωτες
484 2149 539 2202 οἳ
598 2150 736 2204 θεῖοί
769 2148 904 2205 εῗσιν
959 2150 1075 2207 ἀντὶ
1108 2157 1206 2207 τοῦ
1255 2154 1305 2208 οἱ
1359 2158 1455 2209 τοῦ
1504 2159 1658 2211 Θεοῦ·
1707 2155 1888 2230 ὥσπερ

225 2236 325 2310 γάρ
368 2235 520 2291 ἐστιν
565 2236 763 2312 ἀγαθὸν
812 2239 968 2310 ᾧτινι
1023 2239 1165 2295 ἐστιν
1218 2242 1440 2317 ἀγαθὸν,
1497 2243 1585 2298 καὶ
1635 2242 1775 2299 ἄλλο
1826 2244 1890 2299 τὸ

230 2322 428 2386 ἁπλῶς
479 2324 676 2400 ἀγαθὸν
725 2327 815 2381 καὶ
864 2326 995 2383 αὐτὸ
1042 2331 1105 2383 τὸ
1155 2330 1372 2406 ἀγαθόν·
1424 2331 1596 2395 οὕτως
1641 2331 1753 2387 ἐστὶ
1800 2334 1890 2388 καὶ

229 2414 432 2482 νοητὸν
463 2414 530 2468 τύ
571 2434 679 2469 τινι
711 2416 928 2485 νοητὸν,
960 2418 1052 2472 ἅτε
1097 2418 1393 2492 νοούμενον
1447 2421 1536 2475 ὑπ’
1574 2422 1761 2489 αὐτοῦ,
1801 2423 1892 2476 καὶ

231 2500 427 2564 ἁπλῶς
458 2503 690 2572 νοητὸν;
715 2505 825 2580 οὐχ
854 2506 930 2567 ὡς
962 2508 990 2561 6
1015 2507 1217 2582 χρόνος
1248 2510 1282 2577 ἢ
1313 2509 1340 2562 ὁ
1372 2509 1568 2572 τόπος·
1592 2512 1763 2580 νοητά
1787 2510 1890 2586 γὰρ

229 2590 318 2646 καὶ
376 2592 574 2662 ταῦτα,
630 2592 747 2648 ἐπεὶ
809 2596 886 2666 μὴ
942 2595 1190 2667 αἰσθητὰ,
1253 2596 1398 2653 ἀλλά
1453 2603 1580 2663 νοῦς
1629 2602 1840 2669 νοητῶν
1876 2646 1891 2672 ,

231 2679 476 2755 ἐνέργεια
503 2678 601 2747 ὢν,
643 2681 733 2736 καὶ
794 2687 920 2755 ζῶν,
977 2684 1067 2738 καὶ
1118 2687 1254 2755 ζωή·
1298 2687 1366 2740 τὰ
1407 2688 1508 2762 γὰρ
1558 2688 1692 2759 μετά
1731 2691 1893 2742 τοῦτο

229 2769 402 2839 νοητᾶ
460 2767 525 2824 ἐκ
580 2772 863 2841 ζητήσεως
917 2772 1007 2827 καὶ
1063 2780 1166 2843 τῆς
1225 2775 1350 2849 περὶ
1399 2775 1467 2830 τὰ
1521 2771 1896 2850 προϐλήματα

230 2856 568 2922 ἀκολουθίας
600 2858 960 2935 εὑρίσκουσιν,
992 2859 1029 2930 ἢ
1061 2860 1110 2935 ἐξ
1143 2861 1540 2938 ἀποκαλύψεως
1579 2862 1820 2942 ἔχουσιν.

301 3214 584 3286 Ἄσχετος
658 3211 821 3269 αἰτία.
892 3214 1163 3289 ’Ἂσχετόν
1242 3237 1373 3291 φησι
1429 3217 1492 3272 τὸ
1569 3217 1843 3275 ἀπόλυτον
1878 3266 1893 3293 ,

2001 643 2233 714 parium
2292 644 2630 700 societatem
2691 647 3017 699 moventur.
3080 642 3420 698 Naturalem
3481 659 3655 714 porro

2000 748 2260 788 amorem
2292 733 2432 787 dicit
2472 749 2607 788 eum
2640 749 2757 804 quo
2787 732 2996 787 animas
3031 736 3088 787 et
3120 748 3331 788 sensus
3370 733 3651 804 expertia,

1999 820 2283 877 habituali
2307 822 2638 894 aptitudine
2657 838 2759 877 seu
2784 820 3070 893 qualitate
3088 825 3407 877 creatorem
3431 826 3651 885 amant,

1999 905 2306 981 propterea
2337 911 2491 982 quod
2542 911 2615 966 ab
2647 910 2775 982 ipso
2809 911 3094 982 producta
3143 908 3289 978 sint;
3326 911 3652 965 secundum

1998 998 2236 1054 vitalem
2266 999 2447 1072 igitur
2466 1006 2522 1055 et
2553 998 2883 1055 naturalem
2913 998 3255 1066 motionem,
3280 998 3401 1053 haec
3424 1014 3655 1070 quoque

1999 1089 2070 1143 ad
2104 1087 2289 1143 Deum
2324 1093 2761 1146 convertuntur.

2069 1177 2276 1244 §XVI.
2324 1177 2604 1245 Quoniam
2626 1193 2696 1232 ex
2737 1192 2867 1232 uno.
2914 1176 3188 1232 Diximus
3223 1175 3402 1231 etiam
3450 1192 3651 1247 supra.

1997 1265 2158 1339 νοερά
2196 1282 2325 1322 esse
2371 1265 2439 1319 τὰ
2489 1269 2713 1319 νοοῦντα
2745 1282 2847 1321 seu
2881 1282 3008 1337 quae
3060 1266 3214 1321 I42
3267 1265 3607 1338 intelligunt
3642 1281 3655 1320 :

1997 1353 2169 1419 νοητά
2195 1370 2331 1410 vero
2361 1354 2429 1407 τὰ
2457 1354 2724 1427 νοούμενα
2745 1371 2847 1410 seu
2873 1369 2998 1426 qua;
3031 1353 3464 1425 intelliguntur,
3492 1370 3558 1409 ac
3581 1354 3660 1409 si-

1999 1459 2073 1498 ne
2104 1443 2284 1498 dubio
2315 1443 2478 1516 νοερά
2505 1443 2771 1516 superari
2812 1444 2884 1499 ab
2927 1442 3002 1498 iis
3035 1451 3162 1514 qua
3195 1441 3608 1514 intelliguntur
3639 1458 3653 1497 ε

1998 1532 2250 1603 ideoque
2290 1530 2357 1585 τὰ
2402 1530 2686 1604 νοούμενα,
2720 1548 2849 1587 esse
2899 1531 3243 1587 alimentum
3291 1547 3494 1587 eorum
3526 1549 3653 1604 qua:

1998 1619 2360 1691 intelligunt,
2406 1636 2543 1692 ergo
2584 1618 2653 1673 τὰ
2696 1618 2856 1693 νοερά
2902 1634 3032 1690 quae
3069 1617 3413 1690 intelligunt
3447 1623 3657 1673 amant

1999 1726 2068 1765 ea
2097 1726 2228 1779 quae
2276 1709 2708 1783 intelliguntur,
2735 1715 2800 1764 ut
2830 1709 2901 1764 ad
2935 1724 2996 1764 se
3044 1723 3346 1777 conversa,
3380 1723 3446 1761 ac
3474 1706 3658 1762 veluti

1997 1798 2475 1855 transcendentia
2507 1816 2520 1854 :
2554 1797 2620 1850 τὰ
2670 1798 2842 1865 νοητά
2884 1813 3017 1853 vero
3068 1795 3429 1869 providendo
3459 1803 3660 1852 amant

2000 1902 2068 1943 ea
2099 1904 2225 1959 qua:
2256 1886 2692 1960 intelliguntur,
2718 1886 3002 1957 aequalem
3035 1883 3523 1942 communicando
3547 1885 3660 1941 uti-

1999 1976 2253 2044 litatem;
2288 1975 2487 2048 itaque
2528 1975 2588 2031 in
2643 1976 2909 2031 confesso
2941 1979 3052 2043 est,
3085 1988 3317 2029 amores
3364 1973 3659 2045 ejusmodi

2000 2080 2278 2135 superare
2309 2063 2621 2120 sensilium
2656 2080 2907 2119 amores.
2942 2062 3207 2118 Arbitror
3235 2061 3506 2133 equidem
3539 2060 3660 2117 haec

2000 2153 2157 2208 dicta
2185 2169 2315 2208 esse
2343 2151 2515 2219 νοητά
2537 2157 2593 2207 et
2612 2151 2773 2223 νοερά
2795 2153 2949 2224 quod
2974 2168 3043 2208 ex
3069 2149 3517 2227 participatione
3536 2151 3655 2205 veri

1999 2241 2138 2296 boni
2166 2240 2309 2296 talia
2337 2241 2707 2297 efﬁciantur:
2737 2241 2837 2312 qui
2861 2258 2994 2296 vero
3028 2256 3130 2313 per
3159 2256 3223 2295 se
3251 2238 3653 2311 intelligibiles

2001 2346 2249 2398 amores,
2284 2336 2423 2386 sunt
2454 2330 2658 2398 divini,
2684 2346 2808 2401 pro,
2833 2333 2975 2385 sunt
3018 2329 3142 2399 Dei;
3177 2327 3330 2385 sicut
3375 2327 3534 2383 enim
3566 2334 3656 2382 est

2001 2419 2221 2473 bonum
2255 2419 2346 2474 cui
2378 2425 2466 2474 est
2497 2420 2741 2487 bonum,
2774 2422 2830 2474 et
2859 2418 3017 2473 aliud
3052 2419 3273 2473 bonum
3305 2416 3657 2488 simpliciter

1984 2510 2061 2562 et
2089 2507 2284 2580 ipsum
2316 2509 2567 2576 bonum;
2603 2508 2685 2563 ita
2707 2508 2883 2562 etiam
2917 2511 3006 2562 est
3028 2505 3225 2574 νοητόν
3254 2523 3355 2562 seu
3388 2506 3657 2573 intelligi-

2005 2595 2144 2663 bz’lc,
2199 2594 2343 2650 illud
2393 2597 2549 2668 quod
2599 2594 2771 2651 alicui
2817 2594 3213 2667 intelligibile,
3246 2599 3539 2666 quatenus
3589 2594 3660 2648 ab

2002 2682 2104 2740 illo
2136 2684 2507 2756 intelligitur,
2541 2688 2595 2738 et
2637 2683 2989 2757 simpliciter
3032 2682 3428 2755 intelligibile,
3452 2699 3565 2739 non
3598 2686 3665 2736 ut

2002 2779 2239 2846 tempus
2284 2777 2386 2829 aut
2432 2772 2620 2839 locus,
2659 2772 2775 2828 haec
2807 2772 2964 2827 enim
3014 2773 3190 2827 etiam
3243 2771 3661 2842 intelligibilia,

2004 2880 2136 2920 cum
2172 2878 2287 2917 non
2322 2861 2443 2916 sint
2471 2861 2915 2927 sensibilia,sed
2948 2859 3282 2915 intellectus
3311 2858 3661 2929 intelligibi-

2001 2952 2171 3021 lium,
2204 2967 2340 3008 cum
2373 2951 2450 3006 sit
2479 2951 2753 3021 efﬁcacia,
2776 2954 2832 3004 et
2859 2951 3067 3017 vivens,
3093 2953 3150 3004 et
3178 2950 3290 3004 vita
3310 2966 3329 3004 :
3352 2965 3481 3019 quas
3506 2948 3663 3003 enim

2004 3042 2282 3112 deinceps
2297 3038 2695 3110 intelligibilia
2712 3055 2781 3093 ex
2799 3037 3187 3109 inquisitione
3204 3041 3262 3093 et
3277 3035 3518 3108 sequela
3535 3053 3666 3109 pro-

2005 3130 2365 3203 positionum
2397 3127 2728 3198 inveniunt,
2762 3132 2862 3181 aut
2893 3144 2961 3181 ex
2994 3125 3346 3181 revelatione
3378 3125 3613 3181 habent.

2076 3217 2533 3290 Incomprehensa
2564 3218 2666 3272 illa
2687 3232 2877 3283 causa,
2896 3215 2993 3270 Gr.
3018 3210 3270 3288 ἄσχετος.
3298 3215 3403 3271 Per
3432 3213 3659 3287 ἄσχετον

236 3302 302 3355 οὗ
349 3300 498 3374 πρὸς
546 3302 611 3356 τὸ
654 3306 758 3356 πᾶν
806 3299 1036 3375 οὐδεμία
1083 3290 1291 3379 σχέσις,
1322 3304 1447 3375 ἤτοι
1485 3306 1759 3379 οἰκειότης
1791 3290 1893 3387 apo;

2011 3305 2283 3378 intelligit
2328 3306 2603 3374 liberum,
2639 3305 2809 3375 cujus
2857 3320 2991 3359 cum
3043 3303 3316 3402 universo
3364 3301 3529 3359 nulla
3575 3308 3665 3358 est

233 3392 358 3461 σική
370 3435 383 3447 .

300 3481 535 3549 §XVIL
592 3480 882 3535 Ἁπάντων
960 3479 1149 3544 ὀλικὸς
1207 3481 1346 3554 ἔρως
1381 3526 1393 3538 .
1454 3483 1638 3540 Εἴπὼν
1708 3483 1893 3541 ὁλικὸν

231 3563 431 3639 ἔρωτα,
467 3565 640 3636 δηλοῖ
688 3568 777 3623 καὶ
833 3568 1111 3643 μερικοὺς,
1144 3569 1316 3647 λὲγων
1347 3572 1436 3626 τὸν
1482 3574 1609 3628 Θεὸν
1643 3575 1774 3629 εἶναι
1803 3575 1895 3629 τὸν

231 3655 422 3712 ὁλικόν
457 3657 551 3711 καί
598 3656 691 3710 τὸν
753 3659 993 3732 μερικὸν,
1047 3658 1123 3720 ὡς
1174 3657 1348 3714 αἶ’τιον
1400 3660 1490 3715 καὶ
1538 3667 1667 3716 πᾶσι
1717 3683 1896 3739 χορη-

236 3750 436 3820 γοῦντα
480 3746 624 3800 κατὰ
668 3746 769 3815 τήν
814 3745 1040 3801 ἑκάστου
1089 3745 1341 3821 δύναμιν,
1396 3747 1660 3826 ἐρωτικὴν
1731 3752 1897 3807 οἱονεὶ

247 3832 549 3909 ἀπορῥοήν.
621 3837 752 3896 Πῶς
806 3832 895 3888 οῦν
949 3835 976 3887 6
1021 3835 1150 3898 Θεὸς
1196 3836 1258 3889 τὸ
1306 3835 1437 3892 ὅλον
1484 3837 1576 3891 καὶ
1622 3839 1685 3893 τὸ
1735 3839 1899 3913 μέρος

246 3922 648 3997 ἆνειιφοιτήτως
703 3923 879 3995 ἑαυτῷ
937 3923 1147 3995 συνὼν,
1205 3924 1337 3979 εἶναι
1396 3923 1636 3999 δύναται,
1693 3926 1753 3981 ἐκ
1800 3932 1898 3983 τοῦ

243 4014 620 4085 σπερματικοῦ
679 4009 848 4085 λόγου
906 4013 1071 4088 σαφὲς
1127 4010 1294 4068 ἔσται·
1355 4009 1480 4069 ὅταν
1543 4017 1637 4088 μὶν
1685 4016 1790 4092 γὰρ
1836 4018 1899 4071 τὸ

240 4099 461 4175 σπέρμα
504 4097 826 4161 ἀδιακόπως
859 4101 1001 4171 ὁμοῦ
1033 4100 1110 4163 εἷς
1149 4102 1250 4169 τήν
1304 4106 1515 4177 μήτραν
1549 4101 1898 4179 καταϐληθῇ,

238 4189 293 4245 ’ὲν
328 4187 684 4243 ἀποτελεῖται
710 4188 774 4243 τὸ
807 4182 1068 4264 ἔμϐρυον·
1101 4189 1189 4244 ἐὰν
1241 4188 1299 4245 δὲ
1350 4194 1581 4267 μερισθῇ
1624 4194 1687 4249 τὸ
1738 4195 1901 4270 σπέρ-

243 4285 321 4350 μὰ
354 4277 433 4339 εἰς
469 4275 777 4355 διαφόρους
817 4274 1072 4340 κύστιδας
1115 4285 1216 4347 τῆς
1262 4281 1497 4355 μήτρας,
1539 4278 1764 4337 ἕκαστον
1809 4284 1903 4356 με·

237 4387 339 4442 ρος
369 4363 691 4442 ὁλόκληρον
725 4360 960 4439 ἔμϐρυον
1011 4363 1290 4421 ἀποτελεῖ·
1324 4366 1469 4423 ἔσται
1519 4367 1577 4425 δὲ
1613 4375 1711 4425 τοῦ
1742 4370 1903 4448 σπέρ-

240 4476 420 4526 ματος
482 4454 545 4509 τὸ
607 4454 701 4527 μὲν
763 4451 865 4528 ῥὶς,
891 4454 955 4509 τὸ
1016 4451 1075 4509 δὲ
1131 4455 1432 4533 ὀφθαλμοὶ,
1488 4459 1576 4512 καὶ
1632 4460 1701 4514 τὰ
1757 4460 1902 4532 ἑξῆς,

236 4544 333 4600 καὶ
366 4543 549 4598 πάντα
576 4541 779 4599 τέλεια.
813 4544 1046 4615 ’Όμοιον
1095 4540 1186 4597 οὖν
1234 4564 1285 4597 τι
1317 4543 1406 4598 καὶ
1455 4544 1578 4620 περὶ
1626 4547 1716 4601 τὸν
1765 4569 1907 4603 παν-

2005 3395 2307 3462 connexio,
2342 3410 2444 3450 seu
2478 3393 2766 3449 naturalis
2801 3391 3146 3464 proprietas.

2077 3482 2308 3557 §XVII.
2356 3482 2558 3537 Totalis
2606 3482 2854 3536 omnium
2886 3496 3059 3535 amor.
3117 3478 3371 3535 Dicendo
3420 3477 3657 3534 totalem

2008 3589 2291 3639 amorem,
2353 3570 2610 3627 declarat
2666 3586 2896 3641 quoque
2956 3568 3361 3641 particulares,
3420 3567 3667 3623 dicendo

2008 3668 2190 3717 Deum
2223 3678 2353 3717 esse
2381 3659 2623 3716 totalem
2656 3664 2715 3714 et
2756 3657 3183 3730 particularem,
3217 3661 3283 3712 ut
3311 3672 3574 3725 causam,
3611 3661 3668 3711 et

2008 3752 2283 3808 omnibus
2302 3766 2403 3822 pro
2417 3749 2703 3820 cujusque
2722 3752 2899 3820 captu
2927 3746 3281 3818 praebentem
3310 3745 3663 3800 amatorium

2007 3839 2186 3895 veluti
2217 3839 2563 3907 humorem;
2617 3834 2913 3907 quomodo
2963 3833 3149 3906 igitur
3181 3836 3332 3887 Deus
3385 3837 3577 3887 totum
3611 3836 3667 3885 et

2009 3945 2166 4002 pars,
2198 3927 2325 3982 sine
2355 3941 2593 3998 egressu
2640 3923 2752 3980 sibi
2798 3938 3056 3995 praesens
3098 3937 3228 3976 esse
3259 3920 3446 3993 possit
3475 3936 3542 3975 ex
3572 3935 3664 3973 se-

2012 4016 2263 4074 minaria
2294 4017 2517 4071 ratione
2546 4013 2801 4086 patebit;
2853 4011 3088 4084 quando
3137 4010 3295 4066 enim
3341 4025 3540 4066 semen
3587 4009 3665 4063 δὶ-

2000 4105 2135 4161 ’ωυι
2165 4107 2387 4176 absque
2435 4102 2863 4173 interruptione
2894 4100 2952 4154 in
3007 4099 3309 4154 matricem
3358 4098 3663 4167 deciderit,

2012 4211 2170 4251 unus
2200 4193 2501 4265 perﬁcitur
2539 4191 2801 4262 embryo,
2835 4188 2885 4245 si
2938 4204 3070 4243 vero
3120 4204 3316 4244 semen
3370 4187 3667 4243 dividatur

2011 4283 2072 4338 in
2103 4283 2294 4338 varias
2326 4280 2586 4336 matricis
2626 4278 2891 4341 cellulas,
2935 4291 3301 4347 unaquaeque
3342 4292 3478 4347 pars
3515 4274 3667 4329 inte.

2015 4388 2183 4445 grum
2219 4369 2448 4443 perlicit
2475 4369 2884 4438 embryonem;
2909 4367 3021 4421 erit
3044 4370 3239 4421 autem
3266 4364 3511 4420 seminis
3534 4381 3668 4436 pars

2017 4478 2137 4517 una
2166 4476 2370 4526 nasus,
2402 4458 2585 4513 altera
2623 4455 2800 4523 oculi,
2835 4457 3038 4524 sicque
3089 4454 3389 4523 deinceps,
3438 4453 3670 4508 omnia-

2020 4567 2132 4622 que
2151 4549 2426 4620 perfecta.
2452 4549 2656 4616 Itaque
2685 4543 2879 4598 simile
2898 4541 3121 4613 aliquid
3144 4543 3216 4595 de
3247 4540 3675 4612 perfectissima

234 4633 464 4690 τέλειον
506 4635 635 4686 νοῦν
681 4631 819 4687 κατὰ
860 4630 1156 4708 ἀναλογίαν
1207 4633 1530 4707 θεωρητέον·
1564 4632 1668 4705 ὅλη
1718 4637 1822 4712 γὰρ
1870 4639 1893 4691 -ἕ

2018 4644 2214 4695 mente
2242 4635 2771 4699 considerandum;
2808 4648 2944 4687 nam
2977 4635 3100 4685 tota
3128 4628 3391 4685 etﬁcacia
3422 4627 3676 4700 comple«

241 4721 497 4796 ἐνέργεια
527 4720 773 4797 περιέχει
804 4720 893 4776 καὶ
922 4721 989 4777 τά
1040 4721 1201 4794 μέρη·
1234 4724 1341 4776 τῶν
1370 4718 1428 4777 6‘s
1474 4727 1651 4799 μερῶν
1683 4721 1903 4780 ἕκαστον

241 4809 609 4884 ἀπήρτισται·
666 4809 756 4864 καὶ
798 4809 863 4864 τὸ
916 4809 1010 4881 μὶν
1072 4806 1551 4882 αύτοδικαιοσύνη,
1603 4813 1666 4868 τὸ
1716 4812 1773 4868 δὲ
1809 4816 1909 4869 αὐ-

240 4896 540 4972 τοανδρία,
575 4898 662 4953 καὶ
695 4897 762 4953 τὰ
790 4897 933 4969 ἑξῆς·
969 4898 1111 4953 οὕτω
1158 4899 1246 4955 καὶ
1301 4896 1426 4954 οὔτε
1468 4901 1791 4977 συγκέχυται
1842 4902 1919 4965 εἷς

244 4986 541 5057 ἀλλήλας,
576 4984 723 5042 ἀλλά
752 4986 841 5042 καὶ
883 4985 1078 5055 ἑκάστη
1129 4984 1482 5061 διακέκριται,
1512 4989 1599 5044 καὶ
1651 4988 1774 5046 οὕτε
1825 5013 1920 5065 με·

242 5078 319 5132 τὰ
355 5075 577 5146 ἀταξιας
607 5075 672 5129 τὸ
716 5072 1019 5150 ἀδιαίρετον
1078 5073 1298 5151 ἔχουσιν
1349 5075 1401 5130 ἐν
1444 5081 1524 5150 τῷ
1567 5076 1913 5153 μεταλαμϐά-

245 5185 367 5221 νειν
397 5166 449 5203 ⁸ο
479 5163 660 5219 αὐτῶν
687 5161 914 5219 ἕκαστον
963 5166 1038 5229 ὡς
1068 5161 1305 5223 δύναται.
1336 5169 1451 5220 Τῶν
1495 5168 1597 5243 γὰρ
1630 5166 1788 5223 εἰδῶν
1825 5190 1923 5242 με·

245 5248 605 5327 ταλαμϐάνει
636 5250 867 5315 ἕκαστος
911 5254 1048 5329 πρὸς
1095 5255 1193 5322 τὴν
1240 5253 1441 5310 οἰκείαν
1484 5253 1922 5328 ἐπιτηδειότητα·

252 5344 409 5401 οὕτω
440 5342 534 5399 καὶ
570 5344 598 5399 6
629 5343 760 5404 Θεὸς
804 5342 899 5397 καὶ
949 5340 1079 5398 ὅλον
1128 5344 1198 5381 ⁸⁰¹¹
1245 5344 1338 5399 καὶ
1388 5345 1527 5421 μέρη
1572 5349 1672 5401 τοῦ
1701 5344 1924 5421 ἔρωτος.

2018 4729 2199 4784 ctitur
2214 4726 2391 4782 etiam
2408 4730 2632 4795 partes;
2660 4720 2909 4792 singulae
2922 4725 3120 4774 autem
3145 4717 3360 4790 partim
3396 4716 3677 4773 absoluta:

2019 4820 2162 4873 sunt
2192 4832 2206 4871 :
2239 4820 2296 4871 et
2328 4814 2446 4868 hac
2477 4812 2717 4883 quidem
2750 4809 2879 4880 ipsa
2914 4808 3174 4879 justitia,
3232 4806 3337 4862 illa
3384 4823 3519 4862 vero
3549 4805 3682 4876 ipsa

2028 4905 2330 4969 fortitudo,
2364 4906 2421 4956 et
2450 4906 2687 4965 caztera;
2723 4898 2807 4952 sic
2838 4897 3013 4952 etiam
3046 4911 3232 4966 neque
3263 4894 3417 4950 inter
3446 4911 3509 4950 se
3538 4909 3680 4949 con-

2030 4994 2384 5058 funduntur,
2399 4990 2502 5045 sed
2525 4986 2772 5059 singula
2804 4985 3097 5040 distinctae
3120 4987 3289 5049 sunt;
3322 4997 3513 5055 neque
3545 4999 3681 5038 cum

2032 5080 2257 5138 ordinis
2287 5077 2730 5151 perturbatione
2773 5071 3245 5145 conjunctionem
3291 5072 3511 5128 habent
3548 5087 3683 5127 cum

2033 5170 2556 5244 singulasipsarum
2575 5163 2929 5236 participent
2944 5164 3234 5234 quantum
3255 5166 3507 5231 possunt
3537 5162 3685 5215 :sin-

2032 5262 2183 5333 gula;
2215 5257 2373 5315 enim
2405 5255 2630 5327 species
2660 5252 3019 5325 participant
3039 5251 3211 5321 juxta
3241 5250 3537 5322 propriam
3577 5266 3689 5321 ap-

2034 5347 2378 5416 titudinem,
2409 5344 2493 5401 ita
2522 5342 2699 5399 etiam
2730 5342 2887 5398 Deus
2916 5343 2975 5396 et
3002 5343 3194 5395 totum
3223 5342 3281 5395 et
3309 5340 3528 5397 amoris
3558 5354 3693 5411 par-

2036 5442 2126 5494 tes
2155 5440 2264 5494 est.

1290 5612 1525 5672 VARLE
1560 5614 1947 5676 LECTIONES
1976 5617 2067 5676 ET
2097 5612 2665 5675 CORRECTIONES.

339 5738 388 5777 ⁸ο
420 5729 839 5811 διαλαμϐάνειν.
913 5736 984 5773 ⁸ο*
1010 5732 1163 5798 ὅλος.
