4034 6410
431 393 533 446 271

1260 391 1625 446 APPENDIX
1663 393 1762 444 AD
1801 391 2044 445 OPERA
2080 394 2140 444 S.
2180 392 2500 448 DIONYSII
2537 390 3039 448 ABEOPAGITE.
3737 401 3830 453 272

507 520 721 587 148§
763 518 955 575 XVIII.
991 519 1286 575 Desiderat
1342 520 1493 575 enim
1547 521 1752 592 ipsum.
1805 517 2093 583 Quoniam

2284 521 2536 589 §XVIIL
2595 518 2833 596 Ἑφίεται
2890 517 2993 592 γὰρ
3053 514 3238 571 αὑτοῦ.
3302 514 3520 587 Ἐπειδή
3574 521 3704 591 εἷπε,
3755 528 3833 582 καὶ

435 610 584 667 dixit
611 626 725 664 non
764 625 859 664 ens
889 611 1163 679 appetere
1211 607 1530 679 aliquando
1581 607 1827 679 bonum,
1851 623 1918 662 ac
1947 606 2093 662 velle

433 701 493 755 in
528 702 654 771 ipso
686 713 838 764 esse,
872 698 1026 769 quod
1060 713 1241 768 supra
1270 712 1505 768 quoque
1536 695 1741 768 paucis
1774 700 1909 751 ante
1939 695 2094 751 foliis

436 790 634 861 ipsum
666 788 960 843 dicentem
989 785 1263 857 reperies,
1289 784 1558 857 quamvis
1579 802 1647 841 ex
1665 784 1975 857 gentilium
2004 785 2098 841 de-

435 880 762 934 clararetur
783 874 1078 948 dogmatis
1104 892 1116 929 :
1144 890 1359 946 magna
1382 874 1678 945 siquidem
1700 874 2100 930 controversia

436 972 528 1024 est
557 967 712 1022 inter
741 964 993 1037 gentiles
1022 967 1079 1019 et
1121 963 1475 1019 Manichaos
1504 980 1788 1034 perversae
1820 963 2100 1019 doctrinae

438 1060 750 1129 patronos;
786 1056 1015 1125 oportet
1044 1050 1313 1124 pluribus
1339 1051 1650 1122 explicare,
1677 1052 1817 1124 quid
1845 1051 2100 1125 appelle-

440 1154 540 1200 tur
569 1159 677 1199 non
709 1158 827 1211 ens,
853 1144 911 1197 et
941 1157 1045 1196 cur
1076 1140 1241 1212 pium
1274 1156 1341 1195 ac
1371 1140 1774 1196 necessarium
1805 1142 1884 1198 sit
1915 1157 2100 1197 unum

440 1249 639 1290 rerum
690 1245 949 1287 asserere
987 1229 1370 1301 principium.
1403 1234 1625 1285 Sanum
1676 1234 1764 1287 est
1811 1231 1969 1286 enim
2021 1231 2103 1287 ita

440 1321 689 1390 sentire;
723 1336 859 1376 nam
890 1318 1040 1374 illud
1071 1317 1269 1388 ipsum
1303 1322 1391 1374 est
1418 1318 1595 1387 Deus,
1622 1319 2104 1391 quandoquidem

440 1411 491 1466 si
529 1410 759 1465 diversa
816 1408 943 1463 sint
996 1406 1307 1480 principia,
1342 1406 1585 1463 inﬁnita:
1635 1408 1877 1463 omnino
1930 1412 2105 1463 erunt

440 1496 865 1556 multitudinis.
901 1495 961 1552 Si
1012 1494 1194 1566 igitur
1222 1495 1580 1567 principium
1639 1496 1879 1553 unicum
1928 1497 2100 1565 Deus,

436 1590 523 1645 ita
555 1588 709 1660 quod
741 1602 873 1642 vere
905 1589 1015 1652 est,
1050 1585 1226 1640 etiam
1272 1585 1470 1657 ipsum
1523 1585 1747 1641 bonum
1796 1589 1919 1653 est;
1956 1584 2103 1640 ratio

438 1682 634 1735 autem
696 1675 954 1731 inveniet
1011 1673 1345 1730 necessario
1401 1672 1575 1729 dictis
1625 1674 1953 1742 contraria;
2003 1674 2104 1730 ubi

437 1767 594 1822 enim
615 1764 993 1837 principium,
1010 1762 1118 1820 erit
1135 1779 1369 1835 quoque
1392 1762 1725 1818 necessario
1742 1767 2094 1833 extremum,

436 1860 493 1912 et
523 1855 572 1912 si
604 1854 683 1910 sit
711 1871 838 1924 ens,
865 1852 976 1909 erit
1014 1868 1250 1924 quoque
1296 1868 1412 1907 non
1445 1867 1575 1919 ens,
1599 1851 1649 1908 si
1679 1851 1858 1907 etiam
1890 1852 1968 1908 sit
1995 1852 2103 1907 bo-

436 1960 606 2014 num,
629 1943 741 1999 erit
771 1958 1007 2014 quoque
1049 1940 1291 1996 malum.
1315 1940 1422 1995 Sed
1457 1940 1742 2011 quoniam
1774 1940 1934 1996 entia
1963 1944 2104 1996 sunt

439 2031 708 2088 essentia:
734 2035 791 2086 et
812 2030 1033 2097 formae,
1058 2045 1172 2083 non
1198 2044 1303 2084 ens
1326 2028 1577 2084 informe
1596 2033 1754 2085 esset
1774 2033 1830 2084 et
1849 2030 2105 2084 essentia

437 2123 682 2185 careret,
707 2119 935 2174 ratione
978 2118 1105 2173 sola
1150 2116 1571 2189 conoeptibile;
1602 2116 1713 2173 hoc
1764 2118 1941 2188 igitur
1988 2135 2103 2173 non

437 2225 543 2264 cus
572 2212 629 2262 et
658 2207 929 2274 informe,
963 2206 1192 2278 antiqui
1239 2206 1529 2265 vocabant
1569 2206 1900 2274 materiam,
1924 2223 2103 2278 quam

438 2297 616 2353 etiam
642 2299 964 2352 extremam
986 2295 1422 2351 deformitatem
1445 2294 1845 2367 appellabant.
1864 2295 2104 2352 Materia

438 2402 573 2441 vero
605 2384 825 2440 dicitur
854 2401 970 2440 non
1017 2400 1144 2451 ens,
1178 2400 1294 2440 non
1326 2386 1482 2457 quod
1517 2385 1758 2441 omnino
1808 2384 1955 2440 nihil
2004 2384 2102 2451 sit,

441 2475 541 2529 sed
577 2473 716 2544 quia
747 2490 862 2528 non
894 2476 1002 2541 est,
1028 2489 1232 2529 verum
1265 2474 1421 2528 enim
1468 2488 1573 2529 ens
1619 2474 1796 2543 Deus,
1819 2478 1877 2529 et
1905 2472 2103 2545 ipsum

442 2563 667 2617 bonum
695 2578 710 2617 :
739 2562 990 2617 materia
1019 2562 1177 2617 enim
1208 2562 1388 2616 etiam
1418 2578 1487 2617 ex
1518 2578 1635 2617 non
1659 2563 1895 2618 antibus
1925 2578 1960 2617 a
1987 2562 2103 2618 Deo

443 2651 731 2724 producta
760 2657 870 2719 est,
890 2651 990 2706 sed
1026 2666 1141 2705 non
1165 2651 1322 2706 sicut
1352 2651 1532 2723 aliqui
1557 2651 1952 2723 opinabantur
1978 2651 2106 2706 sine

445 2742 636 2796 forma
663 2743 721 2795 et
762 2740 984 2811 figura;
1021 2739 1271 2809 ideoque
1321 2740 1573 2795 materia
1603 2757 1718 2796 non
1749 2746 1839 2796 est
1885 2740 2103 2811 princi-

445 2828 610 2902 pium
660 2827 995 2891 sensilium,
1028 2827 1130 2883 sed
1181 2828 1381 2899 potius
1410 2827 1660 2883 dicenda
1688 2833 1779 2884 est
1822 2843 1994 2899 posse
2037 2844 2105 2882 ea

447 2916 763 2989 complere,
785 2933 851 2972 ac
877 2921 1203 2972 extremum
1228 2916 1371 2987 quid
1397 2916 1785 2971 fundamentu
1798 2930 1972 2987 mque
2001 2932 2103 2971 en-

442 3006 613 3061 tium.
639 3006 828 3069 Quare
860 3020 1051 3076 neque
1076 3004 1177 3060 Dei
1210 3005 1425 3077 imago,
1452 3010 1519 3060 ut
1549 3004 1878 3075 rationalia,
1917 3021 2107 3075 neque

443 3109 579 3148 vere
603 3093 756 3149 entis
782 3092 1168 3148 simulacrum
1195 3110 1208 3149 :
1235 3092 1451 3149 sensile
1486 3098 1685 3148 autem
1716 3092 2103 3148 simulacrum

445 3182 605 3238 illius
626 3181 729 3253 qui
752 3197 882 3237 vere
905 3180 1294 3253 intelligibilis
1316 3185 1407 3236 est
1429 3180 1658 3251 mundi,
1683 3182 1839 3252 quod
1864 3180 2102 3251 sensile,

2201 607 2264 663 τὸ
2299 610 2375 681 μὴ
2407 608 2465 663 ὃν
2494 606 2733 686 ἐφίεσθαί
2784 627 2903 669 πως
2948 608 3046 661 τοῦ
3071 603 3302 681 ἀγαθοῦ,
3334 604 3426 659 καὶ
3469 605 3520 662 ὲν
3549 607 3690 682 αὑτῷ
3724 614 3835 686 βού.

2203 694 2391 752 λεσθαι
2424 699 2579 765 εἶναι,
2613 695 2744 771 ὅπερ
2793 696 2882 750 καὶ
2948 695 3057 749 ἄνω
3107 694 3214 768 πρὸ
3264 691 3471 769 ὀλίγων
3516 694 3731 773 φύλλων
3762 704 3836 758 εὑ.

2208 787 2392 860 ρήσεις
2438 785 2597 841 αὐτὸν
2649 784 2898 860 λέγοντα,
2947 782 2997 838 εἶ’
3053 782 3144 838 καὶ
3204 780 3256 853 ἐξ
3309 780 3647 855 Ἑλληνικῶν
3690 808 3835 866 σαφη-

2204 874 2406 944 νίζεται
2455 872 2782 952 δογμάτωνί
2811 873 2950 950 πρὸς
2994 872 3095 949 γὰρ
3142 870 3427 942 Ἕλληνας
3475 873 3698 950 μάχεται
3744 878 3835 950 μά-

2208 961 2388 1033 λιστα,
2419 963 2509 1019 καὶ
2539 962 2887 1039 Μανιχαίους
2914 961 3042 1025 τοὺς
3069 964 3168 1016 τοῦ
3196 960 3366 1015 κακοῦ
3397 957 3661 1037 δόγματος
3691 986 3835 1039 προε-

2209 1056 2438 1115 στῶτας·
2492 1049 2574 1107 δεῖ
2615 1050 2952 1125 πλατύτερον
3005 1056 3372 1127 παραστῆσαι,
3424 1050 3477 1104 τί
3542 1050 3835 1126 ὀνομάζεται

2215 1143 2291 1213 μή
2340 1140 2422 1212 ὃν,
2472 1142 2561 1196 καὶ
2612 1139 2701 1196 διὰ
2755 1141 2807 1196 τί
2853 1140 2979 1212 μίαν
3031 1139 3211 1216 ἀρχὴν
3260 1143 3367 1193 τῶν
3424 1133 3589 1195 ὄντων
3646 1138 3834 1207 εὐσεϐὲς

2209 1231 2300 1286 καὶ
2348 1229 2643 1307 ἐπάναγκες
2695 1230 2857 1286 εἶναι.
2888 1233 3061 1284 Τοῦτο
3109 1228 3211 1305 γὰρ
3266 1229 3411 1302 ὑγιές
3463 1226 3573 1283 ἑστι
3622 1237 3834 1307 φρονεῖν·

2211 1316 2323 1375 ἔστι
2368 1319 2468 1395 γὰρ
2520 1318 2655 1390 αὕτη
2690 1321 2718 1375 ὁ
2769 1317 2916 1381 Θεόςο
2960 1317 3012 1374 εἶ
3057 1318 3163 1394 γὰρ
3214 1316 3316 1372 εἶεν
3367 1315 3537 1393 ἀρχαὶ
3587 1315 3836 1395 διάφοροι,

2211 1410 2426 1471 πάντως
2475 1406 2904 1481 ἀπειροπληθεῖς
2956 1409 3312 1485 φανήσονται.
3341 1406 3409 1461 Ei
3457 1405 3547 1460 οῦν
3579 1405 3718 1482 ἀρχὴ
3750 1408 3832 1481 μία

2211 1497 2239 1550 ὁ
2271 1498 2424 1566 Θεὸς,
2458 1497 2602 1551 οὕτω
2645 1498 2735 1551 καὶ
2780 1497 2842 1552 τὸ
2891 1492 3063 1559 ὅντως
3109 1495 3190 1565 ὃν,
3217 1495 3309 1549 καὶ
3360 1493 3493 1549 αὐτὸ
3537 1494 3599 1550 τὸ
3632 1495 3831 1570 ἀγαθόν.

2211 1586 2445 1659 Εὑρήσει
2496 1583 2553 1640 δὲ
2604 1586 2631 1640 ὁ
2674 1585 2836 1660 λόγος
2882 1583 2972 1640 καὶ
3020 1585 3088 1640 τὰ
3142 1582 3356 1639 ἇναντία
3400 1587 3509 1638 τῶν
3559 1583 3831 1657 εἰρημένων

2212 1674 2537 1749 ἀναγκαίως·
2574 1673 2698 1739 ἔνθα
2742 1676 2846 1750 γὰρ
2899 1674 3072 1750 ἀρχὴ,
3116 1669 3263 1728 ἔσται
3310 1673 3526 1734 πάντως
3572 1671 3657 1726 καὶ
3702 1669 3836 1749 ἔσχα-

2209 1783 2326 1818 τον’
2375 1763 2465 1818 καὶ
2516 1763 2562 1818 εἰ
2610 1758 2753 1818 ἔστιν
2801 1765 2882 1835 ὃν,
2927 1759 3075 1817 ἔσται
3111 1761 3202 1817 καὶ
3253 1763 3330 1834 μὴ
3384 1758 3466 1817 ὄνο
3498 1761 3589 1815 καὶ
3634 1759 3676 1815 εἰ
3714 1758 3833 1815 ἔστιν

2212 1851 2432 1928 ἀγαθὸν,
2464 1850 2611 1906 ἔσται
2640 1850 2730 1906 καὶ
2760 1851 2944 1907 κακόν.
2978 1849 3137 1908 Ἀλλ’
3184 1848 3375 1920 ἐπειδὴ
3405 1850 3473 1903 τὰ
3513 1844 3639 1903 ὄντα
3685 1847 3833 1903 οὐσίαι

2213 1941 2317 1995 εἰσὶ
2344 1939 2433 1995 καὶ
2466 1938 2609 2010 εἷ’δη,
2639 1942 2702 1995 τὸ
2736 1942 2811 2013 μή
2859 1940 2916 1995 ὃν
2956 1936 3196 1995 ἀνείδεον
3248 1938 3310 1994 ἃν
3343 1934 3428 2007 si?)
3461 1936 3551 1993 καὶ
3593 1936 3832 2004 ἀνούσιον,

2214 2028 2363 2103 λόγῳ
2415 2029 2566 2101 μόνῳ
2615 2030 2911 2104 θεωρητόν.
2944 2028 3022 2085 Τὸ
3057 2029 3135 2100 μὴ
3186 2027 3243 2083 ὃν
3278 2028 3371 2081 οὗν
3414 2030 3572 2081 τοῦτο
3598 2025 3683 2079 καὶ
3711 2025 3831 2078 ἀνεί-

2214 2115 2331 2172 δεον
2366 2116 2504 2188 ὕλην
2540 2116 2800 2173 ἐκάλεσαν
2827 2118 2884 2170 οἱ
2914 2114 3168 2185 παλαιοὶ,
3201 2117 3262 2184 ἣν
3294 2115 3388 2170 καὶ
3420 2113 3642 2189 ἔσχατον
3672 2113 3833 2187 αἶσχος

2214 2208 2566 2279 ὀνομάζουσι.
2600 2207 2824 2281 Λέγεται
2858 2203 2916 2261 δὲ
2950 2207 3026 2277 μὴ
3058 2205 3115 2259 ὃν
3149 2207 3183 2274 ἡ
3218 2203 3356 2274 ὕλη,
3388 2203 3494 2278 οὐχ
3536 2203 3616 2257 ὅτι
3662 2220 3830 2256 παντε-

2214 2295 2328 2357 λῶς
2360 2294 2513 2350 οὐδέν
2546 2294 2707 2362 ἐστιν,
2761 2292 2889 2351 ἀλλ’
2941 2292 3025 2349 ὅτι
3079 2296 3154 2366 μή
3208 2292 3343 2348 ἂστυ
3374 2292 3437 2347 τὸ
3465 2291 3565 2368 γὰρ
3608 2285 3760 2350 ὅντως
3785 2289 3833 2341 ὃν

2214 2385 2416 2454 ὁΘεὸς,
2467 2385 2557 2439 καὶ
2614 2382 2743 2439 αὐτὸ
2798 2385 2863 2438 τὸ
2921 2383 3139 2458 ἀγαθόν·
3201 2389 3479 2457 παρῆκται
3529 2380 3625 2455 γὰρ
3674 2378 3727 2432 ἐκ
3768 2377 3830 2448 μὴ

2214 2469 2384 2529 ὄντων
2440 2473 2544 2529 ὑπὸ
2584 2476 2682 2527 τοῦ
2730 2476 2864 2527 Θεοῦ
2911 2471 3001 2526 καὶ
3031 2473 3065 2541 ἡ
3117 2468 3247 2542 ὅλη·
3300 2469 3429 2527 ἀλλ’
3478 2468 3581 2544 οὐχ
3608 2463 3677 2529 ὥς
3715 2485 3833 2526 τινες

2218 2557 2490 2617 ὑπέλαϐον
2522 2558 2760 2623 ἀνείδεος
2790 2560 2880 2615 καὶ
2928 2559 3365 2635 ἀσχημάτιστος·
3404 2557 3518 2613 ὅθεν
3563 2554 3678 2611 οὐδὲ
3705 2553 3826 2629 ἀρχὴ

2211 2654 2321 2705 τῶν
2376 2649 2646 2720 αἰσθητῶν
2686 2651 2720 2718 ἡ
2754 2646 2885 2719 ὕλη,
2939 2646 3086 2704 ἀλλὰ
3147 2646 3364 2720 μᾶλλον
3427 2641 3827 2718 συμπληρωτιιιὴ

2211 2737 2446 2803 τούτων,
2477 2737 2568 2792 καὶ
2617 2736 2849 2812 ἔσχατόν
2894 2757 2946 2790 τι
2996 2736 3087 2791 καὶ
3137 2737 3464 2809 ὑποστάθμη
3507 2738 3610 2788 τῶν
3662 2731 3823 2786 ὄντων.

2214 2827 2307 2880 Διὸ
2339 2824 2463 2880 οὔτε
2492 2826 2650 2881 εἰκὼν
2684 2829 2840 2895 Θεοῦ,
2872 2824 2947 2886 ὡς
2979 2824 3046 2878 τὰ
3094 2824 3312 2899 λογικὰ,
3356 2822 3480 2879 οὕτε
3508 2819 3720 2877 εἴδωλον
3747 2819 3828 2870 τοῦ

2212 2910 2383 2976 ὅντως
2417 2911 2593 2976 ὄντος.
2629 2913 2732 2970 Καὶ
2778 2914 2840 2968 τὸ
2891 2914 3148 2983 αἰσθητὸν
3198 2911 3255 2968 δὲ
3285 2910 3522 2967 εἶ’δωλον
3566 2914 3657 2965 τοῦ
3685 2904 3825 2967 ὅντως

2212 3006 2413 3073 νοητοῦ
2455 3003 2689 3075 κόσμου,
2739 3001 2872 3077 ὅπερ
2922 3001 3202 3072 αἲσθητὸν,
3258 3000 3366 3056 οὐκ
3413 2997 3533 3055 ἄνευ
3584 2998 3668 3071 μὲν
3710 2993 3824 3063 ὕλης

2214 3090 2347 3158 ἐστὶ,
2378 3096 2623 3166 κρεῖττον
2655 3088 2712 3144 δὲ
2759 3096 2858 3159 τῆς
2891 3088 3052 3162 ὕλης,
3103 3088 3280 3153 εἷ’δους
3329 3091 3574 3145 ὁπωσοῦν
3609 3085 3824 3159 μετέχον.

2214 3176 2495 3236 Οὐδέποτε
2525 3179 2616 3233 οῦν
2650 3176 2999 3254 δειχθήσεται
3044 3180 3078 3248 ἡ
3112 3177 3218 3249 ὕλη
3272 3175 3411 3255 δίχα
3448 3181 3542 3232 τοῦ
3574 3172 3734 3236 εἴδους
3757 3168 3827 3225 καὶ

445 3288 563 3325 non
593 3270 720 3325 sine
751 3270 997 3325 materia
1034 3275 1145 3339 est,
1170 3270 1546 3341 praestantius
1580 3274 1775 3325 autem
1833 3271 2098 3335 materia,

2214 3272 2321 3323 τῶν
2366 3270 2700 3339 ποιοτήτων,
2733 3265 2929 3329 α’ίτινές
2978 3266 3113 3322 εἰσιν
3163 3264 3330 3339 ἕξεις·
3364 3269 3495 3323 πότε
3535 3266 3633 3340 γὰρ
3676 3263 3833 3337 γέγονε

445 3360 694 3415 formam
711 3357 1147 3430 aliquantulum
1172 3357 1568 3429 participans;
1591 3374 1899 3430 nunquam
1923 3358 2107 3432 igitur

448 3447 795 3504 ostendetur
841 3446 1091 3502 materia
1121 3448 1345 3518 absque
1376 3447 1564 3503 forma
1613 3451 1670 3503 et
1717 3447 2104 3519 qualitatibus

447 3553 571 3607 quaa
604 3539 743 3590 sunt
771 3534 1039 3602 habitus;
1072 3536 1309 3606 quando
1338 3536 1495 3590 enim
1528 3536 1637 3590 fuit
1667 3536 1822 3607 ignis
1852 3536 1979 3592 sine
2010 3553 2106 3592 ca-

447 3623 569 3680 lore
601 3628 702 3678 aut
738 3624 980 3692 lumine,
1006 3627 1109 3679 aut
1140 3623 1391 3679 candido
1439 3623 1656 3694 colore,
1672 3625 1764 3679 vel
1798 3642 1951 3696 aqua
1980 3626 2108 3681 sine

449 3713 665 3785 frigore
695 3718 795 3769 aut
825 3712 1200 3777 bumiditate,
1229 3717 1331 3767 aut
1383 3711 1629 3768 caeruleo
1674 3713 1903 3770 colore?
1929 3714 2109 3769 Terra

449 3806 507 3857 et
556 3817 657 3856 aer
708 3800 1003 3857 similiter.
1038 3805 1352 3872 Propterea
1399 3800 1579 3857 etiam
1629 3801 1749 3856 dixi
1799 3802 2107 3857 materiam

451 3890 679 3962 concipi
712 3889 784 3946 ab
814 3889 1113 3945 intellectu
1144 3889 1480 3957 informem,
1514 3894 1571 3945 et
1592 3891 1719 3947 sine
1742 3891 2022 3962 qualitate
2043 3907 2109 3946 ac

448 3981 676 4055 ﬁgura:
702 3996 771 4036 ex
803 3996 917 4050 quo
949 3979 1108 4035 enim
1140 3978 1393 4035 visibilia
1415 3984 1470 4035 et
1494 3979 1816 4036 invisibilia
1848 3981 2104 4052 fuerunt,

446 4085 516 4124 ex
549 4085 666 4124 non
706 4068 945 4124 entibus
976 4067 1201 4124 scilicet
1230 4085 1264 4124 a
1293 4068 1410 4124 Deo
1461 4069 1749 4141 producta
1795 4073 1956 4138 sunt,
1990 4085 2106 4124 non

446 4158 617 4230 prius
648 4157 900 4213 materia
947 4157 1185 4212 informi
1237 4158 1602 4230 subjacente,
1636 4159 1848 4214 deinde
1879 4163 2106 4225 ornata,

448 4246 604 4302 sicut
635 4246 872 4302 divinus
915 4246 1109 4302 Moses
1152 4248 1339 4304 docet.
1373 4250 1577 4319 Itaque
1624 4248 1869 4304 materia
1898 4247 1957 4303 in
1989 4249 2105 4304 Deo

452 4338 561 4405 est,
587 4351 724 4390 cum
755 4334 826 4391 ab
852 4350 917 4391 eo
949 4335 1237 4408 producta
1261 4336 1465 4407 fuerit;
1498 4335 1600 4392 illo
1626 4341 1824 4393 autem
1858 4341 1924 4393 ut
1952 4338 2105 4393 bono

451 4423 649 4480 omnia
677 4423 1104 4497 complectente
1133 4425 1646 4498 superessentialis
1678 4425 1738 4481 in
1774 4425 1902 4497 ipso
1936 4425 2105 4482 intel-

398 4506 403 4513 ’
447 4512 679 4586 ligitur,
704 4513 827 4570 haec
859 4513 1115 4588 reperies
1143 4513 1396 4588 sparsim
1429 4513 1696 4570 dicendis
1728 4514 1970 4571 inserta.

2212 3358 2275 3413 τὸ
2331 3360 2437 3433 πῦρ
2495 3354 2615 3412 ἄνευ
2666 3355 3023 3431 θερμότητος,
3074 3355 3109 3425 ἢ
3162 3357 3377 3431 φωτὸς,
3433 3356 3469 3425 ἢ
3525 3357 3616 3411 τοῦ
3669 3350 3832 3407 λευκοῦ

2212 3454 2313 3516 τῆς
2340 3452 2559 3521 χροιᾶς,
2591 3444 2627 3514 ἢ
2654 3446 2718 3500 τὸ
2767 3441 2914 3520 ὕδωρ
2962 3441 3086 3499 ἄνευ
3132 3444 3514 3521 ψυχρότητος,
3557 3443 3590 3510 ἢ
3640 3438 3832 3515 ὑγρότη-

2213 3556 2329 3605 τος,
2362 3535 2397 3603 ἢ
2424 3539 2520 3590 τοῦ
2569 3533 2920 3602 κυανίζοντος
2968 3534 3312 3609 [χρώματος]
3347 3554 3362 3605 ;
3394 3536 3427 3604 ἡ
3473 3538 3541 3609 γῆ
3585 3529 3665 3586 καί
3696 3529 3720 3581 ὁ
3746 3525 3833 3597 ἀὴρ

2217 3624 2448 3698 ὁμοίως.
2481 3623 2579 3678 Διὰ
2604 3627 2765 3679 τοῦτο
2796 3623 2885 3677 καὶ
2921 3620 3072 3698 λόγῳ
3101 3624 3395 3695 θεωρητὴν
3422 3623 3565 3677 εἷπον
3597 3619 3687 3686 τὴν
3716 3613 3831 3682 ὕλην

2217 3709 2472 3779 ἀνείδεον,
2521 3712 2609 3766 καὶ
2661 3710 2881 3782 ἄποιον,
2931 3710 3020 3765 καὶ
3070 3711 3506 3787 ἀσχημάτιστον·
3559 3708 3607 3778 ἐξ
3657 3705 3713 3760 οὗ
3751 3701 3831 3778 γὰρ

2215 3801 2283 3854 τά
2346 3800 2513 3874 ὁρατά
2569 3799 2660 3854 καὶ
2711 3801 2779 3854 τά
2829 3799 3032 3876 ἀόρατα
3096 3801 3340 3877 γέγονεν,
3418 3799 3476 3855 ἐκ
3554 3798 3626 3871 μή
3687 3788 3827 3847 ὄντων

2220 3886 2477 3960 δηλονότι
2508 3884 2613 3953 ὕπὸ
2644 3893 2776 3943 Θε-,ῦ
2806 3891 3094 3965 παρήχθη,
3128 3889 3189 3944 οὐ
3221 3889 3487 3965 πρότερον
3520 3886 3651 3956 ὕλης
3682 3877 3830 3953 ἀμόρ-

2219 3999 2322 4055 φου
2377 3976 2739 4052 ὑποκειμένης
2771 4025 2786 4050 ,
2837 3978 2952 4033 εἶτα
3000 3979 3375 4051 κοσμηθείσης
3408 4022 3423 4050 ,
3481 3978 3553 4039 ὡς
3625 3968 3830 4055 διδάσκει

2217 4051 2422 4137 Μωσῆς
2450 4068 2477 4121 ὁ
2527 4068 2692 4128 θεῖος.
2729 4067 2816 4123 Ἐν
2864 4067 2958 4139 μὶν
3010 4066 3104 4121 οὖν
3150 4071 3229 4139 τῷ
3278 4071 3397 4139 Θεῷ
3428 4064 3589 4132 ἐστιν,
3639 4062 3720 4114 ἅτε
3759 4051 3830 4139 κανῖ

2219 4151 2308 4209 ὕπ’
2362 4154 2526 4210 αὐτοῦ
2591 4160 2932 4230 παρσχθεῖσα
2987 4157 3021 4225 ἡ
3078 4153 3209 4224 ὕλη³
3275 4152 3593 4230 ὑπεροὺσιος
3663 4144 3731 4213 δὲ,
3780 4138 3833 4230 Ἒὰ

2215 4245 2388 4299 πάντα
2434 4243 2636 4299 ἐκείνου
2669 4246 2744 4309 ὡς
2780 4246 2986 4320 ἀγαθοῦ
3034 4244 3396 4320 συνέχοντος,
3440 4244 3636 4297 νοεῖται
3664 4234 3711 4290 ἐν
3752 4228 3832 4320 αὖ·

2214 4338 2315 4406 τῷ.
2346 4337 2520 4388 Ταῦτα
2548 4335 2793 4410 εὑρήσεις
2828 4316 2893 4389 ’ἐν
2943 4339 3062 4396 τοῖς
3111 4316 3545 4408 λεχθησομένοις
3584 4316 3827 4398 σποράδην

2216 4420 2519 4499 ὲγκείμενα.

525 4622 682 4676 144
712 4622 983 4690 Quomodo
1029 4622 1342 4680 daemonum
1390 4622 1578 4676 turba.
1610 4621 1898 4694 Deinceps
1946 4639 2100 4694 quae-

2283 4619 2408 4681 ΙΙῶς
2484 4620 2518 4688 ἡ
2595 4615 2847 4691 δαιμονία
2902 4616 3143 4688 πληθύς.
3204 4617 3411 4673 Λοιπὸν
3488 4605 3825 4694 προϐλήματα

449 4707 683 4787 stiones,
705 4710 949 4767 discutit
987 4712 1258 4777 dicendo,
1290 4710 1341 4766 si
1372 4709 1571 4765 omnia
1619 4727 1687 4765 ex
1735 4710 1909 4780 bono,
1947 4712 2103 4767 unde

448 4794 625 4866 mala,
648 4802 706 4854 et
736 4801 888 4856 unde
910 4800 1103 4873 angeli
1128 4799 1266 4856 facti
1292 4804 1433 4855 sunt
1454 4799 1789 4855 daemones?
1811 4800 1939 4856 Haec
1961 4805 2103 4856 sunt

449 4889 654 4941 contra
680 4886 1057 4945 Manichaeos.

518 4976 662 5030 Boni
687 4978 869 5045 forma
896 4984 1066 5032 caret.
1097 4976 1273 5031 Recte
1302 4979 1361 5031 et
1390 4980 1662 5051 accurate
1691 4977 1886 5047 posuit
1913 4977 1973 5032 in
2007 4993 2104 5033 an-

446 5061 596 5132 gelis
624 5062 687 5115 τὸ
716 5060 1061 5137 ἀγαθοειδές;
1098 5068 1248 5120 Deus
1281 5063 1462 5133 enim,
1485 5065 1875 5121 essentialiter
1901 5065 2101 5137 ipsum

447 5149 665 5207 bonum
697 5154 1008 5223 exsistens,
1031 5153 1160 5224 ipso
1191 5157 1386 5208 autem
1409 5154 1752 5224 posteriora,
1777 5159 1841 5209 ut
1870 5170 1939 5210 ex
1968 5172 2101 5227 par-

446 5237 789 5310 ticipatione
818 5246 876 5297 et
904 5241 1269 5297 extrinsecus
1308 5242 1437 5312 ejus
1467 5243 1728 5314 appetitu
1761 5245 1967 5300 effecta
1997 5245 2101 5299 bo-

445 5341 541 5393 na,
575 5328 782 5383 merito
831 5325 1120 5404 ἀγαθοειδῆ
1154 5345 1257 5386 seu
1296 5330 1436 5386 boni
1485 5330 1740 5403 speciem
1790 5332 2103 5389 referentia

445 5414 745 5484 dicuntur,
780 5434 915 5474 cum
947 5436 1063 5474 non
1095 5420 1216 5475 sint
1244 5435 1451 5490 reapse
1481 5421 1655 5477 bona.

515 5522 583 5576 Et
611 5525 873 5594 quomodo
914 5526 1102 5582 bonus.
1134 5525 1281 5583 Vide
1325 5527 1619 5598 quomodo
1670 5526 2099 5597 propositiones

444 5623 551 5681 per
589 5613 831 5670 modum
861 5615 1296 5687 disquisitionis
1334 5615 1653 5687 producat;
1686 5615 1988 5672 continent
2017 5620 2097 5673 si-

441 5698 682 5769 quidem
715 5704 1182 5762 adversuriorum
1215 5704 1639 5777 oppositiones,
1662 5708 1727 5760 ut
1758 5704 2093 5764 Manichaeo-

2213 4703 2562 4783 διαγυμνάζει
2611 4688 2809 4781 λέγων,
2843 4707 2952 4774 ὅτι,
2984 4706 3028 4761 εἰ
3058 4705 3235 4762 πάντα
3281 4706 3342 4761 ἐκ
3383 4708 3478 4760 τοῦ
3507 4688 3721 4777 ἀγαθοῦ,
3748 4688 3828 4745 πόο

2212 4798 2297 4852 θεν
2326 4796 2393 4851 τὰ
2417 4797 2575 4865 κακὰ,
2628 4796 2719 4851 καὶ
2772 4794 2936 4860 πόθεν
2987 4792 3209 4871 ἄγγελοι
3261 4794 3506 4872 ἐγένοντο
3558 4787 3822 4859 δαίμονας

2214 4887 2393 4942 Πάντα
2420 4886 2558 4941 κατὰ
2589 4884 2936 4961 Μανιχαίων.

2282 4976 2385 5051 [f3]-
2445 4973 2561 5033 Οὐκ
2610 4952 2779 5030 iam"
2810 4971 3168 5050 ἀγαθοειδές.
3228 4973 3425 5035 Καλῶς
3478 4968 3564 5025 καὶ
3618 4952 3825 5058 aliptes:

2212 5062 2301 5118 ἐπὶ
2355 5069 2463 5119 τῶν
2518 5063 2764 5138 ἀγγέλων
2825 5065 3033 5126 τέθεικε
3077 5063 3142 5117 τὸ
3194 5058 3525 5138 ἂγαθοειδξς·
3558 5058 3586 5112 ὁ
3619 5054 3824 5138 uitia?

2212 5153 2341 5214 Θεὸς
2373 5134 2656 5214 οὐσιωδῶς
2705 5151 2835 5207 αὐτὸ
2881 5153 2944 5206 τὸ
2989 5152 3190 5226 ἀγαθὸν
3221 5134 3319 5223 ὧν,
3344 5150 3413 5205 τὰ
3443 5134 3502 5203 δὶ
3533 5143 3642 5219 μετ’
3670 5134 3824 5232 εὖτδγι

2211 5241 2284 5302 ὡς
2318 5239 2378 5295 ἐκ
2409 5247 2656 5315 μετοχῆς
2682 5240 2773 5294 καὶ
2823 5236 3015 5309 ἔξωθεν
3064 5238 3439 5326 ἁγαθυνόμενα
3483 5237 3550 5309 τῇ
3595 5227 3709 5326 περὶ
3734 5227 3821 5326 ’40,.

2208 5331 2298 5384 τὸν
2359 5309 2836 5402 ἐφέσειζάκότως
2884 5309 3173 5403 ἀγαθοειδῆ
3228 5309 3504 5401 λέγονται,
3556 5319 3649 5376 οὐκ
3696 5309 3825 5366 αὐτό-

2209 5438 2321 5495 χρη
2333 5439 2407 5491 μα
2437 5419 2627 5492 ἀγαθά·

2282 5526 2382 5599 [γ]-
2416 5523 2521 5581 Καὶ
2571 5528 2689 5585 πῶς
2747 5524 2775 5578 δ
2815 5522 3031 5597 ἁγαθός.
3088 5525 3225 5598 Ὅρα
3280 5520 3431 5581 ὅπως
3485 5508 3820 5599 προϐλήμαξα

2208 5594 2364 5675 (bc—tv
2384 5615 2607 5685 ζητήσει
2634 5594 2892 5688 παράγει,
2923 5609 3122 5688 ἔχοντα
3154 5594 3247 5685 μὲν
3278 5611 3369 5665 καὶ
3412 5607 3569 5668 αὐτὰς
3607 5602 3696 5661 τὰς

2206 5675 2806 5780 ἐχθρῶνσὰντιθέσεις,
2866 5675 2993 5756 oio;
3033 5675 3357 5776 Μανιχαίων
3388 5716 3402 5730 ο
3463 5689 3716 5766 δηλούσας
3767 5675 3815 5732 δδ
