4034 6392
227 414 338 468 273
1020 420 1078 470 S.
1119 416 1396 470 MAXlMI
1437 417 1747 469 SCHOLIA
1785 416 1857 468 IN
1898 415 2033 465 LIB.
2076 416 2170 466 DE
2211 386 2481 471 lilVINlS
2520 418 2938 474 NOMINIBUS.
3583 425 3688 478 274

227 535 395 609 ὅμως
425 539 523 592 τὸν
558 539 760 592 σκοπὸν
793 541 890 592 τοῦ
941 537 1086 592 θείου
1131 537 1325 591 τούτου
1378 536 1574 612 ἀνδρὸς
1605 536 1695 590 τὸν
1730 533 1906 607 ὀρθόν.

2031 552 2192 604 rum;
2228 538 2532 595 declarant
2587 545 2782 596 tamen
2831 557 3074 614 scopum
3121 543 3298 598 divini
3354 544 3531 616 hujus
3582 547 3687 602 viri

225 628 394 700 Λέγει
427 627 559 702 γὰρ,
614 626 674 682 in
721 627 869 689 τίνος
921 627 1102 702 ἀρχῆς
1151 629 1417 702 παρήχθη
1477 626 1539 680 τὸ
1579 625 1740 679 κακόν
1779 643 1789 656 ο
1825 623 1906 678 καῖ

2027 629 2249 681 rectum
2305 645 2462 696 esse;
2498 629 2637 685 dicit
2671 631 2851 700 enim,
2885 648 2952 686 ex
2983 648 3098 702 quo
3150 633 3434 705 principio
3465 638 3685 707 produ-

222 715 277 770 εἰ
308 714 362 786 ἐξ
398 714 588 786 ἄλλης
623 715 822 785 αἰτίας,
854 717 942 770 καὶ
978 715 1077 770 ὅσα
1119 720 1344 770 τοιαῦτα
1378 720 1488 769 τῶν
1521 711 1806 768 ἀντιδίκων
1841 711 1906 766 εἷ-

2027 717 2184 768 ctum
2219 714 2298 769 sit
2331 715 2587 784 malum;
2641 734 2706 771 ac
2757 721 2957 772 utrum
3009 735 3076 773 ex
3124 717 3237 774 alia
3285 737 3462 776 causa
3509 728 3686 794 atque

219 804 311 859 σίν
348 823 359 836 ·
423 807 542 860 εἶτα
596 804 816 873 λοιπὸν,
845 809 963 868 πῶς
1038 806 1065 859 6
1132 805 1329 878 ἀγαθὸς
1395 805 1525 858 αὐτὸ
1584 807 1906 878 παραγαγεῖν

2026 804 2225 858 omnia
2256 822 2384 876 quae
2415 806 2732 861 adversarii
2760 823 2892 862 esse
2923 806 3132 862 solent.
3152 807 3369 862 Deinde
3396 815 3686 880 quomodo

221 888 540 964 ἠϐουλήθη
578 913 591 926 ο
623 899 742 956 πῶς
773 892 830 948 δὲ
878 894 968 948 καὶ
1019 893 1251 970 προνοίᾳ
1286 895 1332 930 ⁸⁸
1382 892 1490 947 ἐστὶ
1523 893 1584 946 τὸ
1615 892 1779 946 κακόν
1812 909 1828 927 ⁸
1858 889 1906 944 ἐκ

2024 891 2216 947 bonus
2252 893 2448 965 ipsum
2482 895 2704 950 malum
2742 897 3064 967 producere
3091 896 3365 962 voluerit,
3391 901 3682 968 quomodo

214 981 444 1036 τούτων
477 979 716 1052 δεικνὺς,
749 982 857 1055 ὅτι,
901 983 951 1037 εἴ
993 983 1082 1037 καὶ
1134 982 1282 1046 ὅλως
1329 983 1668 1058 παραγωγὴν
1698 979 1824 1054 ἔσχε
1853 981 1906 1034 1E

2025 982 2200 1036 etiam
2236 984 2608 1054 providentia
2640 984 2716 1039 sit
2762 983 3010 1054 malum,
3043 987 3361 1041 ostendens
3390 1003 3456 1041 ex
3488 987 3600 1053 his,
3635 988 3684 1042 si

213 1071 434 1142 κακὸν,
469 1069 530 1125 ἐκ
549 1075 648 1125 τοῦ
699 1072 902 1145 ἀγαθοῦ
949 1070 1149 1141 ταύτην
1198 1070 1326 1146 ἔσχε
1361 1091 1374 1104 θ
1425 1070 1514 1124 καὶ
1563 1069 1646 1124 ὅτι
1707 1069 1906 1140 μόνηὴ

2025 1071 2246 1126 malum
2297 1072 2540 1128 omnino
2594 1075 2943 1144 productum
2999 1074 3194 1142 fuerit,
3228 1092 3259 1130 a
3292 1075 3444 1131 bono
3478 1075 3681 1142 fuisse,

210 1159 465 1235 πρόνοια
499 1157 705 1214 διοικεῖ
751 1161 815 1215 τὸ
865 1158 1020 1232 ὅλον,
1071 1160 1145 1223 ὡς
1191 1159 1248 1213 ἐκ
1292 1160 1489 1214 τούτου
1542 1159 1667 1230 μίαν
1704 1156 1906 1230 ἀγαθὴν

2024 1163 2200 1230 atque
2231 1160 2414 1216 solam
2461 1161 2887 1233 providentiam
2923 1163 3250 1235 gubernare
3293 1163 3584 1229 universa,
3619 1169 3683 1220 ut

209 1251 413 1324 ἀρχήν
451 1249 733 1312 εἶναιτοῖς
779 1248 922 1306 οὖσι.
967 1252 1148 1306 Ταῦτα
1196 1249 1286 1304 καὶ
1327 1247 1378 1302 ἐν
1419 1253 1536 1309 τοῖς
1584 1242 1906 1321 προϐλήμα-

2023 1248 2159 1304 hinc
2199 1255 2479 1320 sequatur
2530 1268 2714 1306 unum
2765 1252 3008 1317 bonum,
3041 1269 3169 1308 esse
3219 1271 3415 1308 rerum
3465 1253 3682 1325 princi-

207 1361 303 1392 σιν
351 1338 617 1409 ἐξήτασεν
671 1340 699 1393 6
752 1341 902 1402 θεῖος
963 1340 1119 1400 οὗτος
1169 1340 1304 1412 ἀνήρ
1343 1359 1354 1372 ο
1408 1337 1754 1412 παρακατιὼν
1805 1336 1905 1412 γὰρ

2022 1337 2218 1409 pium;
2273 1339 2393 1392 haec
2443 1344 2642 1394 autem
2685 1341 2741 1393 in
2779 1341 3278 1410 prapositionibus
3328 1342 3563 1398 divinus
3594 1344 3682 1397 vir

203 1426 451 1482 ἀναλύει
488 1433 676 1502 σαφῶς
707 1430 775 1482 τὰ
821 1423 1223 1504 προϐλήματα,
1277 1425 1487 1488 δεικνὺς
1531 1426 1605 1488 ὡς
1640 1424 1764 1480 οὕτε
1795 1425 1906 1478 ἐνυ-

2022 1428 2400 1494 examinavit;
2445 1429 2829 1500 progrediens
2870 1429 3024 1483 enim
3074 1431 3426 1501 quaestiones
3475 1431 3678 1486 ordine

203 1517 498 1572 πόστατον
546 1519 610 1572 τὸ
652 1519 840 1586 κακὸν,
893 1517 1015 1572 οὕτε
1065 1517 1116 1571 ἐν
1169 1517 1322 1594 φύσει
1363 1535 1373 1548 ·
1433 1513 1580 1570 ἀλλᾶ
1609 1514 1744 1569 κατὰ
1782 1515 1905 1568 στὲ-

2022 1516 2648 1582 solvit,demonstrans
2676 1517 2897 1572 malum
2935 1535 3126 1591 neque
3157 1519 3368 1574 habere
3397 1523 3678 1576 exsisnen-

207 1626 386 1680 ρησιν
415 1611 517 1660 τοῦ
552 1607 755 1681 ἀγαθοῦ
805 1605 1112 1682 γινόμενον,
1167 1603 1289 1660 οὕτε
1337 1605 1413 1661 ὃν.
1467 1603 1589 1658 οὔτε
1632 1604 1706 1666 ὡς
1741 1603 1816 1674 μὴ
1850 1600 1906 1656 ὃν

2022 1603 2182 1671 tiam,
2217 1623 2407 1677 neque
2459 1606 2519 1660 in
2569 1623 2764 1661 rerum
2819 1612 3030 1662 natura
3061 1608 3334 1677 reperiri;
3387 1609 3486 1664 sed
3539 1610 3675 1664 boni

199 1692 614 1770 λογίζόμενον.
667 1695 765 1749 Καὶ
807 1699 972 1749 τοῦτο
1025 1694 1352 1748 αἰνίττεσθαι
1383 1694 1429 1728 ⁸⁸
1479 1692 1542 1746 τὸ
1601 1690 1652 1745 ἐν
1698 1691 1906 1763 ψαλμῷ

2022 1695 2343 1766 privatione
2379 1696 2620 1762 factum,
2650 1713 2837 1768 neque
2868 1713 2994 1766 ens,
3019 1713 3208 1768 neque
3239 1702 3520 1768 tanquam
3557 1715 3672 1754 non

201 1788 540 1858 τριακοστῷ
584 1780 726 1855 ἓκτῳ
782 1782 1070 1859 εἰρημένον
1107 1801 1119 1814 ·
1175 1780 1333 1838 Εἶδον
1387 1783 1480 1836 τὸν
1531 1775 1700 1847 ἀσεϐῆ
1747 1780 1906 1853 ὑπερ-

2022 1799 2123 1840 ens
2168 1785 2394 1839 ratione
2444 1785 2691 1853 concipi,
2724 1790 2899 1855 atque
2932 1785 3040 1840 hoc
3072 1786 3360 1841 insiuuari
3409 1791 3468 1842 in
3517 1787 3673 1858 psal-

223 1874 557 1945 υψούμενον
608 1873 681 1934 ὡς
740 1872 836 1934 τὰς
893 1870 1117 1945 κὲδρους
1171 1875 1267 1926 τοῦ
1325 1865 1587 1938 Λιϐάνου,
1631 1867 1719 1922 καὶ
1768 1888 1906 1942 παρ-

2022 1891 2114 1928 mo
2163 1891 2354 1938 xxxvx,
2388 1875 2458 1927 35
2492 1891 2503 1928 :
2541 1873 2660 1928 Vidi
2711 1874 2952 1944 impium
2999 1877 3482 1945 superexallatum
3527 1879 3675 1933 sicut

206 1959 424 2030 ἦλθον,
478 1960 575 2015 καὶ
621 1958 740 2014 ἴδοὺ
790 1960 889 2015 οὐκ
946 1961 1036 2030 ἦν,
1097 1960 1189 2014 καὶ
1251 1959 1496 2030 ἐζήτησα
1545 1956 1907 2028 αὐτὸν,τουτ·

218 2051 338 2105 ἐστι
385 2050 483 2105 τὸν
535 2050 704 2105 τόπον
753 2049 939 2118 αὐτοῦ,
999 2051 1087 2104 καὶ
1137 2049 1245 2124 οὐχ
1295 2049 1487 2124 εὑρέθη
1525 2066 1535 2076 '
1585 2051 1746 2101 10610
1803 2045 1902 2119 γὰρ

224 2137 427 2210 δηλοῖ,
481 2138 566 2196 ὅτι
615 2140 677 2195 τὸ
725 2140 913 2208 κακὸν,
963 2138 997 2207 ἥ
1044 2139 1134 2194 καὶ
1193 2136 1399 2216 σφόδρα
1446 2135 1743 2212 ἐπαίρεται,
1778 2133 1906 2189 ἀλλ’

222 2227 322 2283 06v
357 2228 464 2284 οὐκ
515 2225 684 2300 ἔστιν,
737 2228 859 2284 οὕτε
915 2227 1234 2302 καταλείψει
1281 2227 1447 2282 τόπον
1481 2224 1693 2297 ἑαυτοῦ,
1742 2244 1903 2279 τουτ-

223 2318 372 2371 έστιν
429 2315 589 2392 ἴχνος
622 2337 634 2350 ·
689 2315 803 2390 ἅμα
857 2317 958 2392 γὰρ
1017 2339 1096 2389 τῳ
1141 2331 1368 2394 φανηναι
1433 2312 1772 2384 διαλέλυται,
1823 2315 1899 2384 μὴ

223 2405 358 2482 ἔχον
412 2407 710 2461 ὑπόστασιν
750 2428 762 2439 ·
819 2408 894 2479 μή
946 2407 1036 2460 οῦν
1098 2401 1400 2467 ὑπολάϐοις
1459 2404 1618 2459 αὑτὸν
1667 2402 1898 2457 ἐναντίον

225 2495 414 2570 λέγειν
449 2518 527 2552 τι.

315 2592 343 2658 §
391 2591 544 2644 XIX.
599 2587 675 2642 T6
747 2588 909 2641 κακὸν
998 2585 1095 2641 οὐκ
1179 2584 1319 2640 ἔστιν
1373 2585 1432 2640 ἐκ
1480 2585 1737 2660 τάγαθοῦ.
1797 2589 1902 2651 Ση-

229 2676 494 2749 μείωσαι,
537 2680 660 2738 πῶς
714 2677 1031 2748 θαυμασίως
1081 2675 1272 2731 πλὲκει
1319 2675 1418 2743 τήν
1471 2673 1626 2729 λύσιν
1676 2673 1734 2727 ἐκ
1782 2670 1900 2726 δια-

231 2768 417 2843 αόρων
457 2767 716 2841 ἰπιχειρη
728 2767 935 2839 μάτων.

301 2857 364 2911 Ὁ
420 2853 533 2909 τῶν
597 2851 767 2910 ὄντων
826 2853 1052 2916 σκοπός.
1112 2855 1215 2910 Καὶ
1282 2854 1384 2930 γὰρ
1443 2855 1471 2908 6
1530 2852 1902 2928 ὀργιζόμενος,

232 2944 360 3012 ⁴ἤτοι
391 2943 769 3018 θυμούμενος,
814 2945 906 3016 (ὡς
953 2944 1005 2998 ἐν
1067 2941 1420 3018 ὑποδείγματι
1455 2941 1512 2996 δὲ
1549 2943 1576 2996 6
1609 2939 1800 3016 λόγος,
1832 2941 1906 3001 ὡς

236 3032 436 3106 δοκεῖ,)
490 3033 658 3088 κακόν
711 3055 764 3087 τι
814 3038 1105 3095 ποιοῦντος
1161 3036 1259 3088 τοῦ
1317 3032 1453 3108 πρὸς
1504 3032 1564 3085 ὃν
1616 3034 1903 3104 θυμοῦται,

232 3123 370 3196 πρὸς
397 3123 464 3178 τὸ
496 3121 740 3177 ἆναντίον
764 3126 954 3177 τοῦτον
993 3126 1319 3197 μεταγαγεῖν
1357 3119 1711 3196 βουλόμενος.
1743 3139 1904 3173 τουτ-

235 3212 342 3268 ἑστι
373 3213 440 3267 τὸ
469 3211 691 3286 ἀγαθὸν,
721 3215 790 3285 τῇ
822 3211 1046 3286 τοιαύτῃ
1079 3213 1287 3280 κινήσει
1318 3217 1543 3286 χρῆται.

302 3302 409 3359 Καὶ
460 3271 529 3355 εἰ.
559 3302 628 3355 τὰ
873 3271 1068 3356 πάντα.
1128 3271 1378 3375 "nim;
1420 3271 1714 3372 ’ἀνωτέρω,
1778 3297 1823 3352 εί
1879 3298 1906 3350 ὁ
1939 3271 1982 3339 C

233 3392 360 3452 Θεὸς
391 3389 739 3464 ὑπερουσίως
772 3387 845 3443 ὢν
899 3388 1110 3464 λέγεται
1165 3389 1238 3450 ὡς
1299 3390 1538 3463 ἄναρχος
1570 3387 1658 3441 καὶ
1691 3386 1906 3440 πάντων

233 3481 430 3548 αἴτιος,
487 3479 555 3533 τὸ
611 3479 906 3550 ἀντίθετον,
967 3479 1041 3539 ὡς
1116 3475 1346 3552 ἔσχατον
1400 3482 1509 3530 τῶν
1573 3471 1761 3545 ὄντων,
1819 3473 1908 3528 καὶ

233 3568 516 3634 ἁνοὺσιον,
553 3567 627 3630 ὡς
678 3568 1004 3643 ὑπιρουσίου
1061 3571 1160 3621 106
1206 3570 1362 3631 Θεοῦ,
1410 3563 1683 3619 τουτέστιν
1712 3565 1745 3632 ἠ
1779 3563 1908 3632 ὕλη,

232 3660 320 3713 καὶ
357 3659 436 3730 μὴ
495 3657 556 3711 ὃν
609 3655 846 3732 λέγεται,
893 3657 982 3710 καὶ
1036 3654 1086 3709 ἐν
1146 3660 1264 3726 Θεῷ
1323 3653 1560 3730 λέγεται,
1613 3651 1683 3707 δι’
1715 3650 1909 3728 ἀγαθό-

243 3768 379 3816 ττ,τα
408 3747 580 3802 αὐτοῦ
619 3747 912 3822 γενομένη,
967 3744 1017 3800 εἷ’
1069 3745 1160 3798 γαὶ
1210 3741 1298 3798 διὰ
1347 3747 1443 3797 τοῦ
1498 3741 1766 3816 μεμίχθαι
1794 3746 1910 3803 τοῖς

248 3836 518 3906 αἰσθητοῖς
572 3832 636 3890 06
681 3833 856 3904 πάντη
912 3833 1097 3902 κακὸν,
1146 3834 1273 3888 οὗτε
1319 3831 1494 3902 πάντη
1556 3832 1776 3905 ἀγαθὸν,
1837 3830 1911 3891 ὡς

248 3921 402 3994 δηλοῖ
433 3921 526 3978 διὰ
555 3924 620 3978 τὸ
654 3919 879 3977 ἄστατον
918 3943 931 3955 ·
993 3917 1109 3996 ἔχει
1163 3921 1258 3992 μὲν
1294 3920 1394 3996 γὰρ
1451 3919 1512 3974 τὸ
1559 3919 1722 3974 κακὸν
1749 3917 1800 3972 ἐν
1830 3917 1910 3990 τῷ

244 4013 477 4086 ἁστάτῳ,
509 4009 704 4087 λερίδα
737 4009 793 4066 δὲ
846 4015 945 4065 τοῦ
995 4012 1216 4086 ἀγαθοῦ,
1279 4006 1466 4077 ἔπειδή
1516 4009 1606 4063 καὶ
1641 4008 1744 4062 ὑπὸ
1775 4010 1909 4062 Θεοῦ

237 4104 534 4178 παρήχθη,
567 4102 654 4156 καὶ
709 4099 763 4155 ἐν
827 4105 942 4172 Θεῷ
1003 4098 1162 4154 ἐστι’
1220 4098 1518 4154 αὑτόκακον
1581 4098 1668 4166 (οὐ
1698 4095 1840 4171 λέγω
1873 4098 1906 4164 ἡ

239 4196 421 4261 κακία,
457 4191 583 4261 ἥτις
616 4191 692 4252 ὡς
724 4187 866 4251 εἶδος
894 4189 981 4244 καὶ
1007 4189 1240 4258 ποιότης
1275 4183 1557 4259 συμϐαίνει
1588 4189 1667 4258 τῷ
1698 4185 1910 4260 λογικῴ

231 4281 320 4336 καὶ
360 4275 790 4353 ἅποσυμϐαίνει,
818 4275 945 4331 ἀλλ’
977 4277 1106 4331 αὐτὸ
1146 4278 1208 4330 τὸ
1251 4273 1440 4337 ἁπλῶς
1472 4275 1659 4347 κακὸν)
1702 4272 1823 4328 οῧτε
1855 4273 1905 4327 ἐν

233 4392 349 4426 τοις
383 4368 537 4425 οῦσιν
569 4368 701 4433 ἐστι,
734 4373 854 4428 τοῖς
890 4367 1139 4421 ὁπωσοῦν
1201 4364 1508 4443 ἐφιεμένοις
1557 4368 1654 4419 τοῦ
1686 4364 1905 4439 ἀγαθοῦ,

238 4459 359 4515 οὔτε
388 4458 442 4514 ἐν
471 4463 591 4522 τοῖς
616 4459 691 4531 μὴ
718 4455 891 4525 οῦσιν,
918 4456 1034 4510 ἀντὶ
1061 4458 1157 4510 τοῦ
1182 4453 1231 4508 ἐν
1255 4459 1372 4514 τοῖς
1409 4452 1617 4514 ὑλικοὶς
1650 4453 1722 4512 ὡς
1751 4473 1907 4505 νοου-

241 4551 430 4623 μὲνοις
465 4547 517 4602 ἒν
549 4551 628 4619 τῷ
663 4543 968 4622 ὑπερουσίῳ
1002 4563 1014 4576 ·
1050 4543 1194 4599 ἀλλὰ
1215 4545 1303 4596 καί
1335 4546 1430 4596 τοῦ
1457 4543 1533 4615 μὴ
1553 4538 1730 4607 ὄντος,
1752 4539 1908 4595 ὅέστι

2015 1963 2206 2020 cedros
2240 1964 2442 2018 Libani
2473 1982 2490 2018 :
2521 1969 2574 2019 et
2606 1964 2870 2030 transivi,
2899 1972 2950 2020 et
2979 1980 3098 2020 ecce
3126 1982 3234 2021 non
3267 1971 3420 2027 erat;
3451 1970 3505 2020 et
3535 1983 3677 2038 quae-

2011 2053 2122 2108 ειύί
2154 2053 2354 2125 ipsum,
2386 2053 2441 2108 id
2496 2058 2585 2108 est
2634 2052 2828 2108 locum
2864 2055 3011 2124 ejus,
3044 2071 3219 2126 neque
3271 2055 3529 2111 inventus
3559 2060 3677 2121 est;

2014 2150 2122 2197 hoc
2152 2143 2308 2197 enim
2333 2142 2588 2197 declarat
2613 2142 2836 2198 malum
2869 2143 2980 2198 etsi
3001 2144 3170 2199 valde
3193 2143 3529 2214 extollatur,
3558 2162 3673 2201 non

2010 2235 2208 2287 tamen
2242 2247 2395 2300 esse,
2431 2247 2622 2304 neque
2667 2230 2860 2288 locum
2911 2249 3088 2288 suum
3133 2233 3578 2302 derelicturum,
3615 2236 3671 2289 id

2012 2324 2103 2375 est
2130 2321 2439 2390 vestigium
2468 2336 2480 2375 :
2507 2319 2682 2375 simul
2707 2321 2864 2375 enim
2899 2338 2964 2376 ac
2996 2325 3291 2392 apparuit,
3315 2322 3668 2379 dissolutum

2010 2413 2121 2475 est,
2156 2425 2269 2464 non
2305 2409 2529 2464 habens
2560 2409 3048 2478 subsistentiam;
3081 2427 3270 2482 neque
3301 2411 3479 2482 igitur
3508 2411 3666 2467 arbi-

2008 2499 2178 2554 treris
2210 2499 2406 2569 ipsum
2441 2498 2802 2554 contrarium
2837 2499 3058 2570 aliquid
3091 2500 3304 2556 dicere.

2081 2587 2285 2654 §XIX.
2322 2587 2534 2642 Malum
2581 2604 2691 2643 non
2738 2592 2818 2642 est
2859 2604 2932 2644 ex
2984 2589 3144 2645 bono.
3195 2590 3461 2659 Adverte,
3516 2606 3664 2661 quo-

2011 2676 2185 2731 modo
2219 2675 2647 2732 admirabiliter
2671 2677 3024 2733 solutionem
3054 2695 3122 2734 ex
3141 2679 3329 2734 Variis
3357 2684 3546 2735 nectat
3575 2695 3670 2735 ar-

2011 2764 2332 2837 gumentis.

2086 2855 2289 2909 Rerum
2317 2869 2529 2925 scapus.
2563 2854 2708 2908 Nam
2743 2853 2770 2906 6
2802 2851 3161 2927 ὀργιζόμενος
3195 2871 3297 2910 seu
3333 2857 3432 2927 qui
3464 2856 3672 2913 irasci-

2014 2947 2112 2997 tur
2142 2943 2450 3014 (tanquam
2496 2960 2600 3014 pro
2651 2943 2918 3015 exemplo
2950 2943 3072 2999 haec
3104 2944 3267 3011 dicit,
3303 2948 3367 3000 ut
3397 2945 3674 3018 videtur),

2016 3047 2082 3087 eo
2108 3032 2166 3086 in
2202 3049 2373 3103 quem
2425 3032 2701 3088 irascitur
2750 3032 2984 3103 aliquod
3020 3032 3242 3088 malum
3279 3034 3547 3100 faciente,
3579 3052 3677 3091 vo-

2014 3120 2144 3175 lens
2175 3121 2369 3192 ipsum
2424 3121 2480 3175 in
2533 3122 2921 3189 contrarium,
2955 3120 3013 3176 id
3060 3127 3152 3178 est
3195 3123 3436 3192 bonum,
3471 3125 3676 3180 tradu-

2020 3226 2170 3276 cere,
2200 3209 2301 3264 tali
2333 3209 2520 3265 utitur
2552 3210 2832 3266 motione.

2097 3304 2161 3354 El
2189 3302 2238 3353 si
2267 3315 2353 3352 res
2381 3315 2591 3354 omnes.
2627 3299 2894 3354 Diximus
2926 3301 3227 3372 superius,
3262 3303 3410 3359 145
3447 3303 3495 3358 si
3529 3307 3679 3357 Deus

2021 3390 2599 3461 superessentialiter
2628 3407 2731 3445 eos
2763 3390 3000 3455 dicitur,
3032 3397 3098 3447 ut
3128 3393 3253 3447 sine
3287 3393 3596 3464 principio,
3623 3398 3679 3448 et

2020 3479 2284 3534 omnium
2318 3494 2515 3543 causa,
2534 3479 2895 3550 oppositum,
2913 3485 2976 3534 ut
3002 3486 3325 3536 extremum
3349 3481 3596 3548 entium,
3621 3487 3675 3536 et

2020 3567 2146 3623 sine
2205 3567 2564 3636 substantia,
2617 3572 2818 3638 utpote
2871 3569 2988 3624 Deo
3037 3570 3519 3638 superessentiali
3577 3588 3675 3626 ex-

2021 3657 2285 3725 sistente,
2313 3655 2370 3710 id
2401 3660 2491 3711 est
2540 3659 2806 3725 materia,
2839 3661 2896 3711 et
2925 3675 3041 3713 non
3093 3675 3198 3713 ens
3246 3659 3483 3724 dicitur,
3518 3676 3583 3714 ac
3615 3661 3673 3714 in

2019 3745 2137 3800 Deo
2169 3743 2409 3812 dicitur,
2435 3761 2536 3814 per
2561 3745 2882 3800 bonitatem
2919 3747 3047 3818 ejus
3086 3751 3370 3816 creatum,
3396 3749 3504 3802 etsi
3536 3766 3675 3820 pro-

2020 3839 2149 3906 pter
2178 3833 2511 3889 mistionem
2563 3849 2698 3889 cum
2752 3835 3075 3890 sensilibus
3109 3854 3224 3891 non
3277 3854 3518 3907 prorsus
3550 3854 3676 3891 ma-

2019 3922 2166 3987 lum,
2201 3937 2390 3992 neque
2437 3937 2682 3992 prorsus
2728 3923 2972 3990 bonum,
3007 3928 3073 3978 ut
3115 3923 3374 3979 declarat
3401 3923 3462 3978 τὸ
3512 3924 3675 3978 ἄστα-

2016 4028 2141 4078 τον;
2168 4027 2298 4065 nam
2327 4009 2548 4064 malum
2575 4010 2633 4064 in
2657 4010 3049 4067 instabilitate
3074 4018 3300 4083 partem
3318 4015 3454 4070 boni
3477 4014 3673 4083 habet,

2020 4100 2298 4170 quoniam
2339 4102 2395 4153 et
2436 4117 2469 4153 a
2520 4103 2631 4154 Deo
2682 4100 3032 4170 productum
3087 4105 3174 4157 est
3222 4107 3398 4174 atque
3448 4104 3507 4158 in
3559 4104 3674 4159 Deo

2019 4194 2139 4250 est;
2174 4189 2330 4259 quod
2363 4193 2557 4244 autem
2593 4205 2694 4260 per
2737 4205 2795 4244 se
2841 4189 3059 4245 malum
3096 4192 3234 4262 (non
3267 4192 3396 4247 dico
3428 4192 3676 4262 malitia,

2021 4294 2146 4348 quae
2184 4277 2361 4332 veluti
2425 4277 2610 4332 forma
2657 4282 2714 4332 et
2769 4278 3026 4350 qualitas
3087 4280 3357 4336 rationali
3408 4282 3574 4337 adest
3625 4286 3680 4336 et

2019 4367 2208 4438 abest)
2239 4367 2338 4422 sed
2383 4366 2580 4438 ipsum
2633 4367 2984 4439 simpliciter
3015 4369 3236 4425 malum
3289 4386 3476 4442 neque
3525 4371 3680 4427 inter

2018 4456 2176 4510 entia
2208 4462 2298 4510 est
2328 4472 2458 4527 quae
2504 4455 2942 4526 aliquantulum
2976 4463 3262 4529 appetunt
3293 4460 3535 4530 bonum,
3569 4477 3672 4514 ne-

2017 4559 2129 4613 que
2161 4543 2314 4597 inter
2344 4559 2459 4597 non
2497 4542 2677 4607 entia,
2705 4559 2809 4613 pro
2839 4542 2901 4596 in
2935 4545 3337 4600 materialibus
3385 4550 3448 4600 ut
3476 4545 3533 4600 in
3569 4564 3670 4601 su-

236 4646 336 4708 τῆς
369 4637 535 4706 ὕλης,
567 4637 630 4691 τὸ
677 4635 842 4690 κακὸν
886 4633 1054 4689 πλέον
1105 4633 1375 4710 ἀφέστηκε
1418 4635 1511 4685 τοῦ
1556 4631 1778 4705 ἀγαθοῦ,
1811 4629 1899 4684 καὶ

2022 4631 2420 4704 peressentiali
2452 4630 2896 4704 intelliguntur;
2950 4634 3051 4687 sed
3098 4633 3276 4688 etiam
3330 4651 3443 4690 non
3495 4635 3668 4704 entis,

239 4725 378 4783 ἔστιν
439 4725 679 4782 ἐντεῦθεν
739 4724 966 4785 εἰκότως
1041 4721 1432 4795 ἀνουσιώτερον
1486 4723 1583 4788 τῆς
1635 4717 1796 4789 ὕλης,
1841 4721 1903 4773 τὸ

243 4816 372 4871 αὐτὸ
403 4815 572 4869 κακὸν
605 4815 680 4876 ὡς
712 4814 888 4883 πάντη
941 4808 1097 4866 οὐδὲν
1141 4806 1219 4867 ὅν.
1269 4810 1348 4867 Τὸ
1389 4811 1482 4864 οῦν
1521 4807 1712 4870 ἁπλῶς
1744 4807 1906 4864 αὑτό-

239 4926 402 4960 κακον
439 4902 665 4976 οὐδαμῆ
690 4899 950 4975 οὐδαμῶς
983 4923 994 4934 ·
1028 4900 1090 4955 τὸ
1124 4898 1181 4954 δὲ
1208 4902 1308 4964 τῆς
1338 4897 1477 4968 ὕλης
1509 4898 1628 4952 κατ’
1658 4893 1904 4971 ἔλλειψιν

238 5001 338 5064 τῆς
380 4995 748 5069 ἁγαθότητος,
809 4991 942 5054 καθὸ
1004 4990 1091 5044 καὶ
1158 4987 1477 5058 ἀναίσθητος
1527 4985 1615 5041 καὶ
1676 4983 1909 5049 ἀνείδεος

240 5082 430 5156 ὁρᾶται
460 5083 505 5117 ⁸⁸
538 5100 550 5113 ·
581 5079 702 5144 ὅθεν
733 5079 950 5149 νοήσεις
988 5078 1075 5132 καὶ
1128 5077 1190 5132 τὸ
1228 5076 1373 5148 παρᾶ
1404 5069 1630 5129 Ἀϐὃίου
1658 5079 1738 5147 τῷ
1767 5097 1906 5150 προ-

238 5173 383 5249 ιρήτῃ
449 5169 755 5244 εἷ’ρημὲνον.
811 5168 917 5223 Καὶ
989 5160 1202 5221 ἔσονται
1269 5166 1343 5227 ὡς
1407 5166 1482 5238 μὴ
1545 5159 1712 5233 ὄντες,
1772 5165 1908 5241 πρὸς

232 5260 360 5323 τοὺς
390 5257 761 5335 ἁμαρτωλοὺς
794 5253 1076 5327 δηλονότι.

2017 4722 2172 4792 quod
2205 4725 2294 4776 est
2319 4719 2596 4789 materie,
2624 4719 2846 4775 malum
2880 4719 3010 4791 plus
3042 4721 3221 4776 distat
3251 4739 3282 4777 a
3315 4723 3488 4791 bono,
3511 4725 3668 4780 ideo-

2017 4827 2131 4881 que
2162 4810 2359 4881 ipsum
2393 4826 2508 4864 non
2543 4826 2648 4864 ens
2688 4810 2897 4865 merito
2930 4809 3343 4885 ἇνουσιώτερον,
3377 4829 3478 4868 seu
3513 4819 3672 4869 caret

2017 4899 2270 4955 essentia
2302 4899 2490 4971 magis
2521 4915 2699 4969 quam
2734 4899 2998 4969 materia,
3033 4904 3096 4954 ut
3125 4901 3364 4956 omnino
3397 4919 3510 4957 non
3541 4919 3667 4958 ens.

2019 4990 2220 5060 Ipsum
2251 4986 2434 5059 igitur
2463 4987 2811 5057 simpliciter
2843 4987 3066 5042 malum
3117 4988 3279 5044 nullo
3329 4990 3500 5046 modo
3531 4996 3621 5046 est
3655 5009 3669 5046 :

2019 5077 2242 5133 malum
2276 5082 2471 5132 autem
2506 5076 2760 5130 materiae
2793 5080 2882 5131 est
2913 5077 3142 5132 defectu
3184 5077 3487 5149 bonitatis,
3521 5080 3677 5137 sicut

2018 5167 2193 5223 etiam
2229 5182 2406 5221 sensu
2439 5169 2497 5220 et
2525 5165 2712 5220 forma
2742 5180 2948 5219 carens
2980 5165 3246 5221 videtur:
3282 5167 3436 5222 unde
3466 5168 3678 5223 intelli-

2017 5273 2120 5329 ges
2151 5255 2299 5310 illud
2331 5253 2532 5310 Abdiae
2578 5253 2875 5325 prophetae
2913 5253 3152 5310 effatum
3184 5272 3238 5310 v.
3275 5257 3341 5309 16
3375 5272 3388 5310 :
3423 5257 3488 5311 Et
3514 5263 3678 5314 erunt

2019 5355 2292 5420 tanquam
2349 5359 2461 5399 non
2516 5346 2716 5400 essent.
2773 5341 3064 5399 Nimirum
3125 5344 3196 5400 de
3262 5347 3672 5417 peccatoribus

2018 5437 2158 5510 agit.

1283 5610 1522 5666 VARME
1551 5609 1942 5668 LECTlONES
1968 5607 2056 5667 ET
2083 5606 2634 5668 CORRECTIONES.

303 5745 344 5783 ⁸¹
383 5736 648 5818 προνοίας
681 5733 868 5806 οὔσης.
943 5736 988 5771 ⁸³
1019 5732 1328 5791 αἶ’νίττεται.
1405 5736 1450 5771 ⁸³
1480 5739 1782 5810 θεωρεῖται.
