4034 6392
379 374 486 430 275

1205 377 1570 432 APPENDIX
1609 377 1704 430 AD
1741 374 1982 428 OPERA
2020 372 2079 424 S.
2120 369 2439 426 DIONYSII
2479 369 2979 427 AREOPAGITB.

3688 376 3784 430 276

460 499 607 557 Unde
636 499 815 569 igitur
844 507 927 554 est
952 499 1181 554 malum.
1204 499 1353 554 Hinc
1374 497 1804 571 oppositionem
1832 510 2032 567 propo-

2225 492 2393 546 Πόθεν
2453 492 2545 547 οὗν
2619 490 2730 547 ἐστι
2805 494 2867 547 τὸ
2937 491 3125 548 κακόν.
3186 492 3461 556 Ἐντεῦθεν
3532 496 3777 556 ἀντίθεσιν

387 607 553 659 nens,
578 590 1075 662 oppugnationem
1131 589 1258 644 fuse
1309 597 1535 644 exercet
1576 593 1857 658 tanquam
1905 600 2040 655 pro-

387 679 566 735 babili
606 679 805 735 nixam
840 683 1223 751 argumento;
1251 678 1300 735 si
1326 678 1483 734 enim
1533 695 1650 733 non
1683 673 2041 733 concesseri-

386 785 520 824 mus
537 767 762 839 aliquid
781 784 911 824 esse
925 767 1170 840 pulchro
1190 768 1574 833 contrarium,
1607 766 1663 820 id
1689 770 1778 820 est
1793 763 2037 829 malum,

386 875 503 914 non
535 858 767 913 videtur
793 858 1014 913 bonum
1047 859 1257 924 virtus,
1290 858 1389 913 sed
1415 852 2040 927 permistimiudistin-

385 952 480 1004 cta
506 952 681 1003 erunt
709 949 929 1014 omnia,
956 963 1146 1017 neque
1175 946 1386 1002 virtute
1416 946 1674 1011 laudata,
1694 959 1883 1015 neque
1901 958 2039 997 eon-

386 1036 567 1092 trario
598 1036 974 1108 reprehenso,
995 1036 1148 1091 sicut
1178 1052 1292 1091 non
1324 1035 1642 1090 exsistente
1672 1032 1818 1104 lege,
1851 1047 2039 1102 neque

388 1130 698 1195 peccatum
731 1125 841 1181 erit
873 1142 886 1179 :
920 1141 1078 1179 nunc
1111 1130 1309 1179 autem
1341 1140 1641 1196 Opponens
1673 1122 1754 1177 ait
1788 1140 1800 1177 :
1832 1122 1890 1176 Si
1925 1137 2038 1175 non

387 1214 728 1270 dederimus
760 1213 981 1269 malum
1027 1230 1157 1269 esse
1183 1214 1334 1270 bono
1391 1212 1774 1279 contrarium,
1815 1210 2035 1266 bonum

386 1302 498 1358 erit
529 1302 641 1359 sibi
684 1303 795 1374 ipsi
849 1303 1212 1359 contrarium
1262 1302 1321 1357 in
1355 1302 1427 1358 iis
1479 1301 1582 1373 qui
1631 1301 1859 1356 defectu
1901 1298 2038 1354 boni

387 1396 653 1463 peccant,
688 1393 805 1448 imo
837 1397 973 1447 ante
1004 1392 1404 1463 operationem
1435 1390 1668 1446 virtutis
1696 1389 1805 1444 viri
1825 1388 2040 1443 virtute

388 1481 1022 1551 praediti,advertimus
1043 1486 1280 1552 peccata
1307 1479 1367 1535 in
1400 1480 1600 1535 anima
1620 1480 1750 1548 ejus
1776 1495 1810 1534 a
1828 1479 2042 1532 virtute

388 1568 710 1641 distingui;
747 1571 982 1640 quando
1001 1570 1158 1624 enim
1175 1587 1309 1641 pars
1333 1567 1636 1625 rationalis
1656 1566 1883 1633 animat,
1908 1582 2038 1636 pro-

388 1658 517 1730 pria
554 1663 851 1731 operatur,
897 1676 932 1714 a
962 1658 1124 1713 nullo
1157 1658 1380 1714 bonum
1429 1657 1778 1730 impeditur;
1805 1655 2040 1728 quando

385 1764 519 1804 vero
548 1765 686 1819 pars
711 1747 1072 1803 irrationalis
1095 1747 1304 1803 anima:
1327 1764 1452 1818 quae
1481 1747 1761 1802 miscetur
1785 1746 1842 1800 in
1865 1749 2044 1799 mate-

386 1836 473 1892 ria
496 1840 553 1892 et
595 1853 858 1909 corpore,
901 1836 1240 1902 invaluerit,
1277 1840 1403 1891 tum
1461 1834 1732 1891 rationali
1767 1832 2041 1906 prohibe-
2072 1864 2119 1929 Β

384 1929 485 1981 tur
524 1925 758 1998 proprie
786 1924 1016 1998 operari
1051 1942 1064 1981 :
1108 1941 1245 1996 ergo
1278 1923 1639 1979 irrationalis
1670 1940 1803 1994 pars
1833 1940 1900 1978 ex
1930 1923 2039 1977 mi-

386 2014 579 2069 stione
610 2030 745 2069 cum
796 2013 1041 2068 materia
1090 2012 1372 2081 inﬁcitur,
1407 2012 1711 2068 rationalis
1740 2028 1874 2068 vero
1921 2028 2039 2066 non

385 2103 540 2173 quod
572 2102 831 2158 materiae
863 2102 1339 2172 commisceatur,
1364 2102 1465 2158 sed
1488 2102 1624 2172 quia
1654 2101 1711 2156 in
1733 2099 2038 2156 materiam

383 2191 725 2263 propendet,
759 2191 816 2245 id
849 2195 932 2247 est
956 2190 1282 2246 irrationali
1319 2191 1495 2257 cedit,
1522 2206 1709 2261 neque
1730 2190 1917 2260 ipsam
1944 2206 2039 2245 co-

383 2280 569 2346 hibet,
590 2279 868 2347 inﬁeitur,
887 2296 988 2335 seu
1013 2279 1169 2335 mala
1188 2279 1472 2350 efﬁcitur;
1492 2281 1647 2335 sicut
1662 2280 2040 2346 oculus,dum

382 2374 524 2424 sunt
555 2371 834 2436 tenebrae,
869 2368 1220 2441 prohibetur
1264 2369 1494 2436 videre;
1528 2369 1637 2424 hoc
1667 2370 1821 2424 146
1864 2369 2042 2439 igitur

380 2473 501 2513 non
536 2458 924 2523 demonstrat,
950 2473 1093 2512 num
1125 2459 1279 2529 quod
1305 2463 1416 2524 est,
1441 2473 1543 2528 per
1563 2474 1626 2513 se
1648 2459 1868 2513 malum
1894 2458 2040 2513 sub-

383 2546 578 2601 sistat.
610 2545 738 2600 Non
770 2545 926 2600 enim
953 2545 1105 2617 quod
1142 2544 1315 2600 alicui
1357 2544 1603 2610 malum,
1624 2545 1681 2599 id
1714 2550 1801 2601 est
1832 2561 1935 2616 per
1979 2559 2040 2600 se

382 2632 630 2698 malum,
655 2633 756 2689 sed
779 2634 967 2688 etiam
992 2632 1217 2688 malitia
1240 2638 1329 2689 est
1356 2633 1580 2705 species
1602 2639 1659 2688 et
1681 2634 1952 2689 accidens
1971 2649 2041 2689 ex

382 2721 537 2777 malo
572 2740 584 2778 :
620 2722 956 2778 accessione
981 2722 1138 2777 enim
1188 2722 1256 2777 ﬁt
1286 2728 1352 2777 ut
1400 2722 1546 2777 illud
1583 2722 1666 2777 vel
1699 2723 1859 2778 istud
1895 2723 2037 2794 quid

382 2811 781 2868 constituatur
812 2827 825 2867 :
863 2814 948 2881 ut,
998 2810 1283 2882 iniquitas
1316 2811 1550 2883 quidem
1599 2812 1804 2867 animaa
1836 2819 1925 2868 est
1954 2813 2036 2866 vi-

381 2901 550 2969 tium,
578 2915 907 2971 rursusque
931 2901 1160 2971 species
1192 2901 1519 2972 iniquitatis
1547 2903 2037 2973 suntfsecundum

379 2989 687 3046 materiam
719 2989 1053 3061 appetitus;
1086 2990 1183 3045 ille
1213 2991 1369 3045 enim
1412 2990 1567 3047 circa
1607 2989 1909 3062 pecunias,
1942 2989 2037 3045 hic

375 3083 575 3133 autem
599 3079 756 3134 circa
788 3078 1041 3134 honores
1072 3078 1315 3146 accidit;
1350 3078 1531 3149 hujus
1574 3094 1807 3149 quoque
1838 3095 2036 3133 acces-

377 3167 543 3222 sione
574 3166 801 3239 species
843 3166 1132 3223 malorum
1186 3168 1366 3223 etiam
1401 3185 1435 3223 a
1468 3167 1736 3238 partibus
1783 3167 2028 3236 animae;

2149 582 2447 654 προτιθεὶς,
2493 580 2745 644 πλατέως
2793 581 3055 656 γυμνάζει
3104 582 3202 650 τήν
3253 582 3599 657 ὑπόκρουσιν,
3641 586 3711 649 ὡς
3734 587 3778 661 ἐξ

2150 667 2554 747 εὐλογαφανοῦς
2602 666 2921 734 ἀντιθέσεως
2957 692 2968 704 ·
3018 671 3064 725 εί
3111 672 3212 747 γὰρ
3267 672 3343 743 μὴ
3390 669 3612 747 δοίημεν
3659 678 3781 731 εἷναί

2147 778 2198 811 τι
2245 763 2324 830 τῷ
2372 758 2528 831 καλῷ
2575 760 2835 826 ἐναντιον,
2882 761 3128 816 τουτέστι
3170 760 3235 815 τὸ
3276 761 3465 827 κακὸν,
3495 760 3594 817 οὐκ
3620 762 3783 841 ὀφθή-

2150 867 2296 902 σεται
2328 850 2526 924 ἀγαθὸν
2569 852 2603 919 ἡ
2656 851 2841 925 ἀρετὴ,
2903 848 3025 905 ἀλλ’
3075 848 3270 921 ἀναμὶξ
3323 846 3606 925 ἁδιάκριτα
3648 850 3781 908 ἔσται

2148 937 2342 1006 πάντα,
2394 936 2517 993 οὕτε
2563 940 2728 1014 ἀρετῇ
2753 942 2801 975 ⁸⁸
2844 938 3263 1012 ἐπαινουμένης,
3319 938 3446 993 οὕτε
3498 944 3594 995 τοῦ
3646 940 3783 997 ἐναν-

2145 1024 2267 1080 τίου
2288 1029 2485 1099 ψεκτοῦ
2516 1022 2669 1090 ὄντος
2703 1046 2716 1059 ·
2750 1026 2933 1099 ὥσπερ
2971 1028 3047 1101 μὴ
3079 1024 3235 1090 ὄντος
3264 1027 3459 1101 νόμου,
3482 1029 3602 1084 οὕτε
3623 1030 3785 1107 ἀμαρ-

2145 1114 2237 1169 τία
2292 1113 2462 1174 ἔσται,
2518 1121 2622 1171 Νῦν
2671 1115 2728 1172 δέ
2771 1138 2933 1193 φησιν
2982 1119 3010 1173 ὁ
3054 1117 3305 1189 ἀντιθεὶς,
3360 1117 3409 1173 εἰ
3458 1120 3534 1190 μὴ
3574 1117 3783 1194 δοιημεν

2146 1206 2311 1259 κακὸν
2369 1204 2603 1261 ἐναντίον
2655 1211 2735 1278 τῷ
2804 1208 3008 1282 ἀγαθῷ,
3081 1204 3227 1262 ἔσται
3303 1207 3438 1262 αὐτὸ
3480 1208 3545 1263 τὸ
3606 1210 3786 1285 ἀγαθὸν

2149 1291 2386 1347 ἐναντίον
2445 1296 2621 1367 ἐαυτῷ
2677 1294 2729 1349 ἐν
2804 1300 2923 1359 τοῖς
2977 1302 3093 1351 κατ’
3148 1290 3400 1369 ἔλλειψιν
3453 1301 3549 1350 τοῦ
3595 1298 3784 1371 ἀγαθοῦ

2148 1382 2544 1458 ἁμαρτάνουσιν
2581 1402 2594 1416 ⁸
2629 1382 2775 1440 ἀλλὰ
2821 1384 2912 1440 καὶ
2959 1385 3068 1462 πρὸ
3114 1391 3214 1455 τῆς
3258 1383 3533 1460 ἐνεργείας
3557 1393 3655 1455 τῆς
3672 1387 3785 1463 ἀρε-

2148 1472 2246 1538 τῆς
2271 1476 2369 1526 τοῦ
2407 1470 2661 1547 ἐναρέτου
2707 1475 2997 1549 ἀνθρώπου
3051 1474 3269 1549 ὁρῶμεν
3312 1473 3365 1529 ἐν
3422 1478 3492 1549 τῇ
3529 1478 3678 1551 ψυχῇ
3698 1476 3783 1535 αύ-

2147 1563 2245 1613 τοῦ
2278 1557 2693 1636 διακεκριμένας
2739 1570 2841 1632 τῆς
2889 1564 3087 1638 ἀρετῆς
3137 1564 3233 1628 τὰς
3283 1563 3477 1628 κακίας
3507 1583 3520 1596 ·
3553 1563 3671 1619 ὅταν
3704 1566 3787 1638 μὶν

2149 1650 2254 1723 γὰρ
2282 1651 2345 1704 τὸ
2396 1649 2615 1725 λογικὸν
2672 1652 2837 1725 μέρος
2890 1659 2989 1722 τῆς
3040 1655 3229 1726 ψυχῆς
3264 1652 3332 1707 τὰ
3379 1651 3553 1707 οἰκεῖα
3590 1652 3782 1730 ἐνεργῇ.

2149 1736 2228 1800 εἷς
2259 1736 2411 1793 οὐδὲν
2442 1745 2549 1795 τῶν
2583 1742 2791 1814 ἀγαθῶν
2826 1738 3179 1813 έμποδίζεται
3215 1760 3227 1773 ·
3275 1740 3402 1795 ὅταν
3436 1738 3493 1797 δὶ
3516 1742 3577 1798 τὸ
3607 1740 3785 1819 ἄλογον

2154 1826 2316 1900 μέρος
2370 1835 2469 1899 τῆς
2516 1832 2722 1904 ψυχῆς,
2784 1829 2916 1904 ὅπερ
2978 1831 3226 1903 μέρικται
3274 1829 3381 1905 ὕλῃ
3427 1831 3517 1886 καὶ
3564 1832 3782 1905 σώματι,

2149 1916 2435 1990 ἐπικρατῇ,
2462 1916 2585 1973 τότε
2632 1916 2983 1990 ἐμποδίζεται
3015 1921 3078 1974 τὸ
3124 1917 3345 1994 λογικὸν
3398 1920 3610 1983 οίκείως
3654 1920 3781 1996 ἐνερ-

2147 2011 2283 2081 γεῖν.
2319 2005 2609 2061 Κακύνεται
2643 2007 2735 2061 οῦν
2764 2007 2828 2061 τὸ
2860 2006 3063 2083 ἄλογον
3122 2004 3183 2063 ἐκ
3230 2014 3335 2078 τῆς
3363 2009 3503 2083 πρὸς
3530 2009 3630 2078 τὴν
3659 2006 3781 2080 ὕλην

2150 2093 2424 2168 ἐπιμιξίας
2452 2113 2464 2127 ·
2486 2095 2548 2150 τὸ
2580 2093 2636 2150 δὲ
2668 2094 2892 2170 λογικὸν
2925 2095 2987 2151 οὐ
3016 2101 3098 2169 τῷ
3144 2096 3417 2172 μεμίχθαι
3448 2102 3516 2171 τῇ
3548 2095 3667 2171 ὕλῃ,
3698 2096 3783 2153 ἁλ-

2149 2183 2220 2240 λὰ
2259 2189 2337 2256 τῷ
2376 2184 2546 2239 νεύειν
2605 2185 2681 2248 εἷς
2735 2184 2897 2258 ὕλην,
2968 2187 3214 2241 τουτέστι
3283 2192 3364 2259 τῷ
3419 2184 3785 2259 ἐνδιδόναιτῷ

2148 2271 2351 2347 ἀλόγῳ,
2401 2274 2490 2328 καὶ
2539 2275 2616 2347 μὴ
2670 2280 2885 2349 κρατεῖν
2935 2275 3124 2344 αὐτοῦ,
3178 2276 3491 2344 κακύνεται,
3536 2276 3608 2338 ὡς
3648 2271 3784 2349 ὄμμα

2148 2362 2373 2424 σκότους
2397 2358 2575 2433 ὄντος,
2608 2361 2879 2418 κωλύεται
2933 2366 3061 2439 ὁρᾷν
3097 2385 3111 2398 δ
3163 2366 3232 2420 οὐ
3273 2362 3538 2420 δείκνυσιν
3562 2364 3648 2419 οὗν
3679 2368 3783 2419 τοῦ·

2148 2472 2233 2523 το,
2264 2451 2309 2505 εἰ
2344 2452 2609 2528 ὑφέστηκε
2635 2453 2697 2507 τὸ
2741 2452 3043 2507 αὖτόκακον
3077 2472 3091 2485 ·
3144 2452 3205 2508 οὐ
3250 2455 3358 2530 γάρ
3404 2455 3467 2509 τό
3497 2475 3598 2509 τινι
3634 2453 3776 2509 κακὸν

2146 2541 2294 2594 τοῦτ’
2323 2536 2435 2594 ἔστι
2461 2541 2529 2596 τὸ
2564 2541 2890 2609 αὖτόκακον,
2945 2540 3093 2597 ἀλλὰ
3136 2543 3227 2597 καὶ
3270 2543 3437 2598 κακία
3483 2542 3619 2599 ἐστὶν
3653 2539 3778 2603 εἶδος

2149 2631 2282 2686 οὐσα
2309 2631 2399 2686 καὶ
2450 2626 2799 2705 συμϐεϐηκὸς
2846 2636 2942 2688 τοῦ
2985 2635 3157 2689 κακοῦ
3189 2652 3202 2666 ·
3253 2639 3379 2695 ταῖς
3426 2635 3527 2708 γὰρ
3556 2633 3773 2708 προσθή-

2147 2741 2267 2783 καις
2324 2722 2641 2784 καθίσταται
2701 2720 2777 2783 είς
2830 2722 2893 2776 τὸ
2944 2719 3070 2776 τόδε
3123 2742 3173 2776 τι
3236 2722 3399 2789 εἶναι,
3457 2724 3569 2778 οἷον
3614 2718 3774 2777 ἀδικία

2150 2810 2246 2882 μὲν
2306 2812 2490 2886 ψυχῆς
2542 2809 2654 2865 ἐστι
2709 2810 2949 2885 πονηρία
2981 2829 2995 2844 '
3045 2810 3137 2866 καὶ
3190 2811 3390 2880 πάλιν,
3437 2818 3538 2882 τῆς
3591 2809 3777 2871 ἀδικίας

2147 2896 2265 2969 εἷ’δη
2299 2900 2436 2975 πρὸς
2478 2900 2579 2968 τὴν
2622 2906 2726 2968 τῆς
2774 2900 2999 2973 ὀρέξεως
3056 2900 3193 2970 ὕλην
3222 2922 3234 2935 ο
3284 2904 3329 2971 ἡ
3384 2902 3476 2975 μὲν
3511 2900 3631 2976 γὰρ,
3671 2901 3775 2975 περὶ

2144 2989 2431 3063 χρήματα,
2462 2990 2496 3057 ἡ
2532 2985 2590 3043 δὲ
2635 2988 2760 3063 περὶ
2809 2988 2972 3061 τιμὰς
3019 2984 3341 3062 συμϐαίνει.
3392 2990 3596 3045 Γίνεται
3625 2984 3676 3044 δὶ
3701 2989 3777 3043 καὶ

2143 3075 2279 3130 κατᾶ
2306 3078 2620 3150 προσθήκας
2666 3072 2784 3146 εἷ’δη
2836 3080 3016 3132 κακῶν
3061 3077 3152 3132 καὶ
3202 3079 3320 3133 ἀπὸ
3360 3083 3467 3135 τῶν
3505 3083 3672 3153 μερῶν
3696 3084 3777 3146 τῆς

2143 3166 2328 3239 ψυχῆς
2366 3183 2379 3196 °
2408 3162 2584 3219 δειλία
2634 3164 2729 3237 μὲν
2771 3166 2897 3240 γὰρ,
2949 3163 2983 3234 ἥ
3038 3165 3321 3240 θρασύτης
3374 3168 3477 3223 ἀπὸ
3517 3172 3610 3223 τοῦ
3638 3178 3775 3240 θυμι-

375 3256 573 3311 metus
604 3255 842 3327 quidem
876 3261 934 3311 et
964 3256 1211 3312 audacia
1243 3258 1314 3312 ab
1346 3254 1651 3320 irascihili,
1680 3255 2031 3327 intempera-

2148 3230 2570 3324 κοῦῖἁκολασία
2628 3230 2685 3308 δὲ
2823 3230 3116 3325 ηλιθιότης
3172 3230 3278 3311 ἀπό
3348 3261 3443 3313 τοῦ
3487 3230 3780 3329 ἐπιθυμητι-

374 3345 458 3401 tio
488 3349 686 3401 autem
711 3347 769 3399 et
794 3344 1089 3400 stoliditas
1111 3361 1143 3399 a
1168 3342 1640 3415 concupiscibili;
1665 3344 1813 3399 ﬁunt
1834 3350 2030 3401 autem

378 3433 553 3490 etiam
605 3432 830 3505 species
881 3432 1173 3489 malorum
1215 3433 1287 3488 ab
1318 3432 1787 3504 Operationibus;
1839 3439 2031 3490 metus

379 3522 538 3579 enim
570 3531 659 3579 est
686 3522 869 3578 veluti
896 3523 1159 3578 defectus
1182 3520 1579 3577 animositatis
1599 3522 1659 3577 in
1687 3523 2031 3595 aggredien-

378 3613 475 3681 do,
508 3612 754 3668 audacia
782 3628 914 3667 vero
946 3627 1221 3668 excessus
1268 3611 1665 3667 animositatis
1715 3612 1772 3666 in
1824 3628 2028 3684 aggre-

376 3700 612 3767 diendo,
644 3700 1098 3772 intemperantia
1138 3704 1335 3755 autem
1369 3699 1428 3754 in
1461 3700 1766 3771 patiendo;
1804 3699 2029 3756 clarum

374 3789 559 3862 igitur
588 3793 696 3860 est,
721 3790 1009 3860 quomodo
1042 3788 1099 3843 in
1133 3787 1333 3843 anima
1362 3786 1540 3843 etiam
1574 3792 1708 3844 ante
1737 3789 2028 3859 Operatio-

371 3895 474 3936 nes
522 3883 762 3950 peccata
804 3878 1251 3950 distinguantur
1298 3893 1331 3931 a
1381 3876 1724 3947 virtutibus,
1759 3876 1817 3931 in
1869 3882 2031 3948 parte

300 4039 305 4045 _
376 3968 650 4025 rationali
672 3971 730 4023 et
761 3966 1085 4023 irrationali
1107 3965 1340 4022 animae.
1364 3965 1496 4022 Haac
1518 3969 1713 4022 autem
1739 3982 1865 4037 quae
1890 3970 2032 4021 sunt

369 4056 733 4114 irrationalis
764 4056 938 4113 aliam
962 4055 1154 4128 legem
1177 4056 1349 4111 nobis
1372 4056 1694 4112 ostendunt
1715 4054 1900 4111 menti
1925 4056 2028 4111 ad-

366 4152 719 4216 versantem,
743 4146 899 4202 sicut
919 4145 1062 4201 dicit
1090 4145 1409 4216 Apostolus
1432 4146 1535 4217 (f);
1560 4149 1617 4201 et
1648 4144 1761 4200 nisi
1794 4160 2028 4216 compe-

369 4240 589 4305 scatur,
614 4234 961 4291 rationalem
985 4234 1401 4306 captivantem,
1433 4240 1498 4290 ut
1527 4234 1920 4291 ostendimus.

440 4326 482 4381 Α
514 4323 747 4382 ratione.
776 4324 906 4391 Pro,
938 4338 1073 4380 cum
1106 4320 1378 4378 rationali
1410 4326 1575 4394 parte
1604 4322 1835 4378 animos.

439 4504 506 4560 El
538 4504 589 4560 si
615 4503 901 4575 corruptio
931 4516 1123 4558 rerum
1156 4501 1246 4557 sit.
1282 4505 1415 4570 Pro,
1444 4500 1495 4557 si
1525 4501 1585 4556 in
1618 4500 1796 4557 rebus
1829 4500 2025 4573 ipsum

2140 3347 2260 3400 κοῦ.
2296 3343 2503 3398 Δίνεται
2537 3340 2594 3397 δὶ
2623 3342 2713 3397 καὶ
2745 3343 2851 3398 ἀπὸ
2899 3348 3008 3397 τῶν
3044 3342 3337 3420 ἐνεργειῶν
3370 3344 3484 3417 εἷ’δη
3513 3350 3679 3401 κακῶν
3703 3364 3715 3378 ⁸
3742 3347 3770 3412 ἡ

2144 3432 2238 3503 μὲν
2266 3432 2368 3507 γὰρ
2416 3429 2595 3487 δειλία
2628 3434 2742 3486 οἷον
2785 3431 2910 3506 περὶ
2947 3433 3010 3487 τὸ
3055 3433 3228 3507 ὁρμᾷν
3275 3434 3419 3491 ἐστιν
3455 3433 3687 3509 ἔλλειψις
3712 3435 3768 3488 ⁸⁵.

2138 3525 2173 3591 ἡ
2209 3520 2267 3577 δὲ
2294 3523 2563 3598 θρασύτης
2623 3522 2747 3598 περὶ
2790 3524 2853 3576 τὸ
2902 3523 3075 3599 ὁρμᾷν
3124 3520 3410 3599 ὑπερϐολή
3442 3544 3458 3558 ‘
3513 3528 3547 3595 ἡ
3575 3522 3629 3579 δὶ
3656 3525 3766 3577 ἀκο-

2139 3609 2322 3683 λασία,
2351 3612 2474 3686 περὶ
2528 3612 2591 3666 τὸ
2638 3612 2895 3686 πάσχειν.
2958 3612 3136 3689 Σαφὲς
3186 3610 3280 3668 οὖν
3329 3612 3535 3689 γέγονε,
3574 3616 3681 3673 πῶς
3722 3608 3766 3665 ἐν

2137 3702 2293 3774 ψυχῇ
2323 3700 2411 3754 καὶ
2459 3701 2565 3775 πρὸ
2613 3699 2883 3774 ἐνεργείας
2928 3698 3260 3777 διακέκριται
3292 3703 3360 3758 τὰ
3399 3703 3535 3759 κακὰ
3577 3700 3633 3757 ἐκ
3671 3703 3767 3754 τῶν

2140 3788 2365 3863 ἀρετῶν,
2396 3785 2484 3842 δίά
2528 3791 2625 3843 τοῦ
2675 3788 2876 3865 ἀλόγου
2920 3791 3008 3845 καὶ
3059 3794 3156 3845 τοῦ
3198 3789 3428 3867 λογικοῦ
3479 3794 3648 3867 μερῶν
3691 3784 3768 3842 ὄν-

2135 3897 2242 3931 των
2273 3883 2375 3945 τῆς
2404 3879 2612 3953 ψυχῆς.
2663 3880 2845 3934 Ταῦτα
2895 3875 2953 3933 δὶ
3001 3879 3071 3934 τὰ
3114 3882 3211 3934 τοῦ
3262 3880 3469 3956 ἀλόγου
3501 3876 3671 3955 ἕτερον
3696 3876 3771 3932 νό-

2142 3986 2240 4037 μον
2303 3962 2566 4021 δείκνυσιν
2625 3968 2761 4039 ἡμῖν
2816 3967 3365 4044 ἀντιστρατευόμενον
3429 3969 3507 4041 τῷ
3560 3971 3655 4035 νῶ,
3707 3964 3771 4025 ὥς

2138 4055 2353 4131 φησινὸ
2404 4056 2762 4124 Ἀπόστολος,
2808 4056 2899 4111 καὶ
2947 4055 2998 4112 ἐν
3048 4061 3127 4129 τῷ
3182 4058 3260 4130 μή
3306 4058 3612 4134 κρατεῖσθαι
3654 4054 3771 4127 αίχ-

2143 4140 2529 4217 μαλωτεύοντα
2556 4144 2619 4201 τὸ
2651 4145 2900 4221 Λογικὸν,
2929 4146 3002 4208 ὡς
3031 4143 3411 4221 ἀπεδείξαμεν.

2207 4323 2350 4397 Πρὸς
2379 4323 2472 4378 τὸν
2528 4321 2713 4398 λόγον.
2772 4323 2918 4380 Ἀντὶ
2963 4327 3085 4393 τοῦ,
3142 4324 3281 4400 πρὸς
3328 4325 3392 4381 τὸ
3439 4323 3652 4401 λογικὸν
3680 4322 3767 4383 τῆς

2136 4414 2325 4485 ψυχῆς
2363 4413 2545 4485 μέρος.

2207 4502 2310 4557 Καὶ
2367 4499 2417 4556 εἷ’
2466 4503 2642 4577 φθορά
2687 4500 2798 4557 ἐστι
2848 4505 2956 4557 τῶν
3018 4497 3212 4561 ὄντων.
3270 4504 3420 4560 Ἀντὶ
3470 4506 3586 4569 τοῦ,
3636 4498 3678 4553 εί
3723 4495 3768 4551 ἐν

371 4592 673 4664 corrumpi
704 4594 1000 4660 cernatur,
1025 4605 1125 4647 seu
1153 4589 1204 4645 si
1228 4588 1430 4661 aliqua
1454 4590 1679 4646 entium
1704 4590 2029 4662 corruptio-

2148 4595 2250 4653 τοῖς
2278 4592 2394 4645 οῦσι
2425 4591 2487 4645 τὸ
2536 4590 2839 4669 φθείρεσθαι
2880 4591 3091 4667 ὁρᾶται,
3138 4590 3314 4667 ἤγουν
3345 4588 3399 4647 εἴ
3420 4611 3539 4646 τινα
3565 4592 3664 4643 τῶν
3694 4582 3770 4640 ὄν-

370 4681 432 4739 ni
463 4681 831 4752 subjaceant,
865 4696 934 4736 ex
963 4679 1074 4735 hoc
1105 4678 1439 4735 ostenditur
1469 4680 1625 4750 quod
1657 4678 1882 4736 malum
1913 4681 2027 4737 sit:

369 4769 519 4826 illud
553 4770 718 4825 enim
747 4784 859 4824 non
888 4768 1049 4838 ejicit
1078 4767 1188 4823 hoc
1222 4766 1538 4838 signiﬁcat.

444 4860 527 4915 An
556 4874 668 4916 non
704 4858 1041 4929 frequenter.
1074 4856 1202 4911 Haec
1236 4855 1429 4911 adhuc
1479 4856 1550 4911 ad
1604 4856 2032 4929 oppositionem

371 4948 690 5022 pertinent,
723 4945 1006 5002 nimirum
1039 4945 1236 5015 potius
1267 4947 1325 4999 et
1363 4943 1421 5000 in
1456 4945 1629 5001 rebus
1659 4952 1749 5001 est
1778 4963 1844 5002 ac
1875 4948 2029 5004 exsi-

374 5040 479 5096 stit
506 5038 756 5105 malum;
790 5033 902 5091 etsi
932 5032 1087 5089 enim
1115 5032 1338 5088 malum
1373 5032 1449 5088 sit
1481 5050 1677 5089 rerum
1710 5036 2028 5108 corruptio,

375 5130 473 5185 sed
508 5144 623 5183 non
654 5131 852 5183 tamen
902 5128 992 5180 est
1034 5122 1165 5194 ipsa
1215 5122 1538 5196 corruptio,
1563 5123 1721 5180 aliud
1751 5128 1843 5181 est
1871 5128 2026 5199 quod

372 5219 446 5273 ad
491 5214 934 5290 generationem
963 5211 1147 5276 ducit,
1178 5211 1355 5266 veluti
1405 5229 1578 5269 ovum
1627 5217 2029 5289 corrumpitur

374 5304 638 5377 quidem,
669 5303 773 5360 sed
822 5299 1430 5357 transsubstantiatur
1478 5302 1538 5358 in
1586 5319 1773 5374 avem,
1806 5308 1864 5361 et
1892 5306 2027 5364 faba

446 5454 517 5526 (ί)
551 5456 715 5511 Rom.
747 5466 849 5519 vn,
879 5448 976 5506 23.

2140 4700 2249 4735 των
2283 4678 2561 4734 ὑπόκειται
2593 4683 2788 4757 φθορᾷ,
2823 4678 2882 4734 ἐκ
2923 4678 3119 4734 τούτου
3161 4676 3430 4735 δείκνυται
3472 4680 3533 4735 τὸ
3562 4674 3767 4733 εἶναιτὸ

2142 4768 2304 4824 κακόν
2333 4788 2345 4801 ·
2379 4769 2441 4823 τὸ
2466 4769 2570 4844 γὰρ
2599 4768 2698 4823 οὐκ
2717 4763 2971 4824 ἐκϐάλλει
3003 4772 3167 4824 τοῦτο
3200 4766 3391 4841 δηλοῖ.

2214 4861 2283 4915 ’Ἡ
2322 4857 2451 4934 οὐχὶ
2509 4856 2805 4920 πολλάαις.
2864 4863 2983 4913 Ἔτι
3035 4865 3135 4927 τῆς
3195 4857 3512 4920 ἀντιθέσεώς
3569 4855 3661 4911 είσι
3686 4850 3764 4907 καὶ

2138 4952 2329 5018 ταῦτα,
2364 4949 2446 5002 ὅτι
2483 4944 2696 5020 μᾶλλον
2748 4946 2837 5002 καὶ
2886 4944 2940 5002 ἐν
2987 4951 3103 5007 τοῖς
3162 4946 3309 5001 οῦσίν
3358 4946 3489 5014 ἐστι,
3520 4945 3605 5002 καὶ
3632 4943 3684 4998 ’ὂν
3711 4940 3764 4993 τὸ

2138 5039 2301 5093 κακόν
2336 5056 2347 5069 ·
2382 5035 2478 5091 κᾶν
2510 5036 2608 5113 γὰρ
2639 5035 2703 5091 τὸ
2730 5035 2893 5091 κακὸν
2937 5035 3111 5114 φθορά
3158 5035 3269 5092 ἐστι
3299 5040 3406 5092 τῶν
3438 5030 3623 5100 ὄντων,
3654 5027 3760 5086 ἀλλ’

2139 5128 2229 5183 οὖν
2258 5129 2292 5197 ἡ
2326 5126 2499 5203 φθορὰ
2555 5126 2713 5197 αὕτη,
2762 5121 2943 5200 ἓτερον
2993 5123 3101 5190 ἔσθ’
3145 5126 3235 5181 ὅτε
3290 5125 3369 5188 εἲς
3414 5124 3611 5200 γένεσιν
3641 5116 3761 5193 ἄγει,

2138 5220 2251 5272 οἷον
2284 5216 2375 5271 τὸν
2411 5214 2520 5269 ὠὸν
2577 5212 2850 5291 φθείρεταί
2900 5214 3018 5287 μὲν,
3063 5219 3567 5289 μεταστοιχειοῦται
3620 5207 3673 5265 δέ
3695 5205 3763 5267 εἷς

2135 5306 2339 5377 πτηνόν
2374 5322 2388 5338 ο
2422 5302 2512 5360 καὶ
2544 5304 2572 5358 ὁ
2610 5300 2819 5376 κύαμος
2858 5298 2936 5373 δὲ,
2985 5302 3485 5379 καταμασσόμενος,
3513 5298 3598 5357 καὶ
3625 5296 3674 5354 ἐν
3701 5295 3761 5368 τῇ

1410 5547 1657 5608 VARle
1695 5550 2089 5615 LECTIONES
2125 5555 2218 5614 ET
2257 5550 2825 5614 CORRECTIONES.

451 5675 498 5711 ⁸⁸
524 5673 742 5749 ἀρετῆς.
818 5671 863 5709 ⁸⁸
891 5670 927 5743 ἡ
963 5668 1058 5745 μὲν
1075 5668 1178 5750 γὰρ
1208 5670 1507 5752 ἀφροσύνη,
1541 5674 1656 5730 οἷον
1675 5672 1799 5752 περὶ
1827 5673 1891 5731 τὸ
1921 5674 2050 5756 ὁρᾷν
2070 5676 2270 5757 γίνεται
2300 5672 2424 5734 m.
