4034 6386
247 377 361 428 277

1027 382 1087 434 Β.
1129 379 1397 432 ΜΔΧῘΜΙ
1437 380 1740 436 SCHOLIA
1777 382 1850 436 IN
1890 381 1899 432 l

2019 415 2024 431 ι
2066 379 2160 432 DE
2200 379 2475 433 DIVINIS
2514 378 2926 434 NOMINIBUS.

3582 372 3688 428 278

246 504 322 576 γῇ
388 500 798 576 κρυπτόμενος,
847 499 1383 575 μετασχηματίζεται
1437 501 1513 565 εἷς
1573 499 1816 579 ἐμϐρύου
1849 504 1895 558 εἶ

2037 520 2165 575 quae
2188 503 2482 574 subigitur
2508 519 2574 558 ac
2600 503 2661 558 in
2684 507 2838 558 terra
2857 502 3203 569 occultatur,
3231 501 3690 573 transﬁguntur

249 585 370 652 δος·
407 593 500 644 καὶ
548 589 617 644 τά
667 591 895 663 σώματα
925 586 982 644 δὲ
1030 592 1191 662 ἡμῶν
1239 588 1314 652 εἷς
1348 589 1660 660 σκώληκας·
1694 594 1784 647 καὶ
1811 589 1923 647 ἕτε-

249 699 320 753 ρα
356 683 500 750 ζῶα,
532 679 623 734 καί
655 677 799 734 ἄλλα
853 679 1016 755 μυρία
1055 682 1299 751 τοιαῦτα,
1333 679 1409 742 ὡς
1461 680 1616 736 ἰ’πποι
1662 681 1756 756 μὲν
1785 703 1921 760 σφη-

247 771 366 822 κῶν
395 767 634 844 γένεσις,
667 771 857 842 ταῦροι
889 765 946 822 δὲ
981 767 1278 841 μελισσῶν.

323 857 435 913 Καὶ
491 855 644 912 ἔσται
701 858 765 912 τὸ
831 857 1015 914 κακόν.
1076 856 1242 920 Λύσις
1318 863 1424 912 τῶν
1500 855 1918 934 προϐληθεισῶν

245 945 603 1016 ἀντιθέσεων,
657 947 704 1001 εἴ
753 949 788 1016 ἡ
841 948 1018 1023 φθορά
1063 947 1252 1015 κακὸν,
1305 947 1510 1025 φθείρει
1559 948 1616 1002 δὲ
1659 951 1692 1018 ἡ
1745 950 1922 1026 φθορά

243 1035 339 1090 καὶ
367 1035 432 1089 τὸ
462 1035 656 1104 κακὸν,
702 1040 820 1098 πῶς
871 1031 1018 1090 ἔσται
1068 1037 1130 1090 τὸ
1172 1039 1338 1091 κακὸν
1385 1036 1514 1092 αὐτὸ
1557 1037 1713 1092 ἑαυτὸ
1763 1044 1918 1112 φθεῖ-

245 1145 342 1198 ρον
382 1142 397 1192 ;
435 1123 481 1178 εἰ
514 1124 616 1200 γὰρ
649 1124 700 1180 ἐν
733 1128 804 1198 τῇ
836 1123 941 1198 ὕλῃ
985 1126 1048 1180 τὸ
1094 1125 1280 1191 κακὸν,
1317 1122 1569 1198 εὔδηλον,
1604 1126 1679 1187 ὡς
1722 1127 1785 1180 τὸ
1831 1126 1915 1180 εὐ-

244 1213 648 1288 φθαρτότερον
703 1211 810 1284 ὕλη
869 1211 926 1268 δέ
975 1213 1108 1268 ἐστι’
1140 1214 1231 1268 καὶ
1274 1218 1436 1269 τοῦτο
1481 1215 1637 1269 ἑαυτὸ
1686 1213 1914 1291 φθείρειο

243 1301 337 1356 διὰ
366 1306 545 1358 τοῦτο
574 1303 678 1378 γάρ
710 1305 744 1372 ἡ
780 1303 886 1373 ὕλη
935 1301 1024 1358 καὶ
1075 1302 1322 1365 ἀνούσιος
1373 1304 1591 1379 λέγεται
1640 1304 1774 1359 κατά
1822 1305 1916 1358 ἆν-

238 1391 606 1466 τιπαράθεσιν
639 1394 738 1460 τῆς
799 1390 1124 1466 ὑπερουσίου
1169 1396 1267 1446 τοῦ
1315 1397 1450 1447 Θεοῦ
1483 1392 1684 1463 οὐσίας,
1719 1394 1792 1455 ὡς
1823 1394 1917 1448 αὐ-

237 1481 308 1549 τή
343 1483 566 1554 φθαρτή
618 1484 663 1518 ⁸⁸
717 1481 870 1552 οὖσα,
919 1481 1008 1535 καὶ
1063 1481 1167 1536 οὐκ
1219 1481 1300 1535 ἀεὶ
1355 1480 1507 1549 οὖσα,
1538 1482 1630 1536 καὶ
1677 1480 1912 1544 ἀνείδεος

239 1572 380 1624 κατὰ
413 1571 838 1645 ἀντιπαράθεσιν
883 1575 980 1625 τοῦ
1031 1567 1208 1632 εἴδους
1251 1574 1349 1624 τοῦ
1399 1575 1556 1638 Θεοῦ,
1587 1571 1661 1632 ὡς
1694 1568 1914 1625 ἐκάλεσε

239 1665 488 1728 Μωυσῆς
513 1662 608 1714 τδν
643 1657 986 1732 δημιουργὸν
1020 1658 1215 1732 Λόγον.
1248 1658 1352 1714 Καὶ
1388 1661 1463 1731 μὴ
1510 1660 1567 1712 ὃν
1609 1656 1667 1712 δὲ
1697 1657 1908 1734 λέγεται

238 1749 274 1815 ἡ
336 1746 449 1817 ὕλη
515 1748 656 1802 κατὰ
710 1745 1125 1822 ἀντιπαράθεσιν
1179 1753 1279 1816 τῆς
1338 1748 1482 1811 θείοις
1540 1749 1675 1803 κατᾶ
1723 1747 1908 1803 οὐσίαν

243 1834 555 1907 ὑπάρξεως.

310 2013 489 2081 §XX°
550 2017 618 2081 ᾜ
671 2013 862 2070 κακόν.
928 2013 1001 2068 Τὸ
1060 2012 1096 2086 ᾗ
1149 2015 1314 2068 κακὸν
1372 2013 1489 2070 ἀντὶ
1545 2017 1642 2068 τοῦ
1698 2015 1815 2068 καθ’
1870 2014 1898 2069 ὃ

233 2121 401 2156 κακον
413 2143 427 2156 .

304 2187 550 2246 Μᾶλλον
584 2187 660 2246 δέ.
698 2189 1040 2263 Σημείωσαι,
1067 2190 1149 2246 ὅτι
1207 2191 1297 2247 καὶ
1355 2191 1408 2247 ἐν
1457 2196 1574 2254 τοῖς
1605 2193 1772 2255 θείοις
1802 2191 1898 2248 λό-

230 2299 350 2354 γοις
376 2281 499 2334 ⁸⁷.⁸⁹
529 2277 818 2340 ἀκώλυτος
849 2281 882 2348 ἡ
917 2278 968 2350 ἐξ
1013 2279 1383 2355 ἐπιλογισμοῦ
1433 2285 1541 2336 τῶν
1587 2276 1899 2356 ἀκριϐεστέ-

232 2387 340 2442 ρων
373 2365 702 2444 παράδοσις·
737 2365 856 2422 ἰδοὺ
904 2369 1028 2444 γὰρ,
1061 2369 1136 2431 ὡς
1187 2370 1338 2441 ὁρᾷς,
1385 2370 1520 2442 μετὰ
1557 2371 1656 2438 τὴν
1689 2368 1896 2434 ἔκθεσιν

230 2465 330 2527 τῆς
360 2459 638 2533 προτέρας
688 2458 918 2532 γνώμης
968 2457 1017 2531 ἐξ
1065 2457 1435 2534 ἐπιλογισμοῦ
1482 2458 1547 2513 τὰ
1591 2454 1899 2536 ἀκριϐέστε-

232 2567 298 2622 ρα
329 2543 733 2622 παραδίδωσιν.

303 2635 407 2690 Καὶ
470 2636 646 2709 ἁμιγῆ
706 2635 798 2690 καὶ
859 2634 1168 2712 ὁλόκληρα.
1223 2639 1306 2694 Τὰ
1375 2638 1468 2710 μὶν
1526 2637 1704 2712 ἀμιγῆ
1764 2637 1898 2712 ἀγα-

235 2725 300 2789 θά
353 2725 451 2779 καὶ
482 2723 722 2794 ὁλοτελῆ
759 2724 818 2780 ἐκ
866 2729 963 2780 τοῦ
1016 2724 1220 2800 ἀγαθοῦ
1268 2725 1530 2801 ἐγγίνεται
1581 2731 1698 2788 τοῖς
1734 2727 1896 2801 ὑπερ-

234 2815 496 2885 κοσμίοις
552 2819 796 2883 νοητοῖς,
838 2815 930 2869 ἅτε
975 2816 1065 2869 καὶ
1113 2814 1450 2887 ἀσωμάτοις⁶
1480 2817 1546 2870 τὰ
1599 2812 1655 2870 δὲ
1701 2835 1897 2892 μεμιγ-

239 2902 372 2974 μένα
433 2904 613 2976 ἀγαθὰ
663 2901 788 2976 περὶ
859 2904 926 2957 τὰ
1000 2901 1197 2976 λογικά
1272 2904 1500 2976 σώματα
1567 2905 1895 2976 θεωρεῖται,

233 2991 516 3047 τουτέστιν
548 2990 600 3046 έν
634 2993 794 3064 ἡμῖν,
825 2995 922 3046 τοῦ
956 2992 1050 3064 μὲν
1085 2991 1288 3066 ἀλόγου
1329 2999 1427 3061 τῆς
1457 2995 1641 3068 ψυχῆς
1675 2994 1896 3068 μέρους,

235 3082 309 3142 ὡς
361 3079 606 3155 εἷ’ρηται,
664 3080 991 3156 μετέχοντος
1040 3079 1178 3151 ὕλης
1223 3078 1312 3136 διὰ
1356 3085 1453 3136 τοῦ
1506 3083 1759 3154 σώματος
1796 3087 1897 3136 τοῦ

234 3167 422 3232 εἷ’δους
456 3169 809 3244 μετέχοντος,
847 3173 944 3225 τοῦ
999 3167 1057 3224 δὲ
1105 3167 1330 3245 λογικοῦ
1383 3171 1602 3245 μέρους,
1637 3170 1898 3247 ῥέποντος

2033 593 2091 648 in
2124 594 2380 664 speciem
2414 608 2505 647 em
2517 592 2775 664 bryonis,
2791 597 2846 646 et
2868 607 3110 664 corpora
3130 595 3331 647 nostra
3353 591 3411 645 in
3433 607 3686 653 vermes,

2032 699 2097 737 ac
2147 683 2381 738 diversa
2428 681 2727 748 animalia,
2783 680 3013 754 aliaque
3064 681 3295 736 inﬁnita
3340 679 3579 748 similia,
3623 685 3688 734 ut

2030 788 2099 827 ex
2130 773 2296 843 equis
2328 776 2687 843 generantur
2717 786 2946 842 vespes,
2977 774 3034 825 et
3063 786 3131 825 ex
3162 769 3347 843 tauris
3379 785 3537 841 apes.

2104 864 2329 934 Eritque
2358 861 2590 915 malum.
2626 860 2851 915 Solutio
2900 859 3336 931 propositorum
3370 873 3684 929 argumen-

2028 954 2246 1020 torum,
2279 949 2328 1005 si
2360 949 2655 1021 corruptio
2686 950 2765 1004 sit
2797 948 3042 1017 malum,
3074 947 3366 1018 cm'ruptio
3399 951 3594 1001 autem
3625 951 3684 1001 et

2027 1039 2247 1093 malum
2299 1039 2645 1109 corrumpit,
2684 1037 2978 1109 quomodo
3028 1038 3138 1092 erit
3184 1035 3382 1108 ipsum
3433 1034 3678 1099 malum,

2027 1143 2161 1184 cum
2213 1145 2275 1182 se
2326 1131 2713 1200 corrumpat:
2749 1144 2884 1182 nam
2936 1127 2986 1181 si
3035 1125 3258 1180 malum
3312 1125 3369 1179 in
3416 1122 3683 1188 materia,

2026 1218 2408 1272 manifestum
2461 1222 2550 1272 est
2598 1217 2755 1286 quod
2805 1217 2884 1271 sit
2934 1214 3395 1286 corruptibilius,
3437 1211 3683 1267 materia

2027 1312 2223 1361 autem
2259 1311 2368 1374 est,
2398 1322 2463 1361 ac
2505 1305 2613 1360 hoc
2664 1304 2925 1376 seipsum
2958 1306 3309 1374 corrumpit;
3343 1302 3472 1357 ideo
3522 1301 3679 1356 enim

2025 1395 2290 1461 materia,
2325 1400 2382 1449 et
2411 1393 2538 1450 sine
2568 1393 2828 1449 essentia
2869 1393 3084 1448 dicitur
3118 1400 3182 1448 ut
3211 1395 3544 1464 opponatur
3575 1407 3678 1446 su-

2023 1481 2431 1556 peressentiali
2476 1482 2572 1537 Dei
2613 1483 2905 1549 essentiae,
2939 1498 3072 1536 cum
3121 1481 3250 1552 ipsa
3280 1479 3356 1534 sit
3385 1479 3676 1549 corrupti-

2021 1573 2182 1640 bilis,
2238 1589 2430 1644 neque
2489 1587 2726 1643 semper
2783 1569 3047 1640 exsistat,
3099 1573 3153 1624 et
3205 1570 3352 1623 147
3407 1566 3675 1622 informis

2021 1661 2258 1728 dicitur,
2295 1665 2359 1715 ut
2400 1664 2735 1732 opponatur
2765 1659 2963 1714 formae
2996 1659 3092 1713 Dei
3126 1657 3280 1713 sicut
3319 1657 3546 1728 Moyses
3575 1672 3674 1710 vo-

2020 1751 2171 1805 cavit
2211 1753 2535 1805 creatorem
2567 1747 2847 1803 Verbum.
2882 1747 3146 1818 Denique
3186 1745 3430 1802 materia
3460 1744 3675 1799 dicitur

1935 1876 1984 1941 B
2019 1857 2134 1894 non
2167 1855 2294 1909 ens,
2320 1844 2385 1894 ut
2415 1844 2748 1910 opponatur
2771 1835 2978 1892 divinae
3002 1837 3325 1892 secundum
3350 1833 3669 1892 essentiam

2014 1928 2388 1984 exsistentic'e.

2079 2020 2107 2085 §
2137 2017 2251 2073 XX.
2279 2019 2397 2086 Qua
2415 2017 2650 2083 malum,
2673 2015 2770 2070 Gr.
2793 2013 2830 2088 ᾖ
2852 2011 3038 2070 κακόν.
3065 2014 3213 2070 Illud
3235 2011 3270 2086 ᾖ
3289 2011 3474 2081 κακόν,
3497 2013 3654 2068 idem

2008 2123 2142 2162 cum
2169 2111 2461 2178 quatenus
2490 2104 2736 2162 malum.

2081 2197 2366 2264 Quinimo.
2399 2196 2549 2251 Nota
2597 2195 2752 2266 quod
2794 2193 2972 2250 etiam
3003 2193 3062 2248 in
3097 2193 3439 2249 disserendo
3471 2193 3540 2248 de
3570 2193 3657 2247 di-

2006 2286 2160 2342 vinis
2192 2288 2567 2358 permittatur
2596 2301 2664 2340 ea
2702 2301 2830 2356 quas
2882 2283 3325 2340 ratiocinatione
3356 2299 3659 2355 compara~

2007 2379 2105 2430 tur
2154 2379 2468 2431 certiorum
2520 2374 2792 2443 traditio;
2826 2388 2957 2429 ecce
3007 2373 3164 2428 enim
3215 2377 3279 2427 ut
3324 2372 3485 2427 vides
3529 2376 3662 2442 post

2007 2464 2430 2536 expositionem
2481 2461 2693 2535 prioris
2725 2462 3052 2534 sententiae,
3084 2461 3487 2518 ratiocinando
3535 2476 3658 2516 cer-

2006 2553 2156 2609 tiora
2185 2554 2392 2608 tradit.

2078 2642 2145 2696 Et
2174 2641 2478 2713 simplicia,
2512 2646 2564 2696 et
2591 2644 2860 2712 perfecta.
2895 2639 3195 2712 Simplicia
3239 2639 3475 2711 quidem
3507 2639 3661 2694 bona

2007 2734 2064 2786 et
2094 2730 2334 2786 omnino
2366 2731 2640 2802 perfecta,
2671 2747 2740 2784 ex
2770 2730 2924 2784 bono
2957 2727 3460 2800 supramundanis
3490 2727 3658 2782 inna-

2008 2819 2196 2875 scitur
2226 2817 2701 2890 intelligibilibus
2734 2834 2836 2874 seu
2873 2817 3122 2888 angelis,
3155 2819 3354 2889 utpote
3385 2816 3656 2886 incorpo-

2008 2909 2152 2976 reis;
2187 2909 2362 2964 mista
2391 2924 2526 2963 vero
2565 2908 2742 2975 bona,
2774 2907 2834 2961 in
2887 2905 3278 2961 rationalibus
3308 2904 3657 2976 corporibus

2005 2997 2300 3067 videntur,
2322 2998 2379 3052 id
2404 3001 2492 3052 est
2522 2997 2578 3051 in
2604 2995 2796 3062 nobis,
2819 2993 3205 3049 irrationabili
3229 2993 3466 3064 quidem
3496 2998 3659 3065 parte

2009 3086 2243 3154 animae,
2278 3091 2343 3141 ut
2391 3085 2614 3141 dictum
2665 3089 2773 3151 est,
2807 3082 3112 3138 materiam
3162 3082 3552 3154 participante
3595 3082 3656 3137 in

2009 3192 2250 3247 corpore
2279 3177 2434 3246 quod
2471 3176 2670 3230 formae
2690 3177 2778 3229 est
2808 3171 3128 3245 particeps;
3158 3170 3431 3227 rationali
3460 3175 3655 3226 autem

235 3260 373 3334 πρὸς
405 3260 472 3314 τὸ
505 3240 736 3333 ἄλογον,
767 3258 856 3313 καὶ
884 3240 1199 3321 ἐνδιδόντος.
1221 3256 1328 3314 ἔσθ’
1361 3240 1647 3329 δτεάὐτῶ,
1674 3260 1765 3314 καὶ
1807 3258 1895 3314 διὰ

2019 3240 2192 3336 parte,
2217 3240 2490 3333 vergente
2522 3263 2591 3318 ad
2625 3240 3092 3318 irrationabilem
3113 3264 3170 3315 et
3189 3261 3545 3332 quandoque
3574 3259 3660 3314 illi

232 3352 396 3403 τοῦτο
432 3348 574 3421 πρὸς
607 3346 746 3418 ὕλην
797 3346 1069 3408 νεύοντος
1113 3348 1176 3402 τὸ
1211 3349 1306 3420 μὲν
1354 3349 1456 3422 γὰρ
1482 3348 1783 3404 αὐτόκακον
1816 3347 1898 3402 δεῖ

233 3441 458 3508 θεωρεῖν
489 3436 886 3511 αὐτοάμετρον,
928 3437 1322 3510 αὐτοάμετρον,
1355 3433 1746 3506 αὐτοανείδεον,
1780 3438 1897 3491 έαυ-

230 3530 308 3596 τῷ
354 3526 524 3580 κακὸν
582 3522 869 3593 οὐσιῶδες,
903 3524 965 3578 οὐ
1015 3526 1123 3597 μὴν
1171 3525 1340 3598 ἑτέρῳ
1381 3525 1567 3579 κακόν
1599 3529 1760 3580 τοῦτο
1791 3527 1896 3601 γάρ

232 3612 373 3676 εἶδός
404 3612 521 3668 ἐστι
553 3614 645 3668 καὶ
698 3608 1050 3687 συμϐεϐηκὸς
1111 3614 1321 3675 κακίας.
1355 3619 1446 3668 Δεῖ
1493 3611 1583 3668 οῦν
1628 3615 1690 3669 τὸ
1732 3616 1896 3670 κακὸν

235 3699 488 3758 τοιοῦτόν
543 3725 594 3758 τι
648 3705 808 3770 εἶναι,
857 3704 971 3758 οἷον
1025 3701 1180 3780 ἔφην,
1234 3703 1416 3778 ὥσπερ
1461 3704 1644 3764 ὁΘεὸς
1681 3703 1895 3758 πάντων

247 3794 541 3864 αὑτοπέρας
601 3792 692 3848 καὶ
741 3792 1106 3867 αὑτόμετρον,
1167 3793 1255 3848 καὶ
1318 3790 1750 3862 αὑτοειδοποιὸν,
1807 3793 1897 3848 καὶ

245 3881 579 3958 αὐτοάγαθον
633 3879 916 3944 οὐσιῶδες³
975 3883 1040 3937 οὐ
1092 3881 1192 3957 γὰρ
1243 3881 1389 3956 λέγω
1448 3886 1538 3936 νῦν
1596 3886 1673 3954 τῷ
1730 3883 1896 3956 ἑτέρῳ

237 3971 452 4046 ἀγαθόν·
507 3965 862 4043 συμϐεϐηκὸς
921 3970 1023 4046 γὰρ
1074 3968 1257 4026 τοῦτο’
1307 3975 1426 4032 πῶς
1476 3972 1574 4026 οῦν
1632 3969 1778 4026 ἔσται
1833 3973 1898 4026 τὸ

231 4063 394 4115 κακὸν
457 4057 744 4132 οὐσιῶδες,
803 4060 892 4115 καὶ
948 4060 1178 4135 ἑτέροις,
1235 4061 1452 4114 πάντων
1500 4061 1744 4130 καθάπαξ
1787 4065 1894 4115 τῶν

236 4145 408 4205 ὄντων
445 4150 799 4226 μεμιγμένως
831 4150 1214 4222 κακυνομένων
1245 4150 1334 4204 καὶ
1385 4147 1628 4224 ἐχόντων
1669 4151 1731 4204 τὸ
1763 4151 1896 4205 εἶναι

234 4238 405 4311 έν-τῷ
464 4241 678 4314 ἀγαθῷ,
739 4235 962 4302 οὐδενὸς
1017 4239 1154 4293 κατὰ
1207 4239 1270 4292 τὸ
1318 4236 1578 4300 παντελὲς
1618 4238 1898 4314 ἁμετόχου

234 4326 396 4390 ὄντος
429 4332 530 4384 τοῦ
561 4327 782 4404 ἀγαθοῦ,
825 4324 973 4382 ἀλλὰ
1023 4331 1241 4382 παντων
1285 4328 1420 4401 πρὸς
1467 4330 1566 4398 τὴν
1609 4326 1747 4382 ἰδίαν
1780 4327 1897 4382 ἐπι-

228 4415 568 4488 τηδειότητα
619 4416 956 4491 μετεχόντων
1003 4420 1102 4472 τοῦ
1151 4417 1402 4491 άγαθοῦ;
1459 4418 1530 4471 Τὸ
1579 4418 1670 4471 οὖν
1733 4418 1894 4472 κακὸν

234 4507 337 4562 οὐκ
367 4507 422 4562 ἐν
454 4506 696 4583 ὑπάρξει,
731 4505 860 4562 ἀλλ’
907 4504 960 4561 ἰν
1014 4501 1383 4581 παρεισδύσει,
1435 4504 1486 4560 ἐν
1533 4509 1602 4580 τῇ
1632 4511 1734 4561 τοῦ
1764 4508 1896 4582 ἁγα-

236 4599 334 4651 θοῦ
366 4598 619 4673 στερήσει
646 4594 993 4673 φαινόμενον.

309 4685 640 4742 Ἐκτείνεται
721 4682 780 4740 δὲ
859 4682 992 4759 ἄχρι
1068 4687 1174 4738 τῶν
1252 4683 1498 4758 ἐσχάτων
1532 4728 1546 4742 .
1623 4690 1894 4759 Ἔσχατον

236 4773 466 4845 νοητέον
524 4774 592 4830 τὰ
649 4773 814 4829 ὑλικὰ
861 4774 1090 4847 σώματα
1148 4772 1239 4828 καὶ
1295 4775 1500 4847 γήϊναο
1557 4770 1739 4848 ὥσπερ
1795 4777 1894 4849 γὰρ

236 4866 457 4920 πάντων
490 4865 638 4940 ἁρχὴ
672 4865 699 4917 ὁ
731 4863 884 4933 Θεὸς,
911 4863 987 4925 ὠς
1037 4862 1125 4917 καὶ
1175 4859 1284 4933 ἤδη
1331 4856 1558 4939 ἔφημεν,
1590 4861 1732 4917 οὕτω
1763 4863 1896 4918 πάν-

234 4975 342 5008 των
379 4951 614 5028 ἔσχατον
644 4953 705 5008 τὸ
746 4947 1093 5013 σκυϐαλῶδες
1139 4955 1302 5006 τοῦτο
1345 4952 1407 5006 τὸ
1440 4950 1593 5026 παχὺ
1624 4953 1722 5019 τῆς
1756 4950 1893 5023 ὕλης

239 5044 403 5118 μέρος
446 5043 534 5098 καὶ
591 5039 816 5118 γεῶδες·
863 5042 982 5096 ὅθεν
1028 5039 1118 5095 καὶ
1175 5037 1478 5095 ὑποπόδιον
1539 5038 1753 5114 λέγεται
1798 5047 1894 5097 τοῦ

235 5137 389 5201 Θεοῦ,
425 5133 500 5196 ὡς
531 5131 622 5186 καὶ
656 5127 911 5206 ἔσχατον,
943 5131 1034 5184 καὶ
1083 5127 1235 5203 ὅμως
1287 5128 1516 5205 μετέχον
1561 5130 1895 5205 ἁγαθότητος

231 5223 420 5292 αὐτοῦ,
454 5221 530 5284 ὠς
571 5220 663 5277 καὶ
709 5221 870 5298 φέρον
916 5219 1077 5274 αὐτὸν
1125 5217 1391 5294 ἐσχάτωςσ
1445 5215 1597 5294 λέγει
1647 5221 1750 5295 γὰρ
1802 5220 1893 5276 καὶ

228 5317 264 5386 ἡ
299 5312 499 5389 Σοφία·
537 5311 709 5388 βρίθει
740 5309 846 5387 γὰρ
874 5309 937 5364 τὸ
961 5309 1162 5386 γεῶδες
1194 5312 1356 5365 τοῦτο
1389 5314 1590 5379 σκῆνος
1638 5311 1762 5364 νοῦν
1791 5332 1892 5366 πο-

2007 3356 2268 3421 cedente,
2300 3355 2553 3425 ideoque
2599 3356 2670 3409 ad
2720 3352 3028 3408 materiam
3061 3353 3488 3424 propendente;
3522 3367 3657 3406 nam

2005 3443 2200 3514 ipsum
2239 3459 2342 3514 per
2389 3459 2451 3498 se
2501 3443 2724 3498 malum
2759 3441 3141 3512 contemplari
3176 3445 3426 3512 oportet,
3458 3457 3561 3512 per
3598 3455 3659 3494 se

2006 3531 2332 3596 inﬁnitum,
2366 3548 2470 3603 per
2509 3547 2572 3586 se
2615 3531 3000 3598 immensum,
3033 3547 3136 3601 per
3164 3547 3226 3586 se
3253 3530 3525 3598 informe,
3559 3545 3661 3600 per

2007 3637 2070 3677 se
2097 3619 2411 3678 essentiale
2463 3619 2707 3688 malum,
2737 3636 2855 3674 non
2897 3635 3029 3674 vero
3075 3617 3299 3673 malum
3334 3634 3434 3688 per
3463 3617 3656 3684 aliud;

2007 3709 2116 3765 hoc
2147 3709 2303 3764 enim
2337 3713 2428 3764 est
2459 3710 2647 3764 forma
2677 3713 2734 3763 et
2764 3708 3036 3764 accidens
3066 3707 3325 3762 malitiae.
3359 3711 3510 3779 Ergo
3541 3723 3661 3762 ma-

2004 3798 2130 3854 lum
2188 3815 2317 3853 esse
2366 3797 2504 3869 quid
2565 3796 2858 3867 ejusmodi
2915 3801 3164 3868 oportet,
3200 3801 3265 3850 ut
3319 3797 3458 3865 dixi,
3505 3796 3660 3851 sicut

2007 3888 2416 3944 universorum
2471 3887 2651 3956 Deus,
2683 3902 2782 3957 per
2811 3902 2874 3941 se
2904 3886 3061 3956 finis,
3097 3903 3200 3957 per
3245 3901 3307 3940 se
3357 3901 3656 3951 mensura,

2008 3993 2112 4048 per
2142 3993 2204 4032 se
2237 3976 2484 4031 formam
2537 3974 2818 4042 efﬁciens,
2851 3977 2908 4030 et
2945 3991 3047 4046 per
3093 3991 3156 4030 se
3203 3975 3423 4030 bonum
3455 3991 3657 4030 essen-

2007 4065 2177 4133 tiale;
2211 4081 2344 4120 nam
2389 4064 2564 4119 modo
2600 4081 2711 4118 non
2745 4062 2954 4133 loquor
3001 4063 3070 4117 de
3126 4062 3274 4118 bono
3322 4079 3427 4134 per
3473 4061 3659 4126 aliud,

2007 4154 2117 4210 hoc
2158 4153 2314 4210 enim
2368 4158 2458 4209 est
2508 4153 2806 4217 accidens;
2841 4153 3138 4224 quomodo
3187 4152 3371 4223 igitur
3411 4151 3522 4206 erit
3569 4168 3660 4206 es-

2008 4243 2252 4299 sentiale
2287 4241 2506 4298 malum
2543 4245 2600 4298 et
2630 4258 2733 4313 per
2763 4241 2944 4309 aliud,
2975 4257 3107 4296 cum
3137 4242 3336 4297 omnia
3367 4257 3493 4313 quae
3523 4245 3664 4296 sunt

2009 4332 2231 4388 mistim
2267 4331 2629 4400 inficiantur,
2663 4331 3038 4402 habeantque
3076 4329 3134 4385 in
3185 4331 3338 4386 bono
3371 4331 3660 4400 exsistan-

2009 4423 2178 4488 tiam,
2210 4420 2371 4476 nullo
2407 4421 2560 4476 bono
2609 4419 2925 4475 exsistente
2971 4436 3215 4490 prorsus
3263 4419 3662 4474 incommuni-

2010 4509 2222 4567 cabili?
2274 4511 2424 4581 Ergo
2485 4507 2708 4564 malum
2758 4523 2873 4562 non
2922 4508 3284 4576 exsistentia,
3319 4508 3420 4562 sed
3470 4507 3660 4578 irrep-

1923 4619 1974 4682 D
2003 4601 2162 4656 tione
2192 4599 2274 4669 (in
2306 4596 2733 4667 exsistentiam)
2763 4597 2823 4650 in
2866 4596 3003 4650 boni
3047 4595 3366 4667 privatione
3396 4599 3656 4666 apparet.

2076 4689 2156 4744 Ad
2185 4692 2464 4743 extremas
2495 4701 2663 4759 usque
2689 4684 3067 4756 protenditur.
3105 4685 3206 4740 Per
3235 4693 3541 4740 extremum
3570 4685 3658 4738 in-

2005 4777 2204 4850 tellige
2230 4776 2577 4844 materialia,
2599 4791 2878 4846 corporea
2896 4778 2954 4829 et
2975 4773 3307 4842 terrestria;
3329 4773 3481 4829 sicut
3500 4773 3656 4828 enim

2004 4868 2160 4924 Deus
2191 4871 2280 4922 est
2329 4866 2594 4922 omnium
2632 4863 3011 4937 principium,
3046 4867 3108 4918 ut
3157 4866 3329 4918 antea
3378 4861 3656 4928 diximus,

2003 4956 2090 5013 sic
2120 4961 2448 5013 extremum
2481 4953 2745 5010 omnium
2786 4956 2878 5008 est
2933 4951 3052 5006 haec
3106 4949 3412 5006 fmaulenta
3458 4966 3660 5006 crassa

2004 5045 2263 5100 materia;
2320 5061 2456 5116 pars
2515 5061 2579 5098 ac
2630 5040 2951 5109 terrestris,
3003 5040 3248 5110 ideoque
3295 5039 3512 5095 dicitur
3556 5040 3659 5096 Dei

2003 5132 2326 5190 scabellum
2361 5136 2426 5186 ut
2456 5138 2815 5194 extremum;
2850 5133 3107 5183 attamen
3159 5128 3286 5197 ejus
3336 5128 3660 5184 bonitatem

2001 5222 2364 5296 participans
2397 5221 2554 5277 sicut
2584 5220 2761 5274 etiam
2810 5217 3008 5288 ipsum
3055 5220 3351 5286 postremo
3383 5221 3656 5288 gestans:

2001 5312 2149 5370 dixit
2177 5311 2337 5371 enim
2367 5307 2710 5383 Sapientia:
2745 5307 3040 5367 Terrestre
3069 5304 3179 5362 hoc
3210 5305 3658 5364 tabernaculum

1238 5544 1479 5605 νΑΡιΙλΕ
1518 5545 1915 5606 LEGTIONES
1954 5546 2046 5607 ET
2084 5543 2648 5606 CORRECTIONES.

309 5708 355 5748 ⁸⁷
384 5701 700 5784 εὔφθαρτος.
775 5701 890 5759 ⁸⁷.⁸⁹
914 5695 1152 5774 λογίοις.
