4034 6390
284 376 432 429 279..

1112 369 1476 423 APPENDIX
1513 370 1610 422 AD
1650 367 1892 420 OPERA
1931 366 1991 417 S.
2032 366 2347 423 DIONYSII
2386 370 2890 424 AREOPAGITE.

3604 367 3707 422 280

287 499 570 571 aggravet
603 496 858 549 mentem
892 490 1078 547 multa
1110 491 1488 563 cogitantem,
1522 490 1680 560 quod
1712 486 1939 542 irratio-

2074 486 2408 563 lmppévriSu,
2440 489 2513 551 ὡς
2558 493 2654 544 τοῦ
2706 487 2914 562 ἀλόγου
2942 493 3042 557 τῆς
3091 489 3276 562 ψυχῆς
3309 485 3507 562 μέρους
3544 509 3708 560 μεμι-

295 589 444 646 nalis
476 601 611 657 pars
645 583 853 637 anima:
883 598 1016 636 cum
1052 580 1337 636 matcriali
1363 579 1542 634 mista
1571 578 1650 634 sit
1680 593 1942 648 corpore,

293 685 354 732 et:
373 675 732 746 quandoque
767 670 1036 726 rationali
1072 670 1221 741 parti
1258 671 1464 724 anima:
1499 667 1852 722 dominetur.

367 765 520 820 148
553 763 721 838 Adcst_
759 763 980 816 bonum.
1015 763 1311 826 Quantum
1363 758 1518 814 enim
1571 763 1847 811 creatura:
1889 754 1947 808 in

298 853 577 926 pinguius
600 856 656 906 et
687 849 988 905 materiale
1010 847 1194 918 magis
1219 848 1496 912 subeunt,
1520 850 1748 902 tantum
1777 844 1951 914 juxta

298 942 682 1015 privationem
730 944 787 994 et
830 939 1121 994 defectum
1157 937 1294 991 boni
1328 936 1525 991 minus
1575 934 1946 1006 participant,

297 1038 364 1088 ut
411 1048 480 1086 ex
537 1035 788 1085 obscura
829 1034 886 1082 et
927 1034 1188 1082 extrema
1243 1025 1399 1080 vocis
1454 1025 1738 1090 editione;
1801 1023 1951 1075 sicut

299 1121 457 1178 enim
484 1122 608 1190 jam
643 1118 918 1183 diximus,
947 1133 1210 1187 suppone
1243 1114 1498 1185 aliquem
1529 1112 1644 1168 alte
1676 1114 1950 1176 clamare,

300 1228 367 1266 ac
408 1209 632 1264 vicinos
683 1207 942 1278 quidem,
977 1205 1302 1276 audituque
1347 1203 1628 1269 valentes,
1664 1203 1950 1272 integram

301 1296 601 1366 suscipere
650 1310 869 1358 vocem,
904 1299 961 1347 et
991 1308 1341 1363 cognoscere
1391 1292 1565 1344 etiam
1617 1291 1770 1360 quod
1823 1304 1953 1359 pro-

301 1384 637 1450 nuntiatur;
674 1387 928 1437 remotos
959 1387 1156 1436 autem
1204 1397 1307 1451 pro
1339 1385 1465 1433 rata
1495 1379 1788 1433 distantia;
1820 1392 1956 1447 pro-

304 1474 572 1544 portione
601 1487 812 1526 sonum
857 1471 1055 1524 minus
1096 1470 1328 1534 audire;
1364 1468 1790 1522 remotissimos
1819 1480 1955 1518 vero

306 1560 725 1616 obscurissime
745 1565 1026 1629 tanquam
1048 1563 1357 1629 postremis
1380 1557 1547 1611 editaa
1571 1554 1724 1610 vocis
1749 1568 1954 1624 parum

307 1665 482 1704 senm
516 1648 833 1720 percipere.

361 1739 445 1793 -υδε
462 1739 653 1808 ipsam
679 1739 769 1791 sui
795 1735 1191 1806 privationem.
1227 1735 1388 1800 Quod
1425 1749 1537 1788 non
1566 1747 1807 1802 prorsus
1841 1730 1956 1801 pri-

2057 574 2261 648 γμίνου
2309 582 2388 649 τῷ
2437 577 2612 650 ὐλικῷ
2665 579 2900 650 σώματι,
2948 577 3039 632 καὶ
3089 580 3555 652 κατακρατοῦντος
3601 572 3712 633 ἔσθ’

2058 662 2147 717 ὅτε
2174 670 2270 718 τοῦ
2303 664 2527 741 λογικοῦ
2557 675 2656 736 τῆς
2687 671 2895 741 ψυχῆς.

2131 753 2358 828 Πάρεστι
2411 756 2641 832 τάγαθόν
2677 800 2690 814 .
2748 759 2907 810 Ὅσον
2963 755 3068 830 γὰρ
3139 753 3226 809 ἐπὶ
3283 755 3345 809 τὸ
3402 754 3717 831 παχύτερον

2058 841 2155 896 χαὶ
2187 841 2520 919 ὐλικώτερον
2575 840 2854 900 ὑποϐαίνιι
2907 846 2974 899 τὰ
3020 843 3072 898 ἐν
3125 841 3482 920 δημιουργίᾳ,
3525 849 3721 900 τοσοῦ-

2059 951 2150 984 τον
2211 933 2346 986 κατὰ
2403 933 2653 1006 στέρησιν
2705 934 2794 987 καὶ
2843 928 3090 1006 ἔλλειψιν
3139 937 3238 987 τοῦ
3292 932 3498 1007 ἀγαθοῦ
3552 935 3720 1002 ἧττον

2067 1021 2304 1095 μετέχει,
2352 1020 2425 1083 ὠς
2478 1021 2529 1091 ἐξ
2581 1018 2827 1096 ἀμυδροῦ
2891 1021 2982 1076 καὶ
3031 1019 3264 1096 ἐσχάτου
3324 1023 3722 1096 ἀπηχήματοςο

2064 1108 2138 1170 ὠς
2169 1111 2268 1183 γὰρ
2323 1108 2551 1188 ἔφημεν,
2585 1108 2692 1180 ἤδη
2745 1109 2950 1173 ὑπόθου
2997 1110 3118 1164 τινὰ
3169 1111 3370 1186 βοῆσαι
3420 1112 3576 1184 μέγα·
3632 1111 3728 1166 καὶ

2063 1196 2188 1259 τοὺς
2227 1199 2319 1269 μὲν
2370 1199 2608 1268 πλησίον
2665 1195 2820 1260 ὄντας
2865 1200 2953 1254 xui
3004 1198 3343 1275 ἐρρωμένους
3375 1202 3420 1236 ⁹⁹
3448 1200 3510 1254 τὸ
3559 1199 3726 1254 ἀκου-

2066 1287 2243 1340 στικὸν
2291 1285 2429 1355 δλην
2472 1286 2715 1357 δέξασθαι
2764 1288 2863 1355 τὴν
2913 1289 3070 1362 βοὴν,
3137 1289 3225 1342 καὶ
3275 1293 3476 1364 γνῶναι
3517 1289 3606 1342 xui
3657 1290 3725 1343 1:6

2067 1375 2327 1447 Λαληθὶν,
2359 1376 2484 1439 τοὺς
2519 1375 2576 1431 δὲ
2621 1377 2990 1453 ἀφεστηκότας
3039 1376 3322 1453 ἀναλόγως
3372 1381 3440 1451 τῇ
3500 1375 3726 1432 διαστά-

2067 1484 2146 1516 σει
2176 1465 2340 1532 ἧττον
2382 1467 2604 1520 ἀκοῦσαι
2634 1471 2730 1520 τοῦ
2778 1467 3104 1543 φθέγματος·
3147 1466 3276 1528 τούς
3331 1464 3389 1521 δὲ
3418 1465 3556 1521 πάνυ
3587 1466 3729 1542 πόρ⁶

2069 1552 2146 1627 ῥω
2179 1551 2525 1624 διεστηκότας
2573 1553 2920 1630 ἀμυδρότατα
2965 1555 3040 1618 ὠς
3073 1555 3447 1631 ἀπηχήματος
3489 1555 3730 1610 ὀστάτου

2066 1646 2254 1703 ποσῶς
2286 1643 2580 1706 αἰσθέσθαι.

2139 1733 2241 1786 Καὶ
2275 1733 2372 1800 τήν
2402 1731 2593 1787 ἑαυτοῦ
2625 1735 2895 1806 στέρησιν.
2927 1734 3002 1788 Τὸ
3051 1736 3126 1806 μή
3179 1734 3326 1796 ὅλως
3359 1733 3728 1810 ἐστερημένον

306 1831 507 1886 vatum
537 1831 628 1880 est
657 1825 922 1896 pulchro,
948 1825 1049 1879 sed
1083 1826 1320 1895 partim,
1346 1839 1410 1877 ac
1441 1823 1636 1893 ipsum
1671 1822 1825 1892 quod
1856 1821 1953 1874 bov

2074 1824 2162 1874 τοῦ
2212 1821 2405 1892 καλοῦ,
2452 1822 2596 1877 ἀλλά
2642 1827 2900 1898 μερικῶς,
2942 1824 3032 1879 καὶ
3076 1823 3206 1879 αὐτὸ
3245 1825 3308 1878 τὸ
3359 1822 3726 1898 ἐστερημένον

309 1933 384 1970 no
417 1914 711 1986 privatum
743 1918 851 1978 est,
876 1913 1199 1968 consistere
1226 1911 1384 1979 facit,
1414 1912 1632 1965 bonum
1668 1909 1726 1963 in
1759 1908 1958 1978 aliquo

307 2005 549 2064 omnino
583 2002 1019 2074 participando;
1057 2018 1170 2056 non
1221 2002 1376 2055 enim
1431 1998 1822 2072 particularis,
1856 1999 1956 2053 sed

307 2094 601 2164 perfectus
633 2091 872 2146 omnino
905 2090 1042 2145 boni
1075 2090 1362 2157 defectus,
1397 2087 1618 2143 malum
1651 2093 1759 2142 est.

378 2183 704 2246 "inetiam,
735 2194 861 2251 qua?
900 2180 989 2234 illi
1026 2179 1310 2234 contraria
1347 2183 1497 2232 sunt.
1529 2178 1784 2232 Observa
1815 2194 1961 2247 quo-

311 2271 502 2333 modq
522 2270 625 2334 ait,
651 2286 719 2324 ea
748 2286 876 2339 quae
900 2268 1100 2323 virtuti
1133 2268 1269 2323 boni
1293 2268 1610 2332 obsistunt,
1637 2284 1738 2338 per
1767 2267 1960 2337 ipsum

311 2360 634 2438 subsistere
666 2364 724 2414 et
770 2359 1123 2414 conservari.
1157 2358 1310 2412 Num
1366 2357 1546 2426 igitur
1576 2357 1728 2412 Deus
1761 2361 1964 2411 auctor

312 2450 602 2513 Iunianum
655 2448 784 2504 est?
832 2448 1014 2503 absit!
1071 2453 1222 2502 Deus
1271 2447 1447 2514 enim,
1495 2451 1559 2501 ut
1607 2446 1960 2517 principium

314 2539 583 2593 omnium
615 2543 672 2593 et
702 2542 950 2605 creator,
983 2537 1056 2592 ob
1087 2535 1367 2591 bonitatis
1401 2552 1701 2590 excessum
1735 2543 1791 2589 et
1820 2535 1964 2589 inef-

314 2628 552 2690 fabilem
586 2627 955 2691 charitatem,
983 2631 1314 2698 peccatores
1335 2642 1566 2696 quoque
1597 2625 1871 2693 sustinet,
1899 2628 1962 2677 ut

314 2717 612 2788 propriam
672 2717 943 2771 ostendat
991 2715 1433 2786 benignitatem,
1480 2731 1544 2769 ac
1592 2713 1843 2768 liberum
1896 2713 1961 2765 {i-

313 2806 539 2880 εωθιμί
585 2805 926 2872 arbitrium;
960 2805 1178 2859 dicitur
1225 2802 1380 2859 enim
1417 2819 1429 2857 :
1466 2802 1724 2857 Charitas
1769 2803 1964 2855 omnia

313 2895 570 2965 regium;
608 2911 814 2949 rursus
844 2910 857 2950 :
900 2895 1009 2961 Qui
1034 2894 1203 2948 solem
1233 2909 1394 2948 suum
1422 2894 1564 2947 oriri
1607 2893 1753 2962 facit
1799 2906 1964 2960 super

297 2985 557 3056 justas;er
587 2984 825 3048 iniustos
855 2983 955 3053 (ἢ).

378 3073 542 3140 Quadi
574 3080 763 3127 autem
810 3071 1140 3126 omnimode.
1176 3071 1544 3141 Pr0positum
1597 3069 1706 3140 ipsi
1739 3074 1828 3123 est
1858 3068 1962 3122 de-

311 3167 660 3229 monstrare,
694 3177 806 3215 non
854 3175 982 3214 esse
1034 3159 1371 3224 essentiam,
1407 3159 1560 3229 quod
1615 3155 1963 3228 simpliciter

2065 1914 2162 1964 τοῦ
2194 1910 2417 1985 ἀγαθοῦ,
2451 1912 2756 1967 συνεστάναι
2806 1919 2973 1981 ποιεῖ,
3007 1914 3085 1984 τῷ
3116 1912 3262 1974 ὅλως
3309 1915 3445 1967 κατά
3475 1935 3526 1967 τι
3563 1911 3720 1985 μετέ-

2068 2019 2188 2074 χειν
2219 2004 2314 2054 τοῦ
2365 2000 2589 2075 ἀγαθοῦ’
2625 2003 2689 2056 οὐ
2737 2003 2838 2078 γὰρ
2871 2004 2904 2072 ἡ
2942 2004 3162 2078 μερικὴ,
3191 2000 3319 2059 ἀλλ’
3366 2006 3400 2072 ἡ
3441 2000 3721 2072 παντελὴς

2069 2086 2314 2161 ἔλλειψις
2335 2093 2431 2143 τοῦ
2462 2090 2661 2163 ἀγαθοῦ
2693 2089 2804 2144 ἐστι
2833 2091 2896 2145 τὸ
2925 2091 3109 2147 κακόν.

2142 2178 2239 2229 Καὶ
2269 2177 2337 2231 τὰ
2371 2176 2659 2252 μαχόμενα
2707 2179 2872 2252 αὐτῷ.
2909 2182 3051 2253 ’Ὸρα
3098 2185 3216 2242 πῶς
3267 2202 3451 2255 φησιν,
3502 2182 3585 2235 ὅτι
3630 2180 3726 2234 καὶ

2067 2265 2133 2318 τὰ
2193 2265 2484 2340 μαχόμενα
2540 2271 2608 2340 τῇ
2642 2265 2865 2341 δυνάμει
2895 2274 2993 2324 τοῦ
3025 2270 3224 2344 ἀγαθοῦ
3275 2267 3346 2323 δι’
3392 2268 3555 2324 αὐτοῦ
3590 2269 3728 2324 ὐπὲ-

2071 2374 2168 2422 στη
2203 2354 2294 2408 καὶ
2338 2356 2586 2424 σώζεται.
2637 2355 2845 2413 Οὐκοῦν
2894 2355 3067 2420 αἰὲιος
3117 2359 3226 2412 τῶν
3258 2363 3440 2413 κακῶν
3483 2360 3512 2413 6
3543 2358 3678 2421 Θεός
3713 2377 3726 2425 ;

2075 2445 2150 2514 μή
2200 2443 2440 2517 γὲνοιτοί
2475 2447 2502 2498 6
2552 2445 2645 2516 μὲν
2699 2446 2798 2521 γὰρ
2849 2448 2996 2518 Θεὸς,
3052 2446 3126 2509 ὠς
3173 2447 3390 2501 πάντων
3439 2447 3589 2522 ἀρχὴ
3636 2447 3729 2501 xui

2073 2528 2440 2606 δημιουργὸς,
2473 2531 2540 2586 δι’
2569 2530 2885 2607 ὑπερϐολὴν
2917 2536 3256 2610 ἀγαθότητος
3287 2537 3377 2591 καὶ
3412 2534 3480 2591 δι’
3508 2537 3727 2613 ἀγάπην

2073 2618 2295 2696 ἄφατον,
2328 2621 2417 2675 καὶ
2448 2621 2794 2697 ἁμαρτωλῶν
2851 2622 3122 2699 ἀνέχεται,
3149 2623 3244 2678 τίνα
3297 2625 3387 2680 καὶ
3435 2627 3534 2694 τήν
3587 2623 3730 2679 ἰδίαν

2073 2707 2218 2783 δείξῃ
2249 2709 2685 2786 φιλανθρωπίαν,
2714 2712 2803 2766 καὶ
2855 2721 2918 2766 τ’)
2955 2719 3052 2768 τοῦ
3101 2712 3422 2786 πλάσματος
3474 2714 3732 2785 αὐτεξού-

2072 2818 2206 2852 σιον’
2260 2797 2469 2872 εἷ’ρηται
2515 2801 2638 2876 γάρ·
2673 2802 2734 2855 Ἡ
2779 2802 2960 2877 ἀγάπη
3006 2801 3180 2858 πάντα
3228 2805 3426 2879 στὲγειο
3481 2805 3570 2858 καὶ
3626 2805 3733 2858 πά-

2073 2885 2180 2940 λιν·
2217 2889 2277 2944 Ὁ
2310 2887 2624 2945 ἀνατέλλων
2669 2890 2762 2944 τὸν
2804 2889 2966 2960 ἥλιον
3013 2891 3178 2946 αὐτοῦ
3229 2892 3316 2947 ἐπὶ
3348 2890 3589 2955 δικαίους
3636 2893 3730 2948 καὶ

2072 2974 2310 3037 ἀδίκους.

2144 3067 2218 3121 Τὸ
2304 3063 2362 3120 δὲ
2433 3068 2568 3121 κατά
2640 3070 2811 3123 πάντα
2885 3070 3122 3145 τρόπον.
3202 3072 3279 3127 Τὸ
3363 3071 3730 3145 προκείμενον

2073 3154 2220 3225 αὐτῷ
2267 3153 2406 3208 ἐστιν
2459 3153 2760 3230 ἀποδεῖξαι,
2807 3157 2888 3212 ὅτι
2942 3157 3042 3212 οὐκ
3088 3155 3229 3214 ἔστιν
3259 3159 3414 3214 οὐσία
3439 3161 3502 3215 τὸ
3533 3160 3735 3222 ἀπλῶς

308 3264 410 3320 per
435 3249 790 3314 semalum;
816 3248 1009 3318 aitque
1031 3247 1258 3302 nullum
1285 3248 1510 3301 entium
1544 3251 1599 3301 et
1630 3223 1955 3302 creatorum

2076 3243 2393 3298 αὐτόκακον’
2424 3244 2515 3299 καί
2555 3267 2740 3319 φησιν,
2772 3246 2853 3302 ὅτι
2905 3245 3058 3302 οὐδὶν
3097 3253 3204 3303 τῶν
3240 3248 3292 3303 ἐν
3340 3254 3456 3311 τοῖς
3488 3250 3608 3303 οὗσι
3639 3251 3734 3304 καὶ

309 3337 731 3408 ῃὶὴίιεθιιοινευε
779 3337 917 3391 boni
953 3335 1329 3407 participare;
1364 3352 1491 3406 quae
1524 3336 1680 3390 enim
1723 3335 1962 3390 omnino

308 3427 681 3490 vacuagbono
712 3426 866 3496 quod
903 3441 1091 3496 neque
1121 3444 1155 3479 a
1185 3426 1336 3480 bono
1370 3426 1652 3496 producta
1682 3424 1820 3489 sint,
1847 3441 1962 3478 non

315 3516 640 3588 exsistunt:
668 3517 802 3586 quis
826 3531 958 3569 vero
981 3514 1132 3569 alius
1154 3514 1384 3584 opifex?
1407 3515 1506 3568 sed
1531 3529 1714 3584 neque
1737 3513 1962 3583 aliquid

317 3593 640 3672 subsistere
687 3608 896 3674 potest,
930 3603 1083 3674 quod
1122 3618 1311 3672 neque
1358 3601 1622 3656 habitum
1674 3618 1773 3656 seu
1828 3602 1963 3656 boni

315 3691 661 3763 qualitatem
688 3708 787 3762 per
807 3693 1078 3746 accidens
1108 3691 1436 3761 participet.
1464 3689 1646 3744 Multa
1667 3690 1961 3760 siquidem

313 3798 346 3836 a
377 3781 688 3852 congenito
722 3782 1005 3835 destituta
1047 3779 1250 3833 habitu
1285 3779 1405 3833 sive
1437 3778 1737 3848 qualitate,
1771 3779 1963 3833 consi-

309 3869 737 3938 stqnmyeluti
768 3869 1019 3940 ignitum
1067 3870 1311 3936 ferrum,
1346 3883 1412 3922 ac
1461 3868 1700 3921 extremi
1753 3867 1963 3921 caloris

309 3958 625 4029 particeps,
669 3957 957 4013 exstincto
1015 3955 1205 4011 calore
1265 3959 1464 4009 manet
1517 3956 1669 4025 quod
1730 3959 1872 4023 erat,
1907 3961 1964 4009 et

308 4047 820 4120 aquaﬁgcundum
853 4061 916 4100 se
940 4045 1178 4116 quidem
1203 4045 1421 4099 dicitur
1445 4059 1574 4099 esse
1605 4044 1960 4099 elementum

307 4139 545 4206 absque;
563 4133 879 4206 qualitate;
915 4135 1056 4189 dum
1083 4150 1218 4188 vero
1241 4137 1456 4188 terram
1483 4137 1772 4204 penetrat,
1802 4131 1962 4187 illinc

307 4224 593 4294 qualitate
624 4226 896 4290 donatur,
921 4227 977 4278 et
1008 4227 1201 4278 tamen
1226 4221 1340 4277 alio
1374 4223 1652 4289 derivata,
1678 4220 1961 4292 qualitate

306 4312 593 4383 privatur”
623 4317 679 4366 et
728 4312 921 4366 adhuc
970 4311 1286 4367 consistit:
1321 4311 1405 4365 sic:
1453 4310 1627 4364 etiam
1675 4310 1875 4364 nivosa
1906 4314 1962 4364 et

307 4401 813 4473 t'i-igidaiqessante
857 4399 1070 4471 frigore
1120 4398 1314 4454 adhuc
1360 4399 1710 4454 consistunt.
1744 4396 1958 4452 Verum

305 4492 646 4562 etiam.“sz
676 4489 794 4544 vita
825 4487 1149 4561 (sensitive)
1183 4492 1402 4558 carent,
1432 4492 1500 4542 ut
1531 4487 1765 4541 arbores
1797 4491 1851 4541 et
1885 4487 1962 4540 la-

2076 3331 2126 3386 ἐν
2171 3330 2507 3409 δημιουργίᾳ
2550 3333 2825 3409 ἀμέτοχόν
2874 3335 2984 3390 ἐστι
3029 3335 3311 3401 παντελῶς
3353 3341 3451 3392 τοῦ
3499 3338 3730 3412 ἀγαθοῦ·

2072 3423 2138 3475 τὰ
2184 3422 2283 3497 γάρ
2337 3423 2511 3492 πάντη
2564 3423 2768 3498 ἄμοιρα
2812 3425 2906 3478 τοῦ
2950 3425 3187 3501 ἀγαθοῦ,
3236 3427 3312 3488 ὠς
3363 3425 3505 3499 μηδὲ
3551 3448 3734 3502 παρα-

2073 3510 2273 3586 χθέντα
2305 3511 2406 3566 ὑπὸ
2434 3516 2531 3566 τοῦ
2562 3511 2787 3585 ἀγαθοῦ,
2823 3510 2946 3568 οὔτε
2975 3513 3097 3568 εἰσί·
3130 3516 3214 3576 τίς
3239 3513 3409 3577 ἄλλος
3453 3514 3736 3591 δημιουρ-

2074 3600 2172 3673 γός
2205 3598 2370 3667 ;ἀλλ’
2403 3597 2526 3654 οὔτε
2575 3598 2793 3655 δύναταί
2843 3623 2895 3656 τι
2946 3602 3257 3680 ὑφεστάναι,
3303 3607 3378 3677 μή
3428 3612 3528 3674 τῆς
3567 3601 3736 3675 ἕξεως

2073 3685 2200 3755 ἤτοι
2247 3688 2542 3758 ποιότητος
2588 3693 2685 3743 τοῦ
2734 3690 2936 3765 ἀγαθοῦ
2988 3689 3218 3766 μετέχον
3261 3695 3397 3747 κατά
3448 3688 3732 3765 συμϐεὸηυ

2072 3777 2186 3839 κός·
2221 3775 2408 3830 πολλὰ
2437 3778 2531 3847 μὲν
2563 3779 2667 3853 γὰρ
2697 3779 2786 3832 xui
2817 3779 3246 3856 καταλειφθέντα
3278 3782 3380 3836 ὑπὸ
3409 3789 3508 3851 τῆς
3553 3802 3731 3858 προσ-

2072 3864 2369 3939 γενομένης
2426 3862 2587 3937 ἕξεως
2646 3864 2770 3935 ἤτοι
2830 3868 3127 3939 ποιότητος
3187 3869 3336 3942 μένει
3395 3874 3724 3925 συνεστῶτα·

2075 3956 2194 4007 οἷον
2228 3954 2254 4006 ὁ
2287 3951 2508 4028 σίδηρος
2563 3955 2857 4030 πυρωθεὶς,
2899 3957 2988 4012 xui
3035 3957 3371 4031 θερμότητος
3417 3954 3582 4033 ἄκρας
3627 3980 3726 4031 με-

2070 4037 2343 4110 ταλαϐὼν,
2394 4038 2704 4107 σϐεσθέντος
2751 4049 2848 4099 τοῦ
2897 4047 3088 4121 πυρὸς,
3137 4049 3283 4119 μένιι
3334 4046 3467 4121 ὅπερ
3509 4049 3599 4116 ἦν’
3631 4048 3729 4102 καὶ

2069 4132 2130 4185 τὸ
2163 4129 2304 4206 ὕδωρ
2336 4133 2451 4186 καθ’
2485 4132 2640 4188 ἑαυτὸ
2680 4135 2774 4206 μὲν
2824 4135 2884 4188 τὸ
2937 4141 3212 4209 στοιχεῖον
3260 4137 3451 4190 ἄποιον
3507 4133 3730 4211 λέγεται

2073 4222 2227 4289 εἶναι,
2263 4219 2351 4274 διὰ
2382 4219 2439 4274 δὲ
2479 4229 2580 4297 γῆς
2630 4222 2850 4297 παριὸν,
2884 4221 3082 4276 ἐκεῖθεν
3129 4227 3405 4278 ποιοῦται’
3439 4225 3526 4278 καὶ
3571 4222 3727 4297 ὅμως

2073 4310 2480 4384 μετοχετευθὲν,
2527 4310 2747 4364 παό³ται
2795 4317 2894 4379 τῆς
2943 4311 3266 4384 ποιότητος,
3315 4310 3407 4367 xui
3457 4307 3534 4366 ἔτι
3585 4314 3731 4367 συνὲο

2069 4417 2293 4468 στηκεν⁹
2351 4399 2492 4452 οὕτω
2547 4399 2636 4453 xui
2707 4401 2774 4454 τὰ
2848 4400 3205 4474 χιονιζόμενα
3261 4403 3348 4456 καὶ
3411 4401 3727 4477 ψυχόμενα,

2067 4488 2419 4560 παυσαμένης
2467 4487 2566 4554 τῆς
2613 4487 2988 4563 ψυχρότητος,
3020 4483 3097 4544 ἔτι
3152 4490 3495 4561 συνέστηκεν.
3545 4489 3729 4546 Ἀλλά

303 4571 770 4668 ρίᾀοξπςιιιβειιᾞ,
804 4595 986 4647 eaque
1017 4593 1144 4648 quae
1187 4582 1381 4631 mente
1412 4581 1630 4644 carent,
1656 4580 1719 4629 ut
1752 4592 1955 4646 pecora

2074 4575 2248 4630 καὶτά
2281 4581 2424 4643 ζωῆς
2459 4578 2683 4649 ἄμοιρα,
2715 4577 2788 4638 ὠς
2819 4575 3033 4650 δένδρα,
3067 4578 3156 4633 καὶ
3191 4577 3364 4650 λίθοι,
3394 4581 3484 4633 xui
3531 4577 3723 4653 ἄστρα,

304 4665 691 4738 ῃὶωᾷφηλξδςιυε
737 4667 1092 4722 subsistunt.
1125 4665 1280 4720 Deus
1313 4681 1542 4734 quoque
1581 4680 1714 4718 cum
1747 4665 1828 4718 sit
1858 4681 1958 4718 su-

303 4755 745 4830 petjessppﬁalis
784 4755 1049 4810 essentia!
1081 4753 1377 4817 eximitur,
1407 4758 1663 4807 attamen
1697 4758 1754 4808 et
1783 4758 1872 4808 est
1901 4759 1956 4809 et

303 4848 624 4920 149,,agy3
653 4849 773 4911 est;
807 4860 923 4898 non
947 4843 1079 4896 licet
1110 4848 1304 4895 autem
1336 4841 1420 4895 sic
1442 4843 1512 4895 de
1545 4842 1695 4896 bono
1728 4842 1950 4912 dicerej;

302 4935 603 5006 nisienjp}
632 4932 974 5006 qualitatem
1017 4929 1156 4985 boni
1207 4929 1536 5000 participat,
1567 4929 1625 4982 in
1661 4948 1774 5001 quo
1805 4931 1952 4987 illud

304 5027 627 5093 consistens
668 5036 908 5076 necesse
955 5023 1066 5087 est,
1100 5034 1214 5072 non
1249 5022 1442 5088 potest
1489 5019 1807 5076 subsistere
1838 5039 1850 5076 :
1885 5027 1953 5078 In

303 5111 882 5186 ipsamimfvivimus
927 5111 982 5164 et
1031 5121 1246 5176 sumus,
1281 5111 1345 5161 ut
1387 5107 1468 5162 ait
1515 5109 1834 5178 Apostolus
1863 5112 1946 5183 (ί).

303 5199 676 5274 Ουὶεᾴτρωαῖ
720 5199 1192 5269 intemperansne
1242 5196 1383 5251 dum
1434 5197 1832 5269 intemperans
1863 5205 1952 5256 est

405 5311 636 5360 mulsum

373 5382 447 5454 (g)
481 5380 645 5438 Prov.
675 5394 735 5444 x,
768 5377 854 5432 12.
929 5376 1011 5448 (Ιι)
1043 5373 1245 5435 Matth.
1277 5392 1334 5443 ν,
1365 5376 1454 5434 45.
1533 5377 1597 5448 (ί)
1627 5379 1750 5434 Act.
1787 5395 1927 5450 xvn,
1959 5380 2050 5438 28.

2066 4665 2252 4718 καὶτὰ
2299 4668 2410 4732 νοῦ,
2445 4663 2518 4718 ὡς
2566 4665 2631 4719 τὰ
2678 4672 2876 4734 κτήνη,
2913 4667 3066 4738 ὅμως
3125 4667 3432 4741 ὑφίσταται.
3479 4667 3582 4725 Καὶ
3631 4668 3725 4723 οὐ.

2065 4754 2178 4814 σίας
2209 4750 2267 4807 δὲ
2314 4755 2342 4807 6
2390 4755 2520 4817 Θεὸς
2572 4753 2829 4827 ἐξῄρηται
2884 4754 3207 4830 ὐπερούσιος
3264 4751 3360 4810 ὤν·
3423 4757 3513 4812 καὶ
3563 4756 3722 4830 ὅμως

2062 4841 2170 4896 ἐστὶ
2204 4842 2293 4896 καὶ
2339 4844 2609 4916 πρόεστινο
2643 4843 2784 4896 οὕτω
2835 4840 2892 4897 δὲ
2938 4843 3027 4897 καὶ
3076 4843 3174 4898 οὐκ
3223 4842 3363 4899 ἔστιν
3417 4845 3590 4901 εἰπεῖν
3631 4847 3720 4901 ἐπὶ

2061 4936 2157 4986 τοῦ
2189 4932 2412 5005 ἀγαθοῖν
2450 4932 2496 4985 εἰ
2544 4933 2618 5004 μὴ
2672 4933 2774 5007 γὰρ
2830 4934 3054 5007 μετέχοι
3102 4935 3399 5004 ποιότητος
3445 4941 3544 4990 τοῦ
3587 4937 3718 5012 ἀγα-

2063 5020 2180 5088 θοῦ,
2230 5020 2279 5074 ἐν
2333 5022 2378 5092 ᾧ
2426 5021 2768 5084 συνίστασθαι
2819 5023 2955 5098 χρὴ,
3009 5021 3076 5077 οὐ
3129 5019 3348 5079 δύναται
3405 5024 3716 5103 ὑφεστάναι·

2061 5117 2148 5167 Ἐν
2189 5110 2336 5183 αὑτῷ
2379 5110 2479 5185 γὰρ
2535 5114 2710 5184 ζῶμεν
2761 5111 2850 5166 καὶ
2900 5111 3082 5185 ἐσμὲν,
3131 5107 3207 5175 ὥς
3257 5135 3419 5188 φησιν
3471 5116 3500 5170 6
3547 5114 3718 5172 Ἀπό-

2060 5212 2276 5264 στοΛος.
2307 5200 2372 5256 Τί
2404 5201 2495 5254 οὖν
2527 5218 2541 5270 ;
2575 5201 2602 5254 6
2633 5199 2935 5264 ἀκόλαστος
2967 5200 3019 5256 ἐν
3053 5206 3134 5274 τῷ
3165 5201 3524 5260 ἀκολασταίνι
3557 5227 3583 5259 ν
3618 5207 3722 5261 οὑκ

1310 5582 1555 5641 VARle
1587 5581 1966 5644 LECTIONES
1990 5586 2080 5647 ET
2108 5587 2640 5646 CORRECTIONES

370 5691 414 5728 ⁸ο
439 5684 950 5765 ἰῤῥωμινιστέρους.
