4034 6396
216 413 308 465 281
979 416 1036 466 S.
1077 415 1346 468 MAXIMI
1383 415 1689 468 SCHOLIA
1728 417 1798 468 IN
1843 417 1973 468 LIB.
2017 415 2112 466 DE
2150 415 2426 468 DIVINIS
2466 415 2882 470 NOMINIBUS.

3534 419 3638 470 282

214 533 500 609 ἐπέρηται
528 537 627 590 τοῦ
681 535 888 610 ἀγαθοῦ
920 555 934 604 ς
969 535 1058 590 καὶ
1104 535 1258 608 ὅμως
1318 536 1600 612 ὑφέστηκε·
1633 535 1721 590 καὶ
1773 558 1862 609 φη-

1993 537 2142 594 bono
2162 540 2424 610 privatur
2438 539 2466 594 ?
2479 543 2534 595 et
2566 544 2763 595 tamen
2778 538 3049 595 subsistit
3072 557 3084 606 ;
3107 538 3246 596 dicit
3263 541 3633 610 autem,dum

213 645 258 677 σι
295 625 392 696 μὲν
441 625 560 678 κατ’
593 623 723 679 αὐτὸ
770 625 834 680 τὸ
887 623 1317 696 ἀκολασταίνειν,
1373 627 1445 687 ὡς
1505 624 1555 680 ἐν
1626 629 1872 700 στερήσει

211 710 282 766 ὢν
314 717 414 766 τοῦ
459 713 662 787 ἀγαθοῦ
719 714 924 788 κυρίως
980 715 1083 769 οὐκ
1137 709 1302 785 ἔστιν,
1354 711 1481 768 ἀλλ’
1532 711 1654 768 οὔτε
1703 711 1871 769 ὄντων

207 801 435 875 ἐκθυμεῖ
465 805 533 840 θί·
567 803 621 858 τί
665 803 769 880 γάρ
822 803 961 858 ἐστιν
1014 802 1420 858 αὐτοακολασία
1467 801 1600 879 δίχα
1644 808 1742 858 τοῦ
1794 802 1872 858 εἷ’-

206 888 334 953 δους
366 896 465 946 τοῦ
499 891 911 948 ἀκολασταίνειν
949 913 961 963 ;
995 892 1148 967 ὅμως
1184 890 1373 962 ἐπειδή
1423 894 1560 947 κατά
1609 891 1874 967 ψευδοδο-

205 981 318 1052 ξίαν
354 978 512 1035 δοκεῖ
561 982 728 1044 αὐτὸς
778 982 979 1056 ἀγαθοῦ
1026 1004 1171 1046 τινος
1215 981 1460 1058 ἔχεσθαι,
1490 982 1580 1037 καὶ
1628 985 1872 1052 ἡνῶσθαι

203 1072 347 1126 κατά
380 1070 572 1145 φιλίαν
620 1077 702 1144 τῷ
755 1074 1206 1151 συμφθειρομὲνῳ
1258 1071 1425 1145 αότῷ,
1470 1070 1565 1126 κᾶν
1618 1069 1873 1150 διεφθαρ-

207 1159 348 1232 μένη
388 1158 528 1233 δοκῇ
560 1164 596 1230 ἡ
631 1160 789 1238 φιλία
819 1164 972 1229 εἶναι,
1013 1162 1166 1233 ὅμως
1198 1159 1292 1216 τοῦ
1324 1164 1468 1216 θείου
1497 1160 1703 1236 ἔρωτος
1735 1163 1878 1234 ἀμυ-

203 1246 338 1323 δρόν
369 1248 518 1303 ἐστιν
555 1250 858 1324 ἀπῆχημα,
889 1251 980 1305 καὶ
1040 1249 1128 1305 διὰ
1176 1255 1276 1305 τοῦ
1324 1251 1529 1325 ἀγαθοῦ
1580 1251 1869 1326 φαντασίαν

199 1333 354 1412 ἔχει·
398 1338 463 1392 οὐ
491 1339 593 1413 γὰρ
629 1337 713 1392 δεῖ
761 1339 992 1413 ἀγνοεῖν,
1025 1339 1128 1408 ὅτι,
1164 1339 1290 1394 ὅταν
1335 1342 1580 1414 κρατηθῇ
1636 1341 1736 1394 ὑπὸ
1776 1343 1873 1393 τοῦ

197 1425 418 1500 ἀλόγου
472 1428 670 1502 μέρους
718 1429 782 1482 τὸ
833 1427 1053 1504 λογικὸν
1101 1431 1200 1499 τῆς
1246 1432 1431 1503 ψυχῆς
1461 1473 1473 1496 ,
1521 1426 1872 1501 έμποδίζεται

202 1516 306 1587 μὶν
357 1515 430 1569 τὰ
482 1515 658 1570 οἰκεῖα
709 1515 964 1592 ἐνεργεῖν,
1017 1515 1325 1587 συνδοξάζει
1374 1515 1431 1571 δὲ
1481 1517 1624 1571 οὕτω
1676 1515 1871 1571 λοιπὸν

197 1609 280 1676 τῷ
315 1603 533 1679 ἀλόγῳ,
567 1605 642 1667 ὡς
679 1607 820 1678 μήτε
848 1613 1064 1679 κρατεῖν
1111 1608 1278 1661 αὐτοῦ
1325 1610 1433 1660 τῶν
1486 1607 1697 1682 ὁρμῶν,
1735 1608 1872 1679 μήτε

199 1693 658 1771 συμψηφίζεσθαι
716 1699 836 1757 ταῖς
892 1694 1145 1770 πράξεσιν
1180 1714 1192 1726 ·
1254 1696 1308 1749 αἱ
1364 1695 1464 1769 γὰρ
1526 1693 1871 1769 ψευδοδοξίαι

198 1784 312 1837 οὐκ
345 1783 452 1837 εἶσῖ
495 1787 593 1837 τοῦ
643 1781 870 1858 λογικοῦ
903 1781 1073 1857 δόξαι,
1106 1783 1228 1840 οὔτε
1278 1785 1332 1838 αἱ
1375 1782 1589 1857 ψευδεῖς
1636 1783 1871 1839 διάνοιαι

199 1875 317 1926 τῶν
347 1868 609 1926 διανοιῶν
641 1876 738 1926 τοῦ
791 1871 1025 1947 λογικοῦ
1080 1872 1298 1946 μέρους·
1334 1871 1458 1927 οὔτε
1504 1874 1605 1948 γὰρ
1639 1872 1872 1927 διάνοιαι
1908 1914 1951 1978 Β

321 1961 334 1978 1
514 1961 528 1978 ι
604 1964 614 1978 I
701 1958 725 1978 ᾗ
756 1966 780 1977 ν
883 1963 945 1978 In
981 1963 1005 1978 Λ
1197 1962 1210 1977 ι
1279 1963 1290 1978 α
1345 1963 1369 1978 Λ
1519 1961 1533 1978 \
1629 1956 1654 1978 ’1
1697 1963 1737 1978 ,1
1793 1960 1817 1978 ﬂ

201 1961 419 2034 κυρίως
477 1961 534 2014 αἱ
590 1958 827 2034 ψευδεῖς.
883 1963 1064 2018 Ἔνθεν
1123 1962 1213 2016 καὶ
1272 1963 1299 2016 ὁ
1343 1961 1572 2035 θυμικὸς
1629 1956 1737 2025 ἔσθ’
1788 1960 1876 2016 ὅτε

205 2048 580 2127 ἐσφαλμένως
638 2049 919 2123 ἐπέξεισιν·
972 2052 1125 2123 ὅμως
1179 2052 1282 2106 οὐκ
1338 2052 1570 2124 ἄμοιρος
1626 2051 1872 2125 ἀγαθοῦ,

207 2136 395 2193 δοκῶν
427 2138 524 2193 ἐπὶ
551 2137 840 2214 διορθώσει
869 2144 967 2194 τοῦ
1006 2138 1382 2213 κολαζομένου
1424 2145 1504 2212 τῷ
1534 2142 1690 2213 θυμῷ
1732 2147 1874 2215 χρῆ-

206 2230 353 2298 σθαι,
390 2227 485 2282 καὶ
518 2230 547 2281 6
579 2228 810 2303 αῖσχρὸς
845 2227 1017 2292 οὕτως
1049 2229 1295 2283 ὑπονοῶν
1338 2229 1537 2304 ἀγαθὸν
1569 2227 1728 2290 τέλος
1775 2229 1872 2298 τήν

201 2312 446 2386 ἡδονήν.
483 2318 578 2371 Ἐκ
606 2317 803 2372 τούτου
837 2315 927 2373 οῦν
982 2318 1071 2372 καὶ
1121 2320 1172 2372 οἱ
1223 2320 1643 2393 Θεομαχοῦντες,
1677 2315 1764 2371 διὰ
1809 2317 1872 2372 τὸ

200 2403 353 2467 ὅλως
388 2406 526 2460 εἶναι
561 2406 665 2460 ὑπὸ
696 2410 790 2460 τοῦ
817 2406 1039 2482 ἀγαθοῦ,
1072 2411 1508 2481 συγχωροῦνται·
1541 2407 1603 2460 τὸ
1642 2406 1741 2482 γὰρ
1793 2407 1868 2478 μή

199 2492 570 2568 ἐστερημένον
619 2500 719 2550 τοῦ
757 2494 931 2551 καλοῦ
968 2539 982 2564 ,
1029 2494 1178 2552 ἀλλᾶ
1211 2500 1448 2572 μερικῶς
1477 2495 1606 2550 αὐτὸ
1631 2497 1693 2550 τό
1725 2495 1870 2550 ἐστε-

199 2585 450 2656 ρημένον
479 2589 580 2640 τοῦ
613 2584 818 2660 ἀγαθοῦ
848 2586 1182 2654 συνεστάναι,
1213 2591 1360 2640 ποιεῖ
1405 2586 1468 2640 τὸ
1513 2584 1657 2646 ὅλως
1712 2585 1869 2658 μετέ-

198 2692 321 2747 χειν
353 2695 408 2728 τι
442 2677 545 2728 τοῦ
573 2674 796 2748 ἀγαθοῦ.
831 2674 907 2732 Οὐ
958 2675 1061 2750 γὰρ
1092 2677 1126 2743 ἡ
1163 2675 1383 2748 μερικὴ,
1437 2672 1564 2729 ἀλλ’
1593 2676 1627 2743 ἡ
1674 2695 1867 2728 παντε-

199 2759 304 2829 λὴς
338 2759 596 2837 ἔλλειψις
645 2768 742 2818 τοῦ
792 2765 995 2839 ἀγαθοῦ
1043 2762 1154 2818 ἐστι
1202 2764 1265 2817 τὸ
1312 2764 1499 2817 κακόν·
1553 2763 1641 2816 καὶ
1694 2763 1755 2817 οὐ
1804 2765 1865 2816 τὸ

205 2856 472 2925 μερικῶς,
509 2851 657 2907 ἀλλὰ
683 2854 745 2908 τὸ
777 2851 1058 2914 παντελῶς
1087 2858 1187 2906 τοῦ
1237 2853 1436 2928 ἀγαθοῦ
1482 2851 1860 2926 ἐστερημένον,

207 2944 370 2996 τοῦτο
407 2939 537 2996 οὔτε
567 2944 656 3010 ἦν,
708 2939 832 2997 οὕτε
879 2941 1041 3013 ἐστὶν,
1075 2939 1196 2996 οὕτε
1228 2939 1397 3010 ἔσται,
1434 2939 1556 2997 οὕτε
1605 2941 1738 2995 εἶναι
1771 2939 1862 2995 δό-

203 3050 378 3088 ναται.

266 3117 410 3176 Οὔτε
471 3115 645 3175 ὄντων
700 3120 972 3194 ἐπιθυμεῖ.
1032 3123 1157 3178 ’Ότι
1217 3121 1245 3174 6
1295 3118 1620 3189 ἀκόλαστος,
1672 3119 1717 3175 εἷ
1770 3122 1857 3175 καὶ

198 3209 329 3262 κατά
356 3209 425 3263 16
457 3208 592 3264 αὐτὸ
619 3211 682 3264 τὸ
711 3208 1118 3265 ἀκολασταίνειν
1173 3206 1295 3266 οὔτε
1339 3208 1477 3264 ἐστὶν
1530 3209 1651 3264 οὕτε
1691 3209 1860 3264 ὅντων

1989 627 2388 700 intemperans
2422 634 2531 699 est,
2566 629 2705 701 quia
2746 630 2898 684 bono
2949 628 3209 700 privatus
3240 631 3471 702 proprie
3520 648 3634 685 non

1985 719 2203 785 est,sed
2238 736 2341 774 nec
2373 719 2592 791 aliquid
2611 719 2762 774 reale
2793 719 2957 791 cupit
2991 736 3003 772 :
3039 720 3178 790 quid
3212 721 3368 775 enim
3401 720 3639 791 estipsa

1985 825 2088 879 per
2117 826 2178 864 se
2203 810 2810 882 intemperantia,sine
2843 815 2999 865 certa
3020 810 3212 881 specie
3242 810 3635 882 intemperan-

1985 897 2126 951 tiae?
2157 903 2349 953 tamen
2385 900 2667 971 quoniam
2699 900 2823 971 ipse
2855 905 3052 954 censet
3071 899 3290 954 bonum
3313 898 3549 970 aliquod
3576 901 3634 954 in

1984 984 2133 1042 falsa
2147 989 2421 1059 Opinione
2437 989 2746 1057 babere,ac
2765 989 2822 1043 in
2839 988 3102 1044 amicitia
3117 989 3273 1044 uniri
3288 1004 3421 1042 cum
3441 987 3636 1059 aliquo

1985 1075 2161 1129 simul
2195 1091 2328 1132 cum
2359 1078 2484 1148 ipso
2516 1083 2812 1149 corrupto,
2845 1095 2972 1147 quae
3000 1077 3112 1132 etsi
3145 1077 3478 1148 perniciosa
3510 1093 3640 1132 esse

1983 1163 2257 1219 videatur
2287 1166 2771 1231 amicitia,tamen
2803 1173 2892 1222 est
2921 1167 3172 1220 obscura
3202 1165 3384 1220 divini
3417 1165 3638 1220 amoris

1984 1254 2380 1324 portiuncula,
2414 1261 2470 1309 et
2501 1271 2602 1326 per
2651 1256 2870 1310 bonum
2905 1255 3041 1310 boni
3093 1255 3414 1325 imaginem
3463 1270 3637 1310 oceu-

1986 1347 2263 1412 pat;non
2314 1344 2471 1397 enim
2527 1343 2796 1414 ignorare
2848 1349 3074 1414 oportet
3123 1345 3300 1413 quod,
3353 1359 3490 1397 eum
3541 1360 3633 1397 ra-

1983 1431 2221 1486 tionalis
2246 1450 2382 1503 pars
2406 1435 2612 1486 anima
2636 1433 2708 1488 ab
2729 1431 3055 1488 irrationali
3081 1436 3417 1504 superatur,
3449 1431 3636 1503 impe-

1983 1520 2178 1575 diatur
2208 1521 2444 1591 quidem
2478 1523 2713 1592 propria
2739 1522 2900 1577 obire
2928 1521 3152 1590 munia,
3192 1523 3275 1576 sic
3305 1538 3440 1576 vero
3475 1528 3633 1593 post-

1982 1625 2049 1664 ea
2080 1625 2211 1664 cum
2242 1609 2566 1665 irrationali
2600 1611 2985 1681 eonsentit,ut
3017 1627 3207 1683 neque
3240 1611 3500 1682 impetus
3524 1610 3640 1666 illis

1985 1697 2274 1765 cohibeat,
2329 1715 2518 1770 neque
2567 1699 2829 1755 actiones
2874 1700 3252 1769 comprobet;
3308 1716 3444 1753 nam
3480 1698 3636 1753 falsa:

1984 1785 2293 1856 Opiniones
2327 1804 2440 1842 non
2474 1792 2614 1843 sunt
2644 1788 2950 1859 opiniones
2983 1787 3287 1843 rationalis
3322 1789 3639 1858 partis.nee

1985 1873 2146 1929 falsa“:
2176 1875 2603 1931 intellectiones
2633 1880 2774 1932 sunt
2815 1876 3117 1932 rationalis
3170 1877 3353 1948 partis
3404 1875 3641 1931 intelle-

1989 1963 2248 2033 ctiones;
2287 1964 2440 2020 falsae
2471 1965 2628 2020 enim
2665 1983 2777 2020 non
2813 1970 2953 2020 sunt
2993 1965 3227 2036 proprie
3286 1964 3637 2020 intellectio-

1987 2069 2112 2107 nes.
2145 2053 2290 2108 Hinc
2322 2055 2494 2109 etiam
2522 2055 2845 2110 iracundus
2878 2056 3230 2126 quandoque
3279 2070 3413 2109 cum
3447 2071 3640 2109 errore

1987 2141 2219 2213 impetit
2251 2158 2263 2196 :
2300 2161 2417 2198 non
2445 2149 2646 2200 tamen
2673 2160 2880 2216 expers
2911 2149 2998 2199 est
3029 2144 3188 2213 boni,
3251 2161 3382 2198 cum
3410 2144 3640 2213 judicet

1985 2230 2042 2284 in
2072 2231 2232 2287 illius
2261 2233 2360 2304 qui
2391 2233 2635 2304 punitur
2665 2233 3044 2302 correctione,
3077 2232 3164 2287 ira
3198 2232 3638 2298 utendum,sic-

1986 2336 2098 2390 que
2128 2323 2418 2377 obscenus
2451 2323 2587 2377 dum
2638 2322 3000 2393 voluptatem
3047 2322 3224 2376 ﬁnem
3272 2321 3488 2377 bonum
3534 2339 3635 2376 su-

1983 2408 2354 2479 Spicatur.Ex
2384 2411 2490 2466 hoc
2521 2410 2698 2482 igitur
2728 2411 2904 2466 etiam
2940 2411 3041 2482 qui
3071 2410 3256 2466 Deum
3290 2417 3638 2482 oppugnant

1983 2514 2015 2552 a
2047 2498 2784 2572 bonopermittunturquia
2802 2500 3070 2555 absolute
3087 2504 3262 2568 sunt;
3299 2499 3454 2570 quod
3479 2499 3636 2554 enim

1981 2585 2228 2657 pulchro
2253 2604 2366 2641 non
2393 2587 2636 2644 omnino
2663 2589 2957 2661 privatum
2983 2594 3091 2658 est,
3117 2589 3218 2644 sed
3244 2606 3308 2643 ex
3334 2593 3518 2659 parte,
3544 2605 3639 2642 ex-

1978 2674 2392 2730 sistentiaboni
2412 2677 2951 2748 privatum,facitut
2969 2677 3190 2748 aliquid
3210 2677 3482 2732 absolute
3500 2677 3635 2731 boni

1979 2764 2321 2835 participet;
2358 2782 2469 2819 non
2497 2765 2655 2819 enim
2681 2764 3183 2837 particularis,sed
3218 2765 3458 2820 omnino
3490 2782 3632 2836 per-

1976 2854 2164 2908 fectus
2191 2853 2329 2907 boni
2355 2855 2621 2910 defectus
2643 2853 2992 2921 estmalum,
3012 2854 3306 2926 siquidem
3329 2870 3444 2908 non
3477 2854 3633 2923 quod

1976 2957 2044 2998 ex
2077 2944 2364 3014 parte,sed
2399 2944 2552 3015 quod
2587 2961 2829 3015 prorsus
2863 2943 3014 2998 bono
3038 2943 3329 3012 privatum
3364 2942 3622 3013 est,illud

1975 3047 2166 3102 neque
2195 3036 2534 3103 erat,neque
2563 3037 2866 3102 est,neque
2899 3033 3030 3098 erit,
3056 3047 3245 3103 neque
3259 3048 3389 3086 esse
3413 3035 3624 3103 potest.

2043 3122 2228 3190 Neque
2255 3121 2556 3192 quidquam
2585 3120 2935 3191 concupiscit.
2961 3119 3624 3192 Intemperantem,etsi,

1972 3215 2264 3280 quatenus
2296 3209 2698 3281 intemperans
2726 3214 3034 3280 est,neque
3065 3208 3161 3275 sit,
3187 3225 3376 3279 neque
3400 3207 3625 3281 aliquid

198 3295 477 3367 ἐπιθυμεῖ,
512 3298 668 3370 ὅμως
698 3301 814 3353 κατ’
847 3298 978 3353 αὐτὸ
1006 3299 1070 3353 τὸ
1115 3306 1216 3368 τῆς
1265 3298 1508 3360 ἱνώσεως
1538 3299 1628 3353 καὶ
1673 3297 1858 3376 φιλίας

1981 3298 2128 3354 reale
2159 3299 2395 3368 cupiat;
2426 3304 2622 3353 tamen
2657 3298 3083 3369 ipsaunitionis
3108 3303 3163 3352 et
3193 3297 3461 3353 amicitiae
3497 3315 3624 3370 spe-

196 3393 391 3462 σχῆμα
424 3385 691 3461 ἀμυδρῶς
727 3389 944 3463 μετέχει
975 3392 1072 3443 τοῦ
1102 3388 1323 3464 ἀγαθοῦ.

265 3477 413 3549 Πρὸς
465 3477 530 3531 τὸ
583 3473 775 3532 δοκοῦν
825 3475 1016 3533 καλόν.
1071 3477 1414 3550 Σημείωσαι,
1465 3475 1546 3530 δτι
1595 3476 1684 3530 καὶ
1725 3477 1753 3530 6
1783 3481 1862 3547 τῷ

196 3571 352 3638 θυμῷ
404 3567 814 3642 ἀποχρώμενος
863 3567 1109 3641 μετέχειν
1158 3565 1375 3640 λέγεται
1421 3569 1518 3619 τοῦ
1568 3565 1767 3638 ἀγαθοῦ
1806 3565 1857 3620 ἐν

191 3660 269 3727 τῷ
316 3656 458 3729 πρὸς
511 3652 806 3730 διόρθωσιν
835 3661 1100 3719 κινεῖσθαι
1148 3659 1256 3709 τῶν
1307 3652 1611 3709 δοκούντων
1653 3659 1856 3709 κακῶν·

201 3743 343 3797 οὕτω
369 3747 458 3798 καί
516 3745 546 3798 ὁ
603 3744 909 3819 χειρίστης,
961 3742 1129 3820 ἤγουν
1187 3743 1446 3814 κακίστης
1508 3748 1654 3813 ζωῆς
1713 3741 1860 3820 ἐφιέ-

212 3853 361 3902 μενος
392 3832 614 3908 μετέχει
664 3838 761 3888 τοῦ
811 3834 1013 3908 ἀγαθοῦ
1063 3833 1113 3888 ἐν
1165 3838 1244 3905 τῷ
1293 3839 1396 3903 τῆς
1445 3831 1668 3908 ἀρίστης
1714 3838 1859 3902 ζωῆς

210 3921 347 3993 αὖτῷ
392 3919 670 3992 δοκούσης
722 3921 979 4000 ἐφίεσθαι·
1030 3923 1122 3976 καὶ
1152 3923 1180 3976 6
1228 3923 1290 3977 16
1336 3921 1501 3977 κακὸν
1532 3919 1589 3976 δὲ
1635 3923 1860 3996 μετιὼν,

204 4007 254 4063 ἐν
287 4009 362 4082 τῷ
394 4009 578 4066 δοκεῖν
610 4008 782 4064 καλὸν
814 4015 1014 4082 ποιεῖν,
1053 4009 1268 4086 μετέχει
1298 4015 1395 4065 τοῦ
1426 4010 1649 4087 ἀγαθοῦ.

267 4101 401 4163 Καθ’
435 4099 564 4154 ὅσον
594 4098 686 4154 καὶ
715 4100 895 4163 νόσος.
928 4101 991 4154 ’Π
1020 4100 1203 4168 νόσος,
1232 4096 1489 4170 εὔδηλον,
1514 4100 1588 4164 ὡς
1610 4094 1858 4174 ἔλλειψίς

193 4186 333 4242 ἐστιν
369 4189 602 4262 ὑγιείας,
625 4187 715 4242 καὶ
741 4180 1022 4262 ὑπερϐολή
1051 4186 1320 4259 σωμάτων
1349 4183 1578 4257 ἰνύλων,
1613 4183 1735 4240 οὔτε
1763 4185 1858 4258 μέ-

188 4297 340 4351 τρον,
377 4273 507 4331 οῦτε
533 4277 681 4347 τάξιν
709 4275 974 4351 ἐχομένη,
1009 4273 1155 4330 ἀλλά
1185 4271 1254 4329 δι’
1285 4274 1540 4349 ἀκρασίας
1570 4279 1677 4330 τῶν
1708 4275 1854 4330 ὑλῶν

193 4372 320 4438 μιᾶς
356 4366 494 4438 ὑπὲρ
525 4365 626 4433 τὴν
662 4361 915 4420 εῦτακτον
966 4370 1154 4437 κρᾶσιν
1185 4364 1579 4435 στασιαζούσης
1630 4363 1854 4418 ποιούν-

186 4476 293 4509 των
328 4457 430 4525 τὴν
464 4455 644 4511 νόσον.
677 4454 801 4511 Ἐπὶ
851 4455 1112 4508 τοσοῦτον
1165 4453 1260 4526 μὲν
1316 4453 1406 4506 οῦν
1439 4455 1474 4521 ἡ
1503 4453 1676 4515 νόσος
1712 4451 1852 4507 ἐστὶν

189 4542 243 4598 έν
273 4549 356 4616 τῷ
389 4544 630 4616 σώματι,
663 4542 743 4619 ἆφ³
775 4541 903 4598 ὅσον
934 4544 1184 4598 ὁπωσοῦν
1213 4544 1248 4610 ἡ
1280 4540 1427 4620 τάξις
1462 4541 1732 4614 ἐλλείποι,
1765 4543 1854 4597 καὶ

188 4633 250 4686 τὸ
282 4638 452 4706 σῶμα
482 4632 812 4687 συνίσταται·
848 4632 897 4688 εἷ’
943 4633 1045 4708 γὰρ
1094 4630 1368 4700 παντελὴς
1414 4631 1664 4705 ἀμετρία,
1699 4629 1850 4686 λύσει
1884 4657 1931 4720 D

186 4722 250 4776 16
280 4727 470 4795 σῶμα,
500 4723 745 4776 τουτέσνι
778 4726 883 4777 τῶν
931 4720 1076 4776 ὁλων
1125 4722 1224 4790 τὴν
1275 4721 1446 4791 τάξιν,
1497 4720 1586 4775 καὶ
1617 4724 1652 4790 ἡ
1694 4721 1852 4785 νόσος

191 4810 533 4888 ἀφανίζεται,
581 4814 677 4866 τοῦ
723 4812 976 4884 σώματος
1029 4807 1304 4883 λυομένου
1353 4809 1405 4864 ἐν
1451 4811 1496 4877 ᾧ
1541 4813 1853 4881 συνεστήκει

189 4903 224 4969 ἡ
257 4902 438 4964 νόσος·
475 4900 619 4954 οὕτω
648 4901 737 4955 καὶ
768 4900 857 4956 ἐπὶ
900 4903 998 4955 τοῦ
1043 4899 1245 4975 ἀγαθοῦ
1275 4898 1326 4953 ἓν
1379 4901 1492 4971 ὅσῳ
1540 4899 1768 4968 σώζεται
1797 4900 1851 4956 ὲν

188 4993 350 5064 ἡμῖν,
383 4987 602 5066 ,ἔχομεν
652 4991 891 5062 ἐξουσίαν
937 4992 1191 5066 πράττειν
1241 4991 1330 5045 καὶ
1376 4991 1439 5045 τὸ
1487 4990 1671 5045 κακόν·
1727 4992 1849 5068 ἀφι-

196 5081 473 5156 σταμένου
503 5081 604 5156 γὰρ
634 5085 733 5138 τοῦ
762 5081 987 5156 ἀγαθοῦ,
1022 5076 1146 5136 οὔτε
1170 5080 1336 5137 κακὸν
1392 5077 1534 5135 ἔστιν
1568 5079 1742 5155 εὑρεῖν
1795 5079 1847 5134 ἐν

194 5174 350 5246 ἡμῖν.

251 5264 323 5318 Τὸ
352 5264 456 5336 γὰρ
495 5264 670 5333 πάντη
729 5261 982 5338 ἄμοιρον.
1013 5262 1076 5320 Ὀ
1123 5261 1325 5322 σκοπὸς
1377 5265 1476 5315 τοῦ
1527 5259 1674 5324 θείου
1726 5267 1848 5316 Διο-

181 5351 371 5410 νυσίου
400 5351 464 5408 ἐκ
512 5350 742 5408 πολλῶν
794 5353 991 5429 σαφής·
1041 5349 1356 5428 μαχόμενος
1382 5355 1499 5414 ταῖς
1526 5370 1690 5406 τινων
1720 5350 1846 5408 Ἐλο

1973 3387 2079 3457 cie,
2111 3389 2359 3442 obscure
2391 3388 2611 3442 bonum
2645 3387 3015 3458 participare.

2041 3476 2120 3530 Ad
2151 3476 2206 3530 id
2237 3476 2377 3547 quod
2409 3477 2535 3531 boui
2557 3478 2796 3547 speciem
2810 3492 2931 3547 prae
2953 3491 3011 3531 se
3038 3477 3166 3546 fert.
3201 3475 3624 3544 Nota,abuten-

1969 3569 2091 3619 tem
2124 3565 2209 3619 ira
2239 3565 2354 3620 dici
2387 3564 2731 3637 participem
2763 3564 3230 3634 boni,quatenus
3263 3570 3529 3620 movetur
3552 3566 3625 3620 ad

1971 3655 2389 3710 correctionem
2425 3671 2627 3709 eorum
2662 3671 2790 3726 quae
2827 3654 2983 3709 mala
3033 3653 3344 3723 videntur;
3378 3653 3462 3708 ita
3492 3669 3628 3724 pes-

1971 3743 2135 3797 simae
2159 3759 2260 3798 seu
2287 3743 2719 3798 scelestissima:
2751 3743 3003 3814 cupidus
3053 3743 3180 3798 vitae
3227 3743 3379 3798 bono
3432 3743 3618 3814 parti-

1969 3833 2145 3902 cipat,
2181 3837 2473 3904 quatenus
2503 3833 2709 3897 vitam,
2762 3849 2888 3902 quas
2942 3832 3164 3903 optima
3211 3831 3322 3903 ipsi
3368 3832 3618 3899 videtur,

1970 3921 2170 3992 cupit;
2203 3927 2380 3992 atque
2409 3921 2460 3976 is
2501 3921 2601 3992 qui
2631 3920 2853 3975 malum
2899 3921 3295 3992 persequitur,
3329 3926 3623 3992 quatenus

1967 4009 2197 4065 videtur
2228 4011 2470 4065 honeste
2503 4010 2712 4077 facere,
2745 4009 2880 4064 boni
2914 4010 2978 4063 ﬁt
3010 4009 3322 4081 particeps.

2040 4100 2196 4155 150
2247 4099 2398 4154 Sicut
2445 4101 2611 4153 etiam
2664 4101 2907 4154 morbus.
2959 4097 3194 4155 Clarum
3227 4102 3317 4154 est
3349 4099 3620 4154 morbum

1967 4204 2096 4244 esse
2126 4189 2420 4244 defectum
2450 4188 2744 4252 sanitatis,
2779 4193 2834 4243 et
2875 4205 3181 4244 excessum
3215 4187 3618 4243 materialium

1968 4293 2304 4349 corporum,
2340 4294 2530 4348 neque
2561 4294 2925 4342 mensuram,
2981 4293 3168 4348 neque
3221 4276 3486 4332 ordinem
3522 4277 3622 4331 ha-

1968 4367 2226 4433 bentem,
2259 4367 2362 4421 sed
2395 4383 2498 4437 per
2527 4365 2935 4437 intemperiem
2967 4367 3144 4422 unius
3202 4366 3457 4421 materiae
3491 4383 3618 4437 quae

1966 4456 2113 4511 bene
2143 4457 2531 4511 constitutum
2564 4456 2915 4526 perturbans
2957 4459 3485 4526 temperamentum
3519 4470 3619 4525 ge-

1965 4551 2128 4600 neret
2160 4546 2431 4600 morbum
2463 4562 2475 4611 ;
2507 4549 2752 4599 eatenus
2785 4544 2967 4614 igitur
2999 4544 3240 4598 morbus
3289 4547 3378 4599 est
3409 4545 3466 4598 in
3489 4560 3616 4598 eor-

1965 4638 2422 4706 pore,quatenus
2454 4631 2887 4704 aliquantulum
2913 4633 3054 4688 ordo
3086 4632 3303 4700 deﬁcit,
3325 4637 3381 4687 et
3404 4649 3617 4703 corpus

1965 4722 2238 4778 consistit
2266 4743 2277 4779 :
2311 4723 2362 4778 si
2389 4722 2543 4778 enim
2566 4722 2860 4795 perfectus
2884 4721 2960 4776 sit
2992 4737 3287 4776 mensurre
3317 4737 3615 4790 excessus,

1965 4829 2180 4884 corpus
2206 4811 2507 4880 dissolvet,
2538 4811 2596 4865 id
2638 4815 2727 4866 est
2756 4810 3012 4866 materiae
3063 4810 3621 4877 ordinem,destrui-

1964 4907 2180 4975 turque
2196 4902 2758 4971 morbus,dissoluto
2775 4919 3015 4973 corpore
3039 4902 3096 4956 in
3123 4918 3237 4972 quo
3259 4901 3618 4969 constiterat;

1963 4993 2047 5048 ita
2075 4993 2252 5048 etiam
2287 4993 2343 5047 in
2380 4995 2530 5048 bono
2563 4995 2857 5063 quatenus
2889 4992 2946 5046 in
2983 4991 3155 5046 nobis
3213 4994 3616 5055 conservatur,

1962 5086 2312 5154 potestatem
2327 5081 2881 5137 habemusfaciendi
2904 5083 3079 5136 etiam
3101 5079 3323 5135 malum
3349 5080 3620 5147 ;absenle

1959 5171 2115 5228 enim
2149 5171 2318 5242 bono,
2345 5170 2568 5226 malum
2602 5170 2662 5226 in
2689 5169 2860 5225 nobis
2891 5187 3008 5225 non
3040 5168 3385 5241 reperietur.

2033 5261 2193 5336 Quod
2221 5262 2374 5319 enim
2398 5263 2622 5319 omnino
2651 5276 2846 5334 expers
2876 5264 2977 5318 est.
3011 5260 3238 5334 Scapus
3269 5259 3453 5317 divini
3481 5259 3617 5317 Dio-

1958 5352 2112 5424 nysii
2144 5369 2214 5409 ex
2243 5351 2448 5409 multis
2479 5355 2641 5424 patet
2672 5368 2686 5407 :
2719 5367 3072 5425 oppugnans
3109 5352 3267 5408 enim
3302 5351 3616 5426 gentilium

1193 5607 1437 5665 νΑΗΙλΕ
1468 5605 1860 5664 LECTIONES
1889 5603 1980 5664 ET
2010 5604 2554 5663 CORRECTIONES

259 5763 306 5801 οι
342 5757 640 5834 ὶπιθυμεῖ..
