4034 6396
381 370 488 425 283

1205 378 1566 429 APPENDIX
1605 377 1700 428 AD
1739 373 1978 426 OPERA
2015 373 2072 424 S.
2113 369 2428 425 DIONYSII
2465 369 2968 424 AREOPAGITE.

3689 368 3787 421 284

387 496 780 566 quorumdam
813 495 1120 566 opiniones
1151 497 1221 551 de
1255 497 1431 566 malo,
1472 496 1614 552 dicit
1646 494 1866 550 malum
1915 510 2030 548 non

2149 489 2328 560 λήνων
2363 488 2541 560 δόξαις
2575 490 2698 565 περὶ
2747 495 2846 544 τοῦ
2885 493 3076 556 κακοῦ,
3125 487 3270 564 λέγει
3319 489 3366 525 ⁸³
3396 489 3502 563 γὰρ
3557 488 3633 560 μή
3664 489 3784 544 εἶναι

386 599 514 638 esse
547 599 649 637 ens
678 603 691 650 ;
723 582 945 636 malum
978 585 1135 638 enim
1185 585 1378 655 ipsum
1433 601 1671 655 prorsus
1719 581 2033 638 essentiale

386 690 498 726 non
533 677 731 741 posset
761 673 1064 738 exsistere,
1098 673 1212 728 nisi
1247 675 1557 729 universali
1612 672 1751 728 boni
1801 673 2027 726 defectu

387 760 646 815 totaliter
673 760 850 830 hujus
880 778 1084 834 expers
1108 768 1261 817 esset
1291 783 1304 830 ;
1340 764 1482 817 illud
1508 766 1703 818 autem
1736 777 2031 832 nusquam

387 854 473 902 est
505 849 781 919 reperire,
817 866 1007 921 neque
1057 852 1114 905 in
1166 852 1291 922 ipsa
1339 852 1575 907 informi
1622 851 1889 921 materia,
1922 848 2031 903 etsi

385 937 495 991 hoc
527 940 882 1010 quibusdam
900 940 1525 1010 gentiliumvideatur;
1563 941 1714 1012 quod
1732 940 1887 995 enim
1913 954 2032 993 om-

387 1025 525 1081 nino
559 1044 590 1081 a
623 1030 732 1082 Deo
757 1029 1104 1098 productum
1126 1031 1512 1102 est,quamvis
1530 1031 1777 1086 obscure
1796 1034 1850 1083 et
1876 1031 2033 1099 post-

387 1131 570 1182 remo,
607 1115 992 1171 nihilominus
1029 1118 1248 1173 bonum
1293 1119 1621 1189 participat.
1676 1117 1791 1172 Hoc
1834 1120 2032 1171 autem

388 1206 667 1276 deinceps
699 1205 756 1259 in
790 1206 1017 1262 decimo
1051 1206 1468 1278 disputationis
1496 1208 1674 1277 hujus
1698 1205 1888 1277 capite
1911 1222 2035 1276 per-

387 1295 533 1348 fecte
565 1296 931 1350 demonstrat
957 1313 970 1363 ;
1004 1295 1222 1351 sienim
1241 1296 1461 1351 malum
1485 1313 1615 1352 cum
1641 1297 1792 1350 bono
1824 1295 2034 1349 misce-

389 1387 571 1448 retur,
604 1384 659 1437 id
694 1388 784 1438 est
813 1384 1028 1439 alicubi
1061 1386 1302 1456 quidem
1336 1403 1449 1440 non
1491 1403 1595 1441 ens
1643 1389 1799 1440 esset
1825 1384 1884 1438 in
1916 1383 2033 1437 exi-

387 1489 502 1543 guo
537 1473 672 1526 boni
707 1473 975 1528 defectu:
1007 1474 1218 1530 alicubi
1247 1481 1437 1530 autem
1455 1493 1568 1530 non
1587 1491 1692 1530 ens
1717 1477 1872 1529 esset
1896 1472 2035 1543 quia

389 1561 628 1616 omnino
658 1566 748 1617 est
778 1566 877 1633 qui
903 1562 1180 1632 facit,non
1213 1563 1322 1619 hoc
1354 1563 1616 1632 malum;
1651 1579 1766 1617 non
1791 1561 1947 1617 enim
1974 1560 2034 1613 in

387 1649 744 1718 aliquantulo
777 1651 1028 1717 defectu,
1061 1654 1163 1707 sed
1195 1653 1254 1707 in
1287 1651 1606 1707 universali
1637 1652 1774 1706 boni
1806 1650 2034 1705 defectu

387 1738 608 1792 malum
643 1740 946 1808 consistit;
968 1743 1118 1813 quod
1142 1742 1323 1813 igitur
1343 1758 1550 1814 parum
1577 1758 1609 1796 a
1631 1741 1785 1796 bono
1815 1739 2034 1806 deficit,

2141 580 2199 633 ’ὸν
2226 581 2287 634 τὸ
2318 579 2501 634 κακόν.
2551 581 2730 634 Κακὸν
2780 580 2880 654 γὰρ
2932 578 3064 633 αὐτὸ
3113 578 3354 649 καθάπαξ
3406 575 3668 638 οὐσιῶδες
3697 577 3787 633 οὐκ

2144 667 2200 722 ἂν
2236 666 2340 739 εἷή,
2374 669 2416 723 εἷ
2455 671 2529 742 μὴ
2581 670 2643 724 τὸ
2669 669 2806 723 κατά
2852 665 3094 737 παντελῆ
3149 664 3400 741 ἔλλειψιν
3457 671 3555 722 τοῦ
3603 667 3788 739 ἀγαθοῦ

2143 757 2462 833 ὁλοσχερῶς
2498 757 2730 834 ἄμοιρον
2781 758 2839 812 ὃν
2893 756 3110 812 τούτου·
3157 761 3318 812 τοῦτο
3361 757 3466 831 γὰρ
3521 755 3619 811 οὐκ
3656 754 3784 811 ἔστιν

2143 844 2387 920 οὐδαμοῦ
2446 847 2640 924 εὑρεῖν,
2704 845 2833 901 οὐδὲ
2891 847 2941 901 έν
2996 850 3064 920 τῇ
3097 844 3201 920 ὕλῃ
3247 845 3384 919 αὐτῇ
3433 848 3504 918 τῇ
3549 845 3786 918 ἀνειδέῳ,

2141 934 2236 990 κᾶν
2285 939 2448 990 τοῦτό
2494 957 2603 991 τισι
2646 941 2754 992 τῶν
2789 936 3074 1006 Ἑλλήνων
3123 932 3280 1009 δοκῇ·
3313 936 3342 989 ὃ
3374 936 3480 1010 γὰρ
3513 932 3660 998 ὅλως
3693 937 3786 991 ὑπὸ

2144 1030 2278 1079 Θεοῦ
2330 1033 2624 1102 παρῆκται.
2675 1024 2770 1080 κᾶν
2819 1022 3078 1100 ἀμυδρῶς
3120 1022 3207 1079 καί
3248 1023 3517 1098 ἐσχάτως,
3572 1027 3790 1099 μετέσχε

2146 1111 2190 1168 δ’
2225 1115 2313 1168 οὗν
2362 1113 2514 1188 ὅμως
2546 1119 2642 1170 τοῦ
2689 1115 2913 1190 ἀγαθοῦ.
2946 1117 3122 1171 Τοῦτο
3174 1110 3230 1168 δὲ
3259 1113 3473 1190 προϊὼν
3525 1113 3576 1167 έν
3602 1118 3680 1185 τῷ
3710 1111 3789 1168 δε-

2143 1203 2291 1276 κάτῳ
2347 1203 2631 1282 κεφαλαίῳ
2687 1203 2886 1258 τούτου
2941 1204 3038 1258 τοῦ
3091 1197 3504 1279 προϐλήματος
3573 1200 3788 1264 τελείως

2144 1291 2538 1348 ἀποδείκνυσιν·
2567 1293 2615 1347 εἴ
2645 1295 2749 1368 γὰρ
2801 1293 2989 1367 μικτὸν
3039 1290 3123 1363 εἷή
3154 1297 3235 1363 τῷ
3287 1292 3475 1367 ἀγαθῴ
3503 1292 3566 1346 τὸ
3615 1291 3784 1348 κακὸν.

2142 1383 2407 1451 τουτέστι,
2441 1388 2516 1448 πῆ
2551 1385 2646 1457 μὶν
2686 1385 2760 1458 μή
2794 1385 2850 1438 ’ὸν
2887 1381 2975 1438 διὰ
3019 1389 3120 1445 τῖς
3154 1382 3237 1438 ἐπ’
3278 1381 3466 1456 ὀλίγον
3501 1381 3787 1456 ἐλλείψεώς

2145 1477 2241 1528 τοῦ
2299 1474 2525 1548 ἀγαθοῦ,
2582 1480 2657 1542 πῆ
2723 1471 2779 1528 δὲ
2840 1487 2915 1545 μη
2975 1474 3034 1528 ὃν
3087 1470 3178 1526 διὰ
3219 1473 3282 1527 τὸ
3328 1473 3468 1526 εἶναι
3517 1470 3661 1533 ὅλως
3702 1472 3786 1526 τόν

2143 1565 2421 1632 ποιοῦντα,
2484 1563 2547 1616 οὐ
2591 1562 2754 1616 κακὸν
2800 1566 2995 1616 τοῦτο·
3054 1561 3119 1615 οὐ
3170 1560 3274 1634 γὰρ
3325 1559 3378 1614 έν
3428 1563 3497 1634 τῇ
3551 1561 3785 1615 ὁπωσοῦν

2144 1650 2414 1724 ἐλλείψει,
2445 1649 2570 1706 ἀλλ’
2603 1649 2653 1705 έν
2686 1655 2754 1725 τῇ
2800 1648 3055 1706 παντελεῖ
3087 1648 3332 1724 ἐλλείψει
3380 1653 3479 1704 τοῦ
3512 1651 3707 1724 ἀγαθοῦ
3733 1650 3788 1703 τὸ

2143 1739 2328 1797 κακόν.
2360 1742 2430 1794 Τὸ
2461 1745 2588 1817 γοῦν
2618 1739 2878 1796 ἐλλεῖπον
2914 1738 3102 1814 ὀλίγον
3154 1743 3252 1794 τοῦ
3282 1739 3490 1812 ἀγαθοῦ
3521 1737 3587 1792 οὗ
3614 1739 3785 1792 κακόν·

387 1843 504 1881 non
536 1832 624 1883 est
657 1829 878 1884 malum
906 1849 920 1900 ;
953 1835 1144 1902 potest
1165 1830 1320 1886 enim
1351 1831 1523 1886 etiam
1548 1829 1864 1901 perfectum
1885 1843 2033 1895 esse,

2149 1827 2365 1885 δύναται
2413 1830 2514 1906 γὰρ
2563 1831 2652 1885 καὶ
2704 1828 2912 1885 τέλειον
2964 1830 3092 1884 εἶναι
3133 1829 3208 1893 ὡς
3256 1828 3398 1900 πρὸς
3445 1829 3545 1897 τήν
3614 1828 3787 1882 ἑαυτοῦ

384 1918 760 1986 quantumad
794 1934 963 1973 suam
984 1923 1256 1974 naturam
1285 1937 1298 1989 ;
1333 1918 1556 1990 aliquid
1588 1917 1744 1973 enim
1764 1917 2031 1988 est,quod

385 2010 652 2077 respectu
686 2006 823 2061 boni
858 2008 1157 2077 deﬁciens,
1194 2013 1460 2080 respectu
1492 2023 1626 2062 vero
1657 2010 1879 2062 naturae
1917 2023 2032 2060 sum

383 2094 702 2164 perfectum
728 2094 986 2166 sit,quod
1017 2097 1284 2168 equidem
1309 2098 1522 2153 bonum
1550 2100 2032 2166 est,nequaquam

384 2198 520 2238 vero
536 2183 757 2239 malum
783 2204 796 2253 ;
830 2189 1004 2258 atque
1027 2187 1169 2241 adeo
1185 2188 1473 2259 particeps
1488 2187 1750 2242 defectus
1765 2188 2030 2256 respectu

385 2271 558 2343 primi
584 2273 914 2342 boni.Quod
949 2292 1083 2330 vero
1117 2293 1229 2330 non
1254 2293 1496 2347 prorsus
1528 2291 1733 2346 expers
1754 2278 1843 2329 est
1873 2272 2031 2342 boni,

292 2373 296 2377 ‘
387 2363 486 2417 sed
507 2363 762 2434 amplius
778 2365 1059 2420 accedens
1074 2366 1145 2419 ad
1161 2365 1529 2429 malum,non
1550 2364 1789 2419 omnino
1810 2362 2031 2416 malum

387 2456 515 2520 est;
547 2451 701 2506 sicut
722 2453 1071 2525 etiamquod
1106 2455 1387 2510 minusad
1423 2455 1641 2509 bonum
1678 2450 2034 2517 accedit,ali-
2085 2513 2087 2516 γ

388 2539 528 2610 quid
561 2541 698 2596 boni
728 2541 1111 2614 habet,atque
1141 2545 1209 2598 ab
1243 2543 1369 2614 ipso
1402 2542 1795 2600 substantiam
1828 2539 1985 2612 capit
2018 2556 2030 2595 :

386 2646 677 2701 suamque
709 2632 1093 2702 privationem
1125 2633 1380 2688 essentia
1405 2634 1753 2696 donat,dum
1776 2629 2036 2686 totaliter

388 2718 459 2774 de
490 2720 642 2774 bono
676 2724 896 2790 certat;
931 2721 978 2776 si
1001 2721 1156 2776 enim
1190 2738 1332 2793 pure
1364 2739 1429 2777 ac
1459 2721 1700 2777 omnino
1727 2720 1904 2776 fuerit
1931 2719 2034 2774 ab-

389 2808 580 2864 sentia
613 2809 769 2880 boni,
803 2813 1026 2865 certum
1062 2816 1150 2867 est
1191 2812 1343 2882 quod
1390 2815 1516 2866 tum
1569 2828 1682 2866 non
1715 2812 1792 2865 sit
1821 2811 1878 2865 in
1911 2812 2032 2863 toto

387 2897 829 2969 bonum,neque
858 2898 1098 2954 mistum
1118 2901 1555 2972 bonum,neque
1575 2916 1676 2970 per
1693 2915 1754 2954 se
1777 2896 2031 2962 malum;

385 2986 484 3040 ubi
501 2987 654 3041 enim
672 3005 784 3042 non
805 2993 895 3044 est
917 2989 1356 3062 bonum,neque
1377 2995 1465 3045 est
1484 2988 1705 3060 aliquid
1728 2988 1786 3042 in
1805 2996 2030 3052 natura;

386 3077 678 3144 quomodo
711 3075 892 3148 igitur
921 3078 1029 3132 erit
1061 3079 1284 3133 malum
1317 3096 1350 3133 ιι
1383 3077 1543 3133 nullo
1593 3075 1850 3132 essentia
1880 3075 2026 3131 151

385 3164 707 3232 donatum;
745 3166 910 3220 aufer
941 3167 1095 3221 enim
1137 3182 1383 3239 corpora
1413 3171 1469 3221 et
1501 3169 1722 3230 lumen,
1757 3181 1860 3219 nec
1905 3168 2029 3219 tum

382 3254 492 3307 erit
526 3255 749 3310 umbra.
787 3254 991 3325 Itaque
1029 3256 1184 3325 quod
1236 3232 1587 3326 simpliciter
1635 3252 1879 3322 malum,
1913 3269 2029 3308 non
2065 3232 2108 3298 θ

383 3343 614 3398 exsistit
645 3360 747 3415 per
777 3359 858 3411 se,
896 3345 996 3399 sed
1028 3344 1187 3398 velut
1214 3345 1272 3399 in
1327 3344 1592 3414 subjecto
1622 3364 1634 3412 ;
1670 3344 1892 3399 bonum
1928 3359 2030 3398 au-

382 3436 525 3500 tem,
556 3431 732 3487 etiam
784 3432 911 3487 sine
959 3433 1226 3504 subjecto
1281 3437 1552 3488 naturam
1606 3432 1778 3488 habet
1808 3437 1865 3487 et
1893 3448 2030 3486 con-

385 3526 673 3591 servatur,
726 3538 790 3576 ac
821 3521 967 3576 illud
1000 3539 1100 3593 per
1143 3539 1206 3578 se
1256 3524 1504 3590 bonum;
1562 3522 1782 3578 malum
1832 3527 2032 3577 autem

384 3608 512 3664 sine
526 3610 790 3680 subjecto
814 3611 971 3683 quod
996 3629 1028 3666 a
1049 3612 1197 3667 bono
1212 3617 1620 3680 conservatur;
1655 3612 1854 3667 omnia
1875 3611 2030 3668 enim

385 3703 550 3753 extra
579 3699 776 3770 ipsum
813 3716 1002 3771 neque
1045 3705 1211 3768 sunt,
1243 3718 1433 3772 neque
1483 3704 1788 3774 apparent,
1845 3716 2034 3772 neque

386 3793 880 3860 corrumpuntur;
917 3807 1052 3846 nam
1084 3791 1183 3861 qui
1214 3790 1517 3859 ﬁat,nullo
1548 3791 1866 3846 exsistente
1893 3790 2032 3844 sub-

380 3878 578 3948 jecto?
608 3880 709 3934 sed
753 3897 994 3951 prorsus
1018 3880 1360 3936 exsistentia
1407 3884 1584 3950 caret,
1629 3895 1732 3936 nec
1783 3894 2036 3949 usquam

390 3971 499 4024 est.

460 4061 525 4112 Et
548 4061 754 4114 statum
785 4059 903 4113 dat.
935 4060 996 4114 Id
1028 4064 1119 4115 est
1152 4060 1293 4115 facit
1323 4065 1387 4116 ut
1419 4059 1640 4116 malum
1666 4058 1743 4114 sit
1764 4057 2039 4114 substan-

385 4145 555 4202 δίο.Ξὶ
581 4147 739 4202 enim
774 4148 995 4203 malum
1029 4150 1109 4204 sit
1138 4149 1385 4222 privatio
1406 4149 1565 4218 boni,
1599 4150 1820 4204 bonum
1839 4150 2036 4202 autem

389 4237 479 4291 sui
511 4236 896 4307 privationem
931 4237 1124 4307 faciat,
1166 4256 1308 4295 sane
1338 4238 1586 4295 existere
1619 4237 1758 4294 facit
1789 4235 2038 4307 malum,

389 4326 548 4397 quod
579 4331 669 4382 est
700 4327 836 4382 boni
870 4328 1145 4398 privatio.

459 4416 690 4471 Omnino
744 4431 843 4488 per
898 4420 990 4472 sui
1049 4419 1624 4474 communicat.ouem.
1692 4415 2039 4472 Particulari

390 4505 528 4560 boni
561 4505 1034 4578 participatione,
1065 4507 1244 4562 etiam
1296 4507 1679 4579 privationem
1728 4505 1857 4575 ejus
1888 4504 2038 4561 exsi-

387 4598 561 4650 stere.

463 4683 695 4751 Quando
724 4684 853 4741 aliis
885 4685 1106 4758 quidem
1135 4687 1348 4741 malum
1389 4693 1482 4742 est.
1517 4685 1612 4740 Hae
1645 4684 1866 4757 species
1901 4689 2042 4741 sunt

393 4772 714 4843 mali,sicut
745 4779 917 4830 antea
940 4775 1199 4830 diximus
1225 4793 1238 4843 ;
1273 4791 1390 4830 non
1421 4775 1580 4829 enim
1612 4773 1922 4830 essentiale
1942 4791 2044 4845 per

387 4879 451 4917 se
493 4863 904 4935 malum,quod
926 4881 1040 4920 non
1069 4868 1200 4931 est;
1232 4881 1370 4920 nam
1413 4863 1586 4919 alicui
1623 4864 1845 4920 malum
1888 4881 2040 4936 esse,

389 4953 545 5021 quod
564 4951 1315 5023 voluptatiturpitanquam
1341 4951 1493 5006 bono
1536 4950 1709 5006 alicui
1759 4951 2038 5017 adhaeret,

391 5057 506 5094 non
531 5045 621 5095 est
643 5056 744 5111 per
766 5041 865 5095 sed
893 5041 1245 5110 malum,sed
1275 5041 1499 5112 species
1523 5040 1682 5108 mali;
1705 5042 1858 5111 quod
1883 5041 2040 5096 enim

394 5129 636 5184 omnino
671 5129 917 5200 malum,
949 5129 1096 5184 illud
1131 5147 1248 5184 non
1280 5131 1531 5196 exsistit,
1582 5131 1857 5203 quoniam
1890 5132 2039 5188 exsi-

388 5219 618 5284 stendo,
647 5219 1052 5289 participaret,
1085 5218 1197 5274 etsi
1237 5219 1296 5274 in
1353 5223 1610 5276 extremo
1641 5221 1911 5293 vestigio,
1941 5223 2041 5277 bo-

392 5324 572 5378 num;
609 5307 739 5365 vide
771 5307 929 5364 enim
982 5309 1123 5379 quid
1176 5307 1428 5368 ulterius
1469 5327 1820 5384 progressus
1864 5311 2038 5369 dicat.

388 5398 537 5456 Nam
569 5398 617 5455 si
665 5399 866 5456 omnia
913 5399 1066 5457 bono
1115 5400 1490 5475 participant,
1538 5420 1604 5460 ac
1653 5404 1713 5460 in
1763 5405 2041 5462 omnibus

2068 4607 2119 4672 D

2144 1919 2322 1994 φύσιν·
2351 1917 2464 1975 ἔστι
2501 1920 2594 1992 μὲν
2645 1920 2749 1995 γάρ
2801 1940 2853 1973 τι
2904 1920 2978 1980 ὡς
3025 1919 3162 1994 πρὸς
3218 1918 3313 1991 μὶν
3355 1918 3420 1972 τὸ
3475 1917 3669 1992 ἀγαθὸν
3701 1913 3787 1971 έλ-

2145 2009 2323 2078 λιπὶς,
2380 2010 2453 2071 ὡς
2506 2006 2562 2063 δὲ
2608 2008 2745 2082 πρὸς
2782 2009 2878 2076 τὴν
2935 2009 3126 2063 ἑαυτοῦ
3175 2006 3334 2086 φύσιν
3383 2003 3611 2074 τέλειον,
3643 2007 3670 2059 ’ὀ
3717 2001 3775 2072 δὴ

2142 2097 2338 2171 ἀγαθὸν
2376 2099 2470 2170 μὶν
2503 2095 2637 2170 ἔστι,
2668 2097 2833 2152 κακὸν
2882 2094 2940 2152 δὲ
2988 2093 3264 2171 οὐδαμῶς·
3298 2096 3482 2150 καίτοι
3524 2116 3582 2150 τε
3611 2092 3775 2150 ἰλλεί-

2143 2189 2287 2258 ψεως
2321 2186 2550 2260 μετέχον
2587 2187 2659 2248 ὡς
2693 2187 2830 2262 πρὸς
2879 2186 2940 2240 τὸ
2983 2189 3201 2259 πρῶτον
3235 2184 3461 2261 ἀγαθόν.
3505 2183 3583 2240 Τὸ
3614 2180 3667 2237 δὲ
3710 2182 3775 2254 μὴ

2140 2277 2421 2337 παντελῶς
2467 2274 2696 2351 ἄμοιρον
2742 2276 2838 2329 τοῦ
2887 2276 3113 2349 ἀγαθοῦ,
3166 2272 3316 2329 ἀλλά
3362 2273 3502 2328 κατά
3529 2273 3590 2327 τὸ
3626 2270 3778 2327 πλέον

2141 2363 2355 2439 ἐγγίζον
2401 2368 2480 2435 τῷ
2527 2368 2676 2436 κακῷ
2725 2367 2791 2435 ⁸³³,
2821 2362 2881 2417 οὐ
2930 2364 3106 2434 πάντη
3160 2361 3351 2416 κακόν·
3407 2357 3586 2434 ὥσπερ
3615 2361 3779 2415 καὶτὸ

2142 2451 2363 2510 ἔλαττον
2399 2453 2613 2530 ἐγγίζον
2662 2459 2740 2526 τῷ
2784 2455 2990 2529 ἀγαθῷ,
3040 2450 3155 2527 ἔχει
3199 2473 3250 2507 τι
3296 2456 3396 2507 τοῦ
3448 2453 3664 2527 ἀγαθοῦ,
3705 2447 3782 2503 καὶ

2143 2544 2417 2598 οὐσιοῦται
2469 2543 2520 2613 ἐξ
2565 2543 2752 2613 αὐτοῦ,
2782 2543 2874 2598 καὶ
2921 2544 3024 2612 τὴν
3068 2545 3112 2580 ⁹⁴
3162 2542 3359 2597 ἑαυτοῦ
3407 2541 3651 2615 στέρησιν
3693 2537 3781 2592 οὐ·

2142 2639 2252 2688 σιοῖ
2283 2632 2334 2688 έν
2384 2637 2464 2705 τῷ
2513 2630 2660 2694 ὅλως
2716 2631 2984 2706 μάχεσθαι
3016 2634 3060 2668 ⁸³
3084 2630 3144 2685 ἐκ
3187 2635 3285 2686 τοῦ
3336 2631 3557 2704 ἀγαθοῦ·
3607 2627 3653 2683 εἷ
3688 2627 3778 2702 γὰρ

2141 2723 2389 2795 ἀκράτως
2438 2723 2526 2776 καὶ
2579 2719 2863 2783 παντελῶς
2909 2721 3146 2775 ἀπουσία
3198 2719 3281 2789 εἷή
3319 2723 3416 2774 τοῦ
3448 2719 3663 2794 ἀγαθοῦ,
3693 2714 3779 2784 δῆ-

2144 2809 2240 2866 λον
2275 2811 2348 2872 ὡς
2383 2807 2506 2866 οὔτε
2538 2812 2653 2874 καθ’
2702 2809 2836 2865 ὅλου
2885 2809 3105 2885 ἀγαθὸν,
3159 2805 3284 2863 οὔτε
3337 2809 3527 2881 μικτὸν
3579 2805 3774 2881 ἀγαθὸν,

2143 2897 2266 2954 οὔτε
2319 2899 2644 2954 αὐτόκακον·
2692 2896 2817 2962 ἔνθα
2852 2898 2954 2973 γὰρ
3001 2898 3102 2952 οὐκ
3149 2892 3262 2951 ἔστι
3319 2899 3383 2951 τὸ
3430 2895 3649 2970 ἀγαθὸν,
3678 2889 3777 2947 οὐδ’

2142 2988 2253 3044 ἐστί
2298 3010 2349 3042 τι
2401 2988 2451 3042 έν
2499 2992 2568 3061 τῇ
2616 2987 2791 3065 φύσει.
2843 2990 2967 3049 Πῶς
3022 2987 3113 3041 οὖν
3171 2989 3213 3023 ⁰⁶
3245 2981 3402 3041 ἔσται
3432 2984 3495 3040 τὸ
3523 2985 3676 3039 κακὸν
3709 2985 3774 3055 μὴ

2144 3074 2246 3132 ὑπὸ
2271 3099 2418 3139 τινος
2449 3075 2805 3148 οὐσιούμενον
2834 3095 2847 3144 ;
2881 3074 3037 3130 ἄνελε
3071 3077 3175 3150 γὰρ
3226 3074 3293 3129 τὰ
3348 3075 3574 3146 σώματα
3617 3071 3698 3126 καὶ
3725 3070 3776 3123 τὸ

2190 3173 2214 3182 η.
2386 3167 2399 3184 η
2497 3166 2508 3184 ,
2605 3163 2630 3185 ,ι
2910 3165 2920 3186 ν
3060 3165 3073 3184 ν
3153 3169 3180 3178 ..
3323 3164 3337 3186 ,
3430 3164 3450 3180 η
3570 3163 3586 3182 κ
3731 3160 3745 3178 \

2143 3188 2280 3244 φως,
2311 3187 2402 3222 και
2455 3187 2552 3220 ουκ
2604 3187 2749 3220 εσται
2805 3186 2947 3220 σκια.
3007 3171 3214 3220 Ουκουν
3275 3185 3383 3219 ουκ
3430 3185 3486 3219 ον
3535 3184 3594 3217 το
3634 3178 3775 3215 κακον

2145 3256 2355 3324 ἁπλῶς,
2408 3253 2535 3310 ἀλλ’
2581 3256 2655 3317 ὡς
2709 3255 2760 3310 έν
2815 3251 3184 3327 ὕποκειμένῳ·
3239 3252 3301 3308 τθ
3359 3251 3416 3308 δὲ
3463 3251 3656 3327 ἀγαθὸν
3700 3247 3774 3302 καὶ

2143 3344 2276 3421 δίχα
2321 3349 2418 3400 τοῦ
2469 3342 2832 3417 ὑποκειμένου
2887 3344 2980 3398 καὶ
3038 3343 3194 3420 φύσιν
3243 3340 3368 3418 ἴγει
3416 3342 3505 3397 καὶ
3551 3338 3776 3408 σώζεται,

2141 3434 2230 3491 καῖ
2278 3434 2408 3490 αὐτὸ
2455 3435 2575 3499 καθ’
2627 3433 2786 3488 ἑαυτὸ
2833 3431 3050 3508 ἀγαθόν·
3101 3433 3164 3488 τὸ
3210 3429 3269 3487 δὲ
3320 3432 3483 3489 κακὸν
3534 3427 3653 3504 δίχα
3696 3427 3778 3480 τοῦ

2143 3525 2505 3598 ὑποκειμένου
2581 3527 2678 3578 τοῦ
2756 3522 2860 3576 ὐπὸ
2935 3525 3031 3577 τοῦ
3085 3523 3288 3598 ἀγαθοῦ
3349 3517 3774 3590 φυλαττομένου·

2141 3615 2311 3669 πάντα
2367 3615 2471 3688 γὰρ
2523 3612 2574 3683 ἐξ
2623 3609 2787 3666 αὐτοῦ
2837 3609 2964 3666 οὔτε
3015 3610 3182 3681 ἆστὶν,
3215 3607 3342 3666 οὔτε
3386 3609 3639 3688 φαίνεται,
3668 3599 3776 3658 οὔτε

2145 3703 2435 3778 φθείρεται·
2494 3705 2610 3762 πῶς
2667 3702 2794 3776 γὰρ,
2860 3701 2935 3773 μὴ
2988 3696 3146 3762 ὄντος
3192 3697 3555 3772 ὑποκειμένου
3602 3691 3773 3757 τινός;

2146 3789 2292 3846 ἀλλᾶ
2347 3785 2630 3854 παντελῶς
2681 3788 3059 3865 ἀνύπαρκτον,
3115 3788 3206 3844 καὶ
3267 3789 3484 3864 οὐδαμῆ
3541 3781 3772 3854 οὐδαμῶς

2147 3875 2204 3934 ὅν
2215 3923 2227 3937 .

2217 4060 2318 4115 Καὶ
2369 4061 2567 4118 οὐσιοῖ.
2612 4057 2895 4113 Τουτέστιν
2945 4058 3128 4113 οὖσιοῖ
3174 4059 3236 4113 τὸ
3284 4057 3472 4114 κακόν·
3505 4055 3550 4110 εἰ
3589 4047 3774 4128 γὰρτὸ

2148 4150 2311 4204 κακὸν
2358 4148 2611 4223 στέρησίς
2665 4146 2776 4202 ἐστι
2819 4151 2916 4203 τοῦ
2957 4146 3184 4222 ἀγαθοῦ,
3231 4148 3296 4202 τὸ
3355 4144 3412 4202 δὲ
3458 4142 3646 4221 ἀγαθὸν
3697 4133 3773 4190 οὗ·

2149 4245 2260 4294 σιοῖ
2287 4241 2385 4308 τὴν
2441 4239 2633 4292 ἑαυτοῦ
2666 4236 2931 4313 στέρησιν,
2963 4237 3142 4292 οὖσιοῖ
3189 4235 3293 4314 ἄρα
3332 4237 3396 4292 τὸ
3438 4232 3620 4298 κακὸν,
3661 4227 3774 4299 ὅπερ

2150 4327 2398 4404 στέρησίς
2433 4326 2543 4383 ἐστι
2576 4331 2671 4382 τοῦ
2703 4327 2931 4403 ἀγαθοῦ.

2220 4420 2306 4490 Τῇ
2339 4415 2486 4478 ὅλως
2517 4415 2679 4471 αὐτοῦ
2733 4416 2956 4490 μεθέξει.
2990 4417 3114 4473 ’Ότι
3145 4418 3213 4490 τῇ
3246 4416 3444 4490 μερικῇ
3474 4414 3567 4468 τοῦ
3593 4404 3775 4483 ἀγαθοῦ

2153 4506 2384 4582 μεθέξει,
2417 4506 2506 4561 καὶ
2534 4508 2567 4576 ἡ
2601 4505 2852 4580 στέρησις
2883 4503 3046 4561 αὐτοῦ
3078 4505 3355 4563 οὖσίωται.

2221 4684 2408 4741 ’Πνίκα
2462 4690 2580 4748 τοῖς
2632 4686 2726 4758 μὲν
2776 4683 2887 4739 ἔστι
2935 4683 3119 4740 κακόν.
3165 4687 3343 4738 Ταῦτα
3395 4677 3510 4750 εἷ’δη
3554 4672 3648 4730 εἶσὶ
3690 4669 3772 4724 τοῦ

2151 4780 2341 4843 κακοῦ,
2374 4775 2447 4836 ὡς
2498 4773 2860 4848 προείπομεν·
2893 4772 2955 4828 οὗ
3000 4772 3100 4848 γὰρ
3149 4773 3212 4827 τὸ
3263 4767 3522 4829 οὐσιῶδες
3568 4758 3772 4856 adnexa:-

2150 4884 2268 4934 κον,
2300 4863 2328 4917 ὃ
2365 4861 2504 4937 μηδέ
2533 4861 2668 4919 ἐστι.
2702 4863 2782 4920 Τὸ
2811 4863 2914 4937 γὰρ
2945 4858 3068 4917 τόδε
3119 4861 3250 4916 εἶναι
3280 4859 3464 4928 κακὸν,
3504 4851 3696 4924 ἡδονῆς
3723 4839 3772 4896 δὲ

2151 4953 2384 5028 αἰσχρᾶς
2413 4953 2487 5015 ὠς
2519 4952 2720 5028 ἀγαθοῦ
2766 4973 2912 5013 τινος
2945 4951 3288 5027 ἀντέχεσθαι,
3335 4948 3433 5004 οὐκ
3478 4940 3768 5037 αὐτόκακεν,

2153 5043 2278 5099 ἀλλ’
2337 5040 2476 5104 εἶδος
2533 5047 2721 5097 κακοῦ·
2753 5042 2815 5096 τὸ
2867 5041 2967 5118 γάρ
3028 5041 3208 5113 πάντη
3267 5040 3430 5096 κακὸν
3484 5031 3609 5089 αὐτὸ
3663 5021 3771 5080 οὔτε

2150 5132 2316 5201 ἐστὶν,
2365 5129 2555 5201 ἐπειδή
2614 5129 2855 5206 μετέχει,
2907 5129 3002 5186 κᾶν
3053 5133 3169 5186 κατ’
3219 5126 3450 5205 ἔσχατον
3497 5121 3769 5216 ἀπήχημξι,

2149 5225 2245 5277 τοῦ
2305 5219 2528 5300 ἀγαθοῦ·
2588 5219 2688 5294 ὅρα
2743 5205 2867 5298 γὰρ,
2923 5222 2976 5276 τί
3035 5241 3168 5299 φησι
3203 5214 3574 5311 *παρακατιώνζ
3605 5205 3647 5262 εἶ

2151 5313 2325 5368 πάντα
2379 5312 2597 5387 μετέχει
2644 5315 2739 5366 τοῦ
2790 5311 3015 5386 ἀγαθοῦ,
3058 5311 3148 5365 καὶ
3198 5308 3250 5365 ἐν
3300 5311 3431 5363 πᾶσι
3486 5302 3597 5393 τοῖς
3643 5284 3768 5393 οὖσίχ

2153 5403 2264 5459 ἐστι
2295 5401 2356 5457 τὸ
2409 5401 2630 5479 ἀγαθὸν,
2661 5401 2723 5456 τὸ
2771 5402 2958 5471 κακὸν,
3006 5397 3330 5477 προδήλως,
3361 5393 3395 5464 ἢ
3427 5392 3524 5448 οὐκ
3559 5381 3706 5451 ἔστιν»
3734 5375 3762 5441 ἦ

1397 5564 1642 5623 VARle
1682 5565 2082 5624 LECTIONES
2118 5565 2212 5624 ET
2252 5563 2794 5624 CORREGTIONES

460 5690 506 5724 θ’
535 5686 772 5763 λέγεται.
850 5690 897 5724 ⁹³
925 5686 1100 5761 καλῷ.
1178 5692 1222 5726 ⁹⁴
1248 5689 1404 5746 κατά.
1483 5692 1526 5727 ⁸⁵
1560 5689 1900 5765 μετέχεσθαι.

1977 5693 2021 5728 9°
2051 5693 2157 5746 ποῦ
2188 5689 2303 5746 οῦν.
