4034 6390
246 381 364 434 285

1028 389 1083 440 8.
1127 387 1402 441 ΜΑΧΙΜΙ
1440 387 1744 441 SCHOLIA
1784 387 1855 438 IN
1895 385 2029 438 LIB.
2073 387 2166 438 DE
2204 386 2472 438 DIVINIS
2515 383 2930 438 NOMINIBUS.

3575 375 3680 428 286

239 502 301 556 ἐν
336 509 426 576 τῷ
457 505 642 580 ἀγαθῷ
675 505 838 561 ἐστιν’
875 505 1003 562 οὐδὲ
1032 506 1132 583 γὰρ
1185 507 1341 582 φύσις
1381 509 1550 583 πυρὸς
1599 506 1662 562 τὸ
1694 505 1890 580 ψύχειν

2032 525 2158 580 quae
2190 508 2484 564 exsistunt
2514 507 2735 562 bonum
2767 504 2863 572 sit,
2888 502 3266 559 manifestum
3298 503 3403 570 est,
3430 501 3532 555 aut
3565 513 3678 552 ma-

241 593 293 646 εἰ
331 591 392 647 δὲ
445 592 661 669 ἄρξεται
712 596 932 670 ψύχειν,
966 597 1066 651 οὐκ
1115 593 1260 652 ἔσται
1311 602 1438 670 πῦρ.
1485 597 1686 651 Οὐκοῦν
1733 597 1821 650 καὶ
1853 595 1914 648 τὸ

237 684 445 750 κακὸν,
496 683 584 738 ἐὰν
641 687 734 757 μὶν
783 685 993 760 ὕπεστι,
1053 689 1272 761 μετέχει
1324 687 1583 761 ἀμυδρῶς
1628 690 1729 740 τοῦ
1776 686 1912 759 ἀγα-

241 777 371 836 θοῖν
409 772 585 828 πάντα
613 776 714 850 γὰρ
763 776 828 830 τὰ
880 772 1008 830 ὄντα
1044 775 1094 830 ἐν
1128 781 1206 848 τῷ
1235 776 1422 852 ἀγαθῷ
1453 775 1552 830 εἶσι
1600 777 1687 830 καὶ
1726 777 1913 848 μένου-

240 880 358 916 σιν·
397 863 445 917 si
481 861 540 918 δὲ
570 861 724 918 οὐδὲν
775 861 890 939 ἔχει
942 866 1168 941 ἀγαθοῦ,
1201 863 1324 921 οὕτε
1371 865 1605 921 ὕπεστιν·
1639 867 1772 921 αὐτὸ
1810 865 1911 941 γὰρ

235 952 310 1006 τὸ
341 952 526 1015 θέλειν
557 953 768 1008 ὑπεῖναι
824 956 1033 1030 ἀγαθῆς
1078 954 1186 1010 ἐστι
1243 955 1624 1030 μεταλήψεως,
1656 955 1728 1017 ὡς
1779 955 1914 1009 ἀνω-

234 1039 397 1114 τέρω
433 1039 704 1105 πολλάκις
736 1042 971 1119 εἴρηται.

321 1313 349 1378 §
398 1311 541 1366 XXI.
609 1312 849 1368 ’Ἄτοπον
908 1313 996 1365 καὶ
1054 1309 1338 1367 ἀδύνατον.
1401 1310 1765 1384 Σημείωσαι,
1828 1314 1908 1366 ὅτι

227 1399 335 1452 καὶ
369 1396 462 1452 ἐπὶ
493 1403 591 1452 τοῦ
645 1404 778 1453 Θεοῦ
821 1397 1008 1461 καλῶς
1051 1398 1260 1475 λέγεται
1311 1397 1364 1455 ἕν
1421 1422 1531 1455 τισι
1589 1403 1649 1455 τὸ
1700 1402 1762 1455 οὐ
1813 1399 1910 1455 δύο

228 1506 432 1558 νεεται,
482 1487 560 1549 ὡς
617 1487 708 1541 καὶ
749 1489 777 1542 ὁ
820 1487 1157 1553 Ἀπόστολός
1207 1510 1389 1559 φησιν.
1440 1489 1504 1545 Εἰ
1553 1490 1908 1562 ἀπιστοῦμεν,

230 1573 461 1636 ἐκεῖνος
521 1576 711 1638 πιστὸς
768 1578 964 1650 μένει,
1026 1578 1112 1632 καὶ
1198 1578 1527 1652 ἀρνήσασθαι
1602 1579 1786 1632 ἑαυτὸν
1847 1579 1908 1633 οὐ

230 1661 492 1721 δύναται.

315 1759 474 1808 Πᾶσα
523 1755 625 1830 γὰρ
676 1751 822 1816 δυάς.
877 1758 995 1810 ’Ότι
1045 1761 1188 1810 πᾶσα
1240 1753 1370 1818 δυὰς
1426 1755 1525 1811 οὐκ
1578 1756 1749 1832 ἀρχήο
1806 1778 1910 1830 μο-

2024 596 2145 651 lum
2179 615 2291 653 non
2325 615 2450 652 esse
2474 599 2573 652 aut
2606 596 2662 649 in
2697 596 2846 649 bono
2872 609 3026 659 esse;
3063 607 3244 661 neque
3266 589 3422 645 enim
3459 592 3674 642 natura:

2025 687 2174 754 ignis
2206 689 2507 759 proprium
2535 684 2909 756 refrigerare;
2944 682 3084 753 quin
3110 681 3158 735 si
3181 676 3482 750 incoeperit
3516 676 3676 732 refri-

2023 793 2245 848 gerere,
2282 793 2396 832 non
2445 776 2557 832 erit
2588 774 2779 847 ignis:
2815 789 2951 844 ergo
2979 775 3035 826 et
3068 769 3312 828 malum.
3335 769 3381 823 si
3434 766 3670 838 quidem

2023 866 2330 933 subsistat,
2366 865 2674 937 participat
2719 864 2967 919 obscure
2999 861 3251 925 bonum;
3287 857 3485 912 omnia
3513 855 3669 910 enim

2022 957 2180 1011 entia
2220 957 2278 1011 in
2320 959 2471 1011 bono
2517 961 2659 1010 sunt
2689 963 2742 1009 et
2773 954 3042 1018 manent;
3079 949 3128 1006 si
3157 965 3292 1005 vero
3341 947 3488 1002 nihil
3537 945 3673 1000 boni

2021 1045 2220 1114 habet,
2255 1062 2444 1116 neque
2476 1045 2650 1101 etiam
2699 1042 2993 1105 subsistit,
3028 1041 3223 1112 ipsum
3275 1039 3432 1092 enim
3483 1036 3673 1090 subsi-

2021 1134 2218 1190 stendi
2276 1133 2668 1201 desiderium,
2730 1134 2894 1187 bonae
2951 1134 3040 1185 est
3097 1124 3675 1193 communicationis,

2020 1225 2174 1278 sicut
2204 1239 2357 1294 saepe
2389 1223 2662 1293 superius
2694 1221 2916 1276 dictum
2950 1224 3055 1274 est.
3712 1279 3713 1282 η

2092 1314 2119 1379 §
2148 1312 2288 1367 XXI.
2321 1311 2635 1367 Absurdum
2665 1328 2729 1365 ae
2769 1308 3130 1380 impossibile.
3165 1305 3331 1370 Nota,
3366 1304 3424 1358 in
3459 1302 3672 1373 aliqui-

2019 1402 2132 1456 bus
2164 1409 2312 1457 recte
2355 1402 2529 1456 etiam
2582 1402 2652 1456 de
2701 1400 2815 1454 Deo
2865 1397 3001 1463 dici,
3032 1413 3140 1452 non
3187 1397 3384 1467 potest,
3416 1392 3569 1448 sicut
3618 1396 3676 1447 et

2018 1491 2333 1560 Apostolus
2366 1491 2447 1544 ait
2483 1509 2494 1546 :
2529 1490 2592 1544 Si
2632 1505 2745 1543 non
2785 1489 3084 1552 credimus,
3118 1485 3211 1540 ille
3240 1482 3417 1554 ﬁdelis
3464 1488 3672 1549 manet,

2018 1588 2068 1634 et
2099 1595 2300 1650 negare
2330 1580 2575 1648 seipsum
2603 1594 2710 1634 non
2737 1581 2907 1648 potest
2929 1575 3026 1647 (lc).

2092 1760 2282 1814 Omnis
2338 1761 2488 1813 enim
2538 1758 2800 1812 dualila-s.
2849 1753 3083 1810 Nullam
3139 1752 3483 1807 dualitatem
3540 1766 3669 1804 esse

223 1843 334 1904 νᾶς
361 1841 424 1897 δὲ
473 1842 654 1914 πάσης
708 1841 903 1907 δυάδος
956 1846 1126 1920 ἀρχή.
1178 1846 1496 1918 Σημείωσαι
1549 1847 1685 1900 κατὰ
1733 1848 1891 1903 Μανι-

330 1931 342 1950 ρ

2019 1848 2410 1919 principium;
2443 1847 2732 1901 unitatem
2763 1861 2898 1900 vero
2944 1860 3073 1899 esse
3121 1841 3314 1898 omnis
3365 1838 3666 1895 dualitatis

227 1931 450 2007 χαίων.

309 2019 614 2083 Παντελῶς
665 2021 917 2079 ἐναντία.
981 2023 1297 2096 Σημείωσαι
1350 2027 1535 2078 ταῦτα·
1609 2022 1748 2078 πάνυ
1800 2024 1903 2099 γὰρ

225 2111 374 2166 κατά
407 2112 745 2186 Μανιχαίων
779 2112 1112 2187 ἀγωνίζεται,
1157 2118 1267 2168 τῶν
1325 2110 1492 2167 δυάδα
1538 2114 1718 2188 ἀρχὴν
1756 2113 1903 2168 ἐναν-

223 2200 367 2256 τίων
403 2197 846 2276 δογματιζόντων
898 2203 1167 2272 ἀνοήτως
1199 2205 1233 2272 ἡ
1271 2202 1365 2275 μὲν
1414 2204 1516 2279 γὰρ
1568 2203 1901 2278 ἀριθμητική

224 2293 293 2345 τὸ
349 2289 401 2344 ὲν
454 2290 716 2366 ἀριθμοῖς
786 2287 1042 2365 διαίρεσιν
1095 2290 1224 2366 ἔχον
1296 2291 1540 2362 πλήθους
1600 2295 1673 2355 εἰς
1735 2293 1902 2368 πέρας

229 2379 452 2452 ἀνάγει,
499 2379 602 2447 τὴν
651 2379 745 2452 μὲν
799 2378 1008 2453 μονάδα
1047 2385 1144 2435 τοῦ
1192 2381 1390 2443 παντὸς
1443 2383 1675 2457 ἀριθμοῦ
1723 2382 1902 2456 ἀρχὴν

227 2468 524 2541 τιθεμένη,
555 2468 655 2537 τὴν
689 2467 746 2523 δὲ
793 2466 960 2524 δυάδα
999 2474 1108 2525 τῶν
1154 2469 1376 2546 ἀρτίων.
1412 2472 1475 2527 Ἡ
1522 2472 1698 2527 τοίνυν
1753 2473 1898 2547 ἀρχὴ

227 2558 293 2612 τὸ
345 2557 732 2613 ἁπλούστατον
782 2558 832 2613 ἐν
887 2559 1092 2632 ἑκάστῳ
1133 2561 1271 2635 γένει
1327 2558 1513 2631 δηλοῖ.
1561 2567 1685 2626 Πῶς
1732 2560 1821 2615 οῦν
1865 2563 1899 2630 ἡ

234 2644 366 2710 δυὰς
397 2647 552 2723 ἀρχὴ
595 2647 812 2702 πάντων
869 2646 1015 2703 ἔσται
1053 2670 1066 2720 ;
1099 2649 1160 2704 οὐ
1211 2652 1313 2725 γάρ
1360 2649 1499 2705 ἐστιν
1553 2649 1704 2720 ἁπλῆ
1751 2651 1898 2726 ἀρχή

230 2739 265 2806 ἡ
302 2734 459 2806 δυὰς,
491 2736 641 2793 ἀλλά
673 2736 946 2802 σύνθετος.
981 2737 1191 2796 Οὐκοῦν
1238 2738 1344 2815 οὐχ
1392 2738 1597 2795 ἁπλοῦν
1627 2742 1662 2809 ἡ
1694 2739 1754 2794 ἐκ
1778 2761 1901 2793 συν-

232 2827 436 2887 θέσεως
491 2826 666 2902 ἀρχή·
719 2827 806 2880 καὶ
858 2833 975 2890 πῶς
1031 2826 1091 2882 ἂν
1137 2825 1370 2899 κληθείη
1416 2828 1563 2904 ἀρχή
1599 2855 1614 2898 ;
1645 2830 1750 2904 πρὸ
1797 2829 1897 2905 γὰρ

229 2922 329 2984 τῆς
391 2913 654 2979 συνθέτου
701 2915 905 2986 ταύτης
952 2916 1134 2992 ἀρχῆς
1181 2916 1325 2972 ἔσται
1377 2920 1410 2987 ἡ
1470 2918 1674 2992 κυρίως
1725 2917 1897 2993 ἀρχή’

228 3006 292 3058 τὸ
340 3004 423 3072 ἓν,
475 3005 570 3079 ἀφ’
613 3004 676 3058 οῦ
731 3003 982 3077 μονάδων
1038 3010 1411 3076 συντεθεισῶν,
1463 3004 1589 3069 δυὰς
1639 3005 1894 3062 ἀπετελέ-

230 3097 353 3164 σθη.
390 3094 577 3164 Δῆλον
617 3093 708 3148 οὖν
763 3095 1162 3171 ἁπανταχόθεν,
1196 3097 1270 3160 ὡς
1321 3096 1612 3152 ἀσύστατον
1656 3102 1763 3152 τῶν
1800 3095 1895 3152 δύο

236 3185 296 3257 ἀρ
307 3189 427 3258 χῶν
463 3185 526 3238 τὸ
561 3181 757 3257 δόγμα.

2017 1937 2396 2010 principium.
2427 1936 2573 1991 Nota
2602 1936 2882 1990 adversus
2915 1932 3286 1988 Manichaeos.

2085 2028 2318 2082 Prorsus
2373 2026 2678 2080 contraria.
2730 2023 2860 2078 Haec
2909 2023 3164 2088 adverte,
3216 2035 3459 2091 prorsus
3507 2017 3662 2071 enim

2016 2116 2297 2171 adversus
2347 2115 2692 2170 Manichacus
2723 2114 3000 2178 decertat,
3034 2111 3133 2182 qui
3183 2108 3530 2180 insipienter
3560 2107 3665 2160 do-

2015 2206 2199 2261 cendo
2227 2206 2549 2261 decernunt
2571 2206 2686 2260 duo
2707 2219 2835 2259 esse
2865 2199 3153 2274 principia
3173 2197 3494 2264 contraria;
3529 2212 3663 2250 nam

2015 2312 2110 2350 ars
2144 2295 2492 2350 numerandi
2528 2292 2670 2347 illud
2704 2293 2860 2363 quod
2913 2290 2971 2344 in
3021 2287 3286 2345 numeris
3315 2285 3661 2341 divisionem

2014 2383 2414 2439 multitudinis
2447 2383 2642 2448 habet,
2677 2382 2748 2436 ad
2782 2381 2959 2435 ﬁnem
2994 2380 3187 2445 refert,
3215 2376 3501 2432 unitatem
3534 2375 3661 2445 qui-

2013 2475 2144 2530 dem
2179 2474 2534 2545 principium
2568 2472 2762 2528 omnis
2814 2469 3044 2525 numeri
3094 2466 3278 2539 ponit,
3311 2463 3655 2520 dualitatem

2011 2581 2144 2618 vero
2178 2578 2557 2618 numerorum
2592 2561 2744 2618 152
2780 2559 3030 2632 parium.
3064 2557 3264 2627 Itaque
3299 2551 3658 2626 principium

2012 2654 2069 2708 in
2107 2668 2460 2724 unoquoque
2507 2667 2715 2723 genere
2746 2650 2802 2703 iul
2838 2648 2993 2720 quod
3026 2643 3535 2717 simplicissimum
3569 2645 3659 2694 est

2011 2741 2286 2798 declarat.
2319 2740 2619 2806 Quomodo
2649 2738 2830 2811 igitur
2855 2735 3110 2792 dualitas
3142 2733 3407 2790 omnium
3441 2729 3658 2802 princi-

2011 2832 2174 2903 pium
2208 2829 2360 2885 erit?
2393 2829 2646 2884 dualitas
2677 2827 2834 2882 enim
2881 2843 2996 2880 non
3040 2828 3130 2880 est
3160 2821 3411 2894 simplex
3441 2819 3658 2891 princi-

2011 2921 2315 2993 pium,sed
2340 2919 2770 2990 compositum:
2798 2915 2961 2987 atqui
2988 2933 3104 2970 non
3133 2912 3386 2983 estquid
3408 2909 3660 2978 simplex

2007 3012 2363 3082 principium
2388 3010 2540 3080 quod
2568 3005 2987 3077 compositione
3017 3007 3339 3068 constat,et
3361 2999 3654 3073 quomodo

2005 3107 2310 3156 vocaretur
2344 3096 2739 3170 principium?
2769 3112 2904 3151 nam
2937 3099 3070 3150 ante
3121 3089 3514 3162 compositum
3548 3089 3655 3144 hoc

2007 3189 2384 3260 principium,
2409 3187 2554 3242 illud
2580 3187 2734 3258 quod
2760 3186 2989 3256 proprie
3009 3188 3098 3238 est
3124 3180 3501 3253 principium,
3525 3177 3658 3244 erit,

229 3291 442 3344 nempe
491 3291 698 3344 unum,
733 3275 968 3342 deinde,
1001 3276 1328 3332 unitatibus
1383 3277 1746 3350 compositis,
1775 3278 2033 3335 dualitas
2081 3279 2400 3350 perficitur.
2435 3277 2636 3347 Itaque
2686 3275 2926 3330 omnino
2977 3272 3358 3328 manifestum
3407 3273 3497 3324 est
3543 3284 3657 3323 non

229 3365 560 3419 consistere
590 3364 808 3434 dogma
837 3365 908 3418 de
938 3365 1170 3420 duobus
1202 3367 1529 3437 principiis.

295 3450 402 3507 Καὶ
442 3451 553 3522 μὴν
611 3447 736 3504 οὔτε
787 3448 906 3508 δύο.
950 3452 1075 3508 ’Ὁτι
1125 3451 1187 3506 οὐ
1237 3449 1460 3508 δυνατὸν
1515 3451 1610 3507 δύο
1655 3451 1891 3515 ἐναντίας

2076 3457 2262 3526 Neque
2291 3470 2415 3510 vero
2453 3455 2584 3509 duo.
2617 3449 2987 3523 Impossibile
3039 3465 3168 3506 esse
3215 3449 3331 3503 duo
3363 3446 3658 3502 contraria

227 3539 401 3616 ἀρχὰς
437 3539 696 3594 ἐναντίων
725 3542 883 3597 εἶναι.

295 3625 429 3685 Οὐδ’
463 3626 619 3690 ἐκτὸς
656 3625 995 3704 δυσχερείας.
1031 3629 1145 3686 Οὐκ
1175 3625 1448 3700 ἀϐλαϐής.

301 3719 388 3771 Διὸ
446 3716 539 3771 καὶ
615 3715 750 3792 φίλα
814 3718 881 3772 τά
958 3718 1160 3795 ἀγαθά.
1223 3717 1446 3789 Ἐπειδὴ
1521 3722 1618 3773 τοῦ
1695 3719 1892 3793 ἀγαθοὸ

235 3806 394 3861 πάντα
455 3807 702 3881 μετέχει,
761 3807 851 3861 καὶ
912 3808 1061 3879 αὐτῷ
1117 3811 1197 3879 τῷ
1255 3811 1387 3861 εἶναι
1439 3807 1514 3869 εἰς
1568 3808 1631 3862 τὸ
1688 3808 1888 3883 ἀγαθὸν

237 3893 528 3969 ἀνᾶγονται,
560 3895 624 3949 τὸ
675 3895 874 3970 ἀγαθὸν
926 3895 1015 3950 καὶ
1062 3898 1126 3951 τὸ
1173 3894 1341 3951 καλὸν
1390 3901 1496 3950 τῶν
1542 3895 1758 3952 πάντων
1792 3896 1891 3952 οὐκ

230 3980 283 4036 ἂν
313 3983 396 4055 εἴη
429 3984 494 4038 τὸ
526 3988 746 4059 πρῶτον
797 3981 990 4055 καλρν,
1045 3983 1107 4039 οῦ
1155 3987 1330 4040 πάντα
1380 3986 1697 4061 μετέχοντα,
1747 3984 1890 4041 καλᾶ

222 4074 484 4145 γίνονται,
530 4073 874 4145 ὁμοιωθέντα
922 4095 1040 4136 πως
1100 4078 1169 4148 τῇ
1233 4073 1536 4148 μεταλήψει
1579 4080 1658 4147 τῷ
1709 4073 1886 4148 καλῷ,

222 4160 365 4229 πλὴν
399 4159 607 4235 πολλῷ
655 4160 1006 4236 ἀμυδρότατα
1053 4165 1344 4235 ὁμοιοῦται
1391 4169 1488 4219 τοῦ
1537 4163 1653 4226 ἑνὸς
1685 4163 1888 4239 ἀγαθοῦ

221 4253 309 4307 καὶ
362 4251 567 4321 καλοῦ,
646 4251 887 4328 καθάπερ
969 4251 1268 4326 αὐξομένου
1344 4255 1434 4308 καὶ
1493 4253 1568 4316 εἰς
1621 4255 1722 4323 τὴν
1775 4257 1883 4308 τῶν

221 4338 406 4396 καλῶν
466 4339 624 4419 φύσιν
684 4340 1101 4418 ἐκφαινομένοψ
1164 4340 1304 4413 ὅθεν,
1363 4343 1452 4397 καὶ
1519 4344 1692 4398 πάντα
1744 4340 1888 4396 καλὰ

221 4428 362 4486 λίαν.
393 4435 460 4485 Ἡ
514 4427 572 4484 δὲ
616 4434 725 4486 τῶν
778 4428 964 4485 καλῶν
1000 4429 1158 4508 φύσις
1188 4475 1201 4501 ,
1252 4435 1520 4506 προϊοῦσα
1560 4431 1697 4486 κατά
1738 4430 1884 4495 πλῆ-

223 4530 334 4589 θος,
367 4515 481 4588 ἤδη
535 4539 652 4580 πως
708 4519 799 4572 καὶ
855 4517 930 4580 εἷς
979 4517 1047 4572 τὰ
1077 4515 1322 4587 σύνθετα,
1355 4517 1387 4572 ἃ
1418 4518 1484 4588 δὴ
1518 4519 1608 4574 καὶ
1649 4519 1885 4592 μάλιστα

221 4607 360 4662 καλά
409 4607 632 4671 εἰώθασι
681 4605 866 4662 καλεῖν
900 4608 954 4662 οἱ
1004 4605 1302 4682 ἅνθρωποι,
1336 4605 1716 4663 ἀποδείκνυται
1743 4607 1883 4663 πολ-

224 4694 413 4772 λαχῶς
460 4700 560 4750 τοῦ
608 4700 775 4751 κακοῦ
824 4699 866 4734 9⁷
917 4698 1298 4770 συντιθεμένου
1347 4697 1436 4751 καὶ
1467 4697 1603 4752 κατά
1627 4695 1880 4760 πολλοὺς

222 4787 458 4860 τρόπους
501 4782 824 4859 λεγομένου·
885 4785 948 4840 τὸ
998 4782 1055 4840 δὲ
1104 4783 1156 4838 ἐν
1210 4791 1326 4846 τοῖς
1367 4783 1484 4839 οὖσι
1539 4784 1708 4840 καλὸν
1759 4784 1882 4840 οὔτε

225 4874 374 4929 οὗσία
405 4874 572 4943 ἐστὶν,
625 4871 749 4930 οὔτε
789 4871 970 4950 γένος,
1001 4873 1146 4930 ἀλλὰ
1195 4869 1542 4948 συμϐεϐηκὸς
1580 4875 1882 4948 ὁμοιότητά

222 4985 335 5018 τινα
391 4964 779 5063 κεκτημένονθ,
837 4964 973 5020 κατὰ
1040 4964 1232 5038 μικρὸν
1289 4965 1701 5037 συναπτομένην
1740 4982 1754 4998 ⁶
1816 4966 1878 5020 οὐ

222 5055 318 5129 γὰρ
349 5054 468 5117 καθ’
497 5053 553 5108 ’ὲν
608 5050 766 5115 εἷδοῖ
802 5050 1018 5129 λέγεται
1059 5053 1126 5109 τὰ
1172 5053 1332 5110 καλὰ.
1369 5051 1514 5111 ἀλλᾶ
1543 5052 1874 5130 πολλαχῶςο

221 5142 505 5219 προσέοικε
537 5140 595 5196 δὶ
627 5143 792 5214 μόνον
845 5140 1121 5211 ἀλλήλοις
1149 5144 1223 5204 ὡς
1273 5143 1461 5216 ὅμοια,
1505 5142 1600 5198 κᾶν
1652 5143 1872 5199 πολυει-

221 5228 322 5294 δῶς
354 5232 481 5307 περὶ
509 5233 572 5287 τὸ
602 5231 695 5286 καὶ
728 5230 864 5286 αὐτὰ
889 5229 1032 5286 καλὰ
1060 5234 1196 5287 εἶναι
1227 5232 1364 5288 κατὰ
1408 5233 1475 5287 τὰ
1521 5233 1696 5288 οἰκεῖα
1745 5231 1862 5305 εἷ’δη

286 5441 364 5515 (lc)
399 5441 450 5500 ΙΙ
479 5441 641 5499 Tim.
673 5457 738 5512 ιι,
771 5441 858 5497 13.

1866 4837 1959 4901 QD

2005 3543 2296 3614 principia
2328 3543 2755 3598 contrariorum
2788 3558 2939 3597 esse.

2074 3633 2261 3702 Neque
2289 3648 2491 3687 vacuus
2520 3629 2799 3687 molestia.
2835 3631 2959 3684 Non
2989 3626 3323 3683 incolumis.

2071 3724 2368 3792 Propterea
2396 3721 2539 3793 quod
2568 3721 2738 3775 etiam
2788 3721 2928 3774 bona
2967 3727 3097 3773 sunt
3140 3718 3350 3772 amica.
3384 3714 3654 3780 Quando-

2002 3811 2241 3882 quidem
2282 3817 2493 3865 cuncta
2540 3811 2761 3866 bonum
2819 3808 3191 3880 participant,
3225 3811 3281 3860 et
3325 3807 3455 3876 ipsa
3504 3804 3655 3859 exsi-

2001 3901 2219 3956 stentia
2249 3901 2321 3956 ad
2355 3900 2578 3956 bonum
2622 3899 3019 3964 adducuntur,
3056 3897 3211 3968 quod
3254 3894 3522 3949 omnium
3554 3893 3655 3946 bo-

1998 4005 2138 4043 num
2172 3995 2228 4043 et
2259 3988 2570 4060 pulchrum
2605 3993 2712 4053 est,
2748 3987 3005 4057 primum
3041 3984 3358 4057 pulchrum
3390 3998 3518 4038 esse
3552 3999 3656 4035 ne-

1998 4077 2144 4148 quit,
2178 4094 2292 4149 quo
2342 4077 2617 4132 universa
2666 4076 3044 4149 participant,
3078 4079 3135 4130 et
3184 4073 3434 4146 pulchra
3483 4072 3658 4140 ﬁunt,

1997 4167 2139 4220 dum
2164 4167 2419 4237 quadam
2451 4166 2676 4222 ratione
2702 4165 2948 4236 pulchro
2972 4163 3192 4219 similia
3215 4179 3315 4234 per
3346 4159 3657 4232 participa-

1996 4255 2218 4309 tionem
2271 4255 2629 4325 elﬁciuntur,
2672 4255 2782 4310 etsi
2841 4271 3016 4325 quam
3076 4250 3496 4308 obscurissime
3553 4247 3655 4303 uni

1995 4343 2149 4399 bono
2181 4349 2238 4399 et
2267 4343 2511 4417 pulchro
2555 4347 2838 4415 tanquam
2890 4343 3177 4398 crescenti
3226 4345 3402 4411 atque
3432 4339 3490 4393 in
3525 4337 3653 4408 pul-

1996 4432 2272 4488 chrorum
2325 4438 2534 4488 natura
2585 4431 2892 4503 apparenti
2943 4429 3380 4496 assimilentur;
3413 4428 3568 4482 unde
3598 4430 3655 4480 et

1994 4523 2183 4577 omnia
2229 4522 2473 4593 pulchra
2519 4522 2697 4576 valde.
2735 4520 3120 4576 Pulchrorum
3167 4534 3302 4573 vero
3353 4521 3561 4571 natura
3592 4515 3650 4568 in

1994 4610 2377 4667 multitudine
2409 4626 2742 4683 progressa,
2771 4610 2892 4679 jam
2927 4623 3160 4679 quoque
3209 4607 3268 4660 in
3303 4603 3652 4676 compositis

1993 4716 2120 4771 quae
2153 4701 2409 4755 maxime
2431 4700 2622 4756 solent
2642 4699 2912 4754 homines
2938 4712 3138 4751 vocare
3160 4693 3426 4766 pulchra,
3456 4699 3651 4748 osten—

1992 4790 2172 4857 ditur,
2191 4789 2434 4861 pulchro
2459 4788 2842 4844 multifariam
2865 4786 3188 4858 composito
3213 4801 3279 4839 ac
3304 4783 3648 4838 multimodo

1995 4879 2152 4934 dicto
2189 4897 2201 4934 :
2237 4879 2552 4951 pulchrum
2602 4883 2796 4934 autem
2831 4877 2985 4948 quod
3020 4877 3078 4929 in
3108 4875 3283 4929 rebus
3315 4878 3423 4941 est,
3458 4889 3647 4942 neque

1991 4972 2080 5023 est
2110 4968 2388 5038 essentia,
2415 4985 2603 5038 neque
2628 4983 2834 5039 genus,
2860 4966 2960 5020 sed
2994 4965 3267 5020 accidens
3298 4963 3453 5033 quod
3483 4960 3646 5016 simi-

1986 5055 2298 5111 litudinem
2323 5058 2642 5127 quamdam
2667 5073 2875 5128 parum
2901 5056 3284 5109 cohaerentem
3313 5052 3516 5117 habet;
3542 5067 3648 5105 nec

1985 5146 2140 5202 enim
2165 5163 2280 5201 uno
2314 5148 2486 5201 modo
2516 5147 2796 5200 dicuntur
2827 5144 3070 5216 pulchra
3101 5145 3202 5198 sed
3235 5141 3648 5208 multifariam,

1983 5237 2344 5294 conveniunt
2373 5239 2571 5296 autem
2604 5240 2840 5295 tantum
2886 5235 3038 5294 inter
3071 5250 3135 5291 se
3166 5237 3231 5292 ut
3262 5231 3503 5305 similia,
3535 5225 3648 5293 etsi

1251 5585 1502 5647 VARM‘J
1532 5586 1920 5650 LECTlONES
1948 5588 2039 5647 ET
2068 5589 2625 5650 GORREGTIONES.

285 5710 325 5748 '7
355 5701 557 5766 καλοῦ.
