4034 6398
320 406 426 461 287

1134 411 1502 465 APPENDIX
1544 414 1641 464 AD
1682 412 1925 465 OPERA
1962 413 2020 464 S.
2062 411 2376 465 DIONYSII
2416 411 2916 466 AREOPAGITE.

3635 409 3746 464 288

321 533 476 590 varie
505 534 565 589 in
597 551 662 591 eo
715 536 871 605 quod
905 540 965 590 et
993 536 1122 607 ipsa
1165 537 1414 609 pulchra
1445 538 1564 592 sint
1611 537 1668 592 in
1720 535 1975 609 propriis

2108 530 2304 605 ἕκαστα,
2337 533 2426 589 καὶ
2457 534 2595 612 κατὰ
2621 538 2784 590 τοῦτο
2817 534 2909 589 ἅτε
2940 533 3281 608 ὁμοιούμενα
3306 533 3397 589 καὶ
3427 537 3750 612 προσήγορα

322 624 629 695 speciebus
661 623 921 696 singula,
944 628 1002 680 et
1030 626 1089 680 in
1124 625 1234 682 hoc
1258 627 1413 698 quod
1444 631 1725 699 tanquam
1758 624 1975 681 similia

324 716 381 767 et
409 713 564 767 inter
593 729 657 769 se
686 711 1024 770 familiaria.

392 802 454 857 Si
494 818 620 858 vero
665 804 725 858 in
769 803 869 859 Deo
915 804 1136 859 bonum.
1170 805 1396 860 Bonum
1446 804 1505 860 in
1554 804 1672 861 Deo
1719 804 1976 860 essentia

322 894 428 945 est.

392 980 576 1052 Neque
603 981 852 1037 omnino.
887 982 1014 1051 Pro,
1049 988 1345 1055 perpetuo.

397 1069 458 1122 In
486 1072 752 1139 tempore.
788 1071 916 1142 Pro,
950 1088 1053 1143 per
1081 1072 1702 1131 communicationem.

397 1157 618 1223 §XXII.
651 1159 795 1226 Quin
830 1177 902 1214 ne
945 1161 1004 1214 in
1055 1163 1269 1232 angelis
1318 1163 1562 1235 quidem.
1598 1168 1676 1219 De
1728 1162 1974 1235 angelis,

324 1261 514 1317 neque
565 1247 622 1303 in
675 1248 820 1320 ipsis
853 1248 1079 1306 malum
1107 1267 1259 1323 esse,
1291 1258 1349 1308 et
1380 1270 1484 1308 cur
1530 1251 1721 1325 angeli
1770 1253 1974 1308 dican—

320 1338 440 1391 tur.

396 1424 667 1480 Divinam
698 1427 1017 1484 bonitatem.
1054 1429 1262 1486 Divina
1295 1430 1437 1487 dicit
1460 1448 1588 1502 quae
1619 1436 1759 1487 sunt
1786 1430 1845 1486 in
1877 1448 1974 1487 an-

323 1515 590 1587 gelorum
629 1532 827 1573 eorum
861 1520 1016 1575 I58
1048 1520 1147 1591 qui
1192 1519 1506 1576 deitormes
1554 1521 1970 1593 perdurarunt,

322 1608 552 1660 natura.
586 1604 855 1662 Diximus
903 1624 1076 1679 porro
1126 1613 1422 1681 superius,
1462 1626 1567 1665 cur
1613 1609 1973 1665 boniformes

319 1698 378 1749 et
410 1710 523 1749 non
556 1710 660 1766 per
710 1712 772 1751 se
824 1696 1009 1752 bonos
1054 1697 1295 1769 angelos
1342 1699 1525 1764 dicat;
1580 1703 1817 1770 propter
1865 1698 1975 1755 bas

318 1782 499 1854 igitur
528 1799 758 1855 causas,
791 1800 977 1854 neque
1026 1785 1083 1841 in
1134 1786 1360 1859 angelis
1408 1787 1652 1843 malum.
1683 1786 1794 1842 Dat
1839 1803 1972 1844 vero

321 1872 583 1928 nominis
615 1873 902 1930 rationem
934 1892 1052 1946 qua
1081 1876 1274 1948 angeli
1307 1876 1604 1948 appellati.

397 1962 580 2033 Imago
626 1964 729 2018 Dei
757 1971 852 2019 est.
886 1963 1056 2031 Nota,
1090 1964 1330 2036 angelos
1378 1964 1635 2037 appellat
1681 1966 1971 2039 imagines

320 2049 485 2121 boni,
515 2052 761 2108 observa
790 2051 969 2108 etiam
999 2055 1294 2125 quomodo
1322 2054 1432 2111 hoc
1464 2055 1638 2113 dicat.

393 2227 470 2283 At
500 2228 643 2300 quod
686 2231 946 2301 puniant.
980 2230 1176 2287 Veluti
1223 2232 1557 2304 repellendo
1607 2238 1974 2307 praeoccupat

323 2317 733 2375 hereticorum
782 2322 1174 2392 quorumdam
1227 2322 1676 2395 oppositionem,
1719 2324 1819 2395 qui
1867 2341 1972 2380 an-

323 2405 486 2477 gelos
530 2407 707 2478 jussu
772 2409 869 2466 Dei
915 2410 1315 2482 castigatores,
1365 2413 1670 2483 ipsamque
1717 2413 1975 2486 castiga-

324 2496 546 2551 tionem
579 2497 800 2553 malum
835 2502 1089 2570 ponunt;
1127 2516 1374 2570 moxque
1417 2501 1539 2557 haec
1578 2501 1846 2558 dissolvit
1876 2520 1974 2558 sa-

326 2585 695 2656 pientissime
744 2592 801 2644 et
848 2589 1171 2661 ingeniose,
1216 2595 1392 2662 atque
1446 2608 1514 2647 ex
1568 2591 1975 2649 sacerdotibus

327 2674 429 2747 qui
479 2676 761 2732 scelestos
817 2682 874 2733 et
923 2679 1198 2749 profanos
1243 2680 1316 2735 ab
1366 2680 1623 2737 Ecclesia
1671 2684 1874 2737 arcent
1921 2685 1978 2738 et

327 2763 624 2835 expellunt
655 2771 893 2838 propter
935 2768 1211 2838 profanas
1257 2772 1315 2824 et
1360 2769 1640 2825 scelestas
1692 2770 1975 2838 actiones,

326 2852 632 2910 declarans
666 2872 851 2927 neque
882 2856 1015 2912 illos
1043 2856 1145 2928 qui
1175 2856 1451 2914 scelestos
1474 2858 1729 2931 puniunt
1759 2876 1793 2913 a
1824 2858 1978 2915 malo

326 2958 486 3013 esse;
520 2944 706 3000 absit!
743 2945 969 3001 dictum
1002 2953 1093 3002 est
1123 2947 1312 3003 enim:
1342 2949 1462 3005 Non
1489 2948 1640 3005 enim
1668 2948 1793 3004 sine
1811 2965 1981 3004 causa

322 3033 573 3104 gladium
621 3039 829 3107 portat.
872 3036 973 3091 Dei
1018 3037 1168 3092 enim
1216 3037 1478 3094 minister
1532 3043 1610 3094 est
1665 3037 1867 3093 vindex
1919 3039 1981 3094 in

324 3124 469 3178 iram
501 3122 557 3179 ei
586 3125 682 3195 qui
728 3125 939 3181 malum
977 3126 1092 3197 agit
1112 3126 1196 3199 (ι).
1228 3126 1379 3184 Nota
1425 3127 1606 3199 igitur
1656 3126 1980 3184 solutiones

326 3211 562 3279 multas,
598 3212 889 3285 siquidem
934 3215 1287 3287 quaestiones
1326 3216 1597 3271 dissolvit
1627 3214 1972 3289 dicentium,

324 3302 475 3358 Num
507 3319 575 3358 ex
605 3302 722 3360 Deo
755 3303 1062 3361 carniﬁces
1095 3308 1152 3360 et
1181 3304 1478 3378 principes
1501 3305 1529 3360 ‘I

395 3482 506 3551 Qui
554 3485 854 3554 profanum
901 3495 1092 3542 arcent
1141 3503 1176 3541 a
1224 3485 1433 3542 divini:
1481 3487 1784 3560 mysteriis.
1836 3488 1982 3544 Nola

326 3570 606 3641 profanos
635 3588 763 3628 esse
794 3574 1077 3631 arcendos
1108 3591 1142 3629 a
1171 3574 1387 3631 divinis
1426 3576 1721 3649 mysteriis
1752 3593 1856 3649 per
1885 3593 1981 3633 sa-

327 3660 612 3717 cerdoles.

395 3749 579 3820 Neque
621 3750 840 3821 puniri.
891 3751 1095 3808 Puniri
1140 3752 1364 3809 malum
1415 3770 1531 3810 non
1580 3770 1733 3822 esse,
1767 3754 1870 3810 sed
1902 3752 1987 3809 di-

326 3853 510 3910 gnum
560 3840 865 3911 punitione
921 3858 1069 3899 esse.
1116 3841 1287 3916 [Nota
1344 3843 1415 3899 de
1473 3842 1878 3901 sacerdotibus
1926 3840 1990 3898 et

329 3928 701 4001 principibus
730 3931 1115 4002 punientibus
1146 3932 1473 4003 profanos]

404 4106 597 4162 Verum
639 4124 818 4181 neque
846 4108 1134 4167 daemones.
1172 4110 1374 4184 Neque
1421 4111 1719 4166 daemones
1774 4113 1988 4165 natura

332 4194 518 4252 malos
548 4213 698 4253 esse.

402 4288 605 4343 Deinde
633 4306 702 4344 ne
733 4289 788 4345 id
816 4290 1047 4361 quidem
1079 4292 1353 4347 omnibus.
1376 4290 1527 4347 Nota
1548 4288 1983 4361 corruptionem

329 4393 446 4432 non
499 4377 686 4434 cuivis
735 4383 793 4435 et
842 4396 1075 4452 semper
1103 4397 1230 4437 esse
1262 4380 1510 4448 malum,
1544 4383 1609 4435 ut
1655 4377 1712 4433 in
1764 4377 1902 4434 feris
1931 4382 1989 4433 et

330 4466 669 4538 reptilibus,
703 4473 761 4525 et
791 4469 982 4526 noxiis
1012 4455 1259 4528 herbisf

401 4556 505 4613 Sed
532 4573 712 4629 neque
742 4560 1048 4632 quidquam
1077 4559 1295 4615 interit.
1318 4559 1519 4631 Neque
1539 4557 1762 4629 aliquid
1791 4573 1984 4613 rerum

333 4648 655 4719 corrumpi,
689 4652 984 4720 quatenus
1016 4653 1105 4705 est
1132 4650 1411 4706 essentia.

346 4804 349 4805 ν
403 4735 507 4791 Sed
544 4736 781 4805 defectu.
815 4737 1074 4793 Observa
1105 4739 1262 4809 quod
1314 4735 1753 4808 corruptionem
1801 4740 1985 4804 vocet,

333 4829 388 4880 et
435 4825 704 4882 vitiosam
754 4843 822 4881 ac
870 4825 1135 4897 ineptam
1189 4830 1400 4897 praeter
1447 4826 1713 4881 ordinem
1762 4830 1986 4880 naturae

336 4915 650 4971 motionem
685 4931 700 4972 :
733 4914 844 4970 hoc
876 4918 1075 4970 autem
1109 4914 1287 4970 etiam
1320 4914 1503 4971 habes
1533 4915 1688 4987 apud
1724 4914 1987 4970 Ezechie-

335 5002 446 5057 lem
479 5005 550 5058 de
580 5003 815 5060 diabolo
848 5002 1144 5058 dicentem
1170 5020 1185 5058 :
1212 5002 1397 5059 Periit
1426 5003 1706 5069 sapientia
1737 5007 1833 5059 tua
1862 5019 1990 5059 cum

331 5091 521 5147 decore
571 5096 661 5149 tuo
690 5093 810 5164 (ιη).
844 5091 935 5147 Ait
980 5107 1115 5148 vero
1163 5094 1518 5150 sententiam
1570 5092 1882 5166 gentilium
1933 5097 1991 5149 et

401 5246 467 5321 (ι)
504 5247 672 5304 Rom.
703 5263 828 5315 xm,
860 5246 915 5302 4.
994 5245 1093 5318 (m)
1124 5246 1264 5320 Cap.
1296 5264 1499 5321 xxvm,
1528 5265 1583 5307 v.
1620 5248 1706 5306 17.

2083 619 2212 678 ὄντα
2242 609 2542 695 ἀλλήλοις.

2154 801 2216 857 Εἰ
2275 799 2333 857 δὲ
2383 801 2434 857 ἐν
2489 806 2606 875 Θεῷ
2644 801 2911 874 τάγαθόν.
2964 803 3090 859 "Ott
3142 803 3204 857 τὸ
3260 802 3462 877 ἀγαθὸν
3517 800 3571 859 ἐν
3629 807 3749 876 Θεῷ

2084 891 2309 968 ὕπαρξίς
2342 891 2481 947 ἰστιν
2518 894 2583 948 ⁸⁸.

2156 977 2296 1036 Οὔτε
2328 979 2539 1042 ἁπλῶς.
2572 980 2716 1037 Ἀντὶ
2748 983 2866 1051 τοῦ,
2901 977 3115 1043 ἀϊδίους.

2155 1069 2308 1127 Κατὰ
2338 1071 2561 1145 χρόνον.
2596 1069 2743 1128 Ἀντί
2772 1075 2892 1143 τοῦ,
2927 1074 3219 1144 μεθεκτῶς.

2154 1160 2385 1229 ξΧΧΙΙ.
2440 1157 2593 1216 Ἀλλ’
2640 1157 2763 1215 οὔτε
2821 1158 2873 1214 ἐν
2928 1156 3213 1235 άγγέλοῐς.
3281 1160 3413 1235 Περὶ
3469 1159 3747 1237 ἀγγέλων,

2082 1246 2167 1303 ὅτι
2202 1244 2329 1303 οὕτε
2360 1248 2412 1303 έν
2447 1249 2633 1312 αὐτοῖς
2684 1249 2746 1303 τὸ
2795 1249 2983 1319 κακὸν,
3014 1250 3102 1304 καὶ
3155 1247 3245 1304 διὰ
3288 1249 3342 1304 τί
3388 1246 3614 1326 ἄγγελοι
3648 1247 3745 1305 λέ-

2081 1358 2293 1414 γονται.

2153 1430 2267 1498 Τὴν
2329 1428 2639 1505 ἇγαθότητα
2695 1430 2795 1497 τήν
2856 1429 3023 1488 θείαν,
3079 1434 3209 1485 Θεῖα
3263 1430 3413 1504 Λέγει
3487 1429 3557 1484 τὰ
3612 1429 3741 1505 περῖ

2082 1516 2293 1594 φύσεως
2338 1516 2584 1593 ἀγγέλων
2643 1522 2752 1573 τῶν
2817 1520 3110 1592 μεινάντων
3170 1516 3444 1583 θεοειδῶν.
3495 1515 3741 1591 Εἴπομεν

2082 1603 2139 1662 δὲ
2165 1605 2444 1682 ἀνωτέρω,
2477 1604 2567 1662 διὰ
2605 1607 2659 1662 τί
2705 1605 3037 1681 ἀγαθοειδεῖς
3083 1608 3175 1664 καὶ
3226 1608 3326 1664 οὐκ
3364 1606 3742 1681 αὐτοαγάθους

2077 1694 2205 1758 τοὺς
2250 1693 2511 1773 ἀγγέλους
2564 1697 2715 1773 φησί·
2769 1701 2906 1753 κατᾶ
2948 1698 3046 1761 τὰς
3093 1697 3266 1760 αἰτίας
3316 1697 3493 1752 τοίνυν
3546 1696 3747 1758 ταύτας

2081 1782 2204 1840 οὕτε
2247 1784 2299 1840 ἐν
2349 1783 2601 1860 ἀγγέλοις
2670 1786 2732 1841 τὸ
2781 1788 2969 1843 κακόν.
3024 1785 3387 1864 Ἐτυμολογεῖ
3434 1783 3513 1859 δὲ,
3560 1782 3650 1840 διὰ
3690 1784 3747 1840 τί

2001 1909 2048 1975 Β
2081 1872 2660 1975 έκλήθησανιάγγελοι.

2149 1964 2327 2020 Εἶκών
2386 1963 2497 2019 ἐστι
2552 1969 2650 2020 τοῦ
2708 1969 2862 2025 Θεοῦ.
2927 1964 3267 2039 Σημείωσαι,
3326 1964 3410 2020 ὅτι
3453 1962 3581 2026 τοὺς
3639 1964 3740 2039 ἆγ-

2079 2052 2278 2128 γέλους
2310 2053 2521 2117 εῗκόνας
2550 2054 2684 2129 φησί
2707 2059 2806 2110 τοῦ
2837 2056 3037 2132 ἀγαθοῦ
3066 2058 3130 2093 ⁸⁸·
3163 2056 3250 2110 καὶ
3284 2054 3590 2128 σημείωσαι
3620 2057 3742 2117 πῶς

2080 2139 2248 2219 λέγει.

2153 2229 2329 2289 Ἀλλὰ
2369 2237 2450 2305 τῷ
2501 2231 2773 2303 κολάζειν.
2825 2236 2914 2297 Ὧς
2964 2232 3016 2305 ἐξ
3062 2233 3444 2308 ὑποκρούσεως
3488 2231 3743 2306 προλαμ-

2080 2315 2232 2375 ϐάνει
2261 2323 2361 2392 τήν
2409 2343 2576 2377 τινων
2623 2324 2879 2399 αἱρέσεων
2923 2322 3211 2390 ἀντίθεσιν,
3250 2326 3360 2377 τῶν
3399 2322 3530 2385 τοὺς
3576 2319 3746 2377 κολα-

2080 2411 2209 2472 στὰς
2237 2408 2482 2466 κελεύσει
2524 2416 2659 2467 Θεοῦ
2706 2413 2996 2489 ἀγγέλους,
3028 2411 3118 2468 καὶ
3169 2411 3336 2480 αὐτὴν
3386 2408 3446 2466 δὲ
3489 2411 3590 2479 τὴν
3643 2412 3748 2465 κό-

2083 2498 2237 2555 λασιν
2288 2504 2383 2555 τοῦ
2434 2505 2604 2556 κακοῦ
2654 2502 2972 2576 τιθεμένων·
3005 2500 3094 2556 καὶ
3143 2499 3297 2563 εὐθὺς
3347 2498 3528 2576 ἐκλύει
3576 2503 3750 2554 ταῦτα

2083 2587 2508 2667 φιλοσοφώτατοι
2579 2591 2671 2645 καὶ
2742 2595 3062 2668 προσφυῶς,
3119 2589 3210 2645 καὶ
3265 2588 3328 2645 ἐκ
3393 2572 3502 2644 τῶν
3556 2590 3751 2665 ἱερέων

2080 2677 2209 2739 τοὺς
2245 2676 2454 2752 ἐναγεῖς
2510 2678 2599 2733 καὶ
2660 2674 2934 2754 βεϐήλους
2990 2686 3091 2749 τῆς
3142 2675 3473 2750 Ἐκκλησίας
3530 2676 3750 2752 εἰργόν-

2082 2788 2191 2822 των
2253 2770 2324 2805 ¹⁰⁰
2376 2766 2467 2822 καὶ
2524 2766 2865 2838 ἐξωθούντων
2925 2767 3013 2823 ἐπὶ
3076 2762 3345 2844 βεϐήλοις
3395 2766 3485 2823 καὶ
3534 2765 3749 2842 ἐναγέσι

2084 2855 2328 2930 πράξεσι,
2379 2853 2564 2927 δηλῶν
2627 2857 2702 2919 ὡς
2756 2854 2883 2913 οὐδὲ
2927 2856 3105 2924 αὐτοὶ,
3160 2843 3570 2930 τιμωρούμενοι
3615 2854 3752 2918 τοὺς

2087 2945 2296 3020 ἐναγεῖς
2335 2990 2349 3017 ,
2408 2945 2468 2999 ἐκ
2521 2950 2620 3000 τοῦ
2678 2950 2848 3002 κακοῦ
2905 2945 3030 3001 εἶσι·
3094 2946 3170 3019 μὴ
3227 2945 3469 3022 γένοιτοῙ
3531 2941 3750 3020 ε’ίρηται

2085 3035 2208 3110 γάρ’
2263 3033 2342 3091 Ού
2400 3034 2503 3109 γὰρ
2566 3034 2685 3105 εἰκῆ
2743 3037 2844 3105 τὴν
2903 3036 3179 3112 μάχαιραν
3241 3038 3436 3110 φορεῖ·
3489 3031 3748 3095 διάκονος

2086 3124 2189 3199 γάρ
2245 3121 2357 3177 ἐστι
2417 3127 2550 3179 Θεοῦ
2608 3122 2684 3186 εἰς
2744 3122 2913 3201 ὀργὴν
2962 3127 3043 3196 τῷ
3115 3124 3178 3178 τὸ
3253 3122 3419 3178 κακὸν
3476 3122 3750 3198 πράσσον-

2085 3234 2162 3269 τι.
2197 3211 2518 3285 Σημείωσαι
2549 3210 2640 3267 οὖν
2688 3212 2785 3277 τὰς
2822 3212 3022 3275 λύσεις’
3074 3209 3290 3272 πολλὰς
3341 3212 3447 3288 γὰρ
3490 3211 3751 3282 ζητήσεις

2089 3300 2299 3357 διαλύει
2347 3305 2454 3357 τῶν
2508 3299 2799 3378 λεγόντων,
2848 3301 2914 3360 Εἰ
2962 3299 3021 3357 ἐκ
3066 3305 3198 3356 Θεοῦ
3247 3302 3299 3356 οἱ
3333 3297 3527 3375 δήμιοι
3574 3297 3664 3355 καί
3698 3300 3752 3355 οἱ

2088 3391 2354 3471 ἄρχοντες
2385 3414 2399 3465 ;

2162 3484 2225 3538 Οἱ
2297 3482 2390 3539 τὸν
2471 3477 2709 3559 βέϐηλον
2785 3487 2893 3538 τῶν
2946 3483 3104 3538 θείων
3185 3479 3500 3557 μυστηρίων
3556 3477 3752 3554 ἀπείρ-

2090 3594 2301 3650 γοντες.
2340 3573 2680 3646 Σημείωσαι,
2735 3571 2817 3627 ὅτι
2869 3569 2954 3626 δεῖ
3002 3570 3129 3634 τοὺς
3179 3565 3455 3647 βεϐήλους
3493 3569 3755 3643 ἀπείργε-

2093 3674 2213 3726 σθαι
2243 3667 2350 3717 τῶν
2386 3662 2543 3717 θείων
2578 3660 2890 3737 μυστηρίων
2925 3657 3015 3716 διὰ
3036 3664 3143 3716 τῶν
3175 3659 3388 3737 ἱερέων,

2166 3748 2302 3805 Οὐδὲ
2342 3751 2406 3806 τὸ
2456 3749 2802 3821 κολάζεσθαι.
2849 3751 2973 3808 "Ott
3037 3749 3098 3805 οὗ
3147 3749 3209 3804 τὸ
3264 3747 3587 3818 κολάζεσθαι
3645 3767 3755 3800 κα-

2093 3841 2212 3914 κὸν,
2260 3837 2408 3895 ἀλλὰ
2446 3840 2509 3895 τὸ
2557 3839 2835 3903 κολάσεως
2888 3837 3035 3911 ἄξιον
3087 3840 3352 3915 γενέσθαι.
3405 3835 3755 3911 [Σημείωσαι

2094 3927 2219 4006 περί
2261 3928 2447 4007 ἱερέων
2504 3928 2594 3985 καὶ
2652 3929 2959 4005 ἀρχόντων,
3003 3932 3112 3984 τῶν
3161 3922 3434 4004 βεϐήλους
3479 3922 3753 3994 κολαζόν-

2092 4021 2248 4092 των.]

2168 4107 2328 4164 Ἀλλ’
2359 4104 2483 4164 οὔτε
2512 4108 2565 4164 οἱ
2589 4104 2867 4182 δαίμονες.
2899 4109 3023 4166 ’Ότι
3057 4103 3179 4163 οὔτε
3209 4107 3260 4162 οἱ
3292 4102 3548 4180 δαίμονες
3578 4101 3758 4183 -φύσει

2094 4197 2272 4255 κακοί

2167 4288 2393 4345 Ἔπειτα
2451 4284 2576 4342 ούδὶ
2649 4290 2810 4342 τοῦτο
2866 4283 3047 4343 παντί.
3116 4284 3436 4358 Σημείωσαι
3471 4325 3486 4352 ,
3545 4280 3628 4337 ὅτι
3687 4281 3757 4337 οὗ

2094 4375 2256 4433 παντὶ
2307 4375 2397 4430 καὶ
2451 4375 2529 4430 ἀεὶ
2578 4375 2742 4431 κακὸν
2792 4376 2827 4445 ἡ
2881 4373 3078 4453 φθορὰ,
3125 4374 3200 4436 ὡς
3246 4372 3335 4428 ἐπὶ
3384 4370 3612 4449 θηρίων,
3661 4369 3758 4426 καὶ

2096 4468 2356 4541 ἑρπετῶν,
2388 4464 2477 4520 καὶ
2514 4466 2754 4540 βοτανῶν
2792 4463 3079 4540 ὀλεθρίων.

2169 4553 2326 4612 Ἀλλ’
2375 4551 2501 4609 οὐδὲ
2550 4552 2842 4632 φθείρεται.
2873 4554 3000 4611 ’Ὁτι
3049 4549 3177 4607 οὐδὲ
3224 4549 3497 4630 φθειρεταί
3541 4571 3595 4605 τι
3647 4552 3761 4603 τῶν

2013 4650 2059 4716 D
2091 4640 2285 4714 ὄντων,
2319 4645 2437 4707 καθ’
2467 4644 2496 4698 ’ὀ
2528 4641 2704 4699 οὐσία.

2170 4730 2345 4790 Ἀλλὰ
2399 4736 2467 4808 τῇ
2528 4731 2793 4807 ἐλλείψει.
2855 4730 3197 4805 Σημείωσαι,
3252 4728 3335 4785 ὅτι
3393 4730 3594 4807 φθορὰν
3653 4749 3758 4783 κα·-

2098 4821 2187 4879 λεῖ
2240 4822 2329 4877 καὶ
2387 4823 2486 4892 τὴν
2552 4818 2866 4896 πλημμελῆ
2925 4820 3016 4875 καὶ
3072 4820 3402 4895 ἀναρμόνιον
3454 4818 3603 4894 παρᾶ
3650 4819 3755 4887 τήν

2096 4913 2244 4983 τάξιν
2278 4914 2490 4982 κίνησιν
2534 4918 2632 4982 τῆς
2680 4910 2913 4990 φύσεως.
2946 4910 3142 4986 Ἔχεις
3189 4905 3246 4964 δὲ
3292 4909 3382 4964 καὶ
3418 4907 3582 4964 τοῦτο
3611 4907 3760 4983 παρᾶ

2098 5006 2177 5074 τῷ
2219 4999 2479 5075 Ἰεζεξιὴλ
2520 5002 2646 5077 περὶ
2689 5004 2786 5055 τοῦ
2838 4994 3120 5055 διαϐόλου·
3156 4998 3397 5076 Ἐφθάρη
3446 4999 3482 5068 ἡ
3523 4995 3760 5067 ἐπιστή-

2104 5113 2180 5165 μη
2243 5111 2343 5146 σου
2421 5090 2512 5146 σὺν
2578 5090 2658 5164 τῷ
2723 5087 2918 5145 κάλλει
2991 5106 3114 5145 σου⁶
3183 5088 3317 5168 φησὶ
3396 5085 3455 5143 δὲ
3507 5086 3571 5145 τὸ
3627 5106 3737 5166 παρ

1352 5394 1596 5451 VARle
1628 5393 2017 5451 LECTIONES
2047 5396 2135 5449 ET
2165 5391 2721 5454 CORRECTIONES.

403 5513 448 5551 9'
478 5509 630 5588 Eine
661 5511 863 5588 ἀγαθὸν
895 5510 948 5588 ἐν
990 5513 1105 5588 θεῷ
1135 5509 1357 5586 ὕπαρξίς
1383 5506 2108 5588 ἔστινκΕἷῌέτερονὲίξπαρξις
2138 5509 2364 5588 ἀγαθοῦ,
2404 5508 2559 5588 φησὶ,
2592 5510 2682 5588 καὶ
2709 5506 3069 5588 ’ἕτερονλθεύς
3089 5509 3178 5588 ’ὡς
3204 5500 3565 5588 ’συμϐεβηκὸς
3606 5498 3759 5588 ἔσται

336 5585 482 5658 αὐτῷ
509 5587 578 5660 τὸῗ
604 5578 827 5660 ἀγαθὸν,
857 5584 947 5640 καὶ
979 5584 1026 5639 εἱ
1054 5578 1255 5656 τοῦτο,’
1273 5578 1626 5660 μεταϐλητὸς-
1646 5578 1815 5660 ἔσται.
1845 5582 1906 5660 St:
1936 5585 1979 5639 in

2109 5598 2138 5639 ο
2169 5578 2704 5660 bonums'ubstantia
2730 5578 2827 5660 est.
2843 5582 3105 5660 _Si_aliu_d
3128 5578 3450 5660 substantia
3461 5581 3637 5660 Δρερξί,
3666 5581 3757 5660 in-

336 5649 477 5729 quit,
506 5649 678 5716 aliud
704 5649 848 5715 Deus
881 5675 896 5715 :
929 5649 1488 5729 tanquamae'cidene,
1509 5649 1649 5729 erit
1675 5656 1737 5712 in
1781 5671 1840 5713 eo
1888 5656 2088 5713 bonum
2122 5668 2135 5713 :
2168 5654 2310 5728 quod
2338 5654 2390 5712 ei
2418 5657 2499 5713 ita
2543 5657 2638 5722 sit,
2680 5655 2968 5713 mutabilis
2990 5657 3115 5713 erit.
3147 5654 3193 5692 ⁸⁸
3228 5655 3384 5708 Θεοῦ.
3436 5652 3506 5690 ¹⁰⁰
3546 5649 3756 5725 Ἰεραὺτ

330 5723 732 5807 παραπλησίως
760 5730 860 5802 τήν
891 5723 1116 5787 ἀτοπίαν
1151 5727 1322 5801 λύων,
1350 5731 1459 5785 τῶν
1474 5723 1576 5782 ’καὶ
1608 5723 1748 5802 εἶργ.
