4034 6428
279 391 385 444 289

1041 391 1098 442 S.
1140 390 1411 442 MAXIMI
1455 385 1763 440 SCHOLIA
1802 386 1874 436 IN
1916 384 2044 435 L113.
2091 382 2183 433 DE
2225 382 2498 436 DIVINIS
2535 383 2958 438 NOMINIBUS.

3604 388 3710 441 290

280 512 522 583 Ἕλλησι
572 512 664 565 καὶ
717 509 1048 586 Μανιχαίοις
1085 507 1382 584 λεγόμενον
1419 505 1678 578 διαλύων,
1713 505 1794 559 ὅτι
1827 502 1950 558 οὕτε
1982 565 1983 569 η

2095 503 2518 559 lanicbmorum
2561 506 2907 573 dissolvens,
2944 524 3130 579 neque
3175 511 3464 566 daemones
3501 517 3710 568 natura

282 605 337 658 οἱ
398 600 656 675 δαίμονες
713 599 868 675 φύσει
926 598 1129 655 κακοί·
1188 600 1306 653 εἶτα
1381 597 1448 652 τὰ
1499 597 1615 650 καθ’
1694 594 1947 648 ὑπόθεσιν

282 692 414 766 παρ’
486 691 662 745 αὐτῶν
738 688 1111 760 ἂδτιτιθέμενα
1187 686 1479 761 προτίθησι
1555 686 1643 739 καὶ
1717 679 1950 753 διαλύει,

287 779 487 855 λέγων·
519 782 742 851 Πρῶτον
794 778 888 850 μὶν
923 776 984 830 οὐ
1027 775 1336 854 φθείρουσιν
1372 776 1423 829 οἱ
1456 773 1709 847 δαίμονες
1741 771 1949 832 οὐσίας·

287 869 341 923 αἱ
374 869 476 942 γὰρ
509 866 685 921 οὐσίαι
717 867 836 920 καθ’
864 865 893 920 ’ὁ
944 864 1122 919 οὐσίαι
1173 865 1234 919 οὐ
1280 861 1556 939 χωροῦσιν
1608 862 1685 923 είς
1716 860 1958 933 ἀνυπαρ-

285 959 426 1031 ξίαν·
481 955 690 1028 ἔπειτα,
735 956 826 1010 καὶ
883 954 928 1010 εἰ
977 958 1140 1008 τοῦτο
1190 954 1280 1022 ἦν,
1334 954 1395 1008 οὐ
1450 959 1610 1007 πᾶσιν
1659 947 1784 1005 οὐδὲ
1831 949 1960 1002 πάν-

285 1070 399 1101 των
460 1049 495 1115 ἡ
548 1045 726 1122 φθορὰ
781 1045 943 1112 κακὴ,
1008 1043 1082 1105 ὡς
1141 1042 1193 1097 ἐν
1243 1047 1362 1105 τοῖς
1421 1041 1656 1117 Θηρίοις,
1703 1040 1788 1094 καὶ
1843 1043 1960 1099 τοῖς

284 1134 573 1211 ἕρπουσιν,
625 1133 715 1188 καὶ
765 1134 927 1195 πόαις
976 1129 1276 1206 ὀλεθρίαις,
1319 1132 1409 1186 καὶ
1449 1136 1564 1191 τοῖς
1596 1128 1791 1190 ἄλλοις
1843 1131 1960 1188 τοῖς

284 1224 538 1296 ὁμοίοις.
573 1221 844 1293 Ζητητέον
879 1221 996 1290 οὗν,
1035 1221 1112 1294 μὴ
1150 1217 1379 1293 δύναμιν
1431 1219 1467 1288 ἢ
1499 1217 1760 1292 ἐνέργειαν
1812 1215 1964 1294 φθεί-

284 1333 480 1387 ρουσιν
512 1313 564 1366 οἱ
599 1309 881 1383 δαίμονες,
910 1309 1001 1364 καὶ
1034 1305 1169 1370 τέως
1202 1309 1255 1364 ἐν
1312 1308 1568 1380 συντόμῳ
1610 1308 1722 1382 χρή
1769 1305 1960 1362 εἰπεῖν,

281 1403 336 1456 τί
371 1398 602 1473 δύναμις
637 1403 654 1436 ¹
703 1400 795 1454 καὶ
845 1399 898 1454 τί
947 1397 1204 1473 ἐνέργεια·
1254 1397 1425 1452 ἰστέον
1475 1395 1587 1466 οῦν,
1636 1395 1718 1450 ὅτι
1770 1397 1804 1464 ἡ
1855 1391 1967 1448 δια·

285 1491 471 1567 φθορὰ
527 1497 630 1558 τῆς
691 1485 973 1561 δυνάμεως
1027 1489 1162 1562 πρὸς
1227 1488 1327 1555 τὴν
1406 1485 1672 1562 ἐνέργειαν
1738 1483 1963 1553 τοιαύτη

285 1579 461 1648 ἐστὶν,
510 1579 584 1640 ὡς
641 1580 676 1648 ἡ
726 1575 835 1648 ’έξις
883 1578 1024 1649 πρὸς
1071 1577 1173 1645 τὴν
1221 1575 1490 1650 ἐνέργειαν
1541 1577 1639 1644 τήν
1689 1575 1822 1628 κανὰ
1865 1573 1966 1641 τὴν

281 1665 423 1738 ἕξιν·
474 1671 510 1737 ἡ
567 1668 661 1740 μὲν
721 1667 814 1721 οὗν
858 1663 968 1736 ἕξις
1021 1665 1254 1735 ποιότης
1305 1665 1444 1720 ἐστὶν
1491 1659 1756 1738 ἕμμονος.
1792 1663 1970 1736 Σαφὲς

290 1755 354 1812 δὲ
425 1755 575 1811 ἔσται
631 1754 796 1810 οὕτωσ
854 1756 916 1809 τὸ
974 1757 1081 1827 πῦρ
1139 1751 1366 1827 δύναμιν
1414 1751 1530 1829 ἔχει
1584 1752 1968 1828 θερμαντικὴν,

2061 609 2190 648 esse
2233 593 2417 648 malos
2450 612 2461 648 :
2496 595 2706 650 deinde
2754 613 2881 667 quae
2930 613 2998 652 ex
3049 601 3454 670 suppositione
3486 603 3557 656 ab
3593 601 3712 658 illis

2061 687 2456 752 exponuntur,
2489 685 2766 755 proponit
2809 689 2865 740 et
2909 686 3196 754 dissolvit,
3231 690 3433 745 dicens
3467 708 3479 746 :
3515 691 3711 746 Primo

2066 771 2304 842 quidem
2339 773 2631 828 daemones
2682 791 2797 829 non
2830 782 3218 847 corrumpunt
3265 780 3585 847 essentias;
3620 797 3711 835 es-

2064 861 2266 922 sentia
2319 862 2475 916 enim
2536 868 2825 930 quatenus
2883 864 3174 935 esentize,
3209 883 3323 921 non
3381 869 3596 923 abeunt
3653 870 3712 924 in

2066 948 2351 1019 nihilum;
2384 952 2540 1007 154
2572 956 2775 1021 postea
2804 953 2916 1008 etsi
2943 953 3052 1008 hoc
3081 959 3256 1021 esset,
3283 972 3398 1010 non
3432 957 3559 1012 ideo
3591 974 3714 1012 om-

2068 1038 2244 1092 nibus
2277 1055 2466 1109 neque
2492 1041 2755 1096 omnium
2779 1042 3074 1114 corruptio
3106 1043 3284 1112 mala,
3308 1044 3460 1099 sicut
3491 1046 3550 1100 in
3583 1047 3716 1100 feris

2069 1133 2125 1183 et
2155 1126 2488 1198 reptilibus,
2521 1133 2578 1183 et
2611 1130 2804 1185 herbis
2837 1133 3051 1197 noxiis,
3082 1131 3336 1204 aliisque
3369 1133 3666 1190 similibus
3706 1153 3717 1190 :

2072 1216 2454 1288 quaerendum
2487 1217 2686 1286 igitur,
2714 1235 2856 1274 num
2889 1221 3183 1276 daemones
3213 1222 3484 1278 virtutem
3516 1227 3572 1279 et
3601 1225 3722 1279 efﬁ-

2073 1304 2290 1359 caciam
2328 1313 2731 1376 corrumpant;
2767 1309 3003 1362 interim
3053 1310 3254 1380 paucis
3285 1312 3602 1366 dicendum
3635 1319 3725 1368 est

2074 1394 2214 1464 quid
2247 1395 2431 1449 virtus
2463 1399 2520 1450 et
2551 1396 2692 1466 quid
2725 1397 3004 1452 efﬁcacia.
3039 1398 3354 1455 Sciendum
3385 1400 3568 1471 igitur
3597 1418 3723 1456 cor-

2077 1481 2410 1554 ruptionem
2440 1485 2676 1540 virtutis
2719 1492 2986 1557 respectu
3021 1487 3288 1542 efﬁcaciae
3320 1506 3424 1544 seu
3479 1491 3726 1546 actionis

2077 1571 2250 1628 talem
2303 1589 2451 1643 esse,
2487 1574 2680 1645 qualis
2729 1580 2817 1629 est
2865 1575 3105 1632 habitus
3157 1583 3426 1649 respectu
3477 1579 3725 1635 actionis

2076 1661 2430 1729 habitualis;
2454 1661 2691 1718 habitus
2713 1664 2950 1735 quidem
2971 1671 3058 1720 est
3081 1665 3336 1736 qualitas
3358 1667 3725 1738 immanens;

2077 1749 2221 1806 illud
2258 1755 2452 1806 autem
2485 1751 2564 1807 ita
2595 1754 2969 1824 perspicuum
2999 1755 3096 1809 ﬁet
3120 1773 3132 1811 :
3156 1756 3313 1826 ignis
3346 1756 3521 1812 habet
3550 1757 3731 1814 virtu-

289 1849 385 1902 καί
441 1846 585 1900 ἐστιν
637 1845 802 1899 αὐτοῦ
848 1841 956 1916 ἕξις
1004 1841 1130 1912 ἤτοι
1194 1843 1428 1914 ποιότης
1477 1843 1540 1897 τὸ
1592 1839 1966 1917 θερμαντικόν.

2095 1857 2195 1895 :em
2217 1839 2826 1914 calefaciendi,estque
2850 1843 3037 1914 ipsius
3061 1843 3298 1899 habitus
3315 1861 3417 1901 seu
3441 1846 3726 1917 qualitas;
3803 1884 3805 1886 -

291 1939 483 1994 "Eatw
533 1935 625 1990 οὖν
666 1933 904 2010 ἐνέργεια
951 1935 986 2002 ἡ
1038 1934 1174 1987 κατὰ
1215 1934 1314 2002 τήν
1364 1930 1472 2003 ἕξιν
1514 1929 1637 2001 ἤτοι
1677 1931 1968 2000 ποιότητα,

292 2026 386 2081 ὅτε
436 2023 528 2079 καί
575 2045 629 2078 τι
680 2028 842 2096 σῶμα
885 2022 1246 2096 Θερμαίνεται·
1303 2019 1422 2076 ἰδοὺ
1473 2021 1576 2096 γὰρ
1626 2018 1971 2075 ἀποτελεῖται

285 2118 326 2184 ἡ
387 2113 632 2188 ἐνέργεια
687 2113 787 2180 τῆς
855 2108 1017 2182 ἕξεως
1075 2115 1173 2164 τοῦ
1232 2111 1431 2184 πυρός’
1493 2113 1528 2180 ἡ
1591 2110 1682 2164 οὖν
1743 2107 1974 2180 δύναμις

289 2204 422 2274 παρ’
483 2204 680 2271 ἑαυτῆς
750 2195 868 2275 ἔχει
925 2201 1024 2268 τήν
1097 2199 1423 2276 ἐνέργειαν·.
1476 2199 1642 2269 αὐτῆς
1698 2199 1799 2276 γὰρ
1861 2197 1970 2266 ἐστι

289 2299 397 2361 τῆς
433 2289 719 2361 δυνάμεως
751 2290 786 2358 ἠ
817 2287 1056 2364 ἐνέργεια
1106 2289 1170 2343 τὸ
1201 2288 1252 2358 ἐξ
1304 2288 1474 2358 αὐτῆς
1507 2287 1970 2360 ἀποτελούμενον·

295 2384 335 2448 ἡ
396 2381 502 2456 γὰρ
551 2378 779 2451 δύναμις
831 2377 968 2432 κατὰ
1016 2379 1079 2432 τὸ
1131 2383 1305 2432 ποιεῖν
1365 2373 1727 2450 λαμϐάνεται.
1791 2376 1978 2451 Φθορὰ

298 2470 394 2525 οὖν
430 2467 712 2540 δυνάμεως
745 2469 779 2536 ἡ
813 2465 1074 2541 ἐνέργεια.
1107 2469 1310 2541 Ὥσπερ
1346 2468 1436 2521 οὗν
1469 2468 1558 2521 καὶ
1591 2467 1776 2530 οὐσίας
1814 2469 1847 2535 ἡ
1879 2463 1975 2519 δύ-

298 2579 494 2630 ναμις,
525 2556 720 2612 ταύτὸν
765 2553 824 2610 δὶ
856 2555 947 2611 καὶ
1000 2556 1125 2630 περὶ
1170 2560 1272 2622 τῆς
1321 2555 1583 2631 ἐνεργείας
1620 2558 1654 2625 ἡ
1701 2557 1846 2630 παρὰ
1877 2556 1972 2624 τὴν

299 2646 477 2716 τάξιν,
538 2645 630 2700 καὶ
688 2646 788 2714 τὴν
849 2644 1222 2719 συμμετρίαν,
1282 2646 1370 2699 καὶ
1431 2645 1690 2718 ἁρμονίαν
1752 2645 1977 2712 ἀσθενὴς

302 2731 571 2810 πρόοδος,
601 2733 722 2795 καθ’
750 2735 813 2802 ἣν
847 2737 1165 2806 προϊοῦσαν
1216 2731 1573 2806 πλημμελῶς
1622 2733 1684 2788 οὐ
1725 2731 1975 2787 δύνανται

309 2824 494 2897 μένειν
547 2823 622 2883 ὡς
673 2822 824 2896 εἶχον
871 2824 906 2891 ἡ
953 2819 1204 2895 δύναμις,
1259 2823 1348 2876 καὶ
1405 2825 1438 2892 ἡ
1496 2822 1753 2898 ἐνέργεια,
1802 2820 1892 2876 καί
1939 2823 1974 2890 ἡ

305 2913 486 2967 οὐσία’
532 2910 583 2966 εἴ
626 2913 730 2985 γὰρ
775 2909 1072 2980 παντελὴς,
1124 2911 1198 2966 ὡς
1253 2909 1483 2988 ἔφημεν,
1517 2908 1663 2966 ἔσται
1711 2911 1976 2998 ἀσθένειοη

305 3004 368 3058 οὐ
406 3003 519 3074 μὴν
553 3002 588 3068 ἡ
627 3001 826 3074 μερικὴ
857 3004 966 3054 τῶν
997 2999 1325 3073 εἰρημένων
1368 3001 1459 3055 καὶ
1502 3002 1565 3056 τὸ
1619 3002 1975 3073 ὑποκείμενον

304 3091 516 3166 φθείρει
569 3089 621 3144 ἐν
674 3089 719 3160 ᾦ
751 3091 785 3158 ἡ
839 3087 1090 3161 δύναμις,
1135 3089 1226 3142 καὶ
1272 3092 1305 3158 ἡ
1349 3088 1609 3164 ἐνέργεια,
1655 3090 1745 3145 καὶ
1788 3085 1912 3143 οὔτε
1940 3091 1975 3158 ἡ

306 3177 565 3250 δύναμις,
613 3177 703 3231 καὶ
752 3181 787 3246 ἡ
831 3176 1092 3252 ἐνέργεια,
1143 3178 1216 3239 ὡς
1268 3175 1450 3248 οὕτεή
1485 3177 1658 3246 οὐσία,
1692 3177 1820 3234 ἀλλ’
1855 3174 1978 3232 οὔτε

2083 1931 2316 2002 quando
2347 1930 2526 2000 igitur
2557 1948 2770 2001 corpus
2801 1931 3124 1998 incalescit,
3148 1949 3278 1988 ecce
3311 1934 3461 1990 actio
3495 1935 3731 1991 habitus

2082 2019 2237 2090 ignis
2261 2020 2779 2090 perﬁcitur,virtus
2802 2021 2999 2093 itaque
3023 2021 3199 2077 habet
3222 2022 3278 2077 in
3305 2040 3365 2078 se
3387 2023 3729 2093 efﬁcaciam;

2084 2124 2220 2162 nam
2281 2107 2540 2163 efﬁcacia
2598 2112 2685 2163 est
2741 2109 2931 2180 ipsius
2962 2109 3195 2165 virtutis
3253 2111 3512 2178 effectus,
3547 2112 3734 2168 virtus

2085 2197 2238 2252 enim
2275 2198 2569 2268 operando
2619 2202 3018 2270 comparatur;
3072 2199 3366 2272 corruptio
3420 2200 3601 2273 igitur
3647 2206 3737 2258 est

2084 2285 2321 2340 virtutis
2354 2285 2613 2340 efﬁcacia
2657 2303 2759 2340 seu
2805 2287 2982 2356 actio;
3039 2288 3193 2343 sicut
3247 2305 3382 2360 ergo
3431 2290 3615 2345 virtus
3650 2296 3738 2346 est

2086 2374 2378 2441 essentize,
2403 2374 2484 2429 ita
2510 2376 2684 2430 etiam
2715 2376 3030 2432 dicendum
3057 2377 3126 2432 de
3151 2378 3430 2447 efﬁcacia,
3451 2394 3578 2450 quas
3601 2397 3731 2434 cum

2087 2464 2209 2534 agit
2239 2468 2449 2535 praeter
2497 2465 2760 2520 ordinem
2814 2471 2870 2520 et
2917 2466 3380 2523 convenientiam
3420 2476 3738 2542 aptamque

2087 2553 2600 2623 compositionem,
2629 2559 2719 2609 est
2767 2554 3064 2611 imbecilla
3113 2557 3467 2629 progressio,
3513 2558 3574 2614 in
3628 2575 3741 2630 qua

2085 2641 2292 2697 vitiose
2325 2643 2674 2712 procedente
2720 2649 3019 2715 nequeunt
3067 2662 3307 2701 manere
3340 2647 3544 2718 quales
3575 2652 3742 2703 erant

2085 2731 2274 2786 virtus
2307 2735 2362 2786 et
2392 2731 2651 2787 efﬁcacia
2700 2738 2874 2805 atque
2907 2735 3195 2809 essentia;
3247 2735 3469 2809 alioqui
3517 2737 3738 2805 totalis,

2088 2825 2154 2875 ut
2201 2820 2478 2889 diximus,
2529 2820 2640 2875 erit
2687 2822 3082 2892 imbecillitas,
3129 2842 3243 2880 non
3296 2843 3427 2881 vero
3479 2826 3742 2896 partialis

2088 2926 2289 2965 eorum
2324 2926 2450 2981 quae
2490 2909 2646 2965 dicta
2674 2915 2814 2966 sunt
2847 2929 2858 2966 :
2893 2913 3080 2968 virtus
3133 2931 3367 2985 quoque
3418 2915 3744 2986 corrumpit

2089 2999 2420 3070 subjectum
2455 2998 2512 3053 in
2543 3016 2656 3069 quo
2687 3005 2796 3067 est,
2822 3017 2888 3055 ac
2920 3001 3201 3072 efﬁcacia,
3226 3008 3281 3058 et
3317 3020 3502 3075 neque
3534 3003 3742 3074 virtus,

2089 3104 2278 3158 neque
2309 3087 2591 3156 efﬁcacia,
2621 3087 2772 3143 sicut
2796 3106 2986 3160 neque
3015 3091 3288 3161 essentia,
3315 3091 3456 3163 quin
3482 3109 3585 3148 nec
3616 3092 3746 3164 ipsa

2089 3176 2385 3248 corruptio
2408 3177 2676 3246 evadent,
2695 3176 2811 3254 illis
2833 3179 3008 3233 etiam
3036 3181 3418 3250 pereuntibus
3442 3181 3596 3238 circa
3617 3199 3744 3254 quae

305 3243 460 3336 αὐτὴ.
495 3268 531 3336 ἡ
553 3243 559 3245 ﬁ
584 3243 786 3344 φθορὰή
817 3243 1378 3340 παρ-αλειιρθήσονται,
1427 3243 1792 3340 ἀπολομένων
1845 3265 1978 3321 ἐκεί-

2095 3243 2389 3336 corruptio
2419 3243 2934 3338 versaturfltaque
2966 3243 3224 3324 efficacia
3257 3243 3744 3342 intelligibilium,

305 3378 418 3411 νων
474 3356 599 3430 περὶ
634 3352 667 3408 ἂ
695 3355 729 3424 ἠ
783 3355 979 3428 φθορά.
1027 3354 1300 3430 Ἑνέργεια
1359 3355 1452 3428 μὶν
1513 3357 1608 3410 οὖν
1648 3360 1858 3425 νοητῶν
1891 3355 1980 3410 καὶ

309 3449 519 3518 νοερῶν
575 3446 718 3498 νοῶν
767 3444 830 3497 τὸ
882 3444 1020 3497 κατὰ
1082 3443 1237 3520 φύσιν
1297 3446 1572 3518 πράττειν,
1626 3445 1869 3500 τουτέστι
1919 3445 1983 3500 τὸ

341 3535 356 3556 τ
500 3534 514 3554 π
815 3532 825 3550 r
963 3552 973 3564 ,
1070 3531 1082 3553 ρ
1302 3531 1345 3552 Μ
1464 3537 1490 3547 -
1581 3534 1592 3549 ι
1681 3533 1694 3552 τ

313 3556 389 3598 εις
420 3541 554 3588 Θεον
603 3531 951 3586 ἀνατετασθαι
1024 3529 1249 3605 δυναμις
1299 3549 1355 3587 οε
1401 3554 1494 3587 νου
1539 3555 1602 3588 το
1653 3555 1729 3595 εις
1768 3536 1983 3604 νοήσεις

313 3624 583 3691 κατιέναι,
633 3621 759 3695 περὶ
818 3621 878 3675 οὗ
926 3621 995 3675 τὰ
1049 3620 1333 3696 εἰρημένα,
1389 3621 1745 3695 πλημμελῶς
1801 3624 1985 3678 κινού-

322 3734 473 3787 μενα,
506 3709 825 3768 ἐλλείπουσι
881 3713 977 3764 τοῦ
1034 3709 1262 3784 ἀγαθοῦ.
1324 3710 1491 3765 Φύσει
1550 3711 1640 3766 οὗν
1695 3713 1858 3767 κακὸν
1894 3711 1986 3766 οὐ-

329 3800 434 3858 δέν.

393 3890 557 3946 Ἀλλ’
609 3887 836 3952 ἐλλιπὲς
867 3887 1084 3964 ἀγαθόν.
1117 3890 1206 3952 Ὠς
1257 3891 1332 3963 μὴ
1380 3891 1480 3960 τὴν
1529 3889 1737 3946 τελείαν
1786 3893 1986 3968 φθορὰν

325 3984 423 4047 τῆς
457 3983 667 4058 φθορᾶς
699 3976 934 4051 εἰσάγον.

393 4069 550 4139 Εἶτα,
585 4071 702 4128 πῶς
756 4067 807 4120 οἱ
857 4065 915 4121 ἐκ
945 4071 1100 4122 Θεοῦ.
1145 4068 1286 4143 Ηρὸς
1328 4067 1454 4129 τοὺς
1507 4067 1787 4143 λέγοντας’
1824 4068 1885 4123 Εἰ
1934 4069 1993 4123 ἐκ

322 4163 463 4215 Θεοῦ
511 4157 760 4234 ἐγένοντο
811 4157 864 4210 οἱ
930 4153 1204 4229 δαίμονες,
1254 4161 1371 4219 πῶς
1421 4156 1524 4212 εἶσι
1567 4157 1723 4212 κακοί
1770 4177 1784 4227 ;
1840 4160 1990 4214 Ἐστι

324 4246 384 4304 δὲ
433 4246 594 4308 λύσις
642 4252 741 4315 τῆς
787 4245 1028 4306 πεύσεως
1095 4245 1144 4299 εἷ’
1188 4245 1344 4300 κακοί
1404 4246 1535 4300 εἶσιν
1589 4248 1639 4301 οἱ
1695 4244 1942 4320 δαίμονες
1976 4266 1989 4280 ·

322 4335 417 4390 καί
451 4355 638 4412 φησιν,
677 4332 759 4388 ὅτι
817 4333 880 4387 οὐ
931 4332 1066 4396 καθὸ
1115 4333 1308 4408 ἀγαθοί
1359 4333 1459 4388 εἶσι
1504 4335 1640 4389 κατὰ
1685 4335 1782 4404 τὴν
1822 4356 1995 4410 παρα-

322 4426 515 4499 γωγὴν
564 4429 662 4492 τῆς
711 4421 896 4486 οὐσίας
939 4421 1133 4476 αὐτῶνθ
1187 4421 1246 4476 ἐκ
1290 4426 1387 4476 τοῦ
1446 4423 1649 4498 ἀγαθοῦ
1696 4425 1797 4501 γὰρ
1863 4447 1997 4501 παρ-

324 4516 588 4588 ήχθησαν
633 4512 848 4588 ἀγαθοί·
898 4508 1044 4566 ἀλλὰ
1081 4511 1213 4566 καθὸ
1261 4512 1562 4582 ἠσθένησαν
1613 4520 1711 4584 τῆς
1764 4523 1994 4592 φυσικῆς

326 4604 516 4658 αὐτῶν
552 4601 839 4678 ἐνεργείας.

404 4690 510 4748 Καὶ
541 4692 748 4766 ἀγαθὴν
783 4688 985 4765 ἔλαχον
1021 4687 1360 4748 οὐσίαν.”Οτι
1383 4692 1558 4766 ἀγαθὴ
1591 4697 1698 4748 τῶν
1725 4691 1995 4768 δαιμόνων

331 4783 368 4850 ἡ
403 4779 588 4836 οὐσία.

406 4872 498 4931 Ὠς
538 4868 608 4924 τὰ
659 4868 835 4944 Λόγιά
883 4889 1036 4946 φησι.
1096 4868 1413 4941 Σημείωσαι
1464 4875 1580 4932 πῶς
1623 4877 1737 4926 νοεῖ
1782 4873 1865 4942 τὸ,
1908 4875 2000 4950 ἀγ-

330 4958 534 5036 ’τέλους
582 4979 639 5013 τε
682 4957 808 5020 τοὺς
853 4959 928 5030 μὴ
980 4958 1324 5031 τηρήσαντας
1379 4959 1477 5027 τὴν
1535 4961 1733 5015 ἑαυτῶν
1800 4962 1999 5038 ἀρχήν·

716 5046 895 5102 αὐτῶν
946 5067 1077 5124 φησι
1123 5047 1222 5115 τὴν
1271 5046 1348 5109 εἷς
1377 5048 1439 5101 τὸ
1471 5051 1607 5103 εἶναι
1641 5054 2000 5126 παραγωγήν*

332 5137 708 5210 παρήχθησαν
765 5135 868 5210 γὰρ
925 5133 1015 5189 καὶ
1073 5132 1226 5188 αὐτοὶ
1281 5134 1356 5197 εἰς
1404 5141 1505 5190 πᾶν
1569 5135 1722 5213 ἔργον
1783 5140 2001 5213 ἀγαθὸν,

338 5225 526 5299 ὥσπερ
558 5223 646 5279 καὶ
677 5225 866 5296 ἡμεῖς.
901 5224 994 5276 ’Ex
1035 5221 1242 5277 τούτων
1286 5224 1376 5278 οὗν
1432 5224 1563 5279 εἰσιν
1618 5227 1670 5279 οἱ
1721 5225 2003 5301 δαίμονες,

338 5311 391 5368 ἐν
422 5314 607 5385 τούτῳ
655 5313 810 5386 μόνῳ
852 5310 1231 5385 κακυνόμενοι,
1267 5311 1318 5367 ἐν
1365 5317 1433 5387 τῇ
1487 5313 1676 5370 παύσει
1717 5323 1816 5385 τῆς
1844 5313 2002 5386 ἕξεως

333 5409 448 5458 τῶν
481 5403 722 5478 ἀγαθῶν,
754 5400 844 5456 καὶ
896 5400 947 5455 ἐν
989 5404 1068 5472 τῷ
1101 5403 1178 5473 μὴ
1234 5400 1469 5479 ἐνεργεῖν
1522 5404 1585 5458 τὸ
1617 5405 1830 5479 ἀγαθόν·
1868 5405 2006 5462 ὥστε

2094 3371 2195 3409 seu
2229 3370 2354 3425 quae
2387 3354 2510 3410 solo
2545 3354 2843 3411 intellectu
2868 3356 3296 3430 percipiuntur,
3322 3376 3388 3415 ac
3419 3359 3747 3432 intelligen-

2093 3446 2241 3498 tium
2285 3443 2593 3513 mentium,
2628 3449 2716 3500 est
2763 3447 3088 3502 secundum
3140 3457 3409 3503 naturam
3461 3465 3652 3520 agere,
3687 3449 3744 3504 id

2095 3536 2184 3587 est
2214 3549 2450 3588 sursum
2485 3535 2556 3588 ad
2599 3534 2779 3590 Deum
2821 3537 3095 3604 tendere;
3131 3537 3315 3593 virtus
3347 3541 3541 3593 autem
3579 3555 3747 3594 men-

2095 3622 2194 3691 tis,
2220 3623 2290 3678 ad
2315 3623 2700 3694 cogitationes
2724 3624 3094 3692 descendere,
3121 3625 3178 3679 in
3203 3643 3317 3697 quo
3351 3643 3418 3682 ea
3438 3644 3569 3698 qua:
3594 3628 3750 3682 dicta

2100 3716 2239 3768 sunt
2270 3713 2474 3769 vitiose
2521 3715 2760 3780 moveri,
2796 3732 2827 3770 a
2860 3715 3012 3770 bono
3043 3714 3349 3772 deﬁciunt.
3384 3716 3543 3772 Nihil
3574 3716 3756 3788 igitur

2099 3807 2311 3858 natura
2343 3801 2586 3858 malum.

2170 3891 2273 3947 Sed
2304 3892 2502 3947 bonum
2545 3892 2823 3963 deﬁciens.
2857 3893 2929 3950 Ut
2972 3912 3088 3950 non
3140 3895 3455 3968 perfectam
3508 3911 3755 3966 corrup-

2101 3979 2284 4036 tionis
2317 3982 2750 4053 corruptionem
2786 3983 3096 4039 inducens.

2172 4070 2436 4142 Denique,
2470 4072 2736 4141 quomodo
2767 4075 2863 4142 qui
2892 4090 2924 4127 a
2954 4075 3081 4128 Deo.
3114 4077 3325 4128 Contra
3356 4073 3617 4129 dicentes
3654 4089 3665 4128 :
3701 4073 3756 4127 Si

2103 4161 2396 4215 daemones
2427 4177 2460 4215 a
2489 4161 2604 4216 Deo
2651 4165 2789 4216 sunt
2839 4163 3080 4232 conditi,
3117 4163 3411 4233 quomodo
3463 4161 3623 4216 mali.
3657 4162 3759 4216 Est

2103 4249 2318 4304 solutio
2369 4250 2845 4320 interrogationis
2878 4268 3018 4306 num
3055 4252 3190 4306 mali
3239 4255 3378 4307 sunt
3417 4252 3707 4306 daemones
3743 4266 3756 4305 :

2105 4338 2323 4409 aitque,
2351 4355 2465 4394 non
2489 4345 2781 4409 quatenus
2805 4341 2940 4395 boni
2965 4346 3103 4395 sunt
3133 4341 3192 4395 in
3225 4340 3607 4412 productione
3639 4355 3758 4394 suae

2105 4428 2396 4496 essentiae,
2452 4445 2588 4483 nam
2640 4446 2673 4482 a
2719 4429 2871 4484 bono
2924 4429 3192 4501 producti
3243 4435 3382 4484 sunt
3435 4429 3602 4496 boni;
3657 4428 3760 4483 sed

2107 4521 2400 4587 quatenus
2431 4516 2741 4572 debiliores
2763 4517 2953 4573 effecti
2985 4518 3040 4572 in
3074 4535 3180 4573 sua
3212 4518 3468 4573 naturali
3502 4517 3764 4571 efﬁcacia

2029 4619 2076 4682 D
2107 4623 2205 4662 seu
2241 4607 2602 4677 operatione.

2181 4695 2254 4750 Ac
2283 4695 2479 4750 bonam
2508 4694 2693 4750 sortiti
2718 4699 2848 4750 sunt
2878 4698 3192 4768 essentiam.
3229 4696 3452 4751 Bonam
3484 4711 3613 4752 esse
3643 4695 3762 4750 dae-

2113 4799 2354 4838 monum
2388 4784 2729 4839 essentiam.

2187 4874 2248 4928 Ut
2295 4873 2524 4943 Eloquia
2573 4876 2861 4927 testantur.
2913 4873 3061 4928 Nota
3119 4872 3410 4942 quomodo
3462 4871 3611 4928 155
3673 4871 3768 4925 in-

2115 4959 2336 5032 telligat
2385 4961 2553 5028 illud,
2601 4961 2838 5033 angelos
2889 4979 3004 5016 non
3057 4968 3357 5018 servantes
3407 4959 3766 5031 principium

2114 5067 2320 5118 suum;
2354 5049 2708 5121 principium
2751 5051 2905 5105 enim
2959 5067 3162 5106 eorum
3216 5049 3379 5115 dicit,
3433 5048 3771 5120 productio-

2114 5155 2248 5194 nem
2307 5155 2422 5210 qua
2479 5139 2830 5195 exstiterunt
2884 5157 2896 5194 :
2958 5139 3228 5210 producti
3289 5138 3446 5194 enim
3509 5141 3649 5193 sunt
3708 5137 3769 5192 in

2115 5245 2286 5284 omne
2318 5245 2466 5299 opus
2499 5229 2741 5295 bonum,
2768 5228 2922 5283 sicut
2945 5236 2996 5283 et
3027 5245 3158 5298 nos;
3193 5244 3261 5284 ex
3295 5228 3385 5283 his
3418 5226 3599 5298 igitur
3629 5230 3772 5282 sunt

2115 5320 2433 5385 daemones,
2468 5317 2526 5371 in
2578 5317 2685 5372 hoc
2719 5317 2842 5372 solo
2878 5317 3012 5372 mali
3045 5317 3232 5373 effecti
3264 5317 3417 5386 quod
3474 5316 3535 5370 in
3585 5316 3776 5370 bono~

2118 5425 2248 5463 rum
2292 5406 2497 5462 habitu
2556 5406 2866 5473 cesserint,
2917 5422 3108 5478 neque
3169 5407 3390 5464 bonum
3449 5403 3769 5479 effecerint,

1366 5582 1599 5641 VARIE
1633 5585 2020 5646 LECTIONES
2058 5589 2150 5645 ET
2190 5584 2745 5645 CORRECTIONES.

418 5705 438 5741 ί
483 5699 677 5762 πάθος.
