4034 6396
442 394 545 448 291

1266 385 1629 438 APPENDIX
1668 387 1764 438 AD
1801 383 2043 438 OPERA
2078 385 2138 436 s.
2178 381 2493 439 monrst
2534 385 3033 443 ABEOPAGITE.
3730 402 3823 456 292

445 520 646 590 sicque
692 512 989 569 voluntate
1033 512 1173 564 sunt
1222 506 1384 572 mali,
1417 524 1532 562 non
1584 511 1825 574 natura;
1865 507 2070 561 bonun

2203 503 2339 559 κατά
2383 504 2692 582 προαίρεσίν
2748 508 2850 561 εἰσι
2894 507 3077 578 κακοὶ,
3128 508 3253 566 ἀλλ’
3302 511 3362 567 οὗ
3404 516 3536 571 κατά
3580 517 3740 589 φῦσιν·
3769 527 3821 580 τὸ

442 624 578 664 vero
608 607 821 660 natura
862 600 1020 655 inest
1065 597 1140 653 iis
1183 614 1309 669 qua
1341 595 1659 664 exsistunt;
1696 594 1885 651 multa
1913 594 2090 666 igitur

441 692 792 753 differentia.

508 787 835 843 Divinarum
866 780 1133 836 bonorum
1163 776 1400 833 habilus.
1431 774 1580 830 Nota
1602 773 1890 830 dictiones
1920 772 2088 829 habi-

434 881 532 932 tus
565 879 619 930 et
650 870 922 929 efﬁcaciae
949 887 963 925 :
987 884 1118 923 ecce
1138 867 1293 921 enim
1318 880 1493 936 quam
1527 872 1698 919 antea
1728 863 1875 919 dixit
1902 864 2087 918 virtu-

434 971 577 1036 tem,
609 964 760 1019 hanc
809 960 981 1016 modo
1030 960 1197 1012 vocat
1246 954 1536 1023 habitum,
1586 957 1654 1009 ut
1704 952 2086 1025 exposuimus

436 1054 711 1127 superius
741 1051 802 1107 in
834 1064 1047 1121 magno
1079 1045 1468 1117 paragrapho.

510 1145 570 1200 Si
598 1145 778 1213 itaque
806 1153 1035 1211 semper.
1062 1140 1187 1191 Non
1221 1149 1461 1207 prorsus
1490 1135 1756 1205 expertes
1785 1146 1913 1187 esse
1944 1131 2084 1187 boni

435 1235 750 1289 dmmones.

508 1320 657 1391 Quod
692 1321 840 1377 enim
886 1332 1099 1389 semper
1144 1314 1290 1371 idem
1338 1320 1439 1368 est.
1471 1314 1708 1382 Semper
1748 1310 1906 1367 idem
1953 1326 2084 1367 esse

432 1413 572 1470 boni
603 1416 693 1469 est
718 1409 1045 1484 proprium.

500 1501 669 1559 Pravi
697 1509 882 1557 autem
913 1513 1046 1554 esse.
1082 1494 1193 1551 Cur
1224 1494 1519 1549 daemones
1550 1491 1831 1547 dicuntur
1861 1489 2046 1546 mali?

498 1684 620 1740 Illis
665 1680 919 1746 desertio,
967 1676 1064 1734 Gr.
1106 1666 1344 1732 ἔκϐασις.
1373 1664 1633 1727 ’Έκϐασιν
1682 1672 1846 1726 vocat
1894 1684 2078 1725 reces-

428 1791 562 1831 sum
594 1790 629 1828 a
658 1766 1055 1834 convenienti;
1108 1758 1351 1817 ἀτέλειαν
1384 1777 1518 1817 vero
1551 1776 1851 1816 recessum
1884 1776 1917 1815 a
1948 1776 2076 1831 per-

427 1864 598 1932 fecto,
630 1877 734 1918 seu
767 1852 1143 1930 perfectionis
1174 1852 1484 1907 defectum.

460 1972 465 1977 ·
498 1950 838 2020 Imaginatio
866 1959 1129 2019 praeceps.
1156 1940 1305 2006 Quid
1336 1938 1413 1995 sit
1438 1936 1722 2014 φαντασία,
1745 1938 2078 2008 imaginatio

427 2043 685 2098 diximus
715 2038 776 2094 in
804 2034 993 2108 primo
1024 2031 1235 2103 capite.

507 2132 705 2186 Verum
749 2127 874 2181 ista.
907 2127 992 2179 En
1042 2120 1219 2176 aliam
1269 2133 1503 2191 quoque
1552 2115 1927 2183 solutionem,
1957 2134 2075 2173 non

426 2235 557 2278 esse
605 2216 746 2289 quid
793 2210 1042 2277 malum,
1081 2212 1293 2264 natura
1341 2206 1586 2277 malum,
1618 2206 1719 2263 sed
1769 2206 2011 2276 delapsu
2043 2224 2077 2263 a

425 2309 608 2375 bono;
635 2304 791 2376 quod
814 2301 971 2358 enim
991 2302 1212 2353 natura:
1232 2296 1406 2363 inest,
1421 2310 1655 2366 semper
1674 2293 1878 2349 eodem
1901 2294 2074 2349 modo

425 2414 488 2455 se
536 2396 736 2457 habet,
770 2405 961 2462 neque
1012 2385 1303 2457 dejicitur,
1352 2384 1508 2438 sicut
1564 2382 1761 2454 ipsum
1817 2382 2071 2450 bonum;

424 2484 648 2543 malum
679 2496 813 2538 vero
844 2495 956 2534 non
981 2479 1072 2533 est
1100 2474 1334 2539 stabile,
1358 2472 1638 2544 quoniam
1672 2471 1997 2542 corrumpit
2018 2474 2075 2526 et

423 2575 633 2632 atterat
676 2570 832 2642 quod
884 2570 974 2623 est
1022 2564 1286 2630 obvium,
1319 2561 1472 2617 sicut
1519 2559 1797 2629 diximus;
1829 2560 2073 2616 minime

422 2664 605 2737 igitur
635 2665 725 2716 est
753 2660 813 2713 in
845 2660 1057 2712 natura
1079 2650 1324 2716 malum,
1349 2649 1849 2722 quemadmodum
1881 2664 2072 2720 neque

423 2756 486 2810 in
533 2748 899 2807 damonibus
949 2759 1077 2801 esse
1123 2742 1212 2797 vir
1257 2739 1353 2795 hic
1402 2738 1634 2794 divinus
1680 2738 1970 2806 affirmat;
2020 2738 2070 2793 si

421 2844 580 2899 enim
618 2855 734 2896 non
766 2850 999 2906 semper
1031 2829 1172 2887 mali
1201 2830 1518 2899 daemones,
1544 2844 1659 2883 non
1691 2830 1829 2883 sunt
1862 2830 2072 2882 natura

422 2931 587 3000 mali,
611 2929 766 3001 quod
789 2924 943 2981 enim
970 2926 1197 2977 naturas
1218 2920 1391 2985 inest,
1417 2933 1651 2989 semper
1671 2916 1873 2972 eodem
1899 2916 2071 2972 modo

422 3036 484 3077 se
514 3019 713 3075 habet.
745 3009 1180 3071 Demonstravit
1228 3008 1407 3079 igitur
1451 3008 1746 3061 daemones
1776 3009 2071 3076 quatenus

420 3112 561 3165 sunt
588 3110 646 3162 et
674 3103 1014 3173 intelligunt
1043 3113 1109 3154 ac
1136 3096 1340 3153 vivunt
1368 3093 1779 3164 desiderioque
1809 3092 1949 3148 boni
1979 3096 2069 3148 te-

420 3199 656 3265 nentur,
698 3209 813 3248 non
861 3205 991 3245 esse
1037 3188 1248 3241 natura
1293 3182 1502 3251 malos,
1535 3182 1637 3237 sed
1687 3181 1989 3237 aversione
2035 3198 2069 3238 a

418 3287 594 3351 bono,
630 3284 689 3338 in
721 3297 836 3353 quo
867 3278 1041 3334 etiam
1074 3276 1333 3330 luerunt.

491 3375 673 3445 Neque
701 3371 822 3442 ipsa
851 3383 947 3439 per
986 3380 1041 3421 se
1070 3371 1199 3419 sunt
1228 3362 1400 3416 mala.
1433 3362 1527 3415 Ira
1555 3359 1682 3415 sine
1712 3358 1938 3415 ratione
1968 3375 2069 3431 per

417 3480 501 3530 se,
538 3479 604 3517 ac
634 3474 840 3515 amens
871 3453 1165 3525 cupiditas
1197 3466 1298 3521 per
1327 3465 1409 3515 se,
1435 3454 1611 3519 atque
1642 3464 1896 3520 princeps
1927 3448 2069 3503 ima-

418 3552 662 3623 ginatio,
686 3563 801 3603 non
835 3558 1077 3616 prorsus
1106 3545 1164 3595 et
1194 3540 1255 3593 in
1286 3536 1563 3593 omnibus
1594 3536 1842 3602 malum,
1865 3554 2068 3593 secun-

418 3643 561 3695 dum
594 3655 658 3694 se
687 3633 1079 3697 considerata;
1114 3629 1232 3683 imo
1274 3625 1628 3698 quandoque
1676 3626 1940 3696 ipsorum
1973 3627 2067 3680 in-

416 3733 628 3787 teritus
681 3730 848 3783 nocet
904 3719 1146 3779 animali
1190 3718 1347 3790 quod
1378 3732 1446 3772 ea
1492 3716 1767 3783 habebat,
1802 3720 1865 3771 ut
1916 3723 2069 3773 recte

416 3820 559 3875 dicit
606 3816 795 3887 capite
842 3811 1094 3885 septimo
1143 3807 1281 3861 libri
1310 3806 1509 3875 hujus.
1544 3805 1718 3860 Recte
1761 3809 1957 3860 autem
2007 3805 2068 3859 in

417 3908 718 3966 habitibus
738 3904 833 3960 his
853 3897 1181 3958 calumnias
1204 3893 1676 3951 adversariorum
1706 3892 2070 3963 posuit,quia

414 3998 504 4053 ira
532 3996 709 4051 etiam
741 4008 875 4048 cum
909 3988 1134 4045 ratione
1165 3983 1567 4054 coniungitur,
1592 3982 1746 4038 sicut
1775 3998 1902 4052 qua:
1936 3999 2067 4037 con-

413 4091 508 4142 tra
537 4088 867 4155 peccatum,
896 4085 954 4134 et
984 4076 1264 4132 adversus
1296 4073 1397 4128 Dei
1430 4073 1650 4139 hostes,
1679 4087 1746 4127 ac
1776 4071 2067 4140 cupiditas

415 4177 571 4233 156
602 4171 968 4245 prudens,ut
995 4167 1053 4220 id
1087 4164 1243 4234 quod
1289 4161 1504 4217 melius
1551 4164 1639 4216 est
1686 4176 1927 4231 cupere;
1961 4165 2018 4215 et
2048 4177 2062 4217 τ

415 4264 695 4321 Desiderio
740 4256 1049 4315 desideravi
1094 4253 1193 4308 hoc
1245 4250 1453 4322 pascha
1501 4253 1840 4304 manducare
1886 4249 2062 4305 vobis-

412 4352 684 4423 cum(n):
724 4350 810 4404 ita
857 4346 1035 4402 etiam
1084 4346 1174 4398 est
1220 4338 1569 4412 imaginatio
1618 4354 1735 4393 non
1786 4354 2060 4409 praeceps.

411 4459 526 4513 qua
545 4434 946 4509 intelligibilia
965 4430 1488 4503 apprehendimus,
1513 4426 1623 4483 hoc
1645 4431 1840 4482 mente
1862 4432 2063 4484 nostra

412 4532 713 4586 facientes.

2199 590 2256 647 δὲ
2305 594 2501 668 ἀγαθὸν
2556 594 2811 672 πρόσεστι
2869 603 2985 661 τοῖς
3041 599 3161 653 οὖσι
3218 622 3352 657 κατα
3403 603 3594 682 φύσιν·
3651 609 3817 682 πολλὴ

2194 682 2371 738 τοίνυν
2405 680 2658 761 διαφορά.

2267 774 2390 829 Τῶν
2450 772 2609 828 θείων
2663 774 2878 849 ἀγαθῶν
2935 772 3136 847 ἕξεως.
3198 778 3510 850 Σημείωσαι
3566 785 3626 838 τὸ
3676 782 3819 859 ἕξεως

2194 860 2285 915 καὶ
2334 859 2622 939 ἐνεργείας’
2674 860 2791 918 ἰδοῦ
2840 865 2945 940 γὰρ
2993 867 3054 935 ἣν
3100 871 3329 942 προεῖπε
3369 866 3614 946 δύναμιν,
3642 876 3820 948 ταύτην

2192 953 2283 1003 νῦν
2315 948 2421 1021 ἕξιν
2451 952 2637 1030 φησὶν,
2671 954 2747 1016 ὡς
2776 954 3199 1030 ἡρμηνεύσαμεν
3232 959 3253 993 ³
3282 956 3332 1012 ἐν
3362 964 3476 1023 τοῖς
3509 961 3747 1041 ἀνωτέρω
3774 968 3817 1023 ἐν

2190 1041 2258 1114 τῇ
2296 1038 2506 1117 μεγάλῃ
2538 1047 2886 1121 παραγραφῇ.

2262 1128 2495 1217 Οὐκοῦν,
2528 1130 2573 1186 εἰ
2606 1132 2705 1187 ἀεί’
2738 1134 2861 1191 ’Ὁτι
2894 1132 2957 1189 οὐ
3000 1135 3175 1206 πάντη
3228 1136 3451 1214 ἄμοιροι
3495 1140 3546 1195 οἱ
3590 1139 3820 1217 δαίμονες

2190 1216 2290 1273 τοῦ
2316 1220 2538 1294 ἀγαθοῦ.

2262 1310 2339 1366 Τὸ
2369 1311 2473 1388 γὰρ
2523 1311 2603 1367 ἀεὶ
2654 1312 2871 1369 ταύτόν.
2923 1315 3048 1373 "Oti
3096 1315 3157 1371 τὸ
3207 1316 3287 1372 ἀεὶ
3329 1319 3547 1391 ταύτὸν,
3578 1320 3706 1379 ἴδιον
3735 1332 3817 1381 τοῦ

2193 1397 2415 1472 ἀγαθοῦ.

2261 1488 2429 1544 Κακοὶ
2486 1484 2543 1543 δὲ
2600 1490 2756 1547 εἶναι.
2808 1490 2906 1547 Διὰ
2937 1489 2991 1548 τί
3035 1494 3191 1550 κακοὶ
3242 1492 3491 1571 λέγονται
3547 1500 3598 1554 οἱ
3651 1499 3819 1576 δαίμο-

2187 1597 2275 1640 νες
2306 1595 2319 1646 ;

2261 1666 2461 1728 Δῦτοῖς
2510 1661 2753 1732 ἔκϐασις.
2826 1665 3084 1726 Ἕκόασιν
3159 1674 3260 1743 τήν
3334 1675 3676 1752 ἀναχώρησιν
3737 1687 3817 1736 τοῦ

2188 1753 2525 1828 ἁρμόζοντος
2560 1755 2729 1833 λέγει·
2775 1758 3018 1815 ἀτέλειαν
3074 1758 3132 1817 δὶ
3178 1764 3277 1832 τὴν
3320 1766 3418 1819 τοῦ
3454 1764 3684 1837 τελείου,
3711 1766 3816 1840 ἤτοι

2186 1850 2287 1912 τῆς
2310 1844 2658 1917 τελειότητος
2689 1849 2790 1917 τήν
2819 1846 3088 1924 ἔλλειψιν.

2261 1934 2534 2022 Φαντασία
2581 1940 2881 2012 προπετής.
2932 1939 2997 1994 Τί
3046 1939 3156 1995 ἐστι
3208 1944 3495 2019 φαντασία,
3543 1945 3592 2000 ἐν
3641 1948 3817 2022 πρώτῳ

2183 2021 2467 2097 κεφαλαίῳ
2498 2022 2719 2098 εἷ’πομεν
2731 2068 2744 2083 .

2258 2110 2431 2168 Ἀλλά
2485 2118 2671 2170 ταῦτα.
2715 2113 2857 2172 Ἰδοὺ
2906 2113 2996 2173 καὶ
3047 2119 3201 2195 ἒτὲρα
3250 2120 3407 2186 λύσις
3452 2126 3548 2180 τοῦ
3597 2127 3669 2199 μή
3700 2126 3813 2181 εἶναι

2182 2199 2246 2254 τὸ
2301 2202 2489 2275 κακὸν,
2550 2202 2705 2279 φύσει
2762 2206 2969 2279 κακὸν,
3024 2206 3171 2264 ἀλλὰ
3226 2213 3365 2266 κατὰ
3420 2208 3675 2270 ἔκπτωσιν
3725 2221 3805 2272 τοῦ

2183 2288 2409 2363 ἀγαθοῦ·
2467 2293 2528 2347 τὸ
2586 2294 2690 2367 γὰρ
2740 2293 2791 2350 ἐν
2846 2299 3003 2369 φύσει
3054 2298 3110 2353 ’ὸν
3161 2298 3241 2354 ἀεὶ
3276 2299 3536 2365 ὡσαύτως
3576 2297 3702 2379 ἔχει,
3729 2305 3803 2359 καὶ

2184 2377 2246 2434 οὗ
2278 2375 2699 2452 καταϐάλλεται,
2742 2383 2923 2461 ὥσπερ
2974 2385 3102 2441 αὐτὸ
3148 2388 3211 2442 τὸ
3243 2389 3465 2464 ἀγαθόν’
3497 2397 3557 2447 τὸ
3662 2375 3802 2448 κακὸν

2183 2465 2407 2523 ἄστατόν
2454 2468 2619 2542 ἐστιν,
2663 2470 2853 2542 ἐπειδὴ
2904 2474 3107 2552 φθείρει
3156 2476 3246 2531 καὶ
3294 2476 3521 2535 ἀλλοιοῖ
3563 2481 3622 2535 τὸ
3656 2501 3803 2555 προσ-

2180 2558 2368 2632 τυχὸν,
2401 2557 2476 2621 ὠς
2495 2560 2718 2633 εἶ’πομεν
2751 2560 2881 2620 ἅνω.
2916 2563 3125 2621 Οὐκοῦν
3158 2566 3257 2621 οὐκ
3298 2567 3351 2621 ἐν
3385 2567 3535 2646 φύσει
3563 2571 3622 2625 τὸ
3643 2570 3802 2638 κακὸν,

2180 2642 2361 2721 ὥσπερ
2414 2648 2501 2703 ἐπὶ
2549 2653 2656 2705 τῶν
2696 2648 2972 2725 δαιμόνων
3023 2656 3185 2724 φησὶν
3237 2657 3264 2710 ὁ
3316 2642 3463 2720 θεῖός
3494 2659 3644 2723 οὗτος
3669 2659 3801 2731 ἀνήρ’

2181 2734 2227 2790 εί
2276 2736 2378 2810 γὰρ
2430 2737 2529 2792 οὐκ
2574 2739 2654 2794 ἀεὶ
2708 2740 2867 2795 κακοὶ
2916 2743 2967 2796 οἱ
3014 2739 3296 2815 δαίμονες,
3353 2746 3414 2801 οὐ
3464 2746 3609 2825 φύσει
3650 2747 3801 2803 κακοί’

2178 2825 2241 2878 τὸ
2269 2826 2371 2900 γὰρ
2402 2824 2452 2879 ἐν
2484 2825 2640 2903 φύσει
2690 2826 2748 2882 ὃν
2800 2829 2881 2884 ἀεὶ
2912 2830 3171 2894 ὡσαύτως
3206 2829 3349 2909 ἔχει.
3392 2824 3680 2907 Ἀπὲδειξεν
3706 2836 3802 2905 οὖν,

2182 2913 2264 2966 ὅτι
2294 2913 2385 2967 καὶ
2418 2912 2672 2988 δαίμονες
2700 2918 2832 2972 καθὸ
2862 2917 2988 2988 εἰσὶ,
3030 2920 3119 2974 καὶ
3168 2926 3383 2992 νοοῦσι,
3421 2925 3511 2979 καὶ
3562 2930 3700 2995 ζῶσι,
3728 2926 3801 2979 καὶ

2181 2998 2356 3077 ἔφεσιν
2417 3001 2606 3078 ἔχουσι
2663 3009 2759 3060 τοῦ
2818 3008 3043 3082 ἀγαθοῦ,
3105 3009 3205 3066 οὐκ
3260 3011 3369 3067 εἰσί
3428 3012 3575 3090 φύσει
3622 3012 3799 3082 κακοὶ,

2181 3087 2327 3144 ἀλλά
2392 3092 2527 3146 κατὰ
2590 3098 2946 3170 παρατροπήν
3028 3101 3127 3152 τοῦ
3194 3087 3449 3172 ἀγαθοῦ,
3515 3101 3567 3157 ἐν
3635 3102 3676 3174 ᾧ
3727 3099 3799 3155 καὶ

2178 3175 2441 3254 ἐγένοντο.

2251 3362 2327 3433 [α]
2393 3358 2533 3418 Οὐδὲ
2594 3360 2729 3416 αὐτά
2800 3364 2919 3417 καθ’
2990 3365 3125 3420 αὑτὰ
3192 3369 3381 3425 κακά.
3440 3370 3499 3426 Ὁ
3565 3369 3721 3442 θυμὸς
3778 3369 3799 3421 ὁ

2178 3447 2383 3525 ἄλογος
2426 3452 2545 3505 καθ’
2594 3451 2803 3523 ἑαυτὸν,
2862 3454 2951 3507 καὶ
2999 3455 3033 3524 ἡ
3068 3452 3225 3519 ἄνους
3273 3455 3536 3531 ἐπιθυμία
3562 3460 3671 3522 καθ’
3698 3456 3798 3512 ἐαυ-

2175 3541 2297 3607 τὴν,
2331 3539 2419 3594 καὶ
2467 3541 2501 3609 ἡ
2549 3542 2829 3615 προπετὴς
2880 3543 3161 3616 φαντασία,
3224 3545 3286 3600 οὐ
3350 3548 3561 3610 πάντως
3602 3546 3682 3602 καὶ
3727 3543 3799 3600 ἐπὶ

2177 3629 2391 3683 πάντων
2425 3629 2609 3697 κακὸν,
2654 3631 2770 3683 καθ’
2819 3630 2979 3686 ἑαυτά
3031 3635 3402 3707 σκοπούμενα,
3452 3634 3571 3692 ἀλλ’
3602 3628 3702 3698 ἔσθ’
3727 3632 3800 3688 ὅτε

2176 3717 2266 3771 καὶ
2316 3719 2349 3786 ἠ
2396 3718 2660 3793 ἀναίρεσις
2707 3719 2884 3773 αὐτῶν
2925 3718 3247 3793 λυμαίνεται
3290 3730 3375 3797 τῷ
3432 3730 3595 3780 ταῦτα
3641 3722 3801 3799 ἔχοντι

2182 3806 2324 3877 ζώῳ,
2356 3801 2431 3867 ὥς
2476 3826 2607 3883 φησι
2661 3804 2885 3871 τελείως
2933 3808 2984 3864 ἐν
3032 3815 3113 3883 τῷ
3168 3817 3207 3881 ζ’
3256 3813 3539 3892 κεφαλαίῳ
3582 3811 3800 3869 τούτου³

2176 3897 2273 3947 τοῦ
2305 3892 2493 3968 λόγου.
2530 3892 2721 3958 Καλῶς
2743 3894 2799 3951 δὲ
2828 3898 2880 3951 ἓν
2910 3904 3030 3960 ταῖς
3085 3900 3301 3975 σχέσεσι
3353 3901 3566 3963 ταύταις
3610 3901 3671 3957 τὰ
3697 3897 3798 3955 δια-

2178 3978 2455 4039 ϐάλλοντα
2503 3986 2758 4054 τέθεικεν,
2793 3985 2908 4041 ἐπεί
2951 3988 3062 4045 ἐστι
3110 3991 3200 4045 καὶ
3251 3993 3425 4066 θυμὸς
3475 3993 3605 4065 μετά
3633 3989 3794 4065 λόγου,

2177 4073 2251 4134 ὡς
2291 4072 2318 4127 ὀ
2372 4073 2506 4128 κατὰ
2553 4080 2653 4143 τῆς
2704 4075 2989 4150 ἁμαρτίας,
3036 4077 3126 4132 καὶ
3173 4081 3310 4134 κατά
3354 4085 3463 4136 τῶν
3494 4083 3689 4157 ἑχθρῶν
3715 4078 3796 4132 τοῦ

2176 4167 2329 4217 Θεοῦ’
2388 4163 2477 4218 καὶ
2537 4164 2798 4236 ἐπιθυμία
2864 4160 3066 4233 ἔννους,
3126 4167 3199 4231 ὠς
3255 4170 3316 4223 τὸ
3374 4171 3645 4244 ἐπιθυμεῖν
3713 4168 3795 4221 τοῦ

2179 4249 2491 4325 βελτίονος·
2567 4252 2657 4306 καὶ
2725 4251 2823 4306 τό·
2897 4253 3191 4327 Ἐπιθυμίᾳ
3258 4257 3571 4331 ἐπεθύμησα
3633 4259 3792 4334 φαγεῖν

2170 4340 2232 4393 τὸ
2279 4340 2468 4414 πάσχα
2520 4344 2682 4394 τοῦτο
2737 4341 2853 4413 μεθ’
2900 4341 3050 4413 ὑμῶν
3079 4387 3091 4400 .
3140 4342 3332 4410 Οὕτως
3388 4346 3496 4402 ἔστῖ
3537 4345 3622 4402 καὶ
3683 4363 3791 4422 φαν-

2168 4429 2326 4484 τασία
2357 4430 2421 4483 οὐ
2449 4430 2749 4502 προπετὴς,
2789 4431 2907 4485 καθ’
2948 4432 3008 4500 ἣν
3052 4433 3403 4511 ἓφαπτόμεθα
3448 4441 3554 4491 τῶν
3584 4438 3790 4506 νοητῶν,

2168 4524 2246 4591 τῷ
2274 4524 2353 4593 νῷ
2379 4521 2539 4592 ἡμῶν
2570 4524 2732 4576 τοῦτο
2762 4525 3067 4587 ποιοῦντες.

482 4620 599 4676 Νοη
628 4617 869 4690 affectio,
898 4617 995 4667 Gr.
1027 4611 1063 4679 ἡ
1097 4605 1304 4682 σχέσις.
1325 4604 1538 4679 ,Σχὲσιν
1591 4603 1862 4659 habitum
1893 4611 2061 4662 vocat

2239 4610 2361 4686 Οὐχ
2408 4612 2441 4681 ἡ
2490 4610 2693 4686 σχέσις.
2747 4610 2947 4687 Σχίσιν
3013 4616 3105 4687 μὲν
3162 4637 3324 4693 φησιν
3371 4617 3500 4673 αὐτὸ
3545 4617 3604 4673 τὸ
3663 4609 3788 4688 ἔχειν

409 4708 598 4780 ipsam
631 4720 868 4778 quoquo
900 4701 1071 4756 modo
1106 4695 1566 4768 possessionem;
1602 4710 1730 4764 quae
1762 4710 1892 4750 vero
1922 4701 2057 4751 ante

410 4798 587 4866 dicta,
620 4795 729 4861 ira,
756 4794 1019 4863 inquam,
1045 4791 1102 4843 et
1136 4801 1268 4857 qua:
1306 4783 1623 4850 conjuncta
1654 4783 1909 4852 fuerunt,
1944 4784 2060 4839 vim

409 4886 629 4942 habent
666 4877 1065 4939 constituendi
1111 4870 1458 4929 animalium
1503 4873 1894 4941 quorumdam
1929 4890 2061 4944 pro-

409 4976 722 5046 prietatem
752 4975 811 5026 et
838 4970 899 5023 in
930 4982 998 5020 eo
1031 4963 1171 5019 talia
1199 4978 1316 5016 non
1349 4966 1490 5015 sunt
1519 4960 1765 5015 malum.

480 5062 587 5119 Sed
615 5063 892 5132 quatenus
920 5070 1037 5109 non
1080 5060 1175 5107 est.
1207 5047 1685 5104 Subaudiendum
1718 5049 1853 5102 κατὰ
1883 5048 2062 5126 φύσιν,

409 5152 712 5208 secundum
738 5153 1020 5202 naturam.

479 5244 781 5309 Nunquam
818 5235 986 5306 ipsas.
1021 5230 1103 5286 En
1136 5228 1290 5286 clare
1339 5225 1448 5283 hoc
1493 5225 1618 5283 loco
1650 5225 1813 5294 dicit,
1848 5229 2062 5287 deamo-

477 5415 562 5487 (η)
593 5411 731 5469 Luc.
764 5426 860 5481 xx,
896 5410 984 5466 15.

2167 4698 2377 4763 ἁπλῶς·
2426 4698 2492 4754 τὰ
2558 4696 2615 4753 δὲ
2662 4696 3057 4775 προειρημένα,
3102 4700 3246 4779 λέγω
3288 4702 3354 4776 δὴ
3413 4705 3581 4780 θυμὸς
3616 4702 3696 4758 καὶ
3737 4699 3791 4754 τὰ

2173 4789 2513 4860 συνημμένα,
2566 4795 2665 4858 τῆς
2726 4785 2778 4843 ἔν
2829 4810 2938 4844 τισι
2983 4793 3143 4860 ζώοις
3179 4790 3456 4866 ἰδιότητος
3509 4789 3785 4850 συστατικαὶ

2175 4875 2431 4950 δυνάμεις
2473 4876 2596 4949 εἶσὶ,
2642 4876 2733 4932 καὶ
2787 4879 2921 4934 κατᾶ
2971 4886 3134 4937 τοῦτο
3161 4883 3222 4939 οὐ
3274 4886 3439 4941 κακὸν
3479 4887 3544 4941 τὰ
3574 4881 3785 4938 τοιαῦτα.

2245 5053 2403 5112 Ἀλλ’
2527 5054 2626 5110 οὐκ
2663 5050 2793 5114 ἔστι.
2835 5058 2987 5115 Κατά
3024 5065 3212 5117 κοινοῦ
3249 5063 3311 5118 τὸ
3351 5063 3484 5119 κατά
3521 5060 3685 5140 φύσιν.

2245 5234 2321 5308 [γ]
2389 5233 2464 5288 0'5
2547 5234 2764 5305 μήποτε
2830 5234 2994 5301 αὐτάς
3028 5280 3041 5297 .
3109 5236 3250 5296 Ἰδοὺ
3332 5241 3554 5306 ενταῦθα
3626 5236 3789 5313 σαφῶς

1409 5531 1649 5590 νΑΒΙΔι
1689 5532 2084 5599 LEGTIONES
2123 5539 2212 5599 ET
2251 5540 2814 5605 CORRECTIONES.

476 5700 499 5734 ²
525 5696 633 5771 πρὸ
668 5694 885 5771 μικροῦ.
963 5692 984 5727 ³
1026 5689 1123 5744 τοῦ
1161 5679 1561 5763 προϐλήματος
1601 5681 1825 5744 τούτου.
