4034 6390
267 388 378 441 293

1035 389 1093 441 S.
1135 387 1405 440 MAXIM!
1447 386 1753 440 SCHOLIA
1793 388 1866 437 IN
1908 385 2038 438 LIB.
2082 388 2178 439 DE
2216 389 2486 443 DIVINIS
2525 389 2921 442 NOMINIBUS

3586 395 3690 446 29’;

268 529 458 585 φησιν,
493 510 576 563 ὅτι
608 507 660 578 ἐξ
690 504 944 583 ἀγγέλων
979 507 1032 561 oi
1081 503 1358 579 δαίμονες·
1391 505 1487 567 τὰς
1539 505 1642 580 γὰρ
1685 502 1928 567 δοθείσας

2056 524 2148 562 nes
2180 524 2309 564 esse
2339 527 2406 564 ex
2436 509 2692 582 angelis;
2718 529 2832 565 non
2855 511 3008 566 enim
3040 513 3256 568 donata
3287 514 3398 568 sibi
3431 507 3696 586 angelica

267 597 458 660 αὐτοῖς
518 595 811 673 ἁγγελικὰς
865 593 1072 669 δωρεὰς
1123 594 1222 649 οὐκ
1285 587 1687 666 ἀποϐάλλουσι,
1749 591 1931 647 τουτέ-

268 707 384 741 στιν
438 687 573 760 ὅπερ
632 685 694 740 ἐκ
750 683 962 761 φύσεως
1011 680 1231 759 ἔχουσιν
1283 683 1511 758 ἀγαθὸν,
1558 683 1622 737 οὐ
1686 681 1937 756 μετατρέ-

269 796 492 844 πουσιν,
528 774 574 830 εἶ
604 774 695 830 xui
726 773 882 828 αὐτοὶ
926 775 1002 846 μή
1059 770 1350 849 βούλονται
1403 771 1533 847 ὀρᾷν
1573 773 1635 826 τὸ
1668 771 1720 826 ἐν
1751 770 1933 832 αὐτοῖς

269 869 411 943 φῶς,
473 863 736 937 μύσαντες
781 863 954 917 αὐτῶν
999 861 1094 924 τὰς
1141 862 1511 936 ἀγαθοπτικάς
1542 858 1820 934 δυνάμεις,
1863 859 1937 920 ὡς

265 957 331 1009 τὸ
386 953 684 1030 εἰρημένον
741 954 862 1027 περὶ
913 957 1021 1006 τῶν
1070 950 1428 1027 Ἰσραηλιτῶν
1467 992 1479 1005 .
1533 949 1668 1011 Τοὺς
1730 948 1936 1027 ὀφθαλ-

272 1043 412 1116 μοὺς
501 1041 678 1096 αὐτῶν
764 1041 1106 1113 ἐκάμμυσαν,
1188 1039 1279 1094 καὶ
1355 1045 1474 1101 τοῖς
1552 1037 1683 1093 ὠσίν
1761 1038 1938 1093 αὐτῶν

270 1132 490 1208 βαρέως
587 1128 828 1199 ἤκουσαν
886 1175 902 1198 ,
1011 1131 1224 1203 μήποτε
1313 1128 1676 1202 ἐπιστρέψωσι
1727 1173 1740 1197 ,
1845 1127 1935 1182 καὶ

267 1221 513 1293 ἱάσωμαι
565 1217 780 1280 αὐτούς.
834 1216 1154 1290 Σημείωσαι
1207 1215 1283 1285 δὲ,
1337 1216 1419 1272 ὅτι
1470 1214 1789 1295 φωτοειδεῖς
1844 1216 1933 1270 καὶ

265 1311 320 1364 οἱ
354 1307 640 1382 δαίμονες,
678 1305 892 1381 μᾶλλον
947 1304 1004 1362 δὲ
1033 1311 1187 1384 φῶτα
1235 1307 1351 1362 κατ’
1393 1305 1600 1378 οὐσίαν,
1643 1306 1717 1369 ὡς
1764 1305 1935 1360 κοιὶοὶ

263 1398 461 1454 λοιποὶ
493 1395 740 1473 ἄγγελοι·
788 1395 931 1451 οὕτω
979 1397 1070 1451 καὶ
1120 1394 1174 1451 ἐν
1219 1394 1599 1471 Εὖαγγελίοιςο
1633 1396 1934 1470 Ἐθεώρουν

265 1489 362 1543 τὸν
398 1491 644 1544 Σατανᾶν
675 1486 750 1548 ὡς
779 1487 1084 1561 ἀστραπήν.

340 1573 420 1650 [δ]
473 1573 735 1650 Λέγονται
813 1573 994 1631 κακοί.
1063 1571 1186 1648 Οὐχ
1245 1572 1436 1636 ἁπλῶς
1510 1573 1574 1629 τὸ
1636 1572 1935 1647 λέγεσθαι,

263 1663 420 1721 ἀλλᾶ
447 1664 511 1720 τὸ
543 1664 601 1719 ὃν
632 1667 703 1738 τῇ
736 1662 889 1742 φύσει
923 1663 1210 1734 ζητητέον.
1243 1663 1320 1720 Τὸ
1370 1661 1450 1732 δὲ,
1483 1664 1618 1717 καθὸ
1650 1663 1749 1718 οὐκ
1779 1663 1934 1731 εἷ’σὶν,

263 1753 418 1809 οὕτω
482 1751 754 1824 νοητέον·
817 1751 895 1810 Οὐ
952 1753 1237 1827 γεγόνασιν
1297 1750 1386 1807 ἐπὶ
1443 1755 1769 1826 παρατροπῇ
1827 1756 1934 1806 τῶν

2046 612 2294 653 munera
2349 599 2653 669 abjiciunt,
2686 599 2744 654 id
2791 604 2879 655 est
2927 603 3146 656 bonum
3197 604 3352 673 quod
3401 621 3435 659 a
3486 610 3697 661 natura

2046 684 2284 757 habent,
2326 704 2440 743 non
2483 692 2772 756 evertunt,
2807 689 3075 760 quamvis
3124 690 3237 761 ipsi
3285 692 3472 748 nolint
3501 694 3695 751 videre

2046 773 2242 830 iumen
2297 792 2493 840 suum,
2543 777 2684 830 dum
2741 794 2880 832 suas
2937 779 3133 833 videre
3189 781 3451 837 valentes
3510 784 3694 838 facul-

2047 867 2198 919 tates
2239 865 2576 929 obstruunt,
2609 871 2675 919 ut
2726 865 3032 937 Scriptura
3063 869 3134 922 de
3167 869 3470 938 Israelitis,
3505 872 3696 928 Oculos

2045 967 2174 1006 suos
2222 954 2569 1017 clauserunt,
2601 959 2654 1009 et
2681 956 2913 1010 auribus
2959 958 3209 1026 graviter
3250 958 3566 1029 audierunt,
3597 977 3694 1015 ne-

2047 1042 2258 1111 quando
2303 1047 2722 1114 convertantur,
2751 1054 2802 1100 et
2847 1061 3038 1100 sanem
3087 1047 3226 1115 ipsos
3255 1048 3349 1117 (0).
3384 1048 3531 1104 Nota
3562 1066 3696 1105 vero

2047 1132 2342 1186 daemones
2403 1137 2614 1187 natura
2673 1151 2783 1188 sua
2840 1135 3017 1190 etiam
3076 1135 3305 1192 lucidos
3363 1153 3513 1208 esse,
3557 1140 3696 1208 quin

2048 1220 2244 1291 potius
2277 1221 2505 1276 lumina
2535 1226 2597 1276 ut
2628 1223 2818 1278 caeteri
2852 1224 3074 1294 angeli;
3111 1226 3194 1280 sic
3226 1225 3289 1282 in
3318 1227 3648 1299 Evangeliis
3683 1245 3695 1283 :

2055 1308 2308 1366 Videbam
2341 1310 2608 1365 Satanam
2638 1316 2904 1382 tanquam
2930 1314 3122 1384 fulgur
3143 1317 3242 1384 (ρ).

2120 1579 2269 1635 Μαίί
2297 1580 2680 1636 nominantur.
2706 1584 2831 1635 Non
2864 1581 3212 1654 simpliciter
3239 1585 3375 1655 quid
3408 1586 3702 1656 dicantur,

2049 1669 2149 1724 sed
2190 1668 2331 1739 quid
2382 1673 2595 1723 natura
2645 1670 2786 1737 sint,
2819 1672 3222 1741 quaerendum.
3278 1674 3430 1730 Illud
3480 1682 3702 1746 autem,

2049 1763 2344 1828 quatenus
2395 1773 2508 1811 non
2546 1761 2705 1824 sunt,
2740 1758 2820 1812 ita
2868 1759 3314 1832 intelligendum
3350 1781 3361 1819 :
3396 1765 3521 1820 Non
3575 1768 3703 1822 fuc-

264 1843 452 1908 θεόθεν
487 1842 673 1904 αὐτοῖς
721 1838 1028 1914 δεδομένων
1080 1841 1313 1916 ἀγαθῶν,
1361 1838 1521 1911 ἓξεών
1565 1861 1623 1896 τε
1666 1839 1757 1894 καὶ
1788 1839 1937 1917 ἐνερ-

2056 1851 2187 1901 runt
2218 1846 2395 1901 creati
2433 1846 2492 1900 in
2526 1847 2940 1917 depravatione
2971 1849 3242 1906 datorum
3278 1853 3390 1908 sibi
3424 1855 3705 1913 divinitus

260 1937 460 2011 γειῶν,
510 1931 703 2002 ἥντινα
755 1929 1106 2004 ἀποθέμενοι,
1153 1930 1408 2008 γεγόνασι
1459 1931 1639 2004 κακοὶ,
1697 1932 1815 1995 καθ’
1871 1932 1932 2000 ἢν

2056 1937 2358 2002 bonorum,
2409 1934 2840 2006 habituumque
2890 1942 2948 1992 et
2997 1938 3317 2011 actionum,
3349 1959 3525 2014 quam
3568 1963 3702 2000 cum

261 2023 368 2079 οὐκ
400 2020 504 2078 nisi
535 2021 599 2078 τὸ
640 2021 776 2076 εἶναι
808 2019 1095 2097 λαχόντες.

341 2205 419 2276 [α]
483 2201 585 2256 Kui
640 2205 738 2255 τοῦ
800 2202 875 2274 μὴ
936 2195 1137 2264 ὄντος.
1197 2202 1319 2262 Πῶς
1377 2201 1430 2254 οἱ
1484 2203 1582 2254 τοῦ
1646 2200 1722 2272 μὴ
1783 2194 1938 2264 ὄντος

261 2292 552 2370 ἐφιέμενοι
607 2294 706 2346 τοῦ
763 2293 934 2345 κακοῦ
995 2289 1250 2366 ἐφίενται,
1313 2287 1531 2344 λεκτέον
1583 2288 1827 2362 [οὕτως]
1875 2291 1936 2347 Ὁ

262 2383 399 2444 Θεὸς
462 2379 520 2436 6'v
575 2381 717 2435 ἐστιν
751 2378 885 2450 ὑπὲρ
940 2380 1009 2433 τὰ
1059 2375 1209 2433 ὅντω
1259 2377 1350 2432 xui
1402 2380 1436 2447 ἡ
1477 2376 1709 2448 ἀλήθεια
1752 2380 1844 2433 οὖν
1876 2379 1938 2433 τὸ

265 2467 329 2525 ὅν
365 2471 537 2539 ἐστιν,
571 2466 762 2538 ἐπειδή
794 2469 881 2524 xui
933 2470 968 2538 ἡ
1001 2467 1229 2538 ἀλήθεια
1261 2469 1288 2522 6
1336 2467 1464 2522 Θεός
1512 2467 1676 2522 ἐστιν’
1710 2467 1936 2530 εἰκότως

269 2563 365 2618 οὗν
422 2560 487 2614 τὸ
539 2558 907 2632 ἀντικείμενον
967 2561 1036 2632 τῇ
1080 2555 1308 2628 ἀΛηθείᾳ
1358 2554 1553 2630 ψεῦδός
1602 2557 1735 2628 ἐστι,
1798 2559 1940 2631 μήτε

269 2648 355 2705 ὅν·
421 2645 526 2720 ἔξω
583 2647 687 2724 γάρ
739 2647 848 2702 ἐστι
899 2650 994 2701 τοῦ
1044 2650 1179 2701 Θεοῦ
1229 2645 1531 2710 παντελῶς
1589 2648 1728 2720 μήτε
1778 2647 1934 2702 εἰκὼν

271 2737 547 2810 ἀληθείας
597 2733 677 2792 ὅν·
734 2734 885 2791 οὐδὲν
941 2735 1042 2812 γάρ
1102 2735 1297 2812 ἀγαθὸν
1347 2734 1405 2790 έκ
1458 2740 1555 2791 τοῦ
1612 2739 1746 2790 Θεοῦ
1797 2732 1937 2811 ἔχει.

272 2825 507 2897 Ἐπειδή
542 2825 600 2882 δὲ
638 2826 810 2891 πείθει
843 2826 992 2888 τινὰς
1027 2826 1174 2887 δικως
1206 2825 1338 2880 εἶναί
1369 2846 1444 2893 τι,
1487 2819 1634 2879 ἔσται
1664 2826 1937 2880 σκοτεινὸν

269 2919 366 2974 καὶ
421 2914 667 2992 ἀμυδρὸν
715 2919 826 2983 τῶν
878 2916 1129 2970 ὁπωσοῦν
1176 2909 1345 2969 ὅντων
1388 2913 1642 2972 εἴδωλον.
1696 2916 1789 2969 Διὸ
1847 2915 1939 2970 καὶ

267 3005 518 3083 ἐνεργείᾳ
573 3002 851 3078 ε’ίδωλον,
909 3004 1000 3059 καὶ
1059 3003 1303 3080 ἐνεργείᾳ
1355 3001 1551 3078 ψεῦδος
1589 3049 1602 3073 ,
1663 3005 1940 3060 τουτέστιν

261 3096 554 3167 ἀληθινῶς
585 3095 722 3149 ‘xui
771 3091 938 3156 ὄντως
993 3091 1210 3167 ψεῦδος-θ
1268 3092 1386 3157 ὅθεν
1435 3094 1525 3148 καὶ
1575 3092 1815 3170 ἐνεργείᾳ
1862 3095 1937 3167 μὴ

264 3185 350 3259 ὃν,
404 3186 513 3241 οὐκ
557 3179 618 3240 ὅν
667 3182 802 3252 ἐστι,
849 3183 939 3238 καὶ
973 3178 1140 3244 ὅντως
1177 3183 1252 3256 μὴ
1287 3178 1368 3240 ὅν.
1403 3187 1708 3258 Τοιγαροῦν
1755 3179 1937 3259 ὥσπερ

265 3277 361 3332 καὶ
396 3273 491 3330 ἐπὶ
520 3278 630 3329 τῶν
653 3271 866 3348 ψευδῶς
918 3267 1111 3341 ὄντων,
1143 3287 1234 3327 καί
1264 3273 1326 3327 τὸ
1375 3271 1502 3328 ὅλον
1547 3277 1708 3328 τοῦτο
1742 3271 1937 3345 ψεῦδος
1971 3251 2014 3318 C

270 3363 480 3435 ὄντων,
530 3364 593 3418 τὸ
638 3359 859 3436 ψεῦδος,
909 3360 1208 3436 ἀναιρεθὶν,
1254 3366 1426 3416 πᾶσαν
1471 3363 1570 3430 τήν
1615 3359 1799 3415 οὐσίαν
1847 3366 1944 3416 τοῦ

273 3457 607 3530 πράγματος
663 3453 894 3527 ἀναιρεῖο
956 3450 1100 3506 οὕτω
1156 3451 1245 3505 καὶ
1280 3452 1307 3504 6
1351 3455 1447 3504 τοῦ
1505 3447 1733 3523 ψεύδους
1783 3449 1943 3526 ἐρῶν,

280 3542 472 3618 ὥσπερ
523 3543 576 3597 οἱ
627 3539 884 3615 δαίμονες
915 3585 929 3612 ,
978 3543 1075 3593 τοῦ
1127 3540 1204 3613 μή
1255 3535 1407 3600 ὄντος
1459 3539 1574 3614 έρᾷ,
1622 3540 1710 3593 καὶ
1765 3537 1815 3593 ἐν
1866 3544 1945 3611 τῷ

279 3633 422 3702 ὄντι,
471 3631 750 3687 τουτέστιν
785 3629 836 3684 ἐν
888 3633 958 3703 τῇ
1007 3626 1240 3699 ἀληθείᾳ
1287 3627 1396 3702 οὐχ
1422 3624 1670 3697 ἕστηκεν,
1705 3627 1778 3690 ὠς
1807 3627 1941 3697 αὐτὴ

280 3727 318 3792 ἡ
349 3720 604 3792 Αλήθειά
649 3741 835 3797 φησιν.
892 3720 958 3776 Οἱ
1008 3717 1100 3773 οὗν
1153 3715 1428 3790 δαίμονες,
1479 3718 1658 3778 καθώς
1701 3738 1862 3793 φησιν
1918 3718 1945 3772 6

289 3814 520 3882 Ἰησοῦς,
577 3813 802 3883 ψεῦσται
858 3804 1042 3880 ὄντες,
1101 3807 1191 3861 καὶ
1249 3808 1478 3880 πατέρες
1531 3805 1630 3861 τοῦ
1688 3803 1945 3880 ψεύδους,

281 3899 406 3955 οὔτε
442 3899 571 3968 εἶσὶ,
605 3899 693 3952 καὶ
726 3901 823 3951 τοῦ
859 3897 933 3969 μή
987 3892 1140 3958 ὄντος
1190 3895 1447 3973 ἐφίενται,
1481 3897 1605 3949 ὅταν
1657 3894 1747 3949 καὶ
1778 3899 1945 3950 κακοῦ

277 3989 524 4068 ἐφίενται
552 3990 652 4043 τοῦ
682 3981 937 4058 ψεύδους.

501 4081 530 4147 §
586 4077 780 4134 XXIV.
847 4073 915 4131 Ei
972 4071 1030 4128 δὲ
1085 4073 1145 4127 τὸ
1200 4071 1542 4137 κακύνεσθαι.
1604 4071 1944 4144 Σημείωσαι,

278 4168 366 4222 ὅτι
428 4167 493 4220 τὸ
557 4164 897 4239 συγγίνεσθαι
953 4167 1143 4223 κακοῖς
1231 4160 1318 4215 ἐπὶ
1393 4160 1626 4236 προνοίᾳ
1698 4164 1797 4216 τοῦ
1855 4160 1945 4215 καὶ

275 4255 422 4311 αὐτὰ
475 4252 828 4328 ἀγαθύνεσθαι
867 4253 887 4288 ⁵
938 4251 998 4305 οὐ
1056 4251 1243 4320 κακὸν,
1305 4252 1441 4304 κατὰ
1492 4251 1554 4304 τὸ
1607 4249 1893 4324 εἰρημένον
1929 4267 1943 4280 ’

278 4343 592 4421 Ἐγενόμην
666 4346 787 4404 τοῖς
865 4340 1145 4413 ἀνόμοις,
1206 4338 1282 4402 ὠς
1356 4340 1610 4412 ἄνομος,
1685 4337 1778 4393 τίνα
1855 4341 1945 4394 καὶ

277 4434 528 4507 ἀνόμους
582 4427 857 4506 κερδήσω.
888 4431 1136 4504 Ἕφημεν
1195 4425 1254 4483 δὲ
1307 4429 1396 4482 καὶ
1451 4427 1706 4502 ἀνωτέρω
1754 4427 1804 4482 ἐν
1864 4432 1945 4500 τῷ

281 4530 319 4578 ε’
379 4519 687 4600 κεφαλαίῳ,
739 4519 815 4591 μὴ
889 4517 1135 4588 παντελῆ
1209 4517 1459 4589 στέρησιν
1534 4517 1779 4590 γενέσθαι
1847 4521 1944 4571 τοῦ

2047 2027 2468 2096 apposuerunt,
2505 2022 2641 2079 mali
2676 2029 3012 2097 evaserunt,
3047 2026 3104 2082 in
3138 2044 3256 2099 qua
3286 2035 3560 2088 naturam
3594 2035 3703 2089 mi-

2049 2113 2208 2168 nime
2238 2115 2608 2184 acceperunt.

2118 2205 2366 2274 Dumque
2397 2201 2453 2257 id
2483 2202 2622 2272 quod
2652 2219 2762 2258 non
2793 2213 2890 2260 est.
2926 2205 3227 2268 Quomodo
3261 2208 3360 2280 qui
3397 2212 3553 2282 quod
3587 2230 3700 2270 non

2049 2296 2137 2349 est
2193 2295 2502 2364 appetunt,
2564 2291 2782 2347 malum
2845 2297 3496 2366 appetant-dicendum
3550 2303 3702 2375 [sic].

2049 2381 2205 2437 Deus
2239 2385 2326 2436 est
2357 2397 2460 2436 ens
2492 2397 2671 2452 supra
2716 2382 2895 2453 entia,
2919 2387 2975 2438 et
3005 2385 3220 2441 veritas
3252 2387 3430 2459 igitur
3457 2396 3549 2446 est
3579 2407 3704 2459 ens,

2050 2470 2325 2542 quoniam
2363 2475 2514 2525 Deus
2539 2475 2628 2526 est
2659 2470 2903 2540 veritas;
2939 2473 3145 2530 merito
3177 2492 3313 2548 ergo
3347 2478 3573 2536 veritati
3607 2499 3705 2553 op-

2049 2559 2290 2630 ponitur
2335 2557 2583 2625 falsitas,
2632 2576 2758 2631 quzs
2810 2566 2902 2616 est
2951 2579 3064 2617 non
3117 2580 3245 2635 ens,
3279 2583 3414 2622 nam
3466 2585 3705 2640 prorsus

2050 2653 2210 2703 extra
2240 2648 2424 2702 Deum
2458 2652 2568 2714 est,
2601 2665 2793 2720 neque
2825 2655 2914 2706 est
2942 2651 3209 2709 veritatis
3240 2653 3456 2729 imago,
3479 2658 3703 2714 nullum

2051 2737 2208 2793 enim
2241 2755 2274 2792 a
2305 2741 2416 2792 Deo
2444 2737 2666 2792 bonum
2699 2737 2900 2806 habet;
2936 2741 3216 2811 quoniam
3241 2750 3438 2800 autem
3466 2763 3706 2818 persua-

2051 2827 2150 2882 det
2181 2827 2542 2898 quibusdam
2577 2843 2816 2895 prorsus
2841 2845 2969 2884 esse
2994 2827 3240 2900 aliquid,
3264 2833 3578 2892 obscurum
3603 2839 3712 2893 erit

2053 2933 2120 2972 ac
2151 2921 2324 2972 tenue
2350 2932 2548 2970 rerum
2583 2915 2674 2971 vix
2693 2916 3106 2972 exsistentium
3129 2919 3518 2979 simulacrum
3545 2941 3557 2978 :
3586 2943 3713 2994 pro-

2054 3012 2251 3079 pterea
2282 3009 2337 3060 et
2365 3004 2626 3061 efﬁcacia
2656 3005 3065 3076 simulacrum,
3091 3013 3150 3063 et
3177 3010 3438 3067 efﬁcacia
3469 3013 3707 3084 falsum,

2052 3095 2109 3150 id
2141 3099 2230 3151 est
2261 3109 2391 3150 vero
2413 3111 2480 3149 ac
2505 3093 2738 3149 realiter
2766 3093 3014 3163 falsum;
3051 3097 3201 3152 unde
3228 3105 3287 3153 et
3311 3100 3571 3159 efﬁcacia
3593 3121 3707 3160 non

2051 3201 2177 3254 ens,
2205 3201 2270 3240 ac
2302 3182 2538 3239 realiter
2568 3200 2684 3238 non
2719 3201 2845 3254 ens,
2869 3200 3004 3239 cum
3039 3203 3154 3241 non
3187 3187 3266 3242 sit
3295 3194 3384 3245 est
3416 3196 3707 3263 tamen,et

2054 3273 2288 3329 realiter
2332 3289 2448 3328 non
2495 3276 2602 3328 est.
2637 3274 2839 3343 Itaque
2869 3273 3022 3328 sicut
3051 3275 3225 3330 etiam
3258 3276 3316 3331 in
3349 3277 3516 3345 falso,
3549 3283 3706 3337 exsi-

2055 3362 2347 3419 stentibus
2378 3378 2444 3416 ac
2483 3361 2750 3416 omnium
2783 3361 2997 3417 falsum
3032 3363 3140 3418 hoc
3173 3367 3318 3422 157
3365 3369 3704 3426 exsistenti-

2053 3453 2186 3516 bus,
2212 3449 2428 3506 falsum
2462 3449 2745 3516 ablatum,
2770 3468 3006 3507 omnem
3031 3453 3112 3508 rei
3139 3457 3460 3512 essentiam
3483 3461 3703 3517 aufert:

2055 3542 2141 3596 sic
2171 3557 2406 3611 quoque
2460 3538 2736 3595 falsitatis
2783 3557 2991 3596 amans
3025 3548 3087 3596 ut
3115 3544 3425 3616 daemones,
3461 3555 3618 3604 amat
3648 3551 3704 3606 id

2055 3630 2212 3700 quod
2247 3647 2360 3684 non
2384 3631 2490 3696 est,
2516 3645 2580 3683 ac
2609 3627 2669 3682 in
2699 3645 2766 3684 eo
2793 3630 2949 3699 quod
2981 3636 3069 3686 est
3099 3649 3203 3687 seu
3235 3633 3294 3688 in
3314 3636 3560 3694 veritate
3592 3657 3704 3695 non

2056 3725 2190 3789 stat,
2232 3718 2381 3774 sicut
2412 3718 2642 3774 Veritas
2689 3718 2819 3789 ipsa
2860 3719 3000 3774 dicit
3027 3721 3120 3791 (q).
3159 3722 3459 3780 Demones
3499 3727 3704 3799 igitur,

2056 3807 2210 3863 sicut
2240 3807 2412 3862 Jesus
2457 3807 2560 3870 ait,
2596 3807 2906 3862 mendaces
2938 3809 3286 3866 exsistentes
3318 3829 3385 3868 ac
3415 3817 3705 3872 mendacii

2056 3903 2272 3969 patres,
2308 3912 2497 3966 neque
2528 3899 2687 3965 sunt,
2722 3913 2787 3950 ac
2830 3895 2888 3950 id
2924 3899 3080 3968 quod
3132 3917 3248 3955 non
3279 3907 3368 3956 est
3397 3911 3702 3976 appetunt,

2056 3985 2292 4057 quando
2326 3983 2548 4040 malum
2583 3983 2856 4039 falsitatis
2887 3992 3190 4057 appetunt.

2125 4077 2153 4143 §
2201 4073 2401 4129 XXIV.
2452 4075 2552 4126 Sin
2611 4089 2732 4128 vero
2787 4074 3100 4145 depravari.
3153 4077 3324 4145 Nota,
3373 4085 3706 4139 conversari

2057 4179 2191 4219 cum
2242 4162 2439 4230 malis,
2475 4163 2854 4234 providendo,
2892 4167 2953 4217 ut
3001 4165 3178 4219 etiam
3235 4167 3387 4222 bona
3437 4171 3706 4243 evadant,

2056 4269 2170 4307 non
2205 4251 2450 4316 malum,
2476 4253 2648 4321 juxta
2687 4251 3051 4322 Scripturam
3088 4267 3100 4306 :
3135 4256 3333 4311 Factus
3361 4274 3482 4313 sum
3509 4261 3579 4315 iis
3611 4265 3710 4331 qui

2054 4343 2172 4396 sine
2219 4342 2338 4411 lege
2367 4349 2544 4409 erant,
2588 4345 2855 4412 tanquam
2886 4341 3006 4396 sine
3050 4343 3189 4416 lege,
3227 4349 3286 4400 ut
3327 4347 3708 4417 lucrifacere-1n

2053 4447 2140 4488 eos
2189 4433 2285 4504 qui
2333 4433 2454 4486 sine
2501 4431 2732 4500 tege(r).
2767 4430 3033 4485 Diximus
3076 4438 3272 4488 autem
3322 4437 3596 4505 superius
3647 4438 3706 4493 in

2054 4521 2246 4591 capite
2276 4520 2478 4591 quinto
2501 4535 2616 4573 non
2639 4535 2768 4574 esse
2797 4519 3131 4574 absolutam
3156 4522 3290 4576 boni
3319 4524 3704 4593 privationem

279 4611 488 4686 ἀγαθοῦ
529 4609 580 4664 ἐν
626 4613 740 4670 τοῖς
791 4608 961 4677 οὖσιν,
1011 4605 1126 4661 ἐπεὶ
1172 4605 1261 4660 καὶ
1311 4603 1586 4674 παντελὴς
1635 4605 1839 4680 ἐγένετο
1885 4603 1938 4660 ἂν

2056 4607 2114 4662 in
2146 4623 2343 4662 rerum
2391 4612 2620 4674 natura,
2647 4605 2788 4675 quia
2830 4605 3099 4660 absoluta
3129 4625 3363 4679 quoque
3392 4617 3550 4666 esset
3579 4629 3707 4668 cor.

282 4701 466 4777 φθορά
509 4698 601 4754 καὶ
659 4696 828 4766 αὐτῆς
872 4703 974 4765 τῆς
1027 4697 1255 4774 φθορᾶς,
1324 4692 1470 4748 ἀλλά
1522 4696 1638 4748 κατ’
1693 4692 1942 4768 ἔλλειψιν

277 4793 378 4844 τοῦ
410 4789 617 4864 ἀγαθοῦ
662 4787 916 4860 μερικήν.
965 4783 1172 4842 Οὐκοῦν
1204 4784 1340 4839 κατὰ
1371 4789 1533 4838 τοῦτο
1561 4780 1686 4838 οὔτε
1716 4786 1750 4852 ἡ
1785 4785 1938 4858 ψυχὴ

278 4875 550 4938 παντελὲς
579 4870 696 4952 ἔχει
740 4875 802 4930 τὸ
849 4876 1034 4942 κακὸν,
1069 4871 1216 4928 ἀλλά
1259 4873 1322 4928 τὸ
1354 4873 1446 4945 μὲν
1493 4869 1618 4942 ἕξει,
1651 4873 1711 4927 τὸ
1744 4869 1802 4927 δὲ
1833 4872 1942 4947 οὐχ

277 4967 404 5038 τέξει·
440 4965 532 5021 καὶ
575 4966 638 5019 τὸ
690 4965 785 5037 μὲν
816 4962 1018 5038 ἀγαθὸν
1066 4959 1348 5030 οὐσιῶδες,
1380 4961 1443 5016 τὸ
1493 4958 1551 5015 δὲ
1597 4961 1760 5016 κακὸν
1804 4957 1940 5030 ἔξω·

279 5068 390 5120 θεν.
423 5051 604 5110 Ἃλλὰ
655 5053 745 5108 καὶ
788 5051 960 5114 οὕτως
1012 5049 1124 5126 ἐρεῖ
1169 5072 1250 5113 τις
1284 5050 1446 5105 κακὸν
1495 5050 1626 5104 εἶναι
1680 5053 1748 5122 τῇ
1782 5052 1936 5124 ψυχῇ

277 5146 368 5200 τὸν
431 5139 775 5216 ἐμποδισμὸν
833 5144 931 5206 τῆς
993 5139 1196 5203 οἲκείας
1243 5140 1376 5194 κατά
1434 5139 1591 5217 φύσιν
1649 5137 1934 5213 ἐνεργείας.

277 5234 343 5291 Εἰ
371 5234 462 5289 καὶ
515 5231 710 5305 ἔξωθεν
753 5229 933 5285 τοίνυν
978 5230 1045 5298 ἦν
1079 5229 1107 5283 6
1139 5226 1508 5302 ἐμποδισμὸς,
1542 5227 1667 5284 ἀλλ’
1715 5227 1811 5282 οὖν
1863 5227 1939 5290 ὠς

2054 4696 2247 4766 ruptio
2277 4695 2466 4767 ipsius
2499 4695 2674 4750 etiam
2711 4694 3138 4762 corruptionis;
3173 4713 3370 4753 verum
3419 4699 3477 4754 in
3523 4703 3706 4774 parti-

2054 4784 2238 4840 culari
2270 4785 2408 4839 boni
2440 4784 2669 4838 defectu
2699 4783 2947 4854 (malum
2981 4784 3344 4854 consistere).
3379 4790 3581 4860 Itaque
3613 4808 3705 4848 se-

2053 4874 2314 4929 cundum
2334 4873 2444 4928 hoc
2469 4889 2657 4943 neque
2679 4872 2875 4927 anima
2897 4872 3232 4928 absolutum
3255 4875 3433 4931 habet
3455 4879 3702 4949 malum,

2055 4963 2152 5018 sed
2189 4979 2372 5016 unum
2407 4962 2642 5032 quidem
2686 4960 2944 5027 habebit,
2978 4959 3227 5016 alterum
3280 4980 3394 5019 non
3433 4964 3704 5034 habebit;

2053 5056 2107 5106 et
2139 5051 2292 5121 quod
2329 5051 2568 5115 bonum,
2593 5048 2906 5104 essentiale
2927 5051 3206 5120 est,quod
3232 5055 3425 5107 autem
3461 5054 3706 5126 malum,

2054 5140 2421 5196 extrinsecus
2469 5138 2700 5193 accidit.
2751 5140 2843 5208 At,
2893 5138 2988 5193 his
3039 5139 3215 5194 etiam
3265 5142 3501 5212 positis,
3556 5145 3709 5200 dicet

2055 5227 2189 5298 quis
2220 5226 2439 5283 malum
2473 5243 2600 5282 esse
2651 5225 2860 5282 animas
2909 5225 3424 5303 impedimentum,
3459 5234 3706 5306 propria

352 5414 429 5487 (0)
458 5412 666 5471 Matth.
701 5426 828 5480 xm,
861 5410 947 5467 15.
1021 5409 1105 5482 (p)
1134 5409 1272 5468 Luc.
1304 5425 1366 5477 x,
1395 5409 1488 5466 18.
1566 5409 1644 5481 (q)
1671 5409 1843 5468 Joan.
1872 5426 1938 5466 v1:

2056 5408 2122 5465 ιι.
2199 5407 2273 5479 (r)
2303 5406 2331 5461 Ι
2362 5405 2492 5462 Cor.
2523 5421 2602 5474 1x,
2633 5404 2723 5460 21.

1298 5587 1540 5647 VARle
1577 5587 1965 5648 LECTIONES
2005 5586 2096 5645 ET
2134 5580 2691 5645 CORRECTIONES.

353 5681 690 5757 δάληθινὸν.
768 5683 1088 5760 ⁸ἀγαθῢναι.
1157 5680 1160 5683 ’
