4034 6388
405 358 515 412 295

1218 356 1583 409 APPENDIX
1623 356 1719 406 AD
1758 354 1996 408 OPERA
2036 355 2096 407 Β.
2137 352 2457 411 DIONYSII
2498 359 3007 417 AREOPAGITE.

3713 368 3820 422 206

408 487 735 543 secundum
764 487 1036 541 naturam
1067 479 1454 555 operationis;
1485 497 1620 553 ergo
1652 478 1922 550 quamvis
1951 494 2031 535 ex-

2166 475 2221 532 ὲν
2267 478 2445 553 σκότῳ
2497 479 2722 556 βλέπειν
2770 483 3092 559 κωλυομένη
3143 490 3336 564 ψυχὴ,
3386 511 3613 560 ποιησει
3663 494 3819 550 κακά.

406 576 698 632 trinsecus
739 575 841 630 fiat
885 572 1402 645 impedimentum,
1435 567 1821 626 nihilominus
1851 572 2049 624 tamen

406 667 603 719 anima
623 663 784 721 velut
818 663 876 719 in
898 661 1158 718 tenebris
1176 661 1372 716 videre
1401 659 1718 732 prohibita,
1743 657 1899 713 mala
1928 674 2054 730 per-

401 754 679 825 petrabit.
728 754 814 808 Ad
868 753 1021 825 quod
1074 750 1413 821 dicendum,
1462 764 1531 804 ex
1578 748 1749 805 dictis
1797 746 2050 803 inveniri

400 841 894 914 impedimentum
923 856 1052 897 esse
1083 839 1219 895 mali
1252 838 1605 909 eil‘ectivum,
1638 854 1753 893 non
1785 851 1919 892 vero
1951 852 2052 908 per

401 947 465 987 se
496 931 743 986 malum.
779 930 1000 988 Malitia
1030 929 1185 985 enim
1234 944 1349 983 non
1380 931 1469 983 est
1510 926 1769 999 primum
1803 925 2048 995 malum,

401 1020 504 1077 sed
538 1019 763 1092 species
804 1018 964 1087 mali,
998 1018 1150 1073 sicut
1178 1017 1367 1073 virtus
1409 1020 1500 1073 est
1547 1015 1689 1089 quid
1721 1015 1792 1073 ad
1825 1015 2048 1071 bonum

404 1110 714 1181 adjuvans,
745 1125 858 1163 non
891 1107 1148 1180 primum
1183 1107 1427 1162 bonum.

476 1198 646 1266 Quasi
691 1196 910 1252 malum
939 1196 1012 1252 sit
1040 1212 1124 1251 res
1168 1196 1384 1267 aliqua.
1418 1196 1479 1250 Id
1511 1198 1620 1263 est,
1655 1193 1878 1250 malum
1931 1211 2048 1249 non

398 1290 487 1343 est
518 1287 779 1358 quaedam
811 1286 1091 1353 essentia,
1122 1284 1264 1357 quin
1298 1300 1490 1356 neque
1536 1284 1598 1339 in
1648 1283 1823 1339 rebus
1850 1284 1921 1338 ad
1953 1301 2047 1340 es-

397 1375 647 1431 sentiam
693 1374 1128 1447 pertinentibus
1176 1374 1459 1441 cernitur,
1491 1378 1774 1445 tanquam
1823 1372 2045 1444 aliquid

397 1466 547 1536 quod
592 1464 741 1520 hanc
775 1463 1069 1536 complere
1111 1461 1322 1533 valeat,
1354 1463 1508 1519 sicut
1549 1462 1735 1517 virtus
1768 1466 1823 1517 et
1852 1462 2046 1518 effica-

394 1554 484 1610 cia
516 1552 769 1622 malum;
804 1570 870 1609 ac
902 1570 1043 1609 sane
1083 1553 1141 1608 in
1185 1551 1289 1609 tali
1338 1550 1638 1609 sententias
1686 1551 2047 1623 expositione

391 1643 706 1700 universus
756 1642 948 1699 Patris
1001 1642 1155 1698 circa
1208 1643 1317 1698 hoc
1366 1644 1782 1715 argumentum
1830 1657 2045 1715 scopue

391 1732 643 1788 videtur.

461 1821 567 1878 Sed
596 1828 659 1876 ut
685 1821 946 1890 delectus.
980 1821 1282 1886 Quomodo
1315 1820 1537 1877 malum
1567 1820 1950 1894 intelligatur.

459 1910 488 1984 Ξ
521 1910 681 1966 XXV.
720 1911 918 1966 Verum
945 1927 1046 1966 nec
1091 1909 1150 1964 in
1198 1910 1557 1966 animalibus.
1589 1910 1789 1982 Neque
1820 1913 1876 1967 in
1910 1911 2036 1968 ani-

390 1998 647 2055 malibus
677 1998 922 2054 rationis
953 1998 1289 2071 expertibus
1321 1998 1543 2054 malum
1577 2016 1724 2069 esse,
1759 2001 2037 2072 quoniam

391 2107 505 2147 non
540 2094 680 2147 sunt
708 2094 919 2145 natura
951 2092 1129 2159 mala,
1152 2089 1292 2162 quin
1319 2106 1509 2162 neque
1534 2089 1770 2146 illorum
1799 2091 2036 2148 habitus

389 2181 552 2252 mali,
582 2180 764 2237 veluti
794 2181 902 2246 ira,
934 2180 1250 2252 cupiditas,
1280 2180 1624 2252 imaginatio
1658 2198 1932 2254 praeceps.

460 2271 522 2327 Si
576 2270 726 2326 enim
781 2271 1089 2326 sustuleris.
1123 2269 1560 2327 Irrationalium
1609 2270 1851 2328 habitus
1905 2288 2034 2328 esse

391 2360 712 2429 naturales,
746 2359 899 2415 sicut
936 2359 1089 2415 leoni
1121 2363 1178 2415 et
1208 2359 1517 2432 reptilibus
1561 2359 1669 2426 ira,
1700 2365 1757 2416 et
1785 2361 2034 2417 canibus

386 2449 641 2506 latrandi
700 2448 976 2517 facultas;
1033 2449 1188 2504 unde
1245 2453 1309 2504 ut
1359 2449 1675 2506 naturales:
1725 2467 1840 2506 non
1892 2456 2034 2508 sunt

388 2537 554 2596 mali.

460 2632 490 2708 §
519 2627 721 2691 XXVI.
752 2634 862 2692 Sed
888 2650 1060 2706 neque
1089 2631 1149 2689 in
1177 2638 1310 2690 toto.
1342 2630 1563 2689 Natura
1591 2635 1680 2688 est
1710 2628 2032 2688 babitualis

387 2740 483 2781 ars
516 2725 709 2781 divina
741 2725 813 2780 ad
842 2724 1279 2797 generationem
1312 2723 1710 2796 progrediens,
1742 2721 1909 2793 cujus
1940 2721 2031 2776 di-

384 2814 530 2869 vinae
580 2816 722 2870 artis
772 2814 1034 2881 effectus,
1088 2814 1231 2871 I58
1282 2812 1493 2886 plantas
1547 2815 1602 2868 et
1650 2808 1929 2867 animalia
1977 2813 2033 2866 et

384 2903 633 2973 fructus,
658 2902 1201 2975 elementorumque
1232 2903 1384 2958 inter
1405 2919 1466 2958 se
1493 2900 1870 2970 mutationes,
1894 2904 1951 2955 et
1970 2899 2029 2954 in

383 2992 719 3048 universum
746 2992 1003 3049 essentia
1032 2993 1359 3048 secundum
1384 2990 1642 3063 seipsam
1664 3004 1868 3044 eorum
1900 3004 2029 3060 quae

380 3083 804 3152 producuntur,
828 3098 953 3153 qua:
977 3086 1068 3137 est
1097 3081 1454 3154 principium
1502 3083 1697 3135 motus
1727 3082 1784 3133 et
1813 3081 2028 3133 status.

382 3169 547 3225 Sicut
586 3170 764 3242 igitur
791 3170 849 3226 in
879 3171 951 3226 iis
982 3170 1085 3242 qui
1128 3186 1322 3227 ceram
1353 3170 1510 3225 varie
1559 3169 1809 3240 ﬁngunt,
1844 3170 2026 3222 artes-

377 3272 492 3329 que
522 3236 782 3332 fingendi
830 3236 1121 3327 exercent,
1156 3275 1396 3315 necesse
1444 3262 1533 3314 est
1578 3236 1803 3328 aliquid
1843 3254 2025 3311 inhzs-
2056 3236 2099 3304 C

376 3362 524 3415 rere,
559 3348 617 3404 id
650 3352 742 3405 est
774 3348 1059 3405 rationem
1093 3365 1161 3404 ac
1193 3351 1448 3403 mentem
1483 3363 1611 3418 quae
1664 3362 1767 3418 per
1815 3361 2029 3401 manus

375 3451 484 3493 sua
513 3438 788 3509 exprimit
816 3454 1020 3508 opera;
1053 3437 1138 3492 sic
1168 3436 1346 3492 etiam
1386 3438 1445 3491 in
1482 3435 1885 3492 universorum
1918 3450 2027 3489 na-

374 3530 528 3591 tura.
561 3526 781 3598 aliquid
816 3526 872 3581 in
907 3525 1053 3597 ipsis
1106 3533 1323 3596 manet,
1358 3525 1413 3579 id
1447 3529 1538 3582 est
1569 3526 1757 3580 virtus
1804 3541 1906 3580 seu
1939 3523 2025 3577 fa-

373 3612 583 3682 cultas,
616 3632 733 3670 non
766 3616 1041 3670 manibus
1071 3631 1344 3687 operans,
1367 3616 1468 3671 sed
1502 3613 1774 3669 voluntas
1804 3617 1864 3669 et
1894 3629 2025 3668 con-

374 3703 574 3759 silium
615 3704 736 3772 Dei,
771 3704 1151 3777 progrediens
1181 3703 1343 3760 velut
1391 3720 1488 3759 ars
1537 3702 1608 3758 ad
1661 3717 1862 3757 eorum
1896 3717 2024 3771 quae

373 3792 649 3849 oriuntur
683 3793 1154 3866 generationem;
1190 3798 1401 3848 natura
1430 3791 1585 3847 enim
1639 3807 1753 3846 non
1799 3789 2027 3858 indiget

370 3883 730 3952 quibusdam
766 3882 1165 3951 manentibus,
1199 3882 1331 3938 aliis
1376 3897 1510 3936 vero
1546 3885 1611 3935 ut
1641 3880 1852 3946 motis;
1887 3894 2023 3932 nam

371 3971 618 4027 materia
652 3976 741 4027 est
792 3988 922 4044 quae
968 3971 1028 4027 in
1081 3971 1460 4044 generatione
1510 3973 1798 4038 movetur,
1832 3967 2024 4038 ipsam

369 4067 567 4116 autem
619 4076 880 4127 movens,
912 4061 1154 4116 verbum
1211 4067 1298 4115 est
1349 4075 1451 4114 seu
1501 4057 1649 4113 ratio
1702 4054 2025 4111 immobilis

370 4165 498 4219 quae
530 4155 620 4205 est
655 4150 716 4204 in
766 4154 911 4220 toto,
943 4150 1098 4220 quod
1130 4154 1221 4205 est
1252 4164 1348 4203 ars
1398 4147 1615 4213 divina,
1641 4161 1820 4216 quam
1871 4142 2022 4198 dixi-

371 4255 507 4294 mus
540 4244 836 4308 naturam,
872 4239 1061 4294 forma
1089 4239 1403 4303 exeistens,
1435 4252 1551 4289 non
1581 4250 1714 4289 vero
1747 4250 1816 4288 ex
1847 4237 2023 4288 mate-

372 4328 460 4383 ria
507 4333 565 4383 et
612 4329 829 4396 forma;
862 4326 1006 4398 quid
1067 4326 1224 4382 enim
1286 4324 1372 4379 illi
1419 4339 1568 4395 opus
1626 4326 1716 4377 est
1771 4319 2024 4377 materiis

369 4416 571 4472 oalidaa
627 4420 731 4472 aut
787 4416 1050 4490 frigidae?
1098 4418 1294 4471 creata
1344 4413 1551 4483 utique
1598 4412 1864 4477 materia,
1915 4410 2024 4466 hoc

368 4504 483 4561 fert
512 4505 571 4560 in
604 4506 828 4577 seipse;
865 4522 979 4562 non
1013 4504 1172 4559 enim
1211 4503 1409 4575 ignem
1458 4501 1734 4556 accedere
1785 4514 2025 4555 necesse

2159 565 2380 656 Πρὸςᾷὃ
2426 569 2667 641 λεκτέον,
2701 570 2784 628 ὅτι
2834 572 2894 629 ἐκ
2938 580 3045 629 τῶν
3096 575 3403 651 εἰρημένων
3460 578 3764 656 εὑρίσκεται
3796 584 3823 638 ὁ

2160 654 2505 730 ἐμποδισμὸς
2554 662 2841 731 ποιητικὸν
2891 669 3081 734 κακοῦ,
3140 666 3202 720 οὖ
3252 667 3359 739 μὴν
3407 654 3729 725 αὐτόκακον·
3763 672 3821 727 οὐ

2158 747 2262 821 γὰρ
2293 748 2328 817 ἠ
2360 749 2524 803 κακία
2575 755 2792 822 πρῶτον
2844 752 3033 823 κακὸν,
3069 752 3198 810 ἀλλ’
3229 752 3369 818 εἶδος
3414 762 3606 828 κακοῦ,
3640 758 3822 835 ὥσπερ

2158 836 2193 978 2
2227 836 2391 978 διρέτή
2424 839 2683 915 συνεργόν
2713 842 2767 895 τί
2817 840 2928 898 ἐστι
2977 843 3114 920 πρὸς
3145 844 3367 918 ἀγαθὸν,
3401 845 3558 902 οῦτοι
3602 853 3822 923 πρῶτον

2196 937 2299 978 van
2336 947 2383 978 ν.

2196 924 2383 1000 γαθόν.

2229 1198 2306 1272 [γ]
2355 1197 2433 1255 Τὸ
2483 1199 2670 1271 κακὸν,
2722 1199 2796 1262 ὡς
2844 1200 2902 1255 ὃν
2951 1200 3139 1258 κακόν.
3189 1204 3478 1259 Τουτέστιν
3525 1205 3625 1261 οὐκ
3672 1206 3833 1264 οὐσία

2153 1305 2237 1347 τις
2265 1286 2327 1340 τὸ
2356 1286 2543 1359 κακὸν,
2576 1284 2704 1343 ἀλλ’
2734 1286 2861 1343 οὐδὶ
2913 1288 2966 1345 ἐν
3008 1295 3128 1353 τοῖς
3174 1293 3290 1346 κατ’
3343 1293 3530 1349 οὐσίαν
3585 1293 3706 1351 οῦσι
3749 1298 3827 1360 ὡς

2154 1373 2622 1451 συμπληρωτικὸν
2676 1376 2878 1448 ταύτης
2938 1379 3150 1455 ὁρᾶται,
3212 1380 3394 1458 ὥσπερ
3445 1380 3677 1457 δύναμις
3732 1387 3827 1440 καὶ

2154 1462 2396 1540 ἐνέργεια
2432 1465 2495 1520 τὸ
2552 1464 2736 1520 κακόν⁶
2792 1466 2881 1521 καὶ
2932 1482 3067 1544 προς
3117 1470 3216 1539 τήν
3265 1470 3524 1543 τοιαύτην
3572 1480 3672 1543 τῆς
3733 1473 3825 1529 έν-

2152 1553 2305 1617 νοίας
2335 1552 2595 1611 ἀπόδοσιν
2630 1556 2658 1610 ὁ
2690 1560 2792 1618 πᾶς
2837 1557 2962 1634 περῖ
3010 1557 3206 1614 τούτου
3259 1560 3461 1625 σκοπὸς
3501 1563 3691 1637 ὁρᾶται
3724 1569 3823 1619 τοῦ

2153 1644 2385 1721 Πατρός.

2225 1826 2385 1883 Ἀλλ’
2408 1828 2481 1891 ὡς
2510 1824 2775 1904 ἔλλειψις.
2810 1835 2936 1893 Πῶς
2964 1837 3162 1887 νοεῖται
3192 1831 3255 1887 τὸ
3285 1831 3471 1891 κακόν.

2220 1914 2294 1990 [δ]
2344 1922 2371 1988 §
2427 1920 2586 1976 ΧΧν.
2648 1917 2803 1977 Ἀλλ’
2863 1918 2980 1976 οὐδ’
3036 1920 3087 1976 έν
3150 1924 3337 1991 ζώοις.
3394 1924 3519 1981 ’Ότι
3576 1922 3701 1980 οὔτε
3759 1923 3814 1981 έν

2150 2007 2310 2075 ζώοις
2341 2007 2565 2082 ἀλόγοις
2613 2007 2725 2064 ἐστὶ
2772 2010 2835 2065 τὸ
2891 2011 3079 2084 κακὸν,
3129 2011 3245 2066 ἐπεὶ
3296 2014 3436 2086 μήτε
3465 2012 3620 2091 φύσει
3671 2014 3810 2071 κακά

2145 2095 2301 2165 εἷ’σιν,
2333 2095 2460 2152 ἀλλ’
2505 2093 2629 2152 οὔτε
2673 2099 2727 2154 αἱ
2777 2098 2990 2174 σχέσεις
3020 2100 3195 2156 αὐτῶν
3241 2101 3424 2170 κακαὶ,
3457 2104 3573 2157 οἷον
3607 2105 3805 2177 θυμὸς,

2142 2179 2422 2258 ἐπιθυμία,
2457 2185 2721 2265 φαντασία
2752 2191 3055 2262 προπετής.

2215 2276 2284 2346 [ε]
2342 2273 2406 2331 Εἰ
2460 2276 2564 2351 γὰρ
2621 2275 2858 2339 ἀνέλοις.
2912 2279 3035 2334 ’Ότι
3096 2278 3317 2352 φυσικαί
3374 2279 3507 2334 εἰσιν
3564 2281 3619 2335 αἱ
3676 2282 3803 2357 σχέ-

2141 2383 2251 2425 σεις
2280 2367 2386 2418 τῶν
2436 2362 2678 2439 ἀλόγων,
2729 2365 2909 2438 ὥσπερ
2961 2364 3140 2421 λέοντι
3185 2368 3275 2422 καὶ
3325 2367 3574 2443 ἑρπετοῖς
3622 2371 3653 2424 ὁ
3707 2373 3798 2425 θυ-

2144 2451 2266 2524 μὸς,
2305 2451 2396 2506 καὶ
2444 2454 2564 2507 κυσὶ
2615 2454 2677 2508 τὸ
2730 2452 3042 2510 ὑλακτικόν’
3092 2454 3212 2520 ὅθεν
3262 2456 3337 2519 ὡς
3388 2457 3633 2533 φυσικαὶ,
3680 2456 3809 2514 οὔτε

2140 2542 2299 2596 κακαί
2311 2585 2322 2599 .

2214 2634 2287 2703 [ς]
2322 2631 2570 2705 ΞΧΧνΙ.
2601 2629 2758 2688 Ἀλλ’
2810 2630 2927 2687 οὐδ’
2985 2633 3036 2688 έν
3112 2638 3180 2707 τῇ
3242 2632 3377 2709 ὅλῃ.
3464 2635 3634 2699 Φύσις
3692 2635 3809 2692 ἐστὶ

2137 2721 2257 2784 καθ’
2300 2717 2406 2791 ἕξιν
2454 2721 2568 2792 θείᾳ
2610 2721 2779 2795 τέχνῃ
2833 2721 2908 2783 εἰς
2957 2723 3162 2796 γένεσιν
3211 2728 3502 2796 προϊοῦσα,
3542 2726 3611 2793 ἧς
3659 2726 3809 2790 θείας

2136 2808 2341 2884 τέχνης
2386 2811 2453 2864 τὰ
2498 2808 2913 2883 ἀποτελέσματα
2961 2812 3101 2887 φυτά
3147 2832 3206 2866 τε
3252 2813 3342 2866 καὶ
3390 2818 3501 2882 ζῶα
3547 2815 3637 2869 καὶ
3670 2836 3807 2889 καρ-

2137 2898 2233 2954 ποὶ
2262 2899 2351 2954 καὶ
2400 2903 2506 2954 τῶν
2566 2900 2858 2974 στοιχείων
2920 2899 2997 2963 εἷς
3048 2898 3273 2971 ἄλληλα
3326 2897 3654 2974 μεταϐολαὶ,
3711 2908 3805 2960 καὶ

2138 2986 2285 3048 ὅλως
2338 2988 2455 3042 καθ’
2509 2988 2702 3056 ἑαυτὴν
2760 2990 2795 3057 ἡ
2857 2987 3021 3043 οὐσία
3084 2992 3192 3043 τῶν
3252 2990 3535 3065 φυομένων
3573 3034 3587 3059 ,
3647 2992 3801 3068 ἀρχὴ

2135 3078 2403 3147 κινήσεως
2474 3075 2607 3131 οὖσα
2662 3075 2753 3131 καὶ
2811 3078 3069 3139 στάσεως.
3133 3079 3334 3153 Ὥσπερ
3392 3077 3489 3133 οὖν
3544 3079 3634 3135 ἐπὶ
3692 3086 3805 3136 τῶν

2136 3163 2541 3239 κηροπλάστων
2617 3165 2707 3220 καὶ
2778 3170 2886 3220 τῶν
2968 3166 3067 3230 τὰς
3133 3164 3439 3232 πλαστικὰς
3500 3169 3801 3241 μετιόντων

2135 3255 2332 3329 τέχνας
2378 3251 2461 3309 δεῖ
2507 3253 2644 3309 εἷναί
2691 3276 2743 3309 τι
2790 3251 2843 3309 έν
2888 3252 3074 3316 αὐτοῖς
3128 3254 3306 3329 μένον,
3350 3257 3597 3312 τουτέστι
3628 3256 3803 3333 λόγον

2135 3344 2223 3399 καὶ
2286 3348 2432 3412 νοῦν,
2474 3344 2526 3397 οἳ
2584 3341 2674 3397 διὰ
2731 3346 2937 3419 χειρῶν
2989 3344 3207 3399 ποιοῦσι
3266 3345 3332 3399 τὰ
3382 3345 3586 3401 ἑαυτῶν
3646 3343 3801 3423 ἔργα·

2135 3432 2280 3487 οὕτω
2310 3433 2397 3488 καὶ
2432 3432 2521 3487 ἐπὶ
2548 3438 2649 3501 τῆς
2679 3430 2889 3509 φύσεως
2918 3436 3027 3487 τῶν
3081 3431 3250 3504 ὅλων,
3283 3431 3393 3489 ἔστι
3443 3455 3499 3489 τι
3528 3433 3584 3491 ἐν
3616 3435 3809 3501 αὐτοῖς

2139 3522 2322 3594 μένον,
2371 3523 2613 3577 τουτέστι
2661 3523 2697 3590 ἡ
2752 3518 3005 3593 δύναμις,
3062 3521 3124 3575 οὐ
3170 3518 3259 3577 διὰ
3313 3528 3517 3598 χειρῶν
3569 3523 3804 3598 ἐργαζο-

2138 3611 2296 3682 μένη,
2369 3609 2517 3667 ἀλλὰ
2590 3608 2857 3686 βούλησις
2931 3611 3020 3665 καὶ
3082 3608 3364 3680 διανόησις
3437 3611 3570 3667 οὖσα
3635 3620 3804 3684 Θεοῦ,

2132 3710 2403 3774 προϊουσα
2458 3699 2574 3753 οἱον
2611 3699 2781 3773 τέχνη
2834 3698 2910 3761 εἰς
2957 3697 3159 3775 γένεσιν
3205 3704 3314 3756 τῶν
3364 3702 3671 3777 φυομένων·
3738 3703 3805 3759 οὗ

2132 3788 2232 3862 γὰρ
2282 3785 2450 3842 δεῖται
2580 3787 2737 3864 φύσις
2786 3792 2950 3842 τινῶν
3002 3788 3296 3861 μενόντων,
3358 3790 3554 3863 ἑτέρων
3612 3789 3673 3847 δὲ
3724 3792 3805 3855 ὡς

2131 3875 2482 3948 κινουμένων·
2544 3878 2579 3945 ἡ
2611 3878 2714 3951 γὰρ
2773 3876 2877 3942 ὕλη
2930 3876 3071 3930 ἐστὶν
3131 3879 3165 3946 ἡ
3226 3876 3302 3939 εἷς
3354 3877 3560 3953 γένεσιν
3610 3901 3803 3936 κινου-

2136 3965 2293 4037 μένη’
2325 3965 2387 4019 τὸ
2419 3962 2476 4019 δὲ
2513 3969 2696 4020 κινοῦν
2745 3965 2913 4032 αὐτὴν
2948 3967 2975 4020 ὁ
3006 3965 3264 4035 ἀκίνητός
3309 3968 3420 4021 ἔστι
3464 3965 3634 4042 λόγος
3679 3971 3710 4023 ὁ
3744 3969 3796 4025 ἐν

2131 4058 2210 4125 τῷ
2254 4052 2390 4126 ὅλῳ,
2442 4053 2501 4115 ὅς
2554 4052 2695 4108 ἐστιν
2742 4056 2775 4122 ἡ
2820 4052 2935 4108 θεία
2978 4055 3149 4129 τέχνη
3179 4096 3194 4122 ,
3236 4056 3298 4123 ἣν
3350 4053 3557 4133 ἔφημεν
3609 4057 3798 4130 φῦσιν,

2134 4139 2273 4203 εἶδος
2304 4141 2456 4211 οὖσα,
2489 4142 2550 4197 οὐ
2607 4144 2716 4213 μὴν
2758 4142 2807 4214 ἐξ
2853 4140 2991 4211 ὕλης
3038 4142 3129 4198 καὶ
3181 4141 3385 4206 εἴδουςο
3427 4145 3480 4200 τί
3519 4145 3625 4221 γὰρ
3657 4147 3799 4216 αὐτή

2133 4230 2273 4302 ὕλης
2307 4229 2407 4301 δεῖ,
2443 4238 2650 4304 θερμῆς
2679 4231 2713 4300 ἢ
2748 4234 2965 4305 ψυχρᾶς
3000 4251 3012 4299 ;
3045 4234 3080 4301 ἡ
3113 4231 3218 4308 γὰρ
3270 4229 3797 4311 δεδημιουργημένη

2133 4319 2239 4389 ὕλη
2289 4324 2450 4374 τοῦτο
2501 4320 2649 4394 φέρει
2693 4321 2744 4374 έν
2797 4321 2980 4392 έαυτῗγ
3016 4320 3077 4373 οὗ
3121 4321 3223 4395 γὰρ
3273 4318 3361 4376 δεῖ
3405 4326 3514 4397 πῦρ
3561 4323 3803 4399 προσελ-

2133 4414 2263 4478 θεῖν,
2289 4406 2381 4462 ’ἱνα
2408 4412 2515 4482 πῦρ
2549 4411 2582 4478 ἡ
2617 4407 2722 4478 ὕλη
2770 4409 3014 4483 γένηται,
3069 4408 3216 4465 ἀλλά
3263 4409 3449 4486 λόγον’
3501 4412 3531 4466 ὃ
3579 4412 3672 4467 καὶ
3706 4435 3806 4484 ση-

2138 4498 2287 4571 μεῖόν
2320 4496 2460 4552 ἐστιν
2496 4497 2557 4552 οὗ
2611 4498 2804 4571 μικρὸν
2856 4501 2953 4551 τοῦ
2997 4497 3088 4552 καὶ
3120 4497 3172 4553 έν
3206 4504 3322 4561 τοῖς
3357 4504 3521 4568 ζώοις
3561 4502 3654 4555 καὶ
3681 4507 3800 4565 τοῖς

370 4598 481 4661 est,
513 4600 578 4649 ut
609 4594 853 4649 materia
895 4594 999 4649 ﬁat
1049 4592 1224 4663 ignis,
1261 4592 1362 4647 sed
1396 4590 1639 4645 verbum
1692 4604 1795 4644 seu
1844 4588 2022 4644 ratio-

2147 4591 2346 4661 φυτοῖς,
2377 4585 2502 4647 τοὺς
2552 4584 2753 4661 λόγους
2787 4585 2921 4640 εἶναι
2969 4586 3101 4647 τοὺς
3131 4587 3456 4657 ποιητικοὺς
3511 4590 3652 4644 κατὰ
3695 4592 3801 4661 τὴν

373 4699 541 4749 nem;
573 4683 729 4755 quod
760 4683 938 4738 etiam
966 4683 1199 4753 signum
1232 4685 1324 4734 est
1353 4695 1473 4734 non
1514 4694 1783 4749 parvum,
1805 4694 1936 4733 esse
1966 4679 2025 4732 in

2147 4674 2291 4752 φύσιν
2326 4676 2458 4731 εἶναι
2488 4673 2656 4748 λόγον
2705 4673 2797 4729 τὸν
2853 4674 3105 4746 μένοντα’
3153 4675 3354 4751 λόγους
3406 4674 3464 4732 δὲ
3504 4677 3635 4741 τοὺς
3664 4680 3804 4735 κατὰ

374 4772 737 4828 animalibus
767 4776 825 4827 et
857 4770 1078 4843 plantis
1119 4768 1377 4825 rationes
1410 4784 1537 4839 quae
1587 4767 1846 4822 efﬁciant
1872 4771 1938 4821 ut
1966 4767 2026 4822 in

374 4865 588 4916 natura
616 4861 767 4916 ratio
791 4860 1035 4926 haereat;
1070 4858 1327 4913 rationes
1347 4872 1481 4911 vero
1503 4872 1629 4926 quae
1657 4872 1791 4911 cum
1824 4856 2029 4911 formis

332 4958 577 5005 ’eorum
638 4966 769 5022 quae
815 4949 1107 5015 videntur,
1141 4952 1361 5002 natura;
1412 4961 1542 5001 esse
1600 4945 1868 5015 germina
1923 4961 2025 5000 seu

373 5037 700 5094 immobilis
731 5054 797 5093 ac
828 5036 888 5091 in
930 5036 1060 5107 ipsa
1093 5034 1367 5090 haerentis
1398 5033 1560 5089 verbi
1609 5049 1709 5088 seu
1761 5032 2025 5088 rationis.

376 5128 679 5192 Quomodo
724 5126 905 5197 igitur
932 5124 989 5179 in
1025 5124 1302 5180 universa
1354 5127 1567 5178 natura
1615 5120 1859 5188 malum,
1892 5138 2029 5177 cum

376 5217 678 5273 naturales
709 5214 830 5269 sint
878 5212 1134 5268 rationes
1166 5212 1223 5266 iu
1259 5210 1564 5278 creaturis,
1597 5226 1702 5265 nec
1743 5210 1801 5265 in
1832 5209 2030 5282 aliquo

374 5305 484 5361 toti
516 5315 758 5369 naturae,
792 5318 919 5373 quas
947 5319 1016 5358 ex
1047 5302 1201 5358 bono
1231 5305 1340 5368 est,
1373 5299 1826 5355 contrarientur.
1850 5300 1904 5353 Si
1940 5315 2030 5354 er-

376 5408 450 5465 go
482 5392 953 5447 demonstratum
984 5375 1073 5446 est
1103 5389 1435 5446 universam
1475 5393 1750 5445 naturam
1781 5405 1849 5443 ex
1878 5388 2031 5444 bono

375 5496 527 5547 esse,
558 5477 933 5551 singularum
963 5484 1159 5535 autem
1192 5482 1592 5535 creaturarum
1625 5476 1884 5533 rationes
1913 5493 2030 5533 non

2134 4765 2228 4825 τὰς
2282 4763 2494 4841 μορφὰς
2534 4767 2642 4818 τῶν
2688 4763 2983 4837 ὁρωμένων
3033 4770 3134 4833 τῆς
3173 4763 3381 4840 φύσεως
3426 4766 3559 4820 εἶναι
3602 4771 3800 4843 γεννή-

2142 4873 2302 4925 ματα,
2355 4849 2480 4921 ἤτοι
2536 4855 2633 4906 τοῦ
2688 4853 2805 4905 κατ⁸
2861 4850 3029 4920 αὐτὴν
3090 4854 3348 4923 ἀκινήτου
3398 4854 3489 4909 καὶ
3538 4857 3803 4929 μένοντος

2138 4940 2332 5017 λόγου.
2369 4944 2490 5003 Hii);
2522 4941 2613 4994 οὗν
2647 4939 2700 4995 ἐν
2730 4941 2800 5011 τῇ
2847 4939 3088 5005 καθόλου
3142 4942 3296 5019 φύσει
3349 4943 3414 4997 τὸ
3461 4946 3653 5014 κακὸν,
3693 4951 3802 5000 τῶν

2136 5029 2192 5086 ἰν
2230 5035 2347 5093 τοῖς
2377 5027 2692 5104 δημιουργή
2706 5050 2836 5102 μασι
2885 5026 3064 5103 λόγων
3115 5034 3360 5109 φυσικῶν
3396 5027 3591 5104 ὄντων,
3622 5036 3715 5090 καὶ
3747 5033 3800 5089 ἰν

2139 5116 2313 5174 οὐδενὶ
2344 5117 2765 5190 ἐναντιουμένων
2814 5122 2883 5192 τῇ
2933 5115 3036 5193 ὅλῃ
3085 5119 3239 5196 φύσει
3287 5119 3339 5191 ἐξ
3371 5119 3576 5197 ἀγαθοῦ
3621 5119 3803 5199 οῦσῃς

2138 5208 2204 5265 Εἰ
2233 5207 2414 5263 τοίνυν
2443 5204 2818 5262 ἀποδέδεικται
2866 5208 2967 5277 τήν
3015 5205 3257 5272 καθόλου
3282 5208 3441 5287 φύσιν
3477 5208 3537 5265 ἐκ
3565 5210 3803 5286 τάγαθοῦ

2140 5297 2294 5354 εἶναι·
2340 5296 2468 5358 τοὺς
2519 5294 2578 5351 δὲ
2631 5297 2751 5351 καθ’
2794 5292 3017 5352 ἕκαστον
3070 5296 3122 5352 ἐν
3175 5302 3291 5360 τοῖς
3343 5296 3802 5376 δημιουργήμασι

2141 5384 2337 5459 λόγους
2372 5384 2450 5457 μὴ
2503 5381 2870 5447 ἐναντιοῦσθαι
2898 5385 2968 5457 τῇ
2999 5380 3241 5448 καθόλου
3289 5383 3469 5458 φύσει,
3515 5383 3803 5461 πρόδηλον

2141 5473 2216 5536 ὡς
2248 5468 2376 5527 οὐδὲ
2406 5470 2458 5526 έν
2490 5471 2645 5545 φύσει
2693 5471 2757 5526 τὸ
2799 5470 2986 5527 κακόν⁶
3017 5474 3182 5529 τοῦτο
3212 5468 3272 5529 δὲ
3298 5475 3378 5528 τῶ
3408 5470 3577 5544 καλῷ
3599 5475 3621 5511 ⁶
3650 5472 3802 5529 ἐναν-

1356 5619 1600 5678 νΑΒῙιλΕ
1639 5619 2028 5678 LECTIONES
2064 5619 2155 5676 ΒΤ
2193 5615 2762 5677 GORREGTIONES.

447 5693 469 5728 ⁵
495 5693 603 5746 τῶν
635 5689 839 5751 καλῶν.
