4034 6406
257 422 363 476 297

1031 426 1089 478 S.
1129 426 1400 478 ΜΔΧῙΜῙ
1438 424 1743 478 SCHOLIA
1781 425 1856 475 IN
1896 422 2026 475 LIB.
2068 423 2163 475 DE
2204 424 2474 477 DIVINIS
2509 423 2927 478 NOMINIBUS.
3584 426 3688 478 298

252 546 390 601 ’πίονι
427 547 623 602 οὐκοῦν
655 546 756 602 οὐκ
803 542 914 602 ἔστι
963 547 1024 602 τὸ
1071 547 1258 616 κακὸν,
1293 544 1418 600 οὐδὶ
1467 545 1518 600 ἐν
1550 549 1630 618 τῷ
1658 544 1914 601 καθόλου.

2039 547 2383 602 contrariari
2418 546 2700 603 universae
2733 551 2952 602 naturae
2998 550 3372 605 manifestum
3421 554 3530 618 est,
3583 568 3689 606 ne-

256 637 338 693 Τὰ
380 634 438 691 δὲ
481 635 532 691 ἐν
590 642 708 699 τοῖς
762 638 880 691 κατ’
937 634 1080 699 εἶδος
1137 643 1237 705 τῆς
1285 633 1649 712 δημιουργίας
1684 635 1920 706 ἐναντία,

255 723 364 781 εἴτε
427 725 479 781 ἐν
525 729 798 803 κράσεσιν,
851 725 956 781 εἷίιε
1009 725 1061 781 ἐν
1125 727 1307 795 ζώοις,
1356 727 1448 780 καὶ
1507 725 1748 792 λοιποῖς,
1813 728 1922 800 οὐχ

253 817 471 875 ἑαυτοῖς
515 816 616 872 sint
667 816 814 889 παρὰ
862 817 1043 895 φύσιν,
1077 814 1224 872 ἀλλὰ
1271 821 1388 878 τοῖς
1440 813 1635 877 ἄλλοις
1662 819 1702 852 7°
1738 816 1787 869 ἐν
1843 818 1922 877 οἶς

254 905 312 961 δὲ
342 907 492 980 παρᾶ
522 905 680 981 φύσιν
732 905 1091 981 πλημμελῶς
1142 906 1415 981 φέρονται,
1443 910 1540 960 τοῦ
1588 906 1724 960 κατὰ
1763 906 1917 983 φύσιν

250 995 397 1051 ἐστὶν
426 994 695 1065 ἀσθένεια,
731 995 792 1051 οὐ
828 997 936 1069 μὴν
987 1000 1151 1051 τοῦτο
1192 995 1378 1050 κακόν·
1414 994 1576 1050 κακία
1625 993 1681 1050 δὲ
1718 996 1918 1068 τάξεως

255 1083 475 1156 μᾶλλόν
512 1084 647 1142 ἐστι.

321 1265 440 1333 Τῆς
469 1262 717 1319 καθόλου
741 1265 972 1340 φύσεως.
1001 1260 1255 1320 Καθόλου
1284 1261 1438 1340 φύσιν
1460 1263 1559 1331 τὴν
1593 1260 1733 1326 θείαν
1758 1261 1913 1338 φύσιν

243 1352 436 1409 καλεῖ.

322 1443 401 1518 [ζ]
434 1442 508 1500 Εἴ
553 1445 658 1520 γάρ
701 1445 753 1496 0i.
803 1444 1021 1504 πάντες.
1073 1441 1294 1514 Πάντες,
1345 1441 1530 1519 φησὶν,
1583 1441 1634 1494 οἱ
1672 1445 1770 1506 τῆς
1811 1439 1914 1518 φό-

241 1553 386 1593 σεως
437 1531 622 1608 λόγοι,
671 1531 840 1606 ἤγουν
893 1533 948 1586 αἱ
998 1531 1162 1586 αῗτίαι
1229 1533 1348 1595 καθ’
1406 1530 1466 1594 ἃς
1517 1530 1769 1606 γεγόνασι
1825 1532 1917 1585 καὶ

242 1621 377 1690 εἶσὶ,
430 1621 582 1697 παρὰ
627 1627 727 1690 τῆς
777 1621 922 1685 θείας
976 1620 1187 1699 φύσεως
1233 1621 1588 1696 ὑπάρχουσιν,
1619 1622 1700 1691 ἣν,
1735 1620 1805 1681 ὡς
1847 1618 1915 1675 εἷ’-

243 1731 439 1786 ρηται,
484 1708 727 1765 καθόλου
779 1709 956 1778 καλεῖ,
1010 1707 1196 1778 ἐπειδὴ
1247 1709 1297 1780 ἐξ
1346 1710 1516 1778 αὐτῆς
1567 1704 1663 1783 ἔφυ
1693 1711 1758 1763 τά
1790 1709 1912 1764 ὅλα·

241 1799 390 1869 ὅλην
450 1797 509 1854 δὶ
564 1799 720 1877 φύσιν
779 1801 955 1853 πάντα
1008 1799 1076 1852 τὰ
1130 1799 1231 1853 ὑπὸ
1298 1803 1394 1853 τοῦ
1447 1803 1580 1854 Θεοῦ
1638 1799 1916 1853 κτισθέντα

240 1887 528 1946 ἐκάλεσεν.
578 1885 748 1946 Οὐδὲν
803 1889 892 1942 οὗν
939 1886 1078 1943 ἐστιν
1139 1887 1191 1942 ἐν
1240 1891 1308 1961 τῇ
1362 1887 1536 1966 φύσει,
1592 1887 1723 1962 ὅπερ
1783 1888 1913 1943 ὅλον
1947 1927 1992 1991 Β

248 1977 299 1991 ,τε
467 1978 481 1991 .
565 1976 576 1991 .
869 1979 882 1991 .
1001 1981 1010 1991 .
1294 1982 1318 1991 ..
1418 1974 1442 1991 υ
1739 1978 1752 1991 ι
1858 1979 1870 1991 ι

243 1977 406 2040 ὅλοις
456 1976 775 2032 άντίκειταιυ
830 1979 892 2032 τὸ
950 1981 1051 2053 γάρ
1099 1999 1207 2032 τινι
1254 1982 1361 2033 τῶν
1415 1974 1583 2032 ὅντων
1617 1978 1762 2053 παρὰ
1811 1979 1911 2046 τήν

244 2068 421 2122 αὐτοῦ
482 2067 641 2144 φύσιν
705 2067 870 2140 ἑτέρῳ
929 2066 1089 2141 φύσις
1161 2067 1293 2122 ἱστί’
1356 2071 1516 2122 τοῦτο
1577 2066 1634 2122 δὲ
1688 2068 1910 2142 ἀγαθόν.

240 2155 404 2228 Πάρι-ῃ
438 2156 533 2210 οὗν
563 2157 716 2234 φύσιι
751 2155 812 2209 τὸ
863 2157 938 2227 μὴ
993 2155 1172 2228 μένειν
1223 2155 1304 2234 ἐφ’
1354 2157 1432 2218 οἶς
1475 2157 1686 2232 γέγονε,
1726 2155 1910 2210 κακόν·

239 2250 416 2300 τοῦτο
446 2245 551 2321 γὰρ
583 2244 684 2322 ἔφη
715 2244 964 2321 στέρησιν
997 2250 1105 2299 τῶν
1136 2251 1236 2313 τῆς
1267 2245 1498 2323 φύσεως,
1530 2247 1592 2299 τὸ
1643 2246 1718 2319 μὴ
1765 2245 1912 2300 ἐκτε-

243 2333 365 2390 λεῖν
418 2335 541 2388 καθ’
581 2335 875 2389 ὁποιανοῦν
911 2333 1084 2388 αἰτίαν
1114 2335 1180 2388 τὰ
1211 2333 1291 2412 ἐφ’
1337 2337 1419 2397 οἷς
1465 2336 1728 2410 παρήχθη
1778 2335 1916 2408 πρὸς

242 2426 404 2501 γέννη
417 2445 525 2478 σιν.

320 2605 465 2677 [7,]§
513 2602 741 2659 XXVII.
801 2600 958 2657 Ἀλλ’
1019 2599 1132 2657 οὐδ’
1185 2603 1235 2656 ἐν
1299 2603 1532 2675 σώματι.
1591 2605 1794 2678 ’Ὠσπερ
1852 2604 1912 2658 τὸ

244 2691 463 2754 κάλλος
535 2689 843 2765 συμμετρία
920 2690 1031 2746 ἐστὶ
1111 2691 1291 2763 μελῶν
1364 2691 1453 2746 καὶ
1533 2697 1712 2768 μερῶν
1781 2695 1915 2766 μετὰ

247 2779 539 2856 ιῦχροίας,
600 2780 775 2844 οὕτως
830 2781 1025 2855 αἶσχος
1082 2780 1424 2856 ἀσυμμετρία
1480 2779 1590 2835 ἐστὶ
1642 2785 1751 2836 τῶν
1817 2781 1912 2836 αὐ-

244 2875 376 2926 τῶν.

318 2961 397 3035 [θ]
451 2958 640 3016 Α’ίτιον
686 2962 754 3033 τῇ
805 2962 981 3034 ψυχῇ.
1036 2956 1257 3029 Ἐπειδή
1317 2980 1460 3020 τινες
1515 2963 1623 3014 τῶν
1685 2957 1912 3038 φιλοσό-

247 3071 362 3122 φων
424 3048 612 3125 ῳασὶν,
664 3048 725 3102 ἐκ
768 3052 867 3103 τοῦ
918 3046 1123 3121 ἀλόγου
1171 3046 1270 3114 τῆς
1323 3051 1510 3124 ψυχῆς
1562 3047 1776 3121 μὲρους,
1809 3047 1912 3123 ὕλῃ

241 3138 333 3192 καὶ
395 3139 617 3210 σώματι
699 3136 1084 3212 μεμιγμένου,
1150 3137 1420 3213 ῥεπούσης
1487 3137 1568 3192 ἐπ’
1627 3138 1756 3192 αὐτὸ
1812 3146 1912 3207 τῆς

242 3233 459 3303 ψυχῆς,
491 3228 563 3282 τὰ
589 3227 731 3282 κακά
758 3231 1036 3301 πράττειν,
1080 3227 1154 3289 ὡς
1185 3227 1440 3301 ἀνωτέρω
1475 3225 1716 3298 διῆλθεν,
1768 3249 1911 3301 παγ-

2035 651 2147 706 que
2177 635 2234 690 in
2271 641 2480 692 natura
2507 638 2728 693 malum
2761 639 3031 706 esse,hoo
3056 643 3247 694 autem
3281 639 3525 711 pulchro
3549 657 3690 695 con-

2033 727 2278 781 trarium
2317 744 2328 780 :
2364 744 2500 800 ergo
2534 745 2648 783 non
2679 733 2768 782 est
2797 727 3031 794 malum,
3077 744 3265 799 neque
3298 729 3355 783 in
3390 729 3686 787 universo.

2033 815 2166 878 Quae
2200 823 2393 871 autem
2448 818 2504 870 in
2553 818 2862 887 speciebus
2913 822 3315 873 creaturarum
3369 819 3681 885 contraria,

2031 905 2148 960 sive
2181 905 2240 959 in
2281 907 2711 975 temperie,sive
2738 907 2796 961 in
2824 907 3265 973 animalibus,et
3295 908 3682 979 reliquis,non

2031 995 2292 1049 suntsibi
2316 1001 2522 1066 praeter
2540 997 2942 1065 naturam,sed
2960 995 3120 1063 aliis;
3140 997 3196 1051 in
3215 1013 3344 1068 quae
3360 1001 3568 1068 praeter
3582 1014 3682 1051 na-

2029 1089 2220 1137 turam
2238 1085 2446 1139 vitiose
2461 1084 3050 1152 feruntur,natnralis
3067 1085 3303 1156 quidem
3320 1089 3410 1139 est
3425 1084 3682 1140 imbecil-

2029 1170 2205 1240 litas;
2241 1179 2299 1227 at
2322 1173 2430 1227 hoc
2465 1190 2578 1228 non
2605 1175 3171 1246 malum,sedpotius
3207 1174 3678 1230 ordinisvitium.

2102 1263 2378 1319 Universae
2409 1267 2654 1319 naturae.
2692 1262 3032 1318 Universam
3077 1268 3369 1333 naturam,
3414 1264 3680 1319 divinam

2025 1356 2192 1406 vocat
2223 1356 2519 1407 naturam.

2097 1441 2159 1495 Si
2186 1444 2335 1497 enim
2365 1457 2570 1496 omnes.
2605 1442 2843 1511 Omnes,
2876 1442 3090 1515 inquit,
3143 1446 3376 1498 naturae
3425 1443 3681 1500 rationes

2027 1546 2128 1583 seu
2163 1532 2672 1594 causae,scundum
2699 1549 2846 1602 quas
2880 1532 3119 1587 fuerunt
3149 1537 3206 1587 et
3242 1537 3398 1602 sunt,
3432 1533 3684 1590 adivina

2026 1624 2239 1674 natura
2286 1623 2514 1691 (quam,
2565 1624 2629 1674 ut
2685 1621 2906 1675 dictum
2959 1627 3070 1686 est,
3122 1625 3442 1677 universam
3488 1624 3678 1693 vocat)

2028 1708 2196 1776 ﬁunt,
2231 1709 2506 1778 quoniam
2553 1725 2619 1764 ex
2655 1710 2782 1781 ipsa
2833 1711 3118 1781 producta
3167 1715 3306 1766 sunt
3363 1712 3678 1780 universa;

2027 1798 2362 1851 universam
2391 1815 2526 1853 vero
2557 1803 2830 1854 naturam
2864 1801 3065 1854 omnia
3107 1817 3140 1854 a
3190 1801 3305 1855 Deo
3354 1805 3549 1856 creata
3578 1817 3681 1855 v0-

2025 1887 2195 1941 cavit.
2230 1886 2384 1941 Nihil
2420 1887 2600 1959 igitur
2627 1891 2716 1942 est
2746 1888 2804 1942 in
2837 1892 3067 1958 natura,
3100 1891 3252 1946 159
3296 1891 3451 1961 quod
3490 1894 3676 1946 totum

2024 1976 2162 2030 totis
2221 1983 2592 2048 opponatur;
2645 1979 2798 2048 quod
2860 1977 3016 2033 enim
3065 1978 3237 2032 alicui
3297 1985 3500 2050 praeter
3547 1981 3676 2049 ejus

2025 2075 2290 2120 naluram
2325 2071 2432 2131 est,
2469 2066 2634 2121 alteri
2667 2072 2876 2122 natura
2909 2071 3016 2133 est,
3052 2067 3160 2122 hoc
3184 2073 3378 2122 autem
3412 2070 3673 2123 bonum:

2024 2155 2181 2208 omni
2214 2171 2350 2225 ergo
2385 2161 2609 2210 naturae
2634 2155 2853 2211 malum
2877 2161 2965 2212 est
2985 2174 3098 2212 non
3131 2157 3346 2212 haerere
3377 2157 3432 2211 in
3460 2159 3677 2229 quibus

2022 2245 2309 2316 producta
2348 2249 2472 2313 est;
2507 2246 2617 2300 hoc
2661 2245 2820 2300 enim
2868 2246 3231 2302 naturalium
3287 2248 3674 2319 privationem

2029 2334 2197 2403 dixit,
2237 2351 2351 2389 non
2385 2352 2823 2404 consummare,
2857 2353 3210 2407 quacunque
3259 2353 3324 2392 ex
3392 2353 3571 2392 causa
3618 2338 3677 2392 id

2023 2423 2270 2495 accidat,
2299 2441 2366 2479 ea
2398 2430 2634 2497 propter
2684 2442 2810 2496 quae
2857 2425 2915 2480 in
2968 2426 3343 2499 generatione
3393 2428 3680 2498 producta

2022 2515 2278 2568 fuerunt.

2093 2604 2119 2668 §
2162 2602 2394 2657 XXVII.
2453 2605 2647 2659 Verum
2694 2620 2796 2659 nec
2840 2605 2900 2659 in
2947 2606 3286 2676 corporibus.
3339 2605 3502 2660 Sicut
3551 2605 3677 2677 pul-

2022 2690 2293 2746 cbritudo
2323 2696 2412 2747 est
2443 2694 2838 2748 membrorum
2869 2699 2925 2749 et
2957 2695 3214 2765 partium
3248 2711 3379 2749 cum
3415 2695 3567 2749 bono
3588 2712 3679 2750 co-

2026 2779 2146 2835 lore
2196 2783 2474 2852 symetria
2524 2799 2624 2838 seu
2675 2783 2994 2854 proportio,
3051 2784 3132 2838 ita
3196 2785 3538 2839 deformitas
3588 2789 3678 2840 est

2020 2871 2360 2925 eorumdem
2398 2872 2792 2942 proportionis
2825 2874 3110 2928 defectus.

2094 2960 2271 3014 Causa
2295 2963 2517 3018 «nimie.
2554 2961 2837 3025 Quoniam
2873 2961 3356 3034 philosophorum
3391 2962 3677 3034 aliquidi-

2020 3054 2180 3116 cunt,
2215 3066 2282 3105 ex
2313 3050 2635 3105 irrationali
2669 3056 2831 3122 parte
2866 3051 3096 3116 animae,
3151 3052 3400 3107 materia
3441 3069 3503 3107 ac
3537 3070 3668 3107 cor-

2021 3139 2146 3209 pori
2180 3139 2462 3208 permista
2493 3139 2689 3194 anima
2721 3139 2778 3193 in
2814 3141 2868 3193 id
2901 3145 3196 3211 vergente,
3247 3140 3403 3195 mala
3434 3141 3578 3208 ﬁeri,
3608 3145 3672 3195 ut

2021 3228 2294 3298 superius
2328 3228 2756 3297 disseruimus;
2793 3229 3028 3283 divinus
3060 3229 3375 3301 Dionysius
3407 3230 3678 3300 pulcher-

465 3317 493 3371 ὁ
547 3322 693 3380 θεῖος
741 3314 1022 3379 Διονύσιος
1068 3315 1185 3370 λύει
1239 3316 1301 3369 τὸ
1334 3316 1666 3391 ἐπαπόρημα
1716 3315 1775 3370 ἐκ
1803 3320 1908 3369 τῶν

2039 3316 2171 3370 νὶωο
2202 3316 2448 3370 dubium
2482 3317 2655 3371 solvit
2685 3333 2754 3372 ex
2786 3317 2918 3372 aliis
2952 3318 3312 3389 incorporeis
3344 3324 3400 3374 et
3430 3337 3674 3391 prorsus

240 3406 435 3461 ἄλλων
483 3407 503 3441 ⁸
547 3403 852 3477 ἀσωμάτων
905 3404 994 3459 καὶ
1044 3404 1255 3480 ἀμιγῶν
1313 3406 1567 3477 σώματος
1613 3407 1809 3475 πάντη,
1858 3406 1908 3458 οἳ

237 3498 329 3552 καὶ
390 3494 529 3570 δίχα
585 3495 863 3567 σώματος,
927 3491 1171 3567 ἐλλείψει
1223 3498 1320 3548 τοῦ
1379 3494 1579 3569 ἀγαθοῦ
1646 3493 1911 3568 πλημμε-

245 3585 428 3642 λοῦσι.

317 3674 762 3752 [Ιαρυφίστασθαι
831 3672 1045 3729 κακίαν.
1120 3675 1243 3730 *Ότι
1322 3670 1541 3728 δυνατὸν
1616 3673 1706 3727 καὶ
1789 3671 1913 3728 ἄνευ

260 3766 510 3835 σώματος
570 3762 1006 3841 παρυφίστασθαι
1072 3762 1288 3832 κακίαν,
1348 3762 1422 3824 ὡς
1500 3760 1551 3816 ἐν
1624 3766 1739 3823 τοῖς
1797 3759 1915 3816 δαί-

272 3873 410 3924 μοσι.

329 3942 428 3997 Καὶ
462 3942 686 4013 σώμασι
715 3941 902 3998 κακόν.
929 3940 994 3995 Τί
1025 3940 1136 3995 ἰστι
1166 3940 1352 3995 κακόν.

2023 3403 2322 3459 mistionis
2353 3405 2711 3474 expertibus,
2744 3406 2842 3478 qui
2877 3407 3054 3462 etiam
3086 3407 3211 3462 sine
3243 3424 3504 3480 corpore,
3541 3409 3676 3464 boni

2023 3493 2251 3548 defectu
2288 3499 2549 3564 peccant.

2096 3671 2388 3727 Adhaerere
2440 3673 2735 3728 malitiam.
2798 3674 3090 3729 Possibile
3142 3691 3272 3730 esse
3319 3676 3492 3731 etiam
3547 3677 3673 3733 sine

2025 3776 2265 3832 corpore
2297 3761 2579 3816 malitiam
2615 3762 2934 3818 subsistere
2965 3763 3162 3831 videri,
3199 3765 3354 3821 sicut
3384 3766 3441 3820 in
3466 3766 3675 3822 dazmo-

2028 3850 2226 3906 nibus.

2102 3941 2167 3994 Et
2199 3941 2518 4008 corporibus
2545 3941 2785 3995 malum.
2820 3941 2967 4004 Quid
3003 3942 3079 3997 sit
3109 3942 3353 3998 malum.

2101 4029 2412 4096 §XXVIIL
2483 4031 2612 4097 Quae
2661 4047 2759 4086 nec
2805 4030 2862 4084 id
2909 4033 3090 4101 ipsum
3139 4033 3298 4088 habet
3366 4033 3506 4103 quod
3549 4035 3682 4103 puti

322 4031 636 4100 §XXVIIL
669 4031 740 4084 ⁴Ὴ
804 4026 944 4101 μηδὲ
995 4029 1058 4082 τὸ
1110 4029 1339 4102 πάσχειν
1396 4025 1652 4092 δύνασθαι
1700 4031 1819 4084 καθ’
1867 4030 1918 4084 ὲ-

248 4123 453 4190 αυτήν.
487 4116 740 4192 Εὕλογον
776 4115 1154 4191 ὶπιδρομάὸην
1196 4116 1440 4181 ἐκθέσθαι
1487 4118 1582 4178 τὰς
1633 4116 1785 4188 δόξας
1814 4123 1918 4172 τῶν

251 4207 534 4282 λεγόντων
562 4208 663 4277 τήν
697 4205 838 4276 ὕλην
871 4209 948 4277 μὴ
982 4204 1160 4274 ὃν,καὶ
1193 4211 1310 4268 πῶς
1337 4206 1596 4262 καλοῦσιν
1641 4207 1808 4276 αὐτὴν
1847 4209 1921 4279 μή

249 4299 337 4364 ὃν,
365 4295 462 4351 ’ἕνα
491 4296 583 4351 καὶ
635 4297 687 4350 οἳ
740 4293 1108 4371 συλλογισμοὶ
1153 4299 1249 4349 τοῦ
1298 4295 1446 4349 θείου
1479 4296 1760 4351 Διονυσίου
1789 4318 1924 4366 νοη-

253 4390 420 4442 θῶσι.
477 4385 748 4440 Καλοῦσιν
802 4383 892 4439 οὖν
942 4385 1041 4453 τὴν
1084 4384 1222 4454 ὕλην
1270 4387 1344 4456 μὴ
1398 4383 1456 4438 ὃν
1503 4385 1561 4439 ἐκ
1605 4390 1702 4439 τοῦ
1744 4386 1925 4440 τοιού-

252 4497 377 4531 τουο
415 4476 548 4554 φασὶ
580 4476 708 4550 γὰρ,
743 4473 826 4528 ὅτι
855 4475 918 4528 τὸ
958 4474 1036 4545 ὃν,
1069 4473 1098 4528 ὅ
1130 4473 1269 4527 ἐστιν
1319 4473 1370 4528 ἐν
1399 4479 1516 4536 τοῖς
1561 4481 1778 4544 νοητοῖς
1813 4473 1914 4530 δια-

2043 4475 2348 4530 materiam
2378 4491 2493 4530 non
2522 4491 2625 4529 ens
2658 4474 2756 4528 tuli
2790 4476 2861 4530 de
2892 4493 3070 4530 causa
3101 4494 3113 4530 :
3149 4477 3353 4531 dicunt
3401 4478 3578 4545 enim,
3629 4479 3687 4531 id

254 4567 520 4639 κόσμοις,
557 4563 617 4618 ἐκ
643 4568 741 4618 τοῦ
771 4565 994 4633 πρώτου
1023 4568 1121 4617 τοῦ
1155 4563 1258 4616 ὐπὸ
1306 4564 1367 4617 τὸ
1418 4565 1475 4618 ’ὃν
1511 4559 1664 4626 ὄντος
1699 4565 1906 4639 ἐγένετο

2043 4581 2147 4621 ens
2175 4565 2327 4636 quod
2365 4568 2454 4618 est
2484 4564 2542 4617 in
2577 4563 3049 4633 intelligibilibus
3090 4569 3452 4620 ornamentis
3494 4583 3597 4621 seu
3631 4583 3691 4621 a-

259 4655 418 4710 Ἐπεὶ
455 4655 546 4708 οὗν
580 4651 787 4717 ἐκεῖνος
820 4652 951 4728 ὑπὲρ
979 4653 1042 4706 τὸ
1093 4649 1150 4706 ὅν
1205 4651 1339 4718 ἐστι,
1386 4653 1449 4706 τὸ
1481 4648 1538 4706 ὅν
1594 4651 1644 4723 ἐξ
1676 4654 1840 4707 αὑτοῦ
1871 4654 1914 4708 ὃι

2043 4655 2202 4720 stris,
2235 4671 2269 4707 a
2300 4654 2490 4724 primo
2522 4659 2654 4707 ente
2687 4654 2837 4723 quod
2871 4669 2976 4707 ens
3021 4660 3279 4724 superat,
3333 4656 3692 4726 productum

262 4743 481 4814 ἰκλήθη
532 4739 716 4815 ἓτερον
767 4742 825 4796 ὃν
875 4745 972 4796 τοῦ
1021 4737 1178 4803 ὄντος
1227 4742 1344 4804 καθ’
1401 4737 1688 4796 ὑπόϐασινο
1720 4744 1783 4797 τὸ
1830 4744 1914 4819 γὰε

2043 4746 2172 4809 est;
2205 4742 2485 4813 quoniam
2517 4741 2698 4811 igitur
2726 4740 2826 4794 ille
2867 4745 2956 4794 est
2987 4757 3167 4812 supra
3216 4757 3340 4807 ens,
3391 4743 3538 4798 illud
3588 4760 3694 4798 ens

262 4836 350 4901 ὃν,
385 4835 414 4888 ’ὀ
448 4831 700 4907 λέγουσι,
731 4831 831 4900 τὴν
862 4835 970 4885 τῶν
997 4836 1208 4899 νοητῶν
1238 4831 1375 4900 ὕλην
1411 4831 1914 4908 όνομάζουσι,λόγιι

2046 4833 2197 4900 quod
2231 4833 2302 4886 ab
2333 4831 2461 4901 ipso
2498 4830 2776 4901 procedit,
2792 4834 3061 4885 vocatum
3098 4830 3208 4885 fuit
3237 4832 3534 4886 diversum
3567 4849 3694 4899 ens,

270 4923 430 4996 μόνῳ
462 4922 770 4996 Θεωρητήν,
803 4922 865 4990 ἣν
912 4920 998 4974 καὶ
1042 4919 1208 4990 αὐτὴν
1257 4917 1402 4982 εἶδος
1448 4922 1537 4975 καὶ
1572 4923 1716 4991 ζωήν
1753 4942 1909 4998 φασιν

2048 4922 2120 4976 ab
2153 4927 2286 4975 ente
2319 4921 2372 4974 in
2400 4920 2665 4989 subjecto
2697 4937 2708 4974 :
2743 4936 2847 4974 ens
2864 4919 3022 4974 enim
3047 4921 3201 4990 quod
3231 4920 3453 4988 dicunt,
3488 4921 3699 4976 intelli-

268 5012 446 5067 οἱονεὶ
496 5010 562 5066 τὸ
612 5009 972 5082 ὑποκείμενον
1009 5013 1129 5071 ταῖς
1179 5015 1405 5078 νοηταῖς
1454 5009 1684 5072 οὐσίαις’
1731 5013 1829 5080 τὴν
1881 5009 1914 5065 δ

2048 5009 2315 5081 gibilium
2351 5008 2658 5063 materiam
2693 5007 3014 5080 appellant,
3050 5008 3276 5064 ratione
3328 5009 3454 5065 sola
3491 5010 3699 5066 visibi-

269 5103 322 5156 ἐν
380 5105 502 5163 τοῖς
562 5097 847 5168 αἷσθητοῖς
907 5097 1062 5170 ὕλην,
1122 5099 1196 5162 ὡς
1247 5096 1403 5167 ἐνδεῆ
1450 5098 1662 5153 πάντων
1719 5100 1826 5153 τῶν
1885 5101 1914 5154 ἒ·

2048 5099 2202 5167 lem;
2237 5115 2412 5168 quam
2444 5099 2620 5153 etiam
2657 5099 2903 5152 formam
2939 5103 2995 5152 et
3025 5098 3205 5153 vitam
3257 5098 3477 5170 dicunt,
3523 5099 3701 5155 veluti

266 5196 390 5250 τοῖς
420 5193 664 5255 νοητοῖς’
701 5183 825 5241 οὕτε
873 5187 976 5262 γὰρ
1029 5184 1196 5256 εἶδος,
1243 5185 1365 5242 οὕτε
1417 5190 1530 5257 ζωή
1581 5187 1740 5257 αὐτή.
1791 5189 1909 5264 Ἐγὲ

2052 5189 2204 5260 quod
2235 5187 2711 5259 intelligibilibus
2742 5187 3059 5258 subjicitur
3077 5189 3699 5259 essentiis,materiam

270 5300 395 5335 νετο
429 5277 489 5333 δὲ
532 5276 692 5347 αὕτη,
746 5277 820 5338 ὥς
871 5297 1052 5354 φασιν,
1111 5277 1214 5331 ὑπὸ
1257 5281 1354 5331 τοῦ
1403 5271 1577 5347 ὄντος,
1620 5277 1678 5332 ὃν
1737 5274 1911 5355 ἕφησα

2053 5295 2184 5333 vero
2216 5276 2585 5332 sensibilium
2623 5280 2689 5330 ut
2719 5276 2982 5348 indigam
3004 5277 3270 5333 omnium
3296 5295 3420 5350 quae
3447 5280 3506 5334 in
3527 5280 3700 5336 intel-

268 5369 521 5444 γενέσθαι
585 5365 690 5420 ἀπὸ
758 5369 854 5420 τοῦ
928 5365 1148 5441 πρώτου
1218 5366 1309 5420 καὶ
1383 5366 1724 5442 ὑπερόντος·
1807 5362 1914 5421 ὥστ

2055 5367 2418 5439 ligibilibus;
2452 5383 2520 5422 ea
2552 5367 2706 5422 enim
2740 5383 2927 5439 neque
2962 5368 3148 5424 forma
3187 5385 3378 5442 neque
3421 5370 3538 5425 vita
3592 5375 3702 5426 est.

267 5456 462 5533 ἓτερον
496 5455 665 5524 αὐτὴν
700 5454 862 5509 οὖσαν
901 5459 998 5509 τοῦ
1034 5450 1191 5517 ἔντος
1240 5456 1304 5510 οὗ
1361 5453 1610 5530 λέγουσιν
1662 5453 1827 5524 αὐτὴν
1877 5458 1914 5511 ei

2053 5457 2183 5513 Haec
2213 5461 2411 5513 autem
2443 5457 2730 5528 producta
2760 5458 2894 5529 fuit,
2928 5461 2993 5513 ut
3025 5459 3212 5527 aiunt,
3246 5461 3318 5517 ab
3349 5465 3502 5530 ente,
3528 5477 3703 5532 quem

2027 4121 2216 4190 possit.
2250 4120 2712 4175 Consentaneum
2747 4125 2838 4175 est
2868 4122 3079 4176 rationi
3120 4138 3323 4177 eorum
3373 4123 3681 4195 Opiniones

2036 4209 2252 4263 cursim
2286 4224 2596 4279 exponere,
2629 4210 2729 4280 qui
2763 4210 2967 4265 dicunt
3003 4213 3312 4268 materiam
3349 4230 3460 4268 non
3493 4219 3686 4278 ens,ct

2036 4296 2331 4366 quomodo
2363 4302 2571 4351 vocent
2615 4297 2803 4367 ipsam
2841 4315 2956 4352 non
3005 4315 3132 4364 ens,
3184 4305 3248 4354 ut
3296 4300 3471 4355 etiam
3503 4300 3685 4372 syllo-

2039 4386 2213 4457 gismi
2245 4385 2425 4440 divini
2457 4386 2717 4456 Dionysii
2762 4387 3184 4458 intelligantur.
3233 4388 3458 4444 Vocant
3505 4390 3690 4460 igitur

1305 5636 1538 5694 VARle
1576 5636 1964 5696 LECTIONES
2005 5637 2094 5695 ET
2130 5636 2692 5697 CORRECTIONES.

352 5764 374 5800 "
409 5758 635 5837 ἀλόγοις
709 5761 732 5796 ⁸
762 5757 1022 5839 ἀγγέλων.

612 5892 876 5953 PA'rneL.
923 5888 1036 5954 GR.
1079 5888 1182 5957 IV.
3306 5894 3384 5955 10
