4034 6392
378 382 485 435 209

1220 382 1588 435 APPENDIX
1631 383 1726 434 AD
1763 381 2004 434 OPERA
2043 381 2100 434 S.
2144 381 2456 435 DIONYSII
2494 377 2998 435 AREOPAGITE.

3678 385 3769 442 300

384 505 657 560 dixerunt
687 521 721 560 a
750 503 941 576 primo
972 507 1027 558 et
1059 520 1337 576 supremo
1370 507 1501 559 ente
1557 503 1864 576 genitum;
1903 519 2033 574 pro-

2157 522 2258 570 ναι,
2289 502 2372 571 ὃν,
2405 499 2553 558 ἀλλὰ
2606 502 2682 574 μὴ
2739 495 2818 554 ἔν’
2849 498 2976 576 φασὶ
3023 498 3125 575 γάρ
3155 505 3360 575 χρῆναι
3399 502 3496 571 τὴν
3531 499 3770 562 ὑπόϐασιν

385 600 582 666 pterea
613 610 763 659 eam,
797 592 1020 648 scilicet
1069 593 1401 665 materiam,
1453 609 1587 648 cum
1635 593 1716 649 sit
1774 592 1930 649 aliud
1961 593 2034 647 ab

384 689 535 748 ente,
571 699 682 737 non
717 683 923 737 dicunt
954 683 1138 754 ipsam
1173 699 1300 738 esse
1329 699 1432 738 ens
1481 683 1582 738 sed
1619 700 1732 737 non
1765 699 1910 751 ens;
1943 683 2034 737 di-

384 776 524 827 cunt
553 771 710 826 enim
745 776 1012 843 oportere
1045 772 1376 841 subjectum
1426 772 1602 827 etiam
1656 773 1723 827 ad
1777 777 2037 826 extrema

393 861 748 934 pertingere,
782 862 1028 932 ideoque
1059 862 1260 915 dicunt
1294 861 1604 916 materiam
1637 861 1776 933 quid
1810 862 1882 916 ab
1904 867 2037 916 ente

384 956 441 1006 et
473 951 718 1022 pulchro
767 951 1085 1017 diversum,
1137 967 1270 1004 cum
1319 967 1509 1022 neque
1559 950 1872 1022 pulchrum
1920 951 2032 1018 sit;

388 1041 554 1095 aiunt
583 1040 766 1112 igitur
798 1039 941 1094 nihil
973 1041 1232 1094 efficacia
1263 1055 1361 1093 seu
1385 1040 1724 1112 operatione
1746 1055 1908 1108 esse;
1933 1041 2034 1095 sed

388 1129 668 1184 omnibus
696 1146 822 1200 quae
855 1129 1059 1199 inipsa
1092 1128 1645 1195 conveniunt,160
1679 1135 1743 1184 ut
1775 1130 1961 1184 forma
1983 1132 2040 1184 et

388 1219 674 1292 qualitate
701 1218 952 1290 privari;
988 1233 1178 1288 neque
1212 1219 1369 1274 enim
1403 1219 1661 1290 seipsam
1697 1221 1754 1273 in
1777 1219 2036 1290 aliquam

387 1310 641 1384 speciem
673 1309 962 1375 eﬂ‘ormat,
996 1309 1155 1363 velut
1191 1309 1346 1377 coeli,
1394 1315 1584 1378 terrae,
1638 1309 1813 1378 aeris,
1848 1328 2035 1380 aquae,

388 1399 753 1468 animalium,
787 1404 1106 1466 astrorum,
1142 1414 1332 1469 neque
1362 1399 1644 1470 qualitate
1703 1399 1903 1468 afﬁcit,
1937 1401 2037 1454 sed

389 1491 459 1545 ab
488 1489 598 1544 alio
630 1490 702 1545 ad
729 1488 849 1543 haec
898 1489 1272 1559 disponitur;
1306 1493 1368 1542 ut
1417 1489 1594 1558 igitur
1638 1489 1787 1543 nihil
1841 1506 2036 1543 rerum

389 1578 753 1636 exsistensin
773 1577 1220 1649 seipsa,scilicet
1253 1578 1450 1632 formae
1483 1583 1540 1632 et
1571 1578 2038 1648 qualitatis,cum

386 1674 617 1724 tantum
650 1669 864 1723 virtute
917 1667 1036 1722 hac
1070 1667 1298 1733 habeat,
1351 1667 1404 1721 id
1460 1671 1547 1722 est
1597 1668 1666 1722 ad
1705 1668 1950 1722 formam
1985 1673 2043 1723 et

389 1757 734 1829 qualitatem
767 1756 976 1813 elevari
1013 1756 1238 1828 possit;
1274 1773 1390 1810 non
1417 1773 1552 1811 vero
1575 1758 1912 1827 operatione
1944 1755 2042 1811 ali-

389 1848 532 1920 quid
566 1847 777 1902 horum
810 1847 1121 1916 sit,merito
1152 1851 1242 1900 est
1275 1863 1386 1900 non
1419 1861 1685 1909 ens,cum
1720 1863 1820 1916 per
1847 1864 1907 1900 se
1923 1847 2043 1901 efﬁ-
2077 1882 2122 1946 Β

391 1935 548 1992 cacia
597 1953 698 1991 seu
751 1936 1086 2006 operatione
1137 1951 1253 1988 non
1304 1934 1419 2001 sit;
1479 1941 1841 2005 quapropter
1891 1935 2047 1990 velut

395 2029 582 2081 forma
615 2041 679 2079 ac
713 2024 996 2096 qualitate
1029 2039 1258 2092 carens,
1292 2027 1348 2076 et
1377 2040 1490 2078 non
1526 2040 1630 2077 ens
1664 2024 2047 2096 omniumque

395 2116 693 2186 indigens,
726 2115 798 2168 ab
831 2113 977 2186 ipsis
1018 2117 1221 2168 vocata
1272 2116 1362 2167 est
1393 2112 1637 2168 malum.
1690 2114 1819 2168 Haec
1871 2114 2049 2184 igitur

399 2204 632 2259 solvens
665 2203 897 2258 divinus
923 2201 1236 2272 Dionysius
1272 2202 1351 2255 ait
1393 2219 1404 2254 :
1451 2202 1749 2264 Quomodo
1803 2203 2048 2257 materia

400 2291 624 2348 malum
658 2291 960 2363 producet,
996 2307 1123 2360 quas
1158 2305 1400 2360 prorsus
1445 2305 1559 2343 non
1602 2292 1690 2344 est
1741 2289 2048 2344 efﬁcacia?

400 2382 722 2452 producere
773 2380 929 2434 enim
981 2384 1069 2434 est
1119 2378 1430 2445 efﬁcaciae;
1486 2377 1628 2449 quin
1699 2394 1886 2450 neque
1937 2377 2046 2433 ali-

400 2471 542 2541 quid
579 2470 699 2540 pati
730 2468 904 2535 valet,
938 2484 1039 2540 per
1061 2467 1314 2537 seipsam
1359 2467 1553 2522 solum
1601 2467 1890 2522 exsistens
1925 2484 1938 2522 :
1974 2469 2047 2523 ab

397 2559 511 2614 alio
543 2559 702 2613 enim
735 2574 837 2628 per
868 2573 974 2612 nos
1005 2557 1064 2611 in
1109 2557 1346 2611 formam
1381 2560 1438 2610 et
1475 2556 1815 2625 qualitatem
1850 2555 2045 2627 dispo-

398 2649 594 2712 nitur;
630 2664 744 2702 non
779 2646 996 2718 patitur
1028 2662 1164 2716 ergo
1197 2662 1330 2700 cum
1365 2649 1455 2701 est
1486 2645 1769 2700 solitaria.
1804 2645 1864 2700 Si
1913 2662 2046 2701 vero

395 2754 522 2792 eam
555 2754 669 2790 non
703 2753 831 2791 esse
865 2734 1080 2804 dicitis,
1115 2750 1246 2789 cum
1282 2733 1426 2790 nihil
1449 2752 1688 2806 prorsus
1723 2734 1822 2801 sit,
1860 2751 2048 2806 neque

397 2825 619 2881 malum
652 2825 762 2881 erit
786 2841 972 2895 neque
996 2825 1215 2879 bonum
1244 2841 1256 2880 :
1291 2824 1340 2879 si
1363 2829 1557 2879 autem
1587 2824 1785 2878 sitens
1808 2823 2046 2894 aliquod

398 2921 500 2970 aut
530 2932 599 2971 ex
633 2917 743 2970 Deo
775 2919 883 2982 est,
919 2919 1019 2969 aut
1049 2931 1117 2968 ex
1149 2914 1483 2985 scipsa,aut
1514 2929 1583 2967 ex
1617 2914 1730 2968 alio
1761 2913 2046 2984 principio

2143 591 2232 645 xui
2269 590 2572 666 μέχριτῶν
2627 590 2872 664 ὲσχάτων
2917 587 3077 656 ἱέναι,
3125 589 3216 643 καί
3269 585 3358 644 διὰ
3404 595 3562 647 τοῦτο
3608 590 3769 664 ἕτερόν

2146 702 2272 758 φασι
2326 682 2424 749 τήν
2477 677 2615 750 ὕλην
2664 684 2760 734 τοῦ
2805 674 2984 745 ὄντος,
3032 677 3122 734 καὶ
3170 682 3266 733 τοῦ
3317 677 3507 749 καλοῦ,
3542 683 3612 746 ὡς
3648 685 3772 757 μηδὲ

2116 769 2310 830 ,καλὸν
2353 769 2509 827 εἶναι.
2561 766 2726 826 Οὐδὲν
2779 769 2870 823 οὗν
2922 789 3079 845 φασιν
3131 767 3297 836 αὐτὴν
3347 770 3582 845 ἐνεργείᾳ
3627 772 3768 842 εἶναι,

2146 857 2292 914 ἀλλὰ
2333 860 2547 913 πάντων
2607 860 2923 933 ἐστερῆσθαι
2972 861 3079 912 τῶν
3127 858 3210 912 ἐπ’
3261 858 3425 928 αὐτῆς
3474 855 3773 933 συμϐαινόν-

2145 969 2276 1016 των,
2335 952 2449 1003 οἷον
2500 945 2676 1010 ε’ίδους
2740 946 3205 1023 καλποιότητος·
3257 945 3380 1002 οὔτε
3437 950 3539 1024 γὰρ
3597 951 3770 1022 ἑαυτὴν

2151 1043 2360 1113 μορφοῖ
2390 1037 2466 1100 εἷς
2510 1036 2670 1103 εἶδος,
2720 1040 2835 1091 οἷον
2885 1035 3139 1111 οὐρανοῦ,
3181 1043 3308 1110 γῆς,
3351 1036 3531 1111 ἀὲρος,
3578 1037 3773 1114 ὕδατος,

2152 1129 2332 1196 ζώων,
2365 1127 2624 1202 ἀστέρων,
2667 1124 2791 1182 οὔτε
2843 1132 3018 1198 ποιοῖ,
3071 1125 3200 1182 ἀλλ’
3248 1127 3298 1196 ἒξ
3347 1127 3530 1202 ἑτέρου
3572 1137 3776 1202 κοσμεί-

2148 1238 2234 1271 ται
2293 1217 2367 1278 εἷς
2422 1222 2610 1274 ταῦτα.
2666 1218 2754 1277 Ὠς
2786 1217 2874 1271 οὗν
2937 1212 3088 1270 οὐδὲν
3141 1217 3274 1270 οὖσα
3329 1221 3438 1270 τῶν
3497 1212 3658 1272 ὄντων
3703 1220 3775 1274 ἐπ’

2148 1305 2308 1378 αὐτῇ,
2342 1303 2520 1367 ε’ίδους
2566 1305 2692 1380 φασὶ
2741 1304 2832 1359 καὶ
2880 1305 3198 1375 ποιότητος,
3248 1304 3412 1377 μόνον
3469 1303 3525 1361 δὲ
3572 1304 3778 1381 δυνάμει

2149 1396 2282 1449 οὖσα
2336 1399 2524 1462 ταῦτα,
2585 1396 2858 1449 τουτέστιν
2917 1394 2993 1456 εἷς
3037 1392 3178 1456 εἶδος
3226 1395 3316 1449 καὶ
3368 1395 3633 1467 ποιότητα
3683 1398 3778 1452 ὲνε-

2149 1490 2353 1557 χθῆναι
2404 1481 2698 1555 δυναμένη,
2755 1482 2816 1537 οὐ
2861 1484 2967 1556 μὴν
3016 1481 3256 1557 ἐνεργείᾳ
3297 1504 3350 1538 τι
3402 1484 3532 1538 οὖσα
3567 1484 3780 1555 τούτων,

2151 1571 2373 1635 εἰκότως
2407 1574 2481 1644 μή
2538 1569 2594 1626 ὅν
2647 1573 2779 1644 ἔστι,
2821 1574 2940 1636 καθ’
2989 1571 3184 1641 ἑαυτὴν
3236 1570 3473 1646 ἕνεργείᾳ
3518 1575 3592 1645 μή
3644 1575 3784 1630 οὖσα-

2153 1659 2236 1715 διὸ
2265 1661 2353 1715 καὶ
2388 1662 2460 1722 ὡς
2493 1658 2724 1723 άνείδεος
2771 1663 2859 1716 xui
2913 1662 2989 1724 ὡς
3038 1659 3251 1734 ἄποιος,
3296 1663 3390 1717 καὶ
3445 1663 3518 1734 μὴ
3565 1662 3656 1732 ὢν,
3701 1664 3779 1718 καὶ

2153 1751 2226 1813 ὡς
2255 1752 2465 1806 πάντων
2501 1749 2710 1823 ἐνδεὴς,
2745 1749 2952 1822 ἐκλήθη
2985 1753 3147 1806 κακὸν
3197 1753 3325 1826 παρ’
3377 1751 3574 1809 αὐτῶν.
3621 1755 3780 1810 Ταῦτα

2153 1841 2244 1894 οὗν
2299 1840 2444 1895 λύων
2495 1842 2523 1895 ὁ
2576 1847 2718 1904 θεῖος
2769 1840 3046 1903 Διονύσιός
3101 1863 3255 1918 φησι.
3291 1845 3414 1903 Πῶς
3442 1843 3650 1913 ποιήσει
3697 1863 3778 1897 xu-

2155 1931 2247 1984 κὸν
2279 1931 2313 1999 ἡ
2347 1929 2477 2000 ὕλη,
2509 1932 2543 1999 ἡ
2585 1929 2864 1992 παντελῶς
2914 1932 2989 2003 μὴ
3033 1931 3165 1985 οὖσα
3193 1933 3261 2003 τῇ
3309 1929 3564 2006 ἐνεργείᾳ,
3595 1932 3652 1986 τὸ
3691 1934 3779 2007 γὰρ

2156 2025 2331 2074 ποιεῖν
2380 2018 2644 2094 ἐνεργείας
2695 2019 2858 2074 ἐστίν’
2909 2017 3056 2074 ἀλλὰ
3107 2017 3248 2092 μηδὲ
3297 2021 3527 2096 πάσχειν
3563 2042 3613 2075 τι
3643 2018 3782 2075 δυνα-

2163 2110 2321 2182 μένη,
2371 2111 2487 2163 καθ’
2537 2107 2730 2176 ἑαυτὴν
2787 2109 2950 2181 μόνον
3014 2109 3163 2162 οὖσα⁸
3216 2107 3268 2178 ἐξ
3311 2107 3492 2184 ἑτερου
3538 2111 3634 2184 γὰρ
3682 2111 3782 2173 καθ’

2159 2201 2307 2271 ἡμᾶς
2347 2203 2630 2270 κοσμεῖται
2682 2197 2757 2259 εἷς
2813 2195 2956 2259 εἶδος
3004 2197 3094 2251 καὶ
3151 2197 3444 2267 ποιότητα·
3502 2198 3561 2253 οὐ
3605 2200 3781 2272 πάσχει

2157 2288 2247 2341 οὖν
2277 2288 2394 2350 καθ’
2429 2287 2620 2354 ὲαυτήν
2673 2286 2828 2342 οὖσα.
2862 2285 2930 2342 Ei
2974 2283 3032 2339 δὲ
3079 2287 3154 2358 μὴ
3206 2284 3265 2340 ὃν
3297 2287 3468 2355 αὐτὴν
3502 2285 3694 2360 λέγετε,
3721 2287 3783 2348 ὡς

2155 2375 2436 2437 παντελῶς
2484 2373 2638 2430 οὐδὲν
2691 2376 2874 2444 οὖσαν,
2927 2372 3050 2429 οὔτε
3099 2375 3263 2430 κακὸν
3324 2374 3470 2430 ἔσται
3521 2374 3636 2431 οὔτε
3670 2376 3782 2450 ἀγα-

2155 2465 2272 2520 θόν·
2323 2465 2366 2519 εἷ
2407 2463 2464 2520 δὲ
2507 2465 2616 2519 ἐστί
2664 2486 2717 2520 τι
2766 2463 2847 2533 ὃν,
2881 2466 2915 2534 ἢ
2953 2464 3011 2519 ἑκ
3064 2469 3199 2519 Θεοῦ
3245 2464 3388 2520 ἐστιν
3439 2465 3474 2534 ἢ
3511 2465 3560 2536 ἐξ
3592 2467 3779 2534 εαυτῆς,

2155 2556 2189 2624 ἣ
2219 2556 2267 2626 ἐξ
2301 2555 2483 2628 ἕτὲρας
2534 2553 2738 2629 ἀρχῆς,
2779 2554 2868 2608 καὶ
2915 2553 3050 2621 αὑτή
3101 2553 3190 2608 xui
3223 2555 3251 2608 ὁ
3286 2554 3439 2616 Θεός’
3473 2554 3517 2610 εἰ
3565 2552 3618 2609 δὲ
3641 2555 3781 2628 ἀναγο

2155 2649 2308 2699 καῖον
2341 2645 2374 2713 ἠ
2428 2642 2557 2713 ὕλη,
2601 2643 2674 2705 ὠς
2722 2641 3188 2718 συμπληρωτικὸν
3219 2646 3240 2680 ⁰
3269 2644 3507 2716 κόσμου,
3555 2648 3664 2705 πῶς
3707 2664 3784 2696 και

2154 2733 2246 2787 κὸν
2282 2734 2314 2802 ἡ
2351 2731 2456 2800 ὕλη
2491 2751 2503 2801 ;
2537 2735 2707 2808 ’Ὁρος
2736 2733 2838 2807 γὰρ
2872 2732 3188 2807 ἀναγκαίου,
3233 2730 3436 2803 ἀΐδιον,
3485 2731 3695 2804 ἀληθὲς,
3723 2731 3784 2792 ὠς

2157 2821 2464 2901 ὠφέλιμον,
2499 2822 2586 2878 o'iu
2617 2823 2759 2877 ἐστὶν
2789 2826 2823 2892 ἡ
2853 2823 3016 2897 ἀρετή
3050 2822 3366 2902 ὠφελοῦσα.
3409 2823 3583 2882 ’Άλλο
3627 2826 3705 2879 οὖν
3732 2825 3783 2879 τὸ

2159 2914 2345 2984 κακὸν,
2378 2913 2467 2968 καὶ
2502 2912 2642 2970 ἄλλο
2672 2914 2734 2968 τὸ
2767 2914 3083 2987 ἀναγκαῖον.

402 3011 460 3062 et
484 3006 615 3076 ipsa
643 3010 700 3060 et.
749 3007 898 3060 Deus
929 3009 1017 3059 est
1047 3022 1066 3058 ,ο
1097 3005 1144 3059 si
1173 3021 1305 3059 vero
1355 3004 1756 3060 necessarium
1803 3003 1879 3059 sit
1929 3004 2172 3060 materia
2222 3011 2288 3061 ut
2338 3005 2559 3076 aliquid
2612 3005 2766 3075 quod
2818 3006 3108 3060 mundum
3160 3006 3478 3079 compleat,
3529 3006 3788 3079 quomodo

401 3096 647 3150 materia
677 3098 765 3149 est
798 3093 1016 3148 malum
1043 3093 1069 3148 ‘?
1100 3093 1362 3148 deﬁnitio
1390 3093 1546 3148 enim
1573 3093 1910 3159 necessarii,
1945 3098 2250 3164 aeternum,
2283 3111 2509 3166 verum,
2543 3098 2827 3166 tanquam
2855 3093 3018 3165 utile,
3063 3094 3216 3150 sicut
3243 3095 3436 3152 virtus
3486 3100 3573 3153 est
3605 3094 3745 3151 utilis
3773 3109 3784 3147 :

400 3200 537 3256 ergo
570 3182 726 3240 aliud
769 3195 860 3239 est
891 3183 1112 3238 malum
1147 3188 1204 3238 et
1233 3183 1390 3238 aliud
1426 3183 1849 3239 necessarium.

471 3301 675 3356 Malum
711 3301 861 3355 enim
893 3317 1004 3371 qua
1042 3303 1200 3370 parte
1247 3299 1482 3353 malum.
1531 3302 1797 3354 Evertens
1847 3312 2047 3354 eorum

2236 3299 2314 3355 Τὸ
2369 3299 2471 3374 γὰρ
2529 3298 2692 3352 κακὸν
2752 3297 2789 3372 ᾖ
2843 3299 3030 3356 κακόν.
3093 3300 3440 3375 Ἀνατρὲπων
3511 3301 3601 3362 τὰς
3657 3296 3790 3370 δόξας

402 3388 706 3460 opiniones
732 3389 831 3461 qui
865 3390 1089 3457 dicunt,
1143 3387 1444 3444 materiam
1481 3403 1609 3442 esse
1642 3389 1885 3457 malum,
1920 3389 2002 3443 ait
2035 3406 2048 3443 ε

402 3478 1611 3550 Quomodoigiturexmateriageneraturct
1626 3479 2051 3550 nutriturquod

402 3585 470 3622 cx
500 3572 656 3622 terra
676 3567 1188 3638 nascitur,plantm
1221 3571 1276 3621 et
1303 3566 1582 3621 animalia
1614 3569 1636 3620 ?
1667 3571 1724 3622 et
1755 3567 1874 3622 haec
1897 3567 2051 3621 enim

404 3675 471 3711 ex
504 3658 690 3712 forma
725 3661 781 3712 et
831 3657 1075 3711 materia
1123 3661 1261 3711 sunt
1292 3673 1304 3711 :
1341 3656 1634 3726 quomodo
1683 3655 1867 3727 igitur
1899 3657 2052 3726 quod

407 3762 508 3816 per
539 3763 599 3801 se
632 3745 851 3800 malum
886 3749 974 3800 est
1004 3751 1244 3817 generat
1274 3749 1330 3798 et
1384 3744 1568 3799 nutrit
1618 3761 1804 3816 neque
1854 3746 2054 3800 statim

407 3834 734 3906 corrumpit
757 3852 821 3890 ac
838 3833 1283 3906 corrumpitur?
1317 3833 1435 3888 haec
1465 3838 1553 3888 est
1583 3835 1738 3888 enim
1771 3833 2056 3888 habitudo

410 3924 550 3980 mali
585 3941 596 3978 :
629 3941 830 3980 verum
865 3940 1056 3996 neque
1086 3925 1174 3993 (ut
1204 3924 1496 3994 quosdam
1522 3924 1738 3979 sentire
1786 3923 2056 3993 superius

409 4013 688 4086 diximus)
715 4014 962 4069 materia
995 4013 1050 4067 in
1087 4011 1376 4068 malitiam
1429 4013 1655 4067 animas
1681 4012 1924 4067 attrahit
1959 4027 2060 4080 per

407 4101 746 4158 irrationem
785 4104 995 4158 animae
1029 4106 1278 4173 partem,
1305 4103 1459 4172 quod
1509 4103 1684 4156 mista
1732 4101 1808 4154 sit
1839 4101 1896 4154 in
1932 4117 2058 4156 cor-

406 4209 545 4263 pore
578 4193 726 4263 parti
748 4190 956 4246 anima:
983 4191 1204 4246 ratione
1225 4190 1446 4246 carenti
1472 4209 1484 4250 :
1521 4189 1690 4245 multi
1721 4189 1878 4244 enim
1906 4189 2058 4245 hanc

407 4285 628 4350 partem
660 4281 1033 4347 domuerunt,
1069 4284 1131 4334 ut
1162 4279 1350 4334 sancti
1383 4280 1522 4346 Dei;
1557 4280 1837 4350 quoniam
1858 4285 2054 4336 autem

403 4371 643 4441 quidam
667 4369 1192 4440 gentiliumdicunt
1232 4375 1540 4440 propterea
1569 4368 1780 4423 coelum
1813 4373 1868 4423 et
1897 4374 2058 4425 astra

403 4477 519 4514 non
551 4461 872 4530 corrumpi,
907 4459 1046 4530 quia
1095 4475 1164 4512 ex
1211 4457 1433 4529 puriori
1482 4458 1765 4528 producta
1820 4459 2058 4513 fuerunt

404 4549 671 4617 materia,
705 4564 773 4604 ea
817 4553 1014 4604 autem
1064 4565 1192 4619 qua
1237 4547 1722 4618 corruptibilibus
1771 4547 2057 4603 inhaerent

404 4638 769 4709 corporibus,
800 4654 868 4692 ex
898 4637 1164 4708 subjecta
1212 4647 1267 4691 et
1315 4636 1602 4691 crassiore
1643 4636 1886 4692 materia
1917 4655 2056 4708 pro-

405 4728 562 4792 duci,
596 4743 728 4781 cum
762 4727 1093 4782 necessario
1125 4725 1183 4780 in
1218 4725 1602 4780 fundamento
1633 4731 1958 4780 creatorum
1982 4727 2058 4783 sit

405 4822 684 4883 extrema,
734 4815 911 4870 talem
977 4815 1248 4881 evadere;
1302 4814 1550 4883 ideoque
1613 4814 1886 4869 inferiora
1935 4833 2055 4871 cor-

409 4909 787 4978 rumpuntur,
826 4903 1186 4972 minimeque
1228 4906 1408 4967 stant,
1456 4903 1611 4972 quod
1664 4921 1776 4958 non
1826 4906 2057 4975 possint

409 4995 640 5048 fundari
705 4994 1069 5063 firmiterque
1135 5007 1268 5046 cum
1319 4991 1531 5062 seipsis
1595 4991 1831 5060 haerere,
1902 4995 2055 5048 sicut

407 5083 616 5136 cmlum
650 5088 704 5137 et
735 5088 912 5136 astra.
947 5081 1004 5135 Si
1040 5080 1221 5152 igitur
1256 5082 1584 5136 necessario
1627 5081 1710 5136 sic
1742 5084 1864 5152 fiat,
1900 5085 2044 5138 161

407 5171 700 5241 quomodo
733 5167 978 5226 materia
1013 5174 1104 5224 est
1136 5168 1379 5238 malum,
1413 5187 1543 5226 cum
1589 5173 1912 5228 secundum
1947 5190 2053 5229 nos

405 5261 466 5315 in
520 5276 581 5314 se
621 5258 1025 5315 necessarium
1093 5258 1346 5314 habeat?
1394 5263 1520 5314 Non
1575 5261 1757 5332 igitur
1805 5263 2054 5319 materia

408 5347 654 5404 malum.

2165 3393 2270 3442 τῶν
2310 3386 2579 3464 λεγόντων
2625 3389 2788 3442 κακὸν
2843 3389 2976 3445 εἶναι
3018 3391 3118 3458 τὴν
3161 3388 3329 3459 ὕλην,
3371 3391 3524 3468 φησί’
3559 3395 3673 3452 Πῶς
3715 3388 3789 3441 οὖν

2165 3477 2215 3548 ἑξ
2267 3477 2405 3547 ὕλης
2457 3483 2704 3553 γεννᾶται
2756 3478 2845 3531 καὶ
2893 3479 3142 3556 τρέφεται
3183 3479 3216 3548 ἠ
3274 3473 3498 3557 ἔκφυσις
3557 3482 3655 3532 τῶν
3701 3475 3790 3530 ἀπὸ

2163 3574 2288 3640 γῆς,
2343 3567 2480 3644 φυτᾶ
2533 3569 2621 3622 καὶ
2685 3571 2796 3636 ζῶα
2830 3597 2843 3637 ς
2875 3567 2964 3622 καὶ
3012 3572 3180 3622 ταῦτα
3224 3569 3331 3646 γάρ
3387 3569 3438 3640 ἒξ
3493 3566 3662 3629 εἷ’δους
3712 3567 3788 3620 καὶ

2165 3655 2306 3725 ὕλης
2351 3655 2472 3713 εἶσί,
2505 3657 2574 3710 Τὸ
2629 3657 2718 3710 οὗν
2770 3657 3068 3712 αὑτόκακον
3102 3661 3217 3719 πῶς
3263 3663 3428 3732 γεννᾷ
3473 3659 3561 3712 καὶ
3609 3657 3790 3731 τρέφει,

2164 3746 2252 3800 καὶ
2285 3746 2384 3799 οὑκ
2432 3745 2587 3810 εὐθὺς
2629 3745 2836 3824 φθείρει
2883 3747 2973 3802 καὶ
3023 3747 3295 3825 φθείρεται
3336 3767 3349 3816 ;
3385 3748 3517 3818 αὕτη
3561 3747 3655 3822 γὰρ
3699 3741 3792 3813 ἕξις

2164 3838 2260 3888 τοῦ
2286 3838 2473 3888 κακοῦ·
2517 3832 2644 3890 ἀλλ’
2691 3833 2833 3909 οὕτε,
2885 3837 2957 3899 ὠς
3007 3833 3213 3915 ἔφημεν
3262 3837 3378 3893 ἅνω
3424 3837 3596 3913 λέγειν
3640 3833 3790 3902 τινὰς,

2167 3923 2450 3998 ἐφέλκεται
2485 3924 2560 3987 είς
2592 3925 2780 3980 κακίαν
2812 3926 2908 3991 τὰς
2937 3929 3108 4001 ψυχὰς
3142 3929 3175 3997 ἡ
3211 3926 3322 3998 ὕλη
3360 3927 3446 3984 διὰ
3490 3933 3582 3982 τοῦ
3614 3925 3791 3999 ἀλόγου

2172 4011 2370 4086 μέρους
2408 4019 2509 4082 τῆς
2555 4017 2760 4089 ψυχῆς,
2805 4011 2892 4069 διὰ
2937 4019 3032 4070 τοῦ
3089 4016 3349 4088 σώματος
3403 4014 3696 4091 μεμιγμένη
3725 4014 3791 4080 τῷ

2166 4100 2352 4176 ἀλόγῳ
2381 4109 2480 4172 τῆς
2532 4105 2737 4177 ψυχῆς
2784 4102 2990 4160 πολλοὶ
3031 4104 3132 4180 γὰρ
3165 4105 3467 4178 ὲκράτησαν
3512 4101 3604 4158 τοῦ
3632 4099 3791 4155 τοιού-

2164 4211 2261 4245 του
2314 4191 2529 4266 μὲρους,
2572 4190 2644 4253 ὠς
2693 4193 2744 4246 oi
2796 4193 2936 4268 ἅγιοι
2985 4197 3082 4246 τοῦ
3119 4197 3278 4250 Θεοῦ.
3311 4191 3532 4262 Ἐπειδή
3583 4189 3636 4246 Si
3671 4183 3789 4244 ἔτιοι

2164 4285 2270 4334 τῶν
2320 4279 2597 4350 Ἑλλήνων
2649 4283 2798 4358 φασὶ,
2853 4280 2942 4337 διὰ
2992 4287 3155 4338 τοῦτο
3212 4283 3304 4337 τὸν
3357 4282 3582 4357 οὑρανὸν
3619 4277 3700 4334 καί
3737 4277 3792 4329 τὰ

2166 4372 2331 4443 ἄστρα
2379 4371 2452 4442 μὴ
2521 4371 2848 4448 φθείρεσθαι,
2900 4369 2990 4426 διὰ
3053 4373 3115 4426 τὸ
3176 4371 3236 4426 ἐκ
3281 4377 3379 4428 τοῦ
3437 4366 3790 4442 καθαρωτέρου

2163 4467 2264 4529 τῆς
2319 4459 2455 4532 ὕλης
2499 4462 2745 4537 γενέσθαι
2819 4462 2886 4517 τὰ
2941 4459 2998 4516 δὲ
3055 4468 3308 4538 προσεχῆ
3369 4467 3484 4523 τοῖς
3557 4459 3790 4537 φθαρτοῖς

2166 4549 2411 4621 σώμασιν
2469 4548 2528 4604 ἐκ
2573 4557 2672 4620 τῆς
2745 4550 3100 4623 ὑποστάθμης
3165 4550 3254 4604 καὶ
3311 4548 3618 4626 παχυτέρας
3672 4544 3791 4612 ὕλης

2089 4677 2133 4740 D
2167 4637 2383 4714 λέγουσι
2453 4641 2716 4716 γενέσθαι·
2799 4642 3104 4715 ἀναγκαίως
3177 4643 3298 4696 καθ’
3377 4634 3633 4696 ὑπόϐασιν
3702 4637 3792 4687 τῶν

2165 4730 2486 4784 κτισθὲντων
2534 4730 2769 4806 ἐσχάτην
2825 4732 3009 4801 οὖσαν,
3069 4726 3346 4800 ἀποϐῆναι
3398 4728 3666 4798 τοιαύτην·
3718 4721 3789 4776 διὸ

2165 4818 2252 4872 καὶ
2311 4819 2615 4896 φθείρονται
2692 4822 2754 4874 τὰ
2826 4822 3128 4896 κατώτερα,
3187 4821 3277 4875 καὶ
3359 4816 3657 4881 ἀπατοῦσι,
3724 4812 3786 4884 μὴ

2166 4904 2432 4980 δυνάμενα
2479 4907 2728 4982 ἱδρῦσθαι
2783 4909 2872 4964 καὶ
2937 4904 3170 4985 βεϐαίως
3234 4906 3382 4984 ἔχειν
3448 4907 3531 4978 iu’
3581 4905 3788 4974 ἑαυτοῖς,

2165 4995 2238 5057 ὠς
2289 4999 2316 5052 ὁ
2378 4997 2605 5071 οὐρανὸς
2663 4998 2753 5052 καὶ
2827 4999 2894 5053 τὰ
2961 4999 3175 5074 ἄστρα.
3232 4998 3297 5052 Ei
3357 4999 3449 5052 οὗν
3512 4989 3787 5068 ἀναγκαίως

2164 5085 2306 5140 οὕτω
2366 5088 2577 5161 γέγονε,
2635 5091 2754 5150 πῶς
2801 5088 2834 5156 ή
2869 5087 2974 5158 ὕλη
3025 5089 3210 5155 κακὸν,
3271 5083 3477 5162 ἔχουσα
3505 5085 3618 5138 καθ’
3661 5083 3790 5152 ἡμᾶς

2163 5174 2214 5228 ἐν
2267 5176 2428 5249 ἑαυτῇ
2470 5177 2530 5230 τὸ
2582 5177 2866 5251 ἀναγκαῖον
2905 5196 2918 5246 ;
2951 5178 3069 5234 Οὑκ
3118 5177 3207 5231 οὗν
3259 5174 3557 5249 [οὐδαμῶς]
3616 5173 3646 5240 ἡ
3694 5165 3785 5235 ὕλη

2160 5265 2326 5318 κακόν
2337 5308 2347 5320 .

1400 5531 1640 5588 VARI/53
1679 5531 2080 5593 LECTIONES
2122 5536 2212 5592 ET
2253 5536 2814 5595 CORRECTIONES.

477 5710 499 5744 ⁹
529 5703 994 5781 συμπληρωτική.
