4034 6392
259 411 360 465 301

328 535 590 603 ἓΧΧΙΧ.
651 536 714 590 Ἡ
767 537 1018 610 στέρησις
1075 536 1212 590 κατὰ
1269 533 1494 608 δύναμιν
1532 577 1544 590 .

259 644 343 686 σις
373 625 480 679 οὐκ
508 621 652 680 ἐστιν
688 626 981 689 ὑπόστασίς
1029 646 1136 692 τις,
1167 625 1316 680 ἀλλὰ
1361 625 1485 694 περὶ
1515 626 1576 678 τὸ
1623 622 1922 697 ἐστερημό-

256 734 346 767 νον
380 717 482 767 τοῦ
513 720 767 789 παρεῖναι
808 713 1112 792 πεφυκότος
1161 715 1250 768 καὶ
1300 709 1696 777 ἐπιϐάλλοντος
1743 710 1921 774 εἷ’δους

256 802 493 875 γίνεται,
556 804 631 864 ὡς
685 803 775 858 καὶ
826 802 1068 867 ἐνταῦθα·
1132 808 1370 878 μερικῶς
1426 805 1529 879 γὰρ
1584 810 1686 872 τῆς
1736 804 1924 877 στερή-

258 911 402 954 σεως
436 891 605 962 οὔσης
636 892 687 947 ἐν
719 898 788 967 τῇ
839 891 946 968 ὕλῃ
998 897 1096 948 τοῦ
1147 890 1345 958 εἷ’δους,
1395 889 1545 948 ἔσται
1594 897 1691 946 τοῦ
1721 894 1922 968 ἀγαθοῦ

255 1001 310 1034 τι
343 980 399 1035 ἐν
432 982 595 1056 αὐτῇ,
628 983 762 1047 καθὸ
812 983 901 1037 καὶ
956 980 1134 1043 εἶ’δους
1182 983 1272 1037 καὶ
1302 984 1512 1056 κόσμου
1556 981 1669 1053 ἐρᾷ,
1714 983 1803 1038 καὶ
1839 980 1922 1036 δὲ-

254 1090 420 1146 χεται
455 1077 625 1126 ταῦτα
674 1073 748 1134 ὡς
802 1073 995 1149 ἀγαθά.
1027 1073 1098 1126 Τὸ
1132 1070 1189 1126 δὲ
1222 1071 1523 1127 αὐτόκακον
1571 1072 1693 1126 οὔτε
1724 1071 1923 1146 ἀγαθοῦ

260 1160 560 1233 μετουσίαν
615 1159 854 1237 δέχεται,
905 1161 990 1216 διὸ
1040 1159 1166 1216 οὔτε
1220 1161 1376 1216 ἐστίν·
1431 1164 1458 1232 ἦ
1499 1163 1600 1237 γὰρ
1650 1160 1926 1228 παντελὴς

257 1251 523 1323 στέρησις
577 1251 668 1306 καὶ
718 1251 849 1306 αὐτὸ
887 1253 949 1307 τὸ
1000 1251 1355 1323 ὑποκείμενον
1389 1256 1550 1325 σῶμα
1592 1251 1816 1328 φθείρει,
1852 1252 1927 1314 ὡς

257 1339 414 1414 μηδέ
442 1342 602 1396 νόσον
645 1345 692 1380 ¹⁰
719 1338 797 1396 ἔτι
844 1343 1152 1415 ὑπομεῖναι·
1207 1341 1326 1405 ὅθεν
1375 1341 1464 1396 καὶ
1511 1339 1783 1413 ἀδόναμον
1829 1341 1924 1394 αὖ·

249 1432 360 1498 τήν
417 1431 587 1486 εἶπεν·
635 1433 670 1500 ἡ
725 1429 784 1486 δὲ
837 1432 1056 1506 μερική,
1089 1432 1163 1493 ὡς
1206 1429 1411 1505 ἔχουσά
1454 1452 1506 1485 τι
1553 1435 1651 1485 τοῦ
1698 1431 1922 1504 ἀγαθοῦ,

255 1518 500 1593 δύναμιν
529 1519 746 1596 λέγεται
779 1518 949 1595 ἔχειν.

331 1611 566 1679 ἓΧΧΧ.
625 1609 802 1666 Ἀλλὰ
849 1611 982 1673 καθὸ
1045 1608 1106 1664 οὔ
1160 1606 1456 1679 παντελής.
1511 1610 1677 1681 ’Όρος
1737 1607 1924 1662 σύντο-

257 1721 369 1771 μος
401 1704 508 1754 τοῦ
536 1703 728 1769 κακοῦ,
763 1698 847 1754 ὅτι
899 1699 958 1754 οὐ
1010 1701 1147 1754 κατά
1198 1699 1378 1776 φύσιν,
1413 1697 1558 1753 ἀλλά
1603 1699 1739 1752 κατὰ
1772 1718 1922 1774 μερι-

250 1791 362 1858 κὴν
395 1787 646 1862 ἔλλειψιν
678 1794 776 1844 τοῦ
807 1789 1009 1865 ἀγαθοῦ
1031 1789 1165 1846 ἐστι.

1018 414 1076 465 S.
1117 412 1392 467 MAXIM!
1429 413 1737 468 SCHOLIA
1776 413 1849 465 IN
1890 411 2022 465 LIB.
2065 413 2162 465 DE
2200 411 2474 466 DIVINIS
2512 408 2924 467 NOMINIBUS.

1604 536 1664 591 Ἦ
1733 535 1923 606 στερη·
1955 534 2010 600 Α
2110 537 2137 602 §
2168 535 2364 591 XXlV.
2401 537 2649 593 Privatio
2681 538 2739 591 vi
2765 553 2887 592 sua.
2923 537 3176 594 Privatio
3207 557 3321 595 non
3367 546 3458 596 est
3487 542 3688 614 aliqua

3583 417 3690 472 302

2033 625 2439 695 subsistentia,
2493 629 2593 682 sed
2639 631 2730 681 est
2758 626 2815 681 in
2850 645 2915 682 eo
2961 630 3114 700 quod
3166 630 3431 700 privatur
3478 632 3682 702 forma,

2033 733 2160 786 quas
2195 733 2451 786 precscns
2485 733 2614 772 esse
2649 722 2839 787 potest
2881 724 2936 772 et
2968 717 3195 786 nititur,
3249 725 3312 775 ut
3341 721 3515 777 etiam
3552 723 3678 790 hic;

2035 805 2081 858 si
2116 805 2270 859 enim
2306 805 2548 875 privatio
2583 806 2778 860 formae
2813 807 2868 860 in
2903 808 3149 862 materia
3177 809 3251 864 sit
3283 811 3678 880 particularis,

2034 893 2252 964 aliquid
2286 894 2342 949 in
2380 912 2446 949 ea
2479 896 2612 949 boni
2649 897 2780 961 erit,
2815 902 3108 966 quatenus
3141 903 3197 952 et
3231 899 3475 954 formam
3501 907 3556 956 et
3579 919 3675 957 or-

2035 989 2238 1038 natum
2266 985 2456 1054 capit;
2491 991 2664 1056 atque
2691 985 2810 1039 hate
2830 991 2894 1040 ut
2930 987 3080 1040 bona
3106 987 3548 1058 suscipit.Quod
3573 1008 3679 1045 au-

2033 1077 2150 1128 tem
2177 1089 2277 1143 per
2306 1091 2364 1128 se
2397 1073 2882 1138 malum,nullam
2919 1075 3050 1128 boni
3071 1078 3548 1133 communionem
3579 1081 3680 1134 ad-

2037 1163 2423 1233 mittit,quare
2453 1179 2643 1234 neque
2675 1168 2764 1218 est
2793 1181 2804 1225 ;
2839 1163 3111 1219 absoluta
3142 1166 3298 1220 enim
3336 1167 3580 1238 privatio
3606 1169 3687 1223 ita

2037 1253 2210 1307 etiam
2247 1269 2418 1307 suum
2452 1253 2783 1322 subjectum
2815 1269 3031 1324 corpus
3075 1257 3423 1326 corrumpit,
3476 1261 3539 1310 ut
3588 1273 3688 1312 ne-

2038 1347 2210 1411 queat
2226 1341 2480 1412 amplius
2501 1343 2771 1396 morbum
2796 1343 3087 1398 sustinere
3119 1361 3131 1398 :
3155 1345 3308 1398 unde
3333 1345 3521 1415 ipsam
3545 1363 3686 1416 quo-

2037 1449 2151 1503 que
2181 1432 2402 1487 viribus
2432 1448 2628 1486 carere
2660 1431 2968 1500 dixerunt;
3017 1433 3388 1502 particularis
3442 1452 3576 1492 vero
3625 1442 3690 1492 ut

2037 1522 2258 1592 aliquid
2289 1521 2426 1576 boni
2462 1521 2794 1592 possidens,
2826 1521 2945 1576 vim
2979 1523 3193 1577 habere
3223 1523 3458 1578 dicitur.

2106 1611 2338 1679 §XXX.
2372 1612 2476 1667 Sed
2512 1612 2818 1666 secundum
2865 1611 3004 1681 quod
3062 1628 3173 1666 non
3217 1616 3293 1667 est
3341 1615 3682 1670 omnz‘moda.

2035 1701 2231 1756 Brevis
2263 1701 2525 1756 deﬁnitio
2560 1699 2883 1772 mali,quod
2917 1717 3032 1756 non
3067 1702 3146 1757 sit
3175 1701 3231 1755 in
3266 1704 3682 1768 natura,sedin

2035 1791 2376 1861 particulari
2411 1789 2548 1846 boni
2581 1791 2834 1845 defectu.

336 1881 416 1950 [α]
464 1879 562 1933 Καὶ
623 1881 722 1947 τῆς
779 1878 917 1949 ὅλης
955 1877 1151 1940 αἰτίας.
1200 1879 1376 1948 ’Ὁλην
1427 1877 1596 1931 αἰτίαν
1655 1879 1754 1945 τὴν
1812 1881 1919 1931 τῶν

2108 1883 2170 1935 Et
2200 1897 2269 1935 ea:
2299 1882 2511 1946 integra
2531 1880 2972 1936 causa.Causam
3005 1883 3183 1936 totam
3213 1887 3380 1937 vocat
3405 1899 3535 1954 quae
3553 1885 3682 1938 uni-

255 1965 412 2020 ὅλων
465 1967 622 2043 φησί.
673 1968 750 2023 Τὸ
805 1965 862 2022 δὲ
914 1969 1134 2039 μερικὸν
1187 1965 1418 2043 ε’ίρηκεν,
1464 1965 1557 2021 ’ίνα
1584 1967 1646 2020 τὸ
1685 1965 1925 2029 καθόλου

254 2055 453 2128 ἀνέλῃ·
486 2057 769 2125 παντελὴς
830 2056 933 2132 γὰρ
990 2053 1238 2131 ἔλλειψις
1267 2058 1329 2112 τὸ
1385 2059 1459 2130 μὴ
1508 2057 1638 2110 εἶναι
1674 2056 1926 2125 συνίστη-

254 2166 369 2202 σιν,

331 2231 496 2288 Οίδεν
550 2236 578 2288 ὁ
627 2235 757 2296 Θεὸς
811 2255 874 2288 το
933 2235 1118 2290 κακόν.
1178 2235 1274 2289 Καὶ
1331 2236 1395 2288 τὰ
1456 2232 1730 2309 λεγόμενα
1785 2235 1925 2290 κακὰ

249 2320 397 2378 οἶδεν
457 2325 486 2378 ὁ
543 2325 673 2385 Θεὸς
707 2319 813 2378 ἔσθ’
847 2326 936 2378 ὅτε
968 2324 1041 2386 ὠς
1093 2324 1282 2398 ἀγαθά.
1318 2325 1463 2379 Κατά
1513 2323 1570 2378 δὲ
1613 2329 1701 2377 νῦν
1735 2346 1919 2401 φησιν,

251 2414 374 2467 οἷον
410 2410 723 2485 πολέμους,
774 2415 970 2475 νόσους
1013 2412 1382 2480 παιδευτικάς,
1428 2415 1684 2475 Θανάτους
1735 2417 1825 2468 καὶ
1857 2415 1922 2468 τὰ

246 2507 501 2557 τοιαῦτα’
537 2503 856 2575 νομίζονται
887 2504 988 2576 γὰρ
1039 2505 1175 2576 ἡμῖν
1217 2505 1376 2558 κακά·
1409 2503 1511 2557 εἰσὶ
1561 2501 1618 2557 δὲ
1665 2501 1921 2575 δυνάμεις

248 2593 595 2666 ἀγαθοποιοῦ
627 2592 826 2654 αἰτίας·
860 2593 950 2646 καὶ
981 2595 1083 2668 γὰρ
1117 2591 1206 2647 διὰ
1255 2597 1362 2647 τῶν
1411 2592 1714 2666 εἰρημένων
1752 2595 1920 2664 μετά-

247 2703 372 2736 vom
403 2682 498 2736 καὶ
533 2681 821 2756 ἐπίγνωσις
856 2687 1016 2751 Θεοῦ,
1047 2683 1135 2737 καὶ
1186 2678 1456 2744 εὐσεϐείας
1502 2688 1622 2744 τοῖς
1665 2681 1914 2736 πλείοσιν

247 2770 465 2846 ἐγένετο
527 2771 821 2849 πρόῳασις,
869 2771 959 2826 καὶ
1021 2772 1072 2827 ἐν
1131 2778 1248 2833 τοῖς
1308 2775 1616 2849 προφήταις
1663 2775 1698 2842 ἡ
1757 2772 1916 2826 κακία

244 2859 473 2915 παιδεία
505 2861 742 2936 Λέγεται.
777 2862 1080 2936 Ἀνάγνωθι
1110 2862 1174 2916 τὸ
1203 2856 1286 2916 κε’
1311 2860 1626 2936 κεφάλαιον.

441 3040 579 3111 Παρ⁹
632 3039 778 3111 αὖτῷ
826 3041 880 3094 αἰ
935 3039 1122 3095 αἰτίαι.
1177 3039 1336 3098 Αἰτία
1379 3045 1475 3094 τοῦ
1525 3041 1576 3094 ἐν
1624 3045 1704 3112 τῷ
1755 3040 1914 3096 ἀσελ-

245 3129 454 3204 γαίνειν
485 3133 664 3183 κακοῦ
690 3132 724 3198 ἡ
760 3129 1020 3202 ἐπιθυμία
1050 3131 1196 3205 παρά
1233 3130 1394 3206 λόγον
1427 3133 1726 3199 κινηθεῖσα.
1763 3129 1915 3186 Ἀλλ’

245 3217 384 3285 αὐτή
438 3219 474 3285 ἡ
539 3216 802 3288 ἐπιθυμία
851 3215 1082 3288 δύναμις
1133 3218 1459 3291 ἀγαθοποιός
1511 3217 1759 3292 λογικοῖς
1819 3220 1913 3290 μὲν

247 3307 386 3380 πρὸς
423 3306 488 3360 τὸ
523 3304 594 3360 δι’
645 3307 816 3376 αὐτῆς
875 3307 1011 3382 πρὸς
1057 3307 1119 3361 τὸ
1169 3304 1338 3368 ὄντως
1385 3307 1743 3361 ἀνατείνεσθαι
1779 3309 1914 3380 ἀγα·
1948 3288 1989 3352 C

246 3397 361 3460 θόν·
398 3395 631 3471 ἀλόγοις
671 3393 728 3450 δὲ
775 3397 911 3470 πρὸς
961 3392 1132 3473 ὄρεξιν
1173 3395 1281 3451 τῶν
1331 3393 1650 3466 ἰπιτηδείων
1700 3402 1798 3464 τῆς
1829 3397 1913 3449 οἰ-

246 3485 397 3547 κείας
435 3483 728 3557 διαμονῆς.

320 3668 394 3739 [γ]
463 3665 526 3721 Εἰ
587 3661 646 3719 δὲ
701 3665 765 3720 τὸ
819 3666 982 3720 κακὸν
1041 3663 1252 3721 ἀΐδιον.
1311 3669 1490 3720 Ταῦτα
1545 3666 1681 3720 κατὰ
1739 3668 1912 3722 Μανι-

259 3756 425 3826 χαίων
455 3752 717 3830 ἔλεγχος,
749 3755 839 3810 καὶ
868 3763 967 3824 τῆς
999 3753 1161 3825 δόξης
1191 3755 1369 3810 αὐτῶν
1403 3755 1784 3830 ἀνατροπή.Εἰ
1813 3756 1912 3830 γὰρ

263 3844 346 3897 καὶ
376 3846 553 3915 μήπω
586 3846 621 3912 ἡ
657 3842 881 3919 αἰρεσις,
909 3844 1056 3899 ἀλλὰ
1103 3843 1560 3921 προφυλακτικῶς
1594 3845 1910 3916 ἐνεπνεύσθη

257 3934 318 3986 τά
345 3935 449 4001 τήν
483 3931 705 4002 πλάνην
740 3934 920 3988 αὐτῶν
953 3933 1338 4006 ἀνατρέποντα.
1373 3935 1532 3997 Ἰσως
1558 3931 1614 3989 δὲ
1645 3936 1732 3989 καὶ
1777 3935 1914 4011 πρός

248 4045 402 4084 τινας
434 4028 548 4077 τῶν
575 4020 771 4095 ἔξωθεν
807 4020 962 4093 δόξας
992 4023 1056 4076 τὰ
1083 4027 1326 4078 τοιαῦτα.

323 4199 409 4275 [ὃ]
459 4204 571 4254 Πᾶν
631 4200 694 4254 τὸ
752 4201 890 4254 κατᾶ
947 4200 1125 4276 φύσιν.
1185 4202 1477 4257 Τουτέστιν
1541 4203 1644 4257 οὐκ
1700 4200 1922 4257 ἄτακτοι

249 4296 362 4346 τῶν
402 4291 618 4365 φύσεων
674 4291 725 4343 οἱ
782 4289 962 4363 λόγοι·
1013 4286 1198 4344 ἕπεται
1244 4290 1300 4344 δὲ
1349 4290 1428 4363 τῷ
1473 4313 1609 4346 κατα
1653 4293 1808 4370 φύσιν
1863 4293 1924 4346 τὸ

248 4380 595 4455 ὡρισμένον·
650 4380 777 4453 ὅρος
829 4378 930 4453 γάρ
985 4379 1092 4434 ἐστι
1145 4379 1232 4433 καὶ
1268 4382 1294 4434 ὁ
1328 4379 1715 4453 ἐρμηνευτικὸς
1761 4380 1924 4457 λόγος

248 4477 354 4538 τῆς
391 4467 582 4530 οὐσίας
612 4472 722 4523 τῶν
754 4471 1113 4544 πραγμάτων,
1147 4469 1236 4523 καὶ
1277 4470 1340 4523 τὸ
1368 4470 1419 4523 τί
1453 4469 1515 4536 ἦν
1548 4471 1682 4525 εἶναι
1716 4468 1924 4542 δηλῶν,

250 4563 352 4613 τοῦ
378 4558 432 4613 τί
463 4558 533 4626 ἧν
581 4557 714 4612 εἶναι
764 4563 844 4629 τῷ
895 4559 945 4612 τί
979 4559 1118 4612 ἐστιν
1174 4557 1260 4612 ἰσα
1311 4556 1626 4631 δυναμὲνου.
1676 4566 1785 4614 Πᾶν
1834 4559 1926 4614 οὖν

2036 1986 2334 2026 versorum
2379 1975 2488 2024 est.
2538 1971 2692 2024 Dixit
2758 1976 2954 2024 autem
3006 1970 3380 2040 particulare,
3438 1978 3502 2026 ut
3553 1973 3685 2026 uni-

2034 2059 2257 2114 versale
2285 2061 2543 2114 auferret
2576 2075 2587 2114 :
2625 2059 2895 2114 absoluta
2913 2060 3070 2114 enim
3095 2061 3343 2115 defectio
3367 2062 3684 2117 exsistendi

2035 2150 2422 2221 privationem
2455 2149 2782 2204 constituit.

2107 2240 2367 2308 Cognovit
2399 2240 2540 2292 Deus
2573 2239 2803 2292 malum.
2838 2239 2994 2293 Deus
3043 2239 3220 2293 etiam
3268 2254 3335 2293 ea
3367 2256 3494 2311 qua:
3530 2241 3686 2296 mala

2033 2330 2310 2384 dicuntur
2331 2328 2490 2382 novit
2519 2329 2904 2399 ;quandoque
2929 2327 3082 2382 mala
3107 2333 3384 2398 tanquam
3412 2329 3564 2384 bona
3583 2347 3684 2401 ap-

2031 2419 2228 2490 pellat,
2264 2423 2326 2471 ut
2357 2416 2533 2481 bella,
2567 2417 2932 2488 morbos,qui
2967 2434 3158 2472 mores
3189 2417 3679 2489 corrigant,mor-

2029 2513 2116 2563 tes
2148 2514 2204 2563 et
2233 2506 2856 2576 similia.Ruputantur
2886 2507 3092 2561 enima
3118 2508 3289 2562 nobis
3325 2509 3477 2563 mala
3507 2527 3520 2576 ',
3545 2515 3684 2564 sunt

2030 2601 2227 2653 autem
2251 2598 2402 2651 vires
2425 2613 2615 2651 causa;
2637 2598 2856 2652 bonum
2876 2599 3207 2668 praestantis
3233 2615 3244 2663 ;
3269 2615 3401 2653 nam
3421 2616 3521 2670 per
3545 2617 3684 2670 pra:-

2027 2689 2182 2743 dicta
2214 2686 2560 2757 poenitentia
2591 2691 2648 2739 et
2681 2685 2775 2740 Dei
2809 2685 3064 2756 cognitio
3115 2687 3458 2756 acquiritur,
3494 2687 3681 2759 pluri-

2027 2777 2253 2847 busque
2298 2774 2531 2846 pietatis
2575 2775 2804 2828 occasio
2855 2775 2985 2840 fuit,
3038 2781 3215 2846 atque
3263 2776 3320 2829 in
3375 2777 3678 2848 prophetis

2025 2866 2272 2930 malitia,
2307 2863 2620 2934 disciplina
2650 2880 2753 2918 seu
2782 2863 3082 2934 castigatio
3116 2864 3352 2918 dicitur.
3397 2865 3544 2936 Lege
3577 2881 3676 2921 ca-

2026 2959 2133 3027 put
2160 2955 2249 3008 22.

2095 3050 2271 3100 Penes
2301 3045 2478 3114 ipsum
2513 3059 2708 3097 causae.
2744 3041 2933 3100 Causa
2955 3042 3094 3096 mali
3126 3043 3184 3095 in
3219 3040 3572 3097 lasciviendo
3593 3047 3682 3099 est

2025 3131 2504 3204 concupiscentia
2536 3136 2746 3203 praeter
2777 3130 3064 3185 rationem
3102 3137 3279 3186 mota.
3315 3134 3448 3202 Ipsa
3479 3135 3674 3187 tamen

2026 3222 2501 3293 concupiscentia
2533 3226 2623 3274 est
2665 3220 2911 3274 facultas
2962 3219 3098 3274 boni
3143 3221 3404 3275 effectrix
3449 3222 3676 3276 ratione

2023 3313 2260 3384 quidem
2298 3311 2617 3378 utentibus,
2655 3314 2716 3364 ut
2746 3326 2846 3380 per
2877 3311 3064 3380 ipsam
3099 3326 3335 3364 sursum
3372 3310 3442 3364 ad
3475 3326 3672 3365 verum

2025 3403 2242 3457 bonum
2277 3400 2560 3466 tendant;
2593 3397 2818 3452 ratione
2848 3414 2980 3452 vero
3031 3397 3290 3469 privaiis,
3324 3401 3388 3452 ut
3433 3415 3497 3454 ea
3544 3416 3672 3471 quas

2025 3493 2094 3546 ad
2131 3490 2425 3563 prepriam
2459 3505 2628 3544 suam
2674 3487 3173 3542 conservationem
3217 3488 3460 3556 faciunt,
3491 3506 3670 3560 appe-

2024 3585 2169 3636 tant.

2099 3669 2247 3737 Quod
2275 3670 2329 3722 si
2358 3668 2566 3721 malum
2593 3671 2863 3721 aeternum
2891 3665 3114 3721 estHoc
3145 3671 3560 3737 argumentum
3583 3675 3673 3722 est

2026 3764 2229 3814 contra
2262 3755 2634 3821 Manichaeos,
2670 3754 3129 3826 Opinionemque
3172 3771 3374 3810 eorum
3426 3756 3633 3811 evertit
3665 3772 3678 3810 :

2027 3847 2133 3902 etsi
2167 3848 2322 3902 enim
2349 3861 2454 3899 nec
2479 3845 2620 3898 dum
2655 3844 2898 3899 haeresis
2931 3849 3281 3908 orta,tamen
3319 3846 3387 3900 ad
3423 3863 3680 3915 praecau-

2026 3938 2245 3991 tionem
2283 3934 2669 4004 inspiratione
2696 3933 2920 4004 accepit
2951 3950 3078 4003 quee
3129 3935 3392 4004 ipsorum
3425 3951 3682 3989 errorem

2030 4030 2376 4082 everterent.
2411 4025 2700 4078 Fortassis
2731 4023 2910 4077 etiam
2943 4023 3064 4076 haec
3108 4028 3246 4077 sunt
3278 4029 3478 4078 contra
3510 4041 3686 4095 quas-

2035 4119 2171 4172 dam
2206 4113 2579 4169 ethnicorum
2611 4111 2942 4183 Opiniones.

2107 4205 2276 4260 Omne
2309 4202 2450 4273 quod
2482 4203 2558 4256 est
2582 4201 2879 4256 secundum
2907 4209 3194 4256 naturam.
3221 4201 3282 4256 Id
3316 4204 3405 4255 est
3436 4201 3691 4255 rationes

2035 4298 2382 4350 naturarum
2412 4307 2526 4345 non
2554 4290 2902 4345 inordinata?
2930 4308 2942 4359 ;
2976 4291 3129 4362 quod
3152 4296 3348 4346 autem
3381 4291 3691 4345 definitum

2036 4388 2146 4453 est,
2175 4381 2444 4452 sequitur
2473 4379 2528 4434 id
2566 4379 2718 4450 quod
2760 4379 3028 4434 naturale
3077 4384 3167 4434 est
3191 4421 3203 4445 ,
3237 4379 3502 4434 definitio
3535 4379 3692 4433 enim

2037 4478 2126 4528 est
2157 4472 2307 4527 ratio
2339 4468 2655 4524 essentiam
2693 4484 2887 4521 rerum
2919 4467 3241 4538 explicans,
3275 4474 3333 4522 et
3364 4469 3516 4538 quod
3552 4467 3692 4538 quid

2039 4567 2129 4617 est
2178 4559 2511 4616 declarans.
2562 4558 2715 4612 16‘)
2766 4555 2866 4611 illo
2917 4556 2969 4609 τί
3019 4556 3087 4622 ἦν
3122 4553 3256 4608 είναι
3308 4557 3463 4611 idem
3512 4555 3694 4626 signi-

252 4650 319 4702 τὸ
351 4647 494 4702 κατὰ
526 4645 684 4725 φύσιν
719 4646 769 4717 ἐξ
803 4645 977 4708 αἰτίας
1025 4647 1338 4721 ὡρισμένης
1370 4647 1503 4720 ἐστὶ,
1536 4646 1606 4702 δι’
1658 4651 1718 4718 ἣν
1752 4649 1921 4704 αἰτίαν

2042 4653 2250 4706 ficante
2283 4649 2436 4720 quod
2468 4644 2522 4698 τί
2554 4645 2717 4700 ἐστιν.
2752 4649 2934 4699 Omne
2966 4644 3148 4716 igitur
3178 4646 3330 4715 quod
3367 4649 3454 4698 est
3486 4661 3695 4700 secun-

256 4738 470 4811 γίνεται
501 4737 566 4790 τὸ
593 4736 902 4812 γενόμενον.
930 4735 995 4793 Εἰ
1029 4737 1121 4790 οὗν
1152 4738 1213 4790 τὸ
1251 4738 1440 4809 κακὸν,
1490 4739 1722 4792 ἀναίτιόν
1765 4739 1927 4810 ἐστιν,

259 4828 333 4881 οὗ
364 4827 474 4900 γὰρ
507 4823 597 4879 διά
644 4847 697 4880 τι
740 4830 988 4902 γέγονεν,
1040 4826 1264 4888 εἰκότως
1313 4827 1402 4880 καὶ
1455 4826 1506 4881 ἐν
1559 4827 1824 4902 ἀοριστίᾳ’
1868 4831 1930 4884 οὗ

261 4917 368 4992 γάρ
402 4915 516 4970 ἐστι
561 4915 725 4971 αὐτοῦ
777 4916 958 4990 λόγος,
990 4917 1053 4970 τὸ
1099 4916 1152 4970 τί
1205 4917 1270 4984 ἧν
1322 4917 1456 4971 εἶναι
1509 4918 1845 4992 ἑρμηνεύων,
1879 4919 1929 4989 ἐξ

263 5006 536 5081 ἀνάγκης,
587 5003 713 5061 οὐδὲ
752 5007 889 5061 κατά
947 5012 1124 5083 φύσιν.
1169 5007 1232 5060 Εἰ
1285 5005 1376 5060 οὖν
1426 5009 1571 5081 παρᾶ
1614 5008 1790 5085 φύσιν,
1823 5009 1932 5083 οὐχ

261 5093 370 5168 ἕξει
424 5094 476 5150 ἐν
529 5099 596 5169 τῇ
647 5096 800 5174 φύσει
855 5095 1018 5171 λόγος
1073 5102 1142 5166 ¹¹,
1193 5097 1267 5159 ὡς
1317 5094 1439 5152 οὔτε
1489 5096 1542 5151 ἐν
1593 5101 1660 5170 τῇ
1691 5097 1860 5173 τὲχνῃ
1895 5101 1928 5167 ἡ

265 5185 520 5261 ἀτεχνία.

337 5457 408 5529 [ε]
443 5453 508 5509 Εἰ
557 5455 653 5528 μὲν
709 5453 902 5532 φύσει.
953 5453 1021 5512 Εἰ
1083 5467 1159 5527 μή
1209 5453 1348 5509 κατᾶ
1396 5455 1647 5529 στέρησιν
1702 5459 1932 5530 μερικὴν

2041 4743 2180 4796 dum
2216 4743 2513 4804 naturam,
2549 4753 2619 4791 ex
2661 4736 2940 4790 distincta
2985 4752 3163 4788 causa
3212 4739 3321 4799 est,
3371 4751 3474 4805 per
3521 4751 3696 4805 quam

2041 4846 2278 4886 causam
2311 4844 2459 4898 opus
2493 4826 2830 4897 perﬁcitur;
2865 4825 2911 4878 si
2948 4824 3126 4895 igitur
3145 4823 3367 4878 malum
3401 4840 3578 4878 causa
3603 4840 3697 4877 ca-

2043 4925 2148 4985 ret,
2173 4938 2202 4972 a
2236 4917 2397 4972 nullo
2431 4916 2590 4970 enim
2619 4916 2973 4986 productum
3008 4913 3338 4980 est,mcrito
3365 4930 3466 4967 nec
3491 4911 3699 4967 deﬁni-

2042 5015 2165 5064 tum
2201 5013 2452 5074 est,cum
2477 5004 2640 5060 nulla
2666 5005 2742 5059 sit
2771 5005 2899 5071 ejus
2918 5005 3065 5058 ratio
3100 5021 3225 5076 qua:
3257 5002 3576 5057 essentiam
3600 5002 3703 5057 de-

2041 5101 2225 5154 claret
2256 5115 2268 5151 :
2309 5094 2638 5152 necessario
2673 5093 2961 5162 sequitur,
3011 5111 3196 5164 neque
3244 5093 3569 5146 secundum
3601 5109 3703 5147 na-

2041 5195 2241 5244 turam
2265 5186 2585 5253 exsistere;
2618 5184 2667 5238 si
2694 5181 2889 5237 autem
2910 5188 3112 5237 contra
3135 5187 3560 5249 naturam,tum
3586 5199 3701 5236 non

2048 5277 2285 5334 habebit
2315 5275 2372 5330 in
2410 5279 2624 5329 natura
2655 5273 2970 5340 rationem,
3004 5273 3156 5328 sicut
3186 5287 3376 5343 neque
3407 5271 3551 5327 artis
3583 5271 3705 5342 pri-

2041 5368 2198 5424 vatio
2229 5367 2288 5420 in
2320 5370 2462 5420 arte.

2115 5457 2398 5529 Siquidem
2426 5451 2790 5511 natura.Nisi
2824 5453 3020 5508 anima
3055 5452 3395 5524 particulari
3428 5451 3565 5507 boni
3587 5450 3706 5522 pri-

1283 5628 1520 5686 VARUE
1560 5629 1959 5690 LECTIONES
1998 5631 2091 5688 ET
2133 5624 2692 5688 CORBECTIONES.

344 5748 391 5785 1ο
421 5744 504 5804 ὅν.
585 5747 630 5784 ¹¹
663 5739 848 5821 λόγον.
