4034 6402
387 391 491 444 303

385 514 614 570 vatione
645 515 1016 584 depravetur,
1049 511 1120 567 ab
1153 515 1316 567 extra
1354 511 1624 567 essentiaa
1678 527 1796 566 suae
1848 510 2038 566 alieno
2070 510 2126 578 Α

390 601 1070 674 aliquoadveniente,sed
1095 602 1244 655 bono
1267 600 1537 656 essentia:
1554 617 1674 656 suae
1689 599 2041 672 privabitur,

390 697 566 763 atque
603 691 824 746 malum
860 691 970 745 erit
1002 690 1111 762 ipsi
1145 690 1480 755 essentiale,
1523 695 1579 745 et
1610 691 1902 761 quomodo
1935 687 2046 744 erit

393 783 592 837 anima
619 782 646 836 ‘I
679 796 866 852 neque
884 778 1043 834 enim
1076 780 1392 848 vivet,nam
1421 779 1600 834 vitam
1632 797 1746 834 non
1779 778 2042 848 habebit;

393 871 510 926 vita
542 874 737 925 autem
771 875 861 924 est
891 872 1107 924 bonum
1139 886 1150 923 :
1189 869 1237 923 si
1271 886 1402 924 vero
1436 871 1513 924 sit
1544 869 1762 938 anima,
1799 869 2046 937 bonum,

394 961 453 1016 id
482 964 570 1015 est
598 960 798 1025 vitam,
834 958 1143 1030 participat
1175 975 1187 1014 :
1221 975 1357 1030 ergo
1391 959 1567 1014 etiam
1592 960 1812 1014 bonum
1842 974 2046 1014 essen-

395 1049 534 1106 tiale
566 1049 824 1115 habebit,
860 1065 973 1104 non
999 1053 1192 1103 autem
1220 1049 1719 1118 malum,ideoque
1752 1049 1886 1104 boni
1911 1065 2046 1120 spe-

398 1140 548 1196 ciem
562 1156 674 1210 pm
706 1155 768 1193 se
792 1139 937 1192 ferre
957 1138 1614 1193 dicitur.Imbecillitate
1634 1155 1766 1194 vero
1792 1139 2048 1210 propria,

399 1229 728 1285 secundum
763 1231 1034 1282 naturam
1069 1228 1365 1298 operando
1398 1229 1841 1299 depravatur,ut
1872 1226 2050 1283 imbe-

399 1317 532 1374 cilla
563 1321 741 1388 atque
764 1316 834 1371 ad
853 1316 1160 1388 passiones
1184 1333 1477 1388 propensa
1501 1335 1513 1374 :
1548 1316 1921 1372 imbecillitas
1945 1334 2048 1371 au-

400 1417 510 1463 tem
546 1406 776 1474 animae,
813 1423 929 1461 non
957 1410 1048 1460 est
1079 1405 1231 1460 sicut
1260 1405 1319 1460 in
1362 1408 1707 1478 corporibus
1759 1407 2049 1478 pinguedo

398 1502 499 1552 aut
529 1495 756 1552 exilitas
790 1496 847 1550 in
881 1497 1009 1565 ejus
1041 1496 1319 1565 essentia,
1351 1496 1452 1551 sed
1487 1496 1788 1550 inclinatio
1821 1498 1890 1550 ad
1927 1513 2048 1550 ma-

398 1586 626 1642 terialia
666 1589 723 1640 et
778 1585 1173 1656 temporaria;
1210 1601 1321 1640 une
1368 1586 1541 1640 etiam
1591 1585 1802 1639 vitiose
1847 1589 2052 1656 postea

400 1679 665 1730 movetur
711 1673 939 1746 Έκγονα
989 1689 1122 1729 vero
1176 1674 1302 1744 ejus
1350 1690 1453 1729 seu
1507 1675 1681 1740 fetus,
1737 1691 1912 1744 opera
1944 1674 2051 1729 hoc

395 1765 522 1820 loco
553 1767 719 1819 vocat
751 1782 763 1832 ;
801 1768 935 1818 nota
965 1778 1096 1818 vero
1130 1762 1451 1818 efficaciam
1485 1763 1933 1834 animae,utpote
1955 1748 2056 1818 ac-‘

400 1855 704 1910 cedentem
737 1857 792 1909 et
823 1853 1213 1923 recedentem,
1257 1869 1373 1909 non
1409 1852 1625 1908 habere
1659 1852 2050 1908 immutabili-
2081 1888 2127 1953 B

401 1949 580 1998 tatem
593 1984 606 1997 .

472 2032 571 2087 Sin
600 2047 699 2103 per
727 2033 986 2087 actiones.
1020 2029 1094 2086 Ut
1126 2030 1329 2102 paucis
1352 2029 1753 2099 absolvamus,
1784 2031 1907 2086 haec
1929 2032 2057 2102 ejus

403 2127 494 2177 est
525 2121 856 2177 sententia:
890 2125 1162 2175 naturam
1196 2119 1406 2174 animae
1439 2136 1568 2174 esse
1599 2120 1834 2185 bonam,
1870 2137 2055 2191 quan-

401 2211 716 2282 doquidem
743 2228 775 2265 a
798 2210 949 2265 bono
973 2208 1258 2281 producta
1281 2207 1631 2279 sit,ejusque
1655 2210 1912 2264 actiones
1930 2226 2060 2264 esse

403 2301 589 2356 bonas
617 2299 920 2356 :videmus
942 2300 1097 2354 enim
1113 2297 1496 2370 virosprobos
1521 2298 1630 2352 sibi
1657 2299 2062 2354 convenientia

402 2389 628 2461 operari
657 2407 672 2458 ;
706 2405 772 2444 ex
807 2388 1106 2444 eversione
1127 2393 1182 2442 et
1205 2387 1436 2443 defectu
1453 2388 1586 2442 boni
1615 2388 1776 2443 subit
1808 2387 2061 2446 malum:

409 2495 546 2552 ergo
581 2477 801 2534 malum
836 2493 1028 2550 neque
1057 2482 1144 2533 est
1175 2477 1234 2532 in
1270 2483 1505 2547 natura,
1541 2494 1727 2549 neque
1769 2477 2060 2534 subsistit.

476 2658 503 2724 §
532 2655 768 2711 XXXII.
795 2655 856 2711 Si
879 2657 1014 2712 bona
1044 2657 1277 2712 malum.
1314 2656 1500 2712 Multa
1532 2660 1671 2713 sunt
1704 2657 1801 2712 uni
1827 2661 2062 2714 contra-

406 2746 528 2812 ria;
563 2761 702 2816 ergo
735 2745 783 2800 si
845 2745 947 2800 uni
995 2749 1052 2801 et
1096 2746 1264 2801 bonae
1307 2763 1496 2803 causa:
1549 2747 1908 2803 contrarium
1943 2748 2061 2802 sint

405 2835 615 2906 multa,
641 2835 793 2891 malo
827 2836 1024 2890 multas
1057 2840 1473 2907 eruntoausze;
1509 2842 1683 2909 atque
1715 2838 1859 2904 si,ut
1881 2853 2060 2908 supra

405 2924 689 2993 diximus,
725 2925 982 2980 rationes
1014 2931 1070 2980 ct
1095 2924 1398 2982 facultates
1424 2931 1565 2983 sunt
1597 2942 1790 2981 rerum
1825 2931 2059 2979 natura-

407 3013 554 3069 lium
587 3014 1061 3070 convenientium
1089 3015 1635 3081 eﬁ‘ectrices,vitiosi
1669 3016 1926 3087 profecto
1956 3032 2058 3070 na-

407 3103 693 3158 turalium
728 3110 922 3160 motus
945 3121 1011 3160 ex
1034 3105 1437 3162 imbecillitate
1464 3105 1882 3176 facultatisque
1903 3105 2059 3160 defe-

405 3197 500 3248 ctu
535 3196 966 3264 provenientes,
999 3195 1294 3250 contraria
1327 3194 2058 3266 naturaeproducunt,qui-

405 3283 515 3338 bus
535 3262 724 3338 etiam
752 3283 971 3338 malum
997 3285 1436 3356 quodammodo
1455 3262 1781 3340 subsistere
1799 3262 2058 3352 videtur;
2093 3262 2135 3330 (ἶ

408 3388 580 3441 porro
613 3374 966 3445 quandoque
1001 3374 1178 3429 etiam
1232 3373 1455 3429 malum
1491 3377 1768 3445 operatur
1799 3373 2060 3429 dissimi-

402 3461 546 3516 lium
582 3461 711 3517 sine
740 3478 1085 3518 commensu
1120 3462 1340 3529 mistio,
1373 3479 1510 3517 cum
1543 3467 1644 3519 aut
1673 3463 2062 3529 calidum,aut

406 3552 711 3622 frigidum,
746 3557 849 3607 aut
892 3555 1136 3623 siccum,
1184 3554 1338 3608 163
1387 3559 1488 3607 aut
1536 3554 1872 3623 humidum,
1926 3553 2061 3622 plus

408 3639 538 3695 aliis
560 3641 900 3697 dominatur
917 3661 930 3710 ;
949 3643 1169 3698 undeet
1190 3643 1376 3698 morbi
1393 3642 2062 3713 frequentes.Quomodo

408 3734 604 3784 autem
640 3729 1064 3797 malum,rebue
1099 3731 1374 3787 omnibus
1398 3731 1552 3786 sicut
1583 3733 1746 3786 factas
1779 3737 1920 3786 sunt
1944 3747 2061 3785 ma-

407 3819 1040 3889 nentibus,consistat?
1064 3821 1148 3876 hae
1171 3821 1326 3876 enim
1349 3837 1415 3876 ex
1439 3825 1600 3876 motu
1630 3819 1731 3876 Dei
1763 3819 2060 3874 voluntate

407 3909 707 3978 productae
738 3915 970 3978 sunt,ac
1002 3911 1060 3966 in
1093 3911 1364 3966 terminis
1398 3910 1652 3983 propriis
1686 3913 1926 3964 manent
1949 3908 2061 3962 im-

406 4001 739 4068 motaa,cum
760 4003 915 4054 stent
937 4003 994 4054 et
1025 4000 1416 4056 terminentur
1448 4001 1505 4054 in
1539 3999 1675 4054 Deo.
1713 3998 1932 4052 Harum
1957 4015 2060 4052 au-

402 4091 520 4140 tem
553 4088 936 4156 contrarium,
977 4105 1188 4160 nempe
1220 4089 1414 4160 ipsum
1444 4105 1548 4160 per
1579 4104 1640 4143 se
1664 4087 1910 4157 malum,
1946 4103 2060 4142 non

404 4180 492 4232 est
522 4175 753 4246 stabile,
789 4193 893 4233 nec
921 4179 1240 4234 terminum
1273 4179 1470 4248 habet,
1507 4193 1699 4249 neque
1748 4175 2059 4232 deﬁnitum

404 4271 514 4330 est,
548 4282 799 4337 quorum
833 4267 1061 4323 nullum
1087 4269 1143 4323 in
1170 4269 1382 4324 creatis
1413 4267 1683 4324 videmus
1721 4283 1733 4321 :
1770 4267 2064 4338 quomodo

406 4355 588 4427 igitur
620 4356 840 4411 malum
873 4358 1197 4414 subsistere
1233 4360 1470 4429 potest?

478 4443 735 4501 Rationes
759 4462 823 4501 ac
849 4447 1164 4518 facultates.
1212 4447 1271 4502 Id
1325 4451 1414 4503 est
1445 4463 1558 4501 non
1611 4446 1937 4500 secundum
1970 4462 2060 4500 ra-

407 4531 623 4586 tionem
659 4532 919 4605 aliquam
953 4538 1172 4589 naturae
1207 4533 1733 4601 necessariam,aut
1771 4534 2060 4588 essentia-

406 4617 521 4675 lem
545 4623 865 4692 quamdam
891 4624 1308 4695 proprietatem
1330 4623 1452 4677 haec
1483 4624 1683 4677 animo
1703 4627 1842 4678 sunt
1865 4623 2059 4678 conci-
2091 4631 2138 4696 D

405 4708 648 4780 pienda;
678 4711 934 4766 arbitror
959 4717 1290 4783 autem,per
1319 4710 1635 4766 mistionem
1667 4711 2058 4782 dissimilium,

405 4797 732 4870 intelligere
763 4800 1126 4856 naturalium
1178 4799 1554 4866 facultatum,
1582 4800 1650 4854 ad
1685 4816 1753 4854 ea
1783 4818 1910 4872 quae
1943 4819 2060 4856 non

406 4888 783 4958 conveniunt,
809 4889 1312 4960 motionem,quod
1345 4887 1726 4961 intemperies
1757 4895 2059 4961 operatur,

406 4991 538 5030 cum
572 4984 767 5034 motus
797 4996 911 5033 non
938 4983 1231 5050 coguntur
1251 4977 1476 5033 ratione
1511 4979 1664 5034 intra
1690 4979 2060 5047 terminos,in

406 5065 619 5136 quibus
652 5068 920 5138 producti
951 5070 1111 5136 sunt,
1146 5082 1404 5121 manere.

479 5157 742 5213 Omnium
784 5159 952 5210 etiam
1001 5157 1299 5210 malorum.
1357 5155 1634 5211 Omnium
1685 5158 1970 5213 bonorum
2005 5162 2062 5214 et

406 5243 696 5299 malorum
723 5245 1076 5315 principium
1101 5249 1157 5298 et
1177 5245 1349 5299 finem
1372 5261 1500 5299 esse
1523 5246 2058 5318 bonum,quoniam

407 5332 695 5403 quidquid
735 5333 1005 5400 facimus,
1062 5334 1282 5388 bonum
1332 5333 1518 5391 facere
1570 5335 1968 5404 arbitramur;
2006 5341 2061 5390 et

405 5421 628 5477 malum
664 5438 780 5477 non
804 5422 1018 5477 habere
1050 5423 1525 5492 subsistentiam,
1578 5425 1679 5480 sed
1716 5427 1834 5480 fere
1859 5425 2060 5480 subsi-

1206 390 1575 442 APPENDIX
1615 389 1709 440 AD
1747 386 1989 440 OPERA
2024 387 2082 439 S.
2127 385 2443 441 DIONYSII
2485 387 2984 443 AREOPOGITE.

3697 403 3786 462 304

2155 511 2248 562 τοῦ
2278 506 2480 585 ἀγαθοῦ
2526 509 2808 566 κακόνεται
2857 511 3035 586 ψυχὴ,
3083 507 3276 580 ἔξωθεν
3327 519 3429 582 τῆς
3479 517 3658 585 οὐσίας
3700 527 3780 581 αὖ.

2152 604 2273 667 τῆς,
2307 597 2434 653 ἀλλ’
2471 597 2770 675 ἀλλοτρίου
2800 600 2942 661 τινὸς
2972 594 3482 673 ἐπισυμὸαίνοντος,
3513 601 3651 664 ἔσται
3698 623 3785 685 τῆς

2154 687 2340 749 οὐσίας
2373 687 2541 758 αὐτῆς
2571 692 2605 759 ἡ
2639 692 2889 765 στέρησις
2912 693 3007 743 τοῦ
3052 689 3278 764 ἀγαθοῦ,
3310 691 3398 745 καὶ
3441 687 3583 752 ἔσται
3612 701 3786 758 οὐσιῶ.

2156 773 2243 854 δες
2271 776 2406 842 αὐτῆ
2451 779 2512 832 τὸ
2557 779 2742 833 κακόν·
2772 778 2861 833 καὶ
2921 782 3038 841 πῶς
3088 775 3236 833 ἔσται
3289 782 3440 856 ψυχή
3477 802 3490 852 ;
3524 783 3642 842 οὔτε
3693 793 3782 868 γὰρ

2156 861 2299 920 ἔσται
2354 872 2517 936 ζῶσα·
2563 869 2627 922 οὑ
2679 869 2779 943 γὰρ
2829 864 2930 938 ἕξει
2985 870 3146 938 ζωήν·
3197 869 3390 946 ἀγαθὸν
3446 869 3502 928 δὲ
3551 861 3783 948 Coiﬁ-El

2159 953 2215 1010 δὲ
2244 959 2396 1031 ψυχή
2433 957 2566 1025 ἐστι,
2601 957 2819 1032 μετέχει
2850 961 2946 1012 τοῦ
2980 958 3206 1032 ἀγαθοῦ,
3238 961 3480 1015 τουτέστι
3519 969 3678 1034 ζωῆς·
3710 970 3786 1024 οὗ-

2159 1042 2348 1107 σιῶδες
2379 1045 2468 1099 οὗν
2501 1043 2605 1116 ἕξει
2655 1047 2717 1100 τὸ
2766 1046 2988 1121 ἀγαθὸν,
3020 1047 3109 1102 καὶ
3161 1047 3222 1102 οὐ
3266 1049 3328 1102 τὸ
3377 1051 3560 1106 κακόν·
3604 1052 3683 1110 διὸ
3710 1061 3787 1112 καὶ

2161 1133 2487 1209 ἀγαθοειδὴς
2537 1132 2776 1210 λέγεται.
2829 1135 3106 1208 Ἀσθενείᾳ
3159 1133 3216 1191 δὶ
3262 1141 3330 1212 τῇ
3363 1141 3583 1214 περὶτὰ
3613 1143 3787 1217 οἰκεῖα,

2159 1225 2293 1278 κατᾶ
2323 1223 2479 1301 φύσιν
2528 1223 2763 1300 ἐνεργεῖν
2813 1224 3120 1294 κακύνεται,
3151 1227 3229 1288 ὦς
3279 1228 3506 1297 ἀσθενὴς
3545 1231 3632 1285 καὶ
3662 1232 3790 1288 εὐκί-

2161 1333 2322 1382 νητος
2353 1312 2484 1367 οὖσα
2528 1313 2666 1388 πρὸς
2714 1314 2780 1368 τὰ
2827 1313 2995 1384 πάθη.
3045 1315 3315 1372 Ἀσθὲνεια
3368 1313 3425 1370 δὲ
3475 1322 3652 1393 ψυχῆς
3696 1322 3788 1399 οὐχ

2161 1401 2233 1462 ὠς
2260 1401 2346 1456 ἐπὶ
2380 1403 2648 1475 σωμάτων
2694 1404 2948 1478 παχύτης
3076 1403 3340 1479 ἷσχνότης
3373 1405 3452 1467 εἲς
3479 1408 3575 1476 τήν
3626 1409 3790 1466 οὐσίαν

2159 1492 2351 1560 αὐτῆς,
2409 1489 2537 1545 ἀλλ’
2589 1490 2678 1546 ἐπὶ
2734 1493 2801 1546 τὰ
2861 1491 3023 1547 ὑλικὰ
3079 1492 3167 1547 καὶ
3224 1492 3527 1570 πρόσκαιρα
3581 1493 3786 1561 ἔνδοσις

2162 1581 2277 1643 ὅθεν
2314 1581 2400 1634 καὶ
2436 1578 2792 1654 πλημμελῶς
2825 1579 3020 1636 λοιπὸν
3051 1587 3300 1639 κινεῖται.
3333 1585 3565 1658 Ἕκγονα
3595 1584 3649 1640 δὲ
3682 1587 3790 1641 ταῦ-

2159 1692 2258 1740 της
2309 1669 2532 1734 ἐνταῦθα
2571 1672 2637 1725 τὰ
2683 1674 2968 1743 ποιήματα
3009 1670 3178 1746 λέγει.
3219 1671 3534 1746 Σημείωσαι
3567 1671 3622 1730 δὲ
3661 1675 3786 1746 ὅτιή

2161 1760 2400 1836 ἐνέργεια
2427 1767 2527 1828 τῆς
2560 1764 2746 1835 ψυχῆς
2779 1760 2878 1814 οὐκ
2907 1759 3024 1836 ἔχει
3053 1762 3116 1816 τὸ
3147 1757 3554 1836 ἀμετάϐλητον,
3578 1763 3647 1825 ὡς
3668 1785 3787 1838 συμ-

2161 1845 2420 1904 ϐαίνουσα
2448 1851 2536 1904 καὶ
2571 1845 3069 1924 ἀποσυμϐαίνουσα.

2239 2023 2388 2083 Εἱδὶ
2433 2031 2553 2090 ταῖς
2599 2025 2910 2101 ἐνεργείαις.
2962 2029 3078 2084 Ἵνα
3121 2027 3157 2102 ᾖ
3207 2028 3234 2082 ὁ
3282 2033 3412 2091 νοῦς
3465 2028 3516 2084 ἐν
3567 2027 3792 2104 συντόμῳ

2171 2115 2364 2180 οὕτως·
2399 2119 2432 2184 ἡ
2490 2116 2646 2193 φύσις
2700 2123 2802 2186 τῆς
2859 2120 3046 2192 ψυχῆς
3106 2117 3306 2191 ἀγαθὴ,
3371 2116 3555 2188 ἐπειδὴ
3611 2119 3665 2175 ἐκ
3713 2125 3793 2174 τοῦ

2171 2207 2370 2279 ἀγαθοῦ
2402 2208 2688 2282 παρήχθη,
2721 2205 2812 2260 καὶ
2843 2207 2898 2259 αἱ
2948 2205 3205 2282 ἐνᾶργειαι
3254 2206 3423 2276 αὐτῆς
3459 2207 3657 2282 ἀγαθαί·
3681 2209 3796 2282 ὁρῶ-

2175 2315 2269 2367 μεν
2299 2295 2402 2370 γὰρ
2450 2294 2575 2357 τοὺς
2625 2294 2858 2369 ἀγαθοὺς
2889 2291 3088 2368 ἄνδρας
3131 2295 3486 2372 ἐνεργοῦντας
3532 2298 3596 2350 τὰ
3625 2296 3794 2351 οἱκεῖιυ

2171 2383 2231 2438 ἐκ
2260 2391 2617 2459 παρατροπῆς
2647 2381 2704 2438 δὲ
2751 2385 2839 2439 καὶ
2889 2383 3188 2458 ἐλλείψεως
3234 2390 3333 2440 τοῦ
3378 2385 3576 2461 ἀγαθοῦ
3604 2405 3798 2462 παρεισ-

2174 2471 2312 2528 δόνιι
2353 2475 2415 2529 τὸ
2470 2475 2655 2530 κακόν.
2687 2471 2895 2532 Οὒκοῦν
2947 2473 3046 2528 οὐκ
3093 2473 3144 2527 ἐν
3196 2475 3379 2552 φύσει,
3413 2472 3540 2530 οὐδὲ
3585 2473 3796 2530 ἕνούσιον

2171 2563 2233 2618 τὸ
2263 2563 2446 2619 κακόν.

2243 2655 2529 2721 §XXXIL
2583 2654 2660 2725 [ς]
2719 2651 2786 2709 Ei’
2838 2656 2919 2724 τῷ
2975 2653 3163 2726 ἀγαθῷ
3221 2651 3281 2706 τὸ
3344 2651 3550 2708 κακόν.
3604 2655 3682 2724 Τῷ
3731 2648 3798 2704 ἑνὶ

2170 2741 2381 2795 ἐναντία
2407 2741 2474 2795 τὰ
2503 2738 2711 2795 πολλά’
2746 2742 2941 2796 οὑκοῦν
2993 2741 3041 2795 εἶ’
3081 2745 3163 2812 τῷ
3203 2739 3279 2796 ἒνὶ
3331 2740 3430 2796 καὶ
3460 2741 3638 2817 ἀγαθῷ
3666 2737 3798 2808 αἰτίῳ

2171 2830 2408 2885 ἐναντίον
2437 2831 2507 2885 τὰ
2535 2828 2740 2891 πολλὰ,
2774 2827 2919 2884 α’ίτια
2950 2829 3142 2886 πολλά
3170 2835 3251 2903 τῷ
3279 2835 3459 2903 κακῷ·
3493 2829 3602 2900 καὶ,
3630 2828 3670 2883 εί
3707 2831 3793 2880 τῶν

2169 2919 2508 2997 κατὰφύσιν,
2559 2921 2634 2982 ὡς
2683 2917 2793 2973 ἄνω
2840 2917 2996 2996 ἔφην,
3056 2918 3217 2994 λόγοι
3268 2919 3370 2975 καὶ
3425 2917 3667 2993 δυνάμεις
3714 2916 3792 2972 εἶσὶ

2167 3008 2234 3063 τὰ
2263 3009 2546 3079 ποιητικὰ,
2595 3012 2702 3062 τῶν
2753 3009 2900 3084 παρὰ
2949 3008 3105 3084 φύσιν
3138 3011 3416 3079 ποιητικᾶ
3458 3011 3511 3064 αἱ
3557 3009 3795 3082 πλημμε-

2170 3099 2286 3163 λεῖς
2311 3105 2418 3155 τῶν
2450 3099 2586 3154 κατὰ
2616 3099 2770 3177 φύσιν
2801 3103 3040 3171 κινήσεις
3073 3099 3122 3171 ἐξ
3169 3102 3450 3165 ἀσθενείας
3503 3101 3586 3156 καὶ
3637 3096 3796 3154 ἀδυνα-

2172 3189 2297 3262 μίας
2337 3184 2753 3262 συμϐαίνουσαι·
2810 3186 2879 3243 δι’
2921 3188 2993 3243 ὦν
3044 3189 3136 3244 καὶ
3183 3191 3582 3269 παρυφίσταται
3626 3189 3683 3243 τὸ
3724 3205 3795 3240 κα-

2168 3279 2283 3336 κόν.
2317 3285 2471 3334 Ποιεῖ
2498 3277 2556 3334 δὲ
2583 3279 2721 3333 κακά
2769 3276 2876 3332 ἔσθ’
2931 3277 3021 3334 ὅτι
3067 3279 3160 3334 καὶ
3214 3280 3363 3351 μίξις
3409 3285 3513 3336 τῶν
3547 3275 3787 3349 ἀνομοίων

2170 3368 2538 3443 ἀσύμμετρος,
2572 3368 2696 3422 ὅταν
2731 3367 2764 3436 ἢ
2796 3369 2857 3423 τὸ
2899 3369 3097 3443 θερμὸν
3131 3368 3167 3438 ἢ
3197 3369 3260 3423 τὸ
3309 3370 3544 3444 ψυχρὸν,
3577 3366 3610 3436 ἢ
3641 3365 3692 3420 τὸ
3720 3364 3795 3433 ξη-

2173 3459 2286 3534 ρὸν,
2319 3459 2353 3529 ἢ
2385 3458 2447 3512 τὸ
2502 3458 2665 3532 ὑγρόν
2698 3455 2864 3511 πλέον
2897 3461 3003 3510 τῶν
3047 3457 3234 3513 ἄλλων
3267 3460 3538 3536 κρατήσῃ·
3572 3456 3682 3511 ὅθεν
3721 3449 3795 3508 καὶ

2170 3547 2320 3601 νόσοι
2346 3544 2638 3608 πολλάκις.
2664 3551 2788 3638 Π.ὧς
2821 3542 2877 3600 δὲ
2908 3545 3128 3617 συσταίη
3161 3548 3354 3616 κακὸν,
3385 3552 3491 3602 τῶν
3520 3541 3793 3620 γενομένων

2173 3637 2447 3705 ἁπάντων,
2479 3636 2552 3697 ὠς
2601 3628 2963 3706 ἐποῖήθησαν,
3013 3635 3283 3708 μενόντων
3323 3659 3338 3708 ;
3370 3641 3533 3692 ταῦτα
3585 3633 3671 3706 μὶν
3711 3628 3794 3705 γὰρ

2172 3724 2231 3779 ἐκ
2259 3727 2525 3794 κινήσεως
2579 3723 2893 3800 βουλήματι
2946 3723 3080 3781 Θεοῦ
3129 3727 3424 3802 παρήχθη,
3475 3723 3562 3779 καὶ
3599 3720 3798 3788 ἀκίνητα

2171 3812 2222 3868 ἐν
2262 3819 2380 3876 τοῖς
2419 3811 2582 3876 ἰδίοις
2631 3813 2781 3889 ὅροις
2832 3813 2978 3888 μὲνει
3028 3816 3236 3870 ἑστῶτα
3281 3816 3376 3871 καὶ
3448 3808 3798 3887 πεπερασμένα

2172 3903 2226 3958 ἐν
2267 3907 2346 3974 τῷ
2395 3907 2528 3975 Θεῷ·
2580 3905 2641 3958 τὸ
2692 3901 2748 3958 δὲ
2791 3904 2998 3959 τούτων
3051 3903 3322 3964 ἐναντίον,
3389 3904 3452 3958 τὸ
3504 3900 3795 3962 αὑτόκακον,

2170 3991 2419 4057 ἄστατον,
2450 3993 2539 4046 καὶ
2570 3993 2734 4066 πὲρας
2763 3994 2866 4047 οὑκ
2895 3988 3024 4068 ἕχον
3057 3992 3180 4048 οὕτε
3211 3992 3543 4066 ὡρισμένον,
3568 3991 3637 4045 ὧν
3663 3983 3797 4057 οὑδὶν

2170 4079 2220 4135 ἓν
2270 4085 2338 4154 τῇ
2393 4079 2723 4157 δημιουργίᾳ
2763 4083 3001 4158 ὁρῶμεν.
3045 4086 3168 4144 HG):
3225 4082 3319 4136 οὖν
3375 4081 3718 4138 ἀνυπόστατον
3746 4071 3797 4126 τὸ

2173 4169 2337 4225 κακόν
2377 4189 2389 4240 ;

2247 4442 2314 4513 [ζ]
2352 4441 2519 4514 Λόγοι
2577 4438 2664 4494 καὶ
2722 4436 3001 4512 δυνάμεις.
3061 4436 3354 4497 Τουτὲστιν
3417 4439 3481 4493 οὗ
3539 4431 3668 4490 κατὰ
3718 4427 3801 4486 λό’

2172 4552 2266 4605 γον
2309 4531 2595 4604 ἀναγκαῖον
2635 4532 2705 4602 τῇ
2764 4528 2940 4606 φύσει,
2999 4528 3034 4596 ἢ
3095 4529 3216 4583 τινὰ
3273 4524 3516 4595 οὑσιώδη
3580 4521 3799 4588 ἰδιότητα

2167 4623 2335 4674 ταῦτα
2383 4617 2687 4695 λογίζεσθαι
2737 4619 2871 4692 χρή.
2905 4617 3063 4688 Μίξιν
3117 4615 3174 4672 δὲ
3201 4621 3308 4673 τῶν
3358 4614 3634 4689 ἀνομοίων
3666 4609 3799 4680 οἶμαι

2236 4717 2261 4726 ~
2434 4709 2446 4727 ς
2553 4713 2577 4723 τ
2838 4711 2863 4721 ~
2959 4705 2982 4723 λ
3069 4709 3078 4726 1
3341 4707 3357 4727 \
3447 4707 3460 4724 ἱ

2169 4730 2358 4779 νοησαι
2388 4731 2484 4776 την
2513 4729 2618 4764 των
2666 4728 2904 4784 φυσικιυν
2955 4721 3234 4778 ουναμεων
3267 4706 3358 4763 ἐπι
3403 4727 3470 4761 τα
3511 4705 3584 4778 μή
3615 4696 3798 4776 προπί-

2169 4820 2334 4855 κοντα
2371 4798 2606 4870 κίνῃσιν,
2651 4797 2782 4872 ὅπερ
2817 4797 2850 4865 ἠ
2885 4795 3113 4872 ἀμετρία
3170 4802 3340 4867 ποιεῖ,
3377 4797 3452 4869 μή
3490 4792 3656 4866 λόγῳ,
3685 4804 3795 4872 apati

2167 4888 2443 4960 τουμὲνων
2483 4890 2589 4941 τῶν
2639 4886 2905 4956 κινήσεων
2957 4881 3085 4939 ε⁹ίσω
3141 4883 3321 4958 μένειν
3373 4888 3480 4938 τῶν
3537 4880 3692 4953 ὅρων,
3730 4868 3798 4946 ἐφ’

2171 4979 2253 5040 οἷς
2283 4977 2371 5031 καὶ
2400 4976 2670 5051 γεγόνασι.

2243 5153 2460 5210 Πάντων
2521 5153 2612 5208 καὶ
2667 5156 2778 5208 τῶν
2833 5155 3012 5207 κακῶν
3050 5195 3062 5208 .
3113 5153 3237 5210 ’Ότι
3297 5152 3511 5206 πάντων
3572 5145 3654 5202 καὶ
3707 5142 3795 5193 τῶν

2168 5244 2346 5298 κακῶν
2397 5243 2542 5316 ἀρχὴ
2593 5240 2682 5295 καὶ
2726 5239 2889 5304 τέλος
2938 5239 3048 5294 ἐστὶ
3095 5241 3158 5295 τὸ
3217 5242 3437 5317 ἀγαθὸν,
3488 5231 3668 5300 ἐπειδὴ
3717 5233 3794 5317 xlii

2170 5339 2272 5387 πᾶν
2325 5336 2606 5394 ποιοῦντες
2654 5333 2717 5398 ¹²,
2752 5330 2954 5404 ἀγαθὸν
3005 5334 3182 5383 ποιεῖν
3230 5327 3554 5402 νομίζομεν·
3600 5319 3682 5376 καὶ
3729 5313 3800 5369 ὅτι

2172 5421 2459 5476 ὑπόστασιν
2517 5420 2615 5474 οὑκ
2671 5413 2788 5493 ἔχει
2843 5419 2906 5473 τὸ
2958 5419 3142 5489 κακὸν,
3199 5417 3346 5474 ἀλλὰ
3393 5411 3793 5490 παρυπόστασιν,

1414 5596 1652 5654 VARle
1693 5597 2081 5657 LECTlONES
2120 5596 2206 5653 ET
2245 5593 2804 5651 GORRECTIONES.

477 5718 520 5753 ¹²
547 5717 708 5774 κακὸν
742 5723 1043 5784 ποιοῦντες.
