4034 6384
248 389 362 444 305

1023 400 1083 452 Β.
1124 399 1401 454 ΜΔΧΙΜΙ
1439 399 1744 455 SCHOLIA
1782 400 1856 453 IN
1897 401 1910 451 l

2070 401 2166 453 DE
2204 401 2476 455 DIVINIS
2512 401 2925 457 NOMINIBUS.

3586 402 3692 458 306

244 517 347 566 τοῦ
380 513 581 589 ἀγαθοῦ
611 511 787 584 ἕνεκα,
822 517 910 571 καὶ
947 518 1058 594 οὐχ
1087 519 1281 574 ἑαυτοῦ
1310 520 1618 594 γινόμενον.
1655 523 1832 578 Τοῦτο
1866 515 1910 575 δῖ

2038 522 2334 592 stentiam,
2360 523 2498 580 boni
2525 541 2702 580 causa
2742 541 2856 579 non
2895 541 3028 581 vero
3054 525 3143 581 sui
3171 525 3410 596 factum,
3437 525 3546 582 hoc
3587 544 3692 582 au-

247 601 341 656 καὶ
377 601 631 679 ἀνωτέρω
664 605 988 679 εἰρήκαμεν,
1020 608 1102 662 δτι
1133 608 1196 664 οὐ
1219 611 1356 686 πρὸς
1387 611 1450 664 τὸ
1477 602 1652 665 ’κακὸν
1686 611 1919 686 ὁρῶντες

246 695 414 746 τοῦτο
447 693 784 766 πράττομεν,
815 693 962 751 ἀλλὰ
1018 694 1301 761 δοκοῦντες
1358 700 1556 777 ἀγαθὸν
1616 704 1816 768 ποιεῖν,
1872 698 1917 754 εἶ

248 782 340 835 καὶ
374 783 409 851 ἡ
445 778 664 846 ἔκϐασις
690 785 1008 842 τούναντίον
1045 785 1330 847 δείκνυσιν.

321 873 451 928 ’Ότι
487 877 583 927 τοῦ
615 875 817 950 ἀγαθοῦ
847 873 1018 934 ἕνεκα.
1053 879 1121 935 Ὀ
1154 880 1268 933 εἶπε
1292 881 1380 934 καὶ
1414 878 1464 934 ἐν
1509 885 1589 953 τῷ
1638 882 1744 955 πρὸ
1791 879 1916 935 τού-

246 981 347 1014 του
380 960 692 1039 κεφαλαίῳ,
727 961 818 1020 διὰ
841 967 903 1020 τὸ
936 967 1158 1043 ἀγαθὸν,
1190 966 1380 1038 ἐπειδὴ
1412 971 1710 1044 νομίζομεν
1744 970 1772 1024 ’ὀ
1823 991 1918 1024 πο-

254 1053 450 1122 ιοῦμεν
480 1052 706 1126 ἀγαθόν.

317 1141 416 1210 Τῷ
475 1135 592 1194 ὄντι
624 1139 682 1195 δὲ
733 1143 834 1199 οὐκ
885 1145 1068 1219 ὀρθόν.
1113 1147 1418 1225 Ἐφιέμενοι
1463 1150 1563 1224 γὰρ
1625 1149 1762 1204 κατᾶ
1817 1147 1914 1226 φύ-

242 1249 329 1282 σιν
365 1229 458 1284 καὶ
493 1227 722 1305 δύναμιν
751 1238 848 1288 τοῦ
875 1238 1084 1309 ργαοοῦ
1142 1236 1397 1309 ἐκτικήν,
1443 1240 1750 1314 πράττομεν
1808 1236 1915 1292 ἔσθ’

243 1316 341 1372 ὅτε
373 1319 701 1393 ἀγνοοῦντες
730 1323 793 1377 τὸ
838 1325 1024 1396 κακὸν,
1083 1327 1111 1380 ὃ
1169 1328 1306 1399 ἡμῖν
1343 1328 1436 1399 μὲν
1489 1327 1766 1400 νομίζεται
1815 1349 1916 1382 κα-

242 1407 368 1476 λὸν,
431 1413 502 1483 τῇ
534 1407 591 1464 δὲ
621 1411 860 1485 ἀληθείᾳ
893 1414 1004 1468 ἐστὶ
1045 1416 1232 1470 κακον⁸
1297 1415 1350 1471 τί
1397 1420 1536 1492 γάρ;
1580 1419 1684 1486 ὅτι,
1734 1439 1914 1490 τιμω-

244 1501 475 1569 ροῦντες
507 1504 584 1571 τῷ
613 1499 958 1576 ἠδικημένῳ,
993 1503 1292 1578 φονεύομεν
1340 1505 1444 1560 ἔσθ’
1501 1506 1589 1562 ὅτε
1642 1507 1736 1562 τὸν
1796 1505 1914 1562 ἀδι-

239 1588 496 1656 κήσαντα
529 1589 605 1661 μὴ
641 1587 789 1660 ἄξιον
830 1589 960 1648 ὄντα
1016 1595 1268 1654 θανάτου.
1327 1595 1486 1652 Οὕτω
1515 1596 1645 1666 νόει,
1703 1596 1792 1652 καὶ
1852 1596 1913 1650 οὐ

245 1674 506 1754 σῳάλλῃ.

321 1767 616 1841 Στέρησις,
670 1767 772 1845 ἄρα
803 1770 938 1828 ἐστι.
983 1775 1310 1846 Θαυμασίως
1362 1771 1555 1846 ἔδειξεν
1606 1775 1910 1830 ἀνυπόστα-

238 1873 338 1908 τον
373 1855 468 1910 τὸν
520 1857 710 1927 κακὸν,
762 1860 1012 1935 στέρησιν
1043 1860 1333 1937 ἀποδείξας
1373 1869 1480 1919 τῶν
1514 1863 1566 1919 ἐν
1619 1864 1762 1935 τάξει
1819 1866 1909 1920 καὶ
1945 1901 1989 1965 Β

261 1963 268 1965 _
298 1943 312 1960 Ι
463 1946 526 1965 επ
553 1943 598 1965 δ’.
727 1947 737 1965 Ι
1002 1951 1015 1965 9
1153 1953 1166 1965 ο
1248 1964 1252 1965 ,
1337 1953 1346 1965 Ι
1628 1955 1641 1965 ρ
1865 1954 1875 1965 ι

241 1943 428 2000 Φῦσει.
463 1946 526 2000 Ἡ
549 1943 608 2000 δὲ
655 1947 904 2024 στέρησις
957 1951 1060 2006 οὐκ
1107 1953 1560 2026 αὐτοΰπὸστασις,
1613 1955 1687 2016 ὡς
1747 1954 1904 2029 προέ-

239 2055 457 2110 φημεν,
493 2034 640 2090 ἀλλά
668 2038 729 2091 τὸ
759 2040 996 2117 πεφυκὸς
1027 2041 1115 2096 καὶ
1156 2037 1456 2098 ἐπιϐάλλον
1518 2049 1765 2120 παρεῖναι
1831 2045 1905 2116 μή

234 2123 422 2196 παρόν
461 2145 473 2156 ·
539 2125 657 2188 ὅθεν
704 2129 791 2181 καὶ
849 2129 1138 2205 ἁμαρτίαν,
1199 2133 1474 2187 τουτέστιν
1529 2133 1771 2204 ἀτευξίαν
1818 2132 1908 2187 καὶ

236 2211 570 2268 ἀπόπτωσίν
609 2237 730 2270 τινα
780 2221 878 2272 τοῦ
926 2223 1329 2293 προσήκοντος,
1379 2222 1510 2277 αὐτὸ
1560 2223 1622 2277 τὸ
1663 2227 1763 2289 τῆς
1788 2244 1906 2277 στε-

238 2304 468 2377 ρήσεως
497 2302 676 2376 καλεῖ,
726 2307 815 2360 καὶ
863 2304 1124 2379 ἄσκοπον,
1168 2311 1284 2365 ἀντὶ
1314 2316 1433 2382 τοῦ,
1466 2313 1613 2384 παρὰ
1640 2313 1730 2367 τὸν
1784 2334 1907 2367 σκο-

235 2393 342 2446 πὸν
413 2391 650 2466 βάλλον,
684 2393 744 2450 ἐκ
785 2404 1092 2475 μεταφορᾶς
1150 2405 1256 2454 τῶν
1316 2401 1664 2471 τοξευόντων·
1727 2402 1907 2478 ὥσπερ

234 2480 342 2556 γὰρ
379 2479 606 2552 ἐκεῖνοι,
639 2484 1095 2561 ἐπιτυγχάνοντες
1149 2487 1245 2543 τοῦ
1278 2495 1503 2562 σκοποῦ,
1540 2491 1780 2547 τουτέστι
1813 2497 1907 2546 τοῦ

243 2570 486 2642 σημείου
523 2571 601 2650 ἐφ’
629 2573 656 2626 ὃ
688 2575 1022 2647 τοξεύουσιν,
1055 2578 1083 2631 ὃ
1135 2575 1200 2648 δὴ
1260 2580 1348 2634 καὶ
1409 2582 1610 2642 σκοπὸς
1667 2580 1906 2656 λέγεται,

237 2656 436 2720 καλῶς
465 2658 744 2734 προΐασινο
781 2661 955 2726 οὕτως
997 2666 1048 2720 οἱ
1081 2664 1182 2736 ἔξω
1213 2672 1309 2722 τοῦ
1351 2673 1556 2724 σκοποῦ
1600 2669 1912 2740 τοξεύοντες

238 2747 624 2824 ἁμαρτάνουσι
645 2753 688 2788 ¹³
717 2756 814 2806 τοῦ
846 2757 1246 2828 προσήκοντος.

315 2839 422 2893 Καὶ
478 2841 740 2916 ἁμαρτία.
793 2845 866 2898 Τὸ
924 2845 1165 2921 ἁμαρτία
1198 2849 1273 2920 μή
1325 2850 1532 2924 νοήσῃς
1559 2851 1657 2919 τήν
1685 2851 1909 2923 γενομὲ-

234 2950 339 2998 νην
398 2927 453 2983 ἐν
507 2932 667 3002 ἡμῖν,
730 2934 845 2987 οἷον
897 2935 1178 3010 μοιχείαν,
1226 2938 1260 3006 ἢ
1315 2935 1549 3008 ἀδικίαν,
1598 2943 1632 3010 ἣ
1689 2938 1828 2996 ἄλλο
1859 2961 1912 2994 τι

234 3022 522 3073 τοιοῦτον⁹
579 3017 708 3075 ἀλλ’
763 3022 792 3076 ’ὀ
843 3021 1010 3098 λέγει,
1065 3027 1313 3081 τοιοῦτόν
1373 3027 1504 3082 ἐστι·
1567 3031 1680 3085 Τοῦ
1710 3029 1910 3104 ἀγαθοῦ

231 3108 326 3161 καὶ
387 3115 493 3177 τῆς
549 3110 686 3165 κατὰ
742 3111 899 3186 φύσιν
958 3117 1226 3186 κινήσεως
1268 3115 1392 3185 ἤτοι
1421 3119 1622 3188 τάξεως
1677 3117 1911 3194 ἀποτυγ-

232 3199 534 3272 χάνοντες,
583 3200 859 3277 φερόμεθα
891 3202 967 3265 εἷς
993 3205 1091 3272 τήν
1143 3207 1290 3282 παρὰ
1338 3207 1493 3286 φύσιν
1544 3207 1767 3282 ἁλογον,
1819 3202 1909 3262 καὶ

2029 617 2146 666 tem
2169 612 2347 668 etiam
2383 613 2659 684 superius
2684 613 2964 682 diximus,
2997 615 3277 670 nimirum
3301 617 3458 687 quod
3489 630 3603 671 non
3621 619 3687 672 ad

2038 702 2261 758 malum
2291 703 2674 775 respicientes
2698 703 2920 776 aliquid
2947 721 3213 776 agamus,
3239 707 3692 776 sedjudicantes

2029 792 2250 847 bonum
2284 793 2531 864 operari,
2567 793 2675 849 etsi
2709 795 2901 848 exitus
2931 793 3288 848 contrarium
3321 795 3608 851 ostendat.

2101 882 2240 949 Quia
2272 885 2401 937 boni
2429 883 2654 954 gratia.
2681 883 2844 950 Quod
2871 882 3014 937 dixit
3045 881 3293 937 etiamin
3324 885 3686 954 praecedente

2028 971 2238 1042 capite,
2266 967 2353 1024 διὰ
2375 970 2434 1024 τὸ
2471 972 2692 1044 ἀγαθόν,
2727 977 2964 1044 propter
2986 973 3228 1042 bonum,
3255 972 3393 1044 quia
3444 973 3686 1029 arbitra-

2028 1077 2164 1116 mur
2195 1061 2250 1115 id
2288 1062 2441 1133 quod
2478 1062 2725 1118 facimus
2759 1079 2887 1117 esse
2920 1063 3159 1118 bonum.

2099 1152 2302 1206 Revera
2331 1154 2520 1206 autem
2542 1168 2652 1206 non
2684 1155 2912 1207 rectum.
2933 1151 3245 1222 Cupientes
3270 1151 3424 1206 enim
3461 1150 3683 1222 aliquid

2031 1241 2357 1295 secundum
2415 1246 2686 1296 naturam
2720 1246 2776 1296 et
2802 1242 3082 1295 virtutem
3118 1242 3254 1296 boni
3295 1241 3686 1313 habitualem,

2028 1329 2350 1400 aliquando
2375 1330 2550 1386 nescii
2587 1330 2810 1385 malum
2840 1330 3337 1401 operamur,quod
3363 1330 3532 1385 nobis
3557 1332 3687 1401 qui-

2028 1419 2160 1474 dem
2193 1419 2415 1476 bonum
2447 1420 2698 1488 videtur,
2734 1424 3136 1474 verumtamen
3169 1425 3259 1474 est
3291 1419 3551 1474 malum:
3581 1437 3686 1474 cur

2026 1511 2181 1563 enim
2211 1510 2238 1563 Ῡ
2266 1511 2418 1580 quod
2455 1510 2673 1580 injuria
2701 1510 2972 1564 ati'ectum
3005 1508 3396 1578 vindicantes,
3422 1509 3683 1579 quando-

2025 1615 2137 1669 que
2171 1615 2303 1654 eum
2336 1599 2435 1670 qui
2471 1600 2744 1670 injuriam
2774 1599 2908 1653 fecit
2943 1603 3125 1654 morte
3155 1598 3466 1669 indignum
3497 1597 3682 1652 inter-

2022 1687 2269 1743 fecimus
2305 1705 2316 1742 :
2355 1688 2438 1743 sic
2467 1687 2754 1759 intellige,
2787 1692 2843 1743 et
2874 1704 2987 1742 non
3022 1704 3200 1742 erras.

2093 1778 2319 1832 Privato
2355 1793 2482 1848 ergo
2517 1781 2610 1833 est.
2640 1777 2910 1832 Ostendit
2933 1777 3283 1832 mirabiliter
3305 1776 3529 1831 malum
3561 1793 3677 1831 non

2021 1867 2366 1933 subsistere,
2392 1867 2854 1922 demonstrando
2876 1883 3005 1922 esse
3025 1865 3410 1937 privationem
3442 1865 3678 1920 ordina-

2021 1961 2212 2010 torum
2237 1960 2292 2010 et
2317 1955 2679 2010 naturalium
2710 1974 2722 2011 :
2750 1955 2998 2027 privatio
3019 1961 3214 2010 autem
3244 1973 3354 2010 non
3389 1959 3478 2010 est
3498 1954 3678 2026 (sicut

2021 2044 2195 2099 etiam
2229 2049 2363 2100 ante
2394 2046 2674 2114 diximus)
2710 2063 2812 2116 per
2861 2047 2938 2115 se:
2968 2045 3326 2112 substantia,
3378 2046 3477 2099 sed
3525 2044 3677 2112 quod

2022 2141 2226 2205 aptum
2267 2140 2324 2190 et
2361 2134 2559 2189 nitens
2594 2136 2803 2191 adesse
2835 2151 2947 2190 non
2983 2135 3150 2189 adest
3183 2151 3195 2188 :
3229 2135 3479 2204 ideoque
3510 2132 3682 2206 ἁμαρ-

2019 2222 2158 2290 τίαν,
2192 2223 2247 2278 id
2283 2229 2371 2278 est
2403 2224 2834 2279 aberrationem
2859 2240 2925 2278 ac
2965 2223 3402 2295 prolapsionezn
3427 2241 3460 2277 a
3481 2239 3682 2278 conve-

2021 2313 2226 2380 nienti,
2261 2314 2648 2384 privationem
2681 2319 2870 2380 vocat,
2895 2317 2950 2368 et
2974 2307 3208 2365 ἄσκοπον
3236 2328 3336 2383 pro
3373 2311 3528 2366 ultra
3559 2328 3680 2366 sco-

2020 2419 2159 2473 pum
2199 2402 2542 2473 jacieutem,
2586 2408 2826 2474 sumpta
2872 2419 2906 2456 a
2952 2402 3274 2473 sagittariis
3334 2401 3680 2472 metaphora

2019 2491 2173 2546 sicut
2201 2493 2360 2548 enim
2392 2492 2476 2546 illi
2505 2493 2866 2564 attingentes
2925 2507 3191 2561 scopum,
3229 2491 3283 2544 id
3321 2495 3409 2544 est
3441 2490 3676 2560 signum

2020 2582 2175 2636 164
2205 2582 2262 2636 in
2296 2583 2448 2654 quod
2475 2581 2837 2652 jaculantur,
2872 2581 3025 2651 quod
3076 2581 3251 2635 etiam
3286 2577 3488 2639 σκοπός
3536 2579 3680 2634 dici-

2020 2675 2138 2742 tur,
2173 2671 2317 2726 bene
2349 2672 2696 2743 procedunt,
2722 2671 2803 2725 ita
2825 2670 2924 2742 qui
2951 2675 3117 2725 extra
3142 2686 3386 2741 scopum
3411 2669 3683 2739 jaculan-

2021 2765 2138 2830 tur,
2173 2777 2205 2815 a
2237 2760 2605 2816 convenienti
2639 2760 2937 2814 aberrant.

2092 2852 2157 2904 Et
2186 2854 2494 2921 peccatum.
2537 2850 2644 2905 Per
2690 2853 2971 2919 peccatum
3019 2865 3135 2903 non
3186 2847 3488 2919 intelligas
3529 2847 3676 2902 illud

2022 2942 2173 3012 quod
2221 2940 2279 2994 in
2312 2941 2482 2996 nobis
2515 2941 2729 2994 factum
2779 2943 2890 3008 est,
2940 2938 3121 2993 veluti
3154 2937 3540 2998 adulterium,
3572 2941 3675 2991 aut

2021 3029 2400 3100 injustitiam,
2435 3034 2534 3084 aut
2553 3029 2709 3084 aliud
2741 3027 2878 3099 quid
2905 3026 3131 3093 simile;
3179 3027 3279 3082 sed
3306 3027 3415 3080 hoc
3438 3026 3561 3080 vult
3584 3025 3678 3080 di-

2022 3135 2186 3174 cere:
2215 3137 2247 3174 a
2269 3119 2420 3173 bono
2447 3124 2504 3174 et
2543 3117 2795 3172 naturali
2832 3122 2992 3172 motu
3025 3133 3126 3172 seu
3157 3115 3362 3171 ordine
3394 3116 3674 3171 aberran-

2023 3213 2132 3277 tes,
2169 3208 2410 3264 l'erimur
2442 3209 2499 3263 in
2525 3225 2651 3263 eam
2683 3224 2810 3278 quae
2837 3211 3039 3262 contra
3066 3211 3336 3260 naturam
3371 3209 3480 3273 est,
3529 3205 3680 3258 irra-

231 3288 514 3360 παντελῆ,
539 3293 625 3346 καὶ
661 3293 911 3350 ἀνοῦσιον
945 3277 1294 3374 ἀνυπαρξίάψ
1347 3277 1466 3355 δΟεν
1516 3300 1606 3356 καὶ
1664 3277 1900 3374 μηδαμῆ

2035 3298 2321 3368 ,ionalem,
2355 3303 2410 3353 et
2440 3298 2795 3367 absolutam,
2826 3313 2891 3352 ac
2923 3296 3049 3351 sine
3073 3294 3407 3351 substantia
3428 3294 3678 3350 existen-

237 3376 418 3452 μηδὲν
453 3377 514 3435 ὃν
547 3378 690 3458 λέγει
722 3383 786 3438 τὸ
819 3385 1006 3442 κακόν.

310 3562 396 3619 Οὐ
428 3559 606 3617 πάντα
636 3568 794 3631 πᾶσι,
858 3564 1026 3627 Θείως
1076 3565 1170 3628 τὰς
1225 3562 1516 3629 ὑποϐάσεις
1570 3572 1676 3622 τῶν
1733 3567 1784 3623 ἐν
1839 3569 1908 3644 τῇ

241 3649 596 3726 δημιουργίᾳ
645 3649 920 3708 διέσωσενο
973 3655 1000 3708 6
1042 3657 1136 3727 μὲν
1186 3656 1287 3732 γὰρ
1330 3661 1478 3727 νοῦς,
1527 3659 1647 3720 καθ’
1704 3658 1760 3712 ’ὸν
1823 3659 1912 3714 οὐ·

249 3739 466 3795 σίωνται
503 3742 558 3794 οἱ
603 3743 743 3796 Θεῖοι
793 3743 912 3805 νὸες
950 3743 1038 3798 καὶ
1087 3746 1260 3812 πᾶντη
1291 3744 1471 3816 ἄϋλοι,
1508 3746 1775 3822 ἀνώτερος
1807 3753 1908 3822 ψυ-

252 3831 361 3902 χῆς
411 3826 582 3886 ἐστιν.
629 3831 685 3884 ⁸0
725 3831 816 3884 οῦν
868 3830 1117 3907 ἅγγελος,
1178 3835 1206 3888 6
1266 3837 1414 3910 παρὰ
1473 3838 1566 3891 τὸν
1617 3837 1907 3912 ἀγαθοειδῆ

244 3915 366 3971 νοῦν
423 3921 696 3991 κινηθεὶς,
728 3917 941 3994 δαίμων
973 3917 1172 3993 ἀπέϐηο
1228 3927 1262 3993 ἠ
1299 3921 1356 3979 δὲ
1386 3928 1564 4000 ψυχὴ,
1591 3927 1726 3982 καθὸ
1751 3929 1912 4002 νοερᾶ

234 4007 324 4060 καὶ
355 4007 594 4081 λογική,
628 4009 692 4062 οὐ
727 4011 864 4063 κατὰ
915 4009 1216 4086 λόγονίΜδ
1265 4013 1555 4088 ἐνεργοῦσα
1582 4018 1672 4071 τὸν
1712 4012 1910 4071 ὑποϐε-

231 4090 457 4165 ϐηκότα
491 4100 616 4149 νοῦν
647 4097 738 4151 τὸν
771 4099 989 4171 νοητὸν,
1024 4100 1084 4154 οὐ
1124 4099 1326 4178 ἐνεργεῖ
1371 4104 1437 4158 τὰ
1487 4105 1680 4159 οἰκεῖα·
1735 4105 1802 4160 τά
1854 4102 1912 4159 δὶ

231 4185 476 4257 σώματα
509 4185 576 4240 τὰ
603 4181 988 4258 ὑποϐεϐηκότα
1017 4190 1107 4244 τὸν
1140 4193 1326 4266 νοερὸν
1361 4193 1525 4270 λόγον
1556 4195 1701 4272 παρὰ
1750 4195 1906 4270 φύσιν

230 4273 560 4350 εὑρεθέντα,
589 4275 688 4330 οὐκ
715 4274 979 4353 ἔρρωνται
1012 4279 1088 4342 εἰς
1118 4281 1186 4335 τὰ
1217 4281 1442 4340 ἑαυτῶν.

309 4456 443 4514 Πῶς
479 4450 630 4516 ὅλως
659 4455 728 4509 τὰ
780 4457 940 4514 κακά.
986 4457 1052 4514 ΕΙ
1105 4457 1338 4534 πρόνοια
1370 4458 1421 4514 ἐν
1453 4466 1606 4534 πᾶσι,
1663 4460 1908 4537 οὐδαμοῦ

235 4541 396 4619 φύσει
432 4543 498 4596 τὸ
530 4543 718 4600 κακόν.

2018 3388 2111 3441 tiae
2163 3387 2546 3457 privationem
2599 3404 2611 3442 :
2662 3386 2912 3457 ideoque
2948 3385 3090 3439 dicit
3121 3383 3342 3438 malum
3374 3399 3671 3454 nusquam

2018 3475 2140 3530 ullo
2174 3477 2346 3530 modo
2378 3492 2527 3531 esse.

2091 3565 2208 3619 Non
2238 3566 2426 3621 omnia
2456 3565 2727 3621 omnibus.
2781 3562 2986 3618 Divina
3018 3563 3236 3634 gradus
3269 3563 3670 3616 creaturarum

2020 3653 2293 3709 servavit:
2316 3670 2482 3710 mens
2495 3654 2717 3720 enim,a
2733 3652 3177 3724 quaessentiam
3195 3649 3490 3721 accipiunt
3506 3664 3674 3704 men-

2019 3747 2110 3798 tes
2163 3743 2370 3798 divinm
2418 3747 2474 3799 et
2521 3759 2765 3814 prorsus
2805 3739 3246 3805 immateriales,
3283 3738 3551 3810 superior
3589 3742 3680 3792 est

2020 3836 2240 3901 anima;
2274 3832 2519 3904 angelus
2549 3833 2755 3904 igitur,
2789 3831 2888 3902 qui
2921 3834 3130 3902 praeter
3163 3833 3418 3884 mentem
3452 3828 3673 3882 bonum

2021 3944 2137 3999 prae
2162 3942 2224 3980 se
2252 3925 2530 3979 ferentem
2549 3926 2834 3991 movetur,
2859 3921 3087 3975 daemon
3114 3917 3326 3982 evadit;
3351 3917 3546 3972 anima
3580 3933 3678 3970 au-

2019 4021 2135 4071 tem
2152 4020 2446 4086 quatenus
2470 4011 2805 4082 intelligens
2829 4026 2893 4065 ac
2921 4009 3379 4074 rationalis,non
3405 4021 3680 4061 exercens

2021 4105 2349 4161 secundum
2379 4101 2667 4157 rationem
2697 4100 3023 4170 subjectam
3061 4102 3313 4152 mentem
3343 4095 3685 4166 intelligibi-

2020 4195 2157 4263 lem,
2191 4210 2307 4250 non
2339 4195 2611 4264 operatur
2645 4190 2918 4262 propria;
2971 4204 3217 4259 corpora
3273 4201 3407 4241 vero
3460 4183 3683 4238 intelli-

2019 4285 2180 4357 genti
2216 4285 2438 4339 ratione
2488 4281 2788 4349 inferiora,
2841 4282 3049 4350 praeter
3099 4281 3372 4333 naturam
3426 4274 3682 4339 inventa,

2021 4392 2138 4431 non
2168 4372 2365 4429 valent
2395 4371 2451 4426 in
2487 4370 2720 4441 seipsis.

2094 4462 2365 4533 Quomodo
2394 4463 2512 4517 sint
2541 4461 2737 4516 animo
2767 4457 2940 4512 mala.
2976 4457 3035 4513 Si
3068 4454 3436 4528 providentia
3465 4453 3524 4508 in
3558 4468 3684 4508 om-

2020 4555 2219 4619 nibus,
2255 4566 2548 4622 nusquam
2583 4552 2798 4602 natura
2831 4546 3076 4601 malum.

308 4632 632 4700 §XXXIIL
697 4632 879 4690 Ἀλλά
932 4635 1023 4691 καὶ
1078 4642 1196 4700 τοῖς
1246 4640 1583 4714 γινομένοις.
1643 4643 1764 4698 ’Ότι
1819 4642 1909 4698 καὶ

2093 4641 2367 4716 §XXIII.
2402 4641 2544 4708 Quin
2593 4639 2770 4693 etiam
2810 4637 2882 4690 iis
2936 4635 3032 4706 qui
3061 4643 3209 4689 sunt.
3266 4633 3448 4687 Deum
3505 4631 3681 4686 etiam

233 4725 356 4782 τοῖς
387 4720 706 4794 γινομένοις
749 4723 840 4778 καὶ
870 4727 1258 4800 νομιζομένοις
1288 4734 1478 4790 κακοῖς
1511 4730 1910 4806 άγαθοπρεπῶς

238 4809 520 4884 κέχρηται
553 4812 582 4865 ὁ
616 4813 747 4875 Θεὸς
777 4814 914 4889 πρὸς
957 4811 1247 4892 διόρθωσιν
1298 4819 1331 4887 ἢ
1388 4817 1655 4896 ὠφέλειαν
1687 4822 1850 4893 ἡμῶν
1877 4823 1911 4890 ἣ

241 4899 470 4974 ἒτίρων.

310 4991 381 5045 "H
418 4987 611 5045 ἄλλων
643 4993 677 5059 ἢ
711 4990 918 5063 ἷδικήν.
951 4995 1098 5069 Ηρὸς
1130 4994 1258 5059 τοῦς
1289 4995 1577 5072 λέγοντας,
1621 5000 1702 5053 ὅτι
1736 4998 1906 5074 ἐχρῆν

244 5079 398 5150 ἡμᾶς
427 5079 521 5132 καὶ
554 5080 784 5144 ἄκοντας
818 5083 948 5137 εἶναι
982 5085 1238 5159 ἀγαθούς.

311 5168 601 5243 οἳχρῆναί
664 5191 792 5244 φασι
863 5174 963 5242 τήν
1047 5175 1329 5249 πρόνοιαν.
1413 5176 1731 5249 Σημείωσαι
1790 5183 1908 5241 πῶς

245 5254 578 5326 ἐπιπλήττει
627 5264 748 5321 τοῖς
804 5259 1043 5336 λέγουσι·
1107 5264 1205 5317 Διὰ
1260 5263 1311 5317 τί
1356 5265 1458 5340 γὰρ
1522 5267 1598 5339 μή
1660 5266 1910 5334 ἐποίησεν

241 5345 389 5417 ἡμᾶς
422 5347 452 5400 ὁ
485 5347 617 5411 Θεὸς
648 5347 842 5422 οὕτως,
870 5347 982 5421 ἵνα,
1039 5349 1136 5406 κᾶν
1185 5350 1456 5427 θέλωμεν,
1523 5357 1599 5426 μὴ
1660 5357 1909 5432 ἁμαρτά-

239 5453 462 5508 νωμεν;
514 5440 679 5492 τοῦτο
712 5439 813 5515 γὰρ
848 5437 1002 5496 οὐδὲν
1049 5437 1231 5518 ἕτερόν
1285 5441 1422 5499 ἐστιν
1470 5444 1504 5512 ἢ
1553 5442 1751 5520 λέγειν·
1814 5447 1912 5501 Διά

2024 4733 2097 4788 iis
2120 4733 2221 4804 qui
2253 4734 2512 4787 suntaut
2533 4730 2853 4784 censentur
2871 4724 3035 4791 mali,
3071 4723 3167 4796 pia
3191 4739 3300 4778 sua
3319 4720 3684 4793 benignitate

2021 4822 2093 4877 ad
2126 4819 2548 4876 correctionem
2580 4821 2636 4872 et
2662 4815 2976 4871 utilitatem
3004 4816 3265 4868 nostram
3300 4815 3401 4865 aut
3432 4809 3680 4864 aliorum

2023 4910 2130 4966 uti.

2092 5000 2194 5054 Aut
2225 4999 2488 5062 aliorum,
2529 4997 2612 5052 vel
2641 4993 2948 5068 propriam.
2983 4992 3198 5047 Contra
3229 5005 3328 5045 eos
3359 4987 3458 5060 qui
3479 4987 3684 5041 dicunt

2020 5107 2126 5145 nos
2159 5089 2370 5144 debere
2403 5086 2578 5142 etiam
2613 5084 2826 5140 invitos
2851 5098 2980 5138 esse
3007 5082 3215 5136 bonos.

2092 5179 2196 5247 Qui
2225 5180 2388 5233 aiunt
2415 5175 2610 5231 debere
2635 5172 3068 5246 providentiam.
3105 5170 3254 5224 Nota
3276 5167 3566 5237 quomodo
3590 5165 3684 5219 in-

2019 5273 2220 5340 crepat
2242 5268 2526 5331 dicentes,
2553 5265 2668 5320 Cur
2697 5263 2854 5318 Deus
2887 5277 3002 5315 non
3029 5260 3112 5313 ita
3138 5258 3271 5312 fecit
3293 5273 3420 5322 nos,
3453 5260 3539 5322 ut,
3574 5255 3684 5310 etsi

2018 5357 2290 5425 velimus,
2318 5373 2434 5411 non
2465 5369 2812 5426 peccemus;
2860 5351 2969 5406 hoc
3002 5348 3156 5404 enim
3207 5348 3367 5402 aliud
3416 5345 3562 5400 nihil
3597 5351 3685 5399 est

2018 5463 2196 5518 quam
2227 5446 2440 5513 dicere,
2473 5445 2664 5508 Quare
2687 5459 2793 5498 nos
2819 5439 3038 5496 mentis
3062 5442 3119 5494 et
3149 5438 3396 5494 rationis
3419 5439 3685 5507 expertes

1275 5631 1506 5688 VARI/E
1547 5631 1934 5690 LECTIONES
1972 5631 2062 5686 ET
2100 5628 2666 5687 CORRECTIONES.

319 5761 365 5796 ⁸³
399 5755 579 5823 οὕτως
613 5761 664 5816 o't
695 5759 796 5834 ἔξω
826 5767 927 5833 τῆς
963 5757 1222 5833 ἀληθείας
1256 5760 1582 5838 βάλλοντες,
1617 5765 2003 5842 ἁμαρτάνουσι.
2084 5761 2432 5838 ¹⁴-¹⁸μλογικὴ
2462 5760 2597 5819 κατᾶ
2629 5758 2815 5836 λόγον.
