4034 6390
416 377 527 435 307

1247 384 1611 440 APPENDIX
1647 384 1745 437 AD
1783 382 2023 437 OPERA
2060 384 2119 435 S.
2157 380 2473 436 DIONYSII
2511 379 3021 437 AREOPAGITE.

3723 383 3819 439 308

422 524 539 563 non
563 506 806 575 creavit;
850 508 900 563 si
941 508 1099 565 enim
1125 508 1456 566 necessario
1479 510 1549 565 ad
1586 508 1862 564 virtutem
1893 507 2067 563 duce-

2198 500 2235 559 ιί
2269 504 2343 577 μή
2375 502 2581 575 ἀνόητα
2626 504 2717 560 καὶ
2766 502 2941 581 ἄλογα
2993 504 3144 579 ἡμᾶς
3190 500 3454 574 inatque;
3503 504 3566 559 τὸ
3621 506 3721 582 γάρ
3774 506 3818 578 ἐξ

422 613 644 667 remur,
662 614 852 671 neque
875 615 979 655 nos
1002 594 1389 672 imperatores
1412 600 1698 672 quosdam
1722 614 1924 656 eorum
1946 613 2073 670 qua:

423 685 483 739 in
509 686 677 741 nobis
704 691 847 743 sunt
877 690 1251 757 ostendisset,
1278 706 1468 763 neque
1512 694 1785 745 naturam
1809 691 2073 743 nostram

424 774 851 847 intelligentem
875 794 1003 833 esse
1028 780 1414 851 permisisset,
1440 779 1497 833 id
1519 782 1609 834 est
1648 776 2074 850 intelligentem

425 865 719 935 animam;
753 868 943 923 aufert
963 868 1120 923 enim
1145 867 1474 924 libertatem
1500 872 1784 933 nostram,
1809 873 1865 921 et
1888 882 2077 937 neque

424 953 525 1009 Dei
560 955 751 1026 imago
781 958 1025 1024 erimus,
1060 974 1248 1028 neque
1277 958 1478 1013 anima
1507 956 1738 1013 ratione
1768 961 1825 1011 et
1855 954 2080 1010 intelle-

427 1048 523 1098 ctu
557 1046 823 1116 praedita,
851 1052 909 1102 et
953 1052 1167 1103 natura
1196 1065 1439 1119 prorsus
1470 1052 1903 1119 corrumpetur,
1934 1046 2076 1100 dum

425 1149 543 1188 non
577 1140 668 1189 est
698 1137 852 1207 quod
885 1137 1078 1208 ipsam
1135 1154 1266 1194 esse
1317 1138 1647 1211 oportebat.
1689 1138 1850 1204 Quod
1884 1141 2079 1192 autem

426 1222 528 1292 ait,
552 1221 944 1294 αὐτοκινήτων,
970 1226 1189 1282 dictum
1224 1243 1356 1283 esse
1386 1245 1489 1299 pro
1522 1228 1598 1283 iis
1629 1245 1757 1300 quaa
1788 1242 1911 1283 suae
1940 1228 2080 1281 sunt

426 1314 735 1383 potestatis
764 1324 816 1370 et
837 1314 1071 1389 imperii
1095 1316 1568 1389 intelligendum;
1595 1334 1710 1374 non
1733 1322 1928 1373 autem
1977 1332 2079 1387 pro

428 1401 500 1457 iis
531 1402 633 1474 qui
662 1402 887 1474 seipsos
930 1414 1183 1475 movent,
1218 1406 1395 1462 veluti
1447 1407 1728 1463 animalia
1758 1408 1828 1463 ad
1873 1407 2081 1462 distin-

427 1490 678 1548 ctionem
706 1492 1127 1565 immobilium,
1151 1500 1217 1550 ut
1239 1497 1548 1552 domorum
1572 1500 1631 1552 et
1663 1495 2084 1562 montium,aut

430 1598 633 1636 eorum
650 1599 776 1653 qua:
793 1582 1012 1639 abaliis
1034 1589 1366 1653 moventur,
1404 1591 1469 1640 ut
1504 1585 1770 1656 lapidum
1804 1589 1862 1641 et
1889 1584 2080 1654 ligno-

429 1687 559 1725 rum
586 1688 599 1726 :
624 1672 921 1728 disserens
961 1673 1119 1729 enim
1142 1676 1214 1730 de
1234 1676 1447 1731 virtute
1478 1674 1893 1744 αὐτοκινήτους,
1924 1674 2074 1730 165

427 1775 535 1815 seu
555 1761 655 1832 qui
684 1762 919 1834 proprio
952 1768 1261 1819 moventur
1295 1765 1537 1820 arbitrio
1559 1764 1910 1836 assumpsit,
1933 1780 2080 1835 quo-

426 1864 561 1905 rum
597 1849 679 1904 ait
706 1852 1211 1908 accommodatam
1251 1852 1701 1924 providentiam,
1742 1857 1807 1909 ut
1843 1858 1902 1909 et
1947 1870 2077 1909 eam

428 1955 554 2009 quae
584 1938 644 1993 in
666 1938 793 2011 lege
823 1957 890 1997 ac
921 1940 1245 2012 prophetis,
1273 1946 1331 1997 et
1361 1941 1693 2012 beneficiis,
1728 1942 1881 1999 sicut
1901 1942 2078 1998 etiam

424 2027 744 2099 Apostolus
774 2030 929 2101 apud
959 2030 1345 2087 Athenienses
1377 2031 1737 2087 concionans
1767 2032 2041 2089 declarat.

499 2120 707 2175 Invitos
733 2134 850 2173 nos.
886 2118 1135 2175 Pulchre
1166 2136 1369 2176 eorum
1399 2121 1687 2177 rationem
1720 2122 1945 2189 evertit,
1978 2122 2079 2193 qui

426 2207 631 2263 dicunt
659 2212 928 2279 oportere
960 2226 1069 2265 nos
1098 2209 1273 2266 etiam
1303 2210 1516 2267 invitos
1547 2216 1605 2267 et
1633 2228 1701 2267 ex
1731 2212 2079 2267 necessitate

425 2313 556 2354 esse
588 2298 810 2366 bonos;
840 2298 949 2354 hoc
981 2298 1139 2355 enim
1179 2306 1331 2356 esset
1371 2301 1639 2357 essentize
1687 2305 1902 2358 nostris
1949 2318 2075 2357 cor-

426 2387 645 2458 ruptio,
673 2388 1004 2444 auferretur
1030 2388 1186 2444 enim
1222 2389 1471 2445 liberum
1503 2391 1835 2446 arbitrium.

498 2477 605 2531 Per
632 2493 689 2531 se
716 2479 1025 2534 mobilium.
1060 2479 1157 2535 Gr.
1207 2481 1316 2531 τῶν
1346 2477 1740 2549 αὐτοκινήτων.
1802 2480 1909 2537 Pro
1947 2479 2077 2542 τοὺς

426 2562 805 2636 αὐτεξουσίων,
840 2566 913 2622 iis
945 2567 1043 2639 qui
1078 2584 1185 2623 suo
1215 2567 1418 2624 vivunt
1461 2569 1723 2640 arbitrio,
1770 2570 1924 2627 sicut
1971 2572 2078 2627 ad-

420 2656 629 2725 jacens
658 2656 919 2713 declarat
949 2657 1379 2730 paragraphus.

497 2744 527 2817 §
558 2744 801 2800 XXXIV.
826 2746 892 2801 Et
920 2748 1173 2803 mutatio.
1208 2751 1358 2803 Nota
1414 2748 1757 2821 incorporea
1803 2754 1861 2805 et
1893 2755 2075 2806 mate-

424 2833 522 2888 riai
552 2834 814 2905 expertia
844 2835 1085 2901 mutari,
1120 2836 1262 2890 dum
1296 2854 1410 2892 non
1444 2842 1684 2893 manent
1732 2838 1973 2894 omnino
2015 2839 2072 2893 in

422 2922 561 2978 boni
590 2923 932 2983 identitate:
959 2924 1178 2980 bonum
1208 2927 1389 2995 enim,
1438 2932 1501 2983 ut
1541 2944 1773 3000 semper
1822 2933 1990 2983 stans
2019 2934 2076 2984 et

422 3011 652 3083 ﬁmum,
675 3013 831 3069 idem
852 3021 1072 3083 manet;
1100 3016 1254 3086 quod
1278 3032 1413 3073 vero
1447 3022 1739 3086 mutatur,
1775 3034 1889 3074 non
1918 3017 2073 3074 idem

423 3107 643 3158 manet.

494 3194 557 3245 In
588 3191 829 3248 scientia
865 3209 990 3249 vero
1030 3203 1333 3263 peccantes.
1384 3195 1530 3250 Vide
1562 3196 1855 3266 quomodo
1913 3172 2075 3252 istud.

2184 592 2419 669 ἀνάγκης
2475 589 2625 668 ἡμᾶς
2653 595 2872 667 ἄγεσθαι
2923 592 3008 648 ἐπ’
3066 593 3265 670 ἀρετὴν
3324 589 3450 648 οὕτε
3505 593 3817 670 αὐτοκράτοο

2187 684 2282 759 ράς
2312 704 2458 744 τινας
2498 686 2646 757 ἡμᾶς
2677 680 2886 739 έδείκνυ
2923 687 3032 737 τῶν
3080 683 3200 746 καθ’
3250 682 3497 752 ἑαυτοὺς,
3557 680 3680 739 οὔτε
3728 687 3817 754 τὴν

2186 775 2374 848 νοερᾶν
2416 775 2577 843 ἡμῶν
2630 773 2785 849 φύσιν
2847 774 2982 829 εῖναι
3041 772 3382 848 συνεχώρει,
3434 778 3675 829 τουτέστι
3731 777 3818 845 την

2184 864 2374 936 νοεράν
2420 866 2627 938 ψυχήν·
2677 861 2836 918 ἄνελε
2874 863 2979 938 γὰρ
3016 865 3178 935 ἡμῶν
3229 862 3293 916 τὸ
3324 861 3688 935 αὐτεξούσιον,
3740 865 3821 919 καὶ

2187 948 2310 1006 οὕτε
2368 952 2528 1007 εἰκὼν
2588 957 2722 1008 Θεοῦ
2781 952 3056 1024 ἐσόμεθα,
3115 948 3240 1006 οὕτε
3286 951 3441 1026 ψυχὴ
3493 950 3687 1027 λογική
3740 954 3820 1008 καὶ

2186 1041 2367 1117 νοερὰ,
2419 1041 2508 1096 καὶ
2538 1046 2617 1113 τῷ
2675 1039 2787 1096 ὄντι
2848 1042 3181 1119 φθαρήσεται
3232 1042 3267 1109 ἡ
3329 1039 3510 1117 φύσις,
3559 1039 3659 1096 οὐκ
3702 1040 3824 1097 οὖσα

2189 1130 2322 1206 ὅπερ
2372 1128 2478 1186 ἔδει
2512 1130 2678 1199 αὐτὴν
2713 1132 2871 1187 εἶναι.
2912 1134 3084 1206 ’Ὀπερ
3111 1127 3169 1186 δέ
3199 1150 3383 1208 φησιν,
3446 1130 3822 1201 αὐτοκινήτῶν,

2190 1220 2307 1275 ἀντὶ
2368 1224 2466 1276 τοῦ
2523 1219 2882 1290 αὐτεξουσίων
2910 1265 2925 1292 ,
2975 1220 3067 1274 καὶ
3125 1218 3539 1295 αὐτοκρατόρων
3596 1219 3825 1294 εἰρῆσθαι

2189 1308 2437 1379 νοητὲον·
2488 1309 2549 1364 οὐ
2594 1310 2698 1384 γὰρ
2739 1314 2847 1364 τῶν
2880 1306 3104 1370 ἑαυτοὺς
3133 1307 3452 1375 κινούντων,
3498 1308 3611 1363 οἷον
3665 1307 3822 1383 ἐμψύ-

2191 1417 2333 1473 χων,
2389 1397 2525 1469 πρὸς
2581 1395 2999 1467 ἀντιδιαστολήν
3058 1401 3165 1451 τῶν
3212 1396 3512 1468 ἀκινήτων,
3560 1396 3634 1457 ὡς
3677 1393 3821 1452 οἷ’κων

2189 1487 2281 1541 καὶ
2335 1487 2498 1564 ὁρῶν·
2558 1489 2593 1557 ἢ
2655 1488 3081 1561 ὲτεροκινήτων,
3139 1486 3214 1548 ὡς
3270 1483 3444 1549 λίθων
3498 1484 3587 1540 καὶ
3646 1485 3822 1556 ξύλων.

2189 1576 2319 1651 Περῖ
2378 1575 2482 1652 γὰρ
2548 1576 2743 1651 ἀρετῆς
2817 1574 3205 1651 διαλεγόμενος
3251 1573 3384 1637 τοὺς
3455 1572 3823 1645 αὐτοκινήτους

2188 1662 2519 1739 παρέλαϐεν,
2575 1667 2650 1719 ὦν
2681 1687 2812 1740 φησι
2870 1666 3181 1743 πρόσφορον
3241 1666 3340 1733 τήν
3401 1664 3679 1739 πρόνοιαν,
3722 1667 3821 1719 οἷον

2187 1756 2287 1824 τὴν
2349 1751 2439 1809 διὰ
2493 1753 2668 1828 νόμου
2714 1753 2803 1810 καὶ
2851 1758 3171 1833 προφητῶν,
3215 1755 3314 1823 τὴν
3370 1750 3462 1808 διὰ
3498 1757 3605 1808 τῶν
3633 1752 3823 1830 εὐεργε-

2193 1849 2349 1914 σιῶν,
2392 1844 2467 1908 ὡς
2511 1845 2600 1900 καὶ
2651 1844 2679 1899 ὁ
2729 1843 3070 1908 Ἀπόστολος
3104 1841 3292 1916 δηλοῖ,
3327 1840 3664 1920 δημηγορῶν
3711 1834 3824 1918 παρ’

2192 1934 2530 2005 ’Δθηναίοις.

2258 2117 2525 2178 ’Ἃκοντας
2573 2118 2723 2189 ἡμᾶς
2745 2156 2758 2171 .
2805 2113 3002 2177 Καλῶς
3064 2113 3318 2191 ἀνέτρεψε
3373 2112 3470 2169 τὸν
3515 2111 3672 2187 λόγον
3721 2115 3815 2167 τῶν

2190 2203 2487 2279 λεγόντων,
2536 2204 2620 2261 δτι
2668 2205 2839 2280 ἐχρῆν
2888 2207 3037 2278 ἡμᾶς
3078 2204 3170 2259 καὶ
3213 2201 3445 2265 ἄκοντας
3486 2202 3576 2257 καὶ
3607 2203 3817 2278 ἀνάγκη(

2188 2295 2324 2348 εἶναι
2356 2292 2583 2358 χαλούς⁶
2610 2299 2772 2349 τοῦτο
2800 2294 2902 2369 γὰρ
2933 2294 3111 2368 φθορά
3150 2292 3218 2362 ἦν
3269 2294 3438 2366 ἡμῶν
3488 2294 3586 2357 τῆς
3633 2290 3813 2351 οὐσίας’

2187 2382 2431 2458 ἀνῄρητο
2460 2383 2561 2458 γὰρ
2591 2381 2654 2438 ἂν
2682 2384 2744 2438 τὸ
2775 2382 3141 2453 αὐτεξούσιον.

2259 2476 2382 2530 Τῶν
2412 2473 2804 2544 αὐτοκινήτων.
2835 2473 2986 2528 Ἀντὶ
3017 2475 3117 2528 τοῦ
3146 2475 3280 2540 τῶν,
3307 2469 3684 2543 αὐτεξουσίων,
3706 2468 3816 2537 dicit

2188 2563 2560 2639 παρακειμένη
2595 2560 2763 2634 δηλοῖ
2789 2564 3145 2640 παραγραφή.

2256 2748 2284 2814 §
2331 2744 2599 2800 XXXIV.
2660 2742 2759 2796 Καὶ
2818 2737 3122 2804 ἀλλοίωσις
3155 2783 3167 2796 .
3228 2742 3551 2814 Σημείωσαι
3606 2738 3684 2795 ὅτι
3733 2738 3808 2793 καὶ

2184 2834 2251 2888 τὰ
2280 2833 2544 2905 ἀσώματα
2591 2831 2680 2887 καὶ
2705 2833 2771 2886 τὰ
2804 2829 2945 2888 ἅϋλα
2973 2828 3321 2899 ἀλλοιοῦται,
3380 2831 3457 2904 μὴ
3504 2832 3716 2904 μένοντα
3760 2827 3802 2883 ἐν

2183 2926 2252 2994 τῇ
2278 2927 2375 2976 τοῦ
2406 2921 2608 2997 ἀγαθοῦ
2639 2919 2916 2983 ὁλοτελῶς
2938 2919 3249 2991 ταύτότητι·
3272 2920 3342 2975 τὸ
3375 2921 3470 2994 μὶν
3502 2920 3605 2995 γὰρ
3635 2917 3802 2994 ἀγαθὸν

2183 3010 2403 3080 ταύτὸν,
2433 3012 2509 3075 ὡς
2537 3010 2620 3066 ἀεὶ
2647 3010 2815 3072 ἑστὼς
2856 3010 2947 3066 καὶ
3000 3004 3239 3085 βέϐαιον·
3292 3010 3361 3065 τὸ
3399 3007 3458 3066 δὲ
3501 3008 3800 3085 τρεπόμενον

2185 3101 2247 3155 οὐ
2275 3100 2492 3158 ταύτόν.

2256 3192 2341 3245 Ἐν
2388 3190 2587 3265 γνώσει
2645 3188 2702 3246 δὲ
2742 3190 3174 3267 ἁμαρτάνοντας.
3223 3192 3370 3264 "Ope
3408 3193 3526 3254 πῶς
3553 3184 3803 3261 έρμηνεύει

423 3279 878 3351 interpretetur:
911 3282 1007 3336 Va;
1038 3283 1203 3339 vobis
1236 3301 1370 3339 cum
1412 3284 1744 3356 cognitione
1777 3286 2071 3357 peccanti-

2198 3281 2265 3335 εό·
2302 3279 2440 3337 Οὐαὶ
2467 3285 2584 3343 τοῖς
2617 3279 2669 3335 ἐν
2700 3282 2897 3356 γνώσει
2932 3281 3328 3356 ἁμαρτάνουσι,
3358 3279 3448 3336 καὶ
3477 3279 3557 3334 τό’
3594 3279 3653 3335 Ὁ
3700 3272 3804 3330 δοῦ-

423 3371 556 3425 bus.
592 3370 702 3426 Et:
747 3371 948 3435 Servus
1000 3374 1178 3428 sciens
1234 3374 1551 3429 voluntaten
1597 3373 1814 3430 domini
1860 3378 1969 3445 sui,
2030 3380 2082 3433 et

425 3474 537 3515 non
566 3460 783 3531 faciens
812 3476 954 3532 eam,
986 3462 1269 3533 vapulabit
1298 3462 1488 3516 multis
1519 3463 1656 3533 (5.1).

501 3548 626 3605 Sive
669 3552 939 3617 scientias,
992 3550 1089 3608 Gr.
1139 3549 1175 3618 ἢ
1221 3556 1324 3618 τῆς
1369 3549 1624 3623 γνώσεως
1681 3553 1850 3610 Forte
1906 3558 2079 3611 vocat

422 3640 621 3713 γνῶσιν
643 3640 1032 3711 cognitionem
1067 3657 1197 3712 qua;
1229 3641 1497 3696 doctrina
1518 3641 1863 3713 acquiritur,
1898 3660 2075 3715 quam

424 3727 639 3782 oblivio
673 3729 1007 3800 frequenter
1050 3730 1369 3784 obscurare
1428 3734 1633 3801 potest,
1667 3748 1847 3802 quam
1896 3734 2075 3789 etiam

421 3818 695 3889 superius
724 3819 867 3873 dixit
908 3836 977 3875 ex
1029 3819 1234 3874 auditu
1276 3819 1483 3891 gigni;
1514 3820 1911 3891 cognitionem
1940 3838 2075 3878 vero

420 3905 711 3963 oblivione
742 3913 1061 3976 carentem,
1087 3909 1448 3964 censendum
1483 3926 1611 3965 eam
1643 3927 1771 3981 qua:
1802 3925 1868 3965 ex
1906 3916 2073 3967 natu-

418 3996 528 4051 rali
562 3996 961 4069 meditatione,
996 4002 1101 4054 aut
1125 3996 1525 4055 illustratione
1556 4000 1684 4055 sine
1713 4000 1949 4055 doclore
1980 4000 2076 4056 in-

417 4084 617 4142 haeret.

500 4176 693 4231 Verum
722 4176 844 4233 haec
872 4177 1093 4247 quidem
1122 4177 1301 4234 nobis.
1335 4177 1483 4233 Nota
1512 4177 1673 4232 aliud
1707 4193 1943 4248 quoque
1983 4178 2075 4250 ip-

420 4266 546 4323 sius
568 4283 695 4323 esse
726 4284 876 4341 opus
899 4268 1146 4339 dejusto
1169 4274 1226 4325 et
1260 4268 1458 4324 divino
1475 4267 1702 4339 judicio
1725 4310 1739 4336 ,
1773 4274 1914 4324 nota
1941 4285 2075 4326 vero

419 4360 597 4428 caput
626 4357 734 4413 hoc
764 4356 1062 4413 continere
1089 4358 1161 4413 23
1181 4356 1577 4431 syllogismos,
1603 4357 2077 4416 demonstrantes

419 4444 640 4502 malum
671 4462 788 4503 non
820 4462 951 4503 esse
980 4463 1112 4504 ens.

1058 4643 1135 4700 IN
1173 4644 1330 4700 CAP.
1371 4645 1433 4702 V.

490 4734 595 4805 δί.
626 4734 742 4789 Non
788 4733 1407 4807 supersubstantialem.
1454 4733 1693 4806 Antiqui
1737 4736 1916 4791 Deum
1964 4753 2068 4792 vo-

424 4823 639 4879 cabant
670 4840 867 4891 unum,
917 4841 1032 4880 non
1087 4829 1371 4896 tanquam
1413 4824 1643 4879 numeri
1678 4825 2067 4899 principium;

422 4912 523 4967 sed
558 4912 699 4985 quia
728 4913 800 4968 ab
823 4913 1100 4969 omnibus
1143 4917 1404 4969 secretus
1436 4918 1545 4984 est,
1578 4914 1843 4986 nihilque
1895 4915 2070 4971 habet

419 5017 623 5056 eorum
656 5018 782 5073 quae
815 5008 949 5074 post
979 5002 1175 5073 ipsum
1212 5002 1447 5057 fuerunt
1466 5001 1559 5059 cui
1590 4990 2068 5077 connumeretur,

421 5090 563 5161 quin
596 5090 772 5147 etiam
806 5092 961 5162 quod
994 5091 1442 5163 compositionis
1475 5108 1679 5165 expers
1710 5111 1777 5150 ac
1822 5096 2072 5168 simplex

420 5178 524 5247 sit;
560 5180 670 5236 hoc
694 5184 891 5236 autem
921 5198 1038 5236 non
1070 5185 1448 5252 repraesentat
1475 5199 1604 5255 quae
1628 5184 1706 5239 sit
1733 5185 1831 5240 Dei
1865 5202 2072 5242 essen-

416 5270 519 5337 tia;
543 5270 805 5326 essentia
834 5269 989 5325 euim
1021 5269 1339 5344 improprie
1370 5271 1441 5328 de
1473 5273 1589 5329 Deo
1622 5273 1878 5343 dicatur,
1930 5291 2069 5331 nam

418 5358 935 5431 superessentialis
968 5364 1075 5416 est.

498 5448 844 5505 Substantiaz
870 5447 1085 5521 deiﬁcae
1108 5450 1453 5522 principum,
1486 5450 1586 5507 Gr.
1619 5451 1919 5526 θεαρχικῆς
1976 5452 2071 5507 οὐ·

421 5538 701 5612 σιαρχίας.
725 5534 1060 5615 Οὐσιαρχίαν
1093 5556 1199 5597 seu
1228 5540 1499 5598 essentia
1522 5539 1881 5615 principium
1902 5547 2069 5601 vocat

492 5721 609 5796 (at)
639 5725 777 5781 Luc.
806 5736 909 5796 xu,
941 5723 1030 5782 47.

2103 4638 2153 4706 D

2191 3367 2288 3433 λος
2320 3371 2349 3425 ὁ
2408 3367 2567 3432 εἰδὼς
2622 3372 2684 3425 τὸ
2741 3369 2958 3443 θέλημα
2999 3373 3097 3425 τοῦ
3144 3368 3343 3444 κυρίου
3385 3368 3573 3439 αὐτοῦ,
3621 3366 3704 3422 καὶ
3741 3364 3803 3437 μή

2186 3462 2360 3514 ποιῶν
2394 3458 2543 3530 αὐτὸ,
2578 3457 2867 3537 δαρήσεται
2895 3457 3130 3523 πολλάς.

2259 3550 2331 3605 Ἦ
2377 3555 2477 3620 τῆς
2519 3549 2793 3626 γνώσεως.
2844 3550 3047 3604 Γνῶσίν
3100 3568 3264 3625 φησιν
3317 3546 3452 3610 ἴσως
3496 3549 3594 3617 τήν
3636 3544 3692 3600 ἐκ
3740 3540 3805 3596 δι-

2187 3634 2483 3703 δασκαλίας
2510 3640 2973 3715 προσγινομένην,
3004 3638 3070 3708 ἥν
3102 3638 3194 3693 καὶ
3237 3635 3389 3709 λήθη
3421 3635 3682 3696 πολλάκις
3727 3629 3804 3687 δύο

2184 3748 2339 3783 ναται
2387 3728 2731 3805 ἀμαυρῶσαι,
2784 3731 2845 3799 ἣν
2898 3730 2987 3785 καὶ
3048 3727 3300 3804 ἀνωτέρω
3353 3727 3514 3802 φησὶν
3564 3725 3612 3799 ἐξ
3656 3724 3803 3791 ἀκοῆς

2187 3814 2486 3892 ἐγγίνεσθαι
2512 3835 2526 3850 ·
2571 3816 2808 3889 ἄληστον
2857 3815 2917 3873 δὲ
2961 3818 3060 3887 τήν
3104 3821 3301 3893 γνῶσιν
3365 3817 3576 3889 οἰητέον
3617 3815 3708 3883 τὴν
3755 3810 3805 3866 ἐκ

2183 3911 2415 3981 φυσικῆς
2444 3907 2668 3981 θεωρίας
2697 3908 2731 3976 ἣ
2760 3905 3090 3983 ἐλλάμψεως
3121 3904 3429 3971 ἀδιδάκτως
3471 3899 3802 3983 προσγινομέ-

2178 4017 2297 4065 νην.

2254 4175 2428 4235 Ἀλλὰ
2451 4181 2620 4233 ταῦτα
2670 4177 2766 4251 μὶν
2810 4178 2969 4250 ἡμῖν.
3033 4174 3382 4250 Σημείωσαι,
3412 4173 3495 4231 ὅτι
3542 4171 3628 4229 καὶ
3681 4165 3802 4225 ἄλλο

2182 4266 2323 4323 ἐστὶν
2353 4266 2518 4322 αὐτοῦ
2548 4266 2827 4343 σύνταγμα
2849 4266 2972 4343 περὶ
3006 4262 3218 4322 δικαίου
3247 4265 3341 4321 καὶ
3370 4265 3516 4330 θείου
3546 4260 3806 4326 δικαιωτηο

2183 4356 2325 4429 ρίοιν
2359 4356 2665 4429 σημείωσαι
2697 4354 2775 4428 δὲ,
2805 4355 2894 4411 καὶ
2943 4356 3025 4411 ὅτι
3074 4352 3244 4411 εἴκοσι
3296 4356 3390 4410 καὶ
3434 4357 3580 4429 τρεῖς
3626 4345 3803 4405 συλλο-

2180 4443 2413 4522 γισμοὺς
2444 4440 2561 4522 ἔχει
2587 4446 2651 4501 τὸ
2678 4443 2974 4524 κεφάλαιον
3023 4448 3210 4515 τοῦτο,
3254 4441 3691 4510 ἀποδεικνύντας,
3734 4435 3801 4488 ὅτι

2185 4535 2289 4591 οὐκ
2336 4529 2478 4590 ἔστιν
2511 4533 2569 4590 ὅν
2599 4535 2662 4591 τὸ
2691 4535 2877 4593 κακόν.

2676 4648 2793 4699 ΕΙΣ
2830 4642 2917 4700 ΤΟ
2955 4647 3216 4699 ΚΕΦΔΛ.
3247 4647 3324 4701 E'.

2250 4733 2357 4806 δί.
2421 4732 2495 4787 Οὐ
2539 4732 2640 4801 τήν
2680 4730 3024 4808 ὑπερούσιον.
3072 4732 3171 4788 Ἓν
3217 4731 3503 4804 ὠνόμασαν
3553 4727 3642 4783 τὸν
3689 4721 3798 4777 Θεὸν

2178 4822 2232 4876 οἱ
2262 4819 2431 4877 πάλαι
2463 4821 2572 4897 οὐχ
2599 4821 2673 4884 ὡς
2705 4820 2951 4895 ἀριθμῶν
2983 4819 3187 4895 ἀρχὴν,
3232 4817 3380 4875 ἀλλὰ
3404 4816 3493 4873 διὰ
3518 4816 3580 4872 τὸ
3608 4813 3797 4871 πάντων

2180 4910 2512 4987 ἐξῃρῆσθαι,
2561 4910 2651 4965 καὶ
2710 4906 2879 4983 μηδὲν
2936 4904 3081 4985 ἔχειν
3156 4908 3648 4984 συναριθμούμενον
3704 4901 3793 4953 τῶν

2184 5003 2295 5075 μετ’
2340 4999 2526 5067 αὐτὸν,
2576 4998 2723 5055 ἀλλά
2764 4997 2855 5054 καὶ
2900 4996 2992 5054 διὰ
3028 5000 3093 5054 τὸ
3122 4998 3409 5063 ἀσύνθετον
3458 4995 3546 5051 καὶ
3595 4990 3797 5048 ἁπλοῦν·

2182 5090 2242 5145 οὐ
2271 5094 2437 5145 τοῦτο
2469 5087 2527 5144 δὲ
2555 5088 2869 5162 παρίστησι,
2908 5089 2994 5153 τίς
3040 5091 3074 5160 ὴ
3105 5087 3263 5143 οὐσία
3292 5092 3389 5143 τοῦ
3420 5088 3568 5141 Θεοῦ·
3622 5076 3798 5152 κυρίως

2179 5186 2278 5255 γᾶρ
2306 5178 2463 5235 οὐσία
2506 5178 2594 5234 ἐπὶ
2651 5181 2786 5235 Θεοῦ
2843 5177 2943 5234 οὐκ
2989 5177 3050 5234 ἃν
3084 5175 3321 5255 λέγοιτοσ
3357 5173 3595 5250 ἔστιγὰρ
3655 5168 3799 5239 ὑπερ·

2181 5271 2385 5332 οὐσιος.

2250 5455 2561 5526 Θεαρχικῆς
2634 5448 2955 5525 οὐσιαρχίας
2986 5491 2999 5505 .
3086 5445 3419 5523 Οὐσιαρχίαν
3502 5439 3622 5521 φησὶ
3694 5433 3781 5526 τὴν

2178 5524 2367 5613 πάσης
2387 5524 2564 5616 ἀρχὴν
2601 5536 2789 5602 οὐσίας
2832 5524 2930 5595 καὶ
2971 5537 3170 5595 αἰτίαν*
3221 5536 3359 5606 αὐτὴ
3411 5532 3508 5611 γὰρ
3546 5532 3580 5601 ἠ
3614 5524 3790 5590 Θεότης
