4034 6386
253 386 370 440 309

1029 391 1089 441 Β.
1131 389 1406 442 MAXIM!
1448 391 1752 443 SCHOLIA
1791 391 1863 442 IN
1905 391 2034 442 LIB.
2076 393 2170 442 DE
2210 393 2479 445 DIVINIS
2519 394 2930 448 NOMINIBUS.
3585 394 3689 447 310

259 509 402 584 ὑπὲρ
437 515 609 564 πᾶσαν
643 509 859 577 οὐσίαν,
893 507 1134 586 Πρόοδον
1179 509 1237 565 δὲ
1291 513 1390 580 τὴν
1453 512 1597 568 θείαν
1656 512 1922 589 ἐνέργειαν

2051 531 2279 571 :ausam
2312 521 2368 572 et
2407 517 2762 590 principium
2792 519 2983 574 omnis
3014 521 3280 576 essentia:
3309 539 3322 588 ;
3356 521 3485 592 ipsa
3529 521 3685 575 enim

260 598 439 674 λέγει,
473 599 597 668 ἥτις
626 605 799 654 πᾶσαν
828 599 1011 654 οὐσίαν
1046 601 1347 678 παρήγαγε.

338 868 436 923 Καὶ
472 869 574 942 γὰρ
605 871 639 937 ἡ
675 868 912 942 τάγαθοῦ
963 869 1260 942 θεωνυμία.
1296 873 1418 931 Πῶς
1470 869 1665 944 ἀγαθὸς
1711 869 1923 945 λέγεται

261 957 289 1010 ὁ
323 955 478 1018 Θεός.
510 958 652 1032 "Op:
683 954 741 1010 δὲ
770 962 888 1018 πῶς
918 979 1050 1034 φησι
1081 958 1142 1012 τὸ
1195 957 1411 1031 ἀγαθὸν,
1443 954 1568 1026 ἤτοι
1618 959 1715 1026 τήν
1762 957 1924 1011 αὐτοῦ

262 1046 600 1118 θεωνυμίαν,
629 1046 952 1102 ἐκτείνεσθαι
994 1047 1072 1109 εἷς
1102 1048 1169 1102 τὰ
1199 1043 1326 1102 ὄντα
1373 1047 1562 1114 πάντα,
1595 1047 1683 1101 καὶ
1736 1047 1810 1109 εἰς
1860 1048 1925 1102 τὰ

263 1137 368 1191 οὐκ
416 1131 543 1191 ὄντα
595 1138 727 1190 εἶναι
764 1155 778 1168 ·
812 1137 874 1192 τὸ
933 1134 990 1192 δὲ
1045 1137 1101 1192 ’ἐν
1163 1138 1294 1212 ὑπὲρ
1347 1137 1414 1191 τᾶι
1461 1133 1587 1191 ὄντα
1649 1138 1802 1205 εἶναι,
1834 1135 1923 1190 καὶ

268 1226 735 1301 ὑπερεκτείνεσθαι
767 1223 898 1281 αὐτὸ
931 1245 944 1259 ⁸
989 1228 1087 1296 τὴν
1141 1225 1197 1282 δὲ
1253 1228 1396 1296 ζωὴν
1449 1226 1580 1300 ὑπὲρ
1627 1226 1694 1281 τὰ
1753 1231 1927 1295 ζῶντα

264 1315 402 1369 εἶναι
439 1333 453 1348 ⁸
487 1316 576 1370 καὶ
606 1317 706 1385 τὴν
741 1315 930 1394 σοφίαν
965 1317 1098 1392 ὑπὶρ
1143 1317 1209 1370 τὰ
1255 1317 1416 1392 νοερὰ
1457 1316 1545 1370 καὶ
1591 1313 1786 1391 λογικὰ
1834 1314 1924 1370 καὶ

263 1403 557 1472 αἶ’σθητικὰ
589 1404 937 1472 ξκτείνεσθαι,
969 1405 1045 1468 ὡς
1077 1406 1209 1460 εἶναι
1245 1402 1440 1475 δῆλον,
1474 1407 1556 1460 ὅτι
1595 1405 1657 1459 τὸ
1702 1405 1924 1480 ἀγαθὸν,

261 1494 542 1547 τουτέστιν
577 1494 605 1548 ὁ
639 1494 788 1564 Θεὸς,
819 1495 910 1549 καὶ
935 1498 1033 1550 τοῦ
1065 1492 1245 1566 ὄντος,
1276 1495 1366 1549 καὶ
1400 1500 1565 1566 ζωῆς,
1599 1495 1688 1548 καὶ
1730 1493 1923 1569 σοφίας

261 1580 438 1637 αἶ’τιον
477 1605 491 1617 ⁸
523 1584 587 1638 τὸ
634 1581 690 1638 δὲ
744 1583 822 1653 ὃν,
859 1589 1005 1655 ζωῆς
1044 1585 1134 1639 καὶ
1166 1584 1355 1663 σοφίας
1413 1583 1606 1657 αἴτιον,
1638 1591 1755 1648 τοῖς
1806 1583 1924 1639 οῦσι

261 1674 373 1728 νόει
409 1672 732 1738 ἀκολούθως
763 1676 901 1748 [τοῖς
933 1674 1201 1749 λοιποῖς].

337 1941 440 1996 Καὶ
503 1941 580 2003 εἷ’ς·
635 1942 703 1996 τὰ
734 1945 778 1980 1⁸
836 1941 936 1997 οὐκ
993 1938 1120 1996 ὄντα
1175 1942 1488 1998 ἐκτείνεται.
1549 1941 1654 1997 Καὶ
1732 1941 1811 2004 sic;
1864 1944 1931 1996 τὰ

262 2030 365 2083 οὐκ
398 2027 531 2083 ὄντα
561 2028 848 2084 ἐκτείνεται
877 2031 940 2084 τὸ
972 2029 1194 2105 ἀγαθὸν,
1228 2030 1302 2092 ὠς
1331 2030 1406 2092 εἲς
1450 2031 1512 2085 τὸ
1559 2031 1693 2085 εἶναι
1725 2030 1926 2086 καλοῦν

259 2116 402 2172 αὐτά
436 2138 450 2152 ⁸
486 2117 524 2187 ἢ
553 2120 644 2173 καὶ
686 2121 824 2174 κατᾶ
851 2120 914 2174 τὸ
947 2119 1235 2194 εἰρημένον
1286 2119 1434 2192 αὐτῷ
1488 2124 1568 2191 τῷ
1621 2119 1810 2194 Πατρὶ,
1847 2121 1928 2173 ὅτι

259 2208 350 2262 καὶ
385 2207 524 2262 αὐτὸ
553 2209 616 2262 τὸ
643 2209 720 2281 μὴ
754 2206 811 2263 ὃν
844 2207 1036 2275 καλὸν,
1065 2208 1189 2264 ὅταν
1243 2210 1294 2263 ἐν
1346 2213 1462 2280 Θεῴ
1513 2207 1603 2263 διὰ
1647 2209 1710 2262 τὸ
1763 2210 1926 2282 ὑπερ-

259 2297 451 2352 ούσιον
483 2305 781 2372 θεωρῆται.
813 2300 984 2355 Ὄντα
1017 2295 1074 2352 δί
1104 2299 1169 2353 τὰ
1203 2297 1302 2352 οὐκ
1332 2294 1462 2352 ὄντα
1523 2296 1687 2352 ὑλικά
1738 2320 1923 2376 φησιν,

257 2389 334 2448 ὡς
368 2386 656 2451 πολλάκις
705 2385 1061 2462 ἐδηλώσαμεν
1115 2385 1226 2442 ἄνω
1261 2406 1274 2419 ⁸
1307 2387 1342 2456 ἢ
1390 2386 1587 2458 οὕτως,
1621 2386 1808 2456 ἐπειδή
1863 2387 1924 2442 οὗ

258 2478 663 2554 περιγρὰφεται
720 2477 876 2549 τόπῳ
930 2479 958 2531 ὁ
1014 2477 1170 2546 Θεὸς,
1201 2477 1427 2539 εἷ’κότως
1477 2478 1607 2554 φησὶ
1659 2477 1747 2531 καί
1793 2478 1924 2552 ὑπὲρ

257 2568 323 2620 τὰ
351 2567 458 2620 οὐκ
499 2563 630 2622 ὄντα
670 2566 830 2622 αὐτὸν
888 2567 1040 2640 εἶναι,
1087 2564 1181 2620 ’ίνα
1222 2564 1364 2640 δείξῃ
1410 2567 1473 2620 τὸ
1527 2565 1925 2642 ἀπερίγραπτον

260 2654 459 2716 αὐτοῦ.

339 2836 443 2890 Καὶ
502 2835 635 2911 ὑπὶρ
693 2837 760 2890 τὰ
820 2839 1013 2904 ζῶντα.
1064 2836 1538 2908 Ἐπισημήνασθαι
1597 2834 1735 2908 χρὴ,
1787 2838 1929 2904 πῶς,

266 2926 398 2980 ὅταν
465 2925 562 2998 μὶν
618 2925 742 2999 περὶ
800 2924 1048 3001 ἀγγέλων
1100 2925 1229 3002 φησὶ
1289 2924 1380 2979 καὶ
1438 2924 1759 2998 ἀνθρώπων,
1805 2922 1933 2986 τοὺς

265 3014 546 3090 ἆγγέλυυς
573 3016 745 3084 νοητά
775 3037 906 3092 φησι
944 3033 956 3048 ⁸
989 3015 1083 3078 τὰς
1114 3011 1171 3068 δὲ
1201 3015 1469 3088 ἡμετέρας
1502 3013 1684 3088 ψυχὰς
1723 3012 1930 3087 νοερᾶς,

264 3105 343 3167 ὡς
377 3103 656 3166 πολλάκις
707 3105 963 3180 ἀνωτέρω
1013 3107 1449 3179 παρεπήσαμεν,
1480 3103 1568 3157 καὶ
1615 3103 1709 3164 τὰς
1757 3103 1930 3178 ἑρμη-

260 3195 418 3256 νείας
455 3192 737 3267 ἐκθὲμενοι
762 3198 859 3249 τοῦ
888 3197 1091 3262 νοητοῦ
1128 3193 1219 3248 καὶ
1262 3197 1472 3268 νοεροῦ.
1508 3196 1612 3246 Νῦν
1668 3189 1712 3246 δ’
1743 3189 1932 3259 ἐπειδὴ

2034 604 2320 661 Divinitas
2347 611 2436 661 est
2465 624 2644 678 supra
2666 624 2897 663 omnem
2923 610 3261 663 essentiam.
3289 603 3530 682 Πρὸοδον
3554 627 3687 664 vero

2036 710 2136 747 seu
2170 697 2607 766 progressionem
2655 703 2817 752 vocat
2866 697 3124 752 divinam
3159 699 3507 766 efﬁcaciam,
3558 716 3685 769 qme

2037 783 2372 840 universam
2407 786 2724 840 essentiam
2759 788 3052 858 produxit.

2107 875 2260 930 166
2318 875 2603 947 Siquidem
2656 893 2854 931 nomen
2905 877 3033 932 boni
3081 878 3144 932 de
3196 883 3323 933 Deo.
3385 879 3685 941 Quomodo

2035 963 2190 1019 Deus
2212 964 2441 1020 dicatur
2462 966 2672 1021 bonus.
2698 967 2841 1021 Vide
2873 975 3070 1022 autem
3102 968 3394 1040 quomodo
3428 968 3570 1022 dicit
3604 969 3688 1021 bo-

2034 1069 2170 1108 num
2219 1070 2321 1108 seu
2368 1055 2630 1109 divinum
2685 1058 2814 1126 ejus
2865 1072 3077 1110 nomen
3111 1057 3343 1111 extendi
3388 1056 3459 1110 ad
3493 1057 3691 1110 omnia

2036 1160 2162 1212 qua:
2195 1154 2334 1199 sunt
2389 1149 2446 1199 et
2502 1161 2628 1215 quas
2678 1163 2792 1199 non
2839 1151 2997 1214 sunt,
3032 1149 3208 1216 atque
3257 1163 3437 1217 supra
3466 1162 3533 1200 ea
3565 1162 3690 1214 quae

2037 1249 2152 1286 non
2187 1238 2327 1287 sunt
2357 1250 2519 1302 esse;
2553 1251 2728 1288 unum
2753 1251 2884 1289 vero
2917 1251 3047 1290 esse
3070 1252 3249 1306 supra
3278 1251 3344 1289 ea
3376 1251 3502 1306 qua:
3527 1238 3688 1297 sunt,

2035 1320 2352 1393 ipsumque
2387 1322 2636 1379 ulterius
2669 1325 2939 1394 protendi
2961 1341 2974 1378 :
2997 1323 3172 1378 vitam
3194 1329 3384 1378 autem
3411 1339 3690 1395 superare

2035 1412 2235 1466 omnia
2257 1429 2382 1483 quae
2415 1412 2636 1482 vivunt,
2678 1418 2734 1467 et
2754 1412 3089 1483 sapientiam
3121 1430 3300 1484 supra
3333 1413 3532 1468 omnia
3562 1429 3688 1483 quae

2035 1499 2395 1573 intelligunt,
2428 1507 2485 1556 et
2515 1516 2642 1572 quae
2693 1502 2918 1557 ratione
2970 1507 3026 1557 et
3057 1519 3180 1574 quae
3229 1519 3405 1557 sensu
3441 1506 3690 1557 utuntur

2037 1593 2294 1656 extendi,
2329 1592 2410 1646 ita
2440 1597 2503 1645 ut
2535 1592 2912 1647 manifestum
2951 1592 3027 1646 sit
3058 1594 3206 1662 quod
3244 1595 3467 1658 bonum,
3501 1591 3557 1645 id
3601 1599 3689 1646 est

2036 1682 2212 1747 Deus,
2238 1682 2511 1736 sitcausa
2527 1686 2582 1735 et
2614 1683 2741 1751 ejus
2775 1683 2926 1752 quod
2960 1687 3069 1747 est,
3103 1688 3160 1736 et
3180 1682 3306 1736 vitae
3356 1688 3413 1737 et
3460 1681 3690 1752 sapien-

2038 1772 2162 1837 tiae;
2201 1770 2343 1824 illud
2377 1775 2573 1824 autem
2608 1771 2763 1841 quod
2798 1775 2907 1836 est,
2941 1771 3070 1824 vitae
3101 1777 3157 1825 et
3211 1770 3511 1842 sapientiae
3558 1787 3690 1825 cau-

1961 1895 2007 1958 B
2040 1875 2188 1926 sam,
2215 1857 2475 1928 intellige
2507 1858 2576 1911 ad
2611 1874 2700 1912 res
2730 1859 3186 1914 accommodate.

2110 1948 2280 2017 Atque
2304 1946 2373 2000 ad
2403 1963 2465 2000 ea
2497 1963 2612 2016 quae
2641 1963 2750 2001 non
2780 1955 2909 2000 sunt
2936 1947 3267 2002 extenditur.
3301 1952 3490 2018 Atque
3522 1948 3594 2002 ad
3623 1964 3689 2002 ea

2040 2054 2167 2108 quae
2202 2053 2318 2090 non
2351 2041 2491 2090 sunt
2513 2036 2848 2090 extenditur
2875 2037 3117 2106 bonum,
3153 2043 3432 2106 tanquam
3471 2037 3599 2108 ipsa
3626 2043 3692 2091 ut

2040 2128 2160 2180 sint
2187 2142 2428 2189 vocans,
2456 2130 2557 2180 aut
2578 2126 2749 2195 juxta
2779 2124 2946 2193 illud,
2973 2126 3128 2196 quod
3154 2125 3321 2180 Pater
3352 2125 3491 2180 alibi
3524 2126 3688 2192 dixit,

2039 2215 2177 2285 quia
2207 2213 2383 2269 etiam
2419 2214 2476 2268 id
2512 2215 2666 2285 quod
2723 2231 2836 2268 non
2870 2214 3105 2269 exsistit
3155 2221 3242 2269 est
3277 2214 3518 2279 bonum,
3557 2231 3691 2268 cum

2036 2305 2095 2358 in
2141 2311 2250 2358 Deo
2295 2312 2532 2374 propter
2571 2305 2842 2358 essentize
2899 2319 3202 2358 excessum
3264 2304 3690 2358 consideratur.

2036 2394 2203 2448 Ὀντα
2236 2411 2368 2448 vero
2397 2397 2562 2448 vocat
2583 2410 2650 2448 ea
2677 2409 2806 2462 quea
2840 2409 2955 2447 non
2989 2398 3127 2446 sunt
3161 2391 3510 2461 materialia,
3540 2393 3695 2447 sicut

2040 2499 2192 2554 saepe
2249 2481 2525 2553 superius
2583 2481 3053 2550 declaravimus;
3113 2485 3216 2536 aut
3271 2482 3377 2547 sic,
3411 2483 3691 2552 quoniam

2038 2572 2194 2627 Deus
2251 2573 2376 2627 loco
2426 2588 2540 2626 non
2599 2569 3134 2637 circumscribitur,
3168 2572 3376 2626 merito
3428 2571 3506 2625 ait
3555 2587 3690 2625 eum

2039 2661 2216 2716 etiam
2243 2677 2422 2731 supra
2445 2675 2513 2715 ea
2543 2677 2670 2731 quae
2699 2676 2812 2714 non
2847 2665 2986 2714 sunt
3015 2675 3163 2726 esse,
3198 2663 3261 2714 ut
3303 2659 3576 2714 ostendat
3623 2658 3693 2713 il-

2039 2750 2161 2805 lum
2188 2750 2433 2805 minime
2455 2748 2861 2804 circumscribi
2891 2765 3078 2820 posse.

2110 2843 2175 2895 Et
2205 2857 2374 2910 supra
2403 2841 2663 2894 viventia.
2716 2838 3026 2893 Advertere
3076 2842 3326 2910 oportet,
3377 2839 3694 2910 quomodo,

2042 2931 2280 3002 quando
2305 2929 2376 2983 de
2407 2928 2630 2998 angelis
2663 2932 2721 2982 et
2751 2927 3097 2982 hominibus
3142 2925 3423 2998 loquitur,
3457 2927 3696 2998 angelos

2039 3022 2204 3075 vocet
2219 3015 2387 3086 νοητά
2411 3034 2511 3072 seu
2537 3032 2664 3088 quae
2695 3017 3085 3086 intelliguntur
3109 3032 3123 3082 ;
3159 3021 3391 3071 nostras
3411 3033 3548 3070 vero
3570 3015 3697 3070 ani-

2043 3125 2172 3163 mas
2193 3105 2381 3181 νοεράς
2412 3124 2513 3162 seu
2546 3121 2672 3178 quae
2690 3106 3030 3177 intelligunt,
3054 3105 3208 3160 sicut
3238 3107 3574 3177 frequenter
3599 3122 3696 3160 su-

2044 3197 2242 3270 perius
2276 3195 2849 3267 repraesentavimus,
2883 3197 3026 3250 dum
3070 3195 3578 3266 interpretationes
3601 3197 3698 3247 τοῦ

259 3283 393 3358 περὶ
437 3287 538 3337 τοῦ
587 3287 722 3337 Θεοῦ
750 3283 969 3358 πρῶτόν
1021 3303 1205 3358 φησιν,
1241 3282 1465 3342 εῗκότως
1512 3281 1603 3336 καὶ
1652 3280 1780 3342 τοὺς
1833 3282 1929 3355 ἀγ-

2051 3269 2240 3355 νοητοῦ
2271 3291 2326 3342 et
2355 3288 2548 3358 νοεροῦ
2570 3286 3008 3356 exponebamus
3035 3301 3048 3340 :
3081 3301 3238 3338 nunc
3260 3300 3392 3338 vero
3417 3283 3696 3353 quoniam

259 3371 470 3448 γέλους
500 3373 618 3445 μεθ’
649 3375 810 3445 ἡμῶν
841 3371 1065 3446 νοερούς
1095 3393 1281 3446 φησιν,
1313 3373 1404 3426 ἅτε
1452 3371 1542 3425 καὶ
1587 3369 1783 3431 αὐτοὺς
1844 3367 1932 3424 διά

257 3467 361 3518 τοῦ
426 3467 573 3516 νοεῖν
631 3461 722 3516 τὸν
781 3462 933 3530 Θεὸν,
967 3461 1093 3515 ὅσον
1153 3462 1270 3515 οἷόν
1328 3482 1406 3531 τε,
1437 3460 1806 3535 τρεφομένους
1861 3463 1930 3532 τῇ

263 3554 479 3622 νοήσει,
515 3555 595 3622 τῷ
624 3549 986 3630 ἐπεστράφθαι
1017 3548 1103 3604 ἐπὶ
1138 3551 1238 3618 τὴν
1289 3549 1432 3613 θείαν
1477 3548 1690 3626 σοφίαν,
1723 3549 1797 3610 ὡς
1843 3549 1934 3602 καὶ

266 3643 322 3695 αἱ
355 3641 699 3716 ἀνθρώπιναι
731 3639 908 3714 ψυχαί
941 3657 956 3671 ⁸
999 3638 1089 3694 καὶ
1119 3640 1186 3694 τὰ
1241 3638 1527 3710 αίσϐητικὰ
1567 3636 1644 3706 δὲ,
1692 3637 1933 3692 τουτέστι

273 3731 340 3784 τὰ
362 3729 562 3806 ἄλογα.
589 3731 854 3805 Ἔμψυχα
904 3726 960 3784 δὲ
991 3727 1144 3801 ὅμως
1175 3729 1348 3783 πάντα
1405 3727 1595 3806 σοφίας
1646 3728 1934 3802 μετέχουσι

285 3817 443 3889 θείας,
499 3819 594 3872 καὶ
644 3818 695 3872 ἐν
753 3824 870 3873 ταῖι
929 3823 1180 3892 φυσικαῖς
1231 3818 1405 3872 αὐτῶν
1462 3819 1681 3892 ὁρμαῖς,
1717 3817 1790 3877 ὡς
1846 3815 1936 3870 καὶ

275 3908 303 3962 ὁ
355 3910 504 3961 θεῖος
569 3906 855 3970 Βασίλειος
907 3907 958 3961 ἐν
1027 3910 1096 3980 τῇ
1153 3907 1476 3980 Ἑξαημέρῳ
1533 3905 1788 3977 δείκνυσι,
1847 3905 1936 3959 καὶ

267 3997 408 4051 αὐτὸ
469 3994 532 4050 δὲ
585 3997 648 4051 τὸ
707 3996 758 4051 ἐν
809 3995 972 4074 σοφίᾳ
1027 3995 1268 4070 γενέσθαι
1321 3999 1494 4051 πάντα
1530 3996 1756 4051 κατὰτὸ
1787 3994 1936 4070 εἴρη-

268 4086 460 4157 μὲνον·
499 4086 682 4140 Πάντα
713 4084 766 4140 ὲν
799 4085 961 4163 σοφίᾳ
989 4083 1270 4156 ἐποίησας.
1297 4087 1357 4142 Ἥ
1412 4083 1469 4140 δὶ
1511 4085 1670 4162 σοφία
1718 4083 1860 4138 ἐστὶν
1912 4083 1939 4136 ὁ

260 4174 396 4237 Υἱὸς
453 4177 484 4230 ὁ
518 4172 592 4230 ὤν
629 4193 642 4207 ⁸
675 4175 851 4230 πάντα
884 4173 974 4229 οῦν
1009 4173 1060 4228 ἐν
1091 4175 1172 4247 τῷ
1205 4175 1315 4247 Υἱῷ
1365 4179 1444 4246 τῷ
1499 4170 1610 4228 ὄντι
1668 4172 1936 4250 ἐγένοντο,

259 4263 465 4341 φησίν.

342 4539 374 4604 §
407 4541 480 4590 II.
513 4534 954 4609 Ἐκφαντορικάς.
990 4528 1413 4610 Ἐκφαντορικάς
1445 4551 1577 4607 φησι
1615 4531 1712 4594 τὰς
1757 4531 1941 4608 ἐκφαι-

265 4623 478 4685 νούσας
508 4620 635 4692 ἤτοι
665 4621 1022 4700 παριστάσας.

351 4807 475 4872 Τῆς
510 4801 644 4878 ὗπὶρ
700 4806 873 4856 πᾶσαν
909 4798 1238 4875 ἀγαθότητα.
1284 4805 1362 4868 Ση
1376 4798 1602 4870 μείωσαι
1634 4797 1718 4854 ὅτι
1755 4799 1943 4864 καλῶς

276 4894 548 4969 Λέγομεν,
568 4891 650 4946 ὅτι
683 4890 822 4946 ἐστὶν
858 4891 990 4964 ὑπὲρ
1021 4894 1193 4944 πᾶσαν
1226 4888 1539 4963 ἆγαθὸτητα
1566 4887 1655 4942 καὶ
1689 4889 1938 4959 θεότητα·

276 4977 688 5052 ὑποϐεϐηκυίας
720 4978 811 5035 οῦν
847 4979 1104 5046 θεότητας
1149 4978 1351 5049 νόησον
1405 4975 1649 5053 ἀγγέλων
1702 4979 1792 5031 καὶ
1849 4979 1938 5032 ἀν-

273 5073 518 5147 θρώπων
549 5068 772 5125 δικαίων
785 5113 796 5124 .

347 5163 442 5218 Ἐν
525 5158 882 5236 ἅποκρύφοις.
942 5163 1029 5220 Ὡς
1099 5155 1162 5211 τό
1214 5174 1228 5188 ⁸
1277 5157 1473 5220 Ἕθετυ
1543 5157 1735 5220 σκότος
1772 5158 1938 5212 ἀπο-

271 5252 492 5327 κρυφήν
552 5249 718 5305 αὐτοῦ
750 5269 763 5283 ’
813 5247 904 5303 καὶ
961 5244 1170 5301 πάλιν·
1233 5247 1318 5301 Ἐν
1380 5246 1682 5323 ἀποκρύφῳ
1745 5267 1938 5302 καται-

272 5338 460 5416 γίδος.

353 5487 439 5560 (τι)
468 5483 622 5544 Psal.
656 5499 779 5556 cm,
808 5482 900 5539 24.
979 5479 1054 5556 (υ)
1087 5479 1243 5538 Psal.
1277 5496 1418 5550 xvn,
1452 5481 1539 5537 12.

2043 3376 2231 3448 primo
2265 3382 2321 3430 et
2353 3374 2713 3446 pricipaliter
2742 3377 2809 3429 de
2861 3374 2976 3429 Deo
3010 3373 3300 3444 loquitur,
3344 3373 3552 3427 merito
3595 3389 3696 3426 an-

2043 3464 2204 3537 gelos
2237 3465 2391 3520 sicut
2421 3468 2476 3518 et
2505 3481 2610 3519 nos
2641 3463 2785 3518 dicit
2838 3459 3081 3536 νοερούς,
3137 3461 3306 3534 quasi
3356 3462 3531 3516 etiam
3583 3460 3698 3531 ipsi

2044 3555 2228 3610 Deum
2259 3552 2663 3624 intelligendo,
2697 3559 2984 3624 quantum
3017 3552 3140 3607 fieri
3174 3557 3384 3622 potest,
3430 3549 3697 3606 intellec-

2043 3644 2200 3699 tione
2227 3643 2636 3713 alantur,quia
2667 3643 2737 3696 ad
2771 3641 3026 3696 divinam
3058 3639 3407 3712 sapientiam
3434 3640 3698 3694 conversi

2048 3739 2206 3802 sunt,
2241 3733 2394 3788 sicut
2441 3737 2498 3786 et
2541 3731 2846 3786 hominum
2905 3730 3135 3796 animae,
3195 3735 3371 3801 atque
3420 3727 3484 3781 τὰ
3514 3727 3702 3796 αἰσθη-

2046 3822 2191 3889 ma,
2225 3822 2281 3876 id
2316 3827 2405 3876 est
2437 3822 2683 3876 rationis
2714 3821 2993 3892 expertia.
3029 3819 3298 3874 Animata
3327 3835 3463 3873 vero
3502 3819 3702 3874 omnia

2051 3912 2269 3984 pariter
2327 3911 2584 3965 divinam
2629 3910 2804 3965 etiam
2858 3909 3216 3980 participant
3255 3909 3606 3980 sapientiam
3640 3909 3700 3962 in

2049 4001 2176 4055 suis
2207 3999 2578 4054 naturalibus
2611 3997 3127 4070 propensionibus,
3153 3997 3308 4052 sicut
3339 3997 3573 4053 divinus
3595 3998 3700 4052 Ba-

2050 4088 2220 4144 silius
2251 4087 2509 4144 ostendit
2539 4088 2597 4142 in
2631 4089 2990 4156 Hexaemero,
3032 4092 3208 4158 atque
3231 4086 3374 4141 illud
3399 4086 3615 4157 ipsum,
3642 4086 3701 4140 in

2051 4178 2338 4249 sapientia
2361 4178 2510 4232 facta
2532 4192 2661 4232 esse
2693 4175 2910 4243 omnia,
2934 4176 3261 4231 secundum
3295 4177 3659 4247 Scripturam
3686 4192 3701 4231 :

2051 4269 2254 4325 Omnia
2284 4267 2345 4322 in
2372 4269 2628 4338 sapiente
2655 4267 2840 4338 fecisti
2869 4267 2968 4337 (ιι).
3023 4265 3322 4338 Sapientia
3372 4270 3564 4321 antem
3616 4269 3705 4321 est

2049 4356 2252 4422 Filius,
2284 4355 2385 4428 qui
2415 4360 2538 4425 est;
2575 4357 2776 4411 omnia
2797 4355 2997 4427 igitur,
3020 4355 3236 4426 inquit,
3269 4361 3436 4411 erant
3463 4355 3523 4410 in
3559 4355 3703 4411 Filio

2051 4447 2146 4518 qui
2180 4450 2292 4502 est.

2122 4535 2253 4607 §lI.
2287 4533 2773 4605 Manifestatorias.
2834 4533 2933 4589 Gr.
2995 4530 3408 4609 ἐκφαντορικάς.
3471 4532 3702 4608 Ἐκφαν-

1969 4622 2268 4711 Βτορικάς
2325 4627 2490 4681 vocat
2520 4640 2619 4679 eas
2677 4639 2802 4694 quae
2859 4621 3162 4678 declarant
3217 4638 3318 4677 seu
3380 4639 3703 4694 repraesen-

2045 4719 2194 4771 tant.

2126 4805 2258 4872 Quae
2286 4820 2460 4875 supra
2490 4819 2707 4859 omnem
2738 4801 3052 4858 bonitatem.
3087 4801 3236 4856 Nota
3277 4818 3384 4856 nos
3433 4807 3590 4856 recte
3621 4803 3704 4857 di-

2052 4908 2180 4948 cere
2211 4893 2362 4962 quod
2396 4908 2633 4947 omnem
2665 4895 2904 4962 superet
2937 4891 3256 4945 bonitatem
3290 4894 3345 4944 et
3389 4891 3700 4957 deitatem;

2051 4997 2188 5053 ergo
2215 4998 2318 5054 per
2341 4982 2611 5038 subditas
2642 4981 2888 5036 deitates
2920 4978 3181 5052 intellige
3203 4977 3546 5052 angelorum
3570 4981 3702 5050 jus-

2050 5075 2365 5142 torumque
2392 5071 2652 5126 virorum
2679 5070 2946 5126 deitates.

2122 5161 2272 5215 167
2327 5162 2390 5215 In
2439 5158 2795 5217 absconditis.
2849 5157 2922 5213 Ut
2980 5157 3126 5213 illud
3162 5175 3174 5213 :
3208 5159 3398 5213 Posuit
3452 5160 3708 5214 tenebras

2051 5249 2345 5305 latibulum
2365 5266 2525 5306 suum
2557 5250 2652 5322 ('v);
2685 5253 2742 5305 et
2773 5263 3018 5305 rursus:
3047 5252 3114 5304 In
3143 5247 3469 5304 abscondito
3498 5255 3706 5322 tempe-

2049 5341 2209 5395 statis
2227 5339 2329 5412 (te).

1617 5480 1700 5554 (τε)
1730 5481 1884 5538 Psal.
1920 5498 2088 5551 Lxxv,
2116 5483 2171 5540 8.

1302 5622 1544 5683 VARIJE
1581 5623 1978 5684 LEGTIONES
2015 5624 2109 5682 ET
2147 5623 2692 5684 CORRECTIONES

363 5728 411 5768 ¹⁸
438 5727 507 5786 τὰ
536 5726 693 5788 αὖτά.
