4034 6396
370 359 470 415 311

1190 363 1561 418 ΔΡΡΕΝΒΙΧ
1598 364 1697 417 AD
1732 361 1973 417 OPERA
2009 360 2068 413 Β.
2111 359 2426 416 DIONYSII
2466 361 2971 419 AREOPAGITE.

3692 365 3789 424 312

451 487 515 540 Et
541 499 730 539 sensus
756 482 1117 556 participant.
1151 484 1438 551 Quoniam
1462 485 1638 558 paulo
1678 486 1813 541 ante
1861 484 2026 539 visus

2212 480 2310 536 Καὶ
2377 481 2682 553 αἰσθήσεως
2734 481 3169 561 μετειληφότων.
3230 481 3457 552 Ἐπιιδή
3527 484 3633 559 πρὸ
3702 509 3787 558 μι-

373 576 464 627 est
494 572 704 643 dicere,
751 573 972 628 bonum
1018 591 1150 630 esse
1188 575 1544 646 subjectum,
1578 591 1709 630 cum
1741 573 1888 630 dixit
1916 589 2028 629 esse

374 664 489 734 ejus
525 661 665 735 quod
696 667 772 717 est
802 679 1052 735 causam,
1078 669 1133 720 et
1158 665 1236 720 ita
1259 665 1562 737 deinceps,
1586 679 1658 720 ne
1681 663 1780 737 qui
1806 664 2028 736 absque

371 750 671 807 intellectu
698 752 960 825 legerent
983 755 1353 811 occationem
1378 754 1662 827 arguendi
1683 754 2027 826 reperirent,

372 840 454 894 ait
488 858 501 895 :
547 841 668 897 Non
697 848 885 897 autem
916 843 1074 898 aliud
1106 860 1217 899 esse
1270 845 1491 911 bonum,
1524 849 1578 899 et
1609 844 1768 899 aliud
1802 843 1857 899 id
1887 841 2028 915 quod

370 938 470 985 est.
504 934 698 1002 Atque
723 932 962 1002 iterum,
1006 931 1164 988 aliud
1200 933 1400 1002 vitam;
1437 950 1616 1005 quam
1650 933 2027 1005 sapientiam,

371 1035 554 1074 unam
587 1019 879 1092 siquidem
913 1022 1180 1077 omnium
1212 1039 1342 1079 esse
1367 1040 1632 1091 causam,
1655 1027 1711 1079 et
1732 1040 1847 1079 non
1871 1021 2028 1078 mul-

371 1110 486 1175 tas,
512 1112 687 1181 atque
706 1110 910 1166 merito
936 1128 1113 1167 unam
1141 1111 1427 1168 Deitatem
1452 1129 1581 1184 quae
1607 1111 1881 1168 universa
1902 1128 2029 1183 pro-

376 1197 567 1269 duxit,
591 1202 854 1255 sanctam
879 1216 985 1256 nec
1012 1218 1128 1256 non
1151 1202 1383 1258 beatam
1422 1202 1796 1273 Trinitatem,
1830 1204 1888 1257 et
1919 1200 2029 1255 mi-

377 1287 537 1342 nime
570 1287 786 1344 multas
811 1290 1152 1347 divinitates
1175 1291 1483 1347 creatrices
1510 1309 1523 1361 ;
1554 1291 1665 1347 hoc
1698 1297 1891 1346 autem
1915 1307 2029 1345 non

378 1393 809 1448 supervacaneo
837 1379 1007 1449 dixit,
1041 1381 1141 1435 sed
1165 1384 1392 1437 Graecos
1415 1380 1712 1453 stringens
1734 1380 2031 1452 sapientes

377 1468 435 1520 et
463 1465 761 1524 haereticos
802 1467 1064 1525 Simonis
1115 1474 1459 1536 sectatores,
1494 1470 1593 1541 qui
1645 1469 1849 1525 dicunt
1893 1469 2033 1525 deos

377 1556 583 1612 mundi
615 1557 1014 1626 fabricatores,
1048 1570 1265 1632 quanto
1311 1560 1617 1616 inferiores
1659 1563 1820 1626 sunt,
1871 1563 2032 1615 tanto

379 1662 614 1718 quoque
669 1646 1028 1704 inﬁrmiores
1080 1650 1403 1721 producere
1457 1654 1796 1719 creaturas,
1855 1648 2034 1704 etiam

380 1752 570 1808 usque
605 1737 677 1793 ad
712 1738 980 1794 omnium
1015 1737 1497 1810 fundamentum,
1530 1744 1591 1795 ut
1632 1738 1824 1807 aiunt,
1855 1739 1914 1793 id
1946 1742 2038 1795 est

382 1824 715 1882 materiam.

454 1916 516 1971 Et
541 1916 683 1973 hanc
712 1917 934 1988 quidem
963 1934 1095 1974 esse.
1118 1917 1258 1974 Boni
1286 1917 1742 1991 appellationem
1768 1917 2037 1990 perfectae

385 2005 625 2061 omnino
648 2007 1029 2078 providentiae
1053 2008 1489 2075 declarativam,
1510 2007 1757 2076 aitesse;
1779 2007 2038 2079 reliquas

382 2111 519 2150 vero
553 2095 964 2167 particulares,
995 2101 1059 2151 ut
1088 2098 1265 2153 vitam
1303 2100 1360 2152 et
1391 2097 1745 2169 sapientiam
1777 2102 1835 2153 et
1860 2096 2034 2152 ratio-

385 2200 544 2253 nem;
578 2201 712 2241 nam
745 2202 839 2242 res
871 2202 1069 2242 omnes
1101 2204 1203 2258 per
1229 2187 1333 2243 Dei
1386 2187 1707 2244 bonitatem
1740 2188 2035 2259 productae

384 2282 526 2328 sunt
557 2281 620 2329 ut
650 2274 989 2346 existerent,
1021 2280 1277 2347 suntque
1309 2277 1471 2332 bonae
1504 2293 1607 2333 seu
1639 2276 1808 2332 valde
1839 2277 2033 2345 bonae;

381 2380 498 2418 non
531 2367 728 2420 autem
760 2381 967 2421 omnes
1010 2365 1188 2421 vitam
1220 2369 1277 2421 et
1318 2366 1671 2438 sapientiam
1716 2370 1818 2422 aut
1861 2366 2034 2421 ratio—

380 2467 516 2507 nem
569 2452 948 2526 participant,
984 2454 1233 2526 ideoque
1269 2456 1563 2525 ejusmodi
1611 2455 2034 2528 appellationes

377 2541 449 2597 ad
483 2542 749 2613 perfectas
779 2542 1218 2599 distinctionem
1250 2545 1468 2616 posuit.
1502 2540 1873 2620 Ὁλικωτὲρας
1902 2562 2034 2601 vero

377 2647 479 2686 seu
513 2632 906 2704 generaliores
924 2638 1093 2689 vocat
1114 2650 1213 2690 eas
1245 2651 1372 2707 quae
1406 2634 1464 2689 in
1490 2634 1758 2706 pluribus
1792 2652 2037 2691 cernun-

376 2723 494 2782 tur,
518 2724 583 2775 ut
631 2721 833 2792 vilam;
873 2722 1138 2793 pervenit
1168 2723 1325 2778 enim
1380 2741 1570 2795 usque
1619 2725 1690 2779 ad
1727 2724 1957 2796 plantas
1980 2727 2037 2780 et

377 2808 656 2864 animalia
686 2809 998 2866 rationalia
1030 2811 1392 2884 rationisque
1411 2814 1673 2885 expertia
1699 2832 1713 2872 :
1745 2814 2037 2886 sapientia

379 2903 574 2954 autem
606 2903 663 2955 et
692 2899 845 2956 ratio
874 2901 1263 2971 particulares
1297 2903 1483 2973 magis
1510 2923 1524 2972 ;
1569 2919 1706 2959 nam
1737 2903 1826 2958 hae
1858 2903 1917 2958 in
1942 2920 2033 2959 so-

375 2985 449 3043 lis
484 2988 730 3044 rationis
761 2989 1149 3062 participibus
1179 2991 1643 3064 conspiciuntur.

447 3079 605 3146 §III.
647 3079 721 3134 Ac
748 3082 883 3136 vitae
910 3080 1260 3151 sapientiam.
1312 3081 1456 3137 Cum
1506 3080 1682 3153 paulo
1733 3081 2039 3137 obscurior

375 3168 455 3223 sit
485 3184 699 3235 sermo,
724 3167 978 3223 arbitror
995 3169 1174 3224 talem
1217 3171 1519 3226 insinuare
1560 3169 1937 3234 sententiam,
1974 3175 2038 3226 ut

375 3256 1212 3329 aliquodubitanteacdicente
1248 3277 1261 3316 :
1295 3263 1430 3330 Cur,
1455 3259 1692 3314 nomine
1728 3259 1917 3331 ipsius
1936 3262 2033 3313 τοῦ
2065 3236 2110 3305 C

374 3340 529 3407 ὄντος
572 3363 676 3403 seu
725 3349 870 3403 emis
926 3353 1244 3419 superante
1293 3351 1423 3406 vitae
1469 3346 1943 3419 appellationem,
1975 3352 2034 3405 et

373 3453 581 3492 rursus
604 3436 840 3493 nomine
865 3436 990 3492 vitae
1015 3442 1329 3510 praestante
1350 3437 1836 3509 sapientiaa,sicut
1855 3438 2031 3494 etiam

376 3526 518 3581 ordo
566 3526 695 3598 ipse
750 3526 861 3582 hoc
916 3526 1200 3597 postulat,
1232 3527 1731 3599 quemadmodum
1786 3528 2034 3600 ipsemet

383 3614 564 3687 paulo
615 3619 751 3672 ante
786 3616 1106 3671 declaravit
1146 3616 1416 3685 dicendo,
1449 3620 1503 3671 et
1525 3633 1627 3671 ens
1659 3622 1716 3673 et
1744 3618 1949 3685 vitam,
1980 3620 2037 3672 et

380 3703 731 3775 sapientiam
758 3706 1025 3761 essentia;
1045 3706 1484 3775 ell'ectricem,et
1512 3705 1639 3760 vitae
1664 3706 2032 3773 effectricem,

376 3799 437 3850 et
458 3794 756 3866 sapientiae
780 3796 1089 3867 datricem,
1121 3795 1391 3851 essentia:
1438 3799 1774 3860 causam,et
1792 3794 1944 3863 vitae,
1978 3799 2037 3850 et

377 3883 612 3952 mentis,
647 3887 704 3939 et
761 3884 1008 3941 rationis
1057 3884 1412 3957 participum
1448 3890 1620 3954 atque
1650 3901 1885 3949 sensus,
1919 3900 2033 3939 non

375 3972 633 4045 amplius
664 3973 927 4029 ordinem
965 3974 1122 4030 hunc
1156 3974 1213 4028 in
1245 3975 1420 4029 rebus
1443 3974 1712 4028 videmus
1738 3972 1764 4026 ?
1796 3972 2033 4044 Oportet

373 4063 528 4118 enim
564 4063 889 4119 secundum
922 4065 1112 4119 dictos
1145 4067 1263 4119 ate
1303 4064 1547 4136 gradus,
1593 4079 1661 4119 ea
1711 4079 1837 4134 qua:
1890 4062 2038 4117 exsi-

373 4154 539 4208 stunt
556 4152 744 4224 magis
766 4152 840 4209 iis
865 4170 991 4226 qua:
1024 4153 1225 4208 vivunt
1246 4161 1297 4208 et
1319 4152 1587 4208 sentiunt
1609 4155 1668 4206 et
1698 4148 2039 4223 intelligunt

372 4244 430 4296 et
459 4241 906 4313 ratiocinantur,
939 4242 996 4297 id
1031 4246 1120 4297 est
1152 4244 1403 4296 mentem
1438 4257 1504 4295 ac
1537 4240 1821 4300 rationem
1855 4239 2036 4310 parti-

374 4329 734 4401 cipantibus,
763 4331 880 4387 Deo
911 4330 1155 4403 propius
1206 4329 1358 4384 168
1411 4329 1710 4397 accedere;
1744 4344 1861 4382 non
1911 4345 2034 4382 am-

373 4418 531 4489 plius
563 4425 763 4475 autem
795 4420 901 4491 sic,
937 4420 1039 4476 sed
1071 4418 1433 4474 contrarium
1467 4421 1555 4473 est
1583 4435 1596 4485 ;
1656 4416 1838 4472 veluti
1870 4417 2033 4483 coelo,

372 4513 429 4563 et
459 4507 656 4572 astris,
688 4511 745 4563 et
776 4511 951 4575 terra,
988 4512 1046 4563 et
1065 4523 1238 4579 aqua,
1270 4516 1325 4562 et
1357 4523 1509 4572 aere,
1543 4510 1600 4561 et
1643 4505 1716 4560 iis
1775 4522 1901 4577 quae
1944 4523 2035 4561 ex-

2067 1864 2116 1929 B

2136 576 2270 647 κροῦ
2323 566 2470 646 ἔδοξέ
2515 594 2632 634 πως
2681 568 2943 628 ὑπόϐασιν
3000 570 3175 646 λέγειν
3237 571 3300 626 τὸ
3358 572 3577 649 ἀγαθὸν,
3630 573 3786 631 είπὼν

2133 665 2231 717 τοῦ
2288 657 2445 724 ὄντος
2506 661 2703 732 αἶ’τιον,
2761 663 2850 717 καὶ
2903 662 3046 717 οὕτω
3115 662 3365 732 καθεξῆς,
3425 662 3517 717 ’ἱνα
3599 664 3673 737 μή
3740 667 3786 719 oi

2137 750 2407 813 ἀσυνέτως
2442 751 2901 827 ἀναγινώσκοντες
2947 750 3143 828 εὕρωσι
3206 750 3468 825 μέμψεως
3515 751 3784 830 ἀφορμὴν,

2137 840 2322 917 φησίν·
2353 839 2468 898 Οὐκ
2520 839 2662 896 ἄλλο
2714 838 2772 896 δὲ
2818 840 2952 896 εἶναι
2999 841 3060 895 τὸ
3112 839 3339 915 ἀγαθὸν,
3399 840 3493 895 καὶ
3552 839 3690 897 ἄλλο
3730 845 3787 899 τὸ

2138 926 2195 983 ὄν
2227 948 2240 960 ⁶
2268 931 2357 985 καὶ
2388 928 2452 984 αὖ
2484 929 2675 998 πάλιν,
2709 928 2851 987 ἄλλο
2889 930 2989 999 τὴν
3035 935 3204 1001 ζωην,
3236 929 3272 999 ἢ
3303 930 3402 999 τήν
3457 931 3646 1009 σοφίαν
3680 951 3692 964 ·
3735 931 3787 988 ’ἑν

2136 1017 2236 1095 γὰρ
2296 1019 2429 1073 εἶναι
2479 1022 2585 1073 τῶν
2648 1019 2896 1074 ἁπάντων
2956 1014 3154 1088 αἶίτιον,
3185 1016 3277 1073 καὶ
3334 1017 3397 1072 οὑ
3448 1016 3654 1089 πολλὰ,
3704 1021 3786 1075 καὶ

2142 1107 2270 1181 μίαν
2304 1106 2530 1170 εἶκότως
2563 1106 2795 1178 θεότητα
2843 1106 3018 1163 πάντα
3076 1107 3449 1182 παράγουσαν,
3480 1108 3584 1177 τήν
3640 1109 3785 1184 ἁγίαν

2142 1197 2232 1252 καὶ
2290 1197 2556 1272 μακαρίαν
2593 1200 2633 1233 ¹⁷
2693 1194 2922 1271 Τριάδα,
2975 1195 3067 1252 καὶ
3128 1196 3206 1269 μὴ
3266 1194 3485 1262 πολλὰς
3543 1197 3788 1269 θεότητας

2145 1284 2551 1363 δημιουργούς·
2588 1290 2751 1343 τοῦτο
2784 1283 2841 1341 δὲ
2873 1286 2935 1341 οὗ
2963 1288 3229 1363 περίττῶς
3277 1287 3447 1355 εἶπεν,
3478 1285 3626 1342 ἀλλὰ
3667 1300 3788 1353 καθ-

2143 1375 2451 1449 απτόμενος
2509 1380 2616 1430 τῶν
2677 1378 2806 1449 παρ’
2860 1374 3099 1447 Ἕλλησι
3162 1380 3366 1453 σοφῶν,
3398 1375 3491 1431 καί
3544 1381 3649 1431 τῶν
3691 1378 3787 1433 ἀπὸ

2146 1465 2399 1538 Σίμωνος
2456 1467 2765 1541 αἱρετικῶν,
2820 1466 2899 1536 οἳ,
2960 1464 3339 1539 κοσμοποιοὺς
3409 1487 3540 1545 φασι
3624 1467 3786 1538 θεοὺς,

2143 1556 2371 1612 καθόσον
2434 1550 2830 1628 ὑποϐεϐτςκασι,
2869 1560 3128 1611 τοσοῦτον
3185 1556 3276 1612 καὶ
3333 1557 3403 1611 τὰ
3454 1556 3787 1633 ἀσθενέστερα

2143 1650 2250 1701 τῶν
2280 1644 2590 1719 κτισμάτων
2612 1647 2976 1722 παράγοντας.
3008 1642 3112 1709 ἕως
3137 1645 3230 1700 καὶ
3261 1653 3363 1716 τῆς
3389 1647 3498 1702 τών
3551 1648 3782 1703 ἁπάντων

2148 1736 2526 1810 ὑποστάθμης,
2552 1734 2627 1799 ὥς
2658 1757 2805 1813 φασι,
2838 1738 3085 1792 τουτέστι
3113 1742 3215 1807 τῆς
3246 1734 3407 1808 ὕλης.

2220 1916 2324 1973 Καὶ
2379 1916 2482 1984 τὴν
2543 1915 2637 1987 μὶν
2697 1914 2856 1973 εἶναι.
2891 1916 3007 1985 Τὴν
3066 1919 3165 1970 τοῦ
3220 1912 3427 1989 ἀγαθοῦ
3486 1913 3782 1990 ἐπωνυμίαν

2146 2001 2444 2066 παντελοῦς
2473 2005 2736 2080 προνοίας
2769 2001 3022 2074 δεκτικὴν
3054 2003 3189 2059 εἶναί
3220 2025 3355 2081 φησι
3391 2026 3404 2038 ·
3440 2006 3537 2067 τὰς
3587 2001 3644 2061 δὲ
3685 2016 3784 2062 Λοι-

2145 2095 2269 2166 πὰς,
2307 2094 2550 2169 μερικὰς,
2585 2096 2700 2149 οἷον
2736 2093 2880 2162 ζωήν
2930 2093 3020 2147 καὶ
3071 2093 3291 2171 σοφίαν,
3324 2094 3417 2150 καὶ
3468 2094 3628 2171 λόγον
3663 2115 3675 2128 ·
3704 2095 3784 2150 καὶ

2146 2182 2315 2238 πάντα
2349 2184 2446 2257 μὶν
2476 2184 2577 2259 γὰρ
2608 2184 2675 2238 τὰ
2706 2179 2835 2238 ὅντα
2881 2180 2955 2238 δι’
2985 2183 3300 2259 ἆγαθότητα
3350 2188 3488 2239 Θεοῦ
3535 2186 3778 2260 παρήχθη

2144 2273 2281 2352 προς
2312 2272 2561 2344 ὕπαρξιν,
2592 2272 2682 2327 καί
2729 2272 2862 2327 εἰσιν
2918 2272 3108 2347 ἀγαθὰ,
3142 2270 3269 2342 ἤτοι
3318 2271 3469 2329 καλὰ
3514 2272 3633 2330 λίαν
3666 2295 3678 2308 ·
3726 2274 3780 2329 οὔ

2145 2363 2319 2417 πάντα
2352 2359 2410 2417 δὲ
2444 2365 2587 2432 ζωῆς
2616 2362 2651 2431 ἢ
2686 2361 2855 2438 λόγου
2886 2363 2921 2432 ἦ
2957 2360 3149 2440 σοφίας
3198 2362 3499 2437 μετέχουσι
3533 2382 3546 2396 ·
3582 2361 3662 2418 διὸ
3699 2364 3780 2424 τὰς

2144 2452 2398 2516 τοιαύτας
2428 2450 2740 2525 ἐπωνυμίας
2770 2452 2907 2507 κατά
2964 2447 3388 2520 ἀντιδιαστολὴν
3447 2458 3548 2523 τῆς
3609 2472 3779 2508 παντε-

2146 2541 2279 2606 λοῦς
2318 2542 2577 2604 τέθεικεν.
2633 2539 3001 2617 Ὀλικωτέρας
3046 2538 3104 2596 δέ
3153 2563 3285 2619 φησι
3312 2540 3414 2605 τὰς
3474 2539 3560 2597 ἐπὶ
3611 2539 3779 2598 πλειό-

2144 2652 2249 2687 νων
2285 2629 2689 2705 θεωρουμένας,
2719 2635 2835 2687 οἷον
2867 2634 3013 2702 ζωήν
3050 2650 3063 2664 ·
3097 2632 3285 2706 φθάνει
3334 2632 3445 2708 γὰρ
3494 2631 3580 2688 ἰπὶ
3624 2636 3779 2710 φυτῶν

2144 2722 2233 2777 καὶ
2270 2721 2441 2790 ζώων,
2477 2719 2714 2797 λογικῶν
2746 2742 2804 2776 τε
2832 2720 2923 2776 καὶ
2953 2718 3167 2797 ἀλόγων
3204 2739 3218 2753 ⁸
3253 2720 3421 2799 σοφία
3463 2719 3521 2776 δί
3564 2721 3645 2777 καὶ
3694 2719 3777 2775 λό-

2145 2832 2244 2885 γος
2298 2811 2658 2887 μερικώτεραι
2688 2829 2701 2843 ⁸
2754 2809 2842 2865 ἐπὶ
2900 2806 3079 2883 μόνων
3129 2809 3232 2887 γὰρ
3288 2807 3527 2886 λογικῶν
3577 2810 3776 2886 ὁρῶνται

2144 2920 2332 2956 ταυτα.

2218 3080 2377 3149 §IIL
2439 3080 2539 3133 Καὶ
2588 3085 2688 3148 τῆς
2752 3084 2898 3149 ζωῆς
2984 3081 3085 3149 τὴν
3141 3078 3367 3154 σοφίαν.
3428 3075 3778 3158 Ἀσαφέστερόν

2146 3188 2264 3229 πως
2347 3165 2673 3241 ἐγκειμένης
2726 3174 2825 3237 τῆς
2886 3167 3118 3243 ῥήσεως,
3181 3168 3336 3241 οἶμαι
3398 3169 3462 3224 τὸ
3513 3166 3776 3243 λεγόμενον

2143 3253 2390 3313 τοιοῦτόν
2417 3277 2538 3311 τινα
2567 3260 2688 3311 νοῦν
2725 3255 3039 3334 ὑποφαίνειν
3067 3275 3080 3289 ⁸
3116 3255 3192 3320 ὥς
3218 3278 3379 3320 τινος
3402 3257 3778 3331 έπαποροῦντος

2141 3347 2233 3403 καὶ
2274 3345 2530 3421 λέγοντος
2566 3365 2578 3376 ·
2613 3344 2712 3401 Διά
2739 3346 2814 3414 τί,
2845 3349 2943 3402 τοῦ
2977 3345 3244 3418 ὀνόματος
3274 3344 3450 3404 αὑτοῦ
3496 3345 3589 3401 τοῦ
3641 3341 3775 3405 ὄντος

2145 3434 2508 3511 ὑπερέχοντος
2553 3441 2653 3504 τῆς
2717 3439 2864 3503 ζωῆς
2909 3436 3008 3503 τὴν
3062 3436 3458 3512 προσηγορίαν,
3490 3434 3576 3491 καὶ
3629 3430 3773 3488 πάλιν

2143 3529 2238 3580 τοῦ
2269 3525 2538 3598 ὀνόματος
2563 3531 2661 3594 τῆς
2697 3527 2842 3593 ζωῆς
2876 3524 3272 3599 ὑπεραίροντος
3329 3526 3430 3594 τὴν
3462 3523 3663 3598 σοφίαν,
3693 3522 3769 3576 ἅτε

2142 3614 2234 3669 καὶ
2261 3621 2361 3683 τῆς
2393 3614 2594 3684 τάξεως
2624 3617 2786 3669 τοῦτο
2822 3613 3184 3683 ἀπαιτούσης,
3218 3615 3292 3676 ὡς
3343 3616 3435 3671 καὶ
3484 3613 3635 3676 αὐτὸς
3676 3610 3766 3685 πρὸ

2149 3703 2400 3778 βραχέως
2430 3699 2706 3772 ἐδήλωσεν
2756 3702 2947 3774 εἴπὼν,
2980 3702 3070 3758 καὶ
3122 3703 3206 3776 ὃν,
3237 3703 3330 3759 καὶ
3379 3706 3544 3775 ζωὴν,
3574 3701 3656 3757 καὶ
3700 3719 3776 3754 σο-

2146 3792 2270 3868 φίαν
2300 3791 2399 3859 τὴν
2432 3791 2772 3859 οὑσιοποιὸν,
2801 3792 2893 3846 καὶ
2927 3793 3220 3864 ζωοποιὸν,
3252 3793 3346 3848 καὶ
3396 3789 3674 3869 σοφοδότιν
3705 3786 3778 3842 αἷ-

2143 3879 2258 3934 τίαν
2286 3884 2392 3935 τῶν
2429 3878 2636 3954 οὐσίας,
2666 3880 2753 3935 καὶ
2816 3886 2985 3953 ζωῆς,
3019 3881 3109 3936 καὶ
3162 3885 3278 3949 νοῦ,
3310 3882 3403 3938 καὶ
3458 3880 3624 3956 λόγου
3670 3896 3782 3950 μετ-

2146 3967 2475 4043 ειληφότων,
2525 3969 2615 4024 καὶ
2664 3969 2990 4041 αἰσθήσεως,
3024 3969 3203 4025 οὐκέτι
3249 3972 3352 4041 τὴν
3411 3972 3555 4043 τάξιν
3599 3965 3777 4034 ταύτην

2147 4058 2360 4132 ὁρῶμεν
2404 4056 2455 4112 έν
2516 4063 2633 4121 τοῖς
2665 4058 2783 4113 οῦσι
2814 4077 2826 4129 ;
2864 4057 2982 4114 δέον
3006 4059 3107 4136 γὰρ
3138 4062 3275 4115 κατὰ
3302 4059 3433 4125 τοὺς
3485 4057 3777 4134 εἰρημένους

2149 4147 2251 4203 ὑπὸ
2308 4151 2404 4202 σοῦ
2466 4147 2735 4223 βαθμοὺς,
2766 4150 2832 4203 τὰ
2892 4145 3020 4203 ὄντα
3072 4145 3240 4204 πλέον
3301 4155 3409 4205 τῶν
3445 4139 3778 4219 ζώντων,καὶ

2143 4242 2251 4292 τῶν
2313 4236 2742 4311 αἰσθανομένων,
2791 4238 2881 4293 καὶ
2942 4242 3049 4292 τῶν
3110 4243 3337 4312 νοερῶν,
3396 4238 3487 4294 καὶ
3539 4233 3774 4309 λογικῶν,

2142 4327 2386 4382 τουτέστι
2416 4329 2512 4380 τοῦ
2545 4330 2646 4381 νοῦ
2675 4327 2766 4381 καὶ
2810 4324 2979 4403 λόγου
3014 4326 3454 4405 μιτειληφότων,
3480 4323 3773 4395 πλησιάζειν

2145 4419 2263 4487 Θεῷ
2296 4434 2309 4446 ·
2353 4416 2535 4470 οὐκέτι
2585 4417 2680 4489 μὶν
2742 4415 2938 4489 οὕτως,
2972 4414 3024 4487 ἐξ
3081 4416 3327 4472 ἐναντίου
3370 4414 3428 4473 δέ
3485 4414 3641 4481 ἔστιν,
3672 4410 3772 4463 οἷον

2145 4503 2394 4581 οὐρανοῦ,
2421 4504 2512 4559 καὶ
2545 4506 2785 4581 ἄστρων,
2817 4505 2907 4559 καὶ
2938 4512 3066 4580 γῆς,
3101 4504 3191 4560 καὶ
3237 4503 3454 4575 ὕδατος,
3484 4503 3571 4559 καὶ
3618 4498 3773 4573 ἀέρος,

373 4595 523 4669 ipsis
546 4597 836 4666 oriuntur,
867 4597 1171 4653 vicinioria
1201 4601 1342 4652 sunt
1372 4595 1526 4650 circa
1572 4594 1674 4650 Dei
1720 4595 2033 4667 providen-

2145 4595 2230 4649 καὶ
2288 4597 2397 4649 τῶν
2443 4593 2493 4664 ἐξ
2544 4594 2719 4650 αὐτῶν
2790 4593 3161 4670 πλησιαίτερα
3204 4597 3331 4671 περὶ
3387 4596 3489 4663 τήν
3538 4589 3770 4665 πρόνοιαν

373 4687 519 4741 tiam
553 4702 621 4741 ea
648 4702 774 4758 quae
805 4686 1029 4754 vivunt,
1063 4686 1172 4741 etsi
1198 4686 1317 4740 vita
1357 4684 1683 4755 vegetativa
1718 4685 1934 4752 vivant,
1970 4690 2034 4740 ut

374 4775 588 4848 plantae
615 4779 671 4830 et
692 4775 930 4846 similia,
951 4773 1401 4845 viventibusque
1422 4773 1705 4829 viciniora
1735 4778 1875 4829 sunt
1904 4791 2032 4831 sen-

336 4888 351 4897 ε
376 4864 530 4933 eilia,
563 4865 620 4919 id
644 4868 733 4920 est
761 4865 1008 4920 rationis
1052 4864 1336 4934 expertia;
1385 4861 1601 4934 plantis
1627 4863 1783 4919 enim
1809 4881 1873 4920 ac
1896 4863 2031 4920 her-

373 4954 486 5023 bis,
522 4955 868 5026 pretiosiora
896 4957 1034 5009 sunt
1063 4952 1123 5007 in
1168 4952 1287 5007 vita
1318 4953 1545 5008 ratione
1574 4954 1851 5025 carentia,
1884 4970 2031 5025 qua-

373 5047 551 5099 tenus
585 5042 758 5099 etiam
781 5047 1013 5099 tantum
1048 5041 1311 5097 sentiunt
1345 5042 1565 5114 plantis
1596 5042 1739 5098 nihil
1774 5046 2030 5099 sentien-

374 5133 558 5203 tibus;
596 5149 725 5204 quaa
756 5136 952 5188 autem
988 5131 1215 5185 ratione
1264 5134 1512 5186 utuntur
1557 5131 1842 5188 viciniora
1890 5136 2033 5188 sunt

372 5226 490 5279 Deo
522 5221 865 5291 sensilibus,
914 5218 1330 5275 rationabilius
1373 5237 1506 5277 vero
1554 5226 1806 5289 mentes,
1838 5221 1896 5276 id
1942 5227 2033 5278 est

372 5310 707 5385 superiores
739 5309 961 5364 mundo
978 5307 1244 5375 virtutes,
1267 5314 1333 5365 ut
1354 5310 1523 5366 nobis
1543 5311 1644 5383 qui
1669 5310 1894 5367 ratione
1918 5312 2031 5367 uti-

375 5417 513 5458 mur
542 5399 900 5472 superiores,
921 5398 1421 5457 immaterialitate
1461 5404 1639 5473 atque
1660 5400 2029 5475 intelligendi

2140 4686 2239 4738 τοῦ
2270 4685 2405 4737 Θεοῦ
2445 4683 2512 4737 τὰ
2554 4687 2749 4753 ζῶντα,
2783 4683 2828 4737 εί
2866 4683 2957 4738 καὶ
3006 4684 3108 4752 τήν
3152 4684 3382 4761 φυτικὴν
3449 4685 3573 4751 ζῶσι
3623 4672 3772 4744 ζωὴν,

2144 4772 2231 4826 οἷα
2277 4772 2343 4826 τὰ
2386 4771 2523 4849 φυτὰ
2569 4772 2659 4827 καὶ
2704 4772 2771 4827 τὰ
2817 4776 3062 4844 τοιαῦτα,
3100 4772 3189 4828 καὶ
3238 4777 3348 4828 τῶν
3391 4771 3599 4841 ζώντων
3637 4775 3764 4829 πλη·

2142 4860 2385 4936 σιαίτερα
2412 4861 2479 4915 τὰ
2509 4859 2818 4933 αἱσθητικὰ,
2849 4860 3094 4917 τουτέστι
3156 4862 3225 4916 τὰ
3277 4859 3454 4935 ἄλογα
3486 4877 3500 4892 ο
3531 4859 3632 4911 τῶν
3679 4849 3764 4925 γὰρ

2142 4954 2321 5028 φυτῶν
2370 4949 2460 5004 καὶ
2525 4951 2767 5025 βοτανῶν
2818 4951 3123 5023 τιμιώτερα
3178 4949 3228 5005 ἐν
3302 4952 3415 5024 ζωῇ
3472 4945 3537 5002 τὰ
3585 4938 3761 5028 ἄλογα,

2140 5026 2259 5103 καθ’
2289 5039 2317 5093 ’ὀ
2347 5036 2443 5093 κᾶν
2481 5039 2643 5113 μόνον
2676 5038 3059 5110 αίσθάνωνται,
3089 5043 3198 5095 τῶν
3239 5043 3418 5119 φυτῶν
3473 5035 3547 5109 μὴ
3601 5026 3766 5119 αίσθας

2140 5128 2380 5201 νομένων
2417 5147 2429 5159 ·
2462 5108 2571 5183 τῶν
2633 5126 2690 5182 δὲ
2746 5108 3074 5199 αἷσθητικῶν
3132 5108 3392 5205 έγγότερα
3432 5108 3511 5197 τῷ
3558 5121 3666 5205 Θεῷ
3707 5108 3768 5205 ςεά

2142 5215 2337 5292 λογικά
2372 5236 2387 5251 ο
2414 5222 2522 5273 τῶν
2576 5214 2633 5272 δὲ
2684 5216 2921 5292 λογικῶν
2958 5221 3011 5273 οἱ
3039 5201 3182 5286 νόες,
3211 5201 3483 5273 τουτέστιν
3543 5209 3594 5264 αἱ
3644 5201 3757 5274 ὑπὲρ

2139 5306 2363 5381 κόσμιοι
2392 5304 2669 5381 δυνάμεις,
2704 5307 2780 5370 ὡς
2819 5309 2981 5381 ἡμῶν
3024 5311 3133 5363 τῶν
3197 5305 3436 5383 λογικῶν
3498 5298 3756 5383 ἀνώτεροίιν

2141 5399 2368 5455 κατὰτὸ
2399 5396 2565 5456 ὀίϋλον
2615 5400 2705 5455 καὶ
2754 5400 2940 5476 νοερὸν
2992 5398 3297 5478 ἐγγίζουσαι
3359 5391 3563 5473 μᾶλλον
3617 5382 3757 5455 ἡμῶν

1369 5579 1620 5639 νΑΗΙΛΕ
1657 5579 2052 5641 LEGTIONES
2091 5582 2181 5644 ET
2216 5581 2772 5642 GORRECTIONES.

450 5706 494 5743 ³⁷
525 5700 819 5779 ὁμοοὺσυον
833 5744 847 5767 .
