4034 6386
261 349 373 404 313

1029 361 1087 412 S.
1128 361 1400 414 MAXIM!
1437 358 1742 413 SCHOLIA
1780 360 1854 412 IN
1894 360 2025 412 LIB.
2067 363 2164 414 DE
2202 363 2476 418 DIVINIS
2513 366 2929 424 NOMINIBUS.

3585 377 3688 432 314

259 475 345 542 τῷ
383 477 504 545 Θεῷ
528 493 540 507 ·
575 473 756 530 καίτοι
789 473 898 530 ἔδει
923 477 986 532 τὸ
1018 477 1260 534 ἐναντίον
1290 479 1357 534 τὰ
1396 475 1522 534 ὄντα
1551 479 1640 534 καὶ
1667 479 1922 551 μειζόνων

2047 483 2321 541 facultate
2354 494 2495 542 sunt
2520 489 2686 544 nobis
2710 491 2825 546 Deo
2846 493 3047 548 vicinas
3073 496 3289 568 magis;
3335 499 3500 570 atqui
3521 516 3691 572 opor-

265 557 494 636 δωρεῶν
549 562 900 620 ἀπολαύοντα
960 571 1056 621 τοῦ
1110 572 1244 622 Θεοῦ
1297 568 1427 642 ὑπὲρ
1483 569 1550 623 τά
1575 566 1720 623 ἄλλα
1774 569 1927 639 εἶναι,

265 653 386 704 οἷον
420 653 514 706 τὸν
548 653 802 728 οὐρανὸν,
831 657 898 710 τὰ
930 658 1096 732 ἄστρα
1135 656 1226 711 καί
1267 658 1334 711 τὰ
1373 662 1617 713 τοιαῦτα.
1650 658 1746 712 Καὶ
1792 657 1924 728 αὕτη

269 741 368 812 μὶν
417 743 452 811 ἡ
509 742 846 820 ἓπαπόρησις
883 764 894 776 ⁸
935 744 1128 801 λοιπὸν
1188 745 1278 802 οὖν
1332 747 1679 824 ἀποκρίνεται
1713 749 1741 802 ὁ
1784 754 1924 812 θεῖος

265 831 554 896 Διονύσιος
602 833 660 887 ἐκ
715 839 814 889 τοῦ
854 839 972 909 νοῦ,
1003 836 1091 890 καὶ
1133 841 1228 891 τοῦ
1262 836 1458 912 λόγου,
1488 837 1576 892 καὶ
1607 843 1707 906 τῆς
1740 836 1929 907 αἰσθή-

266 940 407 982 σεως
467 922 586 976 καθ’
639 918 902 979 ὑπόϐασιν
961 926 1048 980 καὶ
1112 927 1207 988 τὰς
1263 929 1625 1001 προτιμήσεις
1672 929 1877 981 τάττων
1911 946 1922 958 ’

261 1011 444 1071 οὕτως
477 1011 725 1084 εὑρήσεις
763 1014 899 1086 μετά
933 1014 1055 1088 μίαν
1093 1014 1300 1074 σελίδα.

341 1099 443 1155 Καί
595 1096 648 1117 ”“
913 1108 940 1120 ’
1187 1106 1198 1124 ’
1476 1105 1486 1124 ’
1624 1127 1646 1142 ’
1808 1126 1826 1136 ”
1881 1105 1890 1124 ’

447 1121 534 1156 τοι
592 1109 700 1157 εὸει
761 1105 828 1158 τὰ
874 1125 982 1159 των
1045 1111 1334 1178 μειζονων.
1386 1110 1644 1174 Μειζονα..
1721 1103 1925 1180 δωρεας

263 1208 404 1264 φησι
439 1188 535 1251 τάς
566 1189 652 1245 ἐπὶ
704 1191 951 1248 πλεόνων
1005 1194 1404 1270 θεωρουμένας,
1439 1197 1554 1250 οἷον
1613 1196 1674 1249 τὸ
1728 1194 1784 1248 ’ὸν
1837 1193 1926 1248 καὶ

265 1278 369 1347 τήν
409 1280 556 1350 ζωήν
595 1301 606 1313 ·
638 1278 786 1336 ἀλλά
833 1282 897 1337 τὰ
945 1283 1150 1339 τούτων
1213 1284 1376 1358 μόνον
1414 1287 1715 1360 μετέχοντα
1748 1285 1850 1339 οὐκ
1874 1284 1922 1338 ἐν

260 1367 514 1441 πρώτοις
546 1369 636 1424 καὶ
685 1371 1010 1447 κρείττοσιν,
1041 1372 1168 1428 ἀλλ’
1202 1373 1252 1428 ἐν
1307 1381 1423 1437 τοῖς
1474 1374 1694 1444 ἥττοσιν
1751 1376 1924 1449 ὁρῶν-

258 1475 375 1528 ται,
414 1454 604 1528 ἐπειδὴ
653 1459 719 1514 τὰ
779 1463 875 1534 μὲν
921 1463 1276 1539 ὑπερέχοντα,
1313 1465 1403 1518 καὶ
1458 1465 1554 1526 τὰς
1606 1470 1712 1519 τῶν
1776 1463 1924 1540 ὑφει-

265 1547 451 1618 μένων
485 1542 707 1623 ἔχουσιν
740 1548 1018 1622 ἰδιότητας
1042 1558 1138 1607 τοῦ
1171 1554 1327 1623 εἶναι,
1357 1559 1454 1608 τοῦ
1498 1559 1616 1627 ζῇν,
1650 1553 1738 1608 καὶ
1792 1552 1927 1606 κατά

257 1640 430 1689 τοῦτο
463 1636 766 1710 κρείττονα,
801 1639 853 1694 εἲ
879 1643 966 1695 καὶ
1019 1638 1106 1696 διά
1158 1642 1539 1716 μερικωτέρων
1597 1641 1922 1713 ἐπωνυμιῶν

259 1725 612 1798 σημαίνοντα
638 1747 650 1760 ·
681 1729 751 1782 τά
784 1727 840 1783 δὲ
870 1735 976 1784 τῶν
1012 1729 1356 1808 ὁλικωτὲρων
1392 1732 1455 1786 οὐ
1509 1733 1798 1806 μετέχουσι
1825 1736 1926 1799 τῆς

257 1819 372 1869 τῶν
430 1817 757 1890 κρειττόνων
802 1818 1103 1892 ἰδιότητος,
1153 1823 1396 1877 τουτέστι
1445 1821 1655 1899 σοφίας,
1688 1822 1773 1876 καὶ
1829 1817 1925 1873 λό-

259 1924 367 1978 γου
428 1905 523 1960 καὶ
593 1908 962 1982 νοερότητος·
1023 1913 1113 1964 καὶ
1170 1910 1304 1966 κατά
1355 1915 1515 1966 τοῦτο
1565 1911 1787 1981 ἥττονα,
1849 1907 1920 1970 ὡς

256 1993 541 2067 ἡττόνων,
575 1994 748 2072 ἤγουν
781 1997 1132 2077 ὀλιγωτέρων
1189 1998 1407 2075 δωρεῶν
1462 2002 1784 2076 μετέχοντα,
1817 1998 1920 2053 ὥσ-

255 2104 362 2158 περ
419 2083 512 2138 οὖν
567 2086 633 2141 τὰ
673 2084 848 2165 ἕτερα,
900 2088 975 2153 ὠς
1015 2089 1308 2161 πλειόνων,
1356 2092 1444 2146 καὶ
1493 2093 1781 2166 κρείττονα
1833 2089 1922 2144 καὶ

255 2178 378 2244 Θεῷ
413 2171 804 2250 πλησιαίτερα.

331 2263 442 2318 Καὶ
504 2270 664 2334 ζῶσιν
728 2269 858 2344 ὑπὲρ
903 2271 972 2325 τὰ
1025 2267 1189 2326 ἄλλα.
1251 2273 1376 2327 ’Ότι
1435 2272 1501 2325 τὰ
1564 2268 1925 2346 ὑπερκείμενα

252 2353 350 2407 καὶ
389 2352 610 2426 μᾶλλον
644 2362 760 2430 Θεῷ
789 2359 1164 2430 πλησιάζοντα
1195 2361 1410 2436 λέγεται
1468 2358 1642 2416 πλέον
1695 2365 1789 2434 ζῇν
1817 2365 1925 2414 τῶν

260 2439 724 2516 ὑποϐεϐηκότων,
757 2451 873 2504 οἷον
903 2452 956 2504 οἱ
989 2453 1126 2506 θεῖοι
1176 2451 1292 2513 νόες
1345 2452 1474 2526 ὑπὲρ
1530 2454 1677 2524 ἡμᾶς
1735 2455 1919 2519 ζῶσιν,

259 2532 338 2594 ὡς
378 2533 598 2606 μᾶλλον
633 2536 749 2610 Θεῷ
778 2540 1196 2610 πΛησιάζοντες.
1232 2539 1403 2597 Πάλιν
1433 2543 1598 2614 ἡμεῖς
1647 2541 1723 2602 ὠς
1770 2537 1928 2615 λογι-

257 2622 374 2693 κοὶ,
407 2627 519 2677 τῶν
552 2623 766 2701 ἀλόγων
798 2629 964 2683 πλέον
990 2628 1265 2703 λεγόμεθα
1297 2634 1410 2703 ζῇν·
1436 2629 1603 2683 πάλιν
1632 2629 1699 2682 τὰ
1729 2627 1927 2702 ἄλογα,

260 2711 340 2774 ὡς
378 2711 632 2784 αἶ’σθησιν
661 2714 881 2791 ἔχοντα,
912 2717 1080 2773 πλέον
1117 2722 1182 2792 ζῇ
1213 2723 1321 2773 τῶν
1373 2722 1577 2796 φυτῶν,
1609 2718 1684 2780 ὡς
1738 2716 1927 2788 αἶ’σθη-

260 2823 346 2855 σιν
383 2803 464 2876 μὴ
497 2803 764 2880 ἐχόντων,
795 2805 940 2863 ἀλλά
972 2809 1144 2882 μόνην
1181 2809 1280 2878 τὴν
1316 2809 1544 2886 φυτικὴν
1579 2809 1744 2878 ζωήν.

331 2894 494 2961 διν.
527 2894 589 2948 Ὁ
647 2894 720 2949 ὢν
779 2895 913 2952 ὅλου
959 2903 1055 2954 τοῦ
1105 2899 1258 2956 εἶναι.
1293 2899 1369 2956 Τὸ
1401 2900 1482 2970 ὃν,
1517 2897 1604 2952 ἐπὶ
1650 2901 1746 2952 τοῦ
1795 2900 1928 2951 Θεοῦ

262 2978 598 3056 λεγόμενον,
636 2983 771 3040 ὅλου
801 2983 1125 3060 συλλήϐδην
1156 2993 1252 3043 τοῦ
1284 2988 1417 3043 εἶναι
1465 2988 1735 3064 ὑπέρεστιο
1767 2990 1928 3041 τοῦτο

261 3071 369 3146 γάρ
425 3095 588 3150 φησιν
643 3077 988 3152 ὑπερούσιον,
1047 3078 1164 3133 ἀντὶ
1220 3083 1317 3134 τοῦ
1368 3079 1500 3155 ὑπὲρ
1529 3079 1591 3133 τὸ
1623 3077 1675 3132 ἐν
1727 3077 1926 3152 γενέσει

257 3156 373 3219 ὅν·
433 3165 497 3218 τὸ
555 3165 656 3240 γάρ
735 3163 792 3221 ὃν
869 3167 1061 3222 οὐσία·
1126 3168 1230 3223 ἀπὸ
1307 3170 1408 3244 γὰρ
1491 3173 1588 3223 τοῦ
1673 3170 1808 3222 εἶναι
1865 3167 1926 3221 τὸ

2037 574 2198 628 tebat
2228 576 2609 644 contrarium,
2644 578 2927 636 nimirum
2960 599 3052 638 res
3093 601 3219 655 quae
3239 589 3563 656 majoribus
3588 590 3689 645 Dei

2037 663 2209 719 donis
2259 666 2535 722 fruuntur
2565 668 2699 724 aliis
2729 671 3008 737 eminere,
3043 674 3218 730 veluti
3267 678 3499 748 coelum,
3532 686 3691 735 astra

2036 769 2102 808 ac
2134 753 2373 823 similia,
2396 761 2571 827 atque
2593 757 2699 812 hoc
2719 759 2955 829 quidem
2981 762 3259 832 dubium;
3285 774 3484 836 postea
3508 768 3690 840 igitur

2038 843 2351 911 respondet
2380 845 2614 900 divinus
2646 846 2962 915 Dionysius
3013 865 3080 904 ex
3131 856 3346 916 mente,
3375 860 3433 908 et
3465 856 3688 912 ratione

2036 934 2094 984 et
2119 947 2318 996 sensu,
2355 932 2409 986 in
2445 935 2732 990 descensu
2765 936 2940 991 etiam
2975 940 3346 1008 praestantias
3376 943 3688 1012 ordinans;

2036 1017 2121 1074 ita
2151 1021 2404 1091 reperies
2435 1031 2566 1093 post
2598 1041 2773 1080 unam
2804 1026 3103 1097 paginam.

2109 1109 2274 1180 Atqui
2299 1111 2520 1167 decebat
2543 1130 2611 1169 ea
2639 1130 2765 1187 quae
2793 1117 3028 1185 maiora.
3080 1119 3302 1190 Majora
3344 1122 3500 1178 dona
3525 1131 3692 1180 vocat

2040 1214 2171 1269 quae
2219 1200 2279 1255 in
2330 1201 2596 1273 pluribus
2637 1212 2970 1273 cernuntur,
3005 1212 3069 1261 ut
3100 1225 3230 1264 esse
3278 1213 3335 1265 et
3374 1213 3599 1281 vivere;
3635 1220 3693 1268 at

2040 1303 2165 1358 qua
2198 1289 2290 1344 his
2323 1295 2552 1346 tantum
2586 1292 2957 1364 participant,
2989 1313 3104 1350 non
3139 1301 3276 1351 sunt
3303 1298 3358 1352 in
3393 1300 3603 1371 primis
3635 1308 3694 1357 et

2037 1379 2564 1448 praestantioribus,
2597 1399 2800 1437 verum
2834 1384 2890 1438 in
2924 1383 3226 1445 vilioribus
3256 1388 3642 1446 advertuntur
3675 1410 3688 1446 :

2037 1469 2314 1538 quoniam
2363 1487 2494 1540 quae
2541 1471 2835 1527 excellunt
2862 1473 3079 1528 habent
3127 1477 3300 1531 etiam
3345 1477 3689 1535 inferiorum

2036 1560 2417 1630 proprietates
2473 1564 2815 1634 exsistendi,
2848 1564 3100 1632 vivendi,
3134 1572 3190 1621 et
3237 1568 3295 1622 in
3347 1569 3456 1625 hoc
3504 1570 3691 1627 excel-

2040 1647 2188 1716 lunt,
2210 1650 2322 1704 etsi
2354 1651 2455 1706 illa
2485 1654 2675 1724 magis
2707 1654 3161 1724 particularibus
3192 1658 3562 1715 declarentur
3592 1679 3691 1731 ap-

2037 1738 2487 1810 pellationibus;
2513 1742 2634 1797 haec
2661 1760 2796 1798 vero
2827 1745 3288 1815 generalioribus
3311 1765 3426 1803 non
3451 1751 3693 1820 partici-

2038 1833 2180 1898 pant
2209 1831 2614 1901 superioribus
2659 1834 3140 1904 proprietatibus,
3176 1836 3230 1890 id
3264 1841 3354 1891 est
3383 1838 3690 1910 sapientia,

2035 1923 2091 1974 et
2111 1920 2337 1974 ratione
2358 1924 2416 1976 et
2435 1921 2950 1993 intellectu,atque
2971 1923 3187 1979 idcirco
3219 1925 3497 1982 inferiora
3527 1935 3688 1995 sunt,

2035 2012 2101 2063 ut
2133 2009 2464 2065 minoribus
2496 2027 2596 2066 seu
2631 2013 3011 2082 paucioribus
3043 2014 3213 2068 donis
3253 2015 3691 2088 participantia,

2035 2101 2532 2168 quemadmodum
2557 2100 2690 2170 alia,
2716 2101 3064 2172 utplurihus
3099 2103 3693 2178 participantia,pras-

2036 2189 2322 2245 stantiora
2355 2196 2494 2246 sunt
2525 2195 2700 2263 atque
2731 2193 2846 2248 Deo
2875 2192 3178 2249 viciniora.

2111 2281 2482 2336 Excellentius
2528 2297 2653 2352 quae
2699 2285 2886 2337 vivant
2916 2283 3064 2339 aliis.
3099 2285 3414 2355 Superiora
3461 2303 3526 2342 ac
3577 2288 3692 2343 Deo

2035 2369 2271 2440 propria
2302 2370 2445 2424 dicit
2478 2372 2667 2444 magis
2698 2373 2888 2427 vivere
2919 2373 3312 2442 inferioribus,
3346 2375 3521 2431 veluti
3554 2378 3694 2432 divi-

2039 2477 2127 2514 nae
2160 2466 2386 2515 mentes
2419 2463 2794 2532 praestantius
2817 2463 2982 2518 nobis
3006 2463 3301 2534 vivunt,ut
3321 2465 3435 2521 Deo
3456 2468 3693 2538 propio-

2039 2565 2153 2603 res.
2189 2549 2415 2605 Rursus
2458 2567 2565 2606 nos
2609 2557 2674 2606 ut
2721 2553 2946 2608 ratione
2977 2555 3225 2624 praediti,
3257 2557 3513 2612 dicimur
3563 2558 3692 2628 plus

2036 2641 2226 2696 vivere
2257 2642 2477 2708 brutis;
2512 2642 2723 2698 iterum
2758 2645 2948 2714 bruta,
2986 2650 3050 2699 ut
3076 2662 3254 2701 sensu
3286 2647 3695 2721 praedita,plus

2037 2727 2242 2783 vivunt
2298 2728 2538 2799 plantis,
2584 2735 2783 2802 utpote
2841 2749 3018 2788 sensu
3078 2733 3403 2805 destitutis,
3450 2737 3694 2807 solaque

2037 2817 2156 2873 vita
2183 2819 2510 2890 vegetativa
2539 2821 2868 2877 instructis.

2107 2908 2257 2976 §IV.
2293 2908 2399 2977 Qui
2445 2913 2524 2964 est
2572 2910 2738 2964 totius
2785 2927 2917 2966 esse.
2960 2912 3123 2976 Quod
3173 2917 3262 2967 est
3309 2915 3381 2968 de
3429 2914 3544 2969 Deo
3604 2916 3692 2970 di-

2040 3001 2477 3068 ctum,superat
2508 3003 2695 3054 totum
2730 3001 2881 3070 quod
2916 3004 3004 3054 est
3033 2999 3329 3056 collective
3361 3007 3692 3074 sumptum;

2040 3087 2148 3143 hoe
2204 3088 2360 3142 enim
2421 3089 2616 3160 inquit
2672 3090 3274 3161 supersubstantiale,
3338 3109 3442 3163 pro
3517 3110 3698 3164 supra

2041 3194 2146 3232 ens
2178 3179 2528 3248 productum
2556 3198 2569 3247 ;
2600 3196 2704 3234 ens
2735 3179 2891 3234 enim
2937 3180 3192 3235 essentia
3226 3198 3238 3234 :
3293 3198 3428 3236 nam
3462 3183 3532 3237 ab
3566 3199 3697 3238 esse

256 3251 447 3331 ὄνομα
532 3265 806 3335 παρῆκται
895 3265 995 3328 τῆς
1077 3258 1282 3322 οὐσίας.
1343 3262 1402 3316 Ὀ
1481 3257 1572 3313 οὖν
1647 3258 1795 3330 Θεὸς,
1854 3255 1922 3320 ὡς

2041 3244 2252 3320 nomen
2285 3244 2900 3321 essentiaa'deductum
2930 3271 3038 3321 est.
3063 3267 3211 3338 Ergo
3243 3269 3418 3339 Deus,
3441 3270 3696 3326 utetiam

254 3348 349 3402 καὶ
444 3351 543 3402 τοῦ
629 3350 768 3401 εἶναι
856 3348 1242 3422 ὑπερκείμενος
1322 3349 1403 3422 (τὸ
1486 3350 1588 3422 γὰρ
1675 3351 1810 3401 εἶναι
1871 3347 1920 3420 ἐξ

257 3436 444 3498 αἶτίας
473 3437 623 3498 τινὸς
657 3435 826 3507 δηλοῖ
872 3438 947 3500 εἰς
1002 3439 1065 3493 τὸ
1097 3441 1230 3494 εἶναι
1263 3439 1538 3514 ἀχθῆναι),
1569 3435 1640 3490 ὣν
1689 3438 1925 3512 ὑπερθυ-

262 3527 395 3589 σίως
425 3532 652 3581 νοεῖται’
688 3523 772 3580 διὸ
803 3527 893 3581 καὶ
922 3526 1056 3582 αἰὼν
1091 3526 1307 3603 λέγεται
1339 3531 1474 3582 εἶναι
1503 3531 1612 3582 τῶν
1642 3526 1925 3603 παρηγμέ-

262 3640 369 3672 νων
412 3618 504 3671 ὑπ’
536 3616 702 3671 αὐτοῦ
732 3616 965 3672 αἰώνωνο
990 3616 1121 3692 ὅπερ
1153 3619 1255 3693 γὰρ
1292 3617 1431 3690 μήὸε
1461 3617 1549 3686 ἦν,
1587 3619 1725 3689 μήτε
1756 3615 1923 3685 ἔσται,

264 3705 391 3760 ἀλλ’
420 3703 540 3761 ἔστι
588 3707 780 3779 μόνον,
823 3708 984 3762 τοῦτο
1043 3708 1210 3768 έστὼς
1263 3705 1391 3783 ἔχον
1447 3707 1509 3761 τὸ
1541 3709 1700 3776 εἶναι,
1729 3708 1790 3761 τὸ
1847 3707 1923 3779 μὴ

277 3792 641 3868 μεταϐάλλειν
674 3797 750 3860 εἰς
779 3799 842 3852 τὸ
875 3795 1042 3869 ἔσται,
1076 3799 1205 3870 μήτ’
1236 3795 1300 3851 αὖ
1353 3791 1777 3870 μεταϐεϐηκέναι
1818 3797 1924 3851 ἀπὸ

263 3889 358 3938 τοῦ
387 3887 476 3957 [ἦν
513 3885 593 3947 εἷς
621 3887 704 3960 τὸ]
739 3881 874 3956 ἔστι,
907 3886 1070 3942 τοῦτό
1104 3885 1241 3941 ἐστιν
1277 3886 1411 3940 αἰών
1445 3907 1456 3919 '
1495 3885 1556 3940 οὗ
1600 3887 1700 3961 γὰρ
1756 3887 1924 3958 μόνον

254 3975 321 4029 τὰ
347 3973 482 4030 ὄντα
508 3977 684 4031 πάντα
713 3974 796 4031 δεῖ
825 3982 1076 4050 παρεῖναι
1125 3981 1204 4049 τῷ
1248 3978 1405 4032 παντὶ
1463 3977 1550 4031 καὶ
1603 3975 1741 4049 ὅλῳ,
1777 3975 1922 4031 ἀλλά

250 4066 342 4119 καὶ
375 4067 444 4120 τὸ
479 4063 651 4140 μηδὲν
685 4071 782 4121 τοῦ
811 4087 945 4121 ποτε
978 4067 1053 4140 μή
1097 4063 1253 4129 ὄντος
1289 4089 1299 4100 ·
1329 4063 1455 4120 οὐδὲ
1502 4067 1605 4141 γάρ
1654 4087 1702 4120 τι
1749 4085 1920 4140 προσ-

249 4159 480 4232 γέγονεν
544 4157 714 4229 αὐτῷ,
747 4157 824 4229 μή
868 4155 925 4211 δν
977 4157 1264 4232 πρότερον.
1295 4155 1444 4227 Αὕτη
1497 4155 1587 4212 οὖν
1687 4153 1923 4220 διάθεσις

245 4247 338 4300 καὶ
391 4246 554 4324 φύσις
600 4244 832 4302 καλοῖτο
881 4245 963 4318 ἂν,
995 4248 1086 4301 καὶ
1132 4245 1214 4315 εἴη
1259 4244 1390 4301 αἰών
1430 4267 1440 4278 ·
1477 4246 1611 4301 αἰὼν
1662 4246 1764 4321 γάρ
1814 4245 1920 4300 ἀπὸ

243 4341 352 4391 τοῦ
384 4335 471 4390 ἀεὶ
500 4332 656 4400 ὄντος
688 4332 922 4411 εἴρηται.
957 4334 1029 4390 Ei’
1051 4357 1134 4398 τις
1165 4335 1254 4390 οὖν
1289 4333 1432 4390 οὕτω
1474 4337 1564 4390 τὸν
1616 4335 1787 4390 αἰῶνα
1836 4333 1921 4389 λέ-

247 4447 340 4501 γοι
411 4426 562 4494 ζωὴν
622 4424 978 4502 ἄπειρον,τῷ
1035 4431 1208 4480 πᾶσαν
1269 4423 1378 4495 ἤδη
1407 4426 1688 4496 εἷναι,καὶ
1751 4423 1920 4499 μηδὲν

253 4513 576 4570 ἀναλίσκειν
609 4515 776 4586 αὐτῆς
806 4520 884 4588 τῷ
927 4513 1390 4592 παρεληλυθέναι,
1431 4512 1561 4588 μηδ’
1600 4513 1664 4570 αὖ
1721 4516 1916 4588 μένειν,

2033 3339 2162 3425 ips0
2195 3371 2324 3409 esse
2356 3355 2623 3426 superior
2653 3357 2787 3425 (esse
2817 3357 2973 3411 enim
3028 3357 3286 3412 declarat
3343 3359 3695 3429 productum

2021 3443 2188 3498 469
2225 3444 2407 3500 fuisse
2438 3445 2510 3500 ab
2543 3444 2742 3515 aliqua
2772 3463 2952 3501 causa
2987 3447 3059 3500 ad
3110 3447 3557 3518 exsistendum),
3592 3449 3694 3520 qui

2037 3537 2146 3601 est,
2171 3550 2352 3604 supra
2370 3533 3097 3606 essentiamintelligitur;
3133 3535 3262 3591 ideo
3280 3537 3454 3592 etiam
3481 3537 3696 3592 dicitur

2038 3639 2166 3678 esse
2192 3626 2488 3679 aeternitas
2519 3624 2865 3680 saeculorum
2891 3626 2964 3680 ab
2985 3641 3050 3680 eo
3071 3627 3211 3696 procl
3225 3630 3512 3693 uotorum;
3538 3630 3692 3699 quod

2039 3711 2192 3766 enim
2227 3730 2411 3784 neque
2437 3718 2582 3782 erat,
2619 3730 2805 3784 neque
2853 3717 2984 3782 erit,
3017 3715 3116 3770 sed
3166 3719 3393 3771 tantum
3442 3722 3552 3783 est,
3584 3717 3692 3773 ha-

2034 3800 2182 3858 bens
2212 3803 2322 3863 hoc
2354 3819 2482 3859 esse
2514 3805 2869 3869 consistens,
2901 3821 3014 3858 non
3063 3805 3278 3860 mutari
3312 3806 3370 3860 in
3403 3807 3689 3874 futurum,

2034 3910 2222 3964 neque
2248 3898 2451 3948 contra
2499 3894 2570 3948 ab
2618 3911 2746 3949 esse
2794 3894 2874 3965 [in
2909 3893 3020 3967 est]
3071 3895 3431 3965 transivisse,
3468 3897 3572 3952 hoc
3603 3904 3692 3952 est

2033 3984 2351 4040 zeternitas.
2386 3983 2511 4038 Non
2542 3983 2697 4038 enim
2730 3988 2962 4038 tantum
3010 3984 3168 4038 entia
3217 3985 3414 4040 omnia
3465 3991 3693 4056 oportet

2033 4074 2239 4129 adesse
2271 4074 2431 4126 omni
2463 4077 2521 4127 et
2550 4071 2678 4140 toti,
2701 4073 2800 4127 sed
2833 4073 3012 4127 etiam
3042 4072 3186 4126 nihil
3220 4073 3349 4143 ejus
3371 4075 3524 4144 quod
3550 4074 3688 4130 alibi

2032 4179 2146 4218 non
2182 4165 2302 4230 est;
2337 4159 2697 4232 nequeenim
2719 4160 2941 4231 aliquid
2976 4160 3090 4231 ipsi
3116 4161 3306 4216 adfuit
3335 4162 3490 4232 quod
3525 4162 3689 4234 prius

2031 4267 2146 4306 non
2176 4251 2408 4306 fuisset.
2442 4252 2573 4306 Haec
2598 4249 2781 4322 igitur
2812 4250 3121 4322 dispositio
3153 4256 3208 4306 et
3241 4255 3470 4320 natura,
3495 4252 3687 4307 vocari

2036 4346 2237 4411 posset
2267 4346 2442 4412 atque
2473 4345 2626 4396 esset
2656 4343 2977 4402 aeternitas;
3022 4337 3152 4393 αἰών
3187 4341 3343 4396 enim
3376 4342 3447 4396 ab
3481 4338 3562 4394 ἀεὶ
3595 4333 3688 4393 ὅν-

2028 4450 2119 4490 τος
2151 4447 2252 4486 seu
2283 4430 2432 4500 quod
2458 4446 2672 4501 semper
2689 4433 2780 4494 sit,
2805 4429 3040 4484 dicitur.
3067 4428 3125 4484 Si
3145 4429 3323 4500 igitur
3339 4429 3688 4501 aliquisista

2030 4521 2256 4576 ratione
2307 4520 2520 4577 dixerit
2549 4519 2932 4574 aeternitatem
2965 4519 3143 4574 vitam
3178 4518 3495 4589 inﬁnitam,
3528 4519 3684 4590 quod

255 4606 362 4660 οὐκ
423 4604 484 4659 ἂν
543 4602 628 4675 εἴη
681 4611 825 4659 πᾶσα
853 4625 864 4638 ·
900 4605 1062 4680 ἐγγὺς
1125 4602 1182 4659 δὲ
1224 4603 1289 4659 ἃυ
1323 4601 1405 4675 εἰή
1438 4609 1534 4659 τοῦ
1569 4605 1838 4680 ὁρίζεσθαί
1867 4605 1918 4659 τί

2038 4615 2148 4666 tota
2172 4612 2294 4681 jam
2325 4610 2423 4676 sit,
2458 4608 2721 4680 nihilque
2767 4609 2894 4679 ejus
2937 4612 3324 4663 consumatur
3369 4607 3682 4678 praeterito,

254 4694 419 4750 αἰών.
454 4696 663 4752 Ἐκεῖνο
694 4699 824 4770 γοῦν
879 4693 1018 4750 ἐστιν
1071 4693 1315 4771 ἄπειρον,
1346 4694 1407 4749 τὸ
1461 4695 1536 4768 μὴ
1585 4693 1865 4750 ἐπιλεῖπον
1903 4717 1915 4729 ·

255 4786 346 4839 καὶ
377 4789 546 4839 τοῦτο
577 4787 804 4860 κυρίως,
836 4787 918 4840 ὅτι
957 4782 1124 4859 μηδὲν
1153 4786 1342 4840 ἑαυτοῦ
1385 4784 1663 4840 ἀναλίσκει
1699 4804 1710 4816 ·
1744 4785 1918 4850 οὕτως

259 4873 350 4930 οὖν
386 4877 416 4930 ὁ
449 4875 581 4937 Θεὸς
608 4875 699 4930 καὶ
752 4874 908 4944 αἰὼν,
940 4875 1029 4930 καὶ
1063 4875 1267 4937 αἲῶνας
1313 4879 1512 4931 ποιῶν.
1547 4875 1689 4932 Αἰὼν
1737 4875 1915 4930 τοίνυν

260 4965 403 5021 ἐστὶν
439 4965 502 5020 οὗ
535 4966 595 5020 τὸ
629 4965 1010 5039 ὑποκείμενον,
1043 4963 1190 5019 ἀλλά
1225 4966 1286 5020 τὸ
1329 4964 1380 5036 ἐξ
1430 4965 1593 5019 αὐτοῦ
1637 4969 1732 5020 τοῦ
1781 4967 1917 5020 ὑπο-

259 5055 522 5127 κειμένου
554 5053 839 5128 ἐκλάμπον
875 5074 888 5087 ’
922 5055 990 5109 τὰ
1021 5054 1110 5108 οὖν
1138 5055 1309 5125 νοτ,τά
1337 5056 1426 5108 καὶ
1475 5055 1540 5109 τὰ
1582 5056 1658 5128 μή
1713 5055 1921 5131 ὁρώμε-

258 5166 322 5199 να
350 5145 492 5200 κατά
534 5145 626 5200 τὸν
659 5143 1001 5200 ’Λπόστολον
1038 5145 1252 5199 αἰώνια·
1287 5143 1506 5199 αἰώνιον
1554 5141 1611 5199 δὲ
1670 5145 1773 5200 οὐκ
1821 5145 1920 5199 αὐο

255 5235 349 5297 τός
393 5234 540 5290 ἆστιν
586 5235 614 5289 ὁ
655 5233 813 5306 αἰὼν,
845 5231 992 5290 ἀλλά
1038 5235 1100 5289 τὸ
1145 5235 1338 5296 αἰῶνος
1391 5233 1640 5309 μετέχον,
1673 5237 1918 5290 τουτέστι

256 5332 357 5394 τῆς
417 5322 746 5380 ἀδιαστάτου
797 5325 888 5379 καὶ
950 5323 1178 5400 ἀπείρου
1239 5329 1402 5394 ζωῆς.
1435 5325 1522 5386 Ὡς
1556 5323 1646 5379 οὖν
1679 5325 1765 5379 καὶ
1812 5329 1920 5379 τῶν

261 5415 484 5485 αἰῶνος,
544 5414 790 5470 τουτέστι
849 5419 946 5469 τοῦ
998 5413 1076 5470 ἀεὶ
1141 5410 1295 5476 ὄντος
1374 5414 1740 5490 μετεχόντων,
1799 5417 1921 5478 καθ’

258 5503 569 5579 ὁμοιότητα
588 5502 802 5561 αἰώνων
839 5502 1153 5580 λεγομένων
1187 5503 1424 5574 ποιητὴς
1455 5503 1482 5559 ὁ
1504 5505 1652 5576 Θεὸς,
1679 5523 1916 5575 πεποιη-

331 5722 413 5799 (y)
437 5721 610 5783 Rom.
640 5736 682 5795 ι,
711 5723 803 5780 20.

2030 4715 2219 4771 neque
2251 4705 2455 4756 contra
2487 4699 2724 4766 futuro;
2759 4714 2872 4753 non
2903 4697 3056 4753 enim
3082 4703 3238 4752 esset
3256 4702 3410 4753 tota:
3448 4699 3685 4754 accede-

2031 4793 2120 4845 ret
2149 4805 2280 4844 vero
2312 4790 2382 4844 ad
2417 4789 2813 4844 deﬁniendum
2843 4787 2983 4858 quid
3016 4786 3094 4843 sit
3123 4787 3556 4843 aeternitasllla
3581 4787 3684 4858 igi-

2032 4883 2126 4933 tur
2157 4883 2246 4934 est
2276 4879 2531 4944 infinita,
2559 4895 2674 4933 non
2707 4877 2984 4932 deﬁciens
3013 4894 3026 4945 ;
3081 4882 3253 4948 atque
3285 4876 3394 4931 hoc
3427 4877 3681 4948 proprie,

2029 4969 2165 5039 quia
2196 4968 2342 5022 nihil
2376 4967 2467 5022 sui
2499 4969 2830 5024 consumit:
2862 4967 2943 5022 ita
2979 4966 3158 5038 igitur
3188 4966 3342 5021 Deus
3373 4970 3429 5020 et
3459 4967 3688 5021 aeterni-

2029 5062 2141 5124 tas,
2176 5057 2691 5128 aiternitatumque
2723 5057 3031 5126 conditor;
3073 5073 3208 5127 ergo
3258 5056 3553 5111 aeternitas
3598 5060 3688 5112 est

2029 5163 2145 5202 non
2177 5147 2535 5218 subjectum,
2568 5147 2666 5202 sed
2701 5147 2856 5216 quod
2893 5162 2960 5200 ex
2991 5147 3117 5216 ipso
3149 5146 3412 5215 subjecto
3457 5145 3682 5214 elucet;

2028 5253 2164 5309 ergo
2196 5235 3065 5308 inintelligibiliaetinvisibilia
3085 5235 3411 5290 secundum
3443 5236 3688 5306 Aposto-

2027 5325 2152 5382 lum
2184 5331 2399 5382 aeterna
2421 5326 2520 5398 (y);
2547 5330 2830 5380 aeternum
2854 5329 2962 5391 est,
2988 5341 3100 5380 non
3133 5341 3267 5380 vero
3299 5324 3428 5396 ipsa
3458 5325 3689 5380 aeterni-

2027 5420 2142 5484 tas,
2169 5417 2267 5472 sed
2291 5415 2681 5471 aeternitatem
2705 5414 3088 5485 participans,
3112 5414 3171 5469 id
3204 5419 3294 5470 est
3327 5414 3572 5471 minime
3601 5414 3688 5469 di-

2027 5505 2241 5564 stantis
2272 5521 2375 5563 seu
2406 5503 2712 5577 prasentis
2761 5503 3127 5576 infinitaeque
3177 5505 3307 5560 vitae
3368 5504 3681 5577 particeps.
