4034 6388
422 352 529 405 315

1252 357 1617 409 ΑΡΡΕΝΒῙΧ
1658 359 1753 409 ΑΙ)
1792 355 2030 408 OPERA
2070 358 2092 408 Ε

2209 357 2485 410 ιΙΟΝΥΒΙῙ
2527 357 3026 412 ΑΒΕΟΡΑΟῙΤΛΕ.
3729 362 3821 416 316

423 477 936 541 Quemadmodum
974 477 1154 550 igitur
1181 478 1336 534 Deus
1368 479 1634 535 conditor
1673 495 1876 535 eorum
1910 480 2084 535 etiam

2209 479 2348 532 κέναι
2405 479 2534 542 τοὺς
2589 478 2787 541 αῗῶνας
2849 481 3067 555 Λέγεται
3115 479 3232 534 ἀντὶ
3266 484 3362 534 τοῦ
3400 481 3468 535 τὰ
3496 484 3678 552 νοητὰ,
3709 484 3822 540 αἰὼν

423 584 551 637 quae
574 567 983 638 aeternitatem,
1010 567 1064 623 id
1097 573 1187 624 est
1216 568 1362 625 illud
1392 571 1546 642 quod
1580 585 1813 641 semper
1845 574 2090 641 est,par-

421 657 689 726 ticipant,
716 660 771 710 et
790 657 1181 712 similitudine
1214 660 1469 730 quadam
1503 659 2087 714 aeternitatcsdicun-

419 751 536 812 tur,
573 746 959 801 aeternitatem
994 764 1225 804 creasse
1256 749 1472 803 dicitur
1523 766 1624 820 pro
1670 748 2085 820 intelligibilia.

420 851 552 888 cum
605 835 687 889 sit
733 852 934 889 eorum
986 839 1301 902 mternitas,
1337 843 1509 905 atque
1541 844 1955 904 conservator;
2005 837 2090 892 ita

422 913 599 979 etiam
633 929 868 995 tempus
900 925 1117 980 dicitur
1150 927 1247 997 qui
1279 929 1564 998 temporis
1596 943 1827 998 expers,
1853 933 1917 982 ut
1946 932 2089 981 tem-

420 1030 632 1085 porum
665 1021 899 1081 auctor;
936 1017 1090 1085 quod
1123 1015 1278 1071 enim
1314 1017 1372 1070 in
1405 1017 1882 1088 intelligibilibus
1924 1023 2087 1072 aster-

424 1103 579 1157 nitas
607 1119 709 1158 seu
743 1121 948 1172 aevum,
972 1104 1116 1159 illud
1152 1106 1346 1177 ipsum
1379 1113 1469 1161 est
1498 1107 1556 1161 in
1591 1107 1913 1162 sensilibus
1934 1113 2086 1162 tem-

422 1208 573 1262 pus:
607 1192 762 1246 sicut
792 1193 972 1263 igitur
1002 1195 1258 1249 visibilia
1303 1202 1443 1250 sunt
1493 1197 1784 1268 imagines
1816 1195 2088 1251 invisibi-

421 1280 567 1336 lium
599 1287 656 1337 et
692 1281 1181 1353 intelligibilium,
1206 1302 1270 1339 ac
1293 1285 1680 1340 aaternitatem
1712 1284 1963 1340 dicimus
1983 1283 2086 1339 mi-

422 1374 577 1426 nixus
610 1377 958 1426 trementem
993 1372 1154 1431 illam
1190 1381 1365 1444 atque
1399 1374 1577 1428 simul
1610 1379 1790 1429 totam
1811 1376 1998 1429 vitam
2023 1390 2089 1429 ac

420 1460 711 1516 inﬁnitam
766 1461 1039 1532 protinus
1086 1463 1445 1533 omninoque
1505 1465 1758 1529 ﬁrmam,
1793 1481 1859 1518 ac
1890 1465 1947 1518 in
1973 1479 2090 1518 uno

419 1553 596 1619 atque
643 1567 746 1620 per
797 1567 980 1606 unum
1011 1555 1265 1606 stantem
1295 1570 1307 1607 :
1342 1553 1425 1607 sic
1458 1554 1635 1608 etiam
1671 1558 1928 1624 tempus,
1962 1557 2090 1607 tum

421 1639 662 1708 quidem
694 1639 751 1694 in
787 1657 852 1694 eo
886 1642 1041 1711 quod
1069 1659 1304 1713 semper
1333 1648 1422 1698 est
1450 1645 2090 1714 requiescere,appare-

421 1744 482 1782 re
512 1745 647 1784 vero
681 1729 737 1783 in
772 1731 1056 1800 subjecto,
1093 1733 1329 1803 quando
1371 1733 1544 1787 etiam
1580 1738 1783 1804 postea
1816 1737 2088 1788 naturam

419 1816 714 1916 visi-bilem
749 1820 1061 1890 procedere
1090 1822 1414 1892 oportebat.
1450 1825 1654 1892 Itaque
1713 1839 2086 1892 progressum
2124 1863 2170 1928 B

420 1905 628 1961 divinae
661 1909 942 1963 bonitatis
975 1909 1046 1963 ad
1081 1909 1322 1966 sensilia
1365 1915 1429 1964 ut
1471 1927 1536 1966 ea
1583 1912 1892 1982 producat,
1920 1927 2090 1966 voca-

423 2012 557 2052 mus
587 2001 864 2069 tempus;
918 2014 1034 2052 non
1084 1999 1242 2053 enim
1300 2005 1497 2056 motus
1527 2001 1979 2056 interstitiorum
2016 2001 2087 2055 ad

423 2088 620 2155 partes
651 2091 709 2140 et
738 2091 1120 2158 tempestates
1146 2092 1202 2142 et
1225 2095 1428 2144 noctes
1451 2095 1507 2145 et
1529 2091 1678 2157 dies,
1705 2094 1794 2146 est
1828 2095 2088 2162 tempus,

422 2175 523 2228 sed
544 2175 808 2243 ejusdem
829 2192 965 2230 cum
984 2181 1246 2247 tempore
1267 2179 1561 2250 nominis;
1589 2180 2089 2250 quemadmodum

421 2263 579 2318 enim
633 2265 788 2335 quod
845 2272 1148 2322 mensurat
1178 2273 1233 2322 et
1267 2275 1663 2334 mensuratur,
1694 2269 1957 2324 solemus
1989 2285 2091 2324 eo-

423 2351 556 2407 dem
590 2353 888 2424 appellare
937 2355 1213 2410 nomine:
1269 2357 1346 2410 ita
1395 2357 1594 2423 etiam,
1647 2357 1762 2427 hic,
1813 2357 1990 2412 veluti
2043 2358 2091 2412 si

423 2442 582 2511 quod
617 2443 814 2498 cubito
845 2446 1318 2502 mensuravimus
1353 2449 1507 2502 I70
1538 2448 1658 2502 sive
1689 2447 2091 2518 pavimentum

2198 568 2377 622 αὐτῶν
2414 567 2510 636 ὣν,
2544 567 2634 622 καὶ
2667 568 2961 643 συνοχεόςο
2998 567 3142 622 οὕτω
3173 568 3261 622 καὶ
3293 568 3489 644 χρόνος
3545 572 3572 624 6
3616 569 3824 647 ἄχρονος

2201 655 2434 729 λέγεται,
2468 657 2559 711 ἅτε
2587 659 2676 712 xui
2706 657 2921 733 χρόνων
2957 657 3162 720 αἷ¹τιος⁶
3197 659 3326 733 ὅπερ
3357 659 3458 734 γὰρ
3491 659 3543 713 ἐν
3573 667 3684 722 τοῖς
3713 683 3823 733 νοη-

2195 752 2314 810 τοῖς
2366 746 2521 815 αἶ’ὼν,
2576 748 2737 802 τοῦτό
2796 746 2935 801 ἐστιν
2995 747 3044 801 ἐν
3099 753 3216 808 τοῖς
3289 747 3573 819 αἶ’σθητοῖς
3628 751 3823 825 χρόνος,

2199 838 2402 911 Ὥσπερ
2436 835 2525 890 οῦν
2555 838 2622 891 τὰ
2644 837 2896 910 ὁρώμενα
2923 836 3124 900 εἰκόνες
3154 837 3257 891 εἶσὶ
3299 843 3406 892 τῶν
3459 838 3694 912 ἀοράτων
3748 843 3824 896 καὶ

2198 931 2435 997 νοητῶν,
2467 927 2556 980 καὶ
2603 927 2774 980 αἰῶνα
2828 925 3062 1001 λέγομεν
3104 928 3202 996 τήν
3245 928 3454 1003 ἀτρεμῆ
3507 926 3707 998 ἐκείνην
3747 931 3826 984 καὶ

2199 1016 2340 1088 ὁμοῦ
2369 1020 2542 1069 πᾶσαν
2579 1016 2746 1087 ζωήν,
2778 1015 2867 1069 καὶ
2900 1013 3122 1090 ἄπειρον
3175 1013 3283 1084 ἤδη
3334 1015 3425 1070 καὶ
3475 1016 3664 1087 ἀκλινῆ
3710 1018 3826 1072 πάν-

2196 1125 2288 1175 τη,
2318 1103 2406 1159 xui
2457 1103 2508 1158 ἐν
2561 1104 2659 1172 ἑνὶ,
2692 1104 2780 1160 καὶ
2821 1109 3169 1180 προεστῶσαν
3205 1124 3218 1136 ·
3254 1104 3396 1160 οὕτω
3444 1105 3532 1159 xui
3575 1106 3665 1161 16v
3705 1108 3826 1182 χρό-

2197 1215 2312 1266 νον,
2343 1194 2468 1249 τότε
2503 1195 2600 1267 μὲν
2632 1193 2684 1248 ἐν
2713 1198 2793 1266 τῷ
2843 1193 2924 1248 ἀεὶ
2974 1190 3087 1248 ὄντι
3143 1193 3524 1262 ἀναπαύεσθαι,
3558 1193 3826 1272 ἐκφανῆναι

2199 1282 2256 1338 δὲ
2307 1285 2426 1348 καθ’
2484 1279 2771 1350 ὑπόϐασιν,
2825 1284 2914 1338 ὅτε
2961 1285 3050 1337 καὶ
3125 1283 3346 1358 ὕστερον
3413 1282 3570 1361 φύσιν
3647 1285 3823 1359 ὁρατὴν

2199 1373 2373 1448 ὶχρῆν
2405 1371 2716 1447 προελθεῖν.
2751 1374 2867 1442 Τὴν
2900 1370 2991 1426 οῦν
3024 1372 3099 1433 εἷς
3131 1372 3198 1427 τὰ
3228 1372 3462 1441 αἰσθητὰ
3483 1369 3715 1447 πρόοδον
3742 1377 3824 1438 τῆς

2201 1459 2278 1524 εἷς
2304 1461 2366 1516 τὸ
2403 1466 2565 1516 ταῦτα
2597 1458 2956 1536 δημιουργεῖν
2991 1461 3325 1537 ἀγαθότητος
3357 1461 3455 1516 τοῦ
3487 1465 3618 1516 Θεοῦ
3659 1461 3833 1517 καλοῦ.

2205 1573 2297 1624 μεν
2347 1551 2571 1627 χρόνον·
2625 1552 2689 1606 οὗ
2732 1571 2833 1628 γαρ
2881 1554 2915 1621 ἡ
2962 1551 3175 1622 κίνησις
3217 1555 3328 1605 τῶν
3380 1551 3458 1614 εἲς
3522 1550 3709 1626 μοίρας
3750 1553 3824 1606 καὶ

2202 1641 2345 1714 ὥρας
2383 1641 2474 1694 καὶ
2523 1640 2718 1702 νύκτας
2765 1640 2855 1695 καὶ
2891 1640 3104 1715 ἡμέρας
3145 1637 3501 1708 διαστάσεων,
3529 1644 3684 1694 τοῦτο
3714 1641 3828 1716 χρό-

2200 1751 2314 1798 νος,
2349 1728 2475 1784 ἀλλ⁹
2505 1731 2804 1802 ὁμώνυμον
2836 1735 2914 1802 τῷ
2943 1731 3132 1805 χρόνῳ
3161 1749 3174 1762 ·
3205 1728 3385 1802 ὥσπερ
3416 1730 3518 1805 γὰρ
3539 1732 3599 1784 16
3628 1733 3828 1804 μετροῦν

2200 1819 2289 1873 καὶ
2353 1818 2718 1893 μετρούμενον
2771 1819 3038 1891 εἰώθαμεν
3101 1819 3416 1892 ὁμωνύμως
3463 1818 3667 1890 καλεῖν,
3710 1819 3828 1872 οὕτω

2201 1907 2290 1961 xui
2324 1906 2550 1962 ἐνταῦθα
2584 1927 2596 1940 ⁸
2633 1909 2772 1978 οἷον,
2806 1907 2893 1962 ἐὰν
2924 1909 2987 1962 τὸ
3031 1908 3134 1962 ὑπὸ
3182 1909 3414 1982 πήχεως
3470 1907 3826 1982 μετρούμενον,

2201 1994 2307 2051 εἷ’τε
2338 1992 2562 2074 ἔδαφος,
2593 1996 2700 2052 εἷ’τε
2730 2002 2942 2072 τεῖχος,
2967 1996 3001 2065 ἢ
3033 1994 3240 2072 ἕτερον,
3271 2003 3462 2072 πῆχυν
3507 1995 3742 2072 λὲγομεν.
3771 1998 3823 2052 Ai

2201 2091 2331 2162 γοῦν
2358 2091 2466 2140 τῶν
2496 2086 2731 2161 ἀστέρων
2777 2088 2963 2162 φοραὶ,
2994 2086 3129 2141 κατᾶ
3179 2090 3242 2141 τὸ
3301 2087 3612 2160 εἰρημένον,
3643 2088 3823 2142 Ἔστω-

2201 2197 2293 2230 σαν
2353 2175 2430 2238 εἷς
2489 2182 2690 2248 σημεῖα
2748 2175 2836 2230 xui
2897 2176 2974 2237 εἷς
3033 2175 3279 2252 καιροὺς,
3311 2176 3405 2230 xui
3451 2175 3526 2237 εἲς
3556 2174 3820 2242 ἐνιαυτοὺς,

2201 2266 2341 2338 πρὸς
2373 2263 2660 2337 διορισμὸν
2691 2265 2779 2320 καὶ
2827 2263 3070 2336 δήλωσιν
3111 2268 3248 2338 ἡμῖν
3284 2265 3489 2340 ζναργῆ
3535 2267 3673 2339 παρὰ
3715 2269 3825 2318 Θεοῦ

2203 2354 2472 2429 ἐγένοντο.
2504 2357 2566 2410 Ὁ
2620 2352 2712 2408 οὖν
2769 2354 2859 2408 xui
2915 2359 3083 2409 ταῦτα
3138 2352 3418 2424 διατάξας,
3451 2353 3605 2416 αὐτὸς
3651 2352 3705 2407 ἃν
3756 2351 3823 2421 εἷῆ

2206 2443 2578 2518 ὑπεραιωνίως
2609 2443 2697 2497 καὶ
2729 2442 2983 2518 ἀχρόνως
3012 2447 3182 2498 ταῦτα
3203 2444 3277 2505 ὡς
3309 2443 3512 2505 αἴτιος.

433 2531 557 2585 sive
585 2548 822 2588 murum
857 2539 958 2588 aut
988 2533 1142 2589 aliud
1179 2535 1442 2591 cubitum
1477 2536 1751 2591 dicimus.
1783 2536 1978 2592 Motus
2027 2535 2205 2608 igitur
2264 2541 2580 2600 astrorum,
2643 2535 2968 2590 secundum
3027 2534 3174 2590 illud
3234 2534 3558 2606 Scriptum
3591 2549 3604 2588 :
3651 2532 3759 2588 Sint
3787 2531 3834 2585 in

429 2621 591 2690 signa
620 2629 675 2676 et
704 2623 762 2675 in
791 2627 1043 2695 tempora
1068 2631 1120 2680 et
1152 2627 1212 2679 in
1240 2642 1412 2681 annos
1445 2626 1537 2697 (2.),
1574 2625 1707 2681 facti
1739 2630 1881 2682 sunt
1913 2643 1946 2681 a
1975 2625 2092 2681 Deo
2125 2625 2196 2680 ad
2230 2623 2631 2680 deﬁnitionem
2661 2629 2717 2679 et
2749 2623 3278 2680 manifestationem
3312 2624 3493 2680 nobis
3521 2623 3831 2679 evidentem:

430 2708 481 2762 is
509 2725 646 2781 ergo
682 2711 781 2782 qui
816 2711 939 2768 haec
971 2713 1284 2784 disposuit,
1311 2719 1508 2785 posset
1539 2717 1661 2770 haec
1689 2732 1818 2772 esse
1849 2732 2029 2788 supra
2060 2715 2443 2770 aeternitatem
2477 2718 2653 2783 atque
2682 2713 2810 2769 sine
2838 2719 3103 2786 tempore
3134 2719 3198 2768 ut
3227 2729 3435 2770 causa.

504 2804 571 2855 Et
599 2816 776 2872 neque
805 2806 945 2858 erat.
979 2804 1177 2875 Neque
1208 2809 1343 2874 erat,
1379 2823 1565 2877 neque
1617 2811 1714 2871 est,
1749 2822 1942 2878 neque
1989 2805 2096 2861 erit

433 2889 668 2959 proprie
698 2890 768 2945 de
800 2891 917 2947 Deo
966 2892 1206 2962 dicitur,
1235 2893 1388 2949 Deus
1431 2895 1588 2949 enim
1641 2895 1762 2949 haec
1816 2900 2094 2966 superat;

429 2976 648 3032 dicitur
676 2995 809 3036 vero
842 2981 1014 3036 etiam
1053 2982 1170 3037 haec
1218 3000 1366 3053 esse,
1402 2988 1709 3055 propterea
1761 2984 1915 3055 quod
1969 2984 2096 3054 ipse

433 3067 762 3122 secundum
794 3085 1029 3125 omnem
1059 3071 1470 3143 cogitationem
1519 3070 2097 3143 superessentialiter

429 3155 680 3211 exsistit.

2280 2802 2384 2858 Kui
2418 2798 2540 2857 οὔτε
2568 2803 2657 2870 ἧν·
2693 2805 2815 2859 ’Ότι
2847 2799 2970 2856 οὕτε
3015 2803 3077 2856 τὸ
3127 2802 3218 2870 ἦν,
3253 2797 3384 2856 οὔτε
3437 2803 3498 2856 τὸ
3555 2797 3704 2868 ἔστιν,
3730 2796 3827 2854 οὔτε

2205 2891 2268 2944 τὸ
2318 2888 2464 2945 ἔσται
2520 2890 2726 2963 κυρίως
2782 2889 2991 2964 λέγεται
3052 2889 3140 2944 ἐπὶ
3190 2893 3327 2945 Θεοῦ
3363 2911 3376 2924 ο
3412 2890 3544 2966 ὑπὲρ
3572 2890 3664 2965 γὰρ
3691 2891 3821 2942 ταῦτα

2207 2980 2235 3032 6
2294 2979 2447 3040 Θεός.
2481 2979 2705 3052 Λέγεται
2767 2976 2825 3032 δὲ
2881 2981 2972 3032 καὶ
3027 2983 3192 3034 ταῦτα
3253 2975 3345 3033 διὰ
3398 2978 3461 3033 τὸ
3515 2978 3642 3033 κατὰ
3681 2982 3814 3031 πᾶσαν

2206 3067 2445 3122 ἐπίνοιαν
2483 3067 2814 3143 ὑπερουσίως
2843 3067 3004 3123 αὐτὸν
3039 3068 3194 3124 εἶναι.

2276 3155 2414 3214 Οὔτε
2461 3157 2548 3225 ἦν.
2600 3154 2794 3220 Καλῶς
2851 3157 3017 3226 εἶπεν,
3051 3155 3175 3212 οὔτε
3221 3157 3290 3226 ἧν
3330 3176 3342 3190 ·
3376 3157 3439 3212 τὸ
3495 3155 3594 3230 γὰρ
3645 3155 3704 3223 ἧν
3741 3151 3818 3220 δη-

499 3245 681 3317 Neque
710 3255 850 3302 erat.
878 3247 1050 3304 Recte
1082 3249 1250 3317 dixit,
1281 3266 1453 3321 neque
1481 3253 1618 3306 erat.
1653 3250 1799 3306 Nam
1835 3257 1961 3305 erat
1992 3249 2091 3304 de-

2209 3245 2444 3302 λωτιιιόν
2473 3245 2584 3300 ἐστι
2617 3247 2840 3321 χρόνου.
2875 3247 3028 3302 Ἐστι
3061 3244 3118 3300 δὲ
3148 3246 3177 3300 6
3203 3246 3336 3308 Θεὸς
3383 3245 3474 3300 καὶ
3524 3245 3649 3320 ὑπὲρ
3675 3243 3728 3297 τὸ
3749 3242 3821 3309 ἦν,

430 3332 779 3390 clarativum
805 3341 894 3391 est
918 3339 1222 3410 temporis.
1249 3339 1405 3394 Deus
1434 3356 1569 3394 vero
1601 3344 1689 3395 est
1712 3339 1886 3394 etiam
1920 3355 2101 3410 supra

428 3428 574 3488 erat,
601 3425 655 3478 id
683 3429 773 3480 est
793 3441 975 3496 supra
999 3432 1256 3497 tempus.
1283 3430 1354 3482 At
1376 3428 1563 3483 dices:
1593 3431 1662 3482 Et
1683 3429 1978 3500 quomodo
1999 3428 2099 3483 ha-

431 3512 602 3567 betur
633 3515 702 3568 de
736 3514 835 3568 Dei
867 3514 1092 3571 Verbo:
1129 3519 1190 3571 In
1222 3516 1504 3588 principio
1533 3521 1652 3572 erat
1688 3520 1925 3574 Verbum
1971 3517 2100 3588 (a)?

432 3602 575 3656 Ecce
605 3603 758 3657 enim
795 3603 888 3658 hic
921 3603 1173 3660 habetur
1202 3615 1354 3660 erat:
1379 3622 1532 3677 saepe
1567 3606 1842 3674 dicimus,
1868 3607 2095 3662 Patrem

433 3707 562 3745 esse
594 3692 951 3763 principium
999 3699 1058 3749 et
1103 3711 1341 3750 causam
1376 3695 1680 3763 omnium;
1738 3695 1866 3750 ideo
1919 3696 2100 3766 igitur

433 3779 533 3845 ait,
561 3781 618 3834 In
651 3781 929 3852 principio
959 3787 1077 3838 erat
1103 3784 1355 3851 Verbum,
1387 3785 1667 3855 quoniam
1704 3783 1889 3839 Filius
1918 3790 2007 3838 est
2038 3783 2097 3837 in

433 3867 618 3924 Patre.
651 3870 798 3941 Ergo
832 3872 977 3927 bene
1010 3872 1195 3928 dixit:
1246 3873 1309 3928 In
1346 3872 1628 3945 principio
1659 3881 1784 3928 eral
1818 3873 2094 3928 Verbum:

432 3974 604 4028 porro
635 3959 763 4026 erit,
796 3960 1019 4016 clarum
1074 3965 1184 4025 est,
1227 3962 1336 4017 hoc
1389 3963 1547 4018 enim
1593 3962 1890 4034 signiﬁcat
1941 3961 2094 4032 quod

433 4063 590 4102 nunc
621 4065 736 4104 non
769 4049 864 4115 sit,
899 4051 1000 4105 sed
1036 4050 1351 4122 aliquando
1405 4053 1536 4122 erit,
1569 4053 1726 4125 quod
1759 4052 1830 4107 de
1860 4050 1975 4107 Deo
2007 4050 2095 4106 di-

433 4151 562 4192 cere
592 4137 843 4210 impium
875 4144 931 4194 et
960 4139 1249 4211 ineptum.

503 4227 610 4282 Aut
656 4230 844 4299 potius
889 4245 998 4285 non
1049 4235 1148 4285 est.
1191 4230 1681 4286 Subaudiendum
1740 4230 1918 4286 etiam
1976 4231 2098 4286 haec

433 4316 650 4385 quibus
699 4318 933 4390 proprie
983 4319 1329 4391 adjungitur
1377 4328 1518 4386 erat,
1551 4323 1610 4375 et
1657 4335 1784 4391 qua:
1834 4319 1886 4376 ei
1932 4320 2095 4390 adja-

432 4410 606 4472 cent;
642 4413 744 4462 aut
781 4407 953 4464 aliter
1008 4407 1457 4479 intelligendum
1513 4413 1580 4463 ut
1619 4425 1802 4480 supra
1859 4425 2095 4465 omnem

431 4493 622 4564 ipsius
698 4512 810 4551 esse
885 4497 1304 4568 cogitationem
1377 4514 1444 4552 ac
1519 4497 1927 4570 imagitionem
1999 4515 2096 4553 ex-

2206 3335 2481 3390 τουτέστιν
2539 3335 2670 3410 ὑπὲρ
2717 3334 2940 3410 χρόνον.
2987 3337 3158 3411 Ἐρεῖς
3206 3333 3322 3390 οὖν·
3378 3334 3478 3389 Καὶ
3521 3338 3631 3394 πῶς
3683 3335 3823 3386 κεῖται

2207 3425 2332 3498 περὶ
2379 3429 2476 3478 τοῦ
2526 3429 2660 3479 Θεοῦ
2713 3423 2918 3498 Λόγου·
2956 3425 3044 3480 Ἑν
3097 3424 3246 3498 ἀρχῇ
3298 3424 3366 3492 ἦν
3420 3425 3447 3478 6
3479 3423 3686 3496 Λόγος;
3715 3416 3824 3473 Ἰδοὺ

2207 3515 2310 3589 γὰρ
2345 3513 2568 3568 ἐνταῦθα
2597 3519 2772 3568 κεῖται
2800 3514 2862 3569 τὸ
2893 3515 2959 3581 ἦν
2996 3532 3008 3545 ·
3044 3511 3319 3574 πολλάκις
3353 3512 3602 3588 λέγομεν,
3633 3509 3708 3564 ὅτι
3748 3507 3826 3581 ἆρ-

2208 3605 2285 3678 χή
2317 3602 2407 3657 καὶ
2449 3602 2594 3658 αἰτία
2625 3603 2839 3658 πάντων
2874 3605 2902 3657 6
2935 3604 3120 3676 Πατήρ
3151 3621 3161 3632 ·
3198 3599 3289 3656 διὰ
3319 3606 3487 3656 τοῦτο
3518 3599 3628 3672 οῦν,
3650 3599 3726 3652 Ἐν
3743 3596 3826 3668 ἀρ-

2207 3696 2286 3765 χῇ
2330 3693 2420 3759 ἦν,
2467 3691 2654 3769 φησῗν,
2689 3693 2716 3746 ὁ
2760 3692 2956 3766 Λόγος,
2989 3689 3178 3760 ἐπειδὴ
3213 3692 3240 3745 6
3273 3691 3400 3753 Υἱὸς
3460 3689 3510 3745 ἐν
3568 3693 3639 3760 τῷ
3687 3681 3827 3757 Πατρί

2209 3779 2342 3835 ἐστι.
2399 3779 2590 3841 Καλῶς
2641 3779 2733 3834 οὖν
2783 3781 2958 3836 εἶπεν·
3013 3782 3100 3837 ’Ev
3144 3780 3294 3856 ἀρχῇ
3337 3781 3404 3849 ἦν
3456 3781 3485 3834 6
3532 3778 3692 3852 Λόγος
3722 3795 3734 3806 ο
3775 3773 3823 3826 τὸ

2209 3867 2266 3923 δὶ
2326 3865 2472 3923 ἔσται
2531 3871 2693 3946 σαφὲς
2739 3868 2872 3926 ἐστι.
2899 3873 3074 3927 Τοῦτο
3113 3869 3214 3945 γὰρ
3262 3867 3454 3940 δηλοῖ,
3487 3867 3567 3923 ὅτι
3617 3869 3700 3920 νῦν
3745 3859 3824 3916 οὐκ

2208 3953 2371 4023 ἔστιν,
2404 3955 2530 4012 ἀλλ’
2562 3953 2707 4012 ἔσται
2740 3957 2894 4030 ποτὶ,
2922 3957 3054 4034 ὅπερ
3087 3955 3175 4012 ἐπὶ
3217 3961 3353 4012 Θεοῦ
3412 3954 3589 4032 λέγειν
3640 3950 3823 4008 ἀνόσιον

2206 4045 2296 4100 καὶ
2328 4045 2675 4123 ἀπρόσφορον
2692 4087 2704 4105 .

2279 4223 2509 4284 Μᾶλλον
2543 4223 2625 4294 δὲ,
2657 4223 2779 4282 οὕτε
2809 4223 2942 4283 ἐστί.
2961 4226 3480 4301 Προσυπακουστέον
3508 4223 3594 4280 καὶ
3619 4225 3768 4278 ταῦτα
3788 4217 3820 4254 ¹⁸

2208 4316 2290 4379 οἷς
2328 4313 2638 4390 ἐπιλκέγεται
2677 4315 2880 4391 κυρίως
2927 4315 2989 4370 τὸ
3041 4313 3270 4391 ἐγένετο,
3303 4315 3396 4370 xui
3452 4315 3517 4370 τὰ
3571 4312 3656 4368 σὺν
3702 4307 3822 4376 αὐτῷ

2204 4402 2432 4476 κείμενα
2466 4422 2478 4436 °
2509 4405 2542 4474 ἢ
2575 4403 2664 4459 καὶ
2713 4403 2910 4479 ἑτέρως
2949 4403 3194 4474 νοητὲον,
3229 4403 3302 4466 ὡς
3359 4404 3489 4476 ὑπὲρ
3535 4406 3696 4457 πᾶσαν
3744 4396 3822 4449 τοῦ

2206 4492 2336 4548 εἶναι
2370 4488 2574 4548 ἔννοιάν
2605 4515 2663 4549 τε
2695 4493 2788 4549 καὶ
2839 4493 3130 4568 φαντασίαν
3186 4494 3476 4570 ὑπάρχων.
3504 4492 3598 4546 Διὰ
3641 4487 3694 4543 δὲ
3743 4484 3819 4538 τοῦ

431 4585 668 4640 sistens.
702 4585 958 4642 Dicendo
1002 4591 1197 4642 autem
1247 4586 1314 4640 τὰ
1362 4580 1514 4653 ὄντα,
1545 4587 1804 4642 declarat
1849 4604 1917 4643 ea
1968 4605 2092 4644 0m-

2209 4583 2375 4637 εἱπεῖν
2406 4583 2472 4637 τὰ
2502 4579 2631 4638 ὄντα
2659 4583 2720 4638 τὸ
2752 4581 2901 4644 ὅλως
2955 4582 3091 4639 αὐτὰ
3145 4583 3282 4658 πρὸς
3343 4581 3564 4657 ὕπαρξιν
3614 4578 3816 4678 ἆχθῆϊαι

430 4673 569 4728 nino
601 4675 674 4729 ad
706 4675 1104 4731 exsistentiam
1138 4677 1430 4731 adducta:
1469 4673 1613 4729 illud
1648 4692 1779 4732 vero
1819 4682 1871 4732 et
1912 4677 2091 4750 ipsum

428 4777 543 4817 esse
571 4778 763 4818 eorum
795 4780 913 4834 quae
942 4774 1073 4819 sunt
1106 4780 1432 4836 apponens,
1457 4762 1691 4820 illorum
1717 4781 2091 4836 perseveran-

428 4851 572 4906 tiam
605 4851 978 4922 signiﬁcavit.

504 4943 628 5014 ἓν.
658 4943 856 5012 Estque
904 4945 1088 5013 ipsum
1136 4959 1236 5013 per
1277 4958 1352 4997 se.
1399 4941 1640 4999 Minime
1683 4944 2089 5002 arbitrandum

427 5036 535 5099 est,
570 5031 691 5086 haec
723 5033 837 5087 dici
872 5032 942 5086 de
974 5032 1239 5086 omnium
1289 5048 1487 5099 causa,
1517 5033 1618 5088 sed
1651 5035 1722 5089 de
1753 5035 1824 5090 iis
1857 5053 1983 5108 quae
2017 5037 2090 5094 ab

426 5118 554 5188 ipso
587 5137 689 5192 per
719 5122 1076 5177 creationem
1127 5120 1463 5176 subsistunt
1511 5121 1986 5195 intelligibilibus
2037 5131 2094 5182 et

426 5206 916 5282 intelligentibus,
989 5215 1167 5280 atque
1229 5209 1550 5266 sensilibus
1585 5229 1808 5268 necnon
1843 5215 2089 5273 caeteris.

425 5298 589 5355 Sicut
618 5300 774 5355 enim
800 5303 934 5356 ante
964 5298 1246 5370 diximus,
1272 5298 1426 5357 Deus
1457 5305 1547 5357 est
1577 5307 1712 5359 ante
1743 5318 1857 5360 esse
1878 5321 1898 5361 :
1951 5321 2092 5363 nam

500 5459 572 5532 (π)
603 5457 747 5515 Gen.
781 5471 826 5527 ι,
857 5456 944 5513 14.
1023 5456 1097 5531 (a)
1119 5456 1288 5516 Joan.
1323 5474 1362 5527 1,
1395 5456 1447 5514 4.

2208 4669 2395 4742 δηλοῖ.
2428 4672 2498 4726 Τὸ
2545 4669 2602 4727 δὶ
2659 4672 2748 4728 καὶ
2808 4671 2938 4728 αὐτὸ
2985 4674 3049 4728 τὸ
3083 4673 3346 4728 εἶναιτῶν
3382 4669 3548 4728 ὄντων
3577 4661 3817 4744 προσθεὶςρ

2199 4761 2298 4829 τὴν
2330 4758 2598 4835 διαμονὴν
2632 4761 2808 4817 αὐτῶν
2842 4760 3102 4836 ἐσήμαινε.

2273 4949 2399 5014 §V.
2433 4945 2539 5000 Kui
2585 4940 2726 4999 ἔστιν
2778 4943 2908 4999 αὐτὸ
2955 4945 3072 4999 καθ’
3100 4943 3250 5000 αὐτό.
3298 4947 3472 4998 Ταῦτα
3519 4939 3578 4994 οὗ
3625 4935 3699 4992 δεῖ
3739 4951 3812 4984 νο·

2206 5035 2381 5108 μίζειν
2436 5033 2560 5109 περὶ
2617 5038 2714 5088 τοῦ
2761 5038 2870 5089 τῶν
2911 5035 3157 5089 ἁπάντων
3201 5033 3374 5088 αἰτίου
3407 5029 3668 5104 λέγεσθαι,
3695 5017 3815 5077 ἀλλὰ

2199 5124 2325 5200 περὶ
2357 5129 2465 5179 τῶν
2501 5123 2552 5193 ἐξ
2584 5123 2748 5179 αὐτοῦ
2798 5121 3208 5200 δημιουργικῶς
3255 5119 3593 5178 ὑποστάντων
3638 5112 3814 5200 venit?”

2199 5235 2258 5269 τε
2289 5214 2379 5269 καὶ
2430 5219 2653 5288 νοερῶν,
2685 5216 2772 5270 καὶ
2813 5214 3111 5284 αἰσθητῶν,
3143 5213 3233 5270 xui
3294 5211 3522 5268 λοιπῶν·
3554 5204 3681 5263 καθὰ
3727 5197 3813 5275 γὰρ

2199 5306 2634 5381 προειρήκαμεν.
2670 5305 2698 5360 6
2727 5304 2854 5368 Θεὸς
2907 5306 3012 5380 πρὸ
3049 5308 3145 5360 τοῦ
3189 5303 3322 5360 εἶναι
3359 5321 3371 5335 ·
3429 5301 3516 5357 xui
3570 5295 3665 5374 γάρ
3719 5289 3810 5346 id“

1429 5602 1683 5661 VARLE
1721 5603 2122 5663 LEGTIONES
2156 5605 2250 5662 ET
2288 5607 2843 5667 CORRECTIONES.

498 5701 543 5738 ¹⁸
566 5699 700 5759 κατό⁸
727 5706 912 5762 ταῦτα.
