4034 6386
255 367 371 420 317

1031 376 1088 426 S.
1131 376 1399 431 ΜΑΧῘΜΙ
1436 377 1738 431 SCHOLIA
1781 379 1851 430 IN
1893 379 2024 430 LIB.
2070 379 2163 430 DE
2204 380 2474 430 DIVINIS
2515 378 2926 434 NOMINIBUS.

3589 381 3694 434 318

257 489 574 562 προώνοτὸ
631 488 688 544 δὲ
745 490 879 545 εἶναι
939 494 1052 547 οἷον
1111 490 1342 571 ἔμφασιν
1390 493 1506 570 ἔχει
1555 496 1675 549 τινα
1717 506 1912 571 προϋπς

2041 504 2129 552 est
2161 498 2342 570 προών
2377 517 2477 554 seu
2506 500 2936 570 praeexsistens;
2980 519 3107 556 esse
3138 507 3328 556 autem
3365 501 3542 557 habet
3575 503 3694 558 vel-

259 576 422 640 όντος
481 578 675 636 αἰτίου.
722 581 918 655 Ηροὼν
971 583 1066 656 μὲν
1110 583 1200 637 οῦν
1268 582 1480 659 λέγεται
1537 586 1563 638 6
1614 585 1741 647 Θεὸς
1774 629 1789 653 ,
1841 586 1929 638 καὶ

259 665 467 722 λοιπὸν
502 667 720 744 λέγεται
769 670 858 724 καὶ
906 668 1003 740 ὢν,
1055 673 1128 734 ὡς
1182 674 1431 728 ἁπάντων
1485 672 1679 736 α’ίτιος⁸
1715 675 1825 728 εἶτα
1870 675 1928 728 τὸ

260 757 400 810 εἶναι
431 759 503 812 τά
555 757 730 814 πάντα
762 758 812 830 ἐξ
867 761 1054 817 αὐτοῦ.
1097 763 1166 816 Τὸ
1217 763 1307 816 οὖν
1359 764 1490 818 εἶναι
1540 766 1656 819 κατ’
1688 764 1924 818 ἐπίνοιαν

260 845 322 900 ἐκ
360 856 610 924 μετοχῆς
647 850 848 920 ὑπέστη
901 856 996 915 τοῦ
1043 858 1292 926 προεῖναι
1341 853 1528 923 αὐτοῦ,
1563 854 1669 929 οὐχ
1716 855 1790 916 ὡς
1832 875 1926 927 με·

260 939 542 1006 ρισθέντος
573 943 670 993 τοῦ
701 944 836 995 Θεοῦ
868 939 945 1002 εἷς
975 943 1037 995 τὸ
1070 942 1205 996 εἶναι
1255 942 1342 997 καὶ
1375 949 1643 1018 προεῖναι,
1677 942 1824 998 ἀλλά
1865 945 1926 998 τὸ

258 1022 487 1098 θέλημα
539 1028 708 1082 αὐτοῦ
762 1033 824 1084 τὸ
882 1032 1193 1105 παραγαγὸν
1249 1032 1326 1093 εἷς
1370 1033 1432 1086 τὸ
1474 1033 1606 1087 εἶναι
1660 1034 1726 1086 τα
1777 1030 1924 1102 ὄντα,

257 1119 427 1170 τοῦτο
462 1115 681 1192 λέγεται
732 1119 867 1174 εἶναι
912 1122 1258 1195 προϋποστὰν
1305 1123 1357 1176 ἐν
1390 1127 1468 1194 τῷ
1509 1127 1646 1194 Θεῷ,
1679 1122 1766 1178 καὶ
1797 1121 1922 1177 τοῦ-

252 1223 357 1258 του
390 1210 489 1259 τοῦ
519 1207 664 1262 θείου
715 1208 1029 1282 Θελήματος
1076 1211 1152 1274 εἰς
1199 1213 1260 1265 τὸ
1313 1213 1442 1266 εἶναι
1472 1211 1642 1266 κτίσιν
1693 1233 1924 1288 προορι-

257 1293 512 1364 σθέντος,
546 1296 772 1360 εἰκότως
804 1300 911 1374 πρὸ
940 1304 1050 1355 τῶν
1083 1297 1294 1370 ἄλλων,
1330 1302 1403 1356 ὧν
1440 1303 1658 1378 μετέχει
1688 1302 1754 1357 τά
1798 1299 1925 1356 ὄντα

249 1387 357 1436 τοῦ
390 1389 552 1452 Θεοῦ,
583 1382 920 1462 πρεσϐυτέρα
966 1410 1049 1450 τις
1097 1389 1245 1464 ἀρχή
1273 1391 1307 1459 ἡ
1343 1395 1441 1445 τοῦ
1492 1393 1645 1456 εἶναι,
1696 1390 1924 1446 ἐπινοεῖ-

252 1493 345 1526 ται
382 1471 545 1535 αὐτὸς
576 1475 604 1529 6
636 1476 793 1538 Θεός*
834 1482 1052 1550 πρῶτον
1101 1477 1199 1552 γάρ
1251 1478 1362 1533 ἐστί
1411 1501 1484 1550 τι,
1517 1481 1606 1535 καὶ
1659 1481 1783 1535 τότε
1812 1480 1921 1534 ἐστὶ

253 1562 348 1616 καὶ
410 1564 547 1635 ζωὴ,
595 1565 686 1619 καὶ
737 1566 913 1645 σοφία.
957 1569 1024 1624 Οἱ
1071 1573 1198 1644 γοῦν
1249 1569 1470 1642 ἀόρατοι
1517 1571 1606 1624 καὶ
1655 1569 1924 1625 ἀνώτατοι

253 1653 382 1714 νὸες
418 1657 642 1728 πρῶτον
697 1660 793 1710 τοῦ
839 1658 970 1711 εἶναι
1015 1659 1303 1733 μετέσχον,
1333 1659 1422 1713 καὶ
1472 1659 1613 1714 οὕτω
1658 1663 1800 1729 ζωῆς
1833 1658 1921 1714 καὶ

254 1741 481 1817 σοφίας.
511 1746 716 1818 ’Ὠσπερ
747 1746 848 1820 γὰρ
885 1746 963 1824 ἐφ’
991 1748 1154 1820 ἡμῶν
1187 1750 1380 1822 πρώτη
1424 1771 1504 1811 τις
1558 1748 1757 1819 ὑπέστη
1792 1749 1922 1821 ὕλη,

252 1830 348 1908 ἀφ’
399 1833 467 1900 ἧς
517 1832 701 1906 ἐσμέν·
754 1835 898 1890 οὕτω
945 1837 1038 1891 καὶ
1097 1836 1184 1891 ἐπὶ
1235 1843 1342 1892 τῶν
1394 1838 1699 1912 ἀσωμάτων
1757 1844 1920 1908 νοῶν,
1955 1881 2001 1944 Β

259 1919 353 1944 _?_,
415 1921 429 1939 Ἰ
466 1921 522 1944 ΠἿ
724 1928 747 1939 ν
910 1925 922 1944 τ
973 1926 988 1944 \
1063 1927 1076 1942 ε
1119 1925 1145 1944 !\
1215 1927 1228 1944 1
1290 1929 1299 1944 1
1473 1927 1496 1944 ἢ
1534 1928 1546 1944 \
1588 1934 1613 1944 μ
1671 1935 1697 1944 -ι
1779 1927 1832 1944 νὴ

254 1919 431 1976 οἷονεί
465 1921 600 1991 ὕλη,
629 1928 833 1978 νοεῖται
866 1925 996 1980 αὐτὸ
1024 1927 1085 1981 τὸ
1118 1925 1176 1982 ὃν
1213 1927 1436 1982 ἑκάστου
1469 1927 1556 1982 διὰ
1587 1934 1731 1998 ζωῆς
1754 1927 1923 1997 εἶδος,

249 2011 345 2065 καὶ
378 2013 500 2066 καθ’
531 2012 560 2066 '6
589 2013 853 2068 οὖσίωται
905 2015 983 2077 είς
1037 2017 1182 2086 ζωὴν
1233 2017 1322 2071 καὶ
1372 2017 1564 2078 σοφίαν
1599 2017 1689 2072 καὶ
1722 2018 1918 2090 ὁμοιό-

246 2122 415 2170 τητα.
454 2103 796 2175 Ὀμοιότητα
827 2102 1003 2160 δὲκαὶ
1054 2103 1164 2161 ἅνω
1211 2105 1568 2180 διεξήλθομεν
1613 2108 1702 2163 καὶ
1732 2107 1922 2164 ταύτό-

247 2210 418 2260 τητα,
476 2192 574 2254 τὰς
632 2192 948 2268 ἀναγωγοὺς
1009 2193 1095 2250 ἐπί
1155 2198 1284 2251 Θεὸν
1342 2194 1625 2271 δυνάμεις,
1684 2199 1803 2261 καθ’
1858 2198 1916 2260 ἃς

249 2280 583 2350 ὁμοιοῦνται
627 2283 776 2356 αὐτῷ
819 2291 1111 2360 προσεχεῖς
1162 2287 1311 2358 αὖτῴ
1351 2287 1528 2356 οὖσαι,
1573 2288 1663 2341 καὶ
1711 2287 1918 2342 τούτων

244 2373 372 2433 καθ’
426 2365 690 2425 ὑπόϐασιν
749 2374 1038 2449 μετέχουσι
1088 2375 1155 2430 τά
1190 2376 1324 2449 μετὰ
1369 2374 1536 2431 ταῦτα
1574 2381 1790 2450 πρῶτον
1823 2378 1912 2431 καὶ

243 2458 387 2513 αὐτά
437 2464 536 2514 τοῦ
587 2460 721 2516 εἶναι
773 2463 1095 2539 μετέχοντα.
1128 2465 1328 2540 ’Λρχὰς
1377 2463 1434 2519 δὲ
1477 2470 1584 2520 τῶν
1620 2461 1788 2520 ὄντων
1821 2465 1915 2526 τὰς

243 2549 480 2622 πρώτας
541 2551 847 2615 ὑποστάσας
897 2552 948 2608 ἒν
997 2557 1066 2628 τῇ
1115 2555 1282 2610 κτίσει
1330 2554 1514 2617 οὐσίας
1563 2554 1785 2625 νόησον,
1819 2555 1908 2630 ἀρ-

245 2637 358 2711 χὰς
393 2635 720 2713 λεγομένας,
773 2641 895 2717 οὐχ’
949 2641 1032 2698 ὅτι
1083 2641 1134 2714 ἐξ
1184 2642 1359 2697 αὐτῶν
1404 2645 1470 2698 τα
1522 2641 1666 2716 ὄντα,
1700 2643 1774 2705 ὠς
1807 2643 1911 2697 ἀπὸ

244 2726 569 2802 στοιχείων,
603 2727 728 2784 ἀλλ’
760 2729 863 2803 ὅτι,
907 2732 1045 2796 καθὰ
1096 2729 1330 2807 ε’ίρηται,
1373 2733 1480 2806 πρὸ
1510 2738 1616 2787 τῶν
1672 2733 1786 2806 μετ’
1817 2731 1911 2786 αὐ-

239 2817 340 2880 τάς
373 2815 926 2894 ἐδημιουργηοησαψ
961 2823 1072 2877 οἷον
1108 2821 1196 2878 ἐπὶ
1231 2823 1324 2896 μὲν
1357 2828 1465 2878 τῶν
1495 2827 1708 2893 νοητῶν
1760 2821 1907 2898 ἀρχὴ

239 2906 478 2972 κτίσεως
509 2910 716 2984 θρόνοι,
749 2911 838 2966 καὶ
891 2911 1032 2967 οὕτω
1076 2913 1142 2967 τὰ
1191 2913 1337 2986 ὲξῆς’
1364 2913 1451 2980 ἐπὶ
1493 2911 1549 2968 δὲ
1578 2918 1684 2968 τῶν
1721 2912 1911 2982 αἰσθη-

238 3001 353 3050 τῶν
417 2996 569 3074 ἀρχὴ
620 2999 846 3074 κτίσεως
904 3001 1128 3076 οὐρανὸς
1186 3002 1276 3057 καὶ
1335 3006 1425 3077 γῆ·
1478 3004 1565 3060 Ἑν
1614 3003 1762 3078 ἀρχῇ
1809 3001 1910 3077 γὰρ

239 3084 505 3157 ἰποίησεν
566 3090 594 3143 6
645 3091 774 3154 Θεὸς
828 3092 920 3147 τὸν
1000 3091 1224 3168 οὐρανὸν
1297 3092 1386 3148 καὶ
1461 3095 1560 3162 τὴν
1618 3099 1742 3169 γῆν·
1801 3096 1907 3147 τῶν

235 3178 340 3251 γὰρ
407 3177 680 3247 αἰσθητῶν
732 3180 1112 3255 πρωτόκτιστα
1165 3179 1350 3238 ταῦτα.
1414 3183 1542 3239 Εἶτα
1599 3183 1686 3236 καὶ
1721 3179 1911 3243 ἄλλως

239 3265 293 3317 αἱ
326 3262 473 3319 ἰδέαι
507 3266 598 3321 ναὶ
627 3267 693 3322 τὰ
738 3266 1169 3344 παραδείγματα,
1206 3271 1338 3345 ἅπερ
1393 3269 1494 3324 εἰσὶ
1544 3271 1760 3340 νοήσεις
1813 3270 1908 3323 αὐ-

2041 588 2126 642 uti
2155 589 2477 659 quamdam
2528 589 3088 645 demonstrationem
3140 607 3329 646 causae
3381 608 3508 662 quas
3559 597 3697 647 ante

2040 677 2332 732 subsistit.
2347 681 2549 749 Itaque
2565 678 2718 734 Deus
2733 678 3168 750 ᾱὶοίὶυτπροών,
3184 698 3248 734 ac
3272 682 3525 751 denique
3547 681 3694 734 dici-

2038 767 2135 818 tur
2163 765 2335 820 etiam
2369 762 2464 832 ὤν,
2501 773 2566 820 ut
2598 767 2862 822 omnium
2898 775 3122 834 auctor,
3158 769 3366 823 deinde
3398 770 3594 824 omnia
3627 787 3696 824 ex

2037 853 2164 924 ipso
2195 871 2342 909 esse.
2379 857 2524 926 Ergo
2556 872 2668 911 esse
2698 858 3024 912 secundum
3085 858 3517 927 cogitationem,
3553 860 3693 914 sub-

2037 943 2194 997 sistit
2225 961 2326 1014 pcr
2360 944 2866 1015 participationem
2915 947 3044 1016 ejus
3095 949 3249 1017 quod
3304 948 3691 1017 prwexstitit:

2038 1049 2153 1087 non
2185 1034 2338 1103 quod
2373 1034 2527 1088 Deus
2558 1035 2782 1089 divisus
2811 1035 2888 1089 sit
2918 1035 2978 1089 in
3011 1052 3138 1090 esse
3169 1052 3233 1089 ac
3267 1045 3400 1090 ante
3426 1038 3690 1104 esse,sed

2037 1121 2226 1191 ipsius
2258 1121 2528 1177 voluntas
2562 1140 2688 1194 quae
2734 1141 2825 1178 res
2876 1125 2931 1178 in
2982 1140 3113 1180 esse
3146 1125 3442 1195 produxit,
3479 1124 3697 1178 dicitur

2034 1210 2096 1265 in
2128 1210 2244 1266 Deo
2277 1217 2409 1266 ante
2440 1212 2800 1279 substitisse,
2835 1219 3012 1284 atque
3037 1213 3246 1267 divina
3282 1214 3462 1284 hujus
3495 1213 3696 1268 volun-

2037 1300 2194 1366 tatis,
2244 1301 2314 1354 ad
2361 1309 2638 1356 creaturae
2694 1302 3097 1357 exsistentiam
3151 1303 3694 1374 praedeterminatae,

2035 1390 2244 1444 merito
2276 1395 2410 1446 ante
2441 1390 2577 1453 alia,
2611 1390 2826 1460 quibus
2860 1408 2951 1445 res
2984 1397 3096 1446 Deo
3130 1392 3502 1462 participant,
3537 1393 3692 1446 anti-

2035 1480 2210 1549 quius
2240 1479 2472 1549 aliquod
2511 1481 2865 1552 principium
2901 1483 3090 1554 ipsius
3115 1483 3580 1554 esse,Deusipse
3597 1501 3690 1538 co-

2034 1569 2285 1640 gitutur;
2320 1571 2509 1640 primo
2541 1570 2699 1625 enim
2733 1571 2953 1641 aliquid
2986 1578 3094 1639 est,
3120 1589 3186 1628 ac
3211 1578 3335 1628 tum
3368 1579 3460 1628 est
3491 1579 3547 1627 et
3575 1573 3693 1627 vita

2033 1663 2090 1714 et
2139 1659 2448 1728 sapientia.
2482 1661 2625 1714 171
2683 1660 3014 1715 Invisibiles
3059 1662 3241 1733 igitur
3287 1680 3354 1716 ac
3401 1678 3689 1732 supremas

2034 1754 2280 1814 mentes,
2316 1749 2504 1819 primo
2541 1749 2966 1820 participurunt
3021 1767 3158 1820 esse,
3192 1755 3367 1821 atque
3404 1751 3481 1805 ita
3511 1753 3688 1804 vitam

2037 1853 2100 1891 ac
2132 1838 2524 1909 sapientiam;
2557 1839 2708 1892 sicut
2738 1840 2892 1893 enim
2918 1839 2977 1892 in
3004 1839 3173 1894 nobis
3205 1841 3393 1909 prima
3424 1841 3689 1906 quaedam

2034 1927 2309 1982 subsistit
2338 1928 2581 1982 materia
2611 1943 2678 1981 ex
2711 1944 2825 1998 qua
2855 1929 3187 1994 sumus,ita
3219 1929 3394 1982 etiam
3428 1929 3692 2000 incorpo-

2033 2015 2147 2072 reis
2182 2018 2478 2071 mentibus
2510 2015 2668 2072 velut
2700 2016 2944 2072 materia
2974 2016 3325 2088 intelligitur
3357 2019 3551 2088 ipsum
3583 2035 3688 2074 ens

2031 2106 2210 2161 forma
2237 2107 2524 2176 cujusque
2558 2107 2614 2160 in
2650 2106 2785 2170 vita,
2820 2111 2875 2161 et
2905 2123 3018 2176 quo
3049 2107 3480 2161 substantiatur
3511 2107 3569 2160 in
3601 2110 3687 2162 vi-

2028 2200 2146 2251 tam
2181 2203 2238 2252 et
2268 2197 2617 2267 sapientiam
2643 2203 2696 2251 et
2722 2196 3192 2251 similitudinem.
3221 2197 3393 2252 Porro
3415 2197 3689 2252 similitu-

2027 2287 2226 2341 dinem
2249 2287 2424 2341 etiam
2459 2303 2640 2357 supra
2669 2285 3080 2356 explicuimus,
3100 2292 3275 2358 atque
3295 2286 3686 2353 identitatem,

2025 2378 2271 2430 virtutes
2303 2393 2429 2446 quae
2461 2377 2531 2429 ad
2566 2379 2749 2429 Deum
2782 2391 3016 2429 sursum
3049 2376 3294 2443 ducunt,
3329 2376 3545 2446 quibus
3573 2380 3684 2430 Deo

2025 2465 2433 2520 assimilantur
2455 2466 2594 2519 dum
2630 2464 2739 2535 ipsi
2772 2465 3089 2530 adhaerent,
3106 2481 3170 2518 ac
3194 2463 3286 2519 bis
3309 2465 3367 2518 in
3397 2465 3681 2519 descensu

2024 2553 2376 2625 participant
2407 2571 2531 2624 quae
2555 2558 2905 2623 sequuntur,
2925 2569 3056 2607 cum
3080 2554 3205 2624 ipsa
3223 2552 3397 2608 etiam
3423 2553 3682 2624 primum

2022 2659 2151 2698 esse
2185 2642 2553 2713 participeut.
2591 2643 2804 2696 lterum
2837 2647 3031 2697 autem
3083 2641 3390 2712 principia,
3424 2641 3683 2713 intellige

2022 2731 2310 2786 essentias
2344 2748 2470 2801 qum
2507 2730 2693 2800 primo
2728 2733 2784 2784 in
2817 2733 3110 2786 creatione
3132 2732 3678 2801 substiterunt,qua3

2022 2822 2300 2876 dicuntur
2332 2819 2636 2891 principia,
2661 2837 2772 2874 non
2807 2821 2961 2890 quod
2997 2838 3089 2875 res
3119 2837 3189 2875 ex
3218 2821 3364 2891 ipsis
3398 2826 3676 2892 tanquam

2021 2911 2358 2978 elementis;
2392 2910 2491 2964 sed
2521 2909 2682 2980 quia,
2707 2909 2878 2963 sicuti
2907 2909 3131 2963 dictum
3165 2913 3274 2974 est,
3301 2913 3507 2964 creatae
3540 2915 3681 2965 sunt

2021 3006 2156 3056 ante
2189 3000 2540 3072 posteriores
2567 3016 2580 3065 ;
2611 2998 2771 3052 velut
2821 2999 2876 3052 in
2929 2997 3428 3070 intelligibilibus,
3461 2999 3679 3069 princi-

2022 3090 2184 3161 pium
2219 3087 2530 3144 creationis
2581 3092 2720 3142 sunt
2772 3087 2988 3154 throni,
3022 3091 3078 3141 et
3126 3086 3207 3141 ita
3251 3086 3564 3158 deinceps;
3619 3088 3678 3140 in

2021 3178 2343 3234 sensilibus
2373 3182 2592 3244 autem,
2622 3177 2977 3248 principium
3030 3177 3344 3231 creationis
3383 3175 3591 3230 ccelum
3625 3181 3678 3231 et

2023 3274 2174 3323 terra
2203 3285 2216 3322 :
2247 3269 2309 3322 In
2337 3265 2614 3338 prim.:ipio
2645 3265 2798 3320 enim
2845 3268 3056 3320 creavit
3088 3267 3225 3320 Deus
3255 3267 3450 3320 caelum
3478 3270 3534 3320 et
3564 3270 3678 3320 ter-

230 3353 493 3418 τοτελεῖς
539 3353 708 3412 ἀΐδιοι
755 3362 851 3412 τοῦ
907 3357 1086 3414 ἀϊδίου
1137 3365 1292 3427 Θεοῦ,
1347 3360 1484 3414 καθα
1541 3363 1859 3436 προέφημεν
1891 3403 1904 3430 ,

2026 3375 2162 3413 ram.
2199 3357 2328 3411 Haec
2359 3357 2514 3411 enim
2551 3357 2842 3410 creatione
2895 3355 3202 3410 seusilium
3259 3357 3468 3426 prima.
3506 3355 3678 3408 Deni-

231 3441 587 3499 ἒπινοοῦνται
622 3447 792 3502 οἱονεὶ
825 3454 1094 3524 στοιχεῖα,
1126 3449 1215 3503 καὶ
1249 3449 1438 3524 ἀρχαὶ,
1470 3449 1558 3502 καὶ
1606 3447 1711 3518 ὕλη
1746 3445 1911 3510 ἄϋλος

231 3533 324 3586 καὶ
360 3533 660 3606 ἀσώματος
690 3540 800 3591 τῶν
837 3537 1183 3614 μετεχόντων
1215 3539 1305 3593 καὶ
1338 3537 1512 3593 αὐτῶν
1568 3538 1672 3592 τῶν
1724 3535 1904 3604 ἰδεῶν,

237 3626 356 3677 οἷον
392 3627 504 3678 τῶν
540 3630 929 3701 παραχθεισῶν
980 3626 1288 3700 ἀσωμάτων
1336 3627 1558 3697 τάξεων·
1589 3629 1624 3696 ἡ
1661 3626 1760 3700 γὰρ
1812 3625 1904 3679 αὐ-

244 3713 448 3781 τοζωὴ,
510 3714 603 3768 καὶ
649 3715 973 3791 αὐτοσοφία,
1008 3716 1098 3772 καὶ
1149 3715 1454 3786 αὑτόταξις,
1502 3717 1591 3770 καὶ
1637 3713 1814 3771 τᾶλλα
1842 3715 1909 3770 τὰ

250 3800 306 3853 ἐν
357 3807 466 3873 Θεῷ
513 3801 932 3880 παραδείγματά
973 3806 1129 3876 εἰσιν,
1182 3807 1253 3860 ὧν
1314 3806 1634 3882 μετέχουσιν
1694 3806 1748 3859 αἱ
1808 3803 1908 3875 δη-

247 3893 552 3967 μιουργίαι,
587 3893 662 3955 ὡς
713 3895 948 3967 σημείου
995 3892 1122 3964 ἤτοι
1154 3896 1380 3972 κέντρου
1431 3896 1486 3950 αἱ
1537 3896 1652 3950 κατ’
1702 3893 1906 3949 εὐθεῖαν

236 3981 499 4056 γραμμαὶ
533 3980 622 4037 ἐπὶ
652 3983 744 4038 τὸν
778 3983 982 4040 κύκλον
1017 3984 1334 4062 φερόμεναι.

2021 3464 2132 3518 que
2164 3447 2339 3501 etiam
2373 3445 2540 3500 aliter
2572 3445 2726 3499 idem
2761 3451 2817 3498 et
2847 3444 3230 3516 exemplaria,
3263 3461 3385 3513 quas
3417 3451 3556 3499 sunt
3588 3445 3676 3499 in-

2019 3535 2380 3592 tellectiones
2416 3551 2517 3606 per
2548 3551 2609 3589 se
2638 3535 2906 3604 perfecta:
2938 3538 3163 3588 aeternae
3198 3533 3395 3588 aeterni
3422 3532 3540 3602 Dei,
3564 3533 3678 3587 sic-

2021 3631 2083 3681 ut
2102 3630 2271 3679 antea
2302 3622 2794 3688 diximus,animo
2827 3622 3243 3693 concipiuntur
3277 3627 3339 3676 ut
3370 3620 3679 3689 elementa,

2019 3719 2077 3770 et
2109 3712 2414 3786 principia,
2447 3718 2504 3767 et
2554 3714 2812 3767 materiae
2843 3729 3047 3782 expers
3081 3717 3250 3782 atque
3284 3711 3410 3766 sine
3441 3727 3680 3781 corpore

2021 3802 2286 3871 materia,
2310 3801 2792 3873 participantium
2827 3801 3209 3872 ipsarumque
3241 3800 3528 3870 idearum,
3549 3805 3678 3854 tan-

2021 3910 2199 3966 quam
2256 3892 2732 3962 incorporeorum
2785 3891 3203 3962 productorum
3256 3890 3549 3945 ordinum.
3585 3888 3678 3943 Si-

2021 3983 2259 4054 quidem
2295 3981 2423 4052 ipsa
2448 3980 2588 4052 vita,
2623 3980 2866 4051 ipsaque
2897 3980 3205 4050 sapientia,
3240 3983 3296 4034 et
3337 3978 3462 4050 ipse
3509 3980 3677 4050 ordo,

241 4075 436 4142 atque
489 4071 607 4129 alia
659 4078 800 4130 sunt
856 4075 917 4130 in
974 4080 1090 4132 Deo
1146 4075 1524 4148 exemplaria,
1557 4091 1808 4148 quorum
1841 4076 2119 4130 creaturae
2147 4070 2482 4143 participes,
2518 4074 2582 4126 ut
2625 4069 2825 4142 puncti
2855 4085 2958 4126 seu
2992 4068 3178 4126 centri
3227 4085 3356 4141 quae
3405 4077 3560 4124 recta
3603 4068 3674 4123 ad

235 4161 543 4219 circulum
574 4164 844 4220 feruntur
869 4165 1057 4222 lineae.

311 4249 544 4307 Πάντων
595 4251 688 4308 οῦν
731 4253 978 4319 εἰκότως.
1029 4255 1236 4327 Ἑαυτῷ
1287 4255 1489 4326 ταύτην
1548 4257 1646 4326 τὴν
1697 4275 1908 4332 προση-

228 4339 438 4415 γορίαν
487 4339 638 4397 ἔθετο
667 4343 694 4398 6
725 4344 875 4416 Θεὸς,
911 4343 1102 4402 εἰπών.
1153 4344 1300 4420 Ἐγώ
1331 4350 1446 4417 ειμι
1478 4347 1506 4400 6
1538 4340 1633 4399 ὥν·
1671 4341 1755 4400 διὸ
1803 4342 1908 4418 πρὸ

230 4434 351 4485 τῶν
381 4428 596 4504 ἄλλων,
629 4433 728 4488 ὅσα
773 4435 897 4510 περὶ
945 4433 1112 4488 αὑτοῦ
1165 4431 1405 4509 λέγεται,
1456 4433 1568 4488 οἷον
1620 4439 1784 4503 ζωῆς,
1817 4433 1905 4487 καὶ

235 4521 467 4594 σοφίας,
497 4521 588 4576 καὶ
635 4526 743 4577 τῶν
775 4521 1069 4591 τοιούτων,
1111 4521 1339 4585 εἷ’κότως
1380 4521 1779 4598 ἀναγορεύεται.
1814 4523 1906 4592 Τῷ

2088 4254 2275 4311 Merito
2306 4253 2488 4326 igitur
2517 4253 2790 4310 omnibus.
2829 4257 2976 4309 Deus
3011 4252 3123 4308 sibi
3155 4251 3264 4308 hoc
3296 4268 3510 4308 nomen
3561 4249 3672 4306 im-

2021 4343 2375 4416 posuit,cum
2399 4344 2571 4399 dixit:
2597 4345 2703 4414 Ego
2724 4360 2844 4399 sum
2863 4342 3546 4415 quiest(b).(c):ideoante
3559 4340 3675 4396 alia

2019 4451 2147 4506 quae
2179 4435 2249 4488 de
2281 4434 2407 4503 ipso
2438 4433 2734 4499 dicuntur,
2759 4432 2939 4486 veluti
2971 4432 3149 4486 vitam
3171 4436 3227 4484 et
3248 4430 3599 4502 sapientiam
3617 4433 3675 4483 et

2020 4523 2180 4592 talia,
2207 4523 2342 4592 jure
2372 4520 2717 4594 appellatur.
2751 4521 3006 4576 Dicendo
3047 4525 3242 4575 autem
3291 4521 3538 4590 προεῖναι
3580 4515 3667 4569 καὶ

239 4606 299 4663 δὲ
359 4608 538 4664 εἰπεῖν
592 4617 840 4685 προεῖναι
896 4611 988 4666 καὶ
1051 4613 1344 4687 ὑπερεῖναι,
1402 4611 1465 4666 τὸ
1522 4607 1756 4687 ἄναρχον
1819 4610 1907 4665 καὶ

2026 4611 2441 4686 ὑπερεῖναι,εθυ
2473 4610 2637 4683 prius
2669 4626 2798 4666 esse
2828 4613 2886 4666 et
2915 4627 3096 4681 supra
3125 4625 3275 4678 esse,
3297 4613 3474 4664 Deum
3508 4605 3669 4678 prin-

236 4697 422 4768 πάντη
457 4696 826 4771 ἀκατανόητον
874 4705 972 4756 τοῦ
1022 4702 1154 4756 εἶναι
1184 4701 1276 4756 τὸν
1309 4700 1436 4756 Θεὸν
1473 4699 1811 4776 ὑφηγήσατο,
1845 4700 1903 4761 ὃς

237 4789 328 4843 καὶ
394 4793 477 4860 τῷ
537 4795 869 4866 προορισμῷ
921 4797 1023 4860 τῆς
1089 4789 1292 4852 οἰκείας
1348 4789 1589 4866 ἀρῥήτου
1647 4790 1904 4864 γνώσεως

237 4883 696 4952 προϋπεστησαεο
747 4881 808 4935 τὸ
865 4879 1012 4945 ὅλως
1051 4881 1183 4935 εἶναι
1231 4880 1297 4936 τὰ
1341 4878 1534 4935 πάντα”
1578 4878 1758 4952 τούτῳ
1801 4879 1899 4952 γὰρ

239 4966 430 5041 ἀθρόῳ
464 4971 507 5004 ¹⁹
531 4970 667 5024 κατά
696 4970 921 5044 πρώτην
953 4965 1272 5045 προσϐολὴν
1308 4964 1596 5024 ἐπιϐάλλει
1631 4969 1657 5023 ὁ
1679 4973 1804 5028 νοῦς
1825 4971 1902 5038 τῷ

240 5055 400 5112 εἶναι’
452 5057 546 5112 εἷθ’
597 5059 744 5114 οὕτω
787 5059 849 5114 τὸ
901 5060 1151 5114 ὁπωσοῦν
1204 5059 1335 5113 εἶναι
1381 5058 1517 5112 αὑτὰ
1566 5062 1779 5133 θεωρεῖ.
1831 5057 1900 5112 Τὸ

238 5146 330 5201 οὖν
382 5145 577 5210 ἀπλῶς
617 5149 768 5220 εἶναι,
813 5148 876 5203 οὑ
926 5150 987 5203 τὸ
1030 5153 1147 5211 πῶς
1197 5149 1333 5203 εἶναι
1383 5145 1680 5218 ἐδήλωσεν,
1734 5145 1898 5201 εἰπὼν

236 5238 358 5291 καθ’
409 5236 542 5292 αὐτὸ
590 5239 653 5292 τὸ
706 5237 864 5311 εἶναι,
911 5235 1093 5315 ὥσπερ
1149 5238 1272 5309 ἑξῆς
1309 5239 1408 5306 τὴν
1464 5236 1770 5306 αὐτοζωὴν,
1801 5236 1899 5304 τὴν

239 5327 708 5401 αὑτοομοιότητα,
739 5327 828 5384 καὶ
856 5328 924 5385 τὰ
971 5327 1063 5385 σὺν
1106 5329 1294 5392 αὐτοῖς
1330 5327 1521 5398 εἶ’πὼν,
1552 5327 1616 5382 τὸ
1647 5323 1794 5388 ὅλως
1826 5326 1902 5380 εἴ-

313 5473 463 5548 (b-c)
492 5473 672 5531 Exod.
706 5491 790 5543 III,
824 5474 914 5532 44.

2017 4701 2170 4774 cipio
2239 4717 2460 4770 carere,
2509 4699 2867 4772 omninoque
2919 4715 3033 4754 non
3067 4696 3495 4768 intelligibilem
3542 4713 3673 4752 esse

2012 4789 2348 4858 declaravit,
2389 4790 2492 4860 qui
2545 4789 2720 4845 etiam
2773 4787 3374 4860 prmdeterminatione
3424 4786 3669 4858 propriae

2011 4879 2322 4936 insit-abitis
2338 4878 2686 4950 cognitionis
2701 4878 2895 4935 omnia
2913 4877 3501 4949 produxitantequam
3517 4891 3674 4946 pror-

2012 4987 2115 5026 sus
2147 4975 2375 5035 essent;
2405 4985 2572 5023 mens
2602 4969 2760 5024 enim
2797 4968 2983 5039 primo
3019 4969 3236 5038 impetu
3261 4966 3466 5022 huicin
3488 4981 3669 5020 unum

2013 5058 2254 5114 collecto
2287 5074 2415 5113 esse
2443 5057 2768 5124 incumbit;
2819 5063 3019 5128 postea
3045 5057 3128 5111 sic
3157 5056 3286 5128 ipsa
3335 5056 3668 5127 aliquantu-

2012 5147 2134 5203 lum
2168 5165 2294 5204 esse
2321 5148 2526 5203 cernit.
2563 5149 2707 5220 Ergo
2741 5147 3091 5219 simpliciter
3137 5165 3289 5218 esse,
3323 5165 3437 5203 non
3474 5152 3670 5202 autem

2013 5237 2212 5310 aliquo
2245 5239 2417 5294 modo
2449 5254 2574 5294 esse
2603 5237 2937 5307 declaravit,
2961 5255 3096 5292 cum
3129 5238 3274 5293 dixit
3303 5255 3406 5310 per
3435 5255 3496 5293 se
3519 5254 3670 5305 esse;

2013 5327 2168 5385 sicut
2197 5327 2474 5400 deinceps
2507 5344 2640 5384 cum
2672 5327 2863 5400 ipsam
2893 5328 3093 5395 vitam,
3114 5328 3303 5400 ipsam
3337 5328 3670 5385 similitudi-

1273 5601 1505 5661 VARI/E
1543 5600 1940 5661 LECTIONES
1977 5603 2062 5661 ET
2099 5601 2657 5662 CORBECTIONES.

317 5725 367 5768 1°
395 5726 560 5784 τοῦτο
589 5721 692 5805 γὰρ
729 5720 960 5802 ἀθρόως.
