4034 6404
376 386 483 443 319

1199 388 1567 442 APPENDIX
1614 387 1708 438 AD
1746 384 1988 439 OPERA
2026 386 2085 438 Β.
2127 384 2442 440 DIONYSII
2480 387 2986 443 AREOPAGITB.

3706 389 3806 445 320

378 527 537 577 nem,
558 515 615 565 st
645 526 773 581 quae
803 524 939 563 cum
970 508 1115 580 ipsis
1146 508 1313 577 dixit,
1336 524 1581 580 prorsus
1602 522 1733 562 esse
1762 505 1943 561 vitam
1974 519 2041 560 ac

2168 524 2241 558 ραι
2294 506 2460 575 ζωήν,
2510 506 2600 560 καὶ
2649 504 2840 569 ἁπλῶς
2886 508 2949 562 τὸ
3001 509 3119 581 ζῇν,
3170 506 3298 583 οὑχὶ
3349 504 3410 562 δὲ
3456 508 3559 577 τήν
3607 509 3806 567 τοιάνδε

379 598 729 672 simpliciter
746 599 958 663 vivere,
985 614 1100 653 non
1121 614 1253 653 vero
1287 596 1463 653 talem
1496 598 1675 652 vitam
1707 594 2039 667 explicavit,

379 695 433 746 et
465 688 581 743 alia
608 688 905 755 similiter,
940 689 1049 743 hoc
1081 687 1339 759 primum
1373 685 1675 759 appellant
1703 701 1853 740 esse.

448 780 603 834 172
638 780 703 833 Et
732 778 785 833 si
810 777 893 832 vis
922 780 1250 833 viventium.
1283 776 1448 832 Sicut
1483 776 1683 847 aliqua
1712 775 1938 830 ratione
1980 773 2040 827 in

376 868 766 940 qualitatibus
785 884 997 940 nempe
1028 870 1160 922 ante
1190 866 1683 937 subsistuntipsaa
1703 863 2038 936 qualitates,

378 963 581 1031 postea
612 958 946 1014 accidentes
977 953 1265 1029 qualitate
1295 956 1592 1023 afficiunt;
1627 954 1902 1011 itaetiam
1920 952 2041 1008 haec

376 1047 641 1120 intellige
669 1047 838 1120 quasi
873 1064 974 1119 per
1002 1061 1066 1101 se
1096 1062 1377 1118 corporea
1424 1045 1632 1100 albedo
1681 1044 1913 1115 corpori
1952 1043 2044 1097 in-

378 1138 628 1203 haerens,
666 1138 864 1208 ipsum
916 1134 1152 1190 dealbat
1186 1153 1198 1189 :
1250 1135 1337 1190 sic
1368 1134 1548 1190 etiam
1601 1150 1729 1205 qua:
1760 1133 1856 1187 hic
1887 1132 2045 1186 dicta

380 1230 522 1282 sunt
552 1242 685 1281 cum
723 1225 1095 1298 proportione
1136 1224 1419 1295 intellige,
1453 1223 1607 1295 quod
1640 1223 1795 1278 Deus
1822 1238 2044 1293 prmex-

381 1316 617 1381 sistens,
654 1331 755 1369 seu
787 1315 928 1385 vita,
950 1318 1162 1370 cuncta
1190 1313 1450 1368 vivificat
1478 1328 1606 1383 quae
1637 1311 1828 1383 ipsam
1863 1308 2043 1381 parti-

382 1405 599 1476 cipant.

449 1495 556 1548 Per
583 1509 640 1549 se
668 1494 1157 1564 participationes.
1193 1490 1676 1562 Participaliones
1715 1489 1875 1556 dicit,
1909 1488 2042 1559 qui-

377 1584 488 1639 bus
522 1600 613 1639 res
648 1583 1027 1655 participant,
1053 1587 1113 1637 ut
1144 1582 1336 1654 ipsum
1366 1597 1516 1648 esse,
1543 1584 1645 1635 aut
1664 1580 1801 1649 vita,
1825 1583 1927 1633 aut
1948 1595 2042 1633 sa-

378 1673 622 1746 pientia,
669 1678 771 1729 aut
819 1672 983 1741 ordo,
1017 1677 1075 1727 et
1123 1677 1352 1741 caetera,
1384 1687 1512 1742 quas
1562 1668 2042 1742 participationes

378 1762 577 1818 divina
609 1766 750 1818 sunt
782 1763 1099 1833 dona,quae
1129 1762 1306 1817 etiam
1339 1760 1630 1833 principia
1661 1773 2044 1815 rerumvoca—

379 1852 484 1907 vit.

449 1944 477 2010 §
508 1942 598 1999 VI.
620 1946 818 2012 Estque
847 1958 919 1996 ex
949 1943 1070 2011 ipsa
1100 1943 1150 1995 et
1177 1941 1237 1994 in
1268 1940 1411 2011 ipsa.
1435 1942 1525 1992 Ita
1556 1936 2045 2009 intelligendum:

375 2048 532 2088 mens
547 2048 680 2087 cum
697 2032 775 2087 sit
786 2047 889 2102 per
902 2047 963 2086 se
977 2029 1265 2085 excellens
1278 2028 1776 2099 bonitas,totaque
1788 2025 2050 2082 efﬁcacia

378 2122 439 2176 in
458 2121 714 2192 seipsam
730 2137 1031 2187 conversa,
1047 2119 1422 2174 efﬁcaciaseu
1440 2121 1570 2173 actu
1586 2122 1823 2183 est,non
1838 2117 2049 2172 virtute

379 2227 483 2266 seu
500 2209 901 2281 habitu,prius
915 2209 1204 2265 exsistens
1219 2207 1497 2275 amentia,
1517 2211 1719 2279 postea
1731 2211 1863 2262 actu
1880 2222 2046 2261 mens

380 2298 613 2367 effecta;
636 2298 791 2353 unde
803 2297 981 2353 etiam
999 2302 1325 2353 tantumest
1346 2314 1511 2352 mens
1526 2313 1697 2368 pura,
1713 2312 1827 2350 non
1845 2312 2047 2366 super-

381 2387 687 2443 inductam
704 2387 930 2443 habens
944 2387 1424 2459 sapientiam,sed
1443 2402 1723 2458 prorsusa
1738 2386 1933 2456 seipsa
1954 2384 2044 2440 in-

378 2476 705 2549 telligit.8it
721 2476 881 2531 enim
899 2475 1157 2532 essentia
1169 2476 1299 2546 ejus
1313 2475 1427 2531 alia
1441 2480 1675 2547 estquae
1688 2481 1877 2530 autem
1892 2474 2049 2529 intel-

382 2566 513 2638 ligit
543 2571 685 2622 sunt
715 2568 788 2622 ab
818 2566 945 2638 ipso
979 2565 1230 2633 diversa,
1253 2565 1380 2636 ipse
1408 2564 1656 2637 intelligi
1691 2563 1898 2636 nequit
1921 2580 2046 2633 ,seu

386 2658 515 2727 ejus
546 2659 835 2725 essentia;
871 2654 923 2711 si
947 2673 1081 2712 vero
1110 2655 1331 2726 aliquid
1365 2655 1601 2724 habet,a
1619 2654 1812 2726 seipso
1844 2653 2041 2723 habet,

382 2762 498 2800 non
524 2746 596 2801 ab
617 2745 761 2813 alio;
782 2746 1047 2801 siautem
1075 2761 1109 2800 a
1132 2744 1347 2816 seipso,
1371 2749 1429 2799 et
1446 2761 1514 2800 ex
1535 2742 1729 2815 seipso
1750 2741 2047 2814 intelligit,

386 2836 513 2906 ipse
544 2838 630 2891 est
659 2851 788 2908 quae
817 2833 1130 2904 intelligit;
1166 2849 1304 2906 ergo
1336 2850 1471 2889 cum
1504 2834 1582 2888 sit
1612 2848 1801 2903 mens,
1837 2835 1903 2887 ut
1947 2831 2049 2901 qui

385 2928 493 2994 est,
517 2941 718 2981 revera
747 2941 839 2980 res
871 2922 1181 2995 intelligit;
1214 2923 1262 2978 si
1295 2928 1492 2978 autem
1524 2921 1787 2993 seipsum
1828 2918 2049 2975 intelli-

386 3029 531 3086 gens
562 3031 654 3071 res
686 3012 986 3085 intelligit,
1020 3012 1146 3084 ipse
1175 3018 1265 3068 est
1295 3029 1407 3081 res,
1443 3016 1547 3068 aut
1590 3011 1750 3066 enim
1783 3008 1923 3065 alibi
1948 3024 2050 3064 ex-

388 3103 665 3159 sistentes
696 3101 1187 3175 ipsasintelliget,
1212 3107 1315 3157 aut
1344 3102 1402 3155 in
1435 3101 1655 3172 seipso,
1679 3106 1890 3171 utquae
1912 3102 2054 3154 sunt

388 3193 553 3262 ejus;
587 3191 727 3247 alibi
747 3191 986 3264 quidem
1011 3191 1396 3248 resexsistere
1417 3189 1749 3261 intelligere
1778 3187 2051 3260 impossi-

2075 1892 2123 1957 B

2153 593 2298 661 ζωήν
2345 593 2702 670 εἰσηγήσατο,
2754 595 2845 651 καὶ
2902 596 2972 651 τὰ
3041 594 3187 652 ἄλλα
3244 594 3302 651 δὲ
3358 596 3597 671 ὁμοίως,
3653 604 3802 656 τοῦτο

2150 686 2367 757 πρῶτον
2403 689 2833 761 κατηγοροῦνται
2864 686 2926 741 τὸ
2960 686 3113 742 εἶναι.

2222 772 2323 827 Καὶ
2358 772 2404 827 εἰ
2439 772 2627 849 βούλει
2673 780 2782 830 τῶν
2835 778 3077 845 ζώντων.
3122 777 3323 851 Ὥσπερ
3373 775 3530 850 λόγῳ
3576 778 3682 832 τινὶ
3724 778 3803 834 ἐπὶ

2148 864 2255 914 τῶν
2290 865 2604 933 ποιοτήτων
2656 864 2826 919 οἱονεὶ
2878 862 3199 940 προΰπεισιν
3254 865 3309 919 αἱ
3360 866 3800 937 αὑτοποιότητες·

2152 950 2265 1005 εἶτα
2321 946 2716 1025 συμϐαίνουσαι
2775 958 3025 1009 ποιοῦσιν
3088 950 3253 1009 οὕτω·
3305 955 3397 1010 καὶ
3457 959 3629 1010 ταῦτα
3682 956 3802 1027 νόει,

2157 1040 2271 1094 οἷον
2304 1042 2339 1110 ἡ
2387 1042 2780 1117 αὑτοσώματος
2830 1041 3119 1115 λευκότης,
3165 1042 3530 1119 ἐπιγενομένη
3583 1044 3805 1119 σώματι,

2152 1128 2422 1186 λευκαίνει
2465 1137 2651 1188 τοῦτο·
2702 1132 2846 1188 οὕτω
2895 1132 2985 1189 καὶ
3037 1134 3105 1189 τὰ
3152 1133 3420 1210 εἰρημένα
3466 1132 3575 1189 ὦδε
3621 1134 3803 1205 νόησον

2153 1216 2461 1294 ἀναλόγως,
2510 1221 2595 1277 ὅτι
2644 1224 2908 1298 προϋπὼν
2959 1224 2988 1278 ὁ
3038 1223 3190 1296 θεὸς,
3245 1221 3373 1293 ἤτοι
3424 1226 3461 1293 ἡ
3517 1225 3655 1294 ζωὴ,
3688 1225 3808 1295 ξωοῖ

2152 1307 2328 1364 πάντα
2354 1312 2422 1365 τὰ
2451 1312 2619 1367 αὑτοῦ
2654 1311 2973 1388 μετέχοντα.

2225 1494 2341 1554 Τὰς
2374 1491 2781 1568 αὑτομετοχάς.
2814 1491 3070 1568 Μετοχάς
3100 1514 3286 1570 φησιν,
3321 1493 3398 1547 ὧν
3429 1493 3499 1548 τὰ
3528 1492 3653 1548 ὅντα
3697 1515 3804 1567 μετ-

2153 1581 2395 1658 έχουσιν,
2428 1581 2544 1636 οἷον
2594 1582 2727 1637 αὐτὸ
2773 1581 2838 1637 τὸ
2890 1581 3026 1636 εἶναι
3058 1583 3095 1652 ἢ
3130 1584 3267 1651 ζωὴ,
3296 1583 3333 1652 ἢ
3368 1582 3556 1657 σοφία,
3584 1583 3619 1647 ἢ
3649 1582 3800 1653 τάξις,

2151 1670 2339 1727 καὶτὰ
2370 1669 2564 1740 λοιπὰ,
2612 1668 2812 1734 αἵτινες
2861 1671 3093 1747 μετοχαὶ
3143 1677 3281 1735 θεῖαι
3330 1671 3666 1748 τυγχάνουσι
3707 1669 3802 1727 δω-

2154 1762 2291 1837 ρεαὶ,
2321 1761 2381 1824 ἃς
2411 1761 2502 1816 καὶ
2534 1760 2711 1836 ἀρχὰς
2738 1764 2847 1816 τῶν
2877 1756 3046 1816 ὄντων
3074 1760 3317 1819 ἐκάλεσε.

2230 1943 2382 2011 §Vl.
2440 1940 2545 1996 Καὶ
2603 1936 2745 1995 ἔστιν
2818 1939 2870 2011 ἐξ
2930 1939 3100 2010 αὐτῆς
3161 1939 3252 1995 καὶ
3307 1938 3363 1994 ἐν
3416 1940 3554 2013 αὑτῇ
3587 1982 3602 1996 .
3660 1937 3800 1996 Οὕτω

2154 2031 2401 2101 νοητέον·
2451 2032 2485 2099 ἡ
2534 2029 3124 2106 αὐτοῦπεραγαθότης,
3170 2033 3300 2093 νοῦς
3356 2029 3512 2099 οὖσα,
3567 2027 3655 2083 καὶ
3709 2026 3799 2098 δ’λη

2157 2120 2416 2198 ἐνέργεια,
2477 2120 2553 2183 εἲς
2600 2122 2798 2191 ἑαυτὴν
2847 2119 3221 2196 ἐστραμμένη,
3268 2120 3517 2197 ἐνεργείᾳ
3559 2118 3711 2188 ἐστὶν,
3748 2119 3800 2174 οὑ

2158 2208 2407 2283 δυνάμει,
2439 2210 2703 2286 πρότερον
2753 2210 2887 2264 οὖσα
2940 2208 3242 2287 ἀφροσύνη,
3278 2210 3395 2265 εἷτα
3432 2212 3559 2271 νοῦς
3587 2209 3805 2284 ἐνεργείᾳ

2154 2298 2445 2375 γινομένη·
2506 2299 2625 2354 ὅθεν
2673 2299 2765 2353 καί
2825 2298 2934 2354 ἐστι
2986 2303 3112 2362 νοῦς
3172 2299 3342 2372 μόνον
3397 2299 3666 2374 καθαρὸς,
3720 2296 3804 2351 οὐκ

2158 2388 2470 2444 ἐπείσακτον
2524 2385 2672 2465 ἔχων
2700 2390 2765 2444 τὸ
2814 2394 3050 2466 φρονεῖν,
3086 2386 3232 2443 ἀλλὰ
3257 2391 3389 2463 παρ’
3443 2388 3631 2444 ἑαυτοῦ
3682 2389 3799 2442 πάν-

2155 2499 2264 2542 τως
2292 2483 2425 2535 νοεῖ,
2486 2477 2552 2535 Εἰ
2581 2479 2681 2554 γὰρ
2713 2480 2748 2547 ἡ
2785 2479 2881 2551 μὶν
2915 2476 3077 2532 οὐσία
3106 2478 3273 2532 αὐτοῦ
3322 2476 3476 2549 ἄλλη
3510 2476 3663 2548 ἐστὶν,
3696 2476 3724 2530 ἃ
3749 2473 3798 2529 δὲ

2155 2571 2274 2622 νοεῖ
2297 2564 2453 2642 ἕτερα
2490 2567 2677 2635 αὐτοῦ,
2709 2567 2869 2629 αὑτὸς
2917 2566 3149 2637 ἀνόητος
3201 2561 3374 2637 ἔσται,
3422 2567 3593 2642 ἤγουν
3639 2566 3671 2635 ἠ
3716 2563 3792 2619 οὐ·

2159 2656 2247 2711 σία
2295 2656 2485 2711 αὐτοῦ’
2532 2656 2579 2710 εἰ
2625 2678 2678 2711 τι
2725 2654 2783 2712 δὶ
2832 2654 2971 2732 ἔχει,
3023 2657 3150 2731 παρ’
3187 2656 3383 2711 ἑαυτοῦ
3415 2652 3555 2732 ἔχει,
3603 2654 3660 2709 οὐ
3686 2654 3795 2728 παρ’

2159 2745 2355 2801 ἄλλου’
2403 2745 2449 2801 εἴ
2495 2743 2552 2801 δὲ
2596 2747 2723 2823 παρ’
2771 2746 2986 2813 ἑαυτοῦ,
3029 2745 3119 2800 καὶ
3166 2744 3219 2817 ἐξ
3264 2745 3433 2800 αὐτοῦ
3478 2748 3610 2817 νοεῖ,
3652 2742 3793 2803 αὑτός

2158 2834 2301 2890 ἐστιν
2328 2835 2361 2889 ἃ
2387 2840 2522 2892 νοεῖ.
2555 2835 2761 2890 Οὐκοῦν
2789 2839 2915 2896 νοῦς
2947 2832 3044 2905 ὢν,
3079 2831 3252 2897 ὄντως
3280 2839 3402 2890 νοεῖ
3444 2834 3512 2889 τὸ.
3570 2830 3690 2890 ὄντα
3731 2833 3790 2892 ὡς

2160 2919 2255 2981 ὥν.
2288 2922 2358 2978 Εἴ
2402 2922 2494 2978 οἶῖν
2542 2929 2682 2979 νοῶν
2732 2926 2918 2980 ἑαυτὸν
2961 2926 3029 2979 τὰ
3074 2920 3201 2979 ὄντα
3229 2929 3369 2997 νοεῖ,
3400 2923 3560 2986 αὐτός
3588 2921 3691 2977 ἐστι
3731 2921 3781 2975 τὰ

2161 3009 2286 3068 ὅντα
2325 3030 2337 3045 ·
2368 3013 2403 3082 ἢ
2459 3014 2561 3088 γὰρ
2618 3014 2842 3091 δτέρωθι
2894 3010 3024 3069 ὄντα
3075 3012 3210 3069 αὐτὰ
3238 3017 3449 3084 νοήσει,
3482 3014 3517 3082 ἢ
3550 3011 3601 3067 ἐν
3624 3012 3788 3079 tat-itii),

2162 3102 2238 3165 ὡς
2262 3102 2426 3158 αὐτοῦ
2460 3098 2588 3158 ὄντα
2621 3124 2633 3136 ·
2668 3102 2921 3179 ἀλλαχοῦ
2976 3104 3070 3176 μὲν
3131 3098 3261 3158 ὄντα
3319 3101 3414 3158 οῦν
3475 3102 3538 3157 οὗ
3594 3098 3788 3155 δυνατὸν

2162 3198 2359 3261 νοῆσαι
2393 3210 2406 3222 ·
2438 3197 2550 3246 ποῦ
2574 3191 2676 3267 γὰρ
2709 3188 2837 3247 ὄντα
2880 3190 2933 3246 ἐν
2978 3192 3299 3262 αἷσθητοῗςς
3333 3191 3401 3247 τὰ
3443 3191 3546 3266 γὰρ
3594 3185 3794 3257 αἷσθητὰ

385 3282 523 3351 bile,
573 3282 671 3339 ubi
729 3282 888 3337 enim
933 3280 1226 3338 exsistunt
1277 3281 1339 3335 in
1398 3276 1765 3335 sensilibus?
1808 3276 2051 3334 sensilia

2168 3255 2265 3337 οὐκ
2322 3281 2456 3336 εἰσὶν
2511 3255 2659 3349 ὄντα,
2703 3283 2793 3336 ἅτε
2838 3282 3044 3357 τρεπτὰ
3092 3255 3242 3350 ὄντα,
3273 3255 3368 3337 καὶ
3415 3255 3688 3357 γινόμενα,
3716 3255 3788 3330 καὶ

383 3373 541 3429 enim
576 3389 690 3427 non
725 3375 887 3437 sunt,
921 3375 1121 3443 utpote
1152 3369 1467 3426 mutationi
1510 3367 1780 3434 obnoxia,
1812 3384 2054 3441 genera-

387 3462 525 3518 bilia
555 3468 612 3518 et
643 3460 1084 3533 corruptibilia;
1118 3477 1255 3533 ergo
1279 3459 1543 3531 seipsum
1575 3462 1630 3514 et
1661 3459 1719 3514 in
1751 3459 1946 3529 seipso
1968 3457 2053 3512 in-

387 3551 617 3623 telligit.
640 3552 929 3617 Quoniam
955 3554 1153 3606 autem
1186 3554 1339 3604 Deus
1369 3552 1459 3604 est
1488 3548 1665 3604 etiam
1695 3564 1891 3604 rerum
1918 3562 2055 3602 con-

387 3641 562 3708 ditor,
596 3641 656 3697 in
689 3657 755 3696 eo
788 3641 943 3712 quod
978 3640 1227 3696 necdum
1277 3641 1386 3700 est.
1420 3654 1521 3694 eas
1570 3640 1923 3710 cognoscet;
1954 3652 2050 3692 ve-

390 3746 521 3785 rum
568 3730 695 3800 ipse
726 3733 815 3785 est
848 3729 1106 3785 universi
1156 3727 1341 3799 hujus
1393 3726 1799 3799 archetypum,
1831 3729 1890 3780 et
1921 3740 2049 3795 quae

387 3818 662 3891 intelligit
691 3836 805 3875 non
850 3819 923 3875 ab
973 3817 1105 3874 aliis
1156 3822 1367 3890 typum
1418 3816 1713 3888 accipiens
1760 3813 2062 3886 intelligit.

389 3925 523 3963 cum
556 3908 634 3964 sit
663 3924 863 3964 eorum
899 3925 1027 3980 qua
1059 3912 1199 3963 sunt
1229 3906 1558 3979 exemplar;
1593 3905 1678 3961 sic
1710 3919 1903 3975 neque
1933 3904 2061 3975 ipse

390 3999 450 4053 in
484 4000 629 4066 loco,
652 4015 842 4069 neque
872 4015 941 4054 ea
976 4014 1100 4068 quae
1135 3998 1194 4053 in
1225 3997 1356 4070 ipso
1381 3996 1540 4052 velut
1570 3993 1808 4061 inloco;
1836 3994 1936 4049 sed
1965 3992 2067 4048 ha'

391 4088 486 4142 bet
513 4105 582 4143 ea
613 4093 677 4142 ut
707 4088 969 4160 seipsum
1012 4086 1258 4154 habens,
1286 4085 1551 4157 ipsisque
1583 4082 1901 4149 exsistens,
1937 4098 2065 4138 om-

393 4178 568 4233 nibus
601 4177 841 4249 quidem
866 4176 1046 4232 simul
1076 4174 1522 4243 exsistentibus,
1541 4177 1598 4228 et
1618 4170 2066 4227 indivisibiliter

391 4267 451 4323 in
482 4267 611 4339 ipso
644 4266 1099 4333 exsistentibus;
1134 4263 1436 4320 distinctis
1468 4266 1688 4329 autem,
1712 4260 1772 4317 in
1799 4260 2063 4317 indivisi-

394 4357 496 4412 bili
529 4355 989 4412 indivisibiliter.
1008 4355 1149 4426 Ejus
1167 4354 1351 4426 igitur
1378 4350 1768 4422 cogitationes
1790 4355 1932 4406 sunt
1948 4366 2062 4406 res:

397 4464 489 4502 res
517 4450 714 4503 autem
747 4449 890 4501 sunt
918 4444 1165 4517 species.
1213 4441 1590 4513 Cogitationes
1638 4454 1770 4496 vero
1819 4453 1937 4497 nan
1986 4439 2065 4496 ita

395 4534 874 4607 intelligendum,
907 4534 1065 4606 quod
1099 4535 1417 4605 postquam
1461 4528 1701 4600 aliquod
1734 4532 1876 4585 certi
1909 4529 2068 4602 cogi-

2161 3370 2544 3446 ἀπολλύμενα.
2605 3373 2826 3429 Ἑαυτὸν
2889 3370 2979 3427 οῦν
3041 3371 3144 3448 ἄρα
3182 3371 3272 3427 καὶ
3339 3373 3390 3428 ἐν
3453 3373 3624 3441 ἑαυτῷ
3670 3368 3786 3422 νοεῖ.

2158 3459 2381 3530 Ἐπειδή
2443 3460 2501 3517 δέ
2554 3461 2645 3517 καὶ
2696 3464 2935 3531 ποιητὴς
2982 3466 3092 3517 τῶν
3145 3458 3315 3517 ὄντων
3350 3461 3492 3516 ἐστὶν
3525 3460 3552 3515 ὁ
3583 3452 3786 3526 Θεὸς,ὶν

2160 3556 2238 3624 τῷ
2273 3555 2441 3624 μήπω
2475 3548 2589 3607 ὄντι
2619 3553 2807 3622 νοήσει
2841 3549 2994 3606 αὐτά·
3028 3550 3155 3607 ἀλλ’
3183 3550 3347 3614 αὐτὸς
3378 3547 3675 3627 ἀρχέτυπός
3693 3544 3784 3599 ἐστι

2157 3640 2354 3695 τούτου
2384 3645 2482 3695 τοῦ
2512 3641 2713 3703 παντός
2745 3660 2757 3672 ·
2792 3640 2880 3695 καὶ
2913 3640 2945 3694 ἃ
2985 3646 3120 3711 νοεῖ,
3155 3640 3220 3696 οὗ
3264 3640 3470 3702 τύπους
3520 3630 3785 3710 λαμϐάνων

2173 3729 2262 3806 ἀφ’
2319 3730 2538 3803 ἐτέρων,
2573 3729 2733 3792 αὐτὸς
2784 3728 2857 3784 ὣν
2907 3734 3016 3785 τῶν
3068 3726 3236 3784 ὄντων
3268 3726 3649 3806 παράδειγμα·
3682 3722 3799 3777 ὥστε

2175 3815 2299 3872 οὕτε
2330 3818 2489 3880 αὐτὸς
2521 3817 2576 3873 ἐν
2604 3819 2780 3892 τόπῳ,
2814 3816 2938 3874 οὔτε
2986 3819 3055 3874 τὰ
3097 3818 3149 3873 ἐν
3209 3819 3362 3891 αὐτῷ
3394 3819 3470 3880 ὡς
3520 3815 3570 3871 ἐν
3620 3812 3758 3881 τόπῳ
3786 3824 3797 3839 ⁸

2175 3904 2302 3962 ἀλλ’
2359 3902 2477 3983 ἔχει
2534 3908 2669 3963 αὐτὰ
2715 3909 2791 3970 ὡς
2844 3909 3031 3963 ἐαυτὸν
3094 3904 3263 3985 ἔχων,
3294 3906 3388 3963 καὶ
3443 3905 3572 3960 ἐνὼν
3618 3901 3796 3964 αὐτοῖς,

2173 3998 2387 4052 πάντων
2421 3997 2515 4069 μὲν
2545 3997 2687 4070 ὁμοῦ
2720 3994 2913 4070 ὄντων,
2944 3998 3033 4052 καὶ
3070 3996 3125 4053 ἐν
3152 3984 3362 4073 γάμερεῖ
3410 3992 3574 4049 ὄντων
3627 3990 3674 4044 ἐν
3718 3984 3798 4040 αὖ·

2171 4090 2253 4159 τῷ
2287 4104 2303 4123 ·
2333 4084 2756 4162 διακεκριμένων
2819 4085 2898 4157 δὲ,
2931 4086 2984 4143 ἐν
3041 4088 3121 4160 τῷ
3186 4072 3382 4160 ἀμερεῖ
3407 4087 3453 4122 ὀ
3497 4082 3716 4155 ἆμερῶς·
3743 4072 3797 4162 Al

2172 4176 2349 4232 τοίνυν
2384 4178 2600 4246 νοήσεις
2632 4176 2796 4232 αὐτοῦ
2828 4176 2930 4233 εἶσι
2959 4178 3026 4231 τὰ
3058 4173 3187 4232 ὄντα
3218 4195 3232 4209 ·
3264 4176 3331 4231 τὰ
3363 4174 3420 4230 δὲ
3452 4170 3577 4229 ὄντα
3614 4165 3705 4223 εἶσὶ
3743 4159 3799 4216 τὰ

2176 4262 2320 4336 εἷ’δη.
2368 4267 2600 4336 Νοήσεις
2645 4263 2702 4321 δὶ
2751 4267 2863 4341 οὐχ
2907 4264 3083 4330 οὕτως
3133 4264 3446 4332 ἀκουστέον,
3491 4263 3593 4330 ὅτι,
3635 4247 3795 4341 ἐπειδή

2173 4352 2301 4411 τόδε
2332 4353 2575 4428 ἐνόησεν,
2609 4339 2833 4431 ἐγένετο
2851 4339 2997 4425 τόδε,
3030 4355 3065 4426 ἢ
3112 4354 3224 4410 ἐστὶ
3270 4352 3398 4410 τόδε
3430 4372 3442 4386 ·
3481 4350 3670 4417 ταύτης

2174 4451 2275 4515 τῆς
2318 4446 2561 4515 νοήσεως
2610 4427 2977 4521 προηγεῖσθαι
3024 4443 3109 4500 δεῖ
3136 4439 3433 4517 νοούμενόν
3457 4462 3530 4511 τι,
3554 4436 3641 4491 ἵνα
3688 4427 3794 4486 αὖτό

2177 4535 2377 4605 νοήσας
2406 4536 2611 4609 ποιήσῃ
2637 4553 2652 4567 ·
2688 4531 2836 4589 ἀλλὰ
2864 4539 2982 4589 νοεῖ
3009 4554 3075 4589 τα
3115 4529 3263 4602 ὄντα,
3293 4535 3385 4588 ἅτε
3432 4528 3610 4586 ἑαυτὸν
3658 4522 3794 4583 νοῶν,

401 4625 563 4695 tavit,
582 4624 727 4680 illud
761 4624 958 4696 ipsum
993 4622 1170 4677 fuerit
1199 4625 1302 4676 aut
1333 4620 1444 4687 sit;
1479 4618 1633 4673 hanc
1663 4618 1821 4673 enim
1854 4618 2051 4691 cogita

2179 4623 2270 4679 καὶ
2297 4628 2415 4687 τοῖς
2445 4623 2623 4679 ἐνοῦσι
2646 4622 3056 4697 συναπτόμενος
3087 4642 3100 4657 ο
3131 4622 3265 4691 αὖτή
3293 4621 3395 4699 γὰρ
3425 4619 3566 4688 αὐτῷ
3607 4609 3795 4699 ἡῗνάη⁸

373 4712 616 4770 tionem
653 4712 876 4785 aliquid
911 4712 1065 4784 quod
1102 4707 1460 4780 intelligitur
1488 4708 1813 4780 praecedere
1872 4709 2068 4778 debet,

403 4810 467 4861 ut
497 4810 815 4877 postquam
848 4803 994 4858 illud
1029 4800 1393 4874 cogitaverit,
1414 4798 1621 4868 faciat;
1654 4800 1754 4855 sed
1788 4798 2069 4855 resintel-

395 4894 542 4964 ligit,
580 4899 645 4949 ut
675 4894 941 4965 seipsum
974 4892 1127 4947 178
1159 4887 1520 4961 intelligens,
1555 4905 1620 4944 ac
1651 4888 2068 4945 inexsistendi-

392 4984 508 5039 bus
543 4984 936 5055 conjunclus;
971 4981 1102 5052 ipsa
1134 4978 1295 5034 enim
1328 4977 1457 5049 ejus
1480 4978 2072 5050 cogitatio,rebusest

396 5071 736 5146 generatio;
777 5070 930 5143 quod
961 5069 1143 5141 igitur
1178 5065 1325 5138 ipsis
1356 5066 1532 5134 inest,
1567 5067 1624 5121 id
1676 5073 1765 5123 est
1818 5069 2066 5141 species,

398 5166 577 5231 atque
605 5159 716 5216 hoc
745 5165 835 5216 est
865 5159 1037 5214 idea:
1068 5158 1197 5230 ipse
1230 5172 1362 5211 vero
1394 5172 1525 5212 cum
1577 5160 1737 5213 totus
1767 5158 1846 5214 sit
1875 5173 2067 5217 mens.

396 5254 553 5306 lotus
585 5253 675 5305 est
708 5249 986 5305 scientia:
1020 5264 1147 5318 qua
1192 5263 1325 5302 vero
1348 5262 1416 5302 ex
1439 5247 1564 5319 ipso
1587 5250 1643 5303 et
1665 5247 1724 5302 in
1747 5248 1875 5320 ipso
1901 5264 2069 5303 men-

393 5342 484 5394 tes
515 5336 1118 5409 contemplationibus
1146 5336 1412 5393 scienciss
1445 5335 1851 5393 similes.Sunt
1872 5343 2070 5393 autem

396 5427 578 5484 simul
611 5426 786 5484 etiam
822 5426 1112 5484 distinctae
1161 5428 1221 5482 in
1272 5424 1422 5499 ipso,
1456 5430 1521 5483 ut
1560 5425 1760 5483 multa:
1809 5425 2071 5483 scientia;

2182 4732 2264 4773 σις
2322 4710 2528 4788 γένεσίς
2588 4710 2698 4767 ἐστι
2755 4716 2873 4775 τοῖς
2926 4709 3066 4769 οὖσι.
3097 4711 3169 4767 Τὸ
3195 4698 3457 4765 οὖννένὸν
3516 4706 3566 4760 ἐν
3616 4698 3792 4788 αὐτοῖς,

2179 4780 2345 4855 τοῦτό
2378 4799 2489 4856 ἐστι
2521 4802 2583 4856 τὸ
2616 4798 2786 4869 εἶδος,
2819 4799 2908 4855 καὶ
2939 4800 3106 4856 τοῦτό
3134 4799 3274 4855 ἐστιν
3294 4802 3328 4870 ἡ
3362 4795 3476 4853 ἰδέα
3506 4812 3519 4828 ο
3551 4789 3696 4848 αὐτὸς
3728 4780 3792 4845 δὲ»

2180 4894 2304 4952 νοῦς
2335 4889 2410 4944 ὣν
2436 4889 2587 4962 ὅλος,
2622 4887 2754 4953 ὅλος
2787 4888 2928 4945 ἐστίν
2980 4888 3255 4963 ἐπιστήμη
3294 4908 3308 4923 ο
3358 4887 3425 4942 τὰ
3470 4882 3527 4939 δὲ
3571 4880 3618 4950 ἐξ
3657 4871 3793 4931 αότοῦ

2181 4980 2272 5035 καὶ
2304 4979 2358 5035 ἐν
2381 4979 2529 5052 αὐτῷ
2558 4974 2680 5041 νὸες
2712 4979 2948 5042 ἐοικότες
2980 4980 3298 5055 θεωρήμασι
3355 4983 3454 5045 τῆς
3502 4968 3790 5055 ἐπιστήμης·

2180 5069 2305 5127 Εἰσὶ
2364 5067 2423 5124 δὲ
2473 5046 2617 5142 ὁμοῦ
2675 5068 2766 5123 καὶ
2808 5046 3193 5144 διακεκριμένα
3235 5067 3288 5124 ἐν
3318 5066 3479 5136 αὐτῷ,
3512 5062 3581 5122 ὡς
3627 5052 3705 5110 καὶ
3750 5046 3791 5144 ἓν

2180 5161 2336 5234 ψυχῇ
2384 5134 2525 5231 ὁμοῦ
2555 5155 2763 5213 πολλαὶ
2829 5134 3131 5230 ἐπιστῆμαι
3183 5155 3359 5225 οὖσαι,
3389 5134 3668 5234 ἀσῦγχυτοξ
3709 5134 3790 5234 μέ·

2178 5268 2355 5318 νουσι,
2387 5246 2478 5302 καί
2510 5246 2783 5322 ἐνεργοῦσι
2811 5243 2915 5318 ἔξω
2945 5247 3083 5303 κατὰ
3113 5246 3264 5320 μίαν,
3288 5244 3410 5300 ὅταν
3438 5238 3526 5314 δέῃ
3551 5256 3563 5271 ⁸
3594 5230 3673 5289 καὶ
3700 5224 3784 5322 imi"

2181 5356 2276 5398 σας
2308 5310 2452 5408 ὁμοῦ
2479 5336 2576 5391 τὰς
2598 5310 2866 5408 ’δυνάμεις
2895 5337 2930 5405 ἡ
2967 5310 3123 5411 ψυχή
3156 5333 3208 5389 ἐν
3243 5310 3402 5407 ἑαυτῇ
3453 5310 3583 5404 ἔχει,
3611 5318 3711 5418 καφ
3738 5310 3787 5418 ξς

2179 5429 2406 5503 προνοεῖ
2459 5428 2556 5482 τοῦ
2619 5402 3249 5499 σώματος,ϋκαὶηόμως
3311 5402 3614 5497 ἀώγχῦτως
3653 5402 3787 5462 αὐτὰ(

1419 5604 1666 5663 νΑΗΙίΕ
1702 5603 2103 5663 LEGTIONES
2141 5604 2231 5664 ET
2269 5598 2825 5664 CORRECTIONES.

473 5735 520 5775 ³ο
546 5735 830 5810 Pacbym.
863 5731 915 5790 tv
949 5730 1097 5811 μέρει
1127 5732 1360 5805 vitiose,
1395 5732 1537 5806 quia
1565 5732 1762 5807 agitur
1786 5732 1858 5791 de
1883 5735 2102 5806 puncto
2134 5729 2498 5792 indivisibili.
