4034 6392
243 384 350 441 321

1015 391 1075 443 S.
1115 389 1385 444 MAXIMI
1426 386 1732 444 SCHOLIA
1771 387 1847 439 IN
1885 387 2020 438 LIB.
2060 387 2156 438 DE
2195 387 2464 443 DIVINIS
2503 389 2918 445 NOMINIBUS.

3573 395 3680 450 3‘22

245 508 391 562 κατὰ
436 509 624 584 καιρὸν
672 502 1002 583 προϐάλλει,
1051 509 1152 578 την
1207 508 1302 581 μὶν
1345 509 1576 587 φυσικὴν
1623 507 1914 581 ένεργοῦσα

2038 508 2206 562 simul
2237 509 2296 563 in
2329 511 2528 565 anima
2566 511 2934 578 exsistentes,
2978 522 3218 570 manent
3257 533 3372 571 non
3398 522 3680 585 confusae,

244 599 374 668 περὶ
408 599 471 653 τὸ
505 602 665 671 σῶμα
696 595 949 670 δύναμιν,
998 600 1116 653 καθ’
1167 595 1232 667 ἥν
1263 600 1447 676 τρέφει
1481 601 1666 666 τοῦτο,
1699 595 1789 650 καὶ
1823 595 1919 650 αῦ-

248 692 350 760 ξει,
387 687 643 762 καὶπρὸς
677 690 863 762 γένναν
910 685 1217 757 ἐπιτήδειον
1265 692 1416 742 ποιεῖ
1451 706 1462 719 ·
1495 687 1593 755 τὴν
1631 683 1688 740 δὲ
1718 684 1916 755 αἴσθη-

244 778 409 844 τικῆν
465 777 672 853 ἆνεργεῖ
739 775 966 850 δύναμιν
1042 779 1163 850 περὶ
1221 773 1425 854 φλέϐας
1479 777 1569 830 καὶ
1630 774 1914 851 ἀρτηρίας,

241 869 338 922 καὶ
390 871 492 938 τήν
520 870 712 943 σάρκα,
756 868 845 922 καὶ
889 869 956 922 τά
1003 873 1164 939 νεῦρα
1197 888 1209 899 ’
1261 869 1377 923 καθ’
1421 865 1485 937 ἤν
1543 864 1767 940 δύναμιν
1807 870 1914 920 τῶν

242 957 530 1028 αἰσθητῶν
561 953 1082 1030 ἀντιλαμϐανόμεθα
1117 977 1127 989 ·
1174 958 1274 1026 τήν
1327 956 1384 1013 δὲ
1416 956 1766 1030 δοξαστικὴν,
1800 967 1918 1019 καθ’

240 1046 312 1116 ἤν
348 1047 526 1121 κρίνει
555 1048 623 1102 τά
652 1047 883 1116 αἰσθητά
915 1067 926 1080 °
984 1045 1074 1101 καὶ
1120 1049 1222 1116 τήν
1276 1048 1662 1126 φανταστικὴν,
1705 1046 1823 1108 καθ’
1853 1043 1918 1113 ἤν

243 1138 578 1213 φαντάζεται
607 1137 675 1191 τὰ
721 1135 989 1205 αἱσθητά’
1043 1134 1502 1213 ἀναζωγραφικὴν
1554 1132 1630 1204 δὲ,
1687 1135 1803 1198 καθ’

242 1224 585 1280 ἀναπλάττει
622 1245 634 1257 ’
669 1225 757 1280 καὶ
808 1226 1267 1298 μνημονευτικήν,
1316 1226 1438 1288 καθ’
1480 1223 1546 1293 ἦν
1597 1222 1870 1296 μέμνηται
1905 1227 1918 1278 ἓ

240 1315 544 1391 ὀρεκτικὴν
610 1313 688 1383 δὲ,
738 1315 856 1382 καθ’
904 1313 969 1382 ἦν
1029 1313 1290 1391 ὀρέγεται,
1346 1314 1435 1369 καὶ
1493 1319 1632 1368 κινεῖ
1688 1316 1750 1367 τὸ
1786 1316 1921 1381 ζῶνν

234 1407 388 1460 κατὰ
417 1404 588 1460 τόπον
625 1423 637 1437 ο
689 1404 778 1460 καὶ
829 1402 1164 1475 εἰκαστικήν,
1210 1405 1299 1458 καὶ
1351 1401 1642 1477 θύμοειδῆ,
1675 1401 1763 1457 καὶ
1797 1401 1917 1456 ἐπι-

237 1496 590 1565 θυμητικήν.
626 1493 840 1553 Ταύτας
883 1493 987 1567 γάρ
1038 1487 1154 1567 ἔχει
1205 1489 1458 1566 δυνάμεις
1514 1493 1729 1564 σώματι
1759 1511 1914 1566 χρω-

239 1582 386 1656 μένη
424 1581 475 1635 ἐν
509 1586 591 1653 τῷ
639 1579 826 1656 ἀλόγῳ
875 1579 1043 1650 αὐτῆς
1097 1582 1269 1656 μέρει.
1319 1579 1471 1638 Μετὰ
1520 1577 1577 1634 δὲ
1631 1581 1852 1644 θάνατον
1886 1579 1912 1632 ὁ

233 1676 371 1732 νοῦς
409 1671 575 1743 μόνος
608 1665 755 1725 ἔσται
789 1669 1041 1744 ἐνεργῶν,
1068 1669 1273 1724 τοῦτων
1308 1669 1608 1746 ἀργουσῶν.

2031 601 2086 652 et
2119 597 2420 668 sigillatim
2447 600 2587 654 foris
2613 607 3090 672 operantur,cum
3127 621 3365 660 necesse
3390 607 3589 675 fuerit;
3627 613 3683 663 et

2027 689 2224 741 anima
2257 705 2463 743 omnes
2495 689 2800 745 facultates
2826 690 2881 744 in
2916 691 3110 762 seipsa
3132 694 3308 748 simul
3330 695 3532 768 habet,
3556 699 3684 770 qui-

2028 775 2139 830 bus
2171 778 2396 848 corpori
2426 779 2709 848 providet,
2728 795 2933 834 verum
2964 785 3160 836 tamen
3195 781 3352 853 ipsas
3385 785 3510 840 sine
3543 804 3682 842 con-

2027 865 2257 920 fusione
2278 867 2418 920 dum
2445 873 2677 938 tempus
2699 873 2809 937 est,
2833 869 3068 934 exserit,
3088 873 3413 927 naturalem
3441 876 3678 944 quidem

2029 954 2177 1009 circa
2213 973 2424 1028 corpus
2442 957 3097 1025 exercensfacultatem,
3119 976 3231 1030 qua
3250 961 3446 1032 ipsum
3474 967 3682 1035 nutrit,

2027 1050 2224 1115 auget,
2249 1051 2423 1116 atque
2445 1052 2647 1117 aptum
2673 1048 2742 1101 ad
2768 1049 3205 1118 generationem
3241 1051 3460 1119 efficit;
3495 1058 3684 1109 sensi-

2030 1133 2141 1187 lem
2177 1151 2305 1188 vero
2339 1139 2564 1190 exercet
2590 1136 2928 1191 facultatem
2963 1138 3119 1192 circa
3161 1155 3360 1205 venas,
3413 1144 3682 1213 arterias,

2034 1238 2268 1277 carnem
2298 1241 2363 1278 ac
2398 1241 2622 1291 nervos,
2657 1243 2773 1296 qua
2822 1226 3097 1281 facultate
3147 1229 3390 1284 sensilia
3431 1234 3682 1304 percipi-

2031 1329 2186 1372 mus:
2220 1313 2499 1384 opinandi
2530 1319 2724 1368 autem
2752 1314 3109 1381 facultatem,
3132 1319 3683 1390 quasensiliajudi-

2029 1406 2140 1470 cat,
2167 1419 2231 1456 ac
2256 1402 2717 1473 imaginativam,
2758 1421 2874 1475 qua
2906 1404 3148 1460 sensilia
3174 1405 3557 1479 imaginatur,
3591 1412 3686 1466 de-

2027 1491 2306 1562 pingendi
2331 1491 2668 1547 facultatem
2699 1509 2815 1563 qua
2838 1493 3083 1564 effingit,
3110 1495 3526 1552 reminiscendi
3552 1517 3684 1555 vero

2025 1581 2363 1636 facultatem
2397 1599 2514 1652 qua
2547 1582 2836 1646 meminit,
2862 1583 3173 1653 appetendi
3201 1589 3392 1640 autem
3427 1605 3541 1658 qua
3575 1607 3684 1659 ap-

2023 1669 2186 1741 petit,
2215 1674 2272 1724 et
2304 1670 2522 1724 animal
2556 1668 2681 1725 loco
2721 1675 2934 1735 movet,
2965 1687 3029 1726 ac
3063 1673 3460 1747 assimilandi,
3487 1681 3543 1732 et
3565 1678 3682 1732 ira-

235 1759 521 1815 scibilem
555 1765 732 1832 atque
759 1759 1280 1830 concupiscibilem
1309 1777 1321 1828 ;
1356 1760 1464 1816 has
1486 1759 1641 1815 enim
1676 1759 1853 1815 habet
1885 1757 2189 1814 facultates
2222 1774 2355 1813 cum
2394 1775 2634 1830 corpore
2674 1758 2880 1825 utitur,
2914 1759 2972 1814 in
3006 1777 3114 1815 sua
3147 1762 3393 1818 rationis
3449 1771 3684 1838 experte

236 1855 415 1922 parte
441 1867 454 1917 ;
492 1853 625 1920 post
655 1853 904 1904 mortem
935 1863 1068 1903 vero
1096 1865 1262 1904 mens
1292 1848 1419 1904 sola
1447 1847 1810 1920 operabitur,
1843 1847 1935 1902 his
1965 1847 2361 1902 cessantibus.

318 1982 425 2036 Καὶ
484 1983 554 2036 τὰ
612 1983 862 2036 ὁπωσοῦν
944 1986 1024 2054 τῷ
1100 1983 1256 2039 εἶναι.

255 2070 759 2145 ὑπεραγαθότητος
805 2091 990 2145 φησιν,
1041 2069 1164 2139 ἥτις
1214 2069 1355 2124 ἐστὶν
1398 2069 1526 2124 αὐτὸ
1554 2071 1616 2124 τὸ
1650 2073 1786 2124 εἷναι
1821 2069 1921 2123 αύ-

239 2164 348 2216 τοῦ
379 2164 483 2214 τοῦ
530 2163 688 2227 Θεοῦ,
741 2162 776 2229 ἡ
829 2159 1052 2234 ὕπαρξις
1101 2163 1209 2213 τῶν
1261 2155 1451 2228 ὄντων,
1511 2160 1598 2214 καὶ
1650 2158 1916 2228 ἡτούτων

237 2247 514 2322 διαμονή.
547 2248 800 2310 Ἑνῖαίως
843 2249 1030 2325 φησὶν,
1076 2247 1248 2323 ἤγουν
1297 2250 1437 2303 κατὰ
1467 2247 1648 2319 ἁπλῆν
1678 2269 1800 2303 τινα
1827 2249 1919 2303 καὶ

232 2340 601 2414 περιεκτικήν
660 2342 769 2392 τῶν
829 2337 974 2393 ὅλων
1031 2337 1225 2405 αἰτίαν,
1267 2338 1359 2392 καὶ
1409 2335 1636 2413 ἄσχετον
1673 2357 1685 2370 ·
1739 2335 1917 2392 οὐδενὶ

230 2430 342 2503 γὰρ
377 2426 564 2502 λόγῳ,
598 2427 632 2496 ἢ
667 2429 931 2500 νοήματι,
962 2429 1050 2482 καὶ
1085 2428 1368 2503 πράγματι
1404 2425 1519 2503 ἔχει
1545 2428 1608 2482 τὸ
1640 2431 1791 2482 Θεῖον
1816 2427 1913 2495 τὴν

234 2519 384 2590 πρὸς
432 2518 502 2571 τά
547 2514 675 2572 ὄντα
723 2516 909 2592 σχέσιν
962 2536 1020 2572 τε
1072 2516 1163 2571 καὶ
1211 2516 1499 2570 κοινωνίαν
1538 2535 1551 2550 ’
1618 2515 1741 2572 ἀλλ’
1804 2513 1914 2572 ἔστι

231 2606 419 2677 πάντη
454 2607 546 2661 καὶ
590 2605 728 2660 κατὰ
765 2605 938 2660 πάντα
988 2605 1386 2681 ὑπερηρμένον,
1432 2606 1585 2678 μόνῳ
1632 2611 1711 2678 τῷ
1760 2604 1916 2660 συνέ-

235 2716 364 2771 χειν
394 2696 491 2749 καὶ
539 2700 890 2769 προνοεῖσθαι
938 2693 1146 2750 τούτων
1197 2694 1592 2772 ἆφαπτόμενον,
1629 2695 1702 2756 ὡς
1737 2693 1795 2748 ἄν
1831 2715 1914 2756 τις

234 2782 414 2840 εἴποι.
449 2784 527 2838 Τὰ
559 2782 616 2838 δὲ
664 2785 787 2854 ἑξῆς
839 2782 1210 2859 ὑποδείγματα
1268 2784 1571 2839 πιστωτικά
1611 2781 1707 2839 τοῦ
1744 2783 1912 2859 λόγου

235 2878 339 2930 τοῦ
374 2875 516 2929 εἶναι
550 2873 724 2928 πάντα
753 2871 814 2928 ἐκ
842 2878 998 2942 Θεοῦ,
1052 2874 1126 2936 ὡς
1157 2873 1335 2928 αἰτίου
1373 2880 1474 2942 τῆς
1499 2874 1706 2929 τούτων
1737 2874 1913 2949 ὑπάρ-

239 2964 400 3035 ξεως,
467 2962 614 3017 ἄλλο
671 2964 819 3038 παρὰ
864 2967 1032 3017 ταῦτα
1081 2959 1448 3038 ὕπάρχοντος,
1497 2962 1588 3016 καὶ
1637 2962 1688 3017 ἐν
1741 2963 1914 3034 ἑαυτῷ

238 3052 566 3108 συνεστάναι
593 3050 751 3124 ἄλλῳ
780 3051 929 3127 παρὰ
953 3056 1124 3106 ταῦτα
1154 3052 1481 3127 ὑπάρχοντι.

311 3169 420 3227 Καὶ
454 3163 576 3244 ἔχει
609 3165 782 3224 πάντα
837 3167 1092 3244 ἀριθμόν.
1142 3169 1202 3225 Ὁ
1248 3167 1347 3243 γὰρ
1401 3168 1634 3243 ἀριθμὸς
1685 3167 1744 3223 ἐκ
1774 3167 1911 3224 πολ-

234 3258 348 3315 λῶν
387 3254 648 3332 μονάδων
703 3259 1096 3331 συντιθεμένων
1149 3256 1226 3321 εἷς
1269 3259 1496 3332 μέγεθος
1538 3258 1793 3332 παραύξει
1828 3279 1840 3291 ο
1877 3261 1909 3328 ἡ

1336 1983 1428 2038 Ἐκ
1483 1983 1580 2050 τῆς
1629 1985 1724 2035 τοῦ
1783 1984 1918 2035 Θεοῦ

2099 1983 2160 2036 Et
2191 1996 2316 2052 qua?
2343 1981 2826 2054 quomodocunque
2869 1984 3175 2040 existendo.
3220 1985 3298 2040 Ex
3340 1987 3684 2044 eminentis-

2035 2071 2205 2138 sima,
2227 2072 2442 2142 inquit,
2477 2072 2578 2126 Dei
2610 2072 2891 2139 bonitate,
2919 2091 3049 2146 quae
3072 2079 3161 2130 est
3191 2075 3375 2146 ipsius
3400 2077 3493 2131 Dei
3529 2096 3682 2144 esse,

2033 2177 2227 2215 rerum
2257 2161 2600 2216 exsistentia
2630 2167 2686 2216 et
2715 2164 3168 2233 perseverantia.
3198 2165 3364 2220 Unite
3387 2167 3469 2220 ait
3495 2184 3599 2222 seu
3623 2169 3682 2223 in

2033 2247 2286 2318 simplici
2321 2249 2574 2319 quadam
2609 2254 2663 2302 et
2695 2250 2960 2305 omnium
2994 2252 3457 2323 conprehensiva
3506 2261 3684 2326 atque

2031 2337 2250 2391 invicta
2276 2354 2484 2402 causa;
2521 2338 2682 2393 nulla
2714 2340 2871 2393 enim
2908 2340 3152 2410 ratione,
3182 2346 3282 2396 aut
3306 2343 3683 2414 cogitatione,

2030 2430 2130 2480 aut
2154 2427 2379 2482 actione
2401 2427 2664 2482 divinum
2697 2429 2920 2484 Numen
2951 2446 3082 2484 cum
3110 2432 3284 2486 rebus
3313 2434 3683 2502 conjunctio-

2028 2533 2160 2571 nem
2194 2522 2252 2571 et
2281 2517 2756 2572 communionem
2779 2517 2976 2585 habet,
3003 2520 3102 2574 sed
3126 2525 3214 2574 est
3236 2521 3454 2588 omnia,
3482 2528 3538 2577 et
3559 2541 3686 2578 om-

2028 2604 2204 2660 nibus
2221 2606 2640 2677 supereminet,
2673 2607 2766 2661 his
2797 2607 2924 2662 sola
2969 2610 3414 2665 conservatione
3453 2628 3519 2666 ac
3553 2630 3684 2683 pro-

2026 2693 2305 2763 videntia,
2338 2699 2402 2748 ut
2423 2695 2882 2765 aliquisdixerit,
2905 2697 3232 2765 adhaerens;
3253 2705 3460 2755 caetera
3489 2706 3685 2756 autem

2024 2782 2290 2854 exempla
2348 2783 2520 2837 tidem
2575 2783 2797 2838 faciunt
2846 2786 3107 2840 sermoni
3171 2789 3455 2844 asserenti
3489 2791 3689 2845 omnia

2025 2886 2154 2926 esse
2185 2889 2218 2925 a
2254 2877 2385 2938 Deo,
2421 2876 2484 2925 ut
2517 2871 2728 2926 horum
2765 2873 3120 2928 exsistentiae
3153 2892 3352 2942 causa,
3401 2875 3559 2932 aliud
3613 2880 3686 2932 ab

2025 2959 2140 3014 illis
2165 2960 2478 3016 exsistente
2505 2977 2571 3015 ac
2599 2961 2656 3015 in
2686 2962 2899 3034 seipso,
2961 2963 3073 3017 alio
3107 2964 3178 3018 ab
3216 2964 3332 3019 illis
3366 2965 3686 3022 exsistente

2027 3049 2368 3104 consistere.

2096 3164 2260 3219 Habet
2290 3180 2505 3219 omnem
2526 3182 2838 3222 numerum.
2890 3165 3179 3222 Numerus
3206 3168 3363 3224 enim
3389 3185 3458 3224 ex
3482 3169 3687 3228 multis

2026 3253 2379 3309 monadibus
2413 3255 2774 3326 compositus
2807 3255 3018 3310 crescit
3057 3256 3114 3311 in
3161 3259 3632 3329 magnitudinem
3669 3277 3682 3315 :

235 3347 328 3404 οὖν
359 3349 562 3422 μονάς,
596 3347 674 3408 ὡς
724 3345 870 3400 αἰτία
918 3346 1182 3420 ἀριθμῶν,
1236 3343 1487 3408 ἑνοειδῶς
1534 3347 1660 3408 τοὺς
1709 3349 1911 3410 πάντας

2038 3359 2232 3397 mones
2266 3342 2469 3414 igitur,
2506 3349 2566 3398 ut
2602 3361 2978 3400 numerorum
3014 3363 3214 3417 causa,
3237 3365 3353 3402 uno
3388 3349 3558 3404 modo
3583 3366 3688 3403 nu-

235 3436 603 3514 περιείληφεν
665 3435 931 3512 ἀριθμούς
964 3454 976 3466 ·
1032 3436 1174 3492 οὕτω
1224 3436 1312 3490 καὶ
1377 3436 1439 3490 τὸ
1496 3437 1739 3512 κέντρον,
1795 3437 1920 3507 ἤτοι

241 3533 505 3600 σημεῖον,
537 3527 638 3588 τὰς
662 3523 752 3580 ἐπὶ
782 3525 872 3580 τὸν
905 3522 1106 3580 κύκλον
1141 3523 1344 3586 εὐθείας
1375 3524 1643 3600 περιέχει.

321 3722 418 3777 Καὶ
481 3721 536 3778 ἒν
626 3721 858 3796 κέντρῳ.
937 3725 1113 3776 Ταῦτα
1199 3716 1529 3796 βεϐαιωτικά
1599 3725 1696 3776 τοῦ
1755 3722 1922 3798 λόγου

262 3808 654 3887 ὑποδείγματα.
713 3808 1033 3882 Σημείωσαι
1091 3809 1164 3872 ὡς
1215 3809 1304 3864 καὶ
1355 3810 1460 3864 ἀπὸ
1517 3815 1625 3865 τῶν
1675 3833 1921 3886 γραμμι-

257 3905 359 3954 κῶν
407 3901 477 3956 τὰ
523 3900 650 3975 περῖ
710 3904 846 3956 Θεοῦ
904 3900 1209 3978 σαφηνίζει,
1262 3899 1470 3976 κέντρῳ
1529 3901 1690 3956 αὐτὸν
1731 3923 1919 3978 παρει-

247 3992 428 4060 κάζων
445 4033 457 4046 .

314 4093 615 4160 Ἐνοειδῶς
685 4096 995 4168 ἡνωμένας.
1065 4095 1135 4150 Τὸ
1203 4095 1454 4159 ένοειδῶς
1531 4096 1756 4152 ἐνταῦθα
1829 4098 1922 4153 τέ-

241 4198 421 4251 θεικεν
477 4185 597 4240 ἀντὶ
652 4189 749 4240 τοῦ
798 4185 988 4248 ἁπλῶς
1043 4186 1134 4240 καὶ
1193 4185 1403 4259 ὁμοίως
1439 4206 1451 4220 ⁸
1532 4187 1596 4242 ού
1653 4187 1752 4264 γὰρ
1807 4189 1919 4244 ἑτε-

245 4275 450 4351 ροίως.

320 4381 508 4440 Ἀλλὰ
555 4382 643 4437 καὶ
705 4381 756 4437 ἐν
814 4385 884 4455 τῇ
943 4381 1048 4456 ὅλῃ
1093 4386 1203 4437 τῶν
1265 4382 1434 4440 ὅλων.
1496 4381 1785 4460 Πρόδηλον
1838 4386 1919 4440 ὅτι

243 4473 299 4528 ἰν
328 4477 415 4545 τῷ
448 4470 568 4544 ὅλῳ
589 4470 657 4526 τὰ
680 4471 819 4545 μέρη
857 4487 872 4502 ·
907 4469 1100 4526 οὐκοῦν
1160 4473 1213 4525 οἱ
1271 4471 1320 4526 ἐν
1379 4478 1496 4534 τοῖς
1544 4476 1665 4527 καθ’
1695 4472 1919 4530 ἕκαστον

241 4567 358 4618 τῶν
406 4558 583 4616 ὄντῶν
628 4564 871 4635 φυσικῶς
921 4558 1290 4636 θεωρούμενοι
1331 4566 1438 4616 τῶν
1499 4561 1921 4638 ένυπαρχουσῶν

249 4652 446 4712 αὐτοῖς
503 4648 784 4719 δυνάμεων
835 4651 870 4720 ἤ
921 4652 1187 4720 κινήσεων
1252 4648 1408 4727 λύγοι
1467 4649 1520 4706 ἐν
1569 4656 1638 4725 τῇ
1684 4651 1924 4716 καθόλου

252 4735 658 4814 λαμϐανομένη
713 4738 865 4816 φύσει
916 4743 1270 4816 θεωροῦνται,
1318 4742 1481 4815 φησίν
1521 4760 1532 4772 ·

251 4825 358 4901 ἔξω
412 4826 747 4908 φιλοσοφίας
803 4830 974 4882 πάντα
1033 4829 1100 4883 τά
1169 4831 1288 4893 καθ’
1345 4831 1546 4885 ἑαυτῶν
1610 4829 1926 4906 ὑπάρχοντα

250 4919 346 4975 καὶ
378 4918 435 4973 ἂν
481 4915 677 4982 ἄλλοις
725 4916 1096 4992 θεωρούμενα,
1145 4917 1176 4972 ἆ
1225 4914 1451 4994 ἔμψυχά
1501 4940 1560 4974 τε
1615 4919 1704 4974 καὶ
1737 4917 1924 4994 ἄψυχᾶ

254 5029 433 5085 φαμεν
472 5027 484 5038 ·
534 5010 700 5062 ταῦτα
754 5007 928 5061 πάντα
975 5007 1078 5061 ὑπὸ
1141 5006 1268 5080 μίαν
1325 5027 1662 5083 κατηγοριαν
1693 5007 1922 5084 ἤγαγον,

254 5096 504 5158 εἰπόνυες
535 5094 743 5163 οὐσίαν,
796 5094 848 5149 ἐν
891 5099 970 5166 τῷ
1006 5094 1230 5170 τοιαύτῃ
1290 5102 1444 5172 φωνῆ
1484 5092 1924 5172 περιλτμϐανον-

250 5209 341 5242 ται
373 5185 466 5241 καὶ
496 5186 563 5240 τά
607 5191 707 5254 τῆς
739 5185 859 5247 καθ’
905 5179 1129 5238 ἕκαστον
1180 5183 1366 5248 οὐσίας
1422 5183 1716 5258 ἰδιώματα,
1748 5187 1839 5240 καὶ
1874 5186 1926 5240 οἱ

256 5275 420 5352 λόγοι
452 5275 757 5349 ἀσύγχυτοι
795 5272 1046 5345 μένοντες
1081 5293 1094 5306 ⁸
1142 5271 1326 5349 ἕτερος
1365 5277 1465 5352 γὰρ
1497 5280 1605 5330 τῶν
1636 5273 1923 5350 ἐμψύχων,

255 5367 348 5422 καὶ
381 5363 552 5426 ἄλλος
581 5368 690 5420 τῶν
726 5362 956 5438 ἀψύχων
992 5362 1019 5417 ὁ
1055 5361 1217 5439 λόγος
1252 5384 1264 5397 ·
1300 5365 1561 5427 ὡσαύτῶς
1586 5371 1675 5420 καί
1705 5368 1810 5418 τῶν
1845 5365 1928 5418 αἱ·

260 5459 558 5526 σθητικῶν,
609 5451 856 5507 τουτέστι
916 5451 1161 5528 λογικῶν
1207 5473 1265 5508 τε
1313 5455 1404 5508 καὶ
1463 5452 1700 5528 ἀλόγων,
1750 5451 1928 5507 καίτοι

261 5545 401 5602 κατὰ
427 5543 522 5599 τὸν
555 5549 658 5613 τῆς
697 5540 901 5610 οὐσίας,
952 5540 1078 5610 ἥτοι
1125 5547 1222 5598 τοῦ
1281 5541 1472 5605 ἁπλῶς
1520 5543 1654 5598 εἶναι
1687 5564 1930 5612 συνηνω-

269 5635 425 5710 μένοι
477 5632 667 5710 λόγον.
719 5631 798 5689 Τὸ
849 5627 906 5686 δὶ
945 5629 997 5686 ἐν
1037 5634 1192 5708 ψυχῇ
1249 5631 1548 5706 μονοειδῶς
1601 5630 1806 5709 εἴρηκε,
1839 5653 1930 5702 ση-

275 5725 482 5801 μαίνων
517 5719 650 5798 μίαδ
683 5721 941 5792 εἶναιτὴν
987 5719 1045 5777 ix
1091 5725 1276 5798 ψυχῆς
1319 5721 1669 5798 ὶνδιδομένην
1712 5720 1827 5796 ὅλῳ
1855 5725 1934 5794 τῷ

2035 3448 2227 3486 meros
2259 3448 2464 3487 omnes
2491 3432 2548 3486 in
2583 3450 2644 3488 se
2675 3434 2979 3505 complexa
3023 3441 3111 3490 est
3145 3454 3157 3491 :
3194 3437 3277 3491 ita
3321 3437 3497 3492 etiam
3551 3454 3688 3494 cen-

2033 3525 2192 3576 trum
2227 3538 2326 3576 seu
2357 3527 2665 3593 punctum,
2702 3529 2889 3580 rectas
2921 3525 2980 3579 in
3014 3524 3230 3580 circulo
3283 3525 3470 3583 lineas
3524 3544 3689 3583 com-

2034 3611 2329 3683 plectitur.

2103 3719 2272 3790 Atque
2301 3719 2361 3773 in.
2391 3728 2596 3774 centro.
2645 3720 2773 3774 Haec
2817 3721 3086 3792 exempla
3138 3723 3423 3778 rationem
3478 3726 3692 3779 contir-

2034 3812 2232 3875 mant;
2269 3813 2406 3863 nota
2434 3810 2727 3880 quomodo
2760 3810 2939 3865 etiam
2990 3826 3057 3865 ex
3091 3810 3266 3867 lineis
3321 3811 3579 3868 declaret
3625 3831 3692 3869 ea

2031 3913 2158 3969 quae
2193 3903 2374 3952 Deum
2407 3903 2694 3968 spectant,
2729 3899 2922 3970 ipsum
2955 3905 3153 3956 centro
3189 3901 3554 3957 assimilans.

2103 4097 2256 4150 174
2291 4096 2654 4165 Uni/ormiler
2690 4097 2993 4164 copulatas.
3028 4096 3178 4151 lllud
3233 4113 3338 4154 uno
3389 4099 3544 4154 modo
3597 4099 3693 4154 hic

2033 4185 2250 4255 posuit,
2284 4201 2388 4256 pro
2420 4184 2769 4257 simpliciter
2790 4191 2846 4241 et
2877 4185 3182 4255 similiter;
3225 4205 3340 4243 non
3384 4188 3540 4244 enim
3588 4189 3694 4244 ali-

2035 4280 2143 4330 ter.

2104 4383 2214 4439 lmo
2244 4390 2298 4438 et
2326 4385 2384 4438 in
2417 4389 2532 4438 tota
2563 4387 2775 4438 natura
2805 4386 3075 4440 universi.
3110 4385 3512 4450 Manifestum,
3552 4403 3691 4456 par-

2032 4479 2120 4528 tes
2152 4489 2280 4529 esse
2312 4473 2369 4527 in
2400 4477 2560 4528 toto:
2595 4490 2732 4545 ergo
2763 4475 3020 4529 rationes
3054 4491 3180 4545 quae
3214 4475 3274 4528 in
3307 4473 3562 4545 singulis
3605 4491 3694 4530 reo

2034 4563 2144 4618 bus
2179 4562 2528 4616 naturaliter
2543 4563 3018 4627 considerantur.
3042 4563 3520 4618 inexsistentium
3543 4563 3693 4634 ipsis

2037 4650 2379 4707 facultatum
2401 4657 2498 4705 aut
2525 4657 2815 4719 motuum,
2851 4654 2907 4706 in
2943 4657 3173 4719 natura,
3209 4652 3694 4725 inquit,genera-

1585 4744 1698 4796 οἷον
1746 4741 1796 4796 oi
1823 4750 1922 4812 τῆς
1961 4734 2003 4798 D
2035 4741 2168 4796 liter
2199 4745 2435 4811 sumpta
2467 4742 2936 4810 considerantur;
2965 4741 3143 4796 veluti
3172 4742 3395 4813 profani
3434 4742 3696 4813 philoso-

2041 4831 2136 4900 phi
2171 4829 2370 4885 omnia
2392 4845 2519 4901 quae
2543 4846 2644 4900 per
2668 4847 2729 4884 se
2751 4831 3044 4886 exsistunt
3087 4837 3144 4886 et
3190 4832 3247 4885 in
3275 4831 3404 4886 aliis
3427 4830 3694 4886 conside-

2038 4924 2266 4990 rantur,
2300 4936 2426 4991 quae
2457 4918 2716 4973 animata
2754 4926 2812 4974 et
2863 4921 3072 4975 animae
3120 4921 3382 4992 expertia
3413 4921 3693 4985 dicimus,

2034 5008 2155 5064 haec
2188 5008 2386 5063 omnia
2416 5007 2525 5063 sub
2561 5025 2736 5062 unam
2783 5009 3243 5080 appellationem
3298 5003 3694 5076 addux'erunt,

2036 5098 2297 5152 dicentes
2327 5097 2640 5152 essentiam
2669 5115 2681 5164 ;
2717 5097 2772 5151 in
2806 5098 2904 5152 tali
2946 5115 3086 5154 voce
3132 5099 3608 5171 complectuntur
3639 5104 3695 5154 et

2037 5188 2306 5242 essentiaa
2329 5186 2698 5258 singulorum
2733 5188 3140 5257 pr0prietates,
3191 5194 3248 5243 et
3287 5189 3545 5244 rationes
3579 5206 3693 5244 non

2039 5278 2294 5332 confusa
2327 5282 2653 5343 manentes;
2702 5275 2817 5330 alia
2847 5277 3004 5330 enim
3040 5277 3461 5344 animatorum,
3501 5283 3557 5333 et
3579 5278 3695 5334 alia

2038 5365 2500 5421 inanimatorum
2523 5365 2971 5434 ratio,similiter
2990 5367 3164 5421 etiam
3191 5366 3585 5436 sensilium,id
3607 5372 3699 5423 est

2042 5453 2441 5520 rationalium,
2476 5453 3004 5522 etirrationalium;
3029 5453 3140 5510 etsi
3166 5455 3437 5511 essentia:
3469 5472 3571 5510 seu
3606 5456 3700 5526 ip-

2041 5544 2168 5601 sius
2198 5544 2546 5616 simpliciter
2574 5543 2924 5600 exsistentiae
2975 5544 3203 5601 ratione
3251 5543 3432 5601 simul
3486 5544 3701 5600 unian-

2045 5638 2176 5690 tur:
2201 5633 2345 5689 illud
2385 5637 2579 5690 autem
2615 5632 2672 5689 in
2715 5633 2912 5690 anima
2945 5652 3063 5691 uno
3097 5636 3266 5692 modo
3299 5634 3463 5702 dixit,
3515 5633 3700 5707 signi-

2052 5725 2234 5781 ficans
2283 5740 2461 5780 unam
2495 5740 2624 5780 esse
2654 5723 2726 5780 ab
2767 5725 2966 5782 anima
3015 5725 3121 5783 toti
3179 5725 3409 5798 corpori
3458 5722 3696 5780 vitalem
