4034 6390
385 410 490 464 3‘23

1211 407 1578 460 APPENDIX
1618 406 1714 459 AD
1751 403 1991 458 OPERA
2025 405 2087 458 S.
2128 400 2445 457 DIONYBII
2480 402 2980 460 AREOPAGITB.

3702 400 3809 459 32-1

388 535 749 607 facultatem,
777 533 935 589 varie
965 532 1024 588 in
1059 530 1337 588 membris
1375 531 1737 604 operantem,
1790 528 2026 584 attribu-

2155 526 2368 598 σώματι
2417 525 2653 594 ζωτικὴν
2714 524 2998 599 δύναμιον,
3049 523 3325 589 ποικίλως
3373 522 3692 603 ἐνεργοῦσαν
3748 526 3805 582 ἐν

385 632 628 789 “Enim.
661 714 948 787 Siquidem
977 712 1320 783 principium
1344 712 1422 766 est
1454 725 1664 764 rerum.
1697 707 1758 763 Si
1811 706 2033 779 princi-

384 807 547 879 pium
582 810 689 870 est,
724 804 783 858 id
816 819 931 874 quo
965 819 1057 858 res
1104 801 1353 869 exsistit,
1389 798 1594 853 merito
1648 798 1705 851 in
1767 796 2034 853 omnium

387 894 672 967 principio
703 894 902 947 omnia
932 896 1066 945 ante
1098 889 1514 959 substiterunt,
1569 892 1632 943 ut
1678 887 1737 942 in
1793 886 1923 942 idea
1981 889 2037 941 et

381 981 721 1055 exemplari,
749 981 903 1037 sicut
938 985 1070 1036 ante
1110 978 1390 1045 diximus,
1421 976 1600 1033 simul
1622 981 1677 1031 et
1698 992 1815 1031 uno
1839 976 2034 1044 modo,

384 1089 450 1128 ac
474 1072 786 1139 contraria,
814 1069 953 1125 utin
980 1070 1116 1137 Deo,
1159 1067 1313 1122 sicut
1349 1066 1572 1122 dictum
1614 1070 1724 1130 est,
1765 1066 2034 1120 conside-

381 1168 511 1216 rata
553 1159 845 1232 quomodo
878 1162 1072 1212 autem
1126 1157 1461 1226 conjuncte,
1496 1161 1555 1210 et
1603 1153 1921 1219 contraria,
1956 1153 2036 1208 ita

381 1249 673 1320 intelliges
708 1247 899 1319 :quod
933 1250 1208 1302 ornatum
1259 1250 1349 1300 est
1396 1244 1572 1300 habet
1605 1245 1852 1298 formam
1886 1242 2031 1296 divi-

382 1355 531 1408 sam,
567 1344 630 1392 ut
660 1336 719 1392 in
754 1335 993 1401 mundo,
1029 1334 1169 1390 alibi
1201 1340 1364 1390 astra
1411 1338 1468 1389 et
1508 1332 1645 1388 alibi
1680 1331 1976 1387 hominem
2015 1347 2029 1386 :

381 1430 715 1497 iterumque
742 1424 855 1480 alio
889 1426 946 1479 in
966 1424 1092 1479 loco
1116 1424 1313 1496 ignem
1341 1422 1533 1479 acalio
1558 1422 1614 1477 in
1640 1422 1765 1477 loco
1789 1437 2028 1493 aquam;

380 1534 514 1572 cum
547 1515 703 1572 enim
740 1516 860 1571 sint
899 1514 1215 1583 contraria,
1250 1512 1298 1567 si
1348 1510 1531 1567 simul
1562 1511 1868 1580 exsistant,
1900 1526 2030 1565 cor-

380 1611 771 1677 rumpuntur;
806 1604 865 1657 in
890 1602 987 1659 Dei
1014 1608 1210 1657 autem
1235 1599 1709 1673 cogitationibus,
1742 1606 1799 1655 et
1827 1616 2033 1655 omnes

379 1713 472 1752 res
505 1695 681 1751 simul
712 1698 897 1761 erant,
946 1697 1004 1748 et
1061 1709 1176 1746 non
1223 1692 1487 1759 confuse,
1521 1706 1712 1763 neque
1759 1690 1821 1746 in
1864 1689 2030 1757 loco;

380 1803 495 1842 non
529 1785 682 1841 enim
747 1787 885 1837 sunt
934 1798 1200 1852 corpora.
1262 1798 1368 1835 nec
1424 1780 1482 1834 in
1543 1796 1803 1852 corpore,
1840 1779 1936 1835 sed
1970 1778 2031 1833 in

378 1874 609 1931 aeternis
636 1872 1096 1944 cogitationibus
1128 1887 1258 1941 qua:
1282 1874 1423 1926 sunt
1444 1869 1801 1940 exemplaria
1834 1886 1846 1924 :
1877 1869 2032 1924 unde

377 1966 553 2020 etiam
587 1964 768 2018 Deum
805 1962 1073 2016 omnium
1104 1964 1193 2016 est
1223 1959 1606 2031 principium;
1641 1975 1776 2014 nam
1810 1958 2027 2029 princi-

375 2052 539 2123 pium
566 2056 656 2106 est
684 2048 964 2119 quidquid
995 2051 1131 2103 ante
1164 2048 1433 2102 effectum
1460 2063 1631 2101 suum
1655 2046 1937 2114 substitit,
1962 2061 2029 2100 ac

374 2141 434 2195 in
485 2138 617 2195 aliis
650 2138 793 2193 ordo
824 2143 914 2193 est
944 2153 1148 2192 eorum
1182 2152 1309 2208 quae
1360 2135 1515 2190 velut
1550 2134 1815 2190 ordinata
1846 2140 1980 2190 sunt
2009 2157 2024 2206 ς

380 2229 523 2284 ordo
554 2233 749 2283 autem
784 2231 874 2282 est
902 2226 1172 2281 efﬁcacia
1204 2224 1617 2280 similitudinis
1640 2226 1904 2280 omnium
1938 2242 2026 2280 re-

377 2335 505 2373 rum
538 2317 692 2372 inter
738 2333 822 2382 se,
855 2321 912 2371 et
959 2315 1455 2371 commensuratio
1514 2313 1801 2370 exsistens
1850 2331 2029 2371 causa

377 2405 813 2463 communionis
845 2420 1040 2460 rerum
1076 2403 1332 2460 universi
1359 2404 1511 2459 inter
1542 2420 1634 2473 se;
1665 2404 1806 2475 quin
1846 2403 2026 2459 etiam

374 2497 532 2552 Deus
562 2500 653 2551 est
677 2499 868 2549 status
899 2494 1093 2549 omnis
1119 2498 1175 2549 et
1206 2498 1402 2548 motus
1432 2492 1626 2549 omnis
1658 2510 1873 2549 rerum.
1895 2493 2026 2548 Haec

376 2590 573 2641 autem
605 2584 831 2640 diverse
863 2582 1246 2654 intelligenda
1278 2600 1291 2637 :
1325 2583 1619 2653 siquidem
1654 2583 1710 2637 in
1744 2582 2024 2655 intelligi-

374 2675 595 2730 bilibus
614 2680 671 2729 et
692 2672 1399 2745 intelligentibus,natura
1416 2689 1548 2726 cum
1572 2672 1647 2727 sit
1667 2672 2024 2744 principium

378 2769 573 2818 motus
604 2773 661 2818 et
684 2766 894 2828 status,
922 2778 1022 2817 seu
1046 2762 1280 2833 quietis,
1314 2762 1469 2817 idem
1491 2761 1648 2816 enim
1682 2766 1791 2829 est,
1824 2762 2019 2816 efﬁca-

374 2853 521 2908 ciam
555 2851 844 2919 declarat;
879 2868 1012 2906 nam
1051 2856 1246 2905 motus
1277 2852 1377 2921 qui
1411 2852 1467 2904 in
1502 2851 1844 2906 ministeriis
1876 2850 2022 2905 divi-

374 2944 465 2997 nis
510 2943 650 2999 I75
689 2958 753 2996 ac
786 2941 1131 2995 inferiorum
1173 2940 1669 2996 instructionibus
1709 2938 1905 2995 vitalis
1935 2944 2027 2995 est

371 3033 652 3098 efﬁcacia,
686 3037 743 3086 et
764 3030 931 3100 quies
963 3035 1140 3100 atque
1170 3034 1382 3099 status,
1416 3046 1550 3084 cum
1585 3028 1663 3083 sit
1684 3033 1935 3083 aeternus
1967 3034 2026 3085 et

372 3119 618 3176 minime
662 3118 991 3187 mutabilis,
1043 3118 1301 3174 declarat
1352 3123 1582 3175 mentes
1631 3118 1744 3173 sibi
1792 3119 2025 3191 propria

369 3210 620 3282 operari,
650 3226 717 3265 ac
749 3208 961 3263 divinis
991 3208 1242 3281 impleri;
1270 3209 1327 3263 in
1350 3208 1673 3265 sensilibus
1698 3211 1887 3264 autem
1915 3226 2021 3264 na-

2146 621 2261 677 τοῖς
2297 612 2541 688 μέλεσιν.

2217 710 2395 777 §VIL
2432 707 2612 782 Ἀρχὴ
2663 707 2766 781 γάρ
2810 705 2921 761 ἐστι
2967 710 3075 761 τῶν
3127 700 3321 763 ὄντων.
3375 705 3435 763 Ei
3487 701 3660 761 αἶ’τιύν
3694 703 3806 761 ἐστι

2144 796 2206 851 τὸ
2240 794 2308 851 δι’
2332 796 2360 850 ὃ
2390 796 2599 870 γίνεται
2628 797 2690 851 τὸ
2738 796 3055 870 γινόμενον,
3106 793 3330 857 εἷ’κότως
3373 794 3426 850 ἐν
3466 799 3545 867 τῷ
3587 792 3806 850 πάντων

2146 881 2304 957 αἶ’τίῳ
2334 884 2505 938 πάντα
2552 882 2983 961 προϋφέστηκεν,
3037 883 3110 945 ὡς
3158 881 3210 937 ἐν
3254 879 3371 954 ἰδίᾳ
3416 881 3506 938 καὶ
3546 879 3811 955 παραδεί-

2144 994 2335 1045 γματι,
2382 973 2519 1027 καθὰ
2575 974 2895 1050 προὲφημεν
2945 974 3087 1046 ὁμοῦ
3138 973 3225 1027 xui
3280 968 3555 1042 ἐνοειδῶς,
3608 970 3700 1026 xui
3742 971 3814 1027 τὰ

2145 1060 2378 1130 ἐναντία,
2415 1063 2487 1125 ὡς
2520 1061 2571 1117 ἐν
2622 1066 2700 1133 τῷ
2739 1067 2856 1135 Θεῷ
2913 1058 3126 1138 εἷ’ρηται
3180 1060 3645 1137 ἐπιθεωρούμενα.
3677 1065 3812 1124 Πῶς

2147 1149 2204 1206 δὲ
2233 1152 2321 1206 καὶ
2380 1150 2702 1224 ἡνωμένως,
2752 1151 2839 1205 καὶ
2894 1151 3106 1206 ἐναντία
3129 1154 3200 1225 υ,
3258 1148 3403 1206 οὕτω
3445 1153 3663 1221 νοήσεις
3693 1168 3710 1183 ⁸
3745 1153 3813 1205 τὸ

2143 1241 2423 1314 κοσμηθέν
2481 1236 2595 1316 ἔχει
2654 1240 2717 1295 τὸ
2789 1237 2934 1304 εἶδος
3002 1238 3423 1317 μεμερισμένον,
3483 1240 3559 1301 ὡς
3618 1237 3672 1293 ἐν
3727 1243 3815 1313 τῷ

2142 1330 2358 1403 κόσμῳ,
2393 1328 2647 1404 ἀλλαχοῦ
2698 1331 2765 1384 τὰ
2811 1327 2999 1403 ἄστρα,
3036 1331 3122 1385 xui
3179 1328 3433 1405 ἀλλαχοῦ
3470 1329 3563 1383 τὸν
3597 1326 3812 1404 ἅνθρω-

2143 1441 2243 1474 πον
2279 1439 2291 1451 ’
2326 1419 2415 1475 καί
2472 1421 2626 1484 αὖθις
2684 1419 2829 1495 ἄλλῃ
2887 1420 2950 1475 τὸ
3006 1424 3136 1496 πῦρ,
3195 1419 3284 1475 καὶ
3336 1418 3480 1493 ἄλλῃ
3524 1419 3587 1475 τὸ
3634 1417 3813 1496 ὕδωρ.

2142 1509 2389 1567 Έναντία
2417 1509 2522 1584 γὰρ
2565 1508 2713 1582 ὅντα,
2767 1508 2857 1563 ἐὰν
2911 1509 3052 1582 ὁμοῦ
3110 1509 3391 1584 γένωνται,
3441 1509 3818 1587 συμφθείρον-

2141 1620 2227 1653 ται
2264 1616 2278 1630 ⁸
2312 1597 2363 1653 ἐν
2426 1596 2483 1653 δὲ
2537 1604 2660 1661 ταῖς
2717 1600 2939 1670 νοήσεσι
2982 1602 3081 1653 τοῦ
3130 1601 3264 1654 Θεοῦ
3316 1596 3407 1652 καὶ
3459 1598 3637 1652 πάντα
3666 1600 3820 1672 ὁμοῦ

2142 1690 2280 1758 ἦσαν
2313 1685 2438 1743 ὄντα
2468 1688 2559 1745 καὶ
2588 1687 2937 1764 ἀσυγχύτως,
2988 1688 3078 1743 καὶ
3132 1689 3230 1743 οὐκ
3279 1689 3331 1743 ἐν
3381 1686 3537 1760 τόπῳ
3562 1706 3575 1719 '
3611 1686 3674 1742 οὖ
3701 1687 3813 1761 γὰρ

2145 1777 2370 1853 σώματά
2402 1779 2553 1850 εἶσιν,
2589 1779 2712 1835 οὕτε
2744 1777 2796 1833 ἐν
2844 1778 3080 1852 σώματι,
3113 1776 3240 1833 ἀλλ’
3288 1775 3341 1833 ἐν
3374 1774 3576 1839 ἀϊδίοις
3605 1779 3817 1847 νοήσε-

2065 1904 2108 1969 B
2145 1891 2248 1939 σιν,
2304 1866 2502 1930 αἵτινές
2560 1868 2661 1923 εἶσι
2738 1864 3193 1943 παραδείγματα·
3256 1867 3377 1931 ὅθεν
3435 1865 3525 1921 καὶ
3581 1867 3809 1922 πάντων

2141 1959 2288 2034 ἀρχὴ
2322 1959 2350 2011 ὁ
2381 1958 2512 2019 Θεός
2544 1976 2556 1989 ·
2589 1958 2735 2033 ἀρχὴ
2771 1958 2870 2032 γάρ
2922 1957 3033 2011 ἐστι
3088 1962 3191 2011 πᾶν
3235 1956 3300 2011 τὸ
3329 1956 3688 2035 προϋφεστὼς
3714 1957 3822 2012 τοῦ

2134 2046 2427 2123 γινομένου
2461 2066 2474 2080 ⁸
2508 2047 2598 2102 καὶ
2628 2047 2767 2121 πρὸς
2819 2051 2937 2108 τοῖς
2982 2043 3201 2114 ἄλλοις,
3251 2046 3343 2100 καὶ
3374 2044 3523 2119 τάξις
3552 2045 3666 2101 ἐστῖ
3696 2050 3815 2102 τῶν

2138 2138 2212 2198 ὡς
2237 2136 2582 2210 τεταγμένων
2618 2155 2629 2167 ·
2689 2135 2837 2206 τάξις
2882 2132 2938 2190 δέ
2988 2133 3130 2190 ἐστιν
3192 2134 3411 2211 ἐργασία
3462 2131 3821 2208 ὁμοιότητος

2136 2226 2273 2300 πρὸς
2304 2224 2530 2296 ἄλληλα
2558 2226 2773 2280 πάντων
2806 2229 2915 2279 τῶν
2967 2220 3161 2293 ὄντων,
3193 2224 3283 2279 καὶ
3311 2223 3620 2297 συμμετρία
3649 2245 3807 2300 γινο-

2140 2312 2274 2386 μένη
2307 2312 2455 2368 αίτία
2508 2311 2797 2374 κοινωνίας
2852 2316 2959 2367 τῶν
3019 2314 3156 2389 πρὸς
3204 2310 3429 2384 ἄλληλα
3472 2314 3674 2375 παντὸς
3698 2318 3807 2368 τοῦ

2136 2399 2313 2471 ὄντος,
2372 2400 2520 2459 ἀλλὰ
2576 2403 2664 2458 καὶ
2738 2408 2885 2457 πᾶσα
2955 2401 3157 2472 στάσις,
3233 2402 3325 2457 καὶ
3390 2408 3534 2458 πᾶσα
3583 2402 3807 2474 κίνησις

2141 2492 2254 2548 ἐστι
2286 2497 2393 2547 τῶν
2424 2491 2595 2548 ὄντων
2624 2493 2652 2547 ὁ
2684 2491 2839 2553 Θεός.
2894 2487 3178 2571 Διαφόρως
3232 2489 3289 2547 δὲ
3317 2491 3515 2557 ταύτας
3542 2494 3801 2562 νοηττὲον⁸

2133 2584 2224 2637 καὶ
2256 2581 2343 2637 ἐπὶ
2375 2582 2470 2655 μὲν
2502 2585 2611 2636 τῶν
2650 2584 2865 2650 νοητῶν
2921 2582 3013 2636 xui
3068 2586 3178 2636 τῶν
3236 2586 3460 2656 νοερῶν,
3519 2583 3546 2651 ἡ
3608 2580 3798 2659 φύσις,

2136 2671 2283 2746 ἀρχὴ
2342 2672 2475 2725 οὖσα
2531 2672 2797 2741 κινήσεως
2867 2669 2958 2724 xui
3014 2668 3276 2739 στάσεως,
3351 2669 3476 2739 ἤτοι
3535 2672 3803 2745 ἠρεμίας.

2132 2761 2325 2816 ταύτὸν
2356 2762 2458 2837 γάρ
2509 2758 2642 2828 ἐστι,
2690 2758 2964 2835 ἐγὲργειαν
3018 2757 3185 2829 δηλοῖ
3220 2778 3232 2791 ·
3266 2759 3301 2829 ἦ
3351 2780 3411 2814 τε
3449 2760 3555 2835 γὰρ
3583 2758 3805 2830 κίνησις

2137 2851 2171 2919 ἡ
2201 2848 2277 2911 εἱς
2309 2847 2586 2912 διακονίας
2623 2848 2765 2913 θείας
2815 2846 2905 2902 καὶ
2958 2845 3310 2910 διδασκαλίας
3360 2852 3468 2903 τῶν
3516 2843 3801 2919 ὑποϐεϐη-

2133 2940 2309 2994 κότων
2341 2936 2581 3015 ἐνέργειᾶ
2630 2936 2741 2993 ἐστι
2807 2938 3037 3007 ςωτική,
3097 2936 3132 3007 ἥ
3183 2957 3243 2994 τε
3291 2936 3500 3013 ἠρεμία
3546 2939 3641 2992 καὶ
3672 2938 3791 2993 στά-

2135 3050 2217 3090 σις
2268 3028 2491 3091 αἰώνιος
2548 3027 2681 3082 οὖσα
2731 3027 2821 3082 xui
2875 3024 3161 3101 ἄτρεπτος,
3211 3026 3279 3082 τὰ
3330 3026 3506 3083 οἰκεῖα
3553 3026 3792 3103 ἐνεργεῖν

2134 3115 2300 3188 δηλοῖ
2322 3115 2449 3181 τοὺς
2472 3116 2618 3186 νόας,
2650 3114 2741 3171 xui
2799 3121 2906 3172 τῶν
2961 3116 3117 3180 θείων
3168 3115 3547 3194 ἐμφορεῖσθαι.
3582 3116 3712 3174 Ἐπὶ
3738 3113 3799 3170 δὲ

2132 3205 2239 3263 τῶν
2272 3206 2543 3278 αἷσθητῶν
2579 3209 2613 3278 ἡ
2660 3205 2816 3285 φύσις
2871 3207 3018 3283 ἀρχὴ
3072 3207 3205 3262 οὖσα
3246 3209 3510 3278 κινήσεως
3540 3206 3632 3262 xui
3667 3207 3800 3262 στά-

367 3305 500 3354 tura
523 3298 813 3354 exsistens
836 3297 1191 3369 principium
1219 3302 1412 3353 motus
1428 3301 1484 3351 et
1507 3301 1697 3352 status
1720 3313 1821 3353 seu
1854 3299 2018 3370 quie-

2140 3319 2290 3367 σεως,
2324 3273 2447 3365 ἦτοι
2501 3273 2755 3371 ἠρεμίας.
2808 3273 2915 3363 τήν,
3121 3295 3332 3365 κίνησιν
3355 3273 3557 3367 ’δηλοῖ
3614 3297 3698 3359 εἰς
3735 3296 3802 3350 τὸ

372 3389 447 3445 tis
475 3393 698 3445 motum
734 3388 970 3458 quidem
1006 3386 1264 3443 declarat
1322 3388 1380 3442 in
1428 3386 1809 3459 productione
1847 3404 1860 3443 :
1905 3391 2019 3444 sta-

372 3483 497 3534 tum
528 3495 659 3534 vero
710 3493 811 3533 seu
869 3477 1149 3549 quietem,
1209 3493 1280 3532 ex
1336 3477 1710 3549 corruptione
1752 3479 2022 3535 essentize

370 3572 473 3622 aut
529 3567 921 3622 cessationem
955 3570 1056 3621 aut
1087 3565 1494 3621 mutationem.
1556 3565 1782 3621 Dicitur
1823 3570 2022 3622 autem

370 3656 527 3712 Deus
553 3655 674 3710 haec
707 3672 856 3719 esse,
883 3655 1032 3726 quod
1062 3654 1189 3726 ipse
1210 3654 1781 3726 superessentialiter
1812 3654 1889 3709 sit
1919 3672 2021 3710 au-

371 3749 515 3800 ctor.
549 3745 740 3800 Motus
769 3749 963 3799 autem
1001 3745 1135 3815 Deo,
1168 3749 1256 3799 est
1288 3744 1347 3798 in
1389 3743 1681 3815 benignus
1711 3744 2023 3815 providen-

369 3835 463 3889 tiae
486 3834 874 3906 processusin
900 3850 966 3889 ea
1008 3851 1136 3905 quae
1169 3850 1236 3888 ex
1268 3834 1396 3905 ipso
1428 3837 1483 3887 et
1515 3849 1617 3904 per
1649 3832 1875 3904 ipsum;
1911 3834 2026 3886 sta-

371 3929 467 3980 tus
498 3942 652 3993 vero,
683 3929 741 3979 et
773 3940 1000 3995 semper
1021 3924 1222 3979 eodem
1250 3924 1423 3978 modo
1448 3939 1508 3977 se
1528 3922 1762 3988 habere,
1800 3937 1866 3976 ac
1898 3919 2024 3975 sine

372 4030 633 4082 egressu,
667 4013 1025 4085 incognitam
1056 4012 1146 4067 sui
1181 4013 1369 4083 ipsius
1404 4014 1660 4083 quietem
1700 4011 1754 4065 in
1790 4010 2024 4080 intrepi-

371 4105 506 4159 dam
533 4104 719 4157 turbas
740 4103 1092 4158 vacuitatem
1119 4102 1784 4173 possidereﬁotandum
1802 4105 2020 4167 autem,

368 4210 504 4249 eum
527 4191 928 4263 intelligibilos
942 4191 1248 4246 facultates
1262 4196 1511 4245 aeternas
1526 4199 1851 4259 vocasse,ut
1867 4194 2023 4243 aeter-

371 4283 611 4338 nitatem
640 4281 1087 4353 participantes;
1114 4280 1421 4352 Scriptura
1443 4279 1599 4335 enim
1626 4279 1732 4333 hoc
1765 4279 1973 4334 asserit
2006 4296 2019 4334 :

373 4375 510 4441 Qum
530 4374 678 4427 enim
714 4371 997 4439 videntur,
1022 4371 1353 4441 temporalia
1372 4374 1526 4430 sunt;
1559 4383 1685 4439 quae
1704 4375 1889 4423 autem
1913 4385 2024 4423 non

369 4461 651 4525 videntur,
681 4463 891 4517 aeterna
908 4459 1222 4531 sunt(d).1n
1247 4458 1379 4514 aliis
1399 4475 1534 4514 vero
1557 4457 1863 4513 existentia
1884 4461 2025 4511 sunt

369 4551 547 4607 veluti
597 4550 904 4617 sanctitas,
938 4549 1351 4604 immortalitas
1398 4549 1534 4602 vitae
1581 4547 1866 4602 beatitas:
1904 4547 2022 4601 haec

2128 3387 2260 3440 εἶναι
2282 3388 2613 3462 παραγωγήν
2642 3404 2653 3417 ·
2686 3385 2784 3453 τὴν
2811 3381 2869 3438 δὲ
2893 3382 3100 3455 στάσιν,
3132 3384 3256 3455 ἤτοι
3289 3386 3544 3460 ἠρεμίαν,
3570 3387 3672 3455 τήν
3708 3383 3802 3440 διὰ

2127 3482 2229 3545 τῆς
2255 3478 2457 3551 φθορᾶς
2486 3479 2583 3530 τοῦ
2608 3475 2739 3529 εἶναι
2767 3473 2803 3543 ἢ
2835 3478 3031 3528 παῦσιν
3057 3476 3091 3546 ἢ
3120 3469 3457 3547 μεταϐολὴν.
3482 3475 3714 3551 Λέγεται
3740 3472 3801 3529 δὲ

2128 3569 2297 3620 ταῦτα
2328 3565 2463 3619 εἶναι
2496 3565 2525 3619 ὁ
2577 3565 2731 3632 Θεὸς,
2774 3564 2849 3626 ὡς
2899 3560 3075 3627 αἶ’τιος
3117 3562 3276 3625 αὐτὸς
3333 3564 3601 3639 ὑπάρχων
3636 3564 3800 3639 ὑπερ-

2134 3651 2353 3713 ουσίως.
2388 3653 2611 3721 Κίνησις
2659 3648 2717 3706 δὲ
2761 3651 2847 3706 ἐπὶ
2904 3656 3037 3706 Θεοῦ
3094 3653 3128 3720 ἠ
3177 3652 3253 3716 είς
3299 3652 3368 3707 τὰ
3412 3652 3463 3722 ἐξ
3508 3652 3675 3707 αὺτοῦ
3704 3652 3803 3707 καὶ

2137 3738 2207 3794 δι’
2238 3741 2405 3795 αὑτοῦ
2464 3740 2515 3794 ἐν
2568 3740 2863 3817 ἀγαθότητι
2896 3743 3238 3815 προνοητική
3291 3739 3528 3817 πρόοδος
3562 3759 3576 3773 ·
3610 3743 3804 3804 στάσις

2138 3828 2195 3884 δὲ
2224 3830 2286 3884 τὸ
2318 3829 2397 3883 ἀεὶ
2457 3829 2716 3892 ὡσαύτως
2770 3827 2940 3904 ἔχειν,
2992 3830 3084 3885 xui
3142 3830 3552 3909 ἀνεκφοιτήτως
3600 3830 3802 3886 ἐαυτοῦ

2133 3919 2231 3987 τήν
2291 3918 2688 3992 ἀνεπίγνωστον
2768 3919 3001 3993 ἠρεμίαν
3059 3919 3150 3974 xui
3207 3919 3418 3992 ἀτρεμῆ
3478 3918 3798 3995 ἀοχλησίαν

2130 4008 2440 4074 κεκτῆσθαι.
2486 4004 2836 4079 Σημειωτέον
2883 4004 2962 4075 δὲ,
3013 4006 3096 4061 ὅτι
3150 4007 3243 4070 τὰς
3298 4010 3498 4078 νοητὰς
3531 4005 3801 4081 δυνάμεις

2131 4096 2354 4158 αἱωνίας
2381 4094 2650 4163 ἐκάλεσεν,
2703 4096 2780 4160 ὡς
2829 4095 3027 4158 αἰῶνος
3080 4095 3438 4174 μετεχούσας.
3488 4098 3553 4153 Ἠ
3584 4095 3645 4153 δὲ
3671 4102 3804 4154 τοῦ·

2130 4206 2192 4241 το
2222 4184 2454 4262 λέγουσα
2513 4183 2699 4261 Γρᾶφτς
2748 4185 2859 4241 ἐστι
2894 4206 2907 4220 ⁸
2971 4186 3054 4242 Τὰ
3111 4186 3214 4262 γάρ
3281 4183 3594 4260 βλεπόμενα
3624 4188 3802 4264 πρόσ-

2129 4296 2336 4350 καιρα’
2402 4276 2471 4329 τὰ
2527 4272 2585 4329 δὲ
2671 4277 2747 4348 μή
2829 4275 3143 4351 βλεπόμενα
3214 4276 3429 4335 αἰώνια.
3492 4277 3575 4334 Τὰ
3634 4276 3684 4332 δ’
3744 4279 3798 4333 ἐν

2131 4365 2333 4438 ἑτέροις
2395 4363 2713 4439 ὑπάρχοντά
2766 4365 2898 4420 εἶ’σιν
2983 4368 3101 4420 οἷον
3169 4368 3456 4442 ἁγιασμὸς,
3506 4367 3798 4432 ἀθανασία.

2133 4452 2335 4523 εὐζωῖἀ
2366 4472 2379 4486 ⁶
2413 4458 2582 4509 ταῦτα
2635 4455 2739 4531 γὰρ
2795 4454 2847 4508 ἐν
2898 4460 3124 4525 νοηταῖς
3180 4457 3267 4511 καὶ
3331 4462 3547 4524 νοεραῖς
3577 4459 3800 4520 οὐσίαις

2132 4542 2360 4598 τοιαῦτά
2390 4542 2492 4598 εἶσι
2531 4545 2649 4599 κατ’
2702 4542 2943 4600 ἐπίνοιαν
2995 4542 3053 4600 δὲ
3112 4547 3363 4622 λέγονται
3412 4545 3468 4601 ἐν
3516 4552 3638 4608 τοῖς
3667 4569 3801 4617 νοη-

370 4642 527 4697 enim
560 4640 616 4694 in
654 4637 1127 4710 intelligibilibus
1159 4655 1225 4693 ac
1256 4634 1724 4707 intelligentibus
1744 4636 2019 4691 essentiis

2140 4639 2249 4694 τοῖς
2280 4634 2371 4688 καὶ
2402 4636 2561 4705 ἡμῖν,
2609 4634 2684 4695 ὡς
2732 4633 2844 4689 θεοὶ
2893 4635 2982 4689 xui
3032 4634 3212 4709 κύριοι
3251 4637 3343 4691 καὶ
3389 4633 3606 4691 δυνατοὶ
3642 4636 3800 4713 ἰσχύϊ

367 4728 512 4785 talia
541 4732 717 4783 sunt:
742 4728 1023 4783 dicuntur
1054 4730 1248 4781 autem
1283 4725 1635 4796 cogitatione
1662 4740 1791 4780 esse
1823 4725 1881 4778 in
1933 4724 2023 4779 in-

371 4817 780 4889 telligibilibus
800 4833 865 4871 ac
889 4815 1081 4880 nobis,
1110 4820 1173 4870 ut
1205 4814 1287 4869 dii
1328 4820 1385 4868 et
1419 4813 1642 4869 domini
1665 4819 1721 4869 et
1757 4817 2024 4884 potentes

370 4909 584 4963 virtute
605 4905 819 4978 angeli,
852 4922 917 4961 ac
948 4903 1396 4976 participatione
1426 4903 1716 4958 homines.

442 4988 632 5053 Omitis
646 4996 915 5065 deﬁnitio,
939 5003 992 5050 et
1021 5001 1219 5048 caetera
1238 5008 1591 5066 quacunque.
1616 4992 1750 5055 Quae
1778 5010 1842 5049 eo
1867 4993 2021 5065 quod

369 5087 658 5142 exsistant
690 5089 848 5149 sunt,
882 5082 1025 5137 dicit
1058 5082 1178 5137 haec
1199 5082 1259 5137 in
1292 5081 1421 5137 aliis
1451 5081 1823 5138 considerata
1880 5082 2027 5138 exsi-

372 5182 490 5231 tera
511 5180 567 5230 et
598 5191 710 5229 non
747 5174 804 5226 in
837 5189 900 5227 se
929 5171 1097 5243 ipsis;
1124 5188 1258 5226 nam
1281 5171 1710 5241 essentia3(haac
1738 5172 1894 5227 enim
1924 5189 2023 5227 vo-

370 5265 521 5320 cavit
550 5263 726 5333 entia)
753 5265 894 5316 sunt
919 5276 1124 5316 eorum
1156 5278 1279 5330 quae
1312 5277 1414 5333 per
1439 5277 1502 5315 se
1533 5260 1847 5327 exsistunt,
1874 5276 2025 5332 quas

371 5352 705 5424 designant,
750 5348 1185 5421 immortalitas,
1237 5348 1549 5423 sapientia,
1599 5350 1765 5417 ordo,
1811 5365 2025 5406 conve-

447 5502 528 5575 (d)
560 5502 608 5558 II
638 5504 769 5558 Cor.
804 5518 881 5573 1v,
915 5503 1001 5558 18.

2136 4721 2360 4799 ἄγγελοι
2388 4723 2524 4778 κατὰ
2557 4722 2763 4796 μέθεξιν
2796 4723 2887 4779 καὶ
2917 4721 3216 4799 ἄνθρωποι.

2206 4996 2318 5052 Πᾶς
2351 4989 2497 5067 ὅρος,
2529 4993 2618 5046 καὶ
2676 4992 2742 5046 τὰ
2791 4990 2955 5049 ἄλλα·
3007 4996 3145 5050 Ὅσα
3195 4999 3278 5067 τῷ
3316 4996 3449 5049 εἶναι
3501 4990 3636 5051 ὄντα
3664 4995 3791 5065 εἰσι,

2130 5083 2301 5136 ταῦτά
2349 5102 2512 5155 φησιν
2574 5080 2628 5135 ἐν
2684 5077 2889 5155 ἒτέροις
2945 5082 3296 5160 θεωρούμενα
3355 5084 3649 5159 ὑπάρχειν,
3706 5085 3795 5140 καὶ

2136 5171 2198 5225 οὕ
2227 5170 2533 5225 καθ’ὲαυτά
2568 5190 2580 5202 ·
2641 5169 2695 5224 ui
2754 5172 2858 5247 γὰρ
2910 5171 3088 5227 ούσίαι
3146 5175 3337 5247 (ταῦτα
3392 5174 3498 5249 γὰρ
3539 5173 3795 5229 ἐκάλεσεν

2135 5261 2309 5333 ὅντα),
2338 5263 2449 5314 τῶν
2480 5260 2599 5322 καθ’
2657 5260 2821 5314 ἑαυτά
2879 5260 3034 5332 εἰσιν,
3090 5262 3303 5327 ἅστινας
3358 5265 3797 5339 χαρακτηρίζου-

2134 5369 2235 5422 σιν,
2292 5347 2577 5421 ἀθανασία,
2652 5349 2836 5428 σοφία,
2911 5352 3081 5425 τάξις,
3138 5352 3401 5430 ἁρμονία,
3457 5352 3549 5409 καὶ
3586 5353 3656 5410 τὰ
3706 5354 3796 5408 σὺν

1368 5626 1617 5684 VARIAE
1655 5625 2057 5685 LECTIONES
2094 5626 2186 5685 ET
2222 5625 2794 5686 CORREGTIONES.

449 5754 494 5791 ’ί
521 5751 583 5808 τὸ
616 5747 675 5807 δὶ
705 5747 933 5811 ἐναντία.
