4034 6412
213 433 320 486 325

975 432 1034 484 Β.
1075 431 1346 484 MAXIM!
1383 429 1690 485 SCHOLIA
1729 433 1804 484 IN
1844 431 1976 484 LIB.
2018 429 2114 482 DE
2153 430 2422 482 DIVINIS
2463 429 2872 482 NOMINIBUS.

3538 430 3643 484 336

211 557 418 624 αὐτοῖς,
480 556 614 629 ἅπερ
673 553 724 609 ἐν
786 551 991 628 ἑτέροις
1036 553 1303 627 ὑπάρχειν
1351 551 1624 630 λέγονται·
1689 550 1868 628 ὥσπερ

2008 552 2228 617 tientia,
2262 556 2320 608 et
2342 551 2416 607 iis
2439 553 2739 623 adjuncta,
2765 568 2891 622 qua:
2916 552 3197 607 dicuntur
3221 568 3352 608 esse
3387 553 3447 608 in
3477 553 3642 624 aliis;

209 644 296 698 καὶ
344 645 413 700 τὰ
459 645 574 698 κατ’
606 641 855 714 αἴσθησιν
883 640 1009 717 περὶ
1039 641 1108 696 τὰ
1145 641 1374 715 σώματα
1418 643 1694 716 ὁρώμενα·
1752 645 1865 696 οἷον

214 737 440 808 χρῶμα,
475 740 690 808 σχῆμα,
741 727 1076 802 πηλικότης,
1121 732 1208 785 καὶ
1258 731 1326 785 τὰ
1370 731 1559 803 ὅμοια,
1594 733 1728 806 ἅπερ
1764 751 1870 784 σω-

213 825 398 896 μάτων
446 821 598 884 ἐκτὸς
647 821 992 884 συνίστασθαι
1043 816 1328 874 ἀδύνατον.
1384 819 1566 874 Διεῐλε
1624 817 1681 873 δὲ
1737 818 1873 874 αὐτὰ

209 915 238 968 ὁ
289 914 483 987 Πατὴρ
533 916 640 966 τῶν
684 912 800 966 κατ’
855 909 1115 964 ἐπίνοιαν·
1174 913 1340 963 ταῦτα
1400 906 1457 964 δὲ
1502 910 1634 964 εἶναί
1696 930 1867 985 φαμεν

206 1005 277 1058 τὰ
304 1007 376 1076 τῇ
413 1003 600 1072 νοήσει
645 995 1199 1072 καταλαμϐανόμενα,
1249 1002 1363 1053 οἷον
1413 998 1618 1071 νόημα,
1681 999 1869 1074 λόγον,

207 1092 489 1163 α’ἰσθησιν,
539 1090 630 1145 καὶ
678 1090 746 1144 τὰ
787 1093 1049 1144 τοιαῦτα·
1123 1089 1276 1143 ἅτινα
1323 1091 1392 1161 τῇ
1456 1087 1671 1158 ἐπινοίᾳ
1729 1087 1868 1162 μόνῃ

206 1181 376 1238 οἱονεὶ
406 1185 477 1254 τῇ
537 1180 897 1252 ἐπενθυμήσει
954 1177 1296 1254 γνωρίζομεν
1335 1197 1348 1210 ·
1382 1179 1417 1247 ἢ
1451 1177 1543 1232 καὶ
1575 1178 1694 1231 κατ’
1753 1176 1870 1230 ἐπί-

201 1291 362 1326 νοιαν
395 1269 539 1344 λέγει
569 1271 638 1324 τὰ
666 1269 858 1340 νοητὰ,
890 1267 980 1322 καὶ
1011 1267 1258 1338 αἰσθήσει
1293 1265 1670 1322 ὑποπίπτοντα
1695 1264 1872 1339 μηδα-

205 1363 354 1434 μῶς.

279 1448 505 1520 §VIlI.
545 1448 615 1504 At
644 1447 834 1517 νοηταὶ
885 1446 976 1501 καὶ
1031 1443 1234 1519 νοεραῖ.
1299 1443 1619 1518 Σημείωσαι
1683 1441 1759 1513 δὲ,
1795 1443 1878 1498 ὅτι

197 1539 270 1595 τὸ
302 1537 503 1608 νοηταὶ
534 1536 612 1600 ὡς
641 1537 780 1613 πρὸς
810 1538 979 1608 ἡμᾶς·
1012 1536 1074 1590 τὸ
1125 1531 1182 1589 δὶ
1238 1534 1418 1611 νοεραῖ
1469 1533 1543 1597 ὡς
1591 1534 1728 1610 πρὸς
1786 1534 1878 1587 τὸν

204 1629 340 1685 Θεὸν
374 1632 607 1686 νοεῖται.

286 1717 390 1772 Καὶ
422 1718 486 1772 τὸ
520 1717 678 1773 εἶναι.
713 1715 812 1771 Καὶ
839 1715 901 1770 τὸ
935 1712 1187 1779 θεοειδῶς
1219 1717 1380 1771 εἶναι.

288 1807 392 1862 Καὶ
421 1808 492 1862 τὰ
538 1805 685 1862 ἄλλα
731 1806 926 1860 πάντα.
976 1806 1098 1862 Ὅτι
1146 1805 1310 1868 αὐτὸς
1357 1802 1533 1868 αἴτιος
1588 1807 1688 1858 τοῦ
1743 1805 1880 1858 εἶναι

1984 646 2126 697 sunt
2158 642 2334 696 etiam
2365 657 2494 712 quae
2528 658 2705 696 sensu
2740 642 2897 696 circa
2949 657 3195 713 corpora
3247 643 3541 710 videntur,
3578 648 3645 699 ut

1983 731 2160 800 color,
2193 732 2399 803 figura,
2436 731 2738 802 quantitas
2769 735 2827 785 et
2857 730 3101 797 similia,
3133 748 3260 802 quae
3303 738 3467 787 extra
3515 750 3643 788 cor~

1985 838 2095 893 pus
2118 821 2442 876 consistere
2462 824 2787 891 nequeunt.
2805 820 2981 875 Porro
3007 823 3181 875 Pater
3201 820 3322 874 haec
3348 821 3551 877 divisit
3574 823 3646 877 ab

1985 911 2080 979 iis,
2101 928 2230 982 quae
2257 916 2394 966 sunt
2416 911 2796 981 cogitatione;
2825 911 2946 964 haec
2995 916 3193 966 autem
3232 912 3492 967 dicimus
3519 930 3648 969 esse

1984 1017 2112 1072 quae
2140 1000 2545 1055 intellectione
2577 1001 3184 1071 comprehenduntur,
3216 1001 3397 1055 veluti
3443 1005 3648 1074 cogni-

1985 1091 2226 1155 tionem,
2269 1090 2544 1155 verbum,
2578 1105 2831 1144 sensum
2867 1095 2923 1144 et
2955 1089 3122 1156 talia;
3154 1107 3280 1159 quae
3301 1091 3650 1161 cogitatione

1987 1179 2111 1236 sola
2139 1186 2422 1250 tanquam
2459 1179 2669 1233 reﬂexo
2709 1178 3129 1234 intellectionis
3171 1184 3303 1234 actu
3335 1181 3644 1252 cognosci-

1992 1286 2143 1335 mus;
2165 1269 2459 1322 autetiam
2493 1284 2623 1322 esse
2659 1269 3012 1339 cogitatione
3042 1269 3188 1324 dicit
3221 1269 3644 1341 intelligibilia,

1989 1363 2046 1415 et
2076 1357 2239 1412 nullo
2268 1357 2440 1412 modo
2474 1357 2748 1412 sensibus
2778 1359 3062 1426 subjecta.

2060 1450 2086 1515 §
2117 1447 2624 1503 VIlIJntellectiles
2651 1463 2716 1502 ac
2740 1448 3135 1517 intelligentes.
3159 1447 3306 1502 Nota
3337 1465 3471 1504 vero
3496 1451 3648 1520 quod

1989 1534 2181 1605 νοηταί
2213 1541 2482 1608 respectu
2525 1524 2745 1604 nostri;
2795 1537 2950 1607 quod
3002 1533 3197 1608 νοηραί
3248 1542 3516 1610 respectu
3547 1538 3649 1594 Dei

1993 1626 2365 1697 intelligitur.

2063 1719 2137 1771 Et
2164 1731 2300 1771 esse.
2335 1715 2402 1770 Et
2434 1713 2628 1770 divine
2661 1731 2789 1770 esse
2821 1713 3059 1770 habent.

2063 1808 2127 1860 Et
2156 1806 2272 1860 alia
2301 1803 2509 1859 omnia.
2555 1804 2756 1874 Ipsum
2790 1809 3094 1860 auctorem
3152 1821 3303 1872 esse,
3366 1823 3470 1860 cur
3528 1807 3648 1862 sint

202 1899 279 1952 τὰ
351 1896 549 1966 πάντα,
616 1895 708 1951 καὶ
771 1894 876 1970 πρὸ
915 1898 1012 1949 106
1062 1897 1220 1961 εἶναι,
1281 1895 1372 1948 ἅτε
1417 1895 1504 1948 καὶ
1562 1891 1698 1961 ἰδέα,
1757 1892 1883 1962 ἤτοι

339 1983 394 1996 .-κ
610 1979 635 1996 ν
791 1987 816 1996 -
894 1984 917 1996 -
1087 1982 1100 1996 .
1209 1982 1222 1996 ς
1324 1987 1378 1996 -_
1474 1979 1497 1996 ς.
1546 1980 1561 1996 ς
1621 1986 1643 1996 -
1859 1982 1872 1996 κ

2008 1897 2212 1966 )mnia,
2247 1899 2305 1949 et
2336 1900 2470 1949 ante
2494 1909 2670 1964 quam
2703 1897 2922 1961 essent,
2958 1898 3024 1948 ut
3054 1893 3185 1949 idea
3214 1911 3318 1950 seu
3349 1896 3648 1967 exemplar

203 1983 566 2060 παρᾶδιιγμα
597 1979 672 2038 ὥν
722 1987 820 2038 τοῦ
870 1984 1028 2049 εἶναι,
1071 1982 1146 2044 ὡς
1205 1982 1444 2046 ἐντεῦθεν
1471 1979 1759 2052 δηλοῦται·
1819 1982 1882 2036 τὸ

205 2077 317 2151 γὰρ
369 2075 507 2130 αὐτὸ
554 2076 716 2145 εἴναι,
767 2072 866 2127 οὐκ
895 2071 1024 2127 αὐτό
1078 2071 1218 2126 ἐστιν
1248 2073 1275 2126 6
1307 2072 1458 2138 Θεὸς,
1516 2070 1604 2126 διὰ
1629 2071 1692 2126 τὸ
1745 2073 1883 2126 εἶναι

201 2165 303 2220 τὸν
335 2165 496 2232 Θεὸν,
555 2162 703 2217 ἀλλά
752 2159 841 2216 διὰ
886 2162 977 2216 τὸν
1023 2161 1177 2229 Θεὸν,
1227 2162 1314 2215 καὶ
1348 2161 1411 2215 τὸ
1442 2163 1580 2215 εἶναι
1611 2159 1744 2230 ἐστὶ,
1791 2161 1882 2215 καὶ

204 2255 454 2329 λέγεται·
509 2251 595 2308 διὸ
643 2251 693 2306 ἐν
740 2257 820 2324 τῷ
870 2255 988 2322 Θεῷ
1040 2250 1151 2305 ἐστι
1199 2250 1262 2305 τὸ
1305 2251 1457 2322 εἷναι,
1509 2251 1582 2312 ὡς
1635 2249 1767 2304 ἰδέα·
1821 2249 1882 2304 οὗ

208 2347 326 2416 μὴν
363 2344 393 2397 6
427 2342 584 2410 Θεὸς,
617 2339 669 2395 ἐν
701 2345 784 2413 τῷ
815 2343 954 2396 εἶναι
981 2338 1114 2394 ἐστι·
1168 2341 1274 2415 πρὸ
1323 2341 1427 2414 γὰρ
1455 2343 1554 2393 τοῦ
1604 2342 1736 2393 εἶναι
1791 2342 1880 2408 ἦν·

207 2433 374 2505 ὅμως
438 2429 529 2484 διὰ
585 2431 648 2485 τὸ
696 2429 912 2484 πάντων
955 2428 1129 2490 αἴτιος
1181 2431 1336 2499 εἶναι,
1388 2429 1479 2482 καὶ
1531 2427 1884 2504 παραγωγεὺς

211 2519 521 2587 δείκνυται,
553 2519 644 2574 καὶ
675 2513 776 2590 ἔξω
818 2520 1032 2573 πάντων
1079 2518 1244 2589 ἐστὶν,
1287 2519 1361 2580 ὡς
1416 2517 1590 2581 αἶ’τιος
1644 2520 1884 2585 πάντων,

207 2611 305 2664 καὶ
335 2614 462 2671 τοῖς
492 2611 601 2663 τῶν
630 2609 846 2662 πάντων
879 2607 1220 2684 γνωρίσμασι
1269 2605 1756 2682 προσαγορεύεται,
1809 2607 1884 2669 ὡς

209 2701 281 2754 τὰ
313 2697 496 2753 πᾶντα
519 2697 844 2772 παραγαγών
856 2739 868 2752 .

291 2790 398 2844 Καὶ
446 2787 615 2843 αὐτοῦ
666 2785 777 2841 ἐστι
825 2785 888 2840 τὸ
940 2786 1099 2840 εἶναι.
1154 2783 1336 2840 Αὐτοῦ
1385 2784 1504 2856 μὲν,
1533 2786 1606 2846 ὡς
1640 2783 1691 2855 ἐξ
1722 2783 1886 2838 αὐτοϋ

211 2886 330 2942 ἐστι
359 2885 428 2940 τὸ
461 2887 621 2940 εἶναι·
657 2883 708 2938 ἐν
741 2883 889 2955 αὐτῷ
921 2881 985 2937 δὲ
1011 2887 1092 2955 τῷ
1124 2887 1501 2956 συντηρεῖσθαι
1542 2883 1670 2958 παρ’
1698 2881 1883 2936 αὐτοῦ·

210 2976 318 3031 οὐκ
345 2975 516 3037 αὐτὸς
551 2972 610 3028 δὲ
635 2977 733 3028 τοῦ
766 2974 919 3042 εἴναι,
949 2970 1075 3026 οὐδὲ
1121 2971 1176 3026 ἐν
1206 2976 1285 3044 τῷ
1330 2975 1461 3026 εἶναι
1495 2973 1884 3047 συνεχόμενος·

212 3067 352 3142 ὑπὲρ
387 3064 496 3140 γὰρ
528 3064 593 3119 τὸ
625 3065 761 3118 εἷναι
793 3064 822 3117 6
857 3062 1199 3138 ὑπερούσιος.

282 3245 386 3301 Καὶ
452 3244 556 3298 οὐκ
612 3239 775 3306 αὐτὸς
828 3241 880 3296 ἐν
941 3246 1019 3312 τῷ
1076 3244 1234 3298 εἴναι.
1279 3243 1794 3318 Προσυπακουστέον
1829 3244 1881 3299 ἐν

210 3333 562 3413 ἀμφοτέροις
593 3331 657 3386 τὸ
689 3329 884 3399 α’ίτιον,
915 3331 1161 3386 τουτέστι
1189 3333 1253 3385 τὸ
1284 3333 1420 3386 εἶναι
1453 3331 1612 3386 αὐτὸν
1646 3328 1763 3407 ἔχει
1794 3330 1882 3387 αἶ’-

208 3446 354 3493 τιον,
409 3422 507 3478 καὶ
560 3420 693 3496 οὐχὶ
743 3420 926 3489 αὐτὸς,
979 3421 1053 3482 ὡς
1099 3419 1158 3475 ἐκ
1185 3422 1676 3495 προηγουμένης²²
1709 3422 1888 3484 αῗτίας

217 3513 336 3589 ἔχει
367 3513 438 3568 τὸ
473 3514 638 3566 εἶναι.

294 3602 455 3658 Κατὰ
509 3605 689 3655 πᾶσαν
744 3603 850 3653 τῶν
911 3594 1080 3654 ὅντων
1125 3597 1386 3655 ἐπίνοιαν.
1439 3601 1503 3655 Ἡ
1557 3603 1666 3654 τῶν
1718 3596 1888 3656 ὄντων

226 3692 450 3766 θεωρία,
482 3691 550 3760 ἢν
585 3687 813 3752 ἐνταῦθα
837 3687 1079 3743 ἐπίνοιαν
1109 3687 1350 3758 ἐκάλεσε,
1381 3688 1569 3759 πολλή
1621 3710 1705 3750 τις
1755 3687 1892 3744 οὖσα

230 3782 321 3834 καὶ
371 3777 609 3848 ποικίλη
645 3777 793 3852 πάσῃ
851 3773 1088 3851 ἐπιϐολῇ
1145 3781 1242 3832 106
1299 3782 1416 3846 νοῦ,
1466 3784 1894 3852 προϋπαντῖυσαν

237 3869 464 3942 εὑρίσκει
498 3871 603 3923 τοῦ
633 3866 812 3922 αἰτίου
841 3867 941 3935 τὴν
969 3861 1196 3938 ἔννοιαν,
1224 3866 1389 3941 ἤγουν
1412 3873 1508 3921 106
1528 3865 1889 3944 δημιουργοῦ·

229 3959 285 4013 τὸ
315 3959 406 4014 οὖν
441 3955 1030 4026 πολλαπλασιάζεσθαι
1063 3953 1250 4026 δηλοῖ,
1282 3957 1345 4011 τὸ
1391 3956 1440 4011 ἐν
1492 3963 1607 4020 τοῖς
1654 3957 1895 4022 πολλοῖς

219 4049 310 4104 τὸν
345 4048 518 4103 αὐτὸν
551 4043 728 4101 αἷίτιον
765 4048 1106 4122 θεωρεῖσθαι.

293 4138 396 4192 Καὶ
434 4138 500 4192 τὸ
551 4134 688 4203 ἐστὶ,
735 4135 825 4189 καὶ
868 4135 929 4189 τὸ
980 4133 1148 4190 ἔσται.
1199 4137 1376 4210 "Amp
1428 4135 1480 4190 ἓν
1527 4141 1604 4208 τῷ
1648 4137 1754 4212 πρὸ
1805 4137 1894 4190 αὐ-

217 4232 319 4282 106
351 4226 633 4304 ἆπὲφησε,
663 4228 751 4278 νῦν
787 4224 1024 4279 ἐπειπὼν
1075 4230 1155 4296 τῷ
1199 4229 1316 4296 Θεῷ
1351 4226 1654 4301 ἀναγκαίως
1705 4226 1891 4281 ἑαυτὸν

222 4315 556 4390 ἑρμηνεύων
593 4314 733 4369 κατὰ
775 4315 878 4383 τὴν
910 4319 1006 4368 106
1057 4313 1235 4368 αἶ’τίου
1265 4309 1472 4369 ἔννοιαν
1522 4319 1690 4370 ταῦτα
1746 4322 1891 4370 νοεῖν

223 4401 569 4461 ὑποϐάλλει.
603 4405 672 4458 Τὸ
708 4405 801 4476 μὶν
837 4402 928 4457 οὖν
977 4402 1210 4478 ἐγένετο,
1265 4403 1355 4457 καὶ
1411 4404 1608 4478 γίνεται
1661 4405 1751 4459 καί
1802 4427 1897 4481 γε·

223 4497 479 4566 νήσεται,
527 4493 617 4548 ἐπὶ
667 4494 762 4564 μὲν
814 4496 921 4547 τῶν
973 4491 1286 4564 κτισμάτων
1328 4493 1530 4568 κυρίως
1570 4501 1894 4570 κατηγορεῖ-

224 4603 336 4639 ται·
384 4583 458 4639 τὰ
513 4582 610 4655 μὲν
659 4582 762 4657 γὰρ
809 4581 946 4651 ἅπαξ
992 4580 1225 4656 ἐγένετο,
1274 4583 1389 4637 οἷον
1432 4582 1681 4657 οὐρανὸς,
1736 4585 1899 4660 ἄγγε-

1997 1984 2189 2056 ipsius
2213 1983 2596 2048 exsistentiae,
2634 1982 2785 2036 sicut
2811 1982 2946 2035 hinc
2971 1983 3336 2038 declaratur:
3363 2002 3496 2039 nam
3523 1986 3653 2056 ipsa

1993 2074 2334 2129 exsistentia
2358 2090 2473 2125 non
2504 2080 2590 2126 est
2611 2072 2736 2143 ipse
2767 2073 2920 2125 I76
2949 2071 3125 2138 Deus,
3160 2072 3298 2143 quia
3349 2074 3504 2128 Deus
3548 2091 3649 2128 ex-

1995 2164 2172 2229 sistit,
2209 2179 2310 2234 per
2340 2161 2522 2216 Deum
2574 2166 2768 2215 autem
2804 2167 2861 2214 et
2891 2161 3235 2217 exsistentia
3279 2167 3388 2232 est,
3415 2167 3471 2217 et
3501 2163 3650 2218 dici-

1994 2258 2125 2318 tur;
2160 2252 2292 2306 ideo
2315 2250 2662 2306 exsistentia
2684 2255 2773 2305 est
2795 2249 2853 2304 in
2882 2251 2997 2305 Deo
3024 2255 3087 2305 ut
3109 2250 3263 2316 idea,
3304 2268 3417 2305 non
3454 2258 3648 2308 autem

1995 2346 2148 2396 Deus
2175 2345 2263 2395 est
2286 2341 2342 2394 in
2371 2339 2501 2410 ipsa
2535 2339 2880 2394 exsistentia
2905 2359 2918 2406 ;
2946 2344 3073 2394 erat
3103 2341 3260 2394 enim
3287 2344 3422 2395 ante
3457 2343 3648 2412 ips-im

1995 2430 2400 2486 exsistentiam
2430 2445 2443 2494 ;
2477 2433 2673 2483 tamen
2700 2429 2840 2498 quia
2860 2432 2949 2483 est
2979 2429 3246 2483 omnium
3269 2431 3491 2496 doctor,
3519 2448 3650 2500 pro-

1995 2521 2202 2574 ductor
2231 2533 2466 2589 quoque
2513 2519 2870 2585 declaratur,
2911 2522 2969 2572 et
2999 2518 3343 2573 nominibus
3384 2521 3649 2574 omnium

1995 2607 2346 2680 appellatur,
2383 2611 2447 2660 ut
2470 2607 2566 2676 qui
2600 2608 2800 2662 omnia
2832 2607 3127 2678 produxit.

2069 2789 2130 2842 Et
2160 2788 2274 2858 ejus
2304 2790 2381 2841 est
2401 2784 2750 2840 exsistentia.
2779 2785 2970 2855 Ipsius
2996 2786 3413 2857 quidem,quia
3434 2803 3500 2841 ex
3525 2788 3652 2858 ipso

1997 2882 2086 2932 est
2117 2876 2497 2931 exsistentia:
2534 2875 2590 2928 in
2625 2889 2690 2927 eo
2719 2890 2874 2939 vero,
2909 2876 3065 2946 quod
3111 2877 3181 2928 ab
3240 2875 3368 2947 ipso
3416 2893 3652 2931 conser-

1997 2971 2184 3036 vetur,
2209 2966 2335 3036 ipse
2367 2981 2483 3020 non
2499 2968 2589 3019 est
2611 2962 2974 3031 exsistentia,
3004 2981 3194 3035 neque
3218 2965 3276 3019 in
3307 2965 3653 3021 exsistentia

1997 3056 2485 3123 continetur;est
2507 3053 2664 3109 enim
2689 3069 2870 3124 supra
2891 3053 3320 3122 exsistentiam,
3373 3055 3512 3126 quia
3553 3073 3651 3110 su-

1999 3143 2461 3218 peressentialis.

2069 3248 2133 3300 Et
2164 3260 2273 3299 non
2306 3246 2421 3314 ipse
2456 3245 2512 3298 in
2543 3241 2890 3297 exsistentia.
2942 3241 3427 3298 Subaudiendum
3473 3247 3562 3299 est
3589 3243 3648 3298 in

1999 3335 2282 3404 utrisque,
2305 3333 2662 3402 principium;
2692 3331 2746 3384 id
2771 3335 2858 3385 est
2881 3331 3226 3386 exsistentia
3248 3332 3424 3387 habet
3453 3332 3650 3402 ipsum

1999 3428 2318 3489 auctorem,
2354 3437 2544 3492 neque
2577 3421 2703 3491 ipse
2724 3419 2882 3474 velut
2913 3436 2976 3474 ex
3013 3420 3322 3493 principali
3355 3439 3531 3477 causa
3562 3438 3652 3476 ex-

2000 3511 2332 3567 sistentiam
2366 3509 2563 3566 habet.

2072 3610 2387 3665 Secundum
2417 3609 2663 3662 omnium
2715 3623 2930 3675 comm,
2976 3622 3101 3678 quae
3156 3611 3305 3673 sunt,
3357 3610 3644 3677 cogitatio-

2000 3717 2146 3755 nem.
2176 3697 2604 3768 Contemplatio
2637 3713 2832 3751 rerum
2867 3714 3044 3768 quam
3080 3697 3187 3752 hoc
3231 3698 3356 3753 loco
3416 3696 3654 3751 ἐπίνοιαν

2001 3790 2402 3854 vocavit,cum
2449 3786 2636 3841 multa
2675 3787 2825 3841 sitet
2853 3787 3040 3854 varia,
3081 3786 3306 3841 invenit
3350 3788 3655 3859 cogitatio-

2003 3895 2138 3934 nem
2161 3895 2350 3932 causaa
2382 3893 2486 3931 seu
2520 3876 2800 3930 creatoris
2832 3875 2995 3930 omni
3029 3876 3246 3931 mentis
3276 3879 3510 3931 conatui
3537 3877 3656 3932 sive

2005 3966 2315 4023 intentioni
2350 3966 2821 4037 praevenientem,
2870 3965 3014 4019 illud
3065 3965 3246 4036 igitur
3292 3966 3661 4037 multiplicari

2004 4056 2320 4129 signiﬁcat,
2355 4071 2596 4109 causam
2647 4054 2916 4109 eamdem
2955 4053 3010 4108 in
3044 4053 3248 4108 multis
3279 4055 3658 4111 considerari.

2075 4147 2140 4200 Et
2166 4149 2266 4210 est,
2299 4149 2349 4199 et
2379 4147 2506 4199 erit.
2541 4145 2676 4208 Quae
2711 4148 2882 4197 antea
2915 4143 3168 4212 negavit,
3221 4161 3376 4199 nunc
3428 4147 3496 4199 de
3545 4145 3660 4201 Deo

2003 4237 2253 4307 loquens
2284 4237 2614 4289 necessario
2647 4231 2909 4303 aeipsum
2941 4230 3261 4302 explicans,
3313 4234 3555 4302 subjicit
3598 4250 3662 4290 se

2007 4322 2496 4395 haecintelligere,
2529 4326 2824 4391 quatenus
2850 4326 3001 4375 Deus
3046 4338 3227 4376 causa
3273 4322 3658 4394 intelligitur;

2006 4429 2143 4483 ergo
2165 4420 2284 4467 erat
2307 4417 2463 4466 etest
2491 4415 2546 4465 et
2575 4411 2678 4464 erit
2713 4409 2946 4480 proprie
2984 4410 3224 4480 quidem
3266 4412 3336 4467 de
3377 4413 3664 4469 creaturis

2007 4502 2369 4567 enuntiatur;
2399 4499 2600 4569 aliqua
2633 4499 2790 4553 enim
2829 4515 3071 4568 prorsus
3115 4509 3301 4568 erant,
3330 4507 3395 4557 ut
3425 4502 3661 4567 coelum,

2009 4589 2224 4662 angeli,
2250 4588 2356 4656 sol,
2383 4597 2436 4643 et
2460 4586 2702 4650 talia,in
2741 4587 2954 4657 quibus
3005 4589 3198 4641 locum
3235 4605 3349 4643 non
3385 4590 3557 4645 habet
3588 4596 3663 4645 est

229 4673 346 4744 λοι,
396 4670 568 4740 ⁸ἥλιος
600 4672 691 4726 καὶ
721 4671 787 4726 τὰ
823 4675 1070 4741 τοιαῦτα,
1107 4669 1189 4749 ἐφ’
1220 4672 1292 4726 ὧν
1333 4672 1518 4747 χώραν
1567 4672 1668 4727 οὐκ
1698 4669 1885 4749 ἔχειτέ

2010 4684 2067 4735 et
2094 4678 2230 4740 erit;
2256 4678 2412 4749 quod
2437 4680 2635 4731 autem
2663 4693 2696 4729 a
2727 4674 2940 4730 Davide
2963 4675 3180 4730 dicitur
3208 4694 3220 4732 :
3247 4679 3358 4746 Qui
3385 4679 3527 4749 facit
3561 4697 3661 4734 an-

226 4763 518 4836 γίνεται²³,
550 4763 858 4836 γενήσεται·
918 4761 982 4815 τὸ
1041 4757 1100 4814 δὲ
1144 4762 1293 4834 παρὰ
1314 4765 1412 4815 τοῦ
1459 4761 1623 4816 Δαυὶδ
1679 4762 1896 4838 λεχθὲν,

231 4852 292 4908 Ὁ
349 4854 530 4905 ποιῶν
590 4848 720 4910 τοὺς
781 4848 1048 4925 ἀγγέλους
1111 4849 1275 4904 αὐτοῦ
1332 4849 1702 4923 πνεύματα,ἣ
1765 4852 1901 4906 κατὰ

233 4941 295 4994 τὸ
353 4945 741 5014 συντηρεῖσθαι
789 4937 1054 5009 ληπτέον,
1112 4939 1250 4994 καθὰ
1298 4938 1532 5014 εἴρηται,
1592 4941 1652 4998 Ὀ
1715 4943 1900 5015 Πατήρ

241 5051 344 5100 μου
404 5027 512 5091 ἓως
545 5025 669 5101 ἄρτι
710 5027 1014 5103 ἐργάζεται·
1075 5028 1110 5096 ἥ
1161 5031 1298 5083 κατά
1351 5031 1452 5096 τήν
1484 5031 1767 5099 συνήθειαν
1799 5038 1900 5099 τῆς

241 5119 479 5197 Γραφῆς,
532 5115 966 5192 ἐνηλλαγμένως
1007 5119 1108 5187 τὴν
1161 5117 1430 5190 σημασίαν
1482 5119 1579 5188 τὴν
1631 5122 1899 5194 χρονικὴν

238 5207 518 5272 πολλάκις
547 5207 922 5284 προαγούσης,
954 5206 1045 5262 καὶ
1064 5207 1178 5262 ἀντὶ
1207 5210 1611 5284 παρῳχηκότος
1639 5209 1898 5282 μέλλοντι

236 5297 617 5373 κεχρημένης,
669 5296 758 5352 καὶ
806 5298 869 5352 τὸ
915 5293 1177 5370 ἔμπαλιν.
1231 5297 1354 5354 Ἐπὶ
1404 5297 1611 5353 τούτων
1663 5300 1758 5372 μὲν
1810 5298 1902 5354 οὗν

307 5456 380 5525 (e)
412 5452 569 5511 Psal.
602 5469 726 5524 cur,
756 5453 812 5508 4.
888 5452 953 5526 (f)
991 5455 1158 5510 Joan.
1193 5469 1247 5522 ν,
1278 5453 1366 5510 17.

2010 4769 2158 4838 gelos
2186 4783 2312 4822 suos
2333 4767 2563 4837 spiritus
2596 4767 2685 4834 (ε),
2713 4769 2813 4818 aut
2845 4764 3194 4835 capiendum
3228 4771 3338 4831 est,
3375 4773 3666 4838 quatenus

2013 4854 2740 4921 conservat,sicutdictum
2761 4859 2850 4908 est
2883 4872 2895 4909 :
2927 4855 3090 4908 Pater
3130 4871 3280 4910 meus
3322 4873 3487 4928 usque
3509 4859 3666 4912 modo

2012 4945 2371 5018 0peratur(f);
2391 4945 2668 5014 autjuxta
2689 4944 3174 4999 consuetudinem
3197 4946 3513 5016 Scripturae
3535 4965 3663 5018 quae

2014 5051 2165 5106 smpe
2190 5034 2419 5089 inverso
2452 5032 2657 5087 ordine
2695 5032 2976 5102 temporis
3008 5033 3496 5102 signiﬁcationem
3533 5053 3665 5107 pro-

2015 5127 2126 5180 fert
2156 5134 2206 5179 et
2241 5140 2342 5194 pro
2368 5122 2659 5195 praeterito
2692 5122 2876 5175 utitur
2908 5121 3104 5177 futuro
3131 5128 3188 5177 et
3212 5130 3451 5193 contra;
3487 5126 3545 5180 in
3575 5127 3668 5182 his

2015 5213 2192 5285 igitur
2238 5211 2473 5282 prOprie
2523 5209 2761 5281 quidem
2810 5219 2948 5264 erat.
2996 5211 3145 5265 Sunt
3203 5219 3402 5269 autem
3471 5217 3671 5272 omnia

2013 5319 2139 5374 qua:
2162 5303 2519 5372 generantur
2537 5304 2594 5354 et
2613 5303 3100 5371 corrumpuntur,
3127 5304 3185 5356 et
3210 5317 3342 5373 quas
3375 5304 3487 5358 sibi
3522 5306 3670 5360 invi-

1286 5634 1529 5692 νΑΗΙιΕ
1568 5634 1962 5692 LECTIONES
1999 5634 2088 5691 ET
2126 5631 2671 5690 CORREGTIONES

314 5761 362 5797 ³³
388 5751 883 5834 προϐεϐλημένης.
962 5759 1008 5795 ³³
1036 5757 1297 5832 γίνεσθαι.
