4034 6386
410 397 514 451 327
1225 391 1594 447 APPENDIX
1631 389 1730 442 AD
1767 386 2010 442 OPERA
2050 388 2109 440 s.
2152 387 2470 442 moust
2509 388 3016 450 annoPAGrm.
3726 408 3819 465 3-28

414 539 539 579 cem
559 521 906 587 succedunt,
934 521 998 575 ut
1029 535 1164 586 nox,
1187 516 1335 587 dies,
1376 519 1550 570 aestas
1578 514 1635 568 et
1655 528 1772 579 ver,
1806 527 1873 567 ac
1903 510 2062 567 simi-

2183 508 2384 584 κυρίως
2411 509 2476 565 τὸ
2519 508 2755 585 ἐγένετοο
2797 512 3002 588 γίνεται
3063 515 3122 574 δὶ
3167 518 3258 575 καί
3310 521 3381 578 τὰ
3412 522 3464 579 ἐν
3498 527 3696 601 γενέσει
3736 533 3817 589 καὶ

415 612 773 679 lia;tantum
826 625 960 665 vero
990 615 1173 677 erunt,
1196 623 1323 677 qua:
1361 605 1614 660 necdum
1660 617 1904 674 prorsus
1948 600 2072 656 tue-

423 705 583 770 runt,
618 701 716 756 sed
736 701 1174 769 exspectantur,
1194 701 1259 751 ut
1279 691 1821 750 transelementatio
1844 690 2072 745 univer-

417 791 488 860 si,
523 794 579 845 et
609 807 738 861 quae
761 804 886 844 eam
908 787 1371 842 comitabuntur.
1404 784 1558 838 Deus
1584 781 1768 853 igitur
1784 779 1941 835 velut
1965 779 2067 834 bo-

409 897 542 935 rum
576 879 841 934 omnium
902 894 1082 932 causa
1133 875 1439 936 laudatur;
1496 889 1611 927 non
1654 871 1809 927 enim
1867 870 2062 925 dixit:

412 971 531 1026 Hac
557 969 622 1025 de
651 970 771 1041 ipso
819 968 1227 1026 enuntiantur;
1287 963 1388 1018 sed
1445 960 1679 1033 proprie
1721 958 2062 1015 laudantur.

416 1061 665 1116 Verbum
701 1062 893 1114 autem
944 1057 1083 1122 erat,
1125 1058 1183 1109 et
1213 1069 1341 1125 quae
1372 1068 1508 1107 cum
1560 1051 1686 1121 ipso
1734 1048 2060 1104 secundum

410 1166 642 1206 omnem
691 1145 1148 1202 intellectionem
1198 1142 1368 1211 nulli,
1430 1140 1541 1196 nisi
1583 1140 1698 1196 Deo
1757 1142 2059 1210 congruat,

413 1241 563 1295 177
609 1238 749 1310 quia
788 1240 927 1306 erat,
961 1232 1369 1290 consideratur
1418 1231 1477 1285 in
1518 1229 1646 1301 ipso
1678 1245 1859 1299 supra
1890 1244 2059 1283 omne

408 1328 800 1402 principium;
831 1333 910 1381 est
928 1340 1063 1379 vero
1086 1326 1141 1378 et
1171 1324 1302 1390 erit,
1338 1324 1403 1376 ut
1432 1318 1672 1376 omnino
1704 1317 1955 1372 habente
1977 1316 2060 1371 al-

409 1416 709 1474 terationis
751 1432 815 1470 ac
861 1411 1274 1469 mutabilitatis
1317 1408 1721 1482 privationem,
1756 1411 2062 1478 propterea

411 1508 585 1565 etiam
620 1502 1136 1578 superessentialis
1169 1500 1401 1555 dicitur.
1445 1496 1838 1570 [Quamobrem
1869 1497 2062 1550 omnia

405 1599 469 1654 de
499 1599 638 1669 ipso,
671 1601 719 1651 et
750 1594 912 1648 simul
941 1593 1223 1648 dicuntur.
1258 1588 1594 1644 Secundum
1645 1602 1834 1640 causa:
1868 1584 2060 1638 notio-

406 1704 540 1743 nem
572 1684 772 1741 omnia
801 1682 997 1753 inquit
1053 1681 1123 1735 de
1176 1680 1293 1735 Deo
1347 1677 1481 1746 dici,
1516 1692 1582 1731 ac
1634 1675 1693 1729 in
1741 1675 1870 1747 ipso
1920 1691 2059 1729 con-

406 1775 673 1832 siderari.
737 1772 991 1828 Verbum
1041 1770 1200 1826 enim
1264 1769 1671 1839 κατηγορεῖσθι,
1741 1763 2056 1833 praedicari,

2185 602 2357 678 φθορᾷ
2386 603 2563 658 πάντα
2608 604 2698 659 καὶ
2749 603 2848 660 ὅσα
2888 607 3026 663 κατᾶ
3055 609 3579 691 ἀντιπεριχώρησινο
3635 622 3743 676 οἷον
3786 628 3817 696 ἡ

2182 690 2296 761 νὺξ)
2423 691 2626 785 ἡμέρα,
2659 694 2836 767 θέρος,
2868 698 2957 751 καὶ
2990 692 3107 773 ἔαρ,
3139 700 3230 755 καὶ
3276 702 3343 756 τὰ
3365 710 3611 762 τοιαῦτω
3671 690 3818 785 γενήλ

2182 798 2328 834 σεται
2361 778 2433 874 δὲΔ
2453 782 2640 854 μόνον,
2674 784 2830 839 ἅτινα
2861 782 3015 841 οὔπω
3047 788 3331 865 γεγόνασιν
3367 790 3539 865 ὅλως,
3595 778 3816 874 προσδᾷ.

2178 874 2379 958 κῷνται
2413 868 2489 939 δὲ,
2523 872 2636 926 οἷον
2669 875 2704 941 ἡ
2736 879 2833 929 τοῦ
2863 877 3064 940 παντὸς
3109 883 3617 958 μεταποιχίίωσις,
3638 868 3734 943 ’καὶ
3760 891 3819 948 τὰ

2177 957 2269 1013 σὺν
2302 960 2464 1033 αὐτῇ.
2498 962 2587 1024 Ὠς
2612 961 2821 1018 τούτων
2849 966 2941 1019 οὖν
2963 965 3213 1023 ἁπάντων
3235 957 3408 1034 α’ίτιος
3442 973 3470 1027 ὁ
3493 976 3623 1038 Θεὸς
3647 978 3816 1051 ὑμνεῖ-

2172 1068 2296 1141 ταί·
2346 1049 2407 1104 οὗ
2466 1051 2570 1125 γὰρ
2620 1054 2760 1125 εἷπε,
2815 1056 2997 1110 Ταῦτα
3055 1055 3138 1111 ἐπ’
3203 1059 3372 1115 αὑτοῦ
3423 1049 3794 1141 κατηγορεῖται

2173 1136 2321 1230 ἀλλὰ
2364 1118 2567 1230 κυρίως
2601 1118 2865 1214 ὗμνεέται.
2908 1146 2986 1202 Τὸ
3018 1142 3076 1201 δὲ
3117 1146 3184 1217 ἦν
3217 1150 3306 1203 καὶ
3336 1152 3405 1205 τὰ
3436 1151 3530 1207 σὺν

2169 1229 2246 1319 rei,
2261 1234 2431 1283 πᾶσαν
2490 1227 2729 1285 ἐπίνοιαν
2783 1233 2886 1287 οὐκ
2934 1232 3094 1309 ἄλλῳ
3124 1238 3230 1293 τινὶ
3258 1239 3293 1309 ἢ
3319 1244 3404 1313 τῷ
3434 1246 3553 1316 Θεῷ
3582 1227 3813 1319 ἁρμόσει,

2172 1314 2277 1409 sti,
2307 1319 2368 1373 τὸ
2414 1319 2594 1409 πάσης
2638 1320 2820 1396 ἀρχῆς
2870 1322 3142 1401 ἀνώτερον
3185 1326 3267 1382 iu’
3299 1328 3469 1385 αὐτοῦ
3519 1314 3812 1409 θεωρεῖσθαί

2169 1407 2230 1461 τὸ
2260 1408 2348 1476 ἦν.
2379 1409 2448 1462 Τὸ
2480 1406 2538 1463 δὲ
2568 1406 2679 1465 ἔστι
2709 1412 2800 1466 καὶ
2832 1412 2895 1467 τὸ
2927 1409 3079 1469 ἔσται
3109 1417 3183 1478 ὡς
3213 1419 3392 1489 πάντη
3425 1421 3489 1475 τὸ
3520 1406 3811 1482 ἀναλλοίω-

2168 1516 2282 1563 τον,
2313 1496 2401 1552 καὶ
2460 1499 2595 1552 κατὰ
2639 1500 2814 1554 πάντα
2857 1498 3243 1575 ἀμετάϐλητον
3296 1502 3549 1584 ἔχοντος·
3609 1509 3689 1569 διὸ
3734 1518 3812 1572 καὶ

2170 1584 2492 1659 ὕπεροῦσιος
2559 1586 2849 1662 Mysten".
2926 1592 3042 1664 [Διὸ
3120 1595 3210 1648 καὶ
3288 1597 3467 1652 πάντα
3524 1600 3682 1656 αὐτοῦ
3733 1606 3809 1659 καὶ

2171 1675 2285 1745 ἅμα
2314 1682 2724 1752 κατηγορεῖται.
2758 1681 2904 1735 Κατά
2930 1681 3029 1750 τήν
3056 1687 3152 1737 τοῦ
3202 1684 3381 1740 αἰτίου
3430 1682 3644 1747 ἔννοιαν
3693 1692 3809 1748 πάν-

2167 1785 2234 1818 τα
2262 1764 2426 1819 αὑτοῦ
2472 1787 2606 1843 φησι
2657 1772 2755 1822 τοῦ
2802 1774 2937 1824 Θεοῦ
2987 1768 3265 1847 λέγεσθαι,
3299 1776 3334 1844 ἢ
3364 1775 3449 1831 ἐπ’
3482 1779 3647 1834 αὑτοῦ
3691 1790 3807 1838 νοεῖ-

407 1866 564 1937 apud
599 1861 977 1935 philosophas
1010 1860 1119 1915 hoc
1152 1856 1469 1929 signiﬁcat.
1499 1857 1629 1926 Ipse
1661 1858 1859 1908 autem
1911 1851 2056 1907 nihil

2177 1855 2573 1950 σθαιςΔΤ-ὸχαρ
2600 1864 3042 1950 Δξιατςηχορεῖσθαι
3092 1864 3230 1917 κατὰ
3277 1863 3618 1942 φιλοσόφους
3664 1876 3806 1928 τοῦτο

406 1959 496 2012 est
525 1953 762 2010 illorum
793 1951 1061 2008 omnium
1123 1964 1373 2020 quorum
1433 1950 1523 2002 est
1581 1961 1779 2015 causa,
1823 1948 2062 2016 propter

410 2060 562 2113 esse,
595 2048 652 2097 et
682 2058 863 2113 supra
893 2056 1052 2106 esse;
1086 2037 1241 2109 quod
1278 2034 1608 2091 declaratur
1648 2033 2060 2106 negationibus

410 2131 532 2187 illis
565 2148 578 2188 :
613 2130 890 2201 informis,
912 2144 1024 2183 non
1051 2125 1303 2198 pulcher,
1324 2129 1382 2180 et
1415 2123 1649 2179 similia.
1683 2124 1827 2178 Cum
1862 2126 2055 2177 autem

410 2221 647 2287 dicitur,
681 2220 859 2275 omnis
887 2220 1105 2286 formae,
1139 2214 1318 2270 omnis
1347 2215 1563 2284 ﬁgurae,
1584 2212 1899 2283 signiﬁcat,
1932 2227 2062 2265 esse

410 2308 605 2367 omnis
629 2309 827 2379 ﬁgurae
864 2305 1178 2376 omnisque
1223 2305 1425 2358 formae
1463 2317 1727 2357 causam.
1760 2300 2060 2364 Quomodo

408 2398 604 2470 aliqua
636 2397 813 2452 etiam
848 2393 1231 2465 intelligenda
1260 2390 1443 2464 sunt].
1469 2393 1530 2446 In
1557 2390 1732 2445 idem.
1758 2389 2061 2455 Quomodo

409 2503 543 2542 cum
573 2484 849 2556 superius
880 2483 1121 2538 dixerit:
1150 2482 1330 2552 Neque
1355 2484 1499 2545 erat,
1542 2494 1717 2551 neque
1746 2482 1847 2545 est,
1890 2493 2063 2549 neque

411 2577 595 2648 ﬁebat,
628 2589 804 2646 neque
830 2574 911 2643 ﬁt,
952 2588 1125 2643 neque
1154 2572 1265 2642 ﬁet,
1312 2570 1428 2635 hic,
1479 2568 1645 2636 dicit,
1695 2572 1871 2640 atque
1904 2567 1961 2622 in
1995 2584 2061 2622 eo

410 2675 555 2731 erat,
587 2669 645 2719 et
674 2671 768 2730 est,
803 2668 859 2718 et
890 2663 1020 2727 erit,
1055 2668 1109 2716 et
1138 2660 1326 2729 ﬁebat,
1360 2667 1412 2713 et
1444 2657 1533 2730 ﬁt,
1569 2663 1625 2712 et
1663 2658 1776 2727 ﬁet,
1830 2656 2062 2728 proprie

410 2753 767 2811 laudantur?
796 2752 947 2808 Num
972 2755 1213 2807 sanctus
1239 2750 1555 2822 Dionysius
1605 2747 1719 2803 sibi
1769 2745 2060 2802 contradi-

415 2844 541 2900 cit?
591 2842 783 2898 Absit.
813 2842 957 2898 Nam
990 2858 1170 2912 supra
1201 2839 1439 2911 quidem
1472 2837 1619 2892 dixit
1673 2836 1869 2906 ipsum
1930 2851 2063 2890 esse

410 2933 602 2990 omnis
632 2931 1009 2999 exsistentiaa,
1031 2928 1451 2996 subsistentiis,
1493 2924 1784 2990 essentiae,
1820 2932 2061 2992 naturae,

410 3029 468 3080 et
496 3023 778 3095 temporis
810 3027 1164 3086 creatorem;
1192 3021 1397 3075 merito
1420 3018 1601 3090 igitur
1626 3019 1683 3071 in
1707 3018 1835 3088 ipso
1868 3016 2066 3087 posuit

413 3114 616 3169 ordine
636 3115 761 3168 erat
788 3117 844 3166 et
871 3115 1095 3179 caetera,
1148 3116 1211 3164 ut
1242 3106 1537 3179 intelligas
1588 3108 1743 3178 quod
1785 3122 1976 3176 neque
1997 3122 2066 3161 ex

411 3207 694 3273 tempore,
746 3216 937 3272 neque
966 3200 1025 3254 in
1076 3204 1361 3270 tempore,
1414 3212 1601 3263 neque
1649 3200 1782 3266 post
1826 3199 2065 3267 tempus

2173 1940 2360 2012 δηλοῖ.
2390 1944 2565 2007 Αὐτὸς
2596 1942 2653 2000 δὲ
2684 1944 2837 2001 οῢδὲν
2867 1953 2975 2003 τῶν
3007 1951 3228 2006 πάντων
3260 1940 3430 2029 ἐστὶν,
3465 1940 3537 2011 ὧν
3569 1957 3701 2015 ἐστιν
3731 1959 3803 2017 α’ί-

2170 2052 2306 2099 τιος,
2333 2029 2424 2124 δια
2449 2033 2511 2124 τὸ
2542 2037 2794 2090 εἶναικαὶ
2827 2037 3124 2110 ὑπερεῖναι·
3159 2038 3245 2097 διὸ
3286 2043 3385 2099 καὶ
3435 2047 3490 2099 αἱ
3533 2047 3803 2124 ἀποφάσεις

2169 2124 2331 2174 τοῦτο
2386 2118 2669 2195 δηλοῦσιν,
2728 2125 2843 2179 οἷον
2892 2126 2954 2181 τὸ
3013 2127 3266 2204 ἄμορφος
3316 2132 3381 2186 τὸ
3442 2118 3684 2206 ἀκαλλής
3726 2138 3800 2191 καὶ

2167 2214 2238 2265 τὰ
2286 2211 2472 2282 ὅμοια·
2532 2211 2594 2264 τὸ
2639 2208 2696 2266 δὲ
2747 2213 3080 2290 πᾶνσχημος
3111 2217 3203 2272 καὶ
3249 2217 3537 2284 πανείδεος
3590 2223 3651 2278 τὸ
3686 2245 3802 2279 παν-

2170 2299 2262 2361 τὸς
2295 2296 2469 2361 ε’ίδους
2497 2299 2586 2354 καὶ
2618 2302 2907 2375 σχήματος
2940 2301 3111 2359 α’ίτιον
3149 2308 3314 2365 αὐτὸν
3349 2309 3613 2386 ὑπάρχειν
3637 2310 3798 2383 δηλοῖ.

2173 2389 2313 2443 Καθὸ
2359 2387 2449 2443 καὶ
2495 2387 2563 2444 τὰ
2600 2389 2723 2461 ἑξῆς
2773 2391 3046 2467 vendam]
3079 2394 3175 2457 Εἷς
3222 2396 3284 2452 τό
3337 2399 3488 2456 αὑτό.
3522 2406 3642 2465 Πῶς
3683 2402 3801 2456 ἀνω-

2169 2478 2312 2549 τὲρω
2369 2477 2555 2540 εἰπὼν.
2610 2477 2738 2535 οὔτε
2793 2482 2860 2550 ἦν
2895 2528 2911 2555 ,
2991 2481 3117 2538 οὔτε
3173 2484 3325 2541 ἐστὶν
3357 2534 3372 2557 ,
3437 2486 3559 2544 οὔτε
3614 2487 3799 2566 ἕγὲνετο

2174 2564 2296 2622 οὔτε
2362 2567 2587 2642 γίνιται,
2649 2564 2773 2625 οὔτε
2829 2573 3157 2647 γενήσεται,
3216 2573 3455 2632 ἐνταῦθά
3509 2564 3687 2657 φησιν,
3729 2577 3799 2633 ἐπ’

2174 2657 2339 2711 αὑτοῦ
2386 2656 2567 2711 καὶτὸ
2616 2655 2749 2730 ἐστὶ,
2798 2659 2887 2713 καὶ
2946 2660 3006 2715 τὸ
3063 2656 3232 2735 ἔσται,
3265 2666 3362 2721 καὶ
3395 2666 3458 2722 τὸ
3483 2655 3696 2744 ἐγένετο,
3724 2669 3797 2723 καὶ

2172 2745 2233 2799 τὸ
2292 2745 2516 2820 γίνεται,
2575 2746 2664 2801 καὶ
2726 2750 3034 2822 γενήσεται,
3101 2752 3306 2829 κυρίως
3385 2756 3664 2830 uincetur;
3717 2759 3798 2830 ἄρα

2173 2832 2428 2898 ἐναντίως
2474 2835 2647 2908 ἑαυτῷ
2694 2834 2839 2911 λέγει
2873 2840 2900 2894 ὁ
2932 2839 3084 2915 ἅγιος
3114 2843 3439 2914 Διονύσιος
3474 2848 3547 2919 μή
3596 2845 3792 2922 γένοιτο.

2172 2924 2318 2980 ’Ἃνω
2355 2923 2447 2997 μὲν
2500 2924 2603 2999 γὰρ
2649 2926 2813 2980 αὑτὸν
2863 2924 3198 3005 δημιουργὸν
3251 2934 3383 2989 εἷπε
3433 2935 3607 3006 πάσης
3659 2933 3789 3008 ὑπάρ-

2176 3013 2330 3101 ξεως,
2384 3014 2751 3085 ὑποστάσεως,
2803 3016 3012 3084 οὐσίας,
3054 3019 3264 3097 φύσεως
3311 3023 3415 3079 καὶ
3463 3029 3559 3080 τοῦ
3605 3024 3793 3101 χρόνων

2176 3098 2398 3163 είκδτως
2430 3102 2522 3156 οὗν
2556 3101 2644 3157 ἐπὶ
2671 3104 2929 3161 αὐτοῦτὸ
2958 3109 3025 3177 ἦν
3054 3104 3224 3181 ἔταξε,
3276 3113 3378 3167 καὶ
3425 3114 3489 3170 τὰ
3516 3098 3678 3189 rupi,
3724 3112 3794 3167 iva

2176 3194 2408 3266 νοήσῃς,
2440 3191 2523 3247 δτι
2557 3190 2680 3248 οὔτε
2706 3192 2811 3249 ἀπὸ
2843 3196 3071 3272 χρόνου,
3105 3197 3228 3256 οὔτε
3256 3199 3312 3257 ἐν
3346 3202 3552 3280 χρόνῳ,
3575 3200 3686 3259 οὔτε
3713 3224 3791 3277 με·

408 3291 561 3346 Deus
576 3290 837 3357 exsistit;
867 3290 969 3345 sed
989 3288 1142 3360 quod
1162 3286 1429 3358 superior
1452 3286 1529 3341 sit
1562 3286 1690 3355 ipsa
1710 3285 2060 3351 existentia;

2177 3283 2243 3338 τὰ
2273 3283 2470 3359 χρόνον
2497 3281 2698 3359 ἤρξατο
2726 3286 2754 3340 ὁ
2785 3257 2936 3356 Θέὲξ,
2971 3257 3097 3344 ἀλλ’
3130 3289 3213 3346 ὅτι
3262 3257 3564 3350 καίηαῦτοίῖ
3583 3257 3593 3259 ν
3614 3257 3792 3351 iis}:-

409 3380 555 3435 dixit
575 3380 732 3435 enim
758 3397 770 3434 :
798 3381 856 3434 In
888 3380 1002 3445 ipso
1031 3383 1110 3433 est
1141 3375 1505 3441 ercsiMentia;
1538 3374 1633 3429 hic
1683 3391 1818 3430 vero
1869 3390 2062 3446 quan—

406 3470 725 3541 doquidem
752 3468 962 3523 dixerit
992 3467 1152 3522 omni
1185 3482 1386 3521 eorum
1413 3481 1540 3536 quas
1565 3469 1706 3519 sunt
1729 3463 2061 3537 intelligen—

408 3560 491 3613 tia
531 3556 931 3628 multiplicari,
956 3560 1108 3612 recte
1130 3555 1299 3618 dixit,
1325 3553 1382 3608 in
1412 3554 1541 3623 ipso
1569 3558 1627 3609 et
1650 3556 1787 3620 erat,
1839 3557 1896 3609 et
1933 3553 2059 3619 erit,

409 3653 468 3703 et
498 3664 625 3718 quae
650 3646 948 3716 deinceps;
975 3650 1041 3700 ut
1079 3644 1129 3700 si
1169 3643 1535 3699 occasionem
1564 3647 1665 3697 aut
1694 3646 1929 3715 tempus
1964 3659 2062 3697 co-

407 3736 705 3809 gitaveris,
742 3735 859 3790 illic
890 3736 1075 3790 Deum
1117 3732 1375 3804 reperies
1406 3737 1463 3787 et
1511 3748 1710 3804 supra,
1744 3736 1803 3788 et
1833 3736 1967 3787 ante
1995 3748 2062 3787 ea

407 3844 533 3897 quae
564 3830 725 3895 sunt,
758 3829 935 3896 atque
966 3839 1163 3879 rerum
1197 3822 1606 3877 exsistentium
1643 3825 1943 3876 auctorem
1994 3837 2059 3875 ac

407 3914 791 3984 conditorem,
814 3918 872 3969 et
889 3911 1038 3967 nihil
1063 3928 1129 3967 ex
1154 3910 1299 3982 ipsis
1336 3912 1734 3976 exsistentem,
1788 3909 1941 3965 sicut
1971 3910 2059 3964 di-

407 4004 599 4060 cimus
617 4003 773 4074 quod
799 4002 945 4057 nihil
964 4001 1043 4057 sit
1064 4016 1284 4069 rerum,
1314 4006 1370 4055 et
1390 4002 1448 4055 in
1473 4000 1749 4056 omnibus
1771 3999 1866 4054 sit.

477 4092 739 4164 Nihilque
782 4096 861 4148 est
900 4092 1169 4147 omnium.
1197 4092 1412 4147 Formae
1457 4104 1653 4160 expers
1685 4088 1936 4142 refertur
1988 4088 2061 4143 ad

407 4184 562 4238 omni
591 4183 787 4253 ﬁgura
838 4179 1130 4251 praeditus,
1192 4184 1502 4251 pr0pterea
1550 4177 1705 4248 quod
1755 4181 1845 4232 est
1884 4194 2064 4249 supra

410 4271 671 4342 corporis
704 4268 1112 4342 privationem,
1138 4272 1193 4323 et
1212 4284 1392 4338 supra
1413 4267 1667 4321 materia:
1689 4267 2061 4336 vacuitatem,

407 4361 595 4416 forma
618 4376 825 4415 carens
847 4362 1112 4431 respectu
1139 4358 1208 4412 ad
1235 4356 1492 4428 aliquam
1525 4370 1645 4411 rem
1681 4354 1903 4410 habito.
1928 4357 2061 4411 Put—

406 4449 755 4505 chritudinis
805 4451 999 4504 autem
1042 4462 1257 4517 expers,
1307 4446 1559 4501 refertur
1598 4445 1669 4499 ad
1694 4446 1850 4499 omni
1876 4446 2063 4514 forma

405 4538 690 4611 praeditus.
719 4538 895 4593 Porro
927 4537 1123 4608 ipsum
1151 4534 1610 4607 pulchritudinis
1643 4539 1939 4606 expertem
1971 4535 2061 4590 di-

2172 3394 2259 3427 ναι
2290 3372 2557 3448 ἀνώτιρός
2584 3371 2716 3428 ἐστι·
2754 3376 2837 3430 Ἐν
2867 3378 3033 3450 αὑτῷ,
3065 3378 3165 3457 γὰρ
3198 3382 3341 3438 εἶπευ
3372 3384 3434 3439 τὸ
3460 3386 3611 3439 εἶναι’
3640 3382 3791 3438 ἐνταῦ-

2174 3473 2239 3525 θα
2270 3460 2346 3532 δὲ,
2399 3459 2587 3531 ἐπειδὴ
2637 3464 2774 3517 κατὰ
2814 3469 2986 3521 πᾶσαν
3040 3466 3281 3525 ἐπίνοιαν
3316 3475 3461 3528 εἶπεν
3493 3472 3644 3528 αὐτὸν
3669 3471 3789 3526 πολ-

2173 3548 2659 3620 λαπλασιάζεσθαι,
2711 3549 2935 3619 δικαίως
2978 3558 3149 3628 εἶπεν,
3200 3557 3287 3614 ἄπ’
3325 3563 3493 3617 αὑτοῦ
3520 3561 3605 3617 καὶ
3631 3559 3686 3616 τὸ
3711 3559 3782 3630 ἦν,

2172 3640 2261 3695 καὶ
2290 3641 2352 3695 τὸ
2383 3634 2552 3709 ἔσται,
2604 3642 2693 3697 καὶ
2724 3642 2792 3698 τὰ
2821 3644 2963 3717 ἑξῆς·
3012 3646 3101 3701 ἳνα
3133 3649 3246 3703 οἷον
3280 3651 3493 3728 καιρὸν,
3531 3650 3565 3720 ἦ
3614 3650 3783 3725 χρόνον

2176 3728 2486 3804 ἑπινοήσῃς,
2519 3729 2630 3785 ἐκεῖ
2671 3732 2760 3787 τὸν
2821 3735 2949 3790 Θεὸν
2993 3737 3238 3810 εὑρήσεις
3270 3740 3363 3795 καὶ
3397 3742 3525 3818 ὑπὶρ
3552 3741 3617 3795 τὰ
3658 3734 3784 3814 ὄντα¹

2173 3818 2262 3873 καὶ
2311 3820 2568 3895 προόντα,
2616 3821 2706 3876 καὶ
2754 3822 2930 3878 αὐτῶν
2979 3830 3089 3880 τῶν
3133 3828 3309 3884 ὄντων
3361 3829 3530 3886 αἵτιον
3579 3830 3660 3884 καὶ
3706 3824 3787 3896 δη·

2180 3910 2464 3997 μιουργὸν,
2516 3910 2604 3966 καὶ
2651 3910 2806 3969 οὑδὲν
2853 3914 2902 3988 ἐξ
2953 3916 3129 3972 αὐτῶν
3166 3915 3316 3990 ὄντα,
3351 3921 3529 3997 ὥσπερ
3560 3920 3784 3995 λὲγομεν,

2174 3995 2256 4054 ὅτι
2290 3997 2441 4055 οῦδὲν
2474 4005 2581 4056 τῶν
2614 3997 2782 4058 ὄντων
2813 4003 2945 4076 ἐστὶ,
2977 4007 3067 4062 καὶ
3098 4006 3150 4062 ἑν
3177 4015 3294 4073 τοῖς
3330 3995 3669 4067 πᾶσίν-ἔπινε

2244 4090 2348 4147 Καὶ
2403 4089 2555 4147 οὗδὲν
2611 4092 2720 4149 ἐστι
2765 4099 2872 4150 τῶν
2924 4099 3180 4154 πάντων.
3239 4103 3384 4177 Πρὸς
3449 4103 3510 4158 τὸ
3569 4099 3786 4173 πάνσχη-

2178 4202 2277 4254 μος
2325 4181 2389 4235 τὸ
2432 4178 2703 4258 ἄμορφος,
2759 4181 2849 4239 διὰ
2891 4185 2953 4241 τὸ
3019 4187 3152 4265 ὑπὶρ
3183 4188 3519 4265 ἀσωματίαν,
3565 4189 3648 4246 καὶ
3677 4185 3786 4258 ὑπὲρ

2173 4268 2362 4325 ἆϋλίαν
2406 4272 2627 4359 [sint],
2691 4273 2753 4327 οὑ
2807 4277 3243 4354 μεμορφωμένον
3295 4283 3431 4359 πρός
3474 4302 3524 4336 τι
3577 4283 3676 4335 τῶν
3719 4270 3789 4328 ὄν-

2172 4361 2359 4413 τῶν²¹·
2409 4358 2545 4435 πρὸς
2596 4357 2653 4415 δὲ
2698 4362 2761 4416 τὸ
2811 4361 3088 4427 πανείδεὸς
3134 4367 3198 4422 τὸ
3253 4357 3522 4441 ἀκαλλής.
3575 4362 3785 4428 Ἀκαλλῆ

2176 4446 2235 4503 δὲ
2284 4445 2452 4524 λέγει,
2503 4449 2580 4510 ὡς
2626 4450 2717 4505 καὶ
2767 4456 2869 4506 τοῦ
2925 4452 3169 4518 κάλλους
3214 4457 3266 4529 ἐξ
3312 4457 3476 4515 αὐτοῦ
3520 4455 3786 4534 γεγονότος,

2176 4537 2341 4592 αὐτοῦ
2373 4535 2429 4592 δὲ
2459 4539 2548 4593 καὶ
2585 4540 2713 4615 ὑπὲρ
2746 4540 2955 4608 κάλλος
2985 4539 3164 4608 ὄντος.
3197 4548 3265 4604 Al.
3320 4546 3378 4605 δὲ
3426 4551 3661 4624 χρήσεις·
3703 4536 3785 4598 Καὶ

410 4628 507 4693 cit,
551 4627 693 4699 quia
727 4625 1105 4698 pulchritudo
1139 4625 1211 4680 ab
1264 4625 1391 4696 ipso
1441 4623 1679 4695 prodiit,
1712 4628 1769 4679 et
1815 4623 1940 4694 ipse
1973 4629 2062 4680 est

2177 4624 2386 4701 ε’ίδομεν
2436 4627 2619 4699 αὐτὸν,
2662 4630 2753 4684 καὶ
2784 4629 2888 4687 οὐκ
2919 4635 3068 4709 εἶχεν
3100 4632 3267 4707 εἶδος,
3302 4635 3428 4693 οὐδὲ
3455 4623 3674 4702 ἰάλλος,
3713 4624 3785 4683 καἶ

409 4734 587 4790 supra
614 4715 1140 4788 pulchritudinem.
1166 4713 1481 4784 Scripturaa
1510 4713 1701 4768 enim:
1726 4715 1790 4768 Et
1820 4714 2064 4770 vidimus

410 4810 609 4881 ipsum,
642 4816 694 4862 et
723 4822 830 4862 non
865 4806 1065 4861 habeat
1094 4802 1351 4876 speciem,
1382 4818 1558 4875 neque
1583 4803 1827 4860 decerem
1870 4805 1977 4877 (g),
2011 4809 2069 4860 et

416 4915 543 4971 quae
570 4895 865 4967 deinceps.

483 4988 547 5042 Si
572 4984 726 5041 enim
755 4985 835 5040 sol
882 4983 980 5040 ille
1027 4985 1233 5038 noster.
1287 4981 1445 5036 Infra
1491 4980 1549 5036 in
1605 4981 1716 5038 ﬁne
1766 4984 2070 5056 sequentis

415 5074 707 5131 sermonis
765 5090 869 5130 seu
926 5071 1071 5128 sexti
1137 5071 1367 5144 capitis,
1419 5071 1517 5127 ubi
1577 5072 1835 5128 ostendit
1884 5073 2069 5129 solem

414 5164 560 5219 nihil
590 5180 657 5219 ex
689 5178 751 5218 se
782 5161 911 5233 ipso
945 5161 1150 5228 facere,
1211 5161 1311 5216 sed
1369 5178 1437 5216 ex
1492 5161 1759 5216 omnium
1807 5180 1982 5219 causa
2015 5169 2074 5221 et

416 5253 709 5325 principio
738 5250 893 5320 quod
926 5256 1013 5306 est
1055 5253 1234 5320 Deus;
1295 5249 1534 5322 pulchre
1579 5256 1773 5306 autem
1827 5252 2070 5309 demon-

491 5434 565 5506 (g)
600 5436 714 5488 Isa.
748 5446 869 5498 Lm,
892 5431 950 5488 2.

2175 4716 2241 4771 τὰ
2272 4717 2413 4788 ἑξῆς,

2250 4986 2314 5044 Ei
2378 4989 2479 5063 γὰρ
2548 4991 2576 5045 ὁ
2632 4993 2747 5045 καθ’
2793 4994 2941 5066 ἡμᾶς
2982 4991 3170 5065 ἥλιος.
3228 4997 3384 5053 Κάτω
3438 4995 3490 5051 ἐν
3546 4996 3619 5064 τῷ
3666 4983 3789 5043 τέλει

2177 5081 2275 5130 τοῦ
2303 5077 2424 5150 ἑξῆς
2473 5077 2663 5154 λόγου,
2716 5076 2842 5150 ἤτοι
2882 5086 2978 5137 τοῦ
3021 5079 3178 5139 ἕκτου
3208 5084 3524 5164 κεφαλαίου,
3580 5079 3702 5136 ὅπου
3734 5071 3787 5127 τὸ

2183 5171 2416 5238 σημεῖον
2450 5165 2740 5242 δείκνυσιν,
2774 5168 2857 5225 ὅτι
2889 5168 3042 5227 οὐδὲν
3074 5172 3164 5251 ἀφ’
3190 5174 3380 5230 ἑαυτοῦ
3409 5177 3553 5229 ποιεῖ
3578 5171 3603 5224 ὁ
3630 5165 3786 5251 ἥλιος)

2183 5252 2314 5308 ἀλλ’
2346 5254 2404 5311 ἐκ
2459 5263 2562 5327 τῆς
2609 5259 2826 5314 πάντων
2878 5259 3055 5325 αἰτίας
3099 5247 3189 5317 xui
3234 5262 3431 5339 ἀρχῆς,
3474 5260 3590 5331 ἥτις
3617 5247 3788 5312 ἐστὶνὸ

1419 5582 1662 5641 νΑΡιΙιιΕ
1704 5583 2094 5644 LECTIONES
2136 5587 2221 5644 ET
2260 5587 2832 5652 CORRECTIONES.

498 5709 543 5744 ²⁴
574 5705 808 5783 ε’ίρηται.
885 5709 931 5746 ³⁸
961 5728 1198 5781 νοητων.
