4034 6426
232 465 349 521 329

1009 468 1068 521 Β.
1108 464 1385 521 ΜΑΧΙΜΙ
1422 464 1732 518 SCHOLIA
1769 463 1843 517 IN
1881 462 1919 513 L

2060 462 2156 514 DE
2195 459 2347 516 DIVI
2354 464 2467 517 NIS
2504 462 2925 519 NOMINIBUS.

3570 462 3674 517 330

227 590 389 653 Θεός.
423 586 621 653 Καλῶς
655 586 714 644 δὲ
742 585 1015 660 ἀπέδειξεν
1041 587 1102 643 ἐκ
1128 591 1225 643 τοῦ
1263 584 1432 657 ἡλίου
1477 585 1541 639 τὸ
1596 584 1721 661 περὶ
1773 586 1907 638 Θεοῦ

2031 586 2232 641 stravit
2260 586 2525 658 exemplo
2569 585 2710 643 solis
2743 586 2881 658 quid
2918 587 2989 642 de
3025 588 3133 643 Deo
3165 587 3410 661 cogitari
3443 588 3671 644 debeat.

230 679 566 754 νοούμενον·
602 677 786 754 ὥσπερ
838 679 943 755 γὰρ
990 677 1150 740 αὐτὸς
1188 679 1265 739 εἷς
1319 674 1394 731 ὣν
1443 676 1471 730 6
1516 672 1699 744 ἥλιος,
1733 673 1909 729 πάντα

231 771 300 826 τὰ
360 769 603 841 αἰσθητὰ
659 773 940 845 ζωογονεῖ,
998 772 1089 823 καί
1171 767 1380 843 τρέφει,
1441 765 1531 820 καὶ
1611 761 1756 834 αὕξε,
1815 761 1906 816 καὶ

230 857 585 929 έναλλάττει,
635 858 910 913 τουτέστιν
968 856 1075 911 ἀπὸ
1138 860 1348 930 μικρῶν
1407 851 1620 928 μεγάλα
1665 857 1837 920 ποιεῖ,
1870 850 1905 920 ἢ

229 947 322 1003 καὶ
376 948 490 1002 ἀπὸ
550 946 758 1024 σπόρου
812 946 875 1001 τὸ
934 945 987 1016 ἐξ
1046 944 1215 1000 αὑτοῦ
1270 944 1539 1021 φυόμενον
1603 941 1838 1018 βλαστὸν
1870 940 1906 1010 ἢ

236 1035 609 1113 δένδρον,καὶ
658 1034 711 1091 ἐν
762 1041 892 1090 πᾶσι
922 1040 1041 1097 τοῖς
1099 1034 1403 1110 ὁρωμένοις
1455 1031 1590 1099 ἐστὶ,
1627 1027 1797 1104 μηδὲν
1856 1029 1907 1100 ἐξ

232 1122 412 1183 αὐτῶν
480 1125 744 1201 ὑπάρχων
781 1143 794 1156 ·
855 1123 999 1179 οὕτω
1055 1124 1146 1179 καὶ
1179 1124 1206 1177 6
1256 1122 1388 1186 Θεὸς
1448 1122 1538 1176 καὶ
1598 1121 1765 1175 αὐτοῦ
1810 1123 1908 1175 τοῦ

232 1215 433 1288 ἡλίου,
467 1216 556 1270 καὶ
616 1216 835 1270 πάντων
890 1219 998 1269 τῶν
1042 1212 1317 1284 αἰσθητῶν
1371 1212 1459 1267 καὶ
1512 1215 1617 1266 τῶν
1672 1214 1907 1280 νοητῶν,

239 1306 334 1361 καὶ
364 1308 478 1361 τῶν
510 1304 739 1382 νοερῶν,
771 1302 846 1359 ὣν
874 1300 1072 1373 αἴτιος,
1108 1299 1261 1357 οὐδὲν
1295 1301 1355 1357 ἑκ
1382 1305 1491 1356 τῶν
1547 1295 1720 1355 ὄντων
1773 1298 1906 1370 ἐστὶ,

228 1393 325 1451 καὲ
378 1393 434 1450 έν
483 1400 604 1456 τοῖς
646 1398 808 1449 πᾶσιν
861 1393 1003 1448 ἐστίν
1037 1411 1050 1424 ·
1084 1393 1254 1448 αὐτοῦ
1302 1391 1402 1467 γὰρ
1435 1390 1502 1445 τὰ
1532 1389 1702 1445 πάντα
1754 1387 1906 1462 μετέ-

228 1504 323 1562 χει
361 1503 376 1517 ο
414 1480 506 1538 διὸ
538 1482 629 1538 καὶ
659 1485 694 1552 ἡ
726 1482 915 1559 Γραφὴ
947 1479 1297 1551 δικαιοσύνης
1325 1480 1525 1537 ’Ἥλιον
1575 1477 1735 1534 αὑτὸν
1781 1478 1905 1532 ὀνο-

242 1575 429 1647 μάζει.

307 1658 760 1737 Παραδείγματα.
808 1663 884 1716 Τὰ
927 1656 1361 1735 παραδείγματα,
1411 1659 1564 1713 ἅτινα
1606 1657 1699 1711 καὶ
1762 1653 1906 1718 ἰδέας

225 1747 523 1822 καλοῦσιν,
577 1746 689 1821 ἤδη
749 1751 847 1823 μὲν
907 1748 999 1803 καὶ
1049 1749 1305 1823 ἀνωτέρω
1338 1745 1720 1820 ἐδηλώσαμεν,
1757 1744 1906 1807 ὅπως

233 1838 544 1912 ὁρίζονται,
597 1836 683 1893 ὅτι
740 1838 963 1909 ποίησιν
1018 1836 1285 1907 αὐτοτελῆ
1338 1834 1516 1892 ἀΐδιον
1575 1840 1671 1891 τοῦ
1729 1832 1905 1890 ἀϊδίου

232 1932 374 1983 Θεοῦ
430 1928 532 1997 τήν
589 1924 760 1995 ἰδέαν,
790 1923 917 1997 ἤτοι
976 1925 1039 1981 τὸ
1090 1923 1437 2003 παράδειγμα
1476 1923 1611 2003 φησί
1640 1924 1772 1977 ’καὶ
1828 1922 1907 1977 έν-

225 2018 405 2072 ταῦθα
451 2018 642 2090 μέντοι
688 2015 972 2094 σαφηνίζει
1009 2015 1037 2069 6
1075 2016 1238 2091 μέγας
1280 2013 1560 2074 Διονύσιος
1615 2013 1716 2081 τὴν
1768 2018 1906 2088 Γρα-

241 2107 377 2185 φὴν,
410 2102 794 2180 προορισμοῦς
828 2102 1011 2159 καλῶν
1041 2104 1137 2165 τὰς
1190 2101 1363 2173 ἰδέας,
1390 2101 1765 2177 αἰνιττόμενος
1813 2103 1907 2157 τὸν

243 2200 394 2260 θεῖον
435 2190 678 2263 Παῦλον,
708 2193 767 2256 ὃς
811 2191 866 2248 ἐν
916 2197 984 2267 τῇ
1027 2193 1164 2270 πρὸς
1194 2192 1502 2267 Ῥωμαίους
1562 2193 1726 2270 φησίν
1763 2211 1776 2222 ·
1811 2190 1913 2254 Οὓς

256 2283 314 2340 δὲ
375 2284 684 2358 προώρισε,
737 2281 966 2344 τούτους
1023 2283 1111 2337 καὶ
1174 2281 1395 2338 ἐκάλεσε
1427 2303 1440 2317 ·
1495 2282 1584 2337 καὶ
1642 2281 1866 2357 ἑτέρωθι
1897 2299 1910 2313 ’

253 2373 571 2449 Προορίσας
626 2375 776 2445 ἡμᾶς
826 2370 877 2427 ἐν
934 2375 1016 2444 τῷ
1073 2372 1344 2445 θελήματι
1430 2372 1596 2427 αὐτοῦ
1630 2391 1642 2404 ·
1700 2369 1918 2443 θέλημα

251 2462 358 2537 γὰρ
389 2462 482 2517 καὶ
517 2461 858 2537 προορισμὸν
904 2460 971 2515 τὰ
1018 2462 1430 2536 παραδείγματα
1475 2462 1564 2516 καὶ
1618 2461 1716 2524 τὰς
1773 2457 1916 2522 ἰδέας

250 2551 431 2628 λέγει.
469 2551 705 2627 ΙΙαράγει
763 2548 946 2622 μέντοι
999 2551 1091 2605 καὶ
1146 2551 1240 2606 τὸν
1299 2550 1568 2627 μακάριογ
1624 2552 1917 2622 Κλήμεντα

249 2640 372 2715 [τᾶν
405 2641 635 2713 Ῥώμης
669 2638 1034 2712 .έπίσκοπον],
1076 2640 1138 2694 οὗ
1189 2639 1460 2713 μέμνηται
1492 2640 1520 2694 6
1554 2637 1916 2710 Ἀπόστολος,

250 2728 508 2799 εἰπόντα,
541 2730 594 2784 έν
651 2733 769 2790 τοῖς
829 2726 977 2783 οὖσιν
1037 2728 1172 2783 εἶναι
1231 2726 1641 2806 παραδείγματα
1680 2728 1915 2803 ἀρχηγι-

246 2821 472 2895 κώτερα
504 2822 572 2889 ³⁸,
605 2820 725 2873 οἷον
784 2823 890 2874 τῶν
950 2819 1087 2895 πρός
1131 2841 1204 2875 τι.
1244 2821 1576 2896 Σαφέστερον
1629 2817 1687 2873 δὲ
1742 2816 1916 2880 οὕτως

247 2907 402 2964 ἔσται
434 2909 501 2964 τὸ
534 2906 860 2984 λεγόμενον*
886 2906 998 2966 ἔστι
1026 2930 1110 2971 τις
1139 2906 1266 2980 δόξα
1293 2907 1527 2985 γραμμῇ
1554 2908 1919 2978 ἀπεικάζουσα

244 2998 315 3053 τὰ
346 2997 552 3054 πάντα·
588 2996 678 3053 καὶ
708 3005 808 3067 τῆς
837 3000 1100 3074 γραμμῆς
1131 2997 1194 3053 τὸ
1259 2997 1352 3071 μὲν
1415 2999 1522 3052 ἅνω
1581 2998 1745 3072 μέρος
1802 3003 1920 3061 τοῖς

192 3120 197 3123 τ
248 3092 485 3157 νοητοῖς
517 3083 857 3142 ἆπαδιδοῦσα
890 3107 901 3118 ·
934 3087 997 3142 τὸ
1029 3083 1087 3141 δὶ
1114 3087 1264 3141 κάτω
1310 3091 1429 3149 τοῖς
1477 3085 1777 3158 αΐσθητοῖς.
1816 3087 1917 3142 Καὶ

245 3176 491 3246 τούτων,
525 3181 645 3239 τοῖς
679 3176 774 3249 μὶν
802 3175 1298 3252 ἀρχηγικωτέροις,
1333 3177 1467 3251 ἅπερ
1499 3176 1602 3231 εἰσὶ
1644 3176 1709 3230 τὰ
1762 3172 1919 3237 ἰδίως

246 3266 452 3336 νοητὰ,
478 3265 545 3320 τὸ
598 3269 819 3341 πρῶτον
877 3264 969 3320 καὶ
1027 3264 1293 3341 ἀνώτερον
1349 3265 1530 3342 μέρος.
1563 3270 1688 3328 Τοῖς
1744 3262 1801 3319 δὲ
1859 3263 1918 3319 ix

248 3360 362 3410 τῶν
396 3352 727 3427 νοητῶν,τό
779 3355 893 3427 μετ’
925 3352 1098 3408 ἐκεῖνο
1133 3373 1145 3384 '
1181 3355 1275 3409 εἶθ’
1307 3353 1450 3409 οὕτω
1506 3355 1625 3418 καθ’
1656 3350 1918 3408 ὑπόϐασιν
1952 3329 1996 3396 C

247 3451 352 3514 τῆς
384 3445 686 3518 γραμμῆς,
717 3441 785 3498 τὰ
814 3439 960 3498 ἄλλα
994 3464 1007 3477 ο
1041 3439 1208 3512 δεῖξαι
1251 3442 1354 3518 γὰρ
1405 3440 1549 3506 θέλει
1603 3446 1638 3512 ἡ
1689 3441 1917 3513 τοιαύτη

251 3532 410 3604 δόξα,
451 3533 532 3606 μὴ
560 3538 664 3602 τῆς
694 3531 844 3602 ἀξίας
872 3538 974 3600 τῆς
1033 3531 1202 3602 αὐτῆς
1256 3531 1388 3586 εἶναι
1444 3532 1512 3587 τὰ
1568 3532 1761 3599 πάντα,
1796 3529 1924 3586 ἀλλ’

250 3622 305 3694 ἐξ
364 3620 645 3692 ἀλλήλων
706 3616 822 3675 ἔνια
872 3620 1160 3695 γενόμενα,
1194 3622 1312 3675 οἷον
1358 3621 1427 3675 τὰ
1465 3621 1724 3698 ὑφειμένα
1780 3617 1922 3690 ε’ίδη,

253 3717 365 3767 τῶν
420 3707 741 3775 καθολικῶν
781 3709 833 3764 ἐν
885 3706 1222 3786 δημιουργίᾳ
1266 3709 1357 3764 καὶ
1405 3709 1617 3785 ἀρχῶν,
1650 3708 1712 3772 ἃς
1755 3721 1923 3773 καθο-

266 3799 424 3862 λικὰς
474 3800 662 3875 ἀρχὰς
720 3799 1151 3875 ἂρχηγικώτερα
1208 3800 1364 3876 φησί.
1426 3799 1534 3855 Τὸν
1605 3796 1695 3854 οὗν
1778 3797 1921 3875 ἱερὸν

270 3889 566 3962 Κλήμεντά
598 3909 732 3967 φησι
793 3887 997 3964 λέγειν,
1031 3888 1164 3943 εἶναι
1219 3889 1311 3943 καὶ
1369 3886 1422 3943 έν
1476 3893 1595 3950 τοῖς
1648 3890 1921 3962 ποιήμασι

261 3977 685 4055 παραδείγματα
728 3979 1078 4054 γενικώτερα,
1110 3975 1235 4047 ἤτοι
1289 3974 1438 4041 ἰδέας
1490 3982 1598 4032 τῶν
1652 3977 1789 4053 πρός
1846 3998 1924 4046 τι,

253 4068 375 4123 ἀντὶ
403 4073 509 4123 τοῦ
538 4072 648 4122 τῶν
681 4061 1107 4137 ὑποϐεϐηκότων
1158 4063 1317 4121 εἰδῶν
1370 4071 1477 4121 τῶν
1529 4068 1667 4144 πρός
1712 4088 1764 4120 τι
1815 4071 1924 4121 τῶν

254 4151 729 4231 ὑπερϐεϐηκότων
773 4152 1079 4232 ὑπόδειγμα
1128 4156 1500 4226 ὑποστάντων,
1532 4158 1645 4211 οἷον
1696 4156 1758 4211 τὸ
1804 4152 1923 4210 ἔνυ-

252 4246 357 4303 λον
425 4250 538 4321 πῦρ
591 4246 732 4322 πρὸς
784 4246 847 4301 τὸ
879 4245 1120 4320 αἰθέριον
1154 4263 1168 4276 ’
1215 4244 1343 4300 ἀλλ’
1383 4245 1445 4300 οὐ
1501 4250 1671 4301 ταῦτα
1726 4244 1926 4320 κυρίως

253 4334 414 4399 ἰδέας
448 4334 617 4414 φησὶν
649 4336 678 4390 6
714 4335 878 4409 μέγας
910 4333 1210 4403 Διονύσιος,
1243 4333 1390 4390 ἀλλὰ
1427 4335 1521 4397 τὰς
1569 4339 1785 4405 νοήσεις
1830 4337 1927 4389 τοῦ

250 4430 449 4481 Θεοῦ⁸
509 4423 607 4479 κᾶν
685 4425 790 4501 γὰρ
864 4423 1094 4499 λέγηται
1165 4420 1578 4498 παραδείγματα
1634 4424 1685 4478 έν
1734 4424 1926 4495 κτίσει,

254 4515 394 4571 ἀλλ’
427 4513 492 4569 ού
523 4513 897 4588 προσκυνητὰ,
932 4514 1007 4575 ὥς
1040 4533 1171 4588 φησι
1205 4516 1441 4578 Μωϋσῆς
1473 4533 1486 4547 ’
1519 4513 1626 4567 ποῦ
1675 4510 1734 4568 δὲ
1760 4517 1931 4568 ταῦτα

256 4605 414 4660 εἶπεν
451 4605 480 4659 6
512 4604 669 4679 ἅγιος
701 4603 967 4677 Κλήμης,
992 4601 1092 4656 οὐκ
1122 4598 1390 4672 ἐδήλωσε.

337 4781 771 4874 Παραδείγματα
818 4779 877 4838 δέ
905 4802 1110 4874 Δφαμεν
1182 4781 1336 4838 εἶναι.
1387 4780 1637 4874 Πλάτων
1682 4784 1775 4874 μὲν
1834 4785 1929 4847 τὰς
1962 4811 2011 4874 D

262 4872 419 4935 ἰδέας
480 4874 573 4927 καὶ
629 4872 697 4927 τὰ
752 4868 1166 4947 παραδείγματα
1218 4875 1486 4933 ταπεινῶς
1553 4873 1643 4926 καὶ
1700 4871 1927 4945 ἀναξίως

265 4966 407 5018 Θεοῦ
441 4960 748 5039 έξείληφεν·
782 4962 810 5014 6
844 4958 903 5014 δὶ
944 4961 1130 5031 Πατήρ
1290 4960 1385 5032 μὶν
1440 4958 1582 5030 λέξει
1631 4960 1929 5034 ἐχρήσατο,

263 5053 367 5119 τήν
421 5048 482 5106 δὲ
522 5045 731 5105 ἔννοιαν
782 5043 1018 5110 εὐσεϐῶς
1079 5047 1401 5124 ἐξηγήσατο.
1459 5049 1811 5127 Ἀφοριστικᾶ
1876 5049 1933 5106 δὲ

268 5140 372 5219 ἔφη
435 5140 504 5195 τὰ
563 5142 684 5194 θεῖα
741 5137 1031 5211 θελήματα
1084 5139 1175 5193 καὶ
1232 5139 1519 5210 ποιητικὰ,
1550 5139 1613 5194 τὸ
1675 5139 1796 5211 μὲν,
1849 5141 1934 5194 ὅτι

271 5231 433 5303 μόνῳ
462 5232 546 5302 τῷ
579 5227 873 5303 βούλεσθαι
901 5229 969 5283 τὰ
995 5228 1170 5282 πάντα
1204 5227 1458 5305 ὑφίστησι
1490 5228 1581 5282 καὶ
1630 5233 1784 5283 ποιεῖ
1814 5249 1827 5262 ·
1871 5230 1932 5285 τὸ

273 5316 354 5392 δὲ,
385 5317 483 5374 καὶ
544 5315 636 5372 διὰ
678 5317 741 5372 τὸ
797 5313 1071 5391 έτεροειδῆ
1114 5316 1206 5371 καὶ
1255 5313 1489 5395 διάφορα
1544 5317 1612 5372 τὰ
1664 5313 1793 5373 ὄντα
1847 5340 1934 5395 γε-

341 5503 425 5577 (h)
459 5501 599 5559 Mal.
632 5519 711 5570 IV,
739 5505 796 5559 2.
874 5501 941 5575 (ἰ)
970 5501 1134 5559 Rom.
1167 5517 1291 5573 VIII,
1324 5501 1415 5557 30.

1497 5501 1571 5575 (k)
1601 5501 1816 5575 Ephes.
1849 5520 1892 5573 ι,
1923 5504 1982 5562 5.

2014 675 2177 733 Sicut
2209 677 2366 733 enim
2418 677 2546 750 ipse
2602 676 2690 733 sol
2743 693 2878 733 cum
2928 693 3085 732 unus
3133 676 3232 744 sit,
3271 678 3420 733 178
3473 677 3675 733 omnia

2017 766 2260 822 sensilia
2318 767 2566 822 fecunda
2626 767 2818 823 reddit
2868 771 2925 821 et
2966 765 3089 834 alit,
3142 772 3320 837 atque
3369 771 3579 836 mutat,
3612 767 3670 823 id

2018 861 2109 911 est
2164 873 2232 912 ex
2282 874 2457 929 parvo
2507 873 2723 929 magna
2776 856 2942 928 facit,
2975 861 3079 911 aut
3116 856 3292 911 etiam
3324 872 3393 911 ex
3450 857 3674 913 semine

2018 944 2162 1000 illud
2224 947 2378 1016 quod
2439 948 2575 1002 inde
2637 946 2985 1016 producitur
3030 961 3299 1017 germen,
3332 953 3430 1001 aut
3481 946 3674 1018 arbor,

2020 1043 2194 1108 atque
2224 1036 2283 1092 in
2317 1038 2594 1093 omnibus
2626 1036 2960 1093 visibilibus
3008 1040 3119 1104 est,
3152 1053 3288 1093 cum
3321 1036 3469 1092 nihil
3501 1037 3578 1092 sit
3607 1053 3677 1092 ex

2017 1125 2196 1199 ipsis;
2231 1127 2316 1182 sic
2347 1127 2523 1182 etiam
2568 1132 2717 1183 Deus
2747 1133 2804 1182 et
2836 1127 3027 1199 ipsius
3073 1125 3215 1182 solis
3258 1131 3317 1183 et
3364 1126 3674 1182 sensilium

2020 1217 2284 1272 omnium
2337 1233 2403 1273 ac
2454 1216 2917 1288 intelligibilium
2979 1220 3155 1288 atque
3213 1215 3674 1289 intelligentium

2019 1311 2243 1373 auctor,
2281 1306 2427 1362 nihil
2459 1311 2548 1362 est
2576 1324 2645 1362 ex
2675 1307 2874 1375 rebus,
2902 1310 2958 1362 et
2999 1305 3057 1362 in
3088 1306 3366 1362 omnibus
3397 1309 3514 1375 est;
3549 1321 3675 1361 om-

2020 1395 2117 1451 nia
2147 1396 2305 1451 enim
2338 1397 2532 1466 ipsum
2575 1396 2951 1469 participant,
2982 1396 3115 1452 ideo
3146 1395 3447 1469 Scriptura
3476 1396 3673 1467 ipsum

2020 1484 2279 1557 appellat
2309 1484 2503 1542 Solem
2528 1485 2773 1557 justitiae
2793 1486 2897 1558 (h).

2088 1664 2475 1733 Exemplaria.
2505 1664 2879 1737 Exemplaria
2907 1680 3036 1736 quae
3057 1664 3233 1720 etiam
3258 1664 3419 1719 ideas
3441 1668 3675 1733 vocant,

2009 1754 2137 1826 jam
2185 1755 2423 1826 quidem
2483 1771 2667 1826 supra
2712 1755 2891 1809 etiam
2946 1754 3326 1826 exposuimus
3378 1754 3676 1825 quomodo

2015 1844 2397 1913 deﬁniantur,
2433 1844 2586 1915 quod
2623 1843 2815 1899 ideam
2851 1859 2952 1899 seu
2985 1843 3285 1915 exemplar
3314 1843 3491 1911 dicat,
3526 1859 3676 1915 Opus

2017 1934 2077 1988 in
2124 1949 2186 1989 se
2221 1934 2545 2006 perfectum
2588 1937 2874 1988 aeternum
2923 1933 3122 1988 aeterni
3171 1932 3297 1989 Dei.
3348 1933 3501 1987 Sane
3549 1931 3681 2004 qui-

2026 2023 2155 2078 dem
2187 2022 2298 2078 hoc
2344 2021 2469 2077 loco
2503 2038 2755 2094 magnus
2790 2022 3103 2092 Dionysius
3141 2020 3391 2093 explicat
3418 2021 3680 2092 Scriptu-

2024 2128 2173 2178 ram,
2206 2113 2350 2167 dum
2400 2111 2946 2184 praedestinationes
2977 2115 3147 2167 vocat
3195 2110 3380 2175 ideas,
3413 2109 3678 2165 divinum

2024 2200 2275 2256 Paulum
2316 2201 2653 2272 insinuans,
2685 2201 2786 2272 qui
2836 2199 2896 2254 in
2947 2199 3212 2272 Epistola
3261 2200 3333 2255 ad
3386 2200 3682 2255 Romanos

2027 2291 2153 2346 ait:
2191 2291 2332 2359 Quos
2381 2292 2566 2345 autem
2610 2288 3048 2362 praedestinavit,
3095 2289 3191 2344 hos
3236 2293 3287 2345 et
3333 2289 3543 2344 vocavit
3576 2287 3677 2359 (2');

2027 2384 2084 2434 et
2111 2379 2250 2435 alibi
2288 2396 2300 2435 :
2337 2380 2444 2448 Qui
2469 2380 2882 2451 praedestinavit
2912 2396 3011 2434 nos
3039 2381 3101 2434 z'n
3132 2377 3422 2435 voluntate
3451 2394 3553 2433 sua
3572 2377 3678 2449 (lc):

2026 2467 2383 2524 voluntatem
2418 2468 2574 2523 enim
2609 2472 2666 2523 et
2706 2467 3282 2540 praedestinationem
3317 2466 3461 2522 dicit
3489 2482 3683 2521 exem-

2026 2557 2216 2629 plaria
2254 2562 2310 2613 et
2349 2558 2532 2613 ideas.
2567 2558 2748 2613 Ati‘ert
2778 2557 3132 2613 sententiam
3186 2556 3337 2612 beati
3368 2554 3686 2613 Clementis

2026 2646 2296 2717 [Romani
2329 2646 2633 2718 episcopi],
2667 2648 2840 2719 cujus
2889 2645 3160 2701 meminit
3192 2645 3524 2717 Apostolus,
3559 2659 3689 2700 esse

2026 2734 2087 2790 in
2121 2734 2296 2791 rebus
2319 2735 2673 2805 exemplaria
2703 2734 3144 2807 principaliora,
3167 2738 3454 2806 tanquam
3485 2748 3688 2788 eorum

2028 2842 2157 2897 quae
2190 2825 2259 2879 ad
2294 2823 2539 2897 aliquid.
2574 2823 2799 2879 Clarius
2843 2828 3038 2879 autem
3091 2823 3174 2878 ita
3222 2823 3321 2877 ﬁet
3351 2822 3505 2893 quod
3538 2819 3685 2876 dici-

2028 2919 2164 2983 tur;
2196 2919 2285 2969 est
2314 2913 2512 2985 Opinio
2543 2912 2743 2984 aliqua
2772 2930 2900 2985 quae
2945 2913 3144 2968 omnia
3174 2911 3339 2966 lineae
3371 2909 3684 2980 assimilat,

2031 3008 2087 3061 et
2118 3003 2478 3076 superiorem
2512 3002 2676 3063 lineae
2700 3007 2924 3074 partem
2950 3000 3428 3073 intelligibilibus
3458 2998 3688 3066 tribuit,

2030 3094 2369 3149 inferiorem
2414 3108 2547 3147 vero
2596 3090 3014 3160 sensibilibus;
3066 3091 3141 3145 iis
3190 3106 3318 3162 quae
3365 3089 3520 3144 inter
3566 3087 3689 3143 haec

2030 3182 2430 3255 principatum
2463 3181 2751 3250 obtinent,
2786 3197 2916 3252 quae
2960 3185 3102 3236 sunt
3141 3178 3372 3251 proprie
3405 3177 3691 3249 intelligi-

2028 3271 2194 3341 bilia,
2228 3271 2480 3343 primam
2514 3288 2580 3326 ac
2612 3271 2977 3343 superiorem
3025 3274 3286 3342 partem;
3340 3285 3468 3340 quae
3500 3284 3569 3322 ex
3600 3267 3688 3322 in-

2030 3360 2457 3433 teiligentibus,
2489 3360 2875 3431 posteriorem
2912 3376 2925 3415 :
2961 3359 3044 3415 sic
3087 3362 3290 3429 postea
3321 3358 3492 3430 juxta
3522 3355 3686 3410 linea:

2031 3450 2408 3517 descensum,
2466 3449 2581 3504 alia
2629 3448 2906 3516 collocat;
2968 3447 3261 3519 siquidem
3312 3445 3450 3500 talis
3492 3443 3692 3516 opinio

2031 3539 2159 3596 vult
2196 3539 2401 3594 docere
2451 3538 2650 3594 omnia
2699 3554 2813 3593 non
2866 3554 2997 3593 esse
3046 3536 3311 3606 ejusdem
3361 3532 3691 3606 dignitatis,

2033 3629 2299 3702 quadam
2333 3644 2402 3682 ex
2433 3643 2495 3682 se
2528 3630 2734 3682 mutuo
2766 3626 3023 3698 pendere
3044 3624 3205 3681 velut
3234 3623 3532 3694 subjectas
3563 3638 3696 3693 spe-

2035 3720 2155 3774 cies
2209 3718 2281 3772 ab
2333 3714 2768 3772 universalibus
2801 3715 2859 3769 in
2907 3713 3205 3770 creatione
3256 3717 3313 3767 et
3363 3710 3696 3784 principiis,

2034 3824 2163 3880 quae
2198 3805 2486 3878 principia
2526 3803 2884 3860 universalia
2914 3804 3059 3858 dicit
3098 3818 3227 3859 esse
3259 3800 3581 3867 nobiliora;
3616 3800 3698 3854 ait

2033 3896 2219 3969 igitur
2247 3897 2302 3951 S.
2330 3894 2693 3950 Clementem
2727 3893 2918 3949 dicere
2948 3909 3079 3949 esse
3106 3893 3167 3948 in
3191 3890 3478 3947 creaturis
3508 3905 3696 3944 exem-

2036 3986 2224 4059 plaria
2252 3984 2616 4057 generaliora
2642 3998 2742 4039 seu
2778 3982 2940 4038 ideas
2971 3998 3172 4038 eorum
3207 3997 3334 4052 quas
3366 3979 3438 4035 ad
3470 3977 3693 4049 aliquid

2036 4093 2140 4148 pro
2173 4075 2577 4145 subjectarum
2630 4071 2960 4145 specierum
2994 4073 3063 4126 ad
3114 4070 3373 4141 aliquam
3424 4066 3695 4141 superio-

2038 4181 2168 4219 rum
2201 4161 2501 4233 exemplar
2540 4161 3058 4230 substituentium,
3092 4159 3271 4215 veluti
3317 4158 3473 4230 ignis
3505 4160 3697 4212 mate-

2036 4251 2202 4308 rialis
2232 4252 2304 4307 ad
2338 4251 2688 4318 aethereum;
2722 4266 2922 4305 verum
2947 4249 3069 4304 hanc
3092 4264 3346 4320 magnus
3379 4246 3695 4318 Dionysius

2037 4345 2258 4409 censet,
2301 4358 2417 4396 non
2474 4356 2604 4395 esse
2663 4339 2896 4411 pr0prie
2956 4339 3121 4394 ideas
3178 4338 3279 4394 sed
3324 4335 3424 4392 Dei
3472 4334 3698 4406 cogita-

2036 4431 2262 4499 tiones;
2297 4429 2405 4486 etsi
2439 4429 2595 4485 enim
2629 4429 2904 4484 dicantur
2931 4426 3291 4499 exemplaria
3319 4426 3379 4480 in
3406 4429 3696 4489 creatura,

2041 4536 2156 4575 non
2192 4525 2391 4575 tamen
2426 4517 2660 4574 adorari
2692 4522 2937 4587 queunt,
2971 4516 3125 4572 sicut
3172 4515 3255 4571 ait
3304 4514 3562 4585 Moyses;
3596 4509 3698 4566 ubi

2040 4615 2238 4665 autem
2289 4613 2533 4664 sanctus
2570 4604 2841 4662 Clemens
2889 4605 3008 4660 haec
3056 4603 3290 4674 dixerit,
3341 4618 3458 4658 non
3505 4599 3699 4656 decla-

2040 4699 2208 4753 ravit.

2114 4786 2485 4858 Ememplarz’a
2541 4800 2667 4840 vero
2723 4784 2956 4839 dicimus
3012 4797 3144 4837 esse.
3203 4779 3365 4835 Plato
3422 4780 3586 4834 ideas
3644 4780 3702 4833 et

2041 4875 2403 4947 exemplaria
2442 4872 2749 4929 humiliter
2797 4890 2862 4927 ac
2913 4872 3154 4943 indigne
3202 4870 3319 4925 Deo
3374 4865 3697 4938 usurpavit.

2042 4970 2216 5021 Pater
2268 4968 2462 5019 autem
2500 4963 2653 5018 179
2687 4961 2939 5018 dictione
2971 4961 3210 5034 quidem
3262 4975 3407 5013 usus
3455 4961 3562 5023 est,
3596 4956 3700 5011 sed

2041 5054 2501 5110 intellectionem
2548 5068 2649 5107 seu
2684 5051 3176 5123 significationem
3232 5048 3324 5120 pie
3371 5046 3700 5118 explicavit.

2041 5142 2134 5198 Ait
2164 5158 2300 5197 vero
2353 5140 2581 5196 divinas
2629 5139 2960 5196 voluntates
3009 5137 3364 5193 constituere
3412 5141 3471 5190 et
3519 5135 3707 5190 facere

2045 5232 2355 5299 universa;
2393 5230 2539 5285 illud
2578 5229 2816 5300 quidem
2852 5229 2992 5300 quia
3023 5227 3147 5283 sola
3173 5225 3475 5285 voluntate
3504 5223 3711 5280 statuit

2048 5327 2106 5378 et
2137 5321 2314 5389 facit;
2348 5321 2457 5376 hoc
2489 5336 2625 5376 vero
2672 5318 2811 5390 quia
2843 5334 2933 5374 res
2963 5316 3205 5372 diversae
3236 5317 3433 5374 forma:
3465 5319 3521 5370 et
3547 5312 3712 5369 diﬂ'e-

1274 5682 1517 5741 VARIIE
1555 5682 1959 5743 LECTIONES
1998 5685 2089 5742 ET
2128 5682 2697 5758 CORRECTIONES.

342 5793 392 5829 ’⁸
424 5790 794 5868 ἀρχικώτερα.

603 5921 867 5985 Pusam.
916 5920 1028 5984 Gn.
1075 5917 1178 5983 IV.

3301 5914 3375 5978 11
