4034 6424
439 448 542 504 331

1253 448 1623 504 APPBNDIX
1664 451 1762 503 AD
1799 449 2045 503 OPERA
2081 450 2140 502 8.
2182 448 2496 505 DIONYSII
2536 449 3041 505 AREOPAGITJE.
3722 458 3811 514 332

442 581 638 633 rentes
671 575 1097 648 producuntur.
1130 574 1279 631 Nota
1319 574 1500 647 igitur
1529 576 1683 648 quod
1713 577 1877 631 vocet
1905 588 2097 630 exem-

2224 570 2413 630 ιέσθαι.
2446 574 2767 647 Σημείωσαι
2799 571 2915 645 οῦν,
2948 574 3033 628 ὅτι
3069 571 3478 651 παραδείγματα
3520 578 3666 636 καλεῖ
3707 582 3812 648 τοὺς

444 666 632 740 plaria
674 666 931 723 rationes
978 664 1038 720 in
1085 669 1198 720 Deo
1249 682 1380 736 quae
1426 681 1623 721 rerum
1676 663 1969 721 essentias
2018 664 2099 718 fa~

443 757 628 822 ciunt,
686 760 745 812 et
801 755 965 810 unite
1019 760 1154 810 ante
1219 754 1478 821 fuerunt,
1540 770 1644 810 seu
1723 752 2099 827 praedestina-

440 846 655 902 tiones.

509 933 876 1005 Progreditur
903 932 1126 1006 quidem
1156 948 1265 988 non
1303 948 1403 1004 per
1427 934 1681 1005 propria.
1724 932 1943 989 Beatus
1974 930 2099 989 Cle-

444 1041 612 1080 mens
645 1022 834 1095 magis
855 1027 1093 1079 secutus
1116 1028 1205 1078 est
1232 1022 1569 1095 opinionem
1593 1038 1721 1094 quae
1746 1022 2099 1092 dixit,etiam

442 1113 505 1168 in
528 1113 906 1186 generatione
934 1128 1128 1167 rerum
1153 1112 1460 1167 sensilium
1492 1112 1787 1184 principes
1809 1111 2101 1183 quaedam

445 1218 575 1259 esse
607 1215 837 1268 causas,
871 1201 1153 1256 nimirum
1196 1199 1662 1273 intelligibilium
1696 1218 1798 1256 seu
1832 1201 2103 1272 incorpo-

446 1307 681 1346 reorum
721 1288 1066 1362 angelorum
1115 1289 1481 1360 operationes
1529 1305 1632 1344 seu
1687 1288 2103 1361 productiones

442 1382 502 1437 in
535 1379 874 1448 essentiam,
909 1379 1125 1435 habere
1178 1396 1391 1434 causas
1439 1378 1736 1451 principes
1786 1378 1949 1434 ideas
1998 1395 2102 1433 seu

440 1471 545 1527 Dei
601 1468 1013 1543 cogitationes:
1074 1467 1231 1524 circa
1288 1484 1434 1539 quas
1494 1469 1657 1523 ideas
1716 1466 2101 1539 exemplares.

440 1558 845 1631 intelligibilia
894 1574 1024 1613 esse
1057 1557 1215 1613 velut
1263 1557 1633 1629 operationes
1684 1556 1993 1628 primariae
2027 1557 2106 1628 [et

441 1648 668 1720 beatas]
700 1653 757 1704 et
789 1647 1150 1719 praecipuas;
1192 1646 1252 1702 in
1298 1646 1621 1702 sensilibus
1652 1650 1847 1702 autem
1884 1645 2101 1717 princi-

444 1756 576 1811 pem
610 1753 876 1805 causam,
909 1753 974 1792 ac
1007 1736 1184 1792 beare
1216 1741 1392 1806 atque
1424 1752 1623 1792 creare
1652 1735 1967 1800 valentem,
1997 1734 2107 1789 for-

443 1844 602 1883 mam
656 1826 716 1881 in
766 1826 1035 1895 materia,
1070 1825 1250 1895 dicta,
1301 1824 1517 1896 inquit,
1561 1823 1791 1896 opinio;
1828 1840 1961 1879 nam
2010 1840 2106 1878 rao

440 1916 602 1973 tione
660 1919 887 1971 naturae
936 1915 996 1969 in
1046 1913 1424 1985 generatione
1464 1929 1581 1985 qua
1618 1912 1861 1969 sensilia
1907 1913 2105 1968 formae

444 2005 725 2071 evadunt,
756 2002 896 2059 talis
927 2003 1137 2072 forma,
1171 2001 1389 2073 inquit,
1420 2002 1714 2073 praecipua
1748 2018 1876 2058 esse
1911 2002 2100 2057 debet.

444 2092 736 2149 Fortassis
767 2091 950 2164 igitur
979 2092 1186 2147 beatus
1215 2091 1484 2148 Clemens
1525 2091 1635 2147 hoc
1682 2091 1901 2147 dixisse
1947 2091 2105 2146 vide-

444 2187 588 2239 tur:
626 2183 726 2238 sed
780 2182 901 2238 haec
949 2198 1067 2237 non
1116 2186 1401 2238 vocantur
1446 2182 1679 2254 proprie
1726 2180 2103 2252 exemplaria,

452 2288 555 2328 seu
579 2272 720 2328 ideae
747 2270 1064 2344 principes,
1091 2270 1212 2327 sive
1232 2287 1422 2327 causae
1453 2270 1764 2343 primariae.
1791 2272 1916 2326 Haec
1945 2270 2041 2325 eni
2073 2310 2101 2325 ι.

450 2379 570 2418 non
600 2378 669 2417 ex
698 2360 868 2433 ipsis,
900 2361 1002 2417 sed
1049 2376 1117 2416 ex
1158 2360 1259 2417 Dei
1306 2359 1778 2432 cogitationibus,
1803 2360 1903 2432 qui
1936 2360 2102 2416 solus

450 2451 812 2508 adorandus.

520 2540 971 2596 Promanationis
1024 2556 1089 2595 ac
1154 2539 1441 2596 bonitatis.
1504 2538 1882 2612 Progressum
1938 2544 2105 2597 vocat

449 2627 1009 2700 contemplationem
1045 2645 1175 2700 quae
1230 2646 1343 2685 non
1394 2633 1623 2685 tantum
1656 2628 1810 2685 circa
1841 2646 1902 2686 se
1931 2645 2101 2685 occu-

446 2722 640 2791 patur,
674 2718 775 2775 sed
809 2717 1162 2774 diffunditur
1211 2723 1268 2775 et
1314 2719 1706 2791 progreditur,
1741 2723 1918 2790 atque
1966 2718 2105 2775 facit

447 2812 513 2863 ut
540 2823 633 2863 res
664 2807 1010 2864 subsistant.

518 2896 718 2953 Omnia
748 2896 976 2969 quidem
1014 2898 1075 2953 in
1120 2897 1319 2969 seipsa.
1354 2902 1537 2954 Deum
1586 2897 1647 2953 in
1696 2897 1976 2954 omnibus
2010 2912 2097 2952 re-

450 2987 559 3041 bus
588 2986 904 3065 exsultare,
936 2987 1264 3043 secundum
1315 2986 1460 3043 illud
1495 2986 1710 3059 psalmi
1743 3003 1758 3042 :
1794 2988 2105 3044 Laetabitur

448 3074 713 3131 Dominus
764 3077 825 3131 in
878 3078 1136 3147 operibus
1191 3077 1310 3132 suis
1348 3078 1441 3149 (1);
1493 3082 1552 3133 et
1601 3077 1659 3132 in
1711 3077 2040 3132 Proverbiis
2086 3093 2099 3132 :

329 3227 335 3232 ,
447 3166 566 3237 Ego
630 3180 784 3220 eram
847 3181 955 3237 qua
1018 3165 1418 3222 delectabatur.
1479 3165 1630 3221 Illud
1698 3170 1893 3222 autem
1963 3171 2104 3222 ante

447 3253 610 3310 habet
651 3252 761 3310 hoc
804 3252 930 3309 loco
962 3255 1201 3326 ponitur
1247 3272 1373 3328 pro,
1406 3254 1841 3327 praedestinavit
1868 3261 1927 3311 et
1956 3272 2101 3329 prse-

447 3343 622 3415 cepit.

517 3431 745 3489 Omnem
800 3431 1203 3505 duplicitatem.
1253 3433 1548 3501 Quoniam
1598 3432 1780 3507 aliqui
1833 3434 2103 3491 dixerunt

443 3519 608 3576 ideas
666 3525 725 3577 et
785 3520 1143 3593 exemplaria
1197 3538 1299 3592 per
1353 3538 1415 3576 se
1472 3523 1816 3594 subsistere,
1850 3523 1958 3581 hos
2005 3524 2102 3594 qui

443 3611 629 3667 Grmci
662 3614 830 3665 erant
870 3611 1045 3666 modo
1093 3610 1325 3673 refellit,
1359 3614 1416 3665 et
1445 3610 1556 3678 ait;
1605 3612 1723 3667 nisi
1769 3612 1927 3668 enim
1960 3614 2101 3668 sim-

445 3697 677 3770 pliciter
702 3714 766 3753 ac
798 3699 960 3754 unite
995 3698 1210 3754 fuerint
1242 3700 1407 3769 idem,
1429 3715 1563 3755 cum
1589 3701 1708 3755 sint
1735 3701 2102 3773 cognitiones

445 3786 901 3860 simplicissimus
971 3786 1394 3860 simplicissimi
1458 3793 1517 3845 et
1585 3788 1909 3846 unitissimi
1976 3791 2100 3859 Dei,

446 3877 811 3949 compositus
855 3894 998 3933 sane
1059 3878 1171 3932 erit
1220 3882 1372 3933 Deus
1420 3894 1488 3934 ex
1536 3877 1854 3950 exemplari
1904 3883 1960 3934 et
2009 3894 2102 3935 se-

445 3966 598 4037 ipso,
650 3967 805 4038 quod
863 3967 1259 4038 duplicitatem
1308 3967 1653 4023 nominavit.
1710 3966 1855 4022 Illud
1905 3972 2100 4023 autem

446 4055 786 4123 delectatur,
846 4060 1133 4112 consonat
1187 4056 1427 4123 Davidi,
1480 4055 1783 4113 Laetabitur
1829 4057 2105 4113 Dominus

451 4148 562 4201 etc.

520 4233 677 4289 180
725 4232 1193 4303 Quemadmodum
1239 4238 1409 4292 etiam
1456 4252 1565 4291 una
1617 4251 1742 4290 vox.
1775 4235 1922 4290 Nota
1970 4250 2101 4306 pro-

449 4322 756 4393 prietatem
786 4323 965 4390 vocis,
1001 4325 1155 4396 quod
1190 4340 1322 4379 cum
1375 4324 1453 4379 sit
1499 4325 1842 4394 incorporea
1872 4328 1930 4379 et
1964 4340 2102 4391 una,

448 4427 483 4466 a
540 4410 745 4467 multis
805 4412 1024 4482 pariter
1080 4412 1337 4477 auditur,
1398 4428 1587 4485 neque
1639 4429 1673 4468 a
1722 4411 2103 4468 multitudine

446 4499 866 4557 consumitur:
899 4500 981 4556 ita
1028 4501 1206 4557 etiam
1255 4502 1411 4558 Deus
1462 4501 1768 4573 aequaliter
1807 4503 1878 4556 ab
1911 4501 2101 4557 omni-

444 4589 556 4645 bus
586 4589 1076 4646 communicatur.
1113 4590 1261 4647 lllud
1302 4590 1457 4647 enim
1492 4596 1584 4647 est
1612 4607 1722 4647 uno
1754 4590 1912 4647 modo
1944 4609 1960 4645 :
1998 4608 2100 4664 pro

2209 658 2263 715 ἐν
2292 660 2373 734 τῷ
2403 666 2520 734 Θεῷ
2549 667 2656 717 τῶν
2690 656 2859 718 ὄντων
2894 661 3245 727 ούσιοποιοὺς
3283 664 3369 718 καὶ
3399 663 3603 729 δνιαίως
3632 682 3814 748 προϋφ,

2209 756 2448 814 εστῶτας
2482 750 2700 827 λόγους,
2733 748 2860 822 ἤτοι
2887 750 3287 827 προορισμούς.

2280 931 2500 1007 Πρόεισι
2561 932 2681 1005 μὲν,
2713 933 2778 987 οὐ
2837 930 2927 987 διὰ
2964 933 3190 1009 κυρίων.
3220 931 3451 990 Μᾶλλον
3502 937 3530 990 ὁ
3587 940 3818 1016 μακάριος

2208 1017 2450 1093 Κλήμης
2483 1018 2609 1096 δόξῃ
2635 1021 2744 1077 τινὶ
2774 1021 3224 1092 κατηκολούθησε
3269 1020 3522 1098 λεγούσῃ,
3550 1025 3635 1080 καὶ
3664 1025 3711 1082 ἐν
3760 1035 3817 1103 τῇ

2209 1112 2410 1186 γενέσει
2457 1115 2565 1165 τῶν
2623 1107 2793 1166 ὄντων
2826 1111 3102 1183 αἰσθητῶν
3134 1114 3266 1167 εἶναι
3304 1111 3531 1187 ἀρχικὰς
3576 1135 3711 1178 τινας
3754 1117 3821 1173 ai-

2210 1200 2352 1269 τίσις,
2384 1202 2499 1255 οἷον
2529 1200 2625 1263 τὰς
2663 1205 2773 1256 τῶν
2812 1205 3053 1271 νοητῶν,
3085 1197 3211 1270 ¹ἤτοι
3255 1200 3553 1274 ἀσωμάτων
3605 1204 3818 1280 ἀγγέλων

2214 1289 2482 1367 ἐνεργείας
2539 1288 2665 1359 ἤτοι
2726 1290 2804 1354 εἷς
2859 1290 3043 1346 οὐσίαν
3090 1290 3439 1367 παραγωγὰς,
3469 1290 3635 1356 αίτίας
3689 1295 3820 1372 ἀρχι·

2214 1379 2311 1443 κάς
2368 1373 2516 1454 ἔχειν
2572 1380 2670 1442 τὰς
2728 1377 2872 1442 ίδέας
2929 1375 3054 1446 ἤτοι
3108 1382 3324 1450 νοήσεις
3378 1384 3475 1436 τοῦ
3521 1387 3677 1437 Θεοῦο
3715 1385 3818 1460 περὶ

2215 1468 2277 1531 ἃς
2314 1465 2459 1531 ἰδέας
2497 1466 3002 1545 παραδειγματικάς
3035 1466 3221 1542 οὔσας,
3249 1470 3320 1525 τὰ
3374 1470 3539 1541 νοητὰ
3589 1474 3715 1526 εἶναι
3764 1477 3822 1536 ὡς

2216 1557 2484 1632 ἐνεργείας
2533 1558 2766 1634 ἀρχικὰς
2824 1558 2935 1632 [καὶ
2992 1557 3401 1633 εὐδαιμονικὰς]
3455 1559 3543 1614 καὶ
3598 1562 3823 1637 ἡγεμονι.

2214 1646 2311 1708 κάς
2341 1664 2355 1679 ·
2405 1644 2493 1701 ἐπὶ
2538 1644 2596 1702 δὶ
2639 1651 2748 1702 τῶν
2788 1646 3089 1718 αἰσθητῶν,
3120 1644 3298 1702 αἴτιον
3357 1646 3603 1723 ἀρχικὸν,
3632 1650 3713 1704 καὶ
3751 1649 3821 1704 εύ-

2217 1732 2557 1809 δαιμονικὸν,
2609 1735 2702 1790 καὶ
2758 1733 3181 1812 δημιουργικὸν,
3237 1737 3301 1791 τὸ
3354 1733 3519 1805 εἶδος,
3550 1737 3610 1792 τὸ
3645 1736 3723 1792 ἰπὶ
3766 1742 3823 1812 τῇ

2217 1823 2321 1898 ὕλῃ
2351 1826 2385 1895 ἡ
2432 1824 2695 1900 εἰρημένη
2745 1825 2879 1903 φησὶ
2929 1822 3096 1896 δόξα·
3137 1825 3231 1881 τὸν
3277 1825 3382 1902 γὰρ
3433 1824 3593 1901 λόγον
3646 1829 3734 1893 τῆς
3782 1825 3825 1882 ἓν

2216 1912 2421 1990 γενὲσει
2503 1912 2738 1988 φύσεως,
2788 1915 2910 1968 καθ’
2964 1915 3025 1983 ἣν
3087 1911 3415 1985 εἷδοποιήθη
3482 1915 3547 1969 τὰ
3610 1913 3824 1987 αἰσθητὰ,

2212 2006 2458 2058 τοιοῦτον
2492 1999 2638 2067 εἶδός
2664 2023 2824 2081 φησιν
2858 2002 3083 2078 ἀρκτέον
3101 2006 3166 2062 ³⁷.
3186 2005 3401 2060 Ἔοικεν
3426 2001 3515 2058 οὖν
3535 2001 3669 2079 τάχα
3691 2007 3824 2059 τοῦτο

2215 2090 2488 2167 εἷρηκέναι
2521 2093 2549 2146 ὁ
2602 2093 2871 2169 μακάριος
2929 2089 3165 2165 Κλήμης
3199 2110 3213 2124 ·
3249 2091 3351 2148 ούκ
3390 2087 3500 2147 ἔστι
3550 2089 3606 2148 δὲ
3657 2092 3824 2168 κυρίως

2212 2184 2382 2236 ταῦτα
2436 2181 2607 2237 εἰπεῖν
2670 2178 3107 2256 παραδείγματα,
3177 2179 3306 2251 ἤτοι
3374 2178 3518 2246 ἶδὲας
3580 2182 3816 2254 ἀρκτικὰς,

2210 2268 2381 2346 ἤγουν
2434 2270 2641 2346 ἀρχικὰ
2686 2268 2832 2325 αἴτια
2865 2290 2876 2303 ·
2929 2269 2990 2325 ού
3049 2271 3151 2347 γὰρ
3211 2270 3262 2344 ἐξ
3322 2271 3500 2326 αὐτῶν
3558 2272 3601 2307 ³⁸
3661 2273 3815 2339 ταῦτα,

2213 2358 2337 2415 ἀλλ’
2408 2358 2467 2414 ἐκ
2543 2363 2651 2415 τῶν
2729 2363 2863 2415 Θεοῦ
2936 2361 3200 2431 νοήσεων,
3261 2360 3324 2424 ὃς
3390 2358 3554 2433 μόνος
3617 2377 3816 2433 προσκυ-

2211 2448 2403 2519 νητός.

2284 2533 2532 2613 Προόδου
2599 2536 2690 2592 καὶ
2761 2537 3119 2612 ἀγαθότητος.
3176 2535 3424 2613 Πρόοδόν
3483 2557 3610 2612 φησι
3654 2534 3711 2591 τὸ
3760 2534 3818 2607 μὴ

2217 2625 2382 2700 μόνον
2440 2626 2608 2695 αὐτὴν
2657 2627 2778 2702 περὶ
2829 2628 2929 2696 τήν
2983 2626 3151 2693 αὐτῆς
3193 2625 3551 2703 ἀσχολεῖσθαι
3606 2624 3818 2699 θεωρίαν,

2210 2714 2360 2771 ἀλλὰ
2415 2718 2676 2791 χυθῆναι,
2707 2715 2797 2771 καὶ
2848 2712 3087 2785 ὁδεῦσαι,
3117 2717 3208 2771 καὶ
3261 2717 3337 2771 τὰ
3382 2712 3512 2771 ὄντα
3558 2713 3819 2783 ὑποστήσα-

2213 2815 2356 2869 σθαι.

2283 2891 2462 2948 Πάντα
2521 2892 2616 2966 μὶν
2676 2892 2727 2948 ἐν
2788 2893 2977 2969 ἑαυτῇ.
3033 2895 3158 2951 Ὅτι
3215 2891 3311 2948 ἐπὶ
3367 2897 3498 2949 πᾶσι
3542 2896 3651 2954 τοῖς
3698 2886 3811 2945 οὖσιν

2211 2980 2547 3056 ἀγάλλεσθαί
2604 3003 2736 3059 φησι
2785 2983 2880 3038 τὸν
2937 2983 3085 3053 Θεὸν,
3118 2982 3255 3038 κατὰ
3315 2983 3378 3038 τὸ
3406 2975 3807 3057 ψαλμικόνἘῦ·

2213 3072 2572 3147 φρανθήσεται
2643 3069 2847 3145 Κύριος
2916 3069 3006 3127 ἐπὶ
3071 3076 3192 3134 τοῖς
3258 3070 3450 3147 ἔργοις
3519 3071 3674 3126 αὐτοῦ
3704 3062 3812 3119 ’καὶ

2212 3159 2264 3215 ἐν
2333 3160 2709 3237 Παροιμίαις·
2764 3161 2902 3236 Ἐγὼ
2958 3160 3113 3236 ἤμην
3260 3164 3617 3239 προσέχαιρε,
3664 3159 3731 3217 Τὸ
3774 3152 3817 3209 ὂὶ

2215 3251 2446 3327 προίχει
2494 3250 2719 3307 ἐνταῦθα
2767 3250 2885 3306 ἀντὶ
2936 3250 3035 3307 τοῦ
3090 3253 3378 3329 προώρισε
3435 3251 3523 3307 καὶ
3564 3245 3821 3324 προειληφε

2214 3359 2408 3398 κειται.

2284 3434 2463 3485 Ιιᾶσαν
2520 3426 2779 3499 διπλόην.
2841 3427 3065 3501 Ἐπειδή
3146 3450 3299 3494 τινες
3382 3429 3481 3492 τὰς
3564 3425 3692 3488 ίδὲας
3754 3420 3824 3478 καὶ

2211 3517 2280 3573 τὰ
2326 3516 2745 3594 παραδείγματα
2793 3517 3123 3574 ἐνυπόστατα
3166 3515 3408 3594 ἔφησαν,
3436 3517 3653 3579 τούτους
3703 3510 3826 3586 ἒπιῤ-

2216 3607 2426 3683 ῥαπίζει
2472 3612 2565 3663 νῦν
2613 3607 2894 3678 Ἕλληνας
2948 3604 3128 3678 ὄντας,
3160 3607 3252 3663 καί
3311 3629 3496 3688 φησιν·
3531 3606 3596 3665 Ei
3637 3605 3727 3680 γὰρ
3768 3601 3825 3674 μὴ

2214 3697 2408 3760 ἁπλῶς
2454 3697 2545 3751 καὶ
2600 3695 2818 3759 ἓνιαίως
2848 3699 2952 3752 εἷεν
2987 3699 3042 3753 αἱ
3074 3693 3233 3768 ἰδέαι,
3262 3700 3493 3769 νοήσεις
3545 3689 3830 3771 ὑπερηπλω-

2218 3785 2370 3858 μέναι
2431 3783 2582 3840 οὖσαι
2638 3788 2737 3840 τοῦ
2793 3782 3269 3859 ύπερηπλωμένου
3327 3786 3416 3842 καὶ
3452 3780 3825 3861 ὑπερηνωμὲνου

2213 3877 2372 3946 Θεοῦ,
2404 3873 2655 3936 σύνθετος
2687 3873 2748 3929 ἂν
2781 3873 2865 3945 εἷή
2899 3875 2927 3929 ὁ
2980 3875 3110 3937 Θεὸς
3161 3874 3223 3931 in
3280 3873 3709 3952 παραδείγματος
3755 3864 3822 3922 καὶ

2214 3963 2427 4035 ἑαυτοῦ,
2460 3963 2592 4040 ὅπερ
2651 3960 2886 4033 διπλόην
2960 3962 3233 4037 ὠνόμασε.
3266 3965 3337 4021 Τὸ
3399 3963 3457 4020 δὲ
3510 3958 3820 4040 ἀγαλλομένη

2214 4057 2495 4129 συμφωνεῖ
2547 4056 2627 4126 τῷ
2681 4047 2848 4108 Δαϐίδ
2874 4070 2886 4084 ·
2920 4052 3373 4131 Εύφοανθήσεται
3421 4054 3635 4130 Κύριος,
3665 4048 3741 4105 καὶ
3774 4044 3825 4098 τὰ

2212 4141 2353 4212 ἒξῆς.

2285 4230 2530 4306 Καθάπερ
2588 4230 2680 4286 καὶ
2740 4232 2893 4310 φωνή
2958 4230 3075 4305 μία.
3114 4232 3439 4306 Σημείωσαι
3485 4232 3547 4287 τὸ
3591 4235 3685 4299 τῆς
3734 4245 3823 4300 φω-

2210 4324 2335 4392 νῆς,
2364 4320 2447 4376 ὅτι
2477 4320 2769 4392 ἀσώματος
2793 4320 2883 4376 καὶ
2918 4319 3016 4393 μία
3046 4318 3178 4377 οὖσα
3221 4322 3329 4378 ὑπὸ
3373 4320 3599 4378 πολλῶν
3654 4312 3826 4389 ὁμοίως

2213 4408 2485 4482 ἀκούεται,
2514 4410 2602 4464 καὶ
2636 4405 2759 4464 οὔτε
2789 4406 3088 4464 δαπανᾶται
3138 4409 3199 4465 ἐκ
3247 4415 3348 4466 τοῦ
3407 4409 3668 4482 πλήθους.
3698 4401 3825 4461 Οὕτω

2211 4498 2301 4555 καὶ
2360 4500 2388 4554 ὁ
2447 4499 2579 4561 Θεὸς
2638 4498 2741 4553 ὑπὸ
2798 4499 3014 4554 πάντων
3074 4497 3269 4569 ἆπίσης
3332 4498 3613 4574 μετὲχειαι
3648 4514 3658 4526 ·
3695 4494 3823 4546 τοῦτο

2209 4587 2309 4664 γάρ
2343 4588 2453 4644 ἐστι
2485 4589 2545 4643 τὸ
2573 4588 2784 4649 ἑνικῶς.
2817 4588 2970 4645 Κατὰ
3008 4588 3301 4665 ἀναλογίαν
3356 4586 3414 4645 δὲ
3460 4595 3558 4658 τῆς
3609 4582 3824 4648 πίστεως,

443 4678 581 4734 ﬁdei
623 4683 822 4735 autem
882 4679 1129 4746 ratione,
1180 4685 1237 4735 et
1283 4695 1478 4752 neque
1526 4680 1751 4737 divisus
1802 4680 2101 4737 consumi-

2224 4677 2302 4732 ιαὶ
2332 4674 2455 4733 οὔτε
2488 4676 2847 4754 μεριζόμενος
2879 4675 3201 4735 δαπανᾶται.

446 4771 565 4823 tur.

522 4857 585 4914 Ut
614 4858 772 4930 cujus
812 4873 1000 4913 causa.
1033 4857 1223 4930 Supra
1252 4857 1311 4913 in
1345 4858 1695 4930 praecedenti
1727 4838 1937 4932 capite,
1968 4876 2098 4932 per-

447 4945 593 5001 fecte
627 4945 863 5001 ﬁnalem
908 4962 1147 5003 causam
1195 4946 1566 5017 delinientes,
1598 4949 1941 5006 dicebamus
1971 4966 2102 5007 esse

449 5035 621 5105 cujus
652 5051 837 5090 causa
871 5034 1089 5103 aliquid
1125 5036 1208 5091 fit.

520 5126 595 5180 Et
621 5123 874 5179 omnium
904 5123 1194 5180 terminus.
1230 5125 1505 5182 Termino
1539 5127 1803 5184 omnium
1838 5128 2100 5185 inﬁnitas

447 5222 641 5269 mente
696 5213 1055 5284 opponitur..
1086 5213 1242 5271 Deus
1289 5231 1421 5271 vero
1478 5219 1570 5271 est
1616 5218 1792 5273 etiam
1850 5218 2100 5274 omnium

444 5302 755 5370 terminus;
786 5300 934 5357 nihil
966 5302 1123 5359 enim
1159 5303 1287 5375 ejus
1327 5304 1697 5376 providentia
1727 5311 1784 5362 et
1816 5312 2103 5378 potestate

515 5522 574 5595 (ι)
602 5485 759 5580 l’sal.
791 5539 915 5599 cm,
949 5525 1039 5581 31.

2283 4857 2370 4919 Ὠς
2419 4860 2518 4912 τοῦ
2573 4853 2749 4915 ἕνεκα.
2782 4856 2931 4912 Ἀνω
2956 4854 3010 4911 ἐν
3038 4859 3119 4929 τῷ
3173 4855 3282 4931 πρὸ
3332 4854 3531 4911 τούτου
3584 4843 3825 4931 κεφαλαίῳ

2210 4944 2459 5019 εἷ’πομεν,
2489 4945 2715 5007 τελείως
2745 4944 3021 5020 ὁρίσαντες
3051 4942 3293 5018 τελικὸν,
3328 4942 3503 5000 αἴτιον
3532 4943 3663 4998 εἶναι
3688 4935 3743 4991 τὸ
3777 4930 3825 4985 0'5

2208 5033 2367 5091 ἕνεκα
2392 5035 2452 5091 τὸ
2481 5032 2790 5111 γινόμενον.

2282 5125 2385 5181 Καὶ
2439 5126 2606 5199 πέρας
2661 5121 2901 5180 πάντων.
2938 5127 3030 5195 Τῷ
3085 5122 3278 5199 πέρατι
3336 5118 3555 5181 πάντως
3608 5120 3641 5186 ὴ
3700 5114 3826 5168 ἀπει-

2213 5214 2303 5291 ρία
2388 5213 2802 5269 ἀντεπινοεῖται.
2874 5214 2935 5269 Ὁ
3016 5211 3075 5268 δὲ
3153 5212 3285 5275 Θεὸς
3395 5210 3562 5286 πὲρας
3644 5203 3827 5291 παντων

2211 5290 2368 5360 οὐδὲν
2420 5304 2522 5380 γὰρ
2581 5297 2811 5358 ἐκϐαίνει
2868 5302 2967 5371 τὴν
3030 5302 3198 5357 αὐτοῦ
3251 5303 3519 5376 πρόνοιαν
3568 5296 3653 5351 καὶ
3694 5290 3828 5346 δυνα-

1431 5655 1680 5712 VARUE
1728 5654 2120 5715 LECTIONES
2162 5654 2254 5712 ET
2290 5650 2853 5711 CORREGTIONES.

519 5776 563 5813 ²⁷
594 5775 868 5852 ἀρκτικόν.
947 5780 991 5816 ⁸³
1026 5778 1245 5837 ἑαυτῶν.
