4034 6414
247 421 361 477 333

1017 428 1074 478 8.
1115 428 1386 483 MAXIM!
1422 428 1728 483 SCHOLIA
1766 430 1837 482 IN
1879 429 2012 482 LIB.
2054 431 2150 484 DE
2186 433 2464 487 DIVINIS
2500 434 2919 490 NOMINIBUS.

3576 436 3681 491 334

255 547 443 601 στείαν
478 565 492 581 ο
526 547 617 603 καὶ
675 547 893 625 ἀπειρία
951 545 1029 624 δὲ,
1083 547 1198 605 ἒπεί
1246 551 1384 605 κατὰ
1423 551 1524 620 τήν
1582 549 1726 606 θείαν
1780 557 1913 625 Γρα-

2038 555 2323 626 egreditur
2356 573 2370 613 :
2413 562 2503 613 est
2533 574 2768 630 quoque
2824 557 3106 627 inﬁnitas,
3143 558 3425 631 quoniam
3471 576 3682 617 secun-

255 637 411 713 φήν’
471 635 567 692 Καὶ
617 644 716 709 τῆς
768 639 1032 702 συνέσεως
1088 640 1254 694 αἰ)τοῦ
1300 638 1399 695 οὐκ
1441 632 1582 695 ἔστιν
1636 640 1869 717 ἀριθμός
1898 656 1913 672 ·

250 726 345 780 καὶ
401 723 615 781 πάλιν·
676 728 777 784 Καὶ
830 735 935 799 τῆς
1015 727 1294 805 βασιλείας
1359 729 1528 784 αὐτοῦ
1604 729 1703 784 οὐκ
1772 727 1919 784 ἔσται

253 817 449 890 πέρας.
511 818 601 881 Ὠς
660 815 751 872 οὖν
823 816 1198 895 ἀπερίληπτος
1267 818 1358 873 καὶ
1424 816 1646 896 ἄπειρος
1681 838 1694 850 '
1752 822 1920 874 ταῦτα

254 905 364 982 γὰρ
396 905 747 983 ὑπερεξόχως
805 906 925 984 ἔχει
975 908 1002 963 6
1063 909 1194 970 Θεὸς
1253 909 1341 963 καὶ
1404 909 1580 963 πάντα
1620 903 1921 985 ὑπερϐεϐη-

255 996 371 1059 κὼς
396 997 488 1050 καὶ
536 997 704 1073 πέρας
761 998 963 1060 πάντὸς
1020 998 1254 1074 πέρατος
1312 995 1384 1051 ὥν
1421 1016 1433 1028 ’
1492 996 1568 1061 εἷς
1627 997 1784 1052 αὐτὸν
1817 997 1919 1073 γὰρ

254 1084 324 1141 τὰ
381 1083 557 1140 πάντα
612 1091 997 1164 περατοῦνται,
1076 1087 1166 1143 καὶ
1252 1087 1469 1164 ἀπειρία
1553 1088 1664 1142 ἔστι
1742 1108 1922 1156 πασης

257 1174 535 1252 ἀπειρίαις.
575 1172 676 1233 Κᾶν
728 1178 819 1231 οὗν
876 1176 1096 1252 ἀπειρία
1152 1175 1381 1253 λέγηται
1439 1176 1529 1232 καὶ
1585 1179 1620 1247 ἠ
1680 1173 1811 1248 ὕλη,
1844 1176 1920 1239 ὡς

255 1264 339 1320 ἀεὶ
394 1266 1017 1342 μετασχηματιζομένη,
1075 1267 1166 1321 καὶ
1216 1263 1421 1322 ἄλλοτε
1478 1265 1555 1329 εἷς
1604 1263 1749 1322 ἄλλα
1798 1262 1915 1336 εἷ’δη

251 1350 702 1428 μεταϐάλλουσα,
749 1355 877 1412 ἀλλ’
935 1356 1028 1411 οὗν
1082 1357 1416 1432 πεπέρασται
1467 1354 1519 1411 ἐν
1564 1360 1645 1428 τῷ
1686 1359 1820 1427 Θεῷ,
1871 1355 1919 1409 εί

245 1445 338 1499 καὶ
368 1442 601 1508 ἄστατός
634 1446 744 1501 ἐστι
791 1446 881 1501 καὶ
928 1444 1182 1522 ἀόριστος
1232 1446 1336 1500 ὑπὸ
1392 1449 1526 1501 Θεοῦ
1574 1444 1915 1519 μέταγομένη

250 1533 331 1595 εἷς
366 1531 694 1595 εἷὸοποιίας.
747 1535 850 1591 Καὶ
901 1534 1127 1599 εἰκότως
1184 1536 1211 1589 6
1261 1534 1391 1597 Θεὸς
1447 1534 1615 1607 πέρας
1674 1532 1785 1587 ἐστὶ
1816 1540 1918 1602 τῆς

249 1622 522 1695 τοιαύτης
578 1623 830 1696 ἀπειρίας
892 1624 982 1679 καὶ
1060 1621 1284 1695 ἄπειρος
1356 1628 1474 1686 τοῖς
1559 1620 1751 1699 πέρασι
1807 1626 1917 1677 τῶν

250 1708 452 1784 ὄντων,
486 1712 562 1778 ὠς
591 1712 679 1768 καὶ
722 1714 821 1783 τὴν
872 1709 1012 1784 ὅλην
1070 1711 1121 1784 ἐξ
1165 1712 1268 1769 οὐκ
1316 1714 1482 1768 ὅντων
1531 1712 1865 1788 παραγαγών
1897 1729 1912 1743 ⁶

250 1801 394 1876 φησὶ
438 1803 544 1877 γὰρ
589 1804 625 1872 ἡ
666 1804 851 1878 Γραφή
889 1821 901 1833 ·
965 1804 1049 1876 Ἐξ
1107 1802 1276 1858 αὗτοῦ
1329 1799 1421 1857 καί
1476 1798 1546 1856 δι’
1607 1797 1772 1855 αὐτοῦ
1824 1798 1913 1855 καὶ

246 1889 327 1952 εἰς
362 1891 527 1946 αὑτὸν
558 1892 625 1946 τὰ
653 1894 848 1948 πάντα.

320 1981 415 2037 Ἐν
465 1978 545 2035 ἐνὶ
604 1982 732 2057 γὰρ,
784 1981 857 2043 ὡς
907 1978 1205 2044 πολλάκις.
1256 1980 1578 2038 ’Λντίκειται
1630 1979 1694 2034 τὸ
1749 1979 1914 2054 πέρας

243 2074 320 2143 τῇ
371 2069 600 2145 ἀπειρίᾳ
656 2069 794 2126 κατὰ
867 2069 1137 2148 ἀπόφασιν
1192 2070 1284 2126 καὶ
1340 2069 1659 2149 κατάφασιν,
1719 2068 1792 2131 ὡς
1854 2069 1914 2122 τὸ

241 2159 454 2231 θνητὸν
487 2161 579 2214 καὶ
624 2160 687 2215 τὸ
746 2159 1028 2216 ἆθὸίνατον.
1087 2157 1291 2222 Καλῶς
1338 2156 1395 2214 δὲ
1446 2159 1508 2214 τὸ
1558 2159 1632 2220 ὡς
1689 2158 1916 2215 ἀντικειο

249 2249 439 2323 μένων
478 2268 492 2281 ⁸
554 2247 618 2304 οὔ
665 2249 770 2324 γάρ
809 2249 1009 2326 κυρίως
1056 2253 1223 2305 ταῦτα
1267 2246 1541 2320 ἀλλήλοις
1597 2247 1914 2316 ἀντίκειται,

245 2338 428 2395 οἱονεὶ
472 2339 610 2394 κατὰ
667 2340 767 2407 τήν
826 2335 931 2412 ἕξιν
985 2340 1020 2409 ἢ
1082 2339 1353 2414 στέρησιν,
1402 2336 1530 2394 ἀλλ’
1586 2340 1662 2402 ὡς
1703 2335 1914 2413 εἴρηται

240 2428 392 2484 κατὰ
420 2427 691 2505 ἀπόφασιν
720 2427 811 2484 καὶ
840 2429 1165 2507 κατάφασιν.

322 2518 527 2592 Παρὼν
585 2522 703 2580 τοῖς
783 2523 936 2573 πᾶσι.
1023 2521 1315 2593 Πανταχοῦ
1395 2518 1499 2592 γὰρ
1555 2517 1766 2592 παρὼν,
1825 2515 1916 2571 καὶ

237 2613 366 2670 τοῖς
428 2609 552 2671 καθ’
601 2601 654 2662 ἕν
712 2603 936 2663 ἕκαστον
969 2610 1014 2644 ²⁰
1071 2607 1160 2662 καὶ
1216 2612 1334 2669 τοῖς
1387 2612 1547 2661 πᾶσιν
1584 2606 1727 2678 ὁμοῦ
1778 2606 1916 2680 πάρ-

236 2717 359 2752 εστι
392 2702 489 2752 καῖ
520 2695 753 2770 ὁμοίως.
798 2697 904 2753 Καὶ
961 2697 1129 2758 ἑστὼς
1188 2693 1245 2751 δὶ
1304 2695 1519 2771 λέγεται
1567 2695 1595 2748 ὁ
1644 2694 1797 2762 Θεὸς,
1836 2698 1916 2766 τῷ

232 2785 385 2843 κατὰ
449 2783 622 2861 μηδὲν
677 2784 824 2848 ὅλως
886 2783 937 2841 ἰν
985 2785 1132 2858 αὐτῷ
1182 2778 1494 2858 μεταϐολὴν
1546 2785 1864 2858 θεωρεῖσθαι
1899 2803 1911 2817 ·

235 2874 578 2949 κινούμενος
610 2872 689 2943 δὲ,
711 2879 791 2948 τῷ
823 2875 1070 2953 συνέχειν
1115 2875 1184 2929 τὰ
1236 2871 1366 2929 ὄντα
1411 2872 1500 2927 καὶ
1534 2877 1815 2947 συντηρεῖν
1850 2874 1915 2929 ³ο.

236 2966 336 3023 καὶ
367 2969 546 3021 ταῦτα
577 2962 635 3020 δὲ
685 2964 817 3038 ὑπὲρ
875 2970 1050 3020 πᾶσαν
1102 2962 1338 3019 ἐπίνοιαν
1370 2966 1414 3001 ³1
1460 2982 1473 2996 ο
1529 2960 1614 3018 διὸ
1661 2960 1751 3018 καὶ
1778 2961 1918 3033 ἐπή-

234 3076 384 3133 γαγε
413 3055 481 3111 τὸ
516 3049 641 3110 οὔτε
670 3054 864 3122 ἑστὼς,
898 3052 1024 3109 οὕτε
1053 3052 1401 3126 κινούμενος.

318 3145 429 3203 Καὶ
489 3144 660 3207 ἑστὼς
709 3144 799 3200 καὶ
873 3143 1220 3219 κινούμενος.
1296 3148 1457 3199 Δοκεῖ
1507 3147 1627 3205 πῶς
1686 3138 1919 3196 ἐναντίον

242 3240 393 3294 εἶναι
440 3236 506 3291 τὸ
557 3233 870 3310 εἰρημένον,
917 3234 980 3289 τὸ
1039 3234 1209 3297 ἑστὼς
1265 3235 1355 3289 καὶ
1406 3232 1749 3305 κινούμενος,
1803 3230 1918 3299 καὶ,

2031 643 2170 699 dum
2206 645 2462 702 divinam
2517 647 2873 720 Scripturam
2910 664 2922 702 :
2958 651 3023 703 Et
3069 650 3361 720 sapientiae
3409 648 3531 720 ejus
3575 666 3682 706 non

2029 742 2103 789 est
2132 752 2394 791 numerus
2423 736 2541 809 (m).
2595 738 2663 791 Et
2711 737 2924 807 iterum
2960 753 2973 793 :
3006 739 3071 793 Et
3100 741 3259 807 regni
3287 740 3406 809 eius
3436 756 3547 796 non
3577 740 3683 795 erit

2028 825 2159 895 ﬁnis
2190 827 2291 895 (τι).
2326 826 2474 898 Ergo
2501 831 2778 898 tanquam
2815 826 3432 898 incomprehensibilis
3463 832 3518 883 et
3544 828 3680 883 inﬁ-

2030 913 2226 980 nitus;
2262 913 2383 970 haec
2414 916 2569 970 enim
2602 915 3092 973 excellentissimo
3114 918 3285 972 modo
3308 916 3483 972 habet
3505 918 3679 986 Deus,

2030 1007 2087 1058 et
2142 1003 2336 1059 omnia
2395 1006 2775 1072 transcendit,
2837 1009 3016 1077 atque
3060 1006 3253 1060 omnis
3301 1005 3535 1061 termini
3593 1012 3683 1063 est

2028 1093 2340 1162 terminus,
2374 1093 2434 1149 in
2464 1094 2591 1165 ipso
2623 1094 2774 1150 enim
2809 1095 3006 1150 omnia
3027 1096 3441 1165 terminantur,
3468 1113 3533 1151 ac
3557 1112 3678 1151 om-

2031 1183 2123 1238 nis
2154 1183 2466 1239 inﬁnitatis
2499 1190 2590 1242 est
2620 1183 2900 1239 inﬁnitas.
2923 1185 3043 1239 Etsi
3075 1184 3256 1257 igitur
3278 1185 3522 1241 materia
3543 1203 3685 1257 quo-

2030 1289 2141 1344 que
2176 1273 2403 1328 dicatur
2434 1274 2717 1343 inﬁnitus,
2752 1280 2813 1329 ut
2844 1280 3123 1347 perpetuo
3154 1277 3598 1347 transfigurata,
3630 1280 3687 1331 et

2028 1362 2349 1434 aliquando
2381 1363 2440 1418 in
2491 1362 2637 1418 alias
2688 1363 2909 1418 formas
2956 1368 3205 1432 mutata,
3239 1369 3434 1420 tamen
3469 1365 3527 1420 in
3561 1365 3680 1420 Deo

2025 1452 2401 1520 terminatur,
2435 1453 2547 1508 etsi
2598 1452 2895 1508 instabilis
2939 1457 2997 1508 et
3045 1453 3353 1509 indeﬁnite
3383 1454 3441 1509 in
3486 1455 3684 1509 forma:

2026 1542 2461 1613 susceptionem
2497 1534 2876 1610 traducatur;
2909 1547 2965 1598 et
2997 1543 3202 1598 merito
3235 1543 3391 1599 Deus
3421 1547 3509 1599 est
3546 1542 3683 1599 talis

2024 1630 2335 1686 inﬁnitatis
2377 1632 2688 1701 terminus,
2721 1636 2895 1702 atque
2942 1631 3213 1687 inﬁnitus
3263 1632 3551 1689 terminus
3595 1649 3695 1687 rea

2025 1736 2178 1789 rum,
2230 1721 2382 1792 quod
2436 1719 2610 1776 etiam
2662 1722 2969 1776 materiam
3015 1738 3080 1776 ex
3116 1720 3301 1777 nihilo
3357 1722 3680 1794 producat;

2025 1808 2166 1864 dixit
2198 1809 2354 1864 enim
2406 1809 2709 1882 Scriptura
2745 1827 2758 1866 :
2791 1810 2874 1865 Ex
2918 1811 3036 1882 ipso
3079 1817 3130 1867 et
3175 1826 3271 1882 per
3318 1811 3501 1883 ipsum
3540 1812 3683 1867 etin

1945 1929 1993 1994 B
2025 1901 2141 1964 ipso
2168 1900 2359 1953 omnia
2389 1899 2490 1971 (ο).

2097 1988 2157 2041 1η
2188 2003 2296 2043 uno
2326 1990 2495 2056 enim,
2524 1996 2585 2043 ut
2608 2003 3003 2059 smpenumero.
3048 1988 3211 2044 Finis
3241 1988 3559 2065 opponitur
3589 1988 3682 2043 in-

2024 2076 2243 2131 ﬁnitati
2275 2077 2599 2132 secundum
2633 2077 3004 2150 negationem
3035 2080 3092 2132 et
3118 2068 3594 2144 afﬁrmationem,
3616 2083 3684 2133 ut

2025 2163 2266 2220 mortale
2297 2170 2354 2220 et
2383 2165 2735 2221 immortale.
2788 2170 2967 2221 Porro
3018 2152 3261 2238 pulchre
3291 2164 3460 2235 illud,
3492 2174 3553 2222 ut
3581 2181 3684 2236 op-

2019 2256 2204 2327 posita
2233 2254 2358 2309 Non
2392 2256 2550 2310 enim
2598 2255 2828 2327 proprie
2858 2255 2980 2310 haec
3029 2255 3139 2311 sibi
3172 2260 3554 2328 opponuntur
3585 2271 3684 2310 ve-

2028 2342 2134 2399 luti
2169 2344 2408 2400 habitus
2439 2348 2495 2399 et
2525 2344 2812 2416 privatio;
2854 2345 2984 2413 sed,
3017 2344 3172 2401 sicut
3220 2345 3443 2401 dictum
3477 2349 3588 2412 est,
3622 2352 3686 2400 ut

2027 2434 2258 2506 negatio
2289 2438 2347 2489 et
2372 2434 2706 2490 affirmatio.

2096 2524 2355 2579 Praesens
2380 2523 2659 2579 omnibus.
2693 2522 2840 2579 Nam
2870 2523 3112 2595 ubique,
3142 2522 3358 2596 inquit,
3400 2539 3683 2595 praesens,

2028 2616 2084 2668 et
2115 2610 2366 2683 singulis
2395 2616 2453 2667 e't
2499 2612 2775 2667 omnibus
2821 2611 2999 2667 simul
3034 2612 3253 2685 pariter
3299 2613 3486 2668 adest.
3533 2616 3686 2669 Deus

2027 2706 2221 2757 autem
2255 2705 2420 2755 stans
2451 2700 2689 2766 dicitur,
2723 2701 2861 2773 quia
2892 2701 2948 2755 in
2984 2717 3049 2755 eo
3084 2700 3244 2756 nulla
3277 2718 3519 2774 prorsus
3553 2717 3683 2755 mu-

2026 2790 2170 2847 tatio
2200 2788 2495 2858 cernitur;
2546 2789 2759 2845 moveri
2792 2807 2925 2845 vero
2975 2791 3213 2859 dicitur,
3265 2791 3405 2861 quia
3435 2806 3523 2845 res
3554 2807 3689 2845 con-

2028 2879 2176 2935 tinet
2205 2884 2381 2951 atque
2429 2882 2759 2945 conservat,
2801 2884 2860 2935 et
2909 2879 3028 2934 haec
3076 2879 3312 2950 quidem
3355 2896 3536 2950 supra
3569 2895 3688 2935 om-

2028 2984 2164 3024 nem
2225 2967 2671 3041 cogitationem,
2730 2967 2860 3023 ideo
2914 2968 3205 3040 adjunxit,
3255 2983 3356 3024 nec
3403 2972 3539 3038 stat,
3593 2984 3690 3024 nec

2027 3061 2294 3114 movetur.

2102 3150 2176 3202 Et
2221 3155 2374 3201 stans
2433 3149 2484 3202 et
2535 3162 2590 3201 se
2646 3162 2884 3201 movens.
2947 3145 3192 3201 Videtur
3249 3146 3689 3218 quodammodo

2031 3237 2394 3292 contrarium
2455 3235 2591 3305 dici,
2648 3240 2761 3291 stat
2817 3238 2867 3290 et
2917 3238 3218 3297 movetur;
3274 3253 3379 3292 nec
3432 3240 3539 3291 stat
3593 3250 3694 3292 nec

240 3328 378 3382 οὔτε
437 3325 632 3394 ἑστὼς,
695 3323 818 3379 οὕτε
900 3322 1259 3396 κινούμενος·
1336 3326 1453 3383 πῶς
1514 3321 1618 3396 γὰρ
1671 3321 1733 3373 τὸ
1790 3318 1920 3373 αὐτὸ

2038 3330 2303 3382 movetur.
2337 3325 2639 3389 Quomodo
2670 3323 2824 3379 enim
2859 3325 3061 3379 eadem
3105 3342 3197 3380 res
3245 3328 3301 3380 et
3331 3328 3453 3380 stat
3479 3328 3537 3379 et
3566 3341 3690 3379 mo-

239 3422 485 3492 πρᾶγμα
544 3414 637 3469 καὶ
697 3411 914 3468 ’ἰσταται
972 3411 1061 3467 καὶ
1131 3416 1381 3482 κινεῖται,
1439 3410 1475 3479 ἢ
1531 3406 1654 3464 οὔτε
1708 3406 1920 3478 ἵσταται

242 3506 375 3562 οὔτε
408 3509 650 3559 κινεῖται
684 3523 699 3572 ;
731 3505 949 3579 πρῶτον
1016 3502 1110 3574 μὲν
1167 3499 1228 3556 οὐ
1287 3497 1370 3555 δεῖ
1417 3498 1478 3554 ἐκ
1503 3502 1610 3555 τῶν
1646 3497 1918 3568 αἰσθητῶν

239 3599 540 3651 κατανοεῖν
590 3592 659 3647 τὰ
703 3594 844 3664 θεῖα,
901 3592 935 3664 ἢ
992 3591 1090 3653 τὰς
1143 3587 1356 3653 εἷ’κόνας
1401 3587 1642 3652 ἐντεῦθεν
1696 3582 1919 3660 λαμϐά-

244 3704 395 3739 νεινο
452 3682 556 3738 ’ἱνα
604 3678 663 3736 δὲ
723 3683 800 3754 μὴ
869 3679 1122 3753 δοξαιμεν
1175 3677 1381 3740 λύσεως
1431 3678 1679 3753 ἀπορεῖν,
1737 3697 1920 3730 στασιν

258 3772 482 3846 εἴπομεν
542 3770 598 3826 ἐν
640 3776 763 3833 τοῖς
819 3764 1124 3845 ἔμπροσθεν
1181 3768 1281 3836 τὴν
1334 3767 1563 3841 γένεσιν,
1620 3764 1830 3836 κίνησιν
1866 3762 1924 3820 δὲ

268 3863 364 3929 τᾶν
399 3859 710 3917 ἀλλοίωσιν
761 3860 882 3929 ἣτοι
937 3853 1274 3932 μεταϐολήν.
1333 3858 1514 3911 Ἔστιν
1572 3856 1662 3910 οὗν
1716 3856 1744 3910 6
1793 3854 1921 3917 Θεὸς

264 3953 480 4007 πάντων
535 3948 747 4024 γένεσις
782 3967 794 3983 ⁸
839 3949 918 4004 ἀεὶ
963 3948 1066 4023 γὰρ
1111 3950 1280 4004 ταῦτα
1327 3945 1404 4009 εἴς
1449 3946 1510 4001 τὸ
1565 3947 1699 4000 εἴναι
1747 3945 1922 4020 παρά-

252 4059 372 4117 γει’
442 4040 589 4095 ὥστε
648 4033 872 4105 ἕστηκεν
957 4038 985 4092 6
1062 4036 1236 4100 Θεός’
1323 4040 1552 4091 κινεῖται
1617 4031 1675 4089 δὲ
1731 4032 1924 4100 πάλιν,

254 4129 404 4186 διότι
461 4129 647 4184 πάντα
706 4126 1179 4203 μετασχηματίζει
1236 4125 1326 4182 καὶ
1384 4122 1611 4180 ἀλλοιοῖ
1667 4124 1804 4199 πρὸς
1861 4124 1925 4178 τὸ

249 4225 511 4295 κρεῖττον
548 4238 561 4250 '
626 4214 693 4271 δι’
748 4216 913 4272 αὐτοῦ
971 4215 1075 4291 γὰρ
1124 4212 1396 4276 καλλίους
1461 4212 1726 4288 γίγομεθα
1759 4232 1771 4245 ·
1807 4212 1923 4265 ὅθεν

250 4311 346 4365 καὶ
411 4307 542 4383 περῖ
602 4305 769 4361 αὐτοῦ
827 4305 933 4381 πρὸ
996 4299 1197 4377 μικροῦ
1252 4323 1414 4380 φησιν
1470 4303 1498 4356 6
1551 4307 1695 4366 θεῖος
1745 4298 1931 4355 Διονύ-

253 4421 403 4471 σιος,
437 4398 662 4453 πάντων
696 4395 846 4471 ἁρχὴ
896 4393 990 4449 καὶ
1044 4390 1273 4462 τελευτὴ
1331 4396 1438 4447 τῶν
1485 4388 1654 4446 ὅντων
1692 4410 1704 4422 ·
1737 4390 1799 4445 τὸ
1827 4389 1928 4464 γὰρ

255 4489 386 4545 οὔτε
464 4485 660 4554 ἑστὼς,
748 4484 873 4539 οὕτε
975 4481 1323 4555 κινούμενος,
1414 4481 1478 4537 τὸ
1546 4482 1685 4556 πρὸς
1765 4479 1930 4535 αὐτοῦ

260 4576 552 4650 ἐξηγεῖται
599 4573 663 4628 τὸ
728 4572 902 4645 μένων
999 4570 1078 4649 ἐφ’
1164 4570 1378 4629 ἑαυτοῦ,
1455 4571 1543 4625 καὶ
1612 4567 1701 4624 ἐπὶ
1757 4570 1932 4623 πάντα

261 4666 486 4738 προϊών
525 4682 538 4695 ·

261 4756 419 4819 κείας
474 4752 767 4822 ὁλότητος,
824 4752 915 4807 καὶ
965 4748 1229 4825 ἄτρεπτος
1284 4750 1375 4805 καὶ
1435 4744 1809 4810 ἀναλλοίωτος
1842 4747 1936 4803 αὖ·

1323 4840 1400 4895 Σὺ
1457 4837 1515 4894 δὲ
1566 4840 1594 4894 6
1651 4839 1816 4901 αὐτὸς
1871 4838 1937 4895 εἶ.

1256 4927 1337 5006 ἐφ’
1414 4927 1604 4981 ἑαυτοῦ
1688 4927 1833 5001 μένει
1913 4926 1940 4980 6

264 4845 364 4909 τός
420 4843 537 4900 ἐστι
600 4842 743 4898 κατὰ
796 4844 860 4898 τὸ
917 4839 1208 4919 εἰρημένον
1249 4860 1261 4872 ·

271 4934 489 4991 Οὗκοῦν
561 4930 653 4985 καὶ
738 4929 953 5006 πρόεισι
1058 4928 1150 4983 καὶ

275 5024 433 5085 Θεός.

348 5111 494 5171 Οῧτε
526 5109 580 5165 ἕν
613 5131 721 5165 τινι
750 5112 859 5165 τῶν
906 5105 1102 5165 ὄντων.
1148 5139 1216 5150 -
1265 5106 1381 5166 Οὐκ
1417 5102 1470 5161 ἔν
1520 5127 1630 5161 τινι
1661 5107 1804 5162 εἶπεν
1842 5127 1854 5142 ο
1889 5105 1939 5160 έν

271 5208 407 5258 πᾶσι
435 5202 565 5276 γὰρ,
604 5200 694 5256 καὶ
728 5196 818 5254 διὰ
843 5199 907 5254 τὸ
955 5197 1007 5254 ἐν
1053 5202 1223 5272 πᾶσιν
1264 5194 1495 5273 ἄσχετον
1518 5217 1530 5230 ·
1568 5195 1809 5258 αἶ’ωνίως
1839 5196 1943 5271 γὰρ

272 5291 438 5364 ὄντα,
494 5293 593 5353 τὰς
639 5288 1039 5368 ὑπερκοσμίους
1100 5285 1263 5364 φησῖν
1314 5285 1517 5356 οὐσίας,
1580 5284 1671 5341 διὰ
1717 5287 1779 5341 τὸ
1838 5290 1944 5364 πρὸ

350 5457 457 5531 (m)
483 5455 640 5513 Psal.
673 5471 856 5523 chw,
889 5454 944 5511 5.
1020 5452 1104 5524 (η)
1134 5452 1271 5508 Luc.
1306 5469 1347 5519 ι,
1375 5451 1466 5508 33.

1545 5450 1617 5523 (o)
1650 5450 1817 5511 Rom.
1848 5468 1928 5523 xx,
1960 5452 2050 5509 36.

2027 3420 2217 3481 vetur,
2276 3418 2379 3469 aut
2426 3430 2541 3469 non
2594 3417 2715 3468 stat
2774 3429 2877 3467 nec
2940 3413 3250 3469 movetur?
3296 3413 3443 3469 181
3499 3412 3691 3485 primo

2031 3504 2266 3575 quidem
2314 3520 2427 3557 non
2478 3507 2706 3575 oportet
2753 3502 2949 3558 divina
2997 3520 3065 3557 ex
3113 3503 3432 3558 sensilibus
3481 3500 3689 3557 intelli-

2031 3609 2186 3666 gere,
2220 3597 2324 3648 aut
2372 3591 2679 3663 imagines,
2710 3606 2813 3645 seu
2866 3591 3090 3662 species
3138 3592 3275 3647 inde
3322 3605 3576 3647 sumere.
3608 3588 3692 3645 Ne

2031 3686 2227 3737 autem
2259 3680 2567 3735 videamur
2614 3696 2810 3735 carere
2859 3681 3257 3752 responsione,
3293 3680 3552 3736 diximus
3594 3696 3692 3735 su-

2031 3771 2252 3844 perius,
2301 3774 2528 3825 statum
2572 3786 2703 3826 esse
2751 3770 3213 3841 generationem,
3267 3774 3491 3825 motum
3532 3785 3688 3840 vero,

2032 3860 2439 3918 alterationem
2497 3875 2599 3914 seu
2656 3859 3066 3915 mutationem.
3127 3859 3329 3931 Itaque
3388 3859 3544 3914 Deus
3600 3862 3692 3915 est

2032 3949 2298 4006 omnium
2343 3948 2682 4021 generatio;
2736 3948 2855 4002 haec
2904 3948 3060 4003 enim
3113 3964 3345 4019 semper
3396 3948 3691 4019 producit,

2033 4039 2236 4110 sicque
2268 4042 2386 4092 stat
2414 4037 2590 4093 Deus.
2644 4036 2856 4093 Contra
2898 4053 3033 4093 vero
3086 4042 3372 4109 movetur,
3406 4037 3544 4108 quia
3574 4053 3693 4091 om-

2034 4130 2131 4185 nia
2180 4127 2565 4183 transformat
2612 4131 2669 4182 et
2718 4130 2910 4181 mutat
2957 4127 3018 4182 in
3070 4126 3302 4194 melius,
3356 4143 3459 4199 per
3500 4126 3692 4199 ipsum

2036 4217 2190 4274 enim
2227 4215 2591 4287 pulchriores
2635 4215 2851 4284 ﬁmus;
2902 4216 3150 4288 ideoque
3183 4215 3357 4288 paulo
3391 4221 3526 4271 ante
3557 4214 3699 4270 dicit

2038 4307 2109 4362 de
2160 4321 2226 4360 eo
2276 4303 2509 4358 divinus
2559 4302 2895 4374 Dionysius,
2947 4305 3199 4360 omnium
3247 4320 3438 4359 rerum
3484 4303 3696 4374 princi-

2034 4395 2191 4468 pium
2219 4397 2270 4449 et
2311 4393 2460 4463 ﬁnis.
2515 4391 2660 4447 lllud
2694 4393 2873 4459 enim,
2924 4408 3100 4464 neque
3145 4396 3272 4463 stat,
3312 4408 3487 4463 neque
3514 4407 3702 4447 move—

2041 4489 2151 4549 tur,
2200 4482 2257 4538 id
2310 4482 2467 4553 quod
2519 4480 2712 4553 ipsum
2768 4482 3065 4552 praecedit,
3116 4483 3372 4553 exponit,
3414 4483 3474 4535 in
3504 4497 3559 4537 se
3587 4496 3703 4534 ma-

2040 4590 2175 4629 nens
2212 4580 2262 4629 et
2294 4571 2364 4628 ad
2414 4573 2603 4626 omnia
2649 4570 3056 4641 progrediens;
3103 4570 3502 4626 communicat
3545 4568 3699 4623 enim

606 4659 936 4735 μεταδίδωσι
992 4661 1094 4736 γὰρ
1153 4665 1285 4715 πᾶσι
1342 4664 1460 4724 τοῖς
1517 4656 1636 4717 οὗσι
1691 4665 1792 4728 τῆς
1847 4659 1920 4714 οἱ·

2044 4661 2322 4717 omnibus
2355 4660 2529 4714 rebus
2559 4657 2960 4729 integritatem
2994 4659 3313 4729 propriam,
3348 4662 3405 4712 et
3437 4656 3562 4727 ipse
3593 4673 3698 4711 nc—

2049 4767 2164 4825 que
2190 4754 2472 4815 mutatur,
2507 4763 2699 4820 neque
2745 4747 3048 4813 alterutur,
3073 4748 3244 4817 juxta
3286 4746 3652 4820 Scripturam
3689 4761 3702 4800 :

2050 4842 2124 4896 Tu
2149 4847 2330 4895 autem
2361 4837 2509 4892 idem
2539 4837 2654 4908 ipse
2680 4852 2734 4892 es
2766 4837 2863 4909 (p).
2898 4837 3047 4907 Ergo
3070 4836 3223 4892 Deus
3250 4840 3307 4892 et
3337 4834 3709 4909 progreditur

2051 4934 2109 4988 et
2138 4931 2198 4985 in
2233 4930 2427 5000 seipso
2459 4930 2675 4982 manet.

2125 5113 2233 5165 Nec
2262 5110 2342 5162 est
2372 5105 2432 5161 in
2464 5106 2652 5177 aliquo
2667 5121 2860 5162 eorum
2877 5120 3003 5177 quae
3031 5109 3179 5161 sunt.
3208 5136 3274 5145 —-
3300 5105 3413 5160 Non
3436 5111 3513 5160 est
3535 5105 3592 5159 in
3612 5103 3717 5158 ali-

2054 5212 2179 5270 quo,
2215 5195 2400 5265 dixit;
2434 5211 2571 5249 nam
2601 5194 2658 5249 in
2685 5194 2962 5249 omnibus
2993 5200 3100 5266 est,
3125 5200 3180 5250 et
3205 5194 3261 5250 in
3285 5193 3444 5250 nullo
3470 5191 3715 5250 detineri

2056 5290 2286 5359 potest;
2320 5299 2446 5356 qua:
2475 5288 2624 5340 enim
2653 5287 2781 5340 sunt
2810 5289 3047 5353 ιἳῖιιννηα,
3079 5285 3599 5357 supermundanas
3630 5282 3718 5337 in-

2127 5450 2204 5524 (p)
2238 5446 2386 5505 Psal.
2416 5464 2490 5517 c1,
2521 5446 2611 5503 28.

1308 5640 1551 5697 VARI/E1
1589 5639 1982 5700 LECTIONES
2022 5643 2123 5715 ET,
2152 5636 2715 5700 CORRECTIONES.

367 5784 416 5821 '9
447 5779 582 5863 φησὶ
612 5780 800 5857 παρὼν
831 5780 950 5846 καθ’
976 5773 1223 5836 ἕκαστον.
1301 5778 1347 5816 ⁸ο
1377 5782 1712 5858 συγκρατεῖν.
1814 5783 1859 5820 ⁸1
1891 5776 2124 5841 ἔννοιαν.
