4034 6428
437 477 544 531 333
1262 470 1629 524 APPENDIX
1668 469 1766 523 AD
1803 465 2045 521 OPERA
2080 466 2141 519 Β.
2181 464 2501 521 DIONYSII
2537 469 3040 525 AREOPAGITE.
3726 478 3813 534 336

434 606 647 679 telligit
675 602 991 667 essentias,
1025 602 1167 675 quia
1197 601 1309 657 illis
1359 601 1600 657 fuerunt
1648 601 1783 655 ante
1814 601 2027 669 tempox

2219 595 2311 684 τῆς
2333 598 2428 650 τοῦ
2460 598 2669 674 χρόνου
2716 601 2927 675 φύσεως
2967 598 3212 673 γενέσθαι
3258 598 3418 665 αὐτάς
3447 620 3460 635 ·
3506 598 3691 679 χρόνος
3725 607 3812 684 γὰρ

433 702 749 763 naturam;
799 709 936 749 nam
966 696 1203 763 tempus
1254 708 1288 746 a
1337 688 1631 746 creatione
1677 686 1805 744 coeli
1847 689 1905 742 et
1933 689 2026 741 ter

2209 681 2316 738 ἀπὸ
2346 691 2446 755 τῆς
2474 690 2572 741 τοῦ
2595 687 2826 763 ούρανοῦ
2852 686 2943 742 καὶ
2973 693 3079 765 γῆς
3110 689 3386 759 ποιήσεως
3420 686 3728 766 ἀριθμεῖται.

438 788 807 841 numeratur.

505 875 571 928 Et
601 873 671 928 ab
700 875 771 929 iis
804 886 926 945 quae
955 874 1081 927 sunt
1120 871 1183 925 in
1214 878 1472 941 tempore.
1525 867 1761 923 Dictum
1794 864 1972 921 etiam
2006 880 2098 919 su-

2278 863 2350 919 "H
2377 869 2485 919 τῶν
2538 870 2834 941 χρονικῶς.
2877 862 3105 941 Εἴρηται
3162 865 3250 921 καὶ
3282 869 3328 904 ⁸²
3382 865 3647 943 ἀνωτίρω,
3702 871 3817 926 αἰώ-

434 964 659 1036 perius,
694 967 977 1018 aeternum
1025 959 1253 1031 proprie
1301 958 1440 1025 dici,
1475 975 1590 1013 non
1638 957 1831 1029 ipsam
1866 958 2027 1009 interr

2228 971 2321 1005 ἰον
2355 951 2606 1029 λέγεσθαι
2650 954 2851 1030 κυρίως
2903 953 3007 1009 οὐκ
3056 955 3218 1009 αὐτὸν
3260 955 3351 1010 τὸν
3401 956 3587 1025 αἰῶνα,
3619 955 3751 1015 ἀλλὰ
3771 962 3821 1016 τὸ

432 1052 747 1119 tatem,sed
775 1049 927 1122 quod
952 1047 1338 1103 aeternitatem
1365 1045 1693 1118 participat.
1713 1043 1860 1100 Illud
1881 1045 2025 1097 aute]

2225 1040 2408 1105 ιίῶνος
2441 1044 2694 1120 μετέχον.
2735 1045 2813 1102 Τὸ
2858 1043 2916 1099 δὲ
2963 1046 3229 1118 προσήκει
3277 1066 3330 1100 τι
3379 1044 3568 1115 νόησον
3606 1049 3713 1102 κατ’
3740 1050 3818 1104 οὖ-

436 1139 660 1213 aliquid
717 1139 987 1207 convenit,
1049 1136 1313 1208 intellige
1376 1136 1698 1191 secundum
1757 1131 2029 1189 essential

2224 1153 2347 1188 nav.
2383 1135 2701 1208 Σημείωσαι
2733 1132 2808 1206 δὲ,
2842 1136 2926 1191 ὅτι
2975 1134 3081 1190 εἰσί
3118 1156 3240 1191 τινα
3293 1139 3401 1191 τῶν
3441 1131 3604 1191 ὄντων
3635 1136 3817 1212 αἰώνια,

438 1234 588 1285 Nota
619 1244 775 1295 vero,
808 1227 1094 1300 quasdam
1129 1214 1222 1281 res
1251 1242 1381 1281 esse
1412 1229 1685 1289 aeternas,
1739 1227 1806 1278 ut
1837 1220 2031 1292 nngelc

2228 1223 2321 1278 ›ἷον
2354 1222 2579 1301 ἄγγελοι
2614 1247 2627 1259 ·
2659 1226 2751 1281 καὶ
2782 1226 2865 1281 ὅτι
2918 1226 2981 1280 ού
3025 1227 3088 1281 τὸ
3137 1225 3379 1296 αἰώνιον,
3430 1223 3538 1298 ἤδη
3564 1225 3650 1282 καί
3678 1228 3821 1304 ἄναρ-

432 1324 491 1376 et
522 1335 639 1374 non
672 1316 942 1389 protinus
997 1331 1129 1371 esse
1179 1313 1454 1387 principii
1503 1329 1708 1386 expers
1740 1311 1896 1383 quod
1931 1315 2025 1366 uate

2226 1333 2332 1387 (ον.
2366 1314 2452 1371 Ἐν
2487 1312 2544 1369 δὲ
2572 1319 2651 1387 τῷ
2705 1314 2893 1392 ἐφεξῆς
2940 1312 3221 1393 κεφαλαίῳ
3279 1314 3437 1380 εὐθὺς
3479 1314 3530 1370 ιν
3583 1317 3819 1392 ἀρχῇ,τῇ

431 1424 575 1465 num
608 1410 734 1474 est;
766 1405 827 1461 in
863 1402 1136 1477 sequenti
1166 1408 1361 1459 autem
1395 1402 1586 1476 capite
1617 1400 1817 1458 statim
1850 1399 1910 1455 in
1944 1397 2024 1471 pri

1988 1397 2098 1453 rin-
2204 1405 2301 1456 τοῦ
2326 1400 2550 1458 αἰωνίου
2581 1406 2735 1482 φωνῇ
2765 1402 2855 1458 καὶ
2889 1402 2977 1458 ἐπὶ
3006 1407 3104 1458 τοῦ
3136 1407 3270 1459 Θεοῦ
3298 1404 3581 1481 κέχρηται.

435 1496 587 1571 cipio
617 1495 795 1553 etiam
823 1495 883 1550 in
914 1494 1032 1550 Deo
1065 1494 1251 1548 utitur
1280 1492 1539 1548 dictione
1567 1491 1789 1548 interni.

504 1587 569 1642 Et
600 1600 868 1642 mensurae
898 1599 1108 1639 rerum.
1142 1583 1430 1638 Mensurae
1476 1596 1674 1636 rerum
1705 1582 1844 1635 sunt
1874 1575 2097 1633 aeterni-

2276 1581 2376 1635 Καὶ
2402 1582 2469 1636 τὰ
2495 1585 2604 1637 τῶν
2653 1580 2823 1637 ὄντων
2878 1583 3066 1656 μὲτρα.
3120 1582 3302 1659 Μὲτρα
3356 1586 3463 1638 τῶν
3508 1577 3670 1638 ὄντων
3706 1582 3815 1638 εἰσὶν

428 1679 581 1732 tates
610 1672 1100 1747 intelligibilium,
1132 1677 1190 1728 et
1218 1675 1457 1744 tempus
1488 1668 1800 1727 sensilium
1835 1685 1848 1736 ;
1881 1665 2021 1722 intel

2224 1670 2258 1722 ἡ
2290 1668 2483 1732 αἰῶνες
2513 1674 2620 1725 τῶν
2652 1674 2889 1742 νοητῶν,
2938 1671 3029 1726 καὶ
3081 1672 3109 1726 6
3154 1670 3358 1747 χρόνος
3398 1674 3503 1726 τῶν
3536 1669 3779 1742 αἰσθητῶν
3807 1690 3817 1705 ·

430 1764 631 1836 gibilia
652 1764 809 1819 enim
829 1762 985 1818 velut
1002 1778 1281 1818 mensura
1301 1760 1624 1817 aeternitate
1650 1759 2023 1814 mensuranti

2224 1760 2269 1813 τὰ
2296 1760 2396 1835 γὰρ
2428 1761 2620 1831 νοητὰ,
2654 1761 2729 1824 ὡς
2785 1761 2886 1816 ὑπὸ
2942 1761 3143 1838 μέτρου
3205 1765 3481 1835 μετρεῖται
3508 1765 3602 1816 τοῦ
3628 1761 3817 1829 αἰῶνος,

432 1854 542 1909 etsi
602 1853 808 1908 eodem
867 1852 1104 1907 nomine
1162 1867 1289 1922 quae
1349 1852 1776 1905 mensurantur
1832 1851 1889 1902 et
1937 1862 2025 1917 qui

2225 1847 2249 1902 ,i
2279 1850 2366 1903 καὶ
2402 1848 2713 1922 ὁτίωνύμως
2738 1854 2816 1922 τῷ
2859 1853 3147 1926 μετροῦντι
3195 1849 3354 1904 αἰῶνι
3401 1848 3490 1904 καὶ
3532 1850 3599 1904 τὰ
3623 1849 3818 1925 μετρού-

434 1945 740 1998 mensurat
790 1940 1119 2010 afﬁciatur;
1173 1937 1366 2011 angeli
1395 1937 1553 1994 enim
1601 1940 1885 1992 vocantur
1913 1935 2027 1990 etia

2222 1959 2342 2037 ιενα
2373 1938 2621 2015 λέγονται
2656 1959 2670 1974 ο
2705 1939 2900 2001 αἰῶνες
2946 1939 3047 2015 γὰρ
3103 1937 3362 2014 λέγονται
3390 1936 3481 1993 καί
3503 1939 3553 1993 οἱ
3583 1936 3778 2015 ἄγγελοι
3806 1980 3815 1993 .

434 2033 793 2089 seternitates
825 2048 839 2087 :
874 2033 955 2085 ita
985 2035 1043 2086 et
1071 2045 1207 2085 cum
1240 2027 1583 2096 sensilibus,
1608 2042 1737 2098 quae
1761 2026 1919 2080 enim
1950 2027 2027 2079 ter

2227 2025 2348 2081 ιῧτω
2378 2027 2467 2083 καὶ
2495 2028 2584 2083 ἐπὶ
2614 2031 2721 2083 τῶν
2774 2028 3047 2099 αἰσθητῶν
3083 2047 3097 2060 ⁸
3145 2028 3212 2084 τὰ
3251 2028 3356 2105 γὰρ
3415 2028 3733 2104 μετρούμενα
3756 2033 3820 2099 τῷ

437 2137 578 2193 pore
636 2123 1058 2177 mensurantur
1106 2119 1311 2174 eodem
1360 2132 1495 2172 cum
1546 2120 1811 2187 tempore
1856 2114 2030 2169 nomii

2225 2116 2392 2190 [ρόνῳ
2423 2116 2741 2191 ὁμωνύμως
2790 2118 2986 2194 χρόνοι
3035 2115 3316 2194 λέγονται,
3350 2118 3425 2180 ὥς
3457 2118 3543 2172 καὶ
3576 2119 3609 2188 ἠ
3639 2117 3818 2187 κίνησις

438 2210 851 2282 appellantur;
886 2212 953 2264 ut
984 2212 1177 2263 motus
1208 2210 1502 2262 astrorum
1534 2210 1592 2260 et
1622 2204 1784 2274 solis,
1809 2209 1864 2259 et
1892 2208 2026 2259 astat

2224 2210 2308 2260 :er
2329 2204 2562 2284 ἄστρων,
2601 2206 2693 2262 καὶ
2731 2210 2829 2262 τοῦ
2859 2205 3050 2278 ἡλίου,
3080 2206 3170 2262 καὶ
3204 2208 3255 2262 οἱ
3292 2206 3408 2282 βίοι
3441 2226 3455 2240 ·
3495 2205 3817 2283 μετρούμενοι

436 2299 598 2369 vitae;
620 2304 884 2373 tempore
909 2297 1067 2354 enim
1101 2299 1474 2363 mensuratas,
1508 2298 1771 2366 tempora
1793 2293 2029 2347 dicuntu

1650 2310 1771 2366 pora
1793 2293 2090 2347 dicuntur.
2201 2295 2306 2372 γὰρ
2338 2296 2443 2351 ὑπὸ
2473 2295 2700 2372 χρόνου,
2734 2296 2929 2373 χρόνοι
2964 2293 3243 2372 λέγονται.

1065 2431 1140 2487 ΙΝ
1179 2430 1329 2487 CAP.
1369 2430 1465 2487 VI.

2708 2432 2825 2487 ΕΙΣ
2866 2433 2960 2489 ΤΟ
2991 2432 3256 2488 ΚΕΦΑΛ.
3289 2431 3362 2495 ς’.

507 2553 606 2619 §I.
659 2551 743 2605 Ea:
787 2549 1187 2605 conservatrice
1232 2564 1421 2604 causa.
1481 2545 1715 2604 Vocavit
1763 2544 2089 2618 συνοχικήν,

2271 2551 2381 2617 §I.
2445 2546 2539 2603 Καὶ
2592 2552 2894 2621 συνοχικῆς
2950 2544 3151 2609 αἰτίας.
3186 2546 3502 2624 Συνοχικήν
3556 2544 3817 2618 ὠνόμασεν,

436 2638 578 2711 quia
609 2654 725 2694 non
756 2642 991 2693 tantum
1024 2654 1229 2693 eorum
1280 2653 1413 2709 quae
1459 2640 1621 2706 sunt,
1653 2635 1837 2690 vitam
1872 2635 2029 2707 prodi

2218 2634 2276 2697 bc
2302 2635 2400 2704 τὴν
2427 2636 2570 2704 ζωὴν
2603 2639 2711 2689 τῶν
2742 2634 2796 2690 ἐν
2830 2640 2948 2699 τοῖς
3000 2636 3153 2691 οὖσιν
3198 2634 3261 2690 ού
3297 2635 3473 2708 μόνον
3505 2632 3568 2706 δη
3580 2634 3811 2708 μιουργή-

432 2729 540 2794 xit,
575 2728 677 2784 sed
709 2728 885 2783 etiam
919 2730 985 2781 ut
1012 2730 1378 2798 perseverent
1407 2729 1734 2782 conservat.

2200 2743 2387 2793 σασαν,
2420 2722 2568 2779 ἀλλὰ
2599 2724 2690 2778 καὶ
2723 2723 2799 2786 εἷς
2826 2724 2890 2779 τὸ
2922 2721 3196 2796 διαμένειν
3231 2722 3597 2801 συνεχουσαν.

500 2819 584 2872 Ea:
616 2819 738 2888 ipsa
768 2815 938 2871 etiam
966 2814 1191 2871 animae.
1245 2814 1379 2869 Post
1411 2811 1754 2885 angelorum
1784 2812 1963 2867 vitam
1995 2827 2090 2865 or-

2270 2814 2354 2885 Ἐξ
2387 2812 2555 2883 αὐτῆς
2594 2812 2685 2868 καὶ
2737 2814 2793 2868 αῖ,
2851 2812 3045 2888 ψυχαί.
3107 2812 3259 2869 Μετά
3309 2814 3420 2883 τὴν
3476 2816 3582 2867 τῶν
3611 2809 3813 2889 ἀγγέλων

425 2907 564 2961 dine
598 2905 759 2976 ponit
789 2904 1123 2960 animarum
1173 2903 1327 2959 182
1380 2907 1739 2970 nostrarum,
1771 2905 1975 2971 utpote
2003 2918 2018 2955 ι

2215 2903 2367 2971 ζωὴν.
2419 2901 2738 2964 ἀκολούθως
2780 2903 2961 2957 τάττει
3007 2902 3108 2971 τὴν
3156 2899 3267 2957 τῶν
3322 2902 3602 2976 ἡμετέρων
3632 2903 3808 2975 ψυχῶν,

423 2994 583 3051 tione
614 2993 989 3067 praditarum
1008 2991 1511 3048 immortalitatem
1540 3009 1554 3049 :
1590 2996 1652 3046 at
1680 2995 1816 3062 post
1838 2989 2016 3045 ration

2213 2992 2287 3046 ἱὶτε
2315 2990 2405 3045 καὶ
2438 2988 2679 3066 λογικῶν
2731 2991 2908 3046 οὐσῶν
2954 2989 3245 3054 ἀθανασίαν
3281 3009 3294 3023 ο
3351 2992 3487 3065 μετᾶ
3533 2988 3590 3046 δὲ
3633 2991 3717 3052 τὰς
3735 2987 3806 3042 λος

424 3083 510 3140 les
555 3085 806 3153 animas,
856 3082 1100 3137 adducit
1148 3081 1426 3153 deinceps
1474 3081 1654 3135 vitam
1705 3095 1909 3134 eorum
1956 3095 2017 3150 qi

2215 3081 2347 3151 τικάς
2391 3081 2594 3156 ψυχὰς,
2647 3079 2833 3157 ἐπάγει
2878 3079 3073 3136 λοιπὸν
3112 3081 3213 3149 τὴν
3262 3082 3422 3153 ζωὴν
3470 3087 3568 3153 τῆς
3611 3080 3808 3149 αἰσθητι-

427 3173 714 3228 sensitive
758 3171 958 3227 anima
1008 3174 1065 3225 et
1109 3169 1414 3237 nutritiva,
1468 3183 1568 3225 seu
1619 3167 1942 3241 vegetativa
1980 3184 2020 3223 ει

2221 3173 2295 3235 ,ἧς
2325 3173 2535 3245 ψυχῆς,
2582 3169 2674 3225 καὶ
2730 3176 2830 3239 τῆς
2880 3174 3204 3245 θρεπικῆς,
3260 3167 3401 3240 ἤτοι
3452 3177 3690 3249 φυτικῆς,
3715 3166 3814 3236 ἤτοι

424 3263 733 3317 brutorum
765 3265 823 3317 et
852 3260 1187 3332 plantarum
1209 3263 1503 3324 constant,
1538 3274 1684 3329 quas
1716 3256 1796 3312 ait
1824 3261 2017 3313 extren

2215 3263 2298 3313 τῶν
2326 3258 2573 3334 ἀλόγων,
2619 3257 2711 3312 καὶ
2760 3262 2867 3312 τῶν
2911 3262 3123 3336 φυτῶν,
3181 3258 3243 3322 ἃς
3303 3260 3397 3315 καὶ
3453 3261 3571 3315 κατ’
3618 3255 3808 3335 ἔσχατον

421 3350 669 3422 vestigio
703 3350 876 3422 (quod
929 3365 1081 3420 saepe
1129 3352 1302 3403 antea
1346 3347 1750 3419 exposuimus)
1796 3346 1917 3402 vita
1951 3348 2014 3402 frl

2216 3347 2478 3424 ἰπήχημά
2525 3368 2710 3426 φησιν,
2761 3345 2894 3421 ὅπερ
2945 3345 3053 3404 ἄνω
3101 3346 3381 3413 πολλάκις
3407 3348 3809 3427 ἠρμηνεύσαμεν.

424 3441 599 3496 Porro
628 3439 757 3495 vitae
781 3440 1089 3493 brutorum
1113 3442 1170 3493 et
1190 3436 1523 3509 plantarum
1555 3453 1666 3492 non
1691 3440 1831 3491 sunt
1850 3435 2017 3492 divini

2221 3438 2260 3492 tl.
2292 3434 2349 3492 δὲ
2382 3436 2516 3506 ζωαὶ
2544 3441 2653 3491 τῶν
2687 3434 2903 3513 ἀλόγων
2935 3437 3025 3491 καὶ
3076 3440 3184 3492 τῶν
3217 3442 3404 3512 φυτῶν
3436 3438 3534 3493 οὐκ
3562 3436 3655 3494 εἰσὶ
3681 3439 3814 3499 θεῖαι,

422 3529 524 3584 sed
554 3527 712 3600 ignis
744 3526 1066 3582 materialis
1097 3542 1163 3581 ac
1194 3526 1470 3597 spiritus;
1502 3525 1574 3580 de
1606 3525 1699 3580 bis
1728 3524 1911 3596 igitur
1941 3525 2015 3580 sol

2219 3524 2338 3582 ιλλά
2364 3529 2462 3580 τοῦ
2493 3523 2688 3580 ἐνύλου
2736 3525 2908 3597 πυρός
2953 3545 3013 3579 τε
3058 3524 3149 3580 καὶ
3202 3526 3534 3600 πνεύματος.
3568 3524 3687 3601 Περὶ
3709 3521 3812 3578 τού-

420 3616 725 3681 extremis,
757 3616 912 3673 sicut
943 3614 1168 3670 dictum
1201 3618 1313 3684 est,
1355 3614 1516 3681 vitis,
1550 3613 1766 3684 inquit,
1801 3613 1942 3668 illud
1981 3616 2013 3668 ll

2224 3634 2297 3668 ων
2326 3610 2417 3668 οὖν
2455 3614 2635 3687 μόνων
2670 3617 2778 3668 τῶν
2821 3611 3091 3689 ἐσχάτων,
3138 3615 3214 3676 ὡς
3254 3613 3497 3692 εἴρηται,
3535 3619 3679 3684 ζωῶν
3706 3630 3813 3690 φησι

419 3706 572 3761 vidis
620 3704 1073 3776 intelligendum
1107 3708 1198 3759 est
1227 3719 1241 3758 :
1275 3703 1508 3775 Auferes
1552 3702 1814 3773 spiritum
1845 3706 2003 3757 tuum

2223 3702 2250 3757 ό
2307 3707 2405 3756 τοῦ
2464 3699 2629 3757 Δαδὶδ
2710 3699 3000 3777 ε’ίρῆσθαι’
3082 3704 3426 3767 Ἀντανελεῖς
3510 3704 3571 3760 τὸ
3634 3697 3814 3771 πνεῦμά

421 3794 693 3863 deﬁcient,
725 3803 781 3850 et
808 3793 871 3848 in
910 3793 1194 3865 pulverem
1243 3808 1409 3847 suum
1456 3794 1817 3846 revertentur.
1852 3791 2014 3845 Emiu

2215 3812 2290 3845 που
2322 3794 2390 3858 ³³,
2449 3792 2540 3846 καὶ
2590 3789 2930 3866 ἐκλείψουσι,
3010 3792 3102 3847 καὶ
3182 3791 3263 3856 εἷς
3319 3796 3415 3849 τὸν
3480 3797 3611 3869 χοῦν
3662 3788 3808 3845 αὐτῶν

417 3882 679 3954 spiritum
723 3887 884 3938 tuum
930 3890 982 3937 et
1033 3881 1386 3951 creabantur,
1440 3888 1492 3935 et
1540 3879 1833 3935 renovabis
1878 3877 2010 3949 facit

2223 3882 2633 3956 πιπρέψουσιν.
2714 3882 3131 3953 Ἐξαποστελεῖς
3236 3885 3305 3940 τὸ
3417 3883 3627 3957 πνεῦμά
3717 3899 3812 3947 σου,

421 3980 585 4029 terrae
617 3971 713 4043 (q).
746 3972 828 4028 De
856 3969 981 4027 sola
1018 3972 1176 4027 enim
1208 3968 1411 4024 anima
1454 3967 1736 4023 sensitiva
1765 3971 1822 4021 et
1851 3967 1968 4021 vita
1994 3983 2014 4021 ι

2215 3971 2281 4026 Lai
2337 3973 2742 4042 κτισθήσονται,
2825 3971 2916 4026 καὶ
2996 3972 3329 4037 ἀνααινιεῖς
3409 3974 3474 4029 τὸ
3551 3971 3808 4048 πρόσωπον

420 4061 676 4134 getativa
704 4060 939 4115 divinus
971 4058 1287 4130 Dionysius
1319 4056 1443 4112 haec
1493 4055 1691 4111 divina
1722 4055 1894 4110 effata
1923 4071 2013 4110 acc

2222 4067 2290 4130 ἧς
2321 4067 2424 4135 γῆς
2459 4079 2470 4092 ’
2502 4058 2590 4115 ἐπὶ
2635 4061 2737 4135 γὰρ
2787 4059 3112 4130 αἰσθητικῆς
3160 4062 3337 4135 μόνης
3386 4066 3572 4137 ψυχῆς
3615 4058 3811 4124 καὶτῆς

420 4151 525 4222 pit.
557 4149 705 4205 Nam
737 4150 808 4205 de
836 4150 954 4204 vita
973 4146 1435 4218 intelligibilium
1462 4148 1563 4200 aut
1592 4148 1817 4211 nostra,
1840 4145 2013 4199 minin

2217 4157 2416 4219 mrixﬁq
2456 4155 2601 4220 ζωῆς
2644 4152 2810 4205 ταῦτα
2855 4146 3073 4225 δέχεται
3125 4151 3195 4205 τά
3252 4152 3376 4207 θεῖα
3425 4151 3588 4227 λόγια
3617 4150 3644 4205 6
3675 4148 3810 4222 μέγας

416 4239 541 4294 haec
594 4236 915 4308 intelligit;
966 4236 1262 4307 siquidem
1312 4250 1449 4289 cum
1493 4233 1647 4289 Deus
1700 4233 1876 4289 vitam
1926 4233 2009 4289 ha

2221 4239 2468 4301 ,ιονύσιος
2500 4256 2515 4271 ’
2555 4237 2679 4314 περὶ
2729 4241 2834 4314 γὰρ
2878 4245 2980 4308 τῆς
3022 4243 3131 4294 τῶν
3192 4246 3410 4311 νοητῶν
3462 4243 3603 4310 ζωῆς
3657 4234 3689 4308 ἤ
3735 4240 3814 4303 τῆς

415 4325 811 4383 essentialiter
849 4323 1245 4381 immortalem
1297 4321 1525 4390 crearit,
1560 4338 1751 4393 neque
1797 4322 2008 4396 intellig

2224 4328 2304 4382 αθ⁸
2328 4327 2479 4400 ἡμᾶς
2508 4326 2570 4381 οὐ
2618 4330 2734 4381 νοεῖ
2774 4330 2943 4381 ταῦτα
2975 4346 2988 4360 ·
3030 4327 3131 4395 τὴν
3180 4327 3286 4402 γὰρ
3343 4330 3490 4397 ζωὴν
3521 4325 3711 4395 ταύτην
3738 4319 3814 4376 ού-

414 4416 655 4487 bilibus,
691 4432 882 4486 neque
929 4414 1147 4469 animis
1195 4413 1416 4468 nostris
1456 4427 1660 4467 eorum
1715 4413 1940 4468 auferet
1969 4431 2003 4469 a

2227 4414 2402 4478 ιωδῶς
2459 4413 2881 4491 δημιουργήσας
2947 4414 3026 4478 εἰς
3086 4416 3376 4471 ἀθανασίαν
3440 4418 3469 4472 6
3528 4413 3671 4486 Θεθς,
3722 4413 3814 4469 τοῖς

414 4506 652 4577 quando
684 4503 1192 4575 vitam,quoniam
1224 4517 1414 4573 neque
1445 4500 1714 4557 essentias
1738 4508 1938 4568 erunt;
1973 4521 2007 4559 si

2219 4510 2408 4576 οητοῖς
2438 4504 2529 4559 καὶ
2557 4509 2676 4566 ταῖς
2718 4506 2926 4579 ψυχαῖς
2968 4505 3132 4576 ⁴ἡμῶν
3182 4503 3285 4559 οὐκ
3332 4503 3395 4560 ἂν
3437 4503 3630 4583 ἀφέλοι
3665 4500 3812 4557 αὐτῶν

415 4597 487 4650 de
519 4593 921 4649 animantibus
952 4592 1330 4648 terrestribus
1363 4590 1652 4647 renovatis
1675 4590 1938 4662 loquitur
1968 4593 2008 4649 D

2220 4595 2245 4649 6
2289 4598 2382 4669 ζῇν
2419 4612 2432 4626 ·
2495 4592 2613 4649 ἐπεὶ
2662 4589 2789 4647 οὐδὲ
2837 4593 3020 4647 οὐσίαι
3073 4588 3314 4663 ἔσονται,
3370 4591 3521 4649 ἀλλὰ
3574 4591 3661 4647 καὶ
3713 4584 3813 4653 περὶ

413 4682 532 4751 vid,
568 4700 683 4739 non
714 4698 850 4739 vero
881 4683 952 4737 de
984 4682 1078 4737 bis
1109 4697 1123 4735 :
1161 4685 1340 4752 atque
1372 4681 1444 4735 de
1476 4679 1593 4735 vita
1614 4680 1948 4738 daemonum
1971 4700 2005 4755 q

2220 4683 2340 4738 ώων
2372 4682 2480 4738 ἀπὸ
2511 4688 2616 4758 γῆς
2655 4681 3065 4754 ἀνανεουμὲνων
3117 4681 3280 4760 φησὶν
3335 4683 3365 4737 6
3416 4677 3605 4753 Δαϐἱδ,
3637 4680 3697 4735 οὗ
3726 4676 3812 4750 μήν

417 4772 575 4829 ultro
608 4772 971 4837 defecerunt,
1023 4769 1205 4836 addit,
1248 4784 1371 4823 eam
1403 4784 1637 4841 quoque
1680 4771 1805 4826 sine
1833 4770 2006 4827 interi

2220 4773 2308 4848 :spi
2337 4772 2546 4827 τούτων
2582 4790 2594 4802 ·
2626 4770 2718 4825 καὶ
2771 4769 2897 4844 περὶ
2944 4776 3047 4840 τῆς
3099 4775 3245 4840 ζωῆς
3311 4768 3371 4826 δὲ
3426 4776 3535 4827 τῶν
3585 4765 3813 4825 ἑκουσίως

416 4875 891 4931 permansurum,
943 4858 1061 4913 Deo
1114 4872 1316 4911 eorum
1364 4857 1664 4912 conditore
1715 4859 1797 4914 ita
1824 4860 2009 4916 volent

2222 4857 2510 4917 ποϐάντων
2545 4859 2846 4933 δαιμόνων,
2902 4858 3108 4935 ἐπάγει,
3153 4860 3238 4915 ὅτι
3285 4860 3379 4916 καὶ
3433 4860 3570 4930 αύτὴ
3603 4856 3814 4928 διαμένει

417 4950 689 5021 quamvis
713 4949 826 5020 ipsi
851 4965 883 5001 a
905 4947 1022 5002 Deo
1044 4945 1397 5000 defecerint:
1424 4944 1556 5001 Sine
1578 4949 1902 5017 pmnitentia
1922 4967 2010 5007 em

2219 4952 2517 5025 νώλεθρος,
2542 4953 2639 5004 τοῦ
2668 4948 2954 5010 κτίσαντος
2983 4948 3179 5011 αὐτοὺς
3207 4954 3344 5004 Θεοῦ
3375 4952 3424 4988 δ”
3453 4953 3612 5005 τοῦτο
3643 4943 3812 5024 βουλο-

416 5048 546 5094 sunt
571 5038 723 5094 dona
756 5036 876 5107 Dei,
911 5034 1013 5107 qui
1047 5034 1206 5105 ipsos
1254 5050 1287 5088 a
1332 5034 1619 5106 principio
1669 5038 1802 5092 fecit
1832 5039 2009 5096 immo

2219 5042 2373 5113 .évou,
2424 5039 2521 5095 κᾶν
2576 5037 2731 5093 αὐτοὶ
2781 5037 3088 5106 ἀπέστησαν
3146 5042 3246 5093 τοῦ
3294 5043 3475 5095 Θεοῦ·
3537 5030 3812 5111 Ἀμεταμέ·

415 5128 563 5183 tales
592 5144 605 5183 :
630 5136 950 5183 extremam
972 5128 1165 5178 autem
1186 5122 1584 5178 resonantiam
1609 5142 1712 5181 seu
1734 5127 2008 5199 vestigium

2222 5152 2326 5202 ητα
2355 5130 2458 5205 γὰρ
2498 5128 2814 5205 χαρίσματα
2858 5131 2955 5182 τοῦ
2999 5130 3156 5197 Θεοῦ,
3204 5131 3303 5183 τοῦ
3353 5128 3407 5200 ἐξ
3462 5127 3640 5204 ἀρχῆς
3667 5122 3811 5190 ποιήσ

415 5216 579 5285 dicit,
611 5213 1014 5270 obscuriorern
1065 5210 1194 5265 vitae
1244 5211 1780 5284 participationem,
1811 5223 1869 5273 et
1901 5223 1965 5273 ut
1992 5220 2006 5273 i

2219 5241 2366 5282 ανιος
2398 5217 2596 5279 αὐτούς
2634 5215 2930 5279 ἀθανάτους
2964 5236 2977 5250 ’
3028 5214 3256 5293 ἔσχατον
3292 5214 3352 5272 δὲ
3386 5218 3663 5293 ἀπήχημα
3687 5211 3812 5285 λέγει

412 5305 628 5372 dicam,
659 5317 865 5373 parum
896 5298 1091 5356 vitalis
1125 5298 1417 5356 facultatis
1448 5302 1820 5375 participem.

2220 5313 2279 5379 ἢν
2312 5306 2688 5384 ἀμυδροτέραν
2721 5306 2965 5382 μετοχὴν
2991 5312 3089 5376 τῆς
3122 5309 3266 5377 ζωῆς
3281 5308 3350 5375 ³⁸,
3369 5308 3459 5363 καὶ
3491 5310 3606 5361 οἷον
3636 5303 3813 5365 εἴπεῖν,

2182 5398 2383 5473 ὀλίγως
2416 5398 2751 5472 μετέχουσαν
2778 5400 3012 5466 ζωτικῆς
3033 5392 3339 5470 δυνάμεως.

461 5518 563 5592 .(q)
590 5517 744 5576 Psal.
777 5534 900 5591 cur,
928 5519 1023 5591 29,

1426 5661 1663 5720 nam
1699 5625 2095 5726 LECTIONFlS
2131 5670 2226 5726 ET
2264 5665 2831 5725 CORREGTIONES.

482 5800 527 5835 ³³
555 5795 779 5871 εἴπομεν
813 5798 923 5855 καὶ.
1028 5800 1074 5836 ³³
1104 5796 1302 5855 αὐτῶν.
1401 5799 1448 5834 ⁸⁸
1478 5796 1625 5872 παρᾶ
1653 5802 1749 5853 τοῦ
1780 5800 2057 5866 κτίσαντος
2087 5803 2254 5876 αὐτὴν
2284 5806 2439 5876 Θεοῦ,
2534 5803 2579 5838 ³⁵
2607 5802 2706 5856 τοῦ
2742 5803 2860 5874 ζῇν.
