4034 6388
278 321 396 376 337

1047 329 1105 380 Β.
1149 329 1417 382 MAXIM!
1461 324 1771 381 SCHOLIA
1809 324 1882 376 IN
1924 321 2054 374 LIB.
2100 322 2191 374 DE
2235 323 2508 378 DlVlNlS
2545 323 2965 379 NOMINIBUS.

3617 325 3724 380 338

362 446 460 509 Ἣς
522 444 1046 522 ἂνταναιρουμὲνης.
1101 446 1181 505 Τὸ
1259 449 1356 521 μὶν
1435 445 1712 522 ψαλμικὸν
1779 441 1929 519 ῥητὸι

2129 444 2241 499 Hac
2269 445 2568 502 subtracta.
2600 447 2904 502 Sententia
2947 445 3182 518 quidem
3219 446 3429 518 psalmi
3461 448 3722 521 loquitur

280 534 416 608 περὶ
449 535 770 611 ἀνθρώπων,
803 537 1024 607 καὶτῆς
1067 535 1378 602 τελευταίας
1432 537 1524 592 καὶ
1583 541 1772 603 κοινῆς
1825 532 1949 587 ἀναο

282 626 532 688 στάσεως
595 624 860 702 λέγει,ἣν
925 632 1105 704 μικρῷ
1163 627 1392 702 πρόσθεν
1441 629 1759 701 τρανότερον
1793 621 1951 689 τίθη-

282 735 371 766 σιν
435 715 463 768 6
520 717 708 788 Πατήρ
747 736 758 747 ·
805 716 1030 772 ἐνταῦθα
1082 715 1138 772 δὲ
1180 718 1244 772 τὸ
1305 716 1471 793 ῥητὸν
1524 717 1826 791 παρήγαγε,
1858 711 1950 766 τὸν

282 800 456 877 λόγον
490 805 821 878 ποιούμενος
852 806 975 880 περὶ
1010 804 1222 860 πάντων
1259 811 1366 860 τῶν
1397 807 1644 860 ὁπωσοῦν
1674 808 1769 878 ζῇν
1795 801 1947 878 ἐχόν-

279 912 421 958 των,
455 889 667 954 δεικνὺς
723 895 799 966 μή
851 892 1040 956 ἄλλως
1070 893 1375 963 ταῦταπῆ
1428 893 1488 948 ὲκ
1540 896 1673 948 Θεοῦ
1729 891 1791 945 τὸ
1853 893 1948 962 ζῇν

283 984 614 1053 θεωρεῖσθαι
648 982 698 1037 ἐν
736 984 940 1044 αὐτοῖς.
975 984 1045 1038 Τὸ
1095 980 1151 1037 δὲ
1195 983 1627 1059 ἀνταναιρεῖσθαι
1679 979 1794 1034 ἀντί
1851 981 1948 1032 τοῦ

282 1070 628 1146 κεχωρίσθαι
685 1072 941 1140 τέθεικεν,
1005 1072 1186 1144 ὥσπερ
1253 1073 1344 1126 καὶ
1401 1072 1460 1126 τὸ
1520 1069 1949 1146 ἐπιστρεφόμενα

287 1159 411 1214 ἀντὶ
437 1165 537 1215 τοῦ
573 1163 876 1237 μετέχοντα
906 1163 1176 1226 ⁶Ασθενεῖν
1206 1159 1264 1216 δὲ
1299 1166 1466 1216 ταῦτα
1514 1161 1649 1236 πρὸς
1701 1159 1764 1214 τὸ
1822 1177 1948 1230 μετ-

281 1248 436 1322 ἑχειν
472 1249 596 1320 [τῆς
659 1253 804 1319 ζωῆς
849 1249 1073 1322 ταύτης]
1133 1251 1290 1324 φησὶ,
1331 1246 1421 1303 διὰ
1475 1250 1536 1304 τὸ
1594 1248 1669 1321 μὴ
1731 1243 1944 1302 οἷ’κοθεν

279 1335 374 1391 καὶ
425 1343 554 1413 παρ’
586 1338 789 1392 ἑαυτῶν
843 1335 990 1413 ἔχειν
1049 1339 1148 1405 τὴν
1210 1339 1379 1408 ζωὴν,
1410 1335 1537 1393 ἀλλ’
1593 1336 1826 1404 ἐπακτὴν
1889 1334 1948 1389 ἐκ

280 1431 421 1482 Θεοῦ
455 1446 468 1458 ·
503 1428 570 1482 τά
598 1429 698 1502 γάρ
733 1427 856 1482 ὅσον
893 1427 974 1506 ἀφ’
1004 1429 1233 1497 ἑαυτῶν,
1265 1428 1365 1483 οὐκ
1417 1426 1468 1482 ἐν
1525 1431 1603 1500 τῷ
1655 1430 1751 1500 ζῇν
1811 1427 1946 1480 θεω-

282 1516 558 1591 ρούμενα,
583 1521 652 1590 τῇ
687 1514 744 1572 δὲ
774 1518 910 1594 πρὸς
942 1518 1032 1572 τὸν
1066 1518 1195 1573 Θεὸν
1228 1517 1468 1572 ἀναθέσει
1499 1521 1661 1572 τοῦτο
1721 1510 1944 1590 ἔχοντα,

276 1601 490 1680 τρόπον
540 1606 662 1662 τινὰ
715 1608 908 1680 ἀναζῇ,
936 1607 1024 1662 καὶ
1054 1609 1127 1669 ὡς
1161 1607 1321 1670 αὐτός
1354 1629 1508 1686 φησι,
1540 1603 1706 1661 πάλιν
1740 1608 1852 1674 ζῶα
1898 1607 1944 1641 ⁸⁷

277 1695 514 1770 γίνεται.

2061 532 2130 588 de
2162 533 2523 602 hominibus,
2559 541 2615 591 et
2663 540 2960 609 postrema
3009 553 3075 591 ac
3116 537 3415 592 communi
3462 555 3720 595 resurre-

2063 624 2275 695 ctione,
2307 641 2480 696 quam
2512 626 2682 682 Pater
2729 625 2904 698 paulo
2953 631 3086 681 ante
3121 625 3339 683 clarius
3370 627 3538 700 ponit
3567 647 3579 696 ;
3614 629 3722 684 hoc

2062 718 2256 769 autem
2302 714 2426 770 loco
2474 717 2823 771 sententiam
2867 715 3029 770 illam
3079 715 3340 784 adduxit,
3387 734 3721 774 sermonem

2063 803 2279 858 faciens
2346 805 2416 860 de
2474 806 2752 860 omnibus
2815 822 2945 876 quae
3004 804 3200 876 aliquo
3261 807 3432 861 modo
3499 806 3718 876 vivunt,

2061 893 2376 950 ostendens
2424 895 2545 950 haec
2585 913 2698 950 non
2754 895 2924 950 aliter
2966 912 3144 966 quam
3179 911 3247 948 ex
3298 901 3410 952 Deo
3455 897 3629 953 vitam
3659 898 3720 954 in

2060 983 2208 1055 ipsis
2257 986 2636 1041 considerari.
2693 987 2866 1042 Porro
2900 988 3126 1057 auferri
3171 987 3369 1057 posuit
3418 1004 3520 1056 pro
3553 1003 3719 1059 sepa-

2059 1074 2196 1140 rari,
2233 1076 2386 1131 sicut
2415 1092 2674 1131 conversa
2707 1093 2808 1148 pro
2833 1075 3287 1148 participantia;
3322 1076 3402 1131 ait
3433 1091 3565 1130 vero
3597 1077 3717 1132 hanc

2060 1163 2352 1220 imbecilla.
2383 1165 2442 1218 in
2476 1166 2964 1238 participatione;
2999 1166 3134 1235 quia
3185 1183 3300 1220 non
3334 1166 3406 1220 ab
3439 1165 3720 1222 intrinse-

2057 1269 2144 1320 co,
2179 1257 2236 1308 et
2267 1271 2300 1308 a
2331 1254 2545 1326 seipsis
2571 1255 2748 1310 vitam
2781 1255 3023 1323 habent,
3049 1255 3149 1310 sed
3173 1255 3340 1310 aDeo
3372 1254 3676 1310 inductam
3703 1273 3717 1324 ;

2058 1347 2345 1414 quantum
2396 1343 2552 1399 enim
2604 1345 2676 1398 ad
2727 1343 2856 1416 ipsa
2904 1344 3134 1414 attinet,
3185 1361 3296 1398 non
3331 1343 3389 1398 in
3441 1343 3571 1415 ipsa
3600 1345 3720 1401 vita

2056 1430 2522 1503 considerantur,
2555 1433 2657 1488 sed
2709 1433 3169 1506 transpositione
3216 1433 3274 1488 in
3309 1433 3492 1488 Deum
3538 1435 3716 1490 vitam

2055 1527 2389 1590 consecuta,
2425 1523 2861 1593 quodammodo
2894 1522 3267 1591 reviviscunt,
3300 1527 3380 1589 et,
3408 1522 3562 1579 sicut
3594 1524 3717 1595 ipse

2055 1611 2156 1682 ait,
2189 1614 2392 1669 iterum
2422 1613 2546 1668 viva
2576 1613 2737 1682 ﬁunt.

351 1787 487 1854 §II.
549 1786 666 1855 Τήν
719 1786 795 1849 ὡς
851 1787 1206 1860 συμμίκτοις.
1266 1785 1590 1859 Θαυμασίως
1648 1787 1821 1840 πάντα
1876 1784 1929 1838 τᾶ

2125 1791 2154 1861 §
2187 1791 2254 1846 Il.
2290 1793 2570 1862 Tanquam
2599 1794 2932 1860 compositis.
2985 1793 3316 1848 Mirandum
3371 1793 3430 1847 in
3463 1792 3708 1848 modum

281 1870 534 1948 δόγματα
568 1875 702 1948 μετά
733 1874 1028 1951 ὀρθότητος
1061 1873 1320 1933 διδάσκει.
1353 1877 1458 1933 Τὸν
1515 1876 1616 1952 γὰρ
1672 1875 1796 1950 περὶ
1841 1881 1944 1944 τῆς

273 1963 627 2028 ἀναστάσεως
655 1965 862 2040 τρόπον
888 1967 932 2001 ³⁸
961 1969 1054 2020 νῦν
1108 1963 1466 2040 παραδιδοὺς,
1503 1963 1733 2035 θνητοὺς
1766 1966 1810 2000 ³⁹
1843 1966 1936 2036 μὶν

266 2054 423 2124 ἡμᾶς
452 2052 764 2131 ἀποφαίνει,
799 2055 890 2110 ἅτε
916 2053 965 2126 ἐξ
1001 2053 1267 2110 ἀθανάτου
1309 2058 1496 2130 ψυχῆς
1541 2054 1630 2108 καὶ
1693 2056 1936 2126 [θνητοῦ]

264 2143 532 2215 σώματος
585 2139 743 2204 ὄντας
799 2145 1052 2216 θνητοὺς,
1083 2145 1182 2213 τήν
1246 2141 1302 2198 δὲ
1355 2145 1499 2213 ζωὴν
1537 2139 1780 2212 οὗσιώδη
1835 2149 1934 2210 τῆς

259 2233 453 2306 ψυχῆς
512 2230 776 2286 ἐλάττονά
828 2253 960 2310 φησι
1022 2237 1131 2288 τῶν
1187 2232 1492 2308 ἀγγελικῶν
1554 2229 1935 2305 οὖσιῶν,παρ’

256 2319 387 2375 ὅσον
424 2321 596 2390 αὐτὴν
629 2322 721 2376 καὶ
754 2319 1076 2398 ἀγγελοειδῆ
1142 2323 1310 2392 ζωὴν,
1334 2321 1396 2376 οὗ
1455 2322 1563 2395 μὴν
1627 2319 1929 2396 ἀγγελικὴν

253 2410 548 2483 ὀνομάζει,
586 2409 694 2486 οὐχ
725 2411 799 2473 ὠς
851 2409 1315 2488 αὐτοαγγελικὴν,
1347 2409 1494 2466 ἀλλὰ
1546 2416 1876 2487 παρεμφερῆ
1913 2427 1926 2441 ⁸

253 2499 344 2554 καὶ
380 2503 536 2573 ἡμᾶς
574 2501 667 2572 μὲν
703 2505 938 2576 μερικῶς
969 2522 1132 2576 φησιν
1163 2502 1293 2556 εἴναι
1325 2501 1420 2562 τὰς
1451 2499 1674 2576 λογικάς
1708 2498 1888 2574 ψυχάς
1913 2516 1925 2530 ·

256 2587 431 2650 ὅλους
465 2587 524 2644 δὲ
550 2592 702 2663 ἡμᾶς
743 2589 870 2652 τοὺς
931 2589 990 2644 ἐκ
1038 2593 1224 2665 ψυχῆς
1279 2589 1370 2644 καὶ
1428 2589 1684 2662 σώματος
1728 2583 1923 2650 ὄντας·

258 2677 755 2748 ἀπαθανατίζεσθαι
789 2675 846 2734 δέ
877 2696 1010 2756 φησι
1040 2680 1106 2732 τὰ
1137 2679 1364 2752 σώματα
1388 2680 1551 2751 ἡμῶν
1585 2677 1636 2732 ἐν
1676 2681 1745 2751 τῇ
1798 2677 1924 2731 ἀνα-

257 2769 469 2836 στάσει,
516 2769 735 2846 φάσκων
782 2769 844 2822 τὸ
888 2769 1011 2845 περὶ
1064 2768 1404 2830 ἀναστάσεως
1463 2765 1641 2843 δόγμα
1699 2762 1922 2820 ἄπιστον

256 2854 443 2911 δοκεῖν
478 2861 548 2931 τῇ
581 2856 936 2928 παλαιότητι,
972 2858 1087 2912 ἀντὶ
1122 2861 1218 2912 τοῦ
1245 2861 1314 2931 τῇ
1366 2858 1587 2928 ἀνοήτῳ
1637 2853 1762 2930 δόξῃ
1813 2859 1921 2910 τῶν

254 2944 579 3016 Ἑλλήνων,
616 2943 704 3001 διὰ
731 2949 793 3001 τὸ
823 2947 970 3022 παρὰ
1000 2946 1156 3021 φύσιν
1192 2945 1325 3000 εἶναι
1355 2953 1455 3015 τῆς
1488 2943 1627 3016 ὕλης
1674 2946 1737 3000 τὸ
1787 2945 1922 2998 ἀπα-

255 3035 657 3105 θανατίζεσθαι.
696 3033 1009 3106 ΙΙαλαιότης
1040 3033 1097 3090 δὶ
1128 3034 1344 3110 λέγεται
1383 3038 1418 3105 ἡ
1463 3034 1687 3101 ἀνοησία
1719 3055 1732 3067 ⁸
1769 3033 1818 3089 εἴ
1866 3031 1923 3088 δὶ

251 3125 344 3179 καὶ
415 3125 552 3200 ὑπὲρ
615 3124 771 3203 φύσιν
831 3126 893 3180 τὸ
949 3130 1177 3201 πρᾶγμα
1231 3131 1332 3194 τῆς
1389 3123 1750 3196 ἀναστάσεως,
1805 3126 1918 3178 οἷον

249 3216 394 3288 πρὸς
425 3215 524 3270 τὸν
554 3216 797 3290 παρόντα
831 3214 945 3292 βίον
973 3215 1063 3269 τὸν
1101 3212 1190 3269 διὰ
1234 3222 1444 3292 τροφῆς
1485 3215 1573 3268 καὶ
1630 3213 1920 3289 ἐκκρίσεως

246 3305 339 3359 καὶ
405 3303 584 3358 νόσων
633 3300 1030 3380 διεξαγόμενον,
1065 3302 1211 3359 ἀλλά
1257 3304 1392 3379 πρὸς
1442 3303 1534 3357 τὸν
1579 3303 1730 3374 Θεὸν,
1767 3299 1919 3356 οὐδὲν

247 3395 404 3467 παρᾶ
435 3393 596 3470 φύσιν
639 3391 768 3448 οὐδὲ
819 3394 954 3468 ὑπὲρ
1004 3392 1183 3472 φύσιν,
1235 3390 1425 3462 ἐπειδή
1486 3391 1643 3454 αὐτός
1702 3391 1840 3446 ἐστιν
1893 3392 1921 3447 6

249 3482 438 3552 πάσης
470 3487 621 3552 ζωῆς
653 3480 824 3544 α’ίτιος
855 3484 919 3538 ⁸ο.

322 3571 489 3642 Φημὶ
547 3570 640 3625 καὶ
687 3571 756 3626 τὰ
815 3573 1022 3645 συζυγῆ
1078 3572 1323 3644 σώματα.
1367 3572 1490 3626 ’Ὁτι
1544 3570 1633 3624 καὶ
1681 3570 1748 3623 τά
1808 3569 1919 3623 σώ-

260 3683 404 3733 ματα
434 3663 600 3734 ἡμῶν
637 3661 928 3724 ἀθανασίας
961 3659 1209 3736 μετέχειν
1241 3662 1268 3716 6
1316 3661 1464 3721 θεῖος
1515 3657 1770 3734 βούλεται
1821 3656 1918 3712 λό-

261 3771 377 3823 γος,
408 3750 551 3805 κατὰ
578 3750 670 3804 τὸν
700 3748 1059 3806 Ἀπόστολον·
1095 3754 1187 3804 Δεῖ
1227 3749 1328 3825 γὰρ
1379 3750 1441 3803 τὸ
1503 3748 1696 3818 θνητὸν
1753 3751 1918 3802 τοῦτο

264 3837 583 3894 ἐνδύσασθαι
617 3839 928 3896 ἀθανασίαν.

325 3931 490 4005 Ὑπὶρ
542 3927 724 4006 φύσιν.
778 3927 956 3985 Τοῦτό
1014 3950 1145 4007 φησι
1191 3925 1280 3983 διά
1316 3927 1378 3983 τὸ
1411 3927 1564 4000 μόνῳ
1614 3931 1730 3999 Θεῷ
1783 3928 1919 3982 κατά

248 4019 414 4096 φύσιν
451 4020 588 4073 εἶναι
617 4019 680 4073 τὸ
713 4022 912 4087 ζωοῦν.

321 4109 590 4182 Σίμωνος
636 4106 1013 4184 ἀντιῤῥητικοὶ
1061 4105 1246 4182 λόγοι.
1299 4106 1550 4181 Σίμωνός
1600 4128 1765 4186 φησιν
1823 4105 1917 4160 ἀν-

239 4196 615 4274 τιρῥητικοὺς
675 4197 807 4252 εἶναι
856 4194 1061 4272 λόγους
1117 4197 1253 4251 κατὰ
1293 4200 1390 4250 τοῦ
1423 4193 1699 4270 δόγματος
1753 4197 1913 4268 ἡμῶν

240 4293 346 4344 τοῦ
381 4286 670 4362 λὲγοντος,
697 4287 760 4341 τὸ
790 4289 949 4359 σῶμα
995 4287 1157 4359 ἡμῶν
1212 4283 1520 4349 ἀνίστασθαι
1568 4285 1658 4340 καὶ
1717 4285 1913 4339 ἀθανα-

241 4375 630 4448 τίζεσθαι,ὡς
688 4374 835 4450 παρὰ
892 4374 1048 4454 φύσιν
1111 4370 1260 4436 ὄντος
1316 4378 1412 4429 τοῦ
1469 4377 1809 4450 πράγματος.
1851 4375 1913 4427 Οἱ

245 4464 308 4521 δὲ
344 4464 629 4540 εἰρηκότες
660 4466 796 4519 κατά
853 4463 1106 4537 Σίμωνος
1159 4463 1250 4517 καὶ
1301 4462 1424 4538 περὶ
1478 4464 1690 4518 τούτων
1751 4463 1911 4518 αὐτὸν

2052 1880 2252 1934 omnia
2301 1884 2532 1937 decreta
2580 1885 2736 1937 recte
2768 1883 2973 1949 docet;
3026 1898 3184 1937 nunc
3213 1881 3371 1937 enim
3418 1881 3704 1936 rationem

2052 1969 2494 2025 resurrectionis
2575 1971 2835 2036 tradens,
2912 1987 3017 2026 nos
3089 1969 3366 2026 mortales
3423 1969 3700 2038 ostendit,

2050 2058 2203 2114 183
2252 2063 2532 2130 tanquam
2594 2077 2661 2114 ex
2717 2058 3034 2114 immortali
3094 2059 3292 2114 anima
3350 2063 3408 2114 et
3463 2074 3705 2130 corpore

2049 2147 2326 2203 mortales
2382 2149 2729 2204 exsistentes
2784 2166 2797 2213 ;
2859 2166 2995 2204 nam
3063 2148 3436 2204 essentialem
3498 2147 3704 2204 animae

2044 2237 2223 2292 vitam
2285 2237 2428 2292 dicit
2482 2254 2610 2293 esse
2668 2238 3006 2293 inferiorem
3065 2238 3341 2293 essentiis
3401 2235 3704 2308 angelicis,

2043 2331 2336 2398 quatenus
2369 2328 2560 2398 ipsam
2593 2322 2945 2401 ἀγγελοειδῆ,
2993 2344 3110 2382 non
3162 2335 3351 2382 autem
3385 2326 3706 2398 angelicam

2041 2415 2316 2488 appellat,
2351 2421 2416 2471 ut
2448 2433 2559 2472 non
2608 2433 2743 2472 vero
2795 2416 3146 2487 angelicam,
3181 2417 3278 2472 sed
3324 2416 3618 2483 similem;
3651 2419 3709 2470 et

2041 2521 2148 2559 nos
2179 2505 2417 2576 quidem
2453 2506 2668 2578 partim
2711 2505 3024 2561 rationales
3074 2523 3206 2561 esse
3254 2505 3480 2561 animas
3512 2504 3656 2559 dicit
3689 2520 3702 2558 :

2039 2598 2193 2649 totos
2224 2599 2420 2649 autem
2453 2611 2522 2650 ex
2553 2594 2753 2650 anima
2785 2600 2841 2650 et
2873 2611 3115 2666 corpore
3133 2599 3422 2650 constare.
3450 2594 3697 2649 Aitvero

2037 2699 2280 2753 corpora
2313 2687 2513 2738 nostra
2557 2684 2707 2739 efﬁci
2743 2684 2800 2738 in
2853 2684 3285 2740 resurrectione
3317 2682 3695 2749 immortalia,

2037 2788 2308 2827 asserens
2339 2773 2554 2843 dogma
2583 2774 2652 2827 de
2685 2773 3112 2829 resurrectione
3163 2772 3509 2828 incredibile
3539 2771 3698 2826 vide-

2037 2862 2084 2916 ri
2117 2861 2474 2933 antiquitati,
2510 2879 2612 2932 pro
2662 2861 2963 2933 insipienti
3019 2863 3351 2918 Graecorum
3398 2861 3694 2932 opinione,

2034 2951 2175 3022 quia
2221 2955 2311 3008 est
2357 2956 2559 3006 contra
2620 2953 2874 3006 materia:
2925 2955 3196 3006 naturam
3249 2949 3696 3006 immortalitate

2034 3040 2166 3096 frui.
2203 3041 2539 3111 Antiquitas
2585 3057 2716 3096 vero
2763 3039 2978 3094 dicitur
3009 3039 3392 3110 insipientia;
3444 3039 3552 3094 etsi
3587 3056 3693 3094 au-

2033 3134 2151 3185 tem
2188 3131 2487 3202 negotium
2522 3128 2965 3186 resurrectionis
3012 3133 3286 3184 naturam
3322 3133 3575 3200 superet,
3611 3128 3697 3184 ni-

2036 3216 2251 3271 mirum
2288 3217 2345 3270 in
2378 3217 2645 3288 praesenti
2676 3217 2815 3283 vita,
2851 3232 2979 3288 quae
3030 3232 3134 3288 per
3163 3215 3594 3282 educationem,
3628 3233 3694 3271 ac

2034 3307 2425 3361 excretionem
2461 3311 2637 3376 atque
2687 3306 2922 3362 morbos
2968 3306 3320 3372 traducitur,
3354 3305 3452 3360 sed
3489 3305 3546 3360 in
3583 3307 3694 3360 Deo

2034 3395 2179 3450 nihil
2209 3399 2413 3450 contra
2446 3401 2741 3463 naturam,
2777 3412 2970 3467 neque
3013 3411 3194 3467 supra
3223 3400 3518 3462 naturam,
3553 3411 3696 3466 quo-

2033 3485 2185 3539 niam
2219 3485 2344 3556 ipse
2376 3489 2465 3540 est
2495 3485 2687 3540 omnis
2716 3484 2844 3540 vita
2877 3488 3102 3540 auctor.

2103 3573 2230 3630 Dico
2276 3577 2326 3630 et
2373 3573 2666 3645 conjuncta
2722 3589 2976 3645 corpora.
3029 3571 3304 3628 Divinum
3359 3588 3690 3628 sermonem

2029 3663 2194 3730 velle,
2229 3667 2430 3719 nostra
2459 3679 2696 3734 quoque
2728 3679 2974 3734 corpora
3023 3661 3523 3718 immortalitatem
3557 3680 3691 3734 par-

2028 3754 2294 3824 ticipare,
2339 3755 2510 3823 juxta
2562 3751 2910 3824 Apostolum
2945 3767 2959 3808 :
2997 3752 3220 3823 Oportet
3271 3754 3419 3808 enim
3458 3753 3693 3808 mortale

2030 3849 2128 3900 hoc
2156 3844 2394 3899 induere
2423 3841 2904 3898 immortalitatem
2934 3841 3026 3913 (r).

2100 3933 2285 4005 Supra
2316 3941 2597 3988 naturam.
2635 3932 2755 3988 Hoc
2784 3931 2950 3998 dicit,
2983 3931 3121 4002 quia
3152 3929 3260 3986 soli
3307 3931 3419 3986 Deo
3451 3933 3688 3985 natura-

2027 4023 2102 4079 lis
2134 4027 2223 4078 est
2251 4022 2390 4077 vita.

2098 4113 2340 4169 Simonis
2387 4110 2810 4167 contradictorii
2855 4125 3151 4166 sermones.
3203 4108 3354 4164 Dicit
3383 4107 3566 4164 libros
3595 4107 3689 4163 Si-

2029 4202 2222 4257 monis
2253 4200 2654 4256 contradicere
2693 4199 3000 4254 sententiaa
3051 4202 3286 4264 nostrae,
3319 4215 3447 4270 quae
3478 4197 3691 4253 asserit

2027 4308 2241 4362 corpus
2273 4294 2540 4346 nostrum
2573 4304 2878 4361 resurgere
2910 4293 2967 4344 et
3009 4286 3346 4344 immortale
3376 4304 3522 4352 esse,
3558 4293 3688 4342 tan-

2027 4398 2203 4453 quam
2240 4397 2331 4436 res
2363 4383 2518 4435 esset
2547 4383 2754 4434 contra
2799 4384 3094 4444 naturam.
3127 4377 3550 4432 Contradicunt
3580 4394 3687 4432 au-

2025 4475 2144 4526 tem
2179 4468 2426 4538 Simoni,
2450 4473 2504 4523 et
2537 4467 2732 4540 ipsum
2764 4467 2823 4520 in
2853 4466 2945 4521 his
2967 4465 3408 4537 reprehendunt
3432 4465 3688 4521 Irenaeus

247 4556 589 4631 ἐλέγχουσιν
642 4554 934 4630 Εἰρηναῖος
991 4554 1080 4608 καὶ
1113 4552 1390 4629 Ὠριγὲνης
1447 4553 1538 4608 καὶ
1593 4553 1918 4619 Ἱππόλυτος

2045 4564 2082 4615 ιι
2113 4559 2392 4630 Origenes
2425 4561 2478 4611 et
2510 4553 2862 4627 Hippolytus
2910 4561 2966 4608 et
3008 4553 3396 4625 Epiphanius.
3439 4553 3686 4624 Magnus

247 4647 345 4701 καὶ
386 4645 731 4720 Ἐπιφάνιος.
771 4645 834 4701 Ὁ
881 4641 939 4698 δὲ
991 4641 1161 4718 μέγας
1201 4641 1475 4704 Διονύσιος
1532 4641 1689 4706 θείως
1735 4643 1914 4700 ἐκλύει

248 4737 317 4790 τὸ
372 4733 674 4808 λεγόμενον
725 4733 872 4808 παρᾶ
923 4733 1198 4805 Σίμωνος,
1243 4732 1387 4808 παρά
1438 4730 1594 4810 φύσιν
1641 4733 1771 4788 εἶναι
1817 4735 1918 4802 τήν

253 4824 546 4879 ἀνάστασιν
578 4828 688 4878 τῶν
720 4823 1016 4896 σωμάτων
1048 4825 1128 4893 τῷ
1158 4822 1262 4897 γὰρ
1318 4825 1433 4893 Θεῷ
1489 4818 1704 4884 οὐδενὸς
1765 4819 1919 4888 ὄντος

253 4916 531 4989 ἐναντίου,
583 4921 701 4978 πῶς
750 4912 898 4971 ἔσται
953 4937 1006 4970 τι
1063 4916 1210 4989 παρὰ
1257 4913 1454 4991 φύσιν;
1488 4915 1563 4972 Τὸ
1623 4911 1680 4968 δὲ
1711 4912 1916 4979 οἷέσθαί

246 5027 377 5062 τινα
407 5004 469 5060 ἐκ
499 5009 746 5083 φανερῶν
777 5003 869 5060 καὶ
903 5003 1173 5074 αἶ’σθητῶν
1205 5001 1412 5057 τούτων
1461 5003 1556 5065 τὰς
1616 5000 1918 5074 ἀποδείξεις

247 5095 582 5171 πορίζεσθαι
628 5094 769 5149 κατᾶ
812 5096 913 5163 τῆς
965 5090 1356 5162 ἀκαταλήπτου
1410 5091 1500 5146 καὶ
1557 5096 1717 5146 πᾶσιν
1781 5093 1916 5170 ἀφα-

245 5190 380 5250 νοῦς
436 5184 617 5248 αῗτίας
675 5188 782 5240 τῶν
841 5181 1078 5252 πάντων,
1119 5187 1366 5238 τουτέστι
1423 5181 1559 5237 κατὰ
1604 5186 1702 5237 τοῦ
1759 5187 1916 5254 Θεοῦ,

327 5367 406 5440 (r)
440 5365 464 5424 Ι
495 5366 624 5424 Cor.
657 5381 752 5434 xv,
782 5363 872 5419 53.

2027 4666 2160 4704 vero
2180 4647 2495 4718 Dionysius
2517 4645 2775 4701 Simonis
2795 4643 3175 4710 sententiam,
3195 4641 3684 4698 resurrectionem

2028 4753 2338 4808 corporum
2371 4751 2500 4790 esse
2531 4738 2735 4789 contra
2766 4736 3060 4801 naturam,
3083 4730 3274 4785 divine
3306 4731 3514 4798 solvit;
3547 4748 3683 4786 cum

2028 4805 2184 4884 enim
2218 4805 2362 4880 nihil
2413 4824 2492 4879 sit
2541 4823 2656 4878 Deo
2701 4821 3085 4890 contrarium,
3137 4820 3429 4892 quomodo
3460 4819 3686 4890 aliquid

2028 4917 2140 4972 erit
2180 4918 2385 4970 contra
2433 4914 2754 4968 naturam?
2805 4910 3119 4981 quemdam
3169 4913 3361 4964 autem
3412 4908 3687 4964 arbitrari

2029 5020 2202 5078 posse
2233 5021 2300 5059 ex
2334 5002 2422 5057 his
2475 4998 2818 5073 conspicuis
2866 5003 2923 5054 et
2954 4997 3273 5054 sensilibus
3319 4999 3690 5054 demonstra-

2027 5096 2218 5150 tiones
2268 5093 2523 5165 praabere
2573 5093 2777 5146 contra
2823 5086 3472 5159 incomprehensibilem
3519 5093 3692 5158 atque

2030 5182 2307 5241 omnibus
2320 5180 2630 5238 obscuram
2647 5180 3053 5234 universorum
3068 5176 3447 5248 causam,boc
3459 5182 3548 5236 est
3559 5195 3692 5234 con-

1292 5479 1535 5538 VABUE
1573 5478 1966 5539 LECTIONES
2005 5479 2090 5536 ET
2128 5476 2681 5536 CORRECTIONES.

337 5667 386 5706 ⁸ο
415 5664 658 5728 τούτοις.
735 5663 777 5702 ⁸⁷
807 5656 1113 5732 παλίνζωα.
1193 5660 1238 5699 ³⁸
1268 5654 1462 5736 λόγον.
1539 5661 1584 5698 ⁸ο
1617 5661 1862 5735 μικτούς.
1938 5661 1984 5700 ‘0
2011 5658 2102 5717 καὶ
2134 5655 2187 5732 ἐξ
2219 5658 2386 5716 αὐτοῦ
2417 5657 2528 5715 ἐστι
2559 5661 2703 5713 πᾶσα
2738 5657 2875 5728 ζωή.
