4034 6390
385 373 491 429 339

1193 376 1562 434 APPENDIX
1599 379 1700 432 AD
1737 376 1978 432 OPERA
2016 377 2077 430 Β.
2118 375 2438 431 DIONYSII
2479 375 2988 432 AREOPAGITE.

3683 382 3715 436 3
3723 382 3782 438 40

382 505 476 559 tra
505 502 716 572 Deum,
741 501 851 559 hoc
882 518 1013 559 vere
1045 506 1251 560 contra
1275 508 1546 562 naturam
1578 508 1668 562 est
1701 523 1715 562 :
1749 503 2046 576 quomodo

2170 502 2323 558 τοῦτό
2354 501 2467 559 ἐστι
2499 500 2722 575 ἀληθῶς
2748 501 2895 580 παρᾶ
2924 502 3080 582 φύσιν
3116 521 3127 534 ⁸
3161 502 3230 558 τὰ
3266 504 3368 580 γὰρ
3427 500 3650 576 δοξαστὰ
3700 510 3781 563 καὶ

385 593 542 648 enim
574 593 629 648 id
660 593 817 664 quod
847 609 1082 650 omnem
1118 610 1361 650 sensum
1406 599 1465 651 et
1496 595 1911 668 cogitationem
1942 611 2041 651 su-

383 685 567 753 perat,
601 685 862 738 evertent
888 700 955 739 ea
986 700 1114 755 quae
1146 699 1327 739 sensu
1379 688 1436 743 et
1466 684 1818 758 cogitatione
1850 682 2043 757 perci-

383 770 629 843 piuntur
648 771 676 826 ?

453 862 739 917 Evidentia
767 878 977 918 sensus.
1028 863 1150 919 Non
1186 867 1436 935 Oportet,
1471 863 1683 935 inquit,
1715 864 1786 920 ob
1819 881 1886 919 ea
1917 881 2043 935 quas

381 950 657 1007 sensibus
690 954 913 1024 percipi
945 958 1189 1024 queunt,
1228 954 1405 1009 ﬁdem
1441 954 1536 1009 Dei
1568 954 1761 1010 verbis
1792 956 2043 1026 denega-

382 1057 464 1109 re,
497 1040 598 1112 qui
629 1046 719 1097 est
748 1041 1014 1097 omnium
1068 1041 1319 1098 obscura
1369 1060 1569 1099 causa.
1604 1043 1843 1115 Proprie
1887 1042 2047 1097 enim

380 1128 526 1184 illud
562 1134 764 1186 contra
814 1135 1086 1187 naturam
1131 1131 1326 1188 dicere
1370 1132 1528 1200 licet,
1570 1137 1810 1205 prOpter
1860 1131 2047 1188 sensi-

382 1217 530 1275 lium
562 1219 1040 1292 perspicuitatem
1074 1221 1145 1276 de
1177 1225 1334 1278 statu
1361 1240 1469 1279 suo
1499 1223 1789 1295 deponere
1819 1239 1922 1278 seu
1947 1238 2049 1277 ne-

388 1323 530 1379 gare
555 1324 623 1364 ea
653 1325 781 1381 quas
812 1315 1094 1381 superant
1123 1327 1388 1367 sensum.

448 1398 478 1466 §
508 1397 607 1453 III.
640 1397 765 1455 Sive
794 1400 1158 1469 rationalem,
1210 1401 1328 1456 sive
1372 1400 1719 1468 sensitivam,
1754 1401 1909 1457 184
1936 1402 2051 1456 sive

384 1488 736 1542 nutritivam.
769 1492 915 1544 Nola
937 1489 1233 1560 quomodo
1253 1489 1465 1545 dividit
1495 1497 1895 1561 comparatam
1922 1507 2051 1561 par-

384 1575 725 1647 ticipatione
755 1577 933 1633 vitam
961 1597 975 1648 ;
1017 1578 1159 1633 dicit
1189 1578 1345 1632 enim
1396 1578 1525 1635 vitm
1559 1579 1936 1651 principium,
1968 1578 2049 1633 vi-

383 1664 593 1722 delicet
623 1670 887 1723 nostram
929 1667 1211 1736 animam,
1246 1667 1458 1723 deinde
1510 1668 1896 1737 scnsitivam;
1930 1667 2053 1723 haec

383 1755 539 1815 enim
572 1756 865 1828 principia
895 1756 1028 1813 vitae
1059 1757 1134 1813 iis
1166 1775 1293 1829 quas
1327 1758 1399 1813 ab
1434 1758 1579 1829 ipsis
1614 1762 1901 1830 reguntur
1930 1774 2052 1813 cor-

384 1846 649 1916 poribus,
675 1851 740 1901 ut
759 1847 817 1902 in
838 1846 958 1902 vita
985 1852 1353 1915 moveantur,
1376 1847 1504 1903 vitae
1536 1853 1734 1903 autem
1758 1846 2050 1904 essentiam

384 1934 785 2005 intelligibiles
819 1935 1154 2006 facultates,
1187 1941 1244 1992 et
1293 1942 1507 1992 nostris
1541 1938 1749 1992 anima:
1778 1963 1792 2006 ;
1833 1937 2053 1992 habent

391 2023 544 2079 enin:
576 2024 896 2080 essentiam
928 2041 1055 2096 quae
1105 2029 1196 2081 est
1223 2025 1364 2092 vita,
1412 2025 1589 2082 veluti
1620 2026 1880 2099 aliquam
1922 2026 2052 2082 vita

392 2113 701 2168 materiam
737 2118 791 2170 et
818 2113 1172 2185 subjectum,
1207 2131 1272 2170 ac
1304 2113 1495 2186 ipsam
1524 2115 1772 2171 formam
1805 2132 1932 2186 quae
1956 2115 2055 2170 ad-

389 2201 592 2258 venit:
627 2218 830 2273 quare,
883 2207 948 2258 ut
997 2203 1138 2272 dixi,
1191 2204 1400 2259 animas
1444 2203 1743 2260 vivificant
1788 2221 2049 2276 corpora.

390 2290 544 2348 Deus
570 2290 752 2361 igitur
779 2295 844 2347 ut
887 2297 1116 2363 auctor,
1148 2296 1205 2348 et
1233 2293 1364 2347 vitae
1399 2297 1609 2349 nostrae
1655 2291 2050 2364 complemen-

390 2382 539 2447 tum,
573 2384 640 2435 ut
668 2380 977 2436 continens
1008 2385 1064 2437 et
1106 2379 1397 2449 dividens,
1428 2387 1493 2437 ut
1523 2381 1886 2437 differentias
1918 2381 2051 2435 uni-

386 2485 565 2524 versae
593 2469 723 2525 vita:
754 2470 1096 2542 disponens,
1131 2469 1613 2541 intelligibiliurn,
1648 2470 2049 2541 rationalium,

389 2556 723 2626 sensilium,
770 2575 834 2615 ac
882 2576 1080 2615 eorum
1131 2576 1259 2631 quae
1306 2565 1618 2633 augentur,
1653 2560 1918 2615 omnium
1964 2563 2054 2616 est

390 2647 804 2719 principium;
863 2652 1040 2721 atque
1098 2648 1376 2720 quoniam
1433 2666 1614 2721 supra
1663 2649 1811 2705 dixit
1866 2648 2051 2705 solem

389 2736 566 2792 etiam
598 2738 737 2793 dare
758 2738 960 2806 vitam,
994 2743 1052 2795 et
1082 2739 1283 2795 omnia
1323 2739 1570 2809 nutrire,
1604 2757 1720 2794 non
1754 2739 2052 2811 intelligas

389 2841 523 2882 eum
559 2842 593 2881 a
621 2828 815 2899 seipso
843 2827 1001 2883 istud
1034 2827 1270 2895 habere,
1294 2829 1395 2885 sed
1423 2829 1495 2885 ab
1528 2828 1796 2884 omnium
1829 2827 2051 2900 princi-

390 2914 486 2987 pio
515 2918 573 2971 et
602 2932 803 2973 causa.

1006 3006 1079 3061 IN
1119 3006 1271 3063 CAP.
1310 3006 1435 3063 VII.

462 3094 569 3163 §I.
603 3093 780 3167 Supra
826 3112 1045 3153 omnem
1088 3096 1441 3167 sapientiam.
1492 3097 1644 3152 Sunt
1690 3095 1931 3168 quidam
1962 3095 2052 3151 in-

390 3185 874 3256 tempestivorum
900 3184 1382 3257 philoSOphorum
1409 3186 1508 3257 qui
1533 3186 1759 3251 dicunt,
1786 3185 1833 3242 si
1860 3185 2052 3240 velitis

2150 592 2322 664 νοητὰ
2375 599 2492 657 πῶς
2552 595 2834 669 ἀνατρέψει
2891 594 2955 650 τὸ
3002 594 3135 670 ὑπὲρ
3188 599 3359 649 πᾶσαν
3414 593 3656 667 αἴσθησιν
3700 600 3781 653 καὶ

2150 681 2343 753 νόησιν
2367 701 2381 753 ;

2225 863 2311 931 Τῷ
2358 864 2626 938 προφανεῖ
2680 866 2781 929 τῆς
2839 860 3167 931 αἶ’σθήσεως.
3220 859 3291 915 Οὐ
3352 862 3487 937 χρή,
3533 864 3680 940 φησὶ,
3712 863 3791 921 διὰ

2153 948 2220 1003 τὰ
2249 952 2316 1022 τῇ
2350 948 2595 1021 αἲσθτςσει
2629 948 2814 1021 ληπτὰ
2843 949 3086 1005 ἀπιστεῖν
3117 955 3234 1012 τοῖς
3259 951 3383 1026 περί
3423 956 3555 1007 Θεοῦ
3598 952 3791 1031 λόγοις,

2157 1039 2216 1100 ὅς
2264 1037 2408 1093 ἐστιν
2452 1041 2487 1107 ἡ
2521 1040 2736 1093 πάντω)
2767 1040 2976 1115 ἀφανὴς
3019 1038 3186 1095 αἰτία.
3220 1040 3440 1115 Κυρίως
3489 1041 3588 1116 γὰρ
3639 1043 3791 1099 τοῦτό

2156 1124 2268 1181 ἐστι
2298 1127 2445 1203 παρᾶ
2475 1126 2630 1205 φύσιν
2660 1127 2852 1201 εἰπεῖν,
2888 1128 2951 1183 τὸ
2982 1128 3187 1194 ἀθετεῖν
3220 1129 3287 1184 τὰ
3342 1129 3475 1204 ὑπὲρ
3536 1126 3792 1205 αἷῖτθησιν,

2158 1214 2248 1272 διὰ
2275 1216 2337 1272 τὸ
2366 1221 2474 1272 τῶν
2509 1218 2782 1288 αἰσθητῶν
2815 1220 3114 1298 προφανές.

2231 1403 2387 1469 §III.
2452 1395 2577 1455 Εἴτε
2623 1395 2881 1473 λογικὴν,
2943 1396 3052 1454 εἷ’τε
3122 1397 3469 1470 αἰσθητικήν,
3527 1398 3633 1456 εἴτε
3682 1412 3796 1476 θρε-

2160 1490 2385 1559 πτικήν.
2421 1488 2757 1561 Σημείωσαι,
2789 1493 2907 1550 πῶς
2942 1485 3143 1564 διαιρεῖ
3177 1489 3245 1543 τὰ
3296 1490 3420 1564 περὶ
3479 1494 3622 1560 ζωῆς
3681 1494 3795 1565 μεθ-

2161 1581 2321 1642 εκτῆς
2356 1597 2371 1612 ο
2406 1583 2549 1648 ζωῆς
2598 1578 2700 1653 γὰρ
2753 1579 2932 1654 ἀρχήν
2988 1599 3177 1656 φησιν,
3209 1581 3325 1634 οἷον
3384 1580 3484 1647 τήν
3542 1579 3794 1654 ἡμετέραν

2161 1669 2371 1741 ψυχὴν,
2404 1667 2493 1721 καὶ
2523 1667 2622 1735 τήν
2656 1665 2978 1737 αἲσθητικὴν
3025 1664 3107 1722 δὲ’
3147 1668 3304 1722 αὗται
3348 1668 3453 1743 γὰρ
3498 1668 3660 1744 ἀρχαί
3708 1670 3796 1725 εἶσι

2166 1759 2310 1826 ζωῆς
2364 1761 2482 1821 τοῖς
2530 1753 2599 1811 δι’
2630 1755 2804 1811 αὐτῶν
2857 1756 3187 1833 ἀρχομένοις
3239 1756 3315 1819 εἷς
3359 1759 3504 1828 ζωὴν
3562 1761 3797 1813 κινεῖσθαι

2163 1847 2380 1919 σώμασι
2415 1864 2427 1877 ’
2460 1852 2604 1915 ζωῆς
2634 1843 2692 1901 δὲ
2724 1844 2899 1900 οὐσίαι
2951 1847 3005 1900 αἱ
3057 1846 3251 1916 νοηταὶ
3309 1843 3565 1919 δυνάμεις
3614 1847 3698 1901 καὶ
3750 1850 3796 1902 αἱ

2161 1933 2423 2010 ἡμέτεραι
2456 1934 2630 2009 ψυχαί
2665 1954 2677 1965 ·
2712 1936 2810 2004 τὴν
2841 1934 2941 2010 γὰρ
2970 1934 3152 1991 οὐσίαν
3189 1936 3336 2004 ζωὴν
3375 1932 3537 1989 οὖσαν
3570 1932 3795 2012 ἔχουσιν,

2163 2026 2277 2079 οἷον
2310 2021 2447 2093 ὕλην
2480 2023 2599 2078 τινὰ
2628 2024 2717 2078 καὶ
2751 2024 3134 2097 ὑποκείμενον,
3167 2024 3256 2079 καὶ
3307 2022 3611 2096 αὐτὸεῖδος,
3639 2027 3668 2080 ὅ
3694 2025 3791 2081 ἔστι

2164 2118 2309 2182 ζωῆς
2352 2112 2701 2187 ὑπάρχουσαν
2737 2131 2750 2145 ⁸
2787 2110 2871 2168 διὸ
2926 2113 3018 2168 καὶ
3078 2117 3275 2181 ζωοῦσι
3336 2113 3404 2169 τὰ
3462 2114 3698 2188 σώματα,
3730 2115 3795 2177 ὡς

2160 2197 2317 2279 ἔφην,
2352 2202 2405 2256 αἱ
2438 2200 2633 2277 ψυχαί.
2665 2206 2723 2259 Ὁ
2752 2200 2842 2257 οὖν
2894 2203 3049 2270 Θεὸς,
3082 2202 3157 2257 ὡς
3206 2202 3385 2268 αἴτιος
3424 2202 3516 2258 καὶ
3560 2201 3793 2276 συμπλη-

2163 2290 2395 2367 ρωτικὸς
2425 2297 2524 2361 τῆς
2560 2294 2704 2360 ζωῆς
2736 2293 2923 2364 ἡμῶν,
2947 2292 3021 2354 ὡς
3046 2291 3311 2369 συνοχεὸς
3346 2292 3440 2348 καὶ
3473 2289 3792 2368 διαιρετικὸς,

2162 2381 2236 2443 ὡς
2281 2380 2389 2455 τὰς
2426 2377 2686 2458 διαφορὰς
2732 2382 2911 2451 πάσης
2965 2386 3109 2451 ζωῆς
3142 2378 3423 2453 διατάξας,
3455 2386 3682 2452 νοητῶν,
3712 2380 3792 2437 λο-

2160 2473 2349 2544 γικῶν,
2392 2468 2746 2541 αἰσθητικῶν,
2778 2469 3083 2540 αὐξητικῶν
3143 2470 3292 2547 ἀρχὴ
3356 2470 3570 2527 πάντων
3626 2467 3752 2525 ἐστίν
3782 2488 3794 2502 ⁸

2164 2557 2304 2613 ὥστε
2336 2555 2522 2628 ἐπειδὴ
2575 2555 2685 2616 ἅνω
2743 2558 2859 2614 εἶπε
2903 2559 2992 2614 καὶ
3044 2561 3136 2615 τὸν
3193 2558 3363 2629 ἥλιον
3401 2562 3542 2631 ζωὴν
3594 2556 3797 2628 διδόναι,

2161 2647 2252 2704 καὶ
2286 2651 2498 2726 τρέφειν
2529 2651 2726 2715 πάντα,
2761 2648 2837 2722 μή
2888 2650 3116 2724 νοήσῃς,
3151 2648 3234 2704 ὅτι
3290 2649 3390 2728 ἀφ’
3424 2650 3609 2706 ἑαυτοῦ
3655 2653 3794 2705 τοῦτο

2162 2732 2302 2813 ἔχει,
2334 2736 2460 2793 ἀλλ’
2493 2735 2553 2792 ἐκ
2580 2744 2680 2807 τῆς
2707 2737 2920 2793 πάντων
2953 2738 3136 2815 ἀρχῆς
3166 2738 3257 2794 καὶ
3289 2739 3496 2803 αἰτίας.

2659 3012 2771 3062 ΕΙΣ
2810 3012 2895 3066 ΤΟ
2934 3013 3193 3066 ΚΕΦΔΛ.
3235 3015 3309 3067 Ζ¹.

2232 3098 2333 3166 §I.
2366 3095 2525 3169 Ὑπὲρ
2581 3099 2752 3151 πᾶσαν
2808 3098 3024 3172 σοφίαν.
3081 3097 3201 3153 Εἲσί
3265 3120 3412 3163 τινες
3487 3104 3593 3156 τῶν
3661 3096 3784 3155 ἀκαί-

2168 3207 2276 3261 ρων
2309 3183 2625 3264 φιλοσόφων
2659 3183 2939 3261 λέγοντες,
2971 3187 3056 3244 ὅτι
3085 3186 3172 3244 ἐὰν
3209 3188 3489 3263 βούλησθε
3540 3191 3630 3245 τὸν
3676 3186 3782 3243 Θεὸν

393 3271 588 3329 dicere
618 3272 799 3329 Deum
832 3290 1110 3346 superare
1142 3291 1380 3330 omnem
1415 3274 1768 3345 sapientiam
1800 3279 1858 3330 et
1886 3273 2051 3330 intel-

2170 3273 2341 3349 λέγειν
2380 3274 2510 3349 ὑπὲρ
2540 3279 2713 3329 πᾶσαν
2743 3274 2931 3354 σοφίαν
2974 3277 3063 3331 καὶ
3113 3276 3350 3351 σύνεσιν,
3396 3284 3600 3334 ποιεῖτε
3652 3275 3787 3332 αὐτὸν

389 3359 717 3432 ligentiam,
752 3362 944 3419 facitis
988 3362 1184 3435 ipsum
1219 3363 1595 3435 insipientem
1635 3368 1693 3418 et
1724 3362 2055 3419 intellectus

390 3454 711 3523 expertem.
743 3453 829 3507 Ad
851 3469 999 3522 quos
1031 3452 1347 3508 dicendum
1384 3469 1396 3507 :
1434 3455 1585 3507 Deus
1617 3456 1815 3508 noster
1845 3456 1935 3508 est
1953 3470 2051 3509 su-

389 3556 497 3611 pra
528 3541 729 3597 omnia
749 3558 876 3612 que)
906 3541 1322 3614 intelliguntur
1344 3545 1399 3596 et
1422 3546 1592 3609 sunt;
1621 3542 1741 3597 sive
1762 3542 1945 3613 igitur
1965 3560 2054 3597 sa-

391 3629 635 3700 pientia,
669 3635 792 3687 sive
822 3630 1233 3703 intelligentia,
1261 3631 1380 3687 sive
1409 3631 1550 3700 vita,
1585 3630 1706 3686 sive
1733 3632 2055 3687 subsisten-

391 3719 496 3785 tia,
529 3719 650 3776 sive
680 3719 1040 3789 exsistentia,
1073 3721 1193 3777 sive
1224 3719 1482 3776 essentia
1504 3737 1536 3774 a
1561 3719 1730 3775 nobis
1761 3719 2054 3792 intelliga-

392 3813 506 3879 tur,
540 3813 630 3864 est
661 3826 841 3881 supra
868 3808 993 3864 haec
1043 3808 1280 3877 omnia;
1336 3827 1451 3865 non
1484 3811 1638 3881 quod
1673 3808 1819 3864 nihil
1850 3825 2055 3864 eorum

392 3899 703 3971 participet
731 3899 863 3971 (hoc
885 3899 1042 3955 enim
1067 3900 1425 3968 absurdum;
1453 3899 1748 3971 quomodo
1772 3898 1930 3954 enim
1956 3898 2057 3970 qui

392 3992 482 4044 est
512 4005 707 4043 rerum
763 3993 989 4059 auctor,
1040 4006 1283 4044 suorum
1341 4007 1456 4044 non
1510 3993 1666 4044 esset
1698 3987 2057 4060 particeps),

391 4079 493 4134 sed
527 4077 679 4150 quod
711 4079 911 4133 omnia
942 4095 1010 4133 ex
1050 4095 1116 4134 eo
1160 4078 1468 4150 prodeant,
1502 4083 1560 4133 et
1589 4078 1719 4148 ejus
1752 4076 2057 4148 integrita-

391 4174 508 4223 tem
542 4167 933 4239 participent;
967 4184 1138 4227 omne
1170 4168 1326 4223 enim
1378 4168 1531 4239 quod
1566 4166 2057 4237 communicatur,

392 4256 695 4328 antiquius
745 4259 835 4312 est
881 4256 954 4312 iis
1003 4273 1131 4328 quae
1164 4274 1233 4312 ex
1262 4273 1369 4326 eo;
1423 4273 1605 4328 quare
1653 4260 1709 4312 et
1739 4257 1841 4328 qui
1871 4264 1970 4324 est,
2005 4260 2062 4312 et

388 4348 686 4414 aeternitas,
714 4349 772 4402 et
795 4351 1013 4418 tempus
1063 4345 1295 4418 proprie
1348 4346 1690 4401 nominatur
1742 4350 1805 4401 ut
1857 4345 1908 4401 is
1957 4342 2057 4417 qui

389 4436 745 4491 zeternitates
770 4442 824 4491 et
843 4440 1111 4508 tempora
1128 4434 1393 4492 condidit
1422 4452 1434 4503 ;
1468 4435 1553 4490 sic
1586 4435 1767 4507 igitur
1790 4434 1968 4490 etiam
1987 4436 2059 4490 de

388 4524 681 4597 sapientia
710 4528 769 4581 et
800 4524 919 4580 vita
938 4524 1431 4594 dicendum,cum
1467 4540 1695 4593 eorum,
1719 4540 1955 4596 quoque
1978 4523 2058 4580 sit

2165 3362 2369 3439 ἄσοφον
2426 3364 2514 3418 καὶ
2576 3362 2850 3422 ἀσύνετον.
2909 3365 3053 3441 Πρὸς
3113 3364 3205 3429 οὓς
3261 3364 3522 3424 λεκτέον·
3579 3368 3634 3424 Ὁ
3681 3365 3789 3427 Θεὸς

2164 3455 2327 3525 ἡμῶν
2361 3452 2491 3526 ὑπερ
2522 3452 2692 3508 πάντα
2739 3454 2807 3509 τὰ
2850 3453 3126 3528 νοούμενα
3171 3455 3261 3511 καὶ
3323 3453 3453 3514 ὄντα
3508 3452 3790 3513 ἐστίν.Εἴτε

2165 3541 2256 3598 οὗν
2318 3541 2499 3621 σοφία,
2532 3539 2641 3597 εἴτε
2695 3542 2927 3613 σύνεσις,
2981 3540 3088 3599 εἷίτε
3149 3544 3287 3615 ζωή,
3340 3543 3446 3601 εἴτε
3505 3544 3785 3608 ὑπόστασις,

2166 3630 2272 3686 εἴτε
2327 3630 2572 3707 ὕπαρξις,
2630 3629 2739 3688 εἷίτε
2794 3632 2956 3687 οὐσία
3012 3637 3214 3688 νοεῖται
3274 3636 3407 3712 παρ’
3458 3637 3633 3709 ἡμῶν,
3676 3631 3788 3704 ὑπὲρ

2163 3724 2332 3775 ταῦτα
2356 3719 2531 3775 πάντα
2563 3719 2725 3793 ἐστὶν,
2759 3719 2867 3796 οὐχ
2896 3721 2971 3786 ὡς
3003 3723 3079 3794 μὴ
3117 3722 3371 3799 μετὲχων
3411 3724 3582 3779 αὐτῶν
3631 3725 3786 3796 (τοῦτο

2166 3810 2269 3883 γὰρ
2303 3808 2556 3879 ἀνόητον
2592 3810 2620 3862 ὁ
2651 3809 2752 3884 γὰρ
2785 3807 2960 3873 αῗίτιος
2990 3814 3095 3866 τῶν
3120 3811 3426 3888 γινομὲνων
3457 3817 3570 3875 πῶς
3601 3809 3656 3866 οὐ
3679 3828 3787 3882 μετ-

2167 3896 2285 3973 ἐχει
2334 3901 2442 3952 τῶν
2492 3896 2542 3968 ἐξ
2594 3897 2822 3973 αὐτοῦς)
2852 3898 2979 3956 ἀλλ’
3010 3900 3085 3962 ὡς
3131 3905 3236 3957 τῶν
3269 3902 3488 3958 πάντων
3542 3899 3591 3971 ἐξ
3644 3897 3785 3954 αὐτοῦ

2166 3984 2572 4062 προελθόντων,
2602 3986 2689 4041 καὶ
2721 3994 2821 4056 τῆς
2869 3989 3038 4043 αὐτοῦ
3090 3990 3437 4065 μετεχόντων
3497 3989 3743 4059 ὁλότητος
3771 4003 3784 4018 ⁸

2166 4082 2268 4132 πᾶν
2309 4076 2412 4150 γὰρ
2442 4075 2505 4131 τὸ
2539 4075 2906 4152 μετεχόμενον
2938 4078 3297 4155 ἀρχαιότερόν
3331 4078 3443 4136 ἐστι
3473 4085 3577 4135 τῶν
3620 4076 3668 4148 ἐξ
3707 4074 3787 4130 αὖ·

2164 4170 2283 4222 τοῦ.
2317 4165 2411 4220 Διὸ
2458 4164 2549 4220 καὶ
2585 4163 2678 4235 ὢν,
2711 4167 2800 4221 καὶ
2849 4165 2981 4221 αῗὼν
3030 4167 3255 4243 κυρίως,
3287 4168 3380 4225 καὶ
3438 4169 3630 4245 χρόνος
3683 4165 3786 4219 ὀνο-

2171 4257 2418 4329 μάζεται,
2450 4254 2523 4316 ὡς
2557 4257 2645 4309 καί
2674 4253 2802 4317 τοὺς
2836 4253 3039 4318 αἰῶνας
3072 4255 3161 4311 καὶ
3190 4257 3323 4321 τοὺς
3377 4258 3608 4334 χρόνους
3637 4254 3787 4323 ποιή-

2168 4364 2261 4406 σας
2299 4363 2311 4375 ’
2340 4342 2513 4406 οὕτως
2545 4340 2640 4398 οὖν
2680 4344 2771 4399 καὶ
2828 4343 2917 4400 ἐπὶ
2968 4351 3067 4415 τῆς
3117 4346 3311 4421 σοφίας
3371 4348 3462 4404 καὶ
3517 4353 3613 4417 τῆς
3665 4348 3789 4414 ζωῆς

2169 4431 2412 4506 λεκτέον,
2440 4434 2523 4488 ὅτι
2554 4434 2640 4488 καὶ
2675 4433 2850 4490 αὐτῶν
2882 4433 2991 4489 ἐστι
3024 4431 3367 4512 δημιουργός
3394 4445 3409 4471 ⁶
3446 4436 3491 4493 εἰ
3520 4435 3619 4512 γὰρ
3643 4436 3787 4490 ταῦτα

2168 4520 2357 4584 ἄλλως
2388 4519 2535 4598 ἔχειν
2568 4520 2829 4597 εἴπωμεν,
2863 4523 3165 4599 εὑρίσκεται
3209 4526 3238 4581 ὸ
3283 4527 3416 4589 Θεὸς
3462 4526 3672 4602 ὕστερον
3705 4541 3786 4575 σο·

391 4614 693 4681 conditor;
728 4612 779 4669 si
809 4612 966 4669 enim
1001 4614 1121 4669 haec
1151 4614 1324 4669 aliter
1353 4613 1569 4669 habere
1590 4612 1936 4683 dixerimus,
1964 4613 2050 4668 in-

2170 4611 2376 4688 φισθεὶς
2404 4610 2438 4682 ἢ
2467 4612 2807 4683 συνετισθεὶς,
2840 4612 2973 4689 ὅπερ
3012 4620 3113 4685 τῆς
3171 4615 3352 4671 αὐτῶν
3409 4615 3520 4673 ἐστι
3572 4613 3783 4685 τόλμης,

390 4702 623 4758 venitur
651 4702 806 4759 Deus
828 4706 1033 4774 postea
1062 4703 1299 4773 sapiens
1331 4707 1388 4756 et
1414 4701 1748 4772 intelligens
1771 4702 2053 4770 evasisse,

393 4792 548 4863 quod
582 4808 785 4847 eorum
816 4790 1168 4847 temeritatis
1217 4794 1329 4856 est,
1364 4808 1477 4845 non
1530 4790 1834 4861 nostrum';
1859 4791 2052 4847 absit!

460 4883 764 4952 Nostrique
791 4882 1143 4952 praceptoris
1170 4880 1271 4936 sol.
1306 4885 1449 4935 Nota
1480 4880 1634 4951 quod
1658 4880 1841 4936 solem
1876 4898 2053 4937 suum

392 4974 450 5025 et
481 4969 670 5026 sancti
702 4969 998 5025 Hierothei
1032 4968 1188 5024 dicat
1237 4968 1571 5040 apostolum
1625 4969 1895 5027 Paulum.
1929 4971 2053 5026 Ad-

387 5064 547 5115 verte
577 5063 773 5115 autem
806 5058 1102 5129 quomodo
1129 5058 1294 5113 Pater
1315 5058 1668 5114 intellexerit
1697 5060 2051 5117 sententiam

387 5148 675 5220 Apostoli.
734 5146 1189 5220 Chrysostomus
1240 5146 1397 5202 enim
1451 5151 1509 5204 et
1553 5147 1758 5219 reliqui
1811 5149 2052 5207 Patrum

388 5238 535 5294 illud
564 5240 636 5293 de
666 5251 837 5292 cruce
863 5234 1297 5291 intellexerunt.

461 5326 642 5381 Etiam
670 5324 915 5379 solemne
946 5327 1028 5378 est
1057 5324 1345 5395 theologis.
1373 5326 1533 5390 Quod
1569 5326 1787 5381 dicitur
1806 5342 2051 5383 consue-

392 5415 660 5472 tudinem
694 5428 824 5469 esse
853 5411 1142 5484 theologis
1173 5413 1322 5471 185
1359 5414 1724 5487 privationes
1756 5416 2049 5472 contrario

2165 4700 2558 4777 οὐχ-ἡμέτερον
2596 4721 2608 4734 ·
2649 4702 2724 4775 μὴ
2758 4702 3012 4778 γένοιτοῙ

2237 4789 2333 4846 Καὶ
2416 4794 2513 4845 τοῦ
2598 4790 2978 4866 καθηγεμόνος
3061 4791 3245 4862 ἥλιος,
3325 4792 3637 4868 Σημείωσαι
3712 4786 3780 4843 ὅτι

2162 4878 2325 4949 ἥλιον
2375 4879 2565 4934 ἑαυτοῦ
2616 4879 2706 4935 καὶ
2749 4884 2848 4936 τοῦ
2897 4880 3057 4957 ἁγίου
3088 4882 3353 4957 Ἱεροθέου
3382 4885 3475 4939 τὸν
3504 4876 3778 4938 ἀπόστολον

2162 4967 2378 5027 ΙΙαῦλόν
2428 4990 2582 5048 φησι.
2636 4970 2959 5044 Σημείωσαι
3006 4971 3084 5042 δὲ,
3117 4976 3234 5035 πῶς
3286 4967 3477 5028 ἔλαϐεν
3535 4971 3562 5026 ὁ
3618 4966 3777 5041 Πατὴρ

2159 5060 2222 5114 τὸ
2293 5057 2457 5135 ῥητὸν
2529 5063 2625 5113 τοῦ
2685 5059 3030 5116 Ἀποστόλοο
3064 5080 3077 5093 ·
3137 5062 3165 5116 ὁ
3241 5061 3345 5138 γὰρ
3422 5059 3777 5138 Χρυσόπομος

2160 5148 2251 5203 καὶ
2303 5148 2354 5203 οἱ
2401 5146 2591 5204 λοιποὶ
2639 5153 2748 5204 τῶν
2803 5150 3056 5227 Πατὲρων
3117 5150 3369 5226 περῖτοῦ
3398 5153 3622 5227 σταυροῦ
3669 5142 3779 5201 αὐτὸ

2162 5231 2382 5294 ἔλαϐον.

2232 5324 2334 5382 Καὶ
2389 5324 2613 5398 σύνηθές
2673 5326 2785 5381 ἔστι
2841 5333 2959 5391 τοῖς
3032 5326 3340 5406 θεολόγοις.
3390 5331 3461 5384 Τὸ
3517 5324 3774 5402 εἰρημένον

2157 5407 2278 5480 ἔθος
2326 5417 2461 5470 εἶναι
2512 5421 2628 5478 τοῖς
2660 5416 2943 5493 θεολόγοις
2975 5418 3279 5483 ἀντιπαθῶς
3310 5422 3352 5457 ⁴¹
3389 5417 3473 5475 ἐπὶ
3524 5417 3648 5473 Θεοῦ
3689 5410 3772 5470 τὰς

1424 5595 1665 5652 VARIIE
1694 5595 2079 5656 LECTIONES
2107 5598 2196 5655 ET
2226 5597 2774 5657 CORRECTIONES.

467 5721 509 5758 ‘1
543 5717 659 5776 ἀντὶ
691 5719 913 5783 πάθους.
