4034 6390
279 352 387 407 341

1045 359 1103 410 S.
1147 356 1422 412 MAXIMI
1469 360 1778 415 SCHOLIA
1815 363 1889 414 IN
1929 363 2064 414 LIB.
2107 363 2202 414 DE
2244 361 2521 414 DIVINIS
2561 361 2978 417 NOMINIBUS.

3621 362 3727 417 3’12

281 487 573 560 περήσεις
603 482 871 563 ἐκφέρειν,
906 483 1080 548 οὕτως
1127 482 1186 539 ἂν
1238 488 1534 560 νοήσαιμεν
1560 505 1573 521 ·
1612 487 1943 563 βουλόμενοι

2068 503 2238 543 sensu
2275 490 2344 545 de
2378 490 2490 545 Deo
2530 490 2862 559 enuntiare,
2911 490 2992 544 ita
3040 487 3480 560 intelligamus;
3514 506 3726 562 nempe

279 572 386 648 γάρ
422 573 618 628 ἐκεῖνοι
650 575 712 629 τὸ
744 578 861 651 φῶς
907 574 969 629 τὸ
1021 576 1167 630 θεῖον
1217 576 1340 630 ὅσον
1403 576 1519 632 οἶόν
1578 597 1635 632 τε
1665 582 1952 651 παριστᾷν,

286 661 373 715 ὅτι
409 662 870 735 ἀπροσπέλαστον
917 662 1007 718 καὶ
1059 665 1478 738 ἀκατόπτευτον,
1530 668 1575 738 ᾧ
1621 669 1695 740 μή
1731 665 1953 723 δύναται

287 747 631 824 προσϐαλεῖν
679 749 872 824 μηδὲν,
907 755 1045 825 μήτε
1093 750 1281 822 ἄυλον,
1329 757 1467 827 μήτε
1517 755 1797 826 αἰσθητὸν,
1827 752 1954 811 σκό-

285 861 383 902 τος
443 840 759 914 ὠνόμασαν,
827 843 900 904 ὡς
958 843 1040 906 τὸ,
1112 845 1307 906 ’Έθετο
1382 844 1574 907 σκότος
1633 847 1952 922 ἀποκρυφὴν

290 931 485 998 αὐτοῦ,
541 933 673 1005 ὅπερ
734 933 762 986 6
815 933 958 994 θεῖος
1016 931 1356 994 Ἀπόστολός
1405 956 1558 1012 φησι,
1621 939 1746 996 Φῶς
1789 932 1952 990 οἷ’κῶν

289 1019 592 1094 ἀπρόσιτον
629 1040 642 1053 ο
695 1021 740 1092 ᾧ
784 1019 886 1096 γάρ
943 1018 1112 1092 μηδὲν
1164 1022 1442 1098 πρόσεισιν
1498 1024 1690 1096 ὅμοιόν
1738 1024 1956 1096 ἐστιτῷ

291 1110 371 1182 μή
409 1110 612 1186 ὁρῶντι
648 1109 996 1185 ὑπεροχικῶς
1033 1110 1228 1184 σκότῳ.
1265 1110 1437 1166 Πάλιν
1472 1112 1682 1188 εἷ’ρηται
1718 1158 1730 1170 .
1765 1115 1956 1179 Ἐθαυ-

289 1200 556 1273 μαστώθη
608 1203 643 1270 ἡ
693 1200 891 1276 γνῶσίς
942 1221 1038 1256 σου
1087 1200 1139 1273 ἐξ
1203 1201 1361 1275 ἐμοῦ,
1409 1201 1530 1258 λίαν
1590 1205 1954 1281 ἐκραταιώθη,

287 1289 350 1343 οὗ
409 1286 660 1363 δύνωμαι
710 1290 850 1366 πρὸς
924 1292 1117 1362 αὐτήν.
1183 1295 1387 1368 ’Ὠσπερ
1442 1294 1532 1348 οὖν
1592 1297 1626 1364 ἡ
1678 1295 1953 1366 ἀκατάλη-

285 1398 426 1441 πτος
483 1400 574 1434 και
657 1380 1020 1456 ἀπερινόητος
1093 1382 1344 1456 ἀκράτως
1418 1388 1514 1438 τοῦ
1573 1389 1706 1440 Θεοῦ
1763 1390 1957 1460 γνῶσις

288 1467 538 1541 ἀγνωσία
594 1471 978 1540 παρεικάζεται
1033 1475 1102 1545 τῇ
1166 1472 1442 1548 ὑπερούσῃ
1497 1479 1671 1528 πᾶσαν
1727 1473 1779 1530 ἰν
1834 1497 1955 1529 κτι-

288 1562 444 1619 στοῖς
474 1563 676 1634 γνῶσιν
706 1579 717 1592 ·
749 1562 785 1628 ἡ
820 1560 922 1635 γὰρ
971 1561 1097 1636 περὶ
1147 1561 1278 1616 Θεὸν
1323 1561 1566 1636 ἀγνωσία
1601 1568 1708 1619 τῶν
1738 1565 1859 1641 περῖ
1891 1565 1957 1619 τὰ

288 1648 409 1700 θεῖα
464 1652 647 1724 σοφῶν
710 1647 810 1703 οὐκ
875 1648 1016 1704 ἔστιν
1059 1650 1284 1724 ἀμαθία,
1346 1649 1493 1707 ἀλλά
1547 1658 1764 1729 γνῶσις,
1825 1657 1953 1729 σιγῇ

286 1737 667 1810 γινώσκουσι,
703 1737 785 1793 ὅτι
837 1737 978 1793 ἐστιν
1041 1738 1315 1814 ἄγνωστος
1366 1743 1394 1794 6
1445 1742 1574 1804 Θεός
1608 1763 1621 1776 ·
1655 1743 1828 1805 οὕτως
1861 1743 1952 1799 οῦν

288 1826 378 1880 καὶ
414 1824 644 1881 κένωσιν
677 1825 906 1882 καλοῦσι
940 1833 1034 1882 τοῦ
1081 1834 1218 1884 Θεοῦ
1267 1830 1442 1906 Λόγου
1468 1833 1566 1899 τὴν
1601 1831 1953 1906 ἐνανθρώπη-

287 1936 396 1987 σιν,
443 1917 623 1972 καίτοι
680 1916 872 1989 πλήρη
922 1917 1326 1994 τυγχάνουσαν,
1398 1919 1616 1992 μᾶλλον
1676 1919 1732 1976 δὲ
1793 1923 1952 1996 6115p-

283 2004 484 2080 πλήρη
521 2005 717 2081 σοφίας
746 2008 833 2061 καὶ
868 2004 1145 2080 δυνάμεως
1179 2009 1268 2062 καὶ
1320 2008 1596 2084 σωτηρίας
1631 2029 1643 2042 ·
1673 2009 1818 2066 ἀλλά
1859 2013 1947 2066 καὶ

281 2094 568 2158 ἀσθένειαν
599 2099 735 2150 Θεοῦ
763 2095 827 2151 τὸ
859 2093 948 2150 διὰ
991 2101 1223 2172 σταυροῦ
1265 2098 1527 2173 τρόπαιον
1566 2099 1948 2172 ὀνομάζουσιν,

284 2185 400 2238 οἷον
428 2182 620 2252 ἐπειδὴ
663 2184 878 2257 θανάτῳ
922 2187 976 2239 αἱ
1023 2187 1257 2261 πονηραὶ
1293 2189 1381 2241 καὶ
1424 2189 1647 2263 ἀόρατοι
1692 2186 1950 2262 δυνάμεις

280 2277 381 2328 τοῦ
443 2267 712 2329 διαϐόλου
768 2273 1165 2346 κατελύθησαν,
1223 2276 1312 2331 καὶ
1367 2278 1481 2332 ἀντὶ
1539 2279 1764 2333 θανάτου
1823 2279 1950 2335 ἀνα-

285 2383 479 2424 στασις
539 2367 746 2437 νεκρῶν
801 2363 889 2418 καὶ
950 2363 1196 2438 βασιλεία
1263 2365 1503 2441 οὐρανῶν
1565 2368 1896 2443 ἀντεισήχθη
1933 2387 1947 2403 ο

279 2455 481 2507 τοῦτον
519 2453 611 2507 οὖν
642 2453 737 2508 τὸν
771 2455 975 2527 τρόπον
1027 2454 1116 2508 καὶ
1177 2456 1357 2530 μωρία
1406 2462 1562 2514 Θεοῦ.
1595 2459 1629 2527 ἡ
1659 2464 1830 2512 πᾶσαν
1860 2481 1950 2514 σο-

287 2541 414 2619 φίαν
471 2542 565 2597 καὶ
646 2542 958 2616 ἐπιστήμην
1029 2545 1396 2620 ὑπεραίρουσα
1442 2551 1548 2601 τῶν
1627 2548 1949 2622 ἀνθρώπων,

286 2630 503 2692 σῦνεσις
534 2635 632 2685 τοῦ
681 2635 838 2700 Θεοῦ,
899 2634 1108 2702 Νοήσαι
1168 2630 1225 2688 δὲ
1283 2631 1344 2688 ἄν
1395 2655 1480 2697 τις
1536 2635 1598 2690 τὸ
1631 2634 1950 2710 λεγόμενον,

283 2719 492 2774 ἐννοῶν
551 2719 678 2782 τοὺς
729 2721 835 2776 ἀπὸ
888 2725 997 2776 τῶν
1062 2721 1339 2798 αἱρέσεων,
1397 2725 1514 2797 μεθ’
1561 2726 1634 2779 ὧν
1683 2725 1771 2779 καὶ
1822 2725 1950 2788 τοὺς

279 2807 598 2879 Ἕλληνας,
651 2811 704 2864 οἳ
776 2808 1178 2885 συλλογισμοῖς
1240 2811 1518 2882 αἰσθητοῖς
1568 2811 1950 2869 ἀποδεικνύναι

281 2900 651 2977 φαντάζονται
712 2903 846 2954 Θεοῦ
923 2901 1195 2974 σάρκωσιν
1272 2898 1536 2956 ἀδύνατον
1593 2903 1724 2957 εἶναι
1783 2905 1950 2979 μέχρι

277 2990 522 3044 θανάτου
555 2987 1030 3061 οἶκονομηθεῖσαν.
1077 2990 1221 3064 Πρὸς
1263 2988 1355 3053 οὓς
1387 2989 1580 3046 ἐννοῶν
1615 2993 1642 3046 6
1675 2991 1949 3056 θειότατος

279 3077 508 3139 Παῦλος
559 3076 874 3154 ἴλιγγιάσας
944 3075 1237 3154 ἀνέκραγεν
1278 3099 1290 3112 ·
1363 3081 1427 3134 Ὦ
1487 3081 1648 3156 βάθος
1705 3081 1950 3138 πλούτου

277 3167 370 3222 καὶ
436 3166 632 3244 σοφίας
720 3172 877 3239 Θεοῦ,
938 3168 1014 3230 ὡς
1092 3168 1477 3245 ἀνεξερεύνητα
1555 3171 1621 3225 τὰ
1706 3171 1948 3246 κρίματα

2064 578 2218 648 quod
2254 577 2338 632 illi
2385 578 2648 636 volentes
2697 579 2961 633 divinum
3014 577 3213 633 lumen
3264 583 3554 650 quantum
3588 574 3725 635 licet

2066 673 2506 738 reprmsentare,
2565 669 2702 741 quia
2751 669 3118 724 inaccessum
3170 673 3227 722 et
3271 669 3582 738 invisibile,
3628 669 3724 724 cui

2067 758 2212 813 nihil
2247 759 2546 814 intendere
2582 762 2794 829 potest,
2829 774 3016 829 neque
3068 758 3326 812 materiae
3359 775 3583 829 expers,
3619 777 3724 815 nec

2067 847 2303 915 sensile,
2339 848 2652 921 caliginem
2680 848 3081 917 nominarunt,
3108 852 3170 901 ut
3195 845 3335 902 illud
3369 848 3681 920 Seripturaa
3712 865 3724 902 :

2066 940 2257 992 Posuit
2287 939 2546 993 tenebras
2594 938 2889 992 latibulum
2917 954 3080 991 suum
3131 937 3254 1007 (ν’),
3305 938 3455 1006 quod
3491 938 3728 992 divinus

2065 1028 2380 1100 Apostolus
2412 1029 2554 1083 dicit
2590 1045 2602 1081 :
2639 1030 2836 1083 Lucem
2858 1027 3149 1082 inhabitat
3181 1026 3614 1081 inaccessibilem
3637 1027 3729 1097 (3);

2067 1117 2210 1171 illud
2247 1117 2400 1172 enim
2454 1117 2524 1172 ad
2577 1118 2731 1188 quod
2787 1116 2930 1170 nihil
2985 1115 3229 1181 accedit,
3275 1113 3472 1169 simile
3518 1120 3630 1185 est,
3665 1119 3729 1169 ut

2066 1207 2467 1263 excellentiam
2517 1206 2880 1278 designando
2934 1205 3163 1277 loquar,
3195 1203 3433 1276 caligini
3485 1221 3600 1259 non
3639 1204 3725 1258 vi-

2066 1297 2252 1352 denti.
2286 1300 2502 1352 Iterum
2555 1297 2813 1351 dicitur:
2848 1295 3124 1350 Mirabilis
3171 1295 3322 1365 facta
3371 1297 3449 1350 est
3493 1296 3729 1349 scientia

2064 1391 2169 1443 tua
2200 1403 2269 1443 ex
2300 1403 2405 1454 me,
2440 1387 2602 1442 valde
2648 1389 2956 1456 confortata
2986 1393 3082 1451 est,
3115 1401 3217 1439 nec
3257 1385 3414 1456 potui
3454 1384 3528 1438 ad
3557 1399 3678 1438 eam
3707 1399 3728 1439 :

2067 1478 2150 1532 sic
2167 1477 2343 1550 igitur
2357 1474 2970 1548 incomprehensibilis
2983 1479 3038 1530 et
3052 1473 3294 1528 minime
3311 1471 3724 1544 intelligihilis,

2067 1568 2193 1622 sine
2249 1567 2525 1622 mistione
2598 1566 2692 1620 Dei
2753 1564 3030 1636 cognitio,
3089 1563 3431 1635 ignorantiae
3490 1577 3726 1617 omnem

2067 1659 2468 1713 creaturarum
2522 1653 2914 1725 cognitionem
2968 1653 3272 1723 superanti
3323 1651 3724 1718 assimilatur;

2067 1747 2398 1817 ignorantia
2453 1744 2607 1799 enim
2655 1744 2712 1797 in
2758 1743 2972 1797 divinis
3017 1757 3218 1796 eorum
3254 1741 3354 1813 qui
3405 1741 3602 1796 divina
3630 1757 3724 1795 sa-

1987 1868 2033 1932 B
2068 1839 2256 1907 piunt,
2294 1853 2405 1889 non
2453 1840 2542 1888 est
2591 1832 2846 1898 inscitia,
2881 1833 2980 1886 sed
3017 1831 3282 1899 scientia,
3329 1848 3458 1902 quae
3489 1830 3723 1885 silentio

2065 1923 2364 1996 cognoscit
2412 1923 2594 1977 Deum
2657 1921 2900 1975 minime
2949 1921 3222 1991 cognosci
3271 1937 3462 1990 posse.
3515 1921 3720 1989 Itaque

2063 2015 2163 2069 Dei
2198 2013 2363 2070 Verbi
2399 2019 2617 2066 natura:
2650 2011 2922 2065 humanae
2944 2010 3409 2080 assumptionem
3445 2008 3715 2064 inanitio-

2064 2120 2196 2158 nem
2221 2106 2452 2166 vocant,
2475 2101 2582 2155 etsi
2609 2101 2780 2172 plena
2802 2100 2878 2156 sit
2897 2100 3014 2154 imo
3038 2098 3382 2169 plenissima
3402 2099 3712 2170 sapientia,

2060 2194 2299 2261 virtute,
2327 2209 2392 2247 ac
2414 2190 2640 2257 salute;
2665 2190 2806 2262 quin
2831 2188 3009 2244 etiam
3038 2188 3132 2244 Dei
3155 2189 3560 2244 inﬁrmitatem
3580 2205 3714 2243 cru-

2063 2284 2147 2338 cis
2173 2289 2459 2352 tropaeum
2490 2286 2720 2347 vocant,
2773 2279 3053 2350 quoniam
3104 2277 3272 2332 malae
3304 2282 3362 2332 et
3391 2277 3720 2333 invisibiles

2064 2371 2281 2428 diaboli
2305 2374 2626 2442 potestates
2645 2374 2831 2425 morte
2853 2367 3154 2424 dissolutae
3172 2371 3395 2436 sunt,et
3411 2384 3514 2439 pro
3535 2371 3722 2423 morte

2065 2467 2432 2517 mortuorum
2467 2458 2820 2515 resurrectio
2853 2474 2919 2513 ac
2950 2473 3196 2528 regnum
3231 2458 3508 2513 caelorum
3539 2457 3720 2512 intro-

2062 2553 2306 2606 ductum
2323 2548 2551 2604 estzhoc
2567 2547 2748 2620 igitur
2761 2547 2934 2601 modo
2948 2544 3720 2616 stultitiaDei,quaeomncm

2062 2639 2411 2711 sapientiam
2437 2641 2489 2692 et
2510 2637 2814 2692 scientiam
2830 2635 3138 2690 hominum
3160 2639 3420 2704 superat,
3441 2634 3534 2689 Dei
3559 2634 3722 2689 inlel-

2062 2727 2304 2800 ligentia
2337 2745 2350 2783 :
2387 2725 2599 2798 poterit
2625 2730 2819 2781 autem
2854 2725 2988 2793 quis
3032 2723 3355 2794 intelligere
3389 2723 3544 2795 quod
3579 2723 3722 2778 dici-

2061 2824 2178 2884 tur,
2230 2817 2276 2872 si
2313 2816 2525 2888 cogitet
2557 2813 2881 2883 haereticos,
2915 2818 2972 2867 et
3001 2829 3133 2867 cum
3167 2811 3287 2866 illis
3317 2812 3588 2882 gentiles,
3619 2813 3720 2883 qui

2062 2906 2328 2964 sensibili
2362 2907 2706 2974 argumento
2740 2907 2950 2973 putant
2985 2902 3410 2965 demonstrare,
3442 2901 3720 2972 impossi-

2061 2996 2178 3052 bile
2209 3011 2339 3051 esse
2373 2993 2472 3048 Dei
2499 2991 2961 3048 incarnationem
2996 3007 3184 3061 usque
3215 2991 3284 3044 ad
3319 2995 3564 3044 mortem
3598 2990 3720 3044 dis-

2061 3090 2368 3158 pensatum
2421 3083 2622 3138 fuisse.
2675 3081 2962 3135 Adversus
3012 3095 3161 3150 quos
3211 3079 3450 3133 divinus
3503 3078 3720 3135 Paulus

2059 3175 2236 3231 veluti
2268 3173 2580 3245 cogitando
2611 3171 2821 3242 capitis
2850 3169 3202 3240 vertiginem
3237 3185 3450 3239 passus
3482 3167 3718 3237 clamat,

279 3257 473 3312 αὐτοῦ.
498 3258 570 3311 Τὸ
601 3257 692 3311 οῦν
745 3257 1037 3333 ὑπεραῖρον
1089 3258 1268 3327 πάσῆς
1323 3267 1546 3330 κτιστῆς
1591 3261 1785 3336 σοφίας
1813 3263 1945 3334 μέθ-

2068 3266 2101 3321 0
2128 3239 2370 3320 altitudo
2410 3239 2741 3317 divitiarum
2784 3268 2836 3315 et
2880 3239 3172 3330 sapientiae
3220 3258 3333 3326 Dei,
3367 3274 3530 3328 quam
3561 3260 3720 3314 inin-

277 3344 411 3401 οδον
445 3344 563 3400 ἴσον
600 3345 660 3400 ἂν
691 3344 774 3417 εἶή
808 3351 924 3408 τοῖς
958 3349 1022 3402 οὗ
1055 3346 1430 3413 θεοδιδάκτοις
1463 3349 1672 3425 μωρίας
1707 3350 1896 3426 λόγοις
1930 3370 1944 3422 ;

283 3437 498 3510 Λόγοις
533 3437 638 3511 γάρ
681 3435 780 3491 οὐκ
810 3436 869 3491 ἂν
919 3435 1301 3510 ἐξομαλισθείη
1336 3437 1370 3508 ἤ
1409 3436 1480 3492 δι’
1508 3439 1780 3509 αἰσθητῶν
1813 3441 1947 3496 ἀπο.

281 3523 502 3596 δείξεων
533 3526 595 3580 τὸ
631 3527 952 3600 μυστήριον,
988 3525 1226 3590 πίστεως
1259 3527 1321 3582 οὐ
1353 3529 1801 3603 προηγουμένης.

351 3793 862 3858 Ἀντιπεπονθότως
969 3793 1058 3849 ἰπὶ
1153 3800 1314 3851 Θεοῦ.
1399 3798 1898 3861 Ἀντιπεπονθότως
1931 3842 1946 3868 ,

288 3888 565 3939 τουτέστιν
645 3884 1106 3961 ἀντιπεριτροπήν
1174 3891 1272 3941 τοῦ
1351 3885 1523 3960 λόγου
1584 3887 1894 3964 πάσχοντος
1930 3907 1944 3921 ⁵

278 3971 369 4028 διὰ
416 3975 527 4048 γὰρ
577 3977 688 4028 τῶν
749 3976 837 4036 εάς
917 3976 1196 4048 στερήσεις
1263 3973 1551 4045 δηλουσῶν
1601 3977 1950 4053 ἀποφάσεων,

271 4065 307 4132 ἡ
341 4063 474 4136 περὶ
510 4066 652 4116 Θεοῦ
688 4063 936 4138 ὑπεροχῆ
991 4060 1276 4134 δηλοῦται,
1330 4065 1462 4142 ὅπερ
1516 4067 1567 4120 ἐν
1597 4068 1764 4144 ἑτέρῳ
1791 4064 1948 4122 δόνα-

275 4173 372 4225 μιν
415 4153 763 4228 ὖπεροχικῆς
791 4151 1113 4231 ἀποφάσεως
1142 4152 1348 4230 εἷ’ρηκε.

347 4330 435 4387 Τὸ
497 4329 828 4404 φαινόμενον
888 4328 940 4384 ἐν
998 4330 1137 4404 αὐτῇ
1193 4329 1534 4407 παράλογον.
1585 4334 1681 4388 Καὶ
1739 4333 1838 4409 γὰρ
1886 4335 1951 4389 τὸ

271 4419 423 4474 κατά
449 4420 549 4473 τὸν
582 4419 811 4494 σταυρὸν
861 4421 1053 4488 πάθος,
1095 4419 1186 4474 καὶ
1228 4422 1292 4474 16
1343 4418 1518 4497 λέγειν
1554 4424 1683 4478 Θεὸν
1709 4424 1952 4488 παθόντα

280 4510 475 4584 σαρκὶ,
525 4507 615 4562 καὶ
675 4506 992 4584 παράλογον
1043 4508 1212 4577 δοκεῖ,
1262 4510 1352 4563 καὶ
1398 4507 1623 4580 ἄτοπον,
1686 4511 1818 4588 ὅπερ
1849 4514 1948 4582 τήν

2061 3352 2407 3424 vestigabilia
2440 3352 2652 3419 iudicia
2699 3351 2815 3421 ejus
2849 3349 2938 3419 (δ’)
2966 3367 2978 3412 ;
3036 3348 3190 3419 quod
3223 3364 3359 3418 ergo
3403 3347 3594 3402 omnis
3626 3365 3719 3402 sa-

2061 3443 2291 3517 pientiae
2323 3447 2530 3496 creatae
2562 3440 2680 3494 vim
2724 3442 2983 3510 superat,
3018 3438 3313 3508 quomodo
3363 3437 3584 3508 zequale
3611 3437 3722 3492 erit

2060 3533 2322 3590 stultitiae
2353 3530 2542 3586 verbis
2575 3529 2822 3584 minime
2845 3545 2877 3582 a
2900 3527 3016 3582 Deo
3040 3526 3264 3582 edoctis
3281 3526 3307 3580 ?
3331 3526 3530 3598 Neque
3560 3527 3718 3582 enim

2061 3622 2406 3694 mysterium
2438 3618 2631 3674 verbis
2663 3623 2763 3672 aut
2794 3615 3295 3672 demonstratione
3326 3614 3594 3671 sensibili
3622 3631 3718 3670 ex-

2060 3711 2262 3785 plicari
2297 3713 2496 3782 queat,
2532 3707 2646 3762 nisi
2682 3706 2824 3761 fides
2854 3705 3163 3778 praecedat.

2133 3800 2426 3856 Contraria
2458 3814 2644 3864 sensu,
2687 3796 2785 3851 Gr.
2819 3791 3314 3861 ἀντιπεπονθότως,
3349 3795 3406 3848 in
3440 3794 3564 3849 Deo.
3600 3793 3718 3849 Ἀν.

2058 3886 2484 3953 τιπεπονθότως,
2518 3886 2575 3941 id
2609 3889 2695 3941 est
2745 3901 3016 3940 sermone
3064 3883 3552 3956 signiﬁcationem
3584 3898 3716 3939 con-

2060 3981 2299 4038 trariam
2347 3978 2636 4044 habente;
2687 3973 3103 4047 negationibus
3154 3972 3311 4028 enim
3363 3973 3718 4044 privationes

2061 4067 2526 4133 declarantibus,
2558 4063 2902 4120 excellentia
2942 4061 3298 4128 declaratur,
3332 4062 3486 4132 quod
3515 4061 3628 4116 alio
3657 4061 3718 4116 in

2059 4161 2186 4216 loco
2243 4157 2526 4212 virtutem
2585 4152 2915 4226 negationis
2961 4167 3268 4208 excessum
3327 4151 3720 4222 signiﬁcantis

2061 4249 2227 4305 dixit.

2137 4338 2195 4393 Id
2227 4337 2378 4408 quod
2429 4335 2491 4390 in
2542 4349 2608 4390 ea
2653 4332 2865 4387 rationi
2910 4332 3257 4388 contrarium
3305 4329 3537 4385 videtur.
3571 4330 3718 4386 Nam

2063 4429 2182 4502 pati
2216 4427 2272 4481 in
2306 4440 2499 4493 cruce,
2534 4429 2591 4480 et
2623 4437 2886 4478 asserere
2934 4420 3117 4476 Deum
3159 4420 3216 4474 in
3247 4437 3422 4475 carne
3453 4437 3721 4491 passum,

2063 4517 2273 4573 rationi
2307 4512 2665 4570 contrarium
2713 4515 2887 4581 atque
2918 4511 3241 4565 absurdum
3282 4509 3531 4572 videtur,
3566 4509 3720 4563 186

279 4595 462 4658 ὅντως
498 4594 704 4666 ἐδήλου
735 4596 1019 4667 ἀλήθειαν,
1073 4597 1438 4672 [Σημείωσαι]
1477 4605 1594 4662 πῶς
1624 4606 1740 4654 νοεῖ
1780 4602 1807 4655 6
1848 4609 1947 4656 Πα-

2068 4608 2214 4680 quod
2264 4622 2324 4660 re
2373 4604 2503 4674 ipsa
2543 4603 2732 4672 ipsam
2785 4598 3119 4654 declarabat
3166 4598 3490 4652 veritatem.
3529 4597 3719 4669 [Nota,

274 4688 390 4762 τήρ
424 4687 490 4742 τὸ
527 4690 626 4741 τοῦ
675 4681 1020 4743 Ἀποστόλου
1078 4685 1242 4762 ῥητόν
1276 4707 1288 4720 ”
1345 4689 1374 4742 6
1429 4688 1528 4764 γὰρ
1561 4691 1949 4764 Χρυσόστομος

279 4777 378 4830 καὶ
415 4777 468 4829 οἱ
502 4775 695 4830 λόιποὶ
737 4779 843 4830 τῶν
899 4774 1148 4848 Πατᾶρων
1200 4775 1324 4852 περὶ
1374 4781 1470 4831 τοῦ
1524 4783 1756 4852 σταυροῦ
1786 4784 1949 4835 τοῦτο

284 4859 603 4937 ὲξὲλαὸον.]

361 4951 802 5027 Ἐνειλούμενοι.
865 4955 951 5010 Ἐν
1005 4951 1202 5017 ἄλλοϊς
1253 4953 1626 5029 ἑνιλλόμενοι,
1677 4957 1951 5013 τούτέστιν

283 5042 751 5122 ἐπιστρεφόμενοι
783 5046 853 5111 ⁴²,
902 5041 1411 5119 ἐγκαλινδούμενοι.
1473 5047 1716 5101 Δείκνυσι
1771 5045 1829 5102 δὲ
1868 5047 1957 5102 διὰ

277 5131 529 5206 τούτων,
560 5131 645 5189 ὅτι
673 5132 734 5188 οὐ
769 5130 852 5187 δεῖ
878 5133 945 5187 τά
975 5133 1092 5188 οεῖα
1131 5139 1249 5196 τοῖς
1280 5134 1643 5213 ἀνθρωπίνοις
1673 5131 1958 5212 παραϐάλ-

284 5220 436 5279 λειν.

366 5422 474 5496 (r‘)
508 5422 664 5479 Psal.
699 5439 839 5494 xvu,
875 5420 962 5478 12.
1043 5421 1111 5495 (ις)
1142 5425 1162 5479 Ι
1194 5422 1342 5480 Tim.
1375 5440 1450 5494 v1,
1484 5425 1570 5479 16.

2062 4692 2356 4766 quomodo
2403 4690 2497 4744 hic
2529 4692 2698 4742 Pater
2745 4686 2968 4741 dictum
3018 4684 3165 4739 illud
3218 4683 3472 4754 Apostoli
3503 4683 3720 4739 intelli-

2063 4789 2206 4858 gat:
2242 4797 2377 4836 nam
2431 4779 2907 4847 Chrysostomus,
2956 4790 3022 4830 ac
3068 4773 3278 4845 reliqui
3332 4773 3530 4828 Patres
3549 4775 3718 4872 \istud

2065 4874 2134 4928 de
2164 4888 2336 4928 cruce
2369 4865 2763 4939 acceperunt.]

2144 4962 2500 5024 Inharentes,
2536 4958 2633 5013 Gr.
2671 4953 3064 5025 ἐνειλούμενοι.
3093 4952 3218 5008 Alia
3247 4950 3601 5023 exemplaria
3626 4951 3726 5005 ha-

2069 5053 2210 5108 bent
2241 5045 2618 5119 ἐνιλλόμενοι,
2653 5046 2709 5100 id
2743 5048 2831 5100 est
2875 5042 3161 5110 conversi,
3191 5042 3460 5098 involuti.
3492 5042 3595 5096 His
3622 5058 3726 5096 au-

2070 5147 2187 5197 tem
2221 5137 2478 5195 ostendit
2528 5135 2727 5192 divina
2757 5151 2872 5190 non
2922 5147 3051 5189 esse
3082 5149 3216 5187 cum
3262 5132 3544 5187 humanis
3575 5147 3730 5187 com-

2071 5230 2354 5304 paranda.

1649 5425 1738 5502 (δ’)
1770 5426 1934 5483 Rom.
1958 5444 2039 5499 x1,
2072 5426 2190 5499 33).

1309 5603 1552 5661 VARIE
1606 5606 1994 5668 LECTIONES
2041 5607 2132 5664 ET
2177 5601 2726 5663 CORRECTIONES.

371 5720 420 5756 ⁴²
450 5717 893 5798 ἐνστρεφόμενοι.
