4034 6388
381 331 489 386 343

1209 335 1575 390 APPENDIX
1612 293 1988 390 ADVOPERA
2023 337 2082 388 s.
2123 332 2436 392 DIONYSII
2478 335 2981 392 ΑΒΕοΡΑθιι-λε.

3689 338 3782 395 344

460 455 576 512 Vim
605 455 822 522 quidem
869 456 1087 512 habere.
1141 456 1409 514 Diximus
1462 474 1694 531 quoque
1741 457 2037 532 superius,

2227 458 2340 527 Τήν
2402 459 2495 530 μὲν
2556 453 2702 534 ἔχειν
2761 455 3012 530 δύναμιν.
3076 455 3176 512 Καὶ
3235 456 3491 534 ἀνωτέρω
3557 457 3783 534 εἷ’πομεν,

384 550 638 600 mentem
671 545 999 617 intelligere
1030 545 1321 603 volentem
1353 548 1610 620 seipsam
1645 549 1864 616 subire,
1899 549 2043 604 dum

382 636 453 689 ad
484 635 910 691 intellectiones
942 637 1247 692 descendit
1277 656 1289 706 ;
1323 637 1750 694 intellectiones
1773 639 1929 695 enim
1953 637 2042 692 in-

381 723 620 779 feriores
650 733 786 780 sunt
838 725 1225 798 intelligente,
1273 733 1336 782 ut
1368 744 1498 798 quae
1548 728 1958 798 intelligantur
1987 731 2046 783 et

383 814 979 886 comprehendantur,
1034 821 1208 887 atque
1259 818 1466 872 nierito
1521 818 1805 872 unitionis
1859 816 2045 888 ipsius

380 904 596 958 mentis
629 906 924 976 separatio
977 923 1041 961 ac
1079 906 1330 975 divisio;
1385 907 1722 962 intellectus
1769 907 1927 962 enim
1959 910 2048 962 est

381 993 630 1064 simplex
661 1000 715 1049 et
739 995 996 1066 partium
1021 1013 1264 1066 expers;
1302 996 1730 1054 intellectiones
1752 1014 1884 1052 vero
1908 999 2048 1052 sunt

381 1081 441 1137 in
464 1084 716 1138 maxima
738 1086 906 1156 copia
927 1091 983 1140 ct
1005 1087 1262 1158 separari
1285 1093 1534 1158 queunt,
1558 1105 1622 1142 ac
1647 1086 1823 1142 veluti
1848 1086 2044 1142 formae

383 1187 449 1226 ac
482 1173 705 1243 species
740 1173 1108 1242 intellectus;
1144 1175 1274 1231 ideo
1304 1176 1369 1229 τὰ
1401 1175 1584 1250 νοερά,
1619 1178 1674 1232 id
1707 1183 1794 1232 est
1823 1194 1888 1232 ea
1921 1193 2045 1248 quas

383 1261 742 1333 intelligunt,
798 1263 1074 1320 inferiora
1128 1271 1269 1320 sunt
1314 1269 1422 1318 τῶν
1474 1270 1706 1335 νοητῶν,
1740 1267 1797 1322 id
1843 1272 1932 1321 est
1976 1265 2046 1320 iis

384 1367 510 1422 qua:
545 1351 976 1424 intelliguntur.
1027 1359 1207 1410 Porro
1263 1356 1477 1412 mentis
1512 1356 1859 1422 unitionem,
1895 1355 2050 1410 sicut

383 1440 659 1511 deinceps
691 1441 908 1498 clarius
939 1443 1104 1512 dicit,
1126 1449 1310 1514 vocat,
1339 1462 1439 1515 per
1471 1462 1646 1515 quam
1683 1447 1752 1500 ad
1788 1461 1849 1500 se
1877 1461 2048 1514 supe-

384 1528 538 1584 riora
561 1529 839 1595 elevatur,
863 1548 967 1586 seu
991 1531 1203 1588 divinas
1230 1532 1712 1604 contemplationi
1736 1532 2046 1602 incumbit,

384 1633 445 1675 se
477 1635 510 1672 a
540 1619 861 1676 sensilibus
891 1627 948 1676 et
980 1621 1482 1692 intelligibilibus,
1515 1623 1634 1678 imo
1667 1627 1723 1677 ct
1751 1641 1786 1677 a
1812 1623 2050 1694 propria

385 1707 664 1776 motione,
708 1711 1030 1777 avocando,
1081 1712 1284 1782 sicque
1319 1712 1550 1767 radium
1606 1712 1812 1767 divinae
1845 1710 2050 1783 cogni-

385 1796 563 1852 tionis
597 1798 994 1870 suscipiendo.

456 1887 607 1941 lianc
635 1904 761 1956 ergo
793 1889 1029 1944 rationis
1056 1895 1358 1960 expertem.
1382 1891 1629 1946 Maxime
1649 1890 1744 1944 hic
1773 1890 2052 1962 declarat,

392 1977 684 2044 quomodo
717 1977 968 2034 stultitia
1013 1979 1116 2034 Dei
1151 1979 1226 2036 sit
1258 1980 1699 2051 sapientissime
1729 1981 1787 2035 in
1821 1981 1933 2035 Deo
1965 1981 2052 2036 in-

390 2065 1055 2136 comprehensibilitatis
1113 2069 1459 2140 magnitudo
1510 2088 1522 2125 :
1578 2070 1658 2124 ait
1712 2070 1892 2140 enim,
1948 2087 2054 2126 nos

390 2154 589 2209 sensili
620 2155 1044 2229 circumseptos
1069 2176 1333 2230 corpore,
1362 2159 1458 2214 Dei
1495 2159 2051 2216 immaterialitatem

386 2243 546 2298 verbi
578 2248 768 2316 gratia
823 2252 879 2302 et
928 2247 1597 2317 superessentialitatem
1653 2251 2053 2304 examinantes

387 2350 600 2400 errare,
638 2336 780 2390 dum
814 2335 912 2390 illa
942 2354 1011 2392 ex
1053 2337 1378 2392 :ensilibus
1429 2339 1849 2407 ponderemus,
1874 2339 2052 2394 veluti

387 2423 486 2493 qui
521 2423 995 2493 przsdicationem
1029 2426 1100 2480 de
1132 2425 1258 2481 sola
1289 2427 1590 2482 adoranda
1611 2427 1897 2482 Trinitate
1929 2444 2052 2500 per-

386 2517 713 2582 currentes,
746 2529 811 2568 ac
842 2513 1010 2568 illum
1045 2515 1116 2569 de
1146 2515 1263 2570 Deo
1314 2532 1670 2586 sermonem,
1703 2518 1804 2587 qui
1837 2518 2053 2573 asserit

387 2617 510 2656 eam
548 2601 606 2655 in
639 2602 828 2657 tribus
877 2603 1285 2659 subsistentiis
1337 2605 1650 2660 indivisam
1686 2611 1738 2661 et
1773 2607 2050 2662 indistin-

387 2695 566 2756 ctam,
601 2690 928 2758 audientes,
962 2694 1164 2748 statim
1217 2695 1633 2766 obtupescunt,
1669 2701 1890 2750 natura:
1923 2714 2050 2752 cor-

389 2796 598 2850 porum
633 2779 1005 2848 inhazrentcs,
1035 2800 1158 2853 quas
1193 2783 1317 2839 loco
1341 2791 1398 2838 et
1427 2783 1730 2840 intervallo
1763 2786 2051 2857 indigent,

387 2866 645 2924 dicentes
679 2887 691 2924 :
729 2871 1029 2935 Quomodo
1065 2871 1185 2926 ﬁeri
1217 2877 1427 2944 potest,
1465 2877 1528 2928 ut
1571 2877 1690 2928 tres
1723 2873 2051 2929 subsisten-

387 2956 478 3011 tiaa
512 2956 571 3011 in
621 2957 834 3029 seipsis
883 2960 1003 3014 sint
1052 2965 1110 3015 et
1157 2961 1512 3017 indistincta:
1564 2962 1728 3018 sint?
1782 2962 2054 3017 nesciunt

388 3045 544 3100 enim
577 3046 925 3103 stultescere
977 3049 1033 3103 in
1083 3050 1421 3114 sensilibus,
1456 3057 1519 3106 ut
1548 3051 1607 3106 in
1641 3050 1855 3106 divinis
1889 3050 2052 3105 insti-

388 3137 668 3204 tuantur;
703 3140 960 3208 suntque
993 3137 1105 3193 alia
1127 3139 1362 3195 inﬁnita
1395 3140 1636 3209 similia,
1671 3141 1739 3194 ad
1777 3157 1925 3210 quos
1949 3145 2052 3195 Do-

388 3223 586 3278 minus
619 3241 951 3281 sermonem
1005 3227 1185 3282 istum
1239 3229 1498 3284 extendit
1532 3246 1543 3283 :
1579 3229 1640 3283 Si
1668 3235 1895 3284 terrena
1925 3229 2049 3284 dixi
2079 3213 2122 3279 C

385 3313 536 3368 vobis
565 3322 618 3368 et
665 3331 776 3370 non
805 3316 1050 3383 creditis,
1085 3318 1368 3388 quomodo,
1401 3319 1450 3371 si
1487 3317 1679 3374 dixero
1710 3319 1861 3374 vobis
1890 3319 2049 3375 caele-

387 3403 513 3468 stia,
549 3404 783 3460 credetis
814 3405 877 3476 (t)
901 3407 927 3460 ?
975 3411 1032 3462 et
1062 3407 1297 3463 divinus
1351 3407 1567 3464 Paulus
1615 3409 1697 3464 ait
1729 3427 1742 3465 :
1775 3410 2052 3477 Animalis

386 3493 543 3550 homo
566 3511 675 3550 non
693 3495 930 3567 percipit
949 3513 1012 3551 ea
1033 3514 1153 3569 quae
1176 3502 1303 3551 sunt
1322 3497 1558 3568 spiritus
1581 3498 1658 3568 (ιι)
1685 3518 1697 3565 ;
1732 3505 1870 3556 sunt
1892 3502 2049 3557 enim

387 3580 472 3636 illi
506 3582 756 3638 sultitia.
783 3583 876 3638 Sic
900 3584 1081 3655 igitur
1112 3584 1443 3656 spiritualia
1467 3603 1593 3656 quae
1623 3589 2048 3658 persequenda,

387 3675 526 3727 sunt
557 3671 812 3727 stultitia
849 3673 943 3728 Dei
974 3677 1128 3744 apud
1155 3674 1424 3730 homines
1454 3700 1468 3741 ;
1503 3675 1747 3730 stultam
1780 3676 1936 3731 enim
1961 3695 2051 3732 sa-

386 3759 664 3831 pientiam
700 3761 867 3832 dixit,
916 3763 1071 3834 quod
1108 3762 1270 3817 nulla
1321 3762 1610 3833 sapientia
1658 3764 1730 3818 ad
1763 3781 1891 3818 eam
1926 3781 2050 3835 per-

386 3850 612 3921 tingere
643 3851 831 3922 possit
865 3868 877 3906 :
914 3852 997 3908 sic
1045 3852 1224 3922 igitur
1274 3852 1517 3908 rationis
1553 3853 1700 3907 187
1739 3870 1803 3907 ac
1835 3853 2048 3908 mentis

385 3943 679 4009 expertem
734 3941 978 4010 vocavit,
1041 3942 1195 4012 quod
1249 3943 1474 3998 ratione
1521 3947 1622 3996 aut
1675 3947 1869 3996 mente
1919 3959 2047 4013 quas

385 4027 578 4098 ipsam
611 4034 862 4101 exponat
892 4046 995 4084 seu
1027 4031 1508 4103 comprehendat,
1541 4035 1756 4086 careat.

455 4119 482 4185 §
515 4117 582 4172 ΙΙ.
615 4117 698 4172 Ex
723 4135 786 4174 ea
813 4118 1184 4176 intellectiles.
1221 4124 1362 4176 Nota
1393 4121 1567 4176 etiam
1603 4120 1660 4174 in
1704 4118 1835 4176 aliis
1869 4119 2044 4175 intel-

384 4206 634 4276 ligibiles
665 4212 721 4262 et
761 4208 1160 4280 intelligentes
1210 4225 1338 4265 esse
1390 4210 1718 4276 facultates,
1752 4214 1809 4266 et
1840 4212 2046 4266 merito

291 4281 306 4296 ﬂ
359 4301 523 4350 *sllnt
545 4295 602 4351 in
624 4312 689 4352 se
711 4296 1113 4368 intelligibiles
1129 4315 1192 4352 ac
1211 4297 1788 4370 intelligentes,sicut
1809 4298 2047 4354 ordines

383 4401 450 4441 su
463 4384 1146 4458 periores,inlelligibiles
1163 4388 1401 4458 quidem
1421 4392 1712 4459 quatenus
1731 4389 1802 4444 ab
1819 4388 2049 4444 inferio-

383 4473 549 4530 ribus
573 4474 1012 4547 intelliguntur;
1041 4475 1436 4548 intelligentes
1461 4482 1652 4532 autem
1673 4482 1967 4548 quatenus
1989 4483 2047 4533 et

2155 547 2260 612 ὅτι,
2292 547 2319 600 ὁ
2351 551 2476 608 νοῦς
2497 552 2636 601 νοεῖν
2691 547 3056 622 βουλόμενος,
3103 548 3342 602 κάτεισιν
3382 547 3574 602 ἑαυτοῦ
3606 548 3677 613 εἷς
3702 552 3785 613 τὰς

2153 638 2365 704 νοήσεις
2403 631 2739 690 καταϐαίνων
2773 654 2783 666 ·
2836 637 2892 690 αἱ
2934 636 3035 712 γὰρ
3089 644 3305 704 νοήσεις
3356 637 3650 712 κατώτεραί
3697 639 3786 693 εἰσι

2152 728 2248 779 τοῦ
2295 729 2571 796 νοοῦντος,
2632 725 2705 787 ὡς
2755 724 3043 798 νοούμεναι
3089 725 3180 779 καὶ
3228 720 3785 799 καταλαμϐανόμεναι,

2154 812 2242 866 καὶ
2289 810 2589 885 σκεδασμὸς
2640 813 2865 875 εἷκότως
2924 815 3011 868 καὶ
3066 814 3332 888 μερισμὸς
3390 821 3488 882 τῆς
3549 815 3787 886 ἕνότητος

2152 906 2250 956 τοῦ
2283 906 2379 956 νοῦ
2407 901 2570 956 αὑτοῦ
2605 921 2616 932 ’
2649 903 2676 956 ὁ
2726 903 2817 976 μὶν
2867 903 2967 978 γὰρ
3016 907 3141 964 νοῦς
3187 902 3394 964 ἁπλοῦς
3427 903 3515 958 καὶ
3547 905 3745 979 ἀμερής
3773 924 3784 935 ·

2157 992 2209 1044 αἱ
2266 988 2322 1044 δὲ
2369 993 2578 1060 νοήσεις
2631 991 2988 1064 παμπληθεῖς
3043 993 3133 1046 καὶ
3189 990 3494 1064 σκεδασταὶ,
3551 993 3637 1048 καὶ
3685 997 3786 1050 οἷον

2158 1078 2274 1150 εἶ’δη
2309 1085 2405 1134 τοῦ
2427 1085 2522 1134 νοῦ
2556 1099 2568 1112 ’
2605 1079 2692 1134 διὰ
2720 1085 2880 1135 τοῦτο
2910 1080 2976 1135 τὰ
3005 1082 3185 1156 νοερὰ,
3209 1082 3539 1136 τουτέστιτὰ
3559 1087 3788 1152 νοοῦντα,

2159 1171 2421 1227 ἐλάττονά
2453 1171 2553 1226 εἰσι
2585 1173 2690 1226 τῶν
2743 1177 2975 1242 νοητῶν,
3026 1172 3144 1226 ἀντὶ
3183 1177 3300 1241 τοῦ,
3330 1177 3439 1227 τῶν
3473 1174 3788 1246 νοουμένων.

2157 1264 2384 1317 Ἕνωσιν
2421 1258 2477 1316 δέ
2525 1283 2657 1339 φησι
2695 1267 2792 1316 τοῦ
2836 1266 2952 1330 νοῦ,
2997 1261 3178 1326 καθὼς
3227 1260 3276 1316 ἐν
3326 1267 3445 1324 τοῖς
3492 1263 3610 1332 ἑξῆς
3643 1263 3791 1339 σαφέ-

2159 1356 2340 1425 στῖρον
2375 1349 2540 1427 λέγει,
2590 1347 2658 1404 δι’
2705 1354 2772 1420 ἧς
2809 1351 2944 1426 πρὸς
2989 1352 3055 1405 τὰ
3098 1349 3344 1406 ἐπέκεινα
3388 1351 3578 1406 ἑαυτοῦ
3606 1351 3792 1407 ἀνατεί-

2159 1461 2327 1512 νεται,
2382 1437 2550 1515 ἤγουν
2600 1443 2668 1513 τῇ
2719 1440 2842 1515 περὶ
2884 1441 3016 1495 Θεοῦ
3063 1435 3408 1516 προσϐάλλει
3460 1441 3677 1515 θεωρίᾳ,
3722 1446 3792 1514 τῷ

2159 1530 2376 1583 πάντων
2410 1527 2660 1598 ἐκστῆναι
2711 1534 2819 1584 τῶν
2873 1528 3143 1599 αἴσθητῶν
3193 1529 3283 1584 καὶ
3313 1533 3422 1583 τῶν
3467 1534 3692 1602 νοητῶν,
3722 1524 3788 1584 ἔτι

2161 1615 2217 1672 δὲ
2267 1617 2356 1672 καὶ
2409 1617 2768 1687 τῆς.οῗκείας
2821 1620 3105 1689 κινήσεως,
3169 1619 3263 1673 εἶθ’
3321 1616 3464 1673 οὕτω
3511 1625 3608 1688 τῆς
3665 1619 3791 1680 θείας

2160 1708 2412 1782 γνώσεως
2449 1705 2691 1778 δέξασθαι
2721 1709 2820 1777 τήν
2854 1708 3062 1764 ἀκτῖνα.

2236 1887 2448 1957 Ταύτην
2491 1887 2584 1941 οὗν
2637 1888 2736 1956 τήν
2789 1885 3017 1961 ἄλογον.
3083 1888 3343 1942 Ἐνταῦθα
3405 1887 3637 1959 μάΛιστα
3679 1908 3790 1964 τρα-

2163 1981 2269 2048 νοῖ,
2321 1981 2436 2039 πῶς
2489 1975 2670 2050 μωρία
2717 1980 2812 2030 τοῦ
2856 1980 3010 2046 Θεοῦ,
3059 1976 3123 2030 τὸ
3175 1977 3481 2052 ὑπέρσοφον
3539 1984 3634 2046 τῆς
3679 1977 3788 2052 περὶ

2164 2070 2296 2119 Θεοῦ
2326 2063 2703 2138 ἀκαταληψίας
2737 2064 2957 2141 μέγεθος
2994 2085 3005 2096 ’
3049 2064 3182 2142 φησί
3211 2065 3315 2141 γάρ
3351 2065 3434 2121 ὅτι
3466 2070 3545 2138 τῷ
3576 2065 3794 2139 αἰσθητῷ

2162 2154 2692 2230 περικεκλεισμένοι,
2723 2155 2784 2209 τὸ
2833 2155 2956 2230 περὶ
3004 2154 3196 2217 ἀϋλίας
3237 2155 3328 2210 καὶ
3365 2157 3794 2231 ὑπερουσιότητος

2164 2246 2290 2321 φέρε
2322 2244 2488 2299 εἰπεῖν
2539 2249 2636 2298 τοῦ
2687 2249 2819 2299 Θεοῦ
2866 2244 3302 2313 κατεξεταζοντες
3355 2242 3559 2319 δόγμα,
3598 2243 3794 2301 πλανώ-

2167 2335 2322 2406 μεθα,
2383 2333 2441 2388 ἐκ
2496 2338 2603 2388 τῶν
2659 2334 2929 2404 αἶσθητῶν
2981 2332 3158 2388 ἐκεῖνα
3217 2335 3649 2407 σταθμώμενοι·
3697 2335 3791 2389 οἷον

2161 2422 2223 2476 τὸ
2273 2423 2395 2496 περὶ
2443 2419 2669 2493 Τριάὸος
2718 2429 2818 2491 τῆς
2873 2421 3046 2494 μόνης
3088 2430 3492 2498 προσκυνητῆς
3543 2420 3795 2492 διεξιόντες

2162 2513 2438 2586 κήρυγμα,
2489 2511 2577 2566 καὶ
2624 2511 3050 2586 τρισυπόστατον
3105 2509 3403 2585 ἀμέριστον
3455 2512 3544 2567 καὶ
3576 2507 3789 2584 ἀδιαίρε-

2161 2622 2252 2655 τον
2285 2600 2572 2662 ἀκούοντές
2625 2621 2766 2662 τινες
2817 2597 3128 2674 θεολογίαν,
3175 2599 3334 2664 εὐθὺς
3384 2598 3788 2676 ἰλιγγιῶσιν,είς

2161 2691 2226 2743 τὰ
2252 2691 2478 2762 σώματα
2507 2689 2893 2766 προσέχοντες,
2939 2690 3028 2744 καὶ
3071 2688 3243 2743 τόπου
3290 2687 3548 2762 δεόμενα,
3577 2689 3659 2744 καὶ
3689 2685 3785 2743 δια-

2164 2778 2478 2851 στημάτων,
2522 2776 2795 2849 λέγοντες,
2850 2782 2972 2842 ΙΙῶς
3029 2777 3144 2832 οἷόν
3187 2799 3247 2833 τε
3291 2784 3443 2852 τρεῖς
3503 2779 3788 2838 ὑποστάσεις

2167 2869 2253 2942 ὑφ’
2311 2869 2512 2922 ἑαυτῶν
2565 2871 2724 2936 εἷναι,
2779 2867 2869 2922 καὶ
2923 2865 3260 2941 ἀδιαιρέτους
3318 2869 3508 2936 εἶναις
3567 2867 3650 2923 καὶ
3700 2868 3780 2942 γὰρ

2163 2957 2417 3031 ἀγνοοῦσι
2470 2957 2760 3030 μωραίνειν
2812 2954 2862 3010 ἐν
2923 2961 3040 3017 τοῖς
3099 2956 3411 3026 αἰσθητοῖς,
3463 2954 3553 3012 ’ίνα
3595 2957 3658 3011 τὰ
3690 2960 3776 3020 θεῖα

2163 3048 2482 3120 σοφισθῶσι,
2517 3045 2606 3099 καὶ
2657 3051 2880 3100 τοιαῦτα
2921 3042 3080 3122 ἕτερα
3126 3045 3314 3121 μυρία,
3354 3047 3490 3123 πρὸς
3521 3045 3612 3109 οὓς
3641 3047 3666 3101 6
3694 3042 3783 3101 K6-

2164 3155 2278 3210 ριος
2324 3133 2657 3189 ἀποτείνεται
2689 3153 2701 3167 °
2752 3135 2813 3191 El.
2862 3134 2927 3188 τὰ
2973 3133 3184 3210 ἐπίγεια
3240 3137 3400 3191 εἷπον
3458 3136 3585 3209 ὑμῖν
3629 3134 3708 3190 καὶ
3735 3129 3784 3187 οὗ

2161 3225 2456 3292 πιστεύετε,
2507 3229 2644 3292 πῶς,
2689 3222 2776 3279 ἐὰν
2835 3223 2973 3278 είπω
3045 3225 3173 3296 ὑμῖν
3233 3224 3300 3278 τὰ
3369 3223 3674 3300 ἐπουράνια,
3712 3243 3786 3276 πι-

2160 3313 2403 3368 στεύσετε
2437 3335 2450 3384 ς
2484 3313 2574 3367 καὶ
2622 3313 2648 3366 6
2703 3317 2846 3376 θεῖος
2893 3310 3110 3373 Παῦλος
3169 3309 3351 3386 λέγει,
3399 3313 3480 3368 ὅτι
3525 3314 3551 3367 6
3583 3310 3789 3387 ψυχικὸς

2159 3401 2438 3478 ἅνθρωπος
2471 3401 2537 3456 οὐ
2571 3399 2787 3478 δέχεται
2837 3403 2904 3456 τὰ
2949 3406 3047 3456 τοῦ
3097 3401 3420 3473 πνεύματος
3457 3421 3469 3434 '
3507 3400 3676 3475 μωρία
3700 3399 3784 3474 γὰρ

2159 3494 2308 3563 αὑτῷ
2339 3491 2503 3548 ἐστιν.
2536 3495 2694 3545 Ὥστε
2739 3491 2830 3545 οὗν
2877 3493 2912 3560 ἡ
2963 3491 3108 3565 παρᾶ
3159 3491 3480 3566 ἀνθρώποις
3514 3491 3685 3566 μωρία
3709 3490 3790 3542 τοῦ

2158 3586 2291 3635 Θεοῦ
2328 3582 2394 3636 τα
2419 3579 2756 3652 πνευματικά
2807 3579 2962 3648 εἰσιν,
3009 3576 3163 3634 ἅτινα
3211 3577 3613 3652 μεταδιωκτέον
3643 3598 3655 3610 ·
3691 3598 3788 3651 μω-

2159 3671 2254 3743 ρὰν
2301 3670 2403 3745 γὰρ
2462 3669 2648 3746 σοφίαν
2710 3669 2847 3737 εἶπε,
2898 3673 2975 3741 τῷ
3027 3665 3298 3742 μηδεμίαν
3369 3669 3504 3744 αὐτῇ
3563 3665 3787 3723 δύνασθαι

2157 3754 2526 3833 προσϐάλλειν
2579 3759 2766 3836 σοφίαν
2803 3779 2815 3790 ·
2893 3759 3074 3833 ὥσπερ
3147 3758 3239 3812 οῦν
3314 3761 3407 3815 καὶ
3469 3757 3656 3834 ἄλογον
3710 3753 3784 3810 καὶ

2157 3845 2336 3920 ἄνουν,
2370 3847 2444 3909 ὡς
2506 3848 2583 3920 μή
2629 3842 2858 3922 ἔχουσαν
2913 3846 3077 3922 λόγον
3131 3844 3168 3916 ἤ
3227 3853 3352 3902 νοῦν
3400 3845 3784 3924 ἑρμηνευτικὸν,

2156 3936 2325 4012 ἤγουν
2356 3935 2764 4008 καταληπτικὸν
2797 3937 2987 4008 αὐτῆς.

2227 4118 2465 4190 §II.’EE
2521 4115 2689 4185 αὐτῆς
2738 4117 2791 4169 αἱ
2851 4115 3067 4185 νοηταί.
3123 4115 3467 4188 Σημείωσαι,
3512 4116 3583 4177 ὡς
3637 4111 3716 4168 καὶ
3741 4109 3784 4164 ἐν

2156 4205 2351 4269 ἄλλοις
2382 4209 2426 4243 ⁴⁸
2455 4205 2646 4277 νοηταί
2680 4204 2783 4260 εἶσι
2829 4205 2918 4260 καὶ
2969 4205 3149 4278 νοεραὶ
3206 4202 3462 4279 δυνάμεις
3495 4224 3508 4237 ⁸
3549 4204 3635 4259 καὶ
3661 4200 3784 4256 εἷκὸ-

2155 4317 2262 4358 τως
2293 4295 2343 4351 ἐν
2377 4295 2558 4357 αὐτοῖς
2605 4295 2736 4350 εἶσιν
2793 4295 2843 4350 οἱ
2895 4295 3052 4350 αὐτοὶ
3103 4294 3192 4349 καὶ
3243 4297 3437 4365 νοητοὶ
3479 4295 3568 4350 καὶ
3603 4289 3784 4365 νοεροῖ,

2157 4385 2337 4459 ὥσπερ
2385 4385 2442 4439 αἲ
2480 4382 2590 4439 ἅνω
2615 4386 2659 4421 ⁴⁶
2709 4385 2924 4455 τάξειςο
2977 4385 3168 4453 νοηταὶ
3229 4384 3325 4457 μὶν
3377 4385 3494 4448 καθ’
3541 4382 3569 4436 ’ὁ
3615 4379 3670 4436 ἐκ
3689 4381 3782 4431 τῶν

2162 4470 2585 4546 ὑποϐεϐηκὸτων
2630 4479 2875 4530 νοοῦνται
2913 4495 2925 4506 θ
2974 4475 3152 4549 νοεραὶ
3203 4471 3281 4542 δὲ,
3331 4475 3451 4538 καθ’
3484 4474 3511 4527 ’ὀ
3540 4471 3627 4526 καὶ
3663 4465 3783 4524 ἀνώ-

384 4563 645 4634 supremi
670 4570 829 4634 sunt,
853 4569 910 4620 et
933 4565 1142 4635 Deum,
1169 4566 1267 4637 qui
1291 4570 1379 4622 est
1401 4584 1576 4638 super
1599 4567 1817 4634 omnia,
1834 4566 2042 4622 intelli-

2161 4565 2312 4621 ταταί
2365 4565 2489 4633 εἰσι,
2548 4566 2639 4620 καὶ
2693 4565 2784 4620 τὸν
2851 4565 2982 4638 ὑπὲρ
3042 4565 3216 4618 πάντα
3265 4565 3396 4619 Θεὸν
3455 4567 3620 4630 νοεῖν,
3674 4552 3781 4612 ὅσον

383 4669 518 4724 gere
549 4658 833 4724 quantum
855 4653 990 4709 licet
1015 4656 1400 4720 contendunt,
1428 4672 1681 4727 superne
1704 4658 1937 4726 quidem
1966 4659 2048 4712 in-

382 4741 714 4798 tellectione
729 4743 954 4811 nutriti,
971 4761 1070 4800 eos
1093 4749 1291 4799 autem
1315 4745 1412 4815 qui
1437 4745 1693 4801 demisse
1717 4745 2050 4819 intelligunt

384 4831 732 4887 nutrientes.
766 4833 988 4888 Nostrae
1013 4833 1168 4888 enim
1201 4833 1408 4888 anima:
1443 4840 1583 4890 sunt
1616 4840 1846 4890 tantum
1879 4836 2049 4891 intel-

380 4918 669 4991 ligentes;
703 4939 838 4977 nam
873 4923 1125 4977 scienter
1155 4912 1444 4993 quantum
1473 4931 1720 4996 possunt
1743 4927 2047 4996 superiora

377 5007 790 5080 intelligentes,
813 5029 927 5066 non
955 5011 1174 5066 habent
1193 5011 1424 5082 aliquod
1453 5018 1578 5084 post
1605 5031 1662 5079 se
1684 5014 2040 5086 intelligens,

378 5099 443 5149 ut
489 5097 665 5152 etiam
716 5099 1158 5171 intelligantur;
1221 5101 1420 5156 anima
1470 5103 1627 5157 enim
1680 5103 1924 5159 rationis
1973 5121 2039 5159 ac

377 5185 586 5242 mentis
619 5203 844 5259 expers,
878 5193 1011 5260 post
1042 5206 1148 5244 nos
1180 5193 1270 5245 est
1297 5216 1310 5259 ;
1345 5195 1403 5246 at
1435 5191 1859 5249 intellectiones
1891 5193 2035 5250 divi-

446 5353 509 5426 (ι)
542 5357 710 5412 Joan.
745 5372 830 5424 ιιι,
859 5357 946 5412 12.
1025 5359 1102 5432 (ιι)
1134 5360 1156 5414 Ι
1186 5359 1312 5417 Cor.
1349 5377 1414 5432 ιι,
1447 5362 1532 5417 14.

2162 4655 2396 4727 ἐφικτὸν,
2457 4654 2838 4726 ἆνατείνονται,
2917 4651 3119 4718 ἄνωθεν
3189 4653 3284 4727 μὶν
3359 4651 3676 4728 τρεφόμεναι
3723 4647 3779 4714 τῇ

2158 4748 2363 4816 νοήσει,
2411 4744 2702 4819 τρέφουσαι
2764 4741 2821 4798 δὲ
2869 4741 2996 4804 τοῦς
3050 4741 3358 4820 ὑφειμένως
3411 4744 3672 4796 νοοῦντας.
3723 4731 3779 4786 Αἱ

2156 4836 2255 4910 γὰρ
2289 4835 2550 4909 ἡμέτερα,
2601 4832 2775 4906 ψυχαὶ
2810 4831 2988 4908 νοεραὶ
3038 4831 3203 4904 μόνον
3235 4848 3247 4861 ·
3308 4833 3530 4884 νοοῦσαι
3557 4827 3651 4903 γὰρ
3681 4823 3780 4910 ἐτει-

2157 4907 2391 4994 στητῶς,
2445 4923 2568 4978 ὅσον
2647 4922 2760 4976 οἶόν
2831 4943 2909 4992 τε,
2984 4921 3052 4976 τὰ
3134 4915 3565 4996 ὑπερϐεϐηκότα,
3624 4907 3778 4966 οὐκέτι

2154 5013 2343 5089 ἔχουσι
2377 5014 2562 5087 νοερόν
2613 5034 2664 5067 τι
2718 5011 2851 5085 μετὰ
2897 5009 3116 5083 ταύτας,
3161 5009 3252 5064 ’ίνα
3293 5010 3382 5064 καὶ
3419 5008 3676 5076 νοηθῶσιν
3709 4998 3778 5064 ’ἡ

2152 5101 2350 5178 ἄλογος
2378 5101 2478 5178 γὰρ
2509 5102 2599 5156 καὶ
2633 5099 2791 5162 ἄνους
2831 5102 2984 5176 ψυχὴ
3038 5100 3155 5172 μεθ’
3193 5101 3340 5170 ἡμᾶς
3378 5117 3390 5130 °
3425 5097 3479 5150 αἱ
3511 5092 3567 5149 δὲ
3586 5091 3776 5178 νοήσεις

2145 5197 2252 5247 τῶν
2286 5191 2441 5256 θείων
2483 5194 2622 5246 νοῶν
2654 5188 2756 5244 οὐκ
2783 5188 2835 5244 ἐν
2883 5186 3192 5260 διανοήσεσι
3222 5193 3342 5250 ταῖς
3375 5186 3495 5250 καθ’
3526 5185 3685 5256 ἡμᾶς,
3711 5174 3777 5234 εἷς

1377 5537 1621 5598 VARI/E
1671 5541 2064 5600 LECTIONES
2104 5542 2197 5601 ET
2234 5542 2797 5602 CORRECTIONES.

451 5669 497 5707 ‘3
529 5668 611 5725 ὅτι
643 5669 732 5727 καὶ
763 5669 813 5728 ἐν
847 5669 1123 5750 ἀγγέλοις.
1201 5676 1246 5711 ⁴⁴
1271 5672 1546 5735 ἀνωτάτω.
