4034 6390
271 356 384 410 345

1041 362 1099 413 S.
1142 359 1410 414 MAXIM!
1452 358 1760 413 SCHOLIA
1797 358 1871 410 IN
1910 357 2043 410 LIB.
2088 360 2184 412 DE
2221 363 2493 418 DIVINIB
2531 364 2948 422 NOMINIBUS.

3596 374 3708 429 346

271 474 333 538 ἃς
369 475 682 548 διανοήσεις
729 477 965 534 κάτεισιν
1019 480 1183 552 ἡμῶν
1243 479 1426 540 ὁνοῦς
1487 476 1546 532 ἐκ
1605 482 1710 531 τῶν
1778 496 1934 552 μερι-

2053 497 2260 536 narum
2295 483 2581 539 mentium
2619 503 2731 540 non
2751 493 2893 541 sunt
2912 487 2970 542 in
2993 489 3445 561 cogitationibus
3472 496 3709 568 nostris,

269 571 443 635 στῶν,
475 567 717 622 τουτέστι
757 572 864 623 τῶν
914 568 1184 638 αἰσθητῶν
1227 567 1316 622 καὶ
1363 565 1680 637 διεξοδικῶν
1737 563 1937 639 λόγων,

273 655 396 708 ἀντὶ
425 660 526 710 τοῦ
573 660 680 711 τῶν
724 654 886 710 εἷ’δῶν
939 657 1029 711 καὶ
1075 661 1172 711 τοῦ
1199 654 1472 726 πλήθους,
1515 655 1648 730 ὅπερ
1685 653 1796 709 ἐστὶ
1829 658 1935 707 τῶν

276 741 488 798 ὑλικῶν
522 743 886 820 συλλέγουσαι
911 746 1006 810 τὰς
1035 748 1250 816 νοήσεις
1283 744 1489 818 ἀύλως,
1522 748 1694 802 πάντα
1752 745 1801 798 ἐν
1861 747 1941 815 τῷ

272 832 440 906 ἀττλῷ
471 835 795 911 θεωροῦσαι.

344 1015 581 1084 Νοτιταί.
615 1016 692 1073 Τὸ
749 1015 935 1082 νοηταὶ
1000 1017 1198 1086 νόησον
1230 1017 1305 1080 ὡς
1365 1016 1502 1091 πρὸς
1547 1018 1717 1088 ἡμᾶς·
1777 1014 1838 1068 τὸ
1884 1011 1940 1067 δὲ

269 1105 458 1181 νοεραὶ
495 1106 569 1166 ὡς
600 1106 737 1180 πρὸς
768 1106 858 1160 τὸν
895 1107 1048 1162 Θεόν.

342 1285 415 1340 Ἥ
478 1283 586 1338 ἀπὸ
649 1289 941 1358 μεριστῶν.
997 1286 1189 1358 Ἡμεῖς
1241 1285 1293 1339 ἒν
1350 1289 1626 1359 μεριστοῖς
1689 1288 1802 1345 τοῖς
1855 1283 1939 1337 αἶ’-

267 1371 619 1446 σθητηρίοις·
655 1370 797 1428 ἄλλο
829 1374 928 1448 γὰρ
981 1375 1142 1443 ἀκοὴ,
1187 1374 1278 1428 καὶ
1307 1371 1488 1446 ἕτερον
1521 1369 1666 1447 ὄψις,
1728 1374 1818 1428 καὶ
1875 1373 1942 1427 τὰ

266 1459 424 1516 ἄλλα
481 1461 691 1535 ὁμοίως
727 1482 740 1494 ·
800 1464 890 1517 καὶ
943 1463 1050 1518 ἀπὸ
1105 1468 1372 1537 μεριστῶν
1423 1469 1530 1518 τῶν
1584 1464 1720 1518 κατά
1773 1468 1940 1518 ταῦτα

269 1548 554 1620 αἰσθητῶν
612 1552 711 1619 τὴν
765 1555 872 1606 τῶν
920 1551 1089 1606 ὅντων
1136 1557 1332 1627 γνῶσιν
1387 1547 1868 1624 ἀναλαμϐάνομεν,

270 1639 324 1693 ἐν
361 1645 643 1715 μεριστοῖς
689 1640 784 1712 μὲν
829 1647 948 1705 τοῖς
990 1641 1126 1696 κατᾶ
1159 1642 1324 1717 μέρος
1356 1644 1615 1714 νοήμασι,
1678 1643 1781 1696 ἀπὸ
1844 1664 1940 1715 με·

269 1733 477 1803 ριστῶν
532 1726 590 1784 δέ
628 1734 737 1784 τῶν
791 1733 1102 1804 μαθήσεων,
1146 1729 1271 1800 ἤτοι
1303 1736 1410 1786 τῶν
1445 1733 1778 1804 νοουμένων·
1830 1727 1940 1796 ἔσθ’

270 1819 364 1875 ὅτε
397 1817 456 1876 δὲ
486 1820 577 1876 καὶ
627 1818 716 1876 διὰ
766 1819 949 1898 λόγων
996 1827 1104 1877 τῶν
1131 1820 1444 1894 διεξοδικῶν
1486 1823 1732 1878 τουτέστι
1793 1830 1933 1899 σαφῆ
1974 1857 2019 1922 Β

1916 1915 1929 1932 \

267 1911 364 1964 καὶ
427 1908 829 1984 διηπλωμένην
861 1913 958 1981 τήν
1009 1911 1263 1988 ἐξήγησιν
1325 1914 1692 1986 ποιουμένων.
1754 1916 1822 1969 Αἱ
1884 1912 1940 1968 δὲ

265 1999 456 2072 νοεραὶ
517 1999 721 2076 φύσεις,
759 2003 1144 2072 ἀκοινωνήτως
1180 2001 1257 2064 εἰς
1307 2003 1375 2057 τὰ
1430 2005 1711 2057 τοιαῦτα⁴⁶
1765 2004 1940 2057 πάντα

265 2082 525 2163 ἔχουσαι,
585 2089 757 2160 ἐνιαίᾳ
799 2089 890 2144 καὶ
940 2089 1092 2165 ἁπλῇ
1142 2093 1327 2162 νοήσει
1385 2099 1483 2162 τῆς
1533 2090 1795 2162 ἀληθείας
1840 2093 1940 2161 τὴν

267 2181 480 2251 γνῶσιν
518 2175 898 2249 ἐλλάμπονται
916 2181 982 2236 εδδ.

337 2266 443 2319 Καὶ
476 2264 621 2320 ἔστιν
673 2266 882 2329 αὑταῖς.
929 2273 1056 2330 Τοῖς
1083 2267 1400 2343 ἀγγέλοις⁴⁷
1431 2270 1620 2343 νοερᾶν
1650 2268 1782 2324 εἶναί
1805 2290 1936 2342 φησι

263 2351 505 2427 δύναμιν
557 2356 645 2410 καὶ
696 2354 969 2430 ἐνέργειαν
1002 2355 1061 2411 ἐκ
1102 2364 1203 2427 τῆς
1255 2358 1561 2433 ὑπερφυοῦς
1593 2358 1789 2432 σοφίας
1843 2362 1938 2412 τοῦ

262 2448 404 2499 Θεοῦ
456 2445 782 2520 γενομένην·
819 2445 871 2516 ἐξ
905 2445 1068 2501 αὐτοῦ
1097 2449 1198 2521 γὰρ
1231 2448 1283 2502 οἱ
1335 2453 1471 2511 θεῖοι
1520 2446 1745 2524 ἄγγελοι
1804 2448 1940 2502 κατὰ

265 2537 490 2612 μετοχή
548 2538 646 2606 τὴν
701 2535 928 2611 δύναμιν
981 2541 1078 2607 τῆς
1149 2543 1340 2614 νοερᾶς
1398 2539 1664 2615 ἐνεργείας
1723 2538 1936 2614 ἔχουσι,

261 2629 384 2689 καθ’
435 2627 499 2694 ἣν
551 2631 767 2681 νοοῦσιν
814 2627 1038 2689 ἑαυτοὺς
1077 2627 1167 2682 καὶ
1199 2628 1264 2682 τὰ
1296 2623 1444 2700 ὄντα,
1489 2628 1577 2682 καὶ
1636 2628 1731 2690 τὰς
1793 2626 1935 2690 ἰδέας

265 2715 590 2778 ἐποπτικῶς
649 2720 925 2784 νοοῦντες,
967 2714 1046 2779 --ἃς
1101 2719 1318 2787 νοήσεις
1380 2716 1630 2791 ὠνόμασε
1675 2722 1772 2772 τοῦ
1802 2722 1936 2772 Θεοῦ

266 2806 433 2861 εἶναι.
488 2805 838 2861 Ἐπείσακτον
886 2804 977 2861 οῦν
1028 2801 1251 2882 ἔχουσιν
1309 2805 1358 2880 ἐξ
1411 2805 1613 2876 αἰτίου,
1643 2811 1742 2861 τοῦ
1802 2811 1936 2863 Θεοῦ

261 2896 364 2963 τὴν
401 2895 594 2966 γοερὰν
626 2894 827 2965 ταύτην
857 2894 1147 2970 ἐνέργειαν,
1178 2895 1268 2950 καὶ
1301 2900 1492 2951 νοοῦσι
1525 2896 1590 2950 τὰ
1639 2892 1766 2951 ὄντα
1816 2894 1938 2951 λίαν

260 2979 836 3060 ὖπεραναϐεϐηκότως
866 2989 974 3040 τῶν
1017 2988 1237 3060 ψυχῶν,
1280 2983 1391 3061 είίγε
1422 2986 1476 3040 αἱ
1529 2985 1622 3059 μὶν
1674 2985 1846 3061 ψυχαὶ
1880 2984 1939 3041 ἐκ

259 3078 372 3127 τῶν
424 3067 598 3127 ὄντῶν
647 3071 821 3128 αὐτῶν
871 3077 1057 3128 νοοῦσι
1095 3074 1162 3128 τὰ
1205 3069 1352 3146 ὅντα,
1416 3074 1505 3130 καὶ
1562 3080 1680 3137 τοῖς
1741 3073 1934 3129 εἷ’ὂεσιν

262 3156 694 3232 ἐπιϐάλλουσιν,
765 3160 897 3238 ὅπερ
959 3159 1399 3239 διεξοδικώτερόν
1453 3163 1564 3218 έστι
1622 3169 1787 3232 νοεῖν,
1846 3165 1934 3218 καὶ

261 3249 464 3324 κύκλῳ
523 3257 790 3329 περιεῖναι
847 3252 914 3307 τὰ
970 3254 1145 3308 πάντα
1182 3255 1246 3310 ⁴⁸.
1306 3251 1373 3311 Ο’ί
1426 3275 1489 3328 γε
1549 3255 1656 3326 μὴν
1714 3251 1936 3328 ἄγγελοι
1969 3225 2013 3293 C

262 3342 409 3396 κατᾶ
475 3342 578 3410 τὴν
656 3339 878 3396 ἐνοῦσαν
960 3341 1146 3404 αὐτοῖς
1224 3340 1542 3412 θεοείὸειαν,
1601 3342 1818 3404 ένιαίως
1873 3342 1941 3396 τὰ

261 3428 461 3500 πλήθη
494 3433 597 3495 τῆς
629 3430 857 3493 κτίσεως
889 3435 1098 3499 νοοῦσι,
1153 3431 1244 3485 καὶ
1277 3430 1342 3484 οὐ
1377 3430 1687 3507 μερίζονται
1739 3431 1813 3492 εἰς
1846 3432 1938 3485 τὸν

262 3515 579 3591 σκεδασμὸν
624 3525 724 3589 τῆς
774 3517 1057 3582 ποικιλίας
1088 3523 1197 3574 τῶν
1233 3514 1428 3590 ὄντων,
1479 3517 1604 3588 ἤτοι
1639 3518 1717 3583 εἵς
1747 3516 1812 3573 τά
1855 3518 1939 3573 αἰ-

262 3609 464 3678 σθητὰ,
527 3595 605 3670 ὧς
664 3609 763 3681 [αἱ]
815 3608 1033 3686 λογικαὶ
1084 3608 1307 3684 ψυχαί·
1373 3607 1576 3663 ἐκείνου
1637 3605 1694 3663 δέ
1753 3613 1938 3664 ποσῶς

267 3697 546 3766 ἀξιοῦνται
598 3698 652 3751 αἱ
705 3697 902 3772 ψυχαὶ,
951 3699 1028 3760 εἷς
1082 3696 1315 3772 μίμησιν
1369 3696 1779 3772 ἀγγέλων,ὅτε,
1837 3700 1936 3768 τὴν

274 3787 458 3855 νόησιν
522 3791 630 3841 τῶν
703 3785 933 3842 πολλῶν
996 3787 1072 3851 εἷς
1128 3786 1183 3841 ’ὲν
1247 3786 1656 3842 συνελίττουσαι
1719 3785 1940 3862 ἔχουσιν

277 3875 412 3945 ὁμοῦ
441 3873 623 3931 πάντα
668 3875 719 3930 έν
771 3875 959 3938 αὐταῖς
1009 3876 1332 3951 ἀσυγχῦτως
1381 3872 1784 3951 διακεκριμένα·
1849 3876 1938 3930 καὶ

265 3963 457 4035 ἔξωθεν
527 3966 714 4038 μέντοι
747 3966 802 4020 αἱ
862 3966 1035 4042 ψυχαὶ
1063 3965 1378 4021 ἐπείσακτον
1424 3959 1613 4042 ἔχουσι
1644 3967 1736 4022 τὸν
1769 3971 1936 4036 νοεῖν,

255 4058 371 4109 τῶν
405 4052 658 4129 ἀγγέλων
714 4053 765 4124 ἐξ
810 4055 1012 4110 ἑαυτῶν
1046 4054 1136 4109 καὶ
1164 4053 1217 4109 ἐν
1251 4056 1466 4118 ἑαυτοῖς
1513 4055 1802 4124 νοούντων,
1849 4056 1940 4110 ἅτε

255 4142 351 4197 καὶ
389 4139 651 4197 Οεοειδῶν
701 4143 895 4198 ὄντων.
947 4143 1052 4198 Καὶ
1110 4148 1278 4198 ταῦτα
1338 4144 1432 4214 μέν
1464 4145 1585 4220 περὶ
1641 4148 1748 4198 τῶν
1801 4165 1937 4214 νοη-

251 4237 394 4288 τῶν·
435 4232 560 4304 περὶ
597 4229 655 4286 δὲ
685 4236 818 4287 Θεοῦ
851 4233 1000 4295 ὅπως
1042 4238 1180 4302 νοεῖ,
1225 4227 1373 4307 ἔχεις
1405 4234 1493 4288 καὶ
1528 4230 1638 4288 ὦδε
1683 4234 1770 4288 καὶ
1826 4235 1937 4288 ἅνω

255 4320 312 4376 ἓν
347 4321 593 4394 πέμπτῳ
639 4319 925 4399 κεφαλαίῳ
976 4319 1136 4396 ἐγγὺς
1185 4319 1282 4375 τοῦ
1336 4319 1547 4384 τέλους·
1605 4320 1635 4376 ὅ
1667 4320 1724 4376 δὲ
1781 4321 1937 4377 εἶ’πο-

259 4431 363 4484 μεν
419 4410 546 4484 περί
595 4413 812 4485 ψυχῶν,
861 4412 942 4465 ὅτι
994 4407 1357 4485 ἀγγελοειδῶς
1411 4409 1486 4472 εἷς
1513 4407 1568 4464 ἓν
1623 4413 1689 4466 τὰ
1744 4409 1933 4466 πολλὰ

259 4497 616 4570 συνελίξασαι
649 4505 857 4573 νοοῦσι,
895 4498 1136 4573 μάλιστα
1165 4498 1215 4554 έν
1256 4504 1324 4574 τῇ
1373 4499 1656 4555 ἀναστάσει
1707 4501 1935 4562 τελείως

2051 571 2109 623 in
2143 588 2289 641 quas
2321 573 2706 644 cogitationes
2749 592 2916 630 mens
2967 583 3166 633 nostra
3216 596 3283 635 ex
3314 583 3710 642 divisibilibus

2050 660 2372 730 descendit,
2404 663 2459 716 id
2495 669 2581 718 est
2613 681 2682 718 ex
2724 665 3044 721 sensilibus
3094 673 3148 722 et
3180 670 3327 725 fusis
3357 673 3707 743 rationibus,

2051 767 2154 821 pro
2188 751 2494 822 speciebus
2527 770 2592 807 ac
2617 753 3017 824 multitudine,
3048 759 3202 826 quod
3225 765 3333 828 est,
3360 761 3707 819 intellectio-

2051 856 2154 894 nes
2207 841 2602 896 materialium
2653 843 3019 916 colligentes,
3054 848 3254 903 omnia
3304 850 3429 904 sine
3463 855 3710 909 materia

2050 929 2107 982 in
2143 929 2398 1001 simplici
2431 931 2918 1004 contemplantes.

2118 1019 2486 1085 lntetlectites,
2519 1021 2618 1076 Gr.
2650 1021 2862 1090 νοηταί,
2901 1025 3168 1097 lntcllige
3202 1027 3345 1082 illud
3379 1029 3592 1098 νοηταί,
3627 1033 3711 1088 in-

2052 1107 2408 1179 telligibiles,
2441 1117 2727 1180 quantum
2757 1113 2823 1167 ad
2861 1131 3003 1181 nos;
3050 1115 3242 1186 ipsum
3277 1124 3473 1174 autem
3504 1119 3708 1194 νοεραί,

2050 1197 2471 1270 intelligentes,
2507 1207 2792 1269 quantum
2827 1202 2894 1256 ad
2932 1207 3132 1260 Deum.

2119 1288 2223 1342 Aut
2276 1305 2309 1341 α
2357 1287 2618 1344 dividuz's.
2667 1290 2784 1345 Nos
2833 1292 3229 1349 divisibilibus
3282 1313 3569 1353 sensuum
3614 1300 3708 1354 in-

2053 1378 2398 1432 strumentis
2443 1379 2705 1447 utimur;
2759 1381 2915 1436 aliud
2968 1382 3123 1438 enim
3175 1387 3435 1457 auditus,
3464 1393 3521 1443 et
3548 1389 3708 1444 aliud

2053 1467 2236 1532 visus,
2270 1472 2325 1522 et
2359 1467 2441 1523 sic
2475 1469 2545 1523 de
2577 1468 2708 1530 aliis
2745 1488 2757 1525 :
2796 1475 2852 1525 et
2900 1470 2993 1527 his
3026 1490 3059 1527 a
3091 1473 3482 1532 divisibilibus
3514 1480 3709 1534 sensi—

2049 1555 2207 1611 libus
2261 1573 2455 1611 rerum
2506 1557 2900 1629 cognitionem
2952 1562 3292 1633 recipimus,
3323 1571 3425 1621 aut
3467 1567 3523 1620 in
3559 1567 3708 1622 divi-

2049 1645 2320 1701 sibilibus
2367 1647 2602 1718 quidem
2655 1666 2724 1703 ex
2773 1654 2936 1720 parte
2986 1651 3482 1723 cogitationibus;
3534 1657 3634 1711 sed
3678 1675 3712 1713 a

2050 1735 2449 1792 divisibilibus
2500 1736 2834 1808 disciplinis
2867 1757 2968 1794 seu
3026 1740 3365 1798 intellectus
3423 1746 3706 1816 objectis;

2050 1825 2370 1897 aliquando
2420 1831 2618 1881 autem
2672 1843 2773 1898 per
2821 1830 2985 1884 fusas
3035 1847 3100 1884 ac
3148 1833 3377 1903 amplas
3424 1836 3707 1904 rationes,

2051 1916 2108 1970 id
2140 1921 2228 1970 est
2257 1915 2473 1971 claram
2515 1921 2572 1971 et
2623 1916 2973 1988 explicatam
3008 1921 3445 1978 enarrationem
3494 1926 3712 1981 facien-

2049 2008 2158 2060 tes.
2193 2004 2593 2075 Intelligentes
2623 2023 2754 2061 vero
2779 2010 3020 2072 naturai,
3052 2007 3275 2064 nullam
3311 2011 3368 2065 in
3395 2012 3484 2068 his
3516 2015 3708 2069 omni-

2050 2094 2162 2149 bus
2193 2095 2792 2150 communicationem
2844 2095 3148 2165 habentes,
3201 2116 3318 2155 una
3365 2107 3424 2156 et
3454 2102 3714 2174 simplici

2051 2181 2445 2238 intellectionc
2471 2183 2732 2238 veritatis
2763 2185 3092 2256 cognitione
3123 2187 3517 2248 illustrantur.

2119 2275 2314 2344 Estque
2348 2273 2481 2328 illis.
2513 2272 2666 2328 Dicit
2696 2274 2846 2343 gesse
2896 2275 2954 2330 in
3004 2276 3230 2348 angelis
3283 2279 3619 2337 facultatem
3654 2286 3712 2338 et

2053 2362 2371 2417 efficaciam
2424 2361 2847 2434 intelligentem
2899 2383 2932 2419 a
2984 2368 3418 2436 supernaturali
3463 2370 3566 2426 Dei
3615 2389 3711 2425 sa-

2050 2452 2267 2523 pientia
2297 2456 2525 2519 ortam;
2562 2469 2628 2507 ex
2659 2452 2785 2525 ipso
2817 2453 2972 2508 enim
3026 2455 3209 2510 divini
3241 2458 3433 2528 angeli
3467 2460 3706 2530 partici-

2048 2541 2281 2610 patione
2334 2539 2669 2596 facultatem
2722 2541 3108 2612 intelligentia
3156 2545 3426 2602 efﬁcacia
3469 2548 3709 2614 habent,

2049 2647 2164 2700 qua
2195 2630 2420 2701 seipsos
2452 2647 2517 2684 ac
2544 2647 2636 2685 res
2663 2631 3020 2703 intelligunt,
3045 2637 3221 2704 atque
3253 2637 3414 2691 ideas
3439 2637 3710 2694 intuitive

2047 2719 2406 2790 intelligunt,
2438 2736 2586 2790 quas
2618 2719 2717 2774 Dei
2751 2721 3120 2792 cognitiones
3152 2725 3495 2782 nominavit.
3521 2727 3708 2783 Intio-

2048 2810 2283 2864 ductam
2317 2809 2498 2879 igitur
2529 2809 2748 2864 habent
2772 2811 2843 2864 ab
2876 2817 3111 2866 auctore
3137 2814 3247 2868 Deo
3282 2814 3706 2887 intelligentem

2047 2898 2198 2953 hanc
2228 2899 2568 2964 efﬁcaciam,
2602 2904 2774 2967 atque
2806 2899 2969 2954 valde
3009 2905 3495 2959 transcendenter
3528 2922 3711 2976 supra

2047 2990 2314 3053 animas;
2351 2987 2397 3041 si
2428 2986 2663 3057 quidem
2695 2988 2903 3042 animae
2937 3005 3004 3044 ex
3033 2989 3178 3060 ipsis
3212 2992 3387 3047 rebus
3420 3009 3520 3048 seu
3555 2994 3712 3064 obje'

2047 3078 2158 3136 ctis
2190 3077 2342 3132 188
2384 3093 2476 3131 res
2527 3075 2881 3148 intelligant,
2916 3084 2972 3133 et
3023 3081 3331 3149 speciebus
3377 3081 3712 3149 intendant,

2051 3169 2205 3239 quod
2238 3172 2326 3221 est
2359 3165 2800 3222 ratiocinatione
2849 3167 3120 3238 pluribus
3169 3169 3518 3243 intelligere,
3553 3189 3619 3228 ac
3651 3173 3712 3228 in

2051 3259 2251 3313 orbem
2285 3256 2484 3310 omnia
2515 3255 2779 3310 circuire.
2813 3257 3020 3328 Angeli
3063 3275 3195 3313 vero
3226 3258 3433 3314 innata
3465 3261 3575 3316 sibi
3615 3261 3714 3317 Dei

2051 3345 2652 3409 similitudine,unice
2683 3362 2783 3400 seu
2821 3363 2922 3416 per
2941 3347 3179 3401 modum
3209 3349 3386 3404 unius
3410 3354 3712 3405 creaturas

2051 3434 2270 3490 multas
2305 3431 2662 3503 intelligunt,
2698 3449 2886 3504 neque
2917 3435 3259 3490 dividuntur
3285 3435 3344 3490 in
3378 3437 3712 3494 distinctio-

2050 3541 2182 3580 nem
2217 3522 2516 3578 varietatis
2549 3538 2746 3577 rerum
2779 3540 2882 3578 seu
2912 3523 3176 3591 sensilia,
3208 3525 3363 3581 sicut
3393 3527 3712 3583 rationales

2051 3614 2262 3668 animae
2295 3629 2307 3667 :
2344 3628 2514 3682 porro
2546 3610 2753 3666 animae
2798 3611 2900 3666 illa
2947 3629 3006 3667 re
3039 3612 3475 3684 aliquantulum
3520 3617 3712 3688 dignas

2051 3703 2219 3771 ﬁunt,
2255 3700 2494 3773 angelos
2526 3699 2840 3766 imitando,
2889 3702 3147 3772 quando,
3203 3702 3521 3759 multorum
3554 3705 3611 3761 in
3649 3723 3714 3761 se

2050 3791 2411 3862 objectorum
2445 3788 2902 3845 intellectionem
2950 3790 3009 3845 in
3063 3808 3248 3846 unum
3284 3795 3714 3862 convolventes,

2051 3881 2248 3936 omnia
2279 3878 2458 3934 simul
2490 3879 2619 3934 sine
2649 3881 2992 3935 confusione
3023 3881 3302 3937 distincta
3334 3882 3582 3950 habent;
3616 3901 3710 3938 ve-

2051 3973 2386 4025 rumtamen
2421 3967 2633 4023 animae
2663 3968 2964 4024 inductam
3000 3970 3072 4025 ab
3119 3971 3450 4026 extrinseco
3481 3972 3709 4028 intelle-

2049 4061 2303 4114 ctionem
2337 4057 2579 4127 habent,
2613 4060 2716 4113 sed
2749 4059 2936 4128 angeli
2970 4075 3039 4115 ex
3071 4059 3285 4130 seipsis
3317 4065 3373 4115 et
3402 4061 3460 4116 in
3495 4061 3711 4134 seipsis

2048 4148 2389 4220 intelligunt
2420 4151 2621 4218 utpote
2653 4148 2984 4203 deiformes.
3021 4149 3089 4203 Et
3119 4147 3242 4204 haec
3273 4149 3512 4221 quidem
3546 4150 3712 4206 sufﬁ-

2049 4238 2207 4294 ciant
2238 4239 2308 4292 de
2357 4236 2857 4310 intelligibilibus.
2905 4238 2985 4293 De
3019 4243 3132 4293 Deo
3181 4242 3379 4294 autem
3414 4241 3708 4312 quomodo

2050 4327 2356 4396 intelligat,
2374 4326 2469 4381 hic
2492 4343 2727 4398 quoque
2749 4326 2953 4394 habes,
2980 4332 3037 4383 et
3060 4328 3337 4400 superius
3361 4329 3514 4385 circa
3533 4330 3711 4386 finem

2049 4415 2255 4488 capitis
2285 4417 2475 4487 quinti
2514 4432 2526 4470 :
2561 4417 2715 4486 quod
2750 4419 2946 4471 autem
2981 4417 3242 4473 diximus
3266 4418 3337 4472 de
3369 4418 3706 4485 animabus,

2048 4521 2147 4562 eas
2180 4506 2236 4560 in
2269 4507 2504 4560 modum
2539 4503 2883 4576 angelorum
2940 4505 3130 4560 multa
3161 4507 3221 4560 in
3254 4523 3438 4561 unum
3474 4506 3708 4562 convol-

255 4586 504 4660 ἕξουσιν,
539 4588 629 4644 ὅτε
660 4588 811 4653 αὖθις
841 4588 892 4644 ἐν
925 4595 1043 4652 τοῖς
1103 4591 1305 4644 ἑαυτῶν
1361 4587 1574 4662 σώμασι
1623 4585 1933 4666 γενόμεναι,

2053 4601 2244 4650 ventes
2277 4592 2624 4664 intelligere,
2659 4594 2912 4648 maxime
2947 4594 3004 4648 in
3062 4594 3490 4650 resurrectione
3523 4597 3711 4667 perfe-

257 4681 365 4748 τήν
411 4683 517 4734 τῶν
547 4674 716 4734 ὄντων
751 4684 948 4755 γνῶσιν
980 4678 1190 4735 τελείαν
1226 4677 1633 4752 ἀπολήψονται.
1667 4685 1846 4737 Ταῦτα
1879 4679 1935 4736 δὲ

259 4771 300 4838 ἡ
333 4774 446 4823 τῶν
481 4766 704 4823 δικαίων
737 4769 1025 4832 ἀνάστασις
1055 4767 1279 4831 τελείως
1327 4765 1454 4840 ἕξει,
1504 4769 1641 4823 κατᾶ
1668 4771 1731 4825 τὸ
1784 4771 1936 4846 εἰρη-

266 4857 457 4932 μένον·
511 4857 614 4915 Καὶ
666 4856 838 4921 οὕτως
883 4859 1114 4914 πάντοτε
1160 4857 1251 4912 σὺν
1300 4857 1480 4932 Κυρίῳ
1531 4856 1781 4931 ἐσόμεθα·
1845 4861 1937 4915 καὶ

260 4946 460 5002 πάλιν·
495 4951 600 5001 Νῦν
635 4947 711 5012 ὡς
739 4947 790 5003 ἐν
821 4948 1114 5023 κατόπτρῳ
1164 4948 1252 5003 καὶ
1298 4946 1573 5023 αἰνίγματι
1635 4947 1934 5022 βλέπομεν,

257 5038 390 5092 τότε
423 5034 480 5092 δὲ
528 5036 826 5113 πρόσωπον
883 5039 1022 5112 πρὸς
1080 5038 1380 5112 πρόσωπον
1437 5039 1534 5106 τήν
1601 5041 1710 5092 τῶν
1765 5034 1936 5094 ὅντων

259 5132 466 5202 γνῶσιν
498 5123 763 5200 δηλονότι
794 5123 1130 5198 παιδευθησό
1140 5129 1295 5200 μεθα.

341 5320 420 5393 (υ)
449 5321 472 5377 Ι
503 5321 712 5379 Thess.
746 5338 825 5390 ιν,
861 5322 946 5378 16.
1025 5322 1104 5394 (ac)
1136 5322 1159 5378 Ι
1188 5323 1314 5378 Cor.
1348 5338 1474 5391 xm,
1509 5322 1596 5377 12.

2051 4690 2138 4741 cte
2169 4684 2538 4750 obtinebunt,
2573 4683 2830 4754 quando,
2874 4700 3082 4738 rursus
3117 4684 3175 4737 in
3209 4683 3334 4738 suis
3365 4685 3712 4757 corporibus

2049 4776 2420 4840 exsistentcs,
2438 4775 2748 4844 perfectam
2766 4790 2960 4828 rerum
2985 4773 3378 4844 cognitionem
3401 4774 3707 4845 accipient.

2050 4863 2418 4920 Resurrectio
2450 4868 2646 4918 autem
2698 4864 2996 4933 justorum
3031 4862 3154 4918 haec
3188 4864 3440 4934 perfecte
3473 4863 3710 4919 habebit

2039 4955 2211 5024 juxta
2242 4953 2598 5024 Scripturam
2638 4968 2650 5007 :
2685 4954 2748 5006 Et
2779 4954 2861 5007 ita
2909 4969 3033 5007 cum
3083 4952 3312 5008 Domino
3351 4968 3566 5024 semper
3597 4953 3708 5008 eri-

2045 5061 2170 5099 mus
2204 5044 2314 5114 (v);
2350 5059 2416 5098 ac
2448 5042 2660 5097 iterum
2696 5057 2709 5096 :
2743 5043 2896 5097 Nunc
2919 5046 2977 5096 ut
3009 5041 3066 5096 in
3099 5043 3316 5113 speculo
3342 5046 3393 5098 et
3414 5045 3712 5114 éL’m'gmate

2045 5133 2316 5202 videmus,
2351 5141 2483 5186 tunc
2511 5135 2695 5186 autem
2749 5131 2900 5202 facie
2941 5132 3016 5186 ad
3044 5133 3246 5202 faciem
3276 5132 3393 5205 (x);
3445 5131 3713 5189 videlicet

2048 5239 2244 5278 rerum
2275 5221 2672 5294 cognitionem
2704 5219 3068 5275 docebimur.

1299 5441 1538 5497 VARle
1578 5441 1966 5498 LECTIONES
2003 5443 2095 5500 ET
2133 5440 2687 5500 CORRECTIONES.

339 5539 388 5616 ‘_'
431 5537 570 5612 πρὸς
608 5537 798 5616 ’πάντα
845 5538 1202 5616 τᾲςςοιαῦταἶ
1257 5540 1321 5616 ἰθ
1352 5531 1841 5616 ἐπιλαμϐάνονται.
1902 5541 1964 5616 ,⁸⁷
1990 5538 2052 5616 οὐ
2097 5542 2216 5616 γὰρ,
2245 5540 2419 5595 πάντα
2467 5537 2534 5616 τὰ
2564 5541 2676 5616 Δτοῦ
2727 5541 2863 5616 Θεοῦ
2906 5534 3284 5616 ἐγκαταλείψει
3315 5544 3450 5616 τῆς-
3480 5545 3704 5616 κτιιστῆς

267 5607 512 5698 Ξπέρχέι
553 5609 791 5690 φύσεως,
845 5607 993 5668 ἀλλὰ
1038 5610 1130 5666 καὶ
1183 5610 1316 5687 ὑπὲρ
1363 5607 1565 5683 ταύτην
1609 5612 1710 5682 τὴν
1761 5610 2064 5689 ἀγγελικὴν
2111 5607 2351 5690 ὖπάρχει
2403 5608 2602 5688 γνῶσίν
2651 5629 2711 5666 τε
2776 5610 2867 5666 καὶ
2932 5607 3147 5682 νόησιν.
3211 5607 3351 5674 ’Τοῖς
3387 5607 3394 5608 ί
3426 5607 3703 5688 ἀγγέλοις.

262 5684 311 5722 ⁴³
343 5681 496 5739 ὄντα.
