4034 6388
422 360 529 416 347

1244 367 1606 421 APPENDIX
1649 368 1744 419 AD
1782 365 2025 420 OPERA
2061 366 2118 419 Β.
2158 364 2472 421 DIONYSII
2515 368 3020 425 AREOPAGITE.
3083 398 3089 403 -
3721 370 3813 426 348‘

496 487 706 559 Diﬂuse
735 493 919 541 autem
947 495 1000 541 et
1041 502 1141 559 per
1186 486 1499 544 circuitum.
1552 488 1783 544 Dictum
1815 490 1906 542 est
1936 486 2078 558 quid

2267 485 2587 559 Διεξοδικῶς
2645 486 2702 543 δὲ
2758 487 2848 543 καὶ
2905 483 3116 560 κύκλῳ.
3177 483 3405 559 Εἴρηται
3453 486 3506 542 τί
3548 488 3609 543 τὸ
3665 487 3815 563 διεξο-

426 569 740 645 διεξοδικῶς
783 573 1173 648 intelligatur.
1227 574 1551 646 Διεξοδικῶς
1597 577 1776 650 igitur
1808 582 1866 632 et
1894 572 2084 647 κύκλῳ

427 680 527 719 seu
562 665 690 719 fuse
720 682 786 720 ac
816 663 873 718 in
926 667 1151 736 orbem,
1204 666 1259 722 id
1292 671 1381 722 est
1431 667 1629 722 anima
1676 666 1936 721 humana
1968 680 2083 720 non

425 754 684 808 conferta
732 759 790 809 et
837 756 1151 826 conjuncta
1201 756 1415 812 mentis
1453 757 1776 811 intentione
1821 755 2082 810 divinam

424 842 869 912 comprehendit
914 845 1347 916 cognitionem;
1399 846 1497 900 sed
1532 861 1725 900 veram
1775 860 1968 900 rerum
2000 843 2086 897 in-

423 931 818 987 tellectionem
855 933 1197 1004 singillatim
1231 937 1287 988 et
1319 951 1418 1005 per
1450 938 1642 1005 partes
1675 932 1992 1005 accipiens,
2019 931 2080 986 in

424 1036 542 1092 quo
592 1021 767 1077 etiam
822 1023 893 1077 ab
944 1022 1207 1094 angelica
1252 1024 1448 1080 deﬁcit
1496 1024 1597 1080 Dei
1645 1024 1889 1089 visione,
1932 1022 2085 1078 circa

425 1125 602 1164 unam
640 1126 877 1166 causam
909 1128 1111 1167 eorum
1145 1129 1272 1185 quae
1302 1113 1459 1169 varie
1489 1112 1939 1169 considerantur
1985 1128 2084 1166 co-

424 1197 766 1269 gitationem
813 1198 1055 1273 colligit,
1089 1206 1162 1257 et‘
1192 1200 1693 1259 intellectionibus
1740 1200 2083 1272 angelorum

423 1286 749 1355 mqualibus
773 1288 949 1358 digna
982 1290 1256 1347 habetur.

492 1377 720 1448 Assequi
747 1379 899 1450 quod
926 1382 1159 1451 appetit.
1196 1381 1544 1438 Deemonum
1588 1398 1757 1439 mens
1789 1398 1858 1438 ex
1889 1380 2083 1453 priva-

421 1465 578 1521 tione
612 1466 856 1523 rationis
874 1467 1109 1538 quidem
1133 1470 1357 1542 appetit
1372 1488 1505 1526 cum
1527 1470 1642 1526 Deo
1665 1469 2082 1542 aequalitatem,

423 1554 614 1611 nescit
644 1557 1105 1628 quomodoillud
1141 1560 1377 1631 assequi
1404 1561 1615 1633 possit,
1650 1578 1765 1616 non
1801 1560 1958 1631 quod
1982 1576 2082 1614 na-

419 1649 553 1700 tura
583 1646 861 1717 ignorans
894 1646 990 1717 sit,
1016 1650 1113 1704 sed
1138 1648 1466 1705 voluntarie
1489 1649 1646 1721 quod
1680 1652 1886 1705 contra
1910 1652 2084 1704 natu-

422 1750 547 1790 ram
580 1733 826 1807 eligens.
861 1741 1007 1792 Nota
1036 1742 1234 1793 autem
1270 1740 1571 1794 daemones
1603 1744 1895 1810 quatenus
1928 1754 2086 1793 men-

421 1828 539 1878 tem
574 1825 811 1891 habent,
843 1825 995 1882 hanc
1039 1843 1107 1882 ex
1139 1828 1291 1883 bono
1342 1844 1760 1899 comparasse;
1796 1845 1827 1882 a
1858 1827 2083 1883 ratione

423 1916 620 1969 autem
652 1931 889 1969 aversos
921 1932 1113 1987 neque
1145 1917 1202 1971 id
1238 1917 1394 1989 quod
1416 1922 1584 1973 erant
1613 1934 1957 1989 permanere
1986 1934 2084 1974 vo-

422 2001 631 2070 lentes,
668 2003 1104 2076 prolapsionem
1139 2023 1170 2062 a
1195 2006 1485 2078 sapientia
1516 2006 1898 2065 sustinuisse.

493 2091 647 2147 189
681 2098 791 2148 Per
820 2109 1123 2151 excessum.
1178 2100 1255 2151 De
1287 2113 1353 2151 eo
1386 2096 1540 2168 quod
1575 2113 1706 2169 quae
1750 2113 1853 2169 per
1896 2097 2087 2169 priva-

423 2180 647 2237 tionem
679 2183 748 2238 de
782 2183 896 2239 Deo
948 2183 1246 2255 dicuntur,
1279 2190 1336 2242 et
1385 2187 1698 2256 contraria,
1751 2202 1854 2259 per
1900 2185 2086 2243 excel-

425 2269 670 2326 lentiam
705 2270 1135 2346 intelligantur.
1726 2340 1729 2341 ν

494 2363 561 2417 Et
589 2364 781 2418 omnia
808 2363 1019 2419 aliain
1049 2380 1124 2421 se.
1178 2365 1386 2422 Nullus
1432 2383 1500 2422 ex
1547 2366 1641 2421 his
1690 2365 1746 2421 in
1797 2365 2089 2422 absurdae

429 2452 760 2508 abducatur
799 2453 1208 2527 cogitationes,
1243 2459 1309 2511 ut
1355 2457 1511 2512 dicat
1541 2456 1718 2512 etiam
1770 2455 1956 2512 Deum
1988 2471 2091 2526 per

430 2543 670 2597 modum
702 2558 892 2599 causas
927 2542 1084 2599 mala
1111 2544 1171 2599 in
1205 2561 1268 2600 se
1308 2548 1443 2601 ante
1474 2545 1709 2613 habere,
1744 2561 1847 2601 seu
1879 2561 1947 2600 ex
1980 2545 2089 2600 hoc

427 2630 625 2703 colligi
658 2631 856 2704 ipsum
886 2649 1012 2689 esse
1038 2650 1241 2689 eorum
1276 2640 1570 2691 auctorem
1600 2653 1613 2703 ;
1650 2652 1764 2691 non
1800 2635 1957 2691 enim
1990 2639 2091 2689 Pa-

430 2726 520 2776 ter
549 2721 621 2776 de
657 2720 748 2777 his
777 2738 1109 2778 sermonem
1144 2722 1438 2790 instituit;
1479 2724 1605 2796 jam
1639 2723 1798 2780 enim
1831 2722 2091 2779 ostendit

430 2810 653 2866 malum
687 2825 879 2883 neque
909 2828 1059 2881 esse,
1096 2829 1286 2886 neque
1318 2814 1375 2869 in
1409 2816 1586 2870 rebus
1617 2828 1769 2883 esse,
1802 2813 1904 2869 sed
1936 2812 2091 2868 circa

428 2914 498 2954 ea
527 2915 655 2970 quae
685 2900 1001 2967 exsistunt,
1035 2918 1247 2974 nempe
1298 2904 1541 2975 angelos
1574 2907 1633 2959 et
1664 2906 1899 2958 caeteras
1930 2917 2091 2957 crea-

427 2991 611 3055 turas,
645 2988 798 3043 sicut
829 2988 1007 3044 etiam
1035 2995 1207 3045 antea
1232 2989 1398 3060 dixit,
1422 3006 1674 3063 quorum
1699 2987 2089 3059 cognitionem

430 3093 547 3132 non
581 3076 759 3132 habet
808 3078 1165 3134 addiscendo
1215 3078 1417 3150 qualia
1447 3080 1606 3147 sint;
1659 3078 1768 3133 hoc
1799 3077 1955 3131 enim
1990 3076 2087 3133 de-

430 3164 694 3237 claravit,
740 3182 874 3222 cum
925 3167 1115 3223 dixit:
1149 3169 1268 3224 Non
1309 3185 1377 3226 ea
1423 3184 1543 3242 qum
1572 3171 1701 3223 sunt
1729 3183 1805 3223 ea:
1852 3168 1927 3223 iis
1966 3180 2092 3237 quae

428 3264 558 3310 sunt
603 3255 839 3327 discens,
872 3261 929 3313 et
961 3256 1127 3326 illud,
1179 3275 1287 3314 son
1342 3241 1497 3331 quod
1530 3276 1634 3332 per
1680 3258 1935 3330 speciem
1967 3257 2086 3312 sin-
2120 3241 2163 3311 C

428 3344 569 3416 gula
614 3345 968 3415 consideret,
1021 3349 1119 3403 sed
1173 3354 1240 3404 ut
1285 3353 1511 3404 creator
1558 3350 1926 3421 propriorum
1961 3362 2093 3419 ope-

429 3449 559 3489 rum
595 3434 902 3491 scientiam
956 3441 1090 3493 ante
1137 3437 1337 3505 habet,
1370 3438 1563 3495 sciens
1612 3439 1908 3510 quomodo
1936 3437 2089 3510 ipsa,

428 3527 486 3578 et
544 3524 760 3595 quibus
810 3525 881 3580 de
928 3526 1124 3583 causis
1174 3528 1244 3581 ad
1298 3528 1734 3599 generationem
1784 3528 2089 3601 producet,

432 3629 681 3684 quorum
716 3616 1010 3685 perversio
1041 3621 1097 3672 et
1123 3616 1392 3681 deiectio,
1428 3633 1529 3673 seu
1564 3618 1723 3685 ﬁnis,
1755 3617 2004 3689 privatio
2036 3620 2093 3673 et

430 3701 809 3759 imbecillitas
840 3704 1063 3761 malum
1097 3705 1343 3773 inducit,
1377 3706 1517 3761 dum
1552 3707 1634 3762 rei
1664 3706 1950 3763 naturalis
1978 3704 2093 3778 pri-

432 3791 665 3848 vatione
696 3793 834 3850 facit
868 3794 926 3850 id
957 3796 1110 3867 quod
1161 3799 1365 3852 contra
1392 3801 1667 3852 naturam
1704 3800 1793 3852 est
1825 3814 1838 3852 :
1870 3795 2091 3852 idcirco

433 3882 591 3937 enim
622 3882 957 3956 exemplum
987 3883 1233 3941 luminis
1273 3886 1556 3959 adduxit;
1590 3902 1729 3942 nam
1759 3884 1939 3956 hujus
1973 3884 2091 3957 pri-

433 3971 667 4028 vatione
696 3972 883 4045 caligo
914 3973 1236 4031 subsistere
1266 3975 1500 4032 videtur
1515 3980 1573 4032 et
1596 3980 1814 4030 naturae
1847 3973 2093 4030 luminis

434 4061 762 4117 absentiam
816 4079 920 4135 pro
970 4080 1151 4120 causa
1196 4064 1394 4134 habet,
1446 4065 1600 4123 sicut
1646 4065 1821 4121 etiam
1854 4063 2092 4120 habitus

438 4151 625 4225 magis
654 4168 831 4224 quam
860 4154 1214 4225 privationes
1246 4154 1535 4227 principia
1578 4157 1737 4222 sunt,
1772 4157 1829 4208 et
1864 4157 1930 4208 ut
1958 4153 2093 4224 quis

436 4239 670 4312 dixerit,
716 4259 927 4299 cauete.
977 4243 1183 4316 Itaque
1238 4245 1404 4300 Pater
1431 4243 1542 4300 hoc
1587 4244 1713 4299 loco
1759 4257 2091 4299 sermonem

437 4331 575 4387 facit
605 4331 677 4388 de
707 4333 883 4389 rebus
927 4349 960 4388 a
1009 4336 1124 4389 Deo
1178 4333 1453 4401 conditis,
1488 4337 1546 4389 et
1593 4331 1963 4405 singularum
1996 4348 2095 4387 na-

434 4424 590 4492 tura,
620 4437 769 4494 quas
800 4426 972 4479 antea
1003 4423 1060 4478 in
1113 4423 1230 4478 Deo
1274 4427 1332 4479 et
1361 4440 1465 4496 per
1494 4420 2004 4496 praecognitionem
2037 4424 2095 4478 et

436 4511 962 4582 praedeﬁnitionem
994 4512 1291 4569 exstitisse
1312 4513 1413 4569 ait.

2196 572 2361 641 δικῶς
2407 582 2632 633 νοεῖται.
2691 574 3015 651 Διεξοδικῶς
3046 575 3227 631 τοίνυν
3258 575 3348 630 καὶ
3396 575 3601 651 κύκλῳ,
3649 582 3816 637 τουτὲο

2194 686 2308 719 στιν
2334 663 2433 720 οὐκ
2462 666 2633 743 ἀθρόᾳ
2671 670 2767 721 τοῦ
2816 668 2913 721 νοῦ
2961 660 3198 739 ἐπιϐολῇ
3238 666 3272 733 ἡ
3325 666 3632 741 ἀνθρωπίνη
3681 673 3816 747 ψυχὴ

2191 755 2290 822 τὴν
2345 755 2488 818 θείαν
2538 753 3066 811 κατακαλύπτεται⁴⁹
3111 758 3335 829 γνῶσιν,
3386 752 3534 809 ἀλλά
3570 758 3664 826 τὴν
3696 758 3817 830 ἀλη-

2192 845 2258 913 θῆ
2318 848 2425 898 τῶν
2479 842 2648 899 ὄντων
2692 844 3019 915 κατανόησιν
3071 844 3131 899 ἐκ
3176 848 3273 899 ⁶ιοῦ
3300 844 3439 899 κατά
3463 844 3623 919 μέρος
3674 843 3817 923 δεχο-

2197 932 2357 1004 μένη,
2388 934 2508 997 καθ’
2540 934 2569 988 ’ὀ
2598 934 2688 988 καὶ
2716 940 2817 1003 τῆς
2846 932 3141 1010 ἀγγελικῆς
3174 932 3528 989 ἀπολείπεται
3567 938 3819 1008 θεοπτίας,

2192 1022 2314 1097 περὶ
2380 1022 2444 1078 τὸ
2504 1019 2556 1077 ἕν
2608 1022 2782 1078 α’ίτιον
2829 1024 2929 1093 τὴν
2977 1027 3085 1077 τῶν
3134 1019 3405 1086 ποικίλως
3462 1024 3822 1099 θεωρουμένων

2194 1111 2405 1187 συνάγει
2458 1108 2708 1187 ἔννοιαν,
2765 1112 2855 1167 καὶ
2902 1117 3012 1168 τῶν
3053 1109 3354 1189 ΐσαγγὲλων
3405 1112 3643 1183 ἀξιοῦται
3698 1117 3821 1186 νοή-

2193 1222 2351 1258 σεων.

2265 1383 2471 1456 Τυχεῖν
2525 1381 2586 1436 οὗ
2645 1380 2883 1459 ἐφίεται.
2958 1379 3195 1459 Ἐφίεται
3259 1381 3354 1449 μὲν
3417 1378 3469 1450 ἐξ
3517 1377 3728 1457 ἀλογίας
3768 1384 3820 1438 τὸ

2196 1468 2405 1525 ἰσόθεον
2441 1470 2468 1524 6
2503 1467 2852 1544 δαιμόνιοςδθ
2879 1474 3025 1538 νοῦς,
3069 1470 3168 1525 οὐκ
3211 1466 3324 1525 οἶδε
3368 1466 3414 1524 δ’
3455 1468 3602 1532 ὅπως
3648 1470 3821 1527 τούτου

2191 1563 2383 1634 τυχεῖν
2442 1555 2664 1627 ἔνεστιν,
2715 1559 2775 1614 οὐ
2827 1558 2981 1635 φύσει
3040 1559 3226 1622 παθὼν
3274 1560 3376 1628 τήν
3429 1556 3662 1633 ἄγνοιαν,
3715 1558 3821 1615 ἀλλ’

2197 1646 2461 1710 ἑκουσίως
2492 1649 2555 1704 τὸ
2585 1649 2731 1722 παρά
2758 1648 2915 1723 φύσιν
2945 1646 3293 1723 αἱρούμενος.
3331 1647 3646 1719 Σημείωσαι
3676 1645 3728 1702 δὲ
3752 1647 3820 1702 ὅτι

2196 1738 2247 1792 οἱ
2279 1735 2532 1811 δαίμονες
2560 1739 2681 1793 καθ’
2712 1738 2740 1792 ὃ
2771 1742 2895 1792 νοῦν
2928 1736 3170 1813 ἔχουσιν,
3203 1736 3262 1791 ἐκ
3288 1741 3388 1792 τοῦ
3426 1736 3629 1813 ἀγαθοῦ
3654 1740 3820 1792 τοῦτον

2193 1829 2505 1897 κὲκτηνται’
2536 1824 2895 1902 ἂλογίσαντες
2924 1825 2983 1883 δὲ
3009 1829 3097 1882 καὶ
3136 1827 3211 1900 μὴ
3258 1825 3622 1902 βουληθέντες
3668 1832 3819 1900 μεῖναι

2197 1915 2388 1992 ὅπερ⁸¹
2420 1917 2580 1987 ἦσαν,
2613 1915 2880 1972 ἔκπτωσιν
2908 1916 3101 1989 σοφίας
3132 1916 3451 1990 ὑπέμειναν.

2270 2099 2397 2161 Καθ’
2449 2097 2752 2173 ὑπεροχήν.
2800 2098 2929 2172 Περῖ
2987 2100 3107 2169 τοῦ,
3160 2095 3244 2151 ὅτι
3295 2095 3368 2151 τὰ
3412 2095 3546 2151 κατᾶ
3603 2094 3820 2168 στέρησιν

2200 2185 2475 2263 λεγόμενα
2524 2186 2612 2242 ἐπὶ
2662 2189 2758 2241 τοῦ
2807 2189 2963 2256 Θεοῦ,
2993 2185 3084 2240 καὶ
3114 2185 3181 2240 τὰ
3210 2184 3451 2256 ἐναντία,
3511 2183 3821 2258 ὑπεροχικῶς

2196 2280 2465 2332 νοοῦνται.

2271 2365 2369 2420 Καὶ
2429 2363 2603 2420 πάντα
2657 2361 2837 2420 τᾶλλα
2903 2360 3115 2419 ἔνδοθεν
3153 2407 3166 2420 .
3245 2360 3457 2432 Μηδεὶς
3532 2360 3590 2417 ἐκ
3639 2362 3814 2416 τούτων

2197 2456 2338 2532 πρὸς
2394 2454 2633 2517 ἀτόπους
2684 2454 2969 2529 ἀπαγὲσθω
3016 2452 3266 2523 ἐννοίας,
3328 2451 3468 2508 ὥστε
3532 2450 3693 2525 λέγειν
3744 2448 3816 2504 καὶ

2195 2549 2276 2601 τῶ
2328 2548 2508 2600 κακῶν
2542 2543 2595 2599 ἐν
2631 2544 2807 2599 ἑαυτῶ
2853 2544 2970 2599 κατ’
3021 2542 3196 2598 αίτίαν
3228 2544 3492 2619 προέχειν
3545 2540 3632 2595 τὸν
3684 2539 3810 2606 Θεὸν,

2196 2632 2373 2710 ἤγουν
2428 2632 2599 2689 α’ίτιον
2646 2633 2822 2688 αὐτῶν
2874 2632 2934 2688 ἐκ
2977 2632 3174 2688 τούτου
3224 2634 3365 2688 εἶναι
3398 2629 3714 2706 συνάγεσθαι·
3762 2626 3813 2681 οὖ

2198 2723 2302 2800 γὰρ
2332 2722 2457 2800 περὶ
2500 2721 2710 2778 τούτων
2753 2720 2896 2778 ἐστὶν
2948 2723 2977 2777 6
3029 2719 3200 2796 λόγος
3231 2725 3315 2794 τῷ
3348 2720 3540 2794 Πατρί·
3585 2715 3685 2788 ἤδη
3730 2716 3810 2791 γὰρ

2200 2811 2366 2883 ἔδειξε
2401 2812 2654 2886 μήτ-ς’ὀν,
2719 2814 2859 2886 μήτε
2917 2810 2970 2867 ἐν
3027 2816 3145 2873 τοῖς
3193 2811 3315 2865 οὖσι
3368 2810 3432 2866 τὸ
3465 2808 3644 2875 κακὸν,
3697 2804 3811 2861 ἀλλὰ

2198 2902 2323 2979 περὶ
2348 2906 2453 2957 τῶν
2486 2900 2537 2956 ἐν
2574 2901 2727 2973 οὐσίᾳ
2757 2899 2949 2969 ὅντων,
2982 2903 3098 2956 οἷον
3144 2898 3395 2976 ἀγγέλων
3427 2899 3514 2955 καὶ
3566 2900 3667 2952 τῶν
3714 2892 3803 2949 λοι-

2199 2996 2316 3047 πῶν
2366 2992 2703 3065 κτισμάτων,
2759 2989 2942 3054 καθὼς
2985 2988 3076 3044 καὶ
3122 2994 3408 3062 προεῖπεν,
3438 2989 3511 3042 ὢν
3556 2986 3652 3054 τήν
3695 2984 3796 3055 γνῶ·

2199 3102 2280 3136 σιν
2327 3080 2426 3135 οὐκ
2482 3079 2543 3135 ἐκ
2599 3077 2694 3135 τοῦ
2744 3081 3030 3152 μανθάνειν
3090 3077 3245 3150 αὐτὰ,
3301 3079 3469 3133 ὁποῖά
3520 3074 3635 3130 τινά
3681 3069 3804 3133 εἰσιν,

2200 3165 2337 3248 ἔχει’
2368 3173 2530 3225 τοῦτο
2560 3169 2664 3245 γὰρ
2696 3166 2975 3239 ἐδήλωσεν
3007 3168 3194 3222 εἰπών’
3256 3167 3379 3225 Οὐκ
3431 3167 3490 3221 ἐκ
3543 3168 3646 3219 τῶν
3674 3155 3808 3214 ὄντων

2198 3261 2267 3315 τά
2296 3255 2420 3313 ὄντα
2468 3255 2773 3331 μανθάνων,
2822 3255 2912 3311 καὶ
2967 3256 3052 3324 τὸ,
3114 3254 3176 3311 οὐ
3232 3262 3353 3311 κατ’
3411 3252 3555 3309 ῗδέαν
3606 3250 3811 3305 ἑκάστοις

2198 3343 2539 3415 ἐπιϐάλλων,
2572 3344 2700 3402 ἀλλ’
2729 3346 2803 3408 ὡς
2860 3346 3100 3417 ποιητὴς
3129 3344 3340 3400 τούτων
3381 3345 3481 3413 τήν
3513 3338 3703 3410 εἴδησιν
3726 3337 3812 3389 τῶν

2199 3437 2416 3494 οἰκείων
2478 3434 2654 3511 ἔργων
2703 3432 2954 3511 προέχει,
3014 3431 3173 3496 εἰδὼς
3224 3432 3380 3496 ὅπως
3429 3432 3577 3495 αὐτὰ,
3621 3425 3699 3483 καὶ
3736 3420 3811 3511 ἐφ’

2199 3529 2280 3590 οἷς
2307 3508 2528 3603 παράξει
2554 3508 2707 3599 ’πρὸς
2748 3508 2990 3598 γένεσιν,
3041 3520 3116 3577 ὧν
3164 3525 3201 3593 ἡ
3249 3519 3574 3598 παρατροπὴ
3615 3513 3694 3571 καὶ
3732 3508 3811 3603 ξλ-

2198 3599 2403 3689 λειψις,
2454 3612 2625 3690 ἤγουν
2656 3616 2691 3683 ἡ
2724 3614 3000 3689 ἀποτυχία
3027 3611 3118 3667 καὶ
3150 3609 3427 3686 ἀδυναμία
3453 3611 3514 3665 τὸ
3542 3604 3690 3663 κακὸν
3719 3599 3811 3655 εἶσ-

2201 3707 2335 3782 άγει,
2390 3708 2457 3778 τῇ
2524 3705 2771 3778 στερήσει
2841 3706 2939 3757 τοῦ
2985 3702 3123 3757 κατά
3179 3701 3341 3777 φύσιν
3395 3701 3458 3755 τὸ
3499 3696 3638 3771 παρὰ
3679 3690 3807 3768 φύσιν

2198 3798 2448 3849 ποιοῦσα·
2496 3792 2635 3867 πρὸς
2679 3796 2841 3848 τοῦτο
2886 3791 2990 3868 γὰρ
3038 3791 3101 3846 τὸ
3145 3794 3243 3847 τοῦ
3299 3790 3479 3870 φωτὸς
3534 3783 3807 3858 παρήγαγεν

2205 3880 2586 3958 ὑπόδειγμα⁸²·
2618 3884 2687 3956 τῇ
2718 3882 2819 3957 γὰρ
2844 3879 3040 3935 τούτου
3070 3881 3321 3956 στερήσει
3367 3878 3431 3934 τὸ
3480 3875 3659 3932 σκότος
3702 3882 3810 3964 παρς

2200 3973 2485 4047 υφίσταται
2516 4014 2529 4041 ,
2580 3972 2672 4026 καὶ
2729 3969 2902 4025 αἰτίαν
2963 3963 3080 4045 ἔχει
3123 3970 3224 4038 τήν
3283 3964 3543 4025 ἀπουσίαν
3594 3965 3685 4027 τῆς
3705 3963 3809 4047 Ατοῡ

2201 4040 2380 4141 φωτὸς
2430 4059 2661 4135 φύσεως,
2722 4059 2902 4135 ὥσπερ
2946 4040 3036 4115 κάῖ
3084 4062 3192 4114 τῶν
3241 4058 3546 4135 στερήσεων
3598 4048 3656 4141 αἱ
3703 4040 3813 4141 ἓεεξς

2202 4126 2655 4228 ἀρχηγικώτιραι
2674 4126 3031 4225 τυγχάνουσι,
3080 4146 3170 4203 καὶ
3220 4148 3295 4210 ὡς
3452 4162 3533 4204 τις
3577 4136 3724 4228 εἴποι,
3751 4126 3813 4228 αξ·

2199 4240 2332 4297 τίαι.
2382 4240 2643 4302 Ἐνταῦθα
2688 4236 2779 4293 οῦν
2822 4238 2851 4292 6
2900 4237 3088 4313 Πατὴρ
3126 4237 3252 4311 περῖ
3293 4240 3405 4293 τῶν
3458 4227 3561 4288 ὖπὸ
3587 4226 3708 4282 Θεοῦ
3750 4215 3811 4322 είς

2201 4330 2403 4405 γὲνεσιν
2436 4328 2737 4403 ἀχθέντων,
2767 4325 2859 4382 καὶ
2888 4328 2988 4391 τῆς
3017 4325 3242 4381 ἑκάστου
3279 4324 3488 4380 τούτων
3520 4316 3713 4397 φύσεως
3735 4316 3808 4405 τὸγ

2203 4418 2374 4494 λόγον
2414 4422 2673 4487 ποιεῖται,
2707 4416 2740 4471 ἃ
2786 4417 2877 4471 καὶ
2920 4413 3317 4493 προϋφεστάναι
3350 4414 3402 4471 ἐν
3451 4415 3528 4483 τῷ
3558 4407 3666 4476 Θεῷ
3701 4393 3811 4453 κατὰ

2200 4509 2515 4583 πρόγνωσιν
2543 4506 2632 4561 καὶ
2657 4507 2719 4562 τὸ
2745 4505 3083 4582 προωρίσθαι
3117 4504 3325 4582 ε’ίρηκε.

508 4604 584 4655 Et
612 4603 913 4658 essentiam
941 4601 1239 4675 prwhabet.
1290 4602 1453 4667 Quod
1488 4600 1744 4673 cognitio
1774 4601 2089 4657 essentiam

2274 4596 2377 4655 Καὶ
2412 4596 2592 4651 οὐσίαν
2619 4592 2871 4671 προέχει.
2901 4595 3025 4651 ’Ὁτι
3058 4597 3094 4665 ἡ
3125 4598 3326 4670 γνῶσις
3351 4593 3449 4661 τήν
3482 4584 3656 4644 οὐσίαν
3682 4570 3810 4649 προέο

435 4689 819 4763 anticipatam
853 4697 911 4747 et
939 4695 1075 4747 ante
1107 4690 1593 4762 comprehensam
1626 4690 1861 4747 habeat.

509 4779 660 4836 Sicut
686 4787 741 4837 et
770 4782 890 4836 lux.
926 4779 1303 4836 Conﬁrmatio
1327 4780 1397 4835 ab
1422 4778 1689 4851 exemplo
1715 4800 1728 4849 ;
1763 4779 1918 4835 sicut
1938 4779 2096 4835 enim

437 4873 485 4929 si
519 4872 739 4942 aliquis
771 4873 1067 4943 supponat
1108 4867 1301 4924 lucem
1351 4868 1504 4924 hanc
1551 4868 1867 4938 visibilem,
1903 4868 2097 4925 mente

437 4967 494 5019 et
525 4961 751 5017 ratione
799 4959 1101 5030 praeditam
1155 4973 1302 5023 esse,
1335 4963 1539 5030 postea
1570 4957 1736 5013 illum
1778 4959 2097 5032 interroge-

438 5068 598 5119 mus,
630 5067 775 5105 num
834 5047 1036 5103 lumen
1068 5047 1342 5103 tenebras
1392 5052 1725 5121 cognoscat,
1765 5047 2094 5121 dixeritque

436 5154 815 5213 cognoscere,
845 5138 1024 5193 etiam
1070 5135 1414 5207 priusquam
1445 5137 1699 5193 tenebrae
1731 5144 1965 5208 essent;
2000 5155 2098 5195 co-

439 5244 726 5302 gnoscere
757 5230 953 5282 autem
990 5241 1104 5281 non
1137 5226 1497 5297 experientia
1518 5226 1751 5299 aliqua;
1782 5229 2099 5300 [quomodo

439 5318 598 5375 enim
649 5315 850 5371 lumen
881 5316 1152 5372 tenebras
1192 5313 1417 5372 sciret?
1465 5316 1518 5372 si
1555 5316 1711 5372 enim
1764 5317 1843 5373 sit
1871 5316 2097 5389 lumen,

2205 4707 2295 4764 χει
2323 4685 2413 4742 καὶ
2444 4684 2897 4762 προσυνείληφεν.

2275 4745 2496 4851 Ὥσπεᾷ
2538 4775 2630 4829 καὶ
2682 4774 2742 4828 τὸ
2796 4745 2934 4852 ἓίῖᾶἷκί.
2991 4776 3279 4831 ’Άπτωτον
3330 4773 3393 4828 τὸ
3447 4773 3545 4837 τῆς
3597 4745 3807 4852 ποξρσξϐο·

2206 4864 2331 4937 λῆς·
2367 4843 2548 4942 ὣσπερ
2577 4864 2677 4938 γὰρ
2709 4860 2756 4918 ε’ί
2784 4843 2869 4925 τίς
2896 4861 3158 4928 ὑπόθοιτο
3200 4862 3265 4918 τὸ
3296 4865 3410 4942 φῶς
3439 4858 3592 4945 τοῦτο
3618 4843 3810 4945 16-69“:

2205 4955 2296 5011 τὸν
2327 4953 2507 5010 ἔννουν
2561 4954 2695 5009 εἶναι
2743 4952 2834 5008 καὶ
2884 4951 3130 5030 λογικόνσ
3180 4954 3293 5009 εἶτα
3342 4937 3689 5030 ’πυθοίμεθαιξ1³
3734 4948 3808 4981 αυ⁸

2206 5049 2327 5115 τοῦ,
2377 5044 2423 5100 εἰ
2472 5045 2727 5121 γινώσκει
2773 5043 2834 5097 τὸ
2884 5042 3096 5113 σκότος,
3145 5043 3209 5098 τὸ
3267 5040 3325 5098 δὶ
3354 5024 3809 5121 ε’ίιτιοιλγινιιθσκεινἔ

2219 5098 2231 5101 ’
2251 5098 2261 5100 '
2285 5098 2295 5100 '
2314 5098 2327 5115 ν
2382 5098 2395 5100 “
2414 5098 2419 5099 ⁷
2485 5098 2496 5121 ι
3061 5098 3096 5113 .,
3556 5098 3567 5107 ,

2207 5136 2295 5191 καὶ
2330 5133 2459 5211 πρὶν
2490 5132 2713 5208 γένηται
2745 5132 2807 5187 ἂν
2840 5132 2901 5188 τὸ
2932 5132 3147 5195 σκότος’
3171 5133 3454 5208 γινώσκειν
3503 5119 3557 5177 δὲ
3604 5098 3809 5211 ανδ-καῖέ

2207 5245 2328 5280 τινα
2358 5198 2619 5298 incipiam,
2661 5224 2803 5296 (πῶς
2847 5223 2948 5300 γὰρ
2992 5219 3108 5278 ’ίδοι
3138 5198 3329 5284 σκότος
3357 5216 3418 5311 τὸ
3447 5215 3555 5292 φῶς
3578 5198 3808 5311 καί-’ξς

2211 5319 2347 5394 Ῥῶςν
2407 5276 2508 5368 οὐξι
2557 5276 2704 5368 ἔέπᾶι
2761 5276 3008 5387 ams:'-'0|<')
3061 5310 3210 5369 ἀλλὰ
3254 5309 3531 5389 γινώσκειν
3586 5290 3714 5350 εἴποι
3757 5276 3809 5332 τὸ

1438 5487 1685 5545 νΔῐιΙιΕ
1732 5488 2129 5550 LECTIONES
2176 5491 2271 5549 ET
2303 5487 2860 5549 CORRECTIONES.

513 5634 558 5672 ι’
584 5635 1000 5741 καξαλάμπξξαι
1074 5628 1353 5741 ξοὲἐφίεται
1391 5631 1484 5741 [ἐν
1512 5629 1579 5741 ἐξ
1595 5629 1825 5741 ἀλογίας
1857 5636 2104 5711 γενέσθαι
2133 5631 2342 5696 ἰσόθεος
2377 5634 2404 5689 6
2437 5630 2592 5707 δαιμ.
2667 5634 2711 5671 ⁸⁸
2743 5630 3100 5706 ἀλογίσαντες
3134 5624 3192 5686 δὶ
3215 5620 3433 5685 ἑαυτοὺς
3466 5612 3551 5674 καὶ
3598 5603 3670 5693 ,μή

441 5727 624 5770 ναντες
655 5701 813 5783 δπερξ
886 5707 931 5742 ⁵³
960 5701 1323 5783 παράδειγμα·
1393 5701 1446 5741 ³³
1474 5701 1791 5779 πυθώμεθα.
