4034 6384
236 374 349 430 349

1011 381 1070 434 8.
1110 378 1387 435 ΜΔΧῙΜΙ
1424 380 1733 436 SCHOLIA
1770 382 1843 434 IN
1882 381 1894 432 ]

2012 421 2020 432 .
2062 381 2157 434 DE
2194 382 2463 435 DIVINIS
2505 380 2923 437 NOMINIBUS.

3570 382 3675 439 350

235 501 359 575 φῶς
388 500 510 553 καθ’
537 498 568 553 ’ὀ
598 503 716 577 φῶς
744 497 855 554 ἐστι
890 518 901 530 ·
938 496 1024 554 διὸ
1062 500 1154 554 καὶ
1191 497 1354 570 οἶδεν,
1387 503 1495 573 ὅτι,
1527 501 1615 556 ἑὰν
1648 499 1894 575 συστείλῃ

2020 519 2138 558 non
2169 511 2343 559 erunt
2372 505 2676 573 tenebrae;]
2723 504 2825 559 sed
2858 503 3067 559 dixerit
3097 504 3295 561 lumen
3328 522 3679 578 cognoscere

233 587 300 642 τὸ
331 588 542 643 οἰκεῖον
568 591 708 666 φῶς,
740 585 920 649 οὐδεὶς
962 583 1153 661 ὄψεται
1188 608 1201 620 ·
1254 586 1400 643 οὕτω
1444 589 1537 644 καὶ
1570 591 1598 644 6
1628 589 1760 652 Θεὸς
1789 591 1906 645 κατ’

236 674 418 730 αῗτίαν
477 674 533 731 ἒν
591 676 767 748 ἑαυτῷ
812 677 912 745 τὴν
970 676 1187 732 πάντων
1247 675 1454 749 εἷ’δησιν
1514 673 1655 755 ἔχει,
1717 679 1778 734 ού
1834 682 1902 753 τῇ

234 764 403 840 πείρᾳ
439 764 643 836 ταύτην
694 764 1147 840 ἐπικτησάμενος,
1198 766 1317 821 ἐπεὶ
1375 767 1548 831 οὕτως
1603 768 1901 843 εὑρίσκεται

238 855 700 931 μεταγενέστερος
749 855 777 910 6
835 854 964 917 Θεὸς
1015 862 1116 926 τῆς
1170 856 1446 932 γνώσεως,
1505 856 1539 927 ἤ
1597 860 1731 913 κατά
1786 880 1905 913 τινα

236 944 445 1020 χρόνον
494 945 572 1018 μή
621 945 931 1019 γινώσκων.
984 945 1304 1017 Σημείωσαι
1351 944 1409 1002 δὲ
1452 948 1516 1002 τὸ
1546 947 1738 1012 σκότος
1767 949 1902 1003 εἶναι

233 1035 299 1089 τὸ
349 1033 619 1102 αἰτιατὸν,
671 1032 723 1105 ἐξ
773 1032 1075 1108 ἐλλείψεως
1123 1039 1220 1090 τοῦ
1265 1037 1444 1111 φωτὸς
1491 1039 1901 1113 παρυφιστάμε-

234 1144 325 1178 νον
362 1125 430 1180 5‘.
464 1124 599 1196 ὅπερ
631 1121 744 1178 ἐστὶ
774 1123 912 1178 κατὰ
937 1122 1284 1202 Μανιχαίων.

305 1298 427 1358 Τοῦ
478 1321 727 1370 σκοτους,
772 1302 896 1359 Ὅτι
945 1302 1009 1358 τὸ
1063 1301 1255 1366 σκότος
1296 1303 1405 1380 οὐχ
1443 1305 1725 1380 ἑτέρωθεν,
1773 1304 1901 1362 ἀλλ’

231 1389 344 1464 ἆχὸ
375 1394 477 1445 τοῦ
515 1390 699 1468 φωτὸς
728 1390 1075 1466 γνωρίζεται.

304 1479 415 1535 Καὶ
448 1479 551 1535 οὐκ
595 1480 656 1536 ἐκ
694 1484 803 1536 τῶν
864 1476 1059 1538 ὄντων.
1105 1484 1246 1559 Ὅρα
1293 1487 1413 1549 πῶς
1463 1483 1596 1563 φησι
1635 1485 1727 1540 τὸν
1768 1485 1897 1540 Θεὸν

232 1567 439 1624 εἰδέναι
468 1570 539 1624 τὰ
569 1565 723 1639 ὄντα,
756 1569 857 1626 οὐκ
885 1572 946 1626 ὲκ
989 1578 1089 1641 τῆς
1132 1574 1350 1628 πάντων
1378 1575 1651 1650 γνώσεως,
1682 1573 1808 1630 ἀλλ’
1841 1573 1900 1629 ἐκ

231 1664 333 1727 τῆς
369 1656 538 1731 ἰδίας,
576 1659 758 1734 ὥσπερ
788 1661 852 1717 τὸ
901 1666 1016 1739 φῶς
1070 1659 1184 1717 οἶδε
1228 1664 1294 1719 τὰ
1338 1667 1435 1718 τοῦ
1467 1663 1710 1735 σκότους,
1744 1661 1895 1719 οὐδὲν

229 1752 328 1803 τοῦ
359 1749 599 1813 σκότους
626 1742 773 1824 ἔχων
823 1749 876 1805 ἐν
928 1752 1121 1824 ἑαυτῷ.
1173 1755 1357 1809 Ταῦτα
1402 1749 1458 1807 δὲ
1503 1750 1812 1829 πολλαχῶς
1843 1753 1895 1808 ἐν

229 1841 312 1910 τῷ
350 1838 616 1948 ,πέμπτιιὶ
647 1837 932 1916 κεφαλαίῳ
981 1837 1191 1915 εἴρηται
1225 1861 1238 1874 ·
1291 1846 1408 1905 πῶς
1460 1844 1488 1897 6
1532 1843 1659 1941 Θεὸς
1706 1844 1896 1898 ἑαυτὸν
1930 1884 1975 1948 Β

232 1926 548 2001 γινώσκων,
580 1926 706 1997 ἤτοι
727 1929 893 1999 νοῶν,
916 1935 1036 1985 νοεῖ
1062 1930 1151 1985 καὶ
1181 1931 1438 2005 γινώσκει
1467 1930 1534 1986 τὰ
1564 1927 1692 1986 ὄντα
1720 1953 1894 2007 παρα-

231 2013 627 2090 δειγματικῶς.

300 2104 426 2162 Οὐκ
451 2106 558 2181 ἄρα
588 2107 617 2161 6
654 2104 807 2169 Θεός.
854 2107 940 2163 Ἐν
991 2104 1220 2181 οὕδεμιᾳ
1267 2108 1368 2184 γὰρ
1411 2107 1613 2185 διπλόη
1640 2111 1703 2166 τὸ
1729 2115 1896 2183 θεῖον,

230 2193 417 2266 πάντη
454 2194 667 2251 ἁπλοῦν
698 2196 782 2268 ὃν,
812 2194 903 2251 καὶ
936 2197 1069 2272 ὑπὲρ
1096 2202 1199 2253 πᾶν
1228 2196 1458 2255 ἁπλοῦν.

296 2375 401 2429 Καὶ
463 2375 568 2451 γὰρ
625 2374 718 2430 καὶ
770 2374 898 2439 τοὺς
957 2374 1240 2453 ἀγγέλους.
1273 2379 1317 2415 ⁵⁸
1386 2377 1463 2435 Τὸ
1530 2375 1657 2441 τοὺς
1730 2379 1895 2453 ἀγγέ-

227 2462 364 2525 λους
401 2461 605 2520 εἰδέναι
643 2466 713 2520 τὰ
768 2464 856 2521 ἐπὶ
905 2472 1006 2542 γῆς
1055 2465 1117 2521 οὐ
1159 2464 1230 2521 δι’
1270 2466 1570 2538 αἰσθήσεως
1611 2463 1896 2542 προσϐάλ-

190 2566 195 2570 ’
228 2550 434 2617 λοντας
465 2560 587 2617 τοῖς
614 2554 914 2628 αἰσθητοῖς,
966 2556 1041 2618 ὡς
1081 2557 1268 2631 ἡμεῖς,
1317 2555 1464 2612 ἀλλὰ
1494 2554 1583 2613 διὰ
1614 2555 1894 2631 δυνάμεως

224 2638 711 2715 ἐπαναϐεϐηκυίας
761 2641 1048 2702 ἐπιϐάλλω
1104 2647 1341 2701 νοεισθαι
1381 2649 1446 2720 ⁵⁸,
1502 2645 1561 2702 ἐκ
1619 2645 1890 2725 διαφόρων

220 2733 466 2809 λογίων,
504 2735 619 2789 οἷον
672 2735 747 2797 ὠς
801 2731 856 2791 ἓν
898 2739 978 2807 τῷ
1029 2729 1241 2809 Τωὸίᾳ,
1287 2734 1426 2791 ὅπου
1473 2732 1707 2809 εἴρηται,
1750 2734 1833 2791 6'1:
1864 2737 1893 2791 6

221 2828 373 2886 θεῖος
403 2820 658 2897 Ῥαφαὴλ
691 2823 720 2877 ὁ
750 2818 987 2900 ἅγγελος
1024 2824 1141 2879 εἷπε
1183 2827 1262 2895 τῷ
1292 2825 1396 2897 υἱῴ
1423 2826 1519 2880 τοῦ
1548 2822 1767 2880 Τωϐίου
1794 2824 1893 2881 λα-

222 2906 340 2966 ϐεῖν
377 2912 481 2980 τὴν
516 2909 698 2988 χολὴν
724 2917 822 2968 τοῦ
848 2908 1172 2978 ἀνελθόντος
1210 2913 1420 2989 ἰχθύος,
1453 2914 1528 2977 ὡς
1561 2915 1889 2990 ἀφαιροῦσαν

222 2997 567 3073 λευκώματα
637 3001 938 3080 ὀφθαλμῶν
1001 3002 1262 3079 γινόμενα
1335 3004 1442 3059 ἀπὸ
1498 3001 1892 3080 ἄφοδευμάτων

220 3088 537 3165 στρουθίων
570 3108 583 3121 ·
644 3090 707 3147 οὔ
757 3090 861 3169 γὰρ
910 3089 972 3147 ἄν
1013 3113 1095 3155 τις
1151 3093 1528 3164 ὑπονοήσειεν,
1571 3092 1653 3149 ὅτι
1708 3095 1892 3149 παθὼν

217 3174 394 3252 ἔμαθε
426 3182 532 3249 τήν
568 3179 804 3256 ἰατρείαν
835 3200 848 3214 ⁸
896 3180 1041 3237 ἀλλὰ
1087 3183 1176 3236 καί
1237 3182 1265 3237 6
1312 3179 1364 3237 ἐν
1402 3187 1519 3244 τοῖς
1549 3188 1771 3257 Κριταῖς
1800 3178 1890 3260 ἔγ·
1932 3244 1951 3260 ἐ

2017 598 2310 663 quatenus
2343 592 2541 647 lumen
2587 598 2696 662 est,
2731 593 2978 665 ideoque
3031 593 3188 649 novit
3239 596 3422 666 quod,
3454 595 3501 650 si
3537 613 3676 668 pro-

2014 682 2206 752 prium
2243 682 2443 738 lumen
2475 681 2852 752 contraxerit,
2887 681 3087 737 nullus
3121 685 3372 739 videbit:
3410 684 3490 740 ita
3526 687 3677 741 Deus

2014 787 2116 841 per
2146 787 2384 826 causam
2420 772 2683 826 omnium
2721 772 2775 825 in
2809 788 2870 826 se
2901 771 3293 844 cognitionem
3330 773 3525 839 habet,
3559 792 3675 830 non

2014 860 2169 930 quod
2229 860 2587 931 experientia
2642 877 2770 914 eam
2822 861 3285 931 comparaverit:
3339 866 3465 916 tum
3518 862 3673 918 enim

2012 948 2167 1004 Deus
2198 950 2533 1021 cognitione
2564 949 2852 1021 posterior
2881 934 3374 1017 inveniretur,‘aut
3396 952 3453 1005 in
3479 951 3677 1023 aliquo

2010 1043 2276 1109 tempore
2310 1056 2423 1094 non
2458 1055 2843 1110 cognoscens.
2878 1039 3026 1094 Nota
3071 1040 3346 1094 tenebras
3378 1056 3508 1096 esse
3538 1041 3679 1095 effe-

2010 1131 2171 1182 ctum
2203 1127 2306 1198 qui
2336 1145 2402 1183 ex
2435 1129 2660 1182 defectu
2696 1126 2845 1184 lucis
2876 1128 3201 1184 subsistere
3240 1128 3490 1197 videtur,
3522 1131 3679 1202 quod

2009 1219 2099 1272 est
2127 1222 2332 1272 contra
2363 1216 2735 1272 Manichzeos.

2085 1306 2236 1361 I90
2280 1307 2666 1363 Tenebrarum.
2699 1305 2994 1363 Tenebras
3045 1324 3160 1363 non
3209 1305 3449 1364 aliunde
3497 1324 3674 1381 quam

2009 1411 2076 1457 ex
2109 1393 2237 1451 luce
2267 1395 2563 1466 cognosci.

2082 1486 2145 1540 Et
2174 1501 2285 1540 non
2314 1501 2383 1541 ex
2412 1486 2594 1540 rebus.
2629 1484 2773 1540 Vide
2798 1486 3093 1556 quomodo
3134 1485 3287 1541 dicat
3338 1485 3520 1542 Deum
3572 1503 3673 1543 co-

2007 1590 2287 1646 gnoscere
2317 1591 2386 1630 ea
2415 1592 2539 1644 quas
2571 1578 2731 1644 sunt,
2765 1591 2879 1630 non
2914 1591 2979 1629 ex
3013 1575 3275 1630 omnium
3317 1574 3671 1648 cognitione,

1968 1664 1973 1671 ’
2007 1664 2105 1721 sed
2141 1680 2210 1718 ex
2237 1663 2492 1736 propria,
2526 1664 2681 1719 sicut
2722 1662 2819 1718 lux
2866 1665 3026 1720 novit
3070 1665 3364 1731 tenebras,
3398 1681 3528 1720 cum
3579 1670 3671 1721 ta-

2009 1769 2142 1809 men
2175 1753 2321 1808 nihil
2355 1754 2727 1808 tenebrarum
2779 1752 2837 1807 in
2886 1769 2948 1807 se
2998 1752 3233 1809 habeat.
3277 1753 3407 1809 Haec
3455 1755 3672 1826 saepius

2007 1842 2159 1898 dicta
2192 1844 2352 1898 fuere
2398 1842 2456 1897 in
2510 1843 2714 1914 quinto
2746 1842 2972 1914 capite:
3025 1842 3320 1914 quomodo
3368 1842 3523 1898 Deus
3572 1859 3672 1899 se-

2005 1932 2202 2004 ipsum
2248 1948 2611 2004 cognoscens
2641 1948 2745 1987 seu
2774 1930 3130 2003 intelligens,
3163 1930 3453 2003 intelligat
3480 1935 3539 1988 et
3569 1949 3670 1988 co-

2006 2026 2250 2094 gnoscat
2281 2039 2382 2093 per
2411 2020 2698 2093 exempla.

2075 2112 2193 2167 Non
2224 2113 2409 2182 itaque
2439 2112 2594 2166 Deus.
2631 2109 2917 2166 Divinitas
2964 2110 3122 2164 enim
3155 2109 3215 2164 in
3247 2108 3413 2165 nulla
3443 2114 3533 2165 est
3565 2111 3671 2165 du-

2006 2199 2288 2273 plicitate,
2313 2217 2446 2256 cum
2481 2201 2559 2256 sit
2589 2200 2829 2256 omnino
2861 2198 3109 2272 simplex
3135 2204 3192 2255 et
3221 2216 3403 2272 supra
3434 2215 3669 2256 omnem
3741 2251 3752 2263 ,

2007 2288 2471 2361 simplicitatem.

2077 2378 2293 2434 Etenim
2344 2393 2555 2451 quoque
2608 2379 2851 2447 angelos.
2910 2377 3163 2451 Angelos
3219 2394 3387 2434 nosse
3437 2381 3671 2434 terrena

2007 2484 2121 2523 non
2174 2483 2373 2534 sensu,
2406 2484 2520 2523 non
2553 2472 2616 2522 ut
2648 2483 2755 2523 nos
2803 2466 3124 2523 sensilibus
3155 2465 3529 2534 inhaerentes,
3563 2468 3671 2522 sed

2005 2555 2254 2627 conjicio
2285 2572 2389 2628 per
2415 2557 2530 2611 vim
2567 2555 3076 2611 transcendentem
3123 2554 3398 2627 intelligi,
3453 2572 3521 2611 ex
3574 2555 3669 2610 di-

2002 2646 2189 2701 versis
2247 2645 2523 2711 oraculis,
2557 2644 2823 2700 videlicet
2870 2644 3025 2700 sicut
3072 2644 3132 2700 in
3184 2644 3388 2715 Tobia,
3423 2645 3521 2701 ubi
3571 2645 3666 2699 di-

2002 2737 2174 2799 citur,
2236 2735 2469 2790 divinus
2517 2733 2774 2805 Rapbael
2821 2734 3066 2807 angelus
3113 2734 3260 2788 dixit
3308 2734 3427 2789 ﬁlio
3473 2734 3667 2789 Tobias

2004 2829 2067 2879 ut
2098 2824 2388 2896 acciperet
2418 2823 2486 2878 fel
2520 2824 2699 2895 piscis
2731 2839 2846 2894 qua
2878 2824 3135 2879 auferret
3163 2822 3499 2893 albuginem
3530 2838 3666 2878 ocu-

1999 2915 2193 2971 lorum
2244 2932 2313 2970 ex
2361 2919 2615 2969 stercore
2662 2929 2967 2984 passerum
3017 2918 3256 2980 natam;
3302 2928 3474 2968 nemo
3503 2912 3661 2968 enim

2001 3004 2292 3077 putaverit
2343 3019 2477 3059 eum
2535 3002 2894 3075 experientia
2954 3002 3304 3057 medicinam
3350 3000 3660 3071 didicisse;

2001 3094 2145 3166 quin
2174 3093 2351 3148 etiam
2384 3093 2442 3147 in
2476 3092 2644 3148 libris
2672 3091 2973 3155 Judicum,
3002 3090 3248 3162 angelus
3303 3106 3499 3145 coram
3550 3093 3659 3145 Ge-

2000 3184 2186 3239 deone
2214 3181 2409 3254 ignem
2442 3182 2501 3237 in
2536 3180 2892 3236 sacriﬁcium
2937 3195 3004 3236 ex
3056 3184 3215 3252 petra
3246 3180 3509 3251 ejiciens,
3542 3195 3661 3235 non

215 3268 387 3346 γελος
422 3268 517 3325 ἐπὶ
548 3254 667 3325 τοῦ
689 3267 894 3325 Γεδεὼν
941 3270 1016 3335 εἷς
1056 3272 1154 3341 τὴν
1206 3270 1390 3326 θυσίαν
1420 3254 1665 3327 ἐκϐαλὼν
1699 3271 1758 3328 ἐκ
1786 3254 1886 3343 της

2012 3271 2224 3328 sciebat
2273 3288 2474 3336 sensu,
2526 3272 2679 3326 sicut
2728 3286 2855 3338 nos,
2908 3269 3102 3341 ignem
3156 3270 3523 3335 comburere,
3556 3269 3661 3325 sed

221 3361 423 3435 πέτρας
454 3364 591 3436 πῦρ,
626 3359 1003 3433 ούκσαίσθήσει
1029 3358 1192 3431 οἶδεν,
1226 3360 1308 3417 ὅτι
1337 3362 1399 3416 τὸ
1430 3367 1537 3437 πῦρ
1579 3363 1887 3436 καυπικόν,

221 3448 293 3511 ὡς
326 3452 530 3523 ἡμεῖς,
566 3448 694 3506 ἀλλ’
735 3450 994 3528 ἀνωτὲρῳ
1041 3452 1340 3531 προσφόρῳ
1371 3454 1415 3491 ⁸⁷
1441 3470 1453 3483 ·
1498 3450 1642 3507 οὕτω
1693 3457 1783 3507 καί
1823 3451 1890 3507 τὰ

216 3536 421 3596 λοιπά.
454 3539 524 3596 Εἰ
557 3537 616 3595 δὲ.
666 3561 752 3602 τις
793 3537 959 3609 εἴποι,
1005 3540 1105 3595 Καὶ
1153 3545 1271 3603 πῶς
1322 3544 1418 3595 τοῦ
1459 3539 1679 3596 αἰωνίου
1719 3542 1891 3616 πυρὸς

218 3629 546 3701 ατο-θήσεται
579 3630 609 3684 6
640 3623 925 3697 διάϐολος,
975 3630 1065 3685 καὶ
1116 3631 1167 3685 0':
1221 3628 1444 3706 ἄγγελοι
1478 3631 1645 3686 αὐτοῦ
1681 3649 1694 3700 ;
1728 3628 1779 3686 ἐν
1811 3634 1890 3703 τῷ

226 3718 528 3795 πρησφόρῳ
565 3739 722 3791 τοπῳ
772 3718 1124 3796 λεχθήσεται.
1177 3718 1358 3776 Ἀλλὰ
1403 3719 1494 3775 καὶ
1545 3720 1595 3774 ἐν
1648 3724 1728 3793 τῷ
1788 3728 1889 3775 Δα-

235 3806 381 3879 νιὴλ,
408 3809 464 3863 ἐν
504 3830 586 3881 τῳ
610 3807 895 3888 κεφαλαίῳ
935 3814 1033 3864 τοῦ
1086 3808 1395 3886 Βαλθάσαρ,
1430 3807 1570 3864 οἶδεν
1606 3811 1634 3865 6
1665 3809 1886 3888 γράφων

230 3895 527 3972 γράμματα
591 3899 668 3971 μή
730 3898 939 3972 μαθών.
1018 3899 1336 3973 Σημείωσαι
1399 3897 1457 3955 δὲ
1508 3897 1590 3955 6'1:
1651 3899 1712 3955 ού
1770 3902 1891 3955 κατ’

218 3986 476 4057 αἴσθησιν
509 3991 628 4048 τοῖς
656 3986 915 4063 ἀγγέλοις
956 3990 990 4058 ἡ
1040 3992 1242 4063 γνῶσις
1278 3992 1387 4044 τῶν
1415 3989 1688 4058 αἰσθητῶν
1719 4010 1727 4019 ·
1763 3987 1891 4045 οὐδὲ

212 4077 322 4151 γὰρ
378 4081 506 4139 τοῖς
562 4077 681 4131 καθ’
725 4078 875 4150 ἡμᾶς
926 4076 1307 4153 αἰσθητηρίοις
1362 4076 1686 4154 κέχρηνται,
1742 4076 1890 4134 ἄλλά

208 4170 307 4220 νοῦ
341 4162 577 4239 δυνάμει
604 4166 694 4221 καὶ
720 4166 895 4243 φύσει.

284 4256 318 4329 §
352 4256 454 4312 ΙΙΙ.
488 4254 612 4310 Ἐπὶ
666 4250 724 4309 δὲ
764 4253 986 4319 τούτοις
1027 4260 1258 4326 ζητῆσαι
1318 4257 1456 4331 χρή.
1510 4261 1746 4327 Συζητεῖ
1768 4261 1887 4321 πῶς

205 4343 347 4399 Θεὸν
383 4344 734 4419 γινώσκομεν
761 4362 774 4374 ·
798 4342 891 4398 καί
913 4364 1074 4422 φησιν
1099 4344 1297 4416 ὀρθῶς,
1321 4343 1403 4399 6'1:
1425 4348 1560 4399 Θεοῦ
1588 4346 1683 4418 μὲν
1705 4345 1887 4425 φύσις,

205 4435 239 4489 δ
266 4432 323 4488 τί
354 4433 496 4488 ποτὲ
526 4432 694 4501 ἐστιν,
727 4432 851 4488 οὕτε
892 4433 1000 4488 τινὶ
1044 4434 1271 4488 πώποτε
1308 4437 1418 4488 τῶν
1459 4432 1511 4489 ἐν
1548 4432 1888 4512 δημιουργίᾳ

208 4523 503 4600 ἐγνώσθη,
552 4520 676 4577 οὕτε
723 4521 1057 4593 ἐπιστητῶς,
1095 4522 1219 4579 οὕτε
1265 4522 1576 4586 ἐποπτικῶς
1607 4543 1620 4557 ο
1669 4525 1884 4588 τούτοις

1999 3358 2329 3415 sublimiori
2364 3360 2537 3415 modo
2567 3358 2679 3414 sibi
2714 3358 3116 3427 convenienti;
3160 3358 3243 3413 ita
3289 3358 3360 3413 de
3409 3358 3655 3415 caeteris.

1997 3449 2054 3504 Si
2089 3465 2220 3503 vero
2254 3447 2470 3520 aliquis
2501 3448 2746 3503 dixerit:
2799 3448 3103 3513 Quomodo
3142 3445 3416 3502 diabolus
3446 3445 3663 3502 sentiet

1998 3538 2191 3611 ignem
2224 3543 2532 3607 aeternum,
2560 3542 2618 3592 et
2649 3536 2840 3608 angeli
2872 3536 3046 3608 ejus?
3081 3535 3137 3591 in
3170 3535 3297 3591 loco
3329 3540 3664 3608 opportuno

1997 3627 2245 3683 dicetur.
2276 3628 2382 3682 Sed
2412 3627 2587 3682 etiam
2622 3626 2681 3680 in
2716 3626 2954 3681 Daniele
2987 3626 3045 3680 in
3099 3625 3290 3696 capite
3323 3625 3394 3679 de
3424 3624 3666 3680 Baltha-

1997 3732 2115 3784 sar,
2150 3716 2249 3787 qui
2283 3716 2507 3786 scribit,
2544 3715 2769 3771 litteras
2802 3716 2964 3771 novit
2994 3730 3141 3786 quas
3182 3731 3297 3769 non
3350 3714 3660 3771 didicerat.

1995 3804 2143 3861 Nota
2173 3810 2368 3860 autem
2401 3804 2795 3878 cognitionem
2818 3802 3127 3860 sensilium
3161 3820 3276 3859 non
3309 3819 3440 3859 esse
3472 3803 3532 3858 in
3566 3820 3666 3859 an-

1997 3894 2143 3966 gelis
2178 3911 2281 3966 per
2308 3911 2573 3961 sensum,
2598 3910 2789 3966 neque
2816 3894 2973 3950 enim
3009 3893 3229 3949 nostris
3259 3909 3544 3949 sensuum
3566 3909 3663 3949 or-

1996 3985 2164 4058 ganis
2190 3991 2459 4050 utuntur,
2494 3984 2595 4041 sed
2630 3983 2845 4039 virtute
2876 3983 3092 4040 mentis
3119 3988 3178 4039 et
3207 3986 3441 4039 natura.

2067 4258 2094 4324 §
2126 4255 2222 4312 lII.
2254 4256 2542 4313 Praeterea
2570 4256 2937 4327 quaerendum
2960 4259 3059 4311 est.
3083 4254 3338 4327 Inquirit
3369 4253 3661 4327 quomodo

1996 4345 2181 4402 Deum
2213 4361 2660 4417 cognoscamus,
2696 4348 2753 4401 et
2783 4349 2938 4400 recte
2968 4344 3129 4414 dicit,
3163 4344 3260 4401 Dei
3291 4343 3531 4416 quidem
3564 4359 3665 4399 na-

1996 4439 2210 4505 turam,
2244 4434 2386 4506 quid
2437 4435 2675 4490 tandem
2722 4434 2822 4501 sit,
2863 4433 3011 4489 nulli
3060 4450 3324 4505 unquam
3378 4436 3664 4488 creaturas

1995 4525 2289 4597 cognitam
2325 4524 2528 4591 fuisse,
2565 4539 2752 4593 neque
2792 4537 2864 4577 ex
2910 4521 3178 4589 scientia,
3212 4537 3403 4592 neque
3449 4536 3518 4576 ex
3571 4518 3662 4575 in-

206 4613 316 4688 γὶρ
346 4606 731 4685 ὲπιϐάλλομεν
783 4619 898 4674 τοῖς
949 4613 1263 4686 ἀσωμάτοις
1298 4633 1312 4647 ·
1374 4611 1521 4668 ἀλλὰ
1566 4614 1885 4689 γινώσκεται

2012 4615 2183 4682 ιυὶιυς
2218 4613 2310 4669 bis
2338 4613 2494 4669 enim
2529 4612 2875 4683 incorporea
2905 4610 3301 4683 aggredimur,
3333 4610 3435 4665 sed
3469 4613 3653 4664 Deum

211 4702 243 4755 6
276 4702 417 4763 Θεὸς
450 4701 514 4755 ἐκ
539 4706 641 4769 τῆς
670 4705 778 4756 τῶν
810 4700 1124 4773 κτισμάτων
1155 4700 1447 4773 διατάξεως
1471 4721 1486 4735 ⁸
1515 4700 1565 4757 εἴ
1592 4703 1716 4777 γὰρ,
1747 4705 1886 4759 κατὰ

208 4790 309 4845 τὸν
360 4794 510 4854 θεῖον
553 4789 913 4865 Ἀπόστολον,
965 4793 1001 4862 ἡ
1050 4795 1159 4846 τῶν
1198 4788 1704 4867 δημιουργημάτων
1754 4791 1887 4848 καλ-

211 4878 386 4951 λονή,
411 4879 548 4953 [τὸν]
603 4880 1006 4958 γενεσιουργὸν,
1058 4881 1305 4935 τουτέστι
1354 4881 1444 4935 τὸν
1491 4884 1600 4936 τῶν
1652 4879 1705 4935 ἐν
1737 4880 1884 4956 γενέ-

211 4990 295 5025 σει
327 4971 457 5013 ⁸³-⁸⁹
485 4970 725 5042 ποιητὴν
753 4970 970 5045 μηνύει,
1003 4968 1227 5033 εἰκότως
1253 4972 1289 5040 ἡ
1320 4973 1426 5025 τῶν
1456 4965 1626 5024 ὄντων
1647 4967 1885 5043 διάταξις

1995 4719 2065 4760 ex
2094 4707 2495 4759 creaturarum
2529 4701 2919 4773 dispositione
2950 4699 3223 4772 cognosci
3249 4714 3264 4765 ;
3288 4712 3437 4754 'nam
3469 4697 3542 4764 si,
3575 4714 3664 4753 se-

1996 4793 2256 4849 cundum
2287 4790 2650 4863 Apostolum,
2680 4789 3057 4863 pulchritudo
3098 4792 3527 4856 creaturarum,
3560 4801 3660 4859 ge-

1997 4884 2318 4939 nerationis
2348 4886 2667 4949 auctorem,
2701 4880 2759 4935 id
2805 4884 2895 4936 est
2942 4895 3146 4935 eorum
3197 4893 3325 4949 quae
3375 4876 3661 4949 producta

1998 4976 2136 5027 sunt
2165 4970 2523 5027 conditorem
2556 4969 2853 5026 ostendit:
2907 4969 3115 5024 merito
3158 4982 3300 5023 sane
3347 4963 3658 5037 diapositio

1235 5141 1474 5198 VARIIE
1510 5141 2031 5199 LECTIONES-ET
2069 5141 2631 5199 CORRECTIONES.

286 5287 336 5363 ξι
364 5284 684 5363 σημείω-σαι
709 5284 967 5363 ὼςαῖξτία
990 5289 1352 5363 106316100;
1380 5284 1496 5363 ἐστὶ
1541 5285 1604 5341 τὸ
1634 5289 1747 5363 φῶς
1784 5303 1797 5316 ’
1847 5283 2288 5363 ᾖξ’-ἐλλείψεως.
2315 5285 2416 5363 γὰρ
2465 5284 2630 5363 αὐτοῦ
2671 5282 2913 5363 φαίνεται
2940 5299 2961 5363 1
2996 5282 3086 5363 καὶ
3119 5278 3297 5363 ξξτιῌτὸ
3330 5277 3521 5363 σκότος
3552 5278 3660 5355 οὐχ

206 5350 502 5434 ἑτέρωθεν.
521 5428 532 5434 _
577 5357 626 5434 ⁸ξ
653 5355 735 5434 6'1:
771 5356 822 5412 οἰ
850 5355 1082 5434 *ἄγγελοι
1108 5355 1258 5434 ’ίσασι
1289 5359 1357 5434 τὰ
1377 5357 1465 5413 ἐπὶ
1495 5363 1620 5434 γῆς,
1646 5350 1717 5434 ὀὐ
1742 5359 1858 5434 κατ’
1881 5350 2344 5434 Δοἱίσθησινζβιλλᾶ
2370 5350 2507 5412 κατὰ
2530 5350 2757 5434 “divit-05
2784 5351 3067 5434 0:05:603;
3092 5353 3269 5434 αὐτῶν
3300 5353 3397 5434 νοῦ
3420 5350 3653 5434 δύναμιν

204 5424 532 5506 ᾄτιόὐλκαᾞ
565 5427 815 5506 αἴσθησιν
839 5424 971 5506 Δτοῖς
1001 5430 1264 5506 ἀγγέλοις
1289 5433 1325 5501 ἡ
1358 5424 1563 5506 γνῶσις
1607 5424 1726 5506 ξτῶν
1777 5424 2055 5501 αἰσθητῶν
2089 5450 2101 5464 ·
2132 5424 2192 5484 οὐ
2244 5431 2349 5505 γὰρ
2393 5435 2510 5492 τοῖς
2557 5424 2677 5485 καθ’
2707 5430 2857 5506 ἠμᾷς
2885 5426 3270 5506 αἰσθητηρίοις
3296 5424 3600 5501 κέχρηνται
3624 5442 3650 5506 _°

206 5502 373 5576 ἀλλὰ,
391 5497 618 5573 δυνάμει
649 5497 744 5557 νοῦ
765 5502 855 5557 καὶ
905 5497 1098 5576 φύσεί.’
1135 5497 1407 5572 Quonim}:
1458 5503 1647 5574 angeli
1689 5508 1894 5561 terram

2012 5497 2449 5574 ignoscunt'non
2495 5517 2679 5570 sensu,
2730 5497 2823 5576 sed
2850 5497 3157 5576 dei/armis
3185 5497 3436 5576 ipsorum
3455 5499 3659 5576 mentis

207 5574 488 5649 facultate
514 5571 539 5638 έ
565 5589 674 5630 non
696 5578 846 5633 enim
874 5571 945 5633 ea:
970 5571 1287 5635 sensatione
1310 5577 1502 5649 aliqua
1529 5571 1714 5632 oritur
1755 5577 1816 5631 z'n
1854 5571 2073 5649 angelis
2107 5592 2297 5631 rerum
2325 5576 2617 5649 sensilia”:
2638 5574 2891 5649 cognitio
2906 5591 2935 5649 ε
2964 5571 3408 5649 quandoquidem
3438 5585 3550 5649 ηοςι
3588 5574 3653 5625 ut

208 5639 336 5720 ξιοε⁸
361 5661 627 5720 sensuum
683 5649 911 5720 organis
968 5652 1223 5720 utuntur,
1278 5648 1371 5709 sed
1401 5639 1636 5706 ‘virtute
1678 5650 1879 5706 mentis

2034 5653 2262 5707 natura.
2338 5647 2382 5683 ⁸⁸
2433 5639 2838 5708 ἐπιϐάλλοντας
2903 5639 3225 5716 δηλοῦσθαῖ.

207 5717 342 5762 ⁶⁸-⁸⁹
369 5722 473 5789 τῆς
500 5717 781 5796 γενὲσεως.

3337 5643 3379 5678 ⁸⁷
3433 5639 3650 5717 τρόπῳ.
