4108 6380
457 299 560 356 351
1282 305 1648 358 APPENDIX
1687 305 1782 356 AD
1821 301 2060 354 OPERA
2097 300 2157 351 S.
2197 296 2513 352 DIONYSII
2551 298 3056 354 AREOPAGITJE.
3765 305 3857 360 352

461 439 657 478 rerum
687 426 776 478 est
806 423 1064 494 cognitio
1098 425 1240 479 I91
1282 425 1409 496 ejus
1449 425 1550 496 qui
1603 423 1734 478 illas
1784 419 2079 492 disposuit

2233 421 2424 492 γνῶσις
2454 416 2563 473 ἐστι
2613 423 2709 474 τοῦ
2751 416 3094 491 διατάξαντος
3133 436 3149 454 ⁶
3196 420 3263 473 τὰ
3313 421 3418 494 γάρ
3460 416 3606 490 ὅντα,
3635 426 3855 480 τουτέστι

461 529 554 567 res
579 511 834 579 enim,id
868 517 958 566 est
988 512 1282 578 formm,et
1316 513 1560 586 singulae
1587 517 1888 581 creaturae,
1914 525 2083 580 nemp

2235 506 2299 560 τὰ
2329 504 2472 577 ε’ίδη,
2514 507 2603 562 καὶ
2655 510 2711 561 αἱ
2763 510 2880 562 καθ’
2933 506 3155 564 ἕκαστον
3206 508 3428 578 κτίσεις,
3481 509 3594 564 οἷον
3639 512 3692 565 αἱ
3723 513 3857 588 ἀγγε-

461 601 695 656 ordines
727 602 973 672 angelici
1009 608 1063 656 et
1097 602 1400 658 sensibilis
1431 603 1650 670 omnia,
1674 601 1961 673 imagines
1984 616 2083 654 sur.

2236 595 2385 650 λικαὶ
2443 597 2638 667 τάξεις,
2695 598 2785 652 καὶ
2839 598 2908 652 τά
2979 598 3207 666 αἰσθητά
3274 597 3468 667 πάντα,
3528 599 3725 663 εἰκόνες
3773 603 3856 658 εἰσὶ

461 708 524 743 ac
557 689 979 745 similitudines
1010 692 1342 746 divinarum
1381 694 1664 761 idearum,
1696 706 1798 746 seu
1829 687 2083 759 exempla

2240 684 2322 737 καὶ
2359 686 2688 758 ὁμοιώματα
2718 691 2824 741 τῶν
2874 687 3029 752 θείων
3083 685 3264 757 ἰδεῶν,
3304 687 3429 758 ἤτοι
3479 687 3862 764 παραδείγματα

463 779 547 836 ria
577 797 777 835 eorum
811 799 942 853 quae
971 782 1029 836 in
1067 782 1202 852 Deo,
1236 800 1359 854 qua:
1401 782 1756 855 exemplaria
1783 785 1922 836 sunt
1953 777 2085 833 inte]

2240 779 2342 827 τῶν
2394 774 2444 828 ἐν
2499 780 2593 846 τῷ,
2663 778 2813 830 ἅτινα
2867 774 3298 853 παραδείγματα,
3332 779 3388 831 αἱ
3450 775 3618 833 ἀΐδιοι
3672 783 3862 851 νοήσεις

379 923 382 926 .
459 868 741 925 lectiones
773 878 1002 926 aeternae
1031 873 1154 940 Dei,
1191 889 1293 944 per
1322 890 1470 944 quas
1519 877 1574 928 et
1623 872 1948 928 secundum
1980 887 2001 940 q

2242 862 2334 926 εἰςὶ
2364 868 2459 918 τοῦ
2492 870 2648 933 Θεοῦ,
2697 864 2770 920 δι’
2817 866 2879 928 ἃς
2935 868 3024 921 καὶ
3070 868 3188 931 καθ’
3240 865 3302 928 ’ἀς
3352 869 3562 922 ἅπαντα
3611 869 3751 937 ἦνὲν
3782 871 3864 925 αὐ-

461 959 661 1014 omnia
696 965 861 1014 erant
891 961 950 1014 in
986 962 1153 1032 ipso;
1186 980 1300 1016 non
1355 962 1470 1017 alia
1519 967 1712 1018 autem
1771 962 1842 1016 ab
1887 959 2037 1031 ipso,
2071 975 2083 1011 ι

2242 956 2336 1024 τῷ,
2370 953 2479 1028 οὐχ
2525 951 2683 1024 ἕτερα
2734 950 2861 1010 ὄντα
2911 955 3100 1024 αὐτοῦ,
3129 956 3218 1010 καὶ
3271 958 3621 1030 παραχθέντα
3650 957 3864 1033 γέγονεν,

465 1049 756 1120 producta
787 1050 1210 1116 luerunt,sicut
1241 1051 1655 1106 divinissimus
1679 1049 1937 1105 Joannes
1967 1047 2083 1102 aiti

2246 1043 2314 1103 ὡς
2346 1042 2436 1098 καὶ
2469 1042 2519 1098 ἐν
2553 1048 2621 1117 τῇ
2667 1043 3042 1119 Ἀποκαλύψει
3087 1046 3114 1100 6
3165 1044 3442 1108 θειότατος
3475 1046 3726 1115 Ἰωάννης
3753 1047 3868 1124 φησί

465 1138 805 1209 Apocalypsi
855 1140 1168 1209 quemdam
1221 1140 1723 1196 nobilissimorum
1783 1139 2087 1210 angelorur

2247 1153 2360 1186 τινα
2388 1137 2494 1188 τῶν
2546 1129 2928 1209 πρεσϐυτάτων
2981 1133 3226 1210 ἀγγέλων
3279 1135 3451 1189 εἷπεῖν
3500 1134 3665 1208 αὐτῷ,
3711 1135 3785 1190 δτι
3813 1139 3869 1192 τὰ

464 1226 576 1282 sibi
609 1227 848 1291 dixisse,
884 1228 1038 1296 quod
1090 1227 1290 1282 omnia
1338 1233 1505 1283 erant
1548 1233 1605 1282 et
1654 1228 1914 1294 fuerunt,
1969 1223 2086 1278 idea

2242 1223 2412 1276 πάντα
2436 1224 2572 1292 ἦσαν
2603 1223 2692 1277 καὶ
2733 1224 3009 1298 γέγόνασι,
3041 1226 3136 1287 τὰς
3183 1222 3326 1288 ἰδέας
3356 1222 3562 1299 λέγων,
3596 1227 3678 1280 ὅτι
3706 1226 3826 1294 ἦσαν
3855 1246 3864 1258 ·

464 1315 818 1386 intelligens,
840 1315 981 1386 quia
1012 1323 1179 1372 erant
1204 1323 1262 1373 et
1293 1317 1581 1389 imagines
1612 1322 1669 1372 et
1698 1316 1965 1370 idearum
2010 1313 2086 1369 εἰν

2242 1312 2452 1374 καὶτὰς
2512 1312 2723 1375 εἰκόνας
2783 1314 2872 1368 καὶ
2931 1315 2998 1369 τὰ
3047 1314 3378 1388 ὁμοιώματα
3425 1319 3535 1368 τῶν
3577 1313 3728 1369 ἰδεῶν
3759 1315 3864 1384 ἦτοι

460 1403 886 1476 exemplarium
921 1405 1368 1474 similitudines,
1395 1423 1522 1478 quae
1555 1405 1754 1462 omnia
1788 1405 1939 1460 facta
1969 1420 2076 1458 sun

2244 1398 2717 1478 παραδειγμάτων,
2745 1405 2812 1456 τὰ
2847 1403 3109 1479 γεγονότα
3157 1405 3354 1460 πάντα.
3391 1406 3518 1460 Τῶν
3549 1405 3648 1480 γάρ
3679 1409 3866 1473 νοητῶν

461 1492 610 1550 Nam
643 1511 769 1566 quae
804 1493 1144 1567 intelligunt
1173 1512 1376 1551 eorum
1430 1513 1554 1568 qua;
1601 1494 2040 1566 intelliguntur,
2074 1509 2083 1545 ι

2242 1489 2304 1544 τὰ
2342 1492 2504 1566 νοερά
2553 1490 2774 1561 εἰκόνες,
2828 1493 2918 1547 καὶ
2967 1497 3076 1548 τῶν
3125 1487 3586 1564 ὑπερϐεϐηκότων
3636 1494 3701 1547 τὰ
3756 1494 3864 1547 ὑπο-

461 1581 738 1638 inferiora
772 1588 912 1638 sunt
946 1584 1314 1656 superiorum
1353 1585 1661 1657 imagines.
1697 1583 1915 1639 Horum
1948 1580 2083 1654 igitr

2240 1575 2535 1651 ϐεϐηκότα.
2570 1583 2720 1637 Κατά
2766 1581 3038 1659 ἀφαίρεσιν
3099 1583 3190 1637 οὗν
3235 1582 3443 1638 τούτων
3487 1584 3698 1636 πάντων
3724 1582 3862 1660 (ἀφῄ-

461 1672 726 1726 omnium
749 1672 1043 1728 ablatione
1066 1673 1242 1742 (Deus
1261 1674 1416 1729 enim
1443 1691 1476 1728 a
1498 1675 1674 1729 rebus
1695 1678 2001 1744 exemptus
2017 1685 2080 1724 es

2242 1691 2400 1745 ρηται
2452 1671 2556 1746 γὰρ
2610 1674 2718 1725 τῶν
2783 1668 2955 1726 ὄντων
3010 1672 3037 1725 6
3086 1673 3248 1743 Θεὸς,
3289 1669 3445 1726 οὐδὲν
3506 1669 3578 1725 ὣν
3635 1676 3737 1726 τῶν
3793 1673 3864 1725 ὑπ’

459 1778 594 1816 cum
644 1761 788 1816 nihil
839 1763 917 1817 sit
965 1779 1168 1819 eorum
1221 1781 1350 1836 quae
1403 1764 1636 1831 creavit,
1689 1763 1788 1819 sed
1849 1759 2081 1816 omnibs

2240 1759 2404 1814 αὐτοῦ
2462 1759 2810 1831 κτισθέντων,
2866 1759 2994 1816 ἀλλ’
3041 1761 3263 1837 ἀφάτως
3324 1761 3606 1836 ὑπερέχων
3654 1761 3862 1833 πάντων)

457 1849 836 1906 inell‘abiliter
863 1852 1178 1924 excellens)
1205 1871 1302 1926 per
1318 1853 1722 1909 excellentiam
1755 1849 2079 1922 cognoscite

1549 1853 1722 1908 ntiam
1755 1849 2126 1922 cognoscitur
2157 1849 2204 1863 ”
2240 1851 2587 1926 ὑπεροχικῶς
2614 1854 2934 1926 γινώσκεται
2963 1850 2990 1904 6
3021 1851 3171 1912 Θεὸς.

456 1939 633 1996 Deus.

535 2050 621 2102 Ex
665 2050 841 2121 ipsius
887 2053 1112 2106 natura.
1147 2051 1294 2107 Nota
1345 2051 1735 2107 necessariam
1785 2047 2125 2105 facilitatem

2305 2049 2400 2104 Ἐκ
2454 2053 2554 2117 τῆς
2631 2049 2799 2102 αὐτοῦ
2875 2047 3109 2126 φύσεως.
3191 2049 3516 2122 Σημείωσαι
3596 2047 3852 2122 ἀναγκαῖον

461 2139 533 2195 ad
566 2138 804 2210 pietatis
836 2140 1260 2196 defensionem.

2233 2139 2532 2216 πρόχειρον
2567 2138 2641 2201 εἰς
2675 2134 2950 2202 εὐσεϐείας
2985 2139 3311 2215 ἀπολογίαν.

531 2249 596 2301 Et
638 2247 908 2316 imagines
941 2248 1232 2318 quasdam.
1273 2249 1388 2303 Hoc
1413 2248 1538 2304 loco
1572 2264 1674 2320 per
1703 2247 1900 2303 divina
1930 2259 2126 2301 exem-

2308 2247 2384 2321 [α]
2421 2247 2517 2302 Καὶ
2551 2246 2760 2309 εἰκόνας
2805 2246 2979 2310 τινάς.
3037 2249 3296 2304 Ἐνταῦθα
3339 2249 3459 2302 θεῖα
3487 2244 3856 2322 παραδείγματα

461 2333 648 2405 plaria
705 2334 1099 2408 intelligendas
1132 2342 1275 2392 sunt
1304 2338 1944 2408 praedeterminationes
1975 2352 2083 2406 qua

2233 2335 2360 2396 τοῦς
2410 2335 2787 2410 προορισμοὺς
2855 2335 3182 2406 έκΛηπτέον,
3263 2338 3344 2392 ὢν
3421 2337 3619 2398 εἰκόνες
3670 2338 3730 2391 τὰ
3776 2338 3852 2398 τῆς

460 2441 592 2478 rum
653 2441 746 2480 res
805 2431 1009 2480 creatae
1060 2426 1348 2498 imagines
1400 2432 1558 2482 sunt.
1614 2427 1932 2499 Apostolus
1980 2443 2082 2498 pra

2235 2425 2462 2486 κτίσεως
2526 2423 2959 2498 ἀποτελέσματα.
3011 2426 3146 2488 Τοὺς
3189 2423 3246 2481 δὲ
3289 2424 3664 2501 προορισμοῦς
3688 2425 3854 2498 προθέ-

461 2513 758 2569 finitiones
802 2513 1048 2580 vocavit,
1095 2520 1161 2570 ut
1208 2515 1268 2569 in
1321 2516 1580 2588 Epistola
1611 2518 1681 2571 ad
1711 2516 1994 2588 Ephesios
2027 2518 2078 2586 (y

2236 2533 2348 2574 σεις
2382 2511 2631 2568 ἐκάλεσεν
2665 2516 2693 2568 6
2727 2513 3088 2583 Ἀπόστολος,
3141 2515 3216 2578 ὡς
3247 2514 3300 2569 ἐν
3338 2519 3408 2579 τῆ
3445 2515 3580 2586 πρὸς
3608 2512 3847 2590 Ἐφεσίους

461 2601 663 2658 dicens
691 2620 704 2657 :
756 2603 1069 2658 Secundum
1099 2605 1531 2676 prwﬁnitionem
1559 2607 1913 2662 saeculorum.
1948 2610 2083 2660 Porr

2236 2601 2427 2660 εἰπὼν.
2464 2605 2611 2659 Κατά
2642 2603 2894 2678 πρόθεσιν
2938 2609 3044 2658 τῶν
3097 2604 3338 2661 αἶ’ώνων.
3395 2606 3481 2661 Ἐν
3532 2607 3655 2658 πᾶσι
3684 2600 3735 2656 δὲ
3759 2605 3848 2660 τοῖς

463 2690 522 2744 in
577 2693 876 2763 omnibus,
929 2693 1155 2749 scilicet
1213 2697 1518 2762 creaturis,
1570 2696 1966 2768 cognoscitur,
2014 2693 2085 2750 sic

2234 2691 2494 2766 κτίσμασι
2529 2691 2743 2763 δηλαδή
2778 2695 2830 2766 [6
2880 2694 3030 2768 Θεὸς]
3077 2695 3427 2769 γινώσκεται,
3478 2694 3549 2755 ὡς
3583 2689 3847 2766 ὁτεχνίτης

466 2784 530 2835 ut
587 2781 794 2836 artifex
856 2782 912 2836 in
972 2783 1044 2838 iis
1105 2800 1234 2854 ques
1293 2789 1416 2838 arte
1475 2783 1820 2840 elaboravit.
1881 2785 2088 2839 Prorsu

2237 2782 2287 2836 ἐν
2321 2788 2437 2844 τοῖς
2465 2789 2782 2858 τεχηνητοῖς.
2812 2786 2993 2852 Πάντη
3025 2780 3082 2838 δὲ
3111 2784 3534 2858 κεχώρισταιτὸ
3565 2783 3674 2838 κατ’
3701 2779 3845 2835 οὐσίαν

463 2885 596 2924 vero
627 2876 919 2940 quantum
953 2872 1026 2926 ad
1058 2872 1380 2927 essentiam
1412 2878 1721 2944 separatus
1739 2874 1918 2928 estab
1935 2872 2085 2927 omni

2233 2876 2342 2926 τῶν
2371 2872 2587 2927 πάντων
2623 2893 2637 2905 ο
2673 2873 2954 2928 κάντεῦθεν
3001 2873 3276 2948 ἄγνωστος
3325 2871 3408 2927 ὢν
3441 2877 3556 2935 τοῖς
3583 2873 3837 2945 τεχνητοῖς.

459 2960 596 3027 bus,
630 2967 687 3014 et
714 2959 932 3015 idcirco
964 2977 1096 3016 cum
1128 2961 1206 3016 sit
1237 2962 1516 3032 operibus
1548 2963 1811 3033 ignotus,
1847 2961 2081 3030 ignoran

2236 2961 2296 3016 ἐκ
2324 2968 2423 3030 τῆς
2452 2963 2755 3035 [τοιαύτης]
2780 2963 3052 3037 ἀγνωσίας
3079 2963 3438 3038 γινώσκεται,
3471 2962 3646 3036 ὥσπερ
3677 2959 3746 3013 οὖν
3768 2954 3832 3009 καί

459 3049 542 3102 tia
581 3049 976 3119 cognoscitur,
1013 3050 1169 3106 sicut
1219 3052 1396 3106 etiam
1445 3057 1852 3107 creaturarum
1903 3047 2081 3104 intelli

2237 3048 2327 3105 διὰ
2372 3057 2472 3120 τῆς
2522 3052 2629 3105 τῶν
2677 3052 2987 3122 κτισμάτων
3034 3050 3477 3125 ἐπιστημονικῆς
3522 3044 3841 3118 κατανοήσεώς

461 3136 654 3192 ctione
678 3142 735 3192 et
764 3139 1096 3209 cognitione
1130 3156 1259 3211 quas
1290 3141 1598 3196 scientiam
1632 3139 1804 3213 parit.
1839 3140 1968 3195 Haec
2014 3138 2083 3192 ita

2234 3161 2292 3195 τε
2321 3140 2411 3194 καὶ
2459 3142 2734 3215 γτώσεως,
2786 3144 2969 3198 Ταῦτα
3020 3141 3114 3196 οῦν
3164 3137 3640 3215 ἐπαναλαμϐάνων
3684 3137 3843 3207 συνῆψε

456 3242 571 3297 que
605 3244 915 3283 resumens
943 3229 1246 3298 conjunxit
1287 3247 1415 3301 qua:
1466 3234 1798 3300 sequuntur
1842 3230 1913 3285 ad
1965 3228 2078 3282 ide:

2235 3231 2304 3284 τά
2346 3225 2586 3301 ἑπόμενα
2631 3229 2706 3291 εἰς
2762 3230 2824 3284 τὸ
2869 3229 3020 3285 αὐτό.
3228 3229 3461 3300 Ἐπειδὴ
3513 3229 3599 3285 καὶ
3642 3229 3690 3283 αἱ
3737 3223 3839 3278 ἰδέαι

455 3316 740 3381 Quoniam
775 3317 832 3371 in
869 3317 984 3373 Deo
1019 3319 1160 3374 idem
1194 3319 1543 3375 animalium
1589 3325 1646 3375 et
1695 3320 1962 3376 omnium
1993 3335 2069 3389 qu

2231 3323 2337 3372 τῶν
2370 3320 2522 3387 ζώων
2579 3317 2628 3373 ἐν
2688 3324 2768 3390 τῷ
2825 3317 2942 3392 Θεῷ
2989 3319 3080 3374 καὶ
3133 3319 3354 3375 πάντων
3400 3325 3507 3376 τῶν
3551 3317 3676 3374 κατᾶ
3716 3313 3837 3391 φῦσιν

456 3405 517 3459 in
549 3411 761 3461 natura
791 3406 1032 3462 omnino
1064 3413 1225 3474 sunt,
1273 3425 1389 3464 non
1442 3409 1582 3464 item
1631 3408 1807 3464 veluti
1854 3406 2078 3479 singulc

2233 3408 2335 3463 εἰσὶ
2359 3407 2623 3475 καθόλου,
2655 3406 2784 3462 ἀλλ’
2833 3407 2938 3463 οὐχ
2988 3408 3061 3470 ὡς
3116 3413 3223 3463 τῶν
3269 3411 3397 3464 καθ’
3441 3405 3629 3463 ἐκαστα
3672 3399 3835 3458 ε’ίδωλα

455 3511 587 3548 rum
622 3495 848 3565 species
895 3502 952 3550 et
1001 3495 1321 3551 simulacra
1371 3515 1572 3553 eorum
1624 3515 1750 3569 quae
1791 3497 1910 3552 illic
1941 3499 2077 3552 sunt

2230 3499 2318 3554 καὶ
2355 3497 2685 3570 ὁμοιώματά
2717 3497 2818 3552 εἰσι
2848 3501 2956 3551 τῶν
3004 3495 3115 3552 ἐκεῖ
3161 3497 3229 3552 τὰ
3275 3497 3505 3553 ἐνταῦθα
3537 3517 3548 3530 ο
3577 3495 3733 3549 πάντα
3757 3490 3839 3563 γὰρ

455 3600 592 3638 nam
625 3590 836 3639 cuncta
866 3602 993 3656 quae
1029 3584 1118 3640 hic
1149 3591 1310 3651 sunt,
1343 3591 1486 3642 sunt
1545 3604 1748 3642 eorum
1800 3604 1928 3658 quas
1978 3585 2077 3640 illic

2231 3589 2298 3642 τὰ
2327 3586 2434 3642 ὧδε
2466 3585 2670 3643 ε’ίὸωλα
2690 3592 2796 3641 τῶν
2834 3586 2943 3641 ἐκεῖ
2967 3608 2978 3620 ο
3091 3587 3194 3662 γὰρ
3235 3589 3394 3664 ψυχὴ
3436 3588 3521 3642 καὶ
3554 3585 3678 3652 αὕτη
3712 3579 3837 3635 εἰκὼν

456 3672 814 3742 simulacra;
850 3674 1143 3745 siquidem
1177 3679 1234 3730 et
1265 3675 1396 3748 ipsa
1435 3676 1634 3732 anima
1683 3680 1885 3731 nostra
1933 3675 2078 3746 imag

1330 3693 1396 3731 sa
1435 3676 1634 3732 anima
1683 3680 1885 3731 nostra
1933 3675 2124 3746 imago
2232 3677 2319 3730 καὶ
2355 3677 2614 3750 ὁμοίωμα
2646 3680 2746 3742 τῆς
2781 3673 2945 3738 ἰδέας.

456 3766 546 3816 est
576 3777 641 3816 ac
671 3761 1057 3818 simulacrum
1089 3763 1251 3819 ideas.

534 3874 601 3925 Et
658 3886 756 3942 per
809 3870 1175 3940 cognitionem
1238 3871 1403 3926 Deus.
1449 3871 1750 3937 Quomodo
1811 3871 1967 3926 Deus
2025 3887 2128 3942 per

2308 3874 2381 3946 [Υ]
2418 3872 2518 3928 Καὶ
2555 3868 2642 3925 διὰ
2671 3873 2923 3946 γνώσεως
2954 3872 2982 3927 ὁ
3021 3870 3172 3935 Θεός.
3219 3876 3346 3936 Πῶς
3379 3869 3466 3927 διὰ
3493 3875 3595 3926 τῶν
3626 3863 3834 3922 ἐναντίων

457 3960 754 4014 contraria
803 3967 1211 4031 cognoscatur,
1251 3967 1310 4016 et
1341 3978 1444 4033 per
1475 3961 1902 4016 afﬁrmationes
1950 3966 2079 4031 atqu

2233 3959 2553 4036 γινώσκεται
2607 3962 2635 4014 6
2693 3963 2846 4028 Θεὸς,
2905 3961 2997 4016 καὶ
3052 3959 3143 4014 διὰ
3197 3966 3306 4016 τῶν
3371 3963 3584 4028 θέσεων,
3637 3954 3718 4012 καὶ
3753 3954 3835 4036 τῶν

457 4048 818 4118 negationes,
856 4050 1250 4118 percurrendo
1293 4050 1574 4106 declarat.
1607 4050 1723 4105 Etsi
1756 4050 1913 4105 enim
1947 4049 2079 4104 etiai

2235 4051 2595 4128 ἀφαιρέσεων,
2631 4047 2799 4121 δηλοῖ
2847 4051 3071 4121 ἐπεξιὼν
3119 4049 3256 4105 αὐτά
3289 4070 3302 4082 ·
3350 4050 3399 4106 εἲ
3442 4050 3540 4124 γὰρ
3569 4046 3652 4102 καὶ
3681 4041 3774 4099 ἅνω
3798 4035 3835 4090 ἓν

459 4138 736 4208 superius
777 4139 834 4192 in
890 4139 1082 4209 capite
1128 4140 1314 4211 primo
1365 4140 1597 4206 dixerit,
1633 4139 1778 4193 nihil
1811 4155 1940 4194 esse
1971 4155 2081 4209 quo

2233 4127 2314 4212 τῷ
2358 4139 2562 4214 πρώτῳ
2610 4137 2892 4216 κεφαλαίῳ
2953 4142 3092 4207 εἷπε,
3155 4137 3330 4212 μηδὲν
3382 4139 3513 4194 εἶναι
3567 4137 3658 4204 τῆς
3697 4127 3838 4216 οὖτίας

459 4226 560 4280 Dei
613 4227 932 4281 essentiam
987 4235 1408 4300 repraesentare
1449 4234 1647 4300 queat,
1680 4243 1868 4298 neque
1899 4227 2081 4282 intelli

2233 4234 2331 4285 τοῦ
2364 4234 2496 4284 Θεοῦ
2540 4229 2961 4302 παραστατικὸν,
3014 4231 3090 4300 μή
3143 4230 3354 4302 νόησιν,
3411 4229 3484 4302 μὴ
3535 4225 3744 4299 ἐπαφὴν,
3781 4214 3837 4287 μὴ

456 4315 734 4384 ctionem,
767 4333 954 4388 neque
986 4323 1228 4386 tactum,
1264 4335 1452 4392 neque
1483 4317 1991 4390 imaginationem,
2023 4333 2078 4373 ni

2239 4318 2549 4395 φαντασίαν,
2594 4319 2668 4392 μή
2704 4315 2878 4390 δόξαν,
2916 4313 3046 4391 μηδ’
3098 4316 3197 4372 ὅσα
3243 4315 3347 4394 ἔφη
3393 4318 3501 4373 ἐκεῖ
3526 4310 3836 4408 καὶᾳένταῦθαδ

461 4420 573 4474 que
627 4405 988 4476 opinionem,
1024 4424 1129 4463 nec
1166 4409 1417 4480 denique
1448 4408 1648 4465 omnia
1679 4424 1804 4478 qua:
1835 4407 1915 4462 ibi
1946 4411 2006 4462 et
2032 4407 2083 4460 hi

2238 4410 2389 4464 ἅτινα
2417 4408 2506 4462 καὶ
2554 4408 2974 4482 ἡρμηνεόσαμεν
3034 4407 3086 4461 ἐν
3146 4407 3377 4472 ἐκείνοις
3413 4428 3426 4441 ο
3484 4411 3571 4460 νῦν
3615 4401 3833 4472 λέγεικαὶ

456 4493 688 4562 dixerit,
723 4511 849 4566 quae
897 4497 1073 4552 etiam
1112 4495 1232 4552 illic
1262 4496 1728 4569 explicavimus;
1781 4512 1933 4552 nunc
1986 4496 2078 4552 dic

464 4587 638 4606 num
682 4585 850 4606 ,ιεηΑ
890 4603 990 4606 ___
1025 4585 1116 4606 ει.-
1162 4603 1276 4606 ---μ
1334 4587 1410 4606 ει,
1466 4592 1663 4606 Ημμ
1726 4596 1853 4606 μα.

2240 4496 2328 4553 διὰ
2356 4503 2465 4552 τῶν
2499 4496 2609 4552 ἐκεῖ
2657 4497 3122 4572 ἀπηγορευμένων
3172 4497 3530 4572 γινώσκεσθαι
3574 4490 3656 4544 τὸν
3694 4482 3834 4592 Θῗόν⁶

2283 4587 2296 4606 ν
2393 4588 2406 4606 ε
2539 4588 2551 4604 ς
2684 4588 2696 4606 ν
2750 4586 2762 4606 I
2919 4586 2931 4605 ν
3011 4591 3035 4601 ε-
3216 4587 3230 4606 \
3339 4586 3378 4606 n
3543 4578 3657 4606 ,,§‘...
3710 4569 3834 4606 -.νυὸν

459 4587 643 4639 Deum
677 4585 855 4641 etiam
890 4603 993 4657 per
1024 4585 1126 4641 illa
1154 4603 1282 4656 quas
1334 4587 1414 4641 ibi
1465 4592 1673 4657 negata
1721 4596 1880 4654 sunt,
1914 4603 2081 4658 cogm

2242 4587 2303 4643 οὐ
2339 4588 2445 4661 μὴν
2491 4588 2593 4656 τὴν
2643 4586 2826 4641 οὐσίαν
2875 4586 3040 4641 αὐτοῦ
3074 4605 3087 4619 ·
3143 4587 3232 4642 καὶ
3277 4586 3442 4642 πάλιν
3500 4578 3658 4657 μηδὲν
3709 4569 3833 4661 utith

459 4674 565 4743 sci,
593 4691 708 4729 non
741 4675 982 4746 quidem
1015 4677 1144 4746 ejus
1175 4677 1593 4742 essentiam,et
1622 4693 1652 4731 e
1683 4677 1976 4732 contrario
1992 4694 2081 4732 eu:

2244 4673 2390 4752 ἔχειν
2421 4677 2630 4732 τούτων
2665 4677 2742 4739 είς
2775 4674 3106 4750 κατάληψιν.
3141 4678 3228 4739 Ὠς
3267 4677 3363 4749 μὶν
3397 4675 3484 4731 οῦν
3517 4669 3675 4727 αἴτιος
3702 4657 3833 4758 ἁπάγ-

458 4763 607 4818 nibil
659 4761 892 4818 illorum
956 4764 1171 4819 habere
1227 4765 1382 4820 I92
1434 4770 1498 4820 ut
1551 4765 2080 4837 comprehendatur

2238 4747 2372 4834 των,
2405 4767 2724 4841 γινώσκεται
2758 4776 2817 4820 εκ
2872 4764 2980 4820 τῶν
3009 4747 3078 4839 Ἲέξ
3137 4747 3300 4821 αὐτοῦ
3336 4786 3350 4799 ν
3400 4766 3473 4826 ὡς
3523 4759 3577 4815 δὲ
3605 4751 3752 4830 μηδὲν
3777 4747 3831 4846 (EN

461 4853 660 4923 itaque
692 4857 756 4908 ut
787 4855 1054 4908 omnium
1102 4859 1327 4923 auctor,
1361 4870 1428 4909 ex
1460 4855 1532 4909 iis
1565 4871 1695 4925 quae
1726 4855 2002 4926 produxit
2031 4871 2083 4910 cc

2237 4861 2346 4912 τῶν
2381 4855 2431 4927 ἐξ
2463 4855 2651 4929 αῦτοῦ,
2703 4856 2849 4928 μένει
2901 4855 3266 4931 ἀγνοούμενος
3324 4856 3425 4910 ὑπὸ
3472 4850 3672 4937 πάντων
3703 4861 3713 4874 ·

462 4943 798 5012 gnoscitur;
836 4947 902 4997 ut
941 4959 1076 4998 vero
1108 4942 1253 4997 nihil
1287 4947 1376 4998 est
1405 4960 1606 4999 eorum
1657 4961 1785 5015 quae
1837 4944 2081 5016 produxi

2241 4944 2299 5000 δὲ
2355 4945 2446 5001 καὶ
2505 4943 2594 5000 διὰ
2647 4952 2750 5014 τῆς
2806 4945 3070 5019 ἀγνωσίας
3127 4947 3466 5021 γινώσκεται,
3524 4937 3606 4994 καὶ
3651 4923 3835 4986 ἐνταυθα

465 5036 664 5086 manet
695 5033 765 5086 ab
799 5031 1078 5086 omnibus
1112 5030 1384 5102 ignotus;
1419 5035 1715 5104 quomodo
1747 5038 1941 5088 autem
1967 5033 2087 5104 ignc

2073 5051 2131 5088 ο·-
2242 5057 2396 5114 φησι,
2429 5034 2517 5090 καὶ
2549 5035 2801 5110 ἀνωτέρω
2833 5033 3042 5109 εἴρηται
3074 5035 3126 5092 ἐν
3156 5034 3434 5115 κεφαλαίῳ
3465 5026 3695 5099 δευτέρῳ·

461 5119 689 5175 ratione
717 5125 1130 5191 cognoscatur,
1149 5121 1243 5176 hic
1275 5121 1437 5194 dicit,
1463 5127 1518 5178 et
1549 5121 1823 5195 superius
1856 5123 1912 5178 in
1943 5123 2134 5195 capite

462 5209 723 5265 secundo
755 5209 982 5266 dictum
1011 5217 1120 5267 est.

531 5317 598 5372 Et
639 5331 816 5388 neque
863 5316 1236 5390 intelligitur.
1270 5319 1414 5378 Nam
1463 5337 1566 5394 per
1613 5326 1806 5378 creata
1851 5320 2133 5394 intelligi-

2313 5323 2421 5380 Καὶ
2480 5321 2603 5379 οὔτε
2649 5327 2876 5379 νοεῖται.
2937 5322 3034 5376 Διὰ
3079 5321 3184 5398 γὰρ
3238 5326 3344 5378 τῶν
3405 5295 3804 5398 δεδημιουργηιξέ

465 5423 622 5477 mus,
651 5408 962 5468 scientiam
992 5412 1386 5486 attingimus;
1415 5414 1707 5472 habemus
1747 5419 1930 5472 Deum
1981 5432 2087 5473 8381

2242 5434 2349 5470 νων
2378 5417 2630 5488 νοοῦμεν,
2665 5411 3015 5490 ἐφαπτόμεθα
3206 5389 3734 5483 ἐπιστήμης,ἔχομὲν
3761 5385 3825 5442 ὅτι

537 5644 616 5718 (tl)
642 5643 779 5717 Cap.
804 5661 892 5717 ιιι,
921 5661 974 5704 v.
1004 5645 1090 5702 11.
