4108 6428
351 462 470 517 353

1129 469 1189 520 S.
1231 467 1500 521 MAXIM!
1539 465 1841 521 SCHOLIA
1881 465 1952 519 IN
1993 461 2127 514 LIB.
2169 463 2262 513 DE
2301 463 2577 514 DIVINIS
2617 463 3031 516 NOMINIBUS.
3691 463 3794 516 35'!

355 590 498 651 Θεὸς
531 584 665 646 ἔστι.
699 588 800 652 Τίς
833 586 910 662 δὲ,
941 588 977 658 ἢ
1001 589 1314 660 ποταπὸς,ἢ
1348 587 1589 658 πηλίκος
1621 588 1780 650 αὐτὸς
1812 589 1840 642 6
1872 587 2022 657 Θεὸς,

2144 585 2285 653 Quis
2318 591 2537 654 autem,
2572 591 2672 642 aut
2698 587 3029 659 qualis,aut
3060 592 3318 658 quantus
3351 590 3428 645 sit
3459 591 3583 662 ipse
3619 595 3792 677 Deus,

357 676 493 733 οὔτε
551 683 805 752 νοοῦμεν,
839 677 963 734 οὔτε
1015 679 1382 752 ὀνομαζομεν,
1415 675 1539 733 οὔτε
1581 683 1659 750 νῷ
1703 677 1738 747 ἢ
1783 677 2026 746 αἰσθήσει

355 763 890 841 καταλαμϐάνομεν.
923 770 1158 841 ’Όμοιον
1191 769 1290 842 γὰρ
1322 767 1502 841 τούτῳ
1534 768 1645 822 ἐστὶ
1694 766 1780 822 καὶ
1811 765 1904 821 τό·
1941 767 2028 822 Ἐν

354 857 526 912 πᾶσίν
561 856 702 912 ἐστιν
736 859 764 912 6
799 858 950 930 Θεὸς,
979 857 1067 912 καὶ
1100 857 1153 912 ἐν
1181 855 1364 912 οὐδενὶ
1393 863 1502 912 τῶν
1533 857 1747 912 πάντων
1781 855 1914 910 ἐστί.

434 954 584 1002 Κατα
613 949 712 1016 τὴν
747 947 880 1022 ὑπὲρ
911 951 1030 1001 νοῦν
1073 941 1285 1003 ἕνωσιν.
1317 948 1656 1018 Σημείωσαι,
1686 945 1767 1000 ὅτι
1800 945 1934 1000 κατὰ
1961 944 2028 999 τὰ

353 1036 908 1112 προπαρατεθειμένα
951 1038 1051 1106 τήν
1101 1032 1294 1091 ἕνωσιν
1346 1030 1508 1090 ἔλαϐε
1553 1038 1650 1104 τῆς
1714 1035 1843 1102 ὑπὲρ
1900 1038 2023 1088 νοῦν

351 1130 460 1180 τοῦ
493 1130 629 1182 Θεοῦ
662 1125 916 1199 θεωρίας.

429 1215 585 1286 Αὕτη
622 1215 726 1290 γάρ
759 1214 868 1270 ἐστι
899 1214 1035 1270 κατᾶ
1080 1216 1142 1270 τὸ
1187 1213 1411 1290 Λόγιον.
1443 1218 1614 1269 Τοῦτο
1663 1214 1750 1268 καὶ
1813 1213 1872 1268 ἐκ
1927 1220 2027 1283 τῆς

356 1303 575 1381 Σοφία(
627 1302 1000 1377 Σολομῶντός
1058 1303 1225 1375 ἐστιν,
1266 1301 1391 1368 ἔνθα
1441 1301 1652 1379 λέγεται
1701 1307 1938 1378 τεχνῖτις
1988 1305 2022 1371 ἡ

352 1393 527 1471 σοφία
555 1398 663 1448 τῶν
695 1393 1038 1448 πάντωνοκαὶ
1070 1392 1130 1447 ἐκ
1158 1397 1264 1448 τῶν
1301 1390 1784 1466 Παροιμιῶν,ἕνθα
1816 1389 2025 1466 έίρηται

347 1481 417 1537 ἐκ
447 1489 553 1551 τῆς
593 1483 800 1560 Σοφίας
828 1501 840 1514 ·
878 1482 1018 1557 Ἐγὼ
1070 1480 1222 1556 ἤμην
1283 1481 1600 1558 ἁρμόζουσα
1649 1481 1777 1556 παρ’
1827 1479 1975 1553 αὐτῷ
2007 1500 2019 1513 ο

352 1573 453 1626 καὶ
485 1572 514 1626 6
547 1566 734 1626 Aa6i6'
771 1573 953 1627 Πάντα
982 1571 1033 1627 ἐν
1069 1570 1231 1650 σοφίᾳ
1260 1569 1546 1642 ἐποίησας.

427 1660 617 1736 Λόγος
676 1657 733 1716 δί
793 1661 822 1716 6
871 1659 1024 1723 Θεός.
1054 1660 1184 1736 Περὶ
1241 1663 1336 1715 τοῦ
1386 1665 1520 1716 Θεοῦ
1567 1659 1768 1736 Λόγου,
1793 1659 1882 1714 καὶ
1937 1655 2025 1714 διὰ

349 1750 405 1806 τί
459 1749 678 1826 λέγεται
733 1748 921 1826 λόγος,
957 1750 1010 1806 τί
1068 1747 1343 1821 δηλούσης
1403 1756 1501 1819 τῆς
1529 1749 1786 1820 τοιαύτης
1819 1750 2023 1822 ὄνομα·

355 1840 504 1912 σίας,
532 1839 623 1894 καὶ
672 1841 799 1913 μίαν
855 1839 1030 1895 αἰτίαν
1088 1838 1314 1895 ἐνταῦθά
1369 1860 1523 1918 φησι,
1555 1841 1676 1903 καθ’
1704 1840 1765 1908 ἣν
1820 1839 2022 1912 ὀνομά-

358 1934 509 1999 ζεται
546 1927 736 2006 λόγος,
770 1927 860 1984 διὰ
887 1930 950 1985 τὸ
978 1931 1072 1992 τάς
1118 1934 1224 1984 τῶν
1267 1925 1436 1984 ὄντων
1487 1929 1696 1984 πάντων
1747 1928 1925 1994 αἰτίας
1970 1929 2021 1984 ἐν

355 2019 544 2091 ὶαυτῷ
594 2016 740 2094 ἔχειν
777 2039 790 2050 ·
821 2019 873 2074 οἱ
923 2019 1024 2095 γὰρ
1067 2015 1224 2094 λόγοι
1254 2019 1464 2095 φύσεως
1493 2019 1704 2088 ἁπάσης
1765 2017 1817 2072 έν
1878 2017 2026 2091 αὐτῷ

361 2106 530 2176 εἰσιν,
565 2107 642 2172 ὡς
698 2107 862 2181 αῗτίῳ
920 2109 1101 2178 πάσης
1161 2105 1543 2184 δημιουργίας·
1579 2105 1648 2162 δι’
1700 2106 1864 2163 αὐτοῦ
1921 2109 2026 2183 γὰρ

358 2195 429 2251 τά
459 2197 644 2252 πάντα
676 2215 689 2229 ⁶
718 2194 773 2250 αἵ
810 2217 869 2251 τε
916 2195 1020 2272 γὰρ
1073 2193 1234 2265 ἰδέαι,
1261 2196 1351 2251 καὶ
1402 2197 1468 2250 τά
1513 2194 1928 2273 παραδείγματα
1976 2195 2029 2252 ἐν

359 2285 545 2358 αὐτῷ,
580 2285 686 2362 οὐχ
709 2282 865 2361 ἕτερα
897 2285 947 2340 ἐν
983 2284 1168 2360 ἑτέρῳ,
1201 2285 1346 2341 ἀλλά
1377 2287 1594 2357 νοήσεις
1623 2284 1790 2340 ἀΐδιοι
1850 2285 2026 2360 οῦσαι,

357 2377 453 2429 καὶ
511 2372 672 2450 λόγοι
721 2379 1002 2437 ποιοῦντες
1046 2375 1114 2429 τὰ
1143 2374 1335 2444 πάντα,
1366 2373 1612 2430 τουτέστι
1642 2373 1799 2453 φύσις
1822 2395 1834 2408 ·
1869 2375 1957 2429 καὶ
1991 2378 2026 2446 ἡ

356 2464 526 2542 φύσις
576 2465 683 2541 γὰρ
732 2461 918 2536 λόγος,
971 2463 1145 2519 αῗτίαν
1197 2461 1339 2540 ἔχων
1385 2463 1473 2519 καὶ
1520 2463 1674 2542 φύσιν
1703 2467 1766 2534 ⁸ο,
1803 2464 1874 2526 ὡς
1930 2463 2030 2519 οὐκ

387 2554 402 2576 ν
452 2561 483 2570 ³·-
614 2555 627 2574 \
731 2552 763 2608 ά
951 2554 969 2607 ἱ
1063 2553 1086 2590 ,Ι
1284 2557 1308 2567 υ
1398 2548 1422 2569 ν
1645 2553 1658 2572 τ
1706 2552 1716 2572 Ι
1815 2554 1834 2594 ἐ
1975 2551 1998 2568 σε

357 2574 484 2608 eum
538 2575 629 2608 και
689 2575 734 2626 μμ
764 2575 864 2625 την
915 2575 948 2608 α
1021 2575 1206 2628 φάσεις
1242 2574 1350 2607 των
1394 2575 1562 2607 οντων
1616 2574 1736 2610 εισι.
1766 2563 1921 2628 Λ-γει
1972 2554 2030 2607 οὲ

357 2633 530 2688 αὐτὸν
565 2634 765 2708 Λόγον,
797 2633 887 2688 καὶ
920 2632 994 2695 ὠς
1043 2630 1135 2687 διὰ
1191 2634 1406 2687 πάντων
1463 2637 1750 2709 χωροῦντα
1807 2633 2030 2687 ἀκωλύ-

353 2744 498 2793 τως,
529 2722 622 2777 καὶ
654 2725 825 2777 πάντα
855 2721 1156 2798 περιιόντα,
1188 2722 1278 2777 καὶ
1313 2723 1479 2796 μέχρι
1509 2727 1618 2776 τῶν
1652 2721 1920 2797 ἐσχάτων,
1953 2723 2026 2784 ὡς

358 2811 415 2867 ἓν
447 2815 521 2885 τῇ
553 2811 695 2886 πρὸς
725 2807 1010 2887 Ἑϐραίους
1044 2830 1055 2843 ·
1091 2814 1205 2868 Ζῶν
1233 2812 1334 2887 γὰρ
1367 2811 1394 2866 6
1426 2810 1596 2887 λόγος
1643 2811 1733 2865 καὶ
1783 2810 2026 2888 ἐνεργὴς,

355 2902 451 2958 καὶ
487 2904 555 2957 τά
591 2902 732 2973 ἑξῆς.

433 2993 618 3053 Οὗτος
655 2993 683 3047 ὁ
717 2991 894 3067 Λόγος
933 2989 1098 3047 ἐστίν.
1131 2995 1252 3047 Ὅτι
1312 2992 1340 3046 ὸ
1397 2992 1528 3056 Θεὸς
1585 2990 1782 3067 Λόγος,
1810 2995 1845 3061 ἡ
1897 2992 2027 3047 αὐτὸ

354 3083 451 3137 καὶ
487 3087 569 3154 τῷ
597 3077 711 3136 ὄντι
744 3085 786 3119 ⁶¹
823 3082 955 3136 οὖσα
979 3080 1234 3151 ἀλήθεια,
1262 3080 1489 3142 εἰκότως
1521 3080 1631 3135 ἐστὶ
1661 3080 1750 3136 καὶ
1783 3080 1930 3151 ἁπλῆ
1981 3085 2028 3119 ⁶²

353 3177 470 3227 τῶν
498 3167 673 3226 ὄντων
700 3175 922 3246 γνῶσις.
957 3170 1025 3227 Τί
1076 3168 1133 3225 δέ
1184 3169 1292 3225 ἐστι
1341 3174 1562 3246 γνῶσις,
1597 3169 1753 3234 εὐθὺς
1807 3169 2024 3226 ἐπισυν-

355 3265 522 3317 άπτει
556 3258 855 3316 διδάσκων.

425 3351 497 3408 Εἰ
559 3351 665 3426 γὰρ
718 3353 753 3420 ἡ
811 3354 1012 3424 γνῶσις
1070 3350 1324 3420 ἒνωτική.
1356 3351 1437 3407 Τά
1491 3350 1614 3426 περὶ
1647 3356 1745 3420 τῆς
1777 3349 2017 3420 ἀληθοῦς
2053 3337 2096 3403 C

351 3441 621 3516 γνώσεως
681 3440 1014 3512 σαφηνίζων,
1071 3438 1232 3501 αὐτὸς
1284 3441 1310 3494 6
1370 3440 1497 3501 Θεὸς
1557 3438 1730 3514 Λόγος
1791 3440 2028 3512 Χριστὸς

354 3535 600 3604 Ἰησοῦς,
632 3533 756 3608 περὶ
790 3532 851 3587 οὗ
884 3533 912 3586 6
945 3528 1109 3606 λόγος
1147 3552 1160 3565 ·
1204 3530 1297 3586 καὶ
1346 3529 1432 3586 ὅτι
1480 3534 1515 3600 ἡ
1565 3535 1765 3607 γνῶσις
1800 3529 2025 3601 άληθῶς

355 3623 598 3693 ἱνωτική
654 3620 765 3677 ἐστι
817 3625 925 3676 τῶν
971 3620 1286 3695 ἐγνωκότων
1329 3619 1419 3674 καὶ
1476 3624 1582 3674 τῶν
1645 3619 2024 3696 ἰγνωσμένων,

363 3713 495 3789 νεησί
533 3731 547 3745 ο
585 3711 752 3785 Κάγὼ
810 3709 1064 3783 γινώσκω
1109 3711 1175 3764 τὰ
1231 3708 1337 3781 ἐμὰ
1394 3703 1662 3785 πρόϐατα,
1712 3709 1801 3762 καὶ
1859 3709 2025 3783 γινώ-

373 3822 569 3874 σκομαι
628 3801 732 3855 ὑπὸ
779 3804 886 3854 τῶν
948 3799 1095 3872 ἐμῶν
1128 3817 1142 3832 ο
1189 3798 1371 3862 καθὼς
1421 3799 1672 3873 γινώσκει
1724 3819 1790 3871 με
1833 3800 1860 3853 ὁ
1913 3800 2024 3854 Hat-

367 3893 489 3966 τήρ,
520 3891 680 3964 κάγὼ
713 3890 970 3965 γινώσκω
998 3889 1088 3944 τὸν
1135 3887 1365 3963 Πατέρα.
1399 3891 1602 3963 ’Ὠσπερ
1647 3888 1746 3964 γὰρ
1796 3889 1830 3956 ἡ
1879 3892 2024 3962 γνῶ-

360 4004 444 4045 σις
499 3984 708 4053 γνοῦσα
756 3978 930 4034 ἐκεῖνο
984 3979 1012 4033 ὃ
1067 3983 1274 4054 γνῶναι
1327 3976 1617 4048 ἠθέλησεν,
1678 3976 1888 4031 ἑνοῦται
1946 3976 2026 4050 τῷ

354 4070 686 4146 γνωσθέντι,
739 4068 924 4124 οὐκέτι
987 4061 1323 4141 ἀμφιϐολίαν
1395 4063 1599 4142 ἔχουσα
1656 4065 1780 4141 περὶ
1838 4065 2022 4135 αὐτοῦ,

356 4158 492 4214 οὐδὲ
520 4156 614 4213 διὰ
640 4158 742 4225 τὴν
772 4150 1109 4234 ἀμφιϐολίαν
1141 4155 1441 4231 σχιζομένη
1476 4155 1552 4217 εἷς
1593 4156 1774 4231 ἑτέρας
1823 4154 2025 4218 ἰννοίας

351 4247 451 4303 καὶ
515 4248 842 4315 ἀστατοῦσα,
875 4246 965 4300 καὶ
1017 4241 1211 4320 ἄγνοια
1270 4241 1359 4298 διὰ
1407 4247 1569 4298 τοῦτο
1610 4246 1902 4319 γενομένη,
1937 4243 2027 4299 διὰ

348 4339 418 4393 τὸ
458 4337 538 4410 μὴ
573 4337 862 4404 πεισθῆναι
892 4333 974 4389 ὅτι
1010 4331 1144 4409 ἔγνω
1179 4352 1190 4364 ·
1239 4331 1412 4394 οὕτως
1445 4333 1496 4386 οἱ
1528 4334 1711 4388 πιστοὶ
1757 4337 1823 4398 τῆ
1875 4335 2022 4408 γνώ-

354 4449 439 4483 σει
477 4424 765 4490 ἐνωθέντες
799 4425 876 4496 τῷ
908 4422 1204 4498 γνωσθέντι
1258 4426 1504 4497 Χριστῷ,
1537 4424 1595 4483 ὅς
1631 4422 1773 4477 ἐστιν
1825 4424 1853 4477 6
1897 4423 2026 4486 Θεὸς

354 4516 566 4590 Λόγος,
598 4515 683 4569 καὶ
718 4515 816 4583 τὴν
850 4514 1032 4568 πίστιν
1063 4511 1140 4573 εἷς
1199 4511 1358 4566 αὐτὸν
1414 4510 1734 4587 ἐρείσαντες,
1771 4533 2020 4584 μονιμω-

353 4606 534 4674 τάτην
596 4602 685 4659 καὶ
735 4602 1028 4658 ἀσάλευτον
1089 4605 1197 4655 τῶν
1263 4601 1622 4676 ἐγνωσμένων
1663 4602 1760 4670 τὴν
1838 4601 2017 4656 πίστιν

2139 693 2327 748 neque
2349 675 2957 749 intelligimus,neque
2982 679 3570 750 nominamus,neque
3595 675 3790 736 mente

2139 771 2240 820 aut
2269 781 2446 821 sensu
2477 766 3055 837 comprehendimus.
3109 767 3254 822 Huic
3285 769 3440 824 enim
3474 769 3669 826 simile
3701 775 3792 826 est

2138 853 2280 909 illud
2321 871 2333 910 :
2367 855 2522 910 Deus
2547 855 2606 910 in
2638 857 2936 925 omnibus,
2971 861 3028 912 et
3079 857 3136 911 in
3189 857 3350 911 nullo
3384 859 3647 913 omnium
3679 865 3788 916 est.

2209 945 2518 1001 Secundum
2551 948 2704 1002 illam
2737 963 2863 1018 qua?
2892 964 3060 1019 supra
3103 947 3454 1004 intellectum
3496 955 3597 1019 est,
3628 951 3790 1006 unio-

2135 1051 2282 1090 nem.
2315 1040 2460 1091 Nota
2489 1054 2624 1092 eum
2658 1039 2973 1108 accepisse,
3008 1037 3161 1092 sicut
3195 1037 3252 1092 in
3273 1039 3790 1110 antepositis,con-

2130 1125 2501 1194 junctiouem
2534 1125 2775 1181 visionis
2808 1125 2906 1180 Dei
2940 1143 3065 1197 quae
3101 1132 3355 1181 mentem
3389 1132 3644 1199 superat.

2211 1213 2480 1281 Quoniam
2533 1216 2654 1286 ipsa
2701 1215 2996 1270 secundum
3046 1214 3381 1286 Scripturas.
3452 1216 3571 1271 Hoc
3614 1216 3789 1270 etiam

2138 1307 2320 1358 estex
2351 1304 2651 1375 Sapientia
2671 1303 3002 1360 Salomonis
3025 1305 3228 1376 (2.),ubi
3254 1305 3547 1375 sapientia
3577 1305 3795 1360 dicitur

2135 1392 2388 1446 omnium
2417 1392 2670 1464 arti/ex;
2702 1398 2759 1448 et
2797 1410 2865 1448 ex
2899 1394 3248 1461 Proverbiis,
3307 1393 3406 1448 ubi
3459 1411 3494 1449 a
3549 1394 3789 1466 Sapien-

2135 1481 2218 1536 tia
2249 1481 2466 1536 dicitur
2494 1499 2506 1537 :
2545 1484 2682 1538 Cum
2717 1499 2776 1539 eo
2807 1500 2968 1538 eram
2998 1488 3196 1539 cuncta
3217 1499 3546 1554 componens
3577 1483 3662 1555 (α)
3691 1503 3704 1552 ;
3735 1488 3792 1539 et

2134 1570 2316 1625 David
2353 1589 2366 1626 ;
2403 1570 2599 1626 Omnia
2626 1571 2686 1626 in
2715 1573 2999 1644 sapientia
3027 1572 3212 1642 fecisti
3241 1573 3335 1644 (ὁ).

2213 1660 2440 1715 Verbum
2469 1660 2640 1716 etiam
2673 1663 2832 1717 Deus.
2870 1663 2943 1718 De
2977 1661 3075 1718 Dei
3124 1661 3334 1728 Verbo,
3389 1666 3446 1716 et
3493 1662 3786 1734 curldica—

2135 1752 2227 1804 tur
2257 1750 2668 1822 verbum,quid
2704 1751 2805 1805 illa
2838 1751 3148 1823 appellatio
3173 1751 3789 1822 significet,unamque

2135 1856 2375 1895 causam
2408 1839 2516 1894 hoc
2547 1839 2676 1895 loco
2719 1840 2879 1908 dicit,
2933 1847 3172 1912 propter
3221 1857 3400 1912 quam
3452 1841 3793 1896 nominetur

2136 1928 2417 1996 verbum;
2451 1928 2726 1984 nimirum
2761 1928 2900 2001 quia
2931 1947 3127 1985 rerum
3162 1930 3429 1984 omnium
3485 1947 3697 1986 causas
3731 1931 3786 1985 in

2139 2017 2332 2089 seipse
2365 2016 2560 2083 habet,
2594 2017 2851 2073 rationes
2885 2018 3037 2074 enim
3089 2018 3369 2073 universae
3400 2023 3621 2074 natura
3650 2024 3792 2074 sunt

2138 2107 2197 2161 in
2233 2107 2360 2178 ipso
2379 2111 2658 2178 tanquam
2681 2107 2876 2163 omnis
2893 2113 3168 2164 creaturae
3193 2111 3448 2174 auctore;
3469 2124 3572 2178 per
3595 2108 3787 2180 ipsum

2138 2196 2296 2251 enim
2328 2195 2523 2250 omnia
2550 2214 2562 2262 ;
2597 2213 2732 2251 nam
2764 2196 2907 2252 ideas
2939 2204 2996 2252 et
3026 2195 3382 2268 exemplaria
3413 2197 3470 2250 in
3506 2196 3786 2268 ipso,non

2141 2285 2255 2341 alia
2287 2283 2346 2338 in
2381 2284 2517 2351 alio,
2551 2286 2650 2340 sed
2703 2290 2843 2340 sunt
2890 2285 3318 2341 intellectiones
3348 2291 3578 2341 aeterna:
3608 2290 3663 2340 et
3697 2304 3790 2341 ra-

2137 2375 2327 2430 tiones
2358 2390 2486 2444 quaa
2518 2374 2719 2430 omnia
2759 2375 3000 2438 faciunt,
3049 2375 3107 2430 id
3159 2379 3250 2430 est
3299 2378 3544 2440 natura;
3582 2379 3792 2430 natura

2139 2464 2298 2520 enim
2330 2469 2420 2518 est
2451 2463 2598 2519 ratio
2631 2481 2753 2534 quae
2782 2481 3020 2520 causam
3055 2469 3112 2520 et
3143 2469 3415 2519 naturam
3447 2463 3791 2535 habet,quia

2142 2557 2361 2607 natura:
2395 2568 2589 2607 rerum
2638 2570 2752 2608 non
2805 2558 2944 2608 sunt
2991 2558 3211 2608 temere
3259 2557 3315 2608 et
3369 2553 3602 2608 frustra.
3640 2553 3791 2608 Dicit

2139 2647 2331 2697 autem
2364 2640 2554 2712 ipsum
2588 2642 2949 2708 Verbum,et
2982 2643 3136 2714 quod
3171 2659 3271 2713 per
3301 2642 3500 2698 omnia
3532 2641 3657 2696 sine
3683 2643 3788 2696 im-

2138 2731 2474 2803 pedimento
2507 2732 2698 2797 vadat,
2733 2738 2789 2786 et
2814 2733 3014 2787 omnia
3044 2732 3367 2787 circumeat
3399 2731 3570 2786 etiam
3607 2748 3792 2800 usque

2139 2820 2210 2875 ad
2243 2820 2684 2885 extrema,sicut
2705 2821 2762 2874 in
2793 2820 3052 2891 Epistola
3074 2823 3144 2875 ad
3173 2820 3445 2875 Hebraeos
3473 2821 3540 2892 (ο)
3577 2838 3590 2876 :
3634 2821 3794 2875 Vivus

2136 2919 2218 2965 est
2247 2911 2396 2964 enim
2423 2925 2604 2964 sermo
2629 2912 2677 2964 et
2707 2911 2930 2980 efﬁcax,
2965 2915 3075 2964 etc.

2210 3000 2315 3053 Hoc
2349 2999 2592 3054 Verbum
2623 3000 2887 3064 εει.ουοά
2925 2999 3077 3053 Deus
3109 2997 3529 3067 Verbum,cum
3564 2997 3640 3052 sit
3663 2999 3792 3068 ipsa

2136 3090 2192 3141 et
2223 3104 2350 3159 quae
2381 3105 2583 3157 reapse
2612 3092 2700 3143 est
2729 3087 3184 3153 veritas,merito
3216 3088 3390 3142 etiam
3427 3087 3504 3142 sit
3538 3087 3787 3158 simplex

2134 3193 2328 3232 rerum
2365 3178 2658 3249 cognitio;
2693 3178 2831 3250 quid
2866 3181 3061 3232 autem
3097 3177 3174 3232 sit
3203 3177 3481 3249 cognitio,
3515 3193 3641 3232 mox
3688 3178 3790 3232 do-

2133 3283 2272 3322 cens
2305 3267 2600 3338 adjungit.

2205 3354 2267 3410 Si
2297 3355 2445 3409 enim
2467 3354 2718 3424 cognitio
2744 3355 2853 3410 vim
2883 3354 3042 3410 habet
3070 3354 3412 3410 uniendi.Ea
3442 3371 3568 3425 quaa
3591 3371 3785 3409 veram

2137 3444 2528 3514 cognitionem
2583 3447 2872 3515 spectant,
2923 3445 3049 3514 ipse
3101 3444 3256 3499 Deus
3310 3445 3569 3498 Verbum
3617 3444 3794 3499 Jesus

2136 3533 2424 3600 Christus,
2459 3533 2530 3587 de
2562 3550 2674 3603 quo
2706 3537 2796 3588 est
2827 3549 3041 3604 sermo,
3076 3533 3350 3604 explicat,
3387 3539 3562 3605 atque
3593 3534 3793 3604 cogni-

2135 3621 2356 3677 tionem
2393 3639 2588 3677 revera
2617 3638 2745 3678 esse
2779 3623 3062 3678 unitivam
3099 3623 3578 3695 cognoscentium
3612 3627 3669 3678 et
3697 3640 3790 3678 co-

2134 3711 2433 3781 gnitorum
2467 3711 2610 3767 dicit
2643 3728 2656 3766 :
2691 3713 2754 3766 Et
2783 3727 2880 3780 ego
2909 3729 3163 3783 cognosco
3195 3729 3318 3767 oves
3348 3717 3577 3781 meas,et
3598 3728 3790 3783 cogno-

2134 3816 2255 3856 scor
2282 3817 2316 3854 a
2346 3802 2485 3855 meis
2515 3822 2534 3855 ,ο
2561 3803 2706 3856 sicut
2735 3804 3012 3872 cognoscit
3041 3819 3124 3857 me
3165 3803 3352 3872 Pater,
3383 3805 3436 3857 et
3463 3817 3561 3872 ego
3590 3819 3791 3872 cogno-

2133 3907 2223 3946 sco
2256 3892 2473 3945 Patrem
2503 3891 2602 3963 (vi).
2638 3891 2802 3946 Sicut
2844 3892 3001 3947 enim
3036 3892 3291 3964 cognitio
3342 3908 3700 3964 cognoscens
3734 3893 3788 3945 id

2136 3981 2290 4052 quod
2324 3997 2495 4036 nosse
2525 3981 2728 4046 voluit,
2763 3981 2843 4036 rei
2878 3981 3125 4053 cognitae
3158 3982 3503 4046 unitur,non
3536 3981 3793 4052 amplius

2135 4071 2207 4125 de
2240 4069 2368 4140 ipsa
2399 4071 2552 4125 I93
2587 4071 2887 4138 dpbitans,
2934 4087 3118 4142 neque
3167 4076 3400 4142 propter
3451 4071 3699 4126 dubium
3732 4070 3789 4124 in

2137 4158 2397 4214 diversas
2429 4159 2711 4214 dividitur
2731 4160 3138 4232 cogitationes,
3187 4165 3396 4232 estque
3428 4161 3793 4229 inconstans,

2135 4253 2314 4320 atque
2344 4248 2819 4320 ignorantiaideo
2847 4250 3226 4322 eﬂ'ecta,quia
3252 4267 3364 4305 non
3399 4250 3584 4305 credit
3605 4267 3666 4304 se
3689 4266 3791 4304 no-

2133 4338 2287 4393 visse
2323 4353 2334 4391 :
2369 4338 2452 4392 ita
2485 4338 2682 4394 ﬁdeles
2708 4355 2810 4410 per
2833 4339 3230 4410 cognitionem
3258 4338 3340 4395 illi
3369 4340 3603 4412 cognito
3632 4338 3790 4393 Chri-

2136 4431 2225 4480 sto
2267 4427 2487 4498 quiest
2537 4427 2687 4482 Deus
2748 4428 3023 4494 Verbum,
3079 4429 3251 4499 uniti,
3303 4433 3480 4499 atque
3526 4430 3696 4483 fidem
3734 4428 3786 4482 in

2134 4515 2262 4586 ipso
2287 4515 3040 4585 ﬁrmantes,solidissimam
3061 4523 3114 4572 et
3142 4518 3558 4573 inconcussam
3595 4515 3793 4586 cogni-

2134 4609 2322 4660 torum
2358 4605 2528 4659 fidem
2557 4606 2858 4671 habentes,
2892 4607 3048 4678 quod
3080 4605 3267 4660 Deum
3315 4609 3714 4677 cognoverunt
3737 4608 3792 4659 et

357 4693 619 4770 ἔχοντες,
651 4692 735 4748 ὅτι
791 4691 920 4748 Θεὸν
981 4690 1241 4766 ἔγνωσαν,
1272 4690 1362 4744 καὶ
1417 4691 1520 4745 ὑπὸ
1553 4694 1690 4744 Θεοῦ
1739 4690 2022 4764 ἐγνώσθη-

2143 4710 2167 4748 a
2197 4694 2311 4748 Deo
2343 4695 2561 4765 cogniti
2595 4697 2754 4759 sunt,
2788 4699 2948 4750 extra
2979 4694 3376 4766 ignorantiam
3411 4711 3552 4750 sane
3594 4694 3788 4749 consi-

355 4805 482 4852 σαν,
516 4781 829 4852 ἐξεστήκασι
892 4781 986 4854 μὲν
1046 4787 1144 4849 τῆς
1203 4778 1445 4854 ἀγνοίας,
1478 4780 1542 4849 ἣν
1593 4777 1817 4852 ε’ίπομεν
1881 4777 2023 4834 διαι-

359 4879 503 4949 ρεῖν,
537 4873 627 4926 καὶ
659 4872 867 4947 σχίζειν
928 4869 1018 4924 καὶ
1079 4866 1415 4924 διασαλεύειν
1471 4868 1550 4932 είς
1597 4867 1798 4924 ἄλλοτε
1847 4868 2018 4932 ἄλλας

357 4957 730 5036 ἀμφιϐολίας,
764 4961 837 5022 ὡς
874 4961 950 5033 μη
985 4963 1214 5033 γνοῦσαν
1244 4959 1272 5012 ’ὁ
1304 4955 1386 5012 δεῖ
1433 4962 1634 5032 γνῶναι
1694 4957 2014 5035 ἐφεστήκασι

357 5051 419 5108 δὲ
477 5055 547 5124 τῇ
611 5045 949 5127 βεϐαιότητι,
1005 5051 1073 5122 τῇ
1131 5046 1309 5102 πίστει
1364 5046 2017 5125 πληροφορηθέντες,δτι

354 5138 606 5218 ἔγνωσαν
661 5139 751 5194 καὶ
809 5139 1099 5208 ὴνώθησαν
1149 5134 1238 5191 διὰ
1285 5140 1447 5191 τοῦτο
1477 5139 1524 5174 ⁸³
1572 5140 1652 5208 τῷ
1699 5136 2012 5211 γνωσθέντι.

353 5233 418 5289 '0
455 5231 554 5303 μὲν
588 5227 679 5283 οὖν
705 5227 756 5284 ἐν
787 5232 866 5300 τῷ
898 5231 1087 5298 σκοπῷ
1113 5233 1212 5296 τῆς
1247 5224 1463 5300 ἀγνοίας
1517 5225 1654 5280 κατὰ
1703 5227 1795 5280 τὸν
1856 5226 2016 5282 ’Λπό-

2135 4785 2320 4849 stunt,
2356 4799 2532 4854 quam
2567 4783 2826 4838 diximus
2876 4783 3131 4838 dividere
3185 4787 3241 4837 et
3293 4798 3566 4853 separare
3615 4787 3792 4853 atque

2130 4877 2439 4927 concutere
2470 4873 2542 4926 ab
2577 4890 2692 4925 una
2725 4872 2780 4925 in
2816 4872 2962 4926 alias
2995 4872 3412 4940 dubitationes,
3443 4878 3505 4926 ut
3536 4889 3662 4942 quae
3697 4889 3790 4925 nc-

2138 4961 2285 5016 sciat
2310 4961 2449 5032 quid
2475 4963 2708 5017 credere
2739 4966 3020 5033 oporteat;
3047 4962 3183 5016 item
3213 4961 3498 5016 insistunt
3521 4961 3788 5016 ﬁrmitati

2128 5052 2240 5106 [ide
2275 5052 2562 5123 persuasi,
2595 5053 2748 5122 quod
2785 5050 3002 5119 norint,
3039 5068 3103 5106 ac
3138 5051 3265 5106 ideo
3313 5051 3613 5122 conjuncti
3647 5056 3790 5106 sunt

2125 5155 2259 5193 cum
2294 5140 2546 5210 cognito.
2584 5145 2654 5194 At
2684 5141 2780 5212 qui
2816 5140 2874 5194 in
2899 5140 3154 5195 tenebris
3212 5140 3556 5212 ignorantiae
3590 5158 3783 5196 versa-

2124 5230 2412 5299 tur,juxta
2441 5229 3014 5300 Apostolum,errore
3049 5230 3174 5302 ipso
3207 5230 3786 5300 ﬂuctuans,circum-

431 5439 512 5512 (ε)
541 5437 679 5510 Cap.
710 5453 813 5505 vn,
843 5453 899 5492 v.
926 5435 1019 5491 21.
1096 5435 1173 5506 (a)
1205 5437 1345 5506 Cap.
1374 5449 1500 5502 vm,
1531 5451 1588 5489 v.
1620 5433 1710 5488 30.
1787 5432 1864 5504 (bl.
1893 5432 2022 5489 Psal

2143 5451 2204 5504 ιι,
2234 5434 2325 5489 24.
2402 5435 2474 5508 (c)
2506 5437 2645 5508 Cap.
2682 5453 2758 5504 ιν,
2790 5453 2840 5492 v.
2879 5437 2965 5491 12.
3043 5436 3122 5508 (d)
3151 5436 3321 5494 Joan.
3357 5453 3414 5505 ι,
3453 5438 3636 5492 14ο15.

1378 5641 1611 5698 νΑΒΙίΕ
1652 5641 2044 5698 LECTIONES
2083 5641 2172 5698 ET
2208 5642 2769 5701 CORREGTIONES.

434 5775 483 5811 ⁵ο
513 5768 729 5848 σοφίαν.
812 5772 853 5807 ⁶¹
889 5771 924 5837 ἡ
961 5773 1036 5842 τῷ
1066 5764 1200 5824 ὅντι.
1279 5769 1324 5802 ⁸³
1353 5764 1622 5837 ἀπλανής.
1698 5768 1744 5803 ⁸³
1772 5764 2005 5822 τούτων.
