4108 6384
256 388 388 444 35⁸7

1045 393 1102 446 Β.
1145 392 1416 447 MAXIMI
1452 392 1760 447 SCHOLIA
1795 394 1870 446 ΙΝ
1911 392 2042 444 LIB.
2085 391 2181 444 DE
2221 392 2495 448 DlVlNIS
2533 394 2945 450 NOMINIBUS.

3603 398 3708 452 358

259 513 448 576 θέντα
478 513 624 587 παρὰ
670 517 768 569 τοῦ
815 515 1148 584 ποιήσαντος
1193 518 1350 570 Θεοῦ·
1404 513 1522 578 ὅθεν
1555 513 1644 569 καὶ
1690 513 1740 568 ἐν
1772 512 1942 581 Ἰωήλ

2081 515 2200 570 lum
2225 534 2257 571 a
2278 517 2395 573 Deo
2422 523 2680 574 creatore
2701 520 3172 576 corroborentur.
3194 521 3426 578 Undein
3449 521 3612 578 Joele
3633 524 3710 595 (Ιι)

260 606 362 672 τῷ
418 601 551 674 Θείῳ
598 605 856 680 προφήτῃ
907 603 1073 676 φησὶν
1125 604 1152 658 6
1205 603 1335 664 Θεὸς
1389 603 1513 679 περὶ
1567 600 1809 676 ἀκρίδος,
1858 603 1947 656 καὶ

269 692 562 766 βρούχου,
612 693 702 746 καὶ
752 691 1006 764 κάμπης·
1053 694 1114 750 Ἡ
1168 689 1397 765 δύναμίς
1447 713 1552 765 μου
1610 696 1644 762 ἡ
1708 691 1945 766 μεγάλη·

263 777 372 833 καὶ
431 784 554 841 πῶς
610 777 742 854 ἄχρι
792 779 1001 835 τούτων
1056 781 1119 835 τὸ
1178 777 1614 856 ἀπειροδύναμον
1672 785 1769 835 τοῦ
1815 785 1950 835 Θεοῦ

268 870 502 944 φθάνει,
557 869 721 944 φησὶν
784 864 994 930 εῗκόνας
1053 870 1363 942 θαυμαστὰς
1420 871 1510 924 καὶ
1558 868 1949 940 ἀληθεστάτας.

260 955 467 1014 Ἀλλά
491 959 583 1012 καὶ
615 956 670 1012 ἐν
701 963 816 1019 τοῖς
847 957 1086 1032 ἀψύχοις
1126 959 1190 1013 τὸ
1245 958 1376 1014 αὐτὸ
1415 960 1684 1033 εὑρήσεις,
1717 957 1770 1013 ἐν
1794 960 1954 1022 πόαις

264 1047 375 1100 καὶ
420 1046 698 1122 βοτάναις,
747 1047 836 1102 καὶ
891 1046 1189 1120 μετάλλοις
1239 1053 1458 1124 θεωρῶν
1512 1046 1768 1120 δυνάμεις
1821 1048 1953 1122 βλα-

265 1157 486 1198 πτικας
536 1136 628 1190 καὶ
679 1135 1017 1214 ὠφελίμους·
1063 1137 1154 1191 καὶ
1205 1135 1474 1212 εὔθρυπτα
1516 1137 1584 1192 τά
1625 1137 1823 1208 πλείω,
1863 1133 1952 1191 καὶ

267 1222 436 1279 ἄλλα
470 1224 697 1300 ἰσχυρὰ,
725 1225 817 1280 καὶ
848 1223 1126 1294 ἁνὲνδοτα,
1160 1225 1236 1288 ὡς
1269 1227 1358 1280 τὸν
1382 1223 1682 1298 ἀδάμαντα.
1708 1224 1954 1288 Ἄλλως.

267 1314 601 1378 Ἀσθένειαν
654 1311 1071 1388 δυναμουμένην
1124 1313 1176 1369 ἐν
1221 1314 1438 1378 τούτοις
1489 1316 1555 1370 τὰ
1604 1300 1957 1370 ἀσθενέστατα

265 1408 394 1459 τῶν
433 1404 592 1472 ζώων
649 1403 803 1481 φησὶ,
835 1404 1037 1475 ταύτην
1085 1403 1284 1479 ἔχοντα
1329 1410 1427 1460 τοῦ
1481 1402 1651 1466 ὅντως
1697 1405 1958 1473 εἶναιτὴν

269 1491 542 1565 δύναμιν,
575 1494 610 1563 ἢ
643 1491 916 1548 ἀσθένειαν
968 1493 1183 1564 οἰητὲον
1236 1495 1334 1563 τὴν
1387 1491 1599 1570 ἄψυχον
1650 1494 1738 1549 καὶ
1779 1496 1954 1564 πάντη

269 1583 554 1653 ἀκίνητον
589 1582 772 1652 φύσιν,
805 1581 928 1652 ἥτις
978 1584 1077 1652 τὴν
1131 1582 1397 1654 οὐσιώδη,
1446 1583 1692 1640 τουτέστι
1732 1586 1831 1654 τὴν
1862 1589 1958 1639 τοῦ

271 1672 437 1737 ὅλως
469 1674 607 1728 εἶναι
642 1669 896 1745 δύναμιν,
925 1670 1146 1751 ε’ίληφεν
1180 1673 1240 1729 ἐκ
1271 1678 1426 1730 Θεοῦ.

353 1766 521 1833 §III.
580 1761 682 1818 Καὶ
729 1761 860 1816 αὐτὸ
908 1757 985 1830 δὲ,
1038 1761 1085 1818 εἴ
1134 1763 1290 1835 θὲμις
1325 1805 1338 1819 .
1386 1763 1692 1832 Τουτὲστιν,
1745 1762 1843 1817 οὐκ
1890 1764 1956 1832 ἧν

2059 606 2213 661 Deus
2235 609 2306 662 de
2327 607 2551 664 locusta
2576 615 2632 664 et
2653 609 2832 664 bruco
2873 625 2939 664 ac
2977 626 3150 665 eruca
3180 611 3376 667 divino
3408 613 3704 684 prophetae

2061 697 2203 751 dicit
2229 713 2240 752 :
2271 697 2446 753 Virtus
2475 714 2597 753 mea
2625 715 2859 769 magna;
2907 703 2963 754 et
2993 702 3285 771 quomodo
3334 701 3569 758 inﬁnita
3612 703 3712 758 Dei

2063 787 2246 841 virtus
2269 789 2338 842 ad
2363 788 2482 842 hmo
2507 805 2693 859 usque
2736 789 3045 859 pertineat,
3079 789 3447 846 admirandis
3473 793 3715 847 verissi-

2063 876 2296 947 misque
2319 877 2524 949 probat
2553 877 2856 948 exemplis.
2887 879 3035 944 Quin
3060 879 3237 933 etiam
3257 879 3411 933 idem
3441 880 3498 934 in
3519 881 3713 935 inani-

2063 966 2262 1029 mis,in
2297 966 2495 1021 herbis
2527 971 2582 1022 et
2609 967 2976 1037 graminibus
3009 972 3188 1039 atque
3223 967 3494 1035 metallis,
3519 970 3568 1024 si
3605 970 3715 1023 vir-

2064 1060 2221 1109 tutes
2251 1057 2454 1111 noxias
2487 1061 2542 1110 et
2575 1059 2746 1112 utiles
2777 1056 3132 1126 consideres,
3159 1057 3436 1126 reperies;
3470 1063 3527 1112 et
3547 1058 3719 1129 plura

2066 1144 2302 1215 quidem
2331 1143 2604 1215 friabilia,
2631 1156 2680 1199 et
2712 1144 2828 1200 alia
2853 1145 3022 1200 ﬁrma
3053 1151 3110 1200 et
3143 1145 3312 1211 dura,
3341 1153 3404 1200 ut
3434 1147 3717 1202 adaman-

2065 1239 2204 1288 tem.
2229 1234 2429 1288 Aliter.
2456 1234 2917 1290 Imbecillitatem
2947 1235 3382 1290 corroboratam
3404 1235 3460 1289 in
3494 1236 3588 1290 his
3617 1253 3719 1292 seu

2067 1323 2177 1378 hoc
2207 1323 2331 1378 loco
2365 1323 2834 1378 imbecillissima
2883 1323 3230 1378 animalium
3265 1323 3559 1396 intelligit,
3595 1342 3720 1396 quae

2066 1412 2212 1469 hanc
2263 1412 3721 1481 irtutemvereexistcndihabent,autarbitrandum

2067 1507 2157 1557 est
2187 1503 2646 1558 imbecillitatem
2681 1519 2810 1558 esse
2859 1507 3130 1557 naturam
3174 1502 3524 1568 inanimam,
3555 1521 3718 1574 pror-

2069 1611 2293 1665 susque
2327 1594 2654 1658 immotam,
2686 1611 2813 1664 qua)
2843 1595 3241 1660 essentialem,
3268 1593 3324 1649 id
3352 1600 3442 1651 est
3479 1595 3721 1652 omnino

2069 1683 2353 1739 existendi
2384 1684 2660 1739 virtutem
2695 1700 2728 1738 a
2758 1683 2872 1738 Deo
2905 1683 3151 1752 accepit.

2140 1777 2167 1842 §
2199 1774 2297 1829 Ill.
2331 1775 2502 1845 Atque
2531 1773 2736 1843 ipsum,
2769 1774 2821 1827 si
2848 1775 2932 1841 fas
2961 1781 3062 1828 est.
3111 1773 3170 1827 1d
3220 1777 3310 1828 est
3357 1772 3725 1845 impossibile

276 1851 517 1908 δυνατὸν
553 1851 689 1908 εἶναι
739 1872 790 1906 τι
825 1849 994 1922 ὅλως,
1032 1852 1108 1925 μὴ
1159 1857 1320 1908 τοῦτο
1365 1858 1464 1922 τῆς
1505 1853 1648 1915 θείας
1682 1851 1960 1926 δυνάμεως

2081 1870 2199 1918 erat
2227 1862 2452 1934 aliquid
2485 1862 2725 1918 omnino
2757 1877 2907 1928 esse,
2939 1861 3057 1916 nisi
3103 1860 3301 1916 divina
3330 1862 3548 1917 virtute
3579 1861 3723 1918 illud

287 1940 733 2015 ὑποστησαμὲνη
745 1962 790 2002 ς.

364 2031 614 2104 Δύναμιν
649 2029 731 2092 οἷς
779 2031 842 2086 τὸ
894 2031 1027 2086 εἶναι
1078 2029 1215 2106 ἔχει.
1267 2032 1384 2100 Τὴν
1418 2028 1646 2106 δύναμιν
1702 2033 1766 2088 οὐ
1803 2031 1964 2106 μόνον

2081 1953 2457 2025 producente.

2151 2043 2299 2099 I95
2337 2044 2650 2098 Potentiam
2699 2041 2858 2096 habet
2905 2043 2962 2095 ut
3001 2040 3092 2096 sit.
3146 2044 3253 2094 Per
3301 2039 3578 2096 virtutem
3612 2057 3726 2095 non

279 2123 395 2190 τήν
430 2121 511 2182 εἷς
558 2120 623 2175 τὸ
673 2121 984 2175 συνεστάναι
1020 2120 1178 2196 ἴσχὺν
1232 2126 1368 2189 νοεῖ,
1419 2119 1564 2177 ἀλλὰ
1592 2121 1680 2176 καὶ
1712 2125 1810 2192 τήν
1844 2121 1966 2176 ἐπι-

280 2208 636 2280 τηδειότητα
683 2209 760 2271 εἷς
801 2210 864 2264 τὸ
910 2208 1144 2265 τοιῶσδε
1194 2210 1327 2265 εἶναι
1403 2209 1630 2284 δύναμιν
1693 2211 1964 2284 σημαίνει.

284 2297 552 2355 Διάδοσιν
588 2297 646 2354 δὲ
695 2297 854 2354 καλεῖ
903 2296 1180 2373 δυνάμεως
1226 2302 1328 2370 τὴν
1379 2299 1457 2362 εἷς
1485 2301 1552 2355 τά
1606 2296 1707 2371 ἔξω
1749 2302 1871 2377 περὶ
1903 2302 1970 2356 τὰ

285 2387 424 2444 ὄντα
451 2386 695 2465 πρόοδον
725 2395 828 2458 τῆς
857 2389 1118 2463 προνοίας
1150 2394 1245 2442 τοῦ
1297 2393 1432 2444 Θεοῦ
1461 2393 1550 2444 καὶ
1603 2389 1965 2464 ἀγαθότητος,

285 2479 367 2541 εἷς
421 2479 488 2533 τὸ
538 2479 673 2532 εἶναι
723 2478 790 2533 τά
838 2474 968 2532 ὄντα
1016 2477 1106 2532 καὶ
1156 2485 1534 2554 παραχθῆναι.
1591 2481 1689 2534 Καὶ
1743 2483 1967 2556 πρώτην

286 2571 388 2644 μὲν
424 2569 660 2642 δύναμίν
716 2590 847 2646 φησι
895 2571 994 2639 τὴν
1044 2575 1151 2624 τῶν
1205 2572 1394 2624 ὅντων·
1430 2575 1602 2625 ταῦτα
1650 2569 1708 2626 δὲ
1762 2571 1864 2626 εἰσι
1903 2572 1972 2626 τὰ

280 2661 486 2730 νοητὰ,
519 2659 608 2713 καὶ
642 2659 908 2731 ἀσώματα
936 2653 1062 2714 ὄντα
1096 2659 1385 2734 λεγόμενα,
1419 2659 1494 2724 ὡς
1539 2659 1798 2719 ἀθάνατα.
1854 2666 1972 2725 τοῖς

287 2746 349 2804 δὲ.
400 2770 464 2825 γε
515 2752 740 2819 νοητοῖς
792 2750 836 2784 ⁸⁷
879 2749 968 2802 καὶ
1017 2749 1087 2803 τὰ
1127 2748 1290 2824 νοερὰ
1346 2749 1829 2825 συγκατατακτὲον,
1893 2751 1968 2812 ὡς

285 2837 540 2913 ψυχικὰς
568 2837 665 2899 τὰς
697 2836 786 2891 καὶ
820 2834 1050 2912 λογικὶς
1100 2842 1191 2890 νῦν
1243 2835 1568 2911 λεγομένας·
1611 2840 1640 2893 6
1672 2840 1775 2913 γὰρ
1810 2838 1972 2915 λόγος

285 2931 415 2988 νοῦς
467 2925 606 2996 ἰστι,
654 2925 775 2980 καθ’
819 2926 878 2979 ὃν
909 2928 944 2994 ἡ
977 2926 1132 3000 ψυχὴ
1186 2927 1305 2979 καθ’
1364 2922 1627 2982 ὑπόϐασιν
1679 2928 1813 3001 μετὰ
1839 2929 1968 2992 τοὺς

288 3013 579 3091 ἀγγέλους
637 3014 799 3088 νοερὰ
849 3013 1082 3090 λιγεται.
1134 3017 1268 3069 Εἶτα
1317 3016 1407 3069 καὶ
1459 3015 1660 3085 ταύτης
1707 3016 1968 3090 ὑφε-μενη

298 3104 547 3178 δύναμις
597 3106 632 3174 ἡ
674 3104 989 3174 αἰσθητική,
1023 3106 1059 3172 ἡ
1091 3107 1196 3156 τῶν
1250 3102 1518 3179 ἐμψύχων
1561 3103 1803 3182 ἀλόγων·
1859 3109 1964 3162 εἶτα

2084 3117 2213 3184 post
2239 3111 2502 3184 angelos,
2535 3128 2639 3167 seu
2673 3110 2729 3164 in
2753 3109 2939 3181 gradu
2974 3107 3200 3179 angelis
3229 3107 3492 3173 inferior,
3517 3107 3732 3163 intelli-

288 3199 324 3264 ἡ
364 3194 605 3264 ζωτική,
659 3191 749 3248 καὶ
799 3195 835 3262 ἡ
893 3193 1114 3267 φυτική,
1147 3195 1180 3262 ἡ
1214 3198 1320 3250 τῶν
1377 3199 1557 3271 φυτῶν
1603 3197 1851 3251 ἁπάντων
1879 3197 1964 3252 καῖ

2083 3218 2227 3272 gens
2257 3201 2491 3255 dicitur.
2528 3201 2729 3255 Postea
2762 3198 2896 3253 huic
2926 3198 3164 3253 subdita
3203 3206 3289 3252 est
3316 3199 3500 3253 virtus
3539 3198 3735 3254 sensi-

292 3287 573 3360 βοτανῶν,
631 3283 752 3346 καθ’
806 3281 873 3352 ἦν
907 3265 1164 3357 -φυτικήν
1227 3265 1663 3354 ζωὴν-ἀνθοῦσι·
1722 3286 1854 3358 μετὰ
1913 3284 1964 3341 δὲ

2083 3292 2195 3345 tiva
2218 3291 2612 3344 animatorum
2642 3285 3493 3353 brutorum,deindevitalis,ac
3513 3290 3737 3359 vegeta-

2079 2137 2308 2186 tantum
2344 2131 2632 2203 intelliget
2661 2131 2778 2185 vim
2813 2132 2881 2185 ad
2914 2129 3381 2196 consistendum,
3415 2130 3514 2184 sed
3547 2129 3725 2184 etiam

2080 2221 2375 2293 signiﬁcat
2405 2221 2798 2292 aptitudinem
2833 2224 2896 2274 ut
2917 2218 3018 2273 tali
3048 2219 3221 2274 modo
3253 2218 3330 2273 sit
3358 2218 3580 2276 virtus:
3608 2217 3732 2272 dis-

2079 2311 2464 2365 tributionem
2497 2326 2630 2364 vero
2674 2309 2911 2363 virtutis
2959 2311 3128 2362 vocat
3174 2323 3549 2378 progressum
3601 2324 3728 2378 pro-

2077 2399 2351 2454 videntiae
2383 2403 2440 2454 et
2473 2398 2753 2453 bonitatis
2782 2397 2880 2452 Dei
2913 2398 2984 2452 ad
3016 2402 3176 2452 extra
3208 2397 3362 2451 circa
3391 2413 3503 2461 res,
3532 2395 3730 2451 utilla

2081 2489 2201 2543 sint
2231 2493 2287 2542 et
2318 2489 2736 2558 producantur.
2779 2488 2848 2542 Et
2887 2486 3144 2558 primum
3178 2487 3416 2556 quidem
3451 2485 3730 2540 virtutem

2080 2577 2223 2633 dicit
2251 2594 2378 2632 eam
2411 2593 2538 2648 quae
2571 2582 2660 2632 est
2689 2575 2914 2630 entium
2943 2591 3040 2630 seu
3073 2575 3572 2642 substantiarum;
3608 2575 3728 2628 haec

2080 2676 2276 2722 autem
2331 2671 2472 2721 sunt
2522 2663 2919 2736 intelligibilia
2948 2670 3007 2718 et
3039 2663 3385 2735 incorporea
3414 2680 3542 2734 quae
3575 2664 3734 2718 entia

2079 2756 2360 2810 dicuntur
2393 2759 2457 2810 ut
2481 2754 2884 2821 immortalia;
2917 2770 3050 2808 cum
3085 2753 3566 2823 intelligibilibus
3599 2769 3732 2807 vero

2080 2847 2254 2900 etiam
2289 2843 2694 2915 conjungenda
2725 2847 2866 2898 sunt
2896 2859 2960 2897 ea
2991 2859 3117 2913 quae
3167 2842 3526 2912 intelligunt,
3580 2841 3734 2895 sicut

2081 2935 2294 2990 animae
2327 2951 2454 3006 quae
2487 2931 2806 2988 rationales
2840 2932 3013 2986 modo
3046 2930 3325 2984 dicuntur
3357 2933 3544 2986 :ratio
3574 2931 3730 2984 enim

2082 3027 2173 3078 est
2207 3040 2371 3078 mens
2405 3039 2506 3094 per
2531 3037 2707 3092 quam
2737 3021 2934 3074 anima
2953 3019 3278 3074 secundum
3306 3019 3734 3090 subjectionem

289 3376 471 3436 πάσας
502 3374 538 3441 ἡ
574 3368 1132 3444 οὐσιώδηςοδύναμις,
1177 3370 1452 3428 τουτέστιν
1483 3376 1518 3443 ἡ
1551 3379 1658 3429 τῶν
1709 3374 1962 3450 ἀψύχων,

291 3467 412 3517 οἷον
439 3464 553 3516 τῶν
593 3457 967 3533 μεταλλικῶν,
1001 3461 1088 3514 καὶ
1122 3457 1521 3537 γεωδεστὲρων,
1559 3463 1680 3532 ἥτις
1713 3461 1962 3538 δύναμις,

289 3555 325 3622 ἡ
358 3553 693 3622 ουνιστῶσα,
725 3549 816 3604 καὶ
867 3548 944 3611 εἷς
1000 3550 1062 3604 τὸ
1111 3552 1248 3604 εἶναι
1305 3549 1542 3625 διαρκεῖν
1589 3558 1842 3621 ποιοῦσα,
1874 3555 1963 3608 καὶ

290 3645 392 3712 τήν
424 3644 541 3694 τῶν
571 3640 892 3709 ποιοτήτων
923 3635 1152 3711 δύναμιν
1179 3635 1367 3694 δίδωσι
1397 3646 1612 3714 θερμῶν
1644 3643 1679 3712 ’ἢ
1708 3646 1962 3719 ψυχρῶν,

300 3732 337 3797 ἢ
376 3733 487 3782 τῶν
539 3728 664 3800 ἑξῆς
711 3725 974 3802 κράσεων·
1028 3726 1118 3781 καὶ
1168 3725 1292 3796 ἤτοι
1338 3727 1590 3804 ὠφελεῖν,
1641 3730 1676 3800 ἢ
1732 3730 1963 3787 τοιῶσὸε

313 3817 560 3895 ὠφελεῖν.
598 3814 701 3873 Καὶ
751 3816 847 3875 τὰς
899 3815 1180 3891 ὀρεκτικάς
1229 3815 1286 3871 δὲ
1337 3815 1612 3891 δυνάμεις,
1644 3824 1742 3874 τοῦ
1788 3820 1962 3885 θέλειν

305 3908 380 3962 ἀεὶ
412 3907 509 3980 [τά
541 3903 765 3980 λογικὰ]
819 3901 1075 3968 δύνασθαι
1128 3905 1217 3960 καὶ
1259 3905 1567 3980 ἐπιθυμεῖν,
1623 3909 1650 3963 6
1700 3915 1964 3985 χορηγῶν

299 3998 411 4052 ἐστι
442 3995 603 4060 Θεὸς,
634 3993 726 4049 καὶ
757 3991 990 4066 δυναμοῖ
1043 3996 1180 4070 πρὸς
1226 3994 1410 4073 φιλίαν
1459 3998 1527 4052 τὰ
1573 3999 1853 4072 ἡνωμένα,
1879 4001 1968 4055 καὶ

299 4087 442 4161 πρὸς
475 4083 794 4152 κοινωνίαν,
839 4082 1084 4138 τουτέστι
1137 4086 1204 4138 τὰ
1265 4083 1547 4161 σπέρματα
1596 4087 1808 4143 πάντων
1842 4087 1967 4158 ἤτοι

300 4178 369 4231 τὰ
402 4179 660 4249 στοιχεῖα
707 4172 1034 4247 συμμέτρως
1083 4174 1220 4245 πρὸς
1270 4173 1496 4230 σύνοδον
1549 4174 1827 4244 ὁδεύοντα,
1879 4179 1968 4232 καὶ

299 4266 442 4340 πρὸς
475 4261 707 4332 ἄλληλα
739 4261 1057 4336 μιγνύμενα,
1092 4263 1177 4317 καὶ
1230 4262 1607 4334 πλησιάζοντα
1653 4267 1862 4341 πράως,
1897 4267 1972 4329 εἷς

301 4353 539 4428 δύναμιν
573 4353 690 4426 ἄγει
720 4355 816 4406 τοῦ
864 4351 931 4406 τά
983 4351 1215 4422 αἰσθητᾶ
1246 4352 1413 4424 ὃμοια
1451 4360 1660 4429 γεννᾷν.
1697 4359 1809 4425 Τῆς
1841 4361 1969 4432 γοῦν

301 4445 557 4503 ἒνώσεως
608 4439 832 4509 ταύτης,
884 4439 973 4494 καὶ
1018 4444 1114 4494 τοῦ
1177 4439 1446 4516 μίγματος
1505 4448 1610 4497 τῶν
1673 4447 1969 4518 ἡνωμὲνων

306 4534 386 4595 εἰς
416 4530 629 4606 φιλίαν,
663 4530 739 4594 ὡς
764 4527 994 4607 ἔφημεν,
1026 4529 1316 4605 στοιχείων
1347 4532 1687 4606 τρεπομένου
1719 4533 1796 4597 είς
1853 4533 1972 4590 δια-

2075 3380 2190 3434 tiva
2225 3379 2566 3451 plantarum
2599 3378 2866 3432 omnium
2901 3394 2966 3432 ac
3000 3375 3338 3446 herbarum,
3382 3393 3512 3447 quae
3558 3391 3738 3444 vege-

2073 3470 2255 3524 tativa
2311 3468 2430 3522 vita
2492 3468 2700 3520 florent
2734 3485 2745 3522 :
2778 3471 2909 3537 post
2968 3483 3174 3520 omnes
3227 3483 3359 3520 vero
3404 3469 3494 3520 est
3552 3465 3738 3519 virtus

2075 3557 2430 3623 essentialis,
2466 3557 2521 3611 id
2556 3560 2642 3611 est
2667 3555 3091 3619 inanimarum,
3117 3555 3342 3610 scilicet
3363 3552 3733 3608 metallorum

2075 3664 2176 3703 seu
2207 3646 2602 3712 mineralium,
2629 3662 2758 3717 quae
2779 3645 2970 3699 virtus
3021 3643 3414 3710 constituens,
3447 3647 3624 3713 atque
3655 3642 3737 3696 fa-

2075 3737 2234 3791 ciens
2266 3741 2329 3790 ut
2358 3735 2416 3789 in
2451 3751 2580 3790 esse
2616 3734 2958 3805 persistant,
2985 3737 3041 3786 et
3062 3733 3178 3786 vim
3213 3731 3568 3802 qualitatum
3593 3731 3730 3785 cati-

2076 3827 2284 3882 darum
2309 3830 2410 3879 aut
2430 3824 2770 3895 frigidarum
2797 3827 2898 3878 aut
2923 3821 3284 3892 reliquorum
3313 3826 3738 3890 temperamen-

2075 3920 2268 3970 torum
2292 3913 2518 3980 tribuit,
2552 3918 2610 3968 et
2628 3914 2866 3983 quidem
2899 3912 3180 3983 prodesse
3199 3919 3296 3966 aut
3324 3911 3410 3966 sic
3435 3912 3734 3980 prodesse.

2076 4005 2388 4076 Appetivas
2421 4020 2654 4075 quoque
2697 4003 2943 4056 virtutes
2992 3999 3222 4054 volendi
3275 4015 3504 4070 semper
3535 3998 3736 4070 [ratio-

2079 4092 2256 4164 nalia]
2287 4108 2458 4164 posse
2487 4095 2544 4146 et
2565 4090 2838 4162 cupiendi
2879 4094 3024 4143 Deus
3049 4087 3300 4160 largitur
3326 4092 3382 4140 et
3403 4086 3737 4142 corroborat

2081 4183 2246 4236 unita
2260 4182 2328 4236 ad
2349 4180 2670 4235 amicitiam
2695 4185 2752 4234 et
2766 4177 3267 4240 communionem,
3284 4177 3341 4230 id
3363 4180 3454 4230 est
3474 4174 3737 4229 omnium

2082 4272 2310 4326 semina
2331 4287 2432 4326 seu
2458 4270 2748 4324 elementa
2772 4269 2841 4323 ad
2869 4283 3252 4338 congressum
3282 4266 3577 4320 moderate
3603 4279 3739 4336 pro-

2083 4361 2347 4426 deuntia,
2378 4366 2434 4414 et
2474 4361 2626 4414 inter
2674 4375 2736 4413 se
2770 4358 2968 4425 mista,
3023 4362 3079 4410 et
3130 4355 3336 4410 leviter
3385 4353 3740 4417 accedentia,

2083 4451 2244 4506 ducit
2292 4450 2350 4504 in
2397 4450 2671 4503 virtutem
2703 4446 2945 4502 sensilia
2978 4445 3195 4500 similia
3246 4443 3589 4516 generandi.
3627 4441 3743 4495 Hac

2082 4541 2265 4612 igitur
2300 4537 2716 4608 conjunctione
2767 4539 2825 4589 et
2877 4536 3325 4604 coniunctorum
3377 4531 3653 4586 mistione
3681 4529 3742 4584 in

305 4624 484 4702 φοράν
513 4620 605 4676 καὶ
636 4619 948 4696 χωρισμὸν,
1000 4616 1386 4694 διακρινόμενα
1434 4622 1501 4676 τά
1548 4621 1686 4696 μὲρη
1735 4626 1964 4699 χωρίζε.

2085 4629 2406 4686 amicitiam
2435 4629 2522 4698 (ut
2545 4625 2826 4693 diximus)
2859 4623 3284 4678 elementorum
3326 4620 3384 4674 in
3439 4619 3742 4674 diversita-

305 4734 400 4768 ται
434 4711 514 4774 εἰς
545 4710 778 4786 γενέσεις
808 4708 898 4764 καὶ
952 4709 1130 4778 ζώων,
1162 4709 1252 4764 καὶ
1303 4714 1510 4787 φυτῶν,
1554 4712 1644 4766 καὶ
1673 4717 1780 4768 τῶν
1829 4713 1971 4786 ἑξῆς·

310 4801 404 4858 καὶ
455 4794 728 4873 λαμϐάνει
781 4799 961 4862 θεόθεν
1011 4800 1046 4866 ἡ
1085 4795 1356 4874 διάκρισις
1406 4799 1564 4870 αὕτη,
1614 4798 1737 4871 ἤτοι
1789 4805 1815 4858 ὁ
1859 4824 1975 4879 χω-

315 4889 518 4969 ρισμὸς
551 4886 780 4960 δύναμιν
816 4885 896 4949 εἷς
925 4886 989 4942 τὸ
1044 4887 1176 4941 εῖναι
1209 4887 1298 4942 καὶ
1345 4891 1682 4964 παραγωγὴν
1711 4895 1806 4946 τοῦ
1842 4891 1974 4947 εἶναι

312 4984 380 5035 τὰ
420 4979 541 5034 κατ’
587 4975 729 5038 εἶδος
775 4975 1056 5052 γινόμενα.
1089 4975 1190 5038 Τὰς
1244 4974 1335 5030 οὖν
1387 4979 1687 5054 συγκρίσεις
1734 4981 1822 5035 καὶ
1857 4980 1974 5036 δια-

312 5069 526 5141 κρίσεις
575 5069 794 5128 ὲνώσεις
845 5065 933 5120 καὶ
987 5064 1175 5142 φιλίας
1229 5063 1354 5144 ἔφη,
1404 5069 1493 5122 καὶ
1551 5068 1836 5145 ἀσύγχυτα
1886 5072 1976 5126 καὶ

314 5160 643 5237 ἀσύμφυρτα
670 5158 738 5212 τά
783 5153 900 5224 εἴδη
958 5152 1226 5230 διάκρισιν
1282 5155 1554 5229 ὠνόμασε.
1610 5160 1975 5233 [Σημείωσαι,

318 5254 394 5314 ὡς
423 5248 514 5304 καὶ
545 5246 712 5316 αὐτὴν
744 5246 844 5313 τὴν
880 5238 1057 5322 ἔφεσιν
1092 5243 1150 5299 ἐκ
1180 5249 1312 5300 Θεοῦ
1345 5243 1564 5321 ἔχουσιν
1598 5249 1652 5302 αἱ
1691 5250 1976 5325 άγγελικαὶ

320 5339 626 5412 δυνάμεις.]

393 5427 496 5484 Καὶ
541 5426 604 5482 τὸ
654 5424 788 5480 εἶναι
843 5427 1031 5479 ταῦτα.
1081 5425 1145 5481 Ἣ
1193 5428 1301 5480 τῶν
1339 5419 1511 5482 ὄντων
1561 5425 1718 5506 φύσις
1753 5429 1816 5485 τὸ
1848 5430 1976 5486 εἶναι

393 5547 476 5620 (h)
505 5548 642 5617 Cap.
677 5563 716 5615 ι,
739 5543 860 5599 2-4.

2089 4725 2204 4775 tem
2238 4723 2295 4773 et
2324 4715 2751 4787 separationem
2784 4729 3086 4776 conversa,
3107 4717 3300 4782 partes
3323 4708 3618 4765 distinctze
3650 4724 3744 4763 se-

2088 4811 2370 4880 parantur
2390 4806 2442 4859 in
2461 4801 2938 4876 generationibus
2953 4799 3300 4855 animalium
3323 4802 3378 4852 et
3401 4797 3738 4869 plantarum

2087 4915 2153 4953 ac
2179 4905 2519 4952 caeterorum
2573 4909 2586 4947 :
2643 4894 2879 4962 haecque
2933 4889 3237 4944 distinctio
3298 4902 3400 4942 seu
3449 4887 3743 4957 separatio

2087 4985 2300 5056 accipit
2319 4983 2603 5038 divinitus
2626 4981 2897 5034 virtutem
2926 4983 2990 5032 ut
3017 4977 3114 5042 sit,
3143 4982 3200 5032 et
3226 4975 3494 5047 singulas
3519 4973 3746 5044 species

2089 5075 2546 5148 producatErgo
2567 5069 3010 5139 coniunctiones
3025 5073 3079 5121 et
3099 5067 3509 5121 distinctiones
3525 5064 3744 5119 unitio-

2089 5181 2193 5219 nes
2207 5168 2262 5218 et
2281 5163 2571 5218 amicitias
2587 5161 2616 5212 d
2632 5159 2935 5228 ixit,atque
2959 5173 3071 5212 non
3088 5157 3364 5210 contusas
3378 5159 3435 5209 et
3453 5171 3566 5208 non
3585 5171 3747 5208 com-

2088 5254 2298 5308 mistas
2329 5250 2555 5324 species
2574 5248 2982 5303 distinctionem
3015 5243 3352 5300 nominavit.
3387 5243 3560 5312 [Nota
3584 5243 3739 5315 quod

2089 5342 2367 5398 unionem
2400 5340 2589 5410 ipsam
2623 5355 2690 5394 ex
2733 5339 2848 5392 Deo
2899 5337 3118 5392 habent
3150 5334 3394 5389 virtutes
3427 5331 3748 5405 angelica}.

2159 5435 2223 5489 Et
2253 5448 2368 5489 esse
2398 5431 2529 5486 haec.
2566 5433 2788 5483 Natura
2816 5442 3013 5482 rerum
3065 5424 3278 5497 quaerit
3318 5439 3448 5480 esse
3487 5439 3602 5478 non
3639 5419 3745 5476 eli-

1325 5635 1568 5692 VARLE
1607 5637 2007 5697 LECTIONES
2047 5641 2137 5698 ET
2174 5635 2740 5697 COthECTIONES.

398 5727 443 5762 ⁸⁷
476 5727 686 5800 νοεροῖς
697 5744 707 5756 ·
