4108 6384
458 401 565 455 359

1284 392 1653 448 APPENDIX
1689 393 1785 447 AD
1822 389 2064 445 ΟΡΕΒΔ
2102 389 2161 442 Β.
2201 385 2521 444 DIONYBII
2560 386 3062 445 AREOPAGITE.

3758 402 3847 457 360

460 527 669 597 gendo,
702 524 801 580 sed
843 519 1192 577 necessitate
1247 520 1305 574 et
1360 516 1614 572 utilitate
1668 511 2029 570 existentiae:
2063 513 2107 565 el

2231 506 2479 581 ἐπιζητεῖ
2525 511 2587 565 οὗ
2635 517 3057 586 προαιρετικιῖκ,
3105 512 3251 570 ἀλλὰ
3276 519 3355 589 τῷ
3402 517 3671 593 ἀναγκαίῳ
3695 542 3748 578 τε
3771 526 3845 580 καὶ

460 615 568 670 hoc
595 614 777 685 igitur
805 611 950 665 dicit
978 611 1062 665 ita
1088 624 1223 677 esse,
1258 612 1431 678 atque
1458 605 1576 659 vim
1609 604 1738 675 ejus
1769 602 1924 674 quod
1957 617 2116 671 quaa-

458 704 609 758 ritur
637 707 925 773 tanquam
984 696 1383 753 necessarium
1418 710 1549 751 esse
1594 710 1627 748 a
1660 692 1859 747 divina
1889 694 1947 746 et
1977 689 2114 744 infi-

461 792 585 847 nita
614 790 897 847 essentia.

530 971 702 1042 Atque
721 968 1189 1037 directiones,t‘rr.
1224 964 1312 1019 καὶ
1346 959 1744 1035 εὑθημοσύνας.
1796 960 1947 1015 I90
2005 957 2115 1014 E6-

460 1057 776 1132 θημοσύνας
808 1059 951 1114 dicit
981 1057 1303 1129 positiones
1335 1057 1478 1111 bene
1501 1054 1785 1109 habentes
1808 1056 1865 1106 et
1879 1051 2115 1108 ordines

458 1154 615 1205 recte
663 1150 906 1221 positos,
952 1148 1315 1217 decorasque
1367 1145 1739 1215 operationes
1772 1159 1785 1196 :
1820 1139 2116 1212 angelicas

459 1245 657 1295 autem
690 1239 968 1305 unitates,
1010 1235 1421 1308 simplicitates
1469 1232 1751 1303 intelligit
1797 1235 1900 1286 aut
1927 1224 2116 1289 ἐνάδας

456 1333 626 1384 vocat
657 1328 920 1399 ipsorum
955 1325 1350 1381 essentiarum
1401 1322 1847 1394 simplicitatem
1879 1325 1936 1375 et
1983 1335 2115 1373 cor-

451 1417 611 1489 poris
644 1417 1033 1489 privationem
1065 1431 1131 1471 ac
1164 1412 1667 1470 immortalitatem
1695 1428 1708 1479 ;
1743 1414 1885 1465 nota
1916 1412 2113 1463 autem

459 1507 613 1579 quod
646 1506 805 1561 dicat
837 1510 998 1561 astra
1027 1519 1372 1576 perennare.

525 1596 697 1667 Atque
726 1595 946 1651 ordines
975 1593 1371 1649 immutabiles.
1407 1588 1817 1647 Immutabiles
1849 1586 2115 1643 ccelestes

458 1684 753 1740 essentias
774 1682 1036 1755 intellige
1054 1699 1167 1737 non
1193 1681 1345 1753 quod
1382 1685 1607 1735 eterna:
1631 1678 1785 1746 sint;
1820 1676 1930 1748 ipsi
1956 1676 2111 1731 enim

454 1774 784 1831 secundum
838 1772 1202 1845 Scripturam
1251 1769 1691 1825 ministratrorii
1736 1766 1969 1838 spiritus
1997 1764 2110 1835 (i):

2224 599 2493 674 χρησίμῳ
2534 607 2638 671 τῆς
2688 600 2991 677 ὑπάρξεως·
3024 601 3115 657 καὶ
3168 608 3324 660 τοῦτο
3370 604 3461 662 οὖν
3515 629 3641 687 φησι
3684 612 3743 666 τὸ
3771 613 3844 669 οὔ·

2222 709 2333 749 τως
2392 689 2549 758 εἶναι,
2608 690 2699 745 καὶ
2748 691 2848 760 τήν
2902 688 3129 765 δύναμιν
3187 697 3285 748 τοῦ
3342 694 3739 772 ἐπιζητεῖσθαι,
3785 704 3848 766 ὡς

2222 775 2512 853 ἀναγκαῖον
2545 780 2607 832 τὸ
2640 780 2773 834 εἶναι
2805 781 2952 855 παρὰ
2998 787 3102 850 τῆς
3134 781 3279 845 θείας
3308 784 3398 839 καὶ
3445 784 3849 864 ἀπειροδυνάμου

2224 866 2432 930 οὐσίας.

2298 958 2400 1013 Καὶ
2477 957 2875 1031 εὖθημοσύνας.
2955 959 3346 1034 Εύθημοσύνας
3433 965 3565 1039 φησὶ
3641 968 3732 1032 τὰς
3803 969 3850 1025 εὖ

2225 1046 2460 1122 ἐχούσας
2510 1049 2682 1110 θέσεις
2738 1050 2829 1102 καὶ
2875 1048 3051 1122 τάξεις
3110 1049 3359 1114 εὐθέτους
3413 1052 3504 1107 καὶ
3560 1053 3850 1131 εύσχήμους

2226 1131 2623 1210 δημιουργίας·
2671 1136 2975 1213 ἀγγελικῶν
3028 1135 3085 1193 δὲ
3133 1135 3334 1193 ἓνάδων
3387 1144 3497 1195 τῶν
3553 1141 3850 1215 ἄπλοτήτων

2225 1223 2411 1301 φησίν·
2447 1223 2482 1293 ἢ
2517 1222 2702 1286 ὲνάδας
2745 1224 2905 1281 καλεῖ
2949 1226 3044 1289 τὰς
3088 1231 3200 1283 τῶν
3249 1227 3448 1283 οὐσιῶν
3497 1229 3667 1287 αὐτῶν
3698 1233 3850 1290 ἀπλό-

2220 1333 2409 1383 τητας,
2441 1312 2532 1368 καὶ
2569 1315 2884 1388 ἀσωματίας
2915 1315 3005 1370 καὶ
3050 1315 3263 1381 ἀϋλίας.
3302 1320 3619 1392 Σημείωσαι
3672 1320 3744 1397 δὲ,
3781 1324 3849 1380 ὅτι

2222 1403 2350 1465 τοὺς
2379 1402 2607 1477 ἀστέρας
2632 1401 2956 1475 διαιωνίζειν
2990 1404 3159 1481 λέγει.

2294 1581 2394 1638 Καὶ
2436 1584 2614 1656 τάξεις
2663 1583 3092 1648 ἀναλλοιώτους.
3149 1584 3595 1652 Ἀναλλοιώτους
3639 1590 3728 1654 τάς
3778 1594 3850 1649 ού-

2224 1673 2405 1744 ρανίας
2453 1672 2659 1742 οὐσίας,
2718 1674 2793 1745 μή
2833 1676 2972 1730 κατὰ
3012 1674 3077 1729 τὸ
3123 1673 3318 1739 ἆϊδίως
3368 1677 3501 1732 εἶναι
3550 1683 3747 1752 νοησης
3783 1685 3840 1741 ⁸³,

2224 1761 2377 1817 αὐτοὶ
2425 1763 2530 1838 γὰρ
2583 1763 2718 1817 κατὰ
2766 1765 2829 1818 τὸ
2884 1765 3256 1840 γεγραμμένον
3313 1764 3661 1845 λειτουργικὰ
3713 1773 3850 1826 πνεύ-

453 1864 553 1919 sed
580 1861 1127 1918 immutabilitatem
1153 1859 1419 1928 intellige
1459 1858 1614 1913 circa
1634 1855 1962 1911 custodiam
1994 1857 2107 1909 ter-

2231 1854 2368 1926 ματά
2410 1850 2564 1907 εθσιν·
2621 1851 2767 1908 ἀλλᾶ
2814 1853 2936 1929 περί
2984 1856 3083 1925 τὴν
3123 1855 3394 1941 ,φυλακὴν
3441 1861 3549 1912 τῶν
3608 1858 3658 1930 ἐξ
3698 1860 3850 1936 ἀρχῆς

455 1950 755 2007 minorum
790 1949 938 2022 ipsis
969 1967 1003 2006 θ.
1032 1949 1148 2004 Deo
1182 1948 1240 2003 in
1288 1946 1579 2019 principio
1627 1944 2107 2001 constitutorum.

453 2040 902 2112 Progressiones
919 2042 1117 2093 autem
1147 2036 1430 2107 temporis
1461 2036 1637 2105 hujus
1660 2032 2109 2105 longitudinem,

454 2134 514 2185 et
545 2132 771 2184 motum
804 2126 1141 2183 ulteriorem
1175 2126 1335 2193 dicit;
1388 2123 1829 2180 distinctionem
1869 2137 2006 2176 vero
2038 2119 2113 2174 si-

456 2217 892 2288 gnificationem
926 2221 1281 2287 temporum,
1298 2231 1399 2270 seu
1422 2217 1835 2284 tempestatum
1861 2227 1988 2282 quae
2012 2225 2112 2281 per

454 2307 923 2363 vicissitudinem
949 2307 1228 2361 rursusin
1245 2306 1449 2361 eodem
1476 2309 1689 2376 puncto
1706 2300 2106 2357 constituitur:

455 2396 588 2451 ideo
611 2396 785 2451 etiam
815 2402 1041 2451 motum
1070 2395 1354 2466 temporis
1397 2393 1629 2448 vocavit
1659 2387 1949 2461 συνελίξεις
1974 2406 2108 2444 con-

452 2486 789 2553 solationes;
824 2490 927 2540 aut
976 2483 1416 2556 progressiones
1451 2480 1734 2553 temporis
1764 2479 1906 2534 dicit
1933 2494 2108 2533 eran-

454 2575 602 2631 tium
648 2573 909 2631 siderum
942 2573 1252 2643 motiones,
1285 2589 1413 2643 quas
1444 2571 1503 2626 in
1537 2570 1790 2642 quodam
1825 2567 2109 2639 temporis

453 2679 702 2719 numero
736 2680 838 2735 per
866 2662 1175 2719 duodecim
1229 2664 1519 2717 dictarum
1564 2661 1875 2714 domorum
1918 2656 2111 2729 spatia

453 2753 676 2809 sensim
723 2757 1051 2808 moventur.
1089 2757 1259 2807 Porro
1308 2747 1768 2808 ἀποκαταστάσεις
1817 2751 1988 2803 vocat
2034 2746 2107 2800 ab

449 2842 650 2915 aliquo
684 2847 901 2914 puncto
934 2843 992 2896 in
1018 2842 1174 2896 idem
1220 2846 1503 2911 punctum
1537 2853 1811 2894 recursus
1862 2853 1875 2891 :
1928 2834 2107 2890 veluti

448 2931 533 2987 sol
570 2947 670 3003 per
694 2947 917 2987 annum
936 2930 1144 2987 circuit
1169 2929 1478 2986 duodecim
1503 2929 1717 2985 domus
1739 2927 1811 2981 ab
1833 2925 2013 2980 ariete
2038 2926 2107 2979 ad

451 3021 691 3075 arietem
724 3020 1094 3091 perveniens;
1128 3018 1269 3074 luna
1302 3034 1404 3090 per
1425 3033 1715 3083 mensem,
1751 3018 1809 3069 et
1839 3014 1919 3070 ita
1950 3017 2110 3069 caste-

450 3109 499 3163 ri
534 3108 818 3181 quinque;
840 3115 1111 3181 tempora
1140 3108 1298 3165 enim
1331 3124 1402 3163 ex
1430 3107 1524 3163 his
1556 3110 2000 3161 mensurantur.

524 3208 590 3263 Et
614 3209 758 3263 vires
787 3207 953 3278 ignis.
987 3206 1221 3262 Scilicet
1269 3206 1529 3261 mtherei.
1573 3204 1860 3275 Loquitur
1906 3206 2106 3259 autem

453 3297 525 3352 de
547 3301 806 3368 quatuor
824 3296 1337 3368 elementis,atque
1356 3300 1573 3350 terram
1594 3311 1627 3349 a
1647 3292 1809 3348 nullo
1832 3292 2065 3347 fundari
2092 3308 2105 3348 :

451 3385 758 3459 Scriptura
786 3403 922 3442 vero
949 3386 1129 3441 dicit:
1157 3385 1348 3457 Super
1364 3400 1548 3456 aquas
1583 3382 1843 3438 fundasti
1874 3382 1963 3454 (j).

524 3565 874 3621 Essentiales.
909 3563 1201 3619 Fortassis
1240 3562 1584 3619 essentialia
1613 3563 1893 3618 dicuntur
1928 3563 2105 3618 etiam

450 3653 653 3709 omnia
673 3653 882 3709 animas
915 3670 981 3708 ac
1013 3667 1226 3709 sensus
1269 3652 1549 3725 expertia,
1584 3667 1712 3723 quas
1767 3651 1993 3707 scilicet
2034 3652 2108 3707 ab

448 3758 566 3797 esse
595 3742 677 3797 ita
707 3746 973 3797 vocatur.

522 3834 590 3887 Et
613 3834 788 3903 ipsam
808 3830 1233 3901 deiﬁcalionem,
1266 3831 1363 3886 Gr.
1398 3830 1615 3886 θέωσιν.
1649 3830 1800 3886 Justi
1831 3833 1888 3885 et
1919 3830 2107 3897 angeli

450 3919 1397 3986 emciunturdii,secundumillud
1427 3936 1439 3973 :
1464 3921 1575 3989 Ego
1607 3915 2105 3986 dixiDiiestis(k).
2164 3990 2172 3997 ‘

522 4008 757 4064 Omnino
786 4008 926 4063 situs
955 4008 1054 4064 Gr.
1090 4005 1251 4068 θὲσις.
1278 4005 1430 4061 Θέσιν
1455 4012 1621 4062 vocat
1654 4005 2099 4077 productionem

451 4098 520 4151 ad
544 4096 938 4164 existendum,
973 4114 1038 4152 ac
1070 4097 1118 4152 si
1151 4099 1403 4152 diceret:
1431 4099 1592 4163 Quod
1647 4113 1760 4150 non
1797 4095 2110 4167 participat

447 4186 724 4241 virtutem
760 4202 950 4257 neque
980 4185 1134 4241 inter
1156 4191 1460 4241 creaturas
1490 4189 1598 4240 est.

519 4284 670 4353 §Vl~
705 4284 871 4356 Atqui
915 4283 1003 4339 ait
1032 4285 1255 4356 Elymas
1306 4299 1517 4353 magus.
1581 4284 1722 4338 Hinc
1780 4282 2110 4338 ostenditur

449 4373 629 4443 hujus
662 4374 852 4431 sancti
883 4373 987 4428 viri
1022 4373 1388 4445 antiquitas;
1433 4372 1594 4427 novit
1615 4371 1769 4426 enim
1806 4387 1933 4442 quae
1965 4371 2111 4426 dixit

447 4463 683 4536 Elymas
714 4480 948 4535 magus,
978 4461 1081 4535 qui
1112 4462 1289 4519 etiam
1325 4461 1555 4518 obstitit
1587 4464 1790 4515 sancto
1840 4460 2018 4516 Paulo
2048 4462 2107 4516 in

449 4553 655 4625 Cypro,
678 4554 852 4622 cujus
885 4556 1029 4608 Acta
1043 4557 1383 4607 sanctorum
1405 4549 1804 4621 apostolorum
1832 4551 2111 4606 memine-

2221 1941 2409 2005 αὐταῖς
2462 1942 2566 1996 ὑπὸ
2616 1946 2750 1997 Θεοῦ
2796 1945 3137 2017 τεταγμένων
3181 1942 3323 2019 ὅρων
3388 1947 3451 2002 τὸ
3502 1945 3846 2005 ἀναλλοίωτον

2218 2032 2439 2101 νόησον.
2473 2029 2751 2104 Προόδους
2783 2028 2841 2087 δὲ
2868 2037 2966 2087 τοῦ
2996 2029 3204 2109 χρόνου
3233 2035 3297 2089 τὸ
3333 2039 3514 2108 μῆκος
3548 2038 3751 2111 τούτου,
3773 2040 3847 2094 καὶ

2217 2121 2320 2189 τὴν
2371 2119 2461 2174 ἐπὶ
2508 2121 2573 2175 τὸ
2629 2141 2824 2195 προσω
2882 2124 3054 2199 φορὰν
3107 2121 3277 2197 λέγει·
3344 2121 3610 2200 διάκρισιν
3656 2124 3726 2196 δὲ,
3761 2128 3842 2196 τὴν

2221 2206 2311 2264 διὰ
2350 2216 2451 2279 τῆς
2502 2207 2813 2285 ἐναλλαγῆς
2860 2215 2967 2265 τῶν
3011 2215 3214 2285 καιρῶν
3266 2210 3397 2282 ἤτοι
3438 2215 3597 2290 ὡρῶν
3645 2216 3851 2289 σημείω-

2221 2319 2302 2353 σιν
2349 2299 2485 2373 πρὸς
2534 2300 2601 2353 τὰ
2649 2299 2786 2354 αὐτὰ
2842 2298 3011 2355 πάλιν
3066 2300 3598 2376 ἀποκαθισταμένην·
3645 2301 3723 2359 διὸ
3770 2305 3845 2360 καὶ

2219 2386 2512 2458 συνελίξεις
2564 2386 2788 2444 ἐκάλεσε
2830 2393 2930 2444 τοῦ
2979 2389 3185 2467 χρόνου
3229 2392 3331 2461 τὴν
3396 2391 3624 2462 κίνησιν·
3666 2395 3699 2464 ἢ
3740 2414 3855 2469 προ-

2221 2475 2381 2540 όδους
2410 2479 2671 2553 χρονικάς
2724 2499 2856 2556 φησι
2912 2480 3005 2541 τὰς
3052 2484 3165 2534 τῶν
3212 2478 3517 2551 πλανήτων
3550 2479 3743 2559 ἄστρων
3771 2504 3842 2537 κι-

2216 2569 2423 2638 νήσεις,
2475 2565 2564 2621 ἐπί
2616 2588 2739 2622 τινα
2785 2568 3016 2643 ἀριθμὸν
3067 2570 3275 2644 χρόνου
3311 2567 3643 2646 διερπούσας
3686 2574 3746 2627 τὰ
3808 2567 3849 2625 ιϐ

2217 2661 2325 2711 τῶν
2385 2653 2696 2731 λεγομένων
2756 2656 2922 2713 θ’ίκων
2984 2655 3329 2732 διαστήματα
3357 2679 3370 2694 ·
3428 2661 3841 2724 ἀποκαταστάσεις

2220 2742 2278 2801 δὲ
2306 2745 2401 2809 τὰς
2448 2745 2554 2800 ἀπὸ
2601 2747 2835 2819 σημείου
2878 2748 3027 2809 τινὸς
3058 2746 3147 2801 ὶπὶ
3197 2749 3261 2803 τὸ
3312 2747 3453 2805 αὐτὸ
3496 2756 3713 2823 σημεῖον
3740 2750 3842 2804 ἔπα-

2217 2831 2512 2909 ναδρομάς·
2543 2836 2655 2890 οἷον
2679 2837 2707 2890 ὁ
2738 2835 2902 2905 ἥλιος
2931 2833 3001 2891 δι’
3034 2836 3278 2892 ἐνιαυτοῦ
3309 2839 3615 2916 περιπολεῖ
3652 2839 3763 2903 τοὺς
3787 2835 3843 2894 ιϐ’

2220 2922 2403 2988 σ’ίκους
2432 2925 2540 2979 ἀπὸ
2586 2929 2685 2980 τοῦ
2736 2923 3038 3001 λεγομένου
3068 2930 3226 3001 κριοῦ
3273 2926 3369 2983 ἐπὶ
3407 2930 3498 2984 τὸν
3545 2929 3697 2985 αὐτὸν
3721 2930 3833 3003 κριὸν

2220 3010 2605 3087 διερχόμενος,
2640 3016 2674 3083 ἠ
2708 3013 2913 3084 σελήνη
2962 3012 3050 3070 διὰ
3107 3016 3301 3089 μηνὸς,
3355 3017 3445 3073 καὶ
3494 3019 3546 3073 οἱ
3576 3019 3692 3090 ἑξῆς
3718 3024 3747 3073 ε’
3768 3015 3835 3072 οὕ-

2216 3123 2295 3157 τω
2312 3122 2354 3164 ς·
2386 3101 2448 3157 ix
2475 3103 2579 3177 γὰρ
2611 3102 2817 3158 τούτων
2853 3105 2905 3158 οἱ
2935 3104 3131 3180 χρόνοι
3167 3111 3517 3181 μετροῦνται.

2294 3200 2393 3255 Καὶ
2445 3201 2541 3262 τὰς
2600 3205 2698 3255 τοῦ
2755 3200 2927 3277 πυρὰς
2983 3199 3264 3276 δυνάμεις.
3326 3207 3440 3263 Τοῦ
3496 3206 3720 3282 αἰθερίου
3769 3202 3841 3273 δη-

2223 3288 2432 3346 λονότι.
2478 3290 2623 3360 Φησὶ
2669 3288 2726 3345 δὲ
2769 3291 2892 3367 περὶ
2942 3296 3050 3347 τῶν
3103 3293 3383 3370 τεσσάρων
3436 3296 3728 3372 ςτοιχείων,
3770 3292 3841 3349 καὶ

2220 3381 2303 3435 ὅτι
2335 3382 2369 3449 ἠ
2402 3386 2474 3455 γῆ
2508 3379 2589 3434 ἐπ’
2625 3377 2847 3443 οὐδενὸς
2877 3381 3303 3454 τεθεμελίωται·’
3327 3387 3362 3455 ἡ
3395 3382 3453 3440 δὲ
3483 3386 3662 3464 Γραφή
3692 3404 3845 3462 φησιν,

2218 3470 2341 3526 Ἐπί
2378 3466 2589 3524 ὑδάτων
2617 3468 3007 3543 ίθεμελίωσας.

2288 3559 2397 3620 Τὰς
2430 3556 2734 3621 ούσιώδεις.
2760 3560 2916 3621 Ἰσως
2938 3557 3179 3632 ούσιώδη
3213 3558 3468 3637 λέγονται
3499 3563 3586 3619 καὶ
3611 3564 3673 3619 τὰ
3702 3562 3847 3617 πάντα

2218 3645 2407 3722 ἄψυχα
2436 3647 2526 3702 καὶ
2568 3647 2888 3719 ἀναίσθητα,
2936 3646 3198 3721 δηλονότι
3253 3651 3365 3707 ἀπὸ
3403 3656 3501 3708 τοῦ
3554 3654 3678 3708 εἶναι
3729 3650 3847 3706 οὕτω

2220 3734 2516 3811 λεγόμενα.

2291 3824 2396 3881 Καὶ
2428 3826 2527 3894 τὴν
2575 3825 2788 3883 θέωσιν.
2821 3828 3172 3884 Ἐκθεοῦνται
3220 3830 3272 3884 οἳ
3323 3827 3523 3886 δίκαιοι
3570 3830 3655 3885 καὶ
3684 3830 3728 3883 οἱ
3772 3827 3845 3901 ἄγ-

2216 3911 2399 3989 γελοι,
2432 3916 2569 3969 κατᾶ
2595 3916 2679 3970 τό·
2717 3915 2861 3992 Ἐγὼ
2898 3918 3042 3972 εἶπα·
3080 3917 3205 3973 Θεοί
3233 3917 3372 3975 ἐστε.
3460 3978 3479 3989 η,

2291 4012 2582 4076 ΙῘαντελῶς
2641 4013 2784 4077 θέσις
2818 4033 2831 4047 ’
2890 4017 3045 4070 Θέσιν
3114 4014 3279 4072 καλεῖ
3335 4021 3437 4088 τὴν
3496 4018 3569 4080 εἷς
3622 4016 3683 4072 τὸ
3734 4015 3842 4070 εἶναι

2217 4103 2578 4177 παραγωγὴν,
2611 4102 2729 4157 ἀντὶ
2757 4107 2875 4173 τοῦ,
2909 4105 2976 4163 ⁴Ο
3023 4105 3100 4177 μὴ
3156 4104 3382 4181 μετέχει
3414 4104 3709 4180 δυνάμεως,
3738 4098 3841 4157 οὐδὲ

2218 4190 2270 4245 ἐν
2304 4188 2370 4261 δη
2384 4193 2647 4267 μιουργίᾳ
2678 4191 2808 4249 ἐστί.

2290 4286 2317 4351 §
2381 4282 2473 4336 Vl.
2534 4280 2719 4336 Καίτοι
2782 4282 2945 4360 φησὶν
3003 4282 3251 4357 Ἐλύμας
3310 4286 3341 4340 ὁ
3404 4286 3607 4361 μάγος.
3664 4280 3844 4337 Δείκνυ-

2215 4390 2306 4424 ται
2355 4368 2593 4434 ἐντεῦθεν
2634 4374 2732 4425 τοῦ
2781 4371 2937 4448 ἀγίου
2986 4371 3183 4427 τούτου
3235 4371 3436 4451 ἀνδρὸς
3467 4376 3501 4445 ἡ
3556 4370 3839 4447 ἀρχαιότης·

2223 4460 2255 4514 ἃ
2304 4460 2404 4535 γὰρ
2464 4460 2608 4516 εἶπεν
2657 4459 2900 4535 Ἐλύμας
2958 4464 2987 4518 ὁ
3044 4463 3239 4538 μάγος,
3288 4464 3349 4528 ὃς
3405 4465 3496 4520 καὶ
3549 4462 3753 4529 ἀντέστη
3778 4459 3841 4526 τῷ

2220 4549 2359 4625 ἁγίῳ
2415 4548 2617 4623 Παύλῳ
2677 4549 2730 4605 ἐν
2790 4552 3016 4625 Κύπρῳ,
3076 4551 3366 4628 γινώσκει·
3430 4554 3492 4609 οὗ
3544 4553 3597 4608 αἱ
3650 4548 3841 4625 Πράξεις

448 4643 693 4713 runt(l).
719 4641 935 4697 Multos
957 4646 1153 4697 tamen
1182 4641 1393 4712 Elymas
1415 4639 1641 4695 similes
1665 4639 1843 4695 habet
1873 4639 2103 4708 Arabia,

2231 4642 2322 4692 τῶν
2384 4637 2552 4715 ἁγίων
2605 4639 2929 4696 ἀποστόλων
2984 4641 3317 4715 μέμνηνται.
3378 4645 3571 4716 ’Όμως
3624 4634 3840 4694 πολλοὺς

451 4731 553 4803 qui
579 4731 1080 4786 dicuntadversus
1100 4748 1205 4785 nos
1224 4734 1556 4785 asserentes
1578 4728 1780 4783 Jesum
1806 4729 2104 4784 Christum

455 4819 912 4876 DeumVerbum
928 4836 1104 4875 carne
1130 4832 1232 4891 pro
1247 4817 1416 4874 nobis
1441 4834 1678 4886 passum
1701 4818 1799 4872 sed
1826 4835 1937 4872 non
1959 4817 2107 4873 divi-

452 4909 720 4965 nitate:Si
742 4925 855 4964 non
878 4908 1193 4963 admittitis
1217 4907 1413 4978 ipsum
1440 4906 1742 4961 divinitate
1763 4923 2004 4977 passum
2022 4908 2103 4963 uti

459 4998 866 5064 voluit,facitis
895 4997 1077 5052 Deum
1104 4997 1512 5067 impotentem,
1536 4994 1794 5050 dicentes
1821 5013 1953 5051 eum
1988 5014 2103 5052 non

451 5104 622 5159 posse
654 5087 701 5141 si
737 5086 1011 5155 voluerit;
1049 5087 1334 5141 adversus
1365 5101 1517 5156 quos
1547 5084 1885 5151 dicendum,
1918 5086 2127 5157 Deum.

452 5176 561 5230 hoc
575 5175 999 5240 noluissc,cum
1022 5178 1059 5229 ‘I
1075 5176 1171 5230 97
1191 5174 1432 5229 haberet
1452 5173 1508 5228 in
1526 5189 1639 5245 quo
1658 5178 2108 5244 pateretur,este

449 5269 654 5321 contra
684 5263 1351 5329 naturam,divinitatem
1378 5263 1653 5335 pati,quis
1668 5267 1878 5319 natura
1894 5280 2003 5321 sua
2018 5271 2108 5321 est

2218 4727 2448 4798 ὁμοίους
2506 4732 2585 4801 τῷ
2641 4726 2857 4802 Ἐλύμᾳ
2910 4730 2944 4799 ἡ
3000 4724 3229 4805 Ἀραϐία
3282 4729 3423 4807 ἔχει,
3474 4731 3529 4785 οἳ
3580 4748 3697 4807 φασι
3726 4722 3838 4798 πρὸς

2216 4817 2365 4889 ἡμᾶς
2400 4817 2680 4894 λέγοντας,
2711 4819 2923 4888 Ἰησοῦν
2958 4820 3188 4894 Χριστὸν
3221 4820 3312 4876 τὸν
3347 4821 3475 4876 Θεὸν
3509 4818 3669 4895 Λόγον
3707 4807 3837 4887 σαρκῖ

2215 4907 2403 4961 παθεῖν
2461 4907 2592 4982 ὑπὲρ
2639 4908 2826 4980 ἡμῶν,
2875 4905 3021 4962 ἀλλὰ
3075 4909 3152 4981 μὴ
3187 4908 3418 4980 θεότητα
3467 4911 3533 4976 ⁸³,
3565 4901 3744 4962 ὅτι.Εἷ
3774 4898 3835 4971 μή

2219 4991 2444 5071 δέχεσθε
2476 4996 2638 5052 αὐτὸν
2672 4994 2889 5061 θεότητι
2922 5003 3111 5061 παθεῖν
3146 4998 3222 5062 ὡς
3262 4997 3555 5069 ἠθέλησεν,
3596 4991 3835 5062 ἁδύναμον

2216 5090 2425 5140 ποιεῖτε
2478 5086 2571 5140 τὸν
2642 5087 2795 5149 Θεὸν,
2858 5088 3150 5164 φάσκοντες
3205 5089 3281 5161 μὴ
3354 5085 3599 5143 δύνασθαι
3653 5079 3837 5147 θεότητι

2215 5177 2405 5229 παθεῖν
2463 5175 2509 5230 εἰ
2572 5173 2775 5239 ἑθὲλοι·
2837 5176 2976 5252 πρὸς
3037 5176 3130 5241 οὓς
3183 5175 3425 5247 λεκτέον,
3470 5175 3551 5231 ὅτι
3602 5171 3719 5228 αὐτὸ
3758 5164 3838 5220 οὐκ

2215 5260 2509 5335 ἠϐουλήθη
2538 5265 2567 5319 ὁ
2621 5265 2777 5333 Θεὸς,
2808 5263 2953 5341 ἔχων
2997 5265 3074 5328 εἷς
3120 5265 3175 5321 τί
3216 5268 3404 5336 πάθοι,
3451 5265 3513 5321 τὸ
3543 5261 3681 5336 παρᾶ
3705 5272 3835 5331 φυσιν

519 5442 586 5515 (i)
618 5440 790 5498 Hebr.
822 5457 861 5511 ι,
892 5442 977 5499 14.
1055 5443 1123 5517 (j)
1154 5441 1305 5502 Psal.
1337 5460 1502 5515 mn,
1533 5445 1590 5503 2.
1666 5445 1746 5518 (k)
1775 5444 1929 5503 Psal.
1976 5462 2107 5501 cxx:

2231 5452 2254 5502 ι.
2334 5446 2399 5518 (ι)
2432 5448 2562 5505 Act.
2592 5464 2721 5516 xm,
2753 5447 2808 5502 8.

1458 5617 1701 5673 VARI/13
1742 5614 2135 5675 LECTIONES
2175 5616 2266 5673 ET
2302 5616 2869 5676 CORREGTIONES.

521 5708 565 5743 ⁸⁸
593 5705 854 5779 νομίσης.
928 5713 975 5748 ⁵⁸
1001 5716 1070 5786 τῇ
1106 5712 1341 5783 θεότητι.
