4108 6376
275 397 393 454 361

1044 405 1102 461 Β.
1143 403 1411 459 MAXIMI
1453 398 1764 460 SCHOLIA
1802 399 1877 453 IN
1914 395 2050 452 LIB.
2091 398 2189 452 DE
2225 400 2499 456 DIVINIS
2535 401 2951 458 NOMINIBUS.

3612 398 3718 455 362

276 521 562 595 γενέσθαι,
603 522 693 580 ’ἱνα
738 527 774 595 ἡ
819 525 1012 598 θεότης
1062 529 1226 590 πάθοι
1272 529 1307 596 ἡ
1358 527 1495 582 κατὰ
1537 545 1693 602 φυσιν
1723 522 1936 592 ἂπαθής

2070 521 2481 594 impassibilis.
2515 524 2662 581 Vide
2713 525 3007 597 quomodo
3055 525 3412 581 sententiam
3459 524 3722 598 Apostoli

277 616 431 687 Ὅρα
479 620 598 678 πῶς
648 617 936 691 έρμηνεύει
979 619 1042 672 τὸ
1093 616 1460 673 ἀποστολικὸν
1512 617 1698 693 ῥητὸν,
1747 613 1820 668 Οὐ
1866 611 1958 667 δύ-

275 724 443 758 ναται
478 706 507 760 6
539 705 672 769 Θεὸς
704 707 891 761 ἑαυτὸν
920 708 1274 781 ἀρνήσασθαι.

358 795 428 850 Ἦ
487 795 588 869 γὰρ
650 795 844 850 ἑαυτοῦ
902 797 1144 871 ἄρνησις.
1204 798 1378 871 Ὅπερ
1421 793 1580 874 ἔφην,
1635 792 1876 866 Ἐλύμας
1927 792 1954 845 6

282 882 467 957 μάγος
510 885 734 958 σκώψας
775 887 868 941 τὸν
916 886 1058 940 θεῖον
1108 884 1320 940 Παῦλον
1372 884 1614 952 εἷ’πόντα,
1663 886 1741 958 μή
1798 880 1956 936 δύνα-

278 973 410 1026 σθαι
444 972 781 1045 ἀρνήσασθαι
813 974 998 1030 ἑαυτὸν
1046 975 1135 1028 τὸν
1187 974 1340 1042 Θεὸν,
1371 975 1461 1029 καὶ
1508 975 1570 1028 τό
1601 995 1662 1050 γε
1692 972 1779 1028 έπὶ
1813 970 1955 1028 Παύ-

279 1059 372 1132 λῳ
407 1058 671 1117 ἀδύνατον
702 1059 1008 1127 δείκνυσθαι
1039 1064 1131 1118 τὸν
1175 1064 1324 1132 Θεὸν,
1359 1061 1652 1136 δυνάμενον
1690 1062 1722 1116 ἃ
1755 1061 1952 1135 βούλε-

272 1171 396 1222 ται,
428 1151 704 1206 τουτέστιν
757 1151 1092 1227 ἀρνήσασθαι
1126 1153 1337 1225 ἑαυτὸν,
1379 1151 1802 1230 φιλοσοφώτατα
1833 1150 1950 1206 λύει

274 1241 305 1294 6
344 1240 519 1314 μέγας
541 1239 1001 1312 Διονύσιος.Φησὶ
1031 1240 1242 1316 γὰρ,8τι
1277 1243 1304 1296 6
1336 1243 1465 1302 Θεὸς
1497 1239 1726 1311 ἀλήθειά
1743 1238 1948 1310 ἐστινὴ

275 1326 337 1382 δὲ
371 1326 610 1398 ἀλήθεια
639 1327 698 1383 ὃν
732 1329 862 1383 ἐστι’
892 1331 954 1384 τὸ
987 1327 1044 1384 δὲ
1073 1327 1290 1404 ψεῦδος,
1315 1330 1388 1392 ὡς
1410 1329 1797 1397 ἀνυπόστατον,
1828 1327 1951 1383 οὐδὲ

275 1413 338 1471 ὅν
375 1415 542 1471 ἐστιν’
577 1415 665 1472 ἐὰν
699 1418 791 1473 οὖν
826 1419 1129 1494 ἀρνήσηται
1163 1420 1349 1474 ἑαυτὸν
1382 1420 1410 1473 6
1442 1420 1647 1488 Θεὸς,ἠ
1695 1417 1948 1488 ἀλήθεια,

274 1507 627 1579 ψευσαμένη,
684 1509 760 1579 μὴ
808 1507 866 1562 ’ὸν
911 1508 1153 1582 γίνεται·
1200 1507 1290 1562 καὶ
1337 1513 1454 1569 πῶς
1506 1508 1621 1562 οἷόν
1675 1529 1733 1562 τε
1786 1512 1947 1562 τοῦτο

274 1589 566 1666 συμϐῆναι
616 1614 629 1664 ;
679 1596 742 1650 τὸ
788 1597 878 1671 οὗν
945 1597 1021 1669 μὴ
1082 1593 1358 1665 δύνασθαι,
1416 1595 1504 1650 ἐπὶ
1563 1593 1696 1650 Θεοῦ
1752 1595 1946 1650 ταττό-

274 1704 472 1756 μενον,
524 1684 732 1757 ἀφάτου
782 1681 1063 1758 δυνάμεώς
1115 1684 1225 1740 ἐστι
1272 1689 1524 1758 σημεῖον.
1571 1687 1806 1756 ⁴¹Ομοιον
1841 1686 1944 1759 γάρ

273 1772 426 1827 ἐστιν
457 1772 655 1844 εἰπεῖν,
707 1772 790 1828 ὅτι
847 1771 1126 1829 δύναταιὸ
1179 1775 1308 1837 Θεὸς
1358 1775 1540 1829 ἑαυτὸν
1587 1781 1814 1844 ποιῆσαι
1867 1775 1942 1847 μὴ

2066 618 2340 684 exponat,
2370 615 2494 670 Non
2524 618 2694 686 potest
2726 619 2874 671 Deus
2899 614 3141 686 seipsum
3171 630 3377 686 negare
3405 616 3525 687 (τη).

2136 792 2422 864 Siquidem
2451 795 2545 848 sui
2585 795 2766 863 ipsius
2812 794 2965 850 enim
3010 795 3248 862 negatio.
3275 793 3435 857 Quod
3487 793 3720 851 dicebat

2066 881 2296 954 Elymas
2320 899 2526 954 magus
2546 884 2820 939 deridcns
2844 889 3115 939 sanctum
3136 883 3381 939 Paulum
3405 884 3715 954 dicentem,

2065 976 2244 1026 Deum
2289 989 2400 1027 non
2452 989 2625 1043 posse
2675 989 2886 1044 negare
2918 974 3205 1044 seipsum,
3238 990 3304 1028 ac
3352 972 3720 1045 impossibile

2063 1061 2371 1116 ostendere
2403 1062 2458 1116 in
2496 1061 2673 1117 Paulo
2696 1063 2879 1117 Deum
2903 1079 3074 1133 posse
3101 1079 3226 1133 quae
3259 1063 3404 1132 vult,
3424 1062 3481 1117 id
3505 1066 3595 1118 est
3625 1079 3720 1118 se~

2062 1150 2254 1222 ipsum
2290 1167 2519 1220 negare,
2549 1167 2803 1222 magnus
2826 1151 3141 1224 Dionysius
3175 1151 3430 1207 maxime
3462 1151 3721 1223 philoso-

2061 1239 2229 1312 phice
2251 1256 2352 1296 seu
2377 1245 2582 1312 argute
2605 1240 2791 1296 solvit.
2812 1241 2964 1297 Dicit
2980 1242 3134 1296 enim
3157 1242 3342 1296 Deum
3363 1257 3491 1298 esse
3513 1243 3722 1297 verita-

2061 1335 2176 1386 tem
2198 1330 2525 1385 :veritatem
2551 1337 2745 1386 autem
2771 1347 2898 1386 esse
2920 1347 3059 1386 ens:
3087 1331 3402 1387 falsitatem
3426 1347 3561 1386 vero
3583 1348 3718 1388 cum

2060 1437 2175 1475 non
2197 1420 2506 1487 subsistat,
2526 1420 2770 1475 minime
2793 1421 2967 1476 etiam
2991 1437 3120 1476 esse
3137 1437 3240 1476 ens
3258 1438 3270 1476 :
3288 1420 3336 1476 si
3360 1419 3543 1493 igitur
3559 1421 3714 1478 Deus

2057 1509 2320 1580 seipsum
2348 1510 2896 1582 negaverit,veritas
2922 1509 3022 1564 ubi
3053 1509 3344 1577 fefellerit,
3367 1526 3482 1564 non
3506 1526 3612 1565 ens
3631 1511 3714 1564 ef-

2057 1598 2272 1664 ﬁcitur,
2296 1607 2348 1653 el
2380 1599 2674 1670 quomodo
2717 1599 2954 1671 signum
3000 1600 3156 1654 istud
3190 1599 3454 1654 accidere
3485 1597 3714 1671 possit?

2055 1702 2192 1757 ergo
2212 1701 2323 1741 non
2340 1702 2497 1757 posse
2514 1685 2572 1740 in
2597 1687 2713 1742 Deo
2736 1687 3124 1744 constitutum
3152 1687 3388 1758 signum
3409 1691 3498 1741 est
3518 1685 3716 1742 inﬁni-

2055 1779 2124 1830 tae
2145 1775 2398 1831 virtutis.
2421 1775 2625 1831 Simile
2655 1777 2812 1830 enim
2847 1781 3004 1832 esset
3032 1792 3098 1832 ac
3130 1777 3179 1831 si
3210 1777 3504 1831 diceretur
3523 1775 3711 1831 Deum

273 1861 417 1916 εἶναι
449 1862 606 1930 Θεὸν,
641 1860 788 1916 ἀλλά
820 1866 1076 1938 χωρῆσαι
1107 1863 1183 1925 εἷς
1230 1863 1578 1939 ἀνυπαρξίαν,
1621 1863 1649 1916 ὃ
1685 1863 1818 1934 μετά
1846 1867 1943 1917 τοῦ

2058 1881 2227 1936 posse
2249 1865 2437 1920 facere
2466 1865 2728 1936 seipsum
2752 1882 2867 1920 non
2891 1881 3020 1921 esse
3051 1865 3258 1934 Deum,
3282 1865 3402 1920 imo
3424 1881 3613 1936 usque
3634 1865 3707 1921 ad

271 1948 553 2006 ἀδυνάτου
583 1952 672 2006 καὶ
702 1953 764 2006 τὸ
812 1951 1142 2030 βλάσφημον
1185 1946 1322 2028 ἔχει·
1356 1957 1472 2014 πῶς
1513 1951 1691 2006 τοίνυν
1724 1951 1936 2026 λεχθή-

271 2060 451 2111 σεται,
484 2041 514 2092 6
548 2037 622 2094 ὣν
659 2037 806 2094 ἔσται
843 2042 918 2112 μὴ
952 2036 1024 2095 ὧν
1058 2061 1072 2110 ;
1105 2041 1182 2098 Οὐ
1236 2039 1454 2095 δύναται
1503 2040 1681 2095 τοίνυν
1715 2041 1742 2094 6
1787 2041 1936 2108 Θεὸς,

268 2127 558 2183 τουτέστιν
609 2129 970 2203 ἀναχώρητόν
1025 2128 1134 2184 ἐστι
1205 2131 1280 2202 μὴ
1346 2131 1478 2184 εἶναι
1532 2128 1709 2198 αὐτὸν,
1763 2127 1934 2206 ἤγουν

264 2215 589 2273 ἀνένδεκτω
629 2220 704 2291 μή
735 2219 872 2273 εἶναι
903 2219 1086 2274 αὐτόν·
1121 2219 1312 2274 οὐκοῦν
1345 2220 1431 2273 καὶ
1464 2219 1526 2273 τὸ
1561 2220 1636 2292 μή
1683 2217 1936 2273 δύνασθαι

259 2309 356 2361 τὸν
415 2309 571 2375 Θεὸν,
625 2308 870 2362 τουτέστι
930 2309 992 2362 τὸ
1039 2305 1304 2362 ἀδύνατον
1357 2311 1494 2362 εἶναι
1549 2308 1640 2362 τὸν
1684 2309 1835 2375 Θεὸν,
1872 2309 1935 2362 οὐ

262 2396 502 2451 δυνατὸν
552 2396 815 2472 γενέσθαι·
851 2397 1032 2472 ὥσπερ
1072 2398 1175 2472 γὰρ
1224 2399 1286 2452 τὸ
1326 2402 1464 2474 φῶς,
1495 2398 1614 2451 καθ’
1641 2397 1670 2451 ’ὸ
1703 2401 1837 2474 φῶς,
1871 2397 1936 2451 οὐ

261 2485 497 2540 δύναται
558 2487 750 2548 σκότος
807 2487 1070 2562 γενέσθαι,
1127 2485 1268 2541 οὕτω
1326 2487 1416 2541 καὶ
1483 2491 1652 2540 ταῦτα
1708 2483 1939 2540 ἀδύνατα

258 2579 341 2647 τῷ
373 2579 499 2646 Θεῷ
535 2572 624 2628 διὰ
655 2576 754 2643 τήν
807 2571 1218 2650 ἀνυπέρϐλητον
1275 2573 1554 2645 ἀλήθειαν.
1606 2574 1790 2636 Οὕτως
1841 2576 1934 2629 οὖν

261 2663 366 2717 οὐκ
401 2660 548 2718 οἶδεν
592 2664 621 2717 ὁ
665 2663 798 2725 Θεὸς
849 2665 984 2718 κατὰ
1029 2660 1279 2739 στέρησιν
1325 2665 1387 2718 τὸ
1446 2666 1522 2736 μή
1569 2662 1788 2734 εἰδέναι,
1821 2666 1936 2718 οἷον

262 2752 328 2807 ού
379 2751 710 2827 πεπείραται
766 2754 794 2807 ὁ
855 2752 1006 2815 Θεός·
1067 2753 1096 2806 6'
1155 2753 1320 2821 ἐστιν,
1383 2752 1482 2807 οὐκ
1529 2751 1641 2807 οἶδε
1687 2753 1738 2807 τί
1791 2751 1932 2807 ἐστιν

263 2841 403 2896 αὐτὸ
435 2842 500 2895 τὸ
548 2841 624 2913 μὴ
675 2838 896 2913 εἰδέναι,
927 2841 1054 2910 ἥτοι
1105 2842 1314 2917 ἀγνοεῖν
1359 2863 1432 2898 τι.
1486 2842 1634 2898 Κατὰ
1684 2842 1932 2915 στέρησιν

267 2928 326 2985 δέ
360 2929 469 2984 οὐκ
522 2927 636 2984 οἶδε
680 2931 743 2984 τὸ
788 2931 1022 3004 ἀγνοεῖν
1057 2932 1306 3007 στέρησις
1334 2932 1434 3006 γάρ
1483 2931 1623 2986 ἐστιν
1654 2934 1688 3000 ἡ
1723 2929 1938 3005 ἄγνοια,

266 3019 380 3094 οὐχ
415 3020 741 3090 ὑπόστασις,
773 3017 902 3074 ἀλλ’
933 3015 1122 3093 ἔξωθεν
1163 3023 1261 3089 τῆς
1313 3020 1516 3089 οὐσίας,
1558 3020 1681 3094 περὶ
1711 3021 1770 3088 ἣν
1806 3041 1941 3092 συμ-

264 3105 447 3163 ϐαίνει
480 3111 518 3177 ἡ
555 3107 824 3182 στέρησις·
861 3103 1108 3183 ἔλλειψις
1157 3110 1258 3185 γάρ
1308 3109 1417 3164 ἐστι
1464 3114 1560 3164 τοῦ
1615 3108 1937 3184 ὀφειλοντος

262 3203 553 3274 παρεῖναι.
606 3197 813 3254 Ούκοῦν
872 3197 1150 3274 ἐπέρηται
1183 3200 1211 3253 6
1254 3200 1382 3261 Θεὸς
1424 3203 1523 3253 τοῦ
1575 3199 1806 3271 ἀγνοεῖν,
1846 3199 1936 3252 καὶ

266 3285 544 3342 οὐδέποτε
575 3283 688 3340 οἶδε
716 3286 778 3340 τὸ
815 3287 890 3360 μὴ
942 3285 1161 3341 εἰδέναι·
1192 3287 1240 3341 εἷ’
1265 3289 1366 3362 γὰρ
1406 3289 1481 3360 μὴ
1516 3289 1652 3342 κατὰ
1690 3289 1938 3363 στέρησιν
1969 3266 2011 3332 C

267 3375 530 3448 εἴποιμεν
564 3376 641 3448 μή
693 3373 892 3430 εἰδέναι
937 3378 1029 3430 τὸν
1081 3377 1210 3431 Θεὸν
1250 3377 1350 3445 τήν
1403 3374 1646 3450 ἄγνοιαν,
1695 3376 1938 3450 εὑρίσκε-

263 3487 355 3520 ται
387 3472 493 3534 τῆς
529 3463 711 3527 οὐσίας
766 3463 931 3519 αὐτοῦ
977 3465 1040 3520 τὸ
1094 3467 1168 3538 μή
1222 3463 1438 3520 εἷδέναι’
1471 3467 1559 3520 καὶ
1611 3466 1680 3533 ἦν
1731 3464 1789 3518 ἂν
1841 3465 1937 3518 ού-

268 3553 487 3621 σιώδης
517 3552 686 3608 αὐτοῦ
715 3556 750 3623 ἡ
785 3551 998 3629 ἄγνοια,
1031 3555 1121 3609 καὶ
1171 3555 1474 3629 εὑρίσκεται
1507 3557 1534 3609 ὁ
1565 3555 1692 3616 Θεὸς
1724 3553 1937 3615 σκότος’

269 3647 306 3713 ἡ
355 3643 462 3718 γὰρ
511 3642 707 3718 ἄγνοια
754 3643 945 3705 σκότος
991 3642 1160 3698 ἐστίν’
1211 3643 1386 3706 οὕτως
1440 3642 1670 3717 ὑψηλῶς
1728 3645 1940 3713 νοήσεις

277 3733 480 3804 καὶτὸ,
542 3730 834 3788 Ἀδύνατον
885 3732 1180 3805 ψεύσασθαι
1212 3733 1364 3788 Θεόν·
1397 3732 1486 3787 καὶ
1539 3734 1622 3803 τὸ,
1666 3731 1744 3790 Ού
1776 3729 1938 3786 δύνα-

285 3842 370 3874 ται
402 3827 579 3876 ποιεῖν
617 3823 644 3875 6
687 3822 810 3883 Υἱὸς
862 3819 1015 3876 οὐδέν
1071 3821 1160 3899 ἀφ’
1190 3823 1402 3890 ἑαυτοῦ,
1449 3820 1535 3876 ἐὰν
1591 3823 1664 3895 μή
1715 3844 1767 3876 τι
1821 3819 1943 3896 βλέ-

283 3912 479 3985 πῃτὸν
527 3913 746 3985 Πατέρα
788 3915 1070 3966 ποιοῦντα·
1124 3910 1255 3985 ὅπερ
1313 3911 1503 3984 ὅμοιόν
1565 3911 1675 3965 ἐστι
1729 3916 1808 3983 τῷ
1865 3910 1940 3965 εἷ-

275 4007 422 4054 πεῖνο
486 3999 810 4074 Ἀμήχανόν
872 3999 1012 4054 ἐστιν
1071 3997 1229 4076 ἕτερα
1291 4000 1633 4076 βουλομένου
1689 4002 1941 4056 1051121-

271 4091 428 4165 τρὸς,
471 4086 631 4164 ’ἕτερα
684 4088 1025 4165 βουληθῆναι
1072 4091 1163 4143 τὸν
1209 4089 1368 4145 Υἱόν.
1414 4093 1504 4145 Ἕν
1563 4092 1664 4164 γὰρ
1724 4087 1944 4162 θέλημα

271 4186 374 4247 τῆς
413 4178 587 4251 μόνης
640 4180 1025 4253 προπυνητῆς
1057 4176 1290 4250 Τριάδος
1339 4179 1475 4233 κατὰ
1521 4181 1620 4248 τὴν
1678 4178 1934 4248 θεότητα’

273 4265 407 4322 οὐδὲ
455 4269 560 4341 γὰρ
613 4268 947 4343 ἀγνοοῦμεν,
999 4267 1186 4341 ὅτιπερ
1245 4267 1273 4320 6
1320 4268 1438 4328 Υἱὸς
1485 4271 1581 4321 τοῦ
1639 4272 1794 4333 Θεοῦ,
1853 4267 1943 4322 καὶ

272 4356 432 4425 Θεὸς,
467 4356 496 4408 ὁ
549 4356 623 4416 εἷς
670 4362 768 4424 τῆς
817 4357 1170 4427 πανυμνήτου
1221 4355 1305 4408 καῖ
1360 4355 1743 4429 παναχράντου
1776 4355 1945 4429 Τριά-

275 4442 377 4507 δος
405 4439 704 4519 γενόμενος
756 4442 1064 4519 ἅνθρωπος,
1112 4438 1448 4516 προσέλαϐεν
1492 4445 1832 4520 ἀνθρώπινον
1867 4443 1947 4498 θέ-

275 4533 348 4603 λη
361 4553 442 4606 μα
472 4533 700 4609 φυσικὸν
734 4532 826 4587 καὶ
857 4532 1260 4609 ἀναμάρτητον.

2053 1953 2437 2025 privationem
2463 1971 2582 2008 suae
2605 1953 2926 2009 existentia
2950 1953 3415 2025 progredi,quod
3436 1969 3571 2007 cum
3600 1953 3706 2007 im-

2049 2043 2438 2114 possibilitate
2460 2043 2835 2114 conjunctam
2859 2043 3035 2098 habet
3060 2041 3521 2114 blasphemiam;
3555 2058 3705 2112 quo-

2050 2133 2219 2187 modo
2252 2132 2433 2203 igitur
2462 2133 2710 2196 dicetur,
2738 2132 2837 2203 qui
2869 2136 2959 2188 est
2989 2149 3103 2188 non
3136 2131 3285 2186 erit?
3313 2132 3516 2202 Itaque
3547 2131 3704 2186 Deus

2048 2238 2162 2277 non
2198 2225 2411 2293 potest,
2444 2220 2502 2276 id
2535 2226 2624 2276 est
2667 2221 3084 2292 comprehendi
3117 2221 3322 2292 nequit
3350 2220 3548 2293 ipsum
3583 2236 3699 2276 non

2048 2327 2197 2379 esse,
2230 2327 2334 2366 seu
2368 2311 2599 2366 admitti
2633 2311 2832 2380 nequit
2873 2310 3071 2382 ipsum
3121 2327 3237 2365 non
3288 2327 3445 2378 esse;
3481 2325 3618 2381 ergo
3647 2312 3708 2365 et

2052 2402 2230 2455 Deum
2268 2416 2380 2454 non
2409 2416 2600 2470 posse,
2623 2399 2681 2454 id
2705 2405 2795 2454 est
2825 2399 3187 2455 imbecillum
3211 2415 3341 2454 esse
3372 2399 3581 2466 Deum,
3607 2398 3706 2454 ﬁe-

2047 2489 2096 2543 ri
2129 2489 2362 2558 nequit;
2397 2488 2552 2543 sicut
2577 2489 2732 2543 enim
2766 2487 2989 2557 lumen,
3011 2494 3306 2560 quatenus
3341 2488 3561 2555 lumen,
3590 2504 3708 2542 non

2048 2583 2243 2650 potest
2270 2595 2398 2633 esse
2429 2578 2708 2646 tenebras;
2743 2579 2824 2633 ita
2851 2579 3026 2633 etiam
3051 2583 3107 2633 et
3138 2578 3258 2633 haec
3288 2577 3401 2633 Deo
3434 2577 3710 2648 impossi-

2049 2667 2190 2722 bilia
2239 2672 2481 2738 propter
2528 2669 2803 2722 eximiam
2838 2668 3166 2723 veritatem.
3201 2667 3294 2723 Sic
3343 2667 3526 2739 igitur
3552 2666 3710 2722 Deus

2049 2773 2165 2812 non
2219 2757 2382 2812 novit
2429 2756 2757 2826 privatione
2789 2759 2967 2827 ipsum
3000 2773 3108 2812 non
3139 2758 3283 2811 scire
3336 2771 3441 2812 seu
3488 2755 3713 2826 aliquid

2049 2848 2329 2918 ignorare,
2345 2846 2846 2916 quemadmodum
2867 2847 3022 2902 Deus
3040 2846 3285 2900 minime
3303 2849 3577 2916 expertus
3594 2849 3707 2913 est,

2049 2937 2205 3007 quod
2238 2945 2346 3002 est,
2381 2952 2499 2991 non
2533 2936 2693 2991 novit
2723 2935 2861 3007 quid
2897 2935 2973 2990 sit
3014 2935 3210 3006 ipsum
3256 2951 3369 2989 non
3403 2934 3574 2998 scire,
3600 2949 3705 2989 seu

2049 3025 2271 3096 aliquid
2303 3026 2596 3096 ignorare.
2635 3024 2961 3080 Privatione
2992 3040 3125 3078 vero
3156 3023 3346 3078 nescit
3384 3023 3656 3095 ignorare
3689 3038 3703 3076 :

2049 3131 2183 3168 nam
2221 3113 2462 3184 privatio
2507 3117 2596 3169 est
2642 3113 2958 3185 ignoratio,
2993 3130 3106 3167 non
3158 3112 3565 3177 subsistentia,
3600 3112 3702 3166 sed

2049 3209 2212 3258 extra
2251 3203 2565 3257 essentiam
2618 3203 2772 3257 circa
2820 3219 2998 3273 quam
3049 3202 3264 3257 accidit
3311 3201 3589 3273 privatio;
3617 3205 3708 3256 est

2051 3291 2208 3344 enim
2241 3291 2505 3346 defectus
2545 3291 2674 3360 ejus
2723 3291 2878 3361 quod
2930 3290 3137 3345 adesse
3168 3290 3470 3363 debuerat.
3506 3275 3715 3360 Itaque

2053 3385 2200 3434 Deus
2236 3378 2496 3450 privatus
2540 3384 2632 3433 est
2676 3377 3065 3450 ignoratione,
3100 3383 3156 3434 et
3188 3393 3490 3448 nunquam
3541 3377 3709 3432 scivit

2049 3468 2375 3534 inscitiam;
2409 3469 2458 3522 si
2489 3468 2644 3522 enim
2680 3484 2792 3522 non
2838 3485 2940 3538 per
2971 3467 3352 3540 privationem
3381 3465 3709 3521 dixerimus

2049 3558 2232 3613 Deum
2267 3555 2492 3611 nescire
2523 3556 2942 3628 ignorantiam,
2977 3555 3277 3610 invenitur
3315 3570 3444 3610 esse
3475 3570 3544 3609 ex
3579 3555 3709 3623 ejus

2049 3646 2306 3702 essentia
2363 3646 2617 3713 nescire;
2670 3649 2726 3700 et
2784 3646 2831 3700 si
2895 3644 3228 3701 essentialis
3287 3643 3464 3698 luerit
3518 3641 3711 3714 ipsius

2048 3735 2359 3809 ignoratio,
2388 3735 2560 3789 etiam
2594 3736 2881 3806 reperitur
2913 3735 3068 3790 Deus
3103 3735 3388 3802 tenebras;
3417 3731 3710 3804 ignoratio

2051 3825 2206 3880 enim
2240 3829 2330 3880 est
2360 3824 2644 3891 tenebrae;
2680 3823 2763 3878 ita
2795 3824 2970 3879 etiam
3005 3823 3338 3878 sublimiori
3368 3821 3595 3877 ratione
3621 3820 3711 3875 in-

2048 3915 2278 3985 telliges
2327 3911 2491 3977 illud,
2533 3912 2898 3984 impossibile
2951 3929 3085 3967 eum
3138 3911 3354 3967 falsum
3390 3911 3603 3966 dicere.
3637 3909 3709 3964 Et

2052 4003 2196 4058 illud
2222 4020 2236 4056 :
2264 4001 2448 4056 Filius
2482 4018 2595 4056 non
2630 4005 2822 4072 potest
2850 4002 3036 4056 facere
3069 4001 3392 4072 quidquam
3426 4017 3460 4053 a
3489 3999 3707 4071 seipso,

2053 4091 2167 4146 nisi
2198 4090 2408 4144 viderit
2439 4090 2665 4145 Patrem
2690 4091 2998 4145 facientem
3028 4107 3040 4145 :
3066 4090 3218 4159 quod
3245 4088 3438 4145 simile
3458 4093 3548 4144 est
3569 4104 3635 4143 ac
3658 4086 3710 4142 si

2054 4180 2292 4245 diceret,
2318 4178 2685 4248 impossibile
2723 4184 2830 4249 est,
2865 4180 3036 4234 Patre
3078 4178 3192 4234 alia
3217 4178 3463 4245 volente,
3497 4176 3709 4232 Filium

2055 4269 2170 4324 alia
2200 4268 2364 4323 velle.
2392 4267 2519 4323 Una
2562 4272 2652 4323 est
2690 4268 2847 4322 enim
2872 4268 3144 4324 voluntas
3175 4269 3353 4323 unius
3402 4267 3710 4322 adorandae

2056 4357 2364 4413 Trinitatis
2394 4357 2454 4410 in
2486 4357 2797 4411 divinitate
2831 4374 2842 4410 :
2879 4357 3171 4428 siquidem
3210 4374 3322 4412 oon
3354 4356 3508 4412 I98
3541 4354 3712 4426 igno-

2057 4463 2279 4512 ramus,
2316 4445 2528 4500 Filium
2578 4446 2697 4514 Dei,
2729 4447 2904 4500 etiam
2950 4447 3158 4514 Deum,
3193 4462 3376 4500 unum
3427 4444 3714 4499 laudatis-

2059 4538 2218 4592 sima:
2271 4541 2328 4590 et
2376 4534 2708 4607 purissimas
2761 4534 3071 4591 Trinitatis
3120 4534 3418 4590 hominem
3470 4533 3712 4602 factum,

275 4624 690 4695 assumpsisse
721 4623 1040 4678 humanam
1071 4622 1431 4678 voluntatem
1465 4623 1792 4678 naturalem
1824 4629 1882 4679 et
1915 4625 2136 4697 peccati
2166 4628 2481 4695 expertem.

352 4711 464 4767 Καὶ
537 4711 600 4765 τὸ
675 4712 750 4783 μὴ
830 4712 962 4765 εἶναι
1037 4710 1136 4765 οὐκ
1195 4709 1336 4764 ἔστιν
1381 4754 1393 4766 .

277 4801 614 4878 ἀποφάσεως
665 4799 923 4873 τιθεμένη
983 4800 1280 4877 κατάφασιν
1338 4804 1524 4854 ποιεῖ.
1584 4801 1644 4857 Ὁ
1704 4799 1795 4854 οὖν
1855 4799 1949 4855 λέ-

283 4912 432 4964 γων,
468 4888 554 4943 ὅτι
602 4888 666 4943 τὸ
719 4890 796 4960 μὴ
831 4889 964 4943 εἶναι
996 4887 1097 4943 οὐκ
1144 4886 1286 4943 ἔστιν
1337 4889 1388 4942 έν
1420 4892 1557 4959 Θεῷ,
1596 4889 1659 4943 τὸ
1689 4891 1821 4944 εἶναι
1853 4889 1951 4944 αύ-

279 4982 378 5035 τὸν
415 4979 662 5053 συνάγει.
696 4977 879 5039 Οὕτως
929 4975 1022 5032 οὖν
1065 4999 1251 5054 φησιν,
1302 4977 1364 5031 οὐ
1414 4975 1630 5032 δύναται
1683 4979 1759 5050 μὴ
1792 4977 1950 5033 δύνα-

283 5071 436 5135 σθαι,
477 5067 740 5130 ὡσαύτως
791 5067 881 5120 καὶ
929 5067 992 5120 τὸ
1051 5068 1126 5139 μὴ
1173 5065 1365 5120 εἶ’ὃέναι
1414 5066 1514 5121 οὐκ
1561 5065 1730 5139 οἶδεν,
1781 5067 1830 5136 ἐξ
1877 5066 1949 5121 ὧν

282 5156 575 5233 συνάγεται
633 5157 696 5211 τὸ
761 5158 978 5217 πάντως
1035 5155 1195 5210 αὐτὸν
1245 5154 1442 5212 εἰδέναι
1501 5157 1588 5210 καὶ
1649 5155 1901 5220 δύνασθαι
1937 5176 1950 5189 °

281 5247 479 5306 καλῶς
513 5243 570 5300 δὲ
618 5245 954 5321 προσέθηκεν
996 5244 1221 5300 ἐνταῦθα
1270 5246 1332 5300 τὸ
1381 5245 1517 5300 κατὰ
1569 5245 1841 5322 στέρησιν·
1893 5244 1954 5300 ού

281 5338 394 5412 γὰρ
431 5336 790 5411 ὑπερυχικῶς
810 5339 981 5390 ταῦτα
1015 5333 1291 5410 λέγονται,
1319 5333 1464 5390 ἀλλᾶ
1493 5336 1847 5412 στερητικῶς,
1869 5335 1955 5403 τό,

285 5425 350 5480 οὗ
388 5421 614 5479 δύναται
644 5424 734 5478 καὶ
768 5423 867 5478 οὐκ
901 5421 1034 5481 οἶδε.

361 5516 580 5585 §VIII.
615 5513 942 5583 Δικαιοσύνη
1004 5510 1061 5568 δέ
1119 5513 1388 5584 ὑμνεῖται.
1448 5513 1602 5570 Κατὰ
1648 5513 1700 5569 τί
1755 5510 1958 5569 δικαιο-

366 5734 473 5808 (m)
505 5733 527 5790 ἶ
560 5734 714 5790 Tim.
749 5748 812 5802 ιι,
847 5733 934 5790 13.

588 5866 849 5927 Ρδτιιοι..
897 5865 1007 5925 Gs.
1053 5863 1159 5926 IV.

1459 4710 1757 4787 Ἀπόφασις
1813 4713 1943 4766 κατᾶ

2131 4715 2312 4785 Neque
2341 4719 2518 4781 potest
2542 4728 2652 4768 non
2685 4727 2818 4768 esse.
2847 4712 3090 4785 Negatio
3115 4716 3318 4767 contra
3340 4711 3714 4783 negationem

2060 4803 2271 4876 posita,
2307 4801 2760 4856 afﬁrmationem
2806 4802 2962 4856 facit.
2996 4801 3105 4864 Qui
3153 4801 3334 4873 igitur
3381 4800 3526 4855 dicit
3555 4801 3713 4871 quod

2061 4910 2177 4947 non
2209 4907 2338 4946 esse
2387 4908 2502 4946 non
2555 4891 2633 4946 sit
2683 4891 2739 4945 in
2799 4890 2935 4960 Deo,
2969 4891 3163 4962 ipsum
3216 4906 3346 4946 esse
3397 4887 3713 4945 concludit.

2060 4982 2260 5052 Itaque
2288 4980 2452 5046 dicit,
2481 4997 2595 5034 non
2627 4984 2821 5051 potest
2843 4996 2954 5035 non
2992 4996 3186 5050 posse,
3211 4978 3484 5034 similiter
3512 4981 3569 5033 et
3598 4994 3716 5033 non

2064 5071 2211 5126 scire
2243 5087 2354 5123 non
2390 5069 2568 5138 novit,
2600 5085 2668 5123 ex
2708 5069 2926 5140 quibus
2957 5069 3255 5139 colligitur
3293 5069 3488 5140 ipsum
3521 5068 3717 5124 omni-

2065 5175 2141 5214 no
2201 5157 2350 5212 scire
2405 5163 2462 5212 et
2519 5173 2734 5229 posse:
2770 5157 3010 5228 pulchre
3070 5163 3268 5212 autem
3325 5157 3554 5212 addidit
3615 5157 3722 5213 hoc

2067 5247 2192 5302 loco
2237 5263 2338 5318 per
2383 5249 2786 5318 privationem;
2843 5264 2958 5302 non
3014 5247 3167 5302 enim
3212 5247 3332 5302 haec
3382 5263 3484 5319 per
3530 5247 3722 5303 excel-

2067 5336 2311 5392 lentiam
2352 5337 2651 5403 dicuntur,
2686 5337 2786 5392 sed
2841 5337 3142 5409 privative,
3176 5353 3286 5393 non
3329 5339 3502 5409 potest
3533 5341 3590 5394 et
3617 5353 3726 5394 non

2069 5426 2245 5481 novit.

2143 5515 2174 5588 §
2201 5515 2348 5572 VIII.
2381 5513 2608 5571 Justitia
2639 5530 2760 5571 vero
2804 5513 3092 5571 laudatur.
3127 5516 3367 5589 Pr0pter
3397 5517 3538 5589 quid
3570 5515 3726 5572 Deus

3373 5864 3448 5921 12
