4108 6404
467 397 580 456 363

1297 400 1666 456 ΔΡΡΕΝΒΙΧ
1703 398 1804 454 AD
1841 399 2084 454 OPERA

2221 397 2540 454 DIONYSII
2578 399 3080 456 AREOPAGITE.
3761 411 3848 470 364

465 527 545 584 sit
568 526 820 598 justitia.
845 524 1116 582 Definitio
1139 541 1272 579 vero
1298 523 1548 594 justitiaa
1573 526 1682 586 est,
1704 524 1895 576 virtus
1928 520 2108 575 distri-

2237 517 2362 588 σύνη
2423 518 2562 574 ἐστὶν
2609 521 2638 574 6
2671 520 2822 583 Θιός.
2855 523 3019 595 Ὅρος
3077 517 3134 575 δὲ
3183 518 3524 595 δικαιοσύνης
3568 524 3720 601 ἐστὶν,
3751 533 3851 605 ἀρε.

467 619 669 674 butiva
718 634 821 690 pro
853 615 1156 687 dignitate,
1190 619 1293 670 aut
1324 615 1562 686 propria
1606 611 1865 684 partium
1915 611 2124 667 animis

468 708 718 776 actione,
747 711 849 761 aut
897 705 1159 760 medium
1211 704 1363 758 inter
1412 702 1843 758 abundantiam
1892 707 1948 756 et
1994 701 2124 756 ino-

468 797 652 868 piam,
698 799 797 851 aut
851 794 1092 850 habitus
1133 791 1550 848 distributivus
1600 790 1976 862 aaqualitatis,
2024 794 2126 845 aut

471 886 710 941 habitus
733 882 1146 940 communitati
1169 883 1447 953 prodesse
1470 881 1736 948 studens,
1762 883 1864 936 aut
1881 879 2125 935 scientia

468 991 673 1030 eorum
707 991 833 1046 quae
865 972 1275 1030 distribuenda
1306 976 1468 1042 sunt,
1491 975 1548 1026 et
1575 987 1690 1025 non
1723 974 1884 1034 sunt,
1909 973 1966 1024 et
1987 985 2124 1024 neu-

465 1069 718 1120 trorum.

537 1153 922 1209 Gavillantur.
960 1152 1035 1206 De
1057 1150 1131 1205 iis
1156 1149 1255 1220 qui
1277 1149 1602 1220 loquuntur
1631 1149 1915 1204 adversus
1937 1147 2123 1202 Deum

462 1242 858 1313 iniquitatem,
877 1245 944 1294 ut
965 1239 1045 1294 ait
1061 1239 1432 1294 Psalmorum
1453 1238 1770 1310 cantor(n).
1786 1237 2122 1308 Opportune

460 1331 568 1386 hoc
619 1331 746 1385 loco
798 1329 963 1399 dicit,
1004 1327 1265 1383 absurda
1311 1343 1513 1382 eorum
1565 1327 1883 1382 ostendens
1912 1325 2118 1394 verba;

459 1435 593 1476 eum
625 1418 783 1474 enim
823 1435 927 1489 per
956 1433 1019 1473 se
1053 1421 1422 1484 moveantur,
1447 1416 1506 1470 id
1541 1422 1630 1470 est
1661 1414 1844 1470 libero
1877 1418 2124 1469 utantur

458 1508 724 1574 arbitrio,
752 1512 930 1578 atque
980 1505 1244 1560 motibus
1293 1503 1545 1576 propriis
1595 1502 1997 1569 dominentur,
2031 1502 2121 1556 in-

459 1597 692 1669 quiunt,
725 1612 830 1650 cur
861 1595 1046 1650 nostri
1073 1594 1230 1664 juris
1261 1592 1398 1647 facti
1434 1608 1664 1658 sumus,
1688 1597 1744 1647 et
1775 1608 1888 1646 non
1924 1589 2120 1661 potius

456 1685 636 1742 etiam
670 1683 839 1739 inviti
883 1682 1247 1753 impedimur
1294 1696 1558 1753 peccare,
1593 1680 1930 1752 ignorantes
1961 1679 2118 1749 quod

455 1773 636 1829 velint
665 1789 795 1828 esse
825 1772 1054 1844 lapides
1078 1771 1178 1842 qui
1201 1771 1273 1826 ab
1307 1769 1422 1824 alio
1455 1774 1784 1836 moventur,
1811 1773 1867 1823 et
1888 1773 2119 1823 terrena

457 1863 744 1918 habentes
773 1877 1036 1932 corpora,
1061 1876 1187 1928 cur,
1211 1859 1400 1927 aiunt,
1434 1875 1552 1914 non
1585 1874 1895 1913 manemus
1925 1857 1983 1911 in
2016 1872 2116 1911 eo-
2147 1903 2194 1968 Β

473 1953 488 1968 ιι
658 1955 669 1968 ι
724 1955 775 1968 ιη
833 1949 886 1968 ε]
930 1953 1008 1968 --ι
1035 1946 1436 1968 εῂ...---ι-ι.ξὶ--
1496 1963 1619 1968 ---μ
1661 1946 1845 1968 -ζ...---
1881 1946 2094 1968 .'_..__-_

457 1953 590 2007 dem
624 1955 807 2016 statu,
832 1949 890 2004 id
923 1953 1012 2003 est
1035 1946 1461 2016 immutabiles,
1490 1963 1625 2002 cum
1659 1946 1846 2002 simus
1881 1946 2116 2000 immor-

453 2041 627 2107 tales,
659 2044 837 2109 atque
870 2036 1278 2093 materialibus
1308 2040 1365 2090 et
1403 2035 1802 2106 temporaneis
1835 2034 2114 2090 utamur?

453 2129 617 2193 Quod
649 2133 738 2182 est
767 2125 1168 2198 ignorantium
1205 2129 1479 2179 naturam
1504 2123 1810 2179 sensilium
1845 2139 1910 2177 ao
1940 2122 2113 2177 intel-

451 2215 792 2287 ligibilium,
827 2213 1131 2285 multaque
1184 2212 1430 2268 rationis
1464 2212 1789 2284 privatione
1834 2210 2112 2266 laboran-

449 2305 636 2373 tium;
667 2319 882 2374 corpus
914 2303 1072 2358 enim
1117 2305 1386 2356 nostrum
1419 2317 1551 2355 cum
1603 2301 1679 2356 sit
1728 2299 2026 2354 materiale
2056 2304 2114 2354 et

449 2399 901 2464 temporaneum
932 2408 997 2446 ac
1050 2389 1356 2458 mutabile,
1389 2391 1598 2445 merito
1647 2389 1942 2445 similibus
1973 2405 2110 2460 ege-

451 2484 572 2550 bat,
606 2482 1003 2553 temporaneis
1053 2480 1296 2551 inquam
1339 2485 1396 2534 et
1442 2479 1876 2546 materialibus;
1911 2480 2110 2533 anima

451 2588 588 2626 vero
619 2586 755 2626 cum
789 2575 984 2625 creata
1007 2571 1085 2623 sit
1116 2568 1366 2623 materia
1395 2583 1622 2640 expers,
1647 2573 1702 2622 et
1733 2566 2108 2637 immortalis,

456 2660 664 2715 merito
699 2659 877 2714 habet
907 2658 1160 2712 liberum
1203 2656 1536 2726 arbitrium,
1560 2661 1795 2727 prOpter
1823 2654 2107 2710 similitu-

454 2748 646 2804 dinem
677 2763 811 2803 cum
845 2751 1132 2812 creatore;
1159 2763 1283 2815 quas
1315 2745 1558 2800 minime
1591 2744 1986 2815 intelligentes
2012 2760 2106 2799 ca-

453 2837 775 2907 villatores,
800 2836 1058 2892 divinam
1083 2835 1511 2907 providentiam
1546 2836 1603 2891 in
1636 2841 1886 2904 utroque
1918 2851 2104 2905 repre-

2233 609 2300 676 τή
2353 605 2714 681 διανεμητική
2758 613 2855 664 τοῦ
2912 610 3030 664 κατ’
3075 608 3242 683 ἀξίαν,
3301 610 3335 680 ἢ
3387 609 3714 690 ἰδιοπραγίαν
3755 627 3847 678 τῶν

2232 703 2333 765 τῆς
2373 699 2557 772 ψυχῆς
2607 701 2806 772 μερῶν·
2855 697 2890 766 ἢ
2947 698 3181 771 μεσότης
3234 701 3546 771 πλεονεξίας
3587 704 3673 759 καί
3719 729 3847 781 usto.

2233 785 2422 857 νεξίας.
2483 786 2518 854 ἢ
2571 783 2680 857 ἕξις
2739 788 3116 859 ἀπονεμητική
3183 788 3472 859 ἰσότητος·
3530 791 3564 861 ἢ
3619 791 3718 864 ἕξις
3766 803 3847 853 τοῦ

2231 878 2390 948 κοινῇ
2441 875 2818 951 συμφέροντος
2867 875 3274 952 ἐστοχασμένη·
3327 877 3362 948 ἢ
3412 878 3676 955 ἐπιστήμη
3728 884 3847 940 ἀπο.

2232 964 2534 1037 νεμητέων,
2565 965 2652 1018 καὶ
2688 965 2786 1037 μή,
2816 964 2905 1019 καὶ
2934 962 3255 1040 οὐδετέρων.

2304 1139 2820 1217 Διαλοιδοροῦνται.
2879 1144 3008 1218 Περὶ
3062 1144 3172 1198 τῶν
3231 1142 3541 1201 λαλούντων
3600 1151 3726 1205 κατά
3771 1161 3851 1210 τοῦ

2234 1235 2367 1286 Θεοῦ
2410 1228 2644 1304 ἀδικίαν,
2692 1231 2764 1293 ὥς
2815 1253 2977 1309 φησιν
3026 1233 3053 1286 ὁ
3106 1231 3430 1307 ψαλμῳδός.
3485 1236 3731 1293 Ἐνταῦθα
3779 1241 3850 1297 εὐ-

2231 1319 2434 1393 καίρως
2486 1321 2648 1390 εἶπεν,
2699 1319 2980 1376 ἀλλόκοτα
3025 1323 3093 1376 τὰ
3145 1321 3319 1377 αὐτῶν
3373 1321 3580 1388 δεικνὺς
3637 1326 3846 1403 ῥήματα·

2230 1409 2575 1479 αὐτοκίνητοι
2633 1410 2734 1485 γὰρ
2793 1405 2965 1478 ὅντες,
3014 1413 3291 1466 τουτέστιν
3350 1413 3677 1484 αὐτεξούσιοι
3712 1459 3725 1484 ,
3775 1421 3848 1474 καὶ

2227 1503 2334 1553 τῶν
2366 1495 2518 1553 ἰδίων
2578 1497 2764 1574 ὁρμῶν
2815 1497 3100 1574 ἄρχοντες,
3153 1497 3242 1555 διὰ
3288 1502 3364 1570 τί,
3419 1503 3596 1577 φασὶν,
3627 1504 3846 1577 αὐτεξού-

2229 1609 2337 1642 σιοι
2384 1587 2702 1663 γεγόναμεν·
2745 1589 2835 1643 καὶ
2885 1587 2947 1642 οὐ
3001 1587 3213 1662 μᾶλλον
3256 1590 3346 1644 καὶ
3398 1592 3611 1654 ἄκοντες
3657 1595 3849 1650 κωλυό-

2232 1689 2368 1749 μεθα
2415 1677 2759 1751 ἁμαρτάνειν,
2813 1678 3134 1753 ἀγνοοῦντες
3187 1678 3271 1733 ὅτι
3322 1677 3472 1744 λίθοι
3522 1681 3848 1758 ὲτεροκίνητοι

2233 1765 2523 1840 βούλονται
2568 1767 2723 1836 εἶναι,
2771 1765 2859 1821 καί
2902 1769 3067 1842 γήϊνα
3125 1768 3355 1841 σώματα
3405 1766 3639 1844 ἔχοντες,
3689 1769 3768 1826 διὰ
3803 1777 3844 1828 τί

2231 1855 2306 1927 μὴ
2367 1853 2418 1909 ἐν
2469 1854 2782 1926 ταυτότητι,
2843 1857 2994 1933 φασὶ,
3057 1857 3316 1930 μένομεν,
3377 1857 3646 1913 τουτέστιν
3712 1861 3844 1938 ἄτρε-

2224 1965 2373 2016 πτοι,
2405 1943 2662 2008 ἀθάνατοι
2695 1941 2862 2012 ὄντες,
2895 1946 2984 1999 καὶ
3036 1946 3318 2020 χρώμενοι
3372 1953 3487 2009 τοῖς
3541 1947 3741 2013 ὑλικοῖς
3768 1953 3840 2006 καὶ

2223 2033 2620 2108 προσκαίροις;
2665 2035 2838 2108 ’Όπερ
2891 2033 3231 2107 ἀγνοούντων
3293 2034 3407 2090 ἐστὶ
3468 2037 3619 2113 φύσιν
3675 2038 3840 2110 αἰσθη-

2221 2122 2347 2190 τῶν,
2379 2123 2469 2175 καὶ
2519 2126 2751 2192 νοητῶν,
2783 2123 2871 2176 καὶ
2923 2119 3144 2192 πολλὴν
3178 2122 3407 2199 ἀλογίαν
3460 2126 3760 2182 νοσούντων·
3789 2131 3838 2183 τὸ

2220 2211 2323 2285 γὰρ
2357 2215 2514 2283 σῶμα
2544 2213 2703 2283 ἡμῶν
2756 2210 2943 2266 ὑλικὸν
2990 2212 3080 2266 καὶ
3129 2211 3465 2290 πρόσκαιρον
3513 2216 3600 2269 καὶ
3639 2219 3833 2291 τρεπτὸν

2221 2300 2496 2374 ὑπάρχον,
2546 2300 2772 2362 εῗκότως
2823 2297 2998 2355 ἐδέετο
3048 2306 3155 2354 τῶν
3203 2301 3415 2374 ὁμοίων
3454 2347 3468 2373 ,
3526 2305 3836 2379 προσκαίρων

2220 2387 2362 2466 φημὶ
2417 2388 2506 2442 καὶ
2568 2387 2793 2442 ὑλικῶν·
2927 2387 2986 2443 δὲ
3044 2392 3196 2463 ψυχὴ
3261 2390 3430 2454 auio;
3479 2393 3566 2447 καὶ
3615 2393 3836 2455 ἀθάνατος

2217 2481 2514 2543 κτισθεῖσα,
2563 2475 2789 2538 εἰκότως
2826 2477 2887 2530 τὸ
2936 2476 3275 2548 αὐτεξούσιον
3310 2477 3429 2554 ἔχει
3485 2479 3572 2536 διὰ
3609 2483 3698 2550 τήν
3727 2482 3838 2556 πρὸς

2215 2565 2306 2620 τὸν
2368 2562 2706 2640 δημιουργὸν
2768 2565 3114 2638 ὁμοιότητα·
3181 2569 3318 2644 ἅπερ
3407 2571 3481 2642 μὴ
3550 2575 3744 2631 νοῦντες
3794 2570 3834 2624 ἂν

2218 2653 2455 2728 ἑκατέρῳ
2487 2655 2538 2707 οἱ
2590 2652 2836 2728 λοίδοροι
2893 2656 3192 2733 μέμφονται
3243 2660 3348 2726 τήν
3397 2659 3538 2722 θείαν
3585 2661 3835 2734 πρόνοιαν,

2214 2744 2480 2813 τοσαύτην
2515 2745 2748 2818 ὁρῶντες
2799 2743 3060 2814 εὐταξίαν·
3094 2750 3256 2801 τοῦτο
3303 2747 3406 2822 γὰρ
3458 2745 3621 2818 δηλοῖ
3661 2749 3732 2818 τὸ,
3760 2747 3832 2801 καὶ

2215 2829 2359 2893 ὅλως
2388 2832 2454 2885 τὰ
2484 2829 2670 2886 ἄλλων
2701 2829 2900 2893 ἄλλοις
2930 2829 3313 2888 ἀποδιδόασιν.

449 2926 743 2997 hendunt,
794 2925 1006 2982 bonum
1060 2925 1203 2980 adeo
1254 2925 1518 2980 ordinem
1566 2929 1906 2989 cernentes;
1965 2923 2075 2978 hoc
2131 2923 2287 2978 enim
2338 2923 2597 2978 declarat
2642 2922 2811 2993 illud,
2861 2930 2919 2978 et
2964 2926 3204 2981 omnino
3255 2943 3390 2997 quas
3445 2926 3685 2984 aliorum
3725 2924 3821 2980 aliis

449 3017 744 3073 tribuunt.

525 3106 661 3174 Quae
688 3122 744 3161 se
774 3107 908 3177 ipsis
948 3111 1258 3170 moventur,
1291 3103 1386 3158 Gr.
1423 3099 1788 3171 αὐτοκίνητοι.
1821 3099 1923 3156 Sui
1951 3099 2103 3171 juris

2288 3100 2406 3156 Αὐτ
2416 3101 2689 3170 οκινήτοις
2723 3099 3095 3170 Δύτεξουσίοις
3127 3104 3190 3158 ⁷ο.

454 3209 522 3250 ac
556 3193 886 3265 potestatis.

523 3283 673 3338 I99
707 3282 736 3354 §
766 3281 857 3336 IX.
892 3282 959 3336 At
988 3281 1200 3337 dixerit
1237 3282 1464 3353 aliquis.
1493 3283 1709 3336 Contra
1751 3295 1850 3334 eos
1881 3281 1984 3350 qui
2014 3279 2108 3333 di-

450 3375 613 3436 cunt,
646 3370 941 3441 quomodo
973 3369 1127 3424 Deus
1152 3385 1266 3424 non
1298 3373 1386 3424 est
1415 3369 1676 3438 injustus
1707 3385 1838 3423 cum
1873 3368 2111 3440 permit-

456 3463 541 3514 tat
562 3460 762 3529 justos
793 3458 864 3514 ab
899 3458 1140 3528 injustis
1173 3457 1344 3513 malis
1376 3457 1566 3513 allici?

527 3547 721 3604 Aliter.
754 3547 971 3613 Quaarit
1002 3547 1109 3601 hoc
1154 3545 1280 3602 loco
1312 3546 1681 3618 propositum
1713 3546 1883 3602 nobis
1913 3546 1984 3601 ab
2017 3544 2107 3601 al-

458 3641 586 3692 tero
617 3638 1062 3707 argumentum;
1106 3634 1250 3690 dicit
1296 3634 1452 3689 enim
1489 3650 1502 3688 :
1532 3635 1749 3690 Dixerit
1794 3634 2018 3705 aliquis,
2052 3639 2108 3689 et

457 3730 686 3793 caetera,
711 3723 982 3795 religiose
1004 3740 1069 3778 ac
1093 3725 1186 3796 pie
1219 3723 1448 3778 solvens
1474 3739 1486 3777 :
1511 3723 1654 3779 dicit
1683 3722 1839 3777 enim
1873 3727 2110 3793 propter

457 3831 637 3885 quam
669 3829 911 3868 causam
941 3813 1096 3868 Deus
1129 3829 1265 3867 cum
1298 3812 1377 3866 sit
1399 3813 1625 3882 justus,
1660 3812 1959 3882 permittat
1980 3827 2103 3864 san-

453 3909 578 3959 ctos
607 3902 766 3957 viros
806 3902 879 3956 ab
912 3899 1152 3970 injustis
1199 3904 1255 3955 et
1305 3901 1561 3956 habendi
1608 3899 1842 3972 cupidis
1888 3898 2108 3968 injuria

452 3993 606 4047 afﬁci
635 3990 873 4061 (multos
907 3990 1062 4045 enim
1096 3990 1362 4044 videmus
1386 3991 1584 4060 justos
1612 3991 1894 4044 damnum
1930 3988 2104 4042 susti-

449 4097 586 4136 nere
618 4081 737 4135 sive
765 4079 824 4134 in
858 4079 1080 4134 divitiis
1117 4079 1236 4133 sive
1268 4078 1325 4132 in
1362 4079 1613 4150 negotiis
1664 4078 1735 4131 ab
1783 4076 2022 4146 injustis
2049 4081 2105 4131 et

445 4170 690 4238 avaris);
721 4170 1025 4242 ingeniose
1049 4184 1114 4224 ac
1138 4165 1384 4222 solerter
1404 4167 1748 4239 respondet;
1780 4165 1924 4220 dicit
1944 4165 2100 4220 enim

445 4263 682 4315 sanctos
707 4275 823 4314 non
847 4257 1078 4323 debere,
1099 4256 1347 4311 terrenis
1370 4272 1436 4311 ac
1459 4255 1856 4326 temporaneis
1876 4254 2100 4324 aliquid

444 4349 588 4420 pati,
616 4347 879 4419 alioquin
913 4364 1029 4401 non
1060 4362 1192 4402 esse
1222 4352 1490 4414 sanctos;
1526 4346 1742 4400 debent
1770 4344 1927 4398 enim
1953 4361 2100 4415 prae-

443 4438 594 4492 ferre
617 4454 746 4509 quae
779 4453 910 4492 vere
942 4435 1194 4492 amanda
1243 4439 1383 4488 sunt
1414 4438 1469 4488 et
1501 4433 1725 4500 divina;
1757 4433 2096 4487 divitiarum

439 4527 595 4582 enim
630 4525 831 4598 cupidi
858 4542 973 4580 non
1008 4527 1149 4580 sunt
1177 4523 1437 4594 amplius
1469 4522 1680 4578 sancti.
1704 4523 1773 4576 Et
1803 4521 1887 4577 sic
1919 4522 2094 4576 inter-

438 4617 666 4688 rogatio
697 4615 892 4670 soluta
923 4619 1044 4681 est;
1080 4629 1216 4667 nam
1250 4612 1490 4668 divinus
1525 4613 1742 4666 Paulus
1774 4611 1885 4667 hoc
1915 4611 2092 4666 dicit:

438 4703 624 4771 Quare
654 4720 766 4760 non
794 4706 976 4771 magis
1008 4702 1291 4773 injuriam
1312 4700 1566 4770 accipitis
1591 4701 1702 4770 (0)?
1733 4701 1933 4755 dicens
1963 4699 2095 4755 illos

433 4809 547 4849 non
573 4793 786 4850 debere
814 4793 872 4848 in
897 4791 1220 4848 mundanis
1243 4790 1479 4856 terreri;
1514 4793 1571 4844 et
1590 4789 1802 4844 iterum
1831 4789 2092 4844 divinum

432 4899 692 4942 amorem
734 4898 1055 4954 exponens,
1087 4880 1145 4934 in
1180 4896 1296 4951 quo
1332 4894 1522 4948 neque
1562 4879 1874 4949 injustitia,
1903 4895 2093 4950 neque

428 4972 673 5027 avaritia
703 4989 834 5026 esse
866 4974 1077 5042 potest,
1104 4967 1220 5023 ait:
1249 4967 1381 5034 Quis
1409 4982 1507 5021 nos
1535 4970 1821 5038 separabit
1853 4985 1887 5022 a
1914 4968 2094 5022 chari-

427 5063 543 5114 tate
593 5061 847 5127 Christi,
901 5058 1188 5114 tribulatio
1242 5071 1316 5110 an
1371 5059 1633 5126 angustia
1676 5057 1802 5128 (p)?
1851 5061 1907 5111 et
1961 5073 2089 5128 quae

426 5148 724 5220 deinceps.
761 5149 938 5204 Vocat
969 5151 1167 5202 autem
1216 5139 1551 5217 προσύλους,
1583 5162 1680 5201 eos
1723 5145 1822 5217 qui
1875 5146 2085 5200 aﬂ‘ectu

497 5327 575 5400 (η)
610 5326 760 5384 Psal.
793 5344 980 5396 LXXIV,
1015 5328 1070 5381 6.
1147 5327 1222 5396 (0)
1256 5327 1276 5381 Ι
1309 5327 1438 5382 Cor.
1469 5343 1547 5393 v1,
1579 5328 1634 5380 7.

2289 3278 2318 3350 §
2349 3278 2436 3334 ΙΧ.
2472 3276 2628 3333 Ἀλλ’
2655 3280 2803 3352 εεποι
2857 3281 2918 3335 ἄν
2949 3302 3054 3343 τις.
3089 3282 3232 3358 Πρὸς
3280 3283 3416 3346 τοὺς
3464 3282 3708 3358 λέγοντας
3739 3285 3831 3344 πῶς

2217 3365 2316 3419 οὐκ
2345 3363 2530 3429 ἄδικος
2561 3367 2588 3421 ὁ
2618 3368 2745 3429 Θεὸς
2778 3369 2804 3423 6
2838 3374 3137 3445 συγχωρῶν
3188 3369 3320 3433 τοὺς
3353 3368 3589 3434 δικαίους
3628 3370 3721 3427 ὐπὸ
3744 3374 3829 3424 τῶν

2217 3453 2441 3532 φαύλων
2473 3458 2762 3510 κατοῦσθαι
2798 3475 2812 3525 ;

2289 3542 2532 3606 Ἀλλως.
2584 3546 2841 3600 Ἐνταῦθα
2890 3550 3042 3616 ζητεῖ
3086 3546 3388 3626 κεφάλαιον
3440 3549 3680 3625 προτεθὲν
3719 3549 3832 3618 ἡμῖν

2218 3633 2322 3687 ὑπὸ
2377 3634 2580 3709 ἑτερου·
2641 3635 2773 3711 φησὶ
2827 3636 2950 3711 γάρ.
2984 3634 3145 3691 Εἴποι
3205 3638 3264 3691 ἄν
3327 3659 3434 3710 τις,
3493 3637 3580 3693 καὶ
3624 3638 3685 3691 τὰ
3735 3634 3831 3691 λοι-

2215 3723 2310 3790 πά,
2372 3718 2638 3795 λυόμενος
2693 3719 2926 3786 εὐσεϐῶς
2974 3725 3063 3779 καὶ
3114 3725 3411 3802 θεοφιλῶς·
3460 3726 3597 3803 λέγει
3643 3727 3734 3801 γάρ
3775 3721 3831 3777 δι’

2214 3809 2280 3878 ἢν
2337 3810 2508 3864 αἰτίαν
2565 3818 2844 3887 συγχωρεῖ
2902 3814 2929 3866 ὁ
2989 3814 3119 3877 Θεὸς
3167 3811 3380 3878 δίκαιος
3431 3811 3526 3883 ὤν,
3569 3812 3830 3876 ἀδικεῖσθαι

2212 3896 2344 3959 τοὺς
2401 3898 2577 3959 ὁσίους
2635 3896 2829 3972 ἄνδρας
2885 3901 2986 3955 ὑπὸ
3060 3899 3263 3957 ἀδίκων
3326 3903 3416 3958 καὶ
3475 3903 3825 3959 πλεονεκτῶν·

2213 3985 2479 4059 (πολλοὺς
2511 3987 2614 4062 γὰρ
2646 3989 2861 4063 ὁρῶμεν
2913 3987 3154 4052 δικαίους
3209 3993 3417 4064 ζημίας
3471 3993 3824 4065 ὐπομὲνοντας,

2211 4077 2246 4148 ἢ
2297 4075 2348 4131 ἐν
2407 4079 2712 4151 χρήμασιν,
2763 4079 2797 4148 ἢ
2850 4078 2900 4132 ἐν
2951 4081 3232 4154 πράγμασι
3291 4082 3448 4157 παρά
3499 4087 3604 4137 τῶν
3659 4079 3825 4135 ἀδίκων

2208 4165 2298 4220 καὶ
2350 4165 2741 4238 πλεονεκτῶν·)
2813 4168 2902 4221 καὶ
2980 4167 3340 4244 ἀπολογεῖται
3421 4171 3647 4242 δεξιῶς’
3703 4167 3822 4242 λέγει

2209 4254 2334 4329 γάρ,
2396 4253 2478 4309 ὅτι
2529 4255 2580 4309 oi
2631 4254 2771 4310 ὅσιοι
2823 4255 2922 4310 οὐκ
2982 4255 3265 4334 ὀφείλουσι
3324 4266 3442 4322 τοῖς
3499 4258 3705 4334 γηίνοις
3753 4255 3822 4310 καὶ

2207 4342 2564 4416 προσκαίροις
2622 4346 3019 4420 προσπάσχειν,
3070 4345 3185 4400 ἐπεὶ
3238 4347 3340 4403 οὐκ
3387 4346 3464 4403 ἔτι
3515 4348 3666 4402 ὅσιοι·
3719 4363 3824 4417 προ·

2204 4436 2367 4503 τιμᾷν
2421 4432 2523 4506 γὰρ
2584 4431 2865 4510 ὀφείλουσι
2923 4435 2989 4488 τά
3064 4431 3234 4497 ὅντως
3297 4437 3495 4512 ἐραστά
3547 4436 3633 4492 καὶ
3687 4436 3819 4488 θεῖα·

2128 4490 2176 4553 D
2203 4490 2509 4595 χρηξιάτὶυὸ
2536 4490 2638 4596 γὰρ
2687 4520 2982 4597 ἐφιέμενοι,
3017 4522 3116 4578 οὐκ
3146 4490 3233 4578 ἔτι⁷
3275 4490 3596 4583 ὅάιοίίμΚαί
3633 4522 3820 4579 λέλυται

2202 4611 2237 4677 ἡ
2268 4608 2555 4684 ἐρώτησις·
2605 4615 2768 4665 τοῦτο
2806 4612 2908 4687 γὰρ
2942 4613 2969 4665 6
3003 4617 3147 4676 θεῖος
3196 4613 3418 4678 Παῦλός
3468 4635 3619 4693 φησι,
3661 4610 3745 4666 Διά
3781 4606 3822 4661 τί

2201 4697 2302 4774 γὰρ
2360 4700 2434 4770 μὴ
2491 4697 2702 4771 μᾶλλον
2756 4697 3026 4765 ἀδικεῖσθε
3060 4747 3073 4770 ,
3108 4701 3281 4777 λέγων
3342 4706 3418 4778 μή
3471 4703 3592 4778 περὶ
3636 4701 3697 4756 τὰ
3743 4717 3818 4752 κο-

2201 4790 2372 4861 σμικά
2402 4787 2717 4859 ἐπτοῆσθαι·
2769 4791 2860 4844 καὶ
2909 4791 3076 4847 πάλιν
3137 4794 3230 4847 τὸν
3281 4800 3427 4859 θεῖον
3485 4793 3653 4870 ἔρωτα
3696 4791 3817 4856 sian-

2197 4878 2488 4953 γούμενος,
2519 4879 2643 4954 περί
2695 4880 2751 4934 ὃν
2801 4878 2923 4935 οὐτε
2973 4879 3176 4951 ἀδικία,
3213 4880 3339 4938 οὕτε
3382 4881 3660 4955 πλεονεξία
3687 4878 3817 4934 δύνα·

2197 4987 2282 5022 ται
2337 4970 2584 5042 γενέσθαι
2623 5011 2637 5035 ,
2696 4969 2828 5045 φησί
2863 4988 2876 5000 ·
2938 4970 3034 5034 Τίς
3101 4974 3248 5044 ἡμᾶς
3307 4973 3539 5049 χωρίσει
3594 4969 3689 5026 ἀπὸ
3736 4971 3815 5032 τῆς

2199 5055 2413 5129 ἀγάπης
2471 5062 2568 5111 τοῦ
2621 5060 2898 5132 Χριστοῦ,
2957 5058 3142 5133 θλίψις
3202 5060 3236 5130 ἢ
3293 5060 3631 5136 στενοχωρία
3680 5078 3692 5126 ;
3743 5052 3814 5108 καῖ

2196 5145 2262 5198 τά
2315 5144 2437 5217 ἑξῆς
2471 5190 2483 5202 .
2544 5145 2860 5222 Προσύλους
2921 5145 2978 5203 δὲ.
3037 5171 3168 5227 φησι
3219 5149 3350 5214 τοὺς
3409 5151 3694 5224 ἐμπαθεῖς,
3740 5140 3813 5196 καὶ

1713 5326 1790 5397 (p)
1823 5326 1991 5382 Rom.
2027 5343 2150 5393 VIII,
2182 5325 2268 5382 35.

1443 5522 1684 5579 VARI/13
1725 5523 2113 5579 LECTIONES
2153 5522 2241 5578 ET
2281 5523 2824 5581 CORRECTIONES.

489 5661 536 5746 7°,
558 5659 644 5713 Ἐν
672 5655 836 5746 ἑτέρω
867 5657 1039 5734 εὗρον·
1072 5663 1191 5719 τοῖς
1225 5658 1622 5746 ἓτεροκινήτοις
1651 5658 1749 5725 τὴν
1778 5655 2104 5726 αὐτοκίνητο

2220 5657 2422 5732 ’ἀγκηψ
2447 5661 2658 5746 lutatio
2687 5662 2875 5718 codice
2904 5664 3114 5722 inveni.
3145 5667 3262 5725 τοῖς
3306 5661 3684 5738 ἐτεροκινήτοις
3725 5671 3800 5707 αυ-

415 5732 705 5801 τοκίνητον
742 5731 1000 5805 ἀνάγκην,
1036 5732 1092 5788 id
1131 5735 1231 5802 est,
1263 5731 1493 5786 aliunde
1527 5733 1688 5786 motis
1715 5748 1748 5785 a
1777 5747 1833 5786 se
1866 5731 1984 5802 ipsa
2008 5742 2108 5787 moi

2244 5731 2645 5790 necessitatem.
