  <div class='ocr_page' id='page_1' title='image "/cluster/home/n/w/nwhite01/storage/ocr_20150623/4:no.2/coo.31924054872837/190.png"; bbox 0 0 4108 6382; ppageno 0'>
   <div class='ocr_carea' id='block_1_1' title="bbox 250 419 3681 484">
    <p class='ocr_par' dir='ltr' id='par_1_1' title="bbox 250 419 3681 484">
     <span class='ocr_line' id='line_1_1' title="bbox 250 419 3681 484; baseline 0.002 -10"><span class='ocrx_word' id='word_1_1' title='bbox 250 419 361 474; x_wconf 84' lang='lat'><strong>365</strong></span> <span class='ocrx_word' id='word_1_2' title='bbox 1021 425 1080 478; x_wconf 76' lang='grc' dir='ltr'>Β.</span> <span class='ocrx_word' id='word_1_3' title='bbox 1120 423 1394 478; x_wconf 77' lang='lat' dir='ltr'><strong>MAXIMI</strong></span> <span class='ocrx_word' id='word_1_4' title='bbox 1431 423 1738 480; x_wconf 66' lang='lat' dir='ltr'><strong>SCHOLIA</strong></span> <span class='ocrx_word' id='word_1_5' title='bbox 1777 423 1852 477; x_wconf 77' lang='lat' dir='ltr'><strong>IN</strong></span> <span class='ocrx_word' id='word_1_6' title='bbox 1892 421 2026 476; x_wconf 92' lang='lat' dir='ltr'><strong>LIB.</strong></span> <span class='ocrx_word' id='word_1_7' title='bbox 2067 423 2160 476; x_wconf 86' lang='lat' dir='ltr'><strong>DE</strong></span> <span class='ocrx_word' id='word_1_8' title='bbox 2199 425 2470 481; x_wconf 86' lang='lat' dir='ltr'><strong>DIVINIS</strong></span> <span class='ocrx_word' id='word_1_9' title='bbox 2509 427 2926 484; x_wconf 85' lang='lat' dir='ltr'><strong>NOMINIBUS.</strong></span> <span class='ocrx_word' id='word_1_10' title='bbox 3575 423 3681 480; x_wconf 86' lang='lat'><strong>366</strong></span> 
     </span>
    </p>
   </div>
   <div class='ocr_carea' id='block_1_2' title="bbox 254 542 1884 627">
    <p class='ocr_par' dir='ltr' id='par_1_2' title="bbox 254 542 1884 622">
     <span class='ocr_line' id='line_1_2' title="bbox 254 542 1884 622; baseline 0 -24"><span class='ocrx_word' id='word_1_11' title='bbox 254 544 450 615; x_wconf 83' lang='grc' dir='ltr'>μόνοις</span> <span class='ocrx_word' id='word_1_12' title='bbox 501 548 618 606; x_wconf 85' lang='grc' dir='ltr'>τοῖς</span> <span class='ocrx_word' id='word_1_13' title='bbox 662 543 880 619; x_wconf 74' lang='grc' dir='ltr'>γηΐνοις</span> <span class='ocrx_word' id='word_1_14' title='bbox 921 545 1318 620; x_wconf 74' lang='grc' dir='ltr'><strong>προκειμένους</strong></span> <span class='ocrx_word' id='word_1_15' title='bbox 1352 564 1364 576; x_wconf 84' lang='lat'><strong><em>°</em></strong></span> <span class='ocrx_word' id='word_1_16' title='bbox 1398 542 1884 622; x_wconf 79' lang='grc' dir='ltr'>παρευδοκιμεῖσθα</span> 
     </span>
    </p>
   </div>
   <div class='ocr_carea' id='block_1_3' title="bbox 2007 542 3684 627">
    <p class='ocr_par' dir='ltr' id='par_1_3' title="bbox 2027 545 3684 627">
     <span class='ocr_line' id='line_1_3' title="bbox 2027 545 3684 627; baseline 0.002 -26"><span class='ocrx_word' id='word_1_17' title='bbox 2027 545 2129 602; x_wconf 93' lang='lat' dir='ltr'><strong>illo</strong></span> <span class='ocrx_word' id='word_1_18' title='bbox 2161 551 2509 620; x_wconf 89' lang='lat' dir='ltr'><strong>tanguntur,</strong></span> <span class='ocrx_word' id='word_1_19' title='bbox 2541 554 2599 606; x_wconf 89' lang='lat' dir='ltr'><strong>et</strong></span> <span class='ocrx_word' id='word_1_20' title='bbox 2628 550 2772 607; x_wconf 89' lang='lat' dir='ltr'><strong>solis</strong></span> <span class='ocrx_word' id='word_1_21' title='bbox 2810 551 3060 607; x_wconf 81' lang='lat' dir='ltr'><strong>terrenis</strong></span> <span class='ocrx_word' id='word_1_22' title='bbox 3110 551 3396 608; x_wconf 67' lang='lat' dir='ltr'><strong>inhmrent</strong></span> <span class='ocrx_word' id='word_1_23' title='bbox 3432 567 3445 607; x_wconf 90' lang='lat'><strong>:</strong></span> <span class='ocrx_word' id='word_1_24' title='bbox 3487 571 3684 627; x_wconf 80' lang='grc' dir='ltr'>παρευ-</span> 
     </span>
    </p>
   </div>
   <div class='ocr_carea' id='block_1_4' title="bbox 248 630 1884 712">
    <p class='ocr_par' dir='ltr' id='par_1_4' title="bbox 248 630 1468 711">
     <span class='ocr_line' id='line_1_4' title="bbox 248 630 1468 711; baseline 0 -23"><span class='ocrx_word' id='word_1_25' title='bbox 248 630 307 689; x_wconf 79' lang='grc' dir='ltr'><strong>δὲ</strong></span> <span class='ocrx_word' id='word_1_26' title='bbox 335 635 456 689; x_wconf 76' lang='grc' dir='ltr'>ἐστι</span> <span class='ocrx_word' id='word_1_27' title='bbox 483 635 545 690; x_wconf 88' lang='grc' dir='ltr'>τὸ</span> <span class='ocrx_word' id='word_1_28' title='bbox 572 630 814 704; x_wconf 82' lang='grc' dir='ltr'>ἡττὸνως</span> <span class='ocrx_word' id='word_1_29' title='bbox 843 633 1132 707; x_wconf 82' lang='grc' dir='ltr'><strong>εὐδόκιμον</strong></span> <span class='ocrx_word' id='word_1_30' title='bbox 1166 634 1468 711; x_wconf 80' lang='grc' dir='ltr'>φαίνεσθαι,</span> 
     </span>
    </p>
   </div>
   <div class='ocr_carea' id='block_1_5' title="bbox 2007 630 3413 712">
    <p class='ocr_par' dir='ltr' id='par_1_5' title="bbox 2027 630 3413 712">
     <span class='ocr_line' id='line_1_5' title="bbox 2027 630 3413 712; baseline 0.006 -25"><span class='ocrx_word' id='word_1_31' title='bbox 2027 630 2370 709; x_wconf 84' lang='grc' dir='ltr'>δοκιμεῖσθαι</span> <span class='ocrx_word' id='word_1_32' title='bbox 2400 655 2535 696; x_wconf 86' lang='lat' dir='ltr'><strong>vero</strong></span> <span class='ocrx_word' id='word_1_33' title='bbox 2559 644 2648 696; x_wconf 89' lang='lat' dir='ltr'><strong>est</strong></span> <span class='ocrx_word' id='word_1_34' title='bbox 2680 640 2878 696; x_wconf 88' lang='lat' dir='ltr'><strong>minus</strong></span> <span class='ocrx_word' id='word_1_35' title='bbox 2911 641 3164 712; x_wconf 91' lang='lat' dir='ltr'><strong>probum</strong></span> <span class='ocrx_word' id='word_1_36' title='bbox 3209 640 3413 697; x_wconf 88' lang='lat' dir='ltr'><strong>videri.</strong></span> 
     </span>
    </p>
   </div>
   <div class='ocr_carea' id='block_1_6' title="bbox 321 721 1884 801">
    <p class='ocr_par' dir='ltr' id='par_1_6' title="bbox 321 721 1884 800">
     <span class='ocr_line' id='line_1_6' title="bbox 321 721 1884 800; baseline -0.003 -20"><span class='ocrx_word' id='word_1_37' title='bbox 321 726 465 784; x_wconf 83' lang='grc' dir='ltr'>Ταῖς</span> <span class='ocrx_word' id='word_1_38' title='bbox 543 721 864 800; x_wconf 65' lang='grc' dir='ltr'>ἀηελικαῖς</span> <span class='ocrx_word' id='word_1_39' title='bbox 945 723 1182 800; x_wconf 78' lang='grc' dir='ltr'>ἀρεταῖς.</span> <span class='ocrx_word' id='word_1_40' title='bbox 1254 725 1381 779; x_wconf 78' lang='grc' dir='ltr'>’Ότι</span> <span class='ocrx_word' id='word_1_41' title='bbox 1450 721 1637 785; x_wconf 79' lang='grc' dir='ltr'>καλῶς</span> <span class='ocrx_word' id='word_1_42' title='bbox 1701 721 1884 797; x_wconf 74' lang='grc' dir='ltr'>λέγεται</span> 
     </span>
    </p>
   </div>
   <div class='ocr_carea' id='block_1_7' title="bbox 2007 721 3676 801">
    <p class='ocr_par' dir='ltr' id='par_1_7' title="bbox 2093 729 3676 801">
     <span class='ocr_line' id='line_1_7' title="bbox 2093 729 3676 801; baseline 0.004 -20"><span class='ocrx_word' id='word_1_43' title='bbox 2093 729 2193 783; x_wconf 66' lang='lat' dir='ltr'><strong>Ad</strong></span> <span class='ocrx_word' id='word_1_44' title='bbox 2207 730 2486 799; x_wconf 86' lang='lat' dir='ltr'><strong>angelicas</strong></span> <span class='ocrx_word' id='word_1_45' title='bbox 2508 731 2759 786; x_wconf 77' lang='lat' dir='ltr'><strong>virtutes.</strong></span> <span class='ocrx_word' id='word_1_46' title='bbox 2786 729 3074 785; x_wconf 74' lang='lat' dir='ltr'><strong>Virtutem</strong></span> <span class='ocrx_word' id='word_1_47' title='bbox 3097 730 3468 801; x_wconf 89' lang='lat' dir='ltr'><strong>pulchredici</strong></span> <span class='ocrx_word' id='word_1_48' title='bbox 3497 731 3676 788; x_wconf 87' lang='lat' dir='ltr'><strong>etiam</strong></span> 
     </span>
    </p>
   </div>
   <div class='ocr_carea' id='block_1_8' title="bbox 247 811 1884 889">
    <p class='ocr_par' dir='ltr' id='par_1_8' title="bbox 247 811 1884 888">
     <span class='ocr_line' id='line_1_8' title="bbox 247 811 1884 888; baseline -0.001 -21"><span class='ocrx_word' id='word_1_49' title='bbox 247 812 336 867; x_wconf 82' lang='grc' dir='ltr'><strong>καὶ</strong></span> <span class='ocrx_word' id='word_1_50' title='bbox 393 813 479 867; x_wconf 83' lang='grc' dir='ltr'><strong>ἐπ’</strong></span> <span class='ocrx_word' id='word_1_51' title='bbox 528 811 783 888; x_wconf 78' lang='grc' dir='ltr'>ἀγγέλων</span> <span class='ocrx_word' id='word_1_52' title='bbox 830 812 1018 887; x_wconf 77' lang='grc' dir='ltr'>ἀρετὴ,</span> <span class='ocrx_word' id='word_1_53' title='bbox 1071 811 1254 887; x_wconf 74' lang='grc' dir='ltr'>ὥσπερ</span> <span class='ocrx_word' id='word_1_54' title='bbox 1303 813 1390 867; x_wconf 76' lang='grc' dir='ltr'><strong>καὶ</strong></span> <span class='ocrx_word' id='word_1_55' title='bbox 1445 811 1533 867; x_wconf 78' lang='grc' dir='ltr'>έπί</span> <span class='ocrx_word' id='word_1_56' title='bbox 1582 816 1736 879; x_wconf 80' lang='grc' dir='ltr'>Θεοῦ,</span> <span class='ocrx_word' id='word_1_57' title='bbox 1777 833 1884 866; x_wconf 88' lang='grc' dir='ltr'>κατι</span> 
     </span>
    </p>
   </div>
   <div class='ocr_carea' id='block_1_9' title="bbox 2007 811 3675 889">
    <p class='ocr_par' dir='ltr' id='par_1_9' title="bbox 2023 815 3675 889">
     <span class='ocr_line' id='line_1_9' title="bbox 2023 815 3675 889; baseline 0.004 -19"><span class='ocrx_word' id='word_1_58' title='bbox 2023 815 2094 870; x_wconf 86' lang='lat' dir='ltr'><strong>de</strong></span> <span class='ocrx_word' id='word_1_59' title='bbox 2120 817 2368 888; x_wconf 83' lang='lat' dir='ltr'><strong>angelis,</strong></span> <span class='ocrx_word' id='word_1_60' title='bbox 2401 819 2554 874; x_wconf 83' lang='lat' dir='ltr'><strong>sicut</strong></span> <span class='ocrx_word' id='word_1_61' title='bbox 2574 823 2631 874; x_wconf 90' lang='lat' dir='ltr'><strong>et</strong></span> <span class='ocrx_word' id='word_1_62' title='bbox 2661 820 2732 874; x_wconf 88' lang='lat' dir='ltr'><strong>de</strong></span> <span class='ocrx_word' id='word_1_63' title='bbox 2769 821 2902 889; x_wconf 90' lang='lat' dir='ltr'><strong>Deo,</strong></span> <span class='ocrx_word' id='word_1_64' title='bbox 2927 820 3100 889; x_wconf 83' lang='lat' dir='ltr'><strong>juxta</strong></span> <span class='ocrx_word' id='word_1_65' title='bbox 3123 819 3301 888; x_wconf 56' lang='lat' dir='ltr'><strong>illudﬁ:</strong></span> <span class='ocrx_word' id='word_1_66' title='bbox 3322 819 3546 875; x_wconf 81' lang='lat' dir='ltr'><strong>Velavit</strong></span> <span class='ocrx_word' id='word_1_67' title='bbox 3565 838 3675 876; x_wconf 77' lang='lat' dir='ltr'><strong>cm-</strong></span> 
     </span>
    </p>
   </div>
   <div class='ocr_carea' id='block_1_10' title="bbox 244 901 1884 981">
    <p class='ocr_par' dir='ltr' id='par_1_10' title="bbox 244 901 1884 977">
     <span class='ocr_line' id='line_1_10' title="bbox 244 901 1884 977; baseline -0.002 -19"><span class='ocrx_word' id='word_1_68' title='bbox 244 903 330 971; x_wconf 87' lang='grc' dir='ltr'><strong>τὸ,</strong></span> <span class='ocrx_word' id='word_1_69' title='bbox 392 902 698 976; x_wconf 80' lang='grc' dir='ltr'>Ἐκάλυψεν</span> <span class='ocrx_word' id='word_1_70' title='bbox 771 901 1036 977; x_wconf 80' lang='grc' dir='ltr'>οὐρανοὺς</span> <span class='ocrx_word' id='word_1_71' title='bbox 1083 904 1118 972; x_wconf 78' lang='grc' dir='ltr'><strong>ἡ</strong></span> <span class='ocrx_word' id='word_1_72' title='bbox 1178 903 1342 976; x_wconf 85' lang='grc' dir='ltr'>ἀρετη</span> <span class='ocrx_word' id='word_1_73' title='bbox 1403 902 1572 957; x_wconf 81' lang='grc' dir='ltr'>αὐτοῦ</span> <span class='ocrx_word' id='word_1_74' title='bbox 1607 921 1619 934; x_wconf 90' lang='grc'>·</span> <span class='ocrx_word' id='word_1_75' title='bbox 1679 902 1770 957; x_wconf 88' lang='grc' dir='ltr'><strong>καὶ</strong></span> <span class='ocrx_word' id='word_1_76' title='bbox 1826 901 1884 956; x_wconf 81' lang='grc' dir='ltr'>ὅτ</span> 
     </span>
    </p>
   </div>
   <div class='ocr_carea' id='block_1_11' title="bbox 2007 901 3674 981">
    <p class='ocr_par' dir='ltr' id='par_1_11' title="bbox 2021 902 3674 981">
     <span class='ocr_line' id='line_1_11' title="bbox 2021 902 3674 981; baseline 0.005 -23"><span class='ocrx_word' id='word_1_77' title='bbox 2021 902 2109 960; x_wconf 90' lang='lat' dir='ltr'><strong>los</strong></span> <span class='ocrx_word' id='word_1_78' title='bbox 2140 906 2326 962; x_wconf 87' lang='lat' dir='ltr'><strong>virtus</strong></span> <span class='ocrx_word' id='word_1_79' title='bbox 2354 907 2403 978; x_wconf 94' lang='lat' dir='ltr'><strong>ej</strong></span> <span class='ocrx_word' id='word_1_80' title='bbox 2417 924 2520 975; x_wconf 87' lang='lat' dir='ltr'><strong>us;</strong></span> <span class='ocrx_word' id='word_1_81' title='bbox 2553 911 2728 979; x_wconf 89' lang='lat' dir='ltr'><strong>atque</strong></span> <span class='ocrx_word' id='word_1_82' title='bbox 2761 925 2890 964; x_wconf 88' lang='lat' dir='ltr'><strong>esse</strong></span> <span class='ocrx_word' id='word_1_83' title='bbox 2913 908 3121 964; x_wconf 68' lang='lat' dir='ltr'><strong>divinae</strong></span> <span class='ocrx_word' id='word_1_84' title='bbox 3149 907 3525 979; x_wconf 62' lang='lat' dir='ltr'><strong>providentia;</strong></span> <span class='ocrx_word' id='word_1_85' title='bbox 3545 927 3674 981; x_wconf 80' lang='lat' dir='ltr'><strong>per-</strong></span> 
     </span>
    </p>
   </div>
   <div class='ocr_carea' id='block_1_12' title="bbox 247 989 1884 1070">
    <p class='ocr_par' dir='ltr' id='par_1_12' title="bbox 247 989 1881 1068">
     <span class='ocr_line' id='line_1_12' title="bbox 247 989 1881 1068; baseline -0.001 -22"><span class='ocrx_word' id='word_1_86' title='bbox 247 989 560 1055; x_wconf 77' lang='grc' dir='ltr'>ἁδικεῖσθαι</span> <span class='ocrx_word' id='word_1_87' title='bbox 616 991 745 1054; x_wconf 82' lang='grc' dir='ltr'>τοὺς</span> <span class='ocrx_word' id='word_1_88' title='bbox 798 993 920 1067; x_wconf 84' lang='grc' dir='ltr'>περὶ</span> <span class='ocrx_word' id='word_1_89' title='bbox 982 993 1049 1046; x_wconf 79' lang='grc' dir='ltr'>τὰ</span> <span class='ocrx_word' id='word_1_90' title='bbox 1100 990 1264 1047; x_wconf 86' lang='grc' dir='ltr'>ὑλικά</span> <span class='ocrx_word' id='word_1_91' title='bbox 1288 990 1584 1068; x_wconf 87' lang='grc' dir='ltr'>πράγματα</span> <span class='ocrx_word' id='word_1_92' title='bbox 1612 999 1711 1061; x_wconf 78' lang='grc' dir='ltr'>τῆς</span> <span class='ocrx_word' id='word_1_93' title='bbox 1767 989 1881 1054; x_wconf 87' lang='grc' dir='ltr'>θεία</span> 
     </span>
    </p>
   </div>
   <div class='ocr_carea' id='block_1_13' title="bbox 2007 989 3676 1070">
    <p class='ocr_par' dir='ltr' id='par_1_13' title="bbox 2020 993 3676 1070">
     <span class='ocr_line' id='line_1_13' title="bbox 2020 993 3676 1070; baseline 0.004 -23"><span class='ocrx_word' id='word_1_94' title='bbox 2020 993 2273 1060; x_wconf 77' lang='lat' dir='ltr'><strong>mittere,</strong></span> <span class='ocrx_word' id='word_1_95' title='bbox 2339 1013 2468 1067; x_wconf 75' lang='lat' dir='ltr'><strong>quae</strong></span> <span class='ocrx_word' id='word_1_96' title='bbox 2523 1013 2622 1052; x_wconf 92' lang='lat' dir='ltr'><strong>eos</strong></span> <span class='ocrx_word' id='word_1_97' title='bbox 2695 997 3011 1053; x_wconf 84' lang='lat' dir='ltr'><strong>assuelacit</strong></span> <span class='ocrx_word' id='word_1_98' title='bbox 3073 997 3361 1053; x_wconf 81' lang='lat' dir='ltr'><strong>diviniora</strong></span> <span class='ocrx_word' id='word_1_99' title='bbox 3436 1003 3676 1070; x_wconf 89' lang='lat' dir='ltr'><strong>appete-</strong></span> 
     </span>
    </p>
   </div>
   <div class='ocr_carea' id='block_1_14' title="bbox 239 1079 1884 1159">
    <p class='ocr_par' dir='ltr' id='par_1_14' title="bbox 239 1079 1884 1156">
     <span class='ocr_line' id='line_1_14' title="bbox 239 1079 1884 1156; baseline -0.001 -20"><span class='ocrx_word' id='word_1_100' title='bbox 239 1081 356 1136; x_wconf 85' lang='grc' dir='ltr'><strong>ἐστὶ</strong></span> <span class='ocrx_word' id='word_1_101' title='bbox 420 1080 684 1156; x_wconf 84' lang='grc' dir='ltr'>προνοίας</span> <span class='ocrx_word' id='word_1_102' title='bbox 762 1079 1147 1152; x_wconf 80' lang='grc' dir='ltr'>συνεθιζούσης</span> <span class='ocrx_word' id='word_1_103' title='bbox 1207 1081 1406 1143; x_wconf 79' lang='grc' dir='ltr'>αὐτοὺς</span> <span class='ocrx_word' id='word_1_104' title='bbox 1459 1085 1569 1137; x_wconf 82' lang='grc' dir='ltr'><strong>τῶν</strong></span> <span class='ocrx_word' id='word_1_105' title='bbox 1621 1079 1884 1156; x_wconf 86' lang='grc' dir='ltr'>θειοτέρω·</span> 
     </span>
    </p>
   </div>
   <div class='ocr_carea' id='block_1_15' title="bbox 2007 1079 3676 1159">
    <p class='ocr_par' dir='ltr' id='par_1_15' title="bbox 2018 1085 3676 1159">
     <span class='ocr_line' id='line_1_15' title="bbox 2018 1085 3676 1159; baseline 0.004 -22"><span class='ocrx_word' id='word_1_106' title='bbox 2018 1099 2100 1149; x_wconf 90' lang='lat' dir='ltr'><strong>re,</strong></span> <span class='ocrx_word' id='word_1_107' title='bbox 2133 1085 2359 1155; x_wconf 85' lang='lat' dir='ltr'><strong>utjusti</strong></span> <span class='ocrx_word' id='word_1_108' title='bbox 2389 1085 2450 1141; x_wconf 91' lang='lat' dir='ltr'><strong>in</strong></span> <span class='ocrx_word' id='word_1_109' title='bbox 2474 1086 2882 1142; x_wconf 89' lang='lat' dir='ltr'><strong>materialibus</strong></span> <span class='ocrx_word' id='word_1_110' title='bbox 2898 1087 3149 1159; x_wconf 83' lang='lat' dir='ltr'><strong>negotiis</strong></span> <span class='ocrx_word' id='word_1_111' title='bbox 3173 1087 3387 1158; x_wconf 87' lang='lat' dir='ltr'><strong>injuria</strong></span> <span class='ocrx_word' id='word_1_112' title='bbox 3409 1088 3676 1144; x_wconf 79' lang='lat' dir='ltr'><strong>affician—</strong></span> 
     </span>
    </p>
   </div>
   <div class='ocr_carea' id='block_1_16' title="bbox 232 1171 1884 1248">
    <p class='ocr_par' dir='ltr' id='par_1_16' title="bbox 232 1171 510 1248">
     <span class='ocr_line' id='line_1_16' title="bbox 232 1171 510 1248; baseline 0.004 -23"><span class='ocrx_word' id='word_1_113' title='bbox 232 1171 510 1248; x_wconf 74' lang='grc' dir='ltr'>ἐφίεσθαι.</span> 
     </span>
    </p>
   </div>
   <div class='ocr_carea' id='block_1_17' title="bbox 2007 1171 2135 1248">
    <p class='ocr_par' dir='ltr' id='par_1_17' title="bbox 2017 1177 2135 1228">
     <span class='ocr_line' id='line_1_17' title="bbox 2017 1177 2135 1228; baseline 0.008 -1"><span class='ocrx_word' id='word_1_114' title='bbox 2017 1177 2135 1228; x_wconf 88' lang='lat' dir='ltr'><strong>tur.</strong></span> 
     </span>
    </p>
   </div>
   <div class='ocr_carea' id='block_1_18' title="bbox 307 1257 1884 1338">
    <p class='ocr_par' dir='ltr' id='par_1_18' title="bbox 307 1257 1881 1337">
     <span class='ocr_line' id='line_1_18' title="bbox 307 1257 1881 1337; baseline 0 -23"><span class='ocrx_word' id='word_1_115' title='bbox 307 1263 424 1325; x_wconf 79' lang='grc' dir='ltr'><strong>Τῆς</strong></span> <span class='ocrx_word' id='word_1_116' title='bbox 482 1265 592 1315; x_wconf 81' lang='grc' dir='ltr'><strong>τῶν</strong></span> <span class='ocrx_word' id='word_1_117' title='bbox 649 1257 852 1314; x_wconf 83' lang='grc' dir='ltr'>ὑλικῶν</span> <span class='ocrx_word' id='word_1_118' title='bbox 913 1259 1312 1337; x_wconf 81' lang='grc' dir='ltr'>προσπαθείας.</span> <span class='ocrx_word' id='word_1_119' title='bbox 1357 1262 1501 1334; x_wconf 78' lang='grc' dir='ltr'>’Όρα</span> <span class='ocrx_word' id='word_1_120' title='bbox 1548 1260 1667 1323; x_wconf 80' lang='grc' dir='ltr'><strong>πῶς</strong></span> <span class='ocrx_word' id='word_1_121' title='bbox 1715 1280 1881 1337; x_wconf 78' lang='grc' dir='ltr'>φησιν</span> 
     </span>
    </p>
   </div>
   <div class='ocr_carea' id='block_1_19' title="bbox 2007 1257 3677 1338">
    <p class='ocr_par' dir='ltr' id='par_1_19' title="bbox 2087 1265 3677 1338">
     <span class='ocr_line' id='line_1_19' title="bbox 2087 1265 3677 1338; baseline 0.003 -19"><span class='ocrx_word' id='word_1_122' title='bbox 2087 1266 2126 1319; x_wconf 88' lang='grc' dir='ltr'><em>Α</em></span> <span class='ocrx_word' id='word_1_123' title='bbox 2174 1265 2558 1320; x_wconf 87' lang='lat' dir='ltr'><strong>materialium</strong></span> <span class='ocrx_word' id='word_1_124' title='bbox 2624 1267 2934 1337; x_wconf 71' lang='lat' dir='ltr'><strong>affectione.</strong></span> <span class='ocrx_word' id='word_1_125' title='bbox 2974 1267 3124 1322; x_wconf 82' lang='lat' dir='ltr'><strong>Vide</strong></span> <span class='ocrx_word' id='word_1_126' title='bbox 3173 1267 3469 1338; x_wconf 90' lang='lat' dir='ltr'><strong>quomodo</strong></span> <span class='ocrx_word' id='word_1_127' title='bbox 3499 1267 3677 1337; x_wconf 83' lang='lat' dir='ltr'><strong>dicat,</strong></span> 
     </span>
    </p>
   </div>
   <div class='ocr_carea' id='block_1_20' title="bbox 227 1347 1884 1427">
    <p class='ocr_par' dir='ltr' id='par_1_20' title="bbox 227 1347 1884 1424">
     <span class='ocr_line' id='line_1_20' title="bbox 227 1347 1884 1424; baseline -0.001 -20"><span class='ocrx_word' id='word_1_128' title='bbox 227 1351 321 1405; x_wconf 74' lang='grc' dir='ltr'><strong>ὅτι</strong></span> <span class='ocrx_word' id='word_1_129' title='bbox 354 1350 423 1404; x_wconf 86' lang='grc' dir='ltr'>τὸ</span> <span class='ocrx_word' id='word_1_130' title='bbox 459 1351 536 1423; x_wconf 78' lang='grc' dir='ltr'>μή</span> <span class='ocrx_word' id='word_1_131' title='bbox 587 1351 963 1424; x_wconf 79' lang='grc' dir='ltr'>προσπάσχειν</span> <span class='ocrx_word' id='word_1_132' title='bbox 1021 1355 1138 1413; x_wconf 84' lang='grc' dir='ltr'>τοῖς</span> <span class='ocrx_word' id='word_1_133' title='bbox 1183 1347 1397 1411; x_wconf 86' lang='grc' dir='ltr'>ὑλικοῖς</span> <span class='ocrx_word' id='word_1_134' title='bbox 1442 1348 1755 1424; x_wconf 81' lang='grc' dir='ltr'><strong>πράγμασιν</strong></span> <span class='ocrx_word' id='word_1_135' title='bbox 1804 1348 1884 1424; x_wconf 74' lang='grc' dir='ltr'><strong>ἀρ·</strong></span> 
     </span>
    </p>
   </div>
   <div class='ocr_carea' id='block_1_21' title="bbox 2007 1347 3675 1427">
    <p class='ocr_par' dir='ltr' id='par_1_21' title="bbox 2014 1353 3675 1427">
     <span class='ocr_line' id='line_1_21' title="bbox 2014 1353 3675 1427; baseline 0.002 -19"><span class='ocrx_word' id='word_1_136' title='bbox 2014 1353 2344 1409; x_wconf 86' lang='lat' dir='ltr'><strong>masculum</strong></span> <span class='ocrx_word' id='word_1_137' title='bbox 2365 1355 2626 1410; x_wconf 90' lang='lat' dir='ltr'><strong>animum</strong></span> <span class='ocrx_word' id='word_1_138' title='bbox 2645 1372 2759 1427; x_wconf 82' lang='lat' dir='ltr'><strong>prae</strong></span> <span class='ocrx_word' id='word_1_139' title='bbox 2774 1373 2836 1411; x_wconf 89' lang='lat' dir='ltr'><strong>se</strong></span> <span class='ocrx_word' id='word_1_140' title='bbox 2850 1358 3000 1412; x_wconf 83' lang='lat' dir='ltr'><strong>ferre</strong></span> <span class='ocrx_word' id='word_1_141' title='bbox 3020 1356 3118 1427; x_wconf 89' lang='lat' dir='ltr'><strong>qui</strong></span> <span class='ocrx_word' id='word_1_142' title='bbox 3139 1355 3547 1412; x_wconf 88' lang='lat' dir='ltr'><strong>materialibus</strong></span> <span class='ocrx_word' id='word_1_143' title='bbox 3572 1357 3675 1412; x_wconf 94' lang='lat' dir='ltr'><strong>bo-</strong></span> 
     </span>
    </p>
   </div>
   <div class='ocr_carea' id='block_1_22' title="bbox 229 1435 1884 1517">
    <p class='ocr_par' dir='ltr' id='par_1_22' title="bbox 229 1435 1884 1515">
     <span class='ocr_line' id='line_1_22' title="bbox 229 1435 1884 1515; baseline -0.001 -22"><span class='ocrx_word' id='word_1_144' title='bbox 229 1438 514 1514; x_wconf 78' lang='grc' dir='ltr'>ῥενότητα</span> <span class='ocrx_word' id='word_1_145' title='bbox 546 1436 733 1512; x_wconf 78' lang='grc' dir='ltr'>δηλοῖ,</span> <span class='ocrx_word' id='word_1_146' title='bbox 766 1438 1037 1494; x_wconf 75' lang='grc' dir='ltr'>τουτέστιν</span> <span class='ocrx_word' id='word_1_147' title='bbox 1073 1435 1292 1514; x_wconf 80' lang='grc' dir='ltr'>ἀνδρίαν</span> <span class='ocrx_word' id='word_1_148' title='bbox 1321 1458 1333 1470; x_wconf 88' lang='grc'>·</span> <span class='ocrx_word' id='word_1_149' title='bbox 1369 1439 1420 1493; x_wconf 73' lang='grc' dir='ltr'><strong>οἱ</strong></span> <span class='ocrx_word' id='word_1_150' title='bbox 1462 1440 1564 1515; x_wconf 83' lang='grc' dir='ltr'>γὰρ</span> <span class='ocrx_word' id='word_1_151' title='bbox 1610 1436 1884 1494; x_wconf 85' lang='grc' dir='ltr'><strong>δουλεύον⁴</strong></span> 
     </span>
    </p>
   </div>
   <div class='ocr_carea' id='block_1_23' title="bbox 2007 1435 3670 1517">
    <p class='ocr_par' dir='ltr' id='par_1_23' title="bbox 2013 1443 3670 1517">
     <span class='ocr_line' id='line_1_23' title="bbox 2013 1443 3670 1517; baseline 0.002 -20"><span class='ocrx_word' id='word_1_152' title='bbox 2013 1443 2106 1498; x_wconf 88' lang='lat' dir='ltr'><strong>nis</strong></span> <span class='ocrx_word' id='word_1_153' title='bbox 2137 1461 2249 1499; x_wconf 89' lang='lat' dir='ltr'><strong>non</strong></span> <span class='ocrx_word' id='word_1_154' title='bbox 2284 1444 2562 1511; x_wconf 69' lang='lat' dir='ltr'><strong>adhaeret,</strong></span> <span class='ocrx_word' id='word_1_155' title='bbox 2589 1445 2645 1500; x_wconf 91' lang='lat' dir='ltr'><strong>id</strong></span> <span class='ocrx_word' id='word_1_156' title='bbox 2676 1449 2765 1502; x_wconf 90' lang='lat' dir='ltr'><strong>est</strong></span> <span class='ocrx_word' id='word_1_157' title='bbox 2797 1446 3208 1501; x_wconf 84' lang='lat' dir='ltr'><strong>fortitudinem</strong></span> <span class='ocrx_word' id='word_1_158' title='bbox 3258 1445 3528 1514; x_wconf 80' lang='lat' dir='ltr'><strong>virilem;</strong></span> <span class='ocrx_word' id='word_1_159' title='bbox 3569 1447 3670 1517; x_wconf 89' lang='lat' dir='ltr'><strong>qui</strong></span> 
     </span>
    </p>
   </div>
   <div class='ocr_carea' id='block_1_24' title="bbox 221 1525 1884 1607">
    <p class='ocr_par' dir='ltr' id='par_1_24' title="bbox 221 1525 1884 1601">
     <span class='ocr_line' id='line_1_24' title="bbox 221 1525 1884 1601; baseline -0.001 -18"><span class='ocrx_word' id='word_1_160' title='bbox 221 1549 318 1589; x_wconf 85' lang='grc' dir='ltr'><strong>τες</strong></span> <span class='ocrx_word' id='word_1_161' title='bbox 362 1533 664 1600; x_wconf 83' lang='grc' dir='ltr'>κοσμικοῖς</span> <span class='ocrx_word' id='word_1_162' title='bbox 712 1528 802 1582; x_wconf 84' lang='grc' dir='ltr'><strong>καὶ</strong></span> <span class='ocrx_word' id='word_1_163' title='bbox 851 1533 1189 1601; x_wconf 83' lang='grc' dir='ltr'><strong>σωματικοῖς</strong></span> <span class='ocrx_word' id='word_1_164' title='bbox 1237 1528 1429 1592; x_wconf 84' lang='grc' dir='ltr'>πάθεσι</span> <span class='ocrx_word' id='word_1_165' title='bbox 1478 1525 1770 1600; x_wconf 86' lang='grc' dir='ltr'>θηλυδρίαι</span> <span class='ocrx_word' id='word_1_166' title='bbox 1821 1526 1884 1582; x_wconf 77' lang='grc' dir='ltr'><strong>εἲ-</strong></span> 
     </span>
    </p>
   </div>
   <div class='ocr_carea' id='block_1_25' title="bbox 2007 1525 3664 1607">
    <p class='ocr_par' dir='ltr' id='par_1_25' title="bbox 2009 1529 3664 1607">
     <span class='ocr_line' id='line_1_25' title="bbox 2009 1529 3664 1607; baseline 0.003 -21"><span class='ocrx_word' id='word_1_167' title='bbox 2009 1533 2164 1588; x_wconf 90' lang='lat' dir='ltr'><strong>enim</strong></span> <span class='ocrx_word' id='word_1_168' title='bbox 2197 1534 2515 1590; x_wconf 85' lang='lat' dir='ltr'><strong>mundanis</strong></span> <span class='ocrx_word' id='word_1_169' title='bbox 2557 1529 2623 1590; x_wconf 89' lang='lat' dir='ltr'><strong>ac</strong></span> <span class='ocrx_word' id='word_1_170' title='bbox 2668 1535 2963 1607; x_wconf 86' lang='lat' dir='ltr'><strong>corporeis</strong></span> <span class='ocrx_word' id='word_1_171' title='bbox 3014 1535 3422 1591; x_wconf 71' lang='lat' dir='ltr'><strong>affectionibus</strong></span> <span class='ocrx_word' id='word_1_172' title='bbox 3465 1537 3664 1591; x_wconf 87' lang='lat' dir='ltr'><strong>deser-</strong></span> 
     </span>
    </p>
   </div>
   <div class='ocr_carea' id='block_1_26' title="bbox 220 1615 1884 1693">
    <p class='ocr_par' dir='ltr' id='par_1_26' title="bbox 220 1615 1884 1693">
     <span class='ocr_line' id='line_1_26' title="bbox 220 1615 1884 1693; baseline -0.001 -21"><span class='ocrx_word' id='word_1_173' title='bbox 220 1617 416 1680; x_wconf 82' lang='grc' dir='ltr'>κὸτως</span> <span class='ocrx_word' id='word_1_174' title='bbox 474 1617 998 1693; x_wconf 77' lang='grc' dir='ltr'>προσαγορεύονται.</span> <span class='ocrx_word' id='word_1_175' title='bbox 1042 1616 1140 1672; x_wconf 72' lang='grc' dir='ltr'>Καὶ</span> <span class='ocrx_word' id='word_1_176' title='bbox 1190 1616 1274 1672; x_wconf 81' lang='grc' dir='ltr'><strong>ὅτι</strong></span> <span class='ocrx_word' id='word_1_177' title='bbox 1326 1620 1360 1687; x_wconf 82' lang='grc' dir='ltr'>ἡ</span> <span class='ocrx_word' id='word_1_178' title='bbox 1413 1617 1530 1672; x_wconf 83' lang='grc' dir='ltr'>Θεία</span> <span class='ocrx_word' id='word_1_179' title='bbox 1581 1615 1884 1671; x_wconf 74' lang='grc' dir='ltr'>δικαιοσύντ</span> 
     </span>
    </p>
   </div>
   <div class='ocr_carea' id='block_1_27' title="bbox 2007 1615 3662 1693">
    <p class='ocr_par' dir='ltr' id='par_1_27' title="bbox 2007 1622 3662 1691">
     <span class='ocr_line' id='line_1_27' title="bbox 2007 1622 3662 1691; baseline 0.002 -15"><span class='ocrx_word' id='word_1_180' title='bbox 2007 1622 2193 1691; x_wconf 89' lang='lat' dir='ltr'><strong>viunt,</strong></span> <span class='ocrx_word' id='word_1_181' title='bbox 2243 1623 2600 1678; x_wconf 62' lang='lat' dir='ltr'><strong>muliercula:</strong></span> <span class='ocrx_word' id='word_1_182' title='bbox 2661 1625 2872 1680; x_wconf 91' lang='lat' dir='ltr'><strong>merito</strong></span> <span class='ocrx_word' id='word_1_183' title='bbox 2916 1629 3221 1681; x_wconf 86' lang='lat' dir='ltr'><strong>vocantur.</strong></span> <span class='ocrx_word' id='word_1_184' title='bbox 3282 1625 3351 1680; x_wconf 90' lang='lat' dir='ltr'><strong>Et</strong></span> <span class='ocrx_word' id='word_1_185' title='bbox 3403 1625 3662 1680; x_wconf 84' lang='lat' dir='ltr'><strong>divinam</strong></span> 
     </span>
    </p>
   </div>
   <div class='ocr_carea' id='block_1_28' title="bbox 224 1703 1884 1786">
    <p class='ocr_par' dir='ltr' id='par_1_28' title="bbox 224 1703 1884 1781">
     <span class='ocr_line' id='line_1_28' title="bbox 224 1703 1884 1781; baseline -0.001 -21"><span class='ocrx_word' id='word_1_186' title='bbox 224 1706 292 1760; x_wconf 74' lang='grc' dir='ltr'>οὗ</span> <span class='ocrx_word' id='word_1_187' title='bbox 328 1705 603 1781; x_wconf 78' lang='grc' dir='ltr'>βούλεται</span> <span class='ocrx_word' id='word_1_188' title='bbox 634 1703 725 1761; x_wconf 75' lang='grc' dir='ltr'>διὰ</span> <span class='ocrx_word' id='word_1_189' title='bbox 751 1705 959 1761; x_wconf 84' lang='grc' dir='ltr'>τούτων</span> <span class='ocrx_word' id='word_1_190' title='bbox 991 1709 1142 1780; x_wconf 74' lang='grc' dir='ltr'>ἡμᾶς</span> <span class='ocrx_word' id='word_1_191' title='bbox 1181 1705 1391 1781; x_wconf 83' lang='grc' dir='ltr'>θέλγειν</span> <span class='ocrx_word' id='word_1_192' title='bbox 1439 1707 1527 1761; x_wconf 79' lang='grc' dir='ltr'><strong>καὶ</strong></span> <span class='ocrx_word' id='word_1_193' title='bbox 1575 1703 1884 1777; x_wconf 56' lang='grc' dir='ltr'><strong>ἀπολλύειν1</strong></span> 
     </span>
    </p>
   </div>
   <div class='ocr_carea' id='block_1_29' title="bbox 2007 1703 3658 1786">
    <p class='ocr_par' dir='ltr' id='par_1_29' title="bbox 2007 1712 3658 1786">
     <span class='ocr_line' id='line_1_29' title="bbox 2007 1712 3658 1786; baseline 0.002 -20"><span class='ocrx_word' id='word_1_194' title='bbox 2007 1712 2291 1782; x_wconf 79' lang='lat' dir='ltr'><strong>iustitiam</strong></span> <span class='ocrx_word' id='word_1_195' title='bbox 2324 1729 2438 1768; x_wconf 92' lang='lat' dir='ltr'><strong>non</strong></span> <span class='ocrx_word' id='word_1_196' title='bbox 2466 1712 2610 1768; x_wconf 89' lang='lat' dir='ltr'><strong>velle</strong></span> <span class='ocrx_word' id='word_1_197' title='bbox 2628 1731 2730 1785; x_wconf 90' lang='lat' dir='ltr'><strong>per</strong></span> <span class='ocrx_word' id='word_1_198' title='bbox 2753 1714 2874 1770; x_wconf 71' lang='lat' dir='ltr'><strong>haec</strong></span> <span class='ocrx_word' id='word_1_199' title='bbox 2897 1731 3002 1771; x_wconf 85' lang='lat' dir='ltr'><strong>nos</strong></span> <span class='ocrx_word' id='word_1_200' title='bbox 3027 1714 3358 1770; x_wconf 87' lang='lat' dir='ltr'><strong>demulcere</strong></span> <span class='ocrx_word' id='word_1_201' title='bbox 3375 1717 3434 1770; x_wconf 88' lang='lat' dir='ltr'><strong>et</strong></span> <span class='ocrx_word' id='word_1_202' title='bbox 3453 1716 3658 1786; x_wconf 83' lang='lat' dir='ltr'><strong>perde-</strong></span> 
     </span>
    </p>
   </div>
   <div class='ocr_carea' id='block_1_30' title="bbox 221 1795 1884 1875">
    <p class='ocr_par' dir='ltr' id='par_1_30' title="bbox 221 1795 1884 1873">
     <span class='ocr_line' id='line_1_30' title="bbox 221 1795 1884 1873; baseline -0.001 -22"><span class='ocrx_word' id='word_1_203' title='bbox 221 1796 387 1852; x_wconf 79' lang='grc' dir='ltr'>ἀλλὰ</span> <span class='ocrx_word' id='word_1_204' title='bbox 422 1795 684 1864; x_wconf 84' lang='grc' dir='ltr'>συνεθίζει</span> <span class='ocrx_word' id='word_1_205' title='bbox 717 1800 854 1871; x_wconf 87' lang='grc' dir='ltr'>πρὸς</span> <span class='ocrx_word' id='word_1_206' title='bbox 910 1798 1010 1866; x_wconf 78' lang='grc' dir='ltr'>τὴν</span> <span class='ocrx_word' id='word_1_207' title='bbox 1060 1797 1266 1850; x_wconf 88' lang='grc' dir='ltr'>τούτων</span> <span class='ocrx_word' id='word_1_208' title='bbox 1313 1797 1728 1873; x_wconf 77' lang='grc' dir='ltr'>περιφρόνησιν,</span> <span class='ocrx_word' id='word_1_209' title='bbox 1761 1796 1884 1850; x_wconf 81' lang='grc' dir='ltr'>κατὲ</span> 
     </span>
    </p>
   </div>
   <div class='ocr_carea' id='block_1_31' title="bbox 2007 1795 3660 1875">
    <p class='ocr_par' dir='ltr' id='par_1_31' title="bbox 2007 1802 3660 1875">
     <span class='ocr_line' id='line_1_31' title="bbox 2007 1802 3660 1875; baseline 0.002 -20"><span class='ocrx_word' id='word_1_210' title='bbox 2007 1817 2084 1870; x_wconf 91' lang='lat' dir='ltr'><strong>re,</strong></span> <span class='ocrx_word' id='word_1_211' title='bbox 2120 1802 2219 1856; x_wconf 90' lang='lat' dir='ltr'><strong>sed</strong></span> <span class='ocrx_word' id='word_1_212' title='bbox 2251 1802 2616 1858; x_wconf 83' lang='lat' dir='ltr'><strong>assuefacere</strong></span> <span class='ocrx_word' id='word_1_213' title='bbox 2647 1803 2854 1859; x_wconf 87' lang='lat' dir='ltr'><strong>horum</strong></span> <span class='ocrx_word' id='word_1_214' title='bbox 2895 1803 3284 1875; x_wconf 88' lang='lat' dir='ltr'><strong>contemptui,</strong></span> <span class='ocrx_word' id='word_1_215' title='bbox 3335 1804 3660 1859; x_wconf 89' lang='lat' dir='ltr'><strong>secundum</strong></span> 
     </span>
    </p>
   </div>
   <div class='ocr_carea' id='block_1_32' title="bbox 212 1882 1884 1985">
    <p class='ocr_par' dir='ltr' id='par_1_32' title="bbox 212 1882 1884 1960">
     <span class='ocr_line' id='line_1_32' title="bbox 212 1882 1884 1960; baseline -0.001 -20"><span class='ocrx_word' id='word_1_216' title='bbox 212 1886 286 1940; x_wconf 85' lang='grc' dir='ltr'>τὸ</span> <span class='ocrx_word' id='word_1_217' title='bbox 368 1885 706 1960; x_wconf 79' lang='grc' dir='ltr'>εἰρημένον·</span> <span class='ocrx_word' id='word_1_218' title='bbox 752 1886 848 1942; x_wconf 88' lang='grc' dir='ltr'>Ὃν</span> <span class='ocrx_word' id='word_1_219' title='bbox 920 1887 1020 1960; x_wconf 81' lang='grc' dir='ltr'>γὰρ</span> <span class='ocrx_word' id='word_1_220' title='bbox 1085 1885 1270 1960; x_wconf 83' lang='grc' dir='ltr'>ἀγαπᾷ</span> <span class='ocrx_word' id='word_1_221' title='bbox 1333 1883 1553 1960; x_wconf 83' lang='grc' dir='ltr'>Κύριος,</span> <span class='ocrx_word' id='word_1_222' title='bbox 1597 1882 1884 1939; x_wconf 77' lang='grc' dir='ltr'>παιδεύει·</span> 
     </span>
    </p>
   </div>
   <div class='ocr_carea' id='block_1_33' title="bbox 2007 1882 3656 1985">
    <p class='ocr_par' dir='ltr' id='par_1_33' title="bbox 2007 1891 3656 1964">
     <span class='ocr_line' id='line_1_33' title="bbox 2007 1891 3656 1964; baseline 0.001 -18"><span class='ocrx_word' id='word_1_223' title='bbox 2007 1891 2368 1962; x_wconf 79' lang='lat' dir='ltr'><strong>Scripturam</strong></span> <span class='ocrx_word' id='word_1_224' title='bbox 2405 1908 2417 1946; x_wconf 91' lang='lat'><strong>:</strong></span> <span class='ocrx_word' id='word_1_225' title='bbox 2446 1893 2611 1960; x_wconf 82' lang='lat' dir='ltr'><strong>Quem</strong></span> <span class='ocrx_word' id='word_1_226' title='bbox 2637 1893 2788 1947; x_wconf 86' lang='lat' dir='ltr'><strong>enim</strong></span> <span class='ocrx_word' id='word_1_227' title='bbox 2817 1893 3007 1964; x_wconf 77' lang='lat' dir='ltr'><strong>diligit</strong></span> <span class='ocrx_word' id='word_1_228' title='bbox 3041 1894 3330 1960; x_wconf 77' lang='lat' dir='ltr'><strong>Dominus,</strong></span> <span class='ocrx_word' id='word_1_229' title='bbox 3375 1893 3611 1963; x_wconf 77' lang='lat' dir='ltr'><strong>castigat</strong></span> <span class='ocrx_word' id='word_1_230' title='bbox 3643 1909 3656 1948; x_wconf 93' lang='lat'>:</span> 
     </span>
    </p>
   </div>
   <div class='ocr_carea' id='block_1_34' title="bbox 217 1970 1884 2050">
    <p class='ocr_par' dir='ltr' id='par_1_34' title="bbox 217 1970 1884 2050">
     <span class='ocr_line' id='line_1_34' title="bbox 217 1970 1884 2050; baseline -0.001 -21"><span class='ocrx_word' id='word_1_231' title='bbox 217 1980 501 2049; x_wconf 75' lang='grc' dir='ltr'>μαστιγοῖ</span> <span class='ocrx_word' id='word_1_232' title='bbox 550 1972 609 2028; x_wconf 71' lang='grc' dir='ltr'>δὲ</span> <span class='ocrx_word' id='word_1_233' title='bbox 651 1973 824 2028; x_wconf 81' lang='grc' dir='ltr'>πάντα</span> <span class='ocrx_word' id='word_1_234' title='bbox 886 1975 1002 2029; x_wconf 72' lang='grc' dir='ltr'>υἱὸν</span> <span class='ocrx_word' id='word_1_235' title='bbox 1066 1973 1126 2029; x_wconf 82' lang='grc' dir='ltr'><strong>’ὸν</strong></span> <span class='ocrx_word' id='word_1_236' title='bbox 1197 1970 1583 2050; x_wconf 71' lang='grc' dir='ltr'>παραδέχεται.</span> <span class='ocrx_word' id='word_1_237' title='bbox 1632 1972 1701 2030; x_wconf 89' lang='grc' dir='ltr'><strong>Τί</strong></span> <span class='ocrx_word' id='word_1_238' title='bbox 1757 1972 1884 2042; x_wconf 80' lang='grc' dir='ltr'>οὗν;</span> 
     </span>
    </p>
   </div>
   <div class='ocr_carea' id='block_1_35' title="bbox 210 2058 1885 2140">
    <p class='ocr_par' dir='ltr' id='par_1_35' title="bbox 210 2058 1885 2140">
     <span class='ocr_line' id='line_1_35' title="bbox 210 2058 1885 2140; baseline 0 -22"><span class='ocrx_word' id='word_1_239' title='bbox 210 2066 264 2118; x_wconf 78' lang='grc' dir='ltr'>οἱ</span> <span class='ocrx_word' id='word_1_240' title='bbox 326 2065 431 2118; x_wconf 84' lang='grc' dir='ltr'><strong>τὸν</strong></span> <span class='ocrx_word' id='word_1_241' title='bbox 504 2062 746 2118; x_wconf 76' lang='grc' dir='ltr'>πλοῦτον</span> <span class='ocrx_word' id='word_1_242' title='bbox 803 2058 1046 2138; x_wconf 78' lang='grc' dir='ltr'>ἔχοντες,</span> <span class='ocrx_word' id='word_1_243' title='bbox 1103 2063 1203 2118; x_wconf 81' lang='grc' dir='ltr'><strong>οὐκ</strong></span> <span class='ocrx_word' id='word_1_244' title='bbox 1262 2064 1574 2140; x_wconf 72' lang='grc' dir='ltr'>ἀγαπῶνται</span> <span class='ocrx_word' id='word_1_245' title='bbox 1638 2063 1742 2118; x_wconf 87' lang='grc' dir='ltr'>ὑπὸ</span> <span class='ocrx_word' id='word_1_246' title='bbox 1789 2067 1885 2118; x_wconf 80' lang='grc' dir='ltr'>τοῦ</span> 
     </span>
    </p>
   </div>
   <div class='ocr_carea' id='block_1_36' title="bbox 209 2153 1886 2230">
    <p class='ocr_par' dir='ltr' id='par_1_36' title="bbox 209 2153 1886 2230">
     <span class='ocr_line' id='line_1_36' title="bbox 209 2153 1886 2230; baseline -0.002 -19"><span class='ocrx_word' id='word_1_247' title='bbox 209 2159 389 2222; x_wconf 76' lang='grc' dir='ltr'><strong>Θεοῦς</strong></span> <span class='ocrx_word' id='word_1_248' title='bbox 447 2153 612 2230; x_wconf 81' lang='grc' dir='ltr'>ἐρεῖς,</span> <span class='ocrx_word' id='word_1_249' title='bbox 663 2154 746 2209; x_wconf 80' lang='grc' dir='ltr'><strong>ὅτι</strong></span> <span class='ocrx_word' id='word_1_250' title='bbox 805 2160 1022 2229; x_wconf 82' lang='grc' dir='ltr'>πρῶτον</span> <span class='ocrx_word' id='word_1_251' title='bbox 1091 2156 1186 2228; x_wconf 72' lang='grc' dir='ltr'>μὲν</span> <span class='ocrx_word' id='word_1_252' title='bbox 1247 2155 1356 2230; x_wconf 82' lang='grc' dir='ltr'><strong>οὐχ</strong></span> <span class='ocrx_word' id='word_1_253' title='bbox 1405 2156 1434 2209; x_wconf 85' lang='grc' dir='ltr'>ὁ</span> <span class='ocrx_word' id='word_1_254' title='bbox 1480 2153 1722 2214; x_wconf 74' lang='grc' dir='ltr'>πλοῦτος</span> <span class='ocrx_word' id='word_1_255' title='bbox 1766 2155 1886 2218; x_wconf 90' lang='grc' dir='ltr'>καθ’</span> 
     </span>
    </p>
   </div>
   <div class='ocr_carea' id='block_1_37' title="bbox 211 2242 1880 2320">
    <p class='ocr_par' dir='ltr' id='par_1_37' title="bbox 211 2242 1880 2320">
     <span class='ocr_line' id='line_1_37' title="bbox 211 2242 1880 2320; baseline -0.001 -21"><span class='ocrx_word' id='word_1_256' title='bbox 211 2245 408 2299; x_wconf 68' lang='grc' dir='ltr'>ἑαυτὸν</span> <span class='ocrx_word' id='word_1_257' title='bbox 466 2242 660 2312; x_wconf 84' lang='grc' dir='ltr'>κακὸς,</span> <span class='ocrx_word' id='word_1_258' title='bbox 714 2243 840 2299; x_wconf 85' lang='grc' dir='ltr'>ἀλλ’</span> <span class='ocrx_word' id='word_1_259' title='bbox 887 2247 922 2313; x_wconf 79' lang='grc' dir='ltr'><strong>ἡ</strong></span> <span class='ocrx_word' id='word_1_260' title='bbox 973 2242 1099 2320; x_wconf 84' lang='grc' dir='ltr'>περί</span> <span class='ocrx_word' id='word_1_261' title='bbox 1147 2249 1337 2300; x_wconf 81' lang='grc' dir='ltr'>τοῦτον</span> <span class='ocrx_word' id='word_1_262' title='bbox 1383 2242 1742 2314; x_wconf 80' lang='grc' dir='ltr'>προσπάθεια,</span> <span class='ocrx_word' id='word_1_263' title='bbox 1791 2244 1880 2298; x_wconf 78' lang='grc' dir='ltr'><strong>καὶ</strong></span> 
     </span>
    </p>
   </div>
   <div class='ocr_carea' id='block_1_38' title="bbox 210 2330 1880 2409">
    <p class='ocr_par' dir='ltr' id='par_1_38' title="bbox 210 2330 1880 2409">
     <span class='ocr_line' id='line_1_38' title="bbox 210 2330 1880 2409; baseline -0.001 -21"><span class='ocrx_word' id='word_1_264' title='bbox 210 2337 242 2403; x_wconf 82' lang='grc' dir='ltr'>ἡ</span> <span class='ocrx_word' id='word_1_265' title='bbox 307 2335 460 2402; x_wconf 85' lang='grc' dir='ltr'><strong>κακή</strong></span> <span class='ocrx_word' id='word_1_266' title='bbox 519 2341 724 2409; x_wconf 80' lang='grc' dir='ltr'>χρῆσις</span> <span class='ocrx_word' id='word_1_267' title='bbox 758 2352 773 2367; x_wconf 74' lang='grc' dir='ltr'><strong>ο</strong></span> <span class='ocrx_word' id='word_1_268' title='bbox 805 2330 992 2388; x_wconf 64' lang='grc' dir='ltr'>ἔπειτα</span> <span class='ocrx_word' id='word_1_269' title='bbox 1051 2331 1195 2388; x_wconf 77' lang='grc' dir='ltr'>οἶδεν</span> <span class='ocrx_word' id='word_1_270' title='bbox 1223 2335 1250 2388; x_wconf 88' lang='grc' dir='ltr'>ὁ</span> <span class='ocrx_word' id='word_1_271' title='bbox 1282 2334 1413 2395; x_wconf 83' lang='grc' dir='ltr'>Θεὸς</span> <span class='ocrx_word' id='word_1_272' title='bbox 1453 2331 1580 2394; x_wconf 71' lang='grc' dir='ltr'>τοὺς</span> <span class='ocrx_word' id='word_1_273' title='bbox 1641 2331 1692 2388; x_wconf 76' lang='grc' dir='ltr'>ἰν</span> <span class='ocrx_word' id='word_1_274' title='bbox 1745 2335 1880 2406; x_wconf 82' lang='grc' dir='ltr'>ἡμῖν</span> 
     </span>
    </p>
   </div>
   <div class='ocr_carea' id='block_1_39' title="bbox 209 2421 1882 2498">
    <p class='ocr_par' dir='ltr' id='par_1_39' title="bbox 209 2421 1882 2498">
     <span class='ocr_line' id='line_1_39' title="bbox 209 2421 1882 2498; baseline -0.001 -22"><span class='ocrx_word' id='word_1_275' title='bbox 209 2424 496 2493; x_wconf 79' lang='grc' dir='ltr'>ἀσθενεῖς,</span> <span class='ocrx_word' id='word_1_276' title='bbox 572 2423 664 2478; x_wconf 87' lang='grc' dir='ltr'><strong>καὶ</strong></span> <span class='ocrx_word' id='word_1_277' title='bbox 747 2422 1088 2497; x_wconf 73' lang='grc' dir='ltr'>βουλόμενος</span> <span class='ocrx_word' id='word_1_278' title='bbox 1166 2421 1363 2485; x_wconf 77' lang='grc' dir='ltr'>αὐτοὺς</span> <span class='ocrx_word' id='word_1_279' title='bbox 1441 2426 1737 2498; x_wconf 80' lang='grc' dir='ltr'>περισῶσαι</span> <span class='ocrx_word' id='word_1_280' title='bbox 1809 2421 1882 2484; x_wconf 62' lang='grc' dir='ltr'><strong>είς</strong></span> 
     </span>
    </p>
   </div>
   <div class='ocr_carea' id='block_1_40' title="bbox 207 2510 1883 2588">
    <p class='ocr_par' dir='ltr' id='par_1_40' title="bbox 207 2510 1883 2588">
     <span class='ocr_line' id='line_1_40' title="bbox 207 2510 1883 2588; baseline -0.001 -22"><span class='ocrx_word' id='word_1_281' title='bbox 207 2513 573 2587; x_wconf 76' lang='grc' dir='ltr'>προτροπὴν,</span> <span class='ocrx_word' id='word_1_282' title='bbox 606 2513 698 2566; x_wconf 82' lang='grc' dir='ltr'><strong>καὶ</strong></span> <span class='ocrx_word' id='word_1_283' title='bbox 729 2514 994 2588; x_wconf 82' lang='grc' dir='ltr'>χρήματα</span> <span class='ocrx_word' id='word_1_284' title='bbox 1025 2510 1154 2574; x_wconf 66' lang='grc' dir='ltr'>ἴσως</span> <span class='ocrx_word' id='word_1_285' title='bbox 1205 2513 1294 2567; x_wconf 82' lang='grc' dir='ltr'><strong>καὶ</strong></span> <span class='ocrx_word' id='word_1_286' title='bbox 1361 2512 1483 2586; x_wconf 90' lang='grc' dir='ltr'>βίου</span> <span class='ocrx_word' id='word_1_287' title='bbox 1538 2511 1883 2588; x_wconf 77' lang='grc' dir='ltr'>περιφάνειαν</span> 
     </span>
    </p>
   </div>
   <div class='ocr_carea' id='block_1_41' title="bbox 209 2598 1882 2676">
    <p class='ocr_par' dir='ltr' id='par_1_41' title="bbox 209 2598 1882 2676">
     <span class='ocr_line' id='line_1_41' title="bbox 209 2598 1882 2676; baseline -0.001 -20"><span class='ocrx_word' id='word_1_288' title='bbox 209 2598 446 2656; x_wconf 82' lang='grc' dir='ltr'>δίδωσιν</span> <span class='ocrx_word' id='word_1_289' title='bbox 504 2601 716 2668; x_wconf 78' lang='grc' dir='ltr'>αὐτοῖς,</span> <span class='ocrx_word' id='word_1_290' title='bbox 769 2601 868 2656; x_wconf 84' lang='grc' dir='ltr'><strong>οὐκ</strong></span> <span class='ocrx_word' id='word_1_291' title='bbox 914 2602 1125 2676; x_wconf 80' lang='grc' dir='ltr'>ἀγνοῶν</span> <span class='ocrx_word' id='word_1_292' title='bbox 1179 2600 1310 2676; x_wconf 78' lang='grc' dir='ltr'>ὅπερ</span> <span class='ocrx_word' id='word_1_293' title='bbox 1360 2600 1463 2654; x_wconf 75' lang='grc' dir='ltr'>εῗσί</span> <span class='ocrx_word' id='word_1_294' title='bbox 1499 2618 1512 2631; x_wconf 83' lang='lat'><strong><em>°</em></strong></span> <span class='ocrx_word' id='word_1_295' title='bbox 1545 2605 1664 2662; x_wconf 82' lang='grc' dir='ltr'><strong>πῶς</strong></span> <span class='ocrx_word' id='word_1_296' title='bbox 1703 2601 1807 2676; x_wconf 86' lang='grc' dir='ltr'><strong>γάρ</strong></span> <span class='ocrx_word' id='word_1_297' title='bbox 1854 2600 1882 2654; x_wconf 86' lang='grc' dir='ltr'>ὁ</span> 
     </span>
    </p>
   </div>
   <div class='ocr_carea' id='block_1_42' title="bbox 211 2687 1881 2766">
    <p class='ocr_par' dir='ltr' id='par_1_42' title="bbox 211 2687 1881 2766">
     <span class='ocr_line' id='line_1_42' title="bbox 211 2687 1881 2766; baseline -0.001 -22"><span class='ocrx_word' id='word_1_298' title='bbox 211 2692 512 2766; x_wconf 83' lang='grc' dir='ltr'>γινώσκων</span> <span class='ocrx_word' id='word_1_299' title='bbox 565 2691 739 2745; x_wconf 82' lang='grc' dir='ltr'>πάντα</span> <span class='ocrx_word' id='word_1_300' title='bbox 787 2688 910 2765; x_wconf 83' lang='grc' dir='ltr'>πρίν</span> <span class='ocrx_word' id='word_1_301' title='bbox 938 2693 1194 2764; x_wconf 87' lang='grc' dir='ltr'>γενέσεως</span> <span class='ocrx_word' id='word_1_302' title='bbox 1233 2689 1408 2744; x_wconf 78' lang='grc' dir='ltr'>αὐτῶν</span> <span class='ocrx_word' id='word_1_303' title='bbox 1436 2708 1450 2757; x_wconf 87' lang='grc'>;</span> <span class='ocrx_word' id='word_1_304' title='bbox 1479 2687 1605 2743; x_wconf 88' lang='grc' dir='ltr'>ἀλλ’</span> <span class='ocrx_word' id='word_1_305' title='bbox 1625 2688 1717 2743; x_wconf 69' lang='grc' dir='ltr'>⁹ίνα</span> <span class='ocrx_word' id='word_1_306' title='bbox 1772 2710 1881 2760; x_wconf 88' lang='grc' dir='ltr'>μη-</span> 
     </span>
    </p>
   </div>
   <div class='ocr_carea' id='block_1_43' title="bbox 211 2776 1885 2854">
    <p class='ocr_par' dir='ltr' id='par_1_43' title="bbox 211 2776 1885 2854">
     <span class='ocr_line' id='line_1_43' title="bbox 211 2776 1885 2854; baseline -0.003 -18"><span class='ocrx_word' id='word_1_307' title='bbox 211 2778 429 2853; x_wconf 87' lang='grc' dir='ltr'>δεμίων</span> <span class='ocrx_word' id='word_1_308' title='bbox 461 2777 686 2854; x_wconf 82' lang='grc' dir='ltr'>ἔχωμεν</span> <span class='ocrx_word' id='word_1_309' title='bbox 733 2778 1033 2853; x_wconf 87' lang='grc' dir='ltr'>ἀπολογίαν</span> <span class='ocrx_word' id='word_1_310' title='bbox 1075 2779 1212 2834; x_wconf 84' lang='grc' dir='ltr'><strong>κατά</strong></span> <span class='ocrx_word' id='word_1_311' title='bbox 1248 2780 1339 2833; x_wconf 89' lang='grc' dir='ltr'>τὸν</span> <span class='ocrx_word' id='word_1_312' title='bbox 1368 2776 1702 2835; x_wconf 86' lang='grc' dir='ltr'>Ἀπόστολον</span> <span class='ocrx_word' id='word_1_313' title='bbox 1738 2797 1750 2809; x_wconf 89' lang='grc'><strong>·</strong></span> <span class='ocrx_word' id='word_1_314' title='bbox 1785 2777 1885 2832; x_wconf 87' lang='grc' dir='ltr'>Διά</span> 
     </span>
    </p>
   </div>
   <div class='ocr_carea' id='block_1_44' title="bbox 207 2866 1879 2944">
    <p class='ocr_par' dir='ltr' id='par_1_44' title="bbox 207 2866 1879 2944">
     <span class='ocr_line' id='line_1_44' title="bbox 207 2866 1879 2944; baseline -0.002 -20"><span class='ocrx_word' id='word_1_315' title='bbox 207 2868 377 2925; x_wconf 73' lang='grc' dir='ltr'><strong>τοῦτο</strong></span> <span class='ocrx_word' id='word_1_316' title='bbox 463 2869 886 2944; x_wconf 76' lang='grc' dir='ltr'>ἀναπολόγητος</span> <span class='ocrx_word' id='word_1_317' title='bbox 941 2869 1004 2940; x_wconf 78' lang='grc' dir='ltr'>εἶ,</span> <span class='ocrx_word' id='word_1_318' title='bbox 1066 2869 1110 2923; x_wconf 83' lang='grc' dir='ltr'><strong><em>ὦ</em></strong></span> <span class='ocrx_word' id='word_1_319' title='bbox 1163 2867 1411 2944; x_wconf 79' lang='grc' dir='ltr'>ἄνθρωπε</span> <span class='ocrx_word' id='word_1_320' title='bbox 1443 2887 1458 2902; x_wconf 76' lang='grc'><strong><em>⁸</em></strong></span> <span class='ocrx_word' id='word_1_321' title='bbox 1521 2868 1608 2923; x_wconf 88' lang='grc' dir='ltr'><strong>καὶ</strong></span> <span class='ocrx_word' id='word_1_322' title='bbox 1666 2866 1830 2922; x_wconf 75' lang='grc' dir='ltr'>πάλιν</span> <span class='ocrx_word' id='word_1_323' title='bbox 1866 2885 1879 2900; x_wconf 90' lang='grc'><strong>·</strong></span> 
     </span>
    </p>
   </div>
   <div class='ocr_carea' id='block_1_45' title="bbox 210 2955 1881 3035">
    <p class='ocr_par' dir='ltr' id='par_1_45' title="bbox 210 2955 1881 3035">
     <span class='ocr_line' id='line_1_45' title="bbox 210 2955 1881 3035; baseline -0.004 -18"><span class='ocrx_word' id='word_1_324' title='bbox 210 2962 469 3035; x_wconf 79' lang='grc' dir='ltr'>’Ἑχομεν</span> <span class='ocrx_word' id='word_1_325' title='bbox 532 2957 824 3033; x_wconf 70' lang='grc' dir='ltr'>Ἀργιερέα</span> <span class='ocrx_word' id='word_1_326' title='bbox 900 2959 1087 3033; x_wconf 80' lang='grc' dir='ltr'>μέγαν,</span> <span class='ocrx_word' id='word_1_327' title='bbox 1165 2955 1464 3032; x_wconf 77' lang='grc' dir='ltr'>δυνάμενον</span> <span class='ocrx_word' id='word_1_328' title='bbox 1531 2959 1881 3030; x_wconf 64' lang='grc' dir='ltr'>συμπαθῖσαι</span> 
     </span>
    </p>
   </div>
   <div class='ocr_carea' id='block_1_46' title="bbox 213 3049 894 3120">
    <p class='ocr_par' dir='ltr' id='par_1_46' title="bbox 213 3049 894 3120">
     <span class='ocr_line' id='line_1_46' title="bbox 213 3049 894 3120; baseline 0.001 -17"><span class='ocrx_word' id='word_1_329' title='bbox 213 3055 333 3112; x_wconf 81' lang='grc' dir='ltr'>ταῖς</span> <span class='ocrx_word' id='word_1_330' title='bbox 369 3049 679 3114; x_wconf 72' lang='grc' dir='ltr'>ἀσθενείαις</span> <span class='ocrx_word' id='word_1_331' title='bbox 712 3050 894 3120; x_wconf 82' lang='grc' dir='ltr'>ἡμῶν.</span> 
     </span>
    </p>
   </div>
   <div class='ocr_carea' id='block_1_47' title="bbox 280 3134 1877 3213">
    <p class='ocr_par' dir='ltr' id='par_1_47' title="bbox 280 3134 1877 3213">
     <span class='ocr_line' id='line_1_47' title="bbox 280 3134 1877 3213; baseline -0.003 -18"><span class='ocrx_word' id='word_1_332' title='bbox 280 3140 362 3196; x_wconf 84' lang='grc' dir='ltr'>Τὸ</span> <span class='ocrx_word' id='word_1_333' title='bbox 404 3140 483 3212; x_wconf 77' lang='grc' dir='ltr'>μὴ</span> <span class='ocrx_word' id='word_1_334' title='bbox 517 3137 751 3213; x_wconf 75' lang='grc' dir='ltr'>θέλγειν.</span> <span class='ocrx_word' id='word_1_335' title='bbox 785 3136 1006 3213; x_wconf 80' lang='grc' dir='ltr'>Θὲλγειν</span> <span class='ocrx_word' id='word_1_336' title='bbox 1038 3135 1148 3192; x_wconf 84' lang='grc' dir='ltr'><strong>έστῖ</strong></span> <span class='ocrx_word' id='word_1_337' title='bbox 1179 3137 1243 3192; x_wconf 88' lang='grc' dir='ltr'>τὸ</span> <span class='ocrx_word' id='word_1_338' title='bbox 1275 3134 1344 3192; x_wconf 91' lang='grc' dir='ltr'>δι’</span> <span class='ocrx_word' id='word_1_339' title='bbox 1373 3135 1578 3207; x_wconf 80' lang='grc' dir='ltr'>ἡδονῆς</span> <span class='ocrx_word' id='word_1_340' title='bbox 1630 3137 1837 3207; x_wconf 79' lang='grc' dir='ltr'>ἀπατᾷν</span> <span class='ocrx_word' id='word_1_341' title='bbox 1863 3153 1877 3167; x_wconf 82' lang='grc'><strong>⁹</strong></span> 
     </span>
    </p>
   </div>
   <div class='ocr_carea' id='block_1_48' title="bbox 213 3223 1238 3305">
    <p class='ocr_par' dir='ltr' id='par_1_48' title="bbox 213 3223 1238 3305">
     <span class='ocr_line' id='line_1_48' title="bbox 213 3223 1238 3305; baseline 0 -21"><span class='ocrx_word' id='word_1_342' title='bbox 213 3228 436 3305; x_wconf 77' lang='grc' dir='ltr'>λέγεται</span> <span class='ocrx_word' id='word_1_343' title='bbox 471 3225 534 3282; x_wconf 79' lang='grc' dir='ltr'>δὲ</span> <span class='ocrx_word' id='word_1_344' title='bbox 562 3227 652 3282; x_wconf 83' lang='grc' dir='ltr'><strong>καὶ</strong></span> <span class='ocrx_word' id='word_1_345' title='bbox 681 3225 744 3282; x_wconf 88' lang='grc' dir='ltr'>τὸ</span> <span class='ocrx_word' id='word_1_346' title='bbox 775 3228 968 3290; x_wconf 79' lang='grc' dir='ltr'>ἁπλῶς</span> <span class='ocrx_word' id='word_1_347' title='bbox 999 3223 1238 3296; x_wconf 72' lang='grc' dir='ltr'>ἡδύνειν.</span> 
     </span>
    </p>
   </div>
   <div class='ocr_carea' id='block_1_49' title="bbox 277 3406 1266 3482">
    <p class='ocr_par' dir='ltr' id='par_1_49' title="bbox 277 3406 1266 3482">
     <span class='ocr_line' id='line_1_49' title="bbox 277 3406 1266 3482; baseline -0.001 -19"><span class='ocrx_word' id='word_1_348' title='bbox 277 3415 400 3465; x_wconf 78' lang='grc' dir='ltr'><strong>Τῶν</strong></span> <span class='ocrx_word' id='word_1_349' title='bbox 438 3408 702 3482; x_wconf 84' lang='grc' dir='ltr'>ἀρίστων.</span> <span class='ocrx_word' id='word_1_350' title='bbox 735 3410 860 3464; x_wconf 81' lang='grc' dir='ltr'>Τῶν</span> <span class='ocrx_word' id='word_1_351' title='bbox 889 3406 1266 3478; x_wconf 83' lang='grc' dir='ltr'>έπιθυμητῶν.</span> 
     </span>
    </p>
   </div>
   <div class='ocr_carea' id='block_1_50' title="bbox 281 3494 1880 3572">
    <p class='ocr_par' dir='ltr' id='par_1_50' title="bbox 281 3494 1880 3572">
     <span class='ocr_line' id='line_1_50' title="bbox 281 3494 1880 3572; baseline -0.006 -16"><span class='ocrx_word' id='word_1_352' title='bbox 281 3499 636 3572; x_wconf 85' lang='grc' dir='ltr'>Ἀμειλίκτῳ</span> <span class='ocrx_word' id='word_1_353' title='bbox 695 3497 894 3553; x_wconf 83' lang='grc' dir='ltr'>στάσει.</span> <span class='ocrx_word' id='word_1_354' title='bbox 960 3495 1303 3569; x_wconf 86' lang='grc' dir='ltr'>Ἀμείλικτον</span> <span class='ocrx_word' id='word_1_355' title='bbox 1365 3495 1546 3549; x_wconf 80' lang='grc' dir='ltr'>στάσιν</span> <span class='ocrx_word' id='word_1_356' title='bbox 1595 3494 1729 3568; x_wconf 81' lang='grc' dir='ltr'>φησὶ</span> <span class='ocrx_word' id='word_1_357' title='bbox 1783 3494 1880 3561; x_wconf 77' lang='grc' dir='ltr'>τὴν</span> 
     </span>
    </p>
   </div>
   <div class='ocr_carea' id='block_1_51' title="bbox 209 3579 1884 3663">
    <p class='ocr_par' dir='ltr' id='par_1_51' title="bbox 209 3579 1884 3663">
     <span class='ocr_line' id='line_1_51' title="bbox 209 3579 1884 3663; baseline -0.005 -19"><span class='ocrx_word' id='word_1_358' title='bbox 209 3587 509 3644; x_wconf 76' lang='grc' dir='ltr'>ἀνένδοτον</span> <span class='ocrx_word' id='word_1_359' title='bbox 567 3588 704 3663; x_wconf 84' lang='grc' dir='ltr'>πρὸς</span> <span class='ocrx_word' id='word_1_360' title='bbox 758 3587 850 3641; x_wconf 86' lang='grc' dir='ltr'>τὸν</span> <span class='ocrx_word' id='word_1_361' title='bbox 899 3585 1275 3662; x_wconf 80' lang='grc' dir='ltr'>γαργαλισμὸν</span> <span class='ocrx_word' id='word_1_362' title='bbox 1326 3588 1433 3638; x_wconf 80' lang='grc' dir='ltr'><strong>τῶν</strong></span> <span class='ocrx_word' id='word_1_363' title='bbox 1463 3582 1668 3658; x_wconf 76' lang='grc' dir='ltr'>γηίνων</span> <span class='ocrx_word' id='word_1_364' title='bbox 1702 3579 1884 3636; x_wconf 82' lang='grc' dir='ltr'>ἔνστα-</span> 
     </span>
    </p>
   </div>
   <div class='ocr_carea' id='block_1_52' title="bbox 213 3669 1882 3749">
    <p class='ocr_par' dir='ltr' id='par_1_52' title="bbox 213 3669 1882 3749">
     <span class='ocr_line' id='line_1_52' title="bbox 213 3669 1882 3749; baseline -0.005 -17"><span class='ocrx_word' id='word_1_365' title='bbox 213 3699 322 3746; x_wconf 82' lang='grc' dir='ltr'>σιν,</span> <span class='ocrx_word' id='word_1_366' title='bbox 352 3677 449 3732; x_wconf 81' lang='grc' dir='ltr'><strong>καὶ</strong></span> <span class='ocrx_word' id='word_1_367' title='bbox 501 3677 567 3731; x_wconf 89' lang='grc' dir='ltr'>τὸ</span> <span class='ocrx_word' id='word_1_368' title='bbox 621 3677 697 3749; x_wconf 78' lang='grc' dir='ltr'>μὴ</span> <span class='ocrx_word' id='word_1_369' title='bbox 746 3676 1088 3748; x_wconf 81' lang='grc' dir='ltr'>κάμπτεσθαι</span> <span class='ocrx_word' id='word_1_370' title='bbox 1135 3674 1270 3748; x_wconf 87' lang='grc' dir='ltr'>πρὸς</span> <span class='ocrx_word' id='word_1_371' title='bbox 1315 3673 1383 3727; x_wconf 73' lang='grc' dir='ltr'>τὰ</span> <span class='ocrx_word' id='word_1_372' title='bbox 1428 3671 1589 3727; x_wconf 83' lang='grc' dir='ltr'>ὑλικά</span> <span class='ocrx_word' id='word_1_373' title='bbox 1631 3669 1721 3726; x_wconf 81' lang='grc' dir='ltr'>διὰ</span> <span class='ocrx_word' id='word_1_374' title='bbox 1777 3675 1882 3725; x_wconf 80' lang='grc' dir='ltr'>τῶν</span> 
     </span>
    </p>
   </div>
   <div class='ocr_carea' id='block_1_53' title="bbox 229 3771 570 3842">
    <p class='ocr_par' dir='ltr' id='par_1_53' title="bbox 229 3771 570 3842">
     <span class='ocr_line' id='line_1_53' title="bbox 229 3771 570 3842; baseline 0.006 -22"><span class='ocrx_word' id='word_1_375' title='bbox 229 3771 570 3842; x_wconf 80' lang='grc' dir='ltr'>πειρασμῶν.</span> 
     </span>
    </p>
   </div>
   <div class='ocr_carea' id='block_1_54' title="bbox 301 3848 1884 3928">
    <p class='ocr_par' dir='ltr' id='par_1_54' title="bbox 301 3848 1884 3928">
     <span class='ocr_line' id='line_1_54' title="bbox 301 3848 1884 3928; baseline -0.005 -14"><span class='ocrx_word' id='word_1_376' title='bbox 301 3859 416 3926; x_wconf 78' lang='lat' dir='ltr'><strong>§X.</strong></span> <span class='ocrx_word' id='word_1_377' title='bbox 458 3859 582 3925; x_wconf 83' lang='grc' dir='ltr'>Τῆς</span> <span class='ocrx_word' id='word_1_378' title='bbox 635 3855 688 3909; x_wconf 84' lang='grc' dir='ltr'><strong>έν</strong></span> <span class='ocrx_word' id='word_1_379' title='bbox 729 3859 848 3916; x_wconf 79' lang='grc' dir='ltr'>τοῖς</span> <span class='ocrx_word' id='word_1_380' title='bbox 889 3851 1044 3917; x_wconf 84' lang='grc' dir='ltr'>ὅλοις</span> <span class='ocrx_word' id='word_1_381' title='bbox 1093 3850 1462 3928; x_wconf 69' lang='grc' dir='ltr'>ἴδιοπραγίας.</span> <span class='ocrx_word' id='word_1_382' title='bbox 1518 3848 1884 3926; x_wconf 76' lang='grc' dir='ltr'>’ἰδιοπραγίαν</span> 
     </span>
    </p>
   </div>
   <div class='ocr_carea' id='block_1_55' title="bbox 226 3937 1886 4018">
    <p class='ocr_par' dir='ltr' id='par_1_55' title="bbox 226 3937 1886 4018">
     <span class='ocr_line' id='line_1_55' title="bbox 226 3937 1886 4018; baseline -0.005 -18"><span class='ocrx_word' id='word_1_383' title='bbox 226 3945 480 4018; x_wconf 84' lang='grc' dir='ltr'>ὠνόμασε</span> <span class='ocrx_word' id='word_1_384' title='bbox 538 3945 638 4012; x_wconf 81' lang='grc' dir='ltr'>τήν</span> <span class='ocrx_word' id='word_1_385' title='bbox 700 3942 925 3998; x_wconf 73' lang='grc' dir='ltr'>ἑκάστου</span> <span class='ocrx_word' id='word_1_386' title='bbox 983 3946 1089 3997; x_wconf 84' lang='grc' dir='ltr'><strong>τῶν</strong></span> <span class='ocrx_word' id='word_1_387' title='bbox 1153 3937 1323 3996; x_wconf 76' lang='grc' dir='ltr'>ὄντων</span> <span class='ocrx_word' id='word_1_388' title='bbox 1371 3941 1508 3995; x_wconf 84' lang='grc' dir='ltr'><strong>κατά</strong></span> <span class='ocrx_word' id='word_1_389' title='bbox 1538 3939 1693 4018; x_wconf 79' lang='grc' dir='ltr'>φύσιν</span> <span class='ocrx_word' id='word_1_390' title='bbox 1745 3937 1886 3992; x_wconf 73' lang='grc' dir='ltr'>ἴδιά-</span> 
     </span>
    </p>
   </div>
   <div class='ocr_carea' id='block_1_56' title="bbox 213 4029 1884 4108">
    <p class='ocr_par' dir='ltr' id='par_1_56' title="bbox 213 4029 1884 4108">
     <span class='ocr_line' id='line_1_56' title="bbox 213 4029 1884 4108; baseline -0.005 -19"><span class='ocrx_word' id='word_1_391' title='bbox 213 4041 412 4104; x_wconf 77' lang='grc' dir='ltr'>ζουσαν</span> <span class='ocrx_word' id='word_1_392' title='bbox 477 4034 701 4103; x_wconf 87' lang='grc' dir='ltr'>κίνησιν</span> <span class='ocrx_word' id='word_1_393' title='bbox 737 4050 748 4063; x_wconf 87' lang='grc'><strong>·</strong></span> <span class='ocrx_word' id='word_1_394' title='bbox 811 4029 938 4087; x_wconf 71' lang='grc' dir='ltr'>οὐδὲ</span> <span class='ocrx_word' id='word_1_395' title='bbox 994 4031 1094 4108; x_wconf 77' lang='grc' dir='ltr'>γὰρ</span> <span class='ocrx_word' id='word_1_396' title='bbox 1149 4032 1216 4085; x_wconf 85' lang='grc' dir='ltr'><strong>τά</strong></span> <span class='ocrx_word' id='word_1_397' title='bbox 1273 4029 1514 4106; x_wconf 81' lang='grc' dir='ltr'>ἀγγέλων</span> <span class='ocrx_word' id='word_1_398' title='bbox 1577 4029 1884 4103; x_wconf 83' lang='grc' dir='ltr'>ἀνθρώποις</span> 
     </span>
    </p>
   </div>
   <div class='ocr_carea' id='block_1_57' title="bbox 209 4113 1885 4198">
    <p class='ocr_par' dir='ltr' id='par_1_57' title="bbox 209 4113 1885 4198">
     <span class='ocr_line' id='line_1_57' title="bbox 209 4113 1885 4198; baseline -0.004 -20"><span class='ocrx_word' id='word_1_399' title='bbox 209 4123 484 4198; x_wconf 75' lang='grc' dir='ltr'>πράττειν</span> <span class='ocrx_word' id='word_1_400' title='bbox 548 4119 796 4189; x_wconf 85' lang='grc' dir='ltr'>δυνατὸν,</span> <span class='ocrx_word' id='word_1_401' title='bbox 832 4121 867 4190; x_wconf 76' lang='grc' dir='ltr'><strong>ἢ</strong></span> <span class='ocrx_word' id='word_1_402' title='bbox 898 4121 964 4175; x_wconf 81' lang='grc' dir='ltr'>τὰ</span> <span class='ocrx_word' id='word_1_403' title='bbox 1018 4120 1188 4193; x_wconf 84' lang='grc' dir='ltr'>πυρὸς</span> <span class='ocrx_word' id='word_1_404' title='bbox 1247 4118 1424 4190; x_wconf 78' lang='grc' dir='ltr'>ὕδατι,</span> <span class='ocrx_word' id='word_1_405' title='bbox 1455 4120 1544 4173; x_wconf 85' lang='grc' dir='ltr'><strong>καὶ</strong></span> <span class='ocrx_word' id='word_1_406' title='bbox 1597 4118 1658 4172; x_wconf 85' lang='grc' dir='ltr'>τὸ</span> <span class='ocrx_word' id='word_1_407' title='bbox 1707 4113 1885 4190; x_wconf 82' lang='grc' dir='ltr'>ἔμπα-</span> 
     </span>
    </p>
   </div>
   <div class='ocr_carea' id='block_1_58' title="bbox 210 4211 331 4270">
    <p class='ocr_par' dir='ltr' id='par_1_58' title="bbox 210 4211 331 4270">
     <span class='ocr_line' id='line_1_58' title="bbox 210 4211 331 4270; baseline 0.017 -4"><span class='ocrx_word' id='word_1_408' title='bbox 210 4211 331 4270; x_wconf 83' lang='grc' dir='ltr'>λιν.</span> 
     </span>
    </p>
   </div>
   <div class='ocr_carea' id='block_1_59' title="bbox 284 4387 1885 4464">
    <p class='ocr_par' dir='ltr' id='par_1_59' title="bbox 284 4387 1885 4464">
     <span class='ocr_line' id='line_1_59' title="bbox 284 4387 1885 4464; baseline -0.004 -17"><span class='ocrx_word' id='word_1_409' title='bbox 284 4393 393 4447; x_wconf 76' lang='grc' dir='ltr'>Καὶ</span> <span class='ocrx_word' id='word_1_410' title='bbox 457 4391 536 4452; x_wconf 85' lang='grc' dir='ltr'><strong>ὡς</strong></span> <span class='ocrx_word' id='word_1_411' title='bbox 589 4391 648 4446; x_wconf 80' lang='grc' dir='ltr'>ἐκ</span> <span class='ocrx_word' id='word_1_412' title='bbox 689 4394 798 4447; x_wconf 80' lang='grc' dir='ltr'>τῶν</span> <span class='ocrx_word' id='word_1_413' title='bbox 857 4387 1146 4464; x_wconf 84' lang='grc' dir='ltr'>χειρόνων.</span> <span class='ocrx_word' id='word_1_414' title='bbox 1180 4389 1261 4444; x_wconf 86' lang='grc' dir='ltr'><strong>Τά</strong></span> <span class='ocrx_word' id='word_1_415' title='bbox 1311 4387 1482 4462; x_wconf 86' lang='grc' dir='ltr'>χείρω</span> <span class='ocrx_word' id='word_1_416' title='bbox 1532 4388 1757 4451; x_wconf 77' lang='grc' dir='ltr'>ἐνταῦθα</span> <span class='ocrx_word' id='word_1_417' title='bbox 1810 4388 1885 4460; x_wconf 81' lang='grc' dir='ltr'>μὴ</span> 
     </span>
    </p>
   </div>
   <div class='ocr_carea' id='block_1_60' title="bbox 206 4473 1886 4554">
    <p class='ocr_par' dir='ltr' id='par_1_60' title="bbox 206 4473 1886 4554">
     <span class='ocr_line' id='line_1_60' title="bbox 206 4473 1886 4554; baseline -0.002 -21"><span class='ocrx_word' id='word_1_418' title='bbox 206 4484 433 4554; x_wconf 74' lang='grc' dir='ltr'>νοήσῃς</span> <span class='ocrx_word' id='word_1_419' title='bbox 463 4479 602 4554; x_wconf 85' lang='grc' dir='ltr'>πρὸς</span> <span class='ocrx_word' id='word_1_420' title='bbox 631 4480 700 4534; x_wconf 79' lang='grc' dir='ltr'>τὰ</span> <span class='ocrx_word' id='word_1_421' title='bbox 729 4480 1016 4551; x_wconf 83' lang='grc' dir='ltr'>ποιήματα</span> <span class='ocrx_word' id='word_1_422' title='bbox 1049 4497 1061 4509; x_wconf 86' lang='grc'><strong>·</strong></span> <span class='ocrx_word' id='word_1_423' title='bbox 1098 4473 1252 4530; x_wconf 73' lang='grc' dir='ltr'>οὐδὲν</span> <span class='ocrx_word' id='word_1_424' title='bbox 1299 4477 1400 4551; x_wconf 81' lang='grc' dir='ltr'>γὰρ</span> <span class='ocrx_word' id='word_1_425' title='bbox 1451 4476 1502 4530; x_wconf 89' lang='grc' dir='ltr'><strong>έν</strong></span> <span class='ocrx_word' id='word_1_426' title='bbox 1557 4475 1743 4538; x_wconf 82' lang='grc' dir='ltr'>αὐτοῖς</span> <span class='ocrx_word' id='word_1_427' title='bbox 1791 4497 1886 4530; x_wconf 90' lang='grc' dir='ltr'>κα-</span> 
     </span>
    </p>
   </div>
   <div class='ocr_carea' id='block_1_61' title="bbox 205 4565 1886 4644">
    <p class='ocr_par' dir='ltr' id='par_1_61' title="bbox 205 4565 1886 4644">
     <span class='ocr_line' id='line_1_61' title="bbox 205 4565 1886 4644; baseline -0.004 -18"><span class='ocrx_word' id='word_1_428' title='bbox 205 4573 312 4627; x_wconf 83' lang='grc' dir='ltr'>κόν</span> <span class='ocrx_word' id='word_1_429' title='bbox 357 4592 374 4606; x_wconf 76' lang='grc' dir='ltr'><strong>ο</strong></span> <span class='ocrx_word' id='word_1_430' title='bbox 408 4569 562 4626; x_wconf 85' lang='grc' dir='ltr'><strong>ἀλλά</strong></span> <span class='ocrx_word' id='word_1_431' title='bbox 609 4571 746 4644; x_wconf 87' lang='grc' dir='ltr'>πρὸς</span> <span class='ocrx_word' id='word_1_432' title='bbox 805 4571 906 4638; x_wconf 76' lang='grc' dir='ltr'>τὴν</span> <span class='ocrx_word' id='word_1_433' title='bbox 964 4567 1256 4641; x_wconf 72' lang='grc' dir='ltr'>ἁμαρτίαν,</span> <span class='ocrx_word' id='word_1_434' title='bbox 1287 4566 1411 4635; x_wconf 75' lang='grc' dir='ltr'>ἥτις</span> <span class='ocrx_word' id='word_1_435' title='bbox 1464 4565 1522 4621; x_wconf 82' lang='grc' dir='ltr'><strong>ἐκ</strong></span> <span class='ocrx_word' id='word_1_436' title='bbox 1575 4573 1676 4636; x_wconf 82' lang='grc' dir='ltr'>τῆς</span> <span class='ocrx_word' id='word_1_437' title='bbox 1725 4569 1886 4638; x_wconf 80' lang='grc' dir='ltr'>ἡμῶν</span> 
     </span>
    </p>
   </div>
   <div class='ocr_carea' id='block_1_62' title="bbox 207 4655 1885 4734">
    <p class='ocr_par' dir='ltr' id='par_1_62' title="bbox 207 4655 1885 4734">
     <span class='ocr_line' id='line_1_62' title="bbox 207 4655 1885 4734; baseline -0.005 -17"><span class='ocrx_word' id='word_1_438' title='bbox 207 4659 605 4734; x_wconf 79' lang='grc' dir='ltr'>προαιρέσεως</span> <span class='ocrx_word' id='word_1_439' title='bbox 699 4659 834 4714; x_wconf 80' lang='grc' dir='ltr'>κατὰ</span> <span class='ocrx_word' id='word_1_440' title='bbox 917 4657 1168 4733; x_wconf 88' lang='grc' dir='ltr'>στέρησιν</span> <span class='ocrx_word' id='word_1_441' title='bbox 1261 4655 1465 4730; x_wconf 77' lang='grc' dir='ltr'>ἀγαθοῦ</span> <span class='ocrx_word' id='word_1_442' title='bbox 1548 4657 1885 4726; x_wconf 75' lang='grc' dir='ltr'>παρυπέστη.</span> 
     </span>
    </p>
   </div>
   <div class='ocr_carea' id='block_1_63' title="bbox 1997 1981 3652 2054">
    <p class='ocr_par' dir='ltr' id='par_1_63' title="bbox 1997 1981 3652 2054">
     <span class='ocr_line' id='line_1_63' title="bbox 1997 1981 3652 2054; baseline 0.001 -20"><span class='ocrx_word' id='word_1_443' title='bbox 1997 1981 2239 2052; x_wconf 74' lang='lat' dir='ltr'><strong>ﬂagellat</strong></span> <span class='ocrx_word' id='word_1_444' title='bbox 2269 1985 2455 2036; x_wconf 89' lang='lat' dir='ltr'><strong>autem</strong></span> <span class='ocrx_word' id='word_1_445' title='bbox 2485 1997 2698 2036; x_wconf 89' lang='lat' dir='ltr'><strong>omnem</strong></span> <span class='ocrx_word' id='word_1_446' title='bbox 2729 1983 2913 2053; x_wconf 78' lang='lat' dir='ltr'><strong>ﬁlium</strong></span> <span class='ocrx_word' id='word_1_447' title='bbox 2943 1999 3106 2054; x_wconf 85' lang='lat' dir='ltr'><strong>quem</strong></span> <span class='ocrx_word' id='word_1_448' title='bbox 3137 1982 3337 2053; x_wconf 84' lang='lat' dir='ltr'><strong>recipit</strong></span> <span class='ocrx_word' id='word_1_449' title='bbox 3356 1983 3453 2053; x_wconf 84' lang='lat' dir='ltr'><strong>(q).</strong></span> <span class='ocrx_word' id='word_1_450' title='bbox 3505 1981 3652 2045; x_wconf 87' lang='lat' dir='ltr'><strong>Quid</strong></span> 
     </span>
    </p>
   </div>
   <div class='ocr_carea' id='block_1_64' title="bbox 1997 2069 3654 2142">
    <p class='ocr_par' dir='ltr' id='par_1_64' title="bbox 1997 2069 3654 2142">
     <span class='ocr_line' id='line_1_64' title="bbox 1997 2069 3654 2142; baseline 0.001 -20"><span class='ocrx_word' id='word_1_451' title='bbox 1997 2069 2438 2140; x_wconf 87' lang='lat' dir='ltr'><strong>igitur?divites</strong></span> <span class='ocrx_word' id='word_1_452' title='bbox 2456 2087 2568 2124; x_wconf 90' lang='lat' dir='ltr'><strong>non</strong></span> <span class='ocrx_word' id='word_1_453' title='bbox 2593 2069 2969 2142; x_wconf 88' lang='lat' dir='ltr'><strong>diliguntura</strong></span> <span class='ocrx_word' id='word_1_454' title='bbox 2985 2071 3100 2126; x_wconf 91' lang='lat' dir='ltr'><strong>Deo</strong></span> <span class='ocrx_word' id='word_1_455' title='bbox 3121 2070 3149 2125; x_wconf 73' lang='lat' dir='ltr'><strong>‘I</strong></span> <span class='ocrx_word' id='word_1_456' title='bbox 3170 2070 3330 2126; x_wconf 85' lang='lat' dir='ltr'><strong>dices</strong></span> <span class='ocrx_word' id='word_1_457' title='bbox 3356 2069 3550 2142; x_wconf 88' lang='lat' dir='ltr'><strong>primo</strong></span> <span class='ocrx_word' id='word_1_458' title='bbox 3564 2070 3654 2124; x_wconf 90' lang='lat' dir='ltr'><strong>di-</strong></span> 
     </span>
    </p>
   </div>
   <div class='ocr_carea' id='block_1_65' title="bbox 1992 2157 3654 2231">
    <p class='ocr_par' dir='ltr' id='par_1_65' title="bbox 1992 2157 3654 2231">
     <span class='ocr_line' id='line_1_65' title="bbox 1992 2157 3654 2231; baseline 0.001 -18"><span class='ocrx_word' id='word_1_459' title='bbox 1992 2157 2166 2214; x_wconf 87' lang='lat' dir='ltr'><strong>vitias</strong></span> <span class='ocrx_word' id='word_1_460' title='bbox 2198 2176 2312 2214; x_wconf 95' lang='lat' dir='ltr'><strong>non</strong></span> <span class='ocrx_word' id='word_1_461' title='bbox 2344 2175 2472 2214; x_wconf 90' lang='lat' dir='ltr'><strong>esse</strong></span> <span class='ocrx_word' id='word_1_462' title='bbox 2505 2175 2608 2231; x_wconf 89' lang='lat' dir='ltr'><strong>per</strong></span> <span class='ocrx_word' id='word_1_463' title='bbox 2637 2175 2700 2215; x_wconf 91' lang='lat' dir='ltr'><strong>se</strong></span> <span class='ocrx_word' id='word_1_464' title='bbox 2732 2159 2940 2227; x_wconf 89' lang='lat' dir='ltr'><strong>malas,</strong></span> <span class='ocrx_word' id='word_1_465' title='bbox 2975 2160 3075 2215; x_wconf 89' lang='lat' dir='ltr'><strong>sed</strong></span> <span class='ocrx_word' id='word_1_466' title='bbox 3099 2159 3370 2215; x_wconf 72' lang='lat' dir='ltr'><strong>affectum</strong></span> <span class='ocrx_word' id='word_1_467' title='bbox 3397 2173 3535 2231; x_wconf 83' lang='lat' dir='ltr'><strong>erga</strong></span> <span class='ocrx_word' id='word_1_468' title='bbox 3551 2175 3654 2215; x_wconf 85' lang='lat' dir='ltr'><strong>eas</strong></span> 
     </span>
    </p>
   </div>
   <div class='ocr_carea' id='block_1_66' title="bbox 1992 2247 3650 2320">
    <p class='ocr_par' dir='ltr' id='par_1_66' title="bbox 1992 2247 3650 2320">
     <span class='ocr_line' id='line_1_66' title="bbox 1992 2247 3650 2320; baseline 0.001 -18"><span class='ocrx_word' id='word_1_469' title='bbox 1992 2251 2050 2302; x_wconf 87' lang='lat' dir='ltr'><strong>et</strong></span> <span class='ocrx_word' id='word_1_470' title='bbox 2072 2247 2293 2304; x_wconf 91' lang='lat' dir='ltr'><strong>malum</strong></span> <span class='ocrx_word' id='word_1_471' title='bbox 2329 2265 2504 2303; x_wconf 87' lang='lat' dir='ltr'><strong>usum</strong></span> <span class='ocrx_word' id='word_1_472' title='bbox 2539 2265 2552 2303; x_wconf 91' lang='lat'>:</span> <span class='ocrx_word' id='word_1_473' title='bbox 2587 2253 2809 2320; x_wconf 90' lang='lat' dir='ltr'><strong>postea,</strong></span> <span class='ocrx_word' id='word_1_474' title='bbox 2837 2248 3024 2304; x_wconf 91' lang='lat' dir='ltr'><strong>Deum</strong></span> <span class='ocrx_word' id='word_1_475' title='bbox 3058 2265 3231 2304; x_wconf 91' lang='lat' dir='ltr'><strong>nosse</strong></span> <span class='ocrx_word' id='word_1_476' title='bbox 3261 2249 3361 2320; x_wconf 89' lang='lat' dir='ltr'><strong>qui</strong></span> <span class='ocrx_word' id='word_1_477' title='bbox 3403 2249 3523 2304; x_wconf 89' lang='lat' dir='ltr'><strong>sint</strong></span> <span class='ocrx_word' id='word_1_478' title='bbox 3552 2249 3650 2304; x_wconf 91' lang='lat' dir='ltr'><strong>in-</strong></span> 
     </span>
    </p>
   </div>
   <div class='ocr_carea' id='block_1_67' title="bbox 1992 2336 3641 2409">
    <p class='ocr_par' dir='ltr' id='par_1_67' title="bbox 1992 2336 3641 2409">
     <span class='ocr_line' id='line_1_67' title="bbox 1992 2336 3641 2409; baseline 0 -16"><span class='ocrx_word' id='word_1_479' title='bbox 1992 2341 2082 2393; x_wconf 88' lang='lat' dir='ltr'><strong>ter</strong></span> <span class='ocrx_word' id='word_1_480' title='bbox 2110 2355 2218 2393; x_wconf 89' lang='lat' dir='ltr'><strong>nos</strong></span> <span class='ocrx_word' id='word_1_481' title='bbox 2249 2336 2492 2407; x_wconf 78' lang='lat' dir='ltr'><strong>infirmi,</strong></span> <span class='ocrx_word' id='word_1_482' title='bbox 2524 2337 2936 2409; x_wconf 88' lang='lat' dir='ltr'><strong>volentemque</strong></span> <span class='ocrx_word' id='word_1_483' title='bbox 2966 2355 3065 2394; x_wconf 91' lang='lat' dir='ltr'><strong>eos</strong></span> <span class='ocrx_word' id='word_1_484' title='bbox 3088 2339 3146 2393; x_wconf 89' lang='lat' dir='ltr'><strong>in</strong></span> <span class='ocrx_word' id='word_1_485' title='bbox 3168 2339 3641 2395; x_wconf 88' lang='lat' dir='ltr'><strong>adhortationem</strong></span> 
     </span>
    </p>
   </div>
   <div class='ocr_carea' id='block_1_68' title="bbox 1991 2426 3640 2499">
    <p class='ocr_par' dir='ltr' id='par_1_68' title="bbox 1991 2426 3640 2499">
     <span class='ocr_line' id='line_1_68' title="bbox 1991 2426 3640 2499; baseline 0.001 -19"><span class='ocrx_word' id='word_1_486' title='bbox 1991 2442 2354 2492; x_wconf 88' lang='lat' dir='ltr'><strong>conservare,</strong></span> <span class='ocrx_word' id='word_1_487' title='bbox 2393 2427 2682 2496; x_wconf 82' lang='lat' dir='ltr'><strong>fortassis,</strong></span> <span class='ocrx_word' id='word_1_488' title='bbox 2717 2431 2776 2483; x_wconf 89' lang='lat' dir='ltr'><strong>et</strong></span> <span class='ocrx_word' id='word_1_489' title='bbox 2824 2428 3125 2498; x_wconf 88' lang='lat' dir='ltr'><strong>pecunias,</strong></span> <span class='ocrx_word' id='word_1_490' title='bbox 3160 2444 3227 2483; x_wconf 89' lang='lat' dir='ltr'><strong>ac</strong></span> <span class='ocrx_word' id='word_1_491' title='bbox 3265 2427 3395 2483; x_wconf 68' lang='lat' dir='ltr'><strong>vita:</strong></span> <span class='ocrx_word' id='word_1_492' title='bbox 3443 2426 3640 2499; x_wconf 88' lang='lat' dir='ltr'><strong>splen-</strong></span> 
     </span>
    </p>
   </div>
   <div class='ocr_carea' id='block_1_69' title="bbox 1991 2515 3641 2588">
    <p class='ocr_par' dir='ltr' id='par_1_69' title="bbox 1991 2515 3641 2588">
     <span class='ocr_line' id='line_1_69' title="bbox 1991 2515 3641 2588; baseline 0 -18"><span class='ocrx_word' id='word_1_493' title='bbox 1991 2516 2192 2570; x_wconf 91' lang='lat' dir='ltr'><strong>dorem</strong></span> <span class='ocrx_word' id='word_1_494' title='bbox 2219 2516 2303 2570; x_wconf 91' lang='lat' dir='ltr'><strong>eis</strong></span> <span class='ocrx_word' id='word_1_495' title='bbox 2327 2515 2604 2581; x_wconf 87' lang='lat' dir='ltr'><strong>tribuere,</strong></span> <span class='ocrx_word' id='word_1_496' title='bbox 2630 2533 2742 2571; x_wconf 91' lang='lat' dir='ltr'><strong>non</strong></span> <span class='ocrx_word' id='word_1_497' title='bbox 2763 2517 2919 2588; x_wconf 91' lang='lat' dir='ltr'><strong>quod</strong></span> <span class='ocrx_word' id='word_1_498' title='bbox 2939 2517 3186 2588; x_wconf 87' lang='lat' dir='ltr'><strong>ignoret,</strong></span> <span class='ocrx_word' id='word_1_499' title='bbox 3211 2517 3269 2572; x_wconf 93' lang='lat' dir='ltr'><strong>id</strong></span> <span class='ocrx_word' id='word_1_500' title='bbox 3294 2516 3448 2588; x_wconf 90' lang='lat' dir='ltr'><strong>quod</strong></span> <span class='ocrx_word' id='word_1_501' title='bbox 3471 2520 3641 2585; x_wconf 87' lang='lat' dir='ltr'><strong>sunt;</strong></span> 
     </span>
    </p>
   </div>
   <div class='ocr_carea' id='block_1_70' title="bbox 1993 2605 3644 2678">
    <p class='ocr_par' dir='ltr' id='par_1_70' title="bbox 1993 2605 3644 2678">
     <span class='ocr_line' id='line_1_70' title="bbox 1993 2605 3644 2678; baseline 0.001 -20"><span class='ocrx_word' id='word_1_502' title='bbox 1993 2605 2287 2676; x_wconf 90' lang='lat' dir='ltr'><strong>quomodo</strong></span> <span class='ocrx_word' id='word_1_503' title='bbox 2309 2605 2466 2660; x_wconf 91' lang='lat' dir='ltr'><strong>enim</strong></span> <span class='ocrx_word' id='word_1_504' title='bbox 2499 2605 2600 2675; x_wconf 89' lang='lat' dir='ltr'><strong>qui</strong></span> <span class='ocrx_word' id='word_1_505' title='bbox 2623 2605 2784 2660; x_wconf 81' lang='lat' dir='ltr'><strong>novit</strong></span> <span class='ocrx_word' id='word_1_506' title='bbox 2814 2607 3342 2675; x_wconf 87' lang='lat' dir='ltr'><strong>omniaantequam</strong></span> <span class='ocrx_word' id='word_1_507' title='bbox 3358 2605 3504 2661; x_wconf 85' lang='lat' dir='ltr'><strong>ﬁant</strong></span> <span class='ocrx_word' id='word_1_508' title='bbox 3533 2605 3644 2678; x_wconf 83' lang='lat' dir='ltr'><strong>(r)?</strong></span> 
     </span>
    </p>
   </div>
   <div class='ocr_carea' id='block_1_71' title="bbox 1993 2693 3650 2765">
    <p class='ocr_par' dir='ltr' id='par_1_71' title="bbox 1993 2693 3650 2765">
     <span class='ocr_line' id='line_1_71' title="bbox 1993 2693 3650 2765; baseline 0.001 -19"><span class='ocrx_word' id='word_1_509' title='bbox 1993 2693 2146 2747; x_wconf 74' lang='lat'><strong>200</strong></span> <span class='ocrx_word' id='word_1_510' title='bbox 2177 2694 2278 2748; x_wconf 85' lang='lat' dir='ltr'><strong>sed</strong></span> <span class='ocrx_word' id='word_1_511' title='bbox 2312 2698 2376 2747; x_wconf 91' lang='lat' dir='ltr'><strong>ut</strong></span> <span class='ocrx_word' id='word_1_512' title='bbox 2407 2693 2630 2748; x_wconf 89' lang='lat' dir='ltr'><strong>nullam</strong></span> <span class='ocrx_word' id='word_1_513' title='bbox 2663 2693 2988 2748; x_wconf 83' lang='lat' dir='ltr'><strong>habeamus</strong></span> <span class='ocrx_word' id='word_1_514' title='bbox 3019 2693 3457 2749; x_wconf 86' lang='lat' dir='ltr'><strong>excusationem</strong></span> <span class='ocrx_word' id='word_1_515' title='bbox 3479 2694 3650 2765; x_wconf 86' lang='lat' dir='ltr'><strong>juxta</strong></span> 
     </span>
    </p>
   </div>
   <div class='ocr_carea' id='block_1_72' title="bbox 1990 2782 3652 2855">
    <p class='ocr_par' dir='ltr' id='par_1_72' title="bbox 1990 2782 3652 2855">
     <span class='ocr_line' id='line_1_72' title="bbox 1990 2782 3652 2855; baseline -0.001 -17"><span class='ocrx_word' id='word_1_516' title='bbox 1990 2783 2337 2855; x_wconf 81' lang='lat' dir='ltr'><strong>Apostolum</strong></span> <span class='ocrx_word' id='word_1_517' title='bbox 2365 2783 2689 2853; x_wconf 86' lang='lat' dir='ltr'><strong>:Propterea</strong></span> <span class='ocrx_word' id='word_1_518' title='bbox 2709 2783 3109 2838; x_wconf 68' lang='lat' dir='ltr'><strong>inexcusabilis</strong></span> <span class='ocrx_word' id='word_1_519' title='bbox 3134 2798 3208 2850; x_wconf 88' lang='lat' dir='ltr'><strong>es,</strong></span> <span class='ocrx_word' id='word_1_520' title='bbox 3229 2799 3258 2838; x_wconf 94' lang='lat' dir='ltr'><strong>o</strong></span> <span class='ocrx_word' id='word_1_521' title='bbox 3296 2782 3457 2838; x_wconf 86' lang='lat' dir='ltr'><strong>homo</strong></span> <span class='ocrx_word' id='word_1_522' title='bbox 3475 2784 3574 2854; x_wconf 90' lang='lat' dir='ltr'><strong>(s);</strong></span> <span class='ocrx_word' id='word_1_523' title='bbox 3596 2789 3652 2837; x_wconf 83' lang='lat' dir='ltr'><strong>et</strong></span> 
     </span>
    </p>
   </div>
   <div class='ocr_carea' id='block_1_73' title="bbox 1992 2870 3652 2943">
    <p class='ocr_par' dir='ltr' id='par_1_73' title="bbox 1992 2870 3652 2943">
     <span class='ocr_line' id='line_1_73' title="bbox 1992 2870 3652 2943; baseline -0.001 -16"><span class='ocrx_word' id='word_1_524' title='bbox 1992 2873 2207 2927; x_wconf 84' lang='lat' dir='ltr'><strong>iterum</strong></span> <span class='ocrx_word' id='word_1_525' title='bbox 2236 2887 2248 2927; x_wconf 92' lang='lat'>:</span> <span class='ocrx_word' id='word_1_526' title='bbox 2279 2873 2560 2926; x_wconf 85' lang='lat' dir='ltr'><strong>Habemus</strong></span> <span class='ocrx_word' id='word_1_527' title='bbox 2590 2870 2913 2942; x_wconf 77' lang='lat' dir='ltr'><strong>Pontiﬁcem</strong></span> <span class='ocrx_word' id='word_1_528' title='bbox 2955 2874 3054 2942; x_wconf 85' lang='lat' dir='ltr'><strong>qui</strong></span> <span class='ocrx_word' id='word_1_529' title='bbox 3096 2874 3272 2943; x_wconf 84' lang='lat' dir='ltr'><strong>possit</strong></span> <span class='ocrx_word' id='word_1_530' title='bbox 3305 2873 3543 2942; x_wconf 85' lang='lat' dir='ltr'><strong>compati</strong></span> <span class='ocrx_word' id='word_1_531' title='bbox 3563 2870 3652 2925; x_wconf 86' lang='lat' dir='ltr'><strong>in-</strong></span> 
     </span>
    </p>
   </div>
   <div class='ocr_carea' id='block_1_74' title="bbox 1992 2961 2697 3032">
    <p class='ocr_par' dir='ltr' id='par_1_74' title="bbox 1992 2961 2697 3032">
     <span class='ocr_line' id='line_1_74' title="bbox 1992 2961 2697 3032; baseline -0.003 -16"><span class='ocrx_word' id='word_1_532' title='bbox 1992 2961 2349 3032; x_wconf 83' lang='lat' dir='ltr'><strong>ﬁrmitatibus</strong></span> <span class='ocrx_word' id='word_1_533' title='bbox 2375 2961 2582 3016; x_wconf 81' lang='lat' dir='ltr'><strong>nostris</strong></span> <span class='ocrx_word' id='word_1_534' title='bbox 2612 2963 2697 3032; x_wconf 89' lang='grc' dir='ltr'>(ι).</span> 
     </span>
    </p>
   </div>
   <div class='ocr_carea' id='block_1_75' title="bbox 2063 3138 3656 3216">
    <p class='ocr_par' dir='ltr' id='par_1_75' title="bbox 2063 3138 3656 3216">
     <span class='ocr_line' id='line_1_75' title="bbox 2063 3138 3656 3216; baseline -0.001 -17"><span class='ocrx_word' id='word_1_535' title='bbox 2063 3145 2177 3199; x_wconf 85' lang='lat' dir='ltr'><strong>Non</strong></span> <span class='ocrx_word' id='word_1_536' title='bbox 2227 3143 2556 3213; x_wconf 81' lang='lat' dir='ltr'><strong>demulcere,</strong></span> <span class='ocrx_word' id='word_1_537' title='bbox 2620 3143 2718 3199; x_wconf 83' lang='lat' dir='ltr'><strong>Gr.</strong></span> <span class='ocrx_word' id='word_1_538' title='bbox 2759 3142 2821 3196; x_wconf 89' lang='grc' dir='ltr'>τὸ</span> <span class='ocrx_word' id='word_1_539' title='bbox 2876 3141 2950 3214; x_wconf 80' lang='grc' dir='ltr'>μὴ</span> <span class='ocrx_word' id='word_1_540' title='bbox 3017 3139 3254 3216; x_wconf 80' lang='grc' dir='ltr'>θέλγειν.</span> <span class='ocrx_word' id='word_1_541' title='bbox 3300 3138 3517 3214; x_wconf 86' lang='grc' dir='ltr'>Θέλγειν</span> <span class='ocrx_word' id='word_1_542' title='bbox 3564 3145 3656 3197; x_wconf 85' lang='lat' dir='ltr'><strong>est</strong></span> 
     </span>
    </p>
   </div>
   <div class='ocr_carea' id='block_1_76' title="bbox 1992 3230 3650 3304">
    <p class='ocr_par' dir='ltr' id='par_1_76' title="bbox 1992 3230 3650 3304">
     <span class='ocr_line' id='line_1_76' title="bbox 1992 3230 3650 3304; baseline -0.001 -16"><span class='ocrx_word' id='word_1_543' title='bbox 1992 3233 2290 3303; x_wconf 89' lang='lat' dir='ltr'><strong>voluptate</strong></span> <span class='ocrx_word' id='word_1_544' title='bbox 2321 3233 2588 3304; x_wconf 90' lang='lat' dir='ltr'><strong>decipere</strong></span> <span class='ocrx_word' id='word_1_545' title='bbox 2619 3250 2631 3288; x_wconf 93' lang='lat'><strong>:</strong></span> <span class='ocrx_word' id='word_1_546' title='bbox 2663 3232 2884 3288; x_wconf 92' lang='lat' dir='ltr'><strong>dicitur</strong></span> <span class='ocrx_word' id='word_1_547' title='bbox 2928 3232 3102 3288; x_wconf 87' lang='lat' dir='ltr'><strong>etiam</strong></span> <span class='ocrx_word' id='word_1_548' title='bbox 3150 3230 3502 3304; x_wconf 88' lang='lat' dir='ltr'><strong>simpliciter</strong></span> <span class='ocrx_word' id='word_1_549' title='bbox 3545 3247 3650 3287; x_wconf 81' lang='lat' dir='ltr'><strong>vo-</strong></span> 
     </span>
    </p>
   </div>
   <div class='ocr_carea' id='block_1_77' title="bbox 1993 3322 2502 3394">
    <p class='ocr_par' dir='ltr' id='par_1_77' title="bbox 1993 3322 2502 3394">
     <span class='ocr_line' id='line_1_77' title="bbox 1993 3322 2502 3394; baseline 0 -18"><span class='ocrx_word' id='word_1_550' title='bbox 1993 3323 2218 3394; x_wconf 88' lang='lat' dir='ltr'><strong>luptate</strong></span> <span class='ocrx_word' id='word_1_551' title='bbox 2250 3322 2502 3377; x_wconf 84' lang='lat' dir='ltr'><strong>afficere.</strong></span> 
     </span>
    </p>
   </div>
   <div class='ocr_carea' id='block_1_78' title="bbox 1906 3393 2970 3482">
    <p class='ocr_par' dir='ltr' id='par_1_78' title="bbox 1906 3393 2970 3482">
     <span class='ocr_line' id='line_1_78' title="bbox 1906 3393 2970 3482; baseline 0.001 -19"><span class='ocrx_word' id='word_1_552' title='bbox 1906 3393 1952 3463; x_wconf 64' lang='grc' dir='ltr'><strong>(ἶ</strong></span> <span class='ocrx_word' id='word_1_553' title='bbox 2063 3393 2426 3482; x_wconf 75' lang='lat' dir='ltr'><strong>Optimorum.</strong></span> <span class='ocrx_word' id='word_1_554' title='bbox 2462 3409 2970 3466; x_wconf 89' lang='lat' dir='ltr'><strong>Desiderabilium.</strong></span> 
     </span>
    </p>
   </div>
   <div class='ocr_carea' id='block_1_79' title="bbox 2067 3497 3656 3570">
    <p class='ocr_par' dir='ltr' id='par_1_79' title="bbox 2067 3497 3656 3570">
     <span class='ocr_line' id='line_1_79' title="bbox 2067 3497 3656 3570; baseline -0.001 -16"><span class='ocrx_word' id='word_1_555' title='bbox 2067 3502 2389 3555; x_wconf 86' lang='lat' dir='ltr'><strong>Inconcussa</strong></span> <span class='ocrx_word' id='word_1_556' title='bbox 2438 3502 2610 3565; x_wconf 88' lang='lat' dir='ltr'><strong>statu,</strong></span> <span class='ocrx_word' id='word_1_557' title='bbox 2677 3500 2776 3555; x_wconf 87' lang='lat' dir='ltr'><strong>Gr.</strong></span> <span class='ocrx_word' id='word_1_558' title='bbox 2847 3497 3151 3570; x_wconf 83' lang='grc' dir='ltr'>ἀμειλίκτῳ</span> <span class='ocrx_word' id='word_1_559' title='bbox 3217 3497 3418 3554; x_wconf 86' lang='grc' dir='ltr'>στάσει.</span> <span class='ocrx_word' id='word_1_560' title='bbox 3473 3497 3656 3553; x_wconf 88' lang='lat' dir='ltr'><strong>Vocat</strong></span> 
     </span>
    </p>
   </div>
   <div class='ocr_carea' id='block_1_80' title="bbox 1995 3586 3655 3660">
    <p class='ocr_par' dir='ltr' id='par_1_80' title="bbox 1995 3586 3655 3660">
     <span class='ocr_line' id='line_1_80' title="bbox 1995 3586 3655 3660; baseline -0.001 -18"><span class='ocrx_word' id='word_1_561' title='bbox 1995 3587 2311 3660; x_wconf 78' lang='grc' dir='ltr'>ἀμείλικτον</span> <span class='ocrx_word' id='word_1_562' title='bbox 2347 3587 2531 3641; x_wconf 83' lang='grc' dir='ltr'>στάσιν</span> <span class='ocrx_word' id='word_1_563' title='bbox 2561 3588 2902 3643; x_wconf 86' lang='lat' dir='ltr'><strong>institutum</strong></span> <span class='ocrx_word' id='word_1_564' title='bbox 2936 3589 3181 3643; x_wconf 85' lang='lat' dir='ltr'><strong>minime</strong></span> <span class='ocrx_word' id='word_1_565' title='bbox 3212 3589 3426 3643; x_wconf 90' lang='lat' dir='ltr'><strong>cedens</strong></span> <span class='ocrx_word' id='word_1_566' title='bbox 3447 3586 3655 3647; x_wconf 77' lang='lat' dir='ltr'><strong>titilla-</strong></span> 
     </span>
    </p>
   </div>
   <div class='ocr_carea' id='block_1_81' title="bbox 1997 3675 3659 3749">
    <p class='ocr_par' dir='ltr' id='par_1_81' title="bbox 1997 3675 3659 3749">
     <span class='ocr_line' id='line_1_81' title="bbox 1997 3675 3659 3749; baseline -0.002 -15"><span class='ocrx_word' id='word_1_567' title='bbox 1997 3679 2141 3734; x_wconf 90' lang='lat' dir='ltr'><strong>tioni</strong></span> <span class='ocrx_word' id='word_1_568' title='bbox 2163 3682 2550 3746; x_wconf 88' lang='lat' dir='ltr'><strong>terrenorum,</strong></span> <span class='ocrx_word' id='word_1_569' title='bbox 2577 3695 2767 3749; x_wconf 92' lang='lat' dir='ltr'><strong>neque</strong></span> <span class='ocrx_word' id='word_1_570' title='bbox 2787 3677 2941 3732; x_wconf 88' lang='lat' dir='ltr'><strong>ﬂecti</strong></span> <span class='ocrx_word' id='word_1_571' title='bbox 2967 3678 3038 3733; x_wconf 91' lang='lat' dir='ltr'><strong>ad</strong></span> <span class='ocrx_word' id='word_1_572' title='bbox 3064 3675 3398 3732; x_wconf 86' lang='lat' dir='ltr'><strong>materialia</strong></span> <span class='ocrx_word' id='word_1_573' title='bbox 3419 3680 3659 3749; x_wconf 89' lang='lat' dir='ltr'><strong>propter</strong></span> 
     </span>
    </p>
   </div>
   <div class='ocr_carea' id='block_1_82' title="bbox 1995 3769 2368 3824">
    <p class='ocr_par' dir='ltr' id='par_1_82' title="bbox 1995 3769 2368 3824">
     <span class='ocr_line' id='line_1_82' title="bbox 1995 3769 2368 3824; baseline -0.011 0"><span class='ocrx_word' id='word_1_574' title='bbox 1995 3769 2368 3824; x_wconf 87' lang='lat' dir='ltr'><strong>tentationes.</strong></span> 
     </span>
    </p>
   </div>
   <div class='ocr_carea' id='block_1_83' title="bbox 2069 3856 3656 3929">
    <p class='ocr_par' dir='ltr' id='par_1_83' title="bbox 2069 3856 3656 3929">
     <span class='ocr_line' id='line_1_83' title="bbox 2069 3856 3656 3929; baseline -0.004 -15"><span class='ocrx_word' id='word_1_575' title='bbox 2069 3858 2096 3929; x_wconf 79' lang='grc' dir='ltr'>Ξ</span> <span class='ocrx_word' id='word_1_576' title='bbox 2127 3858 2197 3913; x_wconf 94' lang='grc' dir='ltr'><strong>Χ.</strong></span> <span class='ocrx_word' id='word_1_577' title='bbox 2235 3859 2297 3914; x_wconf 90' lang='lat' dir='ltr'><strong>Ut</strong></span> <span class='ocrx_word' id='word_1_578' title='bbox 2327 3856 2599 3913; x_wconf 87' lang='lat' dir='ltr'><strong>actionem</strong></span> <span class='ocrx_word' id='word_1_579' title='bbox 2637 3873 2866 3928; x_wconf 71' lang='lat' dir='ltr'><strong>quaeque</strong></span> <span class='ocrx_word' id='word_1_580' title='bbox 2908 3873 3067 3911; x_wconf 87' lang='lat' dir='ltr'><strong>suam</strong></span> <span class='ocrx_word' id='word_1_581' title='bbox 3115 3859 3509 3928; x_wconf 86' lang='lat' dir='ltr'><strong>prosequatur,</strong></span> <span class='ocrx_word' id='word_1_582' title='bbox 3559 3858 3656 3909; x_wconf 89' lang='lat' dir='ltr'><strong>Gr.</strong></span> 
     </span>
    </p>
   </div>
   <div class='ocr_carea' id='block_1_84' title="bbox 1993 3940 3658 4018">
    <p class='ocr_par' dir='ltr' id='par_1_84' title="bbox 1993 3940 3658 4018">
     <span class='ocr_line' id='line_1_84' title="bbox 1993 3940 3658 4018; baseline -0.003 -18"><span class='ocrx_word' id='word_1_583' title='bbox 1993 3952 2093 4014; x_wconf 78' lang='grc' dir='ltr'>τῆς</span> <span class='ocrx_word' id='word_1_584' title='bbox 2125 3945 2176 3999; x_wconf 83' lang='grc' dir='ltr'><strong>έν</strong></span> <span class='ocrx_word' id='word_1_585' title='bbox 2232 3949 2350 4006; x_wconf 83' lang='grc' dir='ltr'>τοῖς</span> <span class='ocrx_word' id='word_1_586' title='bbox 2408 3943 2560 4006; x_wconf 81' lang='grc' dir='ltr'>ὅλοις</span> <span class='ocrx_word' id='word_1_587' title='bbox 2612 3941 2973 4018; x_wconf 79' lang='grc' dir='ltr'>ἷδιοπραγίας.</span> <span class='ocrx_word' id='word_1_588' title='bbox 3019 3945 3349 4016; x_wconf 83' lang='lat' dir='ltr'><strong>Appellavit</strong></span> <span class='ocrx_word' id='word_1_589' title='bbox 3407 3940 3658 4016; x_wconf 78' lang='grc' dir='ltr'>ἰδιοπρα-</span> 
     </span>
    </p>
   </div>
   <div class='ocr_carea' id='block_1_85' title="bbox 1994 4035 3656 4109">
    <p class='ocr_par' dir='ltr' id='par_1_85' title="bbox 1994 4035 3656 4109">
     <span class='ocr_line' id='line_1_85' title="bbox 1994 4035 3656 4109; baseline 0 -21"><span class='ocrx_word' id='word_1_590' title='bbox 1994 4035 2114 4109; x_wconf 89' lang='grc' dir='ltr'>γίαν</span> <span class='ocrx_word' id='word_1_591' title='bbox 2166 4035 2470 4107; x_wconf 89' lang='lat' dir='ltr'><strong>pr0prium</strong></span> <span class='ocrx_word' id='word_1_592' title='bbox 2521 4035 2809 4105; x_wconf 88' lang='lat' dir='ltr'><strong>cujusque</strong></span> <span class='ocrx_word' id='word_1_593' title='bbox 2863 4035 2946 4090; x_wconf 89' lang='lat' dir='ltr'><strong>rel</strong></span> <span class='ocrx_word' id='word_1_594' title='bbox 2997 4035 3324 4089; x_wconf 90' lang='lat' dir='ltr'><strong>secundum</strong></span> <span class='ocrx_word' id='word_1_595' title='bbox 3379 4038 3656 4089; x_wconf 88' lang='lat' dir='ltr'><strong>naturam</strong></span> 
     </span>
    </p>
   </div>
   <div class='ocr_carea' id='block_1_86' title="bbox 1997 4123 3654 4195">
    <p class='ocr_par' dir='ltr' id='par_1_86' title="bbox 1997 4123 3654 4195">
     <span class='ocr_line' id='line_1_86' title="bbox 1997 4123 3654 4195; baseline -0.002 -16"><span class='ocrx_word' id='word_1_596' title='bbox 1997 4129 2269 4180; x_wconf 89' lang='lat' dir='ltr'><strong>motum:</strong></span> <span class='ocrx_word' id='word_1_597' title='bbox 2330 4139 2520 4195; x_wconf 89' lang='lat' dir='ltr'><strong>neque</strong></span> <span class='ocrx_word' id='word_1_598' title='bbox 2575 4123 2732 4178; x_wconf 87' lang='lat' dir='ltr'><strong>enim</strong></span> <span class='ocrx_word' id='word_1_599' title='bbox 2805 4123 3076 4178; x_wconf 89' lang='lat' dir='ltr'><strong>homines</strong></span> <span class='ocrx_word' id='word_1_600' title='bbox 3149 4123 3340 4179; x_wconf 84' lang='lat' dir='ltr'><strong>facere</strong></span> <span class='ocrx_word' id='word_1_601' title='bbox 3409 4126 3654 4195; x_wconf 89' lang='lat' dir='ltr'><strong>possent</strong></span> 
     </span>
    </p>
   </div>
   <div class='ocr_carea' id='block_1_87' title="bbox 1997 4211 3652 4285">
    <p class='ocr_par' dir='ltr' id='par_1_87' title="bbox 1997 4211 3652 4285">
     <span class='ocr_line' id='line_1_87' title="bbox 1997 4211 3652 4285; baseline -0.002 -16"><span class='ocrx_word' id='word_1_602' title='bbox 1997 4231 2124 4284; x_wconf 66' lang='lat' dir='ltr'><strong>quae</strong></span> <span class='ocrx_word' id='word_1_603' title='bbox 2156 4212 2379 4285; x_wconf 86' lang='lat' dir='ltr'><strong>angelis</strong></span> <span class='ocrx_word' id='word_1_604' title='bbox 2412 4213 2685 4284; x_wconf 90' lang='lat' dir='ltr'><strong>propria;</strong></span> <span class='ocrx_word' id='word_1_605' title='bbox 2738 4229 2843 4269; x_wconf 87' lang='lat' dir='ltr'><strong>nec</strong></span> <span class='ocrx_word' id='word_1_606' title='bbox 2874 4229 3027 4284; x_wconf 87' lang='lat' dir='ltr'><strong>aqua</strong></span> <span class='ocrx_word' id='word_1_607' title='bbox 3065 4229 3194 4284; x_wconf 65' lang='lat' dir='ltr'><strong>quas</strong></span> <span class='ocrx_word' id='word_1_608' title='bbox 3234 4211 3376 4283; x_wconf 90' lang='lat' dir='ltr'><strong>igni,</strong></span> <span class='ocrx_word' id='word_1_609' title='bbox 3417 4215 3476 4267; x_wconf 87' lang='lat' dir='ltr'><strong>et</strong></span> <span class='ocrx_word' id='word_1_610' title='bbox 3513 4227 3652 4266; x_wconf 92' lang='lat' dir='ltr'><strong>con-</strong></span> 
     </span>
    </p>
   </div>
   <div class='ocr_carea' id='block_1_88' title="bbox 1995 4306 2107 4358">
    <p class='ocr_par' dir='ltr' id='par_1_88' title="bbox 1995 4306 2107 4358">
     <span class='ocr_line' id='line_1_88' title="bbox 1995 4306 2107 4358; baseline -0.009 0"><span class='ocrx_word' id='word_1_611' title='bbox 1995 4306 2107 4358; x_wconf 76' lang='lat' dir='ltr'><strong>ira.</strong></span> 
     </span>
    </p>
   </div>
   <div class='ocr_carea' id='block_1_89' title="bbox 2073 4389 3656 4463">
    <p class='ocr_par' dir='ltr' id='par_1_89' title="bbox 2073 4389 3656 4463">
     <span class='ocr_line' id='line_1_89' title="bbox 2073 4389 3656 4463; baseline -0.001 -17"><span class='ocrx_word' id='word_1_612' title='bbox 2073 4394 2133 4447; x_wconf 87' lang='lat' dir='ltr'><strong>Et</strong></span> <span class='ocrx_word' id='word_1_613' title='bbox 2173 4395 2444 4463; x_wconf 86' lang='lat' dir='ltr'><strong>quatenus</strong></span> <span class='ocrx_word' id='word_1_614' title='bbox 2486 4392 2872 4447; x_wconf 84' lang='lat' dir='ltr'><strong>deterioribus.</strong></span> <span class='ocrx_word' id='word_1_615' title='bbox 2914 4395 3039 4446; x_wconf 90' lang='lat' dir='ltr'><strong>Non</strong></span> <span class='ocrx_word' id='word_1_616' title='bbox 3083 4391 3378 4459; x_wconf 82' lang='lat' dir='ltr'><strong>intelligas</strong></span> <span class='ocrx_word' id='word_1_617' title='bbox 3421 4391 3531 4447; x_wconf 91' lang='lat' dir='ltr'><strong>hoc</strong></span> <span class='ocrx_word' id='word_1_618' title='bbox 3567 4389 3656 4444; x_wconf 94' lang='lat' dir='ltr'><strong>lo-</strong></span> 
     </span>
    </p>
   </div>
   <div class='ocr_carea' id='block_1_90' title="bbox 1998 4479 3658 4550">
    <p class='ocr_par' dir='ltr' id='par_1_90' title="bbox 1998 4479 3658 4550">
     <span class='ocr_line' id='line_1_90' title="bbox 1998 4479 3658 4550; baseline -0.002 -14"><span class='ocrx_word' id='word_1_619' title='bbox 1998 4499 2063 4537; x_wconf 93' lang='lat' dir='ltr'><strong>co</strong></span> <span class='ocrx_word' id='word_1_620' title='bbox 2097 4482 2379 4537; x_wconf 85' lang='lat' dir='ltr'><strong>deteriora</strong></span> <span class='ocrx_word' id='word_1_621' title='bbox 2417 4485 2682 4550; x_wconf 87' lang='lat' dir='ltr'><strong>respectu</strong></span> <span class='ocrx_word' id='word_1_622' title='bbox 2734 4483 2802 4535; x_wconf 90' lang='lat' dir='ltr'><strong>ad</strong></span> <span class='ocrx_word' id='word_1_623' title='bbox 2858 4485 3158 4536; x_wconf 88' lang='lat' dir='ltr'><strong>creaturas</strong></span> <span class='ocrx_word' id='word_1_624' title='bbox 3198 4481 3439 4548; x_wconf 87' lang='lat' dir='ltr'><strong>habito;</strong></span> <span class='ocrx_word' id='word_1_625' title='bbox 3493 4479 3658 4534; x_wconf 90' lang='lat' dir='ltr'><strong>nulla</strong></span> 
     </span>
    </p>
   </div>
   <div class='ocr_carea' id='block_1_91' title="bbox 1999 4567 3659 4641">
    <p class='ocr_par' dir='ltr' id='par_1_91' title="bbox 1999 4567 3659 4641">
     <span class='ocr_line' id='line_1_91' title="bbox 1999 4567 3659 4641; baseline -0.003 -14"><span class='ocrx_word' id='word_1_626' title='bbox 1999 4571 2155 4627; x_wconf 90' lang='lat' dir='ltr'><strong>enim</strong></span> <span class='ocrx_word' id='word_1_627' title='bbox 2187 4576 2278 4626; x_wconf 89' lang='lat' dir='ltr'><strong>est</strong></span> <span class='ocrx_word' id='word_1_628' title='bbox 2307 4569 2464 4624; x_wconf 90' lang='lat' dir='ltr'><strong>inter</strong></span> <span class='ocrx_word' id='word_1_629' title='bbox 2492 4569 2654 4641; x_wconf 87' lang='lat' dir='ltr'><strong>ipsas</strong></span> <span class='ocrx_word' id='word_1_630' title='bbox 2686 4568 2880 4636; x_wconf 88' lang='lat' dir='ltr'><strong>mala;</strong></span> <span class='ocrx_word' id='word_1_631' title='bbox 2917 4569 3016 4624; x_wconf 91' lang='lat' dir='ltr'><strong>sed</strong></span> <span class='ocrx_word' id='word_1_632' title='bbox 3049 4569 3119 4623; x_wconf 91' lang='lat' dir='ltr'><strong>ad</strong></span> <span class='ocrx_word' id='word_1_633' title='bbox 3141 4573 3470 4641; x_wconf 90' lang='lat' dir='ltr'><strong>peccatum,</strong></span> <span class='ocrx_word' id='word_1_634' title='bbox 3502 4567 3659 4638; x_wconf 90' lang='lat' dir='ltr'><strong>quod</strong></span> 
     </span>
    </p>
   </div>
   <div class='ocr_carea' id='block_1_92' title="bbox 2000 4657 3663 4729">
    <p class='ocr_par' dir='ltr' id='par_1_92' title="bbox 2000 4657 3663 4729">
     <span class='ocr_line' id='line_1_92' title="bbox 2000 4657 3663 4729; baseline -0.003 -14"><span class='ocrx_word' id='word_1_635' title='bbox 2000 4677 2068 4716; x_wconf 85' lang='lat' dir='ltr'><strong>ex</strong></span> <span class='ocrx_word' id='word_1_636' title='bbox 2101 4663 2302 4715; x_wconf 88' lang='lat' dir='ltr'><strong>nostra</strong></span> <span class='ocrx_word' id='word_1_637' title='bbox 2323 4658 2624 4714; x_wconf 84' lang='lat' dir='ltr'><strong>voluntate</strong></span> <span class='ocrx_word' id='word_1_638' title='bbox 2642 4658 2779 4713; x_wconf 87' lang='lat' dir='ltr'><strong>boni</strong></span> <span class='ocrx_word' id='word_1_639' title='bbox 2804 4657 3128 4729; x_wconf 88' lang='lat' dir='ltr'><strong>privatione</strong></span> <span class='ocrx_word' id='word_1_640' title='bbox 3155 4657 3478 4712; x_wconf 89' lang='lat' dir='ltr'><strong>subsistere</strong></span> <span class='ocrx_word' id='word_1_641' title='bbox 3509 4657 3663 4711; x_wconf 87' lang='lat' dir='ltr'><strong>vide-</strong></span> 
     </span>
    </p>
   </div>
   <div class='ocr_carea' id='block_1_93' title="bbox 209 4743 1884 4832">
    <p class='ocr_par' dir='ltr' id='par_1_93' title="bbox 209 4743 1884 4824">
     <span class='ocr_line' id='line_1_93' title="bbox 209 4743 1884 4824; baseline -0.004 -19"><span class='ocrx_word' id='word_1_642' title='bbox 209 4750 564 4824; x_wconf 77' lang='grc' dir='ltr'>’Λναρπάζει</span> <span class='ocrx_word' id='word_1_643' title='bbox 613 4749 715 4824; x_wconf 79' lang='grc' dir='ltr'><strong>γὰρ</strong></span> <span class='ocrx_word' id='word_1_644' title='bbox 778 4750 928 4820; x_wconf 77' lang='grc' dir='ltr'>ἡμᾶς</span> <span class='ocrx_word' id='word_1_645' title='bbox 972 4747 1004 4802; x_wconf 76' lang='grc' dir='ltr'>ὁ</span> <span class='ocrx_word' id='word_1_646' title='bbox 1048 4746 1178 4807; x_wconf 85' lang='grc' dir='ltr'>Θεὸς</span> <span class='ocrx_word' id='word_1_647' title='bbox 1240 4745 1291 4815; x_wconf 77' lang='grc' dir='ltr'><strong>ἐξ</strong></span> <span class='ocrx_word' id='word_1_648' title='bbox 1335 4744 1502 4814; x_wconf 80' lang='grc' dir='ltr'>αὐτῆς</span> <span class='ocrx_word' id='word_1_649' title='bbox 1554 4743 1793 4818; x_wconf 74' lang='grc' dir='ltr'>ἑκόντας,</span> <span class='ocrx_word' id='word_1_650' title='bbox 1843 4746 1884 4800; x_wconf 75' lang='grc' dir='ltr'>εἰ</span> 
     </span>
    </p>
   </div>
   <div class='ocr_carea' id='block_1_94' title="bbox 2007 4743 3662 4832">
    <p class='ocr_par' dir='ltr' id='par_1_94' title="bbox 2007 4744 3662 4818">
     <span class='ocr_line' id='line_1_94' title="bbox 2007 4744 3662 4818; baseline -0.004 -12"><span class='ocrx_word' id='word_1_651' title='bbox 2007 4755 2119 4806; x_wconf 87' lang='lat' dir='ltr'><strong>tur.</strong></span> <span class='ocrx_word' id='word_1_652' title='bbox 2157 4750 2308 4805; x_wconf 91' lang='lat' dir='ltr'><strong>Deus</strong></span> <span class='ocrx_word' id='word_1_653' title='bbox 2339 4747 2495 4803; x_wconf 90' lang='lat' dir='ltr'><strong>enim</strong></span> <span class='ocrx_word' id='word_1_654' title='bbox 2519 4763 2655 4802; x_wconf 91' lang='lat' dir='ltr'><strong>cum</strong></span> <span class='ocrx_word' id='word_1_655' title='bbox 2685 4747 2958 4804; x_wconf 87' lang='lat' dir='ltr'><strong>volumus</strong></span> <span class='ocrx_word' id='word_1_656' title='bbox 2991 4763 3098 4801; x_wconf 90' lang='lat' dir='ltr'><strong>nos</strong></span> <span class='ocrx_word' id='word_1_657' title='bbox 3130 4763 3198 4801; x_wconf 83' lang='lat' dir='ltr'><strong>ex</strong></span> <span class='ocrx_word' id='word_1_658' title='bbox 3233 4746 3362 4817; x_wconf 89' lang='lat' dir='ltr'><strong>ipso</strong></span> <span class='ocrx_word' id='word_1_659' title='bbox 3393 4745 3587 4818; x_wconf 86' lang='lat' dir='ltr'><strong>eripit,</strong></span> <span class='ocrx_word' id='word_1_660' title='bbox 3610 4744 3662 4801; x_wconf 91' lang='lat' dir='ltr'><strong>si</strong></span> 
     </span>
    </p>
   </div>
   <div class='ocr_carea' id='block_1_95' title="bbox 205 4836 886 4916">
    <p class='ocr_par' dir='ltr' id='par_1_95' title="bbox 205 4836 886 4916">
     <span class='ocr_line' id='line_1_95' title="bbox 205 4836 886 4916; baseline -0.006 -21"><span class='ocrx_word' id='word_1_661' title='bbox 205 4836 683 4916; x_wconf 82' lang='grc' dir='ltr'>προσδράμοιμεν</span> <span class='ocrx_word' id='word_1_662' title='bbox 719 4836 886 4908; x_wconf 80' lang='grc' dir='ltr'>αὐτῷ.</span> 
     </span>
    </p>
   </div>
   <div class='ocr_carea' id='block_1_96' title="bbox 293 4923 1888 5002">
    <p class='ocr_par' dir='ltr' id='par_1_96' title="bbox 293 4923 1888 5002">
     <span class='ocr_line' id='line_1_96' title="bbox 293 4923 1888 5002; baseline -0.005 -18"><span class='ocrx_word' id='word_1_663' title='bbox 293 4928 408 4984; x_wconf 76' lang='grc' dir='ltr'>Καὶ</span> <span class='ocrx_word' id='word_1_664' title='bbox 464 4926 675 5002; x_wconf 68' lang='grc' dir='ltr'>ἀῤῥεπῆ</span> <span class='ocrx_word' id='word_1_665' title='bbox 729 4926 864 4998; x_wconf 88' lang='grc' dir='ltr'>πρὸς</span> <span class='ocrx_word' id='word_1_666' title='bbox 913 4925 981 4979; x_wconf 78' lang='grc' dir='ltr'>τὰ</span> <span class='ocrx_word' id='word_1_667' title='bbox 1029 4925 1223 4998; x_wconf 88' lang='grc' dir='ltr'>χείρω.</span> <span class='ocrx_word' id='word_1_668' title='bbox 1254 4927 1433 4978; x_wconf 76' lang='grc' dir='ltr'>Ταῦτα</span> <span class='ocrx_word' id='word_1_669' title='bbox 1479 4923 1602 4996; x_wconf 80' lang='grc' dir='ltr'>περὶ</span> <span class='ocrx_word' id='word_1_670' title='bbox 1650 4928 1754 4978; x_wconf 77' lang='grc' dir='ltr'>τῶν</span> <span class='ocrx_word' id='word_1_671' title='bbox 1805 4923 1888 4977; x_wconf 84' lang='grc' dir='ltr'><strong>αἶ-</strong></span> 
     </span>
    </p>
   </div>
   <div class='ocr_carea' id='block_1_97' title="bbox 218 5010 1888 5087">
    <p class='ocr_par' dir='ltr' id='par_1_97' title="bbox 218 5010 1888 5087">
     <span class='ocr_line' id='line_1_97' title="bbox 218 5010 1888 5087; baseline -0.003 -15"><span class='ocrx_word' id='word_1_672' title='bbox 218 5021 450 5087; x_wconf 83' lang='grc' dir='ltr'>σθητῶν</span> <span class='ocrx_word' id='word_1_673' title='bbox 482 5016 569 5070; x_wconf 80' lang='grc' dir='ltr'><strong>καὶ</strong></span> <span class='ocrx_word' id='word_1_674' title='bbox 609 5016 712 5069; x_wconf 77' lang='grc' dir='ltr'><strong>ὑπὸ</strong></span> <span class='ocrx_word' id='word_1_675' title='bbox 750 5016 850 5082; x_wconf 77' lang='grc' dir='ltr'>τὴν</span> <span class='ocrx_word' id='word_1_676' title='bbox 895 5015 1068 5068; x_wconf 89' lang='grc' dir='ltr'>κτίσιν</span> <span class='ocrx_word' id='word_1_677' title='bbox 1108 5010 1278 5067; x_wconf 77' lang='grc' dir='ltr'>ὄντων</span> <span class='ocrx_word' id='word_1_678' title='bbox 1322 5012 1514 5084; x_wconf 83' lang='grc' dir='ltr'>νόμιζε</span> <span class='ocrx_word' id='word_1_679' title='bbox 1561 5011 1740 5087; x_wconf 83' lang='grc' dir='ltr'>λέγειν</span> <span class='ocrx_word' id='word_1_680' title='bbox 1792 5014 1888 5067; x_wconf 82' lang='grc' dir='ltr'>αύ-</span> 
     </span>
    </p>
   </div>
   <div class='ocr_carea' id='block_1_98' title="bbox 210 5099 1884 5176">
    <p class='ocr_par' dir='ltr' id='par_1_98' title="bbox 210 5099 1884 5176">
     <span class='ocr_line' id='line_1_98' title="bbox 210 5099 1884 5176; baseline -0.005 -13"><span class='ocrx_word' id='word_1_681' title='bbox 210 5111 338 5167; x_wconf 80' lang='grc' dir='ltr'>τὸν,</span> <span class='ocrx_word' id='word_1_682' title='bbox 403 5103 489 5159; x_wconf 76' lang='grc' dir='ltr'>ὅτι</span> <span class='ocrx_word' id='word_1_683' title='bbox 546 5103 720 5159; x_wconf 82' lang='grc' dir='ltr'>πάντα</span> <span class='ocrx_word' id='word_1_684' title='bbox 771 5103 822 5158; x_wconf 86' lang='grc' dir='ltr'><strong>ἐν</strong></span> <span class='ocrx_word' id='word_1_685' title='bbox 878 5107 946 5176; x_wconf 81' lang='grc' dir='ltr'>τῇ</span> <span class='ocrx_word' id='word_1_686' title='bbox 1005 5102 1177 5173; x_wconf 75' lang='grc' dir='ltr'>οἰκείᾳ</span> <span class='ocrx_word' id='word_1_687' title='bbox 1234 5100 1447 5172; x_wconf 80' lang='grc' dir='ltr'>εὐταξίᾳ</span> <span class='ocrx_word' id='word_1_688' title='bbox 1491 5099 1884 5176; x_wconf 78' lang='grc' dir='ltr'>διαφυλάττει·</span> 
     </span>
    </p>
   </div>
   <div class='ocr_carea' id='block_1_99' title="bbox 212 5189 1891 5270">
    <p class='ocr_par' dir='ltr' id='par_1_99' title="bbox 212 5189 1891 5270">
     <span class='ocr_line' id='line_1_99' title="bbox 212 5189 1891 5270; baseline -0.004 -19"><span class='ocrx_word' id='word_1_689' title='bbox 212 5194 386 5252; x_wconf 72' lang='grc' dir='ltr'>οὐδὲν</span> <span class='ocrx_word' id='word_1_690' title='bbox 439 5193 545 5270; x_wconf 77' lang='grc' dir='ltr'>γὰρ</span> <span class='ocrx_word' id='word_1_691' title='bbox 600 5194 782 5248; x_wconf 80' lang='grc' dir='ltr'>αὐτῶν</span> <span class='ocrx_word' id='word_1_692' title='bbox 842 5193 1174 5268; x_wconf 78' lang='grc' dir='ltr'>μετετρ-ἀπη,</span> <span class='ocrx_word' id='word_1_693' title='bbox 1209 5189 1336 5246; x_wconf 88' lang='grc' dir='ltr'>ἀλλ’</span> <span class='ocrx_word' id='word_1_694' title='bbox 1391 5189 1564 5252; x_wconf 73' lang='grc' dir='ltr'>οὕτως</span> <span class='ocrx_word' id='word_1_695' title='bbox 1619 5191 1692 5252; x_wconf 84' lang='grc' dir='ltr'><strong>ὡς</strong></span> <span class='ocrx_word' id='word_1_696' title='bbox 1747 5189 1891 5245; x_wconf 84' lang='grc' dir='ltr'>ἐκτί-</span> 
     </span>
    </p>
   </div>
   <div class='ocr_carea' id='block_1_100' title="bbox 215 5275 1890 5356">
    <p class='ocr_par' dir='ltr' id='par_1_100' title="bbox 215 5275 1890 5356">
     <span class='ocr_line' id='line_1_100' title="bbox 215 5275 1890 5356; baseline -0.003 -15"><span class='ocrx_word' id='word_1_697' title='bbox 215 5299 458 5355; x_wconf 78' lang='grc' dir='ltr'>σθησαν,</span> <span class='ocrx_word' id='word_1_698' title='bbox 513 5282 768 5356; x_wconf 83' lang='grc' dir='ltr'>ἔμειναν·</span> <span class='ocrx_word' id='word_1_699' title='bbox 822 5286 982 5337; x_wconf 72' lang='grc' dir='ltr'>τοῦτο</span> <span class='ocrx_word' id='word_1_700' title='bbox 1033 5279 1200 5351; x_wconf 84' lang='grc' dir='ltr'>δηλοῖ</span> <span class='ocrx_word' id='word_1_701' title='bbox 1240 5281 1302 5334; x_wconf 90' lang='grc' dir='ltr'>τὸ</span> <span class='ocrx_word' id='word_1_702' title='bbox 1353 5275 1726 5352; x_wconf 74' lang='grc' dir='ltr'>ἀμετάϐλητα.</span> <span class='ocrx_word' id='word_1_703' title='bbox 1762 5280 1890 5355; x_wconf 82' lang='grc' dir='ltr'><strong>Ἀῥ-</strong></span> 
     </span>
    </p>
   </div>
   <div class='ocr_carea' id='block_1_101' title="bbox 215 5368 1894 5453">
    <p class='ocr_par' dir='ltr' id='par_1_101' title="bbox 215 5368 1894 5453">
     <span class='ocr_line' id='line_1_101' title="bbox 215 5368 1894 5453; baseline -0.004 -22"><span class='ocrx_word' id='word_1_704' title='bbox 215 5377 368 5453; x_wconf 73' lang='grc' dir='ltr'><strong>ῥεπῆ</strong></span> <span class='ocrx_word' id='word_1_705' title='bbox 435 5370 492 5428; x_wconf 79' lang='grc' dir='ltr'>δὲ</span> <span class='ocrx_word' id='word_1_706' title='bbox 551 5373 689 5448; x_wconf 89' lang='grc' dir='ltr'>πρὸς</span> <span class='ocrx_word' id='word_1_707' title='bbox 746 5371 814 5427; x_wconf 82' lang='grc' dir='ltr'><strong>τά</strong></span> <span class='ocrx_word' id='word_1_708' title='bbox 870 5371 1068 5446; x_wconf 84' lang='grc' dir='ltr'>χείρω,</span> <span class='ocrx_word' id='word_1_709' title='bbox 1111 5370 1147 5438; x_wconf 77' lang='grc' dir='ltr'><strong>ἢ</strong></span> <span class='ocrx_word' id='word_1_710' title='bbox 1207 5368 1290 5424; x_wconf 77' lang='grc' dir='ltr'><strong>ὅτι</strong></span> <span class='ocrx_word' id='word_1_711' title='bbox 1349 5369 1675 5445; x_wconf 79' lang='grc' dir='ltr'>προαιρετάς</span> <span class='ocrx_word' id='word_1_712' title='bbox 1731 5371 1894 5434; x_wconf 83' lang='grc' dir='ltr'>αὐτὰς</span> 
     </span>
    </p>
   </div>
   <div class='ocr_carea' id='block_1_102' title="bbox 209 5458 1889 5533">
    <p class='ocr_par' dir='ltr' id='par_1_102' title="bbox 209 5458 1889 5533">
     <span class='ocr_line' id='line_1_102' title="bbox 209 5458 1889 5533; baseline -0.004 -12"><span class='ocrx_word' id='word_1_713' title='bbox 209 5464 550 5533; x_wconf 83' lang='grc' dir='ltr'>πεποίηκεν,</span> <span class='ocrx_word' id='word_1_714' title='bbox 583 5463 620 5532; x_wconf 71' lang='grc' dir='ltr'>ἢ</span> <span class='ocrx_word' id='word_1_715' title='bbox 671 5461 754 5517; x_wconf 81' lang='grc' dir='ltr'>ὅτι</span> <span class='ocrx_word' id='word_1_716' title='bbox 805 5459 963 5516; x_wconf 75' lang='grc' dir='ltr'>οὐδὲν</span> <span class='ocrx_word' id='word_1_717' title='bbox 996 5459 1047 5530; x_wconf 77' lang='grc' dir='ltr'>ἐξ</span> <span class='ocrx_word' id='word_1_718' title='bbox 1079 5458 1257 5516; x_wconf 79' lang='grc' dir='ltr'>αὐτῶν</span> <span class='ocrx_word' id='word_1_719' title='bbox 1305 5466 1404 5528; x_wconf 85' lang='grc' dir='ltr'>τῆς</span> <span class='ocrx_word' id='word_1_720' title='bbox 1460 5458 1664 5520; x_wconf 78' lang='grc' dir='ltr'>οἰκείας</span> <span class='ocrx_word' id='word_1_721' title='bbox 1707 5459 1889 5532; x_wconf 78' lang='grc' dir='ltr'>ἐξέστη</span> 
     </span>
    </p>
   </div>
   <div class='ocr_carea' id='block_1_103' title="bbox 209 5545 1892 5628">
    <p class='ocr_par' dir='ltr' id='par_1_103' title="bbox 209 5545 1892 5628">
     <span class='ocr_line' id='line_1_103' title="bbox 209 5545 1892 5628; baseline -0.005 -17"><span class='ocrx_word' id='word_1_722' title='bbox 209 5551 632 5623; x_wconf 83' lang='grc' dir='ltr'>καταστάσεως,</span> <span class='ocrx_word' id='word_1_723' title='bbox 664 5553 699 5624; x_wconf 75' lang='grc' dir='ltr'><strong>ἢ</strong></span> <span class='ocrx_word' id='word_1_724' title='bbox 754 5551 892 5628; x_wconf 84' lang='grc' dir='ltr'>πρὸς</span> <span class='ocrx_word' id='word_1_725' title='bbox 944 5550 1012 5606; x_wconf 79' lang='grc' dir='ltr'>τὰ</span> <span class='ocrx_word' id='word_1_726' title='bbox 1060 5545 1416 5625; x_wconf 86' lang='grc' dir='ltr'>ὑποδεέστερα</span> <span class='ocrx_word' id='word_1_727' title='bbox 1465 5549 1802 5624; x_wconf 79' lang='grc' dir='ltr'>μετηνέχθη.</span> <span class='ocrx_word' id='word_1_728' title='bbox 1835 5550 1892 5603; x_wconf 69' lang='grc' dir='ltr'><strong>Ὀ</strong></span> 
     </span>
    </p>
   </div>
   <div class='ocr_carea' id='block_1_104' title="bbox 284 5778 834 5858">
    <p class='ocr_par' dir='ltr' id='par_1_104' title="bbox 284 5778 834 5858">
     <span class='ocr_line' id='line_1_104' title="bbox 284 5778 834 5858; baseline -0.016 -17"><span class='ocrx_word' id='word_1_729' title='bbox 284 5783 368 5858; x_wconf 90' lang='lat' dir='ltr'><strong>(q)</strong></span> <span class='ocrx_word' id='word_1_730' title='bbox 398 5781 608 5840; x_wconf 84' lang='lat' dir='ltr'><strong>Herbr.</strong></span> <span class='ocrx_word' id='word_1_731' title='bbox 645 5795 745 5849; x_wconf 81' lang='lat' dir='ltr'><strong>xu,</strong></span> <span class='ocrx_word' id='word_1_732' title='bbox 777 5778 834 5832; x_wconf 88' lang='lat'><strong>6.</strong></span> 
     </span>
    </p>
   </div>
   <div class='ocr_carea' id='block_1_105' title="bbox 913 5771 1934 5850">
    <p class='ocr_par' dir='ltr' id='par_1_105' title="bbox 913 5771 1934 5850">
     <span class='ocr_line' id='line_1_105' title="bbox 913 5771 1934 5850; baseline 0.002 -19"><span class='ocrx_word' id='word_1_733' title='bbox 913 5775 983 5850; x_wconf 90' lang='lat' dir='ltr'><strong>(r)</strong></span> <span class='ocrx_word' id='word_1_734' title='bbox 1014 5774 1160 5831; x_wconf 91' lang='lat' dir='ltr'><strong>Dan.</strong></span> <span class='ocrx_word' id='word_1_735' title='bbox 1191 5789 1316 5843; x_wconf 78' lang='lat' dir='ltr'><strong>xui,</strong></span> <span class='ocrx_word' id='word_1_736' title='bbox 1342 5773 1430 5829; x_wconf 79' lang='grc'>42.</span> <span class='ocrx_word' id='word_1_737' title='bbox 1506 5771 1576 5845; x_wconf 84' lang='lat' dir='ltr'><strong>(s)</strong></span> <span class='ocrx_word' id='word_1_738' title='bbox 1598 5787 1746 5830; x_wconf 88' lang='lat' dir='ltr'><strong>rom.</strong></span> <span class='ocrx_word' id='word_1_739' title='bbox 1781 5791 1846 5846; x_wconf 82' lang='grc' dir='ltr'><strong>ιι,</strong></span> <span class='ocrx_word' id='word_1_740' title='bbox 1880 5773 1934 5833; x_wconf 90' lang='grc'>1.</span> 
     </span>
    </p>
   </div>
   <div class='ocr_carea' id='block_1_106' title="bbox 2002 4838 2765 4895">
    <p class='ocr_par' dir='ltr' id='par_1_106' title="bbox 2002 4838 2765 4895">
     <span class='ocr_line' id='line_1_106' title="bbox 2002 4838 2765 4895; baseline -0.007 0"><span class='ocrx_word' id='word_1_741' title='bbox 2002 4841 2072 4895; x_wconf 91' lang='lat' dir='ltr'><strong>ad</strong></span> <span class='ocrx_word' id='word_1_742' title='bbox 2109 4839 2274 4894; x_wconf 90' lang='lat' dir='ltr'><strong>illum</strong></span> <span class='ocrx_word' id='word_1_743' title='bbox 2310 4838 2765 4893; x_wconf 88' lang='lat' dir='ltr'><strong>accurrerimus.</strong></span> 
     </span>
    </p>
   </div>
   <div class='ocr_carea' id='block_1_107' title="bbox 2071 4923 3657 4995">
    <p class='ocr_par' dir='ltr' id='par_1_107' title="bbox 2071 4923 3657 4995">
     <span class='ocr_line' id='line_1_107' title="bbox 2071 4923 3657 4995; baseline -0.005 -10"><span class='ocrx_word' id='word_1_744' title='bbox 2071 4931 2178 4985; x_wconf 87' lang='lat' dir='ltr'><strong>Nec</strong></span> <span class='ocrx_word' id='word_1_745' title='bbox 2207 4930 2264 4982; x_wconf 81' lang='lat' dir='ltr'><strong>in</strong></span> <span class='ocrx_word' id='word_1_746' title='bbox 2289 4926 2534 4981; x_wconf 60' lang='lat' dir='ltr'><strong>interius</strong></span> <span class='ocrx_word' id='word_1_747' title='bbox 2562 4929 2811 4994; x_wconf 85' lang='lat' dir='ltr'><strong>vergant.</strong></span> <span class='ocrx_word' id='word_1_748' title='bbox 2837 4925 3133 4980; x_wconf 88' lang='lat' dir='ltr'><strong>Arbitrare</strong></span> <span class='ocrx_word' id='word_1_749' title='bbox 3166 4925 3361 4995; x_wconf 89' lang='lat' dir='ltr'><strong>ipsum</strong></span> <span class='ocrx_word' id='word_1_750' title='bbox 3417 4923 3538 4978; x_wconf 74' lang='lat' dir='ltr'><strong>haec</strong></span> <span class='ocrx_word' id='word_1_751' title='bbox 3569 4923 3657 4978; x_wconf 92' lang='lat' dir='ltr'><strong>di-</strong></span> 
     </span>
    </p>
   </div>
   <div class='ocr_carea' id='block_1_108' title="bbox 2002 5013 3658 5086">
    <p class='ocr_par' dir='ltr' id='par_1_108' title="bbox 2002 5013 3658 5086">
     <span class='ocr_line' id='line_1_108' title="bbox 2002 5013 3658 5086; baseline -0.003 -13"><span class='ocrx_word' id='word_1_752' title='bbox 2002 5034 2132 5074; x_wconf 86' lang='lat' dir='ltr'><strong>cere</strong></span> <span class='ocrx_word' id='word_1_753' title='bbox 2164 5019 2234 5072; x_wconf 86' lang='lat' dir='ltr'><strong>de</strong></span> <span class='ocrx_word' id='word_1_754' title='bbox 2264 5016 2584 5072; x_wconf 87' lang='lat' dir='ltr'><strong>sensilibus</strong></span> <span class='ocrx_word' id='word_1_755' title='bbox 2617 5023 2671 5070; x_wconf 84' lang='lat' dir='ltr'><strong>et</strong></span> <span class='ocrx_word' id='word_1_756' title='bbox 2703 5014 2940 5081; x_wconf 86' lang='lat' dir='ltr'><strong>creatis,</strong></span> <span class='ocrx_word' id='word_1_757' title='bbox 2987 5015 3142 5086; x_wconf 88' lang='lat' dir='ltr'><strong>quod</strong></span> <span class='ocrx_word' id='word_1_758' title='bbox 3203 5013 3402 5069; x_wconf 89' lang='lat' dir='ltr'><strong>omnia</strong></span> <span class='ocrx_word' id='word_1_759' title='bbox 3439 5013 3498 5068; x_wconf 91' lang='lat' dir='ltr'><strong>in</strong></span> <span class='ocrx_word' id='word_1_760' title='bbox 3523 5029 3658 5084; x_wconf 91' lang='lat' dir='ltr'><strong>pro-</strong></span> 
     </span>
    </p>
   </div>
   <div class='ocr_carea' id='block_1_109' title="bbox 2002 5102 3660 5180">
    <p class='ocr_par' dir='ltr' id='par_1_109' title="bbox 2002 5102 3660 5180">
     <span class='ocr_line' id='line_1_109' title="bbox 2002 5102 3660 5180; baseline -0.002 -19"><span class='ocrx_word' id='word_1_761' title='bbox 2002 5108 2130 5180; x_wconf 80' lang='lat' dir='ltr'><strong>pria</strong></span> <span class='ocrx_word' id='word_1_762' title='bbox 2161 5107 2310 5161; x_wconf 90' lang='lat' dir='ltr'><strong>bona</strong></span> <span class='ocrx_word' id='word_1_763' title='bbox 2332 5105 2753 5160; x_wconf 83' lang='lat' dir='ltr'><strong>constitutione</strong></span> <span class='ocrx_word' id='word_1_764' title='bbox 2771 5105 3064 5159; x_wconf 81' lang='lat' dir='ltr'><strong>custodiat</strong></span> <span class='ocrx_word' id='word_1_765' title='bbox 3095 5103 3272 5172; x_wconf 68' lang='lat' dir='ltr'><strong>mihi]</strong></span> <span class='ocrx_word' id='word_1_766' title='bbox 3304 5102 3461 5157; x_wconf 90' lang='lat' dir='ltr'><strong>enim</strong></span> <span class='ocrx_word' id='word_1_767' title='bbox 3497 5102 3660 5174; x_wconf 88' lang='lat' dir='ltr'><strong>ipso-</strong></span> 
     </span>
    </p>
   </div>
   <div class='ocr_carea' id='block_1_110' title="bbox 2003 5193 3657 5262">
    <p class='ocr_par' dir='ltr' id='par_1_110' title="bbox 2003 5193 3657 5262">
     <span class='ocr_line' id='line_1_110' title="bbox 2003 5193 3657 5262; baseline -0.003 -11"><span class='ocrx_word' id='word_1_768' title='bbox 2003 5213 2131 5251; x_wconf 90' lang='lat' dir='ltr'><strong>rum</strong></span> <span class='ocrx_word' id='word_1_769' title='bbox 2167 5198 2458 5250; x_wconf 83' lang='lat' dir='ltr'><strong>mutatum</strong></span> <span class='ocrx_word' id='word_1_770' title='bbox 2488 5198 2598 5262; x_wconf 88' lang='lat' dir='ltr'><strong>est,</strong></span> <span class='ocrx_word' id='word_1_771' title='bbox 2633 5193 2733 5247; x_wconf 90' lang='lat' dir='ltr'><strong>sed</strong></span> <span class='ocrx_word' id='word_1_772' title='bbox 2767 5198 2832 5247; x_wconf 91' lang='lat' dir='ltr'><strong>ut</strong></span> <span class='ocrx_word' id='word_1_773' title='bbox 2864 5198 3062 5248; x_wconf 81' lang='lat' dir='ltr'><strong>creata</strong></span> <span class='ocrx_word' id='word_1_774' title='bbox 3093 5198 3232 5247; x_wconf 85' lang='lat' dir='ltr'><strong>sunt</strong></span> <span class='ocrx_word' id='word_1_775' title='bbox 3284 5194 3657 5246; x_wconf 88' lang='lat' dir='ltr'><strong>manserunt.</strong></span> 
     </span>
    </p>
   </div>
   <div class='ocr_carea' id='block_1_111' title="bbox 2003 5275 3660 5353">
    <p class='ocr_par' dir='ltr' id='par_1_111' title="bbox 2003 5275 3660 5353">
     <span class='ocr_line' id='line_1_111' title="bbox 2003 5275 3660 5353; baseline -0.002 -13"><span class='ocrx_word' id='word_1_776' title='bbox 2003 5287 2120 5340; x_wconf 86' lang='lat' dir='ltr'><strong>Hoc</strong></span> <span class='ocrx_word' id='word_1_777' title='bbox 2148 5283 2406 5340; x_wconf 90' lang='lat' dir='ltr'><strong>declarat</strong></span> <span class='ocrx_word' id='word_1_778' title='bbox 2434 5299 2543 5337; x_wconf 85' lang='lat' dir='ltr'><strong>vox</strong></span> <span class='ocrx_word' id='word_1_779' title='bbox 2574 5275 2950 5353; x_wconf 79' lang='grc' dir='ltr'>ἀμετάϐλητα,</span> <span class='ocrx_word' id='word_1_780' title='bbox 2985 5300 3099 5338; x_wconf 90' lang='lat' dir='ltr'><strong>non</strong></span> <span class='ocrx_word' id='word_1_781' title='bbox 3137 5285 3381 5337; x_wconf 86' lang='lat' dir='ltr'><strong>mutata.</strong></span> <span class='ocrx_word' id='word_1_782' title='bbox 3416 5281 3660 5336; x_wconf 91' lang='lat' dir='ltr'><strong>Minime</strong></span> 
     </span>
    </p>
   </div>
   <div class='ocr_carea' id='block_1_112' title="bbox 2001 5372 3662 5444">
    <p class='ocr_par' dir='ltr' id='par_1_112' title="bbox 2001 5372 3662 5444">
     <span class='ocr_line' id='line_1_112' title="bbox 2001 5372 3662 5444; baseline -0.002 -14"><span class='ocrx_word' id='word_1_783' title='bbox 2001 5390 2138 5430; x_wconf 91' lang='lat' dir='ltr'><strong>vero</strong></span> <span class='ocrx_word' id='word_1_784' title='bbox 2169 5373 2240 5428; x_wconf 87' lang='lat' dir='ltr'><strong>ad</strong></span> <span class='ocrx_word' id='word_1_785' title='bbox 2274 5372 2562 5427; x_wconf 85' lang='lat' dir='ltr'><strong>deteriora</strong></span> <span class='ocrx_word' id='word_1_786' title='bbox 2586 5387 2876 5442; x_wconf 87' lang='lat' dir='ltr'><strong>propensa</strong></span> <span class='ocrx_word' id='word_1_787' title='bbox 2908 5376 3007 5426; x_wconf 88' lang='lat' dir='ltr'><strong>aut</strong></span> <span class='ocrx_word' id='word_1_788' title='bbox 3036 5372 3175 5443; x_wconf 87' lang='lat' dir='ltr'><strong>quia</strong></span> <span class='ocrx_word' id='word_1_789' title='bbox 3196 5389 3295 5428; x_wconf 91' lang='lat' dir='ltr'><strong>eas</strong></span> <span class='ocrx_word' id='word_1_790' title='bbox 3317 5376 3662 5444; x_wconf 67' lang='lat' dir='ltr'><strong>praestantes</strong></span> 
     </span>
    </p>
   </div>
   <div class='ocr_carea' id='block_1_113' title="bbox 2003 5459 3662 5532">
    <p class='ocr_par' dir='ltr' id='par_1_113' title="bbox 2003 5459 3662 5532">
     <span class='ocr_line' id='line_1_113' title="bbox 2003 5459 3662 5532; baseline -0.004 -12"><span class='ocrx_word' id='word_1_791' title='bbox 2003 5465 2158 5530; x_wconf 84' lang='lat' dir='ltr'><strong>fecit,</strong></span> <span class='ocrx_word' id='word_1_792' title='bbox 2176 5468 2277 5518; x_wconf 87' lang='lat' dir='ltr'><strong>aut</strong></span> <span class='ocrx_word' id='word_1_793' title='bbox 2299 5461 2437 5530; x_wconf 85' lang='lat' dir='ltr'><strong>quia</strong></span> <span class='ocrx_word' id='word_1_794' title='bbox 2451 5459 2597 5515; x_wconf 91' lang='lat' dir='ltr'><strong>nihil</strong></span> <span class='ocrx_word' id='word_1_795' title='bbox 2613 5476 2680 5515; x_wconf 81' lang='lat' dir='ltr'><strong>ex</strong></span> <span class='ocrx_word' id='word_1_796' title='bbox 2696 5460 2840 5530; x_wconf 83' lang='lat' dir='ltr'><strong>ipsis</strong></span> <span class='ocrx_word' id='word_1_797' title='bbox 2865 5461 3102 5532; x_wconf 82' lang='lat' dir='ltr'><strong>propria</strong></span> <span class='ocrx_word' id='word_1_798' title='bbox 3122 5461 3542 5518; x_wconf 84' lang='lat' dir='ltr'><strong>constitutione</strong></span> <span class='ocrx_word' id='word_1_799' title='bbox 3563 5477 3662 5515; x_wconf 78' lang='lat' dir='ltr'><strong>ex-</strong></span> 
     </span>
    </p>
   </div>
   <div class='ocr_carea' id='block_1_114' title="bbox 2003 5549 3667 5621">
    <p class='ocr_par' dir='ltr' id='par_1_114' title="bbox 2003 5549 3667 5621">
     <span class='ocr_line' id='line_1_114' title="bbox 2003 5549 3667 5621; baseline -0.002 -13"><span class='ocrx_word' id='word_1_800' title='bbox 2003 5553 2092 5621; x_wconf 90' lang='lat' dir='ltr'><strong>iit,</strong></span> <span class='ocrx_word' id='word_1_801' title='bbox 2119 5557 2223 5608; x_wconf 87' lang='lat' dir='ltr'><strong>aut</strong></span> <span class='ocrx_word' id='word_1_802' title='bbox 2252 5551 2324 5607; x_wconf 90' lang='lat' dir='ltr'><strong>ad</strong></span> <span class='ocrx_word' id='word_1_803' title='bbox 2345 5549 2634 5607; x_wconf 84' lang='lat' dir='ltr'><strong>deteriora</strong></span> <span class='ocrx_word' id='word_1_804' title='bbox 2657 5549 3012 5606; x_wconf 89' lang='lat' dir='ltr'><strong>translatum</strong></span> <span class='ocrx_word' id='word_1_805' title='bbox 3037 5555 3146 5606; x_wconf 89' lang='lat' dir='ltr'><strong>est.</strong></span> <span class='ocrx_word' id='word_1_806' title='bbox 3177 5551 3399 5608; x_wconf 67' lang='lat' dir='ltr'><strong>Coa-lum</strong></span> <span class='ocrx_word' id='word_1_807' title='bbox 3433 5549 3588 5606; x_wconf 88' lang='lat' dir='ltr'><strong>enim</strong></span> <span class='ocrx_word' id='word_1_808' title='bbox 3610 5552 3667 5604; x_wconf 89' lang='lat' dir='ltr'><strong>et</strong></span> 
     </span>
    </p>
   </div>
   <div class='ocr_carea' id='block_1_115' title="bbox 2013 5769 2521 5849">
    <p class='ocr_par' dir='ltr' id='par_1_115' title="bbox 2013 5769 2521 5849">
     <span class='ocr_line' id='line_1_115' title="bbox 2013 5769 2521 5849; baseline -0.016 -16"><span class='ocrx_word' id='word_1_809' title='bbox 2013 5774 2080 5849; x_wconf 88' lang='lat' dir='ltr'><strong>(t)</strong></span> <span class='ocrx_word' id='word_1_810' title='bbox 2102 5772 2276 5832; x_wconf 84' lang='lat' dir='ltr'><strong>Hebr.</strong></span> <span class='ocrx_word' id='word_1_811' title='bbox 2314 5787 2393 5839; x_wconf 83' lang='grc' dir='ltr'><strong>ιν,</strong></span> <span class='ocrx_word' id='word_1_812' title='bbox 2433 5769 2521 5826; x_wconf 87' lang='grc'><strong>15.</strong></span> 
     </span>
    </p>
   </div>
  </div>
