  <div class='ocr_page' id='page_1' title='image "/cluster/home/n/w/nwhite01/storage/ocr_20150623/4:no.2/coo.31924054872837/191.png"; bbox 0 0 4108 6384; ppageno 0'>
   <div class='ocr_carea' id='block_1_1' title="bbox 465 409 3848 483">
    <p class='ocr_par' dir='ltr' id='par_1_1' title="bbox 465 409 3848 483">
     <span class='ocr_line' id='line_1_1' title="bbox 465 409 3848 483; baseline -0.007 -2"><span class='ocrx_word' id='word_1_1' title='bbox 465 428 570 483; x_wconf 71' lang='lat'><strong><em>337</em></strong></span> <span class='ocrx_word' id='word_1_2' title='bbox 1281 417 1657 474; x_wconf 79' lang='lat' dir='ltr'><strong><em>APPENDIX</em></strong></span> <span class='ocrx_word' id='word_1_3' title='bbox 1695 418 1791 470; x_wconf 77' lang='lat' dir='ltr'><strong>AD</strong></span> <span class='ocrx_word' id='word_1_4' title='bbox 1827 413 2072 468; x_wconf 77' lang='lat' dir='ltr'><strong><em>OPERA</em></strong></span> <span class='ocrx_word' id='word_1_5' title='bbox 2109 413 2172 464; x_wconf 85' lang='lat' dir='ltr'><strong><em>S.</em></strong></span> <span class='ocrx_word' id='word_1_6' title='bbox 2215 410 2529 465; x_wconf 77' lang='lat' dir='ltr'><strong><em>DIONYSII</em></strong></span> <span class='ocrx_word' id='word_1_7' title='bbox 2573 409 3077 467; x_wconf 70' lang='lat' dir='ltr'><strong><em>AREOPAGITE.</em></strong></span> <span class='ocrx_word' id='word_1_8' title='bbox 3761 417 3848 474; x_wconf 77' lang='lat'><strong><em>368</em></strong></span> 
     </span>
    </p>
   </div>
   <div class='ocr_carea' id='block_1_2' title="bbox 467 529 2141 620">
    <p class='ocr_par' dir='ltr' id='par_1_2' title="bbox 467 534 2120 620">
     <span class='ocr_line' id='line_1_2' title="bbox 467 534 2120 620; baseline -0.011 -14"><span class='ocrx_word' id='word_1_9' title='bbox 467 557 643 620; x_wconf 87' lang='lat' dir='ltr'><strong><em>terra,</em></strong></span> <span class='ocrx_word' id='word_1_10' title='bbox 663 554 868 620; x_wconf 76' lang='lat' dir='ltr'><strong><em>etquae</em></strong></span> <span class='ocrx_word' id='word_1_11' title='bbox 891 547 945 602; x_wconf 91' lang='lat' dir='ltr'><strong><em>in</em></strong></span> <span class='ocrx_word' id='word_1_12' title='bbox 967 546 1136 618; x_wconf 75' lang='lat' dir='ltr'><strong><em>ipsis,</em></strong></span> <span class='ocrx_word' id='word_1_13' title='bbox 1156 545 1362 600; x_wconf 86' lang='lat' dir='ltr'><strong><em>eadem</em></strong></span> <span class='ocrx_word' id='word_1_14' title='bbox 1389 544 1758 598; x_wconf 88' lang='lat' dir='ltr'><strong><em>manserunt.</em></strong></span> <span class='ocrx_word' id='word_1_15' title='bbox 1777 542 1950 593; x_wconf 84' lang='lat' dir='ltr'><strong><em>Porro</em></strong></span> <span class='ocrx_word' id='word_1_16' title='bbox 1975 534 2120 591; x_wconf 90' lang='lat' dir='ltr'><strong><em>illud</em></strong></span> 
     </span>
    </p>
   </div>
   <div class='ocr_carea' id='block_1_3' title="bbox 2255 529 3851 620">
    <p class='ocr_par' dir='ltr' id='par_1_3' title="bbox 2255 529 3851 607">
     <span class='ocr_line' id='line_1_3' title="bbox 2255 529 3851 607; baseline 0.008 -26"><span class='ocrx_word' id='word_1_17' title='bbox 2255 532 2337 607; x_wconf 72' lang='grc' dir='ltr'>γὰρ</span> <span class='ocrx_word' id='word_1_18' title='bbox 2396 532 2622 606; x_wconf 77' lang='grc' dir='ltr'>οὐρανὸς</span> <span class='ocrx_word' id='word_1_19' title='bbox 2677 530 2766 586; x_wconf 84' lang='grc' dir='ltr'><strong><em>καὶ</em></strong></span> <span class='ocrx_word' id='word_1_20' title='bbox 2823 533 2858 601; x_wconf 81' lang='grc' dir='ltr'>ἡ</span> <span class='ocrx_word' id='word_1_21' title='bbox 2903 538 2970 606; x_wconf 81' lang='grc' dir='ltr'>γῆ</span> <span class='ocrx_word' id='word_1_22' title='bbox 3033 529 3269 605; x_wconf 82' lang='grc' dir='ltr'>ἔμειναν,</span> <span class='ocrx_word' id='word_1_23' title='bbox 3327 532 3417 586; x_wconf 87' lang='grc' dir='ltr'><strong><em>καὶ</em></strong></span> <span class='ocrx_word' id='word_1_24' title='bbox 3482 533 3546 588; x_wconf 80' lang='grc' dir='ltr'>τὰ</span> <span class='ocrx_word' id='word_1_25' title='bbox 3595 533 3646 590; x_wconf 70' lang='grc' dir='ltr'>ἓν</span> <span class='ocrx_word' id='word_1_26' title='bbox 3692 537 3851 603; x_wconf 76' lang='grc' dir='ltr'>αὐτοῖς</span> 
     </span>
    </p>
   </div>
   <div class='ocr_carea' id='block_1_4' title="bbox 469 617 2141 703">
    <p class='ocr_par' dir='ltr' id='par_1_4' title="bbox 469 617 2122 703">
     <span class='ocr_line' id='line_1_4' title="bbox 469 617 2122 703; baseline -0.01 -6"><span class='ocrx_word' id='word_1_27' title='bbox 469 641 724 697; x_wconf 79' lang='lat' dir='ltr'><strong><em>alienam</em></strong></span> <span class='ocrx_word' id='word_1_28' title='bbox 753 617 1021 693; x_wconf 69' lang='lat' dir='ltr'><strong><em>actionem</em></strong></span> <span class='ocrx_word' id='word_1_29' title='bbox 1047 636 1438 703; x_wconf 76' lang='lat' dir='ltr'><strong><em>exterminare,</em></strong></span> <span class='ocrx_word' id='word_1_30' title='bbox 1463 637 1520 686; x_wconf 91' lang='lat' dir='ltr'><strong><em>et</em></strong></span> <span class='ocrx_word' id='word_1_31' title='bbox 1541 647 1645 685; x_wconf 85' lang='lat' dir='ltr'><strong><em>non</em></strong></span> <span class='ocrx_word' id='word_1_32' title='bbox 1669 628 1923 698; x_wconf 79' lang='lat' dir='ltr'><strong><em>delapsas</em></strong></span> <span class='ocrx_word' id='word_1_33' title='bbox 1945 628 2122 680; x_wconf 71' lang='lat' dir='ltr'><strong><em>custo-</em></strong></span> 
     </span>
    </p>
   </div>
   <div class='ocr_carea' id='block_1_5' title="bbox 2255 617 3854 703">
    <p class='ocr_par' dir='ltr' id='par_1_5' title="bbox 2255 617 3854 699">
     <span class='ocr_line' id='line_1_5' title="bbox 2255 617 3854 699; baseline 0.005 -25"><span class='ocrx_word' id='word_1_34' title='bbox 2255 620 2495 682; x_wconf 73' lang='grc' dir='ltr'>ὒσαύτως</span> <span class='ocrx_word' id='word_1_35' title='bbox 2546 618 2762 696; x_wconf 79' lang='grc' dir='ltr'>ἔχοντα.</span> <span class='ocrx_word' id='word_1_36' title='bbox 2812 620 2883 674; x_wconf 90' lang='grc' dir='ltr'>Τὸ</span> <span class='ocrx_word' id='word_1_37' title='bbox 2937 617 2994 676; x_wconf 68' lang='grc' dir='ltr'><strong><em>δὲ</em></strong></span> <span class='ocrx_word' id='word_1_38' title='bbox 3042 623 3142 690; x_wconf 76' lang='grc' dir='ltr'>τὴν</span> <span class='ocrx_word' id='word_1_39' title='bbox 3207 618 3700 699; x_wconf 80' lang='grc' dir='ltr'><strong><em>ἀλλοτριοπραγίαν</em></strong></span> <span class='ocrx_word' id='word_1_40' title='bbox 3757 625 3854 699; x_wconf 80' lang='grc' dir='ltr'><strong><em>ἐξο-</em></strong></span> 
     </span>
    </p>
   </div>
   <div class='ocr_carea' id='block_1_6' title="bbox 467 707 2141 798">
    <p class='ocr_par' dir='ltr' id='par_1_6' title="bbox 467 715 2123 798">
     <span class='ocr_line' id='line_1_6' title="bbox 467 715 2123 798; baseline -0.011 -15"><span class='ocrx_word' id='word_1_41' title='bbox 467 730 547 783; x_wconf 77' lang='lat' dir='ltr'><strong><em>dit</em></strong></span> <span class='ocrx_word' id='word_1_42' title='bbox 575 729 840 798; x_wconf 73' lang='lat' dir='ltr'><strong><em>cujusque</em></strong></span> <span class='ocrx_word' id='word_1_43' title='bbox 863 725 1220 795; x_wconf 78' lang='lat' dir='ltr'><strong><em>praprietates</em></strong></span> <span class='ocrx_word' id='word_1_44' title='bbox 1250 723 1330 776; x_wconf 85' lang='lat' dir='ltr'><strong><em>ita</em></strong></span> <span class='ocrx_word' id='word_1_45' title='bbox 1357 719 1644 789; x_wconf 89' lang='lat' dir='ltr'><strong><em>intellige,</em></strong></span> <span class='ocrx_word' id='word_1_46' title='bbox 1676 715 1969 771; x_wconf 86' lang='lat' dir='ltr'><strong><em>elementa</em></strong></span> <span class='ocrx_word' id='word_1_47' title='bbox 2001 729 2123 766; x_wconf 92' lang='lat' dir='ltr'><strong><em>ma-</em></strong></span> 
     </span>
    </p>
   </div>
   <div class='ocr_carea' id='block_1_7' title="bbox 2255 707 3854 798">
    <p class='ocr_par' dir='ltr' id='par_1_7' title="bbox 2255 707 3854 786">
     <span class='ocr_line' id='line_1_7' title="bbox 2255 707 3854 786; baseline 0.006 -25"><span class='ocrx_word' id='word_1_48' title='bbox 2255 708 2422 778; x_wconf 70' lang='grc' dir='ltr'>ιίζειν,</span> <span class='ocrx_word' id='word_1_49' title='bbox 2480 710 2570 764; x_wconf 83' lang='grc' dir='ltr'><strong><em>καὶ</em></strong></span> <span class='ocrx_word' id='word_1_50' title='bbox 2643 708 3074 782; x_wconf 87' lang='grc' dir='ltr'>ἀμεταπτώτους</span> <span class='ocrx_word' id='word_1_51' title='bbox 3151 707 3435 786; x_wconf 74' lang='grc' dir='ltr'><strong><em>φυλάττειν</em></strong></span> <span class='ocrx_word' id='word_1_52' title='bbox 3511 712 3602 773; x_wconf 77' lang='grc' dir='ltr'>τὰς</span> <span class='ocrx_word' id='word_1_53' title='bbox 3658 713 3854 770; x_wconf 75' lang='grc' dir='ltr'>ἑκάστου</span> 
     </span>
    </p>
   </div>
   <div class='ocr_carea' id='block_1_8' title="bbox 469 796 2141 879">
    <p class='ocr_par' dir='ltr' id='par_1_8' title="bbox 469 801 2126 879">
     <span class='ocr_line' id='line_1_8' title="bbox 469 801 2126 879; baseline -0.011 -6"><span class='ocrx_word' id='word_1_54' title='bbox 469 834 605 873; x_wconf 90' lang='lat' dir='ltr'><strong><em>nere</em></strong></span> <span class='ocrx_word' id='word_1_55' title='bbox 633 816 747 872; x_wconf 86' lang='lat' dir='ltr'><strong><em>sibi</em></strong></span> <span class='ocrx_word' id='word_1_56' title='bbox 779 815 1029 869; x_wconf 90' lang='lat' dir='ltr'><strong><em>invicem</em></strong></span> <span class='ocrx_word' id='word_1_57' title='bbox 1063 809 1377 876; x_wconf 90' lang='lat' dir='ltr'><strong><em>contraria,</em></strong></span> <span class='ocrx_word' id='word_1_58' title='bbox 1413 823 1623 879; x_wconf 85' lang='lat' dir='ltr'><strong><em>nempe</em></strong></span> <span class='ocrx_word' id='word_1_59' title='bbox 1655 805 1910 860; x_wconf 89' lang='lat' dir='ltr'><strong><em>calidum</em></strong></span> <span class='ocrx_word' id='word_1_60' title='bbox 1942 806 2000 858; x_wconf 91' lang='lat' dir='ltr'><strong><em>et</em></strong></span> <span class='ocrx_word' id='word_1_61' title='bbox 2023 801 2126 856; x_wconf 79' lang='lat' dir='ltr'><strong><em>fri-</em></strong></span> 
     </span>
    </p>
   </div>
   <div class='ocr_carea' id='block_1_9' title="bbox 2255 796 3856 879">
    <p class='ocr_par' dir='ltr' id='par_1_9' title="bbox 2261 796 3856 876">
     <span class='ocr_line' id='line_1_9' title="bbox 2261 796 3856 876; baseline 0.005 -24"><span class='ocrx_word' id='word_1_62' title='bbox 2261 796 2534 869; x_wconf 81' lang='grc' dir='ltr'>διότητας,</span> <span class='ocrx_word' id='word_1_63' title='bbox 2597 798 2739 854; x_wconf 75' lang='grc' dir='ltr'>οὕτω</span> <span class='ocrx_word' id='word_1_64' title='bbox 2786 800 3010 870; x_wconf 81' lang='grc' dir='ltr'><strong><em>νόησον,</em></strong></span> <span class='ocrx_word' id='word_1_65' title='bbox 3070 800 3153 854; x_wconf 81' lang='grc' dir='ltr'>ὅτι</span> <span class='ocrx_word' id='word_1_66' title='bbox 3218 800 3288 854; x_wconf 79' lang='grc' dir='ltr'>τὰ</span> <span class='ocrx_word' id='word_1_67' title='bbox 3355 807 3601 876; x_wconf 85' lang='grc' dir='ltr'>στοιχεῖα</span> <span class='ocrx_word' id='word_1_68' title='bbox 3673 802 3856 860; x_wconf 77' lang='grc' dir='ltr'>ἐναντία</span> 
     </span>
    </p>
   </div>
   <div class='ocr_carea' id='block_1_10' title="bbox 466 883 2141 980">
    <p class='ocr_par' dir='ltr' id='par_1_10' title="bbox 466 892 2128 980">
     <span class='ocr_line' id='line_1_10' title="bbox 466 892 2128 980; baseline -0.01 -19"><span class='ocrx_word' id='word_1_69' title='bbox 466 907 695 980; x_wconf 88' lang='lat' dir='ltr'><strong><em>gidum,</em></strong></span> <span class='ocrx_word' id='word_1_70' title='bbox 727 903 1042 958; x_wconf 81' lang='lat' dir='ltr'><strong><em>humidum</em></strong></span> <span class='ocrx_word' id='word_1_71' title='bbox 1070 907 1126 956; x_wconf 91' lang='lat' dir='ltr'><strong><em>et</em></strong></span> <span class='ocrx_word' id='word_1_72' title='bbox 1158 902 1403 968; x_wconf 89' lang='lat' dir='ltr'><strong><em>siccum,</em></strong></span> <span class='ocrx_word' id='word_1_73' title='bbox 1438 901 1612 968; x_wconf 89' lang='lat' dir='ltr'><strong><em>atque</em></strong></span> <span class='ocrx_word' id='word_1_74' title='bbox 1666 892 2128 963; x_wconf 87' lang='lat' dir='ltr'><strong><em>unumquodque</em></strong></span> 
     </span>
    </p>
   </div>
   <div class='ocr_carea' id='block_1_11' title="bbox 2255 883 3855 980">
    <p class='ocr_par' dir='ltr' id='par_1_11' title="bbox 2255 883 3855 965">
     <span class='ocr_line' id='line_1_11' title="bbox 2255 883 3855 965; baseline 0.005 -27"><span class='ocrx_word' id='word_1_75' title='bbox 2255 884 2490 939; x_wconf 69' lang='grc' dir='ltr'>ιένουσιν</span> <span class='ocrx_word' id='word_1_76' title='bbox 2538 883 2837 958; x_wconf 72' lang='grc' dir='ltr'>ἀλληλοις,</span> <span class='ocrx_word' id='word_1_77' title='bbox 2889 889 3003 940; x_wconf 79' lang='grc' dir='ltr'>οἷον</span> <span class='ocrx_word' id='word_1_78' title='bbox 3056 883 3118 940; x_wconf 82' lang='grc' dir='ltr'><strong><em>τό</em></strong></span> <span class='ocrx_word' id='word_1_79' title='bbox 3152 885 3349 962; x_wconf 86' lang='grc' dir='ltr'>θερμὸν</span> <span class='ocrx_word' id='word_1_80' title='bbox 3397 887 3485 942; x_wconf 85' lang='grc' dir='ltr'><strong><em>καὶ</em></strong></span> <span class='ocrx_word' id='word_1_81' title='bbox 3531 890 3753 965; x_wconf 82' lang='grc' dir='ltr'>ψυχρὸν,</span> <span class='ocrx_word' id='word_1_82' title='bbox 3781 893 3855 946; x_wconf 89' lang='grc' dir='ltr'><strong><em>καὶ</em></strong></span> 
     </span>
    </p>
   </div>
   <div class='ocr_carea' id='block_1_12' title="bbox 465 971 2141 1064">
    <p class='ocr_par' dir='ltr' id='par_1_12' title="bbox 465 980 2129 1064">
     <span class='ocr_line' id='line_1_12' title="bbox 465 980 2129 1064; baseline -0.011 -13"><span class='ocrx_word' id='word_1_83' title='bbox 465 1010 666 1052; x_wconf 89' lang='lat' dir='ltr'><strong><em>eorum</em></strong></span> <span class='ocrx_word' id='word_1_84' title='bbox 690 993 750 1048; x_wconf 91' lang='lat' dir='ltr'><strong><em>in</em></strong></span> <span class='ocrx_word' id='word_1_85' title='bbox 783 992 1017 1064; x_wconf 87' lang='lat' dir='ltr'><strong><em>propria</em></strong></span> <span class='ocrx_word' id='word_1_86' title='bbox 1049 989 1380 1061; x_wconf 70' lang='lat' dir='ltr'><strong><em>integritate</em></strong></span> <span class='ocrx_word' id='word_1_87' title='bbox 1429 999 1797 1058; x_wconf 82' lang='lat' dir='ltr'><strong><em>permanere,</em></strong></span> <span class='ocrx_word' id='word_1_88' title='bbox 1850 997 2037 1052; x_wconf 87' lang='lat' dir='ltr'><strong><em>neque</em></strong></span> <span class='ocrx_word' id='word_1_89' title='bbox 2070 980 2129 1034; x_wconf 90' lang='lat' dir='ltr'><strong><em>in</em></strong></span> 
     </span>
    </p>
   </div>
   <div class='ocr_carea' id='block_1_13' title="bbox 2255 971 3856 1064">
    <p class='ocr_par' dir='ltr' id='par_1_13' title="bbox 2255 971 3856 1064">
     <span class='ocr_line' id='line_1_13' title="bbox 2255 971 3856 1064; baseline 0.004 -35"><span class='ocrx_word' id='word_1_90' title='bbox 2255 975 2403 1064; x_wconf 59' lang='grc' dir='ltr'>ὃγρὸν</span> <span class='ocrx_word' id='word_1_91' title='bbox 2443 975 2532 1030; x_wconf 75' lang='grc' dir='ltr'><strong><em>καὶ</em></strong></span> <span class='ocrx_word' id='word_1_92' title='bbox 2580 975 2765 1050; x_wconf 80' lang='grc' dir='ltr'>ξηρὸν,</span> <span class='ocrx_word' id='word_1_93' title='bbox 2799 975 2886 1030; x_wconf 84' lang='grc' dir='ltr'><strong><em>καὶ</em></strong></span> <span class='ocrx_word' id='word_1_94' title='bbox 2932 971 3159 1030; x_wconf 71' lang='grc' dir='ltr'>ἕκαστον</span> <span class='ocrx_word' id='word_1_95' title='bbox 3208 975 3382 1031; x_wconf 79' lang='grc' dir='ltr'>αὐτῶν</span> <span class='ocrx_word' id='word_1_96' title='bbox 3431 975 3480 1031; x_wconf 81' lang='grc' dir='ltr'>ἐν</span> <span class='ocrx_word' id='word_1_97' title='bbox 3521 979 3589 1049; x_wconf 76' lang='grc' dir='ltr'>τῇ</span> <span class='ocrx_word' id='word_1_98' title='bbox 3618 977 3721 1051; x_wconf 77' lang='grc' dir='ltr'><strong><em>ἰδίᾳ</em></strong></span> <span class='ocrx_word' id='word_1_99' title='bbox 3743 980 3856 1036; x_wconf 86' lang='grc' dir='ltr'>ὁλό-</span> 
     </span>
    </p>
   </div>
   <div class='ocr_carea' id='block_1_14' title="bbox 467 1061 2141 1148">
    <p class='ocr_par' dir='ltr' id='par_1_14' title="bbox 467 1073 2128 1148">
     <span class='ocr_line' id='line_1_14' title="bbox 467 1073 2128 1148; baseline -0.011 -7"><span class='ocrx_word' id='word_1_100' title='bbox 467 1085 835 1141; x_wconf 88' lang='lat' dir='ltr'><strong><em>contrarium</em></strong></span> <span class='ocrx_word' id='word_1_101' title='bbox 871 1081 1122 1146; x_wconf 88' lang='lat' dir='ltr'><strong><em>mutari;</em></strong></span> <span class='ocrx_word' id='word_1_102' title='bbox 1160 1093 1468 1148; x_wconf 85' lang='lat' dir='ltr'><strong><em>nunquam</em></strong></span> <span class='ocrx_word' id='word_1_103' title='bbox 1500 1075 1658 1130; x_wconf 89' lang='lat' dir='ltr'><strong><em>enim</em></strong></span> <span class='ocrx_word' id='word_1_104' title='bbox 1684 1073 1840 1144; x_wconf 86' lang='lat' dir='ltr'><strong><em>ignis</em></strong></span> <span class='ocrx_word' id='word_1_105' title='bbox 1873 1073 2128 1141; x_wconf 78' lang='lat' dir='ltr'><strong><em>ﬁtaqua,</em></strong></span> 
     </span>
    </p>
   </div>
   <div class='ocr_carea' id='block_1_15' title="bbox 2255 1061 3860 1148">
    <p class='ocr_par' dir='ltr' id='par_1_15' title="bbox 2255 1061 3860 1138">
     <span class='ocr_line' id='line_1_15' title="bbox 2255 1061 3860 1138; baseline 0.002 -20"><span class='ocrx_word' id='word_1_106' title='bbox 2255 1085 2363 1134; x_wconf 78' lang='grc' dir='ltr'>τητι</span> <span class='ocrx_word' id='word_1_107' title='bbox 2388 1061 2732 1138; x_wconf 84' lang='grc' dir='ltr'>ἐναπομένει,</span> <span class='ocrx_word' id='word_1_108' title='bbox 2763 1064 2853 1119; x_wconf 81' lang='grc' dir='ltr'><strong><em>καὶ</em></strong></span> <span class='ocrx_word' id='word_1_109' title='bbox 2896 1064 2957 1118; x_wconf 79' lang='grc' dir='ltr'><strong><em>οὐ</em></strong></span> <span class='ocrx_word' id='word_1_110' title='bbox 2995 1065 3308 1137; x_wconf 83' lang='grc' dir='ltr'><strong><em>μεθίσταται</em></strong></span> <span class='ocrx_word' id='word_1_111' title='bbox 3348 1064 3486 1138; x_wconf 83' lang='grc' dir='ltr'>πρὸς</span> <span class='ocrx_word' id='word_1_112' title='bbox 3516 1067 3576 1120; x_wconf 87' lang='grc' dir='ltr'>τὸ</span> <span class='ocrx_word' id='word_1_113' title='bbox 3608 1065 3825 1122; x_wconf 80' lang='grc' dir='ltr'>ἐναντίον</span> <span class='ocrx_word' id='word_1_114' title='bbox 3850 1089 3860 1101; x_wconf 74' lang='grc' dir='ltr'><strong>ο</strong></span> 
     </span>
    </p>
   </div>
   <div class='ocr_carea' id='block_1_16' title="bbox 471 1151 2141 1244">
    <p class='ocr_par' dir='ltr' id='par_1_16' title="bbox 471 1164 2132 1244">
     <span class='ocr_line' id='line_1_16' title="bbox 471 1164 2132 1244; baseline -0.01 -15"><span class='ocrx_word' id='word_1_115' title='bbox 471 1191 578 1229; x_wconf 87' lang='lat' dir='ltr'><strong><em>nec</em></strong></span> <span class='ocrx_word' id='word_1_116' title='bbox 609 1189 763 1244; x_wconf 89' lang='lat' dir='ltr'><strong><em>aqua</em></strong></span> <span class='ocrx_word' id='word_1_117' title='bbox 795 1169 968 1242; x_wconf 84' lang='lat' dir='ltr'>ignis.</span> <span class='ocrx_word' id='word_1_118' title='bbox 1001 1168 1062 1223; x_wconf 91' lang='lat' dir='ltr'>Si</span> <span class='ocrx_word' id='word_1_119' title='bbox 1095 1171 1287 1222; x_wconf 83' lang='lat' dir='ltr'><strong><em>autem</em></strong></span> <span class='ocrx_word' id='word_1_120' title='bbox 1343 1164 1619 1220; x_wconf 81' lang='lat' dir='ltr'><strong><em>creatoris</em></strong></span> <span class='ocrx_word' id='word_1_121' title='bbox 1642 1165 1817 1232; x_wconf 86' lang='lat' dir='ltr'><strong><em>jussu</em></strong></span> <span class='ocrx_word' id='word_1_122' title='bbox 1849 1174 2132 1216; x_wconf 89' lang='lat' dir='ltr'><strong><em>convene-</em></strong></span> 
     </span>
    </p>
   </div>
   <div class='ocr_carea' id='block_1_17' title="bbox 2255 1151 3857 1244">
    <p class='ocr_par' dir='ltr' id='par_1_17' title="bbox 2255 1151 3857 1232">
     <span class='ocr_line' id='line_1_17' title="bbox 2255 1151 3857 1232; baseline 0.003 -25"><span class='ocrx_word' id='word_1_123' title='bbox 2255 1151 2501 1208; x_wconf 65' lang='grc' dir='ltr'>ὠδέποτε</span> <span class='ocrx_word' id='word_1_124' title='bbox 2549 1154 2650 1229; x_wconf 77' lang='grc' dir='ltr'>γὰρ</span> <span class='ocrx_word' id='word_1_125' title='bbox 2707 1155 2770 1208; x_wconf 87' lang='grc' dir='ltr'>τὸ</span> <span class='ocrx_word' id='word_1_126' title='bbox 2827 1158 2932 1228; x_wconf 74' lang='grc' dir='ltr'><strong><em>πῦρ</em></strong></span> <span class='ocrx_word' id='word_1_127' title='bbox 2993 1151 3140 1227; x_wconf 77' lang='grc' dir='ltr'>ὕδωρ</span> <span class='ocrx_word' id='word_1_128' title='bbox 3198 1152 3426 1228; x_wconf 86' lang='grc' dir='ltr'>γίνεται,</span> <span class='ocrx_word' id='word_1_129' title='bbox 3461 1153 3583 1210; x_wconf 73' lang='grc' dir='ltr'>οὐδὲ</span> <span class='ocrx_word' id='word_1_130' title='bbox 3635 1157 3691 1210; x_wconf 85' lang='grc' dir='ltr'>τὸ</span> <span class='ocrx_word' id='word_1_131' title='bbox 3736 1154 3857 1232; x_wconf 77' lang='grc' dir='ltr'>ὕδωρ</span> 
     </span>
    </p>
   </div>
   <div class='ocr_carea' id='block_1_18' title="bbox 474 1241 2141 1331">
    <p class='ocr_par' dir='ltr' id='par_1_18' title="bbox 474 1259 2133 1331">
     <span class='ocr_line' id='line_1_18' title="bbox 474 1259 2133 1331; baseline -0.01 -13"><span class='ocrx_word' id='word_1_132' title='bbox 474 1262 610 1331; x_wconf 86' lang='lat' dir='ltr'><strong><em>rint,</em></strong></span> <span class='ocrx_word' id='word_1_133' title='bbox 646 1259 1111 1330; x_wconf 89' lang='lat' dir='ltr'><strong><em>unumquodque</em></strong></span> <span class='ocrx_word' id='word_1_134' title='bbox 1142 1272 1346 1312; x_wconf 88' lang='lat' dir='ltr'><strong><em>eorum</em></strong></span> <span class='ocrx_word' id='word_1_135' title='bbox 1385 1259 1605 1320; x_wconf 82' lang='lat' dir='ltr'><strong><em>manet,</em></strong></span> <span class='ocrx_word' id='word_1_136' title='bbox 1663 1267 1832 1307; x_wconf 91' lang='lat' dir='ltr'><strong><em>suam</em></strong></span> <span class='ocrx_word' id='word_1_137' title='bbox 1894 1263 2133 1305; x_wconf 90' lang='lat' dir='ltr'><strong><em>servans</em></strong></span> 
     </span>
    </p>
   </div>
   <div class='ocr_carea' id='block_1_19' title="bbox 2255 1241 3862 1331">
    <p class='ocr_par' dir='ltr' id='par_1_19' title="bbox 2255 1241 3862 1321">
     <span class='ocr_line' id='line_1_19' title="bbox 2255 1241 3862 1321; baseline 0.002 -25"><span class='ocrx_word' id='word_1_138' title='bbox 2255 1246 2374 1318; x_wconf 80' lang='grc' dir='ltr'>ιτῦρ.</span> <span class='ocrx_word' id='word_1_139' title='bbox 2409 1243 2474 1299; x_wconf 69' lang='lat' dir='ltr'><strong><em>Ei“</em></strong></span> <span class='ocrx_word' id='word_1_140' title='bbox 2518 1241 2574 1297; x_wconf 76' lang='grc' dir='ltr'><strong><em>δὲ</em></strong></span> <span class='ocrx_word' id='word_1_141' title='bbox 2620 1243 2711 1296; x_wconf 87' lang='grc' dir='ltr'><strong><em>καὶ</em></strong></span> <span class='ocrx_word' id='word_1_142' title='bbox 2764 1241 3071 1298; x_wconf 68' lang='grc' dir='ltr'>συνέλθοιεν</span> <span class='ocrx_word' id='word_1_143' title='bbox 3117 1243 3252 1298; x_wconf 84' lang='grc' dir='ltr'><strong><em>κατά</em></strong></span> <span class='ocrx_word' id='word_1_144' title='bbox 3281 1245 3379 1312; x_wconf 79' lang='grc' dir='ltr'>τὴν</span> <span class='ocrx_word' id='word_1_145' title='bbox 3411 1248 3506 1298; x_wconf 82' lang='grc' dir='ltr'>τοῦ</span> <span class='ocrx_word' id='word_1_146' title='bbox 3553 1241 3862 1321; x_wconf 76' lang='grc' dir='ltr'>δημιουργοῦ</span> 
     </span>
    </p>
   </div>
   <div class='ocr_carea' id='block_1_20' title="bbox 476 1329 2141 1424">
    <p class='ocr_par' dir='ltr' id='par_1_20' title="bbox 476 1329 918 1424">
     <span class='ocr_line' id='line_1_20' title="bbox 476 1329 918 1424; baseline -0.011 -17"><span class='ocrx_word' id='word_1_147' title='bbox 476 1329 918 1424; x_wconf 63' lang='lat' dir='ltr'><strong><em>proprietatem.</em></strong></span> 
     </span>
    </p>
   </div>
   <div class='ocr_carea' id='block_1_21' title="bbox 2255 1329 3858 1424">
    <p class='ocr_par' dir='ltr' id='par_1_21' title="bbox 2255 1329 3858 1405">
     <span class='ocr_line' id='line_1_21' title="bbox 2255 1329 3858 1405; baseline 0.003 -20"><span class='ocrx_word' id='word_1_148' title='bbox 2255 1330 2509 1402; x_wconf 72' lang='grc' dir='ltr'>νιέλευσιν,</span> <span class='ocrx_word' id='word_1_149' title='bbox 2564 1333 2709 1405; x_wconf 89' lang='grc' dir='ltr'>μένει</span> <span class='ocrx_word' id='word_1_150' title='bbox 2757 1329 2980 1387; x_wconf 69' lang='grc' dir='ltr'>ἕκαστον</span> <span class='ocrx_word' id='word_1_151' title='bbox 3042 1333 3246 1400; x_wconf 81' lang='grc' dir='ltr'>αὐτῶν,</span> <span class='ocrx_word' id='word_1_152' title='bbox 3303 1333 3476 1402; x_wconf 77' lang='grc' dir='ltr'>σῶζον</span> <span class='ocrx_word' id='word_1_153' title='bbox 3532 1335 3629 1404; x_wconf 79' lang='grc' dir='ltr'>τὴν</span> <span class='ocrx_word' id='word_1_154' title='bbox 3683 1334 3858 1390; x_wconf 70' lang='grc' dir='ltr'>οἴκείαν</span> 
     </span>
    </p>
   </div>
   <div class='ocr_carea' id='block_1_22' title="bbox 547 1418 2141 1508">
    <p class='ocr_par' dir='ltr' id='par_1_22' title="bbox 547 1418 2133 1508">
     <span class='ocr_line' id='line_1_22' title="bbox 547 1418 2133 1508; baseline -0.01 -15"><span class='ocrx_word' id='word_1_155' title='bbox 547 1418 717 1508; x_wconf 62' lang='grc' dir='ltr'><strong><em>Αξᾳιιθ</em></strong></span> <span class='ocrx_word' id='word_1_156' title='bbox 764 1437 1158 1508; x_wconf 72' lang='lat' dir='ltr'><strong><em>proportiones,</em></strong></span> <span class='ocrx_word' id='word_1_157' title='bbox 1190 1436 1286 1488; x_wconf 88' lang='lat' dir='ltr'><strong><em>Gr.</em></strong></span> <span class='ocrx_word' id='word_1_158' title='bbox 1319 1429 1410 1508; x_wconf 85' lang='grc' dir='ltr'><strong><em>καὶ</em></strong></span> <span class='ocrx_word' id='word_1_159' title='bbox 1466 1429 1560 1491; x_wconf 82' lang='grc' dir='ltr'>τὰς</span> <span class='ocrx_word' id='word_1_160' title='bbox 1610 1424 1926 1508; x_wconf 69' lang='grc' dir='ltr'><strong><em>ιῖιιαλογίας.Δ</em></strong></span> <span class='ocrx_word' id='word_1_161' title='bbox 1978 1427 2133 1481; x_wconf 79' lang='grc' dir='ltr'>Ἀνα-</span> 
     </span>
    </p>
   </div>
   <div class='ocr_carea' id='block_1_23' title="bbox 2255 1418 2518 1508">
    <p class='ocr_par' dir='ltr' id='par_1_23' title="bbox 2255 1418 2518 1490">
     <span class='ocr_line' id='line_1_23' title="bbox 2255 1418 2518 1490; baseline 0.011 -16"><span class='ocrx_word' id='word_1_162' title='bbox 2255 1418 2518 1490; x_wconf 68' lang='grc' dir='ltr'>ίδιότητα.</span> 
     </span>
    </p>
   </div>
   <div class='ocr_carea' id='block_1_24' title="bbox 475 1504 2133 1584">
    <p class='ocr_par' dir='ltr' id='par_1_24' title="bbox 475 1504 2133 1584">
     <span class='ocr_line' id='line_1_24' title="bbox 475 1504 2133 1584; baseline -0.007 -21"><span class='ocrx_word' id='word_1_163' title='bbox 475 1504 666 1584; x_wconf 72' lang='grc' dir='ltr'>λογίας</span> <span class='ocrx_word' id='word_1_164' title='bbox 726 1504 874 1562; x_wconf 79' lang='lat' dir='ltr'><strong><em>dicit</em></strong></span> <span class='ocrx_word' id='word_1_165' title='bbox 900 1507 1265 1579; x_wconf 89' lang='lat' dir='ltr'><strong><em>aptitudines</em></strong></span> <span class='ocrx_word' id='word_1_166' title='bbox 1296 1506 1587 1575; x_wconf 87' lang='lat' dir='ltr'><strong><em>cujusque</em></strong></span> <span class='ocrx_word' id='word_1_167' title='bbox 1618 1507 1840 1556; x_wconf 70' lang='lat' dir='ltr'><strong><em>natura:</em></strong></span> <span class='ocrx_word' id='word_1_168' title='bbox 1878 1504 1936 1555; x_wconf 88' lang='lat' dir='ltr'><strong><em>et</em></strong></span> <span class='ocrx_word' id='word_1_169' title='bbox 1975 1515 2133 1553; x_wconf 90' lang='lat' dir='ltr'><strong><em>com-</em></strong></span> 
     </span>
    </p>
   </div>
   <div class='ocr_carea' id='block_1_25' title="bbox 477 1596 976 1654">
    <p class='ocr_par' dir='ltr' id='par_1_25' title="bbox 477 1596 976 1654">
     <span class='ocr_line' id='line_1_25' title="bbox 477 1596 976 1654; baseline -0.008 0"><span class='ocrx_word' id='word_1_170' title='bbox 477 1596 976 1654; x_wconf 87' lang='lat' dir='ltr'><strong><em>mensurationes.</em></strong></span> 
     </span>
    </p>
   </div>
   <div class='ocr_carea' id='block_1_26' title="bbox 2317 1509 3857 1587">
    <p class='ocr_par' dir='ltr' id='par_1_26' title="bbox 2317 1509 3857 1587">
     <span class='ocr_line' id='line_1_26' title="bbox 2317 1509 3857 1587; baseline 0.002 -22"><span class='ocrx_word' id='word_1_171' title='bbox 2317 1510 2416 1565; x_wconf 86' lang='grc' dir='ltr'><strong><em>Καὶ</em></strong></span> <span class='ocrx_word' id='word_1_172' title='bbox 2444 1511 2540 1572; x_wconf 80' lang='grc' dir='ltr'><strong><em>τὰς</em></strong></span> <span class='ocrx_word' id='word_1_173' title='bbox 2570 1509 2885 1586; x_wconf 79' lang='grc' dir='ltr'>ἀναλογίας.</span> <span class='ocrx_word' id='word_1_174' title='bbox 2917 1509 3237 1586; x_wconf 89' lang='grc' dir='ltr'>Ἀναλογίας</span> <span class='ocrx_word' id='word_1_175' title='bbox 3270 1510 3405 1587; x_wconf 82' lang='grc' dir='ltr'>φησὶ</span> <span class='ocrx_word' id='word_1_176' title='bbox 3434 1511 3528 1574; x_wconf 80' lang='grc' dir='ltr'>τὰς</span> <span class='ocrx_word' id='word_1_177' title='bbox 3561 1510 3857 1586; x_wconf 82' lang='grc' dir='ltr'>ἀρμοδιότη-</span> 
     </span>
    </p>
   </div>
   <div class='ocr_carea' id='block_1_27' title="bbox 548 1679 2138 1757">
    <p class='ocr_par' dir='ltr' id='par_1_27' title="bbox 548 1679 2138 1757">
     <span class='ocr_line' id='line_1_27' title="bbox 548 1679 2138 1757; baseline -0.008 -15"><span class='ocrx_word' id='word_1_178' title='bbox 548 1688 903 1757; x_wconf 86' lang='lat' dir='ltr'><strong><em>Nequaquam</em></strong></span> <span class='ocrx_word' id='word_1_179' title='bbox 929 1687 1135 1756; x_wconf 76' lang='lat' dir='ltr'><strong><em>praeter</em></strong></span> <span class='ocrx_word' id='word_1_180' title='bbox 1168 1681 1529 1754; x_wconf 79' lang='lat' dir='ltr'><strong><em>propositum.</em></strong></span> <span class='ocrx_word' id='word_1_181' title='bbox 1565 1679 1628 1735; x_wconf 89' lang='lat' dir='ltr'>Id</span> <span class='ocrx_word' id='word_1_182' title='bbox 1686 1681 1777 1734; x_wconf 88' lang='lat' dir='ltr'><strong><em>est</em></strong></span> <span class='ocrx_word' id='word_1_183' title='bbox 1803 1694 1915 1732; x_wconf 88' lang='lat' dir='ltr'><strong><em>non</em></strong></span> <span class='ocrx_word' id='word_1_184' title='bbox 1975 1679 2138 1731; x_wconf 81' lang='lat' dir='ltr'><strong><em>extra</em></strong></span> 
     </span>
    </p>
   </div>
   <div class='ocr_carea' id='block_1_28' title="bbox 483 1775 1107 1847">
    <p class='ocr_par' dir='ltr' id='par_1_28' title="bbox 483 1775 1107 1847">
     <span class='ocr_line' id='line_1_28' title="bbox 483 1775 1107 1847; baseline -0.008 -16"><span class='ocrx_word' id='word_1_185' title='bbox 483 1775 804 1847; x_wconf 65' lang='lat' dir='ltr'><strong><em>Scriptura:</em></strong></span> <span class='ocrx_word' id='word_1_186' title='bbox 835 1789 1107 1845; x_wconf 90' lang='lat' dir='ltr'><strong><em>scopum.</em></strong></span> 
     </span>
    </p>
   </div>
   <div class='ocr_carea' id='block_1_29' title="bbox 555 1853 2136 1931">
    <p class='ocr_par' dir='ltr' id='par_1_29' title="bbox 555 1853 2136 1931">
     <span class='ocr_line' id='line_1_29' title="bbox 555 1853 2136 1931; baseline -0.008 -11"><span class='ocrx_word' id='word_1_187' title='bbox 555 1864 954 1920; x_wconf 74' lang='lat' dir='ltr'><strong><em>Remissionem</em></strong></span> <span class='ocrx_word' id='word_1_188' title='bbox 1031 1862 1264 1929; x_wconf 72' lang='lat' dir='ltr'><strong><em>donans,</em></strong></span> <span class='ocrx_word' id='word_1_189' title='bbox 1328 1858 1427 1913; x_wconf 89' lang='lat' dir='ltr'><strong><em>Gr.</em></strong></span> <span class='ocrx_word' id='word_1_190' title='bbox 1473 1853 1847 1931; x_wconf 66' lang='grc' dir='ltr'>ὑπερείδουσι.</span> <span class='ocrx_word' id='word_1_191' title='bbox 1917 1853 2136 1910; x_wconf 82' lang='lat' dir='ltr'><strong><em>Suﬁ‘ul-</em></strong></span> 
     </span>
    </p>
   </div>
   <div class='ocr_carea' id='block_1_30' title="bbox 485 1953 669 2011">
    <p class='ocr_par' dir='ltr' id='par_1_30' title="bbox 485 1953 669 2011">
     <span class='ocr_line' id='line_1_30' title="bbox 485 1953 669 2011; baseline 0.005 -1"><span class='ocrx_word' id='word_1_192' title='bbox 485 1953 669 2011; x_wconf 86' lang='lat' dir='ltr'><strong><em>ciens.</em></strong></span> 
     </span>
    </p>
   </div>
   <div class='ocr_carea' id='block_1_31' title="bbox 560 2029 2138 2108">
    <p class='ocr_par' dir='ltr' id='par_1_31' title="bbox 560 2029 2138 2108">
     <span class='ocr_line' id='line_1_31' title="bbox 560 2029 2138 2108; baseline -0.008 -8"><span class='ocrx_word' id='word_1_193' title='bbox 560 2045 714 2100; x_wconf 67' lang='lat'><strong><em>201</em></strong></span> <span class='ocrx_word' id='word_1_194' title='bbox 765 2042 804 2095; x_wconf 83' lang='lat' dir='ltr'><strong><em>A</em></strong></span> <span class='ocrx_word' id='word_1_195' title='bbox 850 2038 1063 2108; x_wconf 73' lang='lat' dir='ltr'><strong><em>noxiis,</em></strong></span> <span class='ocrx_word' id='word_1_196' title='bbox 1111 2038 1207 2094; x_wconf 86' lang='lat' dir='ltr'><strong><em>Gr.</em></strong></span> <span class='ocrx_word' id='word_1_197' title='bbox 1252 2039 1357 2089; x_wconf 83' lang='grc' dir='ltr'>τῶν</span> <span class='ocrx_word' id='word_1_198' title='bbox 1393 2029 1825 2107; x_wconf 76' lang='grc' dir='ltr'>λελωϐημένων.</span> <span class='ocrx_word' id='word_1_199' title='bbox 1858 2037 1902 2089; x_wconf 92' lang='grc' dir='ltr'><strong>Α</strong></span> <span class='ocrx_word' id='word_1_200' title='bbox 1961 2033 2138 2102; x_wconf 65' lang='lat' dir='ltr'><strong><em>laesis,</em></strong></span> 
     </span>
    </p>
   </div>
   <div class='ocr_carea' id='block_1_32' title="bbox 487 2125 1681 2202">
    <p class='ocr_par' dir='ltr' id='par_1_32' title="bbox 487 2125 1681 2202">
     <span class='ocr_line' id='line_1_32' title="bbox 487 2125 1681 2202; baseline -0.007 -15"><span class='ocrx_word' id='word_1_201' title='bbox 487 2132 768 2202; x_wconf 86' lang='lat' dir='ltr'><strong><em>injuriam</em></strong></span> <span class='ocrx_word' id='word_1_202' title='bbox 800 2134 857 2185; x_wconf 86' lang='lat' dir='ltr'><strong><em>et</em></strong></span> <span class='ocrx_word' id='word_1_203' title='bbox 885 2130 1170 2184; x_wconf 82' lang='lat' dir='ltr'><strong><em>damnum</em></strong></span> <span class='ocrx_word' id='word_1_204' title='bbox 1205 2125 1681 2199; x_wconf 86' lang='lat' dir='ltr'><strong><em>procurantibus.</em></strong></span> 
     </span>
    </p>
   </div>
   <div class='ocr_carea' id='block_1_33' title="bbox 560 2212 2140 2290">
    <p class='ocr_par' dir='ltr' id='par_1_33' title="bbox 560 2212 2140 2290">
     <span class='ocr_line' id='line_1_33' title="bbox 560 2212 2140 2290; baseline -0.005 -14"><span class='ocrx_word' id='word_1_205' title='bbox 560 2223 623 2277; x_wconf 86' lang='lat' dir='ltr'><strong><em>Et</em></strong></span> <span class='ocrx_word' id='word_1_206' title='bbox 665 2236 886 2276; x_wconf 85' lang='lat' dir='ltr'><strong><em>omnem</em></strong></span> <span class='ocrx_word' id='word_1_207' title='bbox 910 2219 1362 2290; x_wconf 77' lang='lat' dir='ltr'><strong><em>inaequalitatem.</em></strong></span> <span class='ocrx_word' id='word_1_208' title='bbox 1415 2217 1541 2272; x_wconf 90' lang='lat' dir='ltr'><strong><em>Non</em></strong></span> <span class='ocrx_word' id='word_1_209' title='bbox 1587 2216 1730 2270; x_wconf 87' lang='lat' dir='ltr'><strong><em>dicit</em></strong></span> <span class='ocrx_word' id='word_1_210' title='bbox 1795 2212 2140 2286; x_wconf 84' lang='lat' dir='ltr'><strong><em>simpliciter</em></strong></span> 
     </span>
    </p>
   </div>
   <div class='ocr_carea' id='block_1_34' title="bbox 485 2303 2141 2379">
    <p class='ocr_par' dir='ltr' id='par_1_34' title="bbox 485 2303 2141 2379">
     <span class='ocr_line' id='line_1_34' title="bbox 485 2303 2141 2379; baseline -0.007 -12"><span class='ocrx_word' id='word_1_211' title='bbox 485 2310 874 2367; x_wconf 83' lang='lat' dir='ltr'><strong><em>exterminare</em></strong></span> <span class='ocrx_word' id='word_1_212' title='bbox 903 2307 1382 2379; x_wconf 76' lang='lat' dir='ltr'><strong><em>inaequalitatem,</em></strong></span> <span class='ocrx_word' id='word_1_213' title='bbox 1415 2305 1518 2360; x_wconf 88' lang='lat' dir='ltr'><strong><em>sed</em></strong></span> <span class='ocrx_word' id='word_1_214' title='bbox 1554 2305 1612 2359; x_wconf 91' lang='lat' dir='ltr'><strong><em>in</em></strong></span> <span class='ocrx_word' id='word_1_215' title='bbox 1653 2303 1928 2374; x_wconf 87' lang='lat' dir='ltr'><strong><em>singulis,</em></strong></span> <span class='ocrx_word' id='word_1_216' title='bbox 1963 2303 2017 2357; x_wconf 91' lang='lat' dir='ltr'><strong><em>id</em></strong></span> <span class='ocrx_word' id='word_1_217' title='bbox 2050 2306 2141 2357; x_wconf 89' lang='lat' dir='ltr'><strong><em>cst</em></strong></span> 
     </span>
    </p>
   </div>
   <div class='ocr_carea' id='block_1_35' title="bbox 485 2390 2138 2470">
    <p class='ocr_par' dir='ltr' id='par_1_35' title="bbox 485 2390 2138 2470">
     <span class='ocr_line' id='line_1_35' title="bbox 485 2390 2138 2470; baseline -0.007 -15"><span class='ocrx_word' id='word_1_218' title='bbox 485 2398 754 2470; x_wconf 86' lang='lat' dir='ltr'><strong><em>singulas</em></strong></span> <span class='ocrx_word' id='word_1_219' title='bbox 774 2401 1179 2453; x_wconf 83' lang='lat' dir='ltr'><strong><em>creaturarum</em></strong></span> <span class='ocrx_word' id='word_1_220' title='bbox 1212 2411 1327 2450; x_wconf 91' lang='lat' dir='ltr'><strong><em>non</em></strong></span> <span class='ocrx_word' id='word_1_221' title='bbox 1363 2409 1600 2449; x_wconf 90' lang='lat' dir='ltr'><strong><em>manere</em></strong></span> <span class='ocrx_word' id='word_1_222' title='bbox 1631 2391 1933 2464; x_wconf 81' lang='lat' dir='ltr'><strong><em>aequaliter</em></strong></span> <span class='ocrx_word' id='word_1_223' title='bbox 1979 2395 2036 2445; x_wconf 91' lang='lat' dir='ltr'><strong><em>et</em></strong></span> <span class='ocrx_word' id='word_1_224' title='bbox 2065 2390 2138 2445; x_wconf 90' lang='lat' dir='ltr'><strong><em>si-</em></strong></span> 
     </span>
    </p>
   </div>
   <div class='ocr_carea' id='block_1_36' title="bbox 485 2480 2138 2552">
    <p class='ocr_par' dir='ltr' id='par_1_36' title="bbox 485 2480 2138 2552">
     <span class='ocr_line' id='line_1_36' title="bbox 485 2480 2138 2552; baseline -0.006 -8"><span class='ocrx_word' id='word_1_225' title='bbox 485 2489 702 2544; x_wconf 89' lang='lat' dir='ltr'><strong><em>militer</em></strong></span> <span class='ocrx_word' id='word_1_226' title='bbox 728 2488 786 2542; x_wconf 91' lang='lat' dir='ltr'><strong><em>in</em></strong></span> <span class='ocrx_word' id='word_1_227' title='bbox 819 2486 1128 2541; x_wconf 89' lang='lat' dir='ltr'><strong><em>identitate</em></strong></span> <span class='ocrx_word' id='word_1_228' title='bbox 1160 2483 1454 2552; x_wconf 86' lang='lat' dir='ltr'><strong><em>naturali;</em></strong></span> <span class='ocrx_word' id='word_1_229' title='bbox 1489 2484 1618 2538; x_wconf 92' lang='lat' dir='ltr'><strong><em>ideo</em></strong></span> <span class='ocrx_word' id='word_1_230' title='bbox 1650 2480 2138 2552; x_wconf 79' lang='lat' dir='ltr'><strong><em>addiditapriva-</em></strong></span> 
     </span>
    </p>
   </div>
   <div class='ocr_carea' id='block_1_37' title="bbox 493 2570 2141 2648">
    <p class='ocr_par' dir='ltr' id='par_1_37' title="bbox 493 2570 2141 2648">
     <span class='ocr_line' id='line_1_37' title="bbox 493 2570 2141 2648; baseline -0.007 -14"><span class='ocrx_word' id='word_1_231' title='bbox 493 2575 960 2648; x_wconf 78' lang='lat' dir='ltr'><strong><em>tione,quoniam</em></strong></span> <span class='ocrx_word' id='word_1_232' title='bbox 1013 2591 1129 2630; x_wconf 91' lang='lat' dir='ltr'><strong><em>non</em></strong></span> <span class='ocrx_word' id='word_1_233' title='bbox 1178 2573 1394 2628; x_wconf 90' lang='lat' dir='ltr'><strong><em>idcirco</em></strong></span> <span class='ocrx_word' id='word_1_234' title='bbox 1444 2571 1597 2642; x_wconf 91' lang='lat' dir='ltr'><strong><em>quod</em></strong></span> <span class='ocrx_word' id='word_1_235' title='bbox 1645 2570 2042 2626; x_wconf 71' lang='lat' dir='ltr'><strong><em>indiil‘erentcs</em></strong></span> <span class='ocrx_word' id='word_1_236' title='bbox 2084 2572 2141 2623; x_wconf 91' lang='lat' dir='ltr'><strong><em>et</em></strong></span> 
     </span>
    </p>
   </div>
   <div class='ocr_carea' id='block_1_38' title="bbox 482 2661 1804 2738">
    <p class='ocr_par' dir='ltr' id='par_1_38' title="bbox 482 2661 1804 2738">
     <span class='ocr_line' id='line_1_38' title="bbox 482 2661 1804 2738; baseline -0.006 -16"><span class='ocrx_word' id='word_1_237' title='bbox 482 2666 802 2738; x_wconf 76' lang='lat' dir='ltr'><strong><em>inaequales</em></strong></span> <span class='ocrx_word' id='word_1_238' title='bbox 835 2665 955 2720; x_wconf 87' lang='lat' dir='ltr'><strong><em>sint</em></strong></span> <span class='ocrx_word' id='word_1_239' title='bbox 985 2679 1096 2730; x_wconf 90' lang='lat' dir='ltr'><strong><em>res,</em></strong></span> <span class='ocrx_word' id='word_1_240' title='bbox 1119 2661 1488 2734; x_wconf 76' lang='lat' dir='ltr'><strong><em>inaequalitas</em></strong></span> <span class='ocrx_word' id='word_1_241' title='bbox 1521 2661 1804 2714; x_wconf 86' lang='lat' dir='ltr'><strong><em>aufertur.</em></strong></span> 
     </span>
    </p>
   </div>
   <div class='ocr_carea' id='block_1_39' title="bbox 553 2749 2137 2826">
    <p class='ocr_par' dir='ltr' id='par_1_39' title="bbox 553 2749 2137 2826">
     <span class='ocr_line' id='line_1_39' title="bbox 553 2749 2137 2826; baseline -0.006 -14"><span class='ocrx_word' id='word_1_242' title='bbox 553 2754 914 2826; x_wconf 59' lang='lat' dir='ltr'><strong><em>quualitatis</em></strong></span> <span class='ocrx_word' id='word_1_243' title='bbox 933 2753 1300 2824; x_wconf 76' lang='lat' dir='ltr'><strong><em>singulorum.</em></strong></span> <span class='ocrx_word' id='word_1_244' title='bbox 1336 2752 1478 2805; x_wconf 87' lang='lat' dir='ltr'><strong><em>Cum</em></strong></span> <span class='ocrx_word' id='word_1_245' title='bbox 1513 2749 1691 2804; x_wconf 88' lang='lat' dir='ltr'><strong><em>sciret</em></strong></span> <span class='ocrx_word' id='word_1_246' title='bbox 1731 2750 1879 2804; x_wconf 87' lang='lat' dir='ltr'><strong><em>duos</em></strong></span> <span class='ocrx_word' id='word_1_247' title='bbox 1932 2749 2137 2803; x_wconf 91' lang='lat' dir='ltr'><strong><em>modos</em></strong></span> 
     </span>
    </p>
   </div>
   <div class='ocr_carea' id='block_1_40' title="bbox 484 2837 2138 2914">
    <p class='ocr_par' dir='ltr' id='par_1_40' title="bbox 484 2837 2138 2914">
     <span class='ocr_line' id='line_1_40' title="bbox 484 2837 2138 2914; baseline -0.006 -14"><span class='ocrx_word' id='word_1_248' title='bbox 484 2846 806 2900; x_wconf 89' lang='lat' dir='ltr'><strong><em>secundum</em></strong></span> <span class='ocrx_word' id='word_1_249' title='bbox 840 2859 990 2914; x_wconf 89' lang='lat' dir='ltr'><strong><em>quos</em></strong></span> <span class='ocrx_word' id='word_1_250' title='bbox 1015 2840 1382 2911; x_wconf 72' lang='lat' dir='ltr'><strong><em>inaequalitas</em></strong></span> <span class='ocrx_word' id='word_1_251' title='bbox 1416 2837 1647 2902; x_wconf 86' lang='lat' dir='ltr'><strong><em>dicitur,</em></strong></span> <span class='ocrx_word' id='word_1_252' title='bbox 1685 2838 1833 2892; x_wconf 90' lang='lat' dir='ltr'><strong><em>duos</em></strong></span> <span class='ocrx_word' id='word_1_253' title='bbox 1880 2838 2138 2907; x_wconf 87' lang='lat' dir='ltr'><strong><em>exponit,</em></strong></span> 
     </span>
    </p>
   </div>
   <div class='ocr_carea' id='block_1_41' title="bbox 484 2928 2138 2999">
    <p class='ocr_par' dir='ltr' id='par_1_41' title="bbox 484 2928 2138 2999">
     <span class='ocr_line' id='line_1_41' title="bbox 484 2928 2138 2999; baseline -0.007 -9"><span class='ocrx_word' id='word_1_254' title='bbox 484 2941 541 2990; x_wconf 88' lang='lat' dir='ltr'><strong><em>ct</em></strong></span> <span class='ocrx_word' id='word_1_255' title='bbox 556 2937 637 2989; x_wconf 85' lang='lat' dir='ltr'><strong><em>ait</em></strong></span> <span class='ocrx_word' id='word_1_256' title='bbox 652 2938 854 2998; x_wconf 87' lang='lat' dir='ltr'><strong><em>Deum,</em></strong></span> <span class='ocrx_word' id='word_1_257' title='bbox 871 2928 1576 2999; x_wconf 89' lang='lat' dir='ltr'><strong><em>eatenusdicijustitiam,</em></strong></span> <span class='ocrx_word' id='word_1_258' title='bbox 1592 2932 1883 2998; x_wconf 85' lang='lat' dir='ltr'><strong><em>quatenus</em></strong></span> <span class='ocrx_word' id='word_1_259' title='bbox 1902 2941 2138 2980; x_wconf 82' lang='lat' dir='ltr'><strong><em>onmem</em></strong></span> 
     </span>
    </p>
   </div>
   <div class='ocr_carea' id='block_1_42' title="bbox 490 3015 2140 3093">
    <p class='ocr_par' dir='ltr' id='par_1_42' title="bbox 490 3015 2140 3093">
     <span class='ocr_line' id='line_1_42' title="bbox 490 3015 2140 3093; baseline -0.006 -15"><span class='ocrx_word' id='word_1_260' title='bbox 490 3023 886 3093; x_wconf 70' lang='lat' dir='ltr'><strong><em>azqualitatem</em></strong></span> <span class='ocrx_word' id='word_1_261' title='bbox 909 3018 1454 3088; x_wconf 89' lang='lat' dir='ltr'><strong><em>mensuraadauget</em></strong></span> <span class='ocrx_word' id='word_1_262' title='bbox 1471 3016 1602 3071; x_wconf 87' lang='lat' dir='ltr'><strong><em>etin</em></strong></span> <span class='ocrx_word' id='word_1_263' title='bbox 1631 3031 1865 3070; x_wconf 81' lang='lat' dir='ltr'><strong><em>onmem</em></strong></span> <span class='ocrx_word' id='word_1_264' title='bbox 1899 3015 2140 3086; x_wconf 68' lang='lat' dir='ltr'><strong><em>aequali-</em></strong></span> 
     </span>
    </p>
   </div>
   <div class='ocr_carea' id='block_1_43' title="bbox 483 3104 2141 3176">
    <p class='ocr_par' dir='ltr' id='par_1_43' title="bbox 483 3104 2141 3176">
     <span class='ocr_line' id='line_1_43' title="bbox 483 3104 2141 3176; baseline -0.005 -9"><span class='ocrx_word' id='word_1_265' title='bbox 483 3118 663 3167; x_wconf 88' lang='lat' dir='ltr'><strong><em>tatem</em></strong></span> <span class='ocrx_word' id='word_1_266' title='bbox 678 3110 1046 3165; x_wconf 84' lang='lat' dir='ltr'><strong><em>exterminat.</em></strong></span> <span class='ocrx_word' id='word_1_267' title='bbox 1063 3108 1226 3163; x_wconf 91' lang='lat' dir='ltr'><strong><em>Nunc</em></strong></span> <span class='ocrx_word' id='word_1_268' title='bbox 1240 3123 1371 3162; x_wconf 89' lang='lat' dir='ltr'><strong><em>vero</em></strong></span> <span class='ocrx_word' id='word_1_269' title='bbox 1386 3104 1846 3176; x_wconf 81' lang='lat' dir='ltr'><strong><em>inaequalitatem</em></strong></span> <span class='ocrx_word' id='word_1_270' title='bbox 1863 3104 2141 3175; x_wconf 87' lang='lat' dir='ltr'><strong><em>intelligit</em></strong></span> 
     </span>
    </p>
   </div>
   <div class='ocr_carea' id='block_1_44' title="bbox 485 3193 2137 3270">
    <p class='ocr_par' dir='ltr' id='par_1_44' title="bbox 485 3193 2137 3270">
     <span class='ocr_line' id='line_1_44' title="bbox 485 3193 2137 3270; baseline -0.005 -15"><span class='ocrx_word' id='word_1_271' title='bbox 485 3217 614 3255; x_wconf 88' lang='lat' dir='ltr'><strong><em>eam</em></strong></span> <span class='ocrx_word' id='word_1_272' title='bbox 648 3217 774 3270; x_wconf 68' lang='lat' dir='ltr'><strong><em>quae</em></strong></span> <span class='ocrx_word' id='word_1_273' title='bbox 804 3215 904 3269; x_wconf 90' lang='lat' dir='ltr'><strong><em>per</em></strong></span> <span class='ocrx_word' id='word_1_274' title='bbox 925 3196 1306 3268; x_wconf 84' lang='lat' dir='ltr'><strong><em>privationem</em></strong></span> <span class='ocrx_word' id='word_1_275' title='bbox 1351 3195 1585 3259; x_wconf 89' lang='lat' dir='ltr'><strong><em>accidit,</em></strong></span> <span class='ocrx_word' id='word_1_276' title='bbox 1621 3193 1678 3248; x_wconf 93' lang='lat' dir='ltr'>id</span> <span class='ocrx_word' id='word_1_277' title='bbox 1699 3198 1788 3247; x_wconf 90' lang='lat' dir='ltr'><strong><em>est</em></strong></span> <span class='ocrx_word' id='word_1_278' title='bbox 1829 3193 2137 3248; x_wconf 88' lang='lat' dir='ltr'><strong><em>abundan-</em></strong></span> 
     </span>
    </p>
   </div>
   <div class='ocr_carea' id='block_1_45' title="bbox 2243 1599 3353 1678">
    <p class='ocr_par' dir='ltr' id='par_1_45' title="bbox 2243 1599 3353 1678">
     <span class='ocr_line' id='line_1_45' title="bbox 2243 1599 3353 1678; baseline 0.002 -24"><span class='ocrx_word' id='word_1_279' title='bbox 2243 1621 2336 1662; x_wconf 91' lang='grc' dir='ltr'><strong><em>τας</em></strong></span> <span class='ocrx_word' id='word_1_280' title='bbox 2371 1600 2598 1670; x_wconf 66' lang='grc' dir='ltr'>ἑκάστης</span> <span class='ocrx_word' id='word_1_281' title='bbox 2630 1600 2841 1678; x_wconf 74' lang='grc' dir='ltr'>φύσεως</span> <span class='ocrx_word' id='word_1_282' title='bbox 2869 1601 2956 1654; x_wconf 87' lang='grc' dir='ltr'><strong><em>καὶ</em></strong></span> <span class='ocrx_word' id='word_1_283' title='bbox 2991 1599 3353 1675; x_wconf 78' lang='grc' dir='ltr'><strong><em>συμμετρίας.</em></strong></span> 
     </span>
    </p>
   </div>
   <div class='ocr_carea' id='block_1_46' title="bbox 2317 1683 3861 1760">
    <p class='ocr_par' dir='ltr' id='par_1_46' title="bbox 2317 1683 3861 1760">
     <span class='ocr_line' id='line_1_46' title="bbox 2317 1683 3861 1760; baseline -0.002 -14"><span class='ocrx_word' id='word_1_284' title='bbox 2317 1688 2432 1746; x_wconf 83' lang='grc' dir='ltr'>Οὐκ</span> <span class='ocrx_word' id='word_1_285' title='bbox 2460 1689 2565 1743; x_wconf 85' lang='grc' dir='ltr'>ἀπὸ</span> <span class='ocrx_word' id='word_1_286' title='bbox 2597 1694 2824 1746; x_wconf 80' lang='grc' dir='ltr'>σκοποῦ.</span> <span class='ocrx_word' id='word_1_287' title='bbox 2853 1688 3138 1744; x_wconf 83' lang='grc' dir='ltr'>Τουτέστιν</span> <span class='ocrx_word' id='word_1_288' title='bbox 3174 1687 3273 1744; x_wconf 83' lang='grc' dir='ltr'><strong><em>οὐκ</em></strong></span> <span class='ocrx_word' id='word_1_289' title='bbox 3305 1683 3407 1760; x_wconf 79' lang='grc' dir='ltr'><strong><em>ἔξω</em></strong></span> <span class='ocrx_word' id='word_1_290' title='bbox 3437 1693 3532 1744; x_wconf 78' lang='grc' dir='ltr'>τοῦ</span> <span class='ocrx_word' id='word_1_291' title='bbox 3563 1690 3756 1744; x_wconf 83' lang='grc' dir='ltr'>σκοποῦ</span> <span class='ocrx_word' id='word_1_292' title='bbox 3779 1696 3861 1758; x_wconf 81' lang='grc' dir='ltr'>τῆς</span> 
     </span>
    </p>
   </div>
   <div class='ocr_carea' id='block_1_47' title="bbox 2248 1783 2489 1853">
    <p class='ocr_par' dir='ltr' id='par_1_47' title="bbox 2248 1783 2489 1853">
     <span class='ocr_line' id='line_1_47' title="bbox 2248 1783 2489 1853; baseline 0.008 -22"><span class='ocrx_word' id='word_1_293' title='bbox 2248 1783 2489 1853; x_wconf 81' lang='grc' dir='ltr'>Γραφῆς.</span> 
     </span>
    </p>
   </div>
   <div class='ocr_carea' id='block_1_48' title="bbox 2317 1863 3236 1942">
    <p class='ocr_par' dir='ltr' id='par_1_48' title="bbox 2317 1863 3236 1942">
     <span class='ocr_line' id='line_1_48' title="bbox 2317 1863 3236 1942; baseline 0.002 -22"><span class='ocrx_word' id='word_1_294' title='bbox 2317 1863 2717 1941; x_wconf 86' lang='grc' dir='ltr'>Ὑπερείδουσα.</span> <span class='ocrx_word' id='word_1_295' title='bbox 2748 1865 3236 1942; x_wconf 84' lang='grc' dir='ltr'>Ὑποστηρίζουσα.</span> 
     </span>
    </p>
   </div>
   <div class='ocr_carea' id='block_1_49' title="bbox 2317 2040 3854 2120">
    <p class='ocr_par' dir='ltr' id='par_1_49' title="bbox 2317 2040 3854 2120">
     <span class='ocr_line' id='line_1_49' title="bbox 2317 2040 3854 2120; baseline 0.001 -21"><span class='ocrx_word' id='word_1_296' title='bbox 2317 2051 2430 2100; x_wconf 79' lang='grc' dir='ltr'>Τῶν</span> <span class='ocrx_word' id='word_1_297' title='bbox 2473 2041 2907 2120; x_wconf 77' lang='grc' dir='ltr'>λελωϐημένων.</span> <span class='ocrx_word' id='word_1_298' title='bbox 2941 2040 3373 2118; x_wconf 76' lang='grc' dir='ltr'>Βεῦλαμμένων,</span> <span class='ocrx_word' id='word_1_299' title='bbox 3420 2049 3527 2100; x_wconf 80' lang='grc' dir='ltr'><strong><em>τῶν</em></strong></span> <span class='ocrx_word' id='word_1_300' title='bbox 3573 2041 3749 2116; x_wconf 74' lang='grc' dir='ltr'>λώϐην</span> <span class='ocrx_word' id='word_1_301' title='bbox 3782 2047 3854 2101; x_wconf 77' lang='grc' dir='ltr'><strong><em>καὶ</em></strong></span> 
     </span>
    </p>
   </div>
   <div class='ocr_carea' id='block_1_50' title="bbox 2249 2133 3003 2211">
    <p class='ocr_par' dir='ltr' id='par_1_50' title="bbox 2249 2133 3003 2211">
     <span class='ocr_line' id='line_1_50' title="bbox 2249 2133 3003 2211; baseline -0.001 -20"><span class='ocrx_word' id='word_1_302' title='bbox 2249 2135 2543 2211; x_wconf 80' lang='grc' dir='ltr'>ἀχρείωσιν</span> <span class='ocrx_word' id='word_1_303' title='bbox 2577 2133 3003 2210; x_wconf 84' lang='grc' dir='ltr'>προξενούντων.</span> 
     </span>
    </p>
   </div>
   <div class='ocr_carea' id='block_1_51' title="bbox 2319 2221 3855 2298">
    <p class='ocr_par' dir='ltr' id='par_1_51' title="bbox 2319 2221 3855 2298">
     <span class='ocr_line' id='line_1_51' title="bbox 2319 2221 3855 2298; baseline -0.002 -19"><span class='ocrx_word' id='word_1_304' title='bbox 2319 2226 2418 2279; x_wconf 78' lang='grc' dir='ltr'>Καὶ</span> <span class='ocrx_word' id='word_1_305' title='bbox 2467 2230 2612 2278; x_wconf 78' lang='grc' dir='ltr'>πᾶσα</span> <span class='ocrx_word' id='word_1_306' title='bbox 2677 2223 2961 2294; x_wconf 87' lang='grc' dir='ltr'>ἀνισότης.</span> <span class='ocrx_word' id='word_1_307' title='bbox 3021 2221 3145 2298; x_wconf 79' lang='grc' dir='ltr'>Οὐχ</span> <span class='ocrx_word' id='word_1_308' title='bbox 3185 2221 3378 2284; x_wconf 85' lang='grc' dir='ltr'>ἀπλῶς</span> <span class='ocrx_word' id='word_1_309' title='bbox 3433 2244 3565 2298; x_wconf 77' lang='grc' dir='ltr'>φησι</span> <span class='ocrx_word' id='word_1_310' title='bbox 3627 2224 3717 2292; x_wconf 76' lang='grc' dir='ltr'>τήν</span> <span class='ocrx_word' id='word_1_311' title='bbox 3759 2223 3855 2277; x_wconf 84' lang='grc' dir='ltr'>ἀνι-</span> 
     </span>
    </p>
   </div>
   <div class='ocr_carea' id='block_1_52' title="bbox 2248 2310 3856 2388">
    <p class='ocr_par' dir='ltr' id='par_1_52' title="bbox 2248 2310 3856 2388">
     <span class='ocr_line' id='line_1_52' title="bbox 2248 2310 3856 2388; baseline -0.001 -20"><span class='ocrx_word' id='word_1_312' title='bbox 2248 2313 2452 2384; x_wconf 83' lang='grc' dir='ltr'>σότητα</span> <span class='ocrx_word' id='word_1_313' title='bbox 2500 2313 2779 2388; x_wconf 80' lang='grc' dir='ltr'>ἐξορίζειν,</span> <span class='ocrx_word' id='word_1_314' title='bbox 2811 2312 2939 2367; x_wconf 84' lang='grc' dir='ltr'>ἀλλ’</span> <span class='ocrx_word' id='word_1_315' title='bbox 2970 2312 3021 2366; x_wconf 82' lang='grc' dir='ltr'>ἐν</span> <span class='ocrx_word' id='word_1_316' title='bbox 3063 2318 3182 2374; x_wconf 83' lang='grc' dir='ltr'>τοῖς</span> <span class='ocrx_word' id='word_1_317' title='bbox 3232 2314 3354 2367; x_wconf 89' lang='grc' dir='ltr'>καθ’</span> <span class='ocrx_word' id='word_1_318' title='bbox 3380 2310 3622 2382; x_wconf 72' lang='grc' dir='ltr'>ἕκαστον,</span> <span class='ocrx_word' id='word_1_319' title='bbox 3650 2311 3856 2368; x_wconf 74' lang='grc' dir='ltr'>τουτέστι</span> 
     </span>
    </p>
   </div>
   <div class='ocr_carea' id='block_1_53' title="bbox 2244 2399 3856 2478">
    <p class='ocr_par' dir='ltr' id='par_1_53' title="bbox 2244 2399 3856 2478">
     <span class='ocr_line' id='line_1_53' title="bbox 2244 2399 3856 2478; baseline -0.001 -22"><span class='ocrx_word' id='word_1_320' title='bbox 2244 2404 2308 2458; x_wconf 87' lang='grc' dir='ltr'>τὸ</span> <span class='ocrx_word' id='word_1_321' title='bbox 2358 2403 2432 2476; x_wconf 80' lang='grc' dir='ltr'>μή</span> <span class='ocrx_word' id='word_1_322' title='bbox 2485 2400 2614 2463; x_wconf 63' lang='grc' dir='ltr'>ἴσως</span> <span class='ocrx_word' id='word_1_323' title='bbox 2676 2402 2766 2456; x_wconf 85' lang='grc' dir='ltr'><strong><em>καὶ</em></strong></span> <span class='ocrx_word' id='word_1_324' title='bbox 2813 2400 3023 2474; x_wconf 83' lang='grc' dir='ltr'>ὁμοίως</span> <span class='ocrx_word' id='word_1_325' title='bbox 3072 2399 3299 2456; x_wconf 74' lang='grc' dir='ltr'>ἕκαστον</span> <span class='ocrx_word' id='word_1_326' title='bbox 3356 2406 3464 2456; x_wconf 80' lang='grc' dir='ltr'>τῶν</span> <span class='ocrx_word' id='word_1_327' title='bbox 3491 2402 3768 2478; x_wconf 81' lang='grc' dir='ltr'>γεγονότων</span> <span class='ocrx_word' id='word_1_328' title='bbox 3815 2401 3856 2456; x_wconf 79' lang='grc' dir='ltr'>ἐν</span> 
     </span>
    </p>
   </div>
   <div class='ocr_carea' id='block_1_54' title="bbox 2245 2487 3858 2568">
    <p class='ocr_par' dir='ltr' id='par_1_54' title="bbox 2245 2487 3858 2568">
     <span class='ocr_line' id='line_1_54' title="bbox 2245 2487 3858 2568; baseline -0.002 -21"><span class='ocrx_word' id='word_1_329' title='bbox 2245 2491 2538 2560; x_wconf 88' lang='grc' dir='ltr'>ταυτότητι</span> <span class='ocrx_word' id='word_1_330' title='bbox 2566 2494 2635 2564; x_wconf 76' lang='grc' dir='ltr'>τῇ</span> <span class='ocrx_word' id='word_1_331' title='bbox 2663 2490 2799 2544; x_wconf 76' lang='grc' dir='ltr'>κατὰ</span> <span class='ocrx_word' id='word_1_332' title='bbox 2845 2489 3001 2568; x_wconf 80' lang='grc' dir='ltr'>φύσιν</span> <span class='ocrx_word' id='word_1_333' title='bbox 3049 2487 3320 2563; x_wconf 81' lang='grc' dir='ltr'>διαμένειν</span> <span class='ocrx_word' id='word_1_334' title='bbox 3346 2509 3357 2523; x_wconf 95' lang='grc'><strong>·</strong></span> <span class='ocrx_word' id='word_1_335' title='bbox 3399 2487 3483 2545; x_wconf 85' lang='grc' dir='ltr'>διὸ</span> <span class='ocrx_word' id='word_1_336' title='bbox 3528 2491 3613 2544; x_wconf 78' lang='grc' dir='ltr'><strong><em>καὶ</em></strong></span> <span class='ocrx_word' id='word_1_337' title='bbox 3656 2491 3711 2544; x_wconf 88' lang='grc' dir='ltr'>τὸ</span> <span class='ocrx_word' id='word_1_338' title='bbox 3752 2491 3858 2545; x_wconf 84' lang='grc' dir='ltr'>κατᾶ</span> 
     </span>
    </p>
   </div>
   <div class='ocr_carea' id='block_1_55' title="bbox 2248 2578 3855 2657">
    <p class='ocr_par' dir='ltr' id='par_1_55' title="bbox 2248 2578 3855 2657">
     <span class='ocr_line' id='line_1_55' title="bbox 2248 2578 3855 2657; baseline -0.002 -22"><span class='ocrx_word' id='word_1_339' title='bbox 2248 2580 2496 2655; x_wconf 80' lang='grc' dir='ltr'>στέρησιν</span> <span class='ocrx_word' id='word_1_340' title='bbox 2530 2579 2887 2655; x_wconf 73' lang='grc' dir='ltr'>προσέθηκεν,</span> <span class='ocrx_word' id='word_1_341' title='bbox 2921 2579 3035 2633; x_wconf 77' lang='grc' dir='ltr'>ἐπεὶ</span> <span class='ocrx_word' id='word_1_342' title='bbox 3066 2579 3204 2634; x_wconf 87' lang='grc' dir='ltr'>κατὰ</span> <span class='ocrx_word' id='word_1_343' title='bbox 3232 2580 3295 2634; x_wconf 90' lang='grc' dir='ltr'>τὸ</span> <span class='ocrx_word' id='word_1_344' title='bbox 3333 2578 3604 2657; x_wconf 74' lang='grc' dir='ltr'>ἀδιάφορα</span> <span class='ocrx_word' id='word_1_345' title='bbox 3650 2581 3764 2634; x_wconf 78' lang='grc' dir='ltr'>εἶναι</span> <span class='ocrx_word' id='word_1_346' title='bbox 3806 2579 3855 2632; x_wconf 74' lang='grc' dir='ltr'>τὰ</span> 
     </span>
    </p>
   </div>
   <div class='ocr_carea' id='block_1_56' title="bbox 2248 2663 3528 2738">
    <p class='ocr_par' dir='ltr' id='par_1_56' title="bbox 2248 2663 3528 2738">
     <span class='ocr_line' id='line_1_56' title="bbox 2248 2663 3528 2738; baseline -0.001 -15"><span class='ocrx_word' id='word_1_347' title='bbox 2248 2666 2376 2723; x_wconf 77' lang='grc' dir='ltr'>ὄντα</span> <span class='ocrx_word' id='word_1_348' title='bbox 2404 2669 2494 2722; x_wconf 82' lang='grc' dir='ltr'><strong><em>καὶ</em></strong></span> <span class='ocrx_word' id='word_1_349' title='bbox 2521 2670 2676 2722; x_wconf 86' lang='grc' dir='ltr'>ἄνισα</span> <span class='ocrx_word' id='word_1_350' title='bbox 2705 2670 2740 2737; x_wconf 77' lang='grc' dir='ltr'>ἡ</span> <span class='ocrx_word' id='word_1_351' title='bbox 2770 2667 3021 2738; x_wconf 81' lang='grc' dir='ltr'>ἀνισότης</span> <span class='ocrx_word' id='word_1_352' title='bbox 3052 2668 3155 2722; x_wconf 84' lang='grc' dir='ltr'><strong><em>οὐκ</em></strong></span> <span class='ocrx_word' id='word_1_353' title='bbox 3179 2663 3528 2723; x_wconf 78' lang='grc' dir='ltr'>ἐκϐάλλεται.</span> 
     </span>
    </p>
   </div>
   <div class='ocr_carea' id='block_1_57' title="bbox 2260 2755 3851 2831">
    <p class='ocr_par' dir='ltr' id='par_1_57' title="bbox 2260 2755 3851 2831">
     <span class='ocr_line' id='line_1_57' title="bbox 2260 2755 3851 2831; baseline 0.001 -23"><span class='ocrx_word' id='word_1_354' title='bbox 2260 2805 2264 2808; x_wconf 86' lang='grc'><strong><em>.</em></strong></span> <span class='ocrx_word' id='word_1_355' title='bbox 2319 2761 2436 2826; x_wconf 83' lang='grc' dir='ltr'><strong><em>Τῆς</em></strong></span> <span class='ocrx_word' id='word_1_356' title='bbox 2495 2756 2546 2811; x_wconf 79' lang='grc' dir='ltr'>ἐν</span> <span class='ocrx_word' id='word_1_357' title='bbox 2604 2756 2789 2819; x_wconf 75' lang='grc' dir='ltr'>αὐτοῖς</span> <span class='ocrx_word' id='word_1_358' title='bbox 2848 2756 3094 2818; x_wconf 72' lang='grc' dir='ltr'>ἑκάστοις</span> <span class='ocrx_word' id='word_1_359' title='bbox 3154 2755 3436 2827; x_wconf 68' lang='grc' dir='ltr'>ἰσότητος,</span> <span class='ocrx_word' id='word_1_360' title='bbox 3498 2755 3600 2812; x_wconf 90' lang='grc' dir='ltr'>Δύο</span> <span class='ocrx_word' id='word_1_361' title='bbox 3659 2755 3851 2831; x_wconf 84' lang='grc' dir='ltr'>τρόπους</span> 
     </span>
    </p>
   </div>
   <div class='ocr_carea' id='block_1_58' title="bbox 2246 2842 3841 2919">
    <p class='ocr_par' dir='ltr' id='par_1_58' title="bbox 2246 2842 3841 2919">
     <span class='ocr_line' id='line_1_58' title="bbox 2246 2842 3841 2919; baseline -0.003 -19"><span class='ocrx_word' id='word_1_362' title='bbox 2246 2847 2364 2900; x_wconf 89' lang='grc' dir='ltr'>καθ’</span> <span class='ocrx_word' id='word_1_363' title='bbox 2394 2844 2485 2907; x_wconf 74' lang='grc' dir='ltr'><strong><em>οὓς</em></strong></span> <span class='ocrx_word' id='word_1_364' title='bbox 2540 2845 2796 2914; x_wconf 85' lang='grc' dir='ltr'>ἀνισότης</span> <span class='ocrx_word' id='word_1_365' title='bbox 2857 2843 3075 2919; x_wconf 85' lang='grc' dir='ltr'>λέγεται</span> <span class='ocrx_word' id='word_1_366' title='bbox 3121 2842 3304 2914; x_wconf 84' lang='grc' dir='ltr'>εἰδώς,</span> <span class='ocrx_word' id='word_1_367' title='bbox 3369 2845 3495 2908; x_wconf 76' lang='grc' dir='ltr'>τοὺς</span> <span class='ocrx_word' id='word_1_368' title='bbox 3543 2843 3634 2900; x_wconf 83' lang='grc' dir='ltr'>δύο</span> <span class='ocrx_word' id='word_1_369' title='bbox 3680 2847 3841 2919; x_wconf 82' lang='grc' dir='ltr'>τρανοῖ,</span> 
     </span>
    </p>
   </div>
   <div class='ocr_carea' id='block_1_59' title="bbox 2247 2932 3836 3012">
    <p class='ocr_par' dir='ltr' id='par_1_59' title="bbox 2247 2932 3836 3012">
     <span class='ocr_line' id='line_1_59' title="bbox 2247 2932 3836 3012; baseline 0.002 -24"><span class='ocrx_word' id='word_1_370' title='bbox 2247 2935 2336 2989; x_wconf 82' lang='grc' dir='ltr'><strong><em>καί</em></strong></span> <span class='ocrx_word' id='word_1_371' title='bbox 2367 2957 2554 3012; x_wconf 77' lang='grc' dir='ltr'>φησιν,</span> <span class='ocrx_word' id='word_1_372' title='bbox 2589 2933 2671 2988; x_wconf 80' lang='grc' dir='ltr'>ὅτι</span> <span class='ocrx_word' id='word_1_373' title='bbox 2705 2932 3019 3004; x_wconf 83' lang='grc' dir='ltr'>δικαιοσύνη</span> <span class='ocrx_word' id='word_1_374' title='bbox 3051 2935 3187 2989; x_wconf 82' lang='grc' dir='ltr'>κατᾶ</span> <span class='ocrx_word' id='word_1_375' title='bbox 3233 2939 3400 2989; x_wconf 76' lang='grc' dir='ltr'>τοῦτο</span> <span class='ocrx_word' id='word_1_376' title='bbox 3450 2933 3658 3008; x_wconf 86' lang='grc' dir='ltr'>λέγεται</span> <span class='ocrx_word' id='word_1_377' title='bbox 3681 2935 3703 2988; x_wconf 88' lang='grc' dir='ltr'>ὁ</span> <span class='ocrx_word' id='word_1_378' title='bbox 3725 2932 3836 2998; x_wconf 83' lang='grc' dir='ltr'><strong><em>Θεὸς,</em></strong></span> 
     </span>
    </p>
   </div>
   <div class='ocr_carea' id='block_1_60' title="bbox 2247 3019 3841 3099">
    <p class='ocr_par' dir='ltr' id='par_1_60' title="bbox 2247 3019 3841 3099">
     <span class='ocr_line' id='line_1_60' title="bbox 2247 3019 3841 3099; baseline -0.004 -22"><span class='ocrx_word' id='word_1_379' title='bbox 2247 3024 2364 3077; x_wconf 72' lang='grc' dir='ltr'>καθ⁹</span> <span class='ocrx_word' id='word_1_380' title='bbox 2407 3024 2434 3077; x_wconf 82' lang='grc' dir='ltr'>ὃ</span> <span class='ocrx_word' id='word_1_381' title='bbox 2481 3023 2571 3077; x_wconf 84' lang='grc' dir='ltr'><strong><em>καὶ</em></strong></span> <span class='ocrx_word' id='word_1_382' title='bbox 2621 3023 2720 3090; x_wconf 81' lang='grc' dir='ltr'>τὴν</span> <span class='ocrx_word' id='word_1_383' title='bbox 2779 3022 3004 3092; x_wconf 82' lang='grc' dir='ltr'>ἰσότητα</span> <span class='ocrx_word' id='word_1_384' title='bbox 3048 3021 3265 3077; x_wconf 78' lang='grc' dir='ltr'>πάντων</span> <span class='ocrx_word' id='word_1_385' title='bbox 3319 3022 3621 3099; x_wconf 81' lang='grc' dir='ltr'>ἐπιμετρεῖ,</span> <span class='ocrx_word' id='word_1_386' title='bbox 3651 3021 3725 3078; x_wconf 85' lang='grc' dir='ltr'><strong><em>καὶ</em></strong></span> <span class='ocrx_word' id='word_1_387' title='bbox 3767 3019 3841 3086; x_wconf 74' lang='grc' dir='ltr'><strong><em>τὴν</em></strong></span> 
     </span>
    </p>
   </div>
   <div class='ocr_carea' id='block_1_61' title="bbox 2248 3111 3846 3186">
    <p class='ocr_par' dir='ltr' id='par_1_61' title="bbox 2248 3111 3846 3186">
     <span class='ocr_line' id='line_1_61' title="bbox 2248 3111 3846 3186; baseline -0.003 -21"><span class='ocrx_word' id='word_1_388' title='bbox 2248 3111 2544 3181; x_wconf 88' lang='grc' dir='ltr'>ἀνισότητα</span> <span class='ocrx_word' id='word_1_389' title='bbox 2600 3112 2814 3165; x_wconf 88' lang='grc' dir='ltr'>πάντων</span> <span class='ocrx_word' id='word_1_390' title='bbox 2866 3111 3112 3184; x_wconf 80' lang='grc' dir='ltr'>ἐξορίζει.</span> <span class='ocrx_word' id='word_1_391' title='bbox 3159 3111 3488 3182; x_wconf 87' lang='grc' dir='ltr'>Ἀνισότητα</span> <span class='ocrx_word' id='word_1_392' title='bbox 3536 3111 3592 3168; x_wconf 77' lang='grc' dir='ltr'><strong><em>δὲ</em></strong></span> <span class='ocrx_word' id='word_1_393' title='bbox 3632 3116 3710 3165; x_wconf 79' lang='grc' dir='ltr'>νῦν</span> <span class='ocrx_word' id='word_1_394' title='bbox 3747 3127 3846 3186; x_wconf 68' lang='grc' dir='ltr'>φησι</span> 
     </span>
    </p>
   </div>
   <div class='ocr_carea' id='block_1_62' title="bbox 2245 3198 3849 3276">
    <p class='ocr_par' dir='ltr' id='par_1_62' title="bbox 2245 3198 3849 3276">
     <span class='ocr_line' id='line_1_62' title="bbox 2245 3198 3849 3276; baseline -0.002 -21"><span class='ocrx_word' id='word_1_395' title='bbox 2245 3203 2345 3270; x_wconf 82' lang='grc' dir='ltr'>τήν</span> <span class='ocrx_word' id='word_1_396' title='bbox 2387 3201 2523 3255; x_wconf 85' lang='grc' dir='ltr'>κατὰ</span> <span class='ocrx_word' id='word_1_397' title='bbox 2567 3202 2816 3275; x_wconf 84' lang='grc' dir='ltr'>στέρησιν</span> <span class='ocrx_word' id='word_1_398' title='bbox 2863 3208 2962 3269; x_wconf 79' lang='grc' dir='ltr'><strong><em>τῆς</em></strong></span> <span class='ocrx_word' id='word_1_399' title='bbox 3011 3201 3262 3272; x_wconf 81' lang='grc' dir='ltr'>ἰσότητος</span> <span class='ocrx_word' id='word_1_400' title='bbox 3294 3198 3702 3276; x_wconf 76' lang='grc' dir='ltr'>συμϐαίνουσαν,</span> <span class='ocrx_word' id='word_1_401' title='bbox 3727 3218 3849 3253; x_wconf 82' lang='grc' dir='ltr'>τουτ-</span> 
     </span>
    </p>
   </div>
   <div class='ocr_carea' id='block_1_63' title="bbox 482 3278 2141 3366">
    <p class='ocr_par' dir='ltr' id='par_1_63' title="bbox 482 3281 2132 3356">
     <span class='ocr_line' id='line_1_63' title="bbox 482 3281 2132 3356; baseline -0.004 -12"><span class='ocrx_word' id='word_1_402' title='bbox 482 3289 647 3344; x_wconf 90' lang='lat' dir='ltr'><strong><em>tiam.</em></strong></span> <span class='ocrx_word' id='word_1_403' title='bbox 670 3288 812 3342; x_wconf 88' lang='lat' dir='ltr'><strong><em>Nam</em></strong></span> <span class='ocrx_word' id='word_1_404' title='bbox 835 3287 1082 3356; x_wconf 82' lang='lat' dir='ltr'><strong><em>singulis</em></strong></span> <span class='ocrx_word' id='word_1_405' title='bbox 1098 3301 1202 3356; x_wconf 90' lang='lat' dir='ltr'><strong><em>pro</em></strong></span> <span class='ocrx_word' id='word_1_406' title='bbox 1219 3284 1424 3339; x_wconf 89' lang='lat' dir='ltr'><strong><em>merito</em></strong></span> <span class='ocrx_word' id='word_1_407' title='bbox 1442 3281 1744 3352; x_wconf 63' lang='lat' dir='ltr'><strong><em>atqualiter</em></strong></span> <span class='ocrx_word' id='word_1_408' title='bbox 1761 3282 2132 3349; x_wconf 87' lang='lat' dir='ltr'><strong><em>distribuere,</em></strong></span> 
     </span>
    </p>
   </div>
   <div class='ocr_carea' id='block_1_64' title="bbox 2255 3278 3853 3366">
    <p class='ocr_par' dir='ltr' id='par_1_64' title="bbox 2255 3288 3853 3366">
     <span class='ocr_line' id='line_1_64' title="bbox 2255 3288 3853 3366; baseline -0.004 -21"><span class='ocrx_word' id='word_1_409' title='bbox 2255 3289 2360 3345; x_wconf 81' lang='grc' dir='ltr'>ἐστι</span> <span class='ocrx_word' id='word_1_410' title='bbox 2414 3291 2512 3358; x_wconf 74' lang='grc' dir='ltr'>τήν</span> <span class='ocrx_word' id='word_1_411' title='bbox 2573 3289 2887 3360; x_wconf 83' lang='grc' dir='ltr'>πλεονεξίαν</span> <span class='ocrx_word' id='word_1_412' title='bbox 2925 3309 2937 3321; x_wconf 87' lang='grc'><strong>·</strong></span> <span class='ocrx_word' id='word_1_413' title='bbox 2970 3290 3033 3344; x_wconf 90' lang='grc' dir='ltr'>τὸ</span> <span class='ocrx_word' id='word_1_414' title='bbox 3078 3292 3180 3366; x_wconf 81' lang='grc' dir='ltr'>γὰρ</span> <span class='ocrx_word' id='word_1_415' title='bbox 3235 3288 3367 3355; x_wconf 58' lang='grc' dir='ltr'>ἴσως</span> <span class='ocrx_word' id='word_1_416' title='bbox 3421 3289 3598 3365; x_wconf 85' lang='grc' dir='ltr'>νέμειν</span> <span class='ocrx_word' id='word_1_417' title='bbox 3654 3288 3853 3346; x_wconf 77' lang='grc' dir='ltr'>ἑκάστοις</span> 
     </span>
    </p>
   </div>
   <div class='ocr_carea' id='block_1_65' title="bbox 483 3372 2138 3440">
    <p class='ocr_par' dir='ltr' id='par_1_65' title="bbox 483 3372 2138 3440">
     <span class='ocr_line' id='line_1_65' title="bbox 483 3372 2138 3440; baseline -0.004 -6"><span class='ocrx_word' id='word_1_418' title='bbox 483 3379 593 3434; x_wconf 83' lang='lat' dir='ltr'><strong><em>hoc</em></strong></span> <span class='ocrx_word' id='word_1_419' title='bbox 620 3377 878 3432; x_wconf 84' lang='lat' dir='ltr'><strong><em>continet</em></strong></span> <span class='ocrx_word' id='word_1_420' title='bbox 909 3375 1106 3431; x_wconf 90' lang='lat' dir='ltr'><strong><em>omnia</em></strong></span> <span class='ocrx_word' id='word_1_421' title='bbox 1139 3381 1196 3428; x_wconf 89' lang='lat' dir='ltr'><strong><em>et</em></strong></span> <span class='ocrx_word' id='word_1_422' title='bbox 1234 3377 1560 3428; x_wconf 88' lang='lat' dir='ltr'><strong><em>conservat.</em></strong></span> <span class='ocrx_word' id='word_1_423' title='bbox 1613 3373 1715 3426; x_wconf 88' lang='lat' dir='ltr'><strong><em>His</em></strong></span> <span class='ocrx_word' id='word_1_424' title='bbox 1763 3372 1956 3440; x_wconf 87' lang='lat' dir='ltr'><strong><em>dictis,</em></strong></span> <span class='ocrx_word' id='word_1_425' title='bbox 1996 3373 2138 3428; x_wconf 91' lang='lat' dir='ltr'><strong><em>alte-</em></strong></span> 
     </span>
    </p>
   </div>
   <div class='ocr_carea' id='block_1_66' title="bbox 485 3461 2140 3537">
    <p class='ocr_par' dir='ltr' id='par_1_66' title="bbox 485 3461 2140 3537">
     <span class='ocr_line' id='line_1_66' title="bbox 485 3461 2140 3537; baseline -0.004 -15"><span class='ocrx_word' id='word_1_426' title='bbox 485 3484 616 3522; x_wconf 90' lang='lat' dir='ltr'><strong><em>rum</em></strong></span> <span class='ocrx_word' id='word_1_427' title='bbox 646 3481 879 3537; x_wconf 90' lang='lat' dir='ltr'><strong><em>quoque</em></strong></span> <span class='ocrx_word' id='word_1_428' title='bbox 911 3464 1152 3519; x_wconf 87' lang='lat' dir='ltr'><strong><em>modum</em></strong></span> <span class='ocrx_word' id='word_1_429' title='bbox 1198 3463 1518 3517; x_wconf 90' lang='lat' dir='ltr'><strong><em>secundum</em></strong></span> <span class='ocrx_word' id='word_1_430' title='bbox 1552 3477 1724 3532; x_wconf 90' lang='lat' dir='ltr'><strong><em>quem</em></strong></span> <span class='ocrx_word' id='word_1_431' title='bbox 1775 3461 2140 3532; x_wconf 65' lang='lat' dir='ltr'><strong><em>inmqualitas</em></strong></span> 
     </span>
    </p>
   </div>
   <div class='ocr_carea' id='block_1_67' title="bbox 488 3549 2142 3622">
    <p class='ocr_par' dir='ltr' id='par_1_67' title="bbox 488 3549 2142 3622">
     <span class='ocr_line' id='line_1_67' title="bbox 488 3549 2142 3622; baseline -0.004 -12"><span class='ocrx_word' id='word_1_432' title='bbox 488 3556 706 3610; x_wconf 91' lang='lat' dir='ltr'><strong><em>dicitur</em></strong></span> <span class='ocrx_word' id='word_1_433' title='bbox 734 3554 919 3610; x_wconf 77' lang='lat' dir='ltr'><strong><em>aﬁ‘ert.</em></strong></span> <span class='ocrx_word' id='word_1_434' title='bbox 951 3553 1123 3607; x_wconf 88' lang='lat' dir='ltr'><strong><em>Novit</em></strong></span> <span class='ocrx_word' id='word_1_435' title='bbox 1154 3550 1311 3606; x_wconf 90' lang='lat' dir='ltr'><strong><em>enim</em></strong></span> <span class='ocrx_word' id='word_1_436' title='bbox 1352 3551 1604 3621; x_wconf 82' lang='lat' dir='ltr'><strong><em>aliquos,</em></strong></span> <span class='ocrx_word' id='word_1_437' title='bbox 1653 3549 2062 3622; x_wconf 88' lang='lat' dir='ltr'><strong><em>intelligibiles</em></strong></span> <span class='ocrx_word' id='word_1_438' title='bbox 2084 3555 2142 3604; x_wconf 90' lang='lat' dir='ltr'><strong><em>et</em></strong></span> 
     </span>
    </p>
   </div>
   <div class='ocr_carea' id='block_1_68' title="bbox 487 3623 2140 3715">
    <p class='ocr_par' dir='ltr' id='par_1_68' title="bbox 487 3623 2140 3715">
     <span class='ocr_line' id='line_1_68' title="bbox 487 3623 2140 3715; baseline -0.004 -17"><span class='ocrx_word' id='word_1_439' title='bbox 487 3645 867 3715; x_wconf 82' lang='lat' dir='ltr'><strong><em>incorporeas</em></strong></span> <span class='ocrx_word' id='word_1_440' title='bbox 926 3643 1168 3708; x_wconf 71' lang='lat' dir='ltr'><strong><em>formas,</em></strong></span> <span class='ocrx_word' id='word_1_441' title='bbox 1226 3656 1291 3694; x_wconf 88' lang='lat' dir='ltr'><strong><em>ac</em></strong></span> <span class='ocrx_word' id='word_1_442' title='bbox 1338 3640 1527 3711; x_wconf 89' lang='lat' dir='ltr'><strong><em>prima</em></strong></span> <span class='ocrx_word' id='word_1_443' title='bbox 1576 3654 1771 3693; x_wconf 89' lang='lat' dir='ltr'><strong><em>rerum</em></strong></span> <span class='ocrx_word' id='word_1_444' title='bbox 1827 3623 2140 3710; x_wconf 85' lang='lat' dir='ltr'><strong><em>principia,</em></strong></span> 
     </span>
    </p>
   </div>
   <div class='ocr_carea' id='block_1_69' title="bbox 488 3727 2143 3801">
    <p class='ocr_par' dir='ltr' id='par_1_69' title="bbox 488 3727 2143 3801">
     <span class='ocr_line' id='line_1_69' title="bbox 488 3727 2143 3801; baseline -0.003 -14"><span class='ocrx_word' id='word_1_445' title='bbox 488 3731 907 3801; x_wconf 85' lang='lat' dir='ltr'><strong><em>immortalem,</em></strong></span> <span class='ocrx_word' id='word_1_446' title='bbox 940 3730 1208 3801; x_wconf 89' lang='lat' dir='ltr'><strong><em>inquam,</em></strong></span> <span class='ocrx_word' id='word_1_447' title='bbox 1245 3727 1624 3794; x_wconf 90' lang='lat' dir='ltr'><strong><em>creationem,</em></strong></span> <span class='ocrx_word' id='word_1_448' title='bbox 1657 3727 1938 3793; x_wconf 88' lang='lat' dir='ltr'><strong><em>unitates,</em></strong></span> <span class='ocrx_word' id='word_1_449' title='bbox 1961 3727 2018 3781; x_wconf 89' lang='lat' dir='ltr'><strong><em>id</em></strong></span> <span class='ocrx_word' id='word_1_450' title='bbox 2051 3733 2143 3782; x_wconf 89' lang='lat' dir='ltr'><strong><em>est</em></strong></span> 
     </span>
    </p>
   </div>
   <div class='ocr_carea' id='block_1_70' title="bbox 489 3815 2143 3891">
    <p class='ocr_par' dir='ltr' id='par_1_70' title="bbox 489 3815 2143 3891">
     <span class='ocr_line' id='line_1_70' title="bbox 489 3815 2143 3891; baseline -0.006 -13"><span class='ocrx_word' id='word_1_451' title='bbox 489 3822 776 3878; x_wconf 86' lang='lat' dir='ltr'><strong><em>essentias</em></strong></span> <span class='ocrx_word' id='word_1_452' title='bbox 793 3819 1112 3891; x_wconf 88' lang='lat' dir='ltr'><strong><em>simplices,</em></strong></span> <span class='ocrx_word' id='word_1_453' title='bbox 1135 3817 1473 3872; x_wconf 85' lang='lat' dir='ltr'><strong><em>nominasse</em></strong></span> <span class='ocrx_word' id='word_1_454' title='bbox 1489 3815 1880 3888; x_wconf 65' lang='lat' dir='ltr'><strong><em>aequalitatem</em></strong></span> <span class='ocrx_word' id='word_1_455' title='bbox 1905 3821 1963 3870; x_wconf 90' lang='lat' dir='ltr'><strong><em>et</em></strong></span> <span class='ocrx_word' id='word_1_456' title='bbox 1984 3816 2143 3870; x_wconf 85' lang='lat' dir='ltr'><strong><em>iden-</em></strong></span> 
     </span>
    </p>
   </div>
   <div class='ocr_carea' id='block_1_71' title="bbox 489 3904 2145 3978">
    <p class='ocr_par' dir='ltr' id='par_1_71' title="bbox 489 3904 2145 3978">
     <span class='ocr_line' id='line_1_71' title="bbox 489 3904 2145 3978; baseline -0.005 -11"><span class='ocrx_word' id='word_1_457' title='bbox 489 3912 716 3967; x_wconf 85' lang='lat' dir='ltr'><strong><em>titatem</em></strong></span> <span class='ocrx_word' id='word_1_458' title='bbox 754 3930 768 3973; x_wconf 68' lang='grc' dir='ltr'><strong><em>ς</em></strong></span> <span class='ocrx_word' id='word_1_459' title='bbox 797 3908 1040 3965; x_wconf 89' lang='lat' dir='ltr'><strong><em>sensilia</em></strong></span> <span class='ocrx_word' id='word_1_460' title='bbox 1070 3924 1203 3963; x_wconf 89' lang='lat' dir='ltr'><strong><em>vero</em></strong></span> <span class='ocrx_word' id='word_1_461' title='bbox 1227 3923 1354 3978; x_wconf 76' lang='lat' dir='ltr'><strong><em>quae</em></strong></span> <span class='ocrx_word' id='word_1_462' title='bbox 1378 3907 1554 3961; x_wconf 88' lang='lat' dir='ltr'><strong><em>etiam</em></strong></span> <span class='ocrx_word' id='word_1_463' title='bbox 1581 3904 1900 3960; x_wconf 88' lang='lat' dir='ltr'><strong><em>divisibilia</em></strong></span> <span class='ocrx_word' id='word_1_464' title='bbox 1931 3909 2145 3959; x_wconf 88' lang='lat' dir='ltr'><strong><em>suntet</em></strong></span> 
     </span>
    </p>
   </div>
   <div class='ocr_carea' id='block_1_72' title="bbox 490 3993 2144 4067">
    <p class='ocr_par' dir='ltr' id='par_1_72' title="bbox 490 3993 2144 4067">
     <span class='ocr_line' id='line_1_72' title="bbox 490 3993 2144 4067; baseline -0.005 -11"><span class='ocrx_word' id='word_1_465' title='bbox 490 4000 800 4056; x_wconf 86' lang='lat' dir='ltr'><strong><em>mutabilia</em></strong></span> <span class='ocrx_word' id='word_1_466' title='bbox 831 4003 888 4054; x_wconf 90' lang='lat' dir='ltr'><strong><em>et</em></strong></span> <span class='ocrx_word' id='word_1_467' title='bbox 917 3995 1267 4061; x_wconf 68' lang='lat' dir='ltr'><strong><em>differentia,</em></strong></span> <span class='ocrx_word' id='word_1_468' title='bbox 1287 4001 1344 4050; x_wconf 90' lang='lat' dir='ltr'><strong><em>et</em></strong></span> <span class='ocrx_word' id='word_1_469' title='bbox 1367 3996 1721 4067; x_wconf 86' lang='lat' dir='ltr'><strong><em>quandoque</em></strong></span> <span class='ocrx_word' id='word_1_470' title='bbox 1739 3993 1909 4048; x_wconf 88' lang='lat' dir='ltr'><strong><em>aliter</em></strong></span> <span class='ocrx_word' id='word_1_471' title='bbox 1926 3993 2144 4048; x_wconf 86' lang='lat' dir='ltr'><strong><em>haben-</em></strong></span> 
     </span>
    </p>
   </div>
   <div class='ocr_carea' id='block_1_73' title="bbox 490 4082 2144 4159">
    <p class='ocr_par' dir='ltr' id='par_1_73' title="bbox 490 4082 2144 4159">
     <span class='ocr_line' id='line_1_73' title="bbox 490 4082 2144 4159; baseline -0.006 -13"><span class='ocrx_word' id='word_1_472' title='bbox 490 4092 592 4159; x_wconf 85' lang='lat' dir='ltr'><strong><em>tia,</em></strong></span> <span class='ocrx_word' id='word_1_473' title='bbox 635 4105 873 4146; x_wconf 90' lang='lat' dir='ltr'><strong><em>vocasse</em></strong></span> <span class='ocrx_word' id='word_1_474' title='bbox 916 4084 1378 4157; x_wconf 70' lang='lat' dir='ltr'><strong><em>inaequalitatem</em></strong></span> <span class='ocrx_word' id='word_1_475' title='bbox 1417 4090 1474 4139; x_wconf 89' lang='lat' dir='ltr'><strong><em>et</em></strong></span> <span class='ocrx_word' id='word_1_476' title='bbox 1522 4083 1946 4138; x_wconf 86' lang='lat' dir='ltr'><strong><em>diversitatem.</em></strong></span> <span class='ocrx_word' id='word_1_477' title='bbox 1994 4082 2144 4138; x_wconf 82' lang='lat' dir='ltr'><strong><em>Dicit</em></strong></span> 
     </span>
    </p>
   </div>
   <div class='ocr_carea' id='block_1_74' title="bbox 485 4172 2144 4252">
    <p class='ocr_par' dir='ltr' id='par_1_74' title="bbox 485 4172 2144 4252">
     <span class='ocr_line' id='line_1_74' title="bbox 485 4172 2144 4252; baseline -0.004 -18"><span class='ocrx_word' id='word_1_478' title='bbox 485 4180 668 4252; x_wconf 85' lang='lat' dir='ltr'><strong><em>igitur</em></strong></span> <span class='ocrx_word' id='word_1_479' title='bbox 693 4197 705 4233; x_wconf 91' lang='lat'>:</span> <span class='ocrx_word' id='word_1_480' title='bbox 733 4177 851 4232; x_wconf 85' lang='lat' dir='ltr'><strong><em>Etsi</em></strong></span> <span class='ocrx_word' id='word_1_481' title='bbox 884 4177 1098 4246; x_wconf 88' lang='lat' dir='ltr'><strong><em>aliquis</em></strong></span> <span class='ocrx_word' id='word_1_482' title='bbox 1131 4175 1279 4228; x_wconf 87' lang='lat' dir='ltr'><strong><em>hanc</em></strong></span> <span class='ocrx_word' id='word_1_483' title='bbox 1303 4174 1763 4246; x_wconf 62' lang='lat' dir='ltr'><strong><em>inaequalitatem</em></strong></span> <span class='ocrx_word' id='word_1_484' title='bbox 1795 4172 2144 4227; x_wconf 86' lang='lat' dir='ltr'><strong><em>intellexerit</em></strong></span> 
     </span>
    </p>
   </div>
   <div class='ocr_carea' id='block_1_75' title="bbox 487 4261 2144 4332">
    <p class='ocr_par' dir='ltr' id='par_1_75' title="bbox 487 4261 2144 4332">
     <span class='ocr_line' id='line_1_75' title="bbox 487 4261 2144 4332; baseline -0.005 -8"><span class='ocrx_word' id='word_1_485' title='bbox 487 4267 880 4324; x_wconf 85' lang='lat' dir='ltr'><strong><em>dill‘erentiam</em></strong></span> <span class='ocrx_word' id='word_1_486' title='bbox 915 4264 1227 4320; x_wconf 89' lang='lat' dir='ltr'><strong><em>sensilium</em></strong></span> <span class='ocrx_word' id='word_1_487' title='bbox 1259 4265 1316 4318; x_wconf 89' lang='lat' dir='ltr'><strong><em>in</em></strong></span> <span class='ocrx_word' id='word_1_488' title='bbox 1337 4264 1562 4331; x_wconf 82' lang='lat' dir='ltr'><strong><em>formis,</em></strong></span> <span class='ocrx_word' id='word_1_489' title='bbox 1583 4280 1694 4332; x_wconf 88' lang='lat' dir='ltr'><strong><em>qua</em></strong></span> <span class='ocrx_word' id='word_1_490' title='bbox 1719 4261 2058 4316; x_wconf 89' lang='lat' dir='ltr'><strong><em>animalium</em></strong></span> <span class='ocrx_word' id='word_1_491' title='bbox 2087 4265 2144 4316; x_wconf 90' lang='lat' dir='ltr'><strong><em>ct</em></strong></span> 
     </span>
    </p>
   </div>
   <div class='ocr_carea' id='block_1_76' title="bbox 491 4352 2139 4431">
    <p class='ocr_par' dir='ltr' id='par_1_76' title="bbox 491 4352 2139 4431">
     <span class='ocr_line' id='line_1_76' title="bbox 491 4352 2139 4431; baseline -0.007 -17"><span class='ocrx_word' id='word_1_492' title='bbox 491 4359 849 4431; x_wconf 84' lang='lat' dir='ltr'><strong><em>plantarum,</em></strong></span> <span class='ocrx_word' id='word_1_493' title='bbox 866 4355 1347 4426; x_wconf 88' lang='lat' dir='ltr'><strong><em>reliquorumque</em></strong></span> <span class='ocrx_word' id='word_1_494' title='bbox 1362 4352 1765 4423; x_wconf 84' lang='lat' dir='ltr'><strong><em>generationes</em></strong></span> <span class='ocrx_word' id='word_1_495' title='bbox 1785 4352 2139 4420; x_wconf 87' lang='lat' dir='ltr'><strong><em>subsistunt,</em></strong></span> 
     </span>
    </p>
   </div>
   <div class='ocr_carea' id='block_1_77' title="bbox 493 4441 2144 4518">
    <p class='ocr_par' dir='ltr' id='par_1_77' title="bbox 493 4441 2144 4518">
     <span class='ocr_line' id='line_1_77' title="bbox 493 4441 2144 4518; baseline -0.006 -14"><span class='ocrx_word' id='word_1_496' title='bbox 493 4450 888 4518; x_wconf 87' lang='lat' dir='ltr'><strong><em>hujustamen</em></strong></span> <span class='ocrx_word' id='word_1_497' title='bbox 920 4444 1096 4501; x_wconf 89' lang='lat' dir='ltr'><strong><em>etiam</em></strong></span> <span class='ocrx_word' id='word_1_498' title='bbox 1134 4441 1553 4514; x_wconf 70' lang='lat' dir='ltr'><strong><em>inaequalitatis</em></strong></span> <span class='ocrx_word' id='word_1_499' title='bbox 1576 4442 1732 4497; x_wconf 91' lang='lat' dir='ltr'><strong><em>Deus</em></strong></span> <span class='ocrx_word' id='word_1_500' title='bbox 1763 4445 1852 4496; x_wconf 89' lang='lat' dir='ltr'><strong><em>est</em></strong></span> <span class='ocrx_word' id='word_1_501' title='bbox 1873 4446 2070 4495; x_wconf 89' lang='lat' dir='ltr'><strong><em>custos</em></strong></span> <span class='ocrx_word' id='word_1_502' title='bbox 2087 4445 2144 4494; x_wconf 85' lang='lat' dir='ltr'><strong><em>et</em></strong></span> 
     </span>
    </p>
   </div>
   <div class='ocr_carea' id='block_1_78' title="bbox 494 4530 2142 4609">
    <p class='ocr_par' dir='ltr' id='par_1_78' title="bbox 494 4530 2142 4609">
     <span class='ocr_line' id='line_1_78' title="bbox 494 4530 2142 4609; baseline -0.005 -17"><span class='ocrx_word' id='word_1_503' title='bbox 494 4540 807 4609; x_wconf 87' lang='lat' dir='ltr'><strong><em>protector,</em></strong></span> <span class='ocrx_word' id='word_1_504' title='bbox 842 4551 956 4588; x_wconf 89' lang='lat' dir='ltr'><strong><em>non</em></strong></span> <span class='ocrx_word' id='word_1_505' title='bbox 991 4532 1336 4604; x_wconf 86' lang='lat' dir='ltr'><strong><em>permittens</em></strong></span> <span class='ocrx_word' id='word_1_506' title='bbox 1381 4531 1674 4586; x_wconf 88' lang='lat' dir='ltr'><strong><em>contraria</em></strong></span> <span class='ocrx_word' id='word_1_507' title='bbox 1711 4530 1770 4584; x_wconf 87' lang='lat' dir='ltr'>in</span> <span class='ocrx_word' id='word_1_508' title='bbox 1825 4547 1938 4584; x_wconf 90' lang='lat' dir='ltr'><strong><em>uno</em></strong></span> <span class='ocrx_word' id='word_1_509' title='bbox 1979 4546 2142 4584; x_wconf 84' lang='lat' dir='ltr'><strong><em>com-</em></strong></span> 
     </span>
    </p>
   </div>
   <div class='ocr_carea' id='block_1_79' title="bbox 2249 3377 3852 3454">
    <p class='ocr_par' dir='ltr' id='par_1_79' title="bbox 2249 3377 3852 3454">
     <span class='ocr_line' id='line_1_79' title="bbox 2249 3377 3852 3454; baseline -0.003 -20"><span class='ocrx_word' id='word_1_510' title='bbox 2249 3380 2316 3434; x_wconf 67' lang='grc' dir='ltr'>τὰ</span> <span class='ocrx_word' id='word_1_511' title='bbox 2369 3385 2482 3434; x_wconf 86' lang='grc' dir='ltr'>κατ’</span> <span class='ocrx_word' id='word_1_512' title='bbox 2539 3378 2708 3451; x_wconf 80' lang='grc' dir='ltr'>ἀξίαν,</span> <span class='ocrx_word' id='word_1_513' title='bbox 2756 3383 2918 3433; x_wconf 74' lang='grc' dir='ltr'>τοῦτο</span> <span class='ocrx_word' id='word_1_514' title='bbox 2997 3385 3286 3454; x_wconf 84' lang='grc' dir='ltr'>συγκρατεῖ</span> <span class='ocrx_word' id='word_1_515' title='bbox 3347 3381 3520 3436; x_wconf 87' lang='grc' dir='ltr'>πάντα</span> <span class='ocrx_word' id='word_1_516' title='bbox 3574 3380 3659 3435; x_wconf 84' lang='grc' dir='ltr'>καί</span> <span class='ocrx_word' id='word_1_517' title='bbox 3707 3377 3852 3444; x_wconf 83' lang='grc' dir='ltr'>σώζει.</span> 
     </span>
    </p>
   </div>
   <div class='ocr_carea' id='block_1_80' title="bbox 2252 3462 3854 3544">
    <p class='ocr_par' dir='ltr' id='par_1_80' title="bbox 2252 3462 3854 3544">
     <span class='ocr_line' id='line_1_80' title="bbox 2252 3462 3854 3544; baseline -0.004 -21"><span class='ocrx_word' id='word_1_518' title='bbox 2252 3471 2436 3524; x_wconf 77' lang='grc' dir='ltr'>Ταῦτα</span> <span class='ocrx_word' id='word_1_519' title='bbox 2495 3469 2693 3544; x_wconf 71' lang='grc' dir='ltr'>φήσας,</span> <span class='ocrx_word' id='word_1_520' title='bbox 2726 3464 2967 3542; x_wconf 79' lang='grc' dir='ltr'>ἐπιφέρει</span> <span class='ocrx_word' id='word_1_521' title='bbox 3027 3467 3117 3521; x_wconf 85' lang='grc' dir='ltr'><strong><em>καὶ</em></strong></span> <span class='ocrx_word' id='word_1_522' title='bbox 3175 3473 3268 3522; x_wconf 87' lang='grc' dir='ltr'><strong><em>τὸν</em></strong></span> <span class='ocrx_word' id='word_1_523' title='bbox 3314 3466 3497 3544; x_wconf 76' lang='grc' dir='ltr'>ἕτερον</span> <span class='ocrx_word' id='word_1_524' title='bbox 3528 3468 3736 3543; x_wconf 88' lang='grc' dir='ltr'>τρόπον,</span> <span class='ocrx_word' id='word_1_525' title='bbox 3761 3462 3854 3518; x_wconf 81' lang='grc' dir='ltr'>καθ’</span> 
     </span>
    </p>
   </div>
   <div class='ocr_carea' id='block_1_81' title="bbox 2251 3552 3852 3630">
    <p class='ocr_par' dir='ltr' id='par_1_81' title="bbox 2251 3552 3852 3630">
     <span class='ocr_line' id='line_1_81' title="bbox 2251 3552 3852 3630; baseline -0.002 -21"><span class='ocrx_word' id='word_1_526' title='bbox 2251 3556 2307 3610; x_wconf 75' lang='grc' dir='ltr'>ὃν</span> <span class='ocrx_word' id='word_1_527' title='bbox 2369 3554 2622 3626; x_wconf 84' lang='grc' dir='ltr'>ἀνισότης</span> <span class='ocrx_word' id='word_1_528' title='bbox 2689 3552 2921 3629; x_wconf 84' lang='grc' dir='ltr'>λέγεται.</span> <span class='ocrx_word' id='word_1_529' title='bbox 2977 3555 3074 3609; x_wconf 82' lang='grc' dir='ltr'>Καὶ</span> <span class='ocrx_word' id='word_1_530' title='bbox 3133 3556 3234 3630; x_wconf 71' lang='grc' dir='ltr'>γὰρ</span> <span class='ocrx_word' id='word_1_531' title='bbox 3297 3555 3411 3612; x_wconf 79' lang='grc' dir='ltr'>οἶδέ</span> <span class='ocrx_word' id='word_1_532' title='bbox 3458 3577 3625 3625; x_wconf 87' lang='grc' dir='ltr'>τινας,</span> <span class='ocrx_word' id='word_1_533' title='bbox 3667 3555 3726 3609; x_wconf 77' lang='grc' dir='ltr'><strong><em>τά</em></strong></span> <span class='ocrx_word' id='word_1_534' title='bbox 3779 3552 3852 3624; x_wconf 73' lang='grc' dir='ltr'>μὲν</span> 
     </span>
    </p>
   </div>
   <div class='ocr_carea' id='block_1_82' title="bbox 2251 3637 3855 3720">
    <p class='ocr_par' dir='ltr' id='par_1_82' title="bbox 2251 3637 3855 3720">
     <span class='ocr_line' id='line_1_82' title="bbox 2251 3637 3855 3720; baseline -0.002 -24"><span class='ocrx_word' id='word_1_535' title='bbox 2251 3645 2421 3713; x_wconf 72' lang='grc' dir='ltr'>νοητὰ</span> <span class='ocrx_word' id='word_1_536' title='bbox 2469 3643 2557 3696; x_wconf 84' lang='grc' dir='ltr'><strong><em>καὶ</em></strong></span> <span class='ocrx_word' id='word_1_537' title='bbox 2609 3643 2872 3715; x_wconf 86' lang='grc' dir='ltr'>ἀσώματα</span> <span class='ocrx_word' id='word_1_538' title='bbox 2904 3641 3047 3712; x_wconf 79' lang='grc' dir='ltr'>εἷ’δη,</span> <span class='ocrx_word' id='word_1_539' title='bbox 3079 3644 3168 3698; x_wconf 76' lang='grc' dir='ltr'><strong><em>καὶ</em></strong></span> <span class='ocrx_word' id='word_1_540' title='bbox 3198 3644 3296 3708; x_wconf 79' lang='grc' dir='ltr'>τὰς</span> <span class='ocrx_word' id='word_1_541' title='bbox 3326 3644 3544 3720; x_wconf 85' lang='grc' dir='ltr'>πρώτας</span> <span class='ocrx_word' id='word_1_542' title='bbox 3574 3647 3673 3698; x_wconf 79' lang='grc' dir='ltr'><strong><em>τῶν</em></strong></span> <span class='ocrx_word' id='word_1_543' title='bbox 3720 3637 3855 3695; x_wconf 76' lang='grc' dir='ltr'>ὄντων</span> 
     </span>
    </p>
   </div>
   <div class='ocr_carea' id='block_1_83' title="bbox 2251 3729 3857 3811">
    <p class='ocr_par' dir='ltr' id='par_1_83' title="bbox 2251 3729 3857 3811">
     <span class='ocr_line' id='line_1_83' title="bbox 2251 3729 3857 3811; baseline -0.017 -4"><span class='ocrx_word' id='word_1_544' title='bbox 2251 3731 2449 3806; x_wconf 71' lang='grc' dir='ltr'>ἀρχάςι</span> <span class='ocrx_word' id='word_1_545' title='bbox 2479 3731 2623 3805; x_wconf 75' lang='grc' dir='ltr'>φημὶ</span> <span class='ocrx_word' id='word_1_546' title='bbox 2656 3729 2722 3800; x_wconf 65' lang='grc' dir='ltr'><strong><em>δὴ</em></strong></span> <span class='ocrx_word' id='word_1_547' title='bbox 2767 3733 2864 3801; x_wconf 68' lang='grc' dir='ltr'>τήν</span> <span class='ocrx_word' id='word_1_548' title='bbox 2913 3733 3170 3796; x_wconf 80' lang='grc' dir='ltr'>ἀθάνατον</span> <span class='ocrx_word' id='word_1_549' title='bbox 3225 3731 3608 3811; x_wconf 84' lang='grc' dir='ltr'>δημιουργίαν,</span> <span class='ocrx_word' id='word_1_550' title='bbox 3635 3733 3721 3792; x_wconf 77' lang='grc' dir='ltr'>τὰς</span> <span class='ocrx_word' id='word_1_551' title='bbox 3763 3729 3857 3783; x_wconf 74' lang='grc' dir='ltr'>ἐνά-</span> 
     </span>
    </p>
   </div>
   <div class='ocr_carea' id='block_1_84' title="bbox 2253 3817 3853 3894">
    <p class='ocr_par' dir='ltr' id='par_1_84' title="bbox 2253 3817 3853 3894">
     <span class='ocr_line' id='line_1_84' title="bbox 2253 3817 3853 3894; baseline -0.003 -20"><span class='ocrx_word' id='word_1_552' title='bbox 2253 3819 2369 3890; x_wconf 85' lang='grc' dir='ltr'>δας,</span> <span class='ocrx_word' id='word_1_553' title='bbox 2421 3821 2667 3875; x_wconf 86' lang='grc' dir='ltr'>τουτέστι</span> <span class='ocrx_word' id='word_1_554' title='bbox 2716 3823 2812 3882; x_wconf 70' lang='grc' dir='ltr'><strong><em>τὰς</em></strong></span> <span class='ocrx_word' id='word_1_555' title='bbox 2860 3822 3034 3885; x_wconf 84' lang='grc' dir='ltr'>ἁπλᾶς</span> <span class='ocrx_word' id='word_1_556' title='bbox 3085 3821 3296 3892; x_wconf 80' lang='grc' dir='ltr'>οὐσίας,</span> <span class='ocrx_word' id='word_1_557' title='bbox 3337 3824 3560 3894; x_wconf 75' lang='grc' dir='ltr'>ἰσότητα</span> <span class='ocrx_word' id='word_1_558' title='bbox 3587 3822 3670 3877; x_wconf 83' lang='grc' dir='ltr'><strong><em>καὶ</em></strong></span> <span class='ocrx_word' id='word_1_559' title='bbox 3697 3817 3853 3874; x_wconf 83' lang='grc' dir='ltr'>ταυτό-</span> 
     </span>
    </p>
   </div>
   <div class='ocr_carea' id='block_1_85' title="bbox 2249 3903 3856 3982">
    <p class='ocr_par' dir='ltr' id='par_1_85' title="bbox 2249 3903 3856 3982">
     <span class='ocr_line' id='line_1_85' title="bbox 2249 3903 3856 3982; baseline -0.002 -18"><span class='ocrx_word' id='word_1_560' title='bbox 2249 3931 2389 3980; x_wconf 91' lang='grc' dir='ltr'>τητα</span> <span class='ocrx_word' id='word_1_561' title='bbox 2447 3908 2814 3982; x_wconf 84' lang='grc' dir='ltr'>ὀνομάσαντας</span> <span class='ocrx_word' id='word_1_562' title='bbox 2851 3932 2862 3944; x_wconf 92' lang='grc'><strong>·</strong></span> <span class='ocrx_word' id='word_1_563' title='bbox 2909 3911 2976 3964; x_wconf 75' lang='grc' dir='ltr'><strong><em>τὰ</em></strong></span> <span class='ocrx_word' id='word_1_564' title='bbox 3032 3907 3089 3966; x_wconf 71' lang='grc' dir='ltr'><strong><em>δὲ</em></strong></span> <span class='ocrx_word' id='word_1_565' title='bbox 3145 3911 3403 3982; x_wconf 71' lang='grc' dir='ltr'>αἰσθητὰ,</span> <span class='ocrx_word' id='word_1_566' title='bbox 3462 3912 3494 3966; x_wconf 80' lang='grc' dir='ltr'>ἆ</span> <span class='ocrx_word' id='word_1_567' title='bbox 3538 3911 3623 3966; x_wconf 85' lang='grc' dir='ltr'><strong><em>καὶ</em></strong></span> <span class='ocrx_word' id='word_1_568' title='bbox 3674 3903 3856 3982; x_wconf 81' lang='grc' dir='ltr'>μεριστά</span> 
     </span>
    </p>
   </div>
   <div class='ocr_carea' id='block_1_86' title="bbox 2252 3993 3855 4076">
    <p class='ocr_par' dir='ltr' id='par_1_86' title="bbox 2252 3993 3855 4076">
     <span class='ocr_line' id='line_1_86' title="bbox 2252 3993 3855 4076; baseline -0.002 -23"><span class='ocrx_word' id='word_1_569' title='bbox 2252 3998 2378 4066; x_wconf 76' lang='grc' dir='ltr'>εἱσι,</span> <span class='ocrx_word' id='word_1_570' title='bbox 2405 3998 2495 4052; x_wconf 82' lang='grc' dir='ltr'><strong><em>καὶ</em></strong></span> <span class='ocrx_word' id='word_1_571' title='bbox 2519 3997 2569 4052; x_wconf 82' lang='grc' dir='ltr'>ἐν</span> <span class='ocrx_word' id='word_1_572' title='bbox 2597 3993 2902 4072; x_wconf 79' lang='grc' dir='ltr'>μεταϐολῇ,</span> <span class='ocrx_word' id='word_1_573' title='bbox 2934 3999 3025 4054; x_wconf 88' lang='grc' dir='ltr'><strong><em>καὶ</em></strong></span> <span class='ocrx_word' id='word_1_574' title='bbox 3058 3997 3314 4076; x_wconf 79' lang='grc' dir='ltr'>διαφορᾷ,</span> <span class='ocrx_word' id='word_1_575' title='bbox 3346 4001 3435 4055; x_wconf 84' lang='grc' dir='ltr'><strong><em>καὶ</em></strong></span> <span class='ocrx_word' id='word_1_576' title='bbox 3465 3998 3657 4057; x_wconf 75' lang='grc' dir='ltr'>ἄλλοτε</span> <span class='ocrx_word' id='word_1_577' title='bbox 3705 3993 3855 4052; x_wconf 75' lang='grc' dir='ltr'>ἄλλως</span> 
     </span>
    </p>
   </div>
   <div class='ocr_carea' id='block_1_87' title="bbox 2250 4083 3854 4162">
    <p class='ocr_par' dir='ltr' id='par_1_87' title="bbox 2250 4083 3854 4162">
     <span class='ocr_line' id='line_1_87' title="bbox 2250 4083 3854 4162; baseline -0.001 -20"><span class='ocrx_word' id='word_1_578' title='bbox 2250 4083 2469 4162; x_wconf 70' lang='grc' dir='ltr'>ἔχοντα,</span> <span class='ocrx_word' id='word_1_579' title='bbox 2517 4087 2809 4157; x_wconf 87' lang='grc' dir='ltr'>ἀνισότητα</span> <span class='ocrx_word' id='word_1_580' title='bbox 2855 4088 2945 4142; x_wconf 79' lang='grc' dir='ltr'><strong><em>καὶ</em></strong></span> <span class='ocrx_word' id='word_1_581' title='bbox 2997 4089 3291 4158; x_wconf 77' lang='grc' dir='ltr'>ἑτερότητα</span> <span class='ocrx_word' id='word_1_582' title='bbox 3344 4090 3686 4149; x_wconf 87' lang='grc' dir='ltr'>καλέσαντας.</span> <span class='ocrx_word' id='word_1_583' title='bbox 3731 4084 3854 4155; x_wconf 76' lang='grc' dir='ltr'>Λέγει</span> 
     </span>
    </p>
   </div>
   <div class='ocr_carea' id='block_1_88' title="bbox 2253 4171 3854 4252">
    <p class='ocr_par' dir='ltr' id='par_1_88' title="bbox 2253 4171 3854 4252">
     <span class='ocr_line' id='line_1_88' title="bbox 2253 4171 3854 4252; baseline -0.001 -21"><span class='ocrx_word' id='word_1_584' title='bbox 2253 4177 2366 4246; x_wconf 77' lang='grc' dir='ltr'>οὖν,</span> <span class='ocrx_word' id='word_1_585' title='bbox 2401 4176 2505 4245; x_wconf 83' lang='grc' dir='ltr'>ὅτι,</span> <span class='ocrx_word' id='word_1_586' title='bbox 2539 4175 2633 4231; x_wconf 68' lang='grc' dir='ltr'>κᾶν</span> <span class='ocrx_word' id='word_1_587' title='bbox 2687 4177 2887 4247; x_wconf 81' lang='grc' dir='ltr'>ταύτην</span> <span class='ocrx_word' id='word_1_588' title='bbox 2936 4178 3034 4245; x_wconf 76' lang='grc' dir='ltr'>τήν</span> <span class='ocrx_word' id='word_1_589' title='bbox 3087 4177 3386 4248; x_wconf 83' lang='grc' dir='ltr'>ἀνισότητα</span> <span class='ocrx_word' id='word_1_590' title='bbox 3432 4180 3600 4252; x_wconf 76' lang='grc' dir='ltr'>νοήσῃ</span> <span class='ocrx_word' id='word_1_591' title='bbox 3641 4195 3738 4243; x_wconf 82' lang='grc' dir='ltr'>τις,</span> <span class='ocrx_word' id='word_1_592' title='bbox 3777 4171 3854 4238; x_wconf 72' lang='grc' dir='ltr'>τὴν</span> 
     </span>
    </p>
   </div>
   <div class='ocr_carea' id='block_1_89' title="bbox 2249 4260 3852 4343">
    <p class='ocr_par' dir='ltr' id='par_1_89' title="bbox 2249 4260 3852 4343">
     <span class='ocr_line' id='line_1_89' title="bbox 2249 4260 3852 4343; baseline 0.002 -23"><span class='ocrx_word' id='word_1_593' title='bbox 2249 4271 2356 4320; x_wconf 83' lang='grc' dir='ltr'><strong><em>τῶν</em></strong></span> <span class='ocrx_word' id='word_1_594' title='bbox 2390 4265 2663 4334; x_wconf 76' lang='grc' dir='ltr'>αἰσθητῶν</span> <span class='ocrx_word' id='word_1_595' title='bbox 2693 4265 2767 4327; x_wconf 84' lang='grc' dir='ltr'><strong><em>εἷς</em></strong></span> <span class='ocrx_word' id='word_1_596' title='bbox 2799 4263 2917 4336; x_wconf 81' lang='grc' dir='ltr'>εἶ’δη</span> <span class='ocrx_word' id='word_1_597' title='bbox 2951 4263 3236 4343; x_wconf 73' lang='grc' dir='ltr'>διαφορὰν,</span> <span class='ocrx_word' id='word_1_598' title='bbox 3271 4264 3344 4321; x_wconf 83' lang='grc' dir='ltr'><strong><em>δι’</em></strong></span> <span class='ocrx_word' id='word_1_599' title='bbox 3374 4271 3441 4336; x_wconf 68' lang='grc' dir='ltr'>ἧς</span> <span class='ocrx_word' id='word_1_600' title='bbox 3486 4268 3539 4321; x_wconf 75' lang='grc' dir='ltr'>αἱ</span> <span class='ocrx_word' id='word_1_601' title='bbox 3577 4267 3676 4320; x_wconf 81' lang='grc' dir='ltr'><strong><em>τῶν</em></strong></span> <span class='ocrx_word' id='word_1_602' title='bbox 3709 4260 3852 4331; x_wconf 67' lang='grc' dir='ltr'>ζώων,</span> 
     </span>
    </p>
   </div>
   <div class='ocr_carea' id='block_1_90' title="bbox 2251 4353 3858 4431">
    <p class='ocr_par' dir='ltr' id='par_1_90' title="bbox 2251 4353 3858 4431">
     <span class='ocr_line' id='line_1_90' title="bbox 2251 4353 3858 4431; baseline -0.006 -21"><span class='ocrx_word' id='word_1_603' title='bbox 2251 4357 2340 4410; x_wconf 82' lang='grc' dir='ltr'><strong><em>καὶ</em></strong></span> <span class='ocrx_word' id='word_1_604' title='bbox 2399 4359 2504 4408; x_wconf 80' lang='grc' dir='ltr'><strong><em>τῶν</em></strong></span> <span class='ocrx_word' id='word_1_605' title='bbox 2562 4359 2767 4428; x_wconf 57' lang='grc' dir='ltr'>φυτῶν,</span> <span class='ocrx_word' id='word_1_606' title='bbox 2816 4355 2906 4408; x_wconf 84' lang='grc' dir='ltr'><strong><em>καὶ</em></strong></span> <span class='ocrx_word' id='word_1_607' title='bbox 2962 4358 3068 4408; x_wconf 78' lang='grc' dir='ltr'><strong><em>τῶν</em></strong></span> <span class='ocrx_word' id='word_1_608' title='bbox 3118 4355 3241 4426; x_wconf 74' lang='grc' dir='ltr'><strong><em>ἑξῆς</em></strong></span> <span class='ocrx_word' id='word_1_609' title='bbox 3282 4357 3517 4430; x_wconf 68' lang='grc' dir='ltr'>γενέσεις</span> <span class='ocrx_word' id='word_1_610' title='bbox 3567 4353 3858 4431; x_wconf 76' lang='grc' dir='ltr'>ὑφίστανται,</span> 
     </span>
    </p>
   </div>
   <div class='ocr_carea' id='block_1_91' title="bbox 2251 4435 3853 4520">
    <p class='ocr_par' dir='ltr' id='par_1_91' title="bbox 2251 4435 3853 4520">
     <span class='ocr_line' id='line_1_91' title="bbox 2251 4435 3853 4520; baseline -0.006 -22"><span class='ocrx_word' id='word_1_611' title='bbox 2251 4440 2398 4498; x_wconf 79' lang='grc' dir='ltr'>ἀλλὰ</span> <span class='ocrx_word' id='word_1_612' title='bbox 2452 4443 2541 4497; x_wconf 83' lang='grc' dir='ltr'><strong><em>καὶ</em></strong></span> <span class='ocrx_word' id='word_1_613' title='bbox 2595 4442 2796 4513; x_wconf 77' lang='grc' dir='ltr'>ταύτης</span> <span class='ocrx_word' id='word_1_614' title='bbox 2849 4450 2950 4512; x_wconf 83' lang='grc' dir='ltr'><strong><em>τῆς</em></strong></span> <span class='ocrx_word' id='word_1_615' title='bbox 3001 4444 3322 4514; x_wconf 87' lang='grc' dir='ltr'>ἀνισότητος</span> <span class='ocrx_word' id='word_1_616' title='bbox 3357 4448 3385 4501; x_wconf 90' lang='grc' dir='ltr'>ὁ</span> <span class='ocrx_word' id='word_1_617' title='bbox 3417 4446 3543 4506; x_wconf 88' lang='grc' dir='ltr'>Θεὸς</span> <span class='ocrx_word' id='word_1_618' title='bbox 3589 4441 3745 4520; x_wconf 79' lang='grc' dir='ltr'>φύλαξ</span> <span class='ocrx_word' id='word_1_619' title='bbox 3785 4435 3853 4490; x_wconf 85' lang='grc' dir='ltr'><strong><em>καὶ</em></strong></span> 
     </span>
    </p>
   </div>
   <div class='ocr_carea' id='block_1_92' title="bbox 2252 4531 3856 4610">
    <p class='ocr_par' dir='ltr' id='par_1_92' title="bbox 2252 4531 3856 4610">
     <span class='ocr_line' id='line_1_92' title="bbox 2252 4531 3856 4610; baseline -0.002 -24"><span class='ocrx_word' id='word_1_620' title='bbox 2252 4533 2488 4610; x_wconf 80' lang='grc' dir='ltr'>φρουρός</span> <span class='ocrx_word' id='word_1_621' title='bbox 2535 4531 2668 4600; x_wconf 87' lang='grc' dir='ltr'>ἐστι,</span> <span class='ocrx_word' id='word_1_622' title='bbox 2725 4533 2798 4605; x_wconf 83' lang='grc' dir='ltr'>μή</span> <span class='ocrx_word' id='word_1_623' title='bbox 2850 4531 2950 4586; x_wconf 82' lang='grc' dir='ltr'>ἐῶν</span> <span class='ocrx_word' id='word_1_624' title='bbox 2999 4533 3068 4587; x_wconf 79' lang='grc' dir='ltr'>τὰ</span> <span class='ocrx_word' id='word_1_625' title='bbox 3112 4531 3330 4588; x_wconf 84' lang='grc' dir='ltr'>ἐναντία</span> <span class='ocrx_word' id='word_1_626' title='bbox 3380 4533 3454 4596; x_wconf 76' lang='grc' dir='ltr'>εἴς</span> <span class='ocrx_word' id='word_1_627' title='bbox 3495 4533 3548 4588; x_wconf 80' lang='grc' dir='ltr'><strong><em>’ὲν</em></strong></span> <span class='ocrx_word' id='word_1_628' title='bbox 3597 4535 3638 4569; x_wconf 71' lang='grc'><strong><em>⁷1</em></strong></span> <span class='ocrx_word' id='word_1_629' title='bbox 3687 4545 3856 4599; x_wconf 77' lang='grc' dir='ltr'>συμμι-</span> 
     </span>
    </p>
   </div>
   <div class='ocr_carea' id='block_1_93' title="bbox 495 4616 2141 4718">
    <p class='ocr_par' dir='ltr' id='par_1_93' title="bbox 495 4619 2140 4692">
     <span class='ocr_line' id='line_1_93' title="bbox 495 4619 2140 4692; baseline -0.005 -12"><span class='ocrx_word' id='word_1_630' title='bbox 495 4624 749 4692; x_wconf 89' lang='lat' dir='ltr'><strong><em>misceri,</em></strong></span> <span class='ocrx_word' id='word_1_631' title='bbox 783 4628 840 4678; x_wconf 90' lang='lat' dir='ltr'><strong><em>et</em></strong></span> <span class='ocrx_word' id='word_1_632' title='bbox 869 4621 1208 4676; x_wconf 89' lang='lat' dir='ltr'><strong><em>mistionem</em></strong></span> <span class='ocrx_word' id='word_1_633' title='bbox 1241 4619 1654 4674; x_wconf 86' lang='lat' dir='ltr'><strong><em>concurrentia</em></strong></span> <span class='ocrx_word' id='word_1_634' title='bbox 1702 4619 1758 4672; x_wconf 92' lang='lat' dir='ltr'><strong><em>in</em></strong></span> <span class='ocrx_word' id='word_1_635' title='bbox 1813 4619 2140 4690; x_wconf 85' lang='lat' dir='ltr'><strong><em>corruptio—</em></strong></span> 
     </span>
    </p>
   </div>
   <div class='ocr_carea' id='block_1_94' title="bbox 2255 4616 3856 4718">
    <p class='ocr_par' dir='ltr' id='par_1_94' title="bbox 2258 4616 3856 4700">
     <span class='ocr_line' id='line_1_94' title="bbox 2258 4616 3856 4700; baseline 0.003 -25"><span class='ocrx_word' id='word_1_636' title='bbox 2258 4624 2478 4696; x_wconf 77' lang='grc' dir='ltr'>χθῆναι,</span> <span class='ocrx_word' id='word_1_637' title='bbox 2509 4622 2599 4676; x_wconf 85' lang='grc' dir='ltr'><strong><em>καὶ</em></strong></span> <span class='ocrx_word' id='word_1_638' title='bbox 2632 4619 3003 4696; x_wconf 82' lang='grc' dir='ltr'>συνδραμόντα</span> <span class='ocrx_word' id='word_1_639' title='bbox 3031 4620 3120 4677; x_wconf 79' lang='grc' dir='ltr'><strong><em>διὰ</em></strong></span> <span class='ocrx_word' id='word_1_640' title='bbox 3144 4629 3244 4692; x_wconf 84' lang='grc' dir='ltr'>τῆς</span> <span class='ocrx_word' id='word_1_641' title='bbox 3273 4625 3554 4700; x_wconf 74' lang='grc' dir='ltr'>φυράσεως</span> <span class='ocrx_word' id='word_1_642' title='bbox 3583 4624 3625 4658; x_wconf 71' lang='grc' dir='ltr'><strong><em>τ’</em></strong></span> <span class='ocrx_word' id='word_1_643' title='bbox 3652 4619 3722 4679; x_wconf 70' lang='grc' dir='ltr'>εἷς</span> <span class='ocrx_word' id='word_1_644' title='bbox 3753 4616 3856 4692; x_wconf 78' lang='grc' dir='ltr'>φθο·</span> 
     </span>
    </p>
   </div>
   <div class='ocr_carea' id='block_1_95' title="bbox 495 4707 2145 4776">
    <p class='ocr_par' dir='ltr' id='par_1_95' title="bbox 495 4707 2145 4776">
     <span class='ocr_line' id='line_1_95' title="bbox 495 4707 2145 4776; baseline -0.003 -6"><span class='ocrx_word' id='word_1_645' title='bbox 495 4731 631 4770; x_wconf 88' lang='lat' dir='ltr'><strong><em>nem</em></strong></span> <span class='ocrx_word' id='word_1_646' title='bbox 670 4711 886 4767; x_wconf 88' lang='lat' dir='ltr'><strong><em>venire.</em></strong></span> <span class='ocrx_word' id='word_1_647' title='bbox 933 4710 1006 4765; x_wconf 88' lang='lat' dir='ltr'><strong><em>Ut</em></strong></span> <span class='ocrx_word' id='word_1_648' title='bbox 1045 4710 1201 4764; x_wconf 89' lang='lat' dir='ltr'><strong><em>enirn</em></strong></span> <span class='ocrx_word' id='word_1_649' title='bbox 1258 4707 1457 4763; x_wconf 91' lang='lat' dir='ltr'><strong><em>omnia</em></strong></span> <span class='ocrx_word' id='word_1_650' title='bbox 1496 4707 1793 4776; x_wconf 87' lang='lat' dir='ltr'><strong><em>produxit,</em></strong></span> <span class='ocrx_word' id='word_1_651' title='bbox 1836 4709 1919 4763; x_wconf 91' lang='lat' dir='ltr'><strong><em>sic</em></strong></span> <span class='ocrx_word' id='word_1_652' title='bbox 1968 4710 2145 4767; x_wconf 89' lang='lat' dir='ltr'><strong><em>etiam</em></strong></span> 
     </span>
    </p>
   </div>
   <div class='ocr_carea' id='block_1_96' title="bbox 495 4797 2145 4878">
    <p class='ocr_par' dir='ltr' id='par_1_96' title="bbox 495 4797 2145 4878">
     <span class='ocr_line' id='line_1_96' title="bbox 495 4797 2145 4878; baseline -0.004 -17"><span class='ocrx_word' id='word_1_653' title='bbox 495 4806 625 4878; x_wconf 91' lang='lat' dir='ltr'><strong><em>ipsa</em></strong></span> <span class='ocrx_word' id='word_1_654' title='bbox 656 4803 988 4865; x_wconf 87' lang='lat' dir='ltr'><strong><em>conservat,</em></strong></span> <span class='ocrx_word' id='word_1_655' title='bbox 1013 4803 1069 4853; x_wconf 87' lang='lat' dir='ltr'><strong><em>et</em></strong></span> <span class='ocrx_word' id='word_1_656' title='bbox 1101 4803 1241 4852; x_wconf 88' lang='lat' dir='ltr'><strong><em>sunt</em></strong></span> <span class='ocrx_word' id='word_1_657' title='bbox 1281 4797 1436 4850; x_wconf 83' lang='lat' dir='ltr'><strong><em>sicut</em></strong></span> <span class='ocrx_word' id='word_1_658' title='bbox 1466 4813 1499 4850; x_wconf 92' lang='lat' dir='ltr'><strong><em>a</em></strong></span> <span class='ocrx_word' id='word_1_659' title='bbox 1549 4797 1836 4869; x_wconf 89' lang='lat' dir='ltr'><strong><em>principio</em></strong></span> <span class='ocrx_word' id='word_1_660' title='bbox 1887 4801 2145 4856; x_wconf 86' lang='lat' dir='ltr'><strong><em>fuerunt.</em></strong></span> 
     </span>
    </p>
   </div>
   <div class='ocr_carea' id='block_1_97' title="bbox 575 4885 2145 4962">
    <p class='ocr_par' dir='ltr' id='par_1_97' title="bbox 575 4885 2145 4962">
     <span class='ocr_line' id='line_1_97' title="bbox 575 4885 2145 4962; baseline -0.003 -14"><span class='ocrx_word' id='word_1_661' title='bbox 575 4891 1018 4962; x_wconf 72' lang='lat' dir='ltr'><strong><em>Inaequalitatem</em></strong></span> <span class='ocrx_word' id='word_1_662' title='bbox 1040 4888 1209 4941; x_wconf 76' lang='lat' dir='ltr'><strong><em>enim.</em></strong></span> <span class='ocrx_word' id='word_1_663' title='bbox 1257 4885 1402 4940; x_wconf 88' lang='lat' dir='ltr'><strong><em>Nota</em></strong></span> <span class='ocrx_word' id='word_1_664' title='bbox 1431 4901 1566 4939; x_wconf 90' lang='lat' dir='ltr'><strong><em>eum</em></strong></span> <span class='ocrx_word' id='word_1_665' title='bbox 1615 4887 1806 4942; x_wconf 85' lang='lat' dir='ltr'><strong><em>dicere</em></strong></span> <span class='ocrx_word' id='word_1_666' title='bbox 1845 4889 2145 4960; x_wconf 68' lang='lat' dir='ltr'><strong><em>inaequali-</em></strong></span> 
     </span>
    </p>
   </div>
   <div class='ocr_carea' id='block_1_98' title="bbox 497 4974 2146 5047">
    <p class='ocr_par' dir='ltr' id='par_1_98' title="bbox 497 4974 2146 5047">
     <span class='ocr_line' id='line_1_98' title="bbox 497 4974 2146 5047; baseline -0.003 -9"><span class='ocrx_word' id='word_1_667' title='bbox 497 4988 701 5047; x_wconf 86' lang='lat' dir='ltr'><strong><em>tatem,</em></strong></span> <span class='ocrx_word' id='word_1_668' title='bbox 733 4979 1000 5034; x_wconf 89' lang='lat' dir='ltr'><strong><em>omnium</em></strong></span> <span class='ocrx_word' id='word_1_669' title='bbox 1035 4977 1094 5030; x_wconf 86' lang='lat' dir='ltr'><strong><em>in</em></strong></span> <span class='ocrx_word' id='word_1_670' title='bbox 1127 4981 1251 5029; x_wconf 89' lang='lat' dir='ltr'><strong><em>toto</em></strong></span> <span class='ocrx_word' id='word_1_671' title='bbox 1277 4974 1428 5028; x_wconf 89' lang='lat' dir='ltr'><strong><em>inter</em></strong></span> <span class='ocrx_word' id='word_1_672' title='bbox 1457 4991 1517 5029; x_wconf 91' lang='lat' dir='ltr'><strong><em>se</em></strong></span> <span class='ocrx_word' id='word_1_673' title='bbox 1542 4975 2031 5047; x_wconf 86' lang='lat' dir='ltr'><strong><em>diversitatem,et</em></strong></span> <span class='ocrx_word' id='word_1_674' title='bbox 2049 4980 2146 5035; x_wconf 88' lang='lat' dir='ltr'><strong><em>Dei</em></strong></span> 
     </span>
    </p>
   </div>
   <div class='ocr_carea' id='block_1_99' title="bbox 487 5062 2148 5142">
    <p class='ocr_par' dir='ltr' id='par_1_99' title="bbox 487 5062 2148 5142">
     <span class='ocr_line' id='line_1_99' title="bbox 487 5062 2148 5142; baseline -0.001 -16"><span class='ocrx_word' id='word_1_675' title='bbox 487 5070 786 5142; x_wconf 87' lang='lat' dir='ltr'><strong><em>justitiam</em></strong></span> <span class='ocrx_word' id='word_1_676' title='bbox 811 5065 1100 5137; x_wconf 85' lang='lat' dir='ltr'><strong><em>ejusmodi</em></strong></span> <span class='ocrx_word' id='word_1_677' title='bbox 1138 5062 1591 5134; x_wconf 71' lang='lat' dir='ltr'><strong><em>inaequalitatem</em></strong></span> <span class='ocrx_word' id='word_1_678' title='bbox 1612 5083 1976 5123; x_wconf 89' lang='lat' dir='ltr'><strong><em>conservare.</em></strong></span> <span class='ocrx_word' id='word_1_679' title='bbox 2001 5068 2148 5125; x_wconf 89' lang='lat' dir='ltr'><strong><em>Nota</em></strong></span> 
     </span>
    </p>
   </div>
   <div class='ocr_carea' id='block_1_100' title="bbox 494 5151 1716 5225">
    <p class='ocr_par' dir='ltr' id='par_1_100' title="bbox 494 5151 1716 5225">
     <span class='ocr_line' id='line_1_100' title="bbox 494 5151 1716 5225; baseline -0.003 -11"><span class='ocrx_word' id='word_1_680' title='bbox 494 5163 693 5225; x_wconf 85' lang='lat' dir='ltr'><strong><em>etiam,</em></strong></span> <span class='ocrx_word' id='word_1_681' title='bbox 719 5173 849 5213; x_wconf 88' lang='lat' dir='ltr'><strong><em>esse</em></strong></span> <span class='ocrx_word' id='word_1_682' title='bbox 880 5153 1213 5210; x_wconf 87' lang='lat' dir='ltr'><strong><em>naturalem</em></strong></span> <span class='ocrx_word' id='word_1_683' title='bbox 1244 5151 1716 5222; x_wconf 82' lang='lat' dir='ltr'><strong><em>inaequalitatem.</em></strong></span> 
     </span>
    </p>
   </div>
   <div class='ocr_carea' id='block_1_101' title="bbox 1122 5331 1522 5389">
    <p class='ocr_par' dir='ltr' id='par_1_101' title="bbox 1122 5331 1522 5389">
     <span class='ocr_line' id='line_1_101' title="bbox 1122 5331 1522 5389; baseline 0.01 -4"><span class='ocrx_word' id='word_1_684' title='bbox 1122 5331 1196 5386; x_wconf 89' lang='lat' dir='ltr'><strong>IN</strong></span> <span class='ocrx_word' id='word_1_685' title='bbox 1240 5333 1392 5388; x_wconf 84' lang='lat' dir='ltr'><strong><em>CAP.</em></strong></span> <span class='ocrx_word' id='word_1_686' title='bbox 1437 5333 1522 5389; x_wconf 86' lang='grc' dir='ltr'><strong><em>ΙΧ.</em></strong></span> 
     </span>
    </p>
   </div>
   <div class='ocr_carea' id='block_1_102' title="bbox 493 5439 2149 5516">
    <p class='ocr_par' dir='ltr' id='par_1_102' title="bbox 493 5439 2149 5516">
     <span class='ocr_line' id='line_1_102' title="bbox 493 5439 2149 5516; baseline 0.001 -15"><span class='ocrx_word' id='word_1_687' title='bbox 493 5450 598 5515; x_wconf 70' lang='lat'><strong><em>51.</em></strong></span> <span class='ocrx_word' id='word_1_688' title='bbox 677 5445 884 5498; x_wconf 81' lang='lat' dir='ltr'><strong><em>Horum</em></strong></span> <span class='ocrx_word' id='word_1_689' title='bbox 939 5439 1252 5495; x_wconf 77' lang='lat' dir='ltr'><strong><em>divinorum</em></strong></span> <span class='ocrx_word' id='word_1_690' title='bbox 1324 5441 1635 5496; x_wconf 83' lang='lat' dir='ltr'><strong><em>nominum.</em></strong></span> <span class='ocrx_word' id='word_1_691' title='bbox 1704 5443 2149 5516; x_wconf 88' lang='lat' dir='ltr'><strong><em>Sapientissime</em></strong></span> 
     </span>
    </p>
   </div>
   <div class='ocr_carea' id='block_1_103' title="bbox 2259 4703 3858 4788">
    <p class='ocr_par' dir='ltr' id='par_1_103' title="bbox 2259 4703 3858 4788">
     <span class='ocr_line' id='line_1_103' title="bbox 2259 4703 3858 4788; baseline -0.011 -12"><span class='ocrx_word' id='word_1_692' title='bbox 2259 4712 2352 4788; x_wconf 77' lang='grc' dir='ltr'>ράν</span> <span class='ocrx_word' id='word_1_693' title='bbox 2405 4709 2603 4774; x_wconf 76' lang='grc' dir='ltr'><strong><em>ἑλθεῖν·</em></strong></span> <span class='ocrx_word' id='word_1_694' title='bbox 2637 4712 2724 4772; x_wconf 75' lang='grc' dir='ltr'>Ὠς</span> <span class='ocrx_word' id='word_1_695' title='bbox 2763 4711 2863 4786; x_wconf 76' lang='grc' dir='ltr'>γὰρ</span> <span class='ocrx_word' id='word_1_696' title='bbox 2911 4713 3196 4786; x_wconf 81' lang='grc' dir='ltr'>παρήγαγε</span> <span class='ocrx_word' id='word_1_697' title='bbox 3239 4711 3438 4782; x_wconf 89' lang='grc' dir='ltr'>πάντα,</span> <span class='ocrx_word' id='word_1_698' title='bbox 3473 4710 3610 4767; x_wconf 76' lang='grc' dir='ltr'>οὕτω</span> <span class='ocrx_word' id='word_1_699' title='bbox 3649 4703 3858 4776; x_wconf 83' lang='grc' dir='ltr'>συντηρΞῖ</span> 
     </span>
    </p>
   </div>
   <div class='ocr_carea' id='block_1_104' title="bbox 2257 4799 3398 4875">
    <p class='ocr_par' dir='ltr' id='par_1_104' title="bbox 2257 4799 3398 4875">
     <span class='ocr_line' id='line_1_104' title="bbox 2257 4799 3398 4875; baseline 0.002 -20"><span class='ocrx_word' id='word_1_700' title='bbox 2257 4801 2411 4870; x_wconf 79' lang='grc' dir='ltr'>αὐτὰ,</span> <span class='ocrx_word' id='word_1_701' title='bbox 2444 4801 2532 4854; x_wconf 81' lang='grc' dir='ltr'><strong><em>καὶ</em></strong></span> <span class='ocrx_word' id='word_1_702' title='bbox 2567 4799 2699 4854; x_wconf 73' lang='grc' dir='ltr'>εἰσὶν</span> <span class='ocrx_word' id='word_1_703' title='bbox 2725 4800 2798 4861; x_wconf 84' lang='grc' dir='ltr'>ὡς</span> <span class='ocrx_word' id='word_1_704' title='bbox 2831 4799 2881 4870; x_wconf 79' lang='grc' dir='ltr'>ἐξ</span> <span class='ocrx_word' id='word_1_705' title='bbox 2914 4801 3094 4875; x_wconf 76' lang='grc' dir='ltr'>ἀρχῆς</span> <span class='ocrx_word' id='word_1_706' title='bbox 3128 4799 3398 4875; x_wconf 79' lang='grc' dir='ltr'>ἐγένοντο.</span> 
     </span>
    </p>
   </div>
   <div class='ocr_carea' id='block_1_105' title="bbox 2328 4875 3860 4964">
    <p class='ocr_par' dir='ltr' id='par_1_105' title="bbox 2328 4875 3860 4964">
     <span class='ocr_line' id='line_1_105' title="bbox 2328 4875 3860 4964; baseline 0.004 -21"><span class='ocrx_word' id='word_1_707' title='bbox 2328 4891 2432 4957; x_wconf 75' lang='grc' dir='ltr'><strong><em>Τὴν</em></strong></span> <span class='ocrx_word' id='word_1_708' title='bbox 2478 4889 2579 4964; x_wconf 82' lang='grc' dir='ltr'>γὰρ</span> <span class='ocrx_word' id='word_1_709' title='bbox 2613 4889 2924 4958; x_wconf 88' lang='grc' dir='ltr'>ἀνισότητα.</span> <span class='ocrx_word' id='word_1_710' title='bbox 2961 4890 3303 4963; x_wconf 87' lang='grc' dir='ltr'>Σημείωσαι,</span> <span class='ocrx_word' id='word_1_711' title='bbox 3338 4891 3423 4947; x_wconf 78' lang='grc' dir='ltr'><strong><em>ὅτι</em></strong></span> <span class='ocrx_word' id='word_1_712' title='bbox 3469 4891 3566 4959; x_wconf 75' lang='grc' dir='ltr'>τὴν</span> <span class='ocrx_word' id='word_1_713' title='bbox 3616 4875 3860 4948; x_wconf 76' lang='grc' dir='ltr'><strong><em>ἀνισότητά</em></strong></span> 
     </span>
    </p>
   </div>
   <div class='ocr_carea' id='block_1_106' title="bbox 2259 4968 3858 5057">
    <p class='ocr_par' dir='ltr' id='par_1_106' title="bbox 2259 4968 3858 5057">
     <span class='ocr_line' id='line_1_106' title="bbox 2259 4968 3858 5057; baseline -0.009 -22"><span class='ocrx_word' id='word_1_714' title='bbox 2259 5001 2389 5057; x_wconf 69' lang='grc' dir='ltr'>φησι</span> <span class='ocrx_word' id='word_1_715' title='bbox 2421 4978 2510 5033; x_wconf 84' lang='grc' dir='ltr'><strong><em>καὶ</em></strong></span> <span class='ocrx_word' id='word_1_716' title='bbox 2536 4980 2634 5047; x_wconf 75' lang='grc' dir='ltr'>τὴν</span> <span class='ocrx_word' id='word_1_717' title='bbox 2665 4979 2716 5032; x_wconf 79' lang='grc' dir='ltr'>ἐν</span> <span class='ocrx_word' id='word_1_718' title='bbox 2747 4983 2828 5050; x_wconf 79' lang='grc' dir='ltr'>τῷ</span> <span class='ocrx_word' id='word_1_719' title='bbox 2860 4976 2975 5044; x_wconf 80' lang='grc' dir='ltr'>ὅλῳ</span> <span class='ocrx_word' id='word_1_720' title='bbox 3003 4980 3140 5054; x_wconf 87' lang='grc' dir='ltr'>πρὸς</span> <span class='ocrx_word' id='word_1_721' title='bbox 3174 4979 3278 5034; x_wconf 81' lang='grc' dir='ltr'><strong><em>ὅλα</em></strong></span> <span class='ocrx_word' id='word_1_722' title='bbox 3309 4978 3565 5057; x_wconf 81' lang='grc' dir='ltr'>διαφορὰν</span> <span class='ocrx_word' id='word_1_723' title='bbox 3595 4979 3693 5032; x_wconf 85' lang='grc' dir='ltr'>τῶν</span> <span class='ocrx_word' id='word_1_724' title='bbox 3723 4968 3858 5030; x_wconf 75' lang='grc' dir='ltr'>ὅλων,</span> 
     </span>
    </p>
   </div>
   <div class='ocr_carea' id='block_1_107' title="bbox 2257 5060 3860 5139">
    <p class='ocr_par' dir='ltr' id='par_1_107' title="bbox 2257 5060 3860 5139">
     <span class='ocr_line' id='line_1_107' title="bbox 2257 5060 3860 5139; baseline -0.007 -16"><span class='ocrx_word' id='word_1_725' title='bbox 2257 5071 2346 5124; x_wconf 85' lang='grc' dir='ltr'><strong><em>καὶ</em></strong></span> <span class='ocrx_word' id='word_1_726' title='bbox 2395 5068 2476 5123; x_wconf 77' lang='grc' dir='ltr'><strong><em>ὅτι</em></strong></span> <span class='ocrx_word' id='word_1_727' title='bbox 2521 5070 2622 5137; x_wconf 73' lang='grc' dir='ltr'>τὴν</span> <span class='ocrx_word' id='word_1_728' title='bbox 2661 5067 2919 5139; x_wconf 82' lang='grc' dir='ltr'>τοιαύτην</span> <span class='ocrx_word' id='word_1_729' title='bbox 2971 5068 3270 5138; x_wconf 86' lang='grc' dir='ltr'>ἀνισότητα</span> <span class='ocrx_word' id='word_1_730' title='bbox 3316 5073 3350 5139; x_wconf 83' lang='grc' dir='ltr'>ἡ</span> <span class='ocrx_word' id='word_1_731' title='bbox 3399 5074 3496 5124; x_wconf 74' lang='grc' dir='ltr'><strong><em>τοῦ</em></strong></span> <span class='ocrx_word' id='word_1_732' title='bbox 3537 5069 3662 5124; x_wconf 78' lang='grc' dir='ltr'>Θεοῦ</span> <span class='ocrx_word' id='word_1_733' title='bbox 3691 5060 3860 5116; x_wconf 82' lang='grc' dir='ltr'>δικαιο-</span> 
     </span>
    </p>
   </div>
   <div class='ocr_carea' id='block_1_108' title="bbox 2259 5139 3859 5235">
    <p class='ocr_par' dir='ltr' id='par_1_108' title="bbox 2259 5139 3859 5235">
     <span class='ocr_line' id='line_1_108' title="bbox 2259 5139 3859 5235; baseline -0.015 -14"><span class='ocrx_word' id='word_1_734' title='bbox 2259 5157 2392 5227; x_wconf 76' lang='grc' dir='ltr'>σύνη</span> <span class='ocrx_word' id='word_1_735' title='bbox 2452 5162 2697 5235; x_wconf 82' lang='grc' dir='ltr'>φρουρεῖ.</span> <span class='ocrx_word' id='word_1_736' title='bbox 2753 5156 3069 5229; x_wconf 88' lang='grc' dir='ltr'>Σημείωσαι</span> <span class='ocrx_word' id='word_1_737' title='bbox 3131 5154 3208 5230; x_wconf 73' lang='grc' dir='ltr'><strong><em>δὲ,</em></strong></span> <span class='ocrx_word' id='word_1_738' title='bbox 3266 5156 3349 5212; x_wconf 80' lang='grc' dir='ltr'>ὅτι</span> <span class='ocrx_word' id='word_1_739' title='bbox 3408 5156 3515 5212; x_wconf 86' lang='grc' dir='ltr'>ἐστι</span> <span class='ocrx_word' id='word_1_740' title='bbox 3563 5153 3646 5209; x_wconf 85' lang='grc' dir='ltr'><strong><em>καὶ</em></strong></span> <span class='ocrx_word' id='word_1_741' title='bbox 3696 5139 3859 5223; x_wconf 76' lang='grc' dir='ltr'>φυσική</span> 
     </span>
    </p>
   </div>
   <div class='ocr_carea' id='block_1_109' title="bbox 2256 5246 2535 5318">
    <p class='ocr_par' dir='ltr' id='par_1_109' title="bbox 2256 5246 2535 5318">
     <span class='ocr_line' id='line_1_109' title="bbox 2256 5246 2535 5318; baseline -0.007 -16"><span class='ocrx_word' id='word_1_742' title='bbox 2256 5246 2535 5318; x_wconf 79' lang='grc' dir='ltr'>ἀνισότης.</span> 
     </span>
    </p>
   </div>
   <div class='ocr_carea' id='block_1_110' title="bbox 2750 5337 3416 5393">
    <p class='ocr_par' dir='ltr' id='par_1_110' title="bbox 2750 5337 3416 5393">
     <span class='ocr_line' id='line_1_110' title="bbox 2750 5337 3416 5393; baseline -0.002 -2"><span class='ocrx_word' id='word_1_743' title='bbox 2750 5337 2866 5391; x_wconf 87' lang='grc' dir='ltr'><strong><em>ΕΙΣ</em></strong></span> <span class='ocrx_word' id='word_1_744' title='bbox 2906 5337 2997 5392; x_wconf 92' lang='grc' dir='ltr'><strong><em>ΤΟ</em></strong></span> <span class='ocrx_word' id='word_1_745' title='bbox 3037 5340 3301 5393; x_wconf 83' lang='grc' dir='ltr'><strong><em>ΚΕΦΑΛ.</em></strong></span> <span class='ocrx_word' id='word_1_746' title='bbox 3343 5342 3416 5392; x_wconf 87' lang='grc' dir='ltr'><strong><em>Θ’.</em></strong></span> 
     </span>
    </p>
   </div>
   <div class='ocr_carea' id='block_1_111' title="bbox 2329 5430 3856 5521">
    <p class='ocr_par' dir='ltr' id='par_1_111' title="bbox 2329 5430 3856 5521">
     <span class='ocr_line' id='line_1_111' title="bbox 2329 5430 3856 5521; baseline -0.013 -19"><span class='ocrx_word' id='word_1_747' title='bbox 2329 5449 2356 5515; x_wconf 86' lang='lat'><strong>§</strong></span> <span class='ocrx_word' id='word_1_748' title='bbox 2386 5447 2427 5501; x_wconf 92' lang='lat'><strong><em>1.</em></strong></span> <span class='ocrx_word' id='word_1_749' title='bbox 2461 5443 2685 5500; x_wconf 88' lang='grc' dir='ltr'>Τούτων</span> <span class='ocrx_word' id='word_1_750' title='bbox 2713 5446 2822 5497; x_wconf 80' lang='grc' dir='ltr'><strong><em>τῶν</em></strong></span> <span class='ocrx_word' id='word_1_751' title='bbox 2842 5443 3218 5516; x_wconf 79' lang='grc' dir='ltr'>θεωνυμικῶν.</span> <span class='ocrx_word' id='word_1_752' title='bbox 3253 5442 3550 5521; x_wconf 73' lang='grc' dir='ltr'>Σοφώτατά</span> <span class='ocrx_word' id='word_1_753' title='bbox 3585 5455 3704 5516; x_wconf 77' lang='grc' dir='ltr'>φησι</span> <span class='ocrx_word' id='word_1_754' title='bbox 3748 5430 3856 5483; x_wconf 85' lang='grc' dir='ltr'>θεω-</span> 
     </span>
    </p>
   </div>
   <div class='ocr_carea' id='block_1_112' title="bbox 1527 5620 2871 5683">
    <p class='ocr_par' dir='ltr' id='par_1_112' title="bbox 1527 5620 2871 5683">
     <span class='ocr_line' id='line_1_112' title="bbox 1527 5620 2871 5683; baseline 0.001 -7"><span class='ocrx_word' id='word_1_755' title='bbox 1527 5620 1766 5679; x_wconf 66' lang='lat' dir='ltr'><strong><em>VARI/ﬁ</em></strong></span> <span class='ocrx_word' id='word_1_756' title='bbox 1803 5623 2196 5683; x_wconf 87' lang='lat' dir='ltr'><strong><em>LECTIONES</em></strong></span> <span class='ocrx_word' id='word_1_757' title='bbox 2237 5626 2327 5682; x_wconf 90' lang='lat' dir='ltr'><strong>ET</strong></span> <span class='ocrx_word' id='word_1_758' title='bbox 2364 5621 2871 5682; x_wconf 85' lang='lat' dir='ltr'><strong><em>CORECTIONES.</em></strong></span> 
     </span>
    </p>
   </div>
   <div class='ocr_carea' id='block_1_113' title="bbox 569 5715 1379 5794">
    <p class='ocr_par' dir='ltr' id='par_1_113' title="bbox 569 5715 1379 5794">
     <span class='ocr_line' id='line_1_113' title="bbox 569 5715 1379 5794; baseline -0.001 -21"><span class='ocrx_word' id='word_1_759' title='bbox 569 5724 612 5758; x_wconf 74' lang='grc' dir='ltr'>τί</span> <span class='ocrx_word' id='word_1_760' title='bbox 646 5718 993 5793; x_wconf 82' lang='grc' dir='ltr'>συναχθέντα.</span> <span class='ocrx_word' id='word_1_761' title='bbox 1071 5719 1116 5753; x_wconf 64' lang='lat'><strong>72</strong></span> <span class='ocrx_word' id='word_1_762' title='bbox 1147 5715 1379 5794; x_wconf 80' lang='grc' dir='ltr'>φύσεως.</span> 
     </span>
    </p>
   </div>
  </div>
