4108 6378
284 333 400 387 869

1057 342 1115 393 S.
1160 342 1431 396 MAXIMI
1470 345 1777 398 SCHOLIA
1813 345 1889 397 IN
1927 343 2060 396 LIB.
2101 344 2197 396 DE
2234 345 2505 398 DIVINIS
2541 341 2959 397 NOMINIBUS.

3613 339 3719 393 370

280 461 538 530 νομικῶν
571 457 930 533 ἀγαλμάτων,
963 459 1011 532 ἐξ
1045 459 1328 533 Ἐλλήνων
1361 462 1448 519 ἐπὶ
1467 466 1528 519 τὸ
1560 463 1762 536 ἀληθὲς
1789 465 1917 538 μετά

2061 465 2202 521 dicit
2232 466 2562 521 divinorum
2597 467 2905 522 nominum
2940 463 3129 535 signa,
3162 479 3230 518 ex
3275 462 3593 535 gentilibus
3643 465 3715 519 ad

279 567 425 622 γων·
463 547 660 602 ἐκεῖνοι
692 550 797 623 γὰρ
831 550 922 604 οἷά
957 571 1106 614 τινας
1153 549 1466 626 ἀνδριάντας
1508 552 1750 622 ἐποίουν,
1812 556 1917 626 μήτ

2060 557 2366 611 veritatem
2431 557 2778 623 traducens;
2829 554 2913 609 illi
2971 554 3130 609 enim
3188 553 3473 624 quasdam
3535 553 3715 608 veluti

279 642 485 710 χεῖρας
522 639 664 710 μήτε
685 636 856 700 πόδας
877 635 1128 713 ἔχοντας,
1155 641 1246 703 οὕς
1277 644 1480 717 Ἑρμᾶς
1510 641 1761 698 ἐκάλουν·
1796 643 1946 699 ἐποί-

279 746 378 779 ουν
410 723 470 780 δὲ
501 727 698 788 αὐτοὺς
731 724 1007 790 διακένους
1030 729 1193 805 θύρας
1217 726 1468 806 ἔχοντας,
1488 734 1725 806 καθάπερ
1751 753 1946 808 τοιχο-

273 815 638 890 πυργίσκους.
665 821 905 881 Ἔσωθεν
927 817 1017 872 οῦν
1051 820 1228 874 αὐτῶν
1260 819 1493 876 ἐτίθεσαν
1523 821 1835 897 ἀγάλματα,
1869 823 1942 876 ὢν

274 899 468 958 ἔσεϐον
531 910 690 978 θεῶν,
762 903 951 976 ἔξωθεν
1035 905 1092 962 δὲ
1159 908 1447 966 ἀπέκλειον
1523 911 1650 973 τοὺς
1718 914 1940 986 Ἑρμᾶς·

272 993 564 1070 ἐφαίνοντο
597 993 688 1049 οὖν
723 996 774 1049 οἱ
823 998 1025 1070 Ἐρμαῖ
1067 998 1325 1072 εὐτελεῖς,
1375 996 1573 1064 ἔσωθεν
1623 999 1680 1056 δὲ
1733 1001 1939 1056 τούτων

2060 649 2286 699 statuas
2323 644 2633 711 faciebant,
2669 659 2854 714 neque
2889 660 3124 708 manus,
3160 658 3347 713 neque
3378 643 3554 712 pedes
3609 642 3711 696 ha-

2058 733 2286 802 bentes,
2323 751 2471 804 quas
2504 738 2744 789 Hermas
2795 733 3109 799 vocabant;
3173 731 3466 785 faciebant
3515 736 3712 785 autem

2056 839 2155 878 eas
2187 841 2404 878 vacuas
2455 825 2605 878 t'ores
2659 823 2964 887 habentes,
3024 825 3302 891 tanquam
3357 821 3509 874 202
3544 836 3710 874 arcas

2061 913 2300 967 turzitas
2333 913 2388 966 in
2424 929 2613 967 muro.
2649 915 2806 967 Intra
2832 911 2993 982 ipsas
3025 910 3322 981 ponebant
3353 909 3524 980 signa
3574 909 3709 963 deo-

2053 1018 2184 1056 rum
2220 1019 2370 1073 quos
2411 1002 2700 1066 colebant,
2747 1006 2908 1056 extra
2950 1015 3084 1054 vero
3134 999 3520 1053 includebant
3567 999 3708 1052 Her-

273 1087 418 1145 Θεῶν
451 1083 627 1138 αὐτῶν
659 1083 1098 1158 καλλωπισμοὺς
1130 1091 1307 1163 εἶχον.
1353 1089 1540 1153 Οὕτως
1579 1089 1672 1145 οὖν
1710 1091 1917 1145 κάνταῦι

2052 1107 2201 1145 mas.
2258 1093 2462 1163 Itaque
2508 1091 2734 1146 Hermae
2783 1089 2928 1144 viles
2977 1089 3361 1160 apparebant,
3395 1087 3551 1141 intra
3597 1086 3704 1142 hos

268 1172 336 1226 θα
367 1175 612 1244 νοήσεις,
640 1175 706 1228 τὰ
741 1175 833 1247 μὲν
867 1175 991 1252 περὶ
1021 1181 1118 1231 τοῦ
1163 1174 1318 1240 ὄντος
1369 1180 1458 1234 καὶ
1509 1180 1776 1249 ἀληθινοῦ
1806 1185 1939 1235 Θεοῦ

273 1262 450 1333 μόνου
503 1259 556 1315 έν
604 1266 672 1336 τῇ
726 1268 917 1339 Γραφῇ
968 1264 1209 1338 ὀνόματα
1238 1267 1427 1338 ἀνάξια
1458 1268 1743 1345 εἶναιπερὶ
1802 1273 1937 1324 Θεοῦ

267 1348 573 1425 λεγόμενα,
626 1351 701 1415 ὡς
755 1353 816 1406 τὸ
871 1354 1086 1428 μικρὸν,
1136 1357 1222 1410 καὶ
1275 1357 1339 1411 τὸ
1384 1360 1672 1428 καθῆσθαι,
1727 1359 1817 1413 καὶ
1869 1361 1936 1413 τά

263 1438 421 1508 ἑξῆς·
454 1440 903 1513 ἀναπτυσσόμενα
933 1439 989 1497 δὲ
1037 1444 1104 1498 τὰ
1137 1444 1402 1518 ὀνόματα,
1459 1447 1548 1501 καὶ
1581 1448 1741 1518 ἀξίως
1800 1452 1934 1502 Θεοῦ

263 1527 711 1601 ἐρμηνευόμενα,
743 1526 966 1604 ἔχουσιν
1016 1529 1212 1588 ἔσωθεν
1243 1535 1311 1588 τὰ
1339 1533 1633 1609 ἀγάλματα
1663 1538 1748 1591 καὶ
1803 1537 1930 1599 τοὺς

260 1617 448 1678 θείους
477 1616 685 1680 τύπους
716 1623 818 1684 τῆς
845 1620 969 1693 περὶ
1002 1626 1138 1676 Θεοῦ
1169 1619 1352 1695 δόξης.

337 1796 536 1872 Μέγας
576 1799 669 1853 οὖν
727 1801 756 1854 6
806 1801 934 1863 Θεὸς
991 1800 1042 1855 ἐν
1095 1808 1214 1865 τοῖς
1272 1804 1490 1880 Λογίοις
1524 1806 1789 1879 ὑμνεῖται.
1849 1806 1927 1863 Ού

255 1888 406 1962 πρὸς
478 1888 895 1964 ἀντιπαράθεσιν
973 1892 1001 1945 6
1079 1892 1206 1954 Θεὸς
1286 1892 1448 1969 μέγας
1523 1894 1683 1972 φησὶν
1740 1895 1924 1968 ἑτέρου

255 1975 450 2051 ὥσπερ
503 1978 632 2052 βοῦς
682 1977 882 2051 μείζων
932 1975 1252 2054 προϐάτου,
1307 1985 1341 2052 ἡ
1401 1984 1610 2056 κύαμος
1659 1983 1920 2061 κέγχρου·

251 2063 413 2120 ἀλλὰ
445 2063 538 2120 διὰ
563 2068 627 2120 τὸ
656 2066 992 2142 ἀπαράθετον
1036 2070 1126 2123 καὶ
1172 2067 1342 2133 ὅντως
1382 2071 1768 2143 ἀκατάληπτον
1823 2082 1924 2143 τῆς

249 2154 406 2216 θείας
461 2154 912 2231 μεγαλειότητος·
971 2161 1134 2214 τοῦτο
1182 2160 1286 2236 γὰρ
1335 2160 1572 2234 έσήμανε
1627 2162 1690 2216 τὸ
1744 2160 1918 2235 ἰδίως,

246 2241 426 2316 ἤγουν
465 2241 717 2312 ἰδιότητα
750 2244 942 2301 εἷ’πών.

315 2335 345 2402 §
409 2335 482 2389 ΙΙ.
564 2334 748 2409 Μέγας
829 2335 923 2407 μὲν
993 2337 1084 2390 οὗν
1161 2337 1188 2392 6
1247 2338 1378 2400 Θεὸς
1441 2339 1791 2413 ὀνομάζεται.
1853 2343 1916 2396 Εἰ

236 2421 333 2475 καὶ
395 2422 692 2494 ὲρμηνεύει
750 2427 859 2478 τῶν
920 2424 1005 2480 ἐπὶ
1069 2431 1203 2481 Θεοῦ
1261 2431 1760 2505 κατηγορουμένων
1819 2432 1915 2495 τὰς

239 2509 658 2586 προσηγορίας,
737 2509 866 2567 ἀλλ’
943 2513 1146 2589 ἀνάγκη
1223 2521 1520 2590 Γραφικαῖς
1598 2519 1919 2595 μαρτυρίαις

240 2598 456 2660 ταύτας
507 2601 803 2676 τρανῶσαι.
851 2600 1031 2677 Μέγας
1082 2606 1176 2676 μὲν
1210 2606 1300 2659 οὗν
1361 2605 1592 2681 εἷ’ρηται,
1653 2607 1777 2673 ἔνθα
1826 2613 1914 2685 γέ-

241 2707 528 2763 γραπται.
595 2689 783 2765 Μέγας
844 2691 872 2745 6
931 2691 1130 2767 Κύριος
1191 2696 1350 2766 ἡμῶν
1383 2739 1398 2764 ,
1458 2695 1548 2750 καίὶ
1611 2697 1820 2775 μεγάλη
1879 2701 1913 2768 ἦ

241 2776 418 2852 ἳσχὺς
475 2776 668 2848 αὐτοῦ,
729 2777 819 2833 καὶ
870 2778 968 2834 ὅσα
1013 2786 1238 2837 τοιαῦτα
1287 2783 1339 2838 ἐν
1376 2788 1446 2857 τῇ
1479 2790 1686 2862 Γραφῇ·
1736 2799 1798 2842 τὸ
1859 2785 1916 2843 δὲ

243 2867 384 2922 εἶναι
437 2866 530 2920 καί
592 2868 812 2939 μικρὸς,
867 2865 1130 2938 δηλοῦται
1191 2870 1242 2926 ἐν
1300 2876 1368 2946 τῇ
1419 2875 1580 2948 τρίτῃ
1611 2879 1718 2930 τῶν
1752 2879 1914 2933 Βασι-

247 2953 447 3023 λειῶν,
495 2953 626 3019 ἔνθα
674 2958 807 3034 φησί
852 2957 990 3033 πρὸς
1040 2958 1234 3015 Ἠλίαν
1280 2961 1370 3016 τὸν
1413 2966 1724 3040 προφήτην·
1773 2963 1913 3022 Ἰδοὺ

246 3044 407 3120 φωνὴ
459 3040 632 3118 αὔρας
685 3043 914 3115 λεπτῆς,
969 3048 1056 3102 καὶ
1119 3047 1229 3104 ἐκεῖ
1286 3049 1486 3125 Κύριος
1522 3072 1534 3085 ·
1591 3051 1760 3124 δηλοῖ
1809 3057 1910 3130 γὰρ

245 3133 323 3193 ὡς
386 3132 795 3208 περιεχόμενον
825 3133 983 3190 αὐτὸν
1040 3137 1144 3192 ὑπὸ
1173 3145 1273 3208 τῆς
1305 3137 1490 3215 αὔρας,
1544 3140 1575 3195 6'
1630 3141 1742 3197 έστι
1794 3142 1910 3217 [λε-

2049 1196 2184 1235 vero
2217 1181 2428 1235 decora
2459 1181 2701 1235 deorum
2747 1195 2989 1234 suorum
3035 1176 3352 1232 habebant.
3386 1177 3478 1230 Sic
3523 1175 3705 1248 igitur

2047 1269 2142 1324 hic
2177 1269 2489 1341 intelliges,
2545 1270 2789 1324 nomina
2815 1284 2946 1339 quae
2990 1267 3049 1321 in
3082 1266 3382 1337 Scriptura
3432 1281 3601 1320 sacra
3631 1265 3703 1319 de

2047 1374 2114 1413 eo
2145 1359 2244 1430 qui
2277 1362 2384 1428 est,
2420 1364 2476 1414 et
2507 1358 2628 1414 solo
2661 1373 2794 1412 vero
2826 1357 2942 1411 Deo
2974 1355 3271 1421 dicuntur,
3305 1355 3548 1425 indigna
3569 1370 3700 1409 esse

2045 1464 2172 1519 quee
2204 1449 2274 1502 de
2303 1447 2418 1503 Deo
2450 1447 2751 1513 dicantur,
2783 1450 2846 1501 ut
2864 1461 3132 1516 parvum,
3155 1448 3212 1498 et
3235 1444 3462 1508 sedere,
3485 1446 3542 1496 et
3563 1459 3693 1513 qua:

2042 1537 2339 1607 deinceps.
2373 1541 2515 1590 Cum
2562 1552 2694 1591 vero
2744 1535 2986 1590 nomina
3035 1531 3152 1589 ista
3197 1530 3587 1603 explicantur,
3643 1534 3700 1585 et

2042 1624 2217 1697 digne
2247 1625 2362 1681 Deo
2395 1629 2789 1697 exponuntur,
2823 1623 3124 1679 continent
3154 1622 3310 1676 intra
3353 1638 3415 1676 se
3439 1620 3608 1692 signa
3639 1625 3698 1676 et

2041 1715 2269 1770 divinas
2299 1715 2496 1786 gloriae
2520 1715 2620 1769 Dei
2652 1714 2891 1786 ﬁguras.

2109 1805 2336 1873 Magnus
2356 1804 2573 1877 quidem
2613 1804 2755 1858 Deus
2792 1804 2853 1856 in
2876 1801 3176 1873 Scripturis
3198 1800 3481 1855 laudatur.
3510 1799 3689 1868 Deus,
3727 1825 3730 1830 -

2034 1893 2250 1965 inquit,
2282 1911 2397 1948 non
2447 1893 2667 1948 dicitur
2698 1908 2952 1964 magnus
2983 1907 3053 1946 ex
3081 1890 3516 1960 comparatione
3548 1903 3683 1943 cum

2033 1983 2236 2054 altero,
2267 1985 2416 2040 sicut
2446 1984 2551 2039 bos
2584 1985 2770 2053 major
2799 1999 2921 2052 ove,
2980 1985 3084 2037 aut
3140 1980 3274 2035 faba
3328 1979 3529 2046 milio;
3583 1978 3684 2032 sed

2033 2073 2172 2144 quia
2197 2073 2398 2128 divina
2448 2072 2793 2144 magnitudo
2844 2086 2949 2127 nec
2979 2069 3227 2125 conferri
3279 2085 3411 2124 cum
3461 2067 3678 2136 aliquo,

2032 2179 2137 2218 nec
2167 2179 2298 2218 vere
2328 2161 2746 2234 comprehendi
2777 2163 2990 2233 potest,
3022 2159 3133 2215 hoc
3178 2158 3337 2214 enim
3386 2156 3683 2230 signiﬁcat

2027 2250 2089 2305 τὸ
2124 2247 2280 2312 ίδίως
2311 2268 2411 2306 seu
2448 2252 2862 2323 pr0prietatem
2896 2249 3167 2304 dicendo.

2099 2343 2126 2409 §
2159 2341 2224 2395 ll.
2257 2342 2332 2396 Ac
2359 2357 2594 2411 magnus
2623 2339 2844 2410 quidem
2873 2339 3013 2393 Deus
3050 2335 3387 2409 appellatur.
3423 2335 3491 2390 Et
3510 2334 3559 2390 si
3591 2334 3686 2388 in-

2028 2434 2385 2501 terpretetur
2413 2429 2841 2502 appellationes
2876 2443 3078 2483 eorum
3113 2443 3240 2497 qua
3265 2427 3336 2481 de
3357 2429 3468 2480 Deo
3491 2441 3683 2479 enun-

2027 2519 2275 2586 tiantur,
2309 2524 2504 2574 tamen
2536 2535 2774 2574 necesse
2814 2521 2902 2573 est
2947 2516 3305 2572 testimoniis
3364 2514 3684 2586 Scriptura

2027 2610 2263 2664 easdem
2297 2608 2618 2664 declarare.
2651 2610 2876 2678 Magnus
2905 2606 3144 2677 quidem
3178 2605 3396 2660 dicitur
3425 2604 3523 2659 ubi
3546 2603 3682 2658 scri.

2026 2703 2191 2770 ptum
2217 2702 2306 2753 est
2337 2713 2350 2752 :
2383 2702 2615 2767 Magnus
2645 2697 2911 2753 Dominus
2937 2705 3141 2766 noster,
3175 2703 3226 2749 et
3263 2693 3458 2764 Magna
3508 2694 3686 2748 virtus

2024 2787 2338 2859 ejus(u),et
2361 2802 2608 2858 quasque
2630 2785 2919 2842 similiain
2942 2785 3279 2855 Scriptura:
3301 2783 3456 2854 quod
3488 2791 3683 2837 autem

2024 2877 2201 2932 etiam
2232 2893 2434 2948 parvus
2467 2875 2546 2930 sit
2576 2873 2910 2930 declaratur
2938 2874 2995 2928 in
3035 2874 3204 2928 tertio
3245 2873 3473 2943 Regum
3503 2871 3678 2942 (vox),

2024 2966 2124 3021 ubi
2158 2966 2296 3020 dicit
2320 2965 2616 3038 prophetae
2639 2964 2775 3019 Elia:
2799 2978 2814 3019 :
2839 2965 2976 3018 Ecce
3027 2978 3135 3018 vos:
3185 2978 3344 3017 aura:
3387 2961 3590 3031 tenuis,
3625 2967 3681 3014 et

2022 3056 2145 3112 illic
2176 3055 2459 3110 Dominus.
2500 3054 2763 3110 Declarat
2792 3052 2946 3107 enim
2982 3053 3176 3123 ipsum
3207 3053 3365 3107 velut
3409 3065 3678 3122 compre-

2025 3147 2272 3200 hensum
2309 3144 2379 3200 ab
2407 3160 2572 3211 aura,
2598 3143 2751 3214 quod
2779 3147 2868 3198 est
2891 3139 3218 3212 [tenuitatis
3239 3144 3319 3210 et]
3348 3141 3676 3211 parvitatis.

239 3223 532 3291 πτότητος
559 3221 673 3295 καὶ]
705 3225 1100 3300 σμικρότητος·
1133 3228 1195 3282 τὸ
1233 3225 1291 3282 δὲ
1321 3228 1500 3298 αὐτὸς,
1534 3226 1681 3306 ἔχεις
1727 3231 1910 3287 ἐνταῦ-

2034 3235 2186 3299 Duod
2221 3249 2354 3288 vero
2386 3211 2776 3304 semper‘idem
2822 3211 2918 3299 sit,
2971 3229 3152 3284 habes
3197 3229 3308 3284 hoc
3358 3228 3483 3284 loco
3520 3245 3532 3283 :
3569 3234 3678 3300 Ego

240 3322 329 3382 θα,
362 3310 462 3365 καὶ
494 3310 550 3366 έν
603 3317 705 3384 τῷ,
766 3315 912 3387 Ἐγώ
944 3314 1080 3388 εἶμι,
1136 3317 1225 3371 καὶ
1280 3318 1378 3373 ούκ
1433 3320 1774 3394 ἠλλοίωμαι.
1836 3325 1910 3379 Τὸ

239 3397 300 3454 δὲ
359 3399 577 3475 ἕτερον,
631 3400 722 3456 ὅτε
776 3402 856 3475 τῷ
915 3405 1182 3474 Ἰεζεκιήλ
1215 3402 1371 3482 ὤφθη
1419 3409 1492 3472 ὡς
1524 3408 1804 3486 ἅνθρωπος
1854 3411 1909 3467 έγ

234 3489 418 3562 πυρὸς
467 3490 571 3576 καὶ,
611 3488 912 3563 ἠλέκτρου,
940 3494 1027 3547 καὶ
1064 3494 1306 3569 ἑτέρωθι·
1341 3498 1407 3552 Οἱ
1441 3499 1717 3576 ὀφθαλμοὶ
1747 3500 1910 3555 αὐτοῦ

237 3579 316 3641 ὠς
346 3575 667 3648 λαμπάδες,
719 3581 808 3634 καὶ
861 3581 926 3636 τὰ
984 3582 1174 3638 λοιπά·
1234 3585 1308 3647 ὡς
1363 3575 1504 3648 εἶδος
1553 3589 1768 3663 χαλκοῦ
1820 3591 1910 3646 καὶ

239 3663 542 3736 κλιϐάνου,
577 3667 709 3743 ὅπερ
765 3671 931 3744 φησὶν
965 3673 1222 3744 Ἰωάννης
1256 3674 1307 3729 ἐν
1367 3677 1759 3752 Ἀποκαλύψει·
1819 3682 1910 3735 καὶ

254 3754 468 3845 ὅμοιος,
534 3755 625 3812 ὅτε
679 3760 798 3812 καθ’
829 3760 1132 3832 ὁμοιότητα
1162 3762 1327 3818 αὐτοῦ
1377 3763 1521 3841 λέγει
1554 3765 1907 3845 δημιουργεῖν

254 3844 349 3934 τὸν
385 3844 692 3921 ἄνθρωπον.
739 3848 1030 3921 Ἀνόμοιος
1091 3848 1168 3918 δὲ,
1202 3851 1253 3907 έν
1314 3853 1526 3927 Ἠσαίᾳ,
1587 3857 1712 3912 ὅταν
1750 3857 1906 3934 λέγῃ·

254 3931 371 4022 Τίνι
406 3955 475 4004 με
537 3934 887 4006 ὡμοιώσατε,
939 3937 1084 4013 λέγει
1144 3941 1364 4016 Κύριος,
1426 3947 1518 3999 ἅτε
1557 3943 1710 4001 οὐδὲν

241 4019 468 4093 ὅμοιον.
505 4023 613 4078 Καὶ
660 4023 830 4086 έστὼς
878 4026 967 4080 καὶ
1005 4027 1256 4099 ἀκίνητος
1285 4030 1338 4084 ἐν
1368 4037 1448 4104 τῷ
1478 4031 1653 4110 λέγειν
1685 4019 1911 4092 Μωῦ-σεῖ

234 4110 370 4185 περὶ
424 4117 530 4180 τῆς
591 4110 828 4188 πέτρας,
906 4113 1032 4169 Ὠδε
1099 4115 1206 4190 ἐγὼ
1273 4114 1472 4190 ἕστηκα
1544 4123 1651 4198 πρὸ
1706 4129 1803 4179 τοῦ
1851 4147 1908 4181 σε

235 4199 378 4252 εἶναι
447 4198 583 4264 ἐκεῖ,
641 4199 732 4255 καὶ
795 4203 864 4256 τὰ
937 4202 1120 4276 ὅμοια.
1198 4209 1522 4281 Καθήμενος
1585 4209 1640 4266 δὲ
1694 4212 1822 4268 ἔνθα
1879 4216 1906 4269 6

234 4287 474 4362 Βαρούχ
533 4308 707 4362 φησι·
767 4289 842 4344 Σὺ
899 4295 1210 4366 καθήμενος
1267 4297 1342 4357 εἷς
1401 4299 1492 4353 τὸν
1553 4300 1760 4371 αἰῶνα,
1817 4304 1904 4358 καὶ

230 4378 414 4447 ἡμεῖς
478 4375 859 4451 ἀπολλύμενοι
911 4381 988 4443 εἷς
1040 4383 1132 4437 τὸν
1181 4384 1382 4440 αῗῶνα·
1440 4390 1528 4442 καὶ
1599 4391 1788 4448 πάλιν.
1847 4395 1906 4450 Ὀ

231 4465 566 4537 καθήμενος
653 4466 741 4521 ἐπὶ
796 4473 902 4523 τῶν
966 4467 1258 4546 χερουϐίμ.
1320 4477 1650 4551 Κινούμενος
1695 4478 1771 4547 δὲ,
1833 4483 1907 4545 ὡς

2020 3341 2145 3380 sum
2175 3333 2225 3379 et
2254 3339 2362 3377 non
2392 3321 2668 3393 mutor(y)
2692 3319 2847 3375 aliud
2872 3335 3030 3384 vero,
3048 3318 3286 3390 quando
3307 3317 3467 3373 visus
3492 3321 3582 3372 est
3604 3318 3674 3372 ab

2021 3412 2317 3469 Ezechiele
2350 3416 2634 3482 tanquam
2666 3409 2842 3464 homo
2873 3425 2940 3464 ex
2971 3408 3106 3479 igne
3137 3407 3350 3463 electro
3377 3407 3471 3478 (τι),
3506 3412 3564 3460 et
3595 3407 3673 3461 al-

2019 3503 2102 3557 ibi
2137 3519 2149 3556 :
2187 3501 2343 3558 Oculi
2372 3501 2488 3571 ejus
2521 3509 2788 3570 tanquam
2822 3497 3224 3568 lampadcs(a),
3258 3502 3313 3552 et
3335 3496 3590 3568 reliqua;
3617 3504 3676 3550 ut

2019 3593 2224 3664 species
2253 3591 2387 3647 aeris
2417 3593 2468 3644 et
2497 3588 2762 3660 fornacis,
2799 3588 2954 3658 quod
2982 3587 3064 3642 ait
3085 3588 3341 3642 Joannes
3368 3585 3425 3640 in
3449 3587 3672 3656 Apoca-

2019 3680 2168 3753 lypsi
2199 3680 2273 3751 (ὁ)
2306 3684 2360 3734 et
2389 3679 2755 3746 similis,cum
2787 3677 3006 3733 dicitur
3037 3676 3366 3731 secundum
3399 3674 3674 3730 similitu-

2020 3770 2217 3825 dinem
2251 3786 2416 3824 suam
2450 3783 2679 3823 creasse
2704 3766 3001 3821 hominem
3026 3763 3332 3820 Dissimilis
3353 3769 3570 3831 autem,
3613 3765 3670 3819 in

2019 3860 2174 3914 Isaia
2202 3857 2296 3928 (c),
2328 3858 2565 3929 quando
2593 3855 2754 3920 dicit,
2792 3857 2893 3911 Cui
2921 3856 3292 3924 assimilastis,
3325 3852 3458 3907 dicit
3480 3854 3671 3907 Domi-

2019 3964 2144 4015 nus,
2183 3953 2467 4016 tanquam
2515 3944 2747 3999 nullum
2781 3944 3008 3998 habens
3058 3943 3270 3998 simile.
3306 3943 3371 3996 Et
3399 3950 3574 4008 stans,
3615 3946 3674 3996 et

2019 4034 2350 4102 immobilis,
2384 4050 2514 4089 cum
2551 4033 2732 4104 Moysi
2768 4033 2838 4087 de
2868 4037 3032 4104 petra
3063 4031 3204 4086 dicit
3238 4048 3250 4086 :
3286 4033 3382 4086 Hic
3406 4046 3500 4101 ego
3546 4031 3677 4086 steti

2020 4129 2318 4195 antequam
2348 4133 2405 4178 tu
2434 4138 2575 4178 esses
2605 4123 2750 4191 illic,
2773 4127 2830 4176 et
2855 4121 3107 4189 similia;
3155 4119 3343 4176 sedens
3373 4136 3526 4186 vero,
3570 4118 3670 4173 ubi

2020 4213 2248 4270 Baruch
2273 4212 2508 4281 dicit(d)
2543 4228 2554 4265 :
2592 4213 2663 4266 Tu
2692 4211 2841 4266 sedes
2873 4211 2934 4265 in
2962 4212 3246 4274 aeternum,
3281 4217 3331 4264 et
3375 4225 3478 4263 nos
3521 4209 3672 4279 peri-

2021 4303 2201 4358 bimus
2236 4301 2299 4357 in
2327 4317 2534 4362 aevum;
2560 4306 2618 4355 et
2646 4301 2860 4355 iterum
2888 4318 2900 4356 :
2924 4301 3037 4369 Qui
3083 4299 3231 4354 sedet
3277 4315 3449 4369 super
3474 4298 3671 4353 cheru-

2018 4393 2128 4447 bim
2151 4393 2221 4464 (e)
2251 4393 2419 4447 Motus
2447 4407 2604 4459 vero,
2625 4395 2691 4445 ut
2720 4390 2955 4460 quando
2989 4389 3132 4443 dicit
3163 4405 3175 4442 :
3208 4389 3270 4442 Et
3300 4388 3543 4442 ascendit
3572 4403 3670 4442 su-

2015 4497 2116 4552 per
2146 4480 2454 4546 cherubim,
2487 4487 2540 4534 et
2571 4479 2775 4534 volavit
2807 4478 2894 4548 (Ι),
2929 4493 2994 4532 ac
3025 4479 3234 4531 iterum
3262 4493 3275 4532 :
3308 4478 3506 4541 Venite,
3546 4476 3668 4530 des-

237 4552 377 4646 8ταν
415 4552 570 4646 λέγῃ·
635 4557 734 4612 Καὶ
789 4553 957 4630 ἐπέϐη
1009 4558 1445 4646 έπὶῗχερουϐὶμ,
1496 4569 1583 4622 καὶ
1619 4567 1906 4641 ἐπετάσθη·

2034 4570 2311 4625 :endamus
2341 4573 2394 4623 et
2424 4567 2826 4638 confundamus
2857 4564 3078 4636 lingua:
3110 4580 3298 4619 eorum
3318 4566 3419 4635 (g).
3453 4564 3554 4618 Et:
3575 4563 3668 4617 1η-

237 4644 337 4698 καὶ
433 4642 603 4698 πάλιν
625 4662 651 4731 γ·
731 4650 890 4702 Δεῦτε
969 4645 1297 4714 καταϐάντες
1330 4697 1343 4722 ,
1421 4657 1738 4731 συγχέωμεν
1817 4661 1912 4724 τὰς

241 4731 517 4807 γλώσσας
577 4730 773 4788 αὐτῶν·
806 4734 918 4804 καὶ,
976 4737 1224 4795 Ἕκλινεν
1276 4730 1534 4818 οὐρανοὺς
1565 4745 1653 4800 καὶ
1684 4744 1908 4819 κατέϐη.

240 4821 378 4913 ΚιιὶΔ
395 4824 567 4913 ταῦτα
599 4823 695 4894 μὶν
724 4827 839 4879 νῦν·
873 4823 925 4880 ἐν
961 4823 1018 4881 δὲ
1043 4833 1163 4893 ταῖς
1185 4831 1322 4885 κατὰ
1381 4833 1544 4908 μέρος
1603 4833 1908 4913 ἐξηγήσεσι,

240 4909 319 4965 τὰ
354 4906 547 4964 δέοντα
576 4915 1054 4985 σαφηνισθήσεται.

318 4997 400 5053 Τὸ
476 4997 703 5075 μέγεθος
765 5006 928 5058 τοῦτο
994 5004 1084 5060 καὶ
1147 5003 1368 5082 ἄπειρόν
1447 5010 1607 5070 ἐστιν.
1684 5013 1908 5084 Ἐπειδὴ

238 5084 574 5176 παντέλειον
629 5089 797 5166 πέρας
851 5090 964 5166 ἔχει
1015 5094 1043 5148 ὁ
1087 5095 1236 5168 Θεὸς,
1285 5099 1376 5152 καὶ
1429 5100 1773 5176 ὑπερτέλειος
1815 5102 1910 5170 ὢν,

235 5177 336 5231 καί
372 5175 739 5265 ὑπεράπειρός
771 5179 937 5255 ἐστιν,
971 5183 1046 5247 ὡς
1069 5185 1152 5256 τὸ,
1195 5187 1297 5242 Καὶ
1345 5195 1446 5257 τῆς
1497 5175 1776 5265 βασιλείας
1823 5193 1912 5248 αὖ·

233 5267 343 5320 τοῦ
402 5264 506 5320 οὐκ
553 5262 702 5321 ἔσται
754 5269 938 5342 πέρας·
991 5270 1138 5327 ἀλλὰ
1183 5274 1275 5328 καί
1329 5276 1458 5352 ὑπὲρ
1498 5262 1700 5336 -πάντα
1767 5280 1908 5338 ἐστὶν

239 5352 507 5426 ἀριθμόν·
545 5353 590 5409 εἰ
619 5354 721 5432 γὰρ
746 5357 838 5413 καὶ
870 5356 1096 5434 λέγοιπο
1133 5362 1161 5417 6
1183 5362 1311 5418 Θεὸς
1335 5366 1414 5428 εἷς
1443 5368 1532 5421 καὶ
1551 5364 1628 5443 ἓν,
1661 5367 1790 5426 ἀλλ’
1818 5372 1909 5427 οὖν

328 5516 416 5588 (ιι)
455 5517 616 5601 εδει,
638 5535 826 5601 exim,
855 5523 909 5580 5.
987 5523 1137 5601 (vtae)
1163 5527 1303 5601 Gap.
1333 5545 1450 5600 xxx,
1483 5549 1538 5601 ν,
1572 5532 1658 5588 42.

1739 5533 1814 5607 (y)
1849 5533 1981 5591 Mal.
2014 5551 2101 5607 in,
2135 5537 2188 5589 6.

2021 4658 2257 4714 clinavit
2284 4659 2441 4713 ccelos
2472 4664 2522 4711 et
2549 4655 2826 4711 descendit
2853 4654 2961 4725 (lt),
2994 4662 3046 4709 et
3074 4653 3194 4707 haec
3211 4653 3449 4723 quidem
3471 4655 3666 4707 modo.

2021 4749 2086 4802 In
2118 4746 2576 4818 particularibus
2606 4750 2804 4799 autem
2837 4742 3346 4815 explicationibus,
3381 4742 3534 4813 quod
3569 4759 3670 4797 ne-

2021 4837 2340 4892 cessarium
2376 4836 2550 4891 fuerit
2579 4839 2919 4903 exponetur.

2095 5016 2248 5072 203
2281 5016 2600 5083 Magnitudo
2645 5014 2760 5070 haec
2789 5021 2844 5069 et
2892 5014 3116 5084 inﬁnita
3145 5022 3239 5067 est.
3292 5013 3674 5082 Quandoqui-

2022 5106 2156 5160 dem
2179 5105 2331 5160 Deus
2355 5107 2531 5160 ﬁnem
2562 5104 2802 5159 omnino
2829 5102 3145 5174 perfectum
3181 5101 3414 5171 habeat,
3437 5118 3569 5157 cum
3601 5103 3683 5156 sit

2023 5211 2203 5265 supra
2236 5194 2652 5265 perfectionem
2689 5209 2789 5247 seu
2824 5193 3000 5246 ﬁnem
3049 5192 3226 5246 etiam
3262 5209 3443 5262 supra
3485 5190 3682 5245 inﬁni-

2026 5287 2210 5339 tatem
2241 5284 2372 5348 erit,
2397 5287 2462 5338 ut
2491 5283 2634 5338 illud
2664 5284 2762 5337 :Et
2789 5281 2947 5352 regni
2986 5282 3101 5350 eius
3124 5297 3236 5336 non
3273 5280 3380 5336 erit
3407 5280 3537 5350 ﬁnis
3566 5282 3634 5352 (ἱ)
3661 5298 3681 5334 .-

2031 5372 2356 5445 quinetiam
2391 5389 2626 5428 omnem
2678 5386 2990 5428 numerum
3050 5375 3332 5442 superat:
3366 5370 3475 5425 etsi
3524 5371 3683 5425 enim

2269 5536 2341 5607 (τ)
2373 5535 2574 5591 Ezech.
2607 5551 2652 5607 1.
2679 5535 2768 5602 26,
2800 5532 2889 5607 27_.

2969 5530 3204 5604 (a)Dain.
3227 5547 3284 5600 x,
3309 5532 3362 5587 6.
3441 5531 3511 5602 (ὁ)
3538 5533 3678 5604 Cap.

247 5591 563 5680 1:,“v,_72_.b
597 5591 932 5680 (cLCapuxp,
963 5591 1020 5660 ν,
1049 5591 1298 5680 25'.M(d)
1326 5591 1568 5673 Οαῤ.ιῐὶ,
1594 5621 1650 5672 v,
1670 5605 1722 5660 3.
1742 5591 1871 5678 "(e)
1903 5607 1917 5662 1

2034 5591 2351 5677 ,.:’mvm,‘4’.
2428 5607 2497 5680 (ιτ)
2532 5591 2818 5674 esalxv'n,
2849 5602 2938 5659 H.
2972 5591 2984 5604 ‘
3018 5591 3457 5675 (g)cen.'x1,7.‘
3501 5591 3687 5673 '(h)‘u

259 5656 711 5734 Reg.’xxu,'t0.
781 5656 858 5738 '(i)
889 5656 1029 5725 Luc.
1060 5683 1100 5739 ι,
1132 5669 1222 5725 33.
