4108 6376
463 343 567 398 371

1290 343 1655 396 APPENDIX
1694 344 1790 394 AD
1828 341 2070 396 OPERA
2105 343 2165 394 8.
2206 341 2525 396 DIONYSII
2564 342 3067 397 AREOPAGITE.

3788 338 3888 394 372

465 468 621 524 Deus
652 466 882 522 dicatur
911 482 1071 520 unus
1116 469 1172 521 et
1218 482 1425 536 unum,
1488 469 1746 520 attamen
1803 467 1893 520 est
1939 480 2119 536 supra

2239 462 2365 539 ὑπὲρ
2395 463 2459 518 τὸ
2488 460 2542 518 ἓν
2575 462 2708 521 ἐστι.
2755 465 2966 539 Κυρίως
3015 464 3111 535 μὲν
3143 461 3246 536 γὰρ
3278 461 3339 514 τὸ
3369 455 3424 514 ἓν
3476 458 3670 535 σχέσιν
3731 457 3891 529 δηλοῖ

466 571 674 611 unum.
711 555 887 612 Unum
920 555 1076 610 enim
1119 554 1352 625 proprie
1383 555 1805 610 connexionem
1854 553 2117 610 declarat

467 661 602 699 cum
637 643 844 699 multis
875 645 1139 700 numeris
1171 645 1268 714 qui
1303 644 1376 698 ab
1423 646 1550 715 ipso
1583 648 1818 709 exeunt,
1852 648 1910 699 et
1939 642 2118 698 veluti

463 732 822 804 principium
849 732 1248 788 multitudinis
1272 749 1654 787 numerorum
1678 749 1808 793 esse
1838 734 2072 787 videtur
2103 751 2114 787 :

463 827 662 876 tamen
716 827 866 876 Deus
910 822 1185 893 dignatus
1219 826 1307 876 est
1338 824 1514 876 etiam
1549 838 1616 876 ex
1650 820 1768 876 illis
1799 839 1922 892 quae
1978 839 2114 892 pro-

462 911 630 966 duxit
658 927 831 965 unum
873 927 1107 966 sumere
1137 927 1148 965 :
1183 909 1463 980 quoniam
1509 927 1705 980 unum,
1734 916 1824 966 est
1873 910 2120 982 simplex

461 1005 520 1056 et
547 999 920 1056 individuum
953 999 1012 1053 in
1046 999 1263 1070 seipso,
1299 1003 1356 1054 et
1385 998 1631 1054 minime
1684 999 2117 1070 compositum:

466 1094 873 1145 verumtamen
928 1087 1105 1144 etiam
1166 1089 1249 1143 sic
1303 1088 1645 1162 ὑπερήνωται
1680 1105 1780 1145 seu
1819 1093 1908 1144 est
1939 1105 2122 1161 supra

464 1194 645 1234 unum
677 1195 690 1233 :
724 1179 854 1234 ideo
884 1177 1122 1246 dicitur,
1174 1179 1249 1233 Et
1287 1177 1536 1234 scientia:
1599 1179 1720 1250 ejus
1761 1194 1868 1234 non
1904 1186 1982 1233 est
2011 1194 2120 1232 nu-

462 1283 648 1324 merus
681 1267 784 1340 (Ιε).

537 1359 564 1430 Ξ
597 1359 696 1413 ΙΙΙ.
725 1358 815 1413 Sic
849 1357 1022 1428 igitur
1049 1371 1288 1426 parvum
1318 1356 1378 1412 in
1420 1358 1542 1412 Deo.
1593 1357 1738 1412 Nam
1789 1373 1994 1413 omnes
2027 1372 2119 1412 res

465 1450 522 1502 et
553 1446 716 1504 valde
746 1463 973 1520 magnae
1005 1452 1063 1502 et
1103 1446 1270 1502 valde
1320 1463 1507 1518 parvae
1554 1445 1909 1518 participant
1956 1445 2119 1518 parvi

468 1535 938 1593 communionem
975 1554 987 1591 :
1023 1536 1184 1590 nulla
1211 1536 1369 1590 enim
1401 1551 1494 1590 res
1525 1535 1732 1607 effugit
1763 1551 2009 1606 parvum
2058 1533 2120 1588 in

468 1625 766 1695 omnibus,
800 1629 902 1681 aut
933 1625 1075 1697 quia
1105 1641 1171 1680 ex
1202 1641 1380 1697 parvo
1410 1625 1480 1680 ad
1517 1626 1711 1696 majus
1753 1623 2127 1696 progreditur

469 1717 624 1787 quod
645 1720 913 1786 augetur,
950 1716 1066 1769 haec
1097 1715 1239 1769 dicit
1265 1719 1455 1784 Pater,
1490 1719 1594 1769 aut
1626 1715 1765 1786 quia
1795 1731 2040 1786 parvum
2067 1714 2124 1767 in

2226 553 2363 626 πρὸς
2410 551 2537 615 τοὺς
2601 553 2650 626 ἐξ
2702 551 2866 608 αὐτοῦ
2913 549 3161 613 πολλοὺς
3221 549 3517 625 ἀριθμοὺς,
3579 548 3674 603 xui
3733 550 3888 606 οἱονεὶ

2227 643 2374 718 ἀρχὴ
2421 641 2672 713 πλήθους
2728 641 2978 718 ἀριθμῶν
3029 641 3162 696 εἶναι
3216 637 3384 694 δοκεῖ·
3447 638 3610 710 ὅμως
3668 638 3888 709 ἠξίωσεν

2227 733 2254 786 6
2313 731 2442 792 Θεὸς
2482 731 2569 786 xui
2628 732 2690 786 τὸ
2748 729 2804 786 ἓν
2856 731 2915 785 ἐκ
2955 735 3063 785 τῶν
3100 729 3150 802 ἐξ
3183 729 3346 784 αὐτοῦ
3397 725 3676 799 δέξασθαι,
3710 727 3887 799 ἐπειδή

2225 821 2288 875 τὸ
2317 818 2371 874 ἓν
2404 821 2611 876 ἀπλοῦν
2638 819 2748 876 ἐστι
2779 821 2868 875 καὶ
2904 821 3097 894 ἀμερὲς
3143 825 3262 882 καθ’
3309 818 3490 890 ἑαυτὸ,
3539 817 3633 872 καὶ
3682 818 3890 874 ἀσύνθε-

2224 932 2339 982 τον,
2373 908 2519 966 ἀλλὰ
2559 911 2650 964 καὶ
2701 909 2875 974 οὕτως
2920 911 3286 983 ὑπερήνωται,
3332 907 3450 962 ἀντὶ
3501 906 3625 976 τοῦ,
3679 907 3808 984 ὑπὲρ
3834 910 3890 963 τὸ

2225 997 2279 1054 ἓν
2328 999 2459 1054 ἐστι·
2508 997 2592 1054 διὸ
2643 997 2877 1075 εἷ’ρηται,
2928 1000 3030 1056 Καὶ
3083 1002 3184 1064 τῆς
3216 998 3545 1059 συνέσεως⁷³
3588 997 3757 1052 αὐτοῦ
3800 997 3892 1054 οὐκ

2228 1087 2371 1144 ἔστιν
2403 1087 2662 1164 ἀριθμός.

2298 1183 2325 1248 §
2385 1185 2478 1235 ΙΙΙ.
2537 1177 2724 1240 Οὕτως
2781 1179 2871 1232 οὗν
2931 1177 3018 1232 ἐπὶ
3079 1180 3214 1233 Θεοῦ
3269 1177 3332 1232 τὸ
3394 1175 3657 1250 σμικρόν.
3720 1175 3890 1232 Πάντα

2229 1268 2333 1342 γὰρ
2363 1268 2431 1322 τὰ
2455 1263 2604 1335 ὅντα,
2654 1269 2742 1322 καὶ
2797 1267 2864 1322 τὰ
2920 1265 3043 1322 λίαν
3106 1264 3336 1341 μεγάλα,
3389 1265 3586 1320 καὶτὰ
3631 1262 3764 1340 ἄγαν
3800 1288 3887 1338 μι-

2229 1356 2354 1431 κρὰ,
2389 1357 2683 1432 μετέχουσι
2710 1363 2810 1426 τῆς
2841 1361 2940 1411 τοῦ
2993 1360 3192 1432 μικροῦ
3246 1355 3561 1428 μετουσίας’
3610 1352 3764 1410 οὐδὲν
3795 1356 3887 1431 γὰρ

2229 1449 2338 1499 τῶν
2385 1442 2550 1500 ὄντων
2612 1443 2828 1524 διέφυγε
2877 1445 2941 1500 τὸ
2999 1445 3229 1520 σμικρὸν
3272 1443 3324 1499 ἐν
3382 1449 3552 1499 πᾶσιν
3600 1443 3886 1522 ἀναφαινό-

2235 1555 2414 1606 μενοψ
2450 1535 2485 1604 ἢ
2519 1533 2603 1590 ὅτι
2635 1533 2694 1590 ἐκ
2725 1539 2924 1608 μικροῦ
2953 1536 3089 1608 πρὸς
3145 1534 3208 1589 τὸ
3271 1539 3464 1607 μεῖζον
3499 1535 3722 1609 πρόεισι
3750 1534 3814 1588 τὰ
3841 1534 3888 1588 έν

2234 1623 2469 1694 αὐξήσει,
2502 1623 2666 1678 τοῦτό
2699 1645 2861 1698 φησιν
2891 1625 2918 1678 6
2953 1627 3162 1700 Πατήρο
3191 1625 3224 1693 ἢ
3254 1619 3336 1677 ὅτι
3374 1621 3426 1677 έν
3461 1627 3546 1695 τῷ
3582 1622 3784 1695 μείζονι
3829 1625 3884 1677 τὸ

2237 1715 2430 1787 μικρὸν
2462 1712 2799 1790 ἐνθεωρεῖται
2855 1713 2946 1768 καὶ
3007 1714 3108 1768 οὐκ
3148 1711 3202 1768 έν
3249 1716 3330 1785 τῷ
3387 1717 3578 1787 μικρῷ
3615 1713 3678 1766 τὸ
3713 1717 3882 1784 μεῖζον

470 1805 677 1876 majori
710 1804 1140 1873 consideratur,
1185 1807 1243 1860 et
1283 1821 1398 1859 non
1449 1805 1642 1874 majus
1673 1803 1732 1858 in
1765 1820 1962 1875 parvo,
1987 1819 2125 1874 qua-

2239 1803 2349 1858 κατ’
2377 1803 2510 1858 αὐτὸ
2537 1803 2601 1858 τὸ
2633 1807 2816 1875 μεῖζον
2847 1802 3001 1859 εἰναι.

465 1898 642 1951 tenus
673 1896 870 1964 majus
900 1898 1012 1950 est.

543 2074 608 2128 Et
636 2074 976 2145 pertingens.
1012 2071 1159 2127 Hinc
1192 2073 1644 2128 demonstratur
1672 2070 1950 2128 velocitas
1999 2087 2132 2142 pro-

473 2179 712 2234 gressus
741 2161 842 2217 Dei
875 2162 946 2216 ad
1000 2162 1364 2234 incorporea.
1414 2161 1558 2216 Nam
1610 2159 1754 2215 illud
1808 2159 2135 2231 pertingere

479 2256 544 2307 ut
599 2252 670 2306 ad
732 2251 1076 2307 divisionem
1139 2252 1346 2306 animm
1397 2257 1453 2307 et
1502 2249 1781 2321 spiritus;
1833 2265 1925 2304 res
1977 2249 2129 2303 enim

483 2340 565 2395 ita
596 2356 657 2395 se
690 2339 888 2407 habet;
922 2339 1030 2394 hoc
1065 2339 1324 2394 declarat
1347 2341 1501 2411 quod
1527 2339 1704 2394 etiam
1730 2339 1924 2410 ipsum
1951 2338 2136 2392 incoro

487 2445 730 2502 poreum
762 2429 1054 2484 uniforme
1085 2429 1296 2484 animai
1331 2446 1364 2484 a
1393 2430 1504 2484 Deo
1536 2428 1716 2483 dividi
1760 2429 1967 2500 possit.
2000 2427 2134 2482 Ideo

483 2518 638 2574 Deus
669 2517 1049 2589 cogitationes
1085 2517 1241 2588 quod
1282 2517 1558 2588 intelligit
1596 2533 1744 2588 quas
1778 2532 1944 2571 mens
1975 2519 2136 2571 mota

480 2611 538 2662 et
567 2624 817 2679 operans
847 2609 1085 2678 cogitat,
1120 2623 1246 2678 qua:
1306 2611 1502 2661 tamen
1564 2605 1816 2660 maxime
1867 2605 2134 2676 incorpo-

477 2712 587 2752 rem
619 2701 675 2750 et
705 2696 1045 2763 individuis;
1078 2694 1244 2767 (quid
1275 2695 1434 2750 enim
1468 2694 1620 2750 inter
1669 2693 2034 2749 intellectum
2079 2696 2138 2748 et

476 2784 998 2855 intellectionem?)
1037 2785 1184 2840 Deus
1215 2783 1448 2839 medius
1481 2787 1764 2854 penetrat,
1799 2783 1951 2839 sicut
1983 2781 2136 2837 dici-

470 2877 569 2929 tur
594 2890 607 2928 :
632 2875 705 2929 Tu
728 2874 1068 2930 intellexisti
1087 2874 1452 2944 cogitationes
1484 2889 1633 2928 meas
1647 2873 1719 2928 de
1736 2873 1895 2941 longe
1911 2872 1972 2943 (ι)
1990 2889 2010 2932 ;
2034 2872 2135 2928 sed

479 2965 656 3020 etiam
679 2962 834 3018 inter
853 2963 1109 3018 animum
1131 2967 1189 3018 et
1210 2961 1571 3033 spiritum,id
1596 2967 1685 3018 est
1701 2962 1760 3017 in
1784 2978 1899 3033 quo
1925 2977 2137 3016 sensus

479 3051 771 3108 stabilitos
798 3052 1107 3121 habemus,
1158 3069 1261 3123 per
1310 3052 1466 3124 quod
1505 3051 1683 3106 etiam
1717 3050 1912 3106 anima
1958 3050 2138 3105 sensi-

480 3141 639 3197 libus
687 3141 960 3208 intendit,
1014 3147 1072 3196 et
1117 3141 1233 3196 vim
1289 3140 1654 3212 intelligendi
1703 3139 2135 3212 speculationes

2312 1983 2411 2036 Καὶ
2462 1979 2855 2054 διικνούμενον.
2911 1982 2990 2038 Τὸ
3051 1979 3442 2054 ὁπεροξύτερον
3500 1982 3602 2050 τῆς
3633 1983 3732 2034 τοῦ
3760 1983 3877 2036 Θεοῦ

2240 2071 2329 2126 καὶ
2389 2071 2475 2126 έπὶ
2531 2071 2598 2126 τὰ
2646 2071 2911 2144 ἀσώματα
2954 2072 3257 2146 χωρ-ήσεως
3304 2069 3546 2125 ἐντεῦθεν
3611 2067 3879 2141 δηλοῦται·

2239 2161 2303 2216 τὸ
2345 2161 2446 2237 γὰρ
2494 2157 2813 2216 διικνεῖσθαι
2860 2157 2990 2234 ἄχρι
3047 2163 3315 2234 μερισμοῦ
3365 2163 3558 2235 ψυχῆς
3605 2159 3694 2216 καὶ
3739 2158 3880 2214 πνεύ-

2249 2270 2414 2322 ματος
2469 2248 2611 2303 οὕτω
2642 2250 2744 2324 γὰρ
2777 2243 2922 2322 ἔχειν
2957 2245 3126 2302 δοκεῖ·
3159 2252 3318 2303 τοῦτο
3352 2247 3669 2326 ἀποφαίνει,
3702 2249 3778 2302 ὅτι
3804 2246 3882 2301 καὶ

2243 2337 2373 2392 αὐτὸ
2397 2339 2459 2392 τὸ
2490 2338 2778 2411 ἀσώματον
2822 2344 2922 2407 τῆς
2973 2340 3156 2412 ψυχῆς
3204 2334 3442 2400 ένοειδὶς
3494 2337 3600 2392 ὑπὸ
3649 2333 3742 2392 τοῦ
3769 2339 3882 2392 Θεοῦ

2246 2426 2564 2501 διαιρεῖσθαι
2598 2425 2838 2484 δύναται.
2891 2427 2984 2481 Διὸ
3032 2426 3124 2482 καὶ
3153 2426 3250 2489 τὰς
3282 2425 3501 2489 ἐννοίας
3534 2427 3562 2481 6
3595 2426 3723 2488 Θεὸς
3764 2430 3882 2489 νοεῖ,

2245 2514 2304 2576 ἃς
2335 2516 2363 2569 6
2405 2519 2532 2577 νοῦς
2571 2514 2893 2588 κινούμενος
2935 2515 3025 2569 καὶ
3068 2513 3301 2590 ὶνεργῶν
3331 2519 3477 2585 νοεῖ,
3506 2513 3721 2584 καὶτῆς
3768 2533 3880 2568 τοσ-

2245 2603 2412 2675 αύτης
2469 2604 2785 2678 ἀσωματίας
2841 2603 2930 2659 καὶ
2971 2601 3337 2680 ἀδιαιρεσίαςο
3416 2603 3494 2677 (τί
3551 2605 3653 2680 γὰρ
3710 2601 3880 2676 μεταξὺ

2243 2698 2338 2748 νοῦ
2402 2693 2492 2748 καὶ
2558 2695 2798 2765 νοήσεως
2825 2696 2863 2767 ;)
2937 2694 2966 2748 6
3022 2695 3156 2756 Θεὸς
3214 2694 3379 2766 μέσος
3439 2698 3638 2770 χωρεῖ,
3687 2693 3756 2754 ὡς
3803 2691 3876 2746 καὶ

2245 2781 2456 2857 ε’ἷρηται
2489 2803 2502 2818 ·
2576 2782 2650 2838 Σὺ
2706 2785 2936 2856 συνῆκας
2994 2782 3122 2847 τοὺς
3175 2780 3583 2860 διαλογισμούς
3643 2803 3739 2856 μου
3785 2780 3873 2834 ἀπὸ

2249 2875 2538 2948 μακρόθεν·
2617 2871 2762 2928 ἀλλὰ
2831 2873 2920 2927 xui
3002 2873 3195 2946 μεταξὺ
3257 2879 3357 2942 τῆς
3425 2876 3613 2948 ψυχῆς
3663 2872 3744 2926 xui
3791 2873 3868 2923 τοῦ

2244 2962 2575 3034 πνεύματος,
2625 2962 2897 3016 τουτέστιν
2946 2961 2998 3016 έν
3046 2961 3214 3033 ᾧτὰς
3274 2961 3562 3032 αἰσθήσεις
3621 2959 3863 3033 ἐπετετρι-

2243 3051 2442 3126 γμένας
2489 3046 2689 3126 ἔχομεν
2718 3094 2731 3119 ,
2783 3049 2853 3105 δι’
2903 3048 2964 3105 οῦ
3011 3050 3101 3104 καὶ
3149 3055 3266 3112 τοῖς
3317 3049 3612 3121 αἰσθητοῖς
3664 3052 3697 3117 ἡ
3741 3045 3867 3121 ψυχῆ

2245 3135 2607 3214 προσϐάλλει,
2657 3139 2746 3194 καὶ
2773 3140 2833 3194 τὸ
2865 3137 3208 3210 διανοητικὸν
3238 3143 3346 3194 τῶν
3420 3141 3653 3213 σκέψεων
3679 3134 3868 3212 ἔχομεν,

478 3231 789 3296 habemus,
821 3230 974 3286 Deus
1023 3231 1151 3286 sine
1199 3230 1625 3302 impedimento
1674 3229 1907 3284 transit.
1969 3229 2125 3283 Hunc

2245 3227 2543 3290 ἀκωλύτως
2594 3233 2771 3303 χωρεῖ
2814 3229 2841 3282 6
2891 3227 3044 3290 Θεός.
3093 3231 3263 3282 Τοῦτο
3315 3225 3374 3281 δὲ
3410 3229 3473 3283 τὸ
3506 3231 3710 3300 πνεῦμα
3735 3222 3872 3280 δύνα-

471 3337 605 3376 vero
642 3320 920 3392 spiritum
952 3319 1250 3391 sapientes
1280 3322 1616 3374 Graecorum
1644 3322 1854 3374 vocant
1885 3317 2133 3374 faculta-

472 3413 614 3480 tem,
635 3414 690 3464 et
714 3407 889 3464 veluti
913 3409 1234 3463 secundam
1256 3407 1511 3463 animam
1529 3407 1874 3464 sensitivam
1897 3407 2129 3462 animus:

472 3515 610 3570 ergo
633 3497 831 3552 anima
863 3496 984 3551 haec
1015 3496 1297 3552 sensitiva
1343 3500 1607 3566 penetrat
1655 3513 1843 3567 usque
1890 3497 1962 3550 ad
2009 3511 2130 3550 me-

477 3586 672 3642 dullas
701 3591 760 3642 et
785 3601 988 3655 venas,
1020 3590 1076 3640 et
1109 3585 1378 3653 arterias,
1406 3588 1466 3638 et
1509 3601 1665 3650 ossa,
1699 3589 1755 3640 et
1781 3589 1970 3640 totum
2003 3601 2129 3640 cor-

476 3692 613 3748 pus.

543 3853 697 3923 §IV.
745 3853 895 3921 Quod
937 3868 1050 3908 non
1103 3855 1277 3923 potest
1323 3852 1523 3920 minui,
1597 3852 1937 3919 ingenitum.
1981 3851 2129 3907 Nota

466 3948 612 4018 quot
641 3943 832 3999 modis
865 3945 1138 3997 sumatur
1171 3940 1524 4014 significatio
1555 3939 1819 4010 ingeniti;
1842 3944 1944 3996 aut
1968 3942 2126 4012 quod

469 4033 723 4089 necdum
753 4031 1040 4103 genitum,
1075 4031 1176 4085 sed
1213 4030 1596 4101 gignendum,
1651 4034 1714 4085 ut
1759 4029 1902 4085 Sara
1959 4029 2124 4100 dixit,

463 4127 761 4193 Nunquam
788 4120 932 4176 mihi
961 4118 1181 4188 accidit,
1231 4119 1319 4174 vel
1370 4123 1434 4174 ut
1482 4119 1638 4176 204
1685 4117 2122 4190 imperfectum,

465 4211 622 4268 sicut
642 4209 824 4265 turris
854 4209 914 4264 in
944 4207 1202 4264 Chalane
1227 4225 1239 4262 :
1274 4207 1364 4263 vel
1389 4207 1540 4263 utab
1566 4207 1784 4278 aliquo,
1821 4211 1886 4262 ut
1909 4206 2122 4264 Paulus

462 4299 790 4372 apostolus,
811 4315 923 4354 non
951 4314 1020 4353 ex
1042 4297 1387 4353 hominibus
1415 4313 1428 4352 :
1455 4295 1543 4352 vel
1569 4301 1775 4352 contra
1799 4301 1862 4352 ut
1887 4296 2119 4365 Justus,

462 4406 618 4446 unus
647 4405 678 4444 e
709 4388 1045 4452 duodecim,
1076 4391 1179 4442 aut
1229 4387 1383 4458 quod
1418 4386 1580 4442 nullo
1615 4388 1788 4442 modo
1821 4389 1932 4455 est,
1969 4385 2122 4441 sicut

457 4478 726 4552 prodigia
769 4494 803 4533 a
848 4477 1065 4532 Graecis
1112 4477 1288 4545 dicta,
1340 4475 1528 4548 Scylla
1578 4481 1636 4530 et
1690 4474 2002 4540 Chimmra,
2054 4490 2120 4529 ac

461 4568 700 4633 similia,
732 4567 1062 4638 ingenitum
1093 4570 1184 4622 est
1216 4566 1276 4620 in
1304 4565 1442 4620 Deo.
1479 4565 1540 4618 In
1596 4563 1753 4619 idem
1804 4579 1940 4618 cum
1973 4563 2120 4618 dixit
2149 4583 2196 4647 Β

460 4663 645 4714 Deum
679 4673 806 4712 esse
836 4653 1403 4728 ingenitum,expiat
1434 4651 1837 4724 inauspicatas
1860 4652 2118 4708 nominis

461 4745 1000 4818 interpretationes,
1053 4747 1227 4813 atque
1261 4759 1273 4795 :
1307 4740 1473 4809 Vide,
1527 4758 1598 4797 ne
1647 4757 1899 4813 usurpes
1965 4741 2118 4796 hanc

457 4836 775 4892 dictionem
811 4850 914 4905 pro
965 4830 1256 4903 generari,
1318 4835 1604 4900 tanquam
1664 4835 1818 4886 Deus
1875 4831 2119 4886 haberet

457 4925 714 4997 aliquem
745 4938 807 4978 ss
842 4922 1152 4991 majorem,
1211 4922 1276 4973 ut
1326 4919 1397 4973 ab
1460 4935 1526 4974 eo
1585 4920 1683 4990 qui
1738 4927 1868 4974 ante
1918 4919 2114 4990 ipsum

454 5015 648 5070 fuerat
677 5017 819 5067 tunc
851 5012 1083 5080 genitus
1110 5008 1304 5077 fuerit,
1337 5024 1525 5079 neque
1577 5009 1832 5078 Creator,
1867 5013 1969 5064 aut
2013 5009 2115 5063 bo-

461 5120 598 5174 nus,
618 5105 720 5158 aut
745 5097 1012 5172 spiritus,
1038 5100 1140 5152 aut
1159 5095 1337 5169 ignis,
1365 5099 1466 5152 aut
1496 5095 1724 5168 aliquid
1748 5095 1898 5152 tale:
1925 5111 2116 5167 neque

526 5227 606 5299 (ιι)
635 5221 790 5280 Psal.
824 5236 970 5290 CXLI,
999 5219 1054 5273 5.
1135 5217 1196 5290 (ll
1226 5219 1382 5276 Psal.
1415 5236 1686 5291 cxxxvm,
1718 5221 1772 5292 3,

2245 3339 2336 3389 μιν
2385 3318 2475 3371 καὶ
2524 3318 2691 3372 οἰονεὶ
2737 3315 2986 3391 δευτέραν
3032 3319 3216 3392 ψυχὴν
3259 3316 3595 3388 αἰσθητικὴν
3651 3318 3744 3383 τῆς
3786 3315 3872 3386 ψυ-

2240 3410 2350 3482 χῆς
2415 3407 2464 3460 οἱ
2523 3408 2650 3482 παρ’
2700 3403 2943 3477 Ἕλλησι
2999 3407 3157 3483 σοφοὶ
3191 3404 3485 3462 καλοῦσιν⁹
3517 3409 3551 3476 ἡ
3587 3405 3674 3461 οὖν
3704 3403 3868 3470 αἰσθη.

2237 3497 2362 3565 τική
2398 3495 2530 3565 αὕτη
2563 3497 2716 3571 ψυχή
2753 3493 2894 3550 ἐστιν
2919 3497 2952 3563 ἡ
2991 3494 3158 3570 μέχρι
3213 3492 3460 3566 μυελῶν,
3510 3495 3598 3550 xui
3648 3485 3861 3566 φλεϐῶν,

2237 3585 2325 3639 xui
2377 3586 2676 3660 ἀρτηριῶν,
2735 3583 2826 3640 xui
2874 3583 3098 3653 ὀστέων,
3149 3584 3240 3638 xui
3289 3583 3431 3640 ὅλου
3486 3588 3584 3640 τοῦ
3641 3583 3863 3654 σώματος

2239 3671 2524 3744 διήκουσα.

2308 3849 2335 3911 §
2392 3845 2482 3900 ιν.
2557 3842 2877 3916 Ἀμείωτον,
2954 3844 3267 3920 ἀγέννητον.
3338 3844 3655 3917 Σημείωσαι
3711 3857 3856 3895 ποσα-

2238 3937 2356 4007 χῶς
2405 3927 2739 4004 λαμϐάνεται
2795 3936 2892 3987 τοῦ
2951 3933 3248 4008 ἀγεννήτου
3305 3934 3342 4002 ἡ
3409 3933 3666 4005 σημασία·
3724 3927 3756 3996 ἢ
3805 3923 3856 3978 τὸ

2239 4023 2407 4095 μήπω
2437 4021 2752 4096 γενόμενον,
2774 4021 3165 4095 γεννησόμενον
3201 4018 3362 4091 δεῖν,
3397 4023 3474 4084 ὡς
3506 4024 3539 4090 ἡ
3566 4017 3737 4095 Σάῥρα
3763 4015 3857 4070 εἷπε

2231 4112 2316 4180 τὸ,
2347 4109 2516 4169 Οὔπω
2577 4111 2672 4183 μὲν
2723 4110 2848 4183 ἐμοὶ
2897 4108 3131 4186 γέγονεν’
3180 4111 3216 4179 ἢ
3269 4111 3345 4174 ὡς
3403 4107 3738 4173 ἁτελείωτον,
3792 4102 3852 4160 ὡς

2235 4202 2262 4255 6
2307 4199 2356 4254 ἐν
2407 4198 2626 4273 Χαλάνῃ
2678 4199 2900 4276 πύργος·
2965 4199 2999 4267 ἣ
3059 4198 3162 4254 ὑπό
3217 4220 3339 4268 του,
3397 4199 3475 4261 ὡς
3529 4198 3611 4266 τὸ,
3666 4189 3855 4250 Παῦλος

2230 4287 2541 4351 ἀπόστολος
2571 4289 2670 4344 οὐκ
2717 4287 2768 4360 ἐξ
2800 4289 3124 4362 ἀνθρώπων
3158 4290 3192 4357 ἣ
3219 4285 3369 4362 τόδε,
3421 4287 3496 4351 ὡς
3545 4287 3762 4343 Ἰοῦστος
3791 4278 3852 4336 εἷς

2230 4383 2336 4433 τῶν
2369 4376 2598 4433 δώδεκαο
2634 4379 2667 4447 ἦ
2710 4375 2942 4451 μηδαμῆ
2974 4373 3248 4450 μηδαμῶς
3307 4376 3391 4445 ὃν,
3452 4376 3526 4439 ὡς
3576 4371 3671 4428 ὅσα
3719 4385 3851 4440 τερα·

2228 4467 2471 4522 τεύονται
2502 4465 2794 4537 Ἕλληνες,
2847 4464 3124 4537 Σκύλλαν,
3173 4466 3261 4520 καὶ
3323 4463 3616 4538 Χίμαιραν,
3667 4457 3747 4514 καὶ
3794 4452 3850 4506 τά

2229 4556 2414 4630 ὅμοια.
2475 4553 2684 4618 Ἰδικῶς
2735 4553 2825 4611 οὖν
2883 4554 2972 4609 xui
3005 4552 3295 4616 ἀπολύτως
3353 4555 3418 4609 τὸ
3475 4553 3746 4626 ἀγέννητον
3775 4539 3847 4596 ἰπὶ

2227 4650 2360 4700 Θεοῦ
2377 4649 2444 4702 ⁷⁸.
2479 4645 2571 4707 Εἲς
2597 4645 2660 4700 τὸ
2709 4644 2859 4700 αὐτὸ.
2893 4642 3080 4700 Εἰπὼν
3122 4641 3418 4717 ἀγέννητον
3450 4643 3539 4696 τὸν
3573 4637 3715 4705 Θεὸν,
3763 4629 3844 4686 τὰς

2227 4733 2631 4812 παλιμφήμους
2692 4733 2986 4809 ἑρμηνείας
3030 4735 3128 4787 τοῦ
3195 4731 3464 4803 ὀνόματος
3502 4718 3844 4812 ἀποκαθαίρξι,

2227 4823 2315 4877 καί
2365 4845 2563 4901 φησιν,
2628 4824 2767 4897 ’Ὸρα
2824 4823 2900 4895 μή
2959 4820 3034 4882 εἷς
3078 4821 3140 4875 τὸ
3198 4819 3550 4894 γεγεννῆσθαι
3603 4813 3714 4884 δέξῃ
3757 4805 3841 4901 τήν

2229 4911 2395 4982 λέξιν,
2427 4913 2501 4975 ὡς
2550 4916 2647 4966 τοῦ
2695 4915 2829 4966 Θεοῦ
2879 4909 3110 4985 ἔχοντος
3160 4910 3252 4964 τὸν
3284 4909 3412 4981 ὑπὶρ
3471 4901 3750 4969 αὐτὸν,ἱνα
3794 4891 3846 4985 ἐξ

2223 4978 2319 5057 τοῦ
2349 5002 2454 5076 πρὸ
2488 5001 2654 5056 αὐτοῦ
2706 4978 3017 5077 γέρνητοιίἠ
3067 4996 3214 5070 τόδε,
3277 4978 3393 5052 οἷον
3441 4978 3843 5081 613910691563

2227 5066 2446 5166 ἀγαθὸς,
2479 5091 2514 5161 ἢ
2545 5066 2780 5164 πνεῦμα,
2896 5093 3026 5163 πῦρ,
3057 5089 3092 5158 ἢ
3123 5109 3175 5142 τι
3202 5066 3491 5142 τοιοῦτον·
3537 5076 3676 5136 ἀλλὰ
3724 5066 3843 5146 μηδὲ

1457 5345 1699 5401 νΑΒΙίΕ
1740 5345 2131 5402 LECTIONES
2172 5346 2259 5402 ET
2297 5344 2865 5404 CORRECTIONES.

520 5447 564 5483 ’⁷³
597 5444 927 5530 συνθέσειοςτ.
965 5443 1059 5530 '73'
1095 5441 2156 5530 μήπωηγεννώμενονκγεννηθησόμενον
2182 5439 2275 5530 Αδκὲ.
2355 5445 2400 5530 τξ
2451 5439 2618 5530 ἤγοῦν
2669 5443 2805 5530 κατὰ
2855 5441 3026 5530 μηιδέν
3074 5446 3281 5504 τούτων
3333 5444 3417 5502 ἐπὶ
3470 5443 3617 5530 Θεοῦ(
3673 5436 3727 5528 [ά
3759 5430 3827 5518 εδξ

454 5519 758 5604 se‘cundu'm
781 5515 928 5604 nih’il
958 5515 1178 5604 hprum.
1255 5512 1622 5604 ξδ’ἀγέννητοο
1653 5512 1864 5604 ἀκούων
1889 5512 1978 5601 ἐπὶ
2003 5512 2125 5600 ’βιοῖ

2239 5512 2526 5604 missu
2557 5512 2878 5604 ἐπιγοῑὶσης)
2911 5516 2987 5578 ὡς
3024 5520 3098 5604 μή

3105 5519 3533 5599 πω-γενόμενον,
3579 5513 3613 5580 ἢ
3664 5509 3824 5599 63433

453 5587 814 5668 τελειωθέντα
839 5586 926 5668 εἷς,
949 5589 1010 5640 τὸ
1040 5606 1210 5668 γεγεν.
1245 5577 1555 5668 [ηρώιὶιιιὶη
1601 5586 1835 5644 audiens
1881 5587 2050 5659 impie
2092 5589 2125 5643 ί4

2239 5588 2242 5637 ἷ
2290 5577 2578 5660 in'télligas
2625 5587 2690 5646 de
2713 5577 2837 5659 D65,
2865 5577 3034 5661 'qudsi
3059 5577 3303 5651 n'ondu'm
3329 5577 3546 5667 g'enitu's
3572 5577 3712 5646 esset,
3739 5577 3824 5630 αυτ

456 5663 702 5721 nondum
721 5662 959 5734 perfecte
987 5660 1204 5730 genitus
1230 5660 1389 5728 forel.
