4108 6392
319 339 432 394 373

1077 341 1135 396 Β.
1178 342 1447 395 ΜΑΧΙΜΙ
1481 342 1789 396 SCHOLIA
1826 342 1904 394 IN
1941 341 1975 393 L

2119 343 2214 395 DE
2254 344 2525 400 DIVINIS
2563 347 2986 405 NOMINIBUS.

3647 353 3754 410 374

319 463 619 537 ἀγέννητον
665 456 946 534 ὑπολάϐῃς
991 461 1084 516 τὸν
1155 460 1341 530 αὐτὸν,
1403 459 1544 535 μηδὲ
1590 457 1719 516 ὄντα
1773 480 1970 516 παντε-

2092 465 2360 521 eumdem
2395 466 2705 538 ingenitum
2737 472 3044 530 arbitreris
3075 492 3179 530 nec
3211 493 3455 548 prorsus
3488 493 3617 533 esse
3647 489 3753 550 ge'

319 552 442 616 λῶς
491 555 629 624 μήτε
677 550 730 606 ἐν
778 549 1004 628 γενέσει,
1054 554 1194 624 μήτε
1239 548 1424 626 ἕτερόν
1468 573 1540 608 τι.
1591 556 1714 613 Πῶς
1770 551 1862 605 οὗν
1906 549 1988 606 δεῖ

317 643 386 697 τὸ
422 642 716 717 ἀγέννητον
760 640 998 711 ἀκούειν,
1052 641 1214 718 φησὶν
1267 640 1480 714 ἐφεξῆς.
1529 643 1710 698 Ταῦτα
1751 638 1807 695 δὲ
1851 640 1988 695 κατά

319 732 626 805 Ἀρειανῶν
671 731 758 785 καὶ
813 729 1164 802 Εύνομιανῶν
1232 736 1399 798 ποιεῖ,
1462 734 1568 784 τῶν
1615 728 1674 784 ἐκ
1721 735 1985 804 γεννητοῦ

321 821 414 875 καὶ
449 820 751 894 ἀγεννήτου
779 820 872 874 τὸν
901 821 1030 874 Θεὸν
1063 818 1278 897 βλασφη
1292 821 1600 891 μησάντων.

398 924 559 982 Ἀλλ’
612 926 794 999 ὥσπερ
873 924 1291 999 παναγέννητον.
1353 925 1595 995 Ἐπειδὴ,
1677 925 1748 987 ὥς
1819 947 1982 1004 φησιν

319 1017 461 1092 ὑπὲρ
513 1021 616 1070 πᾶν
677 1017 973 1091 ἀγέννητον
1023 1011 1152 1070 ὄντα
1202 1016 1287 1070 τὸν
1353 1016 1504 1087 Θεὸν,
1548 1021 1699 1070 ποιεῖ
1761 1015 1983 1087 νομίζε-

317 1117 468 1178 σθαι,
502 1107 589 1160 καὶ
622 1103 798 1180 λέγειν
846 1104 1006 1160 αὐτὸν
1053 1103 1112 1159 ἐκ
1147 1103 1344 1160 τούτου
1390 1103 1525 1158 εἷναί
1566 1125 1686 1159 τινα
1723 1105 1856 1178 μετά
1882 1106 1981 1172 τήν

315 1195 477 1267 ἁγίαν
528 1192 732 1270 Τριάδα
790 1194 1052 1268 ἀγέννητοι
1126 1194 1176 1247 ἐν
1246 1197 1313 1267 τῇ
1381 1194 1575 1263 κτίσει,
1636 1195 1764 1270 φέρε
1820 1195 1983 1272 σαφὲς

311 1285 643 1356 ποιήσωμεν
691 1284 756 1339 τὸ
807 1284 1236 1356 σημαινόμενον.
1285 1283 1387 1339 Καὶ
1433 1284 1570 1345 τέως
1621 1280 1793 1349 δῆλός
1840 1283 1980 1338 ἐστιν

313 1371 370 1443 ἐξ
430 1372 614 1447 ἀρχῆς
670 1373 699 1426 6
746 1377 890 1436 θεῖος
958 1370 1259 1440 Διονύσιος,
1320 1372 1410 1427 ἅτε
1473 1372 1708 1444 μάλιστα
1758 1372 1880 1426 τότε
1928 1372 1980 1427 ἐν

315 1463 535 1537 Ἐφέσῳ
595 1461 952 1534 ἀκμαζόντων
1021 1465 1128 1515 τῶν
1194 1461 1532 1539 φιλοσόφων,
1612 1458 1737 1525 ἔνθα
1800 1462 1890 1515 καὶ
1943 1463 1978 1532 ἡ

315 1551 547 1619 Ἰωνική
591 1548 892 1627 φιλοσοφία
939 1552 1299 1622 συνειστήκει,
1355 1555 1452 1605 τοῦ
1505 1549 1663 1625 ἁγίου
1703 1548 1980 1622 Τιμοθέου

315 1639 626 1694 ἐπισκόπου
701 1635 880 1706 ὄντος,
968 1636 1286 1708 σπουδάζων
1354 1640 1525 1694 πάντα
1605 1639 1672 1693 τά
1755 1638 1980 1701 ἐκείνοις

316 1726 684 1806 ἐσφαλμένως
723 1726 1017 1804 λεγόμενα,
1071 1728 1159 1782 ἐπὶ
1203 1729 1302 1796 τήν
1336 1727 1599 1799 ἀλήθειαν
1635 1733 1976 1804 μεταγαγεῖν.

315 1816 477 1886 ’ᾙδει
540 1819 632 1873 οὗν
691 1819 825 1872 εἶναι
878 1815 1060 1892 δόγμα
1133 1822 1294 1872 τινῶν
1355 1817 1530 1872 αὐτῶν
1586 1815 1855 1892 λεγόντων
1913 1818 2057 1906 τάΒ

312 1908 498 1977 νοητά
525 1908 699 1962 πάντα
741 1907 831 1962 καὶ
891 1906 1150 1973 ἀθάνατα,
1195 1907 1287 1962 καὶ
1337 1907 1498 1981 νοερὰ
1531 1908 1762 1982 γεννητά
1803 1906 1976 1962 πάντα

311 1997 409 2052 καὶ
442 1997 711 2070 ἀγέννητα
744 2016 754 2029 ·
807 1996 1040 2070 γεννητά
1090 1997 1208 2068 μὶν,
1261 1998 1336 2057 ὡς
1393 1995 1444 2066 ἐξ
1496 1995 1673 2050 αἱτίου
1719 2001 1817 2050 τοῦ
1843 2000 1976 2051 Θεοῦ

311 2085 630 2141 ὑποστάντα
685 2085 820 2140 κατὰ
867 2083 1102 2158 πρόοδον
1155 2083 1483 2158 ἐλλάμψεως
1519 2105 1532 2118 ’
1588 2085 1855 2159 ἀγέννητα
1895 2084 1973 2154 δὲ,

307 2176 437 2239 καθ’
468 2176 498 2230 ὃ
533 2176 611 2248 μή
644 2173 697 2229 ἐν
730 2173 939 2250 χρόνῳ,
992 2173 1117 2230 ἀλλ’
1161 2175 1417 2242 αἰωνίως,
1458 2174 1730 2229 τουτέστιν
1774 2175 1825 2228 ἐν
1856 2180 1975 2236 τοῖς

310 2265 480 2320 αἰῶσι
548 2261 850 2340 προῆλθον.
905 2263 1008 2320 Καὶ
1060 2263 1161 2338 γὰρ
1214 2257 1420 2340 ἔφημεν
1479 2261 1588 2317 ἄνω
1633 2263 1701 2318 τὰ
1747 2263 1977 2334 αἰσθητά

307 2356 408 2410 τὸν
442 2354 642 2430 χρόνον
677 2351 824 2428 ἔχειν
859 2372 872 2386 '
905 2353 972 2407 τὰ
1021 2350 1078 2407 δὲ
1123 2353 1313 2422 νοητὰ,
1363 2353 1456 2407 τὸν
1505 2352 1695 2421 αἰῶνα,
1735 2355 1854 2416 ὅθεν
1885 2354 1972 2408 καὶ

312 2443 520 2498 αἰώνια
551 2441 822 2517 λέγονται.
873 2443 962 2504 Ὧς
1007 2440 1096 2497 οὖν
1150 2441 1207 2496 έκ
1256 2440 1497 2515 προόδου
1547 2439 1840 2516 λάμψαντα
1886 2442 1975 2497 καὶ

309 2533 597 2608 ἀγέννητοι
625 2531 761 2587 αὐτὰ
811 2534 965 2586 εἷπον
997 2549 1010 2564 °
1061 2530 1226 2586 πάλιν
1278 2527 1398 2605 ᾔδει
1450 2529 1665 2606 ἐτέρους
1705 2533 1791 2586 καὶ
1825 2529 1977 2587 τόνδε

310 2625 416 2677 τοῦ
447 2623 650 2697 ὁρατοῦ
700 2619 949 2683 εἰπόντας
995 2621 1202 2694 κόσμον
1249 2618 1338 2674 καὶ
1387 2621 1646 2693 γεννητὸν
1687 2621 1778 2674 καὶ
1821 2620 1975 2694 ἀγέν-

311 2732 485 2782 νητον
519 2727 532 2741 ⁸
562 2709 652 2764 καὶ
683 2710 940 2784 γεννητὸν
971 2710 1087 2782 μὲν,
1133 2710 1251 2773 καθ’
1280 2707 1404 2763 ὅσον
1456 2708 1530 2770 εἷς
1559 2707 1714 2763 τόνδε
1738 2710 1799 2764 τὸ
1829 2715 1931 2764 πᾶν
1959 2726 1974 2741 ο

308 2799 348 2870 ἤ
387 2799 440 2871 ἐξ
465 2799 584 2861 ἑνὸς
619 2799 706 2853 ἐπὶ
756 2795 947 2853 πολλά
998 2795 1193 2868 ὁδεύει,
1238 2796 1370 2871 ὅπερ
1421 2796 1535 2852 ἐστῖ
1592 2796 1677 2852 ἐπὶ
1709 2799 1803 2859 τὰς
1831 2797 1976 2873 γενέ-

309 2910 426 2951 σεις
454 2892 568 2942 τῶν
604 2888 722 2942 κατ’
755 2884 898 2948 εἶδος
934 2887 1110 2955 ζώων,
1142 2885 1233 2940 καὶ
1261 2890 1463 2962 φυτῶν,
1491 2885 1581 2939 καὶ
1611 2890 1717 2940 τῶν
1753 2883 1937 2941 ἄλλων
1961 2906 1973 2919 ·

307 2976 345 3048 ἤ
405 2977 467 3032 ἰκ
520 2981 626 3031 τῶν
680 2974 908 3031 πολλῶν
959 2974 1046 3029 ἐπὶ
1103 2975 1167 3030 τὸ
1219 2971 1300 3040 ἓν,
1355 2975 1471 3030 ἀντὶ
1519 2979 1640 3042 τοῦ,
1703 2973 1830 3030 ὅταν
1889 2974 1975 3030 ἐπὶ

311 3065 528 3144 φθορὰν
589 3062 777 3139 ὅδεύῃ,
836 3064 912 3126 εἷς
970 3065 1068 3134 τὴν
1116 3063 1201 3119 ἐπὶ
1253 3063 1319 3118 τὰ
1372 3069 1625 3138 στοιχεῖα
1672 3061 1928 3118 ἀνάλυσιν
1961 3083 1974 3096 ·

307 3155 610 3230 ἀγέννητον
644 3151 702 3208 δὲ
731 3152 885 3215 αὖθις
932 3152 1024 3208 τὸν
1074 3152 1238 3208 αὐτὸν
1293 3153 1549 3227 λέγοντας
1587 3153 1819 3225 κόσμον,
1851 3150 1975 3221 ἤτοι

309 3242 518 3312 ἀΐδιον,
552 3245 670 3299 καθ’
704 3244 828 3298 ὅσον
879 3247 986 3297 τῶν
1037 3244 1304 3312 κινήσεων
1348 3246 1458 3298 τῶν
1508 3241 1594 3296 ἐπὶ
1635 3241 1862 3316 γένεσιν,
1885 3243 1978 3296 καὶ

309 3338 423 3389 τῶν
460 3332 990 3388 ἀποκατάαστασεων
1016 3336 1124 3386 τῶν
1158 3330 1247 3386 ἐπὶ
1297 3332 1521 3410 φθορὰν,
1553 3328 1814 3385 οὐδέποτε
1861 3331 1976 3385 κατ’

313 3422 520 3484 αὐτοὺς
550 3422 852 3500 ἐφίσταται.
888 3423 1063 3491 Φησὶν
1101 3421 1193 3476 οὗν
1225 3421 1253 3475 6
1298 3421 1468 3494 μέγας
1497 3420 1797 3490 Διονύσιος,
1827 3419 1976 3482 ὅπως

313 3513 443 3568 ποτ’
473 3515 532 3567 ἂν
563 3511 780 3588 λέγοιτο
829 3511 891 3565 τὸ
939 3511 1252 3584 ἀγέννητον,
1295 3507 1400 3563 εἴτε
1449 3508 1522 3571 ὠς
1567 3503 1724 3585 ἔφην,
1770 3506 1873 3563 εἶτε
1905 3508 1980 3572 ὡς

315 3603 377 3657 οἷ’
428 3599 727 3671 ⁸Ελληνες,
781 3600 857 3671 μὴ
912 3597 998 3654 ἐπὶ
1051 3602 1152 3653 τοῦ
1203 3602 1337 3652 Θεοῦ
1386 3602 1546 3652 τοῦτο
1599 3595 1746 3672 δέξῃ,
1785 3599 1853 3652 τὰ
1885 3599 1979 3669 μὲν

315 3689 470 3746 ἄλλα
508 3689 767 3751 αἷτιατῶς
800 3687 1013 3765 λέγεται
1067 3688 1346 3762 ἀγέννητα,
1382 3688 1408 3741 6
1459 3687 1590 3750 Θεὸς
1637 3683 1694 3742 δὶ
1725 3686 1979 3748 ἀναιτίως

312 3779 412 3835 καὶ
467 3776 763 3840 ἀπολύτως
797 3799 809 3812 ο
869 3777 951 3840 τίς
1001 3777 1100 3852 γὰρ
1158 3775 1303 3830 αἰτία
1350 3781 1466 3849 Θεῷ
1505 3777 1719 3831 πάντων
1777 3776 1978 3847 ἁπαξα-

315 3869 480 3930 πλῶς
502 3867 828 3942 ὑπερέχοντι
860 3884 873 3934 ;

2098 553 2312 622 nitum,
2365 572 2472 612 nec
2502 557 2721 629 aliquid
2757 560 2940 617 aliud.
2989 565 3287 628 Quomodo
3319 566 3501 637 igitur
3544 568 3754 624 debeat

2097 642 2347 715 intelligi
2384 647 2714 714 ingenitum,
2742 655 2943 719 postea
2965 653 3124 708 dicit.
3152 654 3280 709 Haec
3303 661 3498 710 autem
3548 662 3749 712 contra

2101 733 2343 788 Arianos
2394 739 2450 789 et
2500 737 2898 795 Eunomianos
2949 741 3190 810 faciunt,
3223 745 3321 814 qui
3353 761 3421 798 ex
3452 745 3648 816 genito
3697 751 3754 802 et

2094 820 2358 892 ingenito
2390 823 2820 896 blasphemiam
2854 828 2969 884 Deo
3001 831 3282 886 inferunt.

2164 927 2271 983 Sed
2315 937 2579 1000 tanquam
2625 933 2812 988 omina
2859 934 3191 1006 ingenitum.
3238 938 3747 1010 Quandoquidem,

2095 1021 2160 1071 ut
2191 1019 2290 1088 ait,
2343 1019 2526 1074 Deum
2586 1023 2685 1091 qui
2736 1041 2917 1095 supra
2984 1042 3158 1081 omne
3207 1026 3558 1098 ingenitum,
3614 1029 3749 1085 facit

2093 1107 2444 1177 existimari,
2494 1115 2550 1164 et
2580 1111 2770 1167 dicere
2802 1113 2996 1185 ipsum
3030 1132 3098 1169 ex
3128 1116 3235 1170 hoc
3269 1133 3396 1171 esse
3429 1117 3626 1188 aliqua
3657 1118 3748 1172 in-

2093 1203 2296 1252 sancta
2328 1197 2615 1254 Trinitate
2646 1200 2910 1272 ingenita
2941 1221 3041 1274 per
3070 1205 3422 1260 creationem
3451 1223 3465 1275 ;
3500 1207 3745 1278 agedum

2091 1285 2467 1356 perspicuum
2521 1288 2806 1346 faciamus
2839 1291 2894 1345 id
2925 1293 3080 1364 quod
3117 1293 3502 1364 signiﬁcatur.
3536 1299 3746 1352 Hacte-

2091 1390 2205 1429 nus
2237 1375 2616 1431 manifestum
2651 1383 2741 1433 est
2762 1395 2793 1433 a
2825 1379 3113 1452 principio
3134 1385 3188 1436 S.
3215 1382 3581 1454 Dionysium,
3610 1400 3742 1440 cum

2091 1463 2346 1518 maxime
2380 1470 2507 1519 tum
2529 1468 2812 1537 temporis
2845 1468 3181 1542 phi1030phi
3207 1470 3420 1542 Ephesi
3448 1472 3742 1544 ﬂorerent,

2090 1553 2189 1606 ubi
2239 1553 2416 1608 etiam
2460 1555 2653 1611 Ionica
2708 1557 3080 1630 philosophia
3139 1561 3466 1616 constituta
3526 1563 3739 1634 fuerat,

2089 1646 2295 1696 sancto
2345 1643 2651 1700 Timotheo
2698 1645 2996 1718 episcopo,
3030 1648 3330 1704 studuisse
3363 1650 3563 1705 omnia
3613 1668 3740 1722 quas

2089 1730 2161 1785 ab
2206 1729 2325 1786 illis
2357 1748 2491 1787 cum
2525 1748 2719 1789 errore
2749 1736 3046 1803 dicuntur,
3079 1738 3148 1791 ad
3182 1737 3482 1793 veritatem
3529 1740 3739 1794 tradu-

2089 1834 2239 1873 cere.
2273 1819 2504 1876 Sciebat
2534 1821 2717 1894 igitur
2746 1837 2874 1878 esse
2905 1826 3122 1896 dogma
3153 1829 3548 1896 quorumdam
3572 1828 3738 1899 ipso-

2088 1925 2218 1962 rum
2253 1907 2571 1964 dicentium
2603 1912 2802 1966 omnia
2837 1913 3236 1985 intelligibilia
3266 1921 3322 1969 et
3352 1916 3734 1984 immortalia,

2085 2003 2142 2051 et
2192 1997 2491 2053 intellectu
2542 2001 2783 2070 praedita
2830 2003 3027 2072 genita
3078 2003 3276 2057 omnia
3326 2011 3383 2059 et
3432 2006 3732 2077 ingenita:

2085 2085 2283 2156 genita
2312 2087 2570 2156 quidem,
2605 2093 2670 2144 ut
2693 2089 2807 2144 Deo
2840 2095 3076 2146 auctore
3105 2093 3493 2149 subsistentia
3523 2111 3734 2149 secun-

2085 2175 2227 2229 dum
2258 2192 2632 2247 progressum
2660 2178 3070 2236 illustrationis
3096 2202 3110 2249 ;
3143 2181 3411 2253 ingenita
3431 2199 3567 2238 vero
3587 2200 3735 2255 qua-

2084 2268 2258 2319 tenus
2289 2282 2405 2321 non
2437 2267 2494 2320 in
2537 2273 2821 2339 tempore,
2853 2271 2954 2324 sed
2987 2275 3294 2341 aeternum,
3328 2271 3383 2326 id
3413 2277 3501 2328 est
3538 2273 3595 2327 in
3629 2291 3741 2329 saa-

2087 2353 2236 2408 culis
2268 2363 2699 2426 processerunt.
2724 2357 2868 2412 Nam
2924 2376 3109 2430 supra
3160 2361 3418 2416 diximus
3477 2362 3742 2420 sensillia

2086 2441 2300 2498 habere
2347 2448 2613 2516 tempus;
2676 2446 3075 2519 intelligibilia
3122 2466 3280 2517 vero,
3328 2452 3741 2521 aeternitatem,

2087 2533 2240 2587 unde
2290 2535 2466 2590 etiam
2499 2540 2714 2591 aeterna
2745 2537 3044 2594 dicuntur.
3095 2539 3261 2594 Sicut
3289 2540 3472 2612 igitur
3501 2558 3569 2597 ex
3604 2558 3742 2613 pro-

2085 2637 2290 2692 gressu
2339 2622 2597 2678 lucentia
2645 2629 2702 2679 et
2730 2624 2995 2696 ingenita
3025 2642 3092 2682 ea
3145 2628 3456 2685 dixerunt:
3510 2636 3736 2696 contra,

2087 2711 2305 2766 sciebat
2355 2711 2501 2767 alios
2553 2712 2770 2769 dixisse
2823 2716 3114 2770 mundum
3150 2717 3306 2772 hunc
3359 2719 3624 2787 genitum
3678 2723 3736 2775 et

2085 2799 2458 2871 ingenitum:
2509 2817 2575 2856 ac
2611 2802 2875 2873 genitum
2910 2805 3170 2875 quidem,
3207 2811 3500 2876 quatenus
3529 2807 3587 2862 in
3629 2809 3739 2862 hoc

2086 2887 2374 2960 quidlibet
2421 2895 2526 2946 aut
2554 2907 2624 2945 ex
2654 2908 2771 2946 uno
2804 2893 2863 2947 in
2906 2892 3092 2948 multa
3127 2894 3520 2965 progreditur,
3583 2897 3741 2966 quod

2086 2985 2176 3036 est
2248 2980 2306 3033 in
2381 2981 2790 3051 generationes
2865 2981 3310 3052 particularium
3391 2984 3742 3041 animalium

2086 3074 2143 3124 et
2198 3067 2561 3140 plantarum,
2621 3087 2686 3124 ac
2746 3069 2993 3125 aliorum
3051 3089 3063 3138 ;
3127 3077 3229 3127 aut
3297 3089 3366 3128 ex
3421 3073 3625 3129 multis
3683 3075 3743 3129 in

2091 3174 2298 3225 unum,
2352 3175 2477 3229 pro,
2527 3160 2765 3230 quando
2813 3161 2873 3214 in
2923 3161 3359 3232 corruptionem
3410 3163 3617 3230 tendit,
3682 3163 3742 3218 in

2091 3245 2510 3302 resolutionem
2563 3248 2711 3304 205
2765 3249 2822 3303 in
2873 3249 3182 3305 elementa.
3227 3251 3560 3322 Ingenitum
3611 3268 3746 3306 vero

2091 3340 2293 3407 postea
2327 3335 2590 3391 dicentes
2625 3337 2823 3408 ipsum
2859 3339 3167 3404 mundum,
3207 3340 3433 3395 scilicet
3466 3344 3748 3395 aeternum

2089 3429 2384 3496 quatenus
2436 3427 2763 3481 secundum
2797 3426 2955 3498 ipsos
2988 3445 3295 3499 nunquam
3346 3428 3568 3484 insistit
3618 3445 3748 3484 mo-

2087 3513 2350 3568 tionibus
2371 3529 2500 3584 quaa
2526 3514 2581 3568 in
2609 3515 3112 3585 generationibus,
3139 3521 3316 3588 atque
3338 3517 3398 3572 in
3424 3518 3743 3588 pristinum

2089 3606 2309 3657 statum
2362 3602 2837 3659 restitutionibus
2889 3620 3014 3675 quae
3048 3605 3107 3659 in
3155 3605 3529 3678 corruptione
3576 3623 3744 3678 repe-

2089 3691 2344 3746 riuntur.
2378 3691 2530 3747 Dicit
2558 3691 2762 3763 itaque
2791 3709 3046 3764 magnus
3069 3693 3389 3766 Dionysius
3422 3697 3740 3766 quomodo-

2090 3796 2322 3850 cunque
2353 3779 2671 3850 aliquando
2701 3781 2933 3835 dicatur
2965 3781 3318 3852 ingenitum,
3352 3784 3472 3838 sive
3505 3788 3568 3838 ut
3598 3783 3740 3849 dixi,

2094 3869 2214 3924 sive
2265 3873 2329 3923 ut
2359 3869 2560 3935 Graeci,
2594 3887 2710 3925 non
2742 3870 2812 3924 de
2849 3870 2966 3925 Deo
2999 3871 3110 3926 hoc
3149 3871 3422 3944 accipies,
3456 3871 3570 3928 alia
3610 3873 3744 3944 qui-

311 3961 454 4015 dem
508 3975 614 4031 per
659 3958 904 4013 modum
953 3955 1194 4012 effectus
1247 3955 1509 4028 ingenita
1555 3956 1866 4024 dicuntur;
1915 3957 2066 4014 Deus
2132 3973 2266 4012 vero
2299 3958 2425 4012 sine
2455 3973 2634 4013 causa
2663 3963 2719 4012 et
2750 3957 2968 4014 libere:
3005 3975 3131 4030 quae
3163 3963 3319 4016 enim
3351 3961 3490 4030 Deo,
3540 3978 3742 4033 causa,

315 4047 596 4105 absolute
626 4051 683 4103 et
711 4045 986 4102 omnibus
1017 4043 1296 4100 excellit?

382 4149 701 4214 Μονοειδῶς
749 4150 842 4206 καὶ
907 4146 1254 4211 ταύτοειδῶς.
1336 4146 1651 4211 Μονοειδῶς
1728 4150 1821 4223 μὲν
1877 4147 1977 4228 ἔφη

309 4241 407 4298 διὰ
453 4243 519 4297 τὸ
595 4238 879 4302 παντελῶς
934 4233 1321 4313 ἀπαραϐλητον
1369 4239 1467 4310 τῆς
1521 4237 1663 4303 θείας
1719 4237 1928 4317 φύσεως
1962 4259 1974 4272 ·

304 4325 644 4390 ταῦτοειδῶς
677 4325 735 4382 δὲ
785 4325 874 4382 διὰ
919 4327 984 4382 τὸ
1035 4324 1409 4382 ἀναλλοίωτον
1459 4329 1550 4380 καί
1597 4321 1979 4399 ἀμετάϐλητον

305 4417 717 4497 ἀφοριζόμενον
763 4414 820 4472 δὲ
866 4417 928 4471 τὸ
967 4413 1338 4489 δεικνύμενον,
1373 4414 1476 4470 ἀπὸ
1507 4418 1604 4470 τοῦ
1635 4415 1838 4490 ὁρίζειν
1873 4435 1884 4449 ·
1937 4413 1974 4485 ἤ

300 4510 369 4565 τὸ
405 4507 744 4584 ἐξῃρημένον
775 4505 865 4562 καὶ
893 4505 1327 4583 κεχωρισμένον.

386 4685 489 4742 Καὶ
518 4685 580 4741 τὸ
619 4684 832 4741 ταύτόν.
886 4686 962 4742 Τὸ
1022 4683 1104 4739 ἀεὶ
1151 4681 1344 4738 ταύτὸν
1393 4682 1483 4737 καὶ
1533 4683 1790 4746 ὡσαύτως
1838 4679 1964 4760 ἕχον

2165 4154 2451 4222 Uni/arma
2482 4153 2734 4225 idemque
2779 4154 2979 4225 specie,
3039 4156 3135 4210 Gr.
3170 4152 3464 4226 μονοειδῶς
3505 4155 3596 4209 καὶ
3622 4154 3747 4209 ταύ-

2086 4237 2335 4302 τοειδῶς.
2360 4242 2516 4298 Dixit
2541 4238 2846 4313 μονοειδῶς
2870 4260 2986 4298 uno
3009 4243 3204 4312 modo,
3231 4244 3370 4316 quia
3393 4246 3634 4300 omnino
3655 4245 3745 4300 di-

2085 4330 2222 4385 vina
2255 4336 2468 4386 natura
2491 4348 2623 4386 cum
2651 4332 2812 4386 nullo
2839 4333 3167 4403 comparari
3198 4333 3424 4404 nequit.
3449 4333 3604 4389 Dixit
3621 4331 3748 4387 ταύ-

2084 4414 2309 4479 τοειδῶς
2337 4436 2350 4486 ;
2385 4421 2590 4474 eodem
2626 4421 2978 4491 modo,quia
3009 4437 3114 4476 nec
3141 4421 3372 4476 alterari
3407 4438 3510 4477 nec
3528 4423 3744 4478 mutari

2086 4513 2298 4578 potest.
2333 4507 2763 4584 Ἀφοριζόμενον
2786 4525 2923 4564 vero
2956 4514 3046 4564 est
3068 4510 3539 4565 demonstratum
3565 4529 3598 4566 a
3617 4527 3741 4566 ver-

2081 4596 2156 4652 bo
2189 4595 2436 4669 ὁρίζειν,,
2470 4603 2574 4652 aut
2597 4602 2936 4668 exemptum
2968 4601 3024 4652 et
3056 4603 3415 4668 separatum.

2149 4687 2213 4740 Et
2242 4688 2406 4742 idem.
2459 4686 2702 4757 Semper
2733 4685 2886 4740 idem
2919 4689 2975 4740 et
3005 4685 3281 4740 similiter
3311 4703 3373 4740 se
3418 4685 3641 4742 habens
3675 4687 3734 4742 in

305 4778 404 4834 ἐπὶ
442 4776 615 4851 μόνης
646 4782 747 4847 τῆς
778 4779 888 4830 τῶν
931 4774 1077 4830 ὅΛων
1131 4780 1427 4844 ποιητικῆς
1461 4773 1648 4848 ὁρᾶται
1688 4757 1964 4847 αἷτίαςξέξ

2092 4774 2202 4830 sola
2233 4791 2294 4829 ca
2307 4792 2413 4830 usa
2435 4792 2564 4846 quae
2587 4775 2788 4830 omnia
2815 4775 3003 4830 facere
3033 4780 3224 4845 potest
3245 4774 3494 4841 videtur,
3530 4792 3597 4829 ex
3620 4792 3736 4847 qua

302 4871 374 4937 ἧς
416 4866 508 4921 καὶ
558 4870 672 4928 τοῖς
714 4864 968 4934 κτίσμασι
1008 4864 1072 4918 τὸ
1119 4862 1172 4918 ἐν
1225 4861 1516 4932 ταυτότητι
1565 4860 1836 4936 διαμένειν
1885 4859 1967 4918 δε-

306 4955 583 5032 δώρηται,
613 4956 702 5010 καὶ
737 4956 772 5024 ἡ
822 4958 930 5009 τῶν
978 4951 1256 5024 ἐναντίων,
1301 4949 1474 5027 ἤγουν
1528 4950 1780 5027 ἒτεροίως
1809 4951 1969 5027 ἑχόν-

303 5066 421 5102 των
454 5046 591 5120 πρὸς
623 5042 850 5114 ἄλληλα
894 5042 1154 5116 σύνταξις.
1199 5039 1424 5104 Ταύτῶς
1473 5038 1565 5096 οὗν
1595 5040 1754 5111 ἅπαν,
1786 5041 1874 5096 καὶ
1903 5040 1970 5096 τὰ

310 5137 394 5209 μὴ
429 5133 483 5188 ἐν
515 5132 807 5203 ταύτότητι
838 5131 1071 5210 φύσεως,
1115 5130 1166 5185 ἐν
1197 5135 1274 5202 τῷ
1304 5131 1420 5202 Θεῴ
1452 5130 1733 5205 Θεωρεῖται
1765 5148 1779 5163 ·

301 5245 421 5280 των
465 5223 567 5301 γὰρ
620 5226 729 5278 τῶν
785 5216 952 5277 ὅντων
1002 5219 1232 5290 ταύτῶς,
1287 5215 1453 5294 ἤγουν
1511 5218 1743 5292 ὁμοίως,
1795 5216 1968 5281 αἷίτιος

300 5315 332 5368 6
367 5312 522 5374 Θεός.

379 5401 536 5459 Κατὰ
583 5402 685 5471 τὴν
749 5399 876 5474 μίαν
927 5399 1017 5454 καὶ
1068 5397 1272 5467 ἒνικήν.
1322 5397 1400 5454 Τὸ
1439 5395 1520 5452 ἀεὶ
1580 5395 1839 5460 ὡσαύτως
1877 5395 1966 5451 καὶ

298 5489 707 5552 ἀναλλοιώτως
748 5488 918 5567 ἔχειν,
972 5483 1102 5561 ὅπερ
1151 5485 1262 5541 ἐστὶ
1307 5485 1520 5556 ταύτὸν,
1572 5486 1599 5538 6
1649 5485 1777 5549 Θεός
1811 5486 1922 5540 ἐστι
1950 5504 1962 5518 ·

297 5581 400 5639 καὶ
431 5581 520 5658 ὑφ’
578 5580 766 5654 ἑτέρου
814 5579 908 5653 μὶν
971 5575 1134 5640 αὐτὸς
1182 5573 1242 5630 οὐ
1300 5577 1650 5651 περατοῦται,
1698 5573 1811 5630 οὐδ’
1854 5574 1964 5630 ἐστί

298 5691 355 5727 τι
394 5667 564 5724 αὐτοῦ
593 5669 783 5743 πέρας,
818 5665 894 5729 είς
944 5663 1102 5720 αὐτὸν
1155 5659 1212 5719 δὶ
1256 5661 1324 5718 τὰ
1363 5664 1538 5720 πάντα
1585 5668 1914 5741 περατοῦταῖ
1946 5681 1960 5698 ο

1830 5132 1968 5184 πάν-

2080 4864 2255 4918 etiam
2290 4865 2491 4919 datum
2517 4870 2606 4919 est
2636 4863 2923 4919 creaturis
2953 4863 3010 4917 in
3038 4863 3341 4918 identitate
3367 4880 3732 4934 permanere,

2078 4956 2135 5007 et
2148 4953 2457 5007 contrariis
2480 4970 2581 5008 seu
2608 4952 2780 5007 aliter
2798 4951 3154 5006 habentibus
3178 4952 3330 5007 inter
3351 4969 3413 5006 se
3431 4952 3733 5022 conjungi.

2077 5041 2295 5096 Eodem
2333 5042 2505 5098 modo
2541 5042 2720 5113 igitur
2746 5041 2967 5106 omnia,
3001 5041 3176 5095 etiam
3213 5058 3339 5112 quae
3374 5058 3488 5096 non
3515 5043 3736 5097 suntin

2077 5131 2279 5185 eadem
2315 5136 2546 5196 natura,
2579 5130 2637 5184 in
2671 5130 2788 5185 Deo
2815 5129 3122 5184 videntur:
3158 5146 3291 5184 nam
3323 5135 3478 5186 Deus
3509 5136 3598 5187 est
3616 5128 3740 5184 ταύ-

2075 5221 2184 5278 τῶς
2216 5235 2318 5274 seu
2352 5220 2630 5275 similiter
2660 5218 2928 5274 omnium
2959 5234 3140 5274 eausa

2148 5398 2461 5455 Secundum
2479 5417 2650 5455 unam
2675 5406 2837 5472 atque
2861 5398 3114 5458 unicam.
3131 5398 3376 5470 Semper
3397 5399 3668 5457 similiter
3680 5408 3736 5457 et

2072 5488 2529 5545 immutabiliter
2561 5490 2793 5559 habere,
2830 5488 2983 5559 quod
3013 5487 3169 5542 idem
3202 5495 3312 5558 est,
3343 5488 3499 5543 Deus
3531 5496 3639 5545 est.
3666 5492 3733 5547 Et

2073 5574 2203 5648 ipse
2235 5577 2476 5648 quidem
2510 5578 2581 5632 a‘b
2608 5575 2718 5632 alio
2741 5588 2854 5633 non
2881 5574 3254 5643 terminatur,
3279 5593 3384 5632 nec
3405 5581 3494 5632 est
3514 5576 3730 5650 aliquis

2074 5665 2204 5737 ejus
2255 5665 2415 5737 ﬁnis,
2445 5666 2544 5723 sed
2577 5663 2777 5722 omnia
2808 5662 2867 5746 in
2914 5663 3042 5738 ipso
3073 5665 3508 5737 terminantur;
3555 5674 3732 5750 atque
