4108 6388
415 346 522 400 375

1239 343 1604 396 ΔΡΡΕΝΒΙΧ
1640 342 1739 394 AD
1774 339 2021 394 OPERA
2057 339 2114 390 Β.
2156 338 2468 393 DIONYSII
2508 341 3011 398 AREOPAGITE.

3732 345 3832 400 376

415 469 574 525 idem
592 482 824 537 semper
851 467 940 520 est
969 464 1142 531 Deus,
1164 479 1299 518 cum
1321 463 1400 519 sit
1423 479 1630 518 monas
1657 478 1724 517 ac
1747 475 1878 516 vere
1909 459 2065 515 idem

2203 455 2270 510 Lai
2305 453 2445 513 ἔστιν
2495 459 2522 513 6
2575 459 2738 523 αὐτὸς
2782 463 2860 516 ἀεὶ
2918 463 3069 528 Θεὸς,
3125 463 3209 523 ὡς
3275 461 3444 535 μονὰς
3505 461 3600 534 ὥν,
3653 464 3739 519 καὶ
3779 454 3834 521 τὸ

423 557 636 628 suique
657 555 848 627 ipsius
870 553 1186 623 terminus,
1206 556 1383 622 atque
1407 552 1673 608 ominum
1699 549 1988 606 terminus
2010 547 2080 603 ab

422 645 696 700 omnibus
713 642 1091 710 discretus,et
1117 658 1233 696 uno
1258 641 1581 711 eodemque
1596 639 1765 694 modo
1779 643 2080 692 transcen-

419 736 608 802 dens;
661 733 719 788 id
751 737 841 787 est
870 737 1165 803 quatenus
1197 735 1286 785 est
1316 746 1521 785 monas
1555 727 1702 784 nulli
1735 727 1913 783 mista
1944 726 2084 780 sim-

417 823 558 896 plex
589 826 759 892 atque
789 819 926 874 κατὰ
954 819 1014 872 τὸ
1043 817 1236 872 ταύτόν
1270 835 1375 874 seu
1407 817 1682 873 similiter
1725 834 1786 872 se
1819 816 2073 871 habens:

418 911 568 967 nihil
599 911 758 966 enim
792 911 985 965 diﬁ‘ert
1015 909 1206 964 dicere
1240 909 1492 963 monada
1514 911 1616 962 aut
1637 905 2002 970 uniusmodi,
2029 906 2085 959 et

419 1001 575 1056 idem
608 1003 710 1055 aut
725 998 1016 1070 ejusmodi
1045 998 1228 1052 :idem
1245 997 1396 1052 enim
1412 995 1724 1068 signiﬁcat.
1749 995 1902 1049 Deus
1919 1009 2081 1048 com-

422 1088 690 1144 municat
715 1087 896 1142 etiam
928 1085 1054 1140 suis
1087 1081 1781 1150 creaturisidentitatem,
1802 1081 1956 1136 unde
1971 1096 2086 1135 om-

425 1176 526 1232 nia
539 1176 744 1232 eadem
759 1179 815 1230 et
829 1173 1122 1240 similiter,
1143 1172 1644 1244 quemadmodum
1662 1174 1848 1240 erant,
1864 1168 1920 1224 in
1941 1184 2083 1224 con-

424 1265 744 1336 spiratione
773 1268 830 1320 et
863 1262 1326 1329 conservatione,
1360 1279 1427 1318 ac
1468 1262 1673 1318 eodem
1705 1260 1914 1315 aﬁ‘ectu
1961 1274 2087 1313 ma-

428 1361 587 1422 nent,
657 1355 812 1410 sicut
871 1357 1119 1424 possunt
1180 1369 1306 1424 quae
1381 1351 1493 1406 hoc
1555 1349 1932 1422 participant.
2003 1347 2088 1401 lta

425 1444 602 1500 etiam
657 1442 1046 1509 diversitates,
1081 1442 1138 1496 id
1185 1445 1295 1512 est,
1357 1439 1622 1495 diversas
1677 1455 1746 1493 ex
1802 1453 1868 1493 eo
1927 1452 2087 1492 crea-

430 1539 698 1589 turarum
731 1531 1175 1604 progressiones
1210 1530 1268 1585 in
1303 1529 1496 1600 seipso
1531 1531 1839 1584 conservat
1870 1529 1926 1581 et
1957 1543 2089 1581 con-

425 1622 668 1695 jungit:
718 1619 898 1676 simul
931 1621 1303 1676 identitatem
1359 1635 1528 1674 suam
1561 1617 1842 1685 retinens,
1874 1621 1931 1671 et
1988 1631 2087 1669 ne-

435 1728 549 1783 que
579 1712 637 1766 in
691 1710 1088 1765 diversitatem
1125 1713 1412 1778 mutatus,
1443 1723 1634 1779 neque
1666 1708 1723 1762 in
1770 1705 2087 1762 contrarie-

435 1804 641 1868 tatem,
673 1799 937 1872 quamvis
963 1798 1138 1854 etiam
1171 1797 1466 1854 contraria
1490 1797 1550 1852 in
1581 1795 1901 1852 sensilibus
1945 1811 2086 1850 con-
2119 1833 2168 1898 Β

439 1890 715 1961 stringat.

506 2070 626 2142 ἓν.
663 2070 808 2138 Quia
832 2069 1045 2126 cunctis
1076 2067 1325 2140 provide.
1356 2065 1725 2123 Constructio
1748 2065 1926 2136 hujus
1959 2081 2090 2120 ora-

433 2159 614 2214 tionis
644 2162 734 2215 est
765 2175 867 2230 per
897 2158 1305 2229 trajectionem
1339 2157 1494 2212 206
1520 2155 1824 2211 referenda
1855 2155 1925 2210 ad
1962 2151 2085 2222 οἰη-

430 2247 575 2317 τέον,
609 2253 675 2303 ut
707 2247 784 2303 sit
815 2247 950 2303 ﬁnis
991 2246 1441 2316 existimandus,
1476 2244 1755 2316 quoniam
1782 2245 1930 2299 Deus
1954 2260 2086 2315 pro-

429 2337 687 2393 videntia
707 2337 874 2393 adest
904 2336 1204 2404 omnibus,
1240 2339 1298 2390 et
1329 2351 1456 2406 qua:
1487 2333 1784 2406 deinceps.

503 2435 656 2492 Sicut
703 2437 850 2492 enim
880 2435 932 2490 si
960 2436 1227 2490 animam.
1261 2432 1408 2488 Vide
1437 2433 1734 2505 quomodo
1756 2431 1928 2486 liceat
1960 2430 2088 2486 ani-

432 2541 590 2580 mam
623 2525 798 2581 modo
829 2540 1106 2596 corporeo
1126 2521 1471 2594 intelligere,
1506 2526 1562 2576 et
1594 2521 1884 2592 quomodo
1915 2519 2086 2575 intel-

435 2613 584 2686 ligat
614 2614 788 2668 modo
819 2630 1097 2684 corporeo
1137 2628 1265 2667 esse
1295 2614 1489 2682 partes
1521 2610 1804 2682 quasdam
1834 2608 2042 2664 animae
2070 2625 2083 2662 :

432 2702 681 2775 pulchre
709 2703 865 2758 enim
897 2701 1086 2773 ipsam
1120 2715 1389 2756 sermone
1420 2698 1664 2770 efﬁngit.

506 2791 770 2846 Partium
797 2789 1031 2862 experti.
1063 2787 1274 2844 Anima
1306 2805 1421 2843 non
1453 2792 1543 2843 est
1560 2787 1909 2859 simpliciter
1939 2785 2087 2842 indi-

431 2880 640 2936 vidua:
674 2880 776 2936 sed
803 2884 1069 2950 respectu
1103 2877 1364 2948 corporis
1397 2875 1704 2931 individua
1744 2891 1756 2931 :
1791 2893 1925 2931 nam
1957 2878 2086 2946 ejus

432 2978 628 3040 partes
653 2967 960 3024 facultates
982 2967 1146 3035 dicit,
1169 2967 1241 3021 ad
1268 2981 1518 3038 quarum
1545 2965 1862 3037 imaginem
1898 2981 2085 3036 quan-

433 3058 626 3128 doque
655 3061 852 3128 partes
883 3055 1145 3126 corporis
1173 3058 1513 3109 sumuntur.

503 3145 1020 3216 Explanationibus,
1055 3141 1424 3211 ἀναπτύξεσιν.
1467 3139 1786 3212 Ἀνάπτυξιν
1834 3159 1964 3197 vero
1993 3142 2082 3196 di-

430 3235 506 3289 cit
539 3234 986 3306 explicationem
1020 3250 1121 3290 seu
1158 3231 1694 3288 manifestationem
1726 3233 2081 3287 absconditae

427 3321 488 3378 in
519 3323 776 3379 dictione
803 3321 1293 3394 signiﬁcationis;
1345 3317 1788 3392 ἀνακαθαίρεσθαι
1823 3337 1954 3376 vero
1993 3325 2086 3376 est

426 3412 766 3468 omnimodo
802 3409 1358 3483 corporeisliberare
1407 3410 1464 3464 id
1485 3411 1638 3480 quod
1659 3409 2081 3478 consideratur,

519 3510 846 3581 Tripartitas
885 3526 1179 3581 corporum
1229 3513 1450 3579 ﬁguras.
1501 3509 1722 3564 Ternas
1771 3525 2081 3580 corporum

431 3599 651 3670 ﬁguras
673 3599 834 3664 dicit,
852 3599 1143 3670 triplicem
1177 3598 1542 3666 distantiam,
1563 3597 1791 3652 utclare
1803 3598 2081 3668 explicat:

428 3694 487 3744 et
511 3692 664 3743 recte
695 3705 764 3743 ex
797 3687 901 3743 hoc
936 3688 1060 3742 loco
1091 3687 1386 3758 intelliges
1409 3687 1760 3742 sententiam
1791 3687 2078 3757 Apostoli,

433 3778 495 3833 Ut
525 3778 857 3848 cognoscatis
893 3791 1020 3847 quae
1044 3776 1423 3846 pro/undz'tas,
1456 3780 1507 3830 et
1547 3792 1664 3845 quae
1694 3775 1928 3830 altitudo
1959 3775 2078 3846 (τη),

430 3871 488 3922 et
516 3871 741 3936 caetera,
767 3867 922 3938 quod
941 3865 1120 3937 aliqui
1141 3865 1212 3920 de
1235 3864 1480 3920 salutari
1501 3880 1670 3919 cruce
1704 3868 2076 3934 acceperunt.

428 3955 578 4011 Nota
604 3971 738 4010 vero
769 3955 908 4026 quid
931 3954 1256 4027 longitudo,
1285 3958 1343 4009 et
1362 3953 1732 4026 profunditas
1755 3956 1812 4008 et
1832 3950 2080 4007 latitudo

429 4047 490 4101 in
522 4044 661 4100 Deo.

496 4132 654 4187 Nunc
695 4139 879 4188 autem
921 4134 1099 4202 ipsam
1147 4129 1428 4186 divinam.
1481 4129 1633 4184 Illud
1683 4127 1972 4184 unitatem
2022 4132 2080 4184 et

422 4221 811 4287 identitatem,
861 4225 917 4276 et
945 4218 1366 4291 aequalitatem,
1399 4223 1574 4290 atque
1621 4217 2078 4274 similitudinem

425 4310 654 4382 antiqui
685 4326 924 4366 causam
970 4309 1295 4364 concordia:
1322 4311 1581 4363 totorum
1615 4311 1673 4362 et
1703 4306 2079 4386 providenliee

423 4401 603 4472 atque
634 4397 843 4454 salutis
869 4402 1174 4465 vocarunt,
1198 4397 1356 4468 quod
1379 4397 1556 4452 etiam
1579 4412 1752 4451 unum
1769 4395 2078 4451 dicebanti

424 4489 824 4545 diversitatem
847 4505 1001 4557 vero,
1037 4493 1094 4543 et
1122 4485 1670 4542 dissimilitudinem
1703 4490 1761 4540 et
1783 4485 2078 4556 inaequali-

2192 545 2415 617 ἀληθῶς
2443 548 2661 619 ταύτὸν,
2712 549 2804 605 καὶ
2855 550 2981 625 ὅρος
3030 551 3245 620 ἑαυτοῦ,
3276 550 3507 606 καὶτῶν
3560 553 3827 608 ἀπάντων-

2193 634 2319 710 δρος
2371 635 2430 691 ἐκ
2472 640 2687 693 πάντων
2748 640 3148 717 ἀφωρισμένος,
3199 639 3290 694 καί
3350 635 3832 714 ὑπεραναϐεϐηκὼς

2198 724 2495 798 μονοειδῶς
2527 729 2614 782 καὶ
2675 728 3027 798 ταύτοείδῶς,
3079 727 3330 783 τουτέστι
3386 731 3528 784 κατὰ
3572 729 3635 784 τὸ
3682 733 3834 803 μονὰς

2193 816 2328 868 εἶναι
2361 817 2395 883 ἡ
2432 816 2644 871 πάντων
2692 819 2894 893 ἀμιγὴς
2939 817 3028 872 καὶ
3079 815 3230 887 ἁπλῆ
3276 819 3366 872 καὶ
3406 819 3544 873 κατά
3569 819 3631 874 τὸ
3661 819 3838 876 ταύτὸν

2194 901 2307 957 ἀντὶ
2337 909 2432 958 τοῦ
2465 906 2600 960 κατὰ
2641 907 2704 960 τὸ
2757 907 3016 971 ὡσαύτως
3060 903 3206 982 ἔχειν
3237 927 3249 940 ⁸
3313 905 3467 962 οὐδὲν
3519 909 3620 984 γὰρ
3668 906 3837 987 διαφέ-

2194 1011 2274 1065 ρει
2300 991 2509 1065 μονάδα
2567 995 2736 1050 εἰπεῖν
2799 993 2835 1065 ἤ
2898 994 3199 1070 μονοειδὲς,
3254 997 3346 1052 καὶ
3403 998 3602 1052 ταύτὸν
3643 995 3677 1067 ἤ
3717 999 3834 1054 ταύ-

2193 1079 2398 1144 τοειδὲς
2434 1103 2446 1116 ⁸
2480 1085 2542 1138 τὸ
2575 1085 2678 1160 γὰρ
2724 1083 2855 1140 aii-:6
2911 1086 3187 1159 σημαίνει.
3222 1084 3569 1143 Μεταδίδωσι
3609 1088 3697 1142 καὶ
3729 1095 3836 1153 τοῖς

2195 1170 2244 1242 ἐξ
2271 1170 2436 1226 αὐτοῦ
2466 1173 2724 1246 κτίσμασι
2755 1179 2853 1229 τοῦ
2895 1175 3092 1230 ταύτοῦ
3141 1175 3170 1230 6
3227 1175 3381 1245 Θεὸς,
3431 1177 3548 1232 ὅθεν
3579 1177 3646 1231 τὰ
3681 1178 3839 1235 πάντα

2195 1261 2332 1315 κατὰ
2385 1262 2455 1316 τὰ
2511 1263 2648 1318 αὐτὰ
2699 1263 2790 1318 καὶ
2863 1265 3144 1337 ὡσαύτως,
3202 1266 3382 1327 καθὼς
3441 1265 3532 1320 καὶ
3583 1265 3835 1342 ἐγένοντο,

2197 1350 2250 1404 ἐν
2276 1355 2345 1425 τῇ
2396 1355 2670 1426 συμπνοίᾳ
2715 1353 2808 1409 καὶ
2866 1356 3111 1430 σωτηρίᾳ
3165 1356 3255 1410 καὶ
3313 1356 3624 1430 συμπαθείᾳ
3656 1357 3834 1430 μένου-

2205 1461 2312 1509 σιν,
2364 1441 2438 1503 ὠς
2487 1439 2738 1498 δύνανται
2772 1443 2968 1500 τούτου
3025 1444 3344 1520 μετέχοντα.
3397 1444 3560 1503 Οὕτω
3616 1446 3703 1500 καὶ
3753 1449 3836 1510 τὰς

2200 1531 2542 1605 ἑτερότητας,
2572 1535 2816 1588 τουτέστι
2845 1534 2942 1596 τὰς
2978 1533 3027 1607 ἐξ
3070 1534 3234 1590 αὐτοῦ
3263 1539 3374 1590 τῶν
3425 1532 3831 1612 δημιουργημά-

2196 1641 2302 1673 των
2356 1618 2648 1696 διαφόρους
2707 1621 3000 1697 προόδους,
3054 1623 3105 1678 ἐν
3149 1623 3325 1698 ἑαυτῷ
3373 1625 3683 1697 σωζομένας
3732 1623 3832 1702 ἔχει

2197 1710 2290 1764 καὶ
2318 1713 2761 1786 συντεταγμένας,
2795 1711 2950 1786 ὅμως
2990 1720 3089 1783 τῆς
3136 1712 3476 1786 ταυτότητος
3503 1714 3690 1769 ἑαυτοῦ
3721 1714 3832 1790 ἐχό-

2203 1820 2383 1870 μενος,
2414 1801 2504 1854 καὶ
2553 1801 2630 1864 εἷς
2675 1801 2968 1876 ἑτερότητα
3016 1803 3091 1874 μή
3143 1800 3575 1876 ἀλλοιούμενος,
3611 1804 3740 1876 μήτε
3768 1804 3833 1865 εἰς

2198 1887 2566 1958 ἐναντιότητα,
2627 1889 2806 1945 καίτοι
2858 1890 2948 1946 καὶ
3026 1889 3234 1947 ἐναντία
3297 1891 3350 1947 ἐν
3398 1899 3518 1956 τοῖς
3575 1893 3834 1964 αἰσθητοῖς

2199 1978 2439 2052 συνέχων
2451 2021 2464 2034 .

2270 2069 2391 2137 §V.
2439 2065 2664 2136 Ἐπειδὴ
2715 2067 2846 2123 πᾶσι
2895 2076 3296 2146 προνοητικῶς.
3358 2073 3496 2128 Καθ’
3555 2066 3830 2146 ὑπερϐατόν

2197 2154 2336 2210 ἐστιν
2389 2159 2424 2225 ἡ
2478 2155 2721 2227 σύνταξις
2777 2159 2913 2233 πρὸς
2962 2160 3023 2213 τὸ
3061 2159 3276 2230 οἴητέον
3324 2154 3537 2236 ἔχουσα
3571 2162 3668 2229 τήν
3712 2159 3829 2216 ἀπό·

2199 2241 2369 2311 δοσιν,
2398 2242 2489 2299 *ἱνα
2518 2246 2552 2314 ἦ
2602 2246 2665 2300 τὸ
2710 2246 2872 2308 τέλος
2924 2247 3162 2318 οἰητέον,
3214 2246 3407 2318 ἐπειδὴ
3456 2254 3586 2306 πᾶσι
3615 2269 3831 2326 προνοη-

2195 2335 2361 2397 τικῶς
2391 2334 2644 2410 πάρεστιν
2669 2337 2697 2390 6
2730 2336 2881 2409 Θεὸς,
2903 2338 2992 2392 καὶ
3021 2339 3088 2392 τὰ
3114 2338 3260 2410 ἑξῆς.

2268 2434 2355 2494 Ὧς
2403 2434 2504 2507 γὰρ
2558 2433 2603 2488 εἰ
2659 2435 2758 2503 τήν
2836 2435 3044 2511 ψυχὴν.
3121 2438 3265 2512 ’Όρα
3340 2441 3466 2498 πῶς
3524 2433 3686 2494 ἔνεστι
3743 2439 3826 2506 τήν

2199 2521 2387 2596 ψυχὴν
2419 2522 2749 2595 σωματίκῶς
2799 2527 3015 2596 νοῆσαι,
3061 2523 3152 2579 καὶ
3197 2529 3316 2588 πῶς
3349 2531 3469 2580 νοεῖ
3501 2528 3636 2601 μέρη
3663 2529 3828 2601 ψυχῆς

2198 2610 2332 2664 εἶναι
2383 2616 2712 2684 σωματικῶς
2748 2631 2761 2644 ⁸
2821 2610 3006 2675 καλῶς
3054 2614 3156 2687 γὰρ
3203 2613 3377 2684 αὐτὴν
3425 2613 3729 2670 διαπλάττει
3763 2618 3826 2686 τῷ

2199 2697 2372 2773 λόγῳ.

2268 2791 2352 2862 Τῇ
2376 2788 2584 2864 ἆμερει.
2647 2791 2885 2866 Ἀμερής
2938 2792 2972 2860 ἠ
3016 2793 3170 2866 ψυχὴ
3217 2791 3324 2867 οὐχ
3369 2791 3585 2861 ἁπλῶς,
3623 2790 3738 2849 ἀλλ’
3763 2795 3823 2856 ὡς

2195 2879 2330 2950 πρὸς
2360 2883 2518 2951 σῶμα
2547 2879 2757 2954 ἀμερής
2793 2899 2806 2912 ⁸
2860 2882 2998 2955 μὲρη
3045 2880 3148 2955 γὰρ
3199 2882 3378 2947 αὐτῆς
3433 2883 3522 2937 καὶ
3561 2884 3654 2946 τὰς
3685 2879 3816 2936 δυνά-

2200 2987 2319 3038 μεις
2347 2967 2530 3044 φησὶν,
2565 2969 2637 3021 ὧν
2687 2967 2762 3030 εἷς
2802 2967 2983 3022 εἰκόνα
3026 2968 3092 3023 τὰ
3143 2968 3282 3044 μέρη
3331 2975 3439 3026 τοῦ
3469 2973 3711 3044 σώματος
3735 2965 3814 3032 ἔσθ’

2196 3055 2286 3110 ὅτε
2315 3051 2818 3130 παραλαμϐάνεται.

2266 3144 2669 3215 Ἀναπτύξεσιν.
2749 3146 3065 3217 ’Δνάπτυξιν
3180 3145 3238 3202 δὲ
3323 3146 3482 3226 λέγει
3554 3149 3819 3220 ἑξάπλωσιν

2194 3231 2319 3302 ἤτοι
2373 3236 2664 3307 σαφήνειαν
2724 3241 2824 3304 τῆς
2866 3234 3315 3310 ἐγκεκρυμμένης
3369 3239 3420 3294 ἐν
3467 3243 3535 3314 τῇ
3585 3239 3713 3312 λέξει
3753 3237 3823 3292 ὲνο

2193 3321 2346 3384 νοίας
2380 3342 2392 3355 ⁸
2426 3323 2489 3376 τὸ
2519 3320 2576 3376 δν
2621 3325 3086 3397 ἀνακαθαίρεσθαι,
3125 3327 3187 3381 τὸ
3217 3328 3500 3392 παντοίως
3523 3333 3628 3384 τῶν
3662 3348 3822 3400 σωμα-

2191 3417 2361 3467 τικῶν
2395 3411 2702 3483 ἀπαλλάξαι
2735 3414 2794 3468 τὸ
2820 3415 3216 3490 θεωρούμενον.

2265 3510 2348 3566 Τὰ
2402 3510 2592 3580 τριττὰ
2645 3515 2754 3564 τῶν
2812 3512 3082 3585 σῶμάτων
3115 3516 3402 3589 σχήματα.
3455 3519 3648 3591 Τριττά
3691 3517 3815 3591 σχή-

2196 3619 2336 3670 ματα
2391 3603 2498 3653 τῶν
2552 3599 2821 3672 σωμάτων
2878 3601 3010 3678 φησί
3065 3603 3129 3656 τὸ
3185 3607 3359 3680 τριχῆ
3417 3603 3711 3674 διαστατὸν,
3751 3604 3814 3664 ὡς

2192 3687 2348 3750 εὐθὺς
2404 3688 2687 3762 σαφηνίζει
2723 3708 2734 3719 ⁸
2793 3690 2884 3744 καὶ
2969 3688 3155 3753 καλῶς
3213 3691 3455 3749 ἐντεῦθεν
3510 3697 3711 3766 νοήσεις
3761 3692 3813 3746 τὸ

2192 3773 2477 3849 εἰρημένον
2527 3779 2606 3847 τῷ
2659 3776 3000 3850 Ἀποστολῳ,
3045 3782 3161 3835 Ἵνα
3207 3785 3383 3856 γνῶτε
3436 3782 3488 3838 τί
3543 3782 3603 3838 τὸ
3653 3780 3810 3857 βάθος.

2189 3861 2279 3916 καὶ
2310 3863 2360 3917 τί
2390 3864 2450 3917 τὸ
2503 3860 2660 3937 ὕψος,
2692 3866 2782 3919 καὶ
2838 3866 2905 3920 τὰ
2946 3866 3091 3937 ἑξῆς,
3136 3869 3266 3942 ὅπερ
3326 3872 3470 3933 τινὲς
3501 3871 3577 3933 εἷς
3607 3871 3688 3924 τὸν
3720 3889 3813 3922 σω·

2188 3952 2378 4024 τήριον
2413 3952 2638 4026 σταυρὸν
2671 3949 2937 4023 ἐδέξαντο.
2993 3952 3312 4026 Σημείωσαι
3357 3955 3416 4012 δὲ
3442 3957 3494 4012 τί
3525 3960 3710 4030 μῆκος,
3737 3951 3811 4008 καὶ

2194 4040 2380 4113 βάθος,
2412 4039 2502 4094 καὶ
2533 4039 2739 4103 πλάτος
2772 4041 2859 4096 ἐπὶ
2899 4046 3055 4099 Θεοῦ.

2261 4133 2364 4182 Νῦν
2403 4127 2461 4183 δὲ
2500 4128 2667 4198 αὐτὴν
2719 4131 2817 4198 τήν
2870 4133 3038 4188 θείαν.
3088 4133 3161 4188 Τὸ
3215 4130 3468 4207 ἑνότητα,
3515 4134 3602 4190 καὶ
3643 4130 3810 4190 ταυτό-

2185 4237 2346 4288 τητα,
2404 4217 2492 4272 καὶ
2554 4218 2799 4290 ἰσότητα,
2861 4221 2951 4275 καὶ
3013 4221 3343 4294 ὁμοιότητα,
3392 4225 3454 4280 τὸ
3511 4223 3676 4280 αἴτιον
3727 4225 3811 4288 τῆς

2184 4312 2292 4361 τῶν
2322 4305 2468 4361 ὅλων
2518 4308 2875 4380 συμπαθείας,
2935 4311 3022 4364 καὶ
3083 4311 3367 4386 προνοίας,
3422 4313 3510 4368 καὶ
3569 4308 3811 4385 σωτηρίας

2189 4395 2404 4468 [α’ίτιον]
2437 4394 2694 4451 ἐκάλεσαν
2753 4399 2805 4451 οἱ
2862 4397 3113 4466 παλαιοὶ,
3175 4398 3306 4476 ὅπερ
3370 4403 3461 4457 καὶ
3515 4400 3569 4456 ἓν
3600 4397 3766 4474 ἔλεγον
3799 4413 3810 4427 ⁸

2189 4485 2479 4559 ἑτερότητα
2511 4482 2568 4540 δὲ
2625 4486 2714 4541 καὶ
2763 4485 3138 4560 ἀνομοιότητα
3194 4489 3293 4558 τήν
3355 4491 3432 4553 εἰς
3483 4492 3547 4545 τὰ
3589 4485 3805 4563 μεριστὰ,

423 4581 605 4633 tatem
637 4578 922 4634 vocabant
953 4576 1382 4650 providentiam
1406 4575 1697 4630 Creatoris
1725 4590 1866 4646 erga
1887 4573 2082 4630 divisi-

2203 4573 2276 4628 ιαὶ
2334 4569 2673 4645 μεταϐλητὰ,
2724 4574 2814 4629 καὶ
2873 4575 3126 4649 αἰσθητὰ,
3185 4578 3275 4632 καὶ
3328 4581 3428 4648 τὴν
3489 4579 3562 4640 εἷς
3609 4577 3670 4630 τὰ
3698 4571 3807 4628 ὄντα

425 4667 570 4722 bilia
615 4673 671 4723 et
702 4666 1032 4734 mutabilia,
1079 4670 1136 4721 et
1163 4663 1427 4732 sensilia,
1461 4668 1637 4734 atque
1667 4680 1805 4735 erga
1835 4681 1904 4720 ea
1950 4681 2077 4735 quae

423 4760 566 4814 sunt
597 4756 716 4812 sive
743 4753 1174 4826 intelligibilia:
1210 4752 1606 4823 intelligentes
1639 4753 1876 4808 nomina
1907 4759 2080 4823 prout

420 4861 518 4903 res
541 4862 667 4916 quae
692 4844 1104 4916 signiﬁcantur
1123 4842 1384 4913 exigunt,
1410 4841 1563 4895 sicut
1585 4841 1758 4896 etiam
1781 4858 1964 4913 supra
1979 4859 2077 4897 va-

426 4934 512 4989 rie
543 4935 833 5000 diximus;
896 4932 994 4988 alii
1028 4947 1161 4986 vero
1194 4928 1557 4984 identitatem
1589 4933 1645 4984 et
1679 4931 2078 4986 diversitatem

2189 4660 2266 4734 δὲ,
2327 4660 2452 4728 ⁸ἤτοι
2508 4663 2679 4734 νοητὰ
2746 4661 3147 4740 δημιουργικὴν
3200 4668 3461 4741 πρόνοιαν
3483 4669 3526 4704 ⁷⁸
3580 4664 3804 4724 ἐκάλουν,

2186 4750 2467 4826 ἀναλόγως
2521 4757 2639 4813 τοῖς
2691 4749 3063 4825 δηλουμένοις
3121 4760 3372 4818 νοοῦντες
3434 4757 3540 4829 [καὶ
3589 4756 3654 4810 τὰ
3703 4747 3804 4805 ὀνό-

2189 4843 2376 4914 ματα],
2420 4841 2494 4902 ὡς
2548 4842 2637 4895 καὶ
2688 4839 2799 4895 ἅνω
2861 4839 3136 4920 διαφόρως
3188 4843 3484 4919 εἰρήκαμεν
3505 4849 3566 4900 ⁷⁷.
3623 4839 3802 4898 Ἀλλοι

2183 4926 2240 4984 δὲ
2295 4930 2394 4996 τήν
2445 4928 2751 4999 ταυτότητα
2803 4929 2893 4984 καὶ
2953 4930 3267 5005 ἑτερότητα,
3321 4931 3446 5002 ἤτοι
3497 4931 3680 4988 ταύτὸν
3725 4923 3802 4980 καὶ

417 5022 546 5080 sive
575 5023 844 5078 eamdem
876 5025 933 5077 et
963 5020 1254 5076 diversam
1307 5019 1555 5072 formam
1597 5035 1662 5073 ac
1695 5019 2081 5090 privationem

2205 5038 2361 5091 τερον
2416 5015 2556 5080 εἶδος
2607 5016 2698 5072 καὶ
2756 5017 3006 5095 στέρησιν
3065 5021 3236 5078 εἶπον.
3288 5023 3497 5095 Ἐτεροι
3555 5018 3629 5089 δὲ,
3657 5016 3800 5090 πέρας

427 5110 740 5178 dixerunt;
773 5109 873 5165 alii
894 5124 1028 5163 vero
1052 5106 1227 5162 ﬁnem
1261 5109 1318 5161 et
1337 5105 1708 5162 inﬁnitatem.
1734 5107 1902 5178 [Nota
1923 5108 2077 5178 quod

2203 5107 2269 5162 ιαὶ
2329 5106 2551 5181 ἄπειρον
2583 5109 2648 5163 ⁷⁸.
2694 5109 2836 5179 [“Οτι
2879 5109 3184 5163 συντάττειν
3245 5108 3627 5186 ἐπαγγέλλεται
3670 5111 3800 5175 Συμ-

421 5198 519 5256 hic
541 5199 802 5256 declarat
823 5212 884 5253 se
908 5199 1221 5252 tractatum
1235 5195 1917 5268 Dcsymbolicatheologia
1929 5213 2081 5252 com-

490 5405 591 5479 (γη)
617 5402 836 5477 Ερὶιθεο
872 5419 960 5473 m,
997 5402 1084 5460 18.

2184 5191 2417 5266 ϐολικὴν
2478 5195 2810 5272 θεολογίαν.Ι
2885 5197 3120 5254 Ἐνιαῖον
3183 5197 3242 5254 δὲ
3297 5196 3798 5266 πολλαπλασιασμον

1411 5528 1652 5590 ΝΑΒΙιἘ
1690 5529 2074 5591 LEGI‘IONES
2112 5534 2206 5593 ET
2257 5528 2819 5593 CORRECTIONES.

484 5666 530 5708 τι
550 5661 806 5743 πρόοδον.
881 5666 924 5701 ⁷⁷
955 5661 1434 5740 παρατεθείκαμεν.
1510 5667 1553 5703 ⁷⁸
1575 5662 1840 5740 ἀπειρίαν.
