4108 6384
313 331 425 384 377

1077 338 1136 390 Β.
1177 337 1444 391 MAXIMI
1481 337 1786 393 SCHOLIA
1824 339 1901 392 IN
1940 339 2073 392 LIB.
2114 341 2210 391 DE
2249 340 2524 394 DIVINIS
2562 340 2980 396 NOMINIBUS.

3637 339 3742 394 378

310 474 454 531 φησι
485 456 549 510 τὸ
579 453 631 510 ἓν
665 453 841 527 οίκείᾳ
870 454 1139 526 ἁπλότητι
1176 457 1409 529 μένοντα
1436 457 1529 512 τὸν
1571 459 1724 528 Θεὸν,
1753 458 1820 513 τὰ
1862 479 1975 513 ποι·

2094 460 2471 533 positurum]
2501 466 2577 519 At
2603 464 2732 533 ejus
2764 478 2832 518 ex
2863 480 2978 518 uno
3011 462 3561 534 multiplicationem
3601 464 3744 518 dicit

305 542 446 599 κίλα
504 546 592 600 καὶ
647 544 969 615 παντοδαπῆ
1016 543 1135 616 εἷ’δη
1195 549 1294 616 τῆς
1347 547 1572 610 κτίσεως
1629 553 1978 622 παραγαγεῖν·

305 630 557 707 πρόοδον
586 633 688 710 γὰρ
736 631 886 709 λέγει
937 637 1035 704 τήν
1083 636 1221 711 πρὸς
1266 637 1330 692 τὸ
1379 636 1556 692 κτίσαι
1587 637 1654 691 τὰ
1685 633 1831 704 ὅντα,
1865 640 1979 691 οἷον

307 721 539 793 κίνησιν
571 725 660 779 καὶ
694 724 896 798 ὁρμήν.

387 902 642 968 §VI"O
846 901 982 958 8‘-‘
1142 905 1152 924 '
1240 906 1252 928 ’
1348 907 1358 926 ’
1483 911 1508 921 ”
1626 906 1638 925 ’
1727 900 1799 944 Τ
1929 907 1951 926 ’⁷

530 945 542 958 .
651 925 807 975 μοιον
879 925 902 958 ε
942 925 1022 959 ιον
1056 912 1208 960 Θεον.
1259 908 1340 982 Εφ
1390 909 1550 978 ἡμων
1585 927 1684 961 ουκ
1726 927 1864 960 εστιν
1901 928 1980 961 ει-

304 1009 346 1042 π
365 995 442 1043 εῖν
479 989 698 1064 ὅμοιον*
722 995 784 1048 τὸ
805 995 905 1069 γὰρ
938 998 1099 1066 σῶμα
1121 997 1281 1066 ἡμῶν
1307 994 1357 1064 ἐξ
1380 997 1730 1068 ὁμοιομερῶν
1751 997 1838 1050 καὶ
1863 997 1982 1050 ἀνο-

312 1086 641 1156 μοιομερῶν
676 1084 1021 1153 συνέστηκεν,
1057 1085 1134 1146 ὡς
1167 1085 1255 1139 καὶ
1297 1083 1685 1158 Ἀριστοτέλης
1717 1083 1979 1140 δείκνυσιν

305 1167 364 1222 έν
393 1172 463 1243 τῇ
498 1171 649 1246 ἀρχῇ
679 1179 781 1241 τῆς
837 1173 968 1248 Περῖ
1019 1175 1173 1242 ζώων
1219 1175 1476 1248 γενέσεως
1515 1175 1888 1250 πραγματείας
1913 1179 1977 1234 7°.

305 1258 336 1310 6
366 1254 428 1311 δὲ
459 1259 614 1331 Θεὸς,
647 1258 678 1315 6'
728 1259 896 1329 ἐστιν,
950 1260 1099 1324 ὅλως
1151 1264 1363 1336 ὁμοίως
1414 1262 1578 1334 ἐστὶν,
1620 1263 1820 1318 έπείτοι
1851 1286 1914 1340 γε
1942 1268 1976 1335 ἡ

307 1349 434 1412 θεία
469 1351 683 1428 Γραφή,
718 1352 794 1413 ὡς
841 1353 886 1388 ⁸ο
932 1351 1012 1406 ἀεὶ
1062 1351 1152 1406 τὸν
1207 1353 1370 1408 αὐτὸν
1412 1352 1800 1416 ἁναλλοιώτως
1852 1351 1979 1410 ὄντα

303 1436 574 1510 ἀνόμοιον
635 1440 766 1494 πᾶσί
825 1463 1012 1518 φησιν,
1075 1442 1150 1503 ὡς
1206 1443 1288 1496 τόο
1337 1443 1426 1505 Τίς
1483 1443 1536 1497 ἐν
1590 1445 1734 1506 θεοῖς
1783 1444 1976 1517 ὅμοιός

303 1548 420 1596 σοι,
468 1527 680 1602 Κύριες
741 1530 831 1584 καὶ
884 1529 1075 1586 πάλιν·
1126 1531 1247 1587 Τίνι
1299 1553 1366 1604 με
1425 1533 1770 1604 ὡμοιώσατε,
1833 1531 1976 1607 λέγει

299 1616 542 1689 Κύριος
625 1617 717 1672 καὶ
776 1617 927 1683 αὖθις
963 1641 976 1654 ο
1036 1621 1176 1694 Ἑγὼ
1233 1621 1445 1691 ὁράσεις
1499 1619 1778 1691 ἐπλήθυνα
1811 1668 1825 1693 ,
1886 1623 1977 1676 καὶ

301 1707 470 1780 χερσὶ
531 1711 642 1760 τῶν
704 1713 1005 1783 προφητῶν
1077 1709 1401 1781 ὡμοιώθην,
1478 1708 1754 1765 τουτέστιν
1817 1709 1975 1772 αὐτὸς

300 1793 420 1868 ἐγὼ
470 1792 715 1869 ἐμαυτῷ,
759 1796 833 1858 ὡς
880 1796 1169 1873 Εἰρηναῖος
1233 1797 1375 1873 λέγει
1426 1797 1478 1854 ἐν
1532 1804 1651 1863 τοῖς
1699 1801 1830 1863 Καθ’
1886 1801 1974 1854 αἱ·

306 1882 542 1956 ρέσεων.

391 1975 480 2045 Τῇ
535 1974 672 2027 κατά
722 1971 949 2048 δύναμιν
1005 1979 1257 2049 μιμήσει.
1314 1983 1466 2032 ’Ἐστι
1519 1979 1614 2049 μὲν
1665 1980 1765 2048 τὴν
1809 1978 1983 2052 μίμη-

312 2081 406 2114 σιν
467 2056 660 2116 λαϐεῖν
719 2061 772 2117 έν
815 2063 1034 2126 τούτοις
1084 2063 1170 2120 ἐπὶ
1218 2069 1318 2131 τῆς
1369 2071 1559 2142 νοερᾶς
1606 2067 1696 2121 καὶ
1755 2064 1986 2141 λογικῆς

309 2149 536 2228 φύσεως
591 2153 729 2226 πρὸς
781 2153 871 2208 τὸν
933 2154 1060 2209 Θεὸν
1122 2154 1620 2229 ἐπιστρεφομένης,
1680 2156 1816 2210 κατὰ
1872 2155 1933 2210 τό
1967 2175 1980 2188 °

310 2240 538 2295 Γίνεσθε
591 2240 818 2312 τέλειοι,
871 2244 958 2297 καὶ
1012 2245 1224 2318 γίνεσθε
1281 2243 1652 2321 οἰκτίρμονες,
1702 2246 1775 2307 ὡς
1815 2247 1983 2300 ὁΠα-

304 2332 420 2404 τήρ
482 2332 698 2404 ὑμῶνὸ
733 2333 1028 2408 οὐράνιος·
1089 2336 1224 2407 ἅπερ
1282 2333 1370 2389 ἐπὶ
1429 2338 1562 2390 Θεοῦ
1624 2337 1718 2409 μὲν
1781 2336 1984 2411 κυρίως

301 2420 404 2474 καὶ
433 2420 570 2496 ὑπὲρ
602 2423 774 2476 πάντα
822 2421 948 2495 ὅρον
998 2443 1088 2477 και
1140 2421 1332 2498 λόγον’
1379 2423 1467 2478 ἐπὶ
1520 2421 1577 2479 δὲ
1614 2428 1724 2480 τῶν
1754 2427 1983 2497 κτισμά-

300 2529 422 2562 των
473 2508 614 2564 κατᾶ
655 2511 754 2578 τῆν
806 2511 1032 2567 ἑκάστου
1090 2511 1315 2586 δύναμιν
1367 2511 1647 2586 ἀναλόγως
1691 2518 1760 2587 τῇ
1803 2514 1979 2591 φύσει.

302 2599 466 2654 Ἔστι
498 2595 556 2652 δὲ
592 2597 828 2672 μίμησιν
881 2600 933 2654 ἐν
981 2600 1199 2662 τούτοις
1245 2608 1440 2670 νοῆσαι
1469 2601 1560 2656 καὶ
1597 2604 1697 2671 τῆν
1732 2604 1976 2676 μετοχῆν

300 2691 422 2741 τῶν
476 2685 530 2741 έν
587 2692 705 2760 Θεῷ
756 2690 1144 2764 θεωρουμένων
1195 2688 1554 2764 ὀπερουσίως,
1607 2692 1672 2759 ἣν
1723 2691 1788 2745 τὰ
1838 2711 1979 2765 πρα-

303 2776 518 2850 χθέντα
571 2775 712 2850 πρὸς
751 2776 952 2852 γένεσιν
1003 2776 1218 2855 εἷ’ληφε,
1267 2783 1362 2833 τοῦ
1411 2778 1541 2833 εἶναι
1591 2779 1680 2832 καὶ
1727 2783 1833 2833 τῶν
1868 2778 1984 2834 λοι-

306 2869 436 2918 πῶν
498 2865 823 2940 μετέχοντα,
875 2867 949 2920 ὧν
1001 2864 1287 2938 διεξῆλθον
1338 2865 1392 2921 έν
1440 2872 1560 2930 τοῖς
1612 2867 1716 2942 πρὸ
1746 2866 1976 2922 τούτων.

307 2955 385 3008 Τὸ
421 2950 479 3008 δὲ
512 2953 684 3010 εἰπεῖν
731 2954 900 3028 ὅμοια
949 2961 1066 3029 Θεῷ
1116 2957 1250 3010 κατά
1294 2958 1394 3026 τήν
1449 2956 1590 3011 θείαν
1644 2956 1846 3025 εἰκόνα,
1881 2956 1981 3012 οὐκ

312 3044 680 3120 ἀναιροῦντός
711 3043 820 3098 ἐστι
876 3045 937 3099 τὸ
993 3043 1080 3099 ἐπὶ
1132 3050 1230 3100 τοῦ
1279 3045 1568 3120 ἀνθρώπου
1615 3050 1775 3101 τοῦτο
1830 3044 1980 3122 εἷρῆ-

309 3143 463 3200 σθαι,
500 3131 650 3188 ἀλλὰ
680 3134 815 3188 κατᾶ
844 3135 936 3188 τὸν
958 3142 1059 3204 τῆς
1110 3142 1356 3211 μετοχῆς
1409 3134 1574 3212 λόγον
1609 3135 1700 3190 καὶ
1751 3135 1838 3190 ἐπὶ
1868 3139 1978 3190 τῶν

303 3220 528 3277 λοιπῶν
561 3223 660 3292 τὴν
696 3221 839 3294 λέξιν
873 3221 1168 3298 παρῴδησε
1201 3227 1267 3282 ⁸¹.

381 3311 492 3365 Καὶ
537 3311 676 3366 κατά
725 3311 869 3376 θείαν
922 3311 1123 3370 εἰκόνα.
1175 3318 1300 3376 Πῶς
1360 3315 1422 3369 τὸ
1478 3317 1594 3369 κατ’
1648 3314 1830 3370 εἷ’κόνα
1885 3316 1975 3369 καὶ

305 3399 585 3472 ὁμοίωσιν
637 3400 882 3471 νοητέον,
934 3400 1155 3456 ἐνταῦθά
1199 3423 1377 3480 φησιν·
1413 3405 1495 3458 ὅτι
1545 3402 1607 3457 οὐ
1655 3405 1774 3458 κατ’
1804 3401 1975 3474 εἶδος,

301 3486 460 3542 ἆλλά
490 3488 628 3542 κατὰ
673 3489 736 3543 τὸ
778 3488 1138 3568 ἐπεστράφθαι
1169 3493 1234 3560 ⁸³,
1267 3491 1356 3546 καὶ
1403 3493 1493 3546 τὸν
1542 3495 1665 3546 νοῦν
1718 3493 1972 3547 ἀνατετα-

304 3577 476 3650 μένον
508 3573 656 3652 ἔχειν
714 3579 850 3652 πρὸς
897 3581 988 3634 τὸν
1037 3580 1168 3635 Θεὸν
1217 3581 1309 3635 τὸν
1351 3577 1523 3634 αἷίτιον
1577 3585 1674 3636 τοῦ
1724 3582 1973 3636 εἶναικαὶ

301 3667 363 3720 εὖ
403 3666 558 3720 εἶναι·
591 3666 724 3741 ὅπερ
755 3664 931 3744 ἕτεροι
961 3669 1023 3723 τό
1073 3669 1418 3741 αὐτεξούσιον
1469 3668 1719 3741 ἐνόησαν,
1754 3670 1869 3726 ἐπεὶ
1911 3671 1973 3726 οὐ

303 3755 448 3809 κατὰ
496 3758 597 3825 τὴν
654 3756 840 3811 οὐσίαν
874 3759 902 3811 6
934 3759 1065 3820 Θεὸς
1115 3757 1311 3830 ὅμοιος
1357 3764 1475 3820 τοῖς
1528 3757 1792 3833 λογικοῖς·
1847 3757 1972 3816 οὔτε

301 3845 417 3918 γὰρ
449 3847 618 3917 ἡμεῖς
669 3844 857 3917 ὅμοιοι
907 3846 1113 3921 [ἐσμὲν]
1159 3853 1280 3910 ταῖς
1327 3847 1527 3902 εἰκόσιν
1572 3851 1734 3921 ἡμῶν
1764 3855 1882 3911 ταῖς
1914 3848 1974 3904 ἐκ

299 3937 487 4009 κηροῦ
536 3935 707 4009 τυχὸν
753 3935 788 4003 ἢ
839 3933 1077 4010 γαλκοῦ,
1129 3937 1282 3990 ἅτινα
1338 3937 1622 4010 ὲτερούσια
1671 3939 1808 4010 ἡμῖν
1859 3937 1972 3994 ἐστι

298 4023 393 4076 καὶ
443 4027 632 4084 ποσῶς
681 4022 870 4096 ὅμοια’
902 4024 971 4078 τὰ
1003 4025 1097 4098 μὲν
1149 4026 1250 4099 γὰρ
1297 4027 1568 4102 ὁμοταγῆ,
1619 4028 1865 4083 τουτέστι
1903 4031 1971 4083 τὰ

296 4119 404 4181 τῆς
454 4110 626 4181 αὐτῆς
673 4111 876 4183 τάξεως
915 4113 1006 4168 καὶ
1059 4113 1266 4185 οὐσίας,
1314 4115 1387 4176 ὡς
1436 4115 1502 4169 τὰ
1549 4110 1828 4190 χερουϐὶμ
1877 4117 1968 4171 καὶ

299 4200 550 4278 σεραφὶμ
579 4201 665 4255 καὶ
701 4199 892 4256 λοιπαὶ
933 4203 1130 4274 τάξεις,
1182 4205 1498 4274 ὁμοιοῦνται
1553 4202 1830 4274 ἀλλήλοις
1872 4227 1967 4260 κα-

296 4291 368 4344 τὰ
396 4289 462 4344 τὸ
511 4289 936 4365 προηγούμενον
989 4289 1152 4353 εἶδος·
1188 4292 1320 4365 ὅπερ
1371 4289 1514 4355 εἶδος
1559 4289 1647 4346 ἐπὶ
1694 4297 1800 4347 τῶν
1835 4315 1967 4365 νοη-

295 4383 412 4433 τῶν
443 4377 610 4450 ἐστιν,
644 4375 735 4432 οἷά
761 4400 842 4440 τις
895 4377 1226 4453 ὑποκειμένη
1283 4377 1388 4449 ὕλη
1440 4377 1608 4441 ἄϋλος
1664 4383 1776 4450 ζωὴ
1811 4381 1963 4451 οὗσα,

296 4467 394 4522 καὶ
430 4467 562 4522 αὐτὸ
609 4467 670 4522 τὸ
720 4465 862 4530 εἶδος
893 4469 923 4522 6'
949 4468 1089 4523 ἐστιν
1141 4465 1364 4523 ἕκαστον
1411 4472 1515 4522 τῶν
1567 4474 1884 4538 νοητῶν.Ὁ
1910 4469 1967 4526 δὲ

2092 550 2277 606 Deum
2298 551 2358 606 in
2385 552 2618 623 propria
2639 551 3022 622 simplicitate
3038 557 3391 617 manentem,
3415 551 3608 608 varias
3626 569 3746 608 om~

2091 639 2302 710 nisque
2331 641 2563 712 generis
2595 640 2821 712 species
2852 646 3128 696 creatura:
3153 642 3495 713 produxisse
3521 661 3534 710 ;
3579 646 3743 699 vocat

2091 731 2247 784 enim
2279 726 2512 802 πρόοδον
2539 732 2728 801 ipsam
2759 729 2939 786 veluti
2973 729 3284 786 motionem
3314 735 3370 786 et
3400 731 3746 804 propensio-

2091 835 2223 874 nem
2251 820 2318 873 ad
2353 836 2548 874 rerum
2583 820 2955 876 creationem.

2161 909 2188 975 §
2217 907 2311 963 VI.
2356 908 2603 964 Similem
2630 925 2754 964 vero
2771 911 2960 964 Deum.
2985 913 3110 964 Non
3132 912 3324 982 potest
3341 909 3411 963 de
3434 910 3601 964 nobis
3625 909 3739 964 dici

2091 995 2284 1066 ὅμοιον
2317 1041 2329 1064 ,
2365 1015 2499 1052 nam
2535 1014 2748 1070 corpus
2772 1003 3035 1054 nostrum
3061 1015 3129 1052 ex
3150 997 3516 1053 similaribus
3541 1003 3598 1053 et
3619 999 3740 1052 dis-

2091 1085 2454 1141 similaribus
2477 1092 2728 1152 constat,
2754 1086 2907 1142 sicut
2928 1088 3101 1142 etiam
3125 1087 3466 1143 Aristoteles
3487 1087 3744 1143 ostendit

2091 1174 2152 1228 in
2185 1175 2471 1246 principio
2503 1175 2636 1231 libri
2670 1177 2744 1230 De
2772 1176 3124 1246 generatione
3169 1176 3544 1231 animalium:
3586 1175 3744 1231 Deus

2091 1279 2246 1330 vero,
2281 1265 2432 1335 quod
2450 1269 2558 1328 est,
2576 1282 2816 1336 prorsus
2833 1264 3105 1320 similiter
3117 1268 3228 1332 est,
3243 1265 3522 1336 quoniam
3545 1265 3744 1320 divina

2088 1353 2409 1425 Scriptura,
2429 1359 2708 1425 tanquam
2729 1370 2962 1426 semper
2981 1355 3250 1410 eumdem
3268 1355 3396 1410 sine
3420 1354 3744 1409 mutatione

2089 1443 2368 1498 omnibus
2394 1443 2741 1498 dissimilem
2778 1443 2942 1514 dicit,
2986 1448 3051 1498 ut
3099 1443 3241 1498 illud
3285 1445 3468 1499 207:
3519 1443 3652 1512 Quis
3684 1445 3744 1498 in

2088 1531 2314 1587 diistibi
2340 1532 2574 1597 similis,
2602 1533 2964 1603 Domine(n),-
2994 1550 3058 1587 ac
3090 1532 3303 1588 iterum
3334 1550 3346 1587 :
3375 1533 3478 1588 Cui
3494 1549 3580 1588 me
3609 1534 3744 1587 assi-

2088 1620 2353 1687 milaslis,
2387 1621 2569 1692 inquit
2603 1622 3009 1693 Dominus(o);
3030 1625 3122 1677 et:
3155 1625 3263 1692 Ego
3293 1625 3527 1678 visiones
3553 1621 3744 1676 mulli-

2083 1710 2310 1781 plicavi,
2385 1719 2436 1765 et
2507 1710 2566 1764 in
2650 1711 2910 1765 manibus
2961 1712 3355 1782 prophetarum
3409 1711 3747 1766 assimilatas

2009 1843 2057 1906 Β
2085 1799 2179 1869 fui
2202 1799 2298 1870 (p),
2326 1799 2384 1852 id
2408 1809 2515 1866 est,
2541 1800 2695 1854 idem
2719 1815 2824 1871 ego
2845 1799 2989 1856 mihi
3014 1801 3149 1872 ipsi,
3168 1804 3233 1856 ut
3253 1803 3503 1856 Irenaaus
3525 1801 3745 1856 dicitin

2095 1887 2265 1943 libris
2293 1892 2481 1943 contra
2512 1887 2772 1945 hazreses.

2168 1978 2483 2032 Imitatione
2511 1994 2680 2049 quam
2710 1979 2970 2034 adhibere
2996 1988 3247 2050 possunt.
3283 1978 3439 2033 Licet
3469 1995 3610 2034 sane
3639 1977 3749 2034 hoc

2095 2065 2220 2122 loco
2253 2066 2514 2136 accipere
2533 2067 2926 2123 imitationem
2952 2068 3009 2122 in
3034 2071 3246 2123 natura
3267 2073 3462 2124 mente
3485 2084 3550 2123 ac
3573 2067 3747 2122 ratio-

2096 2171 2168 2210 ne
2190 2156 2437 2226 praadita
2467 2157 2535 2211 ad
2561 2162 2746 2212 Deum
2781 2173 3080 2225 conversa,
3107 2159 3280 2228 juxta
3332 2157 3477 2212 illud
3506 2173 3519 2212 :
3564 2161 3752 2212 Estote

2094 2246 2342 2316 perfecti,
2371 2250 2548 2302 estote
2596 2247 2976 2302 misericordes
3016 2249 3161 2301 sicut
3209 2252 3378 2302 Pater
3423 2250 3602 2301 vester
3648 2263 3751 2301 ca:-

2099 2334 2252 2390 lestis
2277 2335 2352 2406 (q)
2375 2351 2505 2407 quae
2524 2335 2585 2389 in
2611 2339 2721 2390 Deo
2741 2335 2972 2406 quidem
2989 2335 3220 2407 proprie
3243 2340 3301 2391 et
3321 2352 3501 2407 supra
3513 2351 3748 2390 omnem

2092 2425 2413 2478 terminum
2442 2441 2507 2479 ac
2533 2423 2820 2480 rationem
2847 2441 2861 2491 ;
2887 2424 2944 2478 in
2969 2423 3253 2480 creaturis
3277 2440 3406 2479 vero
3425 2438 3528 2495 pro
3550 2423 3752 2493 cujus-

2093 2529 2206 2584 que
2243 2513 2518 2568 facultate
2585 2513 3000 2568 convenienter
3047 2517 3318 2569 naturae:
3369 2513 3507 2568 licet
3550 2517 3748 2568 autem

2092 2602 2266 2658 etiam
2301 2602 2409 2656 hoc
2440 2601 2564 2657 loco
2589 2602 2978 2657 imitationem
3005 2602 3331 2674 intelligere
3353 2601 3749 2674 participatio-

2093 2706 2225 2746 nem
2251 2707 2451 2745 eorum
2473 2707 2600 2762 quae
2623 2691 2680 2746 in
2708 2691 2825 2746 Deo
2848 2708 3027 2762 supra
3052 2691 3373 2747 essentiam
3402 2696 3748 2760 cernuntur,

2092 2797 2266 2852 quam
2285 2797 2375 2835 res
2391 2781 2685 2851 productae
2700 2780 2754 2834 in
2779 2781 3218 2852 generationem
3235 2783 3584 2852 acceperunt
3601 2780 3749 2834 exsi-

2091 2869 2341 2924 sentiam
2362 2875 2418 2924 et
2439 2869 2553 2924 alia
2579 2869 3022 2940 participantes,
3044 2886 3172 2941 quae
3196 2869 3254 2924 in
3280 2868 3744 2941 praecedentibus

2089 2959 2394 3030 explicavi.
2425 2959 2586 3022 Quod
2615 2962 2808 3014 autem
2833 2958 3044 3015 dixerit
3061 2958 3279 3014 similia
3300 2957 3625 3014 secundum
3653 2956 3741 3012 di-

2087 3049 2281 3103 vinam
2317 3047 2659 3120 imaginem,
2684 3065 2797 3103 non
2817 3052 2906 3102 est
2930 3050 3081 3120 quod
3109 3051 3281 3120 neget
3303 3047 3413 3102 hoc
3430 3048 3648 3102 dictum
3669 3047 3740 3102 de

2089 3137 2364 3205 homine;
2400 3139 2495 3192 sed
2533 3153 2635 3209 pro
2669 3136 3131 3208 participationis
3175 3137 3399 3192 ratione
3441 3135 3618 3191 etiam
3669 3134 3739 3190 de

2005 3209 2046 3276 Ε
2085 3227 2330 3296 reliquis
2361 3225 2671 3281 dictionem
2704 3225 3030 3297 usurpavit.

2162 3317 2221 3370 Et
2245 3315 2314 3369 ad
2343 3315 2592 3370 divinam
2619 3317 2934 3386 imaginem.
2964 3313 3116 3369 Dicit
3144 3314 3253 3370 hoc
3284 3313 3410 3369 loco
3442 3313 3736 3385 quomodo

2086 3403 2529 3470 intelligendum
2581 3403 2630 3459 si
2667 3403 2966 3459 secundum
3015 3404 3317 3472 imaginem
3366 3412 3419 3458 et
3464 3404 3735 3458 similitu-

2084 3493 2272 3549 dinem
2306 3509 2318 3546 :
2354 3510 2562 3565 nempe
2593 3509 2708 3548 non
2743 3494 3067 3549 secundum
3098 3493 3371 3558 formam,
3404 3493 3504 3548 sed
3533 3497 3735 3563 quate-

2085 3599 2196 3638 nus
2229 3599 2517 3638 conversaa
2553 3587 2711 3644 sunt,
2746 3586 3073 3638 etmentem
3094 3582 3163 3636 ad
3190 3581 3394 3650 Deum,
3419 3580 3736 3636 exsistendi

2085 3688 2150 3726 ac
2164 3672 2308 3726 bene
2331 3671 2652 3726 exsistendi
2673 3676 2991 3739 auctorem,
3015 3670 3296 3726 elevatam
3317 3669 3735 3740 habent;quod

2085 3760 2182 3815 alii
2206 3760 2456 3815 liberum
2482 3759 2791 3814 arbitrium
2819 3758 3257 3824 intellexerunt,
3281 3758 3559 3830 quoniam
3585 3758 3738 3814 Deus

2085 3866 2197 3905 non
2231 3855 2322 3905 est
2351 3849 2566 3905 similis
2589 3849 2914 3905 secundum
2944 3848 3261 3904 essentiam
3293 3846 3734 3917 frationalibus:

2082 3954 2273 4010 neque
2301 3938 2454 3992 enim
2492 3955 2599 3993 nos
2621 3937 2847 3992 similes
2881 3953 3089 3992 sumus
3122 3935 3481 4008 imaginibus
3519 3935 3735 3989 nostris

2083 4027 2265 4082 cereis
2299 4027 2464 4094 forte,
2499 4033 2599 4082 aut
2628 4027 2814 4096 azreis,
2849 4043 2972 4096 quae
3005 4024 3530 4080 a!teriusessentiae
3554 4039 3731 4094 quam

2081 4131 2187 4171 nos
2219 4120 2277 4170 et
2307 4132 2512 4186 parum
2542 4114 2807 4170 similes:
2841 4131 2968 4185 quae
2987 4113 3143 4168 enim
3168 4114 3434 4184 ejusdem
3461 4110 3729 4182 seriei,id

2079 4208 2169 4260 est
2192 4204 2455 4276 ejusdem
2493 4203 2714 4259 ordinis
2763 4221 2828 4258 ac
2863 4203 3148 4273 essentise,
3201 4206 3266 4257 ut
3314 4201 3616 4257 cherubim
3675 4204 3733 4256 et

2079 4293 2376 4365 seraphim
2400 4309 2466 4347 ac
2489 4292 2697 4364 reliqui
2728 4293 2982 4361 ordines,
3017 4291 3427 4347 assimilantur
3457 4289 3567 4346 sibi
3590 4288 3732 4345 invi-

2078 4398 2200 4438 cem
2233 4383 2291 4436 in
2328 4381 2635 4454 principali
2669 4382 2896 4447 forma;
2930 4397 3056 4452 quis
3087 4381 3296 4447 forma,
3338 4380 3398 4433 in
3447 4377 3727 4450 intelligi-

2076 4471 2296 4527 bilibus
2327 4475 2417 4526 est
2438 4469 2616 4526 veluti
2646 4469 2912 4539 subjecta
2942 4470 3209 4540 quaedam
3245 4469 3487 4522 materia
3517 4467 3726 4521 imma-

299 4556 435 4618 Θεὸς
466 4555 576 4631 οὐχ
606 4555 748 4610 οὕτω
779 4556 917 4629 πρὸς
965 4557 1031 4612 τὶ
1077 4557 1125 4630 ἐξ
1180 4557 1368 4612 αὐτοῦ·
1426 4555 1486 4610 οὐ
1535 4556 1634 4631 γὰρ
1677 4557 1873 4630 ὅμοιον
1905 4561 1966 4614 τὸ

2093 4559 2295 4616 erialis
2326 4559 2546 4623 vivens,
2579 4575 2646 4614 ac
2681 4559 2804 4629 ipsa
2835 4557 3019 4612 forma
3053 4573 3182 4628 quae
3213 4561 3302 4611 est
3347 4555 3725 4624 unumquod-

299 4645 480 4700 α’ίτιον
540 4651 656 4707 τοῖς
711 4644 1000 4708 αἰτιατοῖς.
1033 4647 1096 4703 ³0
1153 4646 1209 4701 δὲ
1263 4647 1410 4701 εἶπον
1469 4645 1558 4701 ἐπὶ
1603 4651 1714 4702 τῶν
1745 4654 1962 4720 νοητῶν

297 4735 502 4806 νόησον
535 4735 623 4790 καὶ
657 4734 747 4791 ἐπὶ
778 4739 886 4790 τῶν
914 4740 1120 4813 νοερῶν
1150 4737 1313 4810 ἡμῶν
1343 4739 1558 4811 ψυχῶν.

369 5005 496 5064 Ἐπὶ
561 5005 657 5079 μὶν
711 5006 816 5082 γὰρ
884 5011 992 5061 τῶν
1049 5004 1337 5082 ὁμοταγῶν
1371 5045 1386 5064 .
1448 5005 1772 5079 Ὁμοταγῶν
1829 5027 1959 5083 φησι

293 5100 406 5151 τῶν
459 5097 744 5174 ἁμοφυῶν,
803 5095 857 5166 ἐξ
902 5096 976 5149 ῶν
1034 5097 1069 5166 ἡ
1131 5093 1402 5169 ὁμοιότης
1458 5094 1796 5171 ἀντιστρέφει
1840 5097 1956 5149 οἷον

2076 4665 2190 4721 que
2219 4647 2706 4719 intelligibilium.
2742 4651 2893 4702 Deus
2923 4662 3058 4701 vero
3092 4662 3205 4700 non
3237 4645 3318 4699 ita
3348 4660 3480 4698 cum
3505 4647 3725 4698 creatu-

2074 4739 2157 4795 ris
2171 4740 2546 4809 comparatur
2569 4754 2582 4803 ;
2599 4752 2780 4791 causa
2797 4735 2953 4790 enim
2977 4751 3091 4790 non
3116 4738 3205 4789 est
3216 4731 3426 4788 similis
3439 4731 3722 4787 efﬂectui:

2075 4828 2228 4899 quod
2258 4831 2454 4882 autem
2478 4825 2594 4880 dixi
2627 4826 2698 4881 de
2729 4823 3222 4896 intelligibilibus,
3255 4821 3516 4893 intelligo
3546 4820 3721 4875 etiam

2075 4918 2146 4972 de
2166 4914 2636 4986 intelhgentibus
2667 4913 2978 4969 animabus
3012 4911 3248 4968 nostris.

2147 5005 2416 5074 Quoniam
2465 5004 2526 5058 in
2573 5005 2666 5074 iis,
2699 5017 2824 5075 quae
2867 5003 3112 5074 aequalia
3161 5004 3311 5057 sunt.
3359 5002 3542 5055 Vocat
3587 4997 3724 5070 ὁμο-

2071 5095 2251 5166 ταγῶν
2285 5109 2416 5164 ᾳυω
2445 5091 2710 5163 ejusdem
2741 5095 2878 5146 sunt
2909 5094 3154 5160 naturae,
3187 5089 3246 5145 in
3279 5088 3494 5160 quibus
3515 5086 3725 5144 simili-

370 5303 455 5377 (n)
484 5302 642 5362 Psal.
675 5319 881 5376 Lnxv,
909 5303 965 5359 8.
997 5303 1069 5376 (ο)
1100 5304 1212 5361 Isa.
1236 5319 1328 5372 XL,
1359 5303 1452 5360 25.
1482 5303 1561 5376 (p)
1582 5301 1728 5360 Osee
1757 5319 1858 5371 xu,
1892 5302 1979 5358 10.
2012 5299 2090 5375 (9)
2117 5300 2253 5357 Luc.
2289 5317 2370 5368 γι,
2405 5299 2494 5355 36.

1321 5517 1564 5575 νΑΒῙΔΕ
1602 5515 1996 5574 LEGTIONES
2022 5513 2115 5573 ET
2154 5512 2709 5573 CORREGTIONES.

365 5673 414 5709 ⁷⁸
445 5665 598 5733 εὐθὺς
628 5670 730 5742 τῆς
758 5666 883 5743 περὶ
914 5667 1067 5739 ζώων
1098 5665 1374 5741 ἰδιότητος
1401 5665 1799 5747 πραγματείας.
1873 5670 1918 5706 ⁸ο
1951 5667 2025 5733 ὡς
2059 5663 2418 5744 δημιουργόν.
2495 5666 2539 5703 ει
2576 5663 2822 5736 ἐπέθηκε.
2899 5663 2945 5700 ⁸⁸
2976 5661 3398 5738 ἐπιστραφῆναι.
