4108 6388
334 317 443 372 379

1170 325 1536 380 APPENDIX
1571 327 1671 378 AD
1709 322 1952 383 OPERA
1986 320 2045 372 Β.
2086 319 2401 376 DIONYSU
2444 323 2944 380 AREOPAGITE.

3645 321 3756 376 380

338 443 481 497 tudo
513 443 873 498 convertitur
896 463 910 510 ;
936 444 1096 500 velut
1123 445 1326 502 Petrus
1349 447 1562 503 similis
1585 447 1764 502 Paulo
1787 464 1989 503 secun-

2106 443 2308 516 Ι1έτρος
2367 442 2572 516 Παύλῳ
2624 443 2818 517 ὅμοιος
2869 444 3006 498 κατὰ
3055 444 3156 512 τὴν
3215 440 3396 514 φύσιν,
3449 443 3539 497 καὶ
3598 445 3752 498 ἀντι·-

338 532 478 586 dum
510 538 801 599 naturam,
827 539 883 587 et
913 536 1238 591 conversim
1278 536 1492 592 Paulus
1537 536 1752 593 similis
1802 537 1990 591 Petro.

338 622 401 675 In
436 621 670 675 homine
702 638 835 676 vero
867 639 934 678 ac
968 625 1096 692 ejus
1131 625 1388 696 imagine
1417 644 1528 682 non
1562 631 1652 681 est
1673 627 1876 682 eadem
1903 642 1990 680 ra-

330 709 448 764 tio:
475 726 586 763 non
622 715 712 764 est
743 713 903 766 enim
937 714 1138 768 eadem
1165 716 1510 770 essentiaein
1533 715 1798 786 utrisque
1821 715 1989 782 ratio,

331 799 482 868 quod
515 799 741 854 vocavit
775 801 927 856 208
951 803 1330 875 principalem
1356 804 1571 860 similis
1594 805 1992 876 speciemJJO-

333 905 430 942 mo
462 905 594 943 vero
627 889 804 944 etiam
839 890 950 946 alio
982 893 1151 946 modo
1174 893 1388 947 dicitur
1411 893 1720 949 dissimilis
1746 892 1990 965 proprias

339 977 773 1049 imagini,quod
799 979 992 1050 imago
1015 980 1244 1050 quidem
1269 983 1417 1037 facta
1439 982 1515 1037 sit
1537 983 1607 1037 ad
1628 982 1885 1038 hominis
1908 982 1992 1036 si-

339 1065 759 1137 militudinem,
795 1084 904 1122 non
941 1074 1132 1123 autem
1154 1069 1329 1126 homo
1352 1072 1422 1126 ad
1449 1072 1627 1143 hujus
1651 1071 1991 1127 similitudi-

339 1171 474 1211 nem
513 1156 630 1210 :ita
663 1156 844 1227 igitur
876 1174 1062 1229 neque
1091 1159 1146 1214 in
1173 1176 1372 1229 causa,
1398 1178 1586 1232 neque
1610 1162 1664 1216 in
1685 1162 1893 1216 effectu
1929 1159 1992 1214 τὸ

336 1241 720 1320 ἀντιστρέφειν,
772 1263 871 1300 seu
927 1248 1277 1318 reciprocari
1322 1250 1771 1306 admittendum.
1817 1251 1991 1306 Porro

336 1334 686 1404 reciprocari
718 1339 809 1389 est
839 1351 972 1391 cum
1005 1335 1124 1391 illis
1156 1338 1332 1393 etiam
1355 1337 1455 1410 qui
1488 1339 1848 1394 contrarium
1871 1345 1989 1394 tra-

334 1425 496 1477 ctant
519 1439 880 1492 sermonem,
911 1425 1218 1496 aequaliter
1263 1428 1457 1483 dicere
1504 1427 1660 1498 licet,
1708 1429 1885 1484 veluti
1909 1429 1992 1484 si-

338 1511 558 1566 animal
593 1513 746 1584 quod
781 1513 838 1567 in
865 1518 1053 1581 utero,
1073 1520 1129 1570 et
1151 1517 1534 1585 contrarium,
1560 1519 1607 1574 si
1635 1535 1746 1573 non
1771 1518 1990 1574 animal

337 1601 491 1671 quod
528 1601 585 1655 in
620 1605 800 1656 utero.
841 1602 925 1657 Ita
948 1603 1212 1675 loquitur
1235 1605 1501 1662 Clemens
1525 1607 1581 1661 in
1607 1607 1894 1680 principio
1918 1607 1993 1661 li-

336 1689 427 1744 bri
459 1689 648 1761 quinti
679 1691 1036 1764 Stromatum,
1057 1693 1141 1748 sic
1162 1693 1342 1765 igitur
1366 1695 1540 1751 etiam
1566 1695 1674 1752 hoc
1703 1697 1843 1752 loco.
1875 1698 1990 1751 Ita-

333 1795 448 1850 que
479 1779 527 1834 si
556 1778 777 1835 similia
806 1796 934 1852 quae
964 1782 1230 1852 ejusdem
1264 1784 1512 1852 ordinis,
1535 1789 1591 1840 et
1617 1801 1647 1840 e
1677 1785 1989 1855 contrario,
2025 1815 2072 1880 Β

335 1867 383 1922 si
414 1885 527 1922 non
562 1868 783 1924 similia
815 1887 940 1940 quae
972 1872 1240 1942 ejusdem
1275 1874 1518 1928 ordinis.

410 1956 584 2027 Ipsius
613 1957 1032 2015 similitudinis.
1047 1960 1202 2016 Solet
1215 1977 1388 2033 magn
1400 1979 1466 2017 us
1483 1962 1792 2034 Dionysius
1805 1963 1999 2018 dicere

336 2044 520 2100 Deum
553 2045 611 2100 in
633 2048 856 2102 effectis
871 2065 1001 2104 esse
1020 2051 1172 2120 quod
1190 2067 1292 2122 per
1305 2068 1366 2106 se
1379 2057 1487 2122 est,
1503 2054 1701 2123 etejus
1715 2054 1866 2124 quod
1899 2069 2001 2124 per

336 2149 400 2188 se
430 2139 521 2190 est
553 2137 937 2206 conditorem,
969 2145 1026 2193 et
1059 2139 1253 2210 ipsum
1287 2157 1416 2196 esse
1461 2142 1866 2197 exsistentiam
1899 2158 2000 2213 per

340 2240 424 2288 se,
459 2229 514 2278 et
547 2224 897 2280 exsistentize
953 2244 1054 2298 per
1100 2245 1162 2284 se
1210 2229 1572 2286 conditorem
1621 2235 1776 2286 sicut
1821 2231 1996 2286 etiam

341 2328 499 2368 nunc
531 2312 726 2384 ipsum
761 2332 890 2370 esse
921 2315 1104 2385 ipsam
1125 2318 1602 2390 similitudinem,
1625 2324 1684 2375 et
1709 2320 1897 2392 ipsius
1919 2321 1998 2375 si-

345 2400 701 2458 militudinis
733 2405 1116 2460 conditorem.
1143 2407 1273 2462 Haec
1296 2413 1490 2464 autem
1516 2409 1678 2476 dicit,
1703 2426 1818 2464 non
1842 2410 1996 2480 quod

343 2490 500 2546 dicat
529 2491 714 2546 Deum
747 2493 1038 2548 diversam
1073 2495 1309 2565 quidem
1341 2513 1468 2552 esse
1496 2497 1698 2560 vitam,
1722 2514 1788 2553 ac
1809 2498 1998 2553 diver-

344 2595 472 2634 sam
505 2581 574 2634 ab
607 2597 673 2635 eo
703 2582 824 2636 vita
867 2583 1237 2638 essentialem
1288 2587 1629 2656 productam
1684 2587 1886 2655 fuisse,
1931 2604 1997 2642 ac

341 2667 521 2722 veluti
547 2668 767 2724 diceret
797 2669 1055 2741 aliquam
1091 2677 1297 2743 printer
1340 2674 1522 2729 Deum
1571 2676 1994 2731 subsistentem

344 2772 519 2827 quam
554 2758 910 2828 participant
941 2776 1007 2814 ea
1051 2778 1177 2831 quas
1226 2761 1404 2817 vitam
1447 2764 1841 2834 participant:
1891 2765 1989 2820 sed

340 2844 490 2899 sicut
521 2847 781 2916 seipsum
815 2848 1065 2919 explicat
1115 2850 1172 2904 in
1221 2853 1408 2922 capite
1458 2854 1787 2923 undecimo,
1838 2854 1993 2910 Deus

343 2934 560 2988 dicitur
593 2935 723 3006 ipsa
753 2936 890 3002 vita,
928 2955 994 2992 ac
1014 2938 1143 3009 ipsa
1173 2940 1379 3008 virlus,
1422 2947 1596 3012 atq-ie
1627 2943 1757 3014 ipsa
1782 2942 1992 2997 simili-

345 3023 508 3088 tudo,
541 3030 599 3077 et
630 3025 945 3095 ejusmodi,
981 3031 1045 3082 ut
1097 3027 1205 3084 hoc
1253 3029 1542 3086 exsistens
1598 3047 1701 3102 per
1749 3032 1990 3086 modum

343 3111 638 3182 principii,
672 3130 736 3168 ac
773 3120 836 3169 ut
878 3115 1054 3183 Deus,
1090 3121 1282 3190 atque
1329 3119 1487 3174 velut
1525 3136 1734 3176 causa:
1780 3120 1989 3176 horum

2103 530 2352 609 στρόφως
2394 531 2611 596 Ηαῦλος
2660 532 2848 606 Πέτρῳ
2901 534 3116 605 ὅμοιος.
3151 531 3275 588 Ἐπὶ
3321 531 3378 585 δὲ
3415 534 3516 585 τοῦ
3545 533 3756 608 ἀνθρώ-

2101 641 2207 674 που
2259 622 2347 676 xui
2399 627 2498 691 τῆς
2545 621 2740 676 τούτου
2786 621 2997 684 εἶκύνος
3052 621 3161 695 οὐχ
3190 622 3217 675 6
3269 621 3432 684 αὐτὸς
3474 619 3662 697 λόγος·
3698 621 3760 676 οὐ

2100 710 2203 782 γὰρ
2253 711 2280 764 6
2333 717 2433 779 τῆς
2481 709 2669 773 οὐσίας
2721 705 2884 785 λόγος
2935 712 2962 765 ὁ
3008 711 3168 771 αὐτὸς
3215 708 3296 764 ἐπ’
3347 709 3574 786 ἀμφοῖν,
3626 709 3760 785 ὅπερ

2102 797 2323 854 ἐκάλεσε
2353 799 2771 875 προηγούμενον
2816 800 3010 872 ὁμοίου
3059 797 3224 862 εἶδος.
3257 801 3312 853 ’0
3364 797 3420 854 δὶ
3469 796 3758 869 ἅνθρωπος

2101 887 2191 942 καὶ
2222 889 2418 964 ἑτέρως
2453 889 2670 963 λέγεται
2718 889 2826 964 οὐχ
2857 889 3051 962 ὅμοιος
3097 892 3165 962 τῇ
3223 885 3335 959 ἰδίᾳ
3378 888 3569 957 εἰκόνι,
3603 887 3686 942 ὅτι
3722 891 3757 958 ἡ

2103 976 2261 1032 εἷ’κὼν
2312 978 2408 1050 μὲν
2458 979 2594 1054 πρὸς
2636 981 2735 1048 τὴν
2769 983 2865 1032 τοῦ
2915 979 3204 1053 ἀνθρώπου
3236 976 3458 1052 γέγονεν
3491 978 3764 1049 ὁμοιότη-

2099 1087 2188 1132 τα,
2242 1067 2333 1120 καὶ
2387 1067 2524 1142 οὐχὶ
2558 1068 2586 1122 6
2620 1065 2905 1143 ἄνθρωπος
2956 1068 3092 1141 πρὸς
3139 1068 3240 1135 τήν
3281 1065 3506 1136 ταύτης.
3565 1063 3756 1128 Οὕτως

2103 1152 2193 1209 οὖν
2225 1154 2314 1210 καὶ
2347 1157 2431 1210 ἐπὶ
2481 1159 2580 1210 τοῦ
2629 1155 2830 1224 αἰτίου,
2861 1156 2950 1212 xui
2995 1161 3101 1211 τῶν
3148 1155 3200 1227 ἐξ
3230 1155 3416 1223 αὐτοῦ,
3452 1157 3528 1228 μὴ
3572 1153 3758 1210 δεκτὸν

2102 1246 2234 1299 εἴναι
2293 1246 2355 1300 τὸ
2411 1245 3204 1324 ἀντιστρέφειν·ἆντιστρέφειν
3263 1245 3322 1300 δέ
3377 1244 3544 1312 ἐστιν,
3597 1242 3629 1298 ἃ
3667 1244 3761 1299 xui

2099 1339 2217 1396 τοῖς
2247 1334 2338 1389 τὸν
2375 1333 2607 1390 ἐναντίον
2644 1337 2946 1410 χειρίζουσι
2979 1337 3024 1372 ⁸³
3072 1334 3236 1410 λόγον
3277 1333 3468 1404 ἐπίσης
3499 1330 3643 1389 ἔστιν
3676 1332 3759 1388 εἷ’-

2101 1429 2246 1490 πεῖν,
2278 1426 2393 1478 οἷον
2428 1424 2473 1479 εἰ
2531 1429 2669 1494 ζῶον
2715 1424 2776 1479 τὸ
2821 1425 2957 1478 κατᾶ
2988 1423 3244 1500 γαστρὸς,
3275 1424 3364 1478 καὶ
3397 1423 3460 1478 τὸ
3490 1422 3758 1490 ἂναντίον,

2103 1512 2149 1567 εἰ
2181 1511 2242 1567 οὐ
2278 1517 2412 1581 ζῶον
2460 1513 2523 1568 τὸ
2571 1513 2709 1568 κατᾶ
2753 1515 3003 1588 γαστρός.
3037 1511 3196 1570 Οὕτω
3243 1514 3406 1589 φησὶν
3440 1513 3468 1567 6
3517 1510 3759 1584 Κλήμης

2102 1602 2154 1654 έν
2205 1602 2352 1676 ἀρχῇ
2398 1606 2496 1656 τοῦ
2540 1602 2792 1674 πέμπτου
2843 1600 3242 1677 Στρωματέων,
3291 1601 3470 1674 ὥσπερ
3520 1599 3612 1655 οὖν
3667 1601 3762 1654 καὶ

2102 1688 2342 1746 ἐνταῦθα.
2380 1690 2439 1746 Ei
2473 1691 2568 1745 οὗν
2602 1689 2770 1764 ὅμοια
2813 1692 2882 1745 τὰ
2929 1691 3196 1764 ὁμοταγῆ,
3230 1689 3320 1745 καὶ
3369 1688 3428 1744 ἐκ
3478 1693 3575 1744 τοῦ
3618 1688 3772 1744 έναν-

2101 1780 2242 1849 τίου,
2277 1779 2323 1834 si
2351 1779 2455 1856 οὐχ
2486 1781 2653 1854 ὅμοια
2681 1781 2748 1835 τὰ
2779 1781 3052 1856 ὁμοταγῆ.

2177 1966 2287 2028 Τῆς
2346 1959 2835 2032 αὐτοομοιότητος.
2896 1961 3056 2023 Ἓθος
3096 1957 3206 2014 ἐστὶ
3247 1962 3326 2030 τῷ
3377 1957 3602 2032 μεγάλῳ
3635 1964 3766 2012 Διο-

2106 2049 2292 2120 νυσίῳ,
2318 2049 2410 2103 τὸν
2444 2050 2570 2104 Θεὸν
2605 2049 2778 2124 λέγειν
2820 2048 2906 2104 ἐπὶ
2954 2053 3062 2103 τῶν
3113 2048 3366 2103 αἷτιατῶν
3407 2047 3570 2102 αὐτὸν
3629 2046 3765 2101 εἶναι

2105 2139 2168 2192 τὸ
2207 2137 2406 2192 αὐτοὸν
2455 2137 2544 2192 καὶ
2588 2142 2686 2193 τοῦ
2735 2137 3006 2192 αύτοεῖναι
3063 2139 3393 2207 ὑποστάτην·
3453 2137 3542 2191 καὶ
3601 2135 3762 2190 αὐτὸν

2108 2228 2240 2282 εἶναι
2288 2228 2386 2295 τὴν
2435 2226 2742 2296 αύτοζωήν,
2789 2228 2879 2281 καὶ
2928 2230 3028 2292 τῆς
3085 2226 3368 2295 αύτοζωῆς
3426 2226 3760 2296 ὑποστάτην·

2108 2317 2182 2378 ὡς
2209 2316 2299 2370 καὶ
2330 2320 2420 2370 νῦν
2474 2316 2632 2370 αὐτὸν
2667 2315 2798 2370 εἶναι
2829 2316 2930 2384 τὴν
2981 2313 3447 2388 αὐτοομοιότητα,
3477 2314 3566 2368 καὶ
3616 2316 3764 2387 [τῆς]

2107 2403 2575 2477 αύτοομοιύτητος
2626 2405 2956 2475 ὑποστάτην.
3011 2404 3156 2476 Φησὶ
3207 2401 3264 2458 δὲ
3311 2403 3498 2476 ταῦτα,
3542 2402 3652 2478 οὐχ
3689 2404 3768 2465 ὡς

2107 2494 2290 2568 ἑτέραν
2328 2495 2421 2567 μὲν
2465 2493 2680 2571 φάσκων
2739 2495 2881 2562 ζωὴν
2927 2493 3086 2549 αὐτὸν
3133 2493 3226 2548 τὸν
3277 2491 3432 2561 Θεᾶν,
3479 2493 3662 2564 ἑτέραν
3709 2488 3768 2546 δὲ

2105 2585 2389 2658 παρῆγθαι
2437 2583 2579 2651 ζωὴν
2613 2580 2880 2653 ούσιώδη,
2921 2582 3011 2638 καὶ
3061 2584 3175 2637 οἷον
3209 2580 3262 2636 εἷ’
3301 2603 3419 2636 τινα
3464 2579 3761 2636 ἐνυπόστα-

2103 2691 2195 2726 τον
2246 2672 2391 2746 παρᾶ
2444 2672 2535 2727 τὸν
2593 2673 2744 2740 Θεὸν,
2798 2675 2864 2741 ἧς
2918 2669 3236 2746 μετέχειτὰ
3279 2678 3381 2739 τῆς
3431 2675 3576 2738 ζωῆς
3611 2670 3766 2741 μετέ·

2109 2783 2293 2838 χοντα,
2339 2761 2469 2816 ἀλλ’
2517 2761 2591 2823 ὡς
2638 2761 2801 2822 αὐτὸς
2832 2761 3017 2816 ἑαυτὸν
3069 2759 3354 2834 ἐρμηνεύει
3411 2758 3463 2813 ἐν
3513 2763 3595 2830 τῷ
3624 2755 3763 2812 ἑνδε-

2104 2853 2251 2923 κάτῳ
2307 2849 2612 2929 κεφαλαίῳ,
2662 2850 2916 2920 αὐτοζωὴ
2965 2850 3056 2905 καὶ
3097 2846 3491 2920 αὐτοδύναμις,
3523 2847 3616 2902 καὶ
3667 2848 3759 2901 αὐο

2099 2940 2463 3013 τοομοιότης,
2510 2939 2600 2994 καὶ
2648 2941 2713 2994 τὰ
2764 2943 2994 2994 τοιαῦτα
3042 2936 3259 3014 λέγεται
3292 2939 3320 2993 6
3352 2937 3508 3008 Θεὸς,
3539 2937 3617 2999 ὡς
3661 2936 3752 3010 ἆρ-

2103 3034 2282 3104 χικῶς
2305 3034 2466 3084 τοῦτο
2511 3023 2608 3094 ὥν,
2660 3029 2750 3084 xui
2778 3030 2992 3099 θεῖκῶς,
3043 3028 3134 3083 καὶ
3180 3028 3516 3083 αἷτιατικῶς·
3547 3024 3753 3081 τούτων

2103 3120 2207 3193 γὰρ
2241 3117 2400 3179 αὐτὸς
2447 3122 2528 3190 τῷ
2581 3112 2696 3172 ὅντι
2745 3119 2984 3193 πηγαῖός
3035 3116 3164 3173 ἐστι¹
3218 3123 3319 3186 τῆς
3368 3112 3425 3170 δὲ
3471 3115 3761 3184 αὐτοζωῆς

341 3201 492 3254 enim
521 3206 610 3256 est
641 3219 840 3258 revera
872 3205 1002 3259 fons
1034 3222 1099 3261 ac
1131 3207 1329 3279 origo;
1364 3208 1552 3280 ipsius
1601 3214 1796 3265 autem
1837 3210 1986 3277 vitae,

2106 3205 2245 3262 ἐστιν
2279 3208 2612 3279 ὑποστάτης,
2643 3206 2732 3262 καὶ
2778 3204 3266 3279 αὒτοομοιότητος,
3305 3203 3396 3260 καί
3425 3208 3530 3259 τῶν
3579 3203 3765 3260 τοιού-

344 3305 409 3343 ac
442 3289 635 3361 ipsius
656 3291 1067 3350 similitudinis
1085 3301 1142 3350 et
1165 3295 1374 3354 talium
1397 3303 1484 3354 est
1521 3300 1810 3366 conditor,
1848 3305 1912 3355 ut
1942 3300 1992 3355 is

341 3378 441 3449 qui
477 3379 921 3452 participatione
951 3383 1095 3453 ipsis
1115 3403 1241 3456 qua:
1270 3387 1546 3458 primario
1569 3388 1722 3444 inter
1746 3405 1860 3456 res,
1886 3389 1995 3445 hoc

339 3469 560 3523 donum
597 3471 948 3543 participant
980 3473 1229 3546 largitur
1263 3493 1435 3532 :nam
1471 3478 1666 3534 omnia
1691 3495 1792 3550 pro
1819 3483 1990 3552 captu

339 3573 448 3611 suo
481 3557 620 3613 talia
671 3561 1058 3632 participant:
1105 3564 1308 3634 primas
1359 3566 1594 3638 quidem
1640 3573 1696 3623 et
1725 3585 1994 3639 superna

341 3643 802 3715 intelligibilium
837 3655 1114 3705 creaturae
1140 3669 1240 3723 per
1262 3656 1502 3708 modum
1529 3655 1798 3726 principii
1825 3673 1838 3710 :
1866 3673 1994 3727 quae

341 3748 474 3786 vero
505 3732 802 3805 deinceps,
835 3740 1160 3794 secundum
1196 3741 1545 3797 descensum
1596 3759 1698 3799 seu
1756 3743 1996 3798 interio-

345 3837 467 3876 rem
502 3821 774 3893 gradum.
807 3824 951 3880 Poro
991 3827 1168 3883 etiam
1211 3829 1483 3900 superius
1508 3830 1768 3886 diximus
1789 3830 1996 3886 simili-

341 3911 610 3966 tudinem
644 3928 773 3968 esse
802 3919 1058 3972 totorum
1092 3918 1401 3987 unitatem,
1435 3936 1552 3992 qua
1583 3924 1726 3987 tota,
1756 3918 1812 3974 id
1838 3920 1994 3990 quod

342 4017 406 4056 se
437 4002 640 4057 eodem
675 4005 845 4060 modo
877 4005 1076 4076 habet,
1109 4013 1166 4063 et
1195 4009 1519 4065 secundum
1541 4011 1746 4066 eadem
1769 4009 1828 4065 in
1853 4027 1994 4066 con-

344 4089 663 4160 spiratione
694 4094 1066 4167 participant,
1091 4098 1292 4170 prima;
1324 4115 1515 4156 causae
1537 4100 1952 4156 communione
1977 4117 1990 4155 :

344 4178 490 4234 dixit
512 4185 728 4251 autem,
762 4199 889 4254 quae
917 4200 1032 4242 esse
1059 4191 1253 4258 potest,
1286 4188 1428 4259 quia
1459 4205 1574 4245 non
1598 4189 1870 4262 perfecte,
1893 4206 1993 4245 ne-

343 4284 457 4339 que
478 4267 537 4324 in
568 4273 688 4325 toto
711 4272 982 4331 imitatio.

412 4360 441 4425 §
470 4358 590 4415 VII.
624 4361 955 4433 Desciscens,
983 4365 1080 4420 Gr.
1111 4365 1173 4420 τὸ
1204 4362 1458 4424 ἀποδέον.
1490 4367 1800 4424 Deﬁciens.

413 4448 442 4521 §
477 4450 628 4505 VIII.
654 4451 798 4518 Quid
809 4453 1069 4510 autemde
1083 4455 1270 4512 divino
1282 4461 1448 4513 statu.
1473 4458 1708 4513 Statum
1724 4460 1780 4513 et
1792 4458 1990 4513 sedem

2100 3317 2233 3364 των,
2269 3297 2342 3357 ὡς
2400 3300 2672 3368 μεθεκτῶς
2720 3295 2907 3357 αὐτοῖς
2955 3300 3074 3358 τοῖς
3121 3296 3356 3371 πρώτως
3390 3293 3440 3349 έν
3489 3299 3606 3355 τοῖς
3640 3293 3761 3347 οὗσι

2100 3392 2202 3454 τῆς
2233 3382 2442 3461 δωρεᾶς
2494 3383 2696 3455 ταύτης
2753 3383 3042 3459 μετέχουσι
3095 3387 3380 3459 χορηγῶν.
3426 3380 3605 3438 Πάντα
3652 3382 3761 3453 γὰρ

2105 3474 2322 3535 οἰκείως
2367 3475 2581 3537 ἑαυτοῖς
2633 3475 2852 3548 μετέχει
2902 3479 3011 3528 τῶν
3059 3473 3348 3527 τοιούτων·
3385 3473 3438 3526 αἱ
3490 3471 3584 3544 μὶν
3617 3474 3766 3545 πρῶ-

2101 3585 2189 3620 ται
2217 3565 2306 3618 καὶ
2338 3564 2610 3618 ἀνώταται
2657 3568 2764 3618 τῶν
2815 3567 3028 3632 νοητῶν
3073 3560 3276 3623 κτίσεις
3319 3563 3661 3636 ἁρχηγικῶς·
3695 3560 3766 3612 τὰ

2105 3651 2162 3708 δὲ
2207 3654 2330 3722 ἑξῆς
2378 3647 2742 3714 ὑποϐατικῶς.
2776 3653 3119 3726 Ὁμοιότητα
3167 3649 3223 3706 δὲ
3260 3651 3349 3706 xui
3396 3651 3506 3704 ἄνω
3550 3644 3762 3726 ἔφημεν

2100 3743 2201 3809 τήν
2233 3744 2340 3794 τῶν
2369 3739 2518 3795 ὅλων
2569 3741 2818 3811 ἑνότητα,
2849 3746 2968 3804 καθ’
3017 3741 3078 3808 ἣν
3127 3741 3196 3794 τὰ
3245 3739 3349 3795 ὅλα
3396 3741 3494 3793 τοῦ
3534 3737 3668 3791 κατὰ
3695 3736 3762 3790 τὸ

2104 3827 2362 3890 ὡσαύτως
2413 3825 2642 3903 ἔχοντος
2691 3829 2780 3884 xui
2839 3832 2976 3885 κατά
3013 3829 3082 3885 τὰ
3141 3827 3277 3884 αὐτὰ
3325 3827 3402 3889 είς
3452 3827 3762 3898 σύμπνοιαν

2109 3916 2348 3990 μετέχει,
2401 3916 2540 3970 κατᾶ
2591 3916 2878 3990 μετουσίαν
2927 3922 3024 3972 τοῦ
3073 3919 3294 3992 πρώτου
3349 3915 3547 3970 αἰτίου.
3577 3911 3764 3970 Ἕνδε-

2103 4005 2344 4080 χόμενον
2376 4001 2434 4060 δὲ
2466 4005 2635 4073 εἶπεν,
2669 4006 2732 4060 οὐ
2777 4006 2882 4082 γὰρ
2931 4005 3181 4076 τελείως,
3214 4003 3340 4060 οὐδὲ
3385 4005 3505 4068 καθ’
3554 4000 3690 4056 ὅλου
3725 4004 3761 4070 ἡ

2108 4091 2366 4166 μίμησις.

2173 4369 2201 4435 §
2230 4365 2355 4421 VII.
2390 4362 2466 4421 T6
2495 4359 2750 4419 ἀποδέον.
2785 4361 3139 4418 Ἀπολεῖπον.

2174 4456 2380 4525 §Vlll.
2415 4455 2483 4511 Τί
2545 4451 2603 4508 δὲ
2656 4454 2746 4508 xui
2801 4453 2926 4528 περὶ
2982 4459 3082 4522 τῆς
3143 4449 3289 4516 θείας
3343 4448 3602 4513 στάσεως.
3652 4449 3760 4518 Τὴν

340 4553 445 4608 pro
471 4539 673 4594 eodem
697 4541 944 4613 accipit:
973 4546 1194 4600 statum
1228 4545 1406 4614 enim,
1436 4563 1550 4601 non
1594 4547 1747 4616 quod
1799 4551 1992 4602 rectus

2106 4546 2286 4598 στάσιν
2345 4543 2435 4598 καὶ
2491 4543 2591 4613 τήν
2638 4538 2901 4616 καθέδραν
2958 4541 3020 4595 τὸ
3069 4539 3200 4595 αὐτὸ
3259 4537 3514 4615 δέχεται·
3576 4537 3759 4593 στάσιν

339 4626 458 4694 ﬁat,
497 4632 804 4700 postquam
831 4630 892 4686 in
911 4633 1048 4688 sede
1069 4633 1406 4690 incurvatus
1432 4635 1605 4690 fuerit
1623 4635 1988 4706 suspicatur;

340 4716 442 4769 sed
456 4716 583 4771 sine
601 4719 1009 4786 concussione,
1034 4738 1099 4777 ac
1121 4723 1448 4778 mutatione
1469 4723 1594 4787 Dei,
1620 4723 1856 4778 ﬁrmum
1878 4730 1992 4780 sta-

336 4808 463 4859 tum
514 4807 778 4864 vocavit:
830 4809 984 4864 sicut
1029 4811 1207 4866 etiam
1265 4813 1469 4866 sedere
1519 4813 1814 4884 signiﬁcat
1863 4829 1992 4869 esse

339 4895 615 4949 continuo
659 4913 725 4951 ac
761 4896 1437 4969 incomprehensibiliter
1485 4902 1636 4957 209
1685 4903 1743 4956 in
1791 4919 1992 4974 regno,

338 4997 404 5035 ac
434 4982 631 5053 quiete
662 4985 920 5040 nominis
951 4991 1202 5057 experte.
1239 4987 1387 5042 Sane
1418 4987 1478 5043 in
1512 4989 1834 5060 Scriptura,
1858 4995 1991 5046 tan-

337 5085 515 5140 quam
547 5089 581 5126 a
611 5074 750 5128 sede
781 5090 1102 5146 exsurgens
1135 5075 1352 5132 dicitur
1385 5083 1448 5132 ut
1477 5078 1560 5133 ibi
1597 5095 1609 5134 :
1641 5083 1842 5149 Surge,
1887 5081 1990 5134 Do-

332 5158 503 5227 mine,
530 5162 781 5229 przeveni
808 5178 898 5218 eo:
927 5162 1022 5233 (r);
1054 5179 1120 5220 ac
1147 5163 1383 5232 iterum,
1412 5166 1605 5222 sicuta
1630 5172 1786 5224 statu
1811 5168 1882 5224 ad
1909 5185 1993 5224 se-

407 5373 483 5446 (r)
521 5373 674 5432 Psal.
706 5390 822 5445 xvr,
859 5376 946 5434 13.

2100 4633 2204 4710 γὰρ
2239 4633 2300 4688 ού
2329 4634 2428 4701 τὴν
2462 4633 2539 4694 εἰς
2588 4632 2648 4686 τὸ
2701 4630 2861 4705 ὀρθὸν
2894 4629 3139 4706 γενέσθαι
3189 4629 3296 4685 ἀπὸ
3324 4633 3422 4685 τοῦ
3452 4629 3757 4706 συγκεκάμ-

2102 4725 2230 4800 ιρθαί
2258 4722 2310 4777 ἂν
2340 4725 2408 4796 τῇ
2459 4717 2693 4795 καθέδρᾳ
2748 4719 3004 4775 ὑπόνοιαν
3055 4741 3241 4799 φησιν,
3291 4717 3438 4774 ἀλλὰ
3477 4719 3542 4773 τὸ
3585 4717 3754 4773 ἆκΛό-

2103 4832 2264 4881 νητον
2323 4810 2412 4866 xui
2485 4809 2888 4885 ἀμετάτρεπτον
2938 4813 3036 4864 τοῦ
3103 4813 3236 4863 Θεοῦ
3297 4802 3516 4884 βεϐαίαν
3571 4809 3751 4862 στάσιν

2102 4897 2374 4954 ἐκάλεσεν·
2410 4898 2484 4959 ὡς
2531 4897 2622 4952 καὶ
2673 4897 2734 4952 τὸ
2783 4898 3048 4966 καθῆσθαι
3096 4898 3158 4952 τὸ
3206 4896 3260 4952 ἐν
3315 4895 3684 4970 ἆνωνομάστῳ
3711 4897 3758 4930 ⁸⁵

2107 4986 2373 5064 βασιλείᾳ,
2421 4987 2511 5042 xui
2565 4984 2859 5040 ἀναπαύσει
2917 4983 3151 5058 διαρκῶς
3207 4985 3297 5040 xui
3349 4983 3754 5055 ἀκαταλήπτως

2102 5074 2268 5153 ἔχειν.
2305 5076 2403 5132 Καὶ
2457 5077 2567 5150 μὴν
2615 5074 2666 5130 ἐν
2716 5079 2786 5149 τῇ
2839 5079 3048 5153 Γραφῇ,
3083 5075 3156 5138 ὠς
3209 5075 3314 5130 ἀπὸ
3360 5079 3458 5130 τοῦ
3486 5076 3752 5144 καθῆσθαι

2103 5165 2459 5240 ἀνιστάμενος
2515 5162 2750 5240 εἴρηται,
2799 5164 2874 5229 ὡς
2930 5163 2982 5219 ὲν
3034 5169 3134 5238 τῷ,
3194 5161 3504 5235 Ἀνάστηθι,
3565 5163 3750 5239 Κύριε,

1330 5507 1573 5565 νΑηΙιλΕ
1611 5507 2006 5566 LECTIONES
2043 5507 2138 5566 ET
2185 5504 2746 5564 CORRECTIONES.

403 5647 449 5683 ⁸³
482 5645 940 5723 μεταχειρίζουσι.
1015 5649 1062 5685 ⁸⁸
1087 5651 1155 5722 τῇ
1188 5647 1564 5724 ἆνονομάστῳ.
