4108 6384
361 355 462 411 381

1110 363 1168 414 8.
1210 361 1481 415 ΜΔΧΙΜΙ
1519 360 1823 416 SCHOLIA
1861 359 1936 412 IN
1975 361 2014 411 L

2152 359 2249 410 DE
2285 358 2562 410 DIVINIS
2599 355 3020 412 NOMINIBUS.

3678 359 3784 416 382

359 478 679 558 πρόφθασον
712 479 908 542 αὐτούς
942 499 956 513 ⁵
988 480 1080 536 καὶ
1111 481 1276 539 πάλιν
1309 484 1383 544 ὡς
1413 483 1519 538 ἀπὸ
1552 485 1788 544 στάσεως
1821 480 1910 536 ἐπὶ
1939 484 2014 553 τῷ

2135 482 2266 536 dem
2321 480 2640 546 transiens,
2676 497 2807 536 cum
2841 481 3060 536 dicitur
3092 499 3104 537 :
3140 484 3280 551 Quia
3322 484 3580 539 ascendes
3622 500 3785 556 equos

365 577 637 640 καθῆσθαι
675 566 1036 644 μεταϐαίνων,
1071 572 1123 626 ἐν
1167 577 1264 644 τῷο
1297 575 1416 627 ’Ὀτι
1467 567 1702 646 ἐπιϐήσῃ
1750 570 1836 625 ἐπὶ
1894 569 2018 632 τοὺς

355 657 570 721 ’ίππους
613 680 729 727 σου,
778 659 899 713 καί·
934 661 996 715 Ἡ
1045 661 1279 715 ἱππασία
1324 683 1418 716 σου
1461 661 1702 734 σωτηρία
1736 680 1748 693 ·
1781 662 1871 715 καὶ
1929 661 2022 713 αῦ-

367 760 453 811 θις
490 769 501 779 ·
534 744 738 819 Ἐπὲϐη
776 745 1053 825 χερουϐἱμ
1079 751 1164 804 καὶ
1199 750 1463 820 ἐπετάσθη
1500 771 1512 783 ·
1553 749 1788 823 μάλιστα
1820 748 1876 804 δὲ
1918 749 1980 803 τό
2008 768 2020 780 ⁸

368 839 659 900 Ἐκάθισας
720 838 803 893 ἐπὶ
869 840 1084 913 θρόνου,
1119 841 1146 893 6
1199 840 1398 915 κρίνων
1457 837 1802 910 δικαιοσύνην
1834 859 1847 870 ·
1897 839 2018 894 καί’

362 928 429 984 Ὁ
462 929 592 989 Θεὸς
624 927 854 998 κάθηται
888 927 976 983 ἐπὶ
1007 928 1201 1004 θρόνου
1236 930 1395 1003 ἁγίου
1426 929 1611 984 αὐτοῦ.
1645 934 1818 985 Ταῦτα
1865 927 1922 983 δὲ
1961 928 2023 983 οὗ

366 1022 665 1092 σαρκικῶς,
699 1016 844 1073 ἀλλὰ
873 1015 1125 1079 θεοειδῶς
1156 1021 1290 1076 ⁸⁵.⁸⁸.

435 1109 462 1175 §
496 1112 581 1164 IX.
616 1106 715 1161 Καὶ
761 1106 848 1161 ἐπὶ
898 1106 1072 1161 πάντα
1121 1107 1407 1182 προϊόντα.
1441 1107 1563 1165 Ἐπὶ
1594 1109 1768 1163 πάντα
1810 1107 2019 1182 προῖὼν

356 1195 451 1250 καὶ
511 1196 833 1269 κινούμενος
881 1194 1096 1272 λέγεται
1151 1198 1178 1251 ὁ
1232 1197 1384 1267 Θεὸς,
1413 1197 1487 1261 ὡς
1535 1196 1587 1252 ἐν
1631 1202 1709 1268 τῷ
1738 1197 1974 1271 Ἱερεμίᾳ
2005 1214 2019 1228 ⁸

361 1278 509 1361 Ἐγὼ
542 1287 673 1348 Θεὸς
704 1284 958 1363 ἐγγίζων,
992 1287 1080 1340 καὶ
1133 1287 1266 1361 οὐχὶ
1307 1286 1587 1363 πόῤῥωθεν
1624 1308 1636 1320 ·
1669 1286 1759 1341 καὶ
1816 1287 1981 1341 πάλιν
2007 1305 2018 1317 ·

357 1374 424 1431 Ὀ
475 1373 565 1428 ἐπὶ
615 1376 834 1430 πάντων
875 1376 964 1430 καὶ
1011 1372 1099 1430 διὰ
1148 1377 1367 1432 πάντων
1397 1395 1408 1408 ο
1442 1376 1531 1430 καὶ
1584 1375 1860 1448 μάλιστα·
1897 1375 2021 1432 Ἐὰν

363 1457 556 1517 ἀναϐὧ
615 1463 692 1526 εἷς
751 1465 841 1519 τὸν
897 1463 1144 1536 οὐρανὸν,
1177 1463 1239 1519 σὺ
1273 1464 1402 1537 ἐκεῖ,
1434 1465 1525 1519 καὶ
1554 1467 1621 1520 τὰ
1651 1466 1795 1538 ἑξῆς.
1829 1467 1915 1520 Ἐν
1967 1463 2025 1519 δὲ

357 1557 485 1614 ταῖς
520 1551 881 1630 θεοφανείαις·
922 1552 1122 1609 Κλῖνον
1153 1553 1414 1629 οὐρανούς
1445 1575 1561 1623 σου,
1591 1555 1681 1609 καὶ
1711 1549 1978 1624 κατάϐηθι
2009 1573 2019 1586 ·

360 1642 481 1713 καὶ,
516 1637 709 1712 Ἀνέϐη
743 1643 771 1698 6
802 1643 931 1705 Θεὸς
964 1641 1017 1697 ἐν
1051 1641 1380 1717 ἀλαλαγμῷ.

440 1731 518 1788 Οὐ
576 1735 712 1786 κατὰ
760 1731 930 1808 φορὰν
978 1732 1014 1801 ἢ
1065 1730 1395 1792 ἀλλοίωσιν.
1445 1731 1719 1788 Διδάσκων
1783 1727 2020 1795 εὐσεϐῶς

361 1827 512 1876 νοεῖν
570 1821 638 1876 τὰ
692 1822 818 1897 περὶ
877 1825 1009 1877 Θεοῦ
1069 1819 1360 1898 λεγόμενα,
1397 1820 1560 1899 φησίν
1600 1841 1612 1856 ·
1646 1821 1891 1878 Ἀκούων
1941 1842 2021 1877 κι-

360 1914 571 1974 νεῖσθαι
628 1909 720 1966 τὸν
750 1911 904 1980 Θεὸν,
939 1908 1217 1984 μηδέποτε
1264 1913 1468 1986 νοήσῃς
1511 1909 1725 1982 κίνησιν
1775 1913 1873 1980 τὴν
1929 1909 2016 1965 ἐπὶ

354 2003 468 2053 τῶν
496 2004 739 2072 Ικτιστῶν
772 2003 816 2037 ⁸⁷
845 2001 1188 2074 νοουμένων,
1221 2000 1309 2055 καὶ
1372 1999 1608 2074 μάλιστα
1664 2004 1770 2054 τῶν
1828 1998 2018 2069 αἴσθη-

353 2093 470 2143 τῶν
508 2109 519 2123 ·
554 2091 623 2144 τὰ
651 2091 755 2164 γὰρ
807 2087 970 2145 ὑλικὰ
1016 2095 1244 2144 κινεῖται
1299 2089 1393 2162 μὲν
1444 2091 1580 2144 κατά
1628 2090 1795 2167 φοράν
1830 2108 1843 2120 ⁸
1877 2089 2018 2166 φορὰ

356 2174 417 2231 δὲ
446 2175 588 2232 ἐστιν
622 2181 655 2247 ἡ
688 2179 806 2233 καθ’
839 2177 968 2234 δλον
1000 2180 1045 2215 ⁸⁸
1073 2174 1239 2233 τόπον
1302 2176 1602 2254 ἐναλλαγή,
1630 2177 1720 2232 καὶ
1779 2176 2018 2252 μάλιστα

357 2269 394 2336 ἡ
425 2269 502 2340 μή
538 2264 809 2339 δυναμένη
845 2267 925 2344 ἐφ’
956 2269 1149 2338 εαυτῆς
1193 2275 1406 2340 στῆναι,
1441 2269 1564 2323 ὅταν
1624 2265 1785 2342 ἐθέλῃ
1823 2287 1834 2298 ·
1868 2267 2017 2337 κίνη-

357 2378 444 2419 σις
493 2354 552 2412 δὲ
593 2355 731 2412 ἐστιν
773 2360 809 2426 ἡ
842 2357 980 2412 κατά
1007 2356 1308 2413 ἀλλοίωσιν
1341 2376 1355 2390 ⁶
1388 2356 1686 2419 ἀλλοίωσις
1736 2355 1793 2411 δὲ
1850 2355 2016 2428 ἐστιν,

355 2445 512 2518 ὅταν,
551 2448 811 2519 μένοντος
835 2452 932 2502 τοῦ
983 2447 1342 2520 ὑποκειμένου
1389 2445 1649 2517 αἰσθητοῦ
1697 2441 1872 2515 ὄντος,
1920 2467 2016 2518 με-

353 2532 615 2611 ταϐάλλῃ
649 2535 701 2590 ἐν
731 2542 849 2598 τοῖς
879 2536 1045 2591 αὐτοῦ
1074 2535 1292 2591 πάθεσιν
1335 2534 1594 2597 ἐναντίοις
1644 2534 1812 2601 οὖσιν,
1843 2534 1878 2603 ἢ
1925 2534 2016 2590 καὶ

362 2626 568 2700 μεταξὺ
625 2624 878 2681 ἐναντίων
939 2625 1028 2681 καὶ
1092 2628 1209 2699 μή·
1263 2628 1379 2680 οἷον
1434 2625 1497 2680 τὸ
1555 2629 1714 2698 σῶμα
1772 2625 2014 2700 ὑγιαίνει,

352 2713 450 2768 καὶ
483 2710 649 2767 πάλιν
681 2713 877 2786 κάμνει
908 2731 922 2746 ⁸
953 2713 1016 2767 τὸ
1049 2712 1180 2768 αὐτὸ
1207 2712 1295 2767 καὶ
1331 2713 1359 2767 6
1393 2711 1628 2787 χαλκὸς,
1658 2711 1790 2766 ποτὲ
1820 2731 2016 2787 στρογς

351 2800 551 2878 γόλος,
585 2802 719 2856 ποτὲ
773 2799 1099 2876 γωνοειδὴς,
1156 2803 1431 2856 τουτέστιν
1477 2800 1554 2865 εἰς
1597 2799 1796 2877 γωνίας
1849 2821 2015 2873 μετα-

353 2890 762 2964 σχηματισθείς
797 2910 807 2921 ·
834 2888 958 2944 ὅταν
990 2886 1047 2944 δὲ
1076 2887 1205 2944 ὅλον
1244 2884 1586 2963 μεταϐάλλῃ,
1610 2890 1686 2962 μή
1725 2887 2018 2962 ὑπομένον⁴

351 3000 453 3040 τος
505 2979 767 3049 αἰσθητοῦ
815 3000 987 3051 τινος,
1021 2979 1094 3041 ὡς
1142 2979 1506 3052 ὑποκειμένου
1541 2983 1639 3033 τοῦ
1668 2978 1854 3048 αὐτοῦ,
1889 2976 2016 3034 ἀλλ’

357 3073 478 3124 οἷον
534 3067 594 3123 ἐκ
647 3075 749 3144 γῆς
802 3067 981 3138 πάσης
1032 3071 1190 3142 αἷμα,
1237 3068 1326 3124 καὶ
1387 3069 1438 3139 ἐξ
1488 3065 1682 3130 ὕδατος
1712 3069 1840 3143 ἀὴρ,
1873 3069 1908 3138 ἢ
1964 3067 2014 3138 ἐξ

352 3157 518 3232 ἆὲρος
547 3159 747 3219 παντὸς
780 3155 950 3232 ὕδωρ,
983 3156 1017 3226 ἢ
1053 3158 1126 3219 ὡς
1155 3160 1191 3227 ἡ
1225 3153 1426 3233 ῥάϐδος
1455 3159 1729 3220 Μωϋσὲως
1761 3157 1836 3220 εἷς
1867 3153 2014 3235 ὅφιν,

352 3246 391 3316 ἢ
425 3247 487 3302 τὸ
520 3243 667 3322 ὕδωρ
702 3246 778 3308 εἷς
808 3247 964 3320 αἷμα,
995 3251 1158 3301 τοῦτο
1189 3246 1279 3301 καὶ
1309 3248 1512 3323 τροπὴ,
1545 3245 1635 3301 καὶ
1665 3245 1889 3323 γένεσις,
1921 3245 2010 3300 καὶ

353 3336 550 3413 φθορὰ,
587 3335 1049 3409 μετακινηθέντων
1082 3341 1188 3390 τῶν
1235 3336 1516 3412 προτέρων
1551 3355 1562 3368 ο
1597 3334 1723 3391 ἀλλ’
1756 3332 1866 3390 ἔστι
1922 3335 2012 3390 καὶ

353 3425 491 3480 κατᾶ
548 3425 856 3501 ἕτεροίωσιν
912 3429 1126 3496 κίνησις
1183 3424 1259 3487 εἷς
1314 3423 1375 3479 τὰ
1425 3426 1709 3498 ἀνόμοιον,
1759 3423 1848 3480 καὶ
1905 3424 2012 3478 ἀπὸ

356 3515 658 3589 χρώματος
690 3514 766 3577 είς
804 3518 1030 3590 χρῶμα.
1065 3511 1239 3570 Ηάλιν
1270 3515 1471 3585 τοπική
1507 3514 1588 3576 τίς
1631 3513 1740 3568 ἐστι
1797 3512 2012 3584 κίνησις

358 3607 395 3674 ἡ
451 3603 510 3659 ἐκ
555 3605 726 3660 τόπου
782 3604 858 3666 εἷς
916 3604 1084 3659 τόπον
1129 3602 1451 3677 μετάστασις
1486 3625 1499 3637 υ
1532 3602 1655 3673 ἥτις
1707 3604 1923 3673 κίνησις
1975 3602 2010 3672 ἢ

353 3695 496 3750 κατὰ
550 3694 649 3761 τὴν
710 3691 786 3754 εἷς
849 3691 1016 3769 ὀρθὴν
1045 3691 1267 3766 πορείαν
1317 3691 1544 3767 γίνεται,
1577 3691 1612 3761 ἢ
1643 3692 1780 3748 κατὰ
1806 3691 2013 3747 κυκλο-

357 3783 555 3859 φορίαν
602 3785 666 3819 ⁸³-
703 3783 778 3843 ὡς
834 3782 862 3836 6
909 3781 1113 3858 τροχὸς
1160 3786 1412 3852 κινεῖται,
1441 3781 1576 3836 κατά
1621 3802 1766 3841 τινας
1820 3777 1878 3835 δὲ
1920 3779 2012 3835 καὶ

357 3873 386 3926 6
421 3871 649 3948 οὐρανός
685 3892 700 3907 θ
732 3869 767 3940 ἢ
800 3871 936 3925 κατὰ
961 3871 1060 3938 τὴν
1093 3873 1292 3944 μικτὴν
1321 3869 1371 3944 ἐξ
1420 3869 1623 3933 εὐθείας
1671 3872 1761 3925 καὶ
1818 3869 2010 3925 κυκλι-

353 3963 482 4026 κῆς,
515 3960 592 4024 ὠς
619 3961 654 4029 ἡ
689 3956 1000 4028 ἒλικοειδής
1029 3959 1246 4035 πορεία,
1279 3957 1367 4014 οἵα
1399 3959 1542 4015 ἐστὶν
1572 3962 1606 4029 ἡ
1631 3963 1740 4014 τῶν
1789 3955 1962 4036 ὄφεων
1994 3980 2008 3994 ο

354 4045 471 4104 ἔστι
519 4049 609 4105 καὶ
661 4048 836 4118 νοητὴ
883 4047 1118 4118 κίνησις,
1162 4049 1282 4112 καθ’
1334 4049 1395 4117 ἢν
1446 4048 1474 4102 6
1512 4052 1637 4110 νοῦς
1688 4047 1939 4122 ἐνεργῶν,
1973 4050 2008 4119 ἢ

350 4137 447 4192 καὶ
480 4137 532 4192 οὶ
561 4137 695 4191 θεῖοι
727 4135 845 4198 νόες
904 4139 1088 4190 νοοῦσι
1141 4135 1207 4190 τὰ
1262 4131 1404 4194 ὄντα.
1437 4139 1592 4193 Ἔστι
1648 4137 1738 4192 καὶ
1795 4139 2007 4211 ψυχική

351 4225 587 4297 κίνησις,
619 4227 738 4290 καθ’
781 4226 845 4294 ἣν
895 4223 971 4288 εἷς
1016 4227 1233 4296 νοήσεις
1279 4229 1528 4296 κινεῖται,
1560 4225 1650 4280 καὶ
1696 4225 1773 4290 εἷς
1817 4226 1880 4281 τὸ
1926 4246 2008 4280 κι-

351 4321 464 4370 νεῖν
525 4315 620 4377 τιὶς
667 4314 964 4386 αἰσθήσεις.
1001 4316 1152 4370 Ἔστι
1183 4315 1274 4369 καὶ
1332 4312 1476 4381 ἄλλη
1522 4314 1738 4386 κίνησις
1786 4316 2006 4392 φυσικὴ,

348 4408 386 4476 ἡ
435 4404 512 4467 εἷς
565 4401 783 4475 αὔξησιν
834 4403 926 4458 καὶ
976 4404 1184 4478 τροφὴν
1237 4407 1458 4458 κινοῦσα
1501 4404 1568 4458 τὰ
1616 4401 1899 4475 ἐπιτήδεια
1953 4405 2008 4457 '0

351 4493 448 4548 οὗν
482 4492 610 4554 Θεὸς
636 4492 698 4548 οὐ
724 4492 860 4548 κατὰ
895 4491 1021 4565 μίαν
1053 4491 1262 4548 τούτων
1292 4497 1520 4547 κινεῖται
1556 4511 1569 4524 ·
1603 4491 1751 4548 ἀλλὰ
1795 4492 2007 4564 κίνησις

2131 574 2252 625 tuos
2271 572 2370 639 (s);
2395 575 2453 625 et
2477 587 2488 623 :
2517 570 2814 641 Quadrigae
2852 580 2965 627 tua?
2993 573 3232 628 saluatio
3253 573 3339 644 (c);
3357 590 3423 628 ac
3446 591 3654 629 rursus
3677 591 3689 629 :
3709 575 3785 627 A-

2131 659 2340 714 scendzt
2369 676 2533 730 super
2569 661 2849 715 cherubim
2897 669 2951 715 et
2996 662 3199 716 volavit
3231 663 3348 732 (u);
3396 663 3650 718 maxime
3680 680 3782 718 au-

2131 752 2248 802 tem
2285 747 2426 801 illud
2461 765 2473 803 :
2510 749 2710 804 Sedisti
2729 765 2895 820 super
2926 752 3209 815 thronum,
3244 753 3341 820 qui
3370 751 3577 817 iudicas
3610 753 3782 822 just£~

2134 840 2271 892 tiam
2309 839 2421 908 (v);
2485 843 2542 892 et
2599 856 2612 894 :
2675 840 2817 894 Deus
2873 839 3018 895 sedet
3071 856 3237 911 super
3294 841 3478 895 sedem
3535 846 3786 896 sanctam

2131 923 2290 982 suam
2321 928 2419 998 (ω).
2458 931 2584 982 Haec
2615 943 2749 984 vero
2782 945 2896 984 non
2929 928 3262 1001 carnaliter,
3283 929 3384 984 sed
3416 929 3571 985 sicut
3600 930 3782 985 Deum

2133 1018 2317 1085 decet,
2353 1017 2750 1089 intelligenda.

2202 1107 2362 1174 §IX.
2389 1108 2452 1162 Et
2480 1108 2551 1161 ad
2596 1107 2861 1164 universa
2904 1107 3308 1180 procedentem.
3361 1112 3514 1164 Deus
3564 1108 3785 1163 dicitur

2133 1195 2426 1266 progredi,
2461 1213 2526 1251 ac
2553 1197 2771 1251 moveri
2805 1197 2876 1252 ad
2923 1198 3142 1262 omnia,
3193 1197 3348 1253 sicut
3389 1197 3449 1251 in
3480 1197 3736 1254 Jeremia
3769 1214 3782 1252 :

2132 1286 2242 1353 Ego
2268 1286 2406 1340 Deus
2434 1285 2498 1339 de
2524 1287 2701 1340 vicino
2730 1303 2874 1356 sum,
2906 1292 2955 1342 et
2984 1303 3093 1342 non
3123 1286 3188 1341 de
3227 1287 3392 1360 longe
3421 1287 3501 1359 (y)
3539 1305 3552 1356 ;
3582 1303 3648 1342 ac
3679 1289 3783 1342 ite-

2133 1390 2265 1428 rum
2303 1389 2316 1427 :
2353 1374 2457 1441 Qui
2486 1375 2546 1428 in
2575 1374 2828 1429 omnibus
2859 1391 2929 1430 ac
2946 1391 3044 1446 per
3063 1377 3257 1430 omnia
3285 1376 3365 1446 (χ.)
3395 1394 3408 1444 ;
3444 1380 3501 1430 et
3533 1375 3785 1431 maxime

2133 1463 2195 1517 Si
2225 1464 2615 1521 ascenderoin
2640 1464 2862 1532 caelum,
2895 1468 2957 1519 tu
2987 1465 3105 1519 illic
3134 1481 3188 1518 es
3218 1467 3318 1535 (α),
3349 1470 3405 1519 et
3435 1463 3679 1536 reliqua.
3716 1467 3782 1520 In

2131 1551 2232 1606 Dei
2264 1557 2458 1606 autem
2490 1552 2966 1624 apparitionibus
3021 1570 3033 1608 :
3086 1554 3307 1609 Inclina
3354 1553 3517 1610 caelos
3576 1563 3701 1608 tuo:
3732 1558 3785 1610 et

2130 1641 2388 1696 descende
2418 1641 2495 1712 (ὁ)
2523 1661 2536 1709 ;
2573 1645 2748 1711 atque
2782 1659 2795 1697 :
2828 1642 3083 1697 Ascendit
3111 1643 3250 1697 Deus
3290 1642 3350 1696 in
3379 1642 3556 1711 iubilo
3589 1642 3679 1712 (c).

2201 1735 2321 1786 Non
2353 1730 2628 1786 delatione
2677 1734 2775 1785 aut
2822 1734 3146 1787 mutatione.
3202 1731 3428 1787 Docens
3459 1749 3526 1786 ea
3556 1748 3680 1802 quae
3711 1731 3782 1786 de

2132 1819 2247 1874 Deo
2280 1820 2556 1875 dicuntur
2576 1820 2669 1891 pie
2691 1820 3040 1892 intelligere,
3065 1820 3146 1875 ait
3174 1838 3185 1875 :
3217 1821 3358 1876 Cum
3394 1821 3779 1888 audis,Deum

2129 1907 2686 1979 moveri,nunquam
2711 1908 3008 1981 intelligas
3023 1910 3340 1965 motionem
3375 1926 3506 1981 quae
3535 1910 3593 1964 in
3618 1926 3780 1966 crea-

2127 1998 2278 2052 turis
2320 1997 2570 2053 maxime
2620 1998 2942 2054 sensilibus
2988 1997 3341 2070 intelligitur
3391 2016 3405 2054 :
3455 1999 3781 2056 materialia

2127 2086 2283 2141 enim
2317 2092 2625 2142 moventur
2666 2084 2801 2140 κατά
2849 2084 3056 2162 φοράν,
3091 2086 3231 2162 φορὰ
3276 2105 3411 2143 vero
3459 2094 3546 2144 est
3594 2089 3780 2144 totius

2127 2173 2237 2230 loci
2274 2177 2543 2243 mutatio,
2596 2181 2652 2232 et
2695 2177 2946 2232 maxime
2991 2194 3117 2248 quas
3168 2177 3392 2248 nequit,
3443 2195 3574 2232 cum
3629 2178 3776 2244 vult,

2123 2263 2184 2318 in
2217 2264 2412 2334 seipsa
2442 2274 2636 2332 stare;
2671 2267 2849 2320 motio
2882 2270 3099 2324 autem,
3134 2267 3198 2320 fit
3241 2263 3376 2318 κατά
3422 2262 3727 2318 ἀλλοίωσιν
3759 2283 3772 2334 ;

2126 2349 2423 2414 ἀλλοίωσις
2454 2370 2586 2409 vero
2616 2358 2706 2409 est
2735 2355 2992 2424 quando,
3027 2356 3311 2426 subjecto,
3345 2356 3498 2426 quod
3533 2359 3622 2410 est
3643 2372 3776 2411 sen-

2127 2441 2316 2513 sibile,
2351 2446 2646 2510 manente,
2681 2445 3024 2499 mutaturin
3051 2445 3175 2500 suis
3203 2445 3616 2500 affectionibus
3649 2461 3775 2516 qua;

2127 2535 2268 2586 sunt
2299 2532 2625 2602 contrariae,
2659 2531 2778 2587 sive
2809 2532 2984 2588 etiam
3018 2533 3171 2589 inter
3218 2533 3542 2590 contrarias
3571 2539 3628 2589 et
3660 2551 3771 2590 non

2127 2620 2488 2687 contrarias;
2522 2620 2698 2676 veluti
2728 2637 2934 2692 corpus
2967 2639 3177 2677 sanum
3228 2627 3336 2690 est,
3369 2627 3427 2679 et
3455 2624 3578 2679 vice
3609 2640 3778 2680 versa

2127 2712 2369 2780 aegrotat
2400 2725 2416 2762 :
2449 2710 2652 2764 eodem
2679 2710 2849 2765 modo
2871 2728 2947 2766 res
2970 2710 3289 2783 aliquando
3318 2712 3780 2782 rotundum,ali-

2127 2799 2362 2869 quando
2382 2793 2768 2872 ywvoaaaﬁcjd
2784 2799 2944 2854 estin
2969 2801 3220 2872 angulos
3243 2801 3525 2870 efﬁctam;
3548 2803 3779 2872 quando

2126 2891 2324 2942 autem
2355 2891 2544 2942 totum
2578 2891 2856 2952 mutatur,
2903 2887 3063 2944 nullo
3111 2889 3377 2945 sensibili
3414 2895 3776 2960 remanente,

2125 2981 2407 3048 tanquam
2435 2977 2562 3047 ejus
2594 2977 2880 3047 subjecto,
2913 2978 3014 3033 sed
3046 2982 3330 3049 tanquam
3363 2995 3432 3034 ex
3464 2984 3620 3034 terra
3647 2980 3777 3034 uni-

2125 3082 2292 3122 versa
2323 3066 2587 3139 sanguis,
2620 3071 2676 3121 et
2706 3084 2774 3122 ex
2803 3084 2957 3138 aqua
2979 3071 3206 3135 aer,aut
3239 3085 3306 3123 ex
3334 3083 3465 3124 aere
3497 3068 3773 3125 universo

2125 3173 2300 3228 aqua,
2335 3160 2436 3211 aut
2464 3156 2619 3211 sicut
2648 3155 2810 3228 virga
2838 3156 3016 3212 Mosis
3045 3156 3103 3210 in
3136 3161 3600 3229 serpentem,aut
3623 3174 3776 3229 aqua

2045 3226 2087 3293 (ἶ
2125 3244 2183 3300 in
2213 3245 2703 3318 sanguinem,hoc
2733 3249 2790 3299 et
2821 3244 3121 3300 conversio
3153 3250 3210 3301 et
3238 3245 3631 3314 generatio,et
3651 3261 3778 3300 cor-

2125 3333 2339 3406 ruptio,
2374 3333 2671 3405 prioribus
2704 3334 3092 3401 transmotis;
3125 3333 3448 3406 quinetiam
3479 3337 3569 3389 est
3595 3333 3777 3389 motio

2124 3439 2226 3494 per
2245 3422 2650 3478 alterationem
2682 3422 2741 3476 in
2787 3422 3097 3491 dissimile,
3130 3426 3187 3478 et
3227 3439 3262 3477 a
3309 3421 3499 3478 colore
3530 3421 3588 3476 in
3621 3422 3775 3478 colo-

2123 3529 2268 3567 rem.
2305 3511 2564 3582 Denique
2595 3510 2798 3566 localis
2833 3515 2923 3567 est
2970 3512 3173 3582 motio,
3223 3511 3514 3567 transitus
3547 3512 3616 3567 de
3646 3510 3774 3567 loco

2123 3601 2181 3655 in
2212 3601 2406 3656 locum
2444 3618 2457 3656 :
2492 3617 2618 3671 quae
2653 3600 2836 3656 motio
2866 3605 2967 3655 aut
2996 3604 3153 3656 recto
3185 3617 3501 3672 progressu
3537 3601 3622 3669 fit,
3673 3604 3776 3656 aut

2122 3689 2394 3746 circulari
2408 3689 2702 3764 sicutrota
2715 3690 3127 3760 movetur,imo
3141 3691 3466 3746 secundum
3486 3691 3772 3761 quosdam

2122 3781 2332 3835 coelum
2365 3797 2376 3834 :
2410 3784 2511 3834 aut
2532 3778 2707 3834 misto
2739 3794 2808 3833 ex
2839 3783 2995 3835 recto
3027 3784 3084 3835 et
3111 3779 3401 3848 circulari,
3435 3779 3588 3834 sicut
3611 3795 3771 3852 gres-

2123 3885 2226 3948 sus
2263 3872 2566 3923 tortuosus
2626 3867 2820 3939 qualis
2881 3872 2971 3924 est
3001 3869 3392 3940 serpentium.
3443 3873 3545 3924 Est
3592 3868 3768 3923 etiam

2122 3957 2301 4013 motio
2333 3956 2744 4029 intelligibilis,
2777 3974 2889 4029 qua
2938 3974 3102 4013 mens
3154 3962 3450 4030 operatur,
3483 3958 3638 4014 210
3670 3963 3772 4012 aut

2120 4048 2328 4102 divina
2380 4051 2607 4102 mentes
2653 4063 2745 4102 res
2793 4045 3151 4117 intelligunt.
3218 4047 3287 4101 Et
3356 4046 3534 4102 etiam
3591 4047 3772 4102 motio

2121 4134 2392 4192 animalis
2423 4152 2541 4207 qua
2571 4139 2836 4191 movetur
2866 4135 2937 4190 ad
2991 4135 3418 4191 intellectiones
3450 4139 3506 4190 et
3535 4135 3605 4190 ad
3641 4152 3770 4190 mo-

2117 4225 2638 4281 vendum‘sensus.
2675 4225 2775 4279 Est
2806 4223 3059 4295 denique
3091 4223 3206 4280 alia
3254 4224 3434 4280 motio
3481 4222 3771 4280 naturalis

2120 4330 2246 4385 quae
2270 4316 2463 4369 movet
2493 4313 2564 4367 ad
2596 4311 2988 4367 accretionem
3028 4316 3085 4366 et
3128 4311 3511 4366 nutritionem
3543 4328 3611 4367 ea
3641 4328 3768 4384 quea

2120 4405 2256 4474 apta
2286 4406 2444 4458 sunt.
2480 4403 2682 4471 Itaque
2712 4400 2867 4454 Deus
2903 4400 3064 4455 nulla
3089 4399 3297 4456 barum
3334 4405 3638 4468 movetur;
3665 4400 3768 4455 sed

2121 4490 2302 4546 motio
2333 4490 2461 4560 ejus
2494 4489 2593 4560 qui
2645 4488 2969 4544 immobilis
3016 4494 3126 4555 est,
3178 4507 3244 4544 ac
3298 4506 3532 4562 semper
3561 4489 3767 4544 eodem

348 4586 452 4637 τοῦ
481 4581 743 4653 ἀκινήτου
773 4581 862 4636 καὶ
894 4581 973 4636 ἀεὶ
1008 4580 1268 4644 ὡσαύτως
1310 4577 1535 4656 ἔχοντος
1586 4579 1795 4656 λέγεται
1847 4583 1881 4650 ἡ
1935 4580 2010 4643 εἷς

2130 4581 2293 4635 modo
2326 4596 2387 4634 se
2419 4579 2613 4645 habet,
2639 4576 2854 4631 dicitur
2882 4578 3156 4632 voluntas
3189 4578 3377 4649 ipsius
3413 4583 3474 4633 ut
3503 4595 3595 4633 res
3619 4578 3768 4633 exsi-

347 4673 414 4727 τὸ
468 4672 710 4747 γενέσθαι
762 4671 831 4725 τὰ
881 4665 1009 4724 ὄντα
1058 4670 1326 4746 βούλησις
1367 4669 1554 4737 αὐτοῦ,
1583 4669 1674 4725 καὶ
1700 4668 1936 4746 πρόοδος
1965 4673 2010 4708 ⁹⁰

346 4768 453 4832 τῆς
483 4760 561 4824 εἷς
592 4762 766 4816 πάντα
795 4758 1055 4836 προνοίας
1075 4758 1258 4816 αὐτοῦ.

425 4850 499 4904 O6
547 4852 646 4921 τὴν
702 4849 752 4920 ἐξ
804 4850 1029 4927 ἀμφοῖν.
1072 4849 1299 4920 Κίνησιν
1344 4850 1444 4917 τήν
1495 4843 1856 4922 μεταϐατικὴν
1911 4849 2002 4904 λέ-

345 4961 454 5010 γει,
484 4941 546 5010 ἣν
578 4938 668 4995 καὶ
703 4936 986 5008 ἑλικοειδῆ
1021 4936 1271 5012 ὀνομάζει
1303 4956 1314 4968 ’
1350 4937 1568 5012 ἀσχὲτῳ
1618 4935 1695 5009 δὲ,
1725 4938 1998 4994 τουτέστιν

345 5027 614 5104 ἀπολύτῳ
642 5029 734 5085 καὶ
766 5049 858 5084 συν
867 5031 1008 5105 αφεῖ.

418 5189 486 5261 (s)
519 5187 736 5261 Hahae.
768 5202 853 5261 ιιι,
883 5187 963 5261 8._
1007 5184 1087 5261 _(Q
1112 5184 1255 5261 Ibid.
1347 5183 1426 5256 (u)
1447 5183 1600 5261 Psal.
1627 5200 1764 5261 xvii,
1796 5184 1882 5261 ii.

347 5256 436 5333 (2.)'
459 5256 670 5332 Ephes.
705 5275 782 5331 xv,
812 5259 868 5313 6.
945 5256 1029 5330 (α)
1056 5256 1207 5314 Psal.
1239 5273 1525 5326 cxxxvm;
1556 5257 1608 5311 8.

1996 5182 2070 5255 (υ)
2101 5181 2257 5238 Psal.
2286 5198 2363 5255 Ix,
2393 5182 2446 5235 5.

1690 5257 1766 5328 (b)
1795 5254 1950 5312 Psal.
1983 5270 2124 5320 ινα,
2157 5255 2244 5309 10.

2118 4671 2298 4736 stant,
2349 4672 2405 4723 et
2453 4665 2785 4738 progressio
2835 4665 3210 4737 providentiae
3266 4666 3457 4738 ipsius
3506 4667 3578 4721 ad
3631 4665 3767 4720 uni-

2115 4773 2306 4812 versa.

2184 4851 2302 4906 Non
2331 4865 2400 4904 ex
2427 4845 2991 4919 utrz'sque.1ntelligit
3025 4846 3339 4902 motionem
3369 4846 3766 4914 transitivam,

2112 4956 2286 5011 quam
2315 4938 2491 4994 etiam
2522 4941 2849 4992 tortuosam
2883 4935 3179 5007 appellat;
3214 4933 3429 5009 ἀσχὲτω
3462 4938 3659 4990 autem
3692 4935 3769 4989 si-

2110 5028 2352 5102 gnificat
2381 5026 2652 5082 absoluto
2683 5042 2748 5082 ac
2781 5040 3062 5080 connexo.

2562 5178 2644 5249 (ω)
2673 5177 2827 5234 Psal.
2859 5195 3009 5247 XLVI,
3042 5180 3096 5234 9.

2322 5254 2396 5325 (c)
2425 5250 2582 5307 Psal.
2613 5267 2768 5319 XLVI,
2797 5251 2851 5304 6.

3211 5179 3292 5251 (y)
3317 5178 3439 5236 Jer.
3466 5193 3634 5247 xxm,
3668 5179 3762 5234 23.

1351 5411 1598 5469 VARIIE
1634 5409 2046 5467 LECTIONES
2069 5409 2159 5465 ET
2195 5401 2763 5464 CORRECTIONES.

419 5544 466 5580 ⁸⁸
493 5543 706 5611 θεϊκῷς.
741 5607 750 5611 _
787 5537 831 5574 ⁸⁸
865 5532 1219 5611 Σημείωσαι,
1251 5532 1333 5591 ὅτι
1375 5535 1594 5611 ,ταύτὸν
1632 5533 1720 5611 ἰπὶ
1774 5536 1907 5611 Θεοῦ
1951 5553 2082 5611 φησι
2111 5532 2314 5611 ’στάσιν
2359 5528 2448 5584 καὶ
2476 5522 2779 5611 ,καθέδραῃ
2829 5526 2965 5611 πρὸς
3014 5529 3408 5611 τήνῄἀκίνη-τον
3460 5528 3764 5611 ταυτότέητα

347 5615 603 5688 ἑκάτερον
637 5603 1140 5720 δεξάμενοςΪΝοιο,
1164 5603 1321 5666 idem
1353 5609 1544 5666 dicere
1565 5609 1668 5665 Dei
1699 5603 2013 5665 stationem

350 5705 422 5720 η,
450 5688 600 5720 mm
725 5681 747 5717 τ
776 5679 1106 5720 νηίτημιηηιν
1189 5680 1234 5717 ει
1262 5678 1399 5720 νας-,δ
1425 5680 1518 5720 ..λυ
1551 5678 1680 5720 sum.
1778 5680 1825 5718 oo
1851 5677 1950 5720 .n‘...
1977 5697 2006 5720 ν

2155 5605 2394 5663 sedem:
2427 5605 2750 5720 utrumque
2793 5603 2950 5658 cnim
2983 5617 3088 5673 pro
3118 5603 3413 5661 immobili
3460 5603 3768 5661 identitate

2130 5675 2407 5720 nmnmaniv-
2487 5673 2532 5710 9°
2559 5690 2632 5720 πο
2671 5665 2811 5720 οδοι.

350 5688 624 5760 usurpat.

725 5665 1139 5754 τ’κτισμάτων.’
1189 5680 1234 5717 ⁸³
1262 5665 1401 5737 κατὰ
1425 5665 1704 5738 τὸνίὸλον.
1778 5680 1825 5718 ⁸⁸
1851 5677 1950 5748 τὴν
1977 5665 2408 5755 κῦκλοφοοικήν.
2487 5673 2532 5710 ⁰⁰
2559 5665 2811 5747 πρόοδοι.
