4108 6384
306 332 416 387 383

303 562 510 617 poreas
555 545 865 614 motiones,
898 544 1157 600 declarat
1208 545 1502 615 quomodo
1550 543 1961 599 convenienter

301 634 418 689 Deo
462 633 849 705 intelligenda
897 634 974 688 sit
1032 634 1089 687 in
1144 634 1260 688 Deo
1313 633 1513 702 motio,
1567 633 1960 704 interpretans

301 723 618 794 anagogice
650 723 965 778 sensitivas
991 723 1048 777 in
1087 723 1359 778 universo
1390 723 1699 779 motiones.

375 833 436 886 Et
465 836 674 886 rectum
721 833 966 903 quidem.
1015 831 1314 894 Quomodo
1363 831 1669 887 circularis
1719 837 1775 887 et
1805 835 1959 886 recta

299 926 358 976 et
389 926 656 976 tortuosa
687 937 784 975 seu
817 920 1057 991 obliqua
1089 921 1267 975 motio
1312 919 1371 974 in
1425 920 1540 975 Deo
1571 919 1957 992 intelligatur,

297 1009 426 1080 lege
457 1016 638 1080 caput
668 1015 971 1081 quartum,
1006 1014 1138 1080 post
1173 1025 1357 1079 pauca
1391 1009 1523 1063 folia
1555 1009 1826 1080 principii
1858 1026 1959 1064 ca-

301 1100 529 1172 pitis,et
559 1099 751 1155 disces
781 1099 1076 1169 quomodo
1108 1099 1165 1152 in
1200 1098 1425 1170 angelis
1447 1103 1504 1153 et
1534 1098 1848 1153 animabus
1867 1103 1958 1153 at-

302 1206 412 1260 que
443 1189 786 1260 corporibus
818 1189 966 1244 tales
1003 1187 1291 1244 motiones
1312 1187 1739 1260 intelligantur.

376 1367 558 1423 Media
607 1376 658 1424 et
693 1376 961 1424 extrema.
1018 1367 1330 1439 Superiora
1379 1384 1611 1438 semper
1657 1367 1959 1423 continent

306 1458 585 1513 inferiora
611 1474 622 1512 :
654 1465 914 1513 extrema
936 1458 1170 1526 quidem
1195 1461 1359 1511 vocat
1376 1473 1683 1527 supremas
1715 1455 1956 1510 virtutes

303 1552 363 1604 et
395 1552 505 1602 Deo
533 1546 773 1614 vicinas,
807 1547 1002 1600 media
1031 1561 1188 1611 vero,
1221 1562 1320 1600 eas
1364 1562 1490 1616 quae
1537 1544 1667 1599 illas
1717 1544 1955 1614 quidem

301 1641 654 1708 sequuntur,
689 1638 789 1691 sed
826 1635 1069 1692 sensilia
1099 1635 1299 1690 omnia
1331 1639 1631 1706 superant.
1679 1634 1826 1706 Ergo
1858 1651 1956 1690 su-

301 1740 518 1795 preme
549 1723 1027 1794 complectuntur
1059 1723 1519 1788 medias,mediaa
1551 1727 1744 1777 autem
1769 1722 1954 1777 sensi-

1133 333 1508 386 APPENDIX
1545 335 1644 386 AD
1682 333 1923 386 OPERA
1961 334 2019 386 Β.
2060 332 2373 388 DIONYSII
2411 335 2914 391 AREOPAGITE.

375 457 522 524 Quin
553 458 721 511 etiam
748 460 927 512 motus
956 457 1077 511 Dei.
1109 455 1256 510 Cum
1291 460 1564 527 negasset
1594 456 1650 509 in
1686 454 1802 510 Deo
1835 471 1956 509 cor-
1988 456 2039 521 Α

3618 341 3725 395 384

2147 451 2324 508 Ἀλλὰ
2353 454 2442 508 καὶ
2489 457 2733 526 κινήσεις
2782 455 2936 516 Θεοῦ.
2973 459 3376 534 Ἀπαγορεύσας
3423 463 3464 498 ⁹¹
3503 461 3572 516 τὰ
3618 468 3725 518 τῶν

2069 546 2395 614 σωματικῶν
2438 545 2702 614 κινήσεων
2753 544 2841 598 ἐπὶ
2889 551 3045 619 Θεοῦ,
3079 546 3229 610 ὅπως
3260 550 3372 624 χρὴ
3407 556 3726 624 θεοπρεπῶς

2067 637 2209 686 νοεῖν
2242 632 2450 703 κίνησιν
2483 633 2569 687 ἐπὶ
2603 638 2738 688 Θεοῦ
2770 637 3074 711 σαφηνίζει,
3105 639 3197 699 τὰς
3240 638 3501 710 αἶ’σθητᾶς
3547 639 3599 695 ἐν
3643 647 3725 714 τῷ

2067 723 2226 775 παντὶ
2256 725 2498 793 κινήσεις
2532 723 2886 799 ἀναγωγικῶς
2919 726 3256 799 ἑρμηνεύων.

2141 827 2238 882 Καὶ
2275 830 2338 884 τὸ
2391 829 2485 901 μὲν
2539 829 2683 886 εὐθύ.
2719 835 2840 893 Πῶς
2888 834 2923 901 ἡ
2959 834 3093 887 κατὰ
3139 831 3365 904 κύκλον,
3396 835 3487 890 καὶ
3535 839 3570 906 ἡ
3601 841 3724 892 κατ’

2069 916 2300 985 εὐθεῖαν,
2339 919 2427 972 καὶ
2487 921 2521 987 ἡ
2584 915 2891 990 ἐλικοειδὴς
2940 921 3152 992 κίνησις
3199 922 3285 977 έπὶ
3335 929 3468 978 Θεοῦ
3498 931 3721 997 νοεῖται,

2071 1008 2341 1083 ἀνάγνωθι
2400 1007 2461 1061 τὸ
2511 1008 2765 1083 τέταρτον
2822 1008 3142 1086 κεφάλαιον,
3179 1015 3296 1084 μετ’
3326 1012 3489 1088 ὀλίγα
3535 1012 3722 1074 φύλλα

2070 1103 2172 1166 τῆς
2205 1096 2384 1170 ἀρχῆς
2414 1096 2511 1151 τοῦ
2562 1095 2882 1174 κεφαλαίου,
2915 1098 3004 1154 καὶ
3057 1102 3300 1175 μαθήσῃ,
3332 1106 3450 1164 πῶς
3496 1102 3582 1158 ἐπὶ
3622 1103 3724 1179 ἀγ-

2066 1187 2271 1262 γέλων,
2309 1185 2400 1240 καὶ
2430 1188 2650 1261 ψυχῶν,
2682 1186 2771 1241 καὶ
2824 1189 3093 1262 σωμάτων
3141 1190 3196 1244 αἱ
3236 1195 3482 1246 τοιαῦται
3527 1197 3722 1247 νοοῦν-

2064 1297 2174 1332 ται.

2139 1364 2224 1422 Τὰ
2305 1363 2439 1437 μέσα
2508 1361 2600 1418 xui
2657 1359 2815 1440 ἄκρα.
2875 1366 2984 1422 Ἀεὶ
3041 1366 3108 1422 τὰ
3163 1363 3573 1442 ὑπερϐεϐηκότα
3629 1392 3726 1426 πε-

2069 1454 2244 1529 ριέχει
2302 1456 2370 1509 τὰ
2433 1448 2835 1523 ὑποϐεϐηκότα.
2879 1456 3054 1528 Ἀκρα
3115 1457 3206 1528 μὶν
3267 1455 3357 1512 οὗν
3411 1457 3572 1514 καλεῖ
3623 1462 3722 1521 τὰς

2067 1543 2326 1597 ἀνωτάτω
2405 1540 2663 1615 δυνάμεις
2738 1543 2829 1598 καὶ
2875 1545 3212 1614 πελαζούσας
3259 1552 3375 1619 Θεῷ
3407 1567 3421 1580 ·
3475 1550 3614 1621 μέσα
3662 1547 3722 1603 δὲ

2064 1633 2159 1694 τὰς
2237 1635 2355 1704 μετ’
2408 1632 2612 1695 ἐκείνας
2681 1637 2800 1708 μὲν,
2857 1639 2965 1690 τῶν
3019 1631 3077 1688 δὲ
3131 1635 3403 1704 αἰσθητῶν
3467 1638 3718 1691 ἁπάντων

2070 1720 2488 1797 ὑπερκειμένας.
2523 1726 2592 1780 Ai
2653 1726 2747 1798 μὲν
2799 1723 2890 1779 οὖν
2925 1724 3187 1779 ἂνώταται
3245 1723 3564 1800 περιέχουσι
3620 1725 3717 1789 τὰς

298 1814 378 1869 lia
407 1831 419 1868 :
456 1813 585 1870 ideo
617 1814 774 1869 enim
806 1815 1111 1885 Scriptura
1142 1813 1288 1868 dixit
1317 1814 1494 1868 etiam
1527 1813 1762 1868 ordines
1786 1828 1956 1882 ange-

2080 1809 2232 1873 εὲσας
2267 1831 2280 1845 ⁸
2309 1814 2363 1867 αἱ
2397 1810 2453 1868 δὶ
2488 1815 2643 1887 μέσαι
2689 1813 2757 1868 τά
2807 1813 3038 1883 αἰσθητά
3070 1832 3082 1844 '
3118 1809 3210 1868 διὰ
3253 1818 3415 1868 τοῦτο
3464 1814 3570 1890 γὰρ
3628 1817 3718 1870 καὶ

299 1902 491 1959 lorum
511 1903 572 1957 in
592 1903 936 1958 coelis.Deus
960 1902 1201 1972 quidem
1227 1901 1640 1972 complectitur
1661 1901 1953 1972 universa,

301 1992 452 2046 sicut
481 1990 739 2046 circulus
771 1991 971 2046 omnia
1003 2007 1131 2060 quae
1161 1989 1316 2045 intra
1363 1990 1581 2060 ipsum,
1613 1995 1671 2045 et
1701 1990 1772 2044 ad
1805 1989 1956 2060 seip-

304 2097 436 2134 sum
472 2085 755 2150 tanquam
790 2081 860 2133 ad
895 2094 1135 2133 causam
1168 2079 1629 2134 convertit.Nota
1656 2077 1956 2148 vero,quid

301 2169 484 2236 idem,
517 2173 574 2224 et
596 2167 833 2238 justitia
862 2167 921 2222 in
956 2172 1070 2223 Deo
1102 2172 1160 2223 et
1187 2168 1430 2240 aequale.

373 2347 403 2421 §
434 2347 501 2404 X.
533 2347 790 2404 Similem
824 2349 1114 2403 incessum.
1155 2346 1379 2402 Similis
1405 2347 1735 2419 progressio
1767 2363 1868 2419 per
1899 2364 1959 2403 se

303 2442 511 2492 mutuo
543 2443 600 2492 et
632 2437 689 2491 in
725 2436 1215 2492 elementisznam
1245 2436 1710 2507 mqualishorum
1735 2441 1958 2507 tempe-

306 2526 591 2592 ries,facit
620 2526 796 2580 etiam
826 2531 891 2580 ut
921 2526 1328 2597 generationes
1363 2525 1564 2580 mundi
1596 2527 1652 2580 in
1687 2527 1960 2581 commis-

301 2615 570 2669 tionibus
604 2632 720 2670 non
763 2616 1209 2686 praeponderent
1241 2630 1254 2668 :
1292 2615 1340 2669 si
1375 2615 1531 2669 enim
1564 2615 1801 2687 aliquod
1843 2615 1956 2670 ele-

305 2707 573 2758 mentum
608 2703 945 2770 abundarit,
992 2704 1393 2775 corrumpitur
1441 2707 1593 2775 quod
1623 2709 1957 2775 generatur.

380 2810 446 2864 Et
498 2809 760 2881 quoniam
820 2826 1036 2865 omnem
1104 2811 1484 2880 azqualitatem
1561 2811 1958 2867 intellectilem.

309 2898 624 2954 Sciendum
665 2899 819 2969 quod
853 2918 1052 2967 νοητον
1105 2916 1206 2953 seu
1260 2899 1652 2971 intelligibile,
1687 2905 1776 2954 est
1811 2899 1959 2955 illud

309 2989 467 3060 quod
500 2989 776 3044 sensibus
805 3006 918 3044 non
953 2989 1286 3059 subjicitur,
1319 3007 1510 3061 neque
1535 2991 1592 3044 in
1627 3007 1690 3045 se
1720 2991 1959 3062 ipsoin-

307 3077 608 3148 telligendi
642 3078 978 3133 facultatem
1013 3078 1210 3145 habet,
1235 3079 1389 3134 sicut
1411 3078 1719 3134 facultates
1749 3079 1962 3134 animae

2061 1900 2238 1970 τάξεις
2289 1901 2340 1956 ἐν
2397 1908 2517 1964 τοῖς
2562 1903 2814 1978 οὐρανοῖς
2856 1901 3099 1978 ἀγγέλων
3124 1905 3172 1939 ⁰²
3219 1902 3362 1958 εἶπεν
3411 1905 3446 1973 ἡ
3502 1906 3715 1982 Γραφή.

2062 1990 2126 2045 Ὁ
2159 1991 2344 2062 μέντοι
2377 1991 2504 2054 Θεὸς
2535 1994 2741 2048 ἅπαντα
2768 1994 3038 2067 περιέχει,
3070 1991 3145 2053 ὡς
3175 1994 3202 2047 ὸ
3233 1990 3438 2055 κύκλος
3467 1994 3534 2047 τὰ
3564 1993 3716 2054 ἐντὸς

2065 2078 2234 2133 αὑτοῦ
2265 2082 2459 2154 πάντα,
2491 2082 2579 2138 nui
2608 2082 2682 2144 εἷς
2715 2083 2902 2136 ἑαυτὸν
2936 2082 3010 2143 ὡς
3051 2082 3189 2156 πρὸς
3239 2080 3410 2136 αἷθτιον
3471 2080 3721 2156 ἐπιστρέ-

2067 2189 2172 2244 φει.
2201 2171 2518 2242 Σημείωσαι
2552 2171 2630 2238 δὲ,
2658 2171 2714 2227 τί
2759 2171 2821 2226 τὸ
2868 2170 3092 2240 ταύτὸν,
3124 2170 3215 2226 καὶ
3261 2168 3577 2243 δικαιοσύνη
3630 2169 3720 2226 ἐπὶ

2065 2261 2162 2311 τοῦ
2192 2263 2348 2327 Θεοῦ,
2379 2260 2469 2315 καὶ
2501 2260 2562 2315 τὸ
2591 2258 2728 2318 ἴσον.

2135 2351 2259 2414 §X.
2292 2349 2517 2420 Ὀμοίαν
2567 2350 2838 2425 χώρησιν.
2889 2350 3087 2422 Ὁμοία
3134 2351 3385 2425 χώρησις
3434 2347 3505 2405 δι’
3542 2347 3725 2421 ἀλλή-

2068 2435 2180 2492 λων
2230 2437 2319 2492 καὶ
2370 2438 2456 2492 ἐπὶ
2510 2443 2615 2492 τῶν
2645 2438 2936 2514 στοιχείων
2966 2441 3028 2476 ⁸³·
3063 2441 3098 2508 ἡ
3133 2439 3234 2514 γὰρ
3297 2439 3491 2510 ἐπίσης
3534 2445 3726 2515 κρᾶσις

2065 2525 2297 2590 τούτων,
2328 2527 2418 2580 xui
2466 2527 2527 2581 τὸ
2584 2529 2659 2600 μὴ
2721 2527 3201 2603 ὑπερταλαντεύειν
3249 2527 3302 2582 έν
3342 2533 3462 2591 τοῖς
3502 2529 3729 2604 συγκρί-

2073 2637 2201 2688 μασι
2245 2615 2339 2678 τὰς
2391 2617 2626 2691 γενέσεις
2673 2615 2770 2671 τοῦ
2803 2617 3013 2689 κόσμου
3067 2621 3258 2671 ποιεῖ·
3292 2616 3338 2670 εί
3366 2616 3468 2693 γάρ
3517 2638 3570 2672 τι
3616 2621 3727 2671 τῶν

2068 2703 2361 2779 στοιχείων
2392 2702 2730 2772 πλεονάσειε,
2763 2704 3036 2783 φθείρεται
3066 2706 3128 2761 τὸ
3157 2705 3468 2781 γινόμενον.

2139 2812 2238 2866 Καὶ
2314 2813 2450 2866 κατὰ
2527 2813 2588 2868 τὸ
2664 2817 2837 2868 πᾶσαν
2923 2812 3151 2884 ἰσότητα
3227 2815 3452 2884 νοητήν.
3529 2814 3724 2868 Ἰστέον

2070 2902 2151 2955 δτι
2183 2899 2380 2972 νοητὸν
2417 2902 2509 2973 μέν
2543 2900 2656 2955 ἐστι
2703 2901 2767 2956 τὸ
2796 2905 2864 2976 τῇ
2916 2900 3163 2972 αἷσθήσει
3223 2903 3335 2977 οὑχ
3395 2902 3717 2970 ὑποπίπτον,

2070 2985 2193 3044 οῦτε
2220 2991 2282 3044 τὸ
2312 2990 2498 3064 νοερὸν
2531 2985 2661 3065 ἔχον
2701 2989 2754 3044 ἐν
2785 2991 2959 3063 ἑαυτῷ
2991 2993 3058 3062 ⁸⁸,
3092 2989 3164 3045 ὠς
3211 2991 3266 3045 αἱ
3317 2989 3574 3064 δυνάμεις
3626 2997 3724 3060 τῆς

2070 3081 2255 3154 ψυχῆς
2297 3077 2388 3132 καί
2429 3083 2537 3133 τῶν
2575 3079 2877 3149 αἰσθήσεων
2907 3101 2919 3112 ι
2952 3080 3136 3156 νοερὸν
3185 3077 3241 3134 δὲ
3289 3081 3352 3135 τὸ
3404 3077 3582 3142 ἁπλᾶς
3636 3081 3727 3134 καὶ

309 3172 366 3221 et
397 3181 682 3221 sensuum
710 3185 722 3231 ;
756 3164 941 3238 νοερόν
971 3184 1106 3222 vero
1138 3184 1238 3222 seu
1289 3167 1648 3238 intelligens,
1686 3173 1774 3222 est
1804 3169 1957 3239 quod

2080 3165 2384 3229 ἀπολύτους
2437 3165 2566 3242 ἔχον
2597 3168 2692 3230 τὰς
2723 3170 2964 3238 νοήσεις,
2998 3170 3072 3230 ὡς
3103 3167 3328 3244 ἄγγελοι
3363 3187 3376 3200 ·
3409 3168 3634 3246 λογικὸν
3672 3165 3731 3222 δὶ

310 3254 611 3325 simplices
641 3259 698 3309 et
729 3255 941 3310 liberas
975 3255 1151 3311 habet
1181 3256 1704 3322 intellectiones,ut
1737 3257 1956 3327 angeli:

308 3340 531 3417 λογικόν
568 3347 762 3398 autem
795 3360 898 3399 seu
931 3344 1240 3410 rationale,
1273 3349 1362 3398 est
1411 3346 1567 3415 quod
1601 3345 1824 3400 ratione
1857 3363 1958 3402 seu

309 3432 677 3503 argumentis
709 3434 852 3488 211
896 3451 961 3488 ac
994 3434 1397 3506 speculatione
1442 3452 1637 3490 rerum
1681 3435 1961 3506 cognitio-

313 3537 418 3576 nes
451 3520 857 3590 accipit,sicut
881 3537 1046 3576 mens
1084 3522 1347 3578 humana
1377 3541 1389 3589 ;
1437 3523 1784 3580 sensitivum
1828 3543 1962 3581 vero

309 3611 465 3681 quod
499 3609 773 3666 sensibus
805 3611 1140 3680 subjicitur,
1173 3625 1238 3667 ut
1269 3618 1463 3683 partes
1516 3621 1797 3671 creaturae
1833 3633 1961 3688 quae

306 3699 651 3753 dividuntur
681 3700 738 3752 in
765 3699 1107 3754 essentiales
1141 3718 1205 3756 ac
1239 3702 1557 3772 naturales,
1583 3703 1640 3758 id
1669 3709 1760 3759 est
1782 3704 1840 3759 in
1867 3720 1961 3760 res

308 3803 433 3858 qua:
466 3786 797 3842 immobiles
831 3804 895 3842 ac
926 3789 1166 3844 omnino
1192 3805 1402 3845 sensus
1438 3795 1728 3863 expertes,
1779 3797 1837 3847 et
1865 3809 1964 3847 eas

310 3894 440 3948 quae
472 3875 669 3948 aliquo
703 3878 875 3933 modo
910 3879 1126 3933 moveri
1177 3885 1397 3951 queunt
1432 3899 1444 3937 :
1481 3886 1754 3937 naturam
1805 3882 1963 3936 enim

310 3966 602 4022 definiunt
632 3967 987 4039 principium
1023 3969 1298 4026 motionis
1331 3976 1388 4026 et
1409 3971 1645 4042 quietis.
1679 3970 1962 4026 Volunta-

310 4055 457 4110 riam
491 4072 623 4110 vero
655 4056 1140 4128 aequabilitatem,
1173 4076 1297 4130 quas
1349 4059 1565 4131 eligere
1615 4059 1815 4115 valet:
1847 4077 1962 4115 non

310 4143 551 4216 quidem
586 4144 789 4216 ignoro
822 4146 976 4216 quod
1009 4147 1208 4202 anima
1245 4147 1505 4204 hominis
1532 4148 1766 4203 dicatur
1788 4146 1964 4203 etiam

313 4231 550 4287 abusive
582 4231 917 4304 intelligens
949 4249 1016 4291 ac
1047 4235 1373 4291 rationalis.

386 4337 652 4393 Virtutem
683 4341 858 4394 omnis
894 4340 1241 4413 aequalitatis
1269 4342 1617 4413 eﬂeclrz'cem.
1641 4343 1744 4398 Est
1774 4361 1962 4414 equa-

315 4425 516 4482 bilitas
548 4443 676 4497 quas
706 4428 988 4482 tribuitur
1015 4431 1243 4485 naturis
1279 4448 1312 4485 a
1347 4436 1456 4486 Deo
1509 4430 1778 4486 omnium
1827 4450 1964 4488 con-

311 4515 520 4582 ditore,
556 4520 764 4587 estque
795 4516 1158 4587 aequabilitas
1189 4518 1728 4590 voluntaria,quam
1761 4519 1964 4576 volun-

312 4603 444 4658 tarii
480 4608 658 4675 atque
691 4620 760 4659 ex
793 4604 1196 4675 przeelectione
1226 4608 1490 4678 dirigunt
1539 4607 1638 4678 qui
1672 4609 1965 4678 justitiam

313 4696 370 4745 et
391 4691 548 4760 juris
580 4693 1038 4763 aequabilitatem
1073 4699 1514 4750 exercentJiazc
1545 4697 1740 4767 itaque
1771 4715 1969 4770 aequa-

313 4780 533 4849 bilitas,
567 4797 636 4836 ex
668 4787 779 4838 Deo
807 4784 1133 4839 constituta
1162 4788 1269 4839 est.
1311 4788 1557 4840 Omnem
1609 4787 1789 4859 igitur
1810 4790 1966 4860 juris

313 4869 769 4939 aequabilitatem
801 4876 858 4926 et
881 4873 1180 4942 justitiam
1218 4875 1367 4929 Deus
1397 4875 1454 4928 in
1509 4875 1702 4947 seipso
1733 4878 1966 4950 simpli-

314 4959 461 5012 citer
493 4961 549 5013 et
582 4957 886 5014 indivisim
913 4959 1072 5015 sicut
1093 4961 1150 5012 in
1176 4959 1324 5016 ideis
1357 4978 1421 5017 ac
1451 4964 1885 5036 exemplaribus
1908 4968 1966 5021 in

314 5045 439 5100 suis
471 5046 704 5103 aeternis
737 5048 1200 5120 cogitationibus
1230 5054 1365 5107 ante
1398 5052 1592 5120 habet,
1612 5070 1714 5110 seu
1737 5057 1969 5127 proprie

313 5130 612 5202 loquendo
645 5136 1081 5208 complectitur.

1997 4570 2046 4633 D

2069 3256 2134 3311 τὸ
2194 3254 2284 3311 διὰ
2336 3255 2508 3332 λόγου
2557 3257 2648 3312 καὶ
2709 3256 2937 3333 θεωρίας
2979 3258 3075 3320 τὰς
3125 3263 3230 3312 τῶν
3265 3255 3436 3313 ὄντων
3496 3259 3728 3333 γνώσεις

2073 3343 2396 3421 δεχόμενον,
2431 3347 2507 3408 ὡς
2539 3347 2567 3400 ὁ
2600 3348 2941 3423 ἀνθρώπινος
2970 3352 3095 3408 νοῦς
3128 3366 3141 3380 ο
3179 3346 3433 3418 αἰσθητὸν
3483 3344 3540 3401 δὲ
3568 3348 3631 3401 τὸ
3660 3351 3730 3419 τῇ

2072 3435 2318 3505 αἶ’σθήσει
2372 3435 2700 3504 ὑποπίπτον,
2735 3435 2810 3497 ὡς
2867 3435 2934 3489 τὰ
2987 3437 3123 3510 μέρη
3174 3443 3278 3506 τῆς
3306 3435 3557 3502 κτίσεως,
3593 3437 3730 3510 ἅπερ

2073 3521 2407 3597 διαιροῦνται
2441 3523 2518 3586 εἷς
2564 3522 2805 3594 ούσιώδη
2838 3523 2928 3579 καὶ
2963 3524 3180 3601 φυσικὰ,
3214 3527 3488 3580 τουτέστιν
3538 3521 3612 3586 εἵς
3673 3545 3733 3578 τε

2069 3614 2137 3668 τὰ
2167 3612 2440 3683 ἀκινήτως
2472 3614 2561 3668 καὶ
2603 3613 2779 3684 πάντη
2831 3613 3174 3684 ἀναισθήτως
3224 3609 3373 3684 ὄντα,
3398 3613 3486 3668 καὶ
3531 3613 3608 3675 εἷς
3666 3613 3735 3667 τὰ

2070 3704 2171 3770 τήν
2200 3703 2491 3757 ὁποιανοῦν
2526 3697 2726 3776 ἔχοντα
2756 3702 2966 3772 κίνησιν
3001 3722 3014 3736 ’
3047 3703 3150 3771 τὴν
3199 3703 3302 3778 γὰρ
3357 3703 3511 3780 φύσιν
3552 3703 3736 3776 ἀρχὴν

2071 3793 2342 3859 κινήσεως
2374 3790 2463 3844 καὶ
2495 3790 2727 3863 ἠρεμίας
2758 3791 3053 3866 ὁρίζονται.
3088 3790 3336 3861 Θελητὴν
3389 3789 3446 3846 δὶ
3504 3790 3735 3861 ἰσότητα

2072 3881 2171 3946 τήν
2221 3880 2611 3954 προαιρετικήν
2644 3897 2656 3909 ·
2692 3879 2791 3933 οὑκ
2831 3879 3017 3954 ἀγνοῶ
3065 3878 3275 3952 μέντοι,
3309 3880 3384 3941 ὡς
3429 3878 3519 3933 καὶ
3567 3899 3732 3933 κατα-

2075 3972 2389 4041 χρηστικῶς
2435 3967 2525 4021 καὶ
2559 3966 2647 4022 ἐπὶ
2691 3974 2790 4037 τῆς
2834 3973 2931 4022 τοῦ
2960 3969 3252 4044 ἀνθρώπου
3283 3970 3468 4044 ψυχῆς
3500 3970 3544 4004 ⁸⁵
3570 3966 3735 4042 νοερά

2073 4075 2132 4109 τε
2155 4057 2245 4110 καὶ
2280 4053 2475 4131 λογική
2511 4059 2576 4113 9⁵.

2146 4345 2333 4413 Πάσης
2389 4342 2640 4413 ἰσότητος
2715 4343 3011 4413 ποιηνικὴν
3085 4339 3333 4415 δύναμιν.
3380 4347 3564 4397 Ἔστιν
3616 4341 3731 4397 ἶσό-

2073 4453 2173 4503 της
2204 4434 2238 4502 ἡ
2272 4430 2323 4486 έν
2356 4436 2475 4485 ταῖς
2507 4431 2725 4508 φύσεσιν
2751 4429 2810 4486 ἐκ
2841 4435 2974 4486 Θεοῦ
3029 4429 3126 4485 τοῦ
3183 4432 3399 4485 πάντων
3435 4449 3448 4463 ·
3495 4435 3732 4501 ποιητοῦ

2077 4519 2345 4594 διδομένη
2380 4523 2444 4589 9⁷,
2476 4521 2565 4575 xui
2616 4518 2756 4575 ἔστιν
2818 4519 3003 4588 ἰσότης
3060 4519 3290 4590 θελητὴ,
3344 4521 3405 4588 ἣν
3455 4517 3734 4582 ἐθέλοντες

2074 4610 2163 4666 καὶ
2223 4609 2283 4666 ἐκ
2329 4611 2699 4685 προαιρέσεως
2730 4613 3082 4686 κατορθοῦσιν
3106 4611 3148 4645 ⁸⁸
3181 4610 3232 4664 οἳ
3281 4609 3343 4663 τὸ
3387 4605 3592 4663 δίκαιον
3642 4608 3734 4664 καὶ

2078 4699 2142 4754 τὸ
2172 4698 2297 4771 περὶ
2329 4698 2421 4753 τὸν
2461 4698 2575 4774 βίον
2609 4697 2922 4770 ίσονομικὸν
2956 4697 3189 4771 μετίασι.
3220 4699 3316 4752 Καὶ
3373 4696 3508 4768 αὕτη
3554 4697 3646 4752 οῦν
3696 4699 3731 4766 ἡ

2079 4789 2266 4859 ἰσότης
2315 4786 2375 4843 ἐκ
2417 4791 2551 4843 Θεοῦ
2603 4789 2851 4858 συνέστη.
2907 4793 3087 4842 Πᾶσαν
3133 4790 3260 4860 γοῦν
3309 4785 3594 4860 ἰσονομίαν
3642 4785 3734 4840 καὶ

2081 4876 2430 4948 δικαιοσύνην
2479 4877 2506 4931 ὁ
2555 4877 2684 4939 Θεὸς
2734 4877 2784 4932 έν
2848 4878 3021 4948 ἑαυτῷ
3051 4875 3241 4938 ἁπλῶς
3268 4873 3359 4930 καὶ
3390 4874 3631 4951 ἀμερῶς,
3664 4875 3738 4934 ὡς

2080 4965 2134 5022 έν
2190 4964 2358 5028 ἰδέαις
2415 4965 2506 5021 καὶ
2554 4963 2988 5042 παραδείγμασιν
3042 4965 3094 5019 ἐν
3142 4969 3263 5025 ταῖς
3316 4961 3517 5026 ἀϊδίοις
3575 4962 3738 5018 αὑτοῦ

2078 5057 2300 5127 νοήσεσι
2331 5055 2586 5130 προέχει,
2619 5053 2747 5126 ἤτοι
2779 5055 3024 5131 περιέχει
3055 5053 3257 5130 κυρίως
3298 5052 3488 5110 εἰπεῖν.

1325 5375 1562 5433 VARIJE
1601 5377 1993 5435 LECTIONES
2029 5376 2123 5435 ET
2158 5376 2726 5437 CORRECTIONES.

387 5578 428 5612 ⁹¹
465 5574 869 5651 ὑπαγορεύσας.

315 5645 530 5703 εαυτοῦ.
594 5645 654 5686 ’⁸⁵
683 5647 1028 5726 ἀνθρωπίνης
1060 5645 1268 5730 ψυχῆς.

947 5581 992 5618 9’
1021 5580 1292 5662 ούρανίοίς
1325 5581 1614 5662 ἀγγέλοις,
1692 5583 1974 5662 θξ-ὁλμρίαν.
1997 5583 2246 5662 χώρησιν
2281 5579 2350 5637 δι’
2377 5581 2650 5662 ,ἀλλήλων
2681 5584 2781 5653 τήν
2813 5585 2922 5637 τῶν
2952 5580 3239 5658 στοιχείων
3271 5581 3460 5656 φησίν.
3535 5583 3580 5617 ⁹⁴
3615 5580 3734 5653 μεθ’

1345 5603 1615 5711 agi;th
1694 5603 1962 5713 ’ἔτοδμὲιαν
1997 5603 2246 5694 χωρηοσιν
2281 5603 2345 5637 οι
2377 5603 2612 5672 ,αΑέηΛα

1488 5673 1580 5732 γικ
1623 5698 1634 5712 .
1819 5675 1842 5712 ε
1880 5655 2073 5734 ομένη.
2220 5656 2612 5732 κατορθουμεν.
