4108 6376
347 399 458 454 385

865 522 980 577 ΕΙΣ
1019 520 1105 577 ΤΟ
1143 519 1409 575 ΚΕΦΑΛ.
1452 517 1510 572 1'.

424 631 528 700 §l.
587 630 675 690 Ὦς
731 626 1146 702 παντοκράτορα
1199 625 1290 680 καὶ
1347 624 1421 685 ὡς
1478 621 1736 678 παλαιόν.
1799 621 2005 684 Πολιὸς

353 719 452 790 μὲν
515 719 667 793 ὤφθη
727 717 755 772 6
813 718 942 779 Θεὸς
973 720 1054 788 τῷ
1113 713 1341 785 Δανιὴλ,
1374 712 1574 780 λευκὴν
1608 710 1753 786 ἔχων
1783 713 1882 780 τὴν
1915 733 2008 766 κε-

347 809 557 886 φαλὴν,
590 809 664 871 ὡς
714 807 882 883 ἔριον,
923 809 1044 871 καθ’
1075 807 1104 861 ὃ
1137 806 1226 860 καὶ
1260 803 1502 865 Παλαιὸς
1532 807 1755 875 ἡμερῶν
1786 802 2011 875 ὠνομά-

349 909 480 968 σθη’
514 897 774 970 νεώτερος
807 895 866 951 δὲ
900 901 998 952 τοῦ
1047 894 1250 950 πολιοῦ
1280 893 1556 970 γέροντος,
1590 891 1714 947 ὅταν
1767 893 1840 954 ὡς
1873 893 2010 965 ἀνὴρ

351 983 513 1064 ὤφθη
543 992 622 1059 τῷ
652 982 906 1061 Ἀϐραὰμ
957 987 1090 1060 μετᾶ
1125 989 1232 1039 τῶν
1267 982 1532 1058 ἀγγέλων,
1588 983 1678 1036 καὶ
1720 981 2012 1044 νεανίσκος.

348 1079 422 1133 Ἀ
469 1077 561 1131 καὶ
605 1078 824 1150 θεωρῶν
879 1073 1144 1130 ἀπέλυσεν
1199 1071 1326 1128 ῶδε·
1383 1066 1691 1146 πρεσϐύτην
1760 1072 1878 1144 μὶν,
1938 1072 2012 1132 ὡς

350 1167 570 1221 πάντων
604 1165 663 1220 ἐκ
718 1170 853 1220 Θεοῦ
894 1186 953 1220 τε
1001 1159 1168 1219 ὄντων
1219 1162 1309 1217 καὶ
1365 1163 1480 1235 μετ’
1538 1161 1723 1216 αὐτόν’
1787 1159 1872 1214 διὸ
1922 1159 2013 1214 καὶ

349 1254 635 1329 νεωτέρων
691 1253 856 1309 αὐτοῦ
893 1272 906 1286 ·
965 1253 1083 1308 νέον
1138 1251 1214 1320 δὲ,
1278 1252 1354 1313 ὡς
1411 1250 1492 1305 ἀεὶ
1551 1248 1602 1303 ἐν
1664 1250 1871 1323 ἀκμαία
1925 1248 2015 1304 καὶ

353 1344 604 1408 εὐσταθεῖ
657 1342 1020 1418 μακαριότητι
1088 1339 1434 1396 ἀπαλαίωτον
1491 1335 1638 1394 ὄντα.
1695 1339 1759 1395 Εἰ
1814 1336 1873 1393 δὲ
1925 1336 2016 1393 καὶ

351 1432 534 1494 ε’ίποις
586 1433 649 1488 τὸ
703 1431 1132 1509 συναμφότερον,
1182 1430 1428 1484 τουτέστι
1486 1429 1548 1482 τὸ
1602 1427 1878 1503 γηραλέον
1926 1428 2020 1481 καὶ

349 1523 471 1578 νέον
506 1522 639 1594 ἅμα,
673 1523 746 1582 ὡς
776 1521 866 1576 ἀπ’
899 1521 1079 1595 ἀρχῆς
1105 1519 1269 1574 αὐτὸν
1302 1515 1506 1589 δηλοῦν
1552 1516 1638 1572 ἐπὶ
1670 1516 1844 1572 πάντα
1895 1514 2017 1586 διή-

350 1632 525 1667 κοντα
553 1610 644 1665 καὶ
701 1609 965 1684 προϊόντα
998 1609 1130 1686 ἀχρι
1161 1607 1354 1670 τέλους
1389 1605 1735 1676 διαιωνίζειν,
1769 1606 1902 1683 ὅπερ
1932 1606 2019 1660 τέ-

353 1699 523 1762 λος⁹⁹
567 1706 665 1769 τῆς
694 1700 876 1775 ἀρχῆς
906 1697 1016 1754 ἐστι
1050 1699 1333 1772 νεώτερον,
1374 1695 1502 1766 ἓξει,
1535 1695 1689 1773 φησί,
1737 1693 1826 1750 καὶ
1857 1699 2018 1749 τοῦτο

354 1788 554 1864 λόγον’
608 1789 719 1843 εἶτα
765 1789 997 1865 παράγει
1029 1786 1118 1842 καὶ
1148 1787 1376 1862 γνώμην
1404 1785 1661 1856 Ἰεροθέου
1719 1788 1816 1839 τοῦ
1849 1785 2017 1848 θείου·

1100 401 1160 455 S.
1199 397 1476 454 MAXIM!
1511 396 1817 452 SCHOLIA
1863 397 1940 451 IN
1978 397 2114 450 LIB.
2156 399 2253 452 DE
2292 401 2562 455 DIVINlS
2600 403 3016 461 NOMINIBUS.

2042 519 2094 585 A

3674 417 3781 471 386

2756 525 2828 581 IN
2867 527 3025 584 CAP.
3067 529 3136 586 Χ.

2193 629 2223 702 §
2253 631 2294 685 Ι.
2329 631 2391 686 Ut
2439 630 2868 701 omnipotentem
2899 645 2951 689 et
2981 639 3037 690 ut
3086 641 3394 711 antiquum.
3428 643 3584 701 Deus
3616 649 3780 705 visus

2122 724 2210 773 est
2244 737 2272 774 a
2306 719 2543 775 Daniele
2571 737 2756 777 canus
2790 723 3110 780 candidum
3142 727 3361 785 habens
3403 739 3578 803 caput
3621 737 3782 793 velut

2123 807 2320 862 lanam
2356 815 2593 880 propter
2613 812 2769 881 quod
2803 815 2979 868 etiam
3024 816 3292 887 Antiquus
3340 821 3557 878 dierum
3589 828 3781 881 nomi-

2125 902 2300 952 natus
2323 903 2443 967 est;
2467 899 2674 968 junior
2704 917 2837 957 vero
2869 919 3006 958 sene
3039 921 3204 974 cano,
3231 910 3467 978 quando
3499 915 3781 984 tanquam

2125 985 2213 1039 vir
2242 993 2598 1058 conspectus
2629 993 2718 1043 est
2739 991 3072 1047 Abrahamo
3105 1010 3237 1049 cum
3274 998 3523 1069 angelis,
3556 1006 3612 1055 et
3643 1004 3784 1058 ado-

2127 1073 2355 1130 lescens
2389 1093 2401 1131 :
2437 1093 2567 1146 quae
2587 1081 2761 1132 etiam
2792 1081 3174 1138 considerans
3197 1084 3371 1139 solvit
3398 1087 3492 1142 hic
3519 1106 3530 1144 :
3557 1107 3785 1156 senem,

2127 1165 2281 1233 quod
2315 1165 2514 1220 omnia
2535 1183 2567 1220 υ
2595 1167 2704 1220 Deo
2728 1169 3008 1238 producta
3041 1178 3180 1228 sunt
3201 1178 3258 1228 et
3276 1175 3403 1245 ipso
3428 1181 3784 1248 posteriora:

2128 1251 2376 1324 ideoque
2408 1253 2790 1325 ipsojuniora
2823 1259 3137 1328 :juvenem
3161 1279 3314 1335 vero,
3350 1268 3506 1336 quod
3555 1285 3790 1341 semper

2128 1341 2206 1396 sit
2237 1342 2293 1396 in
2327 1342 2541 1415 vigore,
2565 1350 2622 1400 et
2646 1346 2812 1402 firma
2838 1349 3110 1405 beatitate
3133 1353 3281 1408 senii
3308 1370 3549 1426 expers;
3579 1359 3628 1413 si
3654 1376 3787 1415 vero

2129 1432 2308 1487 etiam
2341 1433 2518 1488 simul
2555 1439 2870 1506 utrumque
2901 1437 3140 1504 dixeris,
3172 1441 3229 1496 id
3262 1449 3351 1498 est
3378 1445 3555 1501 simul
3581 1465 3786 1504 senem

2129 1525 2187 1574 et
2211 1520 2512 1591 juvenem,
2539 1523 2835 1580 declarare
2867 1531 3020 1597 quod
3072 1547 3104 1584 a
3150 1531 3434 1605 principio
3480 1538 3550 1590 ad
3587 1539 3787 1594 omnia

2130 1611 2472 1679 perveniens
2503 1616 2558 1666 et
2591 1614 2972 1685 progrediens
3019 1635 3206 1690 usque
3251 1622 3319 1675 ad
3370 1623 3544 1679 ﬁnem
3580 1643 3788 1696 peren-

2133 1700 2249 1766 net,
2272 1698 2374 1770 qui
2401 1698 2756 1770 ﬁnisjunior
2777 1707 2865 1757 est
2888 1704 3196 1778 principio,
3223 1708 3354 1778 hoc,
3378 1711 3590 1782 inquit,
3611 1713 3787 1770 etiam

2129 1787 2418 1843 rationem
2474 1789 2715 1845 habebit
2765 1808 2778 1846 :
2837 1798 3038 1864 postea
3087 1797 3326 1852 adducit
3353 1801 3529 1856 etiam
3556 1807 3789 1859 senten-

354 1878 482 1952 περὶ
516 1876 718 1932 τούτου
750 1877 854 1952 γάρ
886 1871 1175 1932 ἐπιϐάλλω
1207 1875 1382 1949 λέγειν
1426 1874 1584 1928 αὺτὸν
1621 1873 1823 1928 οἰκεῖον
1873 1873 2019 1946 ἱερο-

2146 1877 2274 1932 ;iam
2301 1877 3106 1952 diviniﬂierotheimonjicio
3155 1887 3313 1942 enim
3360 1904 3494 1944 eum
3545 1891 3616 1946 de
3645 1890 3774 1962 ipso

353 1965 647 2035 τελιστήν,
681 1967 774 2020 ἅτε
805 1962 1132 2020 διδάσκαλον
1166 1964 1358 2019 ἑαυτοῦ
1392 1960 1798 2020 ἀποκαλοῦντα.

435 2146 568 2215 §II.
603 2143 707 2200 Καὶ
752 2142 948 2205 πολιὸς
987 2143 1078 2198 καὶ
1128 2142 1268 2204 νέος.
1319 2145 1442 2203 Πῶς
1491 2141 1625 2196 ποτὶ
1678 2141 1772 2213 μὲν
1804 2140 2024 2209 πολιὸς,

358 2235 506 2289 ποτὲ
539 2231 596 2288 δὲ
624 2231 744 2294 νέος
777 2233 805 2287 6
837 2234 1034 2304 Κύριος
1062 2232 1346 2308 γράφεται,
1382 2229 1458 2291 ὠς
1488 2230 1575 2284 τό’
1609 2232 1824 2300 Ἰησοῦς
1855 2235 2025 2304 Χρισ-

361 2324 460 2385 τὸς
488 2323 621 2398 χθές
649 2323 739 2376 καὶ
771 2325 1015 2398 σήμερον
1043 2322 1071 2376 6
1097 2321 1283 2391 αὐτὸς,
1313 2319 1403 2374 καὶ
1437 2319 1513 2383 εἷς
1541 2317 1668 2381 τοὺς
1719 2317 1933 2382 αἰῶνας·
1967 2321 2027 2373 τὸ

358 2417 498 2488 γοῦν
534 2413 774 2486 σήμερον
806 2416 903 2466 τοῦ
934 2411 1066 2486 χθὲς
1095 2411 1385 2484 νεώτερον.

442 2503 704 2576 Ἐπείπερ
764 2503 798 2569 ἠ
865 2500 1050 2573 μόνας.
1105 2496 1436 2574 Ἐπειδήπερ
1481 2499 1514 2568 ἠ
1565 2497 1904 2573 ἀριθμητικὴ
1963 2497 2026 2551 τὸ

363 2590 419 2646 έν
453 2591 719 2665 ἀριθμοῖς
774 2587 1030 2665 διαίρεσιν
1086 2583 1215 2664 ἔχον
1267 2586 1483 2655 πλῆθος
1539 2586 1615 2650 εἰς
1671 2586 1839 2662 πέρας
1897 2587 2024 2655 ἀνή-

359 2699 523 2756 γαγεο
592 2677 801 2754 μονάδα
866 2681 958 2752 μὲν
1032 2679 1210 2752 ἀρχὴν
1263 2675 1460 2748 θεμένη
1510 2679 1609 2730 τοῦ
1666 2676 1868 2738 παντὸς
1915 2676 2031 2749 ἀρι-

363 2774 513 2842 θμοῦ
575 2765 746 2824 δυάδα
803 2765 860 2822 δὲ
930 2767 1153 2842 ἀρτίων,
1204 2765 1292 2820 καὶ
1339 2769 1448 2820 τῶν
1496 2764 1619 2834 ἑξῆς
1673 2763 1748 2825 εἷς
1804 2763 2027 2840 μέγεθος

364 2859 679 2931 προϊόντων
708 2859 956 2933 ἀριθμῶν
987 2855 1123 2910 κατά
1176 2856 1468 2928 παράθεσιν
1528 2850 1802 2926 μονάδων,
1835 2849 2024 2921 ἐπειδὴ

362 2949 428 3003 τὸ
479 2945 722 3017 πλῆθος,
774 2946 1049 3001 τουτέστιν
1111 2947 1146 3013 ἡ
1186 2943 1380 3011 κτίσις,
1432 2942 1492 2997 ἐκ
1536 2946 1634 2996 τοῦ
1674 2946 1808 2997 Θεοῦ
1862 2940 2025 2996 ἐστιν’

367 3038 395 3091 6
427 3034 490 3090 δὲ
540 3035 778 3110 ἄριθμὸς
825 3034 912 3089 ἐπὶ
943 3038 1022 3106 τῷ
1071 3031 1270 3103 πλήθει
1320 3031 1481 3086 ἐστίν·
1536 3030 1759 3092 εἰκότως
1805 3031 1867 3084 τὸ
1913 3031 2029 3085 κατ’

365 3126 604 3200 ἀριθμὸν
646 3125 908 3200 νεώτερον
974 3122 1333 3195 ὀνομάζεταιο
1403 3122 1466 3175 τὸ
1521 3121 1624 3195 γὰρ
1672 3118 1912 3188 πλῆθος,
1967 3120 2030 3174 τὸ

364 3214 459 3269 καὶ
491 3212 926 3289 ἀριθμούμενον,
982 3211 1117 3283 μετὰ
1157 3211 1248 3265 τὸν
1284 3210 1412 3264 Θεὸν
1446 3208 1662 3286 ἀφάτως
1709 3208 1799 3262 καὶ
1847 3206 1906 3262 ἐκ
1933 3212 2030 3262 τοῦ

365 3308 504 3358 Θεοῦ
535 3303 828 3377 παρήχθη*
865 3299 1009 3356 ἀλλά
1037 3299 1126 3354 καὶ
1157 3303 1254 3353 τοῦ
1273 3298 1542 3373 νεωτέρου
1571 3295 1768 3352 τούτου
1797 3297 2032 3370 ἀριθμοῦ

367 3399 470 3460 τῆς
500 3390 734 3454 κτίσεως
783 3387 1233 3465 ἀρχηγικώτερόν
1285 3385 1430 3442 έστιν
1479 3388 1512 3456 ἠ
1551 3387 1740 3457 μονάς,
1775 3387 1850 3446 ὡς
1883 3384 2038 3462 ἔφην,

373 3481 409 3549 ἦ
442 3480 534 3534 καὶ
555 3485 664 3534 τῶν
699 3479 949 3554 ἀριθμῶν
997 3476 1164 3546 αἰτία,
1195 3475 1286 3530 καὶ
1310 3469 1516 3550 ἔχουσα
1549 3475 1735 3548 σχέσιν
1757 3473 1880 3527 τινὰ
1908 3474 2046 3543 πρὸς

367 3570 440 3625 τά
473 3569 524 3639 ιε
571 3568 740 3637 αὐτῆς
782 3565 994 3622 πολλά.
1043 3565 1252 3624 Οὐκοῦν
1300 3565 1328 3618 6
1378 3565 1527 3631 Θεὸς,
1561 3565 1637 3625 ὡς
1686 3563 1776 3616 καὶ
1833 3562 2040 3616 τούτων

368 3657 573 3727 α’ίτιος,
624 3657 715 3712 καὶ
751 3653 986 3730 μονάδος
1016 3654 1182 3730 λόγον
1215 3653 1454 3728 έπέχων,
1485 3653 1746 3726 νεώτερος
1775 3652 1913 3706 κατὰ
1937 3652 2036 3720 τήν

370 3747 672 3822 εἶρημένην
725 3743 954 3822 θεωρίαν
1006 3743 1066 3799 ἐκ
1112 3747 1218 3798 τῶν
1269 3740 1320 3815 ἐξ
1352 3741 1517 3796 αὐτοῦ
1556 3740 2038 3817 προσαγορεύεται.

370 3835 497 3893 Εἰσὶ
530 3833 588 3890 δὲ
619 3833 670 3890 οἵ
698 3835 766 3888 τὰ
796 3835 1022 3907 σώματα
1053 3835 1118 3871 ¹⁰⁰
1148 3831 1380 3904 ἀριθμὸν
1415 3825 1722 3904 ὠνόμαζον.

443 4105 475 4177 ἕ
524 4109 619 4159 llI.
672 4101 770 4156 Καὶ
829 4098 1122 4162 ἀπολύτως
1173 4100 1456 4173 ἀγέννητα.
1504 4101 1652 4154 ’¹Ανω
1702 4097 1796 4170 μὲν
1856 4094 1910 4151 έν
1958 4101 2038 4169 τῷ

370 4195 614 4265 πέμπτῳ
663 4189 945 4268 κεφαλαίῳ
993 4187 1117 4261 περί
1159 4187 1359 4250 αἰῶνος
1408 4189 1495 4242 καὶ
1548 4185 1753 4261 χρόνου
1782 4184 2038 4248 πλατέως

369 4275 739 4353 διελάὅομενί
797 4284 890 4333 νῦν
938 4277 996 4333 δὲ
1042 4277 1109 4332 τὰ
1158 4276 1470 4348 ζητούμενα
1523 4277 1877 4351 σαφηνιστέον
1905 4296 1916 4308 ο
1977 4275 2038 4329 οὐ

369 4370 540 4442 μόνον
569 4371 674 4445 γὰρ
704 4371 739 4436 ἠ
771 4369 983 4442 Γραφή,
1016 4367 1204 4444 φησὶν,
1260 4365 1482 4419 αἰώνιον
1510 4361 1671 4418 καλεῖ
1726 4364 1819 4418 τὸν
1882 4364 2033 4434 Θεὸν,

369 4458 422 4514 έν
456 4463 536 4530 τῷ
568 4456 765 4532 λέγειν’
827 4459 887 4514 Ὀ
917 4457 1049 4520 Θεὸς
1078 4457 1106 4510 ὁ
1156 4453 1399 4522 αἰώνιος,
1433 4455 1460 4507 6
1512 4452 1914 4516 κατασκευάσας
1971 4453 2038 4507 τὰ

371 4549 514 4622 ἀκρα
561 4554 662 4616 τῆς
707 4553 828 4622 γῆς·
877 4547 968 4600 τὸν
1014 4546 1116 4620 γὰρ
1163 4544 1292 4598 Θεὸν
1341 4541 1485 4618 λέγει
1540 4538 1836 4604 ἀπολύτως
1891 4541 2043 4617 ἀγέν-

2137 1967 2329 2021 dicere
2359 1968 2662 2038 proprium
2697 1968 2756 2022 in
2789 1970 2974 2026 sacris
3006 1972 3384 2043 iniliatorem,
3417 1994 3522 2033 seu
3570 1984 3792 2052 magis-

2136 2059 2295 2109 trum
2327 2072 2501 2111 suum
2534 2057 2947 2128 appellantem.

2207 2144 2236 2216 ἕ
2268 2144 2334 2199 ΙΙ.
2369 2147 2434 2200 Et
2455 2161 2650 2212 canus,
2681 2150 2734 2202 et
2753 2148 2996 2218 juvenis.
3031 2152 3334 2217 Quomodo
3366 2155 3654 2214 Dominus
3675 2157 3788 2214 ali-

2137 2235 2374 2303 quando
2406 2234 2647 2305 quidem
2707 2237 3011 2310 antiquus,
3045 2239 3364 2312 aliquando
3419 2261 3554 2300 vero
3605 2265 3792 2304 novus

2137 2323 2525 2390 describatur,
2561 2329 2625 2379 ut
2655 2340 2669 2379 :
2702 2327 2858 2382 Iesus
2886 2327 3136 2384 Christus
3167 2331 3288 2386 heri
3318 2336 3370 2387 et
3418 2334 3605 2402 hodie,
3646 2336 3791 2392 idem

2135 2415 2187 2466 et
2218 2413 2280 2466 in
2309 2413 2512 2468 secula
2541 2413 2620 2484 (ά)
2655 2430 2668 2467 :
2706 2421 2858 2470 certe
2890 2416 3063 2473 hodie
3092 2423 3180 2474 est
3202 2421 3412 2490 junius
3445 2423 3590 2478 heri.

2206 2501 2359 2556 212
2393 2503 2842 2574 Quandoquidem
2880 2509 3100 2562 veritas.
3143 2511 3631 2583 Quandoquidem
3667 2515 3780 2570 ari-

2136 2590 2414 2645 thmetica
2453 2591 2899 2649 multitudinem
2924 2596 2982 2650 in
3010 2599 3271 2654 numeris
3297 2600 3643 2658 divisionem
3675 2603 3784 2659 ha-

2139 2678 2368 2734 bentem
2391 2679 2451 2732 in
2485 2680 2661 2734 ﬁnem
2694 2682 2958 2748 deduxit,
2987 2702 3212 2755 ponens
3234 2692 3490 2745 monada
3519 2709 3621 2746 seu
3660 2694 3792 2746 uni-

2137 2771 2316 2821 tatem
2343 2768 2536 2822 omnis
2565 2771 2795 2824 numeri
2831 2772 3220 2844 principium;
3255 2778 3448 2832 duada
3471 2795 3574 2833 seu
3600 2781 3793 2834 duali-

2139 2861 2318 2910 tatem
2349 2873 2506 2926 vero,
2546 2858 2776 2928 parium
2819 2865 2876 2914 et
2910 2860 3269 2933 reliquorum
3307 2882 3688 2922 numerorum
3731 2869 3792 2924 in

2141 2945 2551 3017 magnitudine
2594 2949 3096 3018 progredientium
3136 2952 3434 3009 additione
3467 2956 3786 3023 unitatum,

2141 3034 2420 3105 quoniam
2469 3035 2808 3103 multitudo,
2857 3037 2914 3092 id
2965 3046 3054 3093 est
3093 3047 3360 3097 creatura
3389 3049 3479 3098 est
3517 3061 3587 3100 ex
3630 3046 3792 3103 Deo:

2142 3139 2424 3178 numerus
2456 3129 2650 3178 autem
2677 3127 2840 3180 estin
2870 3127 3792 3204 multitudine,meritoquantum

2145 3211 2216 3265 ad
2251 3228 2561 3267 numerum
2590 3214 2795 3282 junior
2825 3217 3168 3272 nominatur
3200 3236 3213 3273 :
3247 3219 3567 3276 multitudo
3617 3224 3802 3290 enim,

2150 3315 2277 3370 quae
2303 3304 2392 3353 est
2424 3299 2478 3354 id
2503 3302 2657 3371 quod
2700 3308 3069 3373 numeratur,
3124 3311 3250 3376 post
3281 3306 3463 3362 Deum
3494 3308 3804 3364 inetl‘abili-

2149 3392 2232 3441 ter
2260 3393 2316 3442 et
2358 3405 2391 3441 a
2427 3388 2541 3444 Deo
2576 3391 2858 3460 producta
2905 3396 2994 3446 est
3027 3409 3038 3447 ε
3076 3393 3398 3463 quinetiam
3451 3413 3657 3452 monas
3712 3401 3804 3452 est

2150 3475 2445 3546 antiquior
2465 3478 2704 3547 juniore
2729 3479 2836 3534 hoc
2859 3485 3142 3536 creatura:
3168 3500 3432 3552 numero,
3465 3501 3615 3555 quas,
3649 3486 3806 3541 sicut

2150 3564 2290 3634 dixi,
2320 3569 2410 3619 est
2435 3582 2815 3622 numerorum
2849 3585 3052 3637 causa,
3092 3575 3147 3625 et
3174 3570 3350 3626 habet
3379 3573 3803 3630 connexionem

2150 3655 2465 3724 quamdam
2501 3671 2634 3710 cum
2670 3656 2896 3722 multis,
2929 3675 3056 3728 quas
3089 3675 3158 3713 ex
3187 3659 3315 3731 ipsa
3345 3664 3805 3732 procedunt.lta-

2149 3760 2262 3815 que
2294 3743 2468 3812 Deus,
2507 3749 2570 3799 ut
2599 3745 2774 3800 etiam
2809 3747 3017 3802 borum
3051 3755 3277 3817 auctor,
3312 3758 3370 3805 et
3402 3753 3673 3808 monadis
3711 3771 3804 3808 ra-

2148 3833 2366 3888 tionem
2390 3834 2683 3904 obtinens,
2717 3837 3045 3892 secundum
3079 3838 3297 3894 dictam
3331 3841 3805 3913 comtemplatio-

2149 3939 2305 3993 nem,
2339 3923 2669 3994 appellatur
2691 3924 2898 3994 junior
2928 3926 3000 3980 iis
3022 3942 3150 3996 quae
3177 3928 3248 3982 ab
3275 3944 3341 3982 eo
3374 3931 3656 4000 producta
3679 3931 3806 3986 fue-

2148 4017 2288 4066 runt
2318 4029 2331 4067 :
2367 4018 2508 4067 sunt
2526 4013 2630 4084 qui
2659 4029 2905 4084 corpora
2936 4014 3312 4087 appellarunt
3345 4034 3689 4075 numerum.

2216 4103 2242 4168 §
2301 4101 2380 4156 Ill
2440 4103 2502 4156 Et
2561 4103 2808 4158 absolute
2867 4103 3141 4172 ingenita.
3204 4111 3390 4178 Supra
3451 4107 3688 4179 quidem
3747 4110 3808 4164 in

2148 4191 2354 4262 quinto
2402 4193 2613 4263 capite,
2668 4193 2794 4248 fuse
2834 4193 3222 4250 tractavimus
3271 4196 3342 4250 de
3386 4195 3711 4252 aeternitate
3752 4201 3812 4251 et

2145 4286 2405 4349 tempore
2439 4297 2451 4335 :
2488 4298 2644 4335 nunc
2671 4299 2807 4337 vero
2840 4283 3190 4354 explicanda
3232 4290 3374 4339 sunt
3425 4302 3549 4356 quae
3599 4290 3811 4356 petun-

2145 4375 2433 4423 turznon
2496 4376 2725 4426 tantum
2760 4372 2919 4426 enim
2979 4372 3306 4442 Scriptura,
3364 4373 3582 4442 inquit,
3646 4379 3812 4430 vocat

2153 4460 2328 4512 Deum
2365 4463 2671 4524 internum,
2700 4459 2838 4513 dum
2875 4460 3054 4514 dicit:
3091 4459 3246 4515 Deus
3277 4466 3554 4529 aeternus,
3593 4462 3691 4534 qui
3724 4464 3804 4518 fa-

2149 4545 2410 4601 bricatus
2442 4552 2532 4601 est
2571 4552 2831 4602 extrema
2884 4553 3049 4603 terra;
3077 4565 3089 4602 :
3123 4549 3265 4603 dicit
3299 4550 3456 4604 enim
3492 4555 3671 4605 Deum
3705 4552 3807 4606 ab-

370 4657 566 4707 νητον,
617 4636 710 4691 ἅτε
758 4636 849 4690 καὶ
897 4634 1153 4696 ἀναιτίως
1202 4630 1332 4688 ὄντα
1375 4636 1542 4686 τοῦτο
1570 4673 1584 4698 ,
1643 4629 1791 4686 ἀλλά
1835 4631 1926 4686 καὶ
1975 4633 2028 4687 τέ

2149 4635 2338 4690 solute
2371 4635 2723 4706 ingenitum,
2756 4639 3038 4706 tanquam
3092 4653 3226 4691 eum
3273 4638 3374 4707 qui
3406 4637 3516 4693 hoc
3551 4643 3640 4694 est
3684 4640 3813 4695 sine

378 4725 688 4800 μετέχοντα
715 4725 1016 4802 ἀφθαρσίας
1048 4723 1137 4777 καὶ
1187 4720 1535 4779 ἀναλλοίωτα
1581 4720 1707 4791 περὶ
1741 4719 1909 4789 αὐτὴν
1942 4723 2042 4790 τὴν

376 4814 570 4869 οὐσίαν
634 4813 831 4868 αἰώνια
898 4813 1066 4886 Λέγει,
1118 4809 1225 4865 ε’ίτε
1267 4808 1560 4885 ἀγγέλους,
1623 4805 1729 4862 ε’ίτε
1777 4808 2045 4885 ἀνώτερον

377 4903 631 4978 οὐρανὸν,
675 4904 750 4965 ὡς
796 4901 879 4957 τό·
932 4903 1196 4970 Ἑστησεν
1246 4899 1380 4953 αῦτά
1427 4898 1502 4959 εἰς
1544 4897 1637 4952 τὸν
1689 4895 1897 4964 αἶ’ῶνα,
1955 4899 2046 4951 καὶ

377 4992 458 5054 εἷς
487 4992 579 5047 τὸν
631 4991 800 5046 αἶῶνα
853 4994 952 5046 τοῦ
1004 4989 1223 5054 αἰῶνος,
1278 4988 1364 5042 καὶ
1427 4986 1510 5041 τό’
1571 4987 1653 5041 Τὰ
1715 4986 1790 5058 μὴ
1843 4985 2047 5061 βλεπό-

377 5102 536 5154 μενα,
571 5079 787 5137 αἰώνια.
818 5077 1201 5135 Ἀναλλοίωτα
1234 5075 1292 5132 δέ
1322 5097 1453 5153 φησι
1510 5075 1766 5147 μείναντα
1811 5074 1885 5137 ὠς
1936 5074 2047 5150 ἐγέ-

374 5191 558 5225 νοντο·
609 5171 697 5224 καὶ
750 5167 927 5230 πύλας
977 5166 1199 5229 αἲωνίας
1250 5165 1410 5221 καλεῖ
1459 5162 1566 5219 ε⁷ίτε
1599 5162 1881 5238 οὐρανοὺς,
1942 5163 2049 5219 ε’ἰτε

372 5259 508 5323 τοὺς
554 5255 914 5337 ἐφεστηκότας
960 5255 1178 5318 τούτοις
1227 5252 1528 5331 ἀγγέλους,
1583 5256 1673 5308 οἷα
1729 5251 2044 5328 πυλωροόςο

454 5401 536 5472 (d)
566 5402 741 5458 Hebr.
773 5417 900 5468 xm,
931 5400 986 5456 8.

2157 4730 2415 4792 auctore,
2438 4740 2638 4778 verum
2673 4723 2847 4778 etiam
2882 4725 3022 4779 dicit
3051 4731 3268 4780 aeterna
3298 4743 3426 4795 quas
3459 4728 3815 4800 participant

2155 4813 2682 4882 incorruptionem,
2717 4829 2905 4883 neque
2934 4813 2992 4866 in
3028 4814 3156 4882 ipsa
3185 4816 3443 4869 essentia
3483 4822 3811 4885 mutantur,

2157 4901 2278 4957 sive
2308 4902 2425 4957 sint
2452 4901 2664 4971 angeli,
2688 4903 2810 4956 sive
2833 4902 3044 4956 caelum
3077 4919 3445 4972 supremum,
3471 4905 3660 4958 sicut:
3686 4904 3811 4960 Sta-

2158 4990 2265 5045 tuit
2286 5007 2351 5045 ea
2380 4990 2439 5044 in
2470 4997 2770 5061 aeternum,
2802 4995 2854 5046 et
2902 4993 2965 5045 in
3013 4990 3278 5046 saeculum
3329 4993 3523 5047 saeculi
3566 5000 3632 5060 te)
3655 5013 3677 5057 ,ο
3708 5000 3765 5049 et
3799 5011 3812 5048 :

2159 5081 2295 5148 Quae
2323 5095 2432 5135 non
2471 5082 2753 5149 videntur,
2784 5085 2995 5135 aeterna
3022 5081 3114 5151 (ί).
3150 5081 3326 5136 Porro
3349 5077 3696 5136 ἀναλλοῖωτα
3714 5101 3813 5138 vo-

2159 5173 2252 5224 cat
2300 5186 2428 5240 quzs
2476 5175 2714 5224 manent
2743 5169 2899 5224 sicut
2931 5171 3190 5238 fuerunt,
3237 5176 3295 5224 et
3331 5176 3530 5242 portas
3560 5176 3813 5230 aeternas

2161 5263 2344 5325 vocat,
2380 5260 2500 5314 sive
2556 5257 2755 5323 caelos,
2807 5258 2928 5313 sive
2987 5258 3228 5330 angelos
3280 5260 3378 5331 qui
3412 5259 3497 5316 eis
3527 5269 3809 5333 praesunt,

1090 5398 1164 5471 (e)
1196 5397 1349 5455 Psal.
1380 5413 1610 5468 chvui,
1641 5396 1695 5450 6.
1773 5395 1850 5468 (γ’)
1880 5395 1928 5451 ΙΙ
1959 5395 2089 5453 Cor.
2115 5413 2196 5463 IV,
2229 5397 2313 5453 18.

1402 5549 1644 5605 νΑΗΙλΕ
1685 5547 2072 5604 LECTIONES
2111 5549 2203 5605 ET
2240 5549 2800 5606 CORRECTIONES.

459 5653 508 5688 ³⁸
537 5647 668 5726 ἄχρι
708 5647 900 5712 τέλους
947 5646 1342 5718 διαιωνίζοντα,
1399 5645 1489 5702 καὶ
1541 5644 1630 5701 ἐπὶ
1688 5646 1860 5700 πάντα
1919 5642 2128 5716 διήκειν
2183 5648 2272 5701 καὶ
2334 5647 2602 5722 προϊέναι,
2658 5645 2792 5723 ὅπερ
2850 5645 3032 5710 τέλος.
3114 5651 3182 5686 ¹⁰⁰
3229 5648 3489 5724 ὀνόματα,
3567 5655 3583 5688 ι
3645 5652 3816 5727 παρέ,

391 5736 580 5798 θεμεν.
