4108 6380
362 394 469 450 387

1180 393 1545 451 APPBNDIX
1581 394 1680 449 AD
1716 392 1959 448 OPERA
1992 392 2050 446 Β.
2092 389 2407 466 Diom!
2447 389 2958 447 ARBOPAGITB.

3678 391 3788 447 388

363 521 650 591 tanquam
708 521 1013 591 portarum
1074 517 1391 585 custodes;
1453 520 1511 571 et
1545 515 1791 587 antiqua
1838 529 1981 569 voca

2118 509 2304 566 καὶτὰ
2360 510 2567 589 ἀρχαῖα
2625 508 2684 565 δὲ
2739 510 2939 566 αἰώνια
2984 509 3164 583 καλεῖ,
3219 510 3295 573 ὡς
3350 511 3442 567 καὶ
3498 512 3583 569 τὸ’
3643 513 3778 585 Ἕτη

361 613 599 676 eterna,
633 607 809 676 sicut,
866 607 1052 663 Annos
1080 615 1319 664 aeternos
1366 607 1427 662 in
1464 610 1652 662 mente
1707 603 1878 660 habui
1908 602 2008 675 (ο),

361 700 749 767 nostrumque
778 699 1014 769 tempus
1045 694 1324 750 saeculum
1358 694 1519 763 dicit,
1552 694 1703 750 sicut
1736 694 1912 764 Usque
1941 691 2011 748 ad

356 786 882 841 consummationem
936 784 1132 842 saeculi
1161 784 1239 855 (h)
1265 801 1278 851 ;
1302 787 1360 839 et
1390 800 1402 839 :
1440 785 1503 841 Ut
1541 785 1783 855 eriperet
1820 798 1919 837 nos
1947 787 2012 836 de

354 876 621 947 praesenti
645 874 844 930 saeculo
874 890 1109 946 nequam
1141 874 1226 945 (i);
1270 877 1327 928 et
1354 872 1476 927 vice
1505 888 1693 937 versa,
1726 870 2010 927 saaculum

358 967 598 1035 tempus
624 962 786 1031 dicit,
823 966 884 1017 ut
917 980 930 1016 :
966 967 1072 1033 Ego
1093 962 1454 1018 ressuscitabo
1502 977 1628 1018 eum
1670 962 1729 1016 in
1770 959 2007 1016 novissi-

358 1069 446 1109 mo
475 1053 567 1109 die
595 1051 673 1121 (k)
702 1070 722 1108 :
753 1051 1031 1107 saeculum
1093 1051 1272 1120 enim,
1335 1068 1451 1106 non
1510 1066 1644 1107 vero
1702 1050 1850 1114 dies,
1882 1066 2011 1121 quas

349 1141 412 1198 in
446 1142 876 1198 resurrectione
910 1157 923 1195 :
958 1145 1014 1196 et
1048 1141 1260 1196 iterum
1298 1156 1311 1194 :
1347 1140 1406 1195 In
1439 1141 1635 1212 quibus
1666 1141 1805 1196 Deus
1837 1139 2006 1211 hujus

348 1231 558 1301 saeculi,
586 1232 878 1286 excaecauit
920 1233 1133 1286 mentes
1190 1229 1507 1300 inﬁdelium
1533 1230 1620 1301 (ι),
1653 1237 1829 1300 alque
1858 1233 2003 1283 tem-

347 1337 480 1392 pus,
509 1318 786 1375 saeculum
822 1318 982 1385 dicit,
1020 1322 1081 1372 ut
1115 1335 1127 1372 :
1164 1318 1288 1374 Dies
1336 1319 1539 1376 saeculi
1566 1318 1710 1390 (m);
1749 1326 1806 1373 et
1854 1318 2003 1372 Moa-

341 1409 475 1465 bites
502 1418 554 1464 et
584 1409 918 1464 Ammonites
947 1408 1114 1462 etiam
1141 1411 1265 1479 post
1286 1406 1558 1463 decimam
1587 1408 2002 1475 generationem

335 1515 444 1556 non
478 1498 766 1553 intrabunt
816 1497 1120 1552 Ecclesium
1167 1497 1406 1562 Domini,
1463 1497 1527 1550 in
1571 1500 1848 1552 aeternum
1898 1499 1995 1565 (n).

335 1592 484 1644 Nam
516 1588 718 1642 decem
747 1585 1161 1658 generationes
1204 1583 1486 1641 saeculum
1546 1584 1708 1639 dicit.
1767 1583 1949 1638 Aliter
1979 1599 1992 1638 :

336 1682 461 1733 Non
484 1681 731 1750 oportet,
766 1676 978 1749 inquit,
1013 1676 1112 1732 ubi
1144 1674 1451 1747 Scriptura
1500 1672 1780 1729 saeculum
1831 1672 1993 1743 dicit,

337 1765 576 1822 omnino
607 1765 974 1822 divinitatem
1004 1764 1330 1835 intelligam
1355 1781 1367 1818 :
1394 1763 1507 1820 hoc
1531 1763 1689 1819 enim
1721 1766 1810 1818 est
1839 1763 1993 1820 213

2123 597 2321 654 αἰώνια
2377 597 2675 672 ἐμνήσθην·
2725 599 2945 656 καὶτὸν
3003 601 3122 665 καθ’
3172 601 3321 673 ἡμᾶς
3380 600 3583 677 χρόνον
3612 601 3782 657 αἰῶνά

2122 709 2307 765 φησιν,
2342 689 2415 751 ὡς
2442 684 2526 744 τό·
2560 691 2706 751 Ἕως
2760 695 2865 759 τῆς
2919 687 3227 752 συντελείας
3255 692 3353 744 τοῦ
3411 688 3629 755 αἰῶνος
3687 691 3780 746 καὶ

2118 778 2203 833 τό·
2234 779 2420 841 Ὅπως
2450 777 2700 852 ἐξέληται
2730 780 2878 852 ἡμᾶς
2912 779 3017 834 ἀπὸ
3068 782 3165 832 τοῦ
3225 778 3517 841 ἐνεστῶτος
3572 780 3774 843 αἰῶνος

2120 872 2388 944 πονηροῦ·
2434 868 2524 923 καὶ
2564 866 2858 939 ἀνάπαλιν,
2899 868 2992 923 τὸν
3045 866 3219 923 αἰῶνα
3248 868 3451 944 χρόνον
3481 867 3647 944 λέγει,
3704 870 3781 933 ὡς

2118 957 2202 1012 τό·
2272 956 2413 1033 Ἐγώ
2470 958 2761 1029 ἀναστήσω
2817 957 2978 1013 αὐτὸν
3038 957 3091 1013 ἰν
3145 961 3215 1031 τῇ
3274 956 3480 1033 ἐσχάτῃ
3539 958 3728 1035 ἡμέρᾳ
3759 979 3773 993 ·

2120 1045 2253 1101 αἰὼν
2290 1046 2411 1123 γὰρ,
2458 1044 2589 1102 ἀλλ’
2636 1046 2742 1125 οὐχ
2789 1048 2993 1121 ἡμέρα,
3024 1047 3091 1102 τὰ
3138 1045 3190 1101 ἰν
3221 1049 3289 1112 τῆ
3323 1047 3628 1103 ἀναστάσει·
3682 1048 3777 1103 καὶ

2117 1135 2305 1191 πάλιν
2365 1137 2451 1194 Ἐν
2513 1139 2594 1200 οἷς
2652 1138 2680 1192 6
2712 1138 2840 1199 Θεὸς
2895 1141 2993 1192 τοῦ
3022 1136 3223 1199 αἰῶνος
3254 1135 3454 1190 τούτου
3493 1133 3775 1211 ἐτύφλωσε

2113 1226 2181 1280 τὰ
2208 1228 2461 1299 νοήματα
2505 1230 2611 1281 τῶν
2667 1225 2929 1282 ἀπίστωνο
2980 1226 3070 1281 καὶ
3113 1227 3204 1281 τὸν
3253 1226 3451 1301 χρόνον
3486 1223 3544 1280 δὲ
3600 1224 3773 1281 αἰῶνά

2113 1335 2302 1391 φησιν,
2360 1315 2435 1377 ὡς
2489 1314 2571 1369 τό·
2632 1315 2701 1371 Αἰ
2754 1315 2957 1391 ἡμέραι
2987 1318 3083 1369 τοῦ
3114 1314 3335 1382 αἰῶνος,
3399 1313 3511 1369 καί·
3540 1308 3772 1370 Μωαϐί-

2108 1424 2209 1474 της
2266 1403 2357 1458 καὶ
2417 1402 2718 1476 Ἀμανίτης
2751 1403 2852 1458 οὐκ
2880 1401 3278 1459 εἰσελεύσονται
3339 1401 3415 1465 εἰς
3467 1403 3561 1458 τὸν
3621 1402 3772 1459 οἰκον

2110 1493 2313 1567 Κυρίου
2359 1488 2464 1554 ἕως
2495 1489 2729 1563 δεκάτητ
2761 1498 2945 1568 γενεᾶς
3004 1491 3082 1554 εἰς
3136 1491 3231 1548 τὸν
3289 1490 3477 1547 αἰῶνα·
3536 1490 3632 1554 τὰς
3663 1493 3769 1569 γὰρ

2109 1577 2239 1635 δέκα
2265 1582 2448 1657 γενεὰς
2479 1577 2650 1635 αἰῶνᾶ
2690 1602 2877 1656 φησιν.
2925 1579 3178 1643 ’Δλλως·
3240 1580 3317 1638 Οὐ
3376 1580 3516 1656 χρὴ,
3575 1580 3767 1656 φησὶν,

2106 1662 2283 1739 ἔνθαή
2318 1670 2503 1745 Γραφή
2549 1669 2772 1724 αἰώνιον
2806 1668 2978 1745 λέγει,
3038 1668 3252 1731 πάντως
3298 1670 3361 1724 τὸ
3392 1671 3539 1724 θεῖον
3593 1675 3762 1724 νοεῖν·

2102 1762 2264 1813 τοῦτο
2296 1758 2401 1834 γάρ
2433 1756 2544 1814 ἐστι
2572 1759 2634 1814 τὸ
2665 1759 2838 1829 πάντη
2871 1757 2963 1813 καὶ
2992 1756 3306 1827 ἀπολύτως,
3348 1760 3597 1814 τουτέστι
3626 1759 3767 1814 κατὰ

335 1851 509 1923 πύντη
542 1859 599 1911 et
626 1850 944 1922 ἀπολάτως,
978 1853 1133 1909 idem
1188 1853 1517 1908 secundum
1568 1869 1802 1908 omnem
1854 1868 1984 1907 sen-

2102 1853 2275 1904 πᾶσαν
2324 1846 2560 1919 ἔννοιαν,
2589 1848 2876 1924 ἀγέννητον
2908 1847 2998 1903 καὶ
3032 1844 3231 1903 ἆῗδιοψ
3269 1845 3417 1904 ἀλλὰ
3462 1850 3551 1904 καὶ
3602 1848 3763 1924 ἀγγέ-

335 1960 491 2011 sum,
533 1943 864 2016 ingenitum
897 1960 963 1997 ac
995 1946 1276 1998 aeternum
1314 1942 1680 2013 :quinetiam
1713 1941 1813 1998 tali
1859 1941 1983 1998 dic-

333 2035 495 2088 tione
526 2031 719 2103 angeli
750 2032 1184 2103 signiﬁcantur,
1209 2035 1274 2087 ut
1305 2031 1405 2102 qui
1438 2031 1495 2085 in
1530 2030 1838 2088 identitate
1855 2047 1986 2104 per-

335 2137 602 2177 severare
633 2124 908 2192 possunt.

407 2211 795 2266 AEternitatem
832 2217 1237 2266 consecuturos.
1292 2209 1457 2266 Hunc
1516 2209 1690 2266 etiam
1754 2210 1983 2266 Patrem

331 2300 597 2371 accipere
627 2299 1033 2368 aeternitatem,
1066 2299 1396 2354 secundum
1447 2298 1789 2372 Gregorium
1823 2301 1982 2355 theo-

330 2386 558 2460 logum,
606 2403 709 2458 pro
750 2387 1146 2445 declarations
1200 2388 1490 2460 perpetui,
1523 2404 1625 2445 seu
1668 2389 1797 2459 ejus
1827 2389 1981 2460 quod

332 2493 567 2547 semper
593 2492 724 2531 esse
755 2475 993 2533 dicitur.
1893 2470 1901 2479 ’

404 2564 721 2633 Quinetiam
777 2579 959 2622 aevum
989 2566 1290 2637 temporale
1316 2566 1640 2621 celebratur.
1671 2565 1984 2623 Eternitas

329 2652 391 2708 in
423 2658 707 2725 tempore,
770 2658 836 2707 ut
893 2653 1139 2725 psalmis
1173 2672 1187 2711 :
1221 2654 1515 2709 Laboravit
1571 2657 1629 2711 in
1685 2664 1979 2726 aeternum,

325 2746 379 2796 et
409 2742 551 2797 vivet
583 2744 641 2797 in
665 2743 832 2812 ﬁnem
860 2742 957 2814 (0).
983 2748 1286 2799 zEternum
1318 2749 1514 2800 autem
1550 2748 1807 2817 tempus,
1851 2762 1978 2817 quae

322 2831 477 2903 apud
500 2830 875 2903 Apostolum,
908 2832 1086 2887 veluti
1111 2850 1123 2888 ε
1149 2834 1287 2889 Ante
1306 2841 1551 2906 tempora
1576 2835 1851 2890 secularia
1868 2835 1977 2905 (p);

324 2924 380 2976 et
400 2936 412 2974 :
436 2921 784 2992 Temporibus
803 2923 1043 2978 aeternis
1083 2924 1241 2979 taciti
1269 2922 1364 2996 (q).
1398 2924 1557 2979 Acin
1599 2923 1826 2995 Moyse:
1857 2925 1980 2979 Erit

323 3010 427 3065 tibi
449 3026 724 3081 possessus
755 3012 820 3066 in
847 3019 1144 3069 aeternum.
1173 3012 1319 3069 Nota
1350 3029 1501 3080 vero,
1553 3010 1835 3068 saeculum
1886 3013 1976 3068 fu-

323 3102 525 3154 turum
559 3115 685 3155 esse
714 3099 1121 3175 incorruptum
1147 3107 1206 3159 et
1227 3118 1460 3174 semper
1489 3102 1695 3158 eadem
1719 3102 1891 3159 modo
1915 3118 1977 3158 se

324 3186 564 3244 habere.

389 3278 631 3334 Tametsi
655 3280 863 3335 scimus
892 3280 959 3335 ab
991 3281 1140 3352 ipsis.
1177 3280 1328 3353 Ipsis
1386 3279 1657 3336 videlicet
1699 3280 1922 3339 sanctis
1954 3298 1967 3337 :
2004 3250 2048 3319 Ο

313 3372 455 3423 nota
486 3372 682 3424 autem
709 3370 865 3440 quod
888 3369 1309 3442 intelligibilia,
1331 3369 1490 3426 entia
1539 3374 1726 3441 vocat,
1758 3370 1975 3442 quibus

316 3456 495 3513 etiam
527 3458 912 3514 mternitatem
947 3464 1367 3528 connumerat;
1413 3458 1660 3516 sensilia
1680 3475 1837 3532 vero,
1871 3476 1973 3533 ge—

320 3545 681 3601 nerationem
717 3546 861 3602 dicit
883 3564 1135 3618 quorum
1159 3548 1337 3603 etiam
1375 3554 1613 3620 tempus
1645 3565 1776 3606 esse
1796 3548 1975 3622 signia

316 3634 470 3690 ﬁcat.
495 3634 627 3691 Hec
649 3636 898 3707 perfecte
919 3636 1103 3694 habes
1133 3638 1193 3692 in
1220 3637 1410 3709 capite
1441 3638 1669 3710 quinto.

384 3723 500 3778 Non
532 3725 867 3795 simpliciter
898 3729 1172 3784 coartet-na
1212 3727 1338 3782 Deo.
1388 3726 1841 3797 Sapientissime
1887 3744 1974 3783 se-

317 3828 524 3868 curum
558 3813 749 3869 reddit
779 3815 1109 3871 auditorem
1140 3815 1201 3870 in
1235 3815 1535 3888 religione,
1571 3816 1809 3873 discens
1858 3833 1972 3871 non

312 3901 525 3957 debere
584 3902 903 3958 existimari
964 3920 1033 3960 ea
1082 3920 1211 3975 quia
1259 3910 1477 3961 aeterna
1507 3905 1811 3971 dicuntur,
1843 3905 1975 3961 ideo

311 4005 444 4045 esse
476 3995 590 4046 Deo
631 4001 916 4049 coaeterna
965 3993 1067 4064 qui
1118 3999 1210 4050 est
1264 3999 1398 4050 ante
1456 3994 1693 4051 saecula.
1724 3994 1796 4050 Et
1841 3994 1969 4065 jam

314 4080 552 4151 quidem
588 4097 769 4152 supra
796 4081 1079 4153 diximus,
1103 4087 1388 4139 aeternum
1422 4084 1655 4156 proprie
1688 4083 1826 4151 dici,
1852 4099 1969 4138 non

313 4168 503 4240 ipsam
535 4170 945 4238 aeternitatem,
981 4172 1078 4227 sed
1113 4173 1269 4243 quod
1303 4172 1686 4229 aeternitatem
1733 4172 1976 4244 partici-

313 4263 416 4329 pat
439 4274 452 4311 :
477 4274 613 4329 ergo
638 4276 765 4332 quae
791 4258 1190 4332 intelligibilia
1219 4262 1453 4334 proprie
1474 4266 1532 4318 et
1552 4261 1735 4328 entia,
1762 4266 1827 4317 ut
1849 4278 1975 4333 quea

314 4348 518 4403 effecta
542 4353 684 4404 sunt
706 4349 1088 4419 immortalia,
1119 4354 1176 4407 et
1212 4356 1452 4423 aeterna,
1480 4356 1545 4407 ut
1579 4368 1710 4423 quae
1753 4351 1846 4407 Dei
1876 4368 1975 4408 vo-

312 4435 540 4492 luntate
570 4437 697 4493 sine
760 4438 874 4494 fine
922 4444 1292 4511 permanent,
1324 4441 1518 4497 dicere
1547 4444 1796 4512 oportet,
1845 4447 1975 4497 tan-

312 4542 492 4597 quam
523 4530 580 4583 et
608 4543 642 4583 a
671 4526 787 4583 Deo
838 4529 1146 4599 producta,
1189 4545 1324 4585 cum
1373 4530 1539 4600 prius
1590 4547 1706 4585 non
1752 4535 1972 4587 essent.

2100 1936 2236 2001 λους
2266 1942 2336 2003 τῆ
2358 1938 2585 2012 τοιαύτῃ
2613 1934 2752 2009 λέξει
2777 1935 3157 2011 σημαίνεσθαι,
3184 1937 3259 2000 ὡς
3291 1937 3355 1993 τὸ
3384 1935 3439 1993 ἐν
3464 1935 3762 2008 ταυτότητι

2096 2024 2365 2102 διαμένειν
2388 2021 2637 2102 ἔχοντας.

2167 2207 2374 2270 Αἰῶνος
2424 2207 2682 2280 μεθέξειν.
2728 2208 2851 2264 ’Ότι
2897 2208 2987 2262 καὶ
3040 2203 3197 2279 οὗτος
3245 2208 3274 2262 ὁ
3322 2207 3510 2283 Πατὴρ
3570 2205 3753 2263 αἰῶνα

2094 2291 2358 2369 λαμϐάνει
2388 2297 2526 2351 κατὰ
2544 2297 2633 2351 τὸν
2665 2291 2928 2369 θεολόγον
2961 2295 3289 2372 Γρηγόριον,
3311 2299 3410 2351 τοῦ
3438 2292 3752 2367 διηνεκοῦς,

2092 2381 2265 2460 ἤγουν
2296 2389 2392 2439 τοῦ
2423 2384 2505 2441 ἀεὶ
2537 2384 2796 2454 εἶναιτὴν
2828 2381 3096 2456 δήλωσιν.

2165 2567 2259 2624 Καὶ
2292 2564 2561 2642 ἕγχρονος
2621 2564 2753 2621 αἰὼν
2787 2563 3090 2640 δοξάζεται.
3122 2571 3433 2642 ’Έγχρονος
3493 2564 3627 2621 αἰὼν
3684 2567 3750 2622 τὸ

2090 2655 2143 2711 ἐν
2202 2654 2469 2730 ψαλμοῖς
2510 2656 2827 2711 Ἐκοπίασεν
2886 2654 2962 2718 εἰς
2998 2655 3092 2711 τὸν
3151 2655 3323 2711 αἰῶνα
3378 2657 3467 2711 καὶ
3530 2657 3750 2727 ζήσεται

2089 2745 2166 2808 εἰς
2197 2743 2375 2807 τέλος.
2409 2745 2650 2808 Αἷώνιος
2681 2742 2739 2800 δὲ
2769 2739 2974 2821 χρὸνος
3001 2744 3071 2801 τὰ
3097 2744 3244 2819 παρά
3291 2748 3372 2817 τῷ
3404 2743 3750 2818 Ἀποστόλῳ,

2089 2838 2206 2890 οἷον
2233 2836 2316 2890 τόο
2352 2835 2466 2911 ΙΙρὸ
2496 2833 2714 2911 ’χρόνων
2748 2834 3009 2906 αἰωνίων,
3055 2833 3166 2889 καί’
3226 2834 3465 2907 Χρόνοις
3509 2832 3749 2897 αἰωνίοις

2089 2923 2472 2999 σεσιγημένου·
2504 2923 2593 2978 καὶ
2624 2922 2677 2977 έν
2712 2925 2902 2981 Μωσεῖ
2929 2923 3013 2977 τό·
3066 2923 3252 2977 Ἔσται
3302 2943 3388 2977 σοι
3436 2920 3743 2998 κατόχιμος

2087 3011 2164 3075 εἰς
2212 3012 2303 3067 τὸν
2349 3011 2539 3067 αἰῶνα.
2591 3009 2913 3084 Σημείωσαι
2968 3008 3048 3081 δὲ,
3093 3012 3178 3066 ὅτι
3209 3008 3483 3089 ἄφθαρτος
3508 3010 3603 3068 καὶ
3657 3010 3738 3067 ἀεὶ

2086 3098 2344 3163 ὡσαύτως
2372 3095 2518 3176 ἔχων
2547 3100 2575 3155 6
2610 3097 2831 3173 μέλλων
2863 3099 3021 3157 αἰών.

2157 3284 2226 3339 Ἥ
2259 3282 2345 3337 καὶ
2402 3278 2615 3355 μᾶλλον
2662 3277 2818 3353 ἴσμεν
2867 3279 3078 3344 αὐτοῖς.
3136 3280 3337 3345 Αὐτοῖς
3392 3287 3511 3347 τοῖς
3561 3283 3741 3357 ἁγίοις

2085 3368 2369 3443 δηλονότι.
2430 3369 2751 3443 Σημείωσαι
2806 3366 2886 3441 δὲ,
2919 3368 3002 3425 ὅτι
3033 3371 3102 3425 τὰ
3129 3370 3321 3441 νοητὰ,
3381 3366 3512 3425 ὄντα
3560 3370 3742 3442 καλεῖ,

2084 3464 2167 3524 οἷς
2198 3459 2287 3517 καί
2317 3460 2409 3516 τὸν
2444 3459 2617 3514 αἰῶνα
2647 3460 2986 3535 συναριθμεῖ·
3023 3461 3088 3514 τὰ
3118 3456 3176 3515 δὲ
3222 3458 3478 3529 αἰσθητὰ,
3535 3460 3746 3535 γένεσιν

2083 3549 2274 3626 λέγει,
2328 3547 2402 3605 ὧν
2456 3550 2548 3604 καὶ
2602 3548 2695 3604 τὸν
2760 3547 2964 3624 χρόνον
3028 3548 3162 3604 εἶναι
3221 3549 3514 3624 σημαίνει.
3565 3554 3745 3606 Ταῦτα

2081 3639 2309 3702 τελείως
2340 3634 2487 3714 ἔχεις
2520 3637 2573 3693 έν
2602 3635 2884 3716 κεφαλαίῳ
2915 3638 3171 3711 πέμπτῳ.

2156 3727 2281 3802 Οὐχ
2336 3726 2528 3789 ἁπλῶς
2586 3723 2834 3782 συναίδια
2886 3731 3039 3799 Θεῷ.
3111 3729 3413 3805 Σοφώτατα
3465 3747 3748 3806 κατασφα-

2084 3813 2289 3885 λίζεται
2318 3815 2410 3869 τὸν
2439 3815 2708 3889 ἀκροατὴν
2744 3815 2821 3875 εἰς
2849 3809 3145 3884 εὐσέϐειαν,
3199 3816 3420 3893 φάσκων
3459 3816 3537 3888 μὴ
3597 3821 3747 3891 χρῆ-

2083 3926 2169 3959 ναι
2220 3903 2465 3958 ὑπονοεῖν
2518 3903 2588 3957 τὰ
2644 3901 2914 3979 λεγόμενα
2963 3902 3180 3977 αἰώνια,
3238 3903 3375 3959 κατὰ
3429 3907 3593 3959 τοῦτο
3650 3904 3747 3958 καὶ

2086 3989 2331 4048 ωναίδια
2379 3994 2518 4047 εἶναι
2560 3996 2677 4064 Θεῷ
2723 3996 2803 4064 τῷ
2855 3993 2963 4069 πρὸ
3013 3993 3262 4049 αἰώνων.
3318 3992 3419 4048 Καὶ
3471 3990 3582 4063 ἤδη
3646 3993 3744 4066 μὲν

2084 4084 2189 4159 γὰρ
2221 4079 2331 4137 ἄνω
2362 4080 2655 4157 εἰρήκαμεν
2686 4081 2903 4136 αἰώνιον
2953 4080 3208 4157 λέγεσθαι
3260 4081 3465 4158 κυρίως
3498 4081 3600 4138 οὐκ
3642 4082 3741 4137 αὖ·

2082 4174 2174 4229 τὸν
2206 4172 2298 4227 τὸν
2330 4170 2524 4243 αἰῶνα,
2557 4169 2704 4226 ἀλλὰ
2748 4171 2810 4226 τὸ
2859 4170 3063 4233 αἰῶνος
3116 4169 3370 4248 μετέχον·
3424 4170 3621 4228 οὐκοῦν
3679 4171 3751 4227 τὰ

2084 4262 2254 4332 νοητὰ
2307 4261 2512 4336 κυρίως
2562 4258 2651 4315 καὶ
2706 4254 2835 4315 ὅντα
2892 4260 2969 4321 ὡς
3028 4259 3269 4316 ἀθάνατα
3314 4259 3603 4337 γενόμενα,
3655 4260 3751 4316 καὶ

2086 4351 2283 4407 αἰώνια
2312 4350 2386 4411 ὠς
2416 4347 2749 4419 άτελεότητα
2776 4346 3041 4424 βουλήσει
3074 4354 3210 4404 Θεοῦ
3243 4346 3574 4422 διαμένοντα
3633 4351 3750 4425 χρή

2087 4440 2287 4516 λέγειν,
2320 4440 2411 4493 ἅτε
2456 4439 2548 4492 καὶ
2601 4436 2950 4514 παραχθέντα
3004 4438 3109 4493 ὑπὸ
3158 4442 3319 4510 Θεοῦ,
3365 4437 3427 4493 οὗ
3484 4437 3751 4515 πρότερον

2088 4526 2232 4584 ὅντω
2283 4527 2650 4603 κυριολεκτῶν
2687 4524 2746 4580 δὲ
2775 4524 3039 4599 μάλιστα,
3068 4529 3137 4582 τὰ
3180 4532 3288 4583 τῶν
3346 4529 3474 4603 παρ’
3500 4525 3751 4599 Ἕλλησι

312 4616 558 4670 Maxime
586 4631 721 4670 vero
755 4617 1011 4687 propriis
1047 4622 1215 4673 utens
1247 4617 1629 4684 dictionibus,
1654 4635 1781 4689 quae
1812 4621 1967 4691 apud

2102 4615 2395 4694 ηλοσὸφων
2458 4615 2629 4689 σεμνᾶ
2689 4613 2905 4692 μετάγει
2955 4615 3045 4670 ἐπὶ
3088 4617 3188 4686 τὴν
3241 4611 3518 4672 εὐσέϐειαν
3571 4616 3751 4695 ἀσφα-

310 4702 701 4775 philosophos
731 4721 953 4775 graecos
985 4722 1200 4760 arcana
1229 4705 1581 4772 veneranda,
1635 4706 1764 4763 sine
1823 4708 1974 4779 peri-

312 4793 441 4848 culo
473 4794 545 4849 ad
579 4792 921 4864 religionem
979 4794 1239 4850 traducit
1292 4812 1305 4849 :
1348 4793 1492 4849 dicit
1551 4796 1773 4866 itaque,
1819 4798 1976 4853 entia

312 4882 554 4952 quidem
585 4898 715 4939 esse
737 4900 803 4938 ac
825 4888 1061 4949 aeterna,
1088 4881 1465 4953 incorporeas
1517 4885 1764 4941 virtutes
1796 4903 1829 4942 a
1860 4887 1976 4943 Deo

315 4976 543 5027 creatas
568 4989 680 5028 non
724 4981 921 5027 tamen
962 4971 1078 5027 Deo
1105 4977 1450 5039 comternas,
1475 4973 1630 5029 sicut
1649 4974 1829 5030 (ἓνωοὶ
1864 4992 1975 5030 nu-

316 5067 555 5132 gantur,
589 5061 780 5116 Simul
813 5059 989 5128 Deus,
1024 5059 1201 5115 simul
1233 5061 1434 5115 omnia
1480 5062 1786 5132 dicentes;
1835 5071 1977 5120 sunt

316 5157 515 5205 autem
548 5166 675 5220 quae
696 5150 1027 5220 gignuntur
1047 5148 1192 5219 haec,
1214 5150 1425 5217 inquit,
1453 5155 1685 5206 terrena
1707 5169 1973 5225 corpora,

315 5254 443 5309 quas
474 5243 533 5295 et
572 5239 1008 5308 generationem
1068 5243 1127 5294 et
1182 5239 1621 5311 corruptionem
1655 5241 1973 5313 appellant,

387 5390 463 5518 (ἓ)
495 5390 646 5447 Psal.
677 5407 860 5456 LXXVI,
890 5392 945 5447 6.
1024 5392 1100 5465 (Ιι)
1130 5392 1335 5448 Matth.
1366 5410 1562 5460 xxvm,
1593 5396 1683 5450 20.

313 5461 407 5517 lac
458 5504 470 5518 .
506 5480 592 5518 ιιι.
626 5463 659 5518 4
733 5462 814 5518 (ni
849 5464 1010 5518 Deut.
1042 5481 1203 5518 χχιιι.
1234 5465 1287 5518 3.
1365 5465 1440 5518 (oi
1474 5465 1624 5518 Psal.
1658 5484 1683 5518 ιι

506 5480 592 5533 ιιι,
626 5463 659 5518 4
733 5462 814 5535 (n)
849 5464 1010 5521 Deut.
1042 5462 1203 5537 mu,
1234 5465 1287 5520 3.
1365 5465 1440 5538 (0)
1473 5465 1624 5522 Psal.
1658 5462 1851 5537 mni,
1883 5469 1937 5525 9.

1763 5396 1829 5468 (i)
1861 5397 2050 5455 Galat.
2072 5415 2113 5467 1,
2148 5399 2200 5453 4.

2015 5470 2093 5543 (p)
2118 5470 2230 5526 Tit.
2263 5485 2306 5538 ι,
2335 5471 2390 5524 2.
2467 5467 2544 5540 (q)
2575 5467 2741 5523 Rom.
2774 5484 2890 5535 xvx,
2920 5468 3015 5523 25.

2088 4709 2223 4771 λῶς.
2257 4706 2431 4777 Φησὶν
2454 4705 2571 4772 οὗν,
2602 4700 2734 4758 ὄντα
2760 4704 2855 4777 μὶν
2887 4705 3023 4760 εἰναι
3064 4705 3154 4760 καὶ
3202 4705 3400 4761 αἰώνια
3457 4706 3555 4767 τὰς
3610 4706 3756 4762 ἀσω-

2091 4794 2396 4872 ματώδεις²
2450 4792 2710 4867 δυνάμεις
2768 4793 2872 4848 ὑπὸ
2927 4799 3061 4849 Θεοῦ
3094 4792 3614 4871 δημιουργηθείσας,
3683 4795 3753 4851 οὔ

2090 4887 2198 4961 μὴν
2221 4881 2530 4946 συναϊδίους
2559 4886 2696 4954 Θεῷ,
2731 4883 2805 4946 ὡς
2855 4880 3129 4954 Ἓλληνες
3164 4881 3533 4960 ληρῳδοῦσιν,
3594 4887 3755 4958 ’Ἅμα

2087 4978 2238 5045 Θεὸς,
2300 4977 2415 5048 ἅμα
2468 4973 2661 5037 πάντα,
2694 4970 2969 5047 λέγοντες.
3004 4972 3123 5031 Εἰσὶ
3158 4970 3216 5028 δὶ
3253 4974 3341 5029 καὶ
3391 4974 3461 5029 τὰ
3486 4973 3756 5049 γινόμενα

2084 5071 2274 5134 ταῦτα,
2308 5063 2464 5139 φησὶ,
2496 5064 2563 5118 τὰ
2593 5062 2856 5138 πρόσγεια
2897 5064 3149 5136 σώματα,
3210 5062 3243 5118 ἃ
3282 5063 3372 5119 καὶ
3403 5064 3608 5140 γένεσιν
3657 5063 3754 5118 καὶ

2087 5156 2292 5234 φθορὰν
2340 5153 2726 5226 ὀνομάζουσιν,
2787 5153 2862 5214 ὡς
2908 5156 3009 5218 τῆς
3062 5153 3416 5226 ὑποστάθμης
3466 5148 3594 5208 ὄντα
3646 5160 3752 5222 τῆς

2086 5245 2248 5314 ὕλης,
2304 5243 2394 5298 καὶ
2452 5240 2737 5316 παχύτερα
2794 5240 2971 5297 πάντα
3024 5241 3093 5297 τὰ
3153 5241 3289 5314 μετὰ
3337 5239 3753 5313 σελήνην.Εἰσὶ

2281 5397 2354 5466 (k)
2384 5396 2555 5454 Joan.
2587 5412 2664 5461 v1,
2694 5395 2788 5450 55.
2868 5396 2929 5467 (ι)
2974 5396 3021 5451 Il
3073 5394 3203 5452 Cor.
3238 5396 3396 5463 ιν,4.
3473 5394 3574 5467 (m)
3626 5394 3746 5450 Ma-

1329 5619 1564 5677 VARI/E
1604 5619 1998 5681 LECTIONES
2037 5623 2130 5681 ET
2169 5619 2734 5682 CORREGTIONES.

394 5720 416 5755 ²
443 5719 787 5796 ἀσωμάτους.
