4108 6400
312 449 422 505 389

1065 449 1125 502 Β.
1166 445 1438 500 ΜΔΧῙΜῙ
1475 444 1784 501 SCHOLIA
1819 443 1897 497 IN
1934 443 1977 496 L

2109 444 2206 497 DE
2243 444 2516 498 DIVINIS
2555 441 2974 499 NOMINIBUS.

3629 445 3737 501 390

313 571 372 630 δὲ
405 573 546 646 μέσα
574 571 722 642 ὄντα,
753 570 882 641 ἤτοι
916 569 1151 625 αἰωνίων
1199 569 1290 623 καὶ
1335 567 1662 642 γενομένων,
1693 563 1819 635 ἤτοι
1866 585 1973 620 πα-

2094 566 2240 622 velut
2261 583 2328 622 ea
2349 583 2480 639 quae
2508 567 2565 621 in
2600 567 2867 638 subjecta
2888 567 3179 624 exsistunt
3208 571 3454 626 materia
3477 571 3546 626 ad
3582 586 3740 625 cras-

315 663 569 738 χυτὲρων
600 661 690 716 καὶ
739 658 1045 735 προσγείων
1099 655 1390 730 σωμάτων,
1413 660 1523 710 τῶν
1575 654 1877 730 γινομένων
1918 674 1978 708 τε

311 752 406 806 καὶ
464 748 876 826 ἀπογινομένων
932 751 1150 808 πυκνῶς
1211 745 1288 808 εἷς
1347 744 1549 820 γένεσιν
1609 743 1696 798 καὶ
1748 743 1973 822 φθορὰν,

310 844 466 897 ἅτινα
527 839 664 914 μέσα
719 838 927 894 τούτων
979 842 1208 909 σώματα
1257 835 1351 908 μέν
1391 833 1609 889 εἰσικαὶ
1641 832 1794 901 αὐτὰ,
1826 830 1973 900 πλὴν

308 931 400 986 καὶ
434 929 637 994 αἰῶνος
671 927 987 1003 μετέχουσι,
1018 925 1109 980 καὶ
1143 925 1348 1001 χρόνου
1380 928 1564 984 ποσῶς
1599 943 1612 956 ·
1644 922 1711 978 τὰ
1743 919 1800 976 δὲ
1840 922 1978 994 μέσα

311 1019 472 1090 εἰσὶν,
509 1019 736 1094 οὐρανὸς
786 1017 876 1072 καὶ
917 1014 1138 1087 ἀστέρες
1187 1015 1380 1076 πάντες
1409 1031 1421 1045 ·
1468 1013 1697 1084 σώματα
1739 1009 1842 1085 γὰρ
1884 1008 1976 1064 καὶ

305 1114 504 1178 ταῦτα,
546 1107 590 1162 εἰ
622 1105 712 1161 καὶ
744 1104 1237 1180 λεπτομερέστερα,
1270 1102 1360 1158 καὶ
1389 1109 1490 1170 τῆς
1528 1100 1668 1171 ὕλης
1721 1100 1784 1154 τὸ
1833 1099 1976 1154 εἰλι-

305 1195 680 1269 κρινέστατον,
716 1191 791 1255 ὥς
837 1213 999 1271 φησιν
1055 1192 1084 1246 6
1122 1187 1481 1260 Ἀπόστολος,
1515 1190 1757 1261 Σώματα
1810 1186 1976 1242 ἐπου-

317 1287 480 1362 ράνια
537 1282 628 1338 καὶ
685 1283 914 1356 σώματα
974 1279 1230 1354 ἐπίγεια·
1292 1279 1406 1334 εἶτα
1463 1277 1796 1353 σαφηνίζων,
1845 1276 1978 1331 ποῖά

315 1374 480 1443 εἰσιν,
512 1371 696 1447 ἐπάγει
736 1391 748 1404 ·
779 1369 960 1440 ’Ἄλλη
991 1367 1119 1440 δόξα
1149 1367 1339 1438 ἡλίου,
1371 1368 1462 1422 καὶ
1522 1365 1669 1437 άλλη
1711 1362 1839 1439 δόξα
1887 1387 1976 1421 σε-

310 1463 519 1534 λήνης,
550 1462 642 1516 καὶ
694 1457 842 1530 ἄλλη
895 1456 1022 1531 δόξα
1068 1457 1332 1533 ἀστέρων.
1387 1459 1443 1510 Ὀ
1496 1457 1590 1529 μὲν
1638 1456 1728 1510 οὖν
1772 1456 1978 1510 ἀνώτε-

311 1573 410 1629 ρος
447 1551 676 1623 οὐρανὸς
717 1549 770 1604 έν
812 1553 932 1610 τοῖς
978 1547 1139 1602 αἰῶσι
1189 1545 1384 1622 γέγονε
1411 1546 1503 1600 καὶ
1533 1548 1568 1614 ἡ
1599 1551 1669 1621 γῆ
1691 1563 1708 1579 ·
1732 1544 1840 1620 πρὸ
1870 1545 1975 1619 γὰρ

309 1646 414 1696 τοῦ
466 1639 773 1700 κτισθέντος
823 1637 1003 1713 φωτὸς
1070 1641 1169 1691 τοῦ
1232 1635 1323 1690 γαὶ
1384 1635 1594 1710 ἡμέρας
1653 1632 1975 1704 κληθέντος,

311 1727 412 1797 ἑδη
427 1729 872 1802 μιουργήθησαν,
904 1725 978 1788 ὥς
1007 1747 1140 1803 φησι
1173 1726 1418 1793 Μωῦσῆς
1453 1743 1466 1755 ·
1513 1722 1566 1778 ἐν
1616 1728 1732 1785 τοῖς
1784 1743 1976 1797 χροιι-

305 1824 434 1880 κοῖς
486 1816 840 1888 διαστήμασι,
879 1815 942 1870 τὸ
991 1815 1274 1889 στερέωμα
1316 1813 1404 1868 καὶ
1457 1813 1510 1866 οἱ
1558 1811 1796 1886 ἀστέρες,
1827 1809 1974 1880 πλὴν

309 1907 412 1964 κᾶν
469 1906 700 1977 σώματα
747 1905 838 1960 καὶ
883 1901 1121 1979 ἕγχρονα
1153 1921 1166 1935 ⁸
1215 1901 1320 1957 εἰσὶ
1366 1902 1467 1976 γὰρ
1534 1901 1624 1955 καὶ
1688 1901 1830 1956 ἁπτὰ
1887 1899 1977 1954 καὶ

321 1995 519 2070 ὁρατὰ,
553 1992 706 2066 ὅμως
739 1992 933 2046 αἰώνια
963 1986 1201 2059 ἔσονται,
1236 1991 1523 2063 μεθέξοντα
1568 1989 1658 2044 καὶ
1708 1988 1844 2044 αὐτὰ
1887 1992 1983 2042 τοῦ

312 2082 545 2155 αἰῶνος,
577 2083 652 2144 ὡς
699 2082 790 2136 καὶ
821 2082 889 2136 τὰ
918 2081 1146 2154 σώματα
1175 2081 1210 2148 ἡ
1221 2083 1336 2152 μῶν
1395 2099 1640 2154 μετασχη
1653 2077 1986 2151 ματιζόμενα

322 2173 406 2235 εἷς
442 2170 745 2250 ἀφθαρσίαν
779 2173 820 2207 ³⁸
856 2169 932 2232 ὡς
961 2169 1050 2225 καὶ
1083 2170 1112 2223 6
1141 2166 1480 2230 Ἀπόστολος
1514 2165 1702 2238 δηλοῖ,
1732 2167 1796 2221 τὸ
1843 2173 1985 2241 σχῆ-

319 2283 397 2335 μα
451 2259 627 2336 λέγων
678 2257 935 2334 παράγειν
981 2261 1079 2312 τοῦ
1127 2257 1338 2330 κόσμου
1384 2256 1605 2338 τοότου,
1637 2255 1699 2310 οὐ
1749 2256 1841 2310 τὸν
1889 2255 1985 2310 κό-

315 2371 461 2423 σμον
499 2371 510 2382 ·
549 2346 634 2403 διὸ
683 2347 772 2402 καὶ
802 2347 926 2422 περὶ
973 2350 1080 2400 τῶν
1135 2344 1311 2418 μέσων
1345 2345 1553 2400 τούτων
1603 2343 1872 2417 σωμάτων
1905 2341 1985 2399 εἷ’-

315 2459 488 2515 ρηται
549 2437 602 2492 έν
663 2434 912 2510 ψαλμοῖς
946 2453 959 2466 ’
1022 2440 1285 2504 Ἔστησεν
1344 2433 1481 2489 αὐτὰ
1528 2433 1604 2497 εἷς
1644 2431 1734 2487 τὸν
1789 2432 1984 2505 αἰῶνα,

311 2529 410 2584 καὶ
472 2525 547 2589 εἷς
596 2526 686 2580 τὸν
740 2524 912 2579 αἰῶνα
969 2528 1066 2580 τοῦ
1119 2523 1316 2584 αἰῶνος
1351 2542 1365 2556 ·
1416 2521 1748 2596 πρόσταγμα
1812 2516 1980 2594 ἔθετο,

309 2618 405 2672 καὶ
464 2614 526 2670 οὐ
578 2612 991 2688 παρελεύσεται.
1045 2612 1363 2684 Σημείωσαι
1414 2609 1505 2665 οὗν
1566 2609 1648 2666 ὅτι
1711 2611 1762 2664 οἱ
1829 2610 1981 2665 ἀστέ-

311 2726 431 2782 ρες,
468 2703 558 2758 καὶ
613 2705 642 2758 6
690 2701 875 2774 ἥλιος,
903 2702 992 2756 καὶ
1038 2703 1073 2770 ἡ
1131 2698 1362 2770 σελήνη,
1394 2699 1486 2755 καὶ
1534 2701 1562 2754 6
1594 2699 1837 2774 οὐρανὸς,
1871 2700 1982 2754 σώ-

317 2814 470 2867 ματα
544 2791 638 2864 μέν
716 2791 820 2845 εἷ’σι
896 2787 1390 2863 λεπτομερέστερα,
1448 2788 1682 2844 ἀθάνατα
1729 2785 1789 2842 δὲ
1849 2791 1984 2843 Θεοῦ

322 2880 596 2958 βουλήσει
627 2880 898 2954 ἐγένοντο,
932 2880 1008 2942 ὡς
1037 2878 1127 2932 καὶ
1156 2877 1223 2932 τὰ
1253 2879 1482 2951 σώματα
1529 2881 1690 2950 ἡμῶν
1739 2876 1983 2952 γίνονται

322 2971 460 3046 μετᾶ
503 2971 604 3039 τὴν
635 2969 943 3026 ἀνάστασιν.
977 2965 1206 3029 ’Ἄλλως
1239 2985 1253 2998 °
1289 2967 1442 3024 Μέσα
1489 2963 1657 3022 ὄντων
1709 2966 1799 3021 καὶ
1839 2986 1985 3042 γινο-

328 3062 502 3133 μένων
532 3057 799 3134 ἀγγέλους
829 3055 931 3134 ἔφη
962 3057 1052 3112 καὶ
1083 3056 1284 3131 ψυχὰς,
1317 3057 1393 3124 πὴ
1451 3057 1569 3128 μὶν,
1604 3054 1803 3118 αἶ’ῶνος
1853 3075 1983 3128 μετ-

321 3150 543 3225 έχοντα,
578 3145 669 3202 διὰ
714 3147 777 3201 τὸ
824 3147 1093 3221 ἄφθαρτον
1141 3145 1232 3200 καὶ
1282 3143 1566 3217 ἀθάνατον,
1604 3145 1682 3214 πή
1734 3143 1793 3200 δε
1842 3145 1984 3220 χρόα

313 3260 438 3310 νου,
489 3235 580 3291 διὰ
622 3236 684 3291 τὸ
733 3233 784 3290 ἐν
826 3236 1027 3311 γενέσει
1089 3235 1310 3308 ὁρᾶσθαι
1347 3255 1361 3268 ν
1405 3231 1490 3289 διὸ
1536 3238 1704 3289 ταῦτα
1751 3232 1986 3310 ἔγχρονα

2015 1953 2062 2019 Β

2085 657 2244 712 siora
2274 657 2470 712 omnia
2510 656 2880 712 sublunaria.
2915 658 3066 713 Sunt
3110 674 3244 713 vero
3292 661 3486 715 media
3532 676 3736 715 eorum

2086 761 2212 815 quas
2244 751 2404 816 sunt,
2429 747 2550 800 sive
2581 751 2929 801 aeternorum
2955 750 3231 802 eteorum
3261 765 3388 818 quae
3411 748 3579 815 ﬁunt,
3614 750 3736 804 sive

2086 832 2444 888 crassiorum
2474 838 2530 889 et
2562 840 2922 890 terrenarum
2957 851 3290 907 corporum,
3317 853 3442 907 quae
3476 854 3734 893 nascun-

2085 927 2185 976 tur
2226 926 2283 977 et
2325 922 2726 978 denascuntur
2773 924 3107 994 frequenter
3156 924 3216 978 in
3266 926 3636 994 generatione
3668 943 3733 981 ac

2087 1011 2495 1081 corruptione:
2523 1028 2648 1082 quas
2673 1012 2881 1068 borum
2908 1014 3116 1083 media,
3138 1019 3274 1068 sunt
3295 1013 3533 1086 quidem
3555 1015 3732 1070 etiam

2087 1116 2351 1171 corpora,
2404 1100 2548 1171 quin
2605 1100 2780 1156 etiam
2831 1102 3215 1157 aaternitatem
3267 1103 3642 1174 participant,
3685 1108 3743 1159 et

2087 1190 2369 1260 temporis
2415 1206 2656 1260 parum;
2706 1191 2901 1246 media
2941 1207 3078 1246 vero
3128 1196 3288 1259 sunt,
3319 1192 3552 1259 ccelum,
3585 1195 3740 1250 214

2088 1282 2144 1334 et
2174 1283 2333 1333 astra
2377 1278 2650 1334 universa
2683 1295 2694 1332 :
2732 1284 2870 1334 sunt
2901 1280 3056 1334 enim
3110 1281 3286 1336 etiam
3337 1297 3600 1352 corpora,
3635 1283 3744 1339 etsi

2087 1367 2459 1422 tenuioribus
2489 1373 2758 1423 constent
2790 1369 3076 1439 partibus,
3097 1370 3337 1441 sintque
3361 1372 3616 1426 materias
3649 1374 3745 1426 de-

2089 1456 2550 1526 faecatissimum,
2576 1462 2639 1511 ut
2671 1456 2932 1527 loquitur
2954 1459 3269 1530 Apostolus
3311 1476 3323 1513 :
3367 1463 3613 1532 Corpora
3643 1477 3743 1516 caa-

2089 1547 2245 1602 lestz'a
2265 1551 2319 1601 et
2338 1563 2570 1615 corpora
2593 1551 2881 1603 terrestria
2904 1549 2982 1619 (r)
3007 1565 3019 1602 :
3048 1553 3248 1619 postea
3269 1549 3596 1618 declarans,
3611 1569 3746 1621 qua-

2090 1636 2168 1691 lia
2198 1637 2320 1691 sint
2351 1637 2548 1692 addit:
2573 1637 2699 1692 Atia
2729 1638 2914 1705 gloria
2947 1637 3096 1705 solis,
3126 1647 3176 1693 et
3203 1638 3329 1694 alia
3358 1641 3539 1708 gloria
3573 1641 3744 1709 tuna’,

2090 1734 2139 1781 et
2158 1725 2276 1781 alia
2296 1726 2480 1794 gloria
2499 1727 2788 1782 stellarum
2810 1727 2900 1798 (δ).
2925 1727 3358 1796 Itaque-coelum
3378 1747 3744 1800 supremum,

2090 1819 2146 1870 et
2175 1820 2332 1869 terra
2359 1815 2414 1869 in
2449 1815 2880 1870 zeternitatibus
2911 1816 3180 1883 fuerunt;
3214 1817 3352 1872 nam
3383 1823 3579 1874 creata
3609 1824 3749 1875 sunt

2092 1903 2440 1975 priusquam
2473 1903 2698 1970 lumen,
2732 1904 2888 1974 quod
2939 1905 3116 1959 etiam
3169 1911 3441 1960 vocatum
3479 1912 3570 1962 est
3597 1908 3746 1974 dies,

2091 1997 2408 2061 crearetur,
2442 1991 2596 2048 sicut
2645 1993 2786 2048 dicit
2836 1993 3099 2065 Moyses;
3135 1993 3194 2048 in
3225 1999 3559 2065 temporum
3611 2013 3750 2052 vero

2093 2081 2324 2153 spatiis,
2351 2081 2791 2137 ﬁrmamentum
2816 2089 2874 2137 et
2904 2082 3386 2153 stellae,quamvis
3417 2101 3661 2156 corpora
3693 2091 3751 2140 et

2093 2171 2489 2243 temporaria:
2516 2176 2656 2225 sunt
2684 2172 2841 2226 enim
2873 2171 3181 2243 tangibilia
3213 2188 3277 2227 ac
3297 2173 3569 2244 visibilis,
3594 2175 3754 2246 pari-

2094 2266 2183 2317 ter
2212 2265 2429 2317 aaterna
2459 2267 2652 2329 erunt,
2680 2276 2746 2316 ea
2778 2278 3013 2333 quoque
3043 2262 3488 2334 participabunt
3518 2267 3754 2321 aeterni-

2094 2357 2298 2420 tatem,
2332 2351 2487 2405 sicut
2531 2367 2775 2419 corpora
2804 2355 3026 2417 nostra,
3059 2352 3196 2405 dum
3250 2351 3307 2405 in
3358 2352 3753 2425 incorruptio-

2097 2457 2230 2495 nem
2277 2440 2801 2511 transﬁgurantur,
2834 2441 3333 2510 quemadmodum
3381 2443 3556 2496 etiam
3595 2445 3753 2515 Apo-

2097 2528 2284 2584 stolus
2316 2527 2595 2595 declarat,
2630 2528 2833 2583 dicens
2865 2529 3116 2599 figuram
3150 2528 3329 2599 hujus
3363 2532 3570 2586 mundi
3605 2549 3751 2603 prae-

2095 2616 2269 2673 terire
2290 2617 2374 2688 (t),
2401 2633 2516 2671 non
2550 2617 2840 2671 mundum
2870 2633 2883 2671 :
2908 2618 3038 2672 ideo
3075 2617 3144 2672 de
3177 2618 3386 2673 mediis
3419 2619 3514 2675 his
3546 2637 3750 2692 corpo-

2094 2706 2260 2761 ribus
2289 2705 2506 2760 dicitur
2535 2705 2595 2759 in
2638 2706 2880 2776 psalmis
2909 2723 2922 2762 :
2957 2705 3162 2760 Statuit
3192 2723 3257 2762 ea
3287 2709 3347 2761 in
3389 2713 3666 2764 mter-num
3697 2720 3750 2765 et

2094 2796 2155 2849 in
2183 2795 2455 2851 swcutum
2480 2795 2712 2856 saeculi;
2740 2804 3075 2865 praeceptum
3106 2798 3310 2865 posuit,
3334 2799 3386 2851 et
3414 2813 3524 2852 non
3549 2804 3752 2869 practe-

2092 2883 2232 2938 ribit
2254 2883 2356 2954 (u).
2382 2882 2531 2938 Nota
2563 2882 2746 2954 igitur
2769 2883 2920 2952 quod
2948 2881 3152 2948 stella,
3179 2888 3235 2937 et
3257 2883 3365 2950 sol,
3393 2889 3566 2954 atque
3588 2885 3751 2956 luna,

2093 2987 2199 3027 nec
2227 2988 2344 3026 non
2375 2969 2606 3039 coelum,
2639 2975 2777 3025 sunt
2809 2971 3048 3041 quidem
3091 2987 3336 3043 corpora
3385 2974 3754 3030 tenuioribus

2093 3060 2361 3133 partibus
2415 3060 2776 3128 constantia;
2841 3061 2935 3114 Dei
2997 3066 3191 3116 autem
3239 3062 3540 3120 voluntate
3601 3067 3752 3124 facta

2093 3153 2236 3205 sunt
2283 3147 2658 3218 immortalia,
2692 3147 2844 3202 sicut
2874 3148 3050 3204 etiam
3084 3165 3328 3220 corpora
3377 3157 3582 3207 nostra
3610 3155 3724 3210 ﬁen

2093 3243 2226 3308 post
2245 3236 2754 3292 resurrectionem.
2771 3235 2981 3292 Aliter:
2997 3237 3189 3293 Media
3203 3254 3406 3294 eorum
3431 3256 3558 3312 quae
3581 3248 3742 3313 sunt,

312 3329 407 3383 καὶ
436 3325 636 3382 αἰώνιά
666 3346 799 3403 φησι
833 3344 846 3358 ο
881 3329 1111 3398 προεῖπε
1139 3324 1240 3400 γὰρ
1285 3323 1353 3378 τὰ
1405 3324 1635 3397 μένοντα
1681 3327 1760 3395 τῷ
1820 3325 1977 3378 αἰῶνι

2094 3331 2146 3382 et
2166 3343 2293 3397 quae
2315 3325 2488 3390 fiunt,
2510 3325 2655 3380 dicit
2680 3324 2920 3395 angelos
2943 3342 3008 3380 ac
3031 3327 3281 3393 animas,
3309 3344 3437 3398 quae
3459 3331 3749 3400 quodam-

318 3415 656 3488 δηλοῦσθαι,
685 3414 962 3470 τουτέστιν
1013 3413 1111 3468 ὅσα
1153 3413 1277 3486 περὶ
1321 3417 1454 3468 Θεοῦ
1503 3413 1763 3486 λέγεται·
1813 3411 1880 3465 τὰ
1922 3409 1980 3466 δὲ

316 3507 374 3560 ἐν
426 3507 630 3580 γενέσει
677 3509 757 3576 τῷ
807 3504 995 3579 χρόνῳ
1028 3522 1039 3535 ·
1075 3503 1122 3557 εἴ
1171 3503 1261 3557 καὶ
1310 3502 1607 3564 ἀκούοντας
1656 3501 1851 3556 αἰώνια
1889 3502 1979 3556 καὶ

315 3595 582 3671 ἔγχρονα,
615 3595 730 3668 οὐχ
758 3591 948 3655 ἁπλῶς
982 3591 1125 3648 οὕτω
1153 3595 1320 3647 ταῦτα
1359 3586 1656 3665 λαμϐάνειν
1709 3591 1846 3666 χρὴ,
1879 3588 1978 3644 ἀλ-

317 3685 393 3740 λὰ
421 3684 560 3739 κατὰ
587 3682 715 3746 τοὺς
760 3680 1229 3757 συνεγνωσμένους
1276 3679 1462 3744 αὐτοῖς
1505 3679 1741 3754 τρόπους
1791 3678 1978 3757 φησὶν,

314 3773 495 3851 ἤγουν
524 3773 652 3837 τοὺς
679 3777 863 3850 σαφῶς
889 3771 1332 3845 πιστευομένους.

2089 3414 2262 3469 modo
2310 3413 2550 3483 quidem
2600 3413 2876 3467 videntur
2932 3415 3318 3469 aeternitatem
3372 3417 3747 3490 participare,

2091 3501 2228 3572 quia
2277 3501 2522 3555 minime
2564 3502 2862 3571 corrumpi
2910 3519 2976 3557 ac
3025 3502 3263 3558 interire
3313 3511 3567 3574 queunt;
3602 3524 3747 3579 quo-

2091 3590 2406 3646 dammodo
2437 3593 2658 3659 autem,
2692 3593 2931 3661 tempus
2981 3591 3352 3662 participare,
3377 3593 3514 3663 quia
3545 3611 3750 3651 crean-

2089 3684 2190 3735 tur
2233 3696 2246 3734 :
2295 3678 2508 3734 idcirco
2561 3679 2683 3733 haec
2730 3683 2899 3734 vocat
2949 3682 3306 3752 temporaria
3351 3699 3417 3737 ac
3482 3689 3746 3743 interna:

2092 3774 2264 3824 antea
2294 3767 2453 3822 enim
2505 3766 2652 3823 dixit
2688 3765 2753 3819 τὰ
2797 3764 3045 3838 μένοντα,
3092 3772 3496 3840 permanentia,
3554 3773 3611 3828 id
3660 3780 3751 3830 est

317 3882 456 3938 quas
488 3866 558 3921 de
590 3865 707 3921 Deo
740 3865 1038 3931 dicuntur,
1071 3861 1394 3934 significari
1443 3879 1546 3933 per
1572 3863 1651 3931 τῷ
1681 3857 1836 3913 αἰῶνι
1871 3876 1883 3916 :
1919 3874 2047 3931 qua).
2097 3861 2294 3912 autem
2325 3855 2654 3927 gignuntur
2685 3871 2784 3926 per
2812 3858 2891 3925 τῷ
2923 3854 3152 3928 χρόνῳε
3188 3859 3298 3914 etsi
3348 3860 3447 3928 qui
3497 3862 3750 3916 audiunt

317 3953 522 4008 αῗώνια
555 3953 646 4007 καὶ
679 3949 919 4028 ἔγχρονα
949 3958 1168 4007 aeterna
1195 3957 1253 4008 et
1281 3950 1657 4023 temporaria,
1691 3967 1807 4006 non
1854 3949 2108 4004 debeant
2153 3944 2503 4017 simpliciter
2553 3945 2674 3999 haec
2704 3961 2932 4017 capere,
2973 3947 3072 4001 sed
3117 3947 3290 4016 juxta
3336 3950 3602 4020 cognitos
3633 3951 3748 4006 sibi

319 4044 556 4111 modos,
591 4041 804 4113 inquit,
841 4057 942 4096 seu
979 4039 1287 4095 manifeste
1317 4039 1589 4095 creditos.

798 4169 913 4218 ΕΙΣ
955 4164 1050 4219 ΤΟ
1092 4168 1348 4217 ΚΕΦΑΛ.
1397 4165 1500 4220 IA'.

399 4260 426 4326 §
472 4261 513 4310 l.
566 4252 1051 4329 Ἀρχισυνάγωγον
1097 4252 1344 4328 εἰρήνην.
1392 4252 1714 4324 Σημείωσαι
1765 4250 1846 4304 ὅτι
1894 4250 1984 4304 τὸν

321 4347 456 4402 Θεὸν
491 4343 742 4399 ἐκάλεσεν
777 4342 1225 4419 ἀρχισυνάγωγον
1263 4361 1275 4374 ·
1307 4340 1370 4396 τὸ
1399 4338 1456 4395 δὲ
1489 4341 1738 4414 μεριστὸν
1771 4339 1987 4410 πλῆθος

319 4435 525 4506 νόησον
557 4432 621 4489 τὸ
655 4431 940 4502 αἰσθητόν.

395 4525 497 4586 Εἰς
525 4525 626 4592 τήν
661 4521 798 4592 ὅλην
832 4521 1081 4594 ἑνότητα.
1113 4522 1290 4592 ’Ὀλην
1342 4520 1570 4592 ἑνότητα
1616 4521 1667 4575 οἰ
1711 4521 1804 4593 μὲν
1855 4514 1984 4575 ἔλα-

319 4611 421 4669 ϐον
482 4614 585 4681 τήν
636 4610 819 4681 ἁπλῆν
861 4611 951 4666 καὶ
1002 4612 1178 4687 ἀμερῆ
1233 4615 1340 4666 τῶν
1397 4606 1564 4665 ὄντων
1613 4608 1807 4679 αἰτίαν,
1849 4608 1986 4684 πρὸς

317 4706 385 4774 ἣν
435 4703 505 4758 τὰ
552 4699 727 4757 πάντα
777 4701 1162 4776 έπέστραπται,
1194 4701 1268 4762 ὡς
1308 4699 1359 4754 ἐν
1408 4701 1546 4773 αὐτῇ
1590 4699 1980 4772 συνιστάμενα·

318 4795 376 4849 οἱ
438 4791 498 4848 δὲ
552 4794 652 4862 τὴν
706 4795 803 4846 τοῦ
862 4790 1064 4853 παντὸς
1110 4790 1371 4866 ἁρμονίαν
1425 4788 1475 4858 ἐξ
1519 4789 1820 4866 ἓτεροφυῶν
1875 4792 1980 4842 τῶν

318 4881 616 4958 στοιχείων
643 4877 1079 4954 συγκεκραμένην
1116 4897 1128 4909 '
1164 4876 1248 4933 διὸ
1278 4878 1368 4932 καί
1414 4878 1658 4950 πόλεμον
1714 4875 1981 4953 ἐμφύλιον

317 4971 582 5044 ὠνόμασε
629 4971 728 5039 τὴν
777 4973 884 5024 τῶν
937 4967 990 5023 ἐν
1032 4968 1217 5030 αὐτοῖς
1265 4970 1577 5038 ποιοτήτων
1611 4966 1982 5036 ἐναντιότητα,

318 5065 537 5136 θερμοῦ
568 5060 703 5133 πρὸς
737 5058 977 5134 ψυχρὸν,
1007 5057 1097 5112 καὶ
1131 5058 1299 5133 ὑγροῦ
1339 5057 1473 5133 πρὸς
1519 5056 1708 5129 ξηρὸν,
1740 5055 1828 5109 καὶ
1877 5059 1982 5110 τῶν

317 5148 514 5206 ἄλλων
566 5147 797 5222 ὁμοίως,
851 5149 984 5222 ἅπερ
1037 5145 1112 5209 εἰς
1161 5147 1279 5210 ἑνὸς
1323 5147 1532 5220 κόσμου
1585 5144 1986 5218 συμπλήρωσιν

316 5239 555 5308 ἥνωται.
593 5239 614 5272 ⁵

396 5367 470 5440 (r)
507 5367 528 5421 Ι
556 5365 687 5422 Cor.
719 5381 814 5435 xv,
848 5364 934 5419 40.
1016 5363 1080 5435 (s)
1114 5362 1288 5430 Ibid.,
1323 5363 1411 5420 41,

2015 4469 2062 4533 D

1490 5362 1552 5434 (t)
1588 5363 1609 5418 Ι
1640 5363 1768 5418 Cor.
1800 5379 1901 5432 vn,
1935 5362 2025 5418 31.

2727 4157 2799 4212 ΙΝ
2842 4157 2996 4213 CAP.
3038 4159 3129 4214 XI.

2165 4249 2270 4317 §I.
2317 4249 2515 4302 Pacem
2563 4246 2983 4304 conciliationis
3034 4252 3366 4322 principem.
3401 4252 3548 4308 Nota
3598 4253 3756 4324 quod

2096 4342 2264 4393 vocet
2298 4343 2473 4398 Deum
2510 4337 2861 4392 conciliandi
2905 4340 3223 4412 principem
3267 4358 3279 4395 :
3325 4358 3426 4412 per
3455 4342 3760 4398 dividuam

2095 4426 2542 4482 multitudinem
2578 4425 2841 4498 intelligo
2870 4427 2927 4482 id
2963 4431 3118 4498 quod
3151 4429 3451 4486 sensibile.

2167 4517 2246 4573 Ad
2288 4520 2569 4588 integram
2618 4519 2907 4572 unitatem.
2963 4519 3078 4574 Alii
3131 4522 3368 4592 quidem
3423 4538 3524 4592 per
3574 4527 3757 4578 totam

2096 4610 2386 4665 unitatem
2437 4607 2852 4664 intellexerunt
2893 4610 3221 4681 simplicem
3275 4629 3339 4666 ac
3389 4612 3757 4670 individuam

2095 4716 2290 4756 rerum
2326 4715 2592 4767 causam,
2622 4699 2693 4753 ad
2729 4715 2906 4770 quam
2942 4700 3135 4755 omnia
3171 4718 3452 4757 conversa
3495 4707 3655 4771 sunt,
3691 4707 3760 4759 ut

2095 4789 2154 4843 in
2181 4788 2308 4858 ipsa
2331 4787 2744 4856 consistentia;
2771 4786 2868 4841 alii
2892 4805 3023 4843 vero
3052 4805 3387 4861 compagem
3412 4790 3669 4847 universi
3691 4807 3761 4846 ex

2095 4877 2404 4934 elementis
2437 4876 2680 4932 diversas
2713 4883 2934 4932 naturae
2967 4879 3340 4934 commistam
3370 4896 3384 4934 :
3420 4881 3550 4936 ideo
3581 4880 3758 4936 etiam

2096 4966 2422 5023 nominavit
2452 4964 2673 5022 bellum
2720 4966 3091 5033 intestinum,
3123 4985 3325 5024 earum
3359 4986 3485 5040 quae
3517 4969 3577 5024 in
3609 4970 3757 5040 ipsis

2096 5056 2452 5129 qualitatum
2476 5056 2625 5112 215
2654 5057 3344 5124 contrarietatem,calidi
3376 5075 3509 5113 cum
3544 5058 3758 5131 frigido

2096 5153 2153 5202 et
2183 5145 2415 5201 humidi
2446 5162 2581 5201 cum
2615 5148 2800 5215 sicco;
2835 5152 2892 5202 et
2922 5147 3198 5205 similiter
3229 5148 3503 5219 aliorum,
3524 5167 3653 5223 quae
3687 5151 3760 5206 ad

2097 5237 2275 5292 unius
2307 5237 2513 5292 mundi
2545 5236 3042 5308 complementum
3073 5239 3388 5294 uniuntur.

2103 5362 2186 5434 (α)
2220 5363 2374 5419 Psal.
2407 5379 2640 5431 CXLVIII,
2673 5364 2729 5417 6.

1342 5504 1584 5561 VARI/E
1623 5503 2018 5561 LECTIONES
2056 5504 2148 5562 ET
2183 5504 2749 5563 CORRECTIONES.

396 5612 416 5646 ε
449 5603 765 5692 ἀθανασέαν.
835 5607 864 5693 ξ
892 5605 982 5695 καί
1011 5607 1182 5695 ταῦτα
1214 5605 1317 5681 γὰρ
1349 5605 1647 5695 ἠςμετοχῂχ
1661 5609 1759 5692 τῆς
1793 5603 1948 5695 θείαςΙ
1969 5603 2363 5695 εἰρήνης.πρρς
2397 5603 3136 5695 μίαννὰρμονίαησυχάπτει.
3167 5607 3514 5695 Ἢὶπόληεμον
3537 5607 3754 5695 ’νόησον

313 5683 412 5772 τὸγ

515 5682 714 5740 υσικῶς
770 5682 907 5765 τοῖς,
945 5675 1258 5768 ἀσωμάτοις
1290 5675 1454 5768 ’πρὸς
1483 5675 1757 5769 τάὖλικξι
1805 5675 2226 5773 έγκείὶμενονΙἈἹΙ
2398 5675 2570 5773 σὰρξ,
2594 5675 2794 5773 ⁷(ξηεξὶν,
2827 5676 3084 5773 ἐπιθυμεῖ
3133 5681 3268 5734 κατὰ
3290 5675 3753 5773 δοῦπνεύματος,

313 5755 412 5812 καὶ
445 5748 513 5808 16
542 5755 755 5826 πνεῦμα
781 5749 918 5806 κατᾶ
963 5748 1288 5827 τῆςσαρκός
1321 5748 1456 5806 ’καὶ
1486 5751 1577 5806 τὸν
1602 5748 1854 5805 τοιοῦτον
1897 5750 1999 5825 γὰρ
2051 5748 2298 5824 πόλεμον
2342 5748 2384 5819 ’ἡ
2429 5748 2543 5806 θεῖα
2598 5748 2788 5825 εἰρήνη
2841 5748 3001 5824 πρὸς
3033 5749 3222 5808 ἕνωσιν
3283 5749 3416 5810 ἄνει.
3455 5748 3757 5830 Πρέσϐυτέὲ
