4108 6388
343 431 444 487 391

344 646 498 701 sicut
528 645 693 716 impii
731 642 1057 713 Manichaei,
1087 643 1244 712 quod
1295 639 1542 696 materia
1592 654 1790 694 secum
1825 635 1999 691 dissi-

343 737 488 790 dens
521 735 810 805 pepererit
839 733 961 788 haac
992 731 1284 786 daemonia
1313 753 1324 785 ι
1365 731 1465 785 sed
1499 731 1653 800 quod
1687 728 1999 784 humidum

343 831 558 880 natura
579 840 686 879 suo
711 823 866 877 sicco
892 823 1194 885 infestum,
1219 825 1276 874 et
1300 820 1578 891 frigidum
1602 817 1822 873 calido:
1851 821 2002 870 Deus

341 915 501 970 enim
551 914 723 970 etiam
777 909 1075 982 ejusmodi
1110 909 1397 964 convertit
1446 910 1518 964 ad
1572 907 1894 963 amicitiam
1944 911 2003 961 et

343 1004 826 1060 constitutionem
861 1001 1117 1056 universi
1153 1017 1164 1054 :
1201 1016 1337 1072 ergo
1373 1016 1474 1070 per
1507 999 1878 1067 intestinum,
1910 999 2000 1052 in-

342 1091 540 1163 tellige
575 1090 927 1162 ingenitum.
1667 1107 1669 1110 ⁴

412 1183 623 1237 Prima?
652 1182 854 1250 itaque.
881 1177 1210 1248 Praecipuas
1232 1175 1485 1231 virtutes
1515 1175 1662 1230 dicit
1711 1191 1824 1229 non
1857 1173 1999 1229 sim-

342 1269 574 1342 pliciter
632 1267 1031 1339 principatum
1085 1267 1310 1320 ordinis
1369 1265 1846 1336 seraphinorum,
1899 1264 2001 1318 sed

341 1364 633 1430 quatenus
666 1359 723 1412 in
771 1358 1182 1429 conjungendo
1226 1373 1326 1411 seu
1363 1355 1754 1410 convertendo
1787 1353 2000 1408 divinis

338 1441 838 1500 illustrationibus
901 1439 1245 1506 inferiores,
1293 1438 1516 1508 primas
1577 1441 1737 1490 tenet
1786 1451 1797 1488 :
1860 1435 2000 1506 ipsae

343 1532 499 1588 enim
544 1529 794 1602 primam
851 1529 946 1583 Dei
999 1527 1284 1583 visionem
1333 1526 1678 1597 accipiunt:
1714 1523 2003 1578 lndividue

339 1640 495 1690 vero,
531 1621 583 1675 id
621 1624 711 1676 est
757 1636 870 1675 non
923 1619 1224 1691 aliquibus
1258 1618 1316 1672 in
1351 1624 1535 1688 parte,
1560 1617 1659 1671 sed
1694 1616 2001 1670 confertim

344 1713 504 1769 totis.

414 1804 473 1857 In
506 1800 791 1866 inﬁnitum
823 1796 1105 1870 diffundi.
1132 1796 1344 1866 Arguit
1375 1795 1550 1849 modo
1584 1809 1830 1865 magnos
1851 1794 2004 1846 Grai-

343 1907 544 1947 eorum
580 1887 1069 1960 philosophorum
1094 1901 1344 1948 errores,
1368 1889 1546 1954 atque
1579 1883 1650 1938 ad
1687 1881 1851 1953 pium
1880 1880 2001 1935 cul-

344 1985 468 2034 tum
501 1975 796 2032 traducit:
822 1973 1024 2028 multis
1046 1973 1202 2027 enim
1227 1973 1378 2026 inter
1401 1971 1530 2026 illos
1553 1969 1999 2038 dissidentibus,

346 2073 403 2122 et
432 2066 525 2121 bis
556 2065 796 2136 quidem
825 2062 1158 2117 dicentibus
1181 2060 1382 2115 omnia
1407 2076 1474 2114 ex
1505 2059 1915 2114 contrarietate
1946 2062 2003 2112 et

343 2155 498 2210 bello
532 2171 636 2225 per
679 2151 1115 2207 contentionem
1153 2155 1209 2204 et
1241 2166 1500 2220 pugnam
1542 2147 1837 2220 generari;
1870 2146 2003 2202 aliis

346 2262 503 2314 vero,
528 2248 759 2298 tantum
795 2258 858 2296 ex
905 2239 1166 2295 amicitia
1195 2249 1253 2293 et
1283 2239 1595 2294 concordia
1625 2243 1838 2292 cuncta
1872 2253 2002 2308 pro-

347 2334 506 2401 duci,
529 2334 599 2388 de
630 2333 746 2387 Deo
780 2336 977 2386 autem
1008 2346 1122 2383 non
1156 2346 1258 2399 pro
1294 2327 1575 2394 dignitate
1606 2331 2004 2386 commentan-

347 2423 529 2492 tibus,
560 2420 653 2476 hic
687 2419 924 2473 illorum
969 2419 1269 2472 nominum
1306 2417 1571 2470 ﬁctiones
1604 2432 1670 2470 ac
1703 2413 2002 2469 rectitudi-

350 2529 485 2567 nem
519 2511 906 2572 transferens,
941 2507 1200 2562 instituit
1226 2506 1408 2561 Deum
1446 2505 1699 2560 universi
1733 2502 2002 2559 condito-

351 2617 474 2656 rem
510 2605 569 2654 et
599 2601 1157 2668 coagmentatorem,
1204 2595 1549 2649 intestinum
1595 2593 1832 2664 quidem
1869 2591 2004 2646 uni-

349 2688 501 2744 versi
542 2685 763 2741 bellum
817 2685 1148 2755 intelligens
1199 2684 1674 2754 incorporeorum
1706 2686 1763 2736 et
1793 2681 2003 2734 imma-

351 2776 645 2833 terialium
707 2779 761 2829 et
819 2772 1282 2844 intelligibilium
1353 2789 1487 2826 cum
1544 2770 1890 2842 corporibus
1949 2772 2006 2823 et

353 2864 762 2920 materialibus
804 2868 978 2934 atque
1027 2861 1348 2917 sensilibus
1407 2860 1734 2916 naturalem
1784 2859 2004 2914 discor-

351 2956 509 3010 diam
547 2970 559 3007 :
595 2958 734 3008 sunt
765 2953 922 3008 enim
958 2952 1079 3006 haec
1126 2949 1442 3006 dissimilia
1488 2949 1756 3004 essentiis
1789 2966 1855 3003 ac
1886 2948 2004 3002 dis-

352 3049 631 3098 sentanca
666 3058 678 3095 :
717 3041 854 3096 Garo
885 3043 1036 3096 enim
1065 3041 1406 3110 concupiscit
1437 3038 1699 3094 adversus
1722 3039 2003 3108 spiritum,

350 3143 402 3188 ct
433 3133 669 3203 spiritus
720 3130 984 3185 adversus
1009 3144 1235 3185 carnem
1260 3129 1334 3200 (υ)
1373 3147 1385 3182 :
1420 3145 1535 3182 non
1587 3127 1776 3182 solum
1811 3132 2005 3180 autem

355 3224 484 3292 hoc,
510 3224 608 3278 sed
641 3228 696 3277 et
727 3221 967 3276 sensilia
994 3222 1211 3283 omnia,
1238 3221 1358 3275 sive
1385 3236 1627 3290 corpora
1649 3219 2003 3289 quibusdam

1160 425 1530 482 APPENDIX
1568 426 1664 480 AD
1701 424 1942 479 OPERA
1979 423 2038 476 Β.
2078 421 2396 477 DIONYBII
2432 422 2934 482 ΔΒΕΟΡΔΘῙΤΕ.

417 557 494 612 Ad
532 553 849 611 concordem
906 556 1030 609 unit
1081 554 1586 608 commorationem.
1641 550 1724 605 Ne
1778 547 1997 620 cogites
2028 548 2084 614 Α

3657 427 3770 482 392

2182 544 2440 616 Ἐνούσης
2499 545 2575 607 είς
2638 544 2848 616 ἐνοειδῆ
2905 547 3196 604 συνοικίαν.
3229 550 3320 618 Μὴ
3378 551 3580 624 νοήσῃς
3610 551 3686 613 ὡς
3715 552 3774 605 οἱ

2111 630 2257 696 ἄθεοι
2292 635 2618 710 Μανιχαῖοι,
2655 634 2738 690 δτι
2771 637 3130 706 στασιάζουσα
3171 637 3311 707 πρὸς
3360 637 3556 706 ἑαυτὴν
3586 641 3621 708 ἡ
3656 637 3768 708 ὕλη

2111 721 2383 794 ἀπεκύησι
2412 724 2478 778 τὰ
2510 721 2762 797 δαιμόνια
2791 730 2959 780 ταῦτα
2991 745 3003 758 ·
3039 724 3167 782 ἀλλ’
3193 726 3276 782 ὅτι
3309 725 3463 804 φύσει
3495 731 3577 799 τῷ
3615 728 3772 802 Εηρῷ

2108 813 2171 866 τὸ
2256 815 2415 890 ὑγρὸν
2484 813 2773 888 πολέμιον,
2832 816 2922 870 καὶ
2993 817 3055 871 τὸ
3128 817 3340 891 ψυχρὸν
3403 822 3482 889 τῷ
3539 823 3766 892 θερμῷ·

2111 901 2239 962 Θεὸς
2273 902 2375 977 γὰρ
2425 903 2514 957 xui
2562 903 2628 958 τὰ
2659 903 2831 965 οὕτως
2872 902 3074 980 ἔχοντα
3104 904 3358 960 συνάπτει
3389 907 3527 979 πρὸς
3578 905 3769 983 φιλίαν

2110 991 2202 1045 καὶ
2253 991 2503 1046 σύστασιν
2555 997 2650 1047 τοῦ
2698 993 2923 1056 παντός.
2958 995 3036 1052 Τὸ
3065 992 3334 1072 ἐμφύλιον
3381 994 3476 1050 οὖν
3527 993 3767 1072 ἔμφυτον

2109 1079 2329 1150 νόησον.

2181 1171 2248 1224 Ai
2304 1174 2432 1245 γοῦν
2489 1165 2873 1247 πρεσϐύτεραι.
2907 1166 3278 1247 Πρεσϐυτέρας
3341 1170 3598 1245 δυνάμεις
3659 1173 3774 1249 οὐχ

2113 1259 2302 1320 ἁπλῶς
2332 1260 2430 1327 τὴν
2461 1264 2569 1314 τῶν
2605 1261 2843 1338 σεραφὲμ
2869 1261 3190 1336 ταξιαρχίαν
3224 1261 3409 1338 φησὶν,
3444 1261 3592 1317 ἀλλὰ
3630 1265 3771 1337 πρὸς

2109 1348 2172 1401 τὸ
2202 1349 2466 1424 συνάγειν,
2499 1346 2670 1422 ἤγουν
2724 1351 3032 1419 συνάπτειν,
3063 1356 3182 1412 ταῖς
3235 1353 3405 1414 θείαις
3453 1350 3766 1425 ἐλλάμψεσι

2111 1435 2204 1499 τὰς
2233 1436 2520 1508 ὑφειμένοις
2547 1439 2610 1492 τὸ
2639 1444 2925 1514 πρεσοεῖον
2957 1438 3187 1513 ἔχουσαν
3215 1459 3226 1472 ⁸
3259 1441 3360 1508 τήν
3392 1440 3496 1516 γὰρ
3539 1440 3768 1514 πρώτην

2111 1524 2267 1580 αὐταὶ
2300 1524 2558 1600 δέχονται
2589 1528 2902 1604 θεοφάνιιαν
2939 1547 2950 1558 ·
2987 1528 3206 1603 ἀμερῶς
3251 1525 3329 1598 δὲ,
3361 1529 3636 1585 τουτέστιν
3671 1529 3774 1584 οὐκ

2111 1612 2162 1668 ἐν
2200 1613 2347 1689 μέρει
2379 1615 2542 1688 τισὶν,
2576 1614 2703 1670 ἀλλ’
2732 1615 2943 1692 ἀθρόως
2973 1622 3089 1679 τοῖς
3122 1615 3298 1680 ὅλοις.

2184 1793 2435 1861 Χυθῆναι
2495 1793 2631 1867 πρὸς
2691 1793 2751 1847 τὸ
2813 1790 3053 1868 ἄπειρον.
3103 1793 3356 1869 Μεγάλαις
3409 1793 3621 1858 πλάνας
3678 1819 3765 1874 φι-

2115 1881 2367 1959 λοσόφων
2395 1881 2682 1951 Ἑλλήνων
2716 1879 2989 1957 διελέγχει
3040 1886 3158 1954 νῦν,
3205 1884 3296 1938 καὶ
3340 1884 3476 1959 πρὸς
3527 1886 3627 1953 τήν
3679 1887 3768 1940 εύ-

2113 1966 2323 2025 σέϐειαν
2355 1972 2569 2045 μετάγει
2606 1989 2618 2000 ’
2647 1970 2877 2026 πολλῶν
2937 1971 3038 2046 γὰρ
3087 1969 3138 2025 ἐν
3185 1969 3410 2035 ἐκείνοις
3458 1976 3771 2043 στασιαζόν-

2109 2082 2240 2129 των,
2273 2059 2363 2113 xui
2392 2063 2499 2112 τῶν
2537 2060 2633 2132 μὶν
2665 2058 2714 2132 ἐξ
2747 2058 3108 2121 ἐναντιώσεως
3153 2059 3246 2114 xui
3290 2059 3542 2134 πολέμου
3590 2062 3768 2118 πάντα

2113 2147 2183 2204 δι’
2214 2147 2392 2224 ἔριδος
2419 2149 2508 2202 καὶ
2543 2150 2732 2224 μάχης
2766 2149 3034 2224 Αεγόντων
3083 2151 3362 2223 γεννᾶσθαι
3391 2169 3404 2184 ·
3437 2155 3544 2204 τῶν
3592 2149 3670 2222 δὲ,
3706 2152 3768 2207 ἐκ

2113 2236 2301 2316 φιλίας
2332 2238 2420 2291 xui
2455 2237 2769 2309 συμφωνίας
2797 2235 2961 2310 μόνον
2995 2235 3059 2307 δη
3073 2244 3443 2312 μιουργεῖσθαι
3468 2239 3536 2293 τὰ
3566 2243 3765 2309 πάντα,

2113 2333 2245 2383 Θεοῦ
2297 2325 2355 2381 δὲ
2405 2329 2480 2400 μὴ
2533 2329 2649 2381 κατ’
2678 2326 2825 2396 ἀξίαν
2876 2324 2940 2395 δὴ
2997 2327 3417 2404 φροντιζόντων,
3459 2328 3638 2396 οὗτος,
3667 2331 3772 2393 τὰς

2114 2416 2329 2471 ἐκείνων
2413 2416 2844 2488 ὀνοματοποιίας
2919 2415 2994 2478 είς
3081 2416 3354 2492 ὀρθότητα
3429 2417 3772 2495 μεταφέρων,

2114 2506 2240 2560 Θεὸν
2275 2503 2522 2580 ἐφίστησι
2570 2508 2666 2558 τοῦ
2707 2505 2907 2565 παντὸς
2947 2505 3038 2558 καὶ
3095 2505 3332 2575 ποιητὴν
3384 2508 3475 2560 xui
3526 2528 3770 2582 συναγω-

2111 2595 2227 2670 γέα,
2277 2593 2546 2670 ἐμφύλιον
2606 2593 2700 2664 μὶν
2756 2591 3006 2665 πόλεμον
3051 2598 3149 2648 τοῦ
3199 2595 3400 2656 παντὸς
3460 2601 3598 2650 νοῶν
3658 2601 3770 2651 τῶν

2113 2682 2418 2755 ἀσωμάτων
2448 2681 2538 2736 καὶ
2572 2681 2754 2736 ἀύλων
2802 2682 2892 2736 xui
2923 2688 3135 2752 νοητῶν
3175 2683 3311 2758 πρὸς
3357 2684 3456 2752 τήν
3494 2690 3603 2738 τῶν
3654 2707 3768 2739 σω-

2119 2779 2300 2849 μάτων
2350 2776 2440 2830 xui
2489 2775 2692 2830 ὑλικῶν
2739 2776 2828 2829 xui
2877 2775 3149 2846 αἰσθητῶν
3211 2777 3444 2852 φυσικὴν
3498 2779 3770 2855 ἀσυμφω-

2113 2866 2230 2919 νίαν
2266 2884 2278 2896 ο
2313 2864 2547 2937 ἀνόμοια
2589 2865 2688 2939 γὰρ
2739 2865 2903 2918 ταῦτα
2936 2870 3056 2928 ταῖς
3105 2864 3312 2928 οὐσίαις
3361 2868 3452 2920 καὶ
3498 2867 3763 2944 ἀσύμφω-

2113 2975 2179 3008 να
2211 2975 2221 2985 ·
2254 2955 2316 3009 Ἡ
2346 2953 2444 3027 γὰρ
2471 2953 2599 3025 σὰρξ
2660 2952 2916 3025 ἐπιθυμεῖ
2962 2955 3096 3007 κατὰ
3151 2955 3247 3009 τοῦ
3307 2953 3641 3027 πνεύματος,
3669 2956 3759 3009 xui

2114 3044 2175 3098 τὸ
2223 3047 2431 3114 πνεῦμα
2493 3043 2631 3096 κατὰ
2683 3049 2784 3110 τῆς
2841 3044 3058 3115 σαρκός.
3111 3043 3189 3099 Οὖ
3242 3042 3406 3116 μόνον
3467 3041 3526 3098 δὲ
3580 3049 3763 3114 τοῦτο,

2117 3130 2261 3186 ἀλλὰ
2307 3132 2394 3185 καὶ
2439 3131 2505 3185 τὰ
2558 3130 2790 3201 αἰσθητὰ
2845 3130 3035 3202 πάντα,
3087 3129 3213 3200 ἤτοι
3273 3133 3523 3206 σώματα,
3570 3135 3769 3209 ἄπειρα

2117 3221 2385 3296 λεγόντων
2419 3220 2574 3274 ἐνίων
2623 3221 2710 3274 καὶ
2773 3220 2850 3281 εἷς
2903 3221 3148 3296 ἀπειρίαν
3201 3221 3529 3298 φθείρεσθαι,
3562 3224 3653 3277 xui
3704 3224 3770 3277 τὸ

353 3314 690 3369 dicentibus
724 3313 899 3368 etiam
932 3313 1162 3366 inﬁnita
1191 3311 1246 3365 in
1283 3311 1581 3366 inﬁnitum
1606 3308 1925 3378 corrumpi,
1950 3312 2006 3363 et

2120 3311 2301 3384 μίγμα
2330 3314 2436 3362 τῶν
2471 3310 2744 3378 ἁπάντων,
2775 3310 2906 3382 ὅπερ
2940 3308 3104 3386 φησίν
3130 3309 3400 3384 ἀπειρίαν,
3431 3312 3772 3387 τρεπόμενον

353 3402 617 3458 omnium
642 3401 1004 3468 mistionem,
1027 3400 1182 3471 quod
1205 3399 1348 3454 dicit
1369 3399 1745 3466 inﬁnitatem,
1769 3413 2006 3452 conver-

353 3508 481 3546 sam
515 3489 575 3543 in
609 3489 928 3543 discrimen
973 3505 1040 3543 ac
1084 3489 1516 3560 separationem
1547 3492 1606 3542 et
1635 3490 1850 3558 partes,
1884 3485 2003 3540 dis-

353 3581 511 3634 cerni
543 3584 601 3633 et
650 3579 907 3649 separari
958 3579 1016 3632 in
1067 3578 1570 3647 generationibus,
1593 3582 1768 3649 atque
1799 3593 1868 3631 ex
1897 3577 2006 3632 hoc

354 3668 599 3724 dissidio
633 3665 822 3737 magis
866 3670 1239 3737 augescente,
1271 3671 1329 3720 et
1361 3683 1473 3720 non
1510 3671 1741 3721 tantum
1791 3683 2004 3736 expur-

352 3761 528 3829 gante
583 3755 750 3810 mista
780 3773 813 3808 a
845 3771 960 3808 non
1012 3754 1479 3809 coalescentibus
1535 3763 1592 3808 et
1639 3755 1872 3822 alienis,
1903 3755 2005 3809 sed

352 3845 530 3901 etiam
577 3843 636 3897 in
681 3837 1002 3898 sectionem
1036 3847 1093 3896 et
1125 3841 1458 3897 fractionem
1504 3844 1627 3912 jam
1677 3842 2008 3897 coalescen-

353 3935 500 3990 tium
535 3933 688 3990 216
722 3931 860 3997 lata,
887 3935 1062 4002 atque
1094 3931 1152 3985 in
1187 3931 1737 3987 dissimilitudinem
1773 3947 2006 3986 omnem

353 4033 412 4080 et
442 4024 991 4094 differentiam,quae
1015 4027 1285 4078 concreta
1316 4028 1455 4077 sunt
1485 4023 1754 4090 ducente,
1778 4020 1923 4077 solvi
1953 4025 2009 4076 et

352 4114 650 4186 corrumpi
683 4116 902 4180 omnia,
929 4115 1185 4184 exceptis
1217 4113 1586 4185 simplicibus
1618 4130 1720 4169 seu
1755 4113 2007 4168 elemen-

351 4205 451 4269 tis,
485 4209 539 4259 et
571 4203 682 4258 hoc
721 4202 942 4258 bellum
976 4201 1330 4270 dicentibus,
1358 4204 1514 4272 quod
1557 4219 1671 4259 non
1715 4201 1858 4257 sinit
1887 4206 2009 4258 tota

354 4292 531 4348 uniri.
559 4292 803 4363 Magnus
829 4291 1467 4364 Dionysius,tanquam
1491 4293 1751 4347 veritatis
1779 4309 2007 4363 amans,

355 4381 492 4450 tale,
516 4381 672 4435 sicut
695 4381 834 4446 dixi,
861 4379 1126 4436 naturale
1148 4380 1367 4435 bellum
1393 4381 1526 4449 (boc
1557 4381 1710 4436 enim
1742 4383 2009 4437 naturale

350 4474 538 4539 vocat,
563 4466 1030 4544 épqﬂiovmicut
1078 4469 1251 4525 etiam
1305 4467 1614 4546 σύμφυλον,
1649 4471 1800 4541 quod
1853 4472 2006 4539 ejus-

355 4561 483 4615 dem
535 4565 624 4614 est
673 4559 947 4631 generis),
980 4558 1200 4613 solvere
1232 4558 1315 4612 ait
1344 4558 1551 4620 Deum,
1578 4576 1680 4629 pro
1730 4559 2008 4615 intestino

2117 3398 2191 3460 εἷς
2252 3396 2536 3474 διαφορὰν,
2564 3395 2652 3451 καὶ
2714 3398 3023 3472 χωρισμὸν,
3055 3397 3147 3451 καὶ
3208 3398 3370 3473 μέρη,
3405 3395 3772 3472 διακρίνεσθαι

2115 3489 2204 3543 xui
2236 3487 2568 3563 χωρίζεσθαι
2602 3486 2674 3548 είς
2696 3484 3052 3562 γενέσεις,καὶ
3079 3485 3139 3541 ἐκ
3158 3485 3355 3542 τούτου
3381 3487 3594 3560 μᾶλλον
3619 3488 3776 3559 αὐξα-

2116 3579 2353 3649 νομένης
2385 3583 2484 3645 τῆς
2515 3573 2866 3646 διαστάσεως,
2898 3576 2987 3629 καὶ
3042 3576 3118 3648 μή
3163 3575 3328 3648 μόνον
3359 3577 3426 3632 τὰ
3459 3576 3777 3653 μεμιγμένα

2117 3670 2221 3720 τῶν
2257 3667 2551 3742 ἀσυμφυῶν
2596 3664 2684 3718 xui
2733 3663 3046 3739 ἀλλοτρίων
3098 3663 3592 3741 ἀποκαθαιρΟύσης,
3625 3664 3777 3721 ἀλλὰ

2116 3753 2205 3807 xui
2237 3755 2310 3814 εἷς
2341 3755 2520 3824 τομὴν
2551 3753 2640 3806 xui
2674 3755 2894 3826 θραῢσιν
2921 3751 3032 3822 ἤδη
3067 3757 3175 3807 τῶν
3222 3758 3482 3829 συμφυῶν
3534 3755 3774 3828 φερομέ-

2116 3863 2232 3911 νης,
2291 3841 2379 3896 xui
2440 3841 2514 3902 εἷς
2574 3841 2946 3913 ἀνομοιότητα
3003 3847 3177 3896 πᾶσαν
3245 3843 3335 3896 xui
3389 3841 3650 3921 διαφοράν
3707 3847 3777 3898 τὰ

2118 3931 2458 4005 συγκρίματα
2506 3929 2765 4004 ἀγούσης,
2801 3930 3024 3993 λύεσθαι
3073 3933 3162 3985 xui
3219 3931 3527 4008 φθείρεσθαι
3574 3933 3772 4000 πάντα,

2117 4020 2264 4088 πλὴν
2298 4024 2404 4074 τῶν
2439 4017 2652 4087 ἁπλῶν,
2686 4018 2810 4088 ἤτοι
2845 4020 3161 4094 στοιχείων,
3196 4019 3284 4075 xui
3328 4019 3492 4075 τοῦτο
3524 4019 3774 4094 πόλεμον

2119 4107 2414 4183 λεγόντων,
2440 4109 2501 4162 τὸ
2537 4109 2612 4180 μή
2641 4107 2742 4162 ἐῶν
2776 4111 3016 4176 ἡνῶσθαι
3049 4109 3113 4162 τὰ
3162 4108 3266 4165 ὅλα
3301 4128 3314 4142 ⁸
3350 4111 3377 4164 ὁ
3433 4111 3601 4184 μέγας
3650 4119 3774 4165 Διο-

2118 4199 2322 4265 νύσιος,
2356 4201 2446 4252 ἅτε
2473 4205 2572 4266 τῆς
2607 4195 2864 4267 ἀληθείας
2895 4195 3058 4272 φίλος
3089 4201 3109 4234 ⁵
3134 4199 3560 4274 τυγχάνων,τὸν
3592 4204 3775 4254 τοιοῦ-

2117 4309 2233 4355 τον,
2267 4289 2340 4348 ὡς
2390 4283 2545 4363 ἔφην,
2597 4288 2819 4360 φυσικὸν
2870 4285 3117 4360 πόλεμον
3148 4292 3361 4360 (τοῦτον
3403 4290 3506 4364 γάρ
3555 4290 3778 4366 φυσικὸν

2118 4377 2297 4446 καλεῖ,
2328 4377 2420 4430 τὸν
2454 4373 2747 4451 ἐμφύλιον,
2780 4377 2854 4436 ὡς
2898 4375 2987 4429 xui
3040 4374 3327 4450 σύμφυλον
3371 4378 3462 4432 τὸν
3515 4379 3778 4455 ὁμοφυᾶ),

2121 4467 2268 4522 λύειν
2304 4465 2433 4542 φησὶ
2466 4465 2557 4518 τὸν
2591 4465 2744 4534 Θεὸν,
2776 4463 2893 4517 ἀντὶ
2932 4467 3028 4517 τοῦ
3079 4462 3351 4540 ἐμφυλίου
3397 4465 3672 4538 πολέμου,
3705 4466 3780 4520 εί-

2124 4558 2292 4632 ρήνην
2325 4554 2414 4608 xui
2448 4553 2709 4626 ἁρμονίαν
2762 4552 2853 4606 vui
2894 4552 3198 4624 σύμπνοιαν
3243 4558 3323 4621 τῶ
3359 4555 3518 4609 παντῖ
3569 4552 3780 4631 δωρού-

355 4648 530 4717 bello,
564 4665 767 4720 pacem
817 4665 883 4703 ac
930 4664 1271 4720 compagem
1310 4652 1485 4718 atque
1517 4647 2006 4718 conspirationem

2127 4665 2310 4718 μενον,
2342 4642 2430 4697 xui
2465 4641 2514 4697 ἐν
2549 4643 2724 4713 ἑαυτῷ
2769 4641 3066 4715 συνέχοντα
3113 4644 3286 4698 πάντα
3335 4644 3425 4698 xui
3469 4643 3781 4699 ἀποκαταλ-

358 4738 630 4792 universo
665 4737 1002 4805 donantem,
1035 4741 1091 4789 et
1141 4736 1195 4788 in
1248 4735 1442 4805 seipso
1475 4735 1674 4790 omnia
1705 4738 2013 4791 continen-

354 4831 470 4880 tem
497 4830 552 4880 et
577 4823 1079 4891 reconciliantem,
1107 4829 1170 4876 ut
1201 4821 1460 4892 laquitur
1479 4823 1794 4895 Apostolus
1818 4826 1930 4896 (rc);
1957 4831 2016 4881 et

356 4911 759 4970 reconciliabit
789 4912 1048 4966 cmlestia
1080 4910 1350 4978 terrenis,
1375 4927 1478 4981 per
1509 4929 1636 4982 quae
1666 4916 2015 4970 commissas

358 5001 614 5074 singulis
643 5001 912 5063 virtutes,
945 5005 1002 5054 et
1046 4999 1234 5052 instar
1275 5000 1677 5056 ministrorum
1714 5003 2017 5060 institutas

357 5091 729 5145 subditorum
775 5104 974 5144 arnore
1007 5089 1136 5141 unit
1170 5105 1181 5142 :
1217 5089 1414 5142 omnia
1445 5106 1575 5145 vero
1628 5093 1695 5145 ad
1753 5092 2014 5164 seipsum

357 5178 662 5241 convertit,
701 5175 930 5231 clavum
963 5181 1170 5230 tenens
1203 5182 1258 5230 et
1289 5179 1489 5232 omnia
1520 5179 1852 5237 continens.

430 5313 504 5384 (υ)
535 5311 722 5367 Galat.
754 5328 811 5377 v,
847 5311 930 5365 17.
1009 5312 1091 5384 (cc)
1122 5311 1344 5368 Coloss
1381 5330 1419 5380 ι,
1452 5314 1544 5368 20.

2126 4734 2413 4798 λάττοντα,
2469 4731 2544 4792 ὥς
2602 4751 2764 4805 φησιν
2816 4732 2843 4784 ὁ
2898 4729 3258 4802 Ἀπόστολος,
3318 4734 3406 4788 xui
3467 4731 3780 4788 ἀποκαταλ-

2126 4823 2275 4892 λάξει
2325 4821 2392 4876 τά
2451 4820 2752 4875 ἐπουπάνια
2800 4825 2916 4881 τοῖς
2970 4819 3252 4896 ἐπιγείοις,
3303 4819 3375 4876 δι’
3415 4821 3512 4891 ὧν,
3541 4823 3639 4886 τὰς
3686 4823 3778 4896 μὲν

2127 4910 2550 4984 ἐπιτεταγμένας
2581 4915 2696 4971 τοῖς
2736 4915 2852 4972 καθ’
2875 4905 3099 4965 ἕκαστον
3153 4908 3408 4983 δυνάμεις
3457 4911 3548 4966 xui
3599 4909 3782 4966 διακο-

2125 5006 2287 5062 νικῶς
2316 4997 2626 5060 διοικούσας
2653 5002 2720 5071 τῇ
2755 4998 2936 5073 ἀγάπῃ
2969 5003 3076 5053 τῶν
3110 5000 3560 5075 ὑποτεταγμένων
3621 5001 3735 5055 ἑνοῖ
3766 5019 3780 5032 ο

2125 5092 2192 5146 τὰ
2245 5089 2301 5144 δὲ
2345 5090 2517 5142 πάντα
2568 5088 2702 5162 πρὸς
2760 5087 2947 5142 ἑαυτὸν
3009 5088 3339 5168 ἐπιστρέφει,
3385 5087 3786 5165 πηδαλιουχῶν

2126 5182 2213 5235 xui
2249 5177 2494 5252 συνέχων
2525 5177 2592 5232 τὰ
2623 5178 2816 5232 πάντα.

1377 5438 1612 5494 νΑΗΙίΕ
1655 5441 2046 5499 LECTIONES
2087 5443 2175 5498 ET
2214 5437 2771 5497 CORRECTIONES.

363 5555 479 5620 ρας,
514 5541 624 5620 etc.
646 5537 1162 5620 .Haecnenim‘etliam
1191 5535 1583 5620 pqcigdivinw
1616 5540 1981 5620 participatio
2029 5542 2102 5597 ad
2139 5539 2495 5620 concordiam
2516 5535 2748 5620 redigit,
2780 5545 2833 5620 et
2862 5538 3032 5620 simul
3079 5537 3390 5620 coniungit.
3431 5539 3521 5620 ιζςι
3549 5556 3650 5612 per
3679 5539 3790 5620 bet-

364 5611 477 5693 lum
511 5609 601 5693 hic
635 5609 882 5691 intelligo
913 5609 1073 5693 itlud,
1105 5609 1435 5693 quadra-bus
1466 5611 1806 5693 incorporcis
1834 5609 1912 5669 ad
1942 5613 2264 5670 materiatio
2293 5609 2637 5693 naturaliter
2668 5611 2828 5693 inest:
2866 5630 2894 5658 «
2928 5611 3064 5693 Ca‘ro
3092 5611 3264 5693 enim,
3298 5609 3501 5682 inquit,
3521 5609 3789 5693 concupi-

364 5684 467 5757 scit
495 5681 758 5736 adversus
787 5681 1151 5757 spiritum_,_et
1177 5681 1437 5757 spiritus
1461 5681 1719 5757 adversus
1767 5701 1996 5741 carnem
2030 5704 2100 5739 :»
2133 5681 2573 5757 quandoquidem
2623 5689 2672 5736 et
2719 5681 3037 5753 hujusmodi
3086 5681 3295 5738 bellum
3339 5681 3454 5756 pax
3499 5681 3792 5740 divina‘ad

364 5755 629 5810 unionem
656 5749 951 5826 pacemque
985 5749 1228 5808 adducit.
1306 5753 1326 5786 ⁵
1357 5749 1682 5830 φιλόσοφος.
