4108 6378
342 342 455 396 393

421 466 523 522 ’Ἢν
610 467 638 519 ὁ
723 465 875 541 ἱερὸς
952 469 1187 531 Ἰοῦστος
1253 468 1534 543 ἀφθεγξίαν
1609 464 1786 522 καλεῖ.

345 554 609 628 μείωσαι]
638 553 762 628 περὶ
822 554 1088 625 Ἰούστου,
1121 556 1210 611 καὶ
1271 555 1355 612 ὅτι
1384 558 1483 626 τήν
1537 561 1634 612 τοῦ
1667 557 1813 621 θείου
1864 556 2012 631 εἰρή-

343 665 448 711 νην
501 642 782 719 ἆφθεγξίαν
848 644 939 699 καὶ
987 644 1276 716 ἀκινησίαν
1338 645 1636 719 ὄνομᾶζει.
1689 646 1896 700 Τούτου
1955 642 2013 699 δὲ

343 737 446 787 τοῦ
475 732 630 806 ἁγίου
662 732 901 790 Ἰούστου
935 735 1242 807 μέμνηνται
1295 736 1350 789 αἱ
1401 733 1627 810 Πρόίξεις
1683 739 1790 789 τῶν
1847 733 2009 808 ἁγίων

347 819 704 894 ἀποστόλων,
759 819 1058 899 φόίσκουσαι
1118 823 1276 878 αὐτὸν
1319 823 1410 878 καὶ
1460 825 1647 893 Ἰωσῆν
1703 821 2010 886 καλεῖσθαι.

346 909 583 968 Μᾶλλον
640 909 730 967 οὗν
782 912 872 966 καὶ
933 910 1230 988 συνέγραψέ
1281 934 1354 987 τι,
1411 912 1447 982 ἢ
1510 912 1601 968 καὶ
1635 910 1898 990 ἆγρᾶίφοις
1925 909 2012 965 δι·-

346 999 674 1061 δασκαΛίαις
702 999 999 1076 ἐχρήσατο.
1035 1002 1139 1058 Καὶ
1168 1006 1332 1056 τοῦτο
1365 1004 1456 1056 οὖν
1505 1002 1855 1078 παρατίθεται
1913 1003 2011 1055 τοῦ

346 1089 503 1163 ἁγίου
550 1089 832 1145 Διονυσίου
880 1093 982 1160 τὴν
1030 1091 1395 1166 ἄρχαιότητα,
1454 1090 1542 1146 καὶ
1599 1092 1682 1145 ὅτι
1719 1095 1838 1152 τοῖς
1870 1090 2011 1143 ἀπο-

345 1179 573 1243 στόλοις
622 1179 807 1242 αὐτοῖς
859 1180 946 1234 καὶ
995 1177 1390 1242 ἀποπολικοῖς
1422 1176 1643 1255 ἀνδρὲίσι
1677 1181 2010 1252 συνήκμασε.

346 1268 669 1340 Σημείωσαι
703 1265 761 1322 δὲ
790 1266 873 1322 ὅτι
904 1269 994 1324 καὶ
1028 1270 1079 1324 οἱ
1115 1274 1251 1333 θεῖοι
1284 1268 1484 1324 ἐκεῖνοι
1530 1266 1719 1344 ἄνδρες
1781 1266 2014 1346 φιλοσό-

345 1379 474 1431 φοις
529 1354 734 1427 λέξεσιν
795 1356 1066 1433 ἐχρῶντο,
1130 1358 1419 1435 ἀφθεγξίαν
1459 1358 1548 1414 καὶ
1600 1357 1879 1429 ἀκινησίαν
1913 1357 2012 1426 τήν

342 1450 446 1501 τοῦ
478 1450 615 1501 Θεοῦ
647 1447 869 1520 εἰρήνην
905 1446 1288 1520 ὀνομάζοντες.

421 1534 748 1590 Ἀπολείπει
779 1536 880 1604 τὴν
927 1535 1123 1605 ἑαυτῆς
1166 1533 1379 1593 ἕνωσιν.
1412 1539 1647 1594 Ἕνωσιν
1681 1534 1906 1600 ἐνταῦθα
1952 1535 2013 1589 τὸ

343 1622 561 1679 ἁπλοῦν
592 1625 682 1678 καὶ
713 1624 936 1693 ἐνιαῖον,
968 1626 1135 1699 ἤγουν
1158 1623 1466 1699 ἀδιαίρετον
1503 1625 1690 1704 φησίν.

416 1715 440 1733 ι
670 1712 678 1728 ι
1238 1715 1248 1730 ο
1418 1717 1432 1734 ι
1681 1720 1708 1729 ι-
1966 1715 1977 1740 ρ

443 1713 614 1770 Ενδον
648 1712 754 1783 ὁλη
792 1712 1044 1786 μένουσα.
1081 1717 1341 1772 Τουτεστι
1372 1736 1472 1784 την
1522 1716 1746 1770 έοιυτου6
1783 1734 2014 1792 κρυφιο-

340 1823 487 1872 τητα
517 1803 848 1876 παρεξιοῦσα
876 1803 964 1858 καὶ
1000 1801 1394 1859 ἀπολείπουσα.

417 1891 534 1953 Τὰς
577 1891 779 1963 νοητὰς
829 1891 997 1961 αὐτῆς
1040 1892 1130 1947 καὶ
1177 1892 1367 1968 ῥητάς.
1429 1893 1647 1964 Νοητᾶς
1702 1894 1789 1948 καὶ
1843 1891 2010 1968 ῥητὰς

346 1980 650 2053 μετουσίας
681 1980 847 2055 φησὶν
907 1980 1004 2036 ὅσα
1064 1979 1154 2038 διὰ
1207 1987 1317 2038 τῶν
1352 1981 1659 2059 είρημένων
1701 1985 1772 2056 τῇ
1823 1985 2011 2059 Γραφῇ

343 2069 561 2148 ἐφεῖται
591 2075 734 2126 νοεῖν
768 2073 804 2142 ἡ
815 2076 942 2144 μᾶς.

422 2256 455 2322 §
486 2253 560 2309 II.
592 2250 737 2306 Κατὰ
763 2253 862 2322 τήν
893 2252 1197 2328 ἀσόγχυτον
1229 2255 1410 2309 αὐτῶν
1438 2251 1646 2311 ἕνωσιν.
1679 2255 1801 2311 Ὅτι
1825 2253 1914 2308 καὶ
1945 2253 2010 2308 τὰ

347 2341 427 2403 είς
481 2340 725 2405 σύνθεσιν
775 2340 924 2396 ἰόντα
976 2337 1162 2396 ἕνωσιν
1190 2342 1369 2416 καλεῖ,
1419 2342 1514 2398 κᾶν
1615 2341 1866 2416 ἀνόμοια·
1916 2341 2007 2397 καὶ

341 2426 510 2486 ποῖόν
545 2451 709 2508 φησιν
736 2431 795 2486 ’ὀν
824 2432 1042 2510 προέφη
1076 2430 1344 2509 ἐμφύλιον
1375 2431 1646 2506 πόλεμον.

416 2611 616 2683 ’Όμως
673 2611 966 2687 ἀκραιφνῆ.
1012 2611 1074 2667 Εἰ
1123 2610 1214 2666 καὶ
1253 2612 1320 2667 τὰ
1374 2618 1644 2688 στοιχεῖα,
1704 2612 1859 2686 φησὶ,
1904 2611 2005 2680 τὴν

342 2698 487 2772 πρὸς
534 2694 758 2767 ἄλληλα
808 2696 898 2752 καὶ
957 2697 1100 2771 μίξιν
1158 2699 1246 2753 καὶ
1308 2698 1634 2772 συμπλοκὴν
1695 2696 2002 2774 ἀδιαίρετον

344 2784 595 2863 ἔχουσιν,
646 2787 775 2841 ἀλλ’
831 2786 985 2860 ὅμως
1013 2788 1069 2841 αἱ
1116 2786 1325 2843 τούτων
1381 2787 1668 2858 ποιότητες
1694 2790 1791 2857 τὴν
1845 2788 2007 2864 ἀκρό-

341 2897 491 2946 τητα
520 2876 697 2931 αὐτῶν
746 2876 812 2930 οὐ
861 2874 1372 2952 παραπολλύουσιν,
1423 2880 1538 2932 οἷον
1569 2877 1631 2932 τὸ
1663 2879 1886 2952 θερμὸν,
1945 2878 2009 2933 τὸ

347 2966 540 3041 ξηρὸν,
572 2965 662 3019 καὶ
693 2964 762 3019 τὰ
793 2963 964 3020 λοιπὰ
989 2964 1041 3019 ἐν
1069 2968 1138 3039 τῇ
1184 2969 1292 3020 τῶν
1325 2963 1639 3041 ἓτεροειὸὧν
1667 2968 1878 3041 κράσει,
1906 2967 2008 3036 τὴν

352 3055 401 3109 ἒν
433 3058 516 3126 τῷ
547 3053 706 3108 παντὶ
739 3053 1150 3130 θεωρουμένην.

420 3144 571 3219 Πρὸς
628 3142 696 3197 τὰ
764 3141 1109 3216 ἀντικείμενα
1181 3141 1424 3217 κράσεως
1461 3189 1473 3202 .
1525 3149 1720 3218 Κρᾶσιν
1783 3141 2010 3209 ἐνταῦθα

1113 348 1172 400 S.
1215 347 1490 402 MAXIM!
1527 346 1832 403 SCHOLIA
1870 348 1944 400 IN
1982 347 2115 400 LlB.
2157 349 2252 402 DE
2289 350 2562 405 DIVINIS
2597 351 3009 406 NOMINIBUS.

3665 354 3776 410 394

1901 473 2014 536 Ση-
2046 471 2096 535 Α
2201 471 2375 538 Quam
2423 483 2641 529 saucius
2697 476 2884 529 Justus
2930 478 3088 528 vocat
3132 475 3528 532 insomzntiam.
3582 478 3778 549 [Nota]

2123 560 2193 613 de
2222 560 2408 625 Justo,
2442 565 2498 616 et
2528 562 2683 633 quod
2717 562 2980 617 numinis
3011 564 3550 634 pacem,silentium
3573 571 3631 623 et
3648 583 3777 623 mo-

2121 651 2218 702 tus
2249 651 2602 706 vacuitatem
2633 651 2908 724 appellet.
2942 651 3132 722 Hujus
3163 658 3361 709 autem
3405 656 3598 712 sancti
3619 657 3778 713 Justi

2125 738 2526 795 meminerunt
2547 743 2680 796 Acta
2711 745 3049 797 sanctorum
3083 743 3781 813 apostolorum,asseren-

2121 825 2204 881 tia
2232 827 2429 899 ipsum
2461 829 2635 885 etiam
2668 830 2844 886 Josen
2889 830 3103 886 vocari.
3123 832 3321 887 Potius
3345 832 3524 904 igitur
3552 834 3776 908 aliquid

2123 915 2300 970 etiam
2332 919 2708 989 conscripsit,
2741 923 2841 974 aut
2872 919 3046 975 etiam
3096 937 3210 976 non
3267 921 3505 994 scriptis
3533 923 3778 979 institu-

2121 1004 2383 1062 tionibus
2417 1023 2562 1062 usus
2594 1007 2721 1062 fuit.
2756 1008 2874 1064 Hoc
2898 1007 3078 1080 igitur
3099 1009 3514 1082 antiquitatem
3546 1028 3779 1084 quoque

2121 1093 2308 1149 sancti
2340 1095 2601 1167 Dionysii
2633 1097 2967 1168 confirmat,
3001 1102 3060 1154 et
3089 1101 3245 1170 quod
3272 1099 3452 1155 simul
3483 1116 3619 1157 cum
3644 1119 3777 1173 apo-

2127 1183 2297 1239 stolis
2329 1183 2476 1255 ipsis
2505 1190 2564 1240 et
2592 1185 2736 1241 viris
2768 1186 3106 1258 apostolicis
3136 1188 3399 1244 ﬂoruerit
3432 1204 3446 1243 :
3481 1193 3622 1245 nota
3642 1207 3780 1246 vero

2125 1272 2354 1328 divinos
2404 1272 2540 1329 illos
2586 1274 2740 1330 viros
2804 1275 3295 1349 phiIOSOphorum
3358 1278 3554 1334 verbis
3600 1280 3781 1335 etiam

2127 1377 2286 1429 usos,
2353 1361 2637 1438 ἀφθεγξίαν
2689 1363 2776 1417 καὶ
2831 1361 3108 1434 ἀκινησίαν
3165 1366 3266 1422 Dei
3325 1383 3530 1439 pacem
3587 1367 3780 1424 nomi-

2125 1455 2358 1508 nantes.
2560 1510 2561 1513 η

2196 1542 2422 1597 Deserat
2451 1558 2609 1597 suam
2661 1544 2942 1611 unionem,
2993 1543 3091 1600 Gr.
3139 1540 3351 1600 ἕνωσιν.
3405 1545 3636 1602 Ἕνωσιν
3669 1546 3780 1603 hoc

2123 1629 2270 1698 loco,
2305 1630 2575 1703 simplex,
2607 1635 2665 1688 et
2696 1649 2882 1689 unum
2916 1650 3020 1688 seu
3052 1634 3425 1691 individuum
3457 1636 3622 1694 dicit.

2194 1721 2347 1775 Intus
2380 1724 2488 1776 tota
2517 1721 2849 1777 manenst
2870 1727 2962 1779 est
2992 1739 3165 1779 suam
3189 1723 3612 1782 obscuritatem
3639 1743 3780 1799 pra:-

2125 1808 2344 1864 teriens
2377 1813 2554 1882 atque
2581 1811 2880 1868 deserens.

2197 1899 2332 1967 Quae
2360 1901 2779 1970 intelliguntur,
2813 1918 2876 1956 ac
2905 1903 3268 1958 nominantur
3284 1904 3419 1975 ejus.
3454 1904 3774 1978 Participa-

2123 1987 2312 2045 tiones
2343 2005 2470 2060 quae
2501 1989 2753 2062 intelligi
2783 1990 3018 2063 dicique
3047 1993 3468 2064 possunt,dicit
3497 2009 3776 2064 quaecun-

2122 2094 2236 2149 que
2266 2079 2435 2134 nobis
2466 2095 2570 2152 per
2597 2096 2665 2135 ea
2697 2096 2824 2152 qua
2855 2079 2915 2136 in
2946 2081 3250 2154 Scriptura
3298 2083 3577 2139 dicuntur
3597 2082 3775 2140 intel-

2119 2166 2296 2238 ligere
2327 2168 2618 2239 permissa
2646 2173 2806 2225 sunt.

2190 2260 2218 2326 §
2249 2257 2320 2314 ΙΙ.
2352 2259 2576 2314 Minime
2604 2263 2834 2332 confusa
2863 2262 3110 2332 ipsorum
3156 2262 3557 2334 conjunctione.
3607 2261 3771 2326 Quod

2117 2346 2375 2404 etiamea
2396 2364 2523 2420 quae
2552 2347 2611 2403 in
2643 2350 3409 2422 compositionemveniunt,
3439 2347 3629 2405 ἕνωσιν
3661 2369 3767 2408 vo-

2119 2440 2212 2491 cat
2243 2452 2256 2491 :
2290 2436 2400 2492 etsi
2431 2442 2571 2492 sunt
2595 2437 2911 2494 dissimilia
2941 2456 2954 2494 :
2992 2455 3056 2494 ac
3074 2439 3247 2511 quale
3277 2440 3421 2496 dicit
3450 2441 3606 2512 quod
3630 2445 3766 2497 ante

2117 2523 2266 2579 dixit
2294 2524 2646 2581 intestinum
2680 2525 2924 2584 bellum.

2190 2614 2384 2669 Tamen
2411 2631 2576 2684 pura.
2609 2615 2734 2672 Etsi
2756 2615 3066 2684 elementa,
3098 2617 3314 2690 inquit,
3350 2619 3690 2675 mistionem
3713 2622 3772 2675 et

2118 2701 2486 2773 complexum
2519 2701 2675 2759 inter
2704 2721 2764 2760 se
2796 2705 3044 2762 minime
3073 2706 3429 2763 divisibilem
3461 2708 3720 2764 habeant
3751 2724 3765 2762 :

2117 2795 2313 2846 tamen
2347 2790 2558 2847 borum
2599 2792 2913 2861 qualitates
2958 2811 3072 2850 non
3102 2795 3253 2850 male
3296 2797 3552 2867 perdunt
3601 2813 3773 2852 suam

2118 2880 2570 2945 extremitatem,
2600 2881 2780 2937 veluti
2812 2881 3092 2951 calidum,
3125 2883 3444 2955 siccum,et
3473 2883 3694 2956 reliqua
3714 2887 3774 2940 in

2119 2986 2320 3025 eorum
2355 2986 2481 3040 quas
2515 2969 2754 3026 diversae
2786 2971 2985 3026 formae
3017 2976 3159 3027 sunt
3209 2971 3511 3045 temperie,
3544 2973 3606 3028 in
3640 2972 3772 3028 uni-

2118 3075 2284 3115 verso
2316 3059 2770 3114 consideratam.

2191 3149 2339 3204 217
2372 3153 2482 3203 Per
2509 3151 3422 3221 contrariorumtemperationem.
3457 3152 3774 3223 Tempera-

344 3233 573 3304 νοητέον
603 3230 664 3287 οὗ
721 3232 822 3300 τὴν
877 3231 950 3293 ὡς
1009 3229 1222 3286 inito-3
1257 3234 1422 3308 ὑγροῦ
1453 3232 1701 3310 φύρασιν,
1758 3234 1848 3288 καὶ
1905 3235 2006 3303 τήν

2132 3236 2336 3291 :ionem
2369 3235 2478 3291 hoc
2509 3236 3246 3308 locointelligendum,non
3262 3256 3393 3296 eam
3417 3257 3544 3312 quae
3578 3241 3638 3295 in
3661 3239 3772 3295 hu-

347 3321 711 3396 ἀφανίζουσαν
737 3320 808 3375 τὰ
844 3319 1196 3393 ὑποκείμενα,
1227 3319 1376 3377 ἀλλᾶ
1401 3323 1500 3390 τήν
1558 3322 1859 3394 σῦμπνοιαν
1919 3324 2009 3378 καὶ

350 3407 761 3483 ἀλληλουχίαν,
808 3410 908 3478 τήν
958 3407 1009 3463 έν
1060 3408 1298 3484 ἁρμονίᾳ
1336 3410 1709 3488 φυλᾶίττουσαν
1766 3413 1832 3465 τὰ
1889 3411 2010 3478 ἐφε-

345 3501 560 3552 στῶτα⁷
602 3497 692 3552 καὶ
748 3497 816 3552 τὰ
875 3496 1300 3572 ὑποτεταγμένα·
1362 3501 1530 3570 νοητά
1582 3521 1725 3576 φημι
1784 3499 1873 3555 καί
1922 3501 2010 3555 αἰ-

344 3587 547 3656 σθητὰ,
576 3585 824 3640 τουτέστι
879 3586 948 3640 τὰ
975 3585 1032 3639 έν
1065 3587 1295 3659 γενέσει,
1344 3587 1433 3642 καὶ
1489 3585 1620 3641 αὐτᾶ
1679 3585 1736 3642 δὲ
1763 3589 1829 3643 τὰ
1857 3587 2009 3643 ἐναν-

341 3675 458 3744 τία,
490 3678 610 3730 οἷον
655 3673 1009 3751 εἷρηνεόοντα
1054 3675 1192 3748 πρὸς
1241 3675 1488 3746 ἄλληλα,
1522 3677 1595 3738 ὡς
1624 3677 1686 3731 τὸ
1716 3675 1861 3751 ὕδωρ
1918 3678 2008 3733 καὶ

343 3767 452 3832 τήν
481 3770 608 3839 γῆν,
642 3764 688 3835 ᾧ
718 3758 1167 3839 περιϐεϐλημένη
1200 3766 1234 3833 ἡ
1267 3771 1336 3840 γῆ
1373 3765 1438 3820 οὐ
1473 3764 1681 3838 λύεται,
1733 3766 1822 3822 καὶ
1857 3768 1884 3823 ὁ
1917 3767 2007 3822 οὗ·

348 3854 514 3930 ρανὸς
545 3852 597 3923 ἐξ
655 3849 851 3914 ὕδατος
900 3848 998 3924 ὢν,
1042 3853 1132 3907 καὶ
1161 3854 1189 3908 ὁ
1239 3854 1402 3931 αἰθήρ
1435 3854 1495 3909 οὗ
1526 3852 1669 3909 λύων
1700 3856 1792 3910 τὸν
1842 3855 2009 3932 οὖρα-

343 3942 465 3997 νὸν’
498 3941 587 3996 καὶ
619 3939 776 4004 οὗτός
811 3939 950 3996 ἐστιν
975 3942 1004 3996 ὁ
1036 3940 1304 4020 ἐμφύλιος
1336 3942 1601 4016 πόλεμος,
1635 3945 1694 4000 ’ὃν
1728 3944 1790 3999 οὗ
1840 3945 2005 4020 μόνον

348 4035 377 4086 ὂ
435 4029 779 4106 δημιουργὸς
827 4034 1011 4099 σοφῶς
1057 4029 1284 4105 ἐξεῦρεν,
1334 4031 1480 4087 ἀλλὰ
1533 4033 1622 4088 καὶ
1681 4037 2006 4113 σοφωτέρως

349 4120 428 4182 είς
479 4118 667 4198 φιλίαν
713 4118 804 4174 καὶ
855 4120 1120 4196 ἁρμονίαν
1148 4117 1263 4198 ἄγει
1292 4121 1361 4176 τὰ
1389 4120 1561 4177 πᾶντα
1587 4120 1658 4178 δι’
1685 4125 1864 4178 αὐτῶν
1895 4129 2002 4179 τῶν

345 4209 542 4266 ἁπλῶν
594 4208 910 4284 στοιχείων,
953 4210 1089 4264 κατὰ
1130 4211 1192 4265 τὸ
1239 4209 1550 4286 εἰρημένον,
1600 4210 1763 4288 Θέρος
1792 4212 1880 4268 καί
1912 4211 2004 4290 ἔαρ

347 4300 410 4353 σὺ
444 4298 736 4370 ἐποίησας.

420 4479 525 4535 Καὶ
559 4477 754 4552 ἀμιγῆ.
786 4478 994 4552 Ἀμιγῆ
1025 4477 1118 4532 καὶ
1159 4476 1572 4553 συγκεκραμένα
1602 4480 1718 4533 εἷπε
1745 4477 1882 4534 κατὰ
1907 4480 2005 4548 τὴν

343 4569 700 4643 προτεθεῖσαν
734 4563 997 4641 ἐκδοχήν.

492 4657 504 4675 ν
568 4657 588 4671 Π
826 4659 849 4671 ο
1213 4655 1227 4676 Ι
1524 4653 1548 4676 ν
1669 4676 1688 4688 .
1774 4679 1786 4688 _
1847 4656 1862 4678 ἱ
1904 4654 1932 4675 ν

423 4663 484 4710 Δι
562 4677 622 4724 ην
657 4656 710 4710 οἱ
766 4654 1052 4718 θειοινόες
1107 4653 1411 4728 ἐνουμενοι.
1475 4658 1720 4730 Ειπομεν
1776 4678 2008 4712 καιανω

344 4745 476 4805 τοὺς
509 4743 689 4808 θείους
717 4743 846 4807 νόας
877 4744 970 4800 καὶ
1020 4744 1243 4806 ἑαυτοὺς
1291 4751 1460 4816 νοεῖν,
1499 4746 1587 4800 καὶ
1645 4745 1772 4804 τοὺς
1818 4746 2011 4802 ἐπανα-

349 4830 681 4906 ϐεϐηκότας,
729 4833 820 4888 καὶ
863 4833 931 4888 τὰ
981 4831 1374 4909 ὑποδεέστερα·
1445 4835 1534 4889 καὶ
1582 4836 1758 4907 μένειν
1811 4836 1906 4907 μὲν
1953 4836 2005 4891 ἐν

345 4926 585 4994 ἑαυτοῖς,
637 4921 764 4978 ὅταν
811 4922 879 4978 τὰ
928 4923 1126 4977 ἑαυτῶν
1163 4922 1418 4999 ἐνεργῶσι
1467 4928 1586 4986 ταῖς
1621 4925 1826 4979 ἑαυτῶν
1861 4925 2008 4980 ἑνού-

351 5034 509 5086 μενοι
569 5014 840 5082 νοήσεσιν·
896 5010 971 5074 εἷς
1027 5009 1086 5067 δὲ
1119 5009 1188 5067 τᾶ
1217 5010 1317 5082 ἔξω
1349 5009 1525 5067 δοκεῖν
1555 5013 1825 5088 προϊέναι,
1885 5013 2008 5068 ὅταν

349 5100 408 5158 δὲ
454 5100 523 5156 τὰ
559 5095 945 5172 ὑποϐεϐηκότα
973 5105 1162 5171 νοῶσι,
1209 5101 1300 5155 καὶ
1349 5100 1419 5156 τὰ
1478 5101 1856 5178 ὑπερκείμενα·
1916 5101 2006 5157 καὶ

345 5191 528 5256 οὕτως
558 5191 634 5254 ὡς
675 5189 893 5268 ἐφικτὸν
923 5189 1000 5252 εἷς
1028 5191 1091 5244 τὸ
1121 5194 1288 5258 νοεῖν,
1320 5189 1411 5244 καὶ
1440 5195 1549 5245 τῶν
1577 5190 1790 5246 πάντων
1835 5189 2005 5246 αἴτιον

343 5279 664 5337 ἐπανίωσιν.
721 5278 881 5338 Οὕτω
931 5275 990 5334 δὲ
1033 5283 1286 5342 νοοῦντες
1328 5280 1378 5333 οἱ
1427 5284 1562 5344 θεῖοι
1611 5281 1749 5352 νόες,
1805 5280 2008 5354 ὁμολο-

417 5451 503 5526 (y)
536 5450 690 5508 Psal.
725 5467 921 5523 Lxxm,
958 5451 1042 5508 17.

2123 3325 2283 3381 mido
2314 3325 2380 3380 fit
2409 3325 2692 3396 mistio,et
2722 3327 2988 3397 subjecta
3019 3329 3378 3399 corrumpit;
3413 3329 3514 3384 sed
3539 3329 3774 3400 conspi-

2121 3413 2407 3471 rationem
2439 3418 2496 3469 et
2527 3414 2702 3470 unius
2735 3417 2806 3470 ab
2838 3415 3022 3472 altero
3053 3417 3682 3488 dependentiam,quae
3712 3418 3773 3472 in

2120 3519 2401 3575 compage
2432 3504 2688 3559 custodit
2717 3521 2784 3559 ca
2815 3521 2943 3576 quae
2973 3510 3257 3576 praesunt,
3279 3511 3336 3560 et
3363 3523 3491 3578 qua:
3515 3507 3777 3563 subsunt

2121 3591 2769 3663 Intelligibiliainquam
2805 3599 2861 3648 et
2891 3593 3219 3664 sensilia,id
3251 3599 3341 3650 cst
3370 3612 3499 3665 quae
3525 3594 3777 3667 gignun-

2122 3687 2237 3748 tur,
2269 3686 2326 3737 et
2357 3681 2485 3753 ipsa
2511 3687 2708 3736 autem
2741 3683 3056 3754 contraria,
3089 3682 3270 3739 veluti
3302 3701 3504 3754 pacem
3535 3683 3691 3739 inter
3713 3699 3776 3740 se

2119 3775 2324 3844 agunt,
2359 3775 2424 3827 ut
2453 3787 2664 3844 aquam
2696 3775 2754 3828 et
2792 3777 3034 3842 terram,
3065 3789 3184 3845 qua
3231 3778 3388 3830 terra
3429 3775 3776 3830 circumcin-

2119 3866 2212 3916 cta
2241 3877 2358 3916 non
2390 3859 2672 3929 solvitur;
2707 3866 2764 3917 et
2793 3861 3001 3918 coelum
3053 3878 3123 3917 ex
3173 3879 3328 3935 aqua
3381 3866 3633 3934 constat,
3669 3879 3776 3919 nec

2113 3955 2310 4005 tamen
2333 3949 2514 4005 zether
2545 3950 2788 4006 dissovit
2815 3950 3026 4006 coelum
3050 3971 3064 4019 ;
3099 3955 3276 4022 atque
3296 3951 3405 4007 hoc
3435 3955 3525 4007 est
3545 3952 3776 4007 intesti-

2116 4056 2258 4094 num
2291 4038 2534 4106 bellum,
2571 4039 2723 4111 quod
2757 4044 2985 4096 creator
3027 4057 3142 4095 non
3191 4044 3426 4096 tantum
3470 4041 3770 4112 sapienter

2115 4127 2358 4197 invenit,
2391 4128 2493 4183 sed
2526 4129 2706 4184 etiam
2739 4128 3065 4201 sapientius
3096 4129 3298 4185 omnia
3341 4129 3402 4185 in
3443 4129 3772 4188 amicitiam

2117 4223 2176 4274 ct
2205 4217 2774 4290 coagmentationem
2829 4235 2932 4289 per
2961 4218 3091 4290 ipsa
3139 4217 3436 4290 simplicia
3482 4219 3776 4276 elementa

2119 4306 2302 4375 ducit,
2335 4306 2664 4362 secundum
2708 4306 3076 4378 Scripturam
3113 4323 3126 4362 :
3163 4309 3428 4363 Αἰδιαιεηι
3473 4315 3528 4364 et
3578 4325 3670 4366 ver
3717 4311 3777 4364 tu

2116 4397 2392 4468 plasmatz’
2421 4395 2522 4467 (y).

2188 4487 2362 4556 Atque
2391 4485 2758 4554 impcrmisla.
2791 4483 2914 4539 Non
2952 4485 3131 4540 mista
3161 4489 3219 4541 et
3249 4489 3576 4558 temperata
3626 4485 3773 4541 dixit

2038 4586 2082 4650 D
2113 4574 2440 4630 secundum
2475 4573 2842 4645 propositam
2877 4574 3046 4629 nobis
3079 4575 3504 4645 acceptionem.

2190 4668 2301 4718 Per
2325 4663 2466 4716 hanc
2495 4661 2708 4719 divinae
2746 4672 2955 4718 mentes
3002 4664 3301 4735 capulataz.
3336 4662 3602 4718 Diximus
3633 4679 3780 4736 quo-

2115 4767 2224 4824 que
2257 4751 2532 4822 superius
2565 4751 2793 4806 divinas
2824 4754 3139 4814 mentes,et
3173 4751 3400 4822 scipsas
3423 4750 3774 4824 intelligere,

2117 4845 2174 4897 et
2203 4840 2533 4912 superiores
2565 4844 2622 4895 et
2644 4840 2919 4895 inferiora
2943 4859 2958 4909 ;
2991 4840 3245 4911 atquein
3272 4840 3486 4911 seipsis
3511 4856 3776 4910 manere,

2118 4946 2253 4986 cum
2285 4947 2394 4986 sua
2422 4934 2691 4985 exercent
2713 4929 2840 4985 suis
2863 4929 3040 4984 unitas
3064 4929 3523 5002 cogitationibus
3547 4946 3562 4984 :
3587 4928 3772 4985 videri

2118 5022 2316 5074 autem
2348 5022 2510 5074 extra
2541 5018 2837 5090 progredi,
2870 5019 3110 5090 quando
3155 5019 3333 5075 etiam
3367 5018 3648 5074 inferiora
3677 5034 3775 5074 co-

2117 5107 2309 5180 gitant
2338 5113 2396 5163 et
2426 5108 2768 5178 superiora;
2800 5111 2976 5179 atque
3009 5108 3092 5163 ita
3123 5125 3226 5179 pro
3289 5107 3513 5163 viribus
3546 5108 3616 5163 ad
3650 5123 3778 5163 om-

2118 5196 2282 5252 nium
2314 5200 2613 5252 auctorem
2649 5196 3101 5268 intelligendum
3144 5197 3390 5252 redeunt
3423 5214 3436 5252 :
3470 5195 3557 5252 sic
3579 5201 3777 5256 autem

2117 5284 2513 5356 intelligentes
2543 5285 2751 5340 divinae
2783 5289 3030 5356 mentes,
3064 5285 3192 5341 sine
3241 5285 3422 5342 dubio
3477 5285 3774 5342 uniuntur

1364 5549 1610 5605 VARUE
1649 5549 2043 5608 LECTIONES
2082 5553 2171 5608 ET
2209 5551 2763 5623 CORRECTIONES.

419 5676 444 5712 ε
468 5692 558 5749 γρ.
592 5673 807 5738 ἑαυτῆς.
887 5673 907 5709 ⁷
937 5691 1022 5748 γρ.
1061 5672 1361 5743 ὑφεστῶτα.

681 5803 945 5865 ΡΑτιιοι.
992 5801 1104 5862 Gn.
1150 5801 1252 5864 IV.

3381 5811 3451 5868 l3
