4108 6396
396 397 509 452 397

475 524 504 589 ἓ
549 520 642 576 Ill.
697 523 821 580 Πῶς
882 516 960 586 δὲ,

396 606 665 683 λέγοντας
721 609 797 681 μή
831 605 1069 686 ἐφίεσθαι
1125 606 1298 664 πάντα
1355 609 1575 686 εἰρήνης
1607 628 1618 641 ·
1664 607 1755 662 καὶ
1811 606 1862 661 τί
1914 606 2052 660 ἐστιν

398 698 686 773 ἑτερότης.

473 791 592 841 Τῶν
658 782 830 842 ὄντων
904 784 1175 857 ἰδιότητα.
1229 785 1545 861 Σημείωσαι
1602 787 1653 841 τί
1716 806 1876 863 φησιν
1924 781 2060 838 ἰδιό-

395 896 543 947 τητα
569 895 582 908 ·
623 876 704 932 δτι
735 876 799 930 τὸ
829 876 967 935 εἶναι
995 872 1244 945 ἕκαστον,
1273 876 1347 938 ὡς
1378 869 1493 951 ἔχει
1527 877 1761 957 φύσεως,
1789 874 1879 929 καὶ
1927 875 2064 928 κατὰ

394 965 464 1019 τὸ
495 963 629 1019 αύτδ
680 965 756 1027 ὡς
806 966 1010 1044 γέγονε.
1044 967 1228 1022 Ταῦτα
1274 964 1412 1020 κατᾶ
1443 963 1782 1040 Ἀκεφάλων,
1810 966 1919 1018 τῶν
1972 960 2063 1018 καὶ

397 1057 854 1132 ἀγνοούντων,τί
905 1055 1049 1113 ἐστιν
1110 1054 1342 1128 ἰδιότης.
1377 1055 1500 1113 Ἐπὶ
1556 1054 1700 1112 πολὺ
1762 1053 1820 1110 δὲ
1857 1057 2066 1126 κατεξε-

393 1147 551 1216 τάζει
597 1147 697 1216 τήν
749 1146 873 1223 περὶ
919 1153 1017 1223 τῆς
1051 1143 1328 1218 ἰδιότητος
1356 1144 1716 1222 κυριολεξίαν,
1754 1143 2062 1224 σαφηνίζων

400 1236 598 1306 αύτήν.

477 1323 656 1383 Ἀλλᾶ
701 1325 792 1380 καὶ
853 1323 1058 1398 ταύτην
1118 1324 1338 1399 εἰρήνης
1419 1321 1622 1402 ἔφεσιν.
1683 1324 1955 1386 Ἐντεῦθεν
2028 1323 2063 1389 ἡ

404 1412 587 1478 λύσις.
619 1417 736 1468 Τῶν
800 1415 1002 1472 ἑαυτῶν
1065 1409 1120 1468 δὲ
1177 1433 1338 1494 φησιν
1396 1412 1514 1467 ἀντὶ
1561 1415 1656 1466 τοῦ
1685 1416 1792 1466 τῶν
1827 1408 2064 1483 ἰδιωμά-

398 1524 539 1561 των.

482 1589 823 1664 ’Δκινησίαν.
879 1592 1199 1662 Ἀκινησίαν
1257 1589 1388 1671 φησῖ
1447 1591 1510 1646 τὸ
1573 1590 1649 1663 μή
1718 1587 2065 1662 μεταπίπτειν

399 1687 507 1750 τῆς
542 1679 748 1743 οἰκείας
781 1679 995 1758 φύσεως
1024 1679 1112 1734 καὶ
1139 1682 1425 1751 κινήσεως.

479 1771 626 1841 διν.
662 1771 766 1827 Καὶ
807 1769 852 1824 εἰ
897 1769 964 1824 τὰ
1005 1769 1303 1843 κινούμενα
1358 1769 1553 1826 πάντα.
1596 1765 1791 1829 Καλῶς
1845 1768 1958 1822 εἶπε
2002 1765 2069 1820 τὰ

402 1858 588 1912 πάντα
635 1864 900 1922 κινεῖσθαι
951 1859 1013 1912 οὐ
1070 1859 1197 1932 μίαν
1240 1859 1479 1930 κίνησιν,
1503 1855 1632 1913 ἀλλ’
1660 1854 1795 1910 ἰδίαν
1828 1854 1949 1910 τινὰ
1977 1854 2067 1908 καὶ

398 1945 770 2018 κατάλληλον
815 1947 1029 2016 κίνησιν
1066 1968 1079 1980 ·
1131 1947 1197 2002 τὰ
1249 1948 1344 2020 μὲν
1391 1947 1494 2023 γὰρ
1551 1946 1722 2015 νοητὰ
1772 1944 1864 1999 καὶ
1912 1944 2072 2019 νοερά

416 2036 441 2052 ν
649 2056 662 2069 ‘
733 2036 747 2054 ἱ
787 2033 828 2054 ἡκ
906 2037 920 2055 9
1081 2037 1093 2054 \
1187 2037 1200 2055 ε
1323 2036 1336 2056 ν
1839 2034 1852 2050 ο
2027 2031 2038 2050 1

410 2035 611 2092 αλλως
691 2057 757 2090 τα
783 2055 841 2092 οε
872 2038 1102 2107 αισθητα
1139 2058 1240 2105 την
1295 2057 1369 2099 εις
1420 2034 1650 2111 γένεσιν,
1682 2033 1718 2104 ἢ
1765 2055 1854 2088 και
1913 2053 2071 2087 ποιαν

407 2147 541 2182 τινα
571 2126 788 2196 κίνησιν
824 2130 1076 2197 κινεῖται,
1108 2126 1230 2200 περὶ
1267 2125 1341 2180 ὧν
1373 2123 1424 2179 ἐν
1450 2129 1530 2196 τῷ
1567 2123 1765 2196 ἐννάτῳ
1794 2120 2074 2198 κεφαλαίῳ

413 2213 784 2290 διεξήλθομεν
813 2212 1175 2291 τελειότερον.

489 2306 593 2359 Καὶ
652 2305 752 2374 τήν
801 2305 1018 2358 πάντων
1072 2307 1179 2357 τῶν
1233 2302 1572 2375 κινουμένων
1631 2297 1903 2372 ἰδιότητα.
1955 2301 2076 2354 ’Ότι

411 2392 636 2464 ἰδιότης
668 2391 780 2448 ἐστὶ
810 2393 901 2448 καὶ
932 2395 968 2462 ἡ
999 2393 1259 2463 κινητική
1295 2391 1407 2461 ζωὴ
1439 2395 1536 2446 τοῦ
1572 2390 1693 2445 καθ’
1720 2387 1966 2446 ἕκαστον.

494 2573 617 2647 §V.
652 2570 713 2627 Εἰ
765 2567 821 2626 δὶ
852 2570 952 2638 τὴν
979 2570 1095 2625 κατ’
1131 2567 1420 2624 ἔκπτωσιν.
1457 2569 1596 2644 Πρὸς
1639 2566 1768 2630 τοὺς
1819 2565 2077 2640 λέγοντας

414 2661 720 2736 ἑτερότητα
750 2659 879 2714 εἶναι
925 2660 1028 2728 τὴν
1076 2658 1193 2713 κατ’
1225 2655 1490 2712 ἔκπτωσιν
1518 2659 1539 2693 ⁹
1565 2663 1666 2724 τῆς
1715 2654 1958 2730 εἰρήνης,
1987 2654 2077 2709 καὶ

407 2751 658 2808 ἐντεῦθεν
693 2749 1169 2826 ἰσχυριζομὲιιους,
1203 2747 1279 2820 μὴ
1311 2751 1470 2801 πᾶσιν
1521 2743 1751 2820 ἐραστὴν
1797 2744 1930 2799 εἰναι
1976 2743 2075 2812 τὴν

413 2841 668 2918 εἰρήνην,
704 2836 1022 2910 Σημεέωσαι
1079 2836 1175 2897 τὰς
1235 2831 1330 2888 δύο
1381 2833 1701 2908 ἑτερότητας
1736 2851 1750 2865 ·
1789 2831 1935 2918 μίανΔ
1980 2830 2076 2904 μὶν

410 2915 518 2997 την
548 2928 670 2982 κατ’
697 2925 963 2980 ἔκπτωσιν
1000 2923 1224 3000 εἰρήνης
1258 2941 1270 2955 ·
1303 2921 1394 2978 καὶ
1427 2922 1607 2998 ὲτὲραν
1639 2923 1738 2991 τὴν
1766 2924 1873 2974 τῶν
1907 2915 2078 2975 ὄντων

413 3018 650 3075 ἑκάστου
685 3013 955 3087 ἰδιότητα.

490 3107 573 3166 Τὸ
607 3107 710 3183 γὰρ
742 3105 919 3175 πάντη
953 3101 1203 3159 ἄστατον.
1237 3101 1560 3176 Θαυμασίως
1610 3101 1789 3164 ἀθετεῖ
1829 3100 1925 3160 τὰς
1971 3102 2076 3153 τῶν

411 3195 710 3266 Ἑλλήνων
743 3193 834 3249 καὶ
881 3197 988 3248 τῶν
1033 3189 1298 3248 τοιούτων
1359 3191 1646 3266 αἱρετικῶν
1676 3189 1924 3266 γνώμας,
1958 3189 2080 3242 οῖον

1160 403 1218 455 S.
1261 402 1533 455 MAXIM!
1571 399 1875 454 SCHOLIA
1913 400 1986 452 IN
2025 399 2160 452 LIB.
2201 401 2298 453 DE
2335 399 2612 453 DIVINIS
2649 397 3068 455 NOMINIBUS.

3722 397 3828 452 398

1021 517 1152 597 φαίη
1213 541 1318 583 τις.
1379 520 1673 583 ’Δντίθεσις
1733 520 1868 595 πρὸς
1925 517 2052 580 τοὺς

2242 521 2271 596 §
2304 521 2401 578 Ill.
2436 521 2538 578 Sed
2567 521 2831 594 quomodo
2863 521 3008 576 dicet
3056 520 3292 592 aliquis.
3345 521 3646 594 Oppositio
3695 538 3832 594 pro-

2169 615 2296 682 pter
2329 627 2430 666 eos
2453 613 2555 683 qui
2589 616 2807 685 negant
2837 609 3037 667 omnia
3067 628 3270 683 pacem
3305 627 3538 682 cupere,
3588 615 3646 668 et
3689 611 3831 685 quid

2169 699 2247 754 sit
2277 699 2532 774 ἑτερότης
2564 719 2667 758 seu
2708 701 3044 757 diversitas.

2241 794 2444 846 Rerum
2472 793 2890 868 proprietatem.
2923 789 3075 846 Nota
3101 790 3239 862 quid
3289 790 3445 846 dicat
3493 791 3821 863 proprieta-

2173 883 2288 932 tem
2316 895 2330 950 ;
2365 896 2594 952 nempe,
2627 880 3086 951 unumquodque
3117 895 3267 944 esse,
3295 878 3448 934 sicut
3469 879 3650 935 habet
3673 897 3704 935 a
3730 897 3830 934 na-

2174 971 2330 1035 tura,
2365 971 2420 1023 et
2442 967 2597 1023 idem
2631 969 2786 1041 quod
2818 968 2946 1024 fuit.
2981 968 3108 1024 Haec
3141 972 3344 1025 contra
3385 968 3728 1041 Aoephalos,
3776 971 3832 1024 et

2177 1071 2276 1111 eos
2306 1054 2402 1125 qui
2433 1056 2706 1128 ignorant
2737 1058 2876 1130 quid
2902 1053 3144 1128 ἰδιότης;
3195 1056 3460 1130 pluribus
3503 1073 3639 1113 vero
3695 1074 3831 1114 exa-

2180 1143 2365 1202 minat
2391 1145 2530 1220 quid
2562 1147 2794 1220 proprie
2820 1143 3030 1216 ἰδιότης
3062 1147 3373 1219 signiticet,
3397 1146 3710 1219 ipsamque
3735 1147 3832 1203 de-

2177 1232 2379 1289 clarat.

2247 1322 2356 1379 Sed
2385 1322 2725 1379 desiderium
2750 1325 2905 1396 pacis
2948 1325 3185 1397 idipsum
3236 1341 3466 1396 quoque.
3514 1325 3621 1380 Hic
3670 1325 3827 1381 solu-

2180 1409 2256 1466 tio
2283 1431 2296 1482 ;
2331 1411 2476 1467 dixit
2507 1416 2705 1469 autem
2736 1413 2945 1467 ἑαυτῶν
2974 1431 3006 1470 a
3038 1431 3118 1485 se,
3170 1431 3274 1486 pro
3325 1410 3642 1486 ἰδιωμάτῶν
3700 1429 3832 1486 pro-

2178 1499 2554 1573 prietatibus.

2250 1591 2898 1664 2191mmobilitatcm,
2969 1593 3064 1648 Gr.
3143 1592 3450 1663 ἀκινηαίαν.
3515 1593 3832 1664 Ἀκινησίαν

2177 1679 2338 1747 dicit,
2364 1696 2481 1736 non
2516 1679 2710 1736 delabi
2743 1698 2777 1737 a
2808 1682 3046 1755 propria
3077 1687 3290 1738 natura
3319 1687 3376 1739 et
3401 1683 3676 1740 motione.

2248 1767 2398 1838 §lV.
2431 1768 2495 1824 Si
2520 1774 2718 1827 cuncta
2748 1785 2911 1842 porro
2963 1789 3082 1842 quae
3121 1775 3430 1828 moventur.
3481 1773 3651 1828 Recte
3695 1773 3842 1828 dixit

2178 1855 2377 1913 omnia
2407 1858 2645 1927 moveri,
2680 1875 2795 1914 non
2820 1876 2939 1914 una
2989 1860 3267 1931 motione,
3292 1861 3393 1916 sed
3435 1860 3668 1933 propria
3699 1877 3846 1933 qua-

2183 1946 2320 2001 dam
2352 1950 2409 2001 et
2438 1948 2806 2004 convenienti
2833 1948 3128 2017 motione;
3182 1966 3320 2004 nam
3363 1949 3757 2021 intelligibilia
3787 1955 3844 2005 et

2183 2035 2578 2110 intelligentia
2597 2036 2767 2092 aliter
2793 2055 2808 2108 ;
2832 2037 3139 2094 sensibiiia
3154 2055 3310 2108 vero,
3331 2039 3391 2094 in
3409 2039 3844 2110 generationem

2185 2128 2288 2180 aut
2317 2123 2576 2196 aliquam
2609 2123 2861 2180 similem
2893 2128 3211 2183 motionem
3245 2131 3588 2197 moventur;
3625 2129 3696 2183 de
3719 2128 3843 2200 qui-

2186 2215 2297 2270 bus
2318 2212 2379 2268 in
2415 2230 2566 2269 nono
2597 2215 2787 2287 capite
2818 2215 3132 2287 perfectius
3164 2217 3572 2273 disseruimus.

2255 2303 2430 2374 Atque
2459 2318 2648 2359 eorum
2678 2303 2927 2360 omnium
2956 2321 3078 2376 quae
3105 2315 3399 2362 moventur
3416 2305 3829 2379 proprietatem.

2185 2391 2608 2464 Proprietatem
2642 2410 2877 2466 quoque
2908 2411 3059 2466 esse,
3097 2395 3399 2451 motriccm
3447 2396 3732 2470 cujusque
3760 2396 3841 2451 vi-

2185 2485 2332 2537 tam.

2259 2569 2375 2638 §V.
2411 2570 2684 2628 Caeterum
2723 2571 2775 2628 si
2821 2575 2945 2643 quis
2999 2573 3428 2646 protapsionem.
3479 2577 3698 2631 Contra
3748 2591 3847 2631 eos

2189 2659 2286 2732 qui
2320 2659 2528 2716 dicunt
2558 2660 2944 2718 mutationem
2977 2678 3107 2720 esse
3137 2681 3172 2720 a
3201 2680 3345 2736 pace
3391 2663 3849 2738 prolapsionem,

2189 2752 2246 2804 et
2277 2748 2414 2804 hino
2445 2749 2818 2819 confirmant,
2849 2767 2966 2806 non
2989 2766 3120 2807 esse
3138 2752 3412 2808 omnibus
3448 2769 3654 2824 pacem
3688 2769 3852 2824 expc-

2188 2838 2451 2894 tendam.
2483 2837 2631 2894 Nota
2651 2839 2801 2894 duas
2826 2841 3216 2897 mutationes:
3238 2857 3416 2897 unam
3437 2841 3697 2914 quidem,
3723 2859 3852 2915 pro-

2189 2926 2515 2999 lapsionem
2548 2945 2582 2983 a
2612 2943 2792 2999 pace,
2837 2932 2894 2984 et
2940 2928 3185 2986 alteram
3237 2931 3712 3003 uniuscujusque
3763 2933 3848 2988 rei

2190 3015 2627 3088 proprietatem.

2260 3105 2318 3160 Id
2349 3107 2498 3160 enim
2529 3104 2670 3178 quod
2696 3107 2918 3177 penitus
2950 3107 3214 3164 instabile
3257 3116 3360 3166 est.
3409 3108 3848 3167 Admirabiliter

2190 3193 2778 3266 abrogatGraacorum
2794 3199 2850 3250 et
2865 3193 3151 3251 similium
3179 3197 3587 3254 haereticorum
3618 3202 3846 3255 senten-

413 3285 886 3347 Οὖαλεντινιανῶν
915 3283 1008 3341 καὶ
1041 3282 1388 3360 Μανιχαίων,
1420 3285 1526 3337 τῶν
1559 3282 1657 3350 τὴν
1691 3277 1827 3350 ὕλην
1887 3279 2072 3334 ὑποθε-

2199 3281 2330 3351 tias,
2363 3299 2572 3355 nempe
2592 3282 3141 3340 Valentinianorum
3160 3291 3218 3341 et
3243 3285 3717 3355 Manicbaorum,
3742 3287 3845 3359 qui

428 3377 604 3453 μενων
634 3375 834 3451 ἀρχὴν,
867 3373 935 3428 τὰ
963 3371 1176 3429 ἐναντία
1208 3379 1470 3447 φέρουσαν
1516 3370 1567 3424 ἐν
1619 3370 1783 3442 ἑαυτῇ
1826 3373 1943 3430 τοῖς
1983 3370 2082 3422 τοῦ

430 3471 563 3524 Θεοῦ
599 3484 612 3497 ·
644 3464 897 3521 ἄστασίαν
941 3463 1042 3540 γὰρ
1083 3462 1173 3516 καὶ
1219 3459 1539 3541 περιφορὰν,
1572 3460 1658 3514 καὶ
1693 3456 1962 3532 ἀπειρίαν,
1993 3456 2082 3511 καὶ

418 3555 726 3631 ἀοριστίαν,
759 3553 852 3609 καὶ
904 3550 1071 3608 ταῦτα
1130 3553 1304 3606 πάντα
1362 3547 1584 3620 διηνεκῆ
1634 3548 1733 3616 τὴν
1782 3545 1920 3617 ὅλην
1949 3543 2084 3624 ἔφη·

418 3668 538 3715 σαν,
575 3644 708 3723 ὅπερ
768 3640 1152 3698 ἀποδείκνυται
1209 3636 1400 3716 ψευδὲς
1450 3636 1672 3708 ἀληθῶς
1701 3632 1983 3697 παντελῶς
2018 3637 2081 3690 ίο.

416 3733 580 3791 οὐδὲν
633 3733 736 3811 γὰρ
783 3731 953 3802 ἐστὶν,
980 3728 1105 3786 ούδὶ
1137 3731 1379 3808 γέγονεν,
1412 3728 1440 3782 ’ὀ
1475 3728 1550 3802 μὴ
1585 3727 1674 3804 ἀφ’
1699 3726 1761 3781 οὗ
1792 3726 2081 3799 παρήχθη,

415 3826 514 3880 καὶ
548 3821 1055 3897 διακεκοσμημένον
1091 3819 1194 3874 ὑπὸ
1228 3820 1361 3872 Θεοῦ
1391 3817 1657 3894 παρήχθη
1693 3814 1770 3877 εἰς
1804 3811 1968 3887 εἶδος,
1995 3814 2083 3867 καὶ

416 3917 522 3970 τοῦ
574 3907 748 3973 ὄντως
797 3906 945 3985 ἔχειν
993 3907 1068 3971 ὡς
1110 3907 1399 3984 παρήχθη,
1431 3903 1691 3986 προνοίας
1738 3900 1927 3979 ἔτυχεν
1980 3903 2084 3957 ἀπὸ

417 4007 558 4060 Θεοῦ
574 4044 586 4061 .

492 4183 799 4258 ’Λμαυροῖς
846 4174 1131 4238 εἰδώλοις.
1191 4173 1339 4233 Ἀντί
1397 4178 1492 4230 τοῦ
1552 4171 1817 4251 ἀμυδροῖς
1883 4169 2077 4226 εἰκονί-

417 4291 620 4346 σμασιν
657 4287 669 4303 ·
728 4267 962 4346 ἐφίενται
1033 4265 1139 4343 γὰρ
1195 4271 1295 4334 τῆς
1350 4265 1488 4334 πρὸς
1539 4262 1634 4324 τὰς
1703 4260 1927 4340 ῥεούσας
1987 4259 2078 4315 καὶ

418 4357 788 4439 φθειρομένας
838 4353 1194 4426 ἡδυπαθείας,
1223 4349 1599 4422 ἀπολαύσεως,
1624 4349 1714 4406 καὶ
1771 4347 2076 4439 συναφείας,

414 4437 511 4506 καὶ
561 4450 628 4505 τὸ
675 4445 812 4522 πρὸς
862 4443 1059 4508 ταύτας
1118 4439 1488 4506 ἀστασιάστως
1546 4440 1676 4510 ὁρᾷν
1737 4437 2077 4513 αἱρούμενοι,

416 4536 591 4616 ἤγουν
623 4534 832 4591 τούτων
869 4533 1140 4612 μετέχειν,
1165 4527 1254 4586 διὰ
1282 4529 1344 4584 τὸ
1380 4528 1457 4602 μὴ
1487 4531 1650 4584 τοῦτο
1683 4527 1890 4596 αὐτοῖς,
1923 4526 2078 4607 φησί,

417 4627 561 4684 κατὰ
585 4629 710 4681 νοῦν
748 4626 977 4700 χωρεῖν,
1008 4619 1448 4697 ξκταρέἱσσονται.

497 4714 598 4774 Καὶ
658 4718 825 4768 ταῦτα
872 4712 1047 4783 ὶστᾷν.
1095 4707 1255 4767 Οὕτω
1305 4705 1388 4763 δεῖ
1425 4708 1488 4763 τὸ
1542 4705 1708 4783 ῥητὸν
1748 4709 1910 4762 τοῦτο
1957 4727 2079 4764 συν-

423 4811 622 4876 θεῖναι,
660 4801 741 4858 ὅτι
789 4801 878 4857 καὶ
934 4800 990 4854 οἳ
1034 4794 1309 4876 φιλέριδες
1349 4795 1440 4854 καὶ
1482 4793 1700 4851 ἅστατοι
1733 4795 2003 4870 ἀμαυροῖς
2037 4800 2078 4834 ίί

419 4895 516 4950 καὶ
539 4891 698 4948 αὐτοὶ
725 4887 982 4952 εἰδώλοις
1013 4891 1109 4942 τοῦ
1166 4887 1372 4964 ἀγαπᾷν
1430 4886 1654 4962 εἰρήνην
1706 4885 2030 4962 κατέχονται
2065 4905 2077 4918 ο

422 4984 530 5040 ὑπὸ
583 4983 685 5057 γὰρ
742 4983 930 5044 παθῶν
1006 4975 1425 5052 ἐνοχλούμενοι,
1477 4973 1568 5029 καὶ
1625 4973 1693 5029 τὰ
1745 4974 1889 5045 πάθη
1948 4975 2083 5029 κατὰ

419 5074 666 5148 ἄγνοιαν,
701 5069 776 5132 ὠς
829 5066 974 5124 καλὰ
1029 5064 1278 5127 θέλοντες
1335 5066 1506 5135 ἱστᾷν,
1548 5060 1798 5119 δοκοῦσιν
1860 5063 2081 5139 εἰρήνης

419 5163 730 5238 ὀρέγεσθαι,
765 5158 1040 5234 ἐφιέμενοι
1075 5152 1246 5218 ἀδεῶς
1293 5152 1517 5216 ἑαυτοὺς
1571 5152 1868 5208 ἀπολαύειν
1902 5155 1946 5189 ¹³
1973 5157 2082 5208 τῶν

420 5251 660 5326 ῥευστῶν
725 5246 816 5302 καὶ
883 5248 1064 5301 κακῶν
1142 5244 1354 5312 παθῶν,
1413 5240 1936 5321 ὲκταραττομένους,
1994 5241 2083 5298 ἐὰν

416 5338 744 5413 ἀποτύχωσι
795 5339 895 5391 τοῦ
951 5330 1248 5389 ἀπολαύειν
1298 5335 1407 5387 τῶν
1462 5330 1840 5404 νομιζομᾶνων
1874 5330 2079 5405 καλῶν,

425 5424 597 5486 ὄντων
631 5425 690 5482 δὲ
712 5429 900 5496 παθῶν
928 5426 996 5483 ³³.
1022 5422 1170 5481 Κατὰ
1211 5424 1400 5479 κοινοῦ
1455 5419 1546 5476 οὖν
1600 5421 1662 5474 τὸ
1720 5419 1942 5483 ἑαυτοὺς
1987 5439 2080 5474 τα-

2191 3372 2498 3428 materiam
2523 3373 2891 3429 constituunt
2921 3373 3600 3448 principium,contraria
3631 3375 3847 3431 divinis

2190 3461 2250 3516 in
2283 3461 2478 3533 seipsa
2496 3461 2778 3517 ferentem
2805 3482 2818 3532 ;
2845 3462 3290 3520 instabilitatem
3315 3465 3472 3520 enim
3505 3469 3562 3521 et
3592 3464 3843 3521 circum-

2190 3550 2522 3620 ferentiam,
2556 3555 2612 3606 et
2642 3551 3019 3622 inﬁnitatem,
3053 3556 3108 3608 et
3151 3553 3388 3608 termini
3437 3553 3849 3626 privationem,

2191 3643 2249 3695 et
2278 3638 2402 3695 haec
2432 3639 2631 3694 omnia
2662 3645 3004 3712 perpetuam
3032 3641 3337 3698 materiam
3360 3642 3635 3699 dicebant
3659 3664 3672 3714 ;
3698 3645 3851 3716 quod

2190 3744 2322 3784 vere
2352 3727 2591 3784 omnino
2629 3727 2846 3784 falsum
2889 3729 3222 3786 ostenditur
3247 3755 3262 3799 ;
3285 3730 3432 3786 nihil
3453 3732 3608 3788 enim
3633 3738 3722 3788 est
3747 3749 3853 3788 ne-

2194 3833 2307 3889 que
2336 3815 2466 3885 fuit,
2499 3817 2653 3888 quod
2681 3833 2797 3873 non
2830 3835 2898 3874 ex
2929 3835 3044 3891 quo
3072 3820 3428 3892 productum
3459 3825 3569 3887 est,
3601 3825 3658 3877 et
3679 3837 3842 3878 exor-

2195 3908 2401 3962 natum
2437 3923 2470 3962 a
2504 3910 2617 3962 Deo
2647 3907 3003 3980 productum
3035 3909 3188 3964 sitin
3222 3909 3851 3978 formam,etdivinam

2195 3993 2624 4067 providentiam
2677 4000 3063 4052 consecutum
3108 3997 3205 4066 sit,
3263 4001 3330 4054 ut
3377 3999 3463 4055 ita
3508 4015 3570 4055 se
3614 3998 3856 4055 haberet

2187 4083 2363 4140 sicuti
2394 4085 2748 4155 productum
2780 4085 2990 4142 fuerat.

2258 4172 2516 4230 Obscuris
2558 4172 2902 4229 simulacris.
2957 4175 3062 4230 Pro
3112 4173 3378 4232 obscuris
3439 4175 3845 4250 imaginibus:

2189 4261 2544 4334 appetebant
2573 4261 2730 4318 enim
2763 4262 3107 4320 fruitionem
3135 4267 3193 4320 et
3217 4265 3689 4336 conjunctionem
3713 4282 3849 4322 cum

2189 4350 2361 4407 ﬂuxis
2389 4354 2447 4406 et
2466 4351 2952 4422 corruptibilibus
2983 4352 3596 4428 voluptatibus,atque
3625 4355 3849 4428 eligen-

2189 4443 2279 4497 tes
2307 4439 2414 4495 has
2435 4437 2564 4496 sine
2595 4440 3002 4511 pertubatione
3048 4441 3262 4509 videre,
3317 4461 3422 4501 seu
3465 4444 3561 4500 his
3609 4444 3851 4516 partici-

2190 4544 2351 4602 pare,
2384 4527 2525 4600 quia
2558 4527 2689 4597 hoc,
2721 4528 2934 4601 inquit,
2965 4528 3113 4602 ipsis
3143 4531 3386 4589 minime
3403 4549 3474 4589 ex
3499 4531 3683 4589 animi
3714 4547 3852 4590 sen-

2190 4616 2378 4674 tentia
2408 4615 2690 4685 succedit,
2722 4619 3175 4676 conturbantur.

2260 4709 2324 4763 Et
2353 4707 2466 4762 hac
2493 4707 2702 4764 sedare.
2735 4708 2821 4763 Ita
2849 4711 3078 4781 oportet
3108 4709 3465 4767 sententiam
3497 4711 3649 4768 hanc
3688 4727 3852 4768 com-

2191 4813 2429 4871 ponere,
2461 4798 2741 4854 nimirum
2771 4816 2784 4854 :
2819 4801 3190 4868 contentiosi,
3215 4804 3272 4856 et
3294 4800 3559 4858 seditiosi
3582 4801 3851 4858 obscuris

2189 4888 2368 4945 etiam
2409 4886 2768 4958 imaginibus
2819 4888 3107 4948 desiderio
3149 4889 3309 4963 pacis
3353 4895 3663 4947 tenentur:
3711 4908 3845 4946 nam

2190 4976 2731 5050 perturbationibus
2744 4978 2971 5050 agitati,
2992 4983 3167 5050 atque
3183 4996 3253 5035 ex
3266 4980 3500 5037 inscitia
3520 4980 3849 5053 passiones,

2187 5071 2472 5138 tanquam
2485 5066 2671 5122 bonas
2693 5068 2896 5124 sedere
2914 5069 3239 5140 cupientes,
3258 5069 3488 5125 videtur
3516 5087 3721 5142 pacem
3753 5087 3848 5127 ex-

2191 5159 2418 5225 petere,
2440 5154 2745 5226 cupientes
2776 5155 2900 5212 sine
2933 5160 3095 5212 metu
3113 5157 3286 5213 ﬂuxis
3309 5159 3845 5230 etmalispassioni-

2188 5243 2300 5300 bus
2330 5241 2467 5310 frui,
2498 5244 2826 5314 perturbati
2849 5243 2897 5300 si
2931 5245 3294 5302 frustrentur
3323 5247 3610 5319 reputatis
3651 5248 3846 5314 bonis,

2189 5334 2292 5391 sed
2311 5350 2509 5391 revera
2521 5333 2716 5391 malis.
2731 5335 2814 5390 Ex
2825 5335 3239 5393 subauditione
3260 5337 3492 5394 siccum
3514 5335 3738 5399 ἑαυτούς
3757 5342 3848 5394 est

2191 5423 2679 5491 construendum,
2698 5426 2766 5479 ut
2789 5423 2866 5480 sit
2888 5440 2901 5480 :
2929 5428 3266 5500 expetentes
3286 5426 3370 5484 sei
3377 5444 3539 5503 psos,
3559 5431 3844 5502 tanquam

1445 5601 1688 5661 νΑιιΙιΕ
1727 5599 2112 5663 LEGTIONES
2141 5602 2230 5664 ET
2266 5601 2830 5666 CORREGTIONES.

497 5738 521 5774 ο
548 5753 638 5811 γρ.
667 5734 766 5802 τὴν
800 5728 1089 5788 ἔκπτωσιν.
1167 5729 1216 5768 ¹⁰
1243 5745 1334 5803 γρ.
1357 5724 1550 5810 ψευδὲς
1581 5724 1888 5787 παντελῶς.
1964 5728 2002 5763 η
2027 5746 2112 5803 γρ.
2147 5724 2432 5804 ἀμυδροῖς.
2513 5730 2558 5766 ¹²
2586 5747 2673 5803 γρ.
2706 5726 2989 5785 ἀπολύειν.
3070 5733 3115 5768 ¹³
3142 5750 3228 5807 γρ.
3260 5737 3460 5787 κακῶν.
