4108 6422
364 365 471 421 399
1184 366 1555 419 APPENDIX
1590 366 1689 419 AD
1725 362 1965 418 OPERA
2001 364 2059 416 S.
2102 363 2415 419 DlONYSll
2456 368 2965 423 AREOPAGITE.
3683 366 3795 423 400

361 488 736 561 perturbatos
806 486 856 541 si
926 486 1287 541 frustrentur
1352 484 1983 557 passionibus,pacar

2164 481 2301 552 τέον,
2329 482 2423 540 ἰνα
2450 487 2506 557 ᾖ,
2542 485 2814 564 ἐφιέμενοι
2854 484 3109 554 ἑαυτοὺς,
3139 488 3232 541 ἅτε
3262 485 3786 561 έκταραττομένους,

361 577 610 632 fruendo
642 574 1041 647 passionibus.
1076 576 1163 630 Ita
1193 573 1459 646 intellige
1489 574 1644 630 220
1662 573 1839 629 etiam
1870 570 1983 628 ἰιιυι

2163 571 2217 626 iv
2272 573 2591 652 ἀποτῦχωσι
2647 580 2755 630 τῶν
2811 580 3021 646 παθῶν,
3081 573 3422 649 [δοκοῦσιν]
3484 575 3785 651 εἰρηνεύειν

362 681 567 722 omnes
596 680 799 738 pacem
831 668 1127 736 appetere,
1162 663 1221 718 id
1253 668 1344 719 est
1372 663 1618 718 bonum.

2168 662 2348 728 ιυτοὺς
2377 664 2452 726 εἰς
2481 665 2544 719 τὸ
2576 664 2871 719 ἀπολαύειν
2899 669 3007 720 τῶν
3038 669 3253 729 παθῶν.
3277 663 3438 722 Οὕτω
3469 665 3668 735 νόησον
3697 665 3790 721 καὶ

2125 749 2185 803 τὸ
2210 751 2410 815 πάντας
2444 751 2682 832 ἐφίεσθαι
2717 753 2966 830 εἰρήνης,
2995 754 3244 810 τουτέστι
3270 758 3369 809 τοῦ
3398 753 3627 829 ἀγαθοῦ.

433 845 577 916 Quid
603 860 768 915 porro
788 843 940 900 dicat
959 842 1082 915 quis
1110 843 1175 899 de
1202 840 1434 898 Christi.
1487 840 1790 908 Quomodo
1840 840 2016 896 Jesus

2195 839 2257 893 Τί
2288 837 2347 894 ἄν
2379 861 2461 903 τις
2488 838 2629 897 εἶ’ποι
2662 842 2783 919 περὶ
2813 849 2915 913 τῆς
2946 841 3085 898 κατᾶ
3131 843 3385 917 Χριστόν.
3415 846 3544 906 Πῶς
3591 842 3787 917 εἰρήνη

356 935 628 993 Christus
659 951 772 1007 pax
803 937 1006 990 nostra
1035 936 1092 987 et
1124 929 1489 1003 angelorum,
1522 931 1739 987 sedans
1769 928 1978 985 bellum

2169 933 2332 998 ησοῦς
2405 932 2635 1006 Χριστὸς
2704 933 2867 1005 ἡμῶν
2944 933 3035 988 καὶ
3093 929 3365 1008 ἀγγέλων,
3429 931 3639 994 παύσας
3695 932 3791 986 τὸν

356 1032 410 1080 ει
422 1024 673 1080 medium
692 1025 962 1096 parietem
981 1019 1244 1078 maceria?
1260 1020 1475 1077 solvens
1495 1020 1597 1092 (a),
1622 1024 1678 1075 et
1699 1034 1901 1091 pacem
1924 1018 1978 1073 in

2170 1015 2394 1092 ὁλεμον,
2453 1022 2542 1075 καὶ
2598 1022 2661 1076 τὸ
2723 1022 3051 1097 μεσότοιχον
3109 1024 3208 1075 τοῦ
3278 1025 3537 1098 φραγμοῦ
3596 1017 3792 1089 λύσας,

353 1118 444 1169 ter
473 1130 580 1170 nos
610 1115 962 1186 dispensans
992 1115 1050 1167 et
1079 1109 1298 1166 faciens
1320 1113 1572 1180 utraque
1606 1125 1791 1164 unum
1816 1124 1833 1178 ;
1861 1107 1975 1164 βίοι]

2169 1105 2213 1161 τὶ
2263 1107 2485 1183 εἰρήνην
2544 1109 2740 1182 μεταξὺ
2797 1112 2960 1184 ἡμῶν
3020 1104 3347 1185 βραϐεύσας,
3400 1108 3492 1165 καὶ
3551 1111 3791 1180 ποιήσας

354 1203 590 1259 divinus
612 1201 931 1274 Apostolus
954 1201 1011 1257 in
1044 1196 1295 1272 epistola
1323 1198 1395 1254 ad
1427 1197 1714 1270 Ephesios
1745 1195 1906 1253 dicit.

2173 1197 2188 1250 ἱ
2243 1195 2522 1275 ἀμφότερα
2573 1197 2655 1268 ἓν,
2686 1197 2764 1262 ὠς
2816 1199 2846 1253 6
2894 1192 3417 1261 θεῖοςἊπὸστολος
3470 1196 3521 1253 ἐν
3552 1201 3621 1272 τῇ
3652 1199 3795 1273 πρὸς

2123 1284 2395 1360 Ἐφεσίους
2426 1287 2615 1364 φησίν.

426 1381 541 1450 Qua
570 1381 830 1438 docemur
862 1396 970 1436 non
1005 1381 1156 1435 ultra
1187 1380 1389 1436 bellum
1416 1393 1623 1451 gerere.
1671 1376 1773 1433 Ille
1816 1390 2012 1431 secum

2194 1376 2320 1439 Καθ’
2378 1377 2438 1445 ἣν
2500 1375 2563 1431 οὗ
2625 1376 2702 1449 μὴ
2759 1375 3020 1450 μάθωμεν
3080 1372 3159 1433 ἔτι
3215 1373 3507 1450 πολεμεῖν.
3541 1376 3783 1438 Ἐκεῖνός

352 1488 470 1527 non
502 1474 745 1544 pugnat,
778 1469 878 1542 qui
909 1470 1060 1524 iram
1110 1474 1169 1524 et
1213 1466 1750 1540 concupiscentiam
1801 1463 1974 1521 ratior

2163 1484 2261 1517 ττιν
2310 1464 2337 1518 ὁ
2392 1465 2468 1537 μὴ
2530 1466 2704 1537 ἑαυτῷ
2743 1464 3030 1538 πολεμῶν,
3066 1466 3094 1520 ὁ
3126 1466 3297 1539 θυμὸν
3340 1465 3433 1521 καὶ
3491 1464 3785 1538 ἐπιθυμίαν

352 1559 629 1631 subjecit.
665 1559 765 1615 Ille
786 1576 919 1615 vero
938 1573 1142 1631 pacem
1166 1574 1296 1614 cum
1320 1555 1664 1613 hominibus
1688 1554 1885 1624 habet,
1909 1570 1974 1624 qr

2164 1554 2490 1626 αθυποτάξας
2521 1558 2600 1626 τῷ
2631 1552 2801 1628 λόγῳ.
2835 1553 3121 1630 Εἷρηνεύει
3153 1551 3214 1609 δὲ
3252 1555 3341 1610 καὶ
3393 1555 3533 1629 πρὸς
3583 1555 3786 1628 ἀνθρώ-

352 1665 533 1705 unam
565 1665 701 1704 cum
732 1648 1011 1704 omnibus
1059 1647 1415 1703 sententiam
1463 1645 1675 1714 habet;
1730 1642 1832 1715 qui
1878 1659 1974 1699 ver

2164 1642 2435 1713 ουςὸτὴν
2495 1645 2725 1718 γνώμην
2789 1642 2914 1716 μίαν
2967 1644 3107 1720 πρὸς
3152 1644 3356 1705 πάντας
3415 1643 3785 1716 κτησάμενος.

348 1741 607 1794 mentem
639 1754 811 1794 suam
832 1737 1179 1811 angelorum
1202 1734 1565 1792 motionibus
1587 1734 1970 1806 obsequenter

2163 1733 2179 1786 )
2211 1728 2270 1787 δὲ
2296 1732 2391 1786 τὸν
2423 1731 2617 1787 ἑαυτοῦ
2644 1735 2771 1789 νοῦν
2798 1732 2937 1807 πρὸς
2994 1733 3063 1788 τὰ
3111 1731 3202 1788 διὰ
3245 1736 3356 1788 τῶν
3406 1730 3651 1809 ἀγγέλων
3701 1754 3785 1788 κι-

350 1827 587 1899 prsabct,
618 1826 715 1883 hic
746 1826 1101 1883 etiamﬁcum
1134 1823 1363 1898 angelis
1392 1839 1597 1897 pacem
1624 1821 1900 1878 obtinuit.

2153 1819 2355 1893 ούμενα
2411 1822 2712 1898 παρασχὼν
2771 1822 3076 1893 πειθήνιον,
3112 1822 3270 1884 οὗτος
3328 1820 3419 1876 καὶ
3484 1820 3618 1896 μετὰ
3663 1825 3775 1877 τῶν

2118 1908 2367 1985 ἀγγέλων
2398 1912 2497 1981 τήν
2532 1910 2754 1984 εἰρήνην
2786 1908 3071 1981 ἐκτήσατο.

423 2007 532 2074 Qui
558 2006 728 2063 etiam
757 2022 886 2063 cum
914 2006 1052 2080 ipsi:
1076 2003 1291 2061 divina.
1326 2003 1388 2059 Id
1420 2006 1528 2074 est,
1561 2002 1826 2059 eamdem
1872 2017 2008 2058 cum

2189 1998 2203 2020 ’
2342 1999 2356 2017 λ
2482 2001 2497 2021 ς
2593 1998 2608 2019 9
2684 2005 2708 2016 ν
2834 2002 2848 2020 \
2975 2006 2998 2017 υ
3481 2000 3495 2017 ε
3641 1998 3654 2021 ³
3712 2000 3727 2016 ι

2205 1996 2365 2057 Αλλα
2411 2020 2498 2055 και
2550 2020 2735 2063 αυτοις
2790 2022 2858 2057 τα
2915 2003 3053 2059 θεια.
3111 1998 3369 2057 Τουτέστι
3436 2020 3538 2070 την
3597 2021 3769 2069 αυτην

348 2096 496 2168 ipsis
526 2095 682 2152 circa
696 2094 957 2150 divinam
989 2093 1358 2166 majestatem
1383 2090 1607 2148 cultum
1634 2095 1692 2148 et
1709 2091 1970 2149 adoratis

2145 2087 2304 2152 εὖτοῖς
2331 2088 2456 2165 περὶ
2501 2089 2565 2144 τὸ
2595 2090 2736 2144 θεῖον
2766 2085 2924 2153 σέϐας
2953 2088 3205 2167 λατρείαν
3260 2089 3350 2145 καὶ
3400 2088 3767 2165 προσκύνησιν

353 2200 488 2241 nem
521 2183 916 2256 perﬁciamus.

915 2228 916 2233 η
2117 2175 2515 2252 ἐπιτελέσωμεν
2526 2221 2537 2235 .

420 2273 487 2328 In
515 2272 855 2344 theologicis.
890 2270 1040 2328 Nota
1071 2285 1201 2328 esse
1232 2269 1469 2344 aliquod
1505 2269 1696 2342 ipsius
1745 2286 1894 2343 opus
1937 2271 2009 2327 de

2188 2269 2260 2324 Ev
2318 2272 2438 2329 ταῖς
2494 2268 2858 2343 θεολογικαῖς.
2892 2266 3234 2342 Σημείωσαι,
3267 2267 3350 2324 ὅτι
3409 2266 3550 2323 ἐστὶν
3605 2266 3770 2324 αὐτοῦ

350 2361 566 2418 divinis
594 2360 1097 2429 institutionibus;
1122 2360 1231 2416 hoc
1253 2359 1429 2417 etiam
1453 2359 1513 2414 in
1536 2358 1825 2431 principio
1847 2360 1972 2432 capi

2147 2355 2202 2410 ,αἱ
2239 2354 2574 2430 θεολογικῶν
2610 2357 3010 2414 ὑποτυπώσεων
3032 2357 3315 2433 σύνταγμα
3341 2376 3354 2390 ’
3387 2361 3549 2412 τοῦτο
3590 2357 3680 2413 καὶ
3716 2355 3769 2413 ἐν

352 2450 430 2506 tis
461 2449 640 2523 primi
669 2449 834 2505 dicit.

2116 2444 2264 2520 ἀρχῇ
2295 2450 2392 2500 τοῦ
2418 2445 2641 2521 πρώτου
2671 2444 2973 2525 κεφαλαίου
3003 2447 3158 2522 φησι.

420 2544 449 2609 §
477 2539 571 2595 VI.
604 2541 714 2595 Per
734 2539 1024 2612 epistolam
1042 2537 1430 2611 interrogasti.
1456 2537 1756 2603 Quomodo
1787 2537 2004 2594 intelli-

2184 2539 2210 2603 ἕ
2242 2535 2338 2591 VI.
2373 2534 2452 2589 Δι’
2483 2532 2779 2605 ἐπιπολῆς
2806 2534 3029 2599 ἐπύθου.
3059 2539 3184 2598 Πῶς
3213 2540 3330 2591 νοεῖ
3353 2535 3445 2592 τὸν
3474 2536 3606 2592 Θεὸν
3638 2534 3769 2593 αὐτὸ

347 2632 467 2702 gat,
502 2632 684 2685 Deum
714 2644 845 2685 esse
863 2629 1054 2700 ipsam
1070 2629 1273 2695 vitam,
1299 2631 1357 2682 et
1376 2626 1566 2699 ipsius
1587 2627 1715 2682 vita
1742 2628 1969 2684 condito

2147 2625 2261 2694 ωὴν
2319 2627 2476 2698 εἶναι,
2507 2627 2592 2682 καὶ
2653 2633 2753 2697 τῆς
2815 2625 3097 2697 αὐτοζωῆς
3160 2627 3492 2697 ὑποστάτην,
3553 2629 3642 2683 καὶ
3700 2629 3769 2683 ti

348 2733 494 2785 rem,
529 2734 595 2773 ac
625 2715 864 2773 similia.
890 2717 1062 2772 Recte
1083 2719 1276 2772 autem
1301 2714 1445 2770 illud
1471 2714 1614 2770 dicit
1634 2716 1691 2771 in
1711 2714 1970 2789 epistolis

2141 2716 2299 2786 μοια.
2332 2714 2532 2778 Καλῶς
2580 2712 2637 2770 δὲ
2684 2714 2814 2771 αὐτό
2847 2737 2980 2791 φησι
3011 2716 3101 2770 καὶ
3144 2715 3281 2771 κατὰ
3313 2716 3376 2771 τὸ
3409 2715 3460 2771 ἐν
3489 2718 3612 2779 ταῖς
3646 2716 3763 2772 ἐπι-

346 2806 601 2863 maxime
629 2805 690 2861 in
722 2805 1004 2862 secunda.
1038 2804 1228 2877 [Nota,
1262 2820 1332 2860 ex
1360 2804 1536 2860 rebus
1578 2805 1811 2874 creatis,
1843 2810 1901 2860 et
1930 2805 1968 2860 al

2143 2802 2352 2872 τολαῖς,
2392 2802 2629 2878 μάλιστα
2660 2807 2730 2879 τῇ
2758 2801 3000 2880 δευτέρα.
3033 2803 3402 2878 [Σημείωσαι,
3434 2803 3518 2860 ὅτι
3563 2806 3650 2861 καὶ
3704 2805 3765 2861 is:

340 2894 468 2967 ipso
496 2895 668 2951 factis
696 2895 883 2952 Deum
916 2893 1232 2961 nominari,
1255 2910 1322 2949 eo
1354 2894 1509 2965 quod
1534 2893 1658 2964 ipse
1687 2893 1768 2949 sit
1796 2909 1962 2949 earur

2135 2896 2219 2947 ’ῶν
2250 2889 2418 2947 ὄντων
2450 2893 2540 2948 καὶ
2588 2891 2641 2963 ἐξ
2692 2892 2856 2948 αὐτοῦ
2887 2894 3277 2969 παραχθέντων
3309 2895 3338 2950 6
3370 2893 3507 2957 Οεὸς
3551 2894 3757 2968 ὀνομά-

342 2984 608 3040 omninm
640 2987 845 3040 auctor
875 2987 934 3039 et
960 2982 1198 3055 opifex.)

2113 2986 2278 3054 ζεται,
2307 2982 2381 3044 ὡς
2413 2980 2590 3044 αἴτιος
2623 2981 2797 3037 αὐτῶν
2834 2983 3145 3059 ὑπάρχων.]

410 3074 494 3129 Ex
518 3072 594 3128 iis
621 3089 742 3145 qua
786 3071 974 3144 primo
1019 3076 1164 3127 sunt.
1216 3070 1484 3126 Arbitror
1528 3070 1722 3142 ipsum
1773 3087 1877 3136 per
1932 3086 2000 3127 ea

2179 3071 2276 3127 Ἐκ
2318 3075 2426 3126 τῶν
2484 3071 2717 3147 πρώτως
2773 3066 2965 3129 ὅντων.
3000 3071 3242 3145 Ηρώτως
3294 3072 3422 3126 ὅντα
3471 3071 3624 3146 οἶμαι
3666 3070 3754 3126 αὐ-

342 3178 468 3233 quea
499 3162 690 3234 primo
711 3161 838 3218 loco
891 3165 1049 3232 sunt,
1100 3158 1431 3231 intelligere
1483 3160 1964 3231 supermundana

2142 3160 2197 3214 ὸν
2255 3159 2528 3234 εἰρηκέναι
2565 3159 2659 3222 τὰς
2721 3159 3125 3236 ὑπιρκοσμίους
3170 3161 3378 3236 φύσεις,
3412 3160 3487 3222 ὠς
3525 3161 3760 3235 πρώτως

340 3255 604 3324 naturas,
636 3255 919 3323 tanquam
953 3249 1142 3321 primo
1174 3249 1299 3304 loco
1322 3252 1380 3303 et
1409 3264 1553 3320 pure
1588 3248 1784 3304 divina
1813 3249 1962 3321 parti

2144 3248 2195 3303 αὶ
2229 3249 2541 3326 ἆκραιφνῶς
2585 3252 2693 3303 τῶν
2735 3248 2891 3303 θείων
2944 3245 3163 3324 δωρεῶν
3218 3248 3577 3325 μετεχούσας,
3612 3255 3762 3318 ζωῆς

338 3340 604 3414 cipantes
624 3340 799 3406 dona,
817 3339 995 3395 vitam
1027 3343 1085 3394 et
1104 3337 1353 3410 reliqua.
1389 3338 1538 3409 Ergo
1555 3333 1615 3391 ἒκ
1640 3340 1747 3391 τῶν
1800 3332 1960 3392 ὅντωι

2142 3336 2195 3391 αὶ
2225 3341 2335 3392 τῶν
2368 3341 2598 3394 Λοιπῶν.
2630 3337 2725 3394 Ἐκ
2750 3341 2861 3392 τῶν
2894 3332 3066 3392 ὄντων
3113 3334 3322 3409 τοίνυν,
3352 3336 3600 3392 τουτέστι
3650 3341 3764 3391 τῶν

336 3428 396 3484 id
418 3433 596 3486 estex
617 3428 691 3485 iis
712 3445 840 3500 quae
864 3428 922 3483 in
948 3428 1021 3483 iis
1047 3444 1176 3499 quae
1192 3430 1333 3483 sunt
1349 3427 1816 3497 considerantur,
1841 3426 1958 3482 Deu

2143 3447 2158 3478 ν
2191 3429 2306 3487 τοῖς
2339 3424 2457 3479 οὖσι
2509 3424 2920 3500 θεωρουμένων,
2953 3423 3168 3502 λέγεται
3201 3426 3230 3481 6
3261 3427 3393 3488 Θεὸς
3443 3432 3543 3495 τῆς
3596 3423 3765 3481 αὖτο-

335 3517 573 3584 dicitur,
601 3517 791 3590 ipsius
824 3517 952 3571 vitae
985 3532 1087 3571 seu
1118 3516 1307 3587 ipsius
1338 3517 1580 3571 effectus
1626 3516 1818 3572 forma:
1868 3518 1957 3586 eju

2142 3518 2276 3583 ωῆς,
2307 3512 2479 3589 ἤγουν
2511 3518 2609 3569 τοῦ
2638 3513 2804 3569 αὐτοῦ
2833 3514 3155 3590 πρόἰγματος
3196 3515 3283 3569 καὶ
3316 3518 3416 3569 τοῦ
3447 3511 3625 3578 εἴδους
3663 3514 3764 3569 αὐ-

337 3605 607 3662 conditor
627 3610 685 3661 et
706 3605 1022 3677 productor
1046 3620 1061 3670 ;
1093 3619 1163 3658 ex
1195 3619 1311 3657 uno
1337 3602 1491 3658 enim
1518 3604 1641 3658 vitm
1671 3621 1778 3660 nos
1817 3603 1959 3659 etiar

2142 3609 2202 3672 ἧς
2233 3603 2538 3673 ὑποστάτης
2566 3602 2653 3657 καὶ
2686 3600 3044 3679 παραγωγεύς
3083 3621 3097 3636 ’
3133 3601 3184 3674 ἐξ
3216 3603 3336 3666 ἰνὸς
3377 3603 3480 3679 γὰρ
3528 3607 3625 3658 τοῦ
3654 3609 3764 3671 τῆς

338 3696 413 3750 de
446 3692 744 3749 similibus
776 3690 1053 3748 similiter
1072 3690 1326 3763 cogitare
1348 3694 1594 3761 oportet.
1635 3691 1775 3746 Cum
1798 3697 1960 3748 auter

2139 3697 2254 3759 ωῆς
2301 3689 2391 3744 καὶ
2440 3690 2564 3765 περὶ
2613 3694 2721 3745 τῶν
2782 3691 2992 3764 ὁμοίων
3020 3691 3171 3764 ἡμᾶς
3203 3691 3413 3764 ὁμοίως
3454 3696 3599 3746 νοεῖν
3652 3687 3760 3749 δεῖ.

337 3784 493 3840 Deus
523 3781 653 3854 ipse
679 3781 910 3837 dicatur
938 3779 1069 3851 ipsa
1099 3779 1215 3833 vita
1236 3783 1294 3834 et
1323 3777 1561 3846 similia,
1589 3783 1872 3850 tanquam
1896 3796 1959 3835 su

2141 3781 2269 3836 Οταν
2300 3776 2359 3834 δὲ
2388 3779 2415 3833 ὁ
2437 3779 2567 3841 Θεὸς
2597 3779 2756 3842 αὐτὸς
2787 3778 3021 3857 λέγηται
3054 3779 3307 3850 αὐτοζωὴ
3338 3782 3425 3836 καὶ
3459 3781 3527 3835 τὰ
3577 3801 3763 3855 παρα-

337 3890 445 3945 pra
464 3886 701 3928 omnem
724 3872 998 3925 naturam
1022 3884 1091 3923 ea
1114 3866 1407 3923 exsistens
1428 3866 1664 3936 dicitur,
1688 3884 1791 3923 seu
1816 3884 1959 3939 supr

2140 3866 2339 3939 τλήσια,
2372 3867 2446 3929 ὠς
2475 3872 2644 3923 ταῦτα
2676 3867 2940 3945 ὑπάρχων
2987 3868 3123 3946 ὑπὲρ
3174 3867 3332 3947 φύσιν
3379 3874 3551 3924 πᾶσαν
3603 3869 3762 3947 λέγε-

337 3961 601 4035 angelos,
633 3976 699 4016 ac
728 3974 966 4015 omnem
996 3957 1312 4014 essentiam
1348 3955 1802 4029 intelligentem.

2137 3978 2214 4029 αι,
2269 3952 2437 4031 ἤγουν
2494 3955 2583 4013 καὶ
2654 3957 2786 4034 ὑπὲρ
2837 3956 3125 4035 ἀγγέλους,
3180 3959 3272 4013 καὶ
3329 3965 3504 4015 πᾶσαν
3563 3960 3759 4034 νοεράν

2105 4045 2315 4102 οὐσίαν.

405 4141 490 4196 Ex
518 4141 591 4195 iis
645 4153 772 4210 quae
815 4138 1022 4211 primo.
1066 4135 1304 4211 Πρώτως
1357 4130 1486 4190 ὅντα
1508 4135 1653 4191 dicit
1694 4140 1994 4194 creaturas

2175 4138 2272 4193 ,Εκ
2292 4140 2400 4191 τῶν
2432 4137 2687 4208 πρώτως.
2720 4138 2963 4213 Πρώτως
3023 4134 3156 4194 ὄντα
3203 4137 3302 4201 τὰς
3362 4136 3563 4210 vomat;
3619 4161 3758 4217 φησι

334 4227 738 4301 intelligibiles
770 4243 838 4282 ac
865 4225 1266 4298 incorporeas,
1302 4225 1360 4281 id
1394 4230 1485 4281 est
1534 4224 1794 4297 angelos.
1847 4226 1956 4284 Not

2140 4224 2609 4301 ημιουργίας,τὰς
2664 4224 2756 4281 καὶ
2813 4225 3158 4301 ἀσωμάτους,
3184 4230 3430 4283 τουτέστι
3478 4227 3608 4293 τοὺς
3662 4228 3762 4304 ἁγ-

330 4315 394 4372 τὸ
416 4315 742 4391 ἆρχηγικῶς
766 4314 907 4388 quia
929 4314 1118 4388 primo
1140 4313 1267 4370 loco
1290 4311 1579 4381 substitit,
1595 4312 1737 4369 dicit
1755 4312 1816 4366 τὸ
1836 4312 1952 4389 ὑπερ

2131 4314 2326 4378 ’έλους.
2354 4316 2398 4352 ¹⁴
2424 4321 2502 4383 Ση
2515 4314 2741 4389 μείωσαι
2771 4315 2833 4371 τὸ
2867 4317 3217 4393 ἀρχηγικῶς,
3242 4316 3326 4373 ὅτι
3358 4319 3594 4392 πρώτως
3627 4319 3753 4397 ὑφέ-

331 4403 514 4459 οὖσιον
544 4422 647 4478 pro
678 4405 854 4471 Deus,
908 4404 1072 4459 solus
1123 4402 1276 4459 enim
1327 4403 1476 4460 221
1534 4402 1953 4476 intelligibiliur

2136 4426 2288 4476 τηκε,
2323 4405 2477 4483 φησί,
2504 4406 2565 4460 τὸ
2601 4403 2920 4482 ὑπερούσιον
2981 4406 3099 4461 ἀντὶ
3137 4410 3261 4476 τοῦ,
3298 4408 3327 4462 6
3375 4406 3505 4470 Θεὸς
3538 4427 3551 4441 ·
3588 4409 3758 4482 μόνος

332 4512 398 4552 ac
443 4493 753 4552 sensilium
802 4497 1046 4550 creator.
1082 4491 1207 4548 Non
1267 4491 1426 4547 enim
1481 4494 1710 4563 Oportet
1757 4492 1954 4548 creder

2138 4494 2203 4569 ἀρ
2233 4494 2475 4565 ποιητὴς
2506 4498 2718 4565 νοητῶν
2744 4494 2835 4549 καὶ
2885 4494 3157 4567 αἰσθητῶν
3194 4515 3208 4527 ⁸
3243 4495 3306 4551 οὗ
3355 4496 3459 4573 γὰρ
3506 4493 3588 4551 δεῖ
3633 4496 3756 4552 πεί-

330 4583 452 4639 illis
483 4582 585 4656 qui
616 4583 820 4638 dicunt
848 4579 1156 4637 creatrices
1200 4579 1305 4636 Dei
1351 4580 1604 4635 virtutes
1653 4580 1794 4637 deos
1842 4597 1952 4638 8881

2136 4593 2285 4647 εσθαι
2344 4587 2463 4645 τοῖς
2509 4580 2727 4661 λέγουσι
2780 4582 2876 4646 τὰς
2908 4581 3311 4661 δημιουργικὰς
3346 4582 3602 4659 δυνάμεις
3654 4591 3754 4642 τοῦ

332 4672 488 4745 quod
520 4672 737 4728 falsum
767 4676 852 4726 est
881 4686 895 4725 :
928 4685 1067 4726 nam
1121 4666 1286 4723 solus
1343 4667 1499 4723 Deus
1552 4673 1798 4725 creator.
1844 4670 1954 4728 Not

2132 4675 2259 4739 Decii,
2295 4672 2449 4735 θεοὺς
2483 4672 2641 4742 εἶναι,
2671 4670 2801 4747 ὅπερ
2834 4672 2935 4728 οὐκ
2983 4668 3102 4729 ἔστι
3132 4690 3146 4705 ⁸
3180 4675 3350 4747 μόνος
3392 4673 3494 4749 γὰρ
3542 4674 3572 4728 6
3620 4675 3754 4736 Θεὸς

333 4760 530 4819 solum
566 4761 747 4816 Deum
789 4762 1113 4817 creatorem
1146 4754 1608 4827 intelligibilium
1642 4774 1707 4813 ac
1738 4759 1955 4816 sensibi

2128 4760 2470 4838 ἴημιουργός.
2506 4760 2851 4834 Σημείωσαι,
2881 4760 2965 4817 ὅτι
3023 4764 3191 4837 μόνος
3245 4764 3274 4818 6
3321 4763 3451 4825 Θεὸς
3509 4764 3750 4833 ποιητὴς

335 4850 508 4907 lium.
2099 4852 2318 4905 πάντων
2343 4854 2558 4920 νοητῶν
2590 4848 2680 4904 καὶ
2712 4847 3009 4921 αἰσθητῶν.

405 4938 743 5009 Cauterium,
775 4936 878 4993 Gr.
918 4927 1177 5007 ἀγκύλον.
1210 4931 1515 4989 Inﬂexum.

1239 4931 1515 4989 nﬂexum.
2172 4936 2466 5014 Ἀγκύλον.
2497 4937 2856 5012 Ἑπικαμπές.

332 5115 411 5188 (τι)
441 5115 652 5188 Ephes.
687 5132 752 5186 Ιι,
786 5114 874 5169 14.

1334 5279 1573 5338 VARl/E
1614 5282 2010 5340 LECTIONES
2033 5284 2127 5341 ET
2157 5285 2722 5345 CORRECTIONES.

403 5458 779 5544 “F’T’HE‘mu’dt
824 5459 878 5515 τί
927 5456 1039 5544 ἐστι
1083 5458 1145 5544 τὸ
1190 5457 1686 5544 épXBt1X9E'STVGI
1722 5460 2097 5544 ’κάρχηγικῶς
2139 5462 2240 5544 Δμὲν
2293 5463 2366 5544 ᾡς
2395 5464 2611 5544 παντων
2643 5461 2817 5544 αἴτιος
2842 5467 2954 5521 τῶν
2978 5463 3203 5544 ῥγαθῶν
3229 5467 3259 5523 6
3288 5469 3439 5541 Θεὸς,
3469 5476 3747 5544 μεθεκτῶς

330 5530 416 5620 δὲ,
442 5528 989 5629 ὡςἀἰνπρονοηέτιξαί
1012 5535 1139 5607 παρ’
1168 5528 1332 5629 αὖτ’ὁῦ
1354 5528 1707 5618 ’ἐκδιδόμεναι
1742 5528 1952 5629 δυνξμξέι

2120 5528 2195 5629 τερ
2212 5535 2488 5629 egissit
2524 5528 3286 5629 ἑξὶιῖιγ,ιξιὲιε,,.ηῖένξῖείὲαιξιιν
3329 5528 3482 5629 ορὲῖεὶ
3531 5528 3742 5629 ἐθωρὲ

328 5602 727 5679 principalitér
770 5602 860 5663 est
894 5602 1262 5670 Deus,'velut
1308 5620 1488 5661 causa
1537 5602 1797 5662 Omnium
1841 5602 1948 5665 bon

326 5677 578 5736 virtutes
609 5695 645 5735 a
673 5677 791 5735 Deo
822 5680 1153 5734 manantes.

2120 5623 2171 5676 1;
2208 5602 2482 5678 μῖεθικτῶς
2524 5602 3048 5683 νοίοὶὶανιίοῷαιε,
3080 5602 3377 5671 exsistunt
3403 5602 3742 5687 provisorié
