4108 6402
417 440 534 496 401

1204 447 1262 498 s.
1305 428 1572 499 MAXlMI
1610 445 1915 500 SCHOLIA
1952 444 2024 495 IN
2067 442 2195 494 LIB.
2239 443 2332 494 DE
2372 443 2640 496 DIVINIS
2678 443 3092 498 NOMlNlBUS.

3748 443 3853 498 402

506 567 608 620 Καὶ
659 565 811 630 θεοὺς
862 571 972 621 τῶν
1031 561 1226 623 ὄντων.
1257 568 1381 624 ’Ότι
1435 564 1534 622 οὐκ
1590 567 1691 621 εἱσι
1742 565 1853 629 θεοὶ
1904 563 1939 633 ἢ
1983 561 2060 633 δηι

2273 566 2337 619 Et
2371 565 2495 621 deos
2527 581 2731 621 eorum.
2769 567 2890 622 Non
2928 582 3056 622 esse
3085 567 3224 622 deos
3272 570 3375 623 aut
3421 570 3713 625 creatores
3743 585 3850 625 an-

425 656 693 731 μιουργοὶ
721 653 971 732 ἄγγελοι,
1004 654 1130 711 οὐδὲ
1161 654 1302 712 ἄλλο
1332 677 1383 710 τι
1414 657 1561 732 παρὰ
1587 656 1680 710 τὸν
1721 654 1874 712 Θεόν.

505 743 762 814 Ἀληθῶς
812 746 900 800 καὶ
943 745 1166 821 κυρίως.
1220 744 1562 818 Σημείωσαι,
1604 746 1686 800 ὅτι
1719 742 1843 799 οὐδὲ
1874 744 2028 804 οὐτος
2061 743 2089 796 ὁ

424 839 578 898 θεῖος
607 834 744 908 ἀνὴρ
776 831 1036 911 διαφορὰν
1068 832 1180 890 οἶδε
1208 838 1306 890 τοῦ
1334 834 1534 909 κυρίως
1566 834 1655 888 καὶ
1695 831 1941 903 ἀληθῶς.

498 923 609 990 Τὴν
671 923 1108 983 αὐτοουσίωσιν.
1162 926 1256 980 Ἐν
1315 923 1530 979 τούτοις
1609 921 1928 999 σαφέστερον
1983 921 2083 989 τήν

422 1008 588 1066 λύσιν
612 1011 907 1082 ἐποιήσατο
935 1016 1033 1067 τοῦ
1080 1013 1431 1087 προτεθέντος
1482 1007 1700 1087 προϐλή
1714 1031 1901 1084 ματος,
1935 1009 2084 1071 ὅπως

420 1101 543 1174 χρὴ
581 1095 768 1155 λαϐεῖν
816 1102 903 1172 τὸ,
951 1101 1086 1156 ποτέ
1138 1099 1387 1177 λέγεσθαι
1444 1101 1538 1174 μὲν
1590 1099 1748 1154 αὐτὸν
1799 1099 2082 1168 αὐτοζωήν

419 1188 517 1242 καὶ
546 1190 617 1244 τὰ
645 1189 735 1245 σὺν
786 1189 936 1263 αὐτῷ
987 1190 1080 1245 τὸν
1127 1190 1282 1258 Θεὸν,
1313 1191 1445 1245 ποτὲ
1493 1187 1551 1244 δὲ
1595 1189 1802 1244 τούτων
1849 1189 2083 1242 ὑποστά-

418 1299 551 1349 την,
584 1276 756 1354 ἤγουν
805 1284 972 1334 ταῦτα
1025 1279 1425 1350 ὑποστήσαντα·
1461 1280 1544 1334 ὅτι
1577 1279 1604 1332 ὑ
1638 1279 1756 1351 μὲν,
1803 1278 1876 1340 ὡς
1911 1275 2082 1338 αἴτιος

419 1367 636 1422 τούτων
685 1369 773 1422 καὶ
829 1368 978 1444 ἀρχὴ
1033 1369 1388 1444 ὑπεράρχιος,
1439 1367 1583 1422 οὕτω
1631 1372 1797 1422 ταῦτα
1843 1366 2078 1441 λέγεται·

419 1459 492 1512 τὰ
542 1456 600 1513 δὲ
648 1455 777 1514 ὄντα
821 1459 1030 1514 τούτων
1086 1462 1405 1536 μετέχοντα,
1464 1458 1752 1515 καλοῦνται
1803 1457 1855 1528 ἐξ
1905 1457 2080 1512 αὐτῶν

423 1553 628 1617 ζῶντα,
675 1549 762 1603 καὶ
815 1544 945 1604 ὄντα
991 1549 1084 1604 καὶ
1129 1545 1298 1607 ἔνθεα.
1349 1551 1462 1619 Τὴν
1513 1550 1723 1619 ζώωσιν
1777 1551 1930 1622 γοῦν,
1980 1548 2078 1615 τὴν

419 1636 680 1692 οὐσίωσιν
754 1638 872 1693 ἀντὶ
944 1643 1042 1693 τοῦ
1100 1640 1170 1693 τὰ
1225 1639 1518 1714 πράγματα
1572 1640 1635 1706 ¹⁶,
1699 1638 1991 1708 ὑπὲστησεν
2053 1637 2081 1690 ὁ

416 1727 580 1788 Θεός.
640 1727 882 1802 Πρώτως
957 1729 1049 1782 οὐν
1114 1727 1442 1801 ἐννοούμεθα
1515 1727 1646 1782 αὐτὸ
1714 1727 1776 1782 τὸ
1833 1731 2078 1801 πρᾶγμα·

416 1817 520 1880 εἶθ’
551 1814 694 1871 οὕτω
723 1818 822 1886 τὴν
855 1815 1162 1886 καθολικὴν
1190 1818 1355 1873 αὑτοῦ
1404 1811 1631 1872 ἔννοιαν·
1666 1818 1782 1872 οἷον
1813 1817 1912 1885 τήν
1944 1835 2080 1870 παν-

413 1905 592 1967 τοίως
622 1906 1007 1980 Θεωρουμὲνην
1043 1907 1186 1976 ζωὴν
1218 1906 1255 1976 ἢ
1288 1906 1500 1962 οὐσίαν*
1531 1905 1622 1960 καί
1672 1907 1794 1961 τότε
1823 1906 1892 1960 τὰ
1924 1925 2079 1982 μερι-

412 1995 511 2062 κᾶ,
541 1995 787 2049 τουτέστι
816 1995 916 2064 τήν
960 2000 1058 2051 τοῦ
1107 1997 1226 2061 καθ’
1247 1992 1478 2051 ἕκαστον
1520 1993 1661 2058 εἶδος
1692 1991 1897 2050 ἔννοιαν
1931 1993 2075 2069 λαμ-

411 2077 682 2156 ϐάνομεν,
758 2086 873 2139 οἷον
945 2086 1046 2154 τῆς
1113 2083 1404 2161 ἆγγελικῆς
1462 2087 1498 2154 ἦ
1555 2091 1655 2155 τῆς
1725 2084 2075 2159 ἀνθρωπίνης

411 2175 589 2241 ζωῆς,
641 2172 730 2227 καὶ
781 2177 890 2228 τῶν
940 2172 1149 2229 λοιπῶν
1201 2176 1283 2237 οἷς
1333 2169 1732 2247 συνεισϐάλλει,
1763 2175 1852 2229 καὶ
1893 2173 2068 2228 αὐτῶν

402 2266 520 2316 τῶν
574 2264 915 2338 μετεχόντων
967 2265 1002 2333 ἡ
1049 2267 1266 2338 μνήμη.
1317 2265 1642 2339 Ἐπαγαγὼν
1694 2262 1751 2319 δὲ
1800 2264 1914 2319 εἶτα
1957 2266 2066 2319 τῶν

399 2350 555 2406 ὅλων
617 2349 793 2406 αὐτῶν
851 2352 1216 2428 μετεχόντων,
1275 2350 1551 2424 ἐδήλωσεν
1614 2355 1688 2416 ὡς
1767 2353 1828 2408 οὐ
1894 2353 2068 2408 πάντα

391 2441 620 2496 πάντων
656 2439 970 2517 μετὲχουσι’
1003 2441 1072 2497 τὰ
1129 2443 1223 2515 μὲν
1275 2442 1378 2520 γὰρ
1422 2442 1611 2506 οὐσίας
1663 2443 1851 2516 μόνης*
1904 2443 1971 2498 τὰ
2009 2441 2066 2498 δὲ

393 2535 580 2598 ζωῆς·
630 2530 698 2584 τὰ
747 2527 806 2584 δὲ
854 2531 944 2585 καὶ
997 2533 1260 2604 νοήσεως,
1292 2530 1327 2599 ἢ
1381 2530 1470 2586 καὶ
1521 2531 1960 2604 νοερότητοςοτά
2008 2529 2063 2586 δὲ

389 2620 538 2692 πρὸς
569 2617 786 2681 τούτοις
815 2618 905 2674 καὶ
939 2620 1204 2684 θεώσεως.

466 2801 569 2857 Ὃν
616 2799 681 2855 τὰ
729 2797 858 2856 ὄντα
909 2799 1127 2864 οἷ’κείως
1176 2802 1386 2864 ἑαυτοῖς
1423 2843 1436 2858 .
1490 2804 1560 2856 Τὸ
1613 2799 1806 2856 δοκοῦν
1862 2802 2059 2881 ἆσαφὲ-

395 2910 594 2964 στερον
645 2889 1001 2968 σαφηνιστέον
1053 2889 1252 2952 οὕτως*
1287 2892 1316 2946 ὁ
1363 2891 1493 2953 Θεὸς
1547 2891 1720 2946 πάντα
1773 2891 1848 2953 εἷς
1889 2913 2063 2963 σωτη-

393 2978 523 3054 ρίαν
586 2978 640 3033 ἐν
690 2979 866 3052 ἑαυτῷ
907 2978 1164 3055 προέχων
1222 2980 1659 3056 ὑπερηνωμὲνως
1709 2980 1798 3036 καὶ
1841 2982 2059 3036 ἀσυνθέ-

392 3088 530 3135 τως,
557 3067 650 3122 καὶ
683 3069 758 3131 ὡς
786 3069 1002 3144 πηγαία
1032 3070 1180 3145 ἀρχὴ
1216 3066 1284 3124 δι’
1333 3071 1670 3146 ἀγαθότητος
1722 3065 2057 3146 ὑπερϐολὴν,

391 3158 488 3211 καὶ
531 3162 654 3220 τοῖς
691 3155 743 3230 ἐξ
785 3156 953 3212 αὐτοῦ
1003 3155 1416 3234 δημιουργικῶς
1467 3160 1726 3214 ὑποστᾶσι
1753 3205 1766 3229 ,
1816 3159 2056 3234 καθάπερ

393 3245 621 3308 ἀκτῖνάς
660 3267 808 3309 τινας
863 3246 1061 3324 ἀφιεὶς,
1116 3247 1291 3321 μένων
1339 3247 1486 3311 ὅλως
1537 3247 1589 3304 ἐν
1630 3248 1805 3322 ἐαυτῷ
1836 3246 2054 3322 μεταδίο

2200 654 2381 726 gelos,
2416 671 2604 727 neque
2635 655 2855 727 aliquid
2888 655 3048 711 aliud
3080 661 3289 728 praeter
3319 657 3526 715 Deum.

2275 746 2402 800 Vere
2433 760 2497 799 ac
2518 747 2768 817 proprie.
2800 749 2948 801 Nota
2979 746 3133 817 quod
3152 761 3340 818 neque
3363 746 3595 804 divinus
3638 747 3734 804 hic
3761 748 3852 804 vir

2194 833 2586 890 differentiam
2619 841 2900 907 agnoscat
2928 836 3082 890 inter
3110 834 3314 908 κυρίως
3345 839 3402 890 et
3431 831 3700 904 ἀληθῶς..

2269 925 2374 979 Per
2395 939 2453 979 se
2479 939 2616 980 esse.
2648 925 2710 978 In
2745 924 2839 979 his
2872 925 3182 996 perspicue
3213 925 3404 995 magis
3435 924 3610 980 solvit
3639 942 3847 996 propo-

2195 1012 2377 1067 situm
2393 1012 2638 1068 dubium
2663 1014 2955 1084 quomodo
2969 1012 3381 1083 accipiendum
3404 1011 3701 1085 sit,ipsum
3717 1015 3847 1085 qui-

2196 1102 2328 1156 dem
2355 1102 2672 1173 aliquando
2694 1102 2809 1157 dici
2847 1102 3038 1174 ipsam
3074 1102 3274 1169 vitam;
3300 1107 3358 1156 et
3379 1119 3507 1173 qua
3529 1118 3665 1157 cum
3717 1102 3846 1174 ipso

2193 1194 2400 1258 Deum;
2421 1190 2740 1262 aliquando
2762 1195 2958 1246 autem
2979 1191 3189 1246 horum
3212 1191 3578 1247 conditorem
3602 1208 3704 1248 seu
3725 1190 3845 1248 haec

2193 1279 2849 1336 condidisse.Nimirum
2864 1297 2998 1336 eum
3018 1284 3112 1335 tan
3122 1297 3196 1352 qu
3206 1297 3300 1336 am
3314 1280 3526 1336 horum
3542 1285 3843 1336 auctorem

2193 1373 2251 1423 ct
2280 1368 2637 1440 principium
2670 1386 2851 1439 supra
2894 1369 3251 1440 principium
3291 1369 3376 1424 ita
3404 1369 3716 1441 nominari,
3750 1386 3844 1426 res

2193 1473 2326 1513 vero
2351 1475 2478 1528 qua;
2505 1459 2620 1513 haec
2647 1458 3022 1530 participant,
3056 1476 3123 1512 ex
3160 1458 3307 1529 ipsis
3330 1459 3523 1514 vocari
3559 1459 3840 1530 viventes,

2193 1548 2509 1603 existentes
2543 1563 2608 1603 ac
2638 1549 2887 1603 divinas.
2941 1548 3088 1619 Ergo
3119 1548 3273 1603 Deus
3325 1565 3428 1620 pro
3474 1549 3650 1604 rebus
3697 1548 3843 1621 ipsis

2193 1652 2298 1692 seu
2331 1637 2553 1693 effectis
2576 1636 2852 1709 produxit
2873 1637 3102 1692 vivendi
3127 1637 3443 1705 actionem,
3465 1641 3520 1693 et
3552 1638 3841 1694 actionem

2192 1725 2454 1782 essentia;
2486 1727 2793 1782 datricem.
2826 1731 3031 1798 Itaque
3074 1726 3265 1798 primo
3295 1725 3421 1783 loco
3454 1726 3841 1799 intelligimus

2192 1818 2387 1888 ipsum
2420 1817 2712 1872 effectum.
2738 1816 2946 1873 Postea
2976 1816 3367 1872 universalem
3389 1818 3518 1888 ejus
3539 1817 3841 1889 cogitatio-

2192 1920 2352 1977 nem,
2376 1904 2620 1977 scilicet,
2645 1905 2922 1961 omnibus
2947 1905 3139 1960 modis
3179 1904 3610 1962 consideratam
3653 1906 3836 1962 vitam

2185 1999 2289 2052 aut
2318 1995 2658 2062 essentiam,
2694 1999 2754 2050 et
2776 1998 2904 2050 tum
2928 1993 3325 2066 particularia,
3349 1993 3410 2049 id
3432 1999 3523 2050 est
3543 1996 3835 2068 cujusque

2183 2083 2401 2158 Speciei
2432 2083 2884 2156 intelligentiam
2932 2082 3254 2156 accipimus
3283 2082 3560 2155 angelica;
3589 2088 3692 2140 aut
3717 2084 3830 2140 hu-

2183 2190 2366 2230 manae
2396 2173 2550 2240 vitae,
2584 2189 2650 2230 ac
2681 2172 3044 2245 reliquorum
3074 2171 3291 2244 quibus
3331 2172 3617 2229 memoria
3647 2173 3826 2229 simul

2180 2263 2494 2333 incumbit,
2543 2279 2608 2320 ac
2652 2278 2853 2319 eorum
2882 2279 3008 2334 quae
3057 2261 3593 2334 participant.Cum
3625 2267 3825 2319 autem

2179 2354 2430 2423 addidit,
2460 2357 2580 2409 tum
2607 2368 2799 2410 eorum
2826 2367 2953 2424 quae
2983 2351 3236 2408 omnibus
3263 2352 3627 2425 participant,
3649 2353 3830 2425 signi-

2181 2445 2374 2501 ﬁcavit
2403 2460 2521 2500 non
2552 2443 2754 2500 omnia
2782 2442 3061 2499 omnibus
3093 2441 3480 2514 participare;
3513 2442 3629 2498 alia
3670 2443 3830 2499 enim

2177 2534 2304 2590 sola
2335 2533 2618 2603 essentia,
2645 2531 2762 2589 alia
2792 2549 2924 2588 vero
2953 2531 3108 2601 vita;
3142 2532 3412 2603 quaedam
3444 2531 3624 2588 etiam
3656 2532 3830 2588 intel-

2174 2621 2424 2678 lectione
2451 2640 2554 2679 seu
2588 2621 3002 2694 intelligentia,
3051 2621 3323 2693 quaedam
3374 2624 3574 2678 autem
3622 2626 3832 2694 praeter

2171 2711 2271 2767 illa
2301 2711 2476 2767 etiam
2503 2711 2828 2766 divinitate.

2245 2803 2376 2870 Quae
2407 2816 2492 2856 res
2519 2805 2685 2872 prout
2729 2802 2930 2871 cuique
2975 2802 3245 2855 convenit.
3297 2800 3461 2863 Quod
3515 2800 3827 2856 obscurius

2168 2892 2424 2958 videtur,
2460 2890 2545 2944 ita
2577 2888 2996 2945 declarandum
3021 2892 3129 2943 est.
3153 2892 3306 2943 Deus
3336 2887 3537 2944 omnia
3567 2889 3638 2944 ad
3657 2887 3822 2945 salu-

2170 2985 2286 3037 tem
2319 2980 2378 3034 in
2405 2979 2598 3050 scipso
2622 2982 2757 3034 ante
2779 2977 3004 3033 habens
3035 2977 3208 3032 modo
3230 2975 3572 3034 unitissimo
3603 2981 3660 3033 et
3691 2978 3822 3036 sine

2168 3068 2614 3141 compositione,
2649 3084 2714 3123 ac
2743 3066 2903 3122 velut
2933 3065 3151 3122 fontale
3183 3064 3543 3138 principium
3584 3071 3824 3140 propter

2169 3157 2452 3214 bonitatis
2479 3172 2808 3223 excessum,
2841 3159 3016 3227 atque
3047 3154 3120 3210 iis
3171 3170 3302 3226 quae
3333 3155 3404 3210 ab
3446 3155 3575 3227 ipso
3607 3156 3822 3213 virtute

2165 3247 2401 3304 creandi
2415 3246 2650 3302 condita
2661 3244 3006 3312 sunt,veluti
3022 3243 3216 3300 radios
3229 3243 3508 3314 quosdam
3518 3244 3817 3317 emittens,

393 3333 532 3390 δωσι
589 3339 859 3408 μεθεκτῶς
911 3336 1119 3410 ἑκάστῳ
1169 3337 1381 3400 οἰκείως
1427 3342 1534 3393 τῶν
1591 3337 1842 3415 μεγάλων
1889 3338 2052 3394 αὐτοῦ

2179 3343 2326 3394 Lotus
2367 3335 2426 3391 in
2451 3351 2514 3392 se
2543 3351 2813 3403 manens,
2846 3333 3170 3404 unicuique
3199 3349 3304 3404 pro
3326 3336 3500 3405 captu
3551 3349 3657 3405 per
3694 3350 3818 3390 mo-

395 3425 869 3500 προτερημοίτων·
922 3426 978 3478 αἱ
1027 3426 1121 3480 οὗν
1171 3424 1231 3481 ἐκ
1272 3431 1380 3482 τῶν
1438 3426 1661 3481 ἐνοντων
1721 3428 1865 3499 αὑτῷ
1918 3429 2053 3504 ἀγα-

392 3516 500 3567 Θῶν
535 3511 610 3574 εἷς
656 3510 945 3585 μετάδοσιν
998 3511 1302 3588 ἐλλάμψεις
1349 3514 1724 3589 πρωτοτὺπως
1775 3516 2048 3592 λέγονται,

386 3602 483 3656 καὶ
533 3601 806 3656 αὐτοεῖναι
855 3603 946 3657 καὶ
991 3602 1388 3674 αὑτοζωώσεις,
1421 3604 1509 3658 καὶ
1561 3604 1917 3669 αὐτοθεώσεις
1960 3607 2050 3661 καὶ

387 3693 495 3746 ὅσα
522 3696 748 3746 τοιαῦτα
799 3691 935 3746 κατὰ
970 3691 1202 3765 μίμησιν
1243 3697 1351 3747 τῶν
1406 3691 1618 3768 ἀρχῶν,
1648 3696 1890 3750 τουτέστι
1940 3701 2046 3750 τῶν

385 3781 560 3835 αὐτοῦ
615 3779 681 3850 δὴ
731 3785 827 3835 τοῦ
877 3779 1013 3836 Θεοῦ
1063 3777 1256 3849 ὄντων,
1304 3784 1448 3859 φημὶ
1496 3789 1596 3852 τῆς
1629 3784 2046 3854 αὑτοοεότητος,

385 3870 479 3924 καὶ
515 3868 1011 3944 αὐτοαγαθότητος,
1060 3869 1151 3924 καὶ
1197 3869 1502 3940 αὐτοζωῆς·
1550 3867 1812 3946 δευτέρως
1851 3869 1908 3927 δὲ
1958 3873 2046 3928 καὶ

387 3958 499 4014 ὅλα
543 3959 682 4013 αὐτὰ
729 3959 1029 4028 ὑποστῆναι
1083 3956 1322 4034 λέγεται,
1373 3959 1464 4014 διὰ
1491 3964 1597 4016 τῶν
1648 3961 1784 4016 κατὰ
1813 3959 2049 4038 πρόοδον

388 4049 713 4103 ὑποστασῶν
750 4048 840 4102 ὑπ’
868 4046 1035 4102 αὐτοῦ
1067 4047 1290 4116 οὐσιῶν,
1323 4053 1476 4117 ζωῶν
1511 4050 1687 4104 οὐσῶν
1740 4048 2047 4120 οὐσιωδῶς,

384 4135 478 4191 καὶ
541 4133 848 4208 διδομένων
895 4140 1170 4199 ιιεθεκτῶς
1212 4141 1328 4198 τοῖς
1379 4136 1547 4207 ἀξίοις
1604 4140 1672 4176 ¹⁶·
1733 4137 1931 4212 τρίτως
1990 4137 2047 4194 δὲ

381 4230 498 4280 τῶν
551 4229 789 4300 μερικῶν
832 4222 1045 4280 τούτων
1098 4221 1460 4298 μεταδόσεων·
1501 4227 1622 4281 τινὰ
1677 4229 1777 4303 γὰρ
1827 4229 2043 4303 μετέχει

384 4314 658 4384 ζωώσεως
712 4312 909 4387 μόνης,
961 4315 1084 4368 τινὰ
1141 4311 1198 4368 δὲ
1239 4314 1331 4368 καὶ
1384 4314 1650 4386 θεώσεως,
1700 4318 1819 4372 τινὰ
1870 4315 1926 4372 δὶ
1954 4318 2045 4372 καὶ

378 4409 493 4459 τῶν
528 4401 678 4457 ὅλων
727 4404 868 4476 ὁμοῦ
911 4401 1146 4476 τούτων,
1179 4404 1255 4466 ὡς
1303 4403 1358 4457 αἱ
1407 4404 1678 4459 ἀνώταται
1725 4406 1916 4477 νοηταὶ
1949 4404 2043 4461 δυ-

380 4491 601 4565 νάμεις.

2163 3427 2305 3482 dum
2335 3422 2894 3480 communicationis
2956 3438 3204 3494 magnas
3249 3437 3390 3477 suas
3441 3420 3817 3478 excellentias

2162 3513 2583 3572 communicat.
2605 3513 2805 3583 Itaque
2821 3510 3250 3567 illustrationes
3273 3527 3341 3566 ex
3361 3509 3436 3566 iis
3451 3527 3578 3582 quae
3601 3511 3716 3583 ipsi
3733 3511 3818 3568 in-

2162 3609 2302 3661 sunt
2320 3603 2490 3660 bonis
2513 3599 3109 3658 communicabilibus
3140 3600 3331 3672 primo
3353 3599 3479 3656 loco
3513 3600 3814 3672 dicuntur,

2161 3693 2425 3764 etipsum
2449 3707 2599 3755 esse,
2624 3693 2681 3745 et
2700 3689 2889 3761 ipsius
2908 3688 3043 3744 vitae
3059 3687 3421 3760 largitiones,
3441 3691 3498 3745 et
3522 3688 3714 3760 ipsius
3731 3690 3817 3745 di-

2157 3782 2390 3838 vinitati
2409 3780 2752 3853 largitiones
2775 3783 2832 3834 et
2847 3782 3134 3850 quotquot
3155 3776 3295 3833 talia
3315 3778 3643 3835 secundum
3657 3780 3811 3836 222

2161 3871 2547 3926 imitationem
2576 3867 3020 3941 principiorum,
3051 3867 3110 3922 id
3133 3871 3224 3922 est
3246 3883 3449 3922 eorum
3469 3885 3597 3939 quas
3621 3867 3812 3941 ipsius

2156 3960 2259 4016 Dei
2274 3959 2630 4031 sunt,ipsius
2644 3956 2974 4012 divinitatis
2987 3956 3312 4027 inquam,et
3327 3955 3515 4028 ipsius
3529 3956 3812 4014 bonitatis

2158 4054 2336 4122 atque
2367 4047 2556 4120 ipsius
2577 4047 2736 4115 vita;
2797 4045 3057 4101 secundo
3119 4061 3249 4101 vero
3281 4044 3458 4101 etiam
3502 4049 3625 4102 tota
3680 4046 3812 4118 ipsa

2158 4137 2495 4194 condidisse
2510 4136 2743 4202 dicitur,
2769 4138 3006 4208 propter
3029 4133 3320 4190 essentias
3340 4135 3470 4205 ejus
3491 4151 3809 4207 progressu

2158 4229 2229 4284 ad
2262 4230 2426 4282 extra
2455 4225 2872 4291 subsistentes,
2898 4240 3027 4294 qum
3067 4222 3461 4278 essentialiter
3490 4227 3629 4279 sunt
3656 4224 3806 4292 vitae,

2155 4321 2212 4373 et
2243 4314 2438 4389 dignis
2460 4313 2956 4370 communicando
2986 4313 3224 4379 dantur;
3249 4311 3424 4368 tertio
3456 4320 3650 4369 autem
3681 4329 3810 4385 par-

2154 4408 2494 4465 ticularium
2525 4407 2738 4463 harum
2770 4403 3379 4461 communicationum
3414 4421 3614 4460 causa.
3643 4406 3807 4470 Quae-

2154 4500 2288 4555 dam
2321 4498 2476 4553 enim
2511 4495 2697 4552 solam
2730 4496 2856 4550 vita:
2906 4492 3304 4566 largitionem,
3353 4494 3622 4564 quaedam
3669 4509 3806 4548 vero

385 4585 568 4638 etiam
603 4581 928 4639 divinitatis
956 4581 1353 4656 largitionem,
1389 4584 1656 4655 quaedam
1689 4585 1942 4658 denique
1990 4587 2170 4644 simul
2207 4587 2332 4642 haec
2379 4589 2520 4653 tota,
2575 4584 2731 4640 sicut
2781 4598 3064 4654 suprema:
3109 4581 3512 4653 intelligibiles
3558 4581 3806 4639 virtutes

381 4673 764 4747 participant.

461 4764 592 4818 Τῶν
659 4764 894 4836 μερικῶν
931 4801 944 4817 .

382 4855 580 4928 γενῶν.

462 4939 570 4996 Καὶ
616 4942 714 5008 τῆς
771 4938 1268 5014 ἀύτοαγαθότητος.
1323 4941 1445 4996 Ὅτι
1498 4940 1588 4995 καὶ
1630 4949 1728 5011 τῆς
1775 4941 2044 5017 αὐτοαγα-

382 5030 620 5100 Θότητος
666 5031 755 5085 καὶ
800 5030 1058 5101 θεότητος
1109 5031 1416 5101 ὑποστάτης
1469 5030 1609 5086 ἐστὶν
1643 5034 1670 5087 ὁ
1704 5033 2042 5110 ὐπεροὶγαθος

373 5120 469 5173 καὶ
533 5119 815 5195 ὑπὲρθεος.
864 5119 1183 5192 Σημείωσαι
1231 5119 1322 5174 οὑν
1385 5116 1467 5175 ὅτι
1527 5121 1626 5176 οὐκ
1681 5116 1822 5178 ἔστιν
1883 5123 2045 5178 οὐσία

375 5213 514 5264 Θεοῦ
560 5209 626 5262 τὰ
673 5213 921 5266 τοιαῦτα.
976 5209 1276 5285 Ἀνάγνωθι
1329 5208 1380 5263 ἐν
1447 5214 1516 5282 τῇ
1685 5213 1822 5287 πρὸς
1884 5219 2044 5268 Γάιίον

373 5295 672 5370 ἐπιστολῇ.

449 5386 721 5462 Προνοίας
776 5387 866 5441 καὶ
925 5385 1309 5463 ἀγαθότητας.
1373 5387 1642 5463 Προνοίας
1698 5391 1785 5445 καὶ
1847 5390 2044 5466 ἀγαθό-

1002 4761 1213 4835 Μερικά
1268 4781 1400 4838 φησι
1468 4761 1562 4822 τὰς
1622 4758 1884 4839 διαδοχὰς
1938 4768 2044 4820 τῶν

2225 4766 2697 4826 Particularium.
2735 4761 3122 4819 Particularia
3169 4760 3310 4816 dicit
3339 4777 3619 4834 generum
3669 4779 3801 4819 suc-

2185 4872 2470 4912 88810085.

2185 4874 2248 4912 es
2287 4874 2470 4912 Iones.

2152 4874 2180 4913 c
2224 4875 2288 5000 Est
2312 4962 2412 5016 per
2439 4961 2494 5000 se
2526 4944 2806 5000 bonitatis.
2840 4947 2990 4998 Eum
3021 4957 3150 4997 esse
3187 4939 3377 5012 ipsius
3424 4939 3700 4995 bonitatis
3749 4945 3806 4996 et

2154 5035 2476 5092 divinitatis
2527 5033 2889 5090 conditorem
2923 5036 3025 5102 qui
3066 5035 3156 5086 est
3187 5047 3367 5102 supra
3395 5029 3717 5085 bonitatem
3747 5035 3807 5086 et

2154 5143 2335 5197 supra
2357 5124 2745 5179 divinitatem.
2768 5121 2918 5176 Nota
2968 5119 3171 5192 igitur,
3204 5117 3346 5174 talia
3377 5135 3493 5174 non
3539 5135 3670 5174 esse
3701 5119 3806 5175 Dei

2153 5214 2495 5271 essentiam.
2527 5212 2674 5283 Lege
2706 5210 3027 5266 secundam
3060 5209 3131 5264 ad
3158 5208 3364 5265 Caium
3397 5207 3731 5280 epistolam.

2223 5389 2604 5446 Providentias
2629 5393 2678 5444 et
2709 5389 2991 5445 bonitatcs.
3026 5386 3434 5443 Providentias
3481 5391 3538 5443 et
3571 5387 3808 5445 bonita-

1392 5613 1638 5671 VARIzE
1681 5617 2076 5674 LECTIONES
2115 5617 2204 5673 ET
2243 5615 2803 5674 CORRECTIONES.

466 5762 513 5798 ¹⁵
540 5763 640 5832 τήν
671 5764 885 5837 Θὲωσιν,
915 5761 1086 5841 ἤγουν
1119 5763 1256 5819 αὐτὰ
1282 5762 1349 5818 τὰ
1377 5765 1542 5840 πράγ.
1621 5770 1665 5803 ¹⁶
1693 5787 1774 5842 γρ.
1811 5767 2006 5844 ἁγίοις.
