  <div class='ocr_page' id='page_1' title='image "/cluster/home/n/w/nwhite01/storage/ocr_20150623/4:no.2/coo.31924054872837/209.png"; bbox 0 0 4108 6378; ppageno 0'>
   <div class='ocr_carea' id='block_1_1' title="bbox 316 393 421 449">
    <p class='ocr_par' dir='ltr' id='par_1_1' title="bbox 316 393 421 449">
     <span class='ocr_line' id='line_1_1' title="bbox 316 393 421 449; baseline -0.01 0"><span class='ocrx_word' id='word_1_1' title='bbox 316 393 421 449; x_wconf 72' lang='grc'><strong>403</strong></span> 
     </span>
    </p>
   </div>
   <div class='ocr_carea' id='block_1_2' title="bbox 1130 393 2916 450">
    <p class='ocr_par' dir='ltr' id='par_1_2' title="bbox 1130 393 2916 450">
     <span class='ocr_line' id='line_1_2' title="bbox 1130 393 2916 450; baseline -0.001 -2"><span class='ocrx_word' id='word_1_2' title='bbox 1130 396 1498 450; x_wconf 74' lang='grc' dir='ltr'><strong>ΔΡΡΕΝΒΙΧ</strong></span> <span class='ocrx_word' id='word_1_3' title='bbox 1535 395 1634 450; x_wconf 77' lang='grc' dir='ltr'><strong>ΔΙ)</strong></span> <span class='ocrx_word' id='word_1_4' title='bbox 1670 393 1914 450; x_wconf 72' lang='grc' dir='ltr'><strong>ΟΡΒΒΔ</strong></span> <span class='ocrx_word' id='word_1_5' title='bbox 1952 396 2010 449; x_wconf 81' lang='lat' dir='ltr'><strong>S.</strong></span> <span class='ocrx_word' id='word_1_6' title='bbox 2051 393 2371 448; x_wconf 79' lang='lat' dir='ltr'><strong>DIONYSII</strong></span> <span class='ocrx_word' id='word_1_7' title='bbox 2411 393 2916 450; x_wconf 71' lang='lat' dir='ltr'><strong>ARROPAGITE.</strong></span> 
     </span>
    </p>
   </div>
   <div class='ocr_carea' id='block_1_3' title="bbox 3635 393 3747 448">
    <p class='ocr_par' dir='ltr' id='par_1_3' title="bbox 3635 393 3747 448">
     <span class='ocr_line' id='line_1_3' title="bbox 3635 393 3747 448; baseline 0.018 -2"><span class='ocrx_word' id='word_1_8' title='bbox 3635 393 3747 448; x_wconf 73' lang='grc'><strong>404</strong></span> 
     </span>
    </p>
   </div>
   <div class='ocr_carea' id='block_1_4' title="bbox 318 514 1970 594">
    <p class='ocr_par' dir='ltr' id='par_1_4' title="bbox 318 515 1970 594">
     <span class='ocr_line' id='line_1_4' title="bbox 318 515 1970 594; baseline -0.001 -20"><span class='ocrx_word' id='word_1_9' title='bbox 318 524 428 590; x_wconf 88' lang='lat' dir='ltr'><strong>tes,</strong></span> <span class='ocrx_word' id='word_1_10' title='bbox 454 519 717 594; x_wconf 84' lang='grc' dir='ltr'>προνοίας</span> <span class='ocrx_word' id='word_1_11' title='bbox 747 521 806 574; x_wconf 90' lang='lat' dir='ltr'><strong>et</strong></span> <span class='ocrx_word' id='word_1_12' title='bbox 833 515 1176 591; x_wconf 81' lang='grc' dir='ltr'>ἀγαθότητας</span> <span class='ocrx_word' id='word_1_13' title='bbox 1206 519 1369 587; x_wconf 84' lang='lat' dir='ltr'><strong>dicit,</strong></span> <span class='ocrx_word' id='word_1_14' title='bbox 1404 535 1532 590; x_wconf 68' lang='lat' dir='ltr'><strong>qua</strong></span> <span class='ocrx_word' id='word_1_15' title='bbox 1563 522 1734 575; x_wconf 86' lang='lat' dir='ltr'><strong>antea</strong></span> <span class='ocrx_word' id='word_1_16' title='bbox 1750 518 1970 574; x_wconf 86' lang='lat' dir='ltr'><strong>vocavit</strong></span> 
     </span>
    </p>
   </div>
   <div class='ocr_carea' id='block_1_5' title="bbox 2093 514 3742 594">
    <p class='ocr_par' dir='ltr' id='par_1_5' title="bbox 2093 514 3742 594">
     <span class='ocr_line' id='line_1_5' title="bbox 2093 514 3742 594; baseline 0.001 -24"><span class='ocrx_word' id='word_1_17' title='bbox 2093 516 2250 586; x_wconf 80' lang='grc' dir='ltr'>τητάς</span> <span class='ocrx_word' id='word_1_18' title='bbox 2284 536 2470 594; x_wconf 73' lang='grc' dir='ltr'>φησιν,</span> <span class='ocrx_word' id='word_1_19' title='bbox 2503 517 2638 591; x_wconf 78' lang='grc' dir='ltr'>ἅπερ</span> <span class='ocrx_word' id='word_1_20' title='bbox 2684 526 2943 591; x_wconf 77' lang='grc' dir='ltr'><strong>προεῖπεν</strong></span> <span class='ocrx_word' id='word_1_21' title='bbox 2989 514 3270 587; x_wconf 83' lang='grc' dir='ltr'>οὐσίωσιν,</span> <span class='ocrx_word' id='word_1_22' title='bbox 3319 517 3554 585; x_wconf 86' lang='grc' dir='ltr'>ζώωσιν,</span> <span class='ocrx_word' id='word_1_23' title='bbox 3605 515 3742 593; x_wconf 78' lang='grc' dir='ltr'>ἀγα-</span> 
     </span>
    </p>
   </div>
   <div class='ocr_carea' id='block_1_6' title="bbox 319 608 1972 684">
    <p class='ocr_par' dir='ltr' id='par_1_6' title="bbox 319 608 1972 684">
     <span class='ocr_line' id='line_1_6' title="bbox 319 608 1972 684; baseline -0.002 -16"><span class='ocrx_word' id='word_1_24' title='bbox 319 613 584 668; x_wconf 80' lang='lat' dir='ltr'><strong>cssentiae</strong></span> <span class='ocrx_word' id='word_1_25' title='bbox 615 611 1016 684; x_wconf 82' lang='lat' dir='ltr'><strong>largitionem,</strong></span> <span class='ocrx_word' id='word_1_26' title='bbox 1045 609 1176 665; x_wconf 66' lang='lat' dir='ltr'><strong>vitae</strong></span> <span class='ocrx_word' id='word_1_27' title='bbox 1208 608 1604 682; x_wconf 76' lang='lat' dir='ltr'><strong>largitionem,</strong></span> <span class='ocrx_word' id='word_1_28' title='bbox 1624 609 1972 681; x_wconf 74' lang='lat' dir='ltr'><strong>bonitatem,</strong></span> 
     </span>
    </p>
   </div>
   <div class='ocr_carea' id='block_1_7' title="bbox 319 697 1650 772">
    <p class='ocr_par' dir='ltr' id='par_1_7' title="bbox 319 697 1650 772">
     <span class='ocr_line' id='line_1_7' title="bbox 319 697 1650 772; baseline -0.002 -16"><span class='ocrx_word' id='word_1_29' title='bbox 319 701 712 771; x_wconf 71' lang='lat' dir='ltr'><strong>divinitatem,</strong></span> <span class='ocrx_word' id='word_1_30' title='bbox 744 699 1272 772; x_wconf 80' lang='lat' dir='ltr'><strong>pulchritudinem,</strong></span> <span class='ocrx_word' id='word_1_31' title='bbox 1309 714 1378 755; x_wconf 89' lang='lat' dir='ltr'><strong>ac</strong></span> <span class='ocrx_word' id='word_1_32' title='bbox 1408 697 1650 755; x_wconf 81' lang='lat' dir='ltr'><strong>similia.</strong></span> 
     </span>
    </p>
   </div>
   <div class='ocr_carea' id='block_1_8' title="bbox 387 788 1979 863">
    <p class='ocr_par' dir='ltr' id='par_1_8' title="bbox 387 788 1979 863">
     <span class='ocr_line' id='line_1_8' title="bbox 387 788 1979 863; baseline -0.001 -16"><span class='ocrx_word' id='word_1_33' title='bbox 387 794 426 847; x_wconf 85' lang='grc' dir='ltr'><em>Α</em></span> <span class='ocrx_word' id='word_1_34' title='bbox 460 792 564 848; x_wconf 83' lang='lat' dir='ltr'><strong>Deo</strong></span> <span class='ocrx_word' id='word_1_35' title='bbox 584 790 776 863; x_wconf 80' lang='lat' dir='ltr'><strong>quiest</strong></span> <span class='ocrx_word' id='word_1_36' title='bbox 793 794 956 846; x_wconf 73' lang='lat' dir='ltr'><strong>extra</strong></span> <span class='ocrx_word' id='word_1_37' title='bbox 970 789 1063 845; x_wconf 80' lang='lat' dir='ltr'><strong>sui</strong></span> <span class='ocrx_word' id='word_1_38' title='bbox 1071 788 1580 861; x_wconf 79' lang='lat' dir='ltr'><strong>participationem.</strong></span> <span class='ocrx_word' id='word_1_39' title='bbox 1598 789 1781 845; x_wconf 88' lang='lat' dir='ltr'><strong>Paulo</strong></span> <span class='ocrx_word' id='word_1_40' title='bbox 1803 793 1979 845; x_wconf 81' lang='lat' dir='ltr'><strong>antea</strong></span> 
     </span>
    </p>
   </div>
   <div class='ocr_carea' id='block_1_9' title="bbox 317 877 1977 950">
    <p class='ocr_par' dir='ltr' id='par_1_9' title="bbox 317 877 1977 950">
     <span class='ocr_line' id='line_1_9' title="bbox 317 877 1977 950; baseline -0.001 -14"><span class='ocrx_word' id='word_1_41' title='bbox 317 880 568 950; x_wconf 79' lang='lat' dir='ltr'><strong>dixerat,</strong></span> <span class='ocrx_word' id='word_1_42' title='bbox 614 880 800 936; x_wconf 91' lang='lat' dir='ltr'><strong>Deum</strong></span> <span class='ocrx_word' id='word_1_43' title='bbox 850 877 1274 935; x_wconf 85' lang='lat' dir='ltr'><strong>communicari</strong></span> <span class='ocrx_word' id='word_1_44' title='bbox 1345 892 1541 950; x_wconf 86' lang='lat' dir='ltr'><strong>posse,</strong></span> <span class='ocrx_word' id='word_1_45' title='bbox 1614 895 1774 935; x_wconf 88' lang='lat' dir='ltr'><strong>nunc</strong></span> <span class='ocrx_word' id='word_1_46' title='bbox 1831 878 1977 934; x_wconf 89' lang='lat' dir='ltr'><strong>dicit</strong></span> 
     </span>
    </p>
   </div>
   <div class='ocr_carea' id='block_1_10' title="bbox 313 967 1974 1042">
    <p class='ocr_par' dir='ltr' id='par_1_10' title="bbox 313 967 1974 1042">
     <span class='ocr_line' id='line_1_10' title="bbox 313 967 1974 1042; baseline 0 -18"><span class='ocrx_word' id='word_1_47' title='bbox 313 971 512 1042; x_wconf 83' lang='lat' dir='ltr'><strong>ispum</strong></span> <span class='ocrx_word' id='word_1_48' title='bbox 545 986 662 1026; x_wconf 88' lang='lat' dir='ltr'><strong>non</strong></span> <span class='ocrx_word' id='word_1_49' title='bbox 710 984 886 1042; x_wconf 90' lang='lat' dir='ltr'><strong>posse</strong></span> <span class='ocrx_word' id='word_1_50' title='bbox 923 967 1366 1024; x_wconf 88' lang='lat' dir='ltr'><strong>communicari.</strong></span> <span class='ocrx_word' id='word_1_51' title='bbox 1417 968 1568 1039; x_wconf 84' lang='lat' dir='ltr'><strong>Ergo</strong></span> <span class='ocrx_word' id='word_1_52' title='bbox 1613 969 1768 1025; x_wconf 85' lang='lat' dir='ltr'><strong>Deus</strong></span> <span class='ocrx_word' id='word_1_53' title='bbox 1814 983 1974 1024; x_wconf 91' lang='lat' dir='ltr'><strong>com-</strong></span> 
     </span>
    </p>
   </div>
   <div class='ocr_carea' id='block_1_11' title="bbox 318 1055 1974 1132">
    <p class='ocr_par' dir='ltr' id='par_1_11' title="bbox 318 1055 1974 1132">
     <span class='ocr_line' id='line_1_11' title="bbox 318 1055 1974 1132; baseline -0.001 -18"><span class='ocrx_word' id='word_1_54' title='bbox 318 1059 612 1114; x_wconf 86' lang='lat' dir='ltr'><strong>municari</strong></span> <span class='ocrx_word' id='word_1_55' title='bbox 645 1061 840 1132; x_wconf 90' lang='lat' dir='ltr'><strong>potest</strong></span> <span class='ocrx_word' id='word_1_56' title='bbox 865 1055 1212 1113; x_wconf 82' lang='lat' dir='ltr'><strong>liberalibus</strong></span> <span class='ocrx_word' id='word_1_57' title='bbox 1252 1057 1381 1113; x_wconf 83' lang='lat' dir='ltr'><strong>suis</strong></span> <span class='ocrx_word' id='word_1_58' title='bbox 1419 1057 1974 1114; x_wconf 86' lang='lat' dir='ltr'><strong>communicationi-</strong></span> 
     </span>
    </p>
   </div>
   <div class='ocr_carea' id='block_1_12' title="bbox 316 1145 1977 1221">
    <p class='ocr_par' dir='ltr' id='par_1_12' title="bbox 316 1145 1977 1221">
     <span class='ocr_line' id='line_1_12' title="bbox 316 1145 1977 1221; baseline -0.002 -17"><span class='ocrx_word' id='word_1_59' title='bbox 316 1149 460 1219; x_wconf 90' lang='lat' dir='ltr'><strong>bns;</strong></span> <span class='ocrx_word' id='word_1_60' title='bbox 491 1148 698 1221; x_wconf 88' lang='lat' dir='ltr'><strong>nequit</strong></span> <span class='ocrx_word' id='word_1_61' title='bbox 725 1148 924 1202; x_wconf 88' lang='lat' dir='ltr'><strong>autem</strong></span> <span class='ocrx_word' id='word_1_62' title='bbox 956 1145 1383 1201; x_wconf 87' lang='lat' dir='ltr'><strong>communicari</strong></span> <span class='ocrx_word' id='word_1_63' title='bbox 1429 1151 1724 1218; x_wconf 85' lang='lat' dir='ltr'><strong>quatenus</strong></span> <span class='ocrx_word' id='word_1_64' title='bbox 1754 1151 1844 1203; x_wconf 86' lang='lat' dir='ltr'><strong>est</strong></span> <span class='ocrx_word' id='word_1_65' title='bbox 1876 1163 1977 1202; x_wconf 85' lang='lat' dir='ltr'><strong>au-</strong></span> 
     </span>
    </p>
   </div>
   <div class='ocr_carea' id='block_1_13' title="bbox 317 1234 1974 1308">
    <p class='ocr_par' dir='ltr' id='par_1_13' title="bbox 317 1234 1974 1308">
     <span class='ocr_line' id='line_1_13' title="bbox 317 1234 1974 1308; baseline -0.002 -15"><span class='ocrx_word' id='word_1_66' title='bbox 317 1241 463 1305; x_wconf 89' lang='lat' dir='ltr'><strong>ctor,</strong></span> <span class='ocrx_word' id='word_1_67' title='bbox 493 1241 550 1292; x_wconf 91' lang='lat' dir='ltr'><strong>et</strong></span> <span class='ocrx_word' id='word_1_68' title='bbox 570 1237 712 1308; x_wconf 88' lang='lat' dir='ltr'><strong>quia</strong></span> <span class='ocrx_word' id='word_1_69' title='bbox 731 1235 877 1290; x_wconf 90' lang='lat' dir='ltr'><strong>illud</strong></span> <span class='ocrx_word' id='word_1_70' title='bbox 902 1250 1084 1306; x_wconf 84' lang='lat' dir='ltr'><strong>super</strong></span> <span class='ocrx_word' id='word_1_71' title='bbox 1111 1234 1312 1290; x_wconf 85' lang='lat' dir='ltr'><strong>omnia</strong></span> <span class='ocrx_word' id='word_1_72' title='bbox 1334 1235 1573 1307; x_wconf 86' lang='lat' dir='ltr'><strong>proprie</strong></span> <span class='ocrx_word' id='word_1_73' title='bbox 1606 1235 1806 1303; x_wconf 88' lang='lat' dir='ltr'><strong>habet,</strong></span> <span class='ocrx_word' id='word_1_74' title='bbox 1837 1235 1974 1307; x_wconf 88' lang='lat' dir='ltr'><strong>qui-</strong></span> 
     </span>
    </p>
   </div>
   <div class='ocr_carea' id='block_1_14' title="bbox 317 1323 1977 1398">
    <p class='ocr_par' dir='ltr' id='par_1_14' title="bbox 317 1323 1977 1398">
     <span class='ocr_line' id='line_1_14' title="bbox 317 1323 1977 1398; baseline -0.001 -16"><span class='ocrx_word' id='word_1_75' title='bbox 317 1327 428 1382; x_wconf 88' lang='lat' dir='ltr'><strong>bus</strong></span> <span class='ocrx_word' id='word_1_76' title='bbox 456 1324 657 1381; x_wconf 85' lang='lat' dir='ltr'><strong>omnia</strong></span> <span class='ocrx_word' id='word_1_77' title='bbox 689 1340 793 1398; x_wconf 82' lang='lat' dir='ltr'><strong>pro</strong></span> <span class='ocrx_word' id='word_1_78' title='bbox 826 1328 1004 1396; x_wconf 87' lang='lat' dir='ltr'><strong>captu</strong></span> <span class='ocrx_word' id='word_1_79' title='bbox 1046 1323 1440 1396; x_wconf 86' lang='lat' dir='ltr'><strong>participant;</strong></span> <span class='ocrx_word' id='word_1_80' title='bbox 1503 1323 1613 1380; x_wconf 91' lang='lat' dir='ltr'><strong>hoc</strong></span> <span class='ocrx_word' id='word_1_81' title='bbox 1670 1324 1829 1380; x_wconf 88' lang='lat' dir='ltr'><strong>enim</strong></span> <span class='ocrx_word' id='word_1_82' title='bbox 1887 1328 1977 1380; x_wconf 87' lang='lat' dir='ltr'><strong>est</strong></span> 
     </span>
    </p>
   </div>
   <div class='ocr_carea' id='block_1_15' title="bbox 318 1412 1971 1486">
    <p class='ocr_par' dir='ltr' id='par_1_15' title="bbox 318 1412 1971 1486">
     <span class='ocr_line' id='line_1_15' title="bbox 318 1412 1971 1486; baseline -0.002 -15"><span class='ocrx_word' id='word_1_83' title='bbox 318 1415 512 1471; x_wconf 84' lang='lat' dir='ltr'><strong>simile</strong></span> <span class='ocrx_word' id='word_1_84' title='bbox 544 1414 627 1470; x_wconf 89' lang='lat' dir='ltr'><strong>illi</strong></span> <span class='ocrx_word' id='word_1_85' title='bbox 661 1415 820 1486; x_wconf 90' lang='lat' dir='ltr'><strong>quod</strong></span> <span class='ocrx_word' id='word_1_86' title='bbox 854 1430 1037 1485; x_wconf 80' lang='lat' dir='ltr'><strong>supra</strong></span> <span class='ocrx_word' id='word_1_87' title='bbox 1066 1413 1126 1468; x_wconf 89' lang='lat' dir='ltr'><strong>in</strong></span> <span class='ocrx_word' id='word_1_88' title='bbox 1159 1412 1351 1485; x_wconf 81' lang='lat' dir='ltr'><strong>capite</strong></span> <span class='ocrx_word' id='word_1_89' title='bbox 1379 1413 1589 1485; x_wconf 89' lang='lat' dir='ltr'><strong>quinto</strong></span> <span class='ocrx_word' id='word_1_90' title='bbox 1621 1413 1844 1469; x_wconf 88' lang='lat' dir='ltr'><strong>dictum</strong></span> <span class='ocrx_word' id='word_1_91' title='bbox 1861 1418 1971 1482; x_wconf 87' lang='lat' dir='ltr'><strong>est,</strong></span> 
     </span>
    </p>
   </div>
   <div class='ocr_carea' id='block_1_16' title="bbox 318 1501 1976 1581">
    <p class='ocr_par' dir='ltr' id='par_1_16' title="bbox 318 1501 1976 1581">
     <span class='ocr_line' id='line_1_16' title="bbox 318 1501 1976 1581; baseline -0.001 -21"><span class='ocrx_word' id='word_1_92' title='bbox 318 1519 529 1577; x_wconf 89' lang='lat' dir='ltr'><strong>nempe</strong></span> <span class='ocrx_word' id='word_1_93' title='bbox 555 1505 712 1576; x_wconf 91' lang='lat' dir='ltr'><strong>quod</strong></span> <span class='ocrx_word' id='word_1_94' title='bbox 745 1507 856 1574; x_wconf 90' lang='lat' dir='ltr'><strong>est,</strong></span> <span class='ocrx_word' id='word_1_95' title='bbox 887 1507 944 1558; x_wconf 90' lang='lat' dir='ltr'><strong>et</strong></span> <span class='ocrx_word' id='word_1_96' title='bbox 973 1501 1030 1557; x_wconf 91' lang='lat' dir='ltr'><strong>in</strong></span> <span class='ocrx_word' id='word_1_97' title='bbox 1067 1502 1344 1558; x_wconf 87' lang='lat' dir='ltr'><strong>omnibus</strong></span> <span class='ocrx_word' id='word_1_98' title='bbox 1385 1506 1494 1581; x_wconf 87' lang='lat' dir='ltr'><strong>est,</strong></span> <span class='ocrx_word' id='word_1_99' title='bbox 1545 1506 1603 1558; x_wconf 89' lang='lat' dir='ltr'><strong>et</strong></span> <span class='ocrx_word' id='word_1_100' title='bbox 1650 1502 1798 1558; x_wconf 90' lang='lat' dir='ltr'><strong>nihil</strong></span> <span class='ocrx_word' id='word_1_101' title='bbox 1848 1519 1976 1559; x_wconf 86' lang='lat' dir='ltr'><strong>om-</strong></span> 
     </span>
    </p>
   </div>
   <div class='ocr_carea' id='block_1_17' title="bbox 320 1591 1975 1666">
    <p class='ocr_par' dir='ltr' id='par_1_17' title="bbox 320 1591 1975 1666">
     <span class='ocr_line' id='line_1_17' title="bbox 320 1591 1975 1666; baseline 0 -17"><span class='ocrx_word' id='word_1_102' title='bbox 320 1594 482 1650; x_wconf 88' lang='lat' dir='ltr'><strong>nium</strong></span> <span class='ocrx_word' id='word_1_103' title='bbox 516 1599 643 1662; x_wconf 84' lang='lat' dir='ltr'><strong>est;</strong></span> <span class='ocrx_word' id='word_1_104' title='bbox 693 1593 835 1666; x_wconf 89' lang='lat' dir='ltr'><strong>quia</strong></span> <span class='ocrx_word' id='word_1_105' title='bbox 863 1592 1022 1648; x_wconf 90' lang='lat' dir='ltr'><strong>enim</strong></span> <span class='ocrx_word' id='word_1_106' title='bbox 1062 1591 1344 1663; x_wconf 88' lang='lat' dir='ltr'><strong>continet,</strong></span> <span class='ocrx_word' id='word_1_107' title='bbox 1376 1596 1436 1648; x_wconf 88' lang='lat' dir='ltr'><strong>et</strong></span> <span class='ocrx_word' id='word_1_108' title='bbox 1483 1591 1757 1659; x_wconf 81' lang='lat' dir='ltr'><strong>viviﬁcat,</strong></span> <span class='ocrx_word' id='word_1_109' title='bbox 1805 1596 1975 1664; x_wconf 87' lang='lat' dir='ltr'><strong>atque</strong></span> 
     </span>
    </p>
   </div>
   <div class='ocr_carea' id='block_1_18' title="bbox 321 1680 1974 1754">
    <p class='ocr_par' dir='ltr' id='par_1_18' title="bbox 321 1680 1974 1754">
     <span class='ocr_line' id='line_1_18' title="bbox 321 1680 1974 1754; baseline 0 -15"><span class='ocrx_word' id='word_1_110' title='bbox 321 1682 605 1754; x_wconf 90' lang='lat' dir='ltr'><strong>custodit,</strong></span> <span class='ocrx_word' id='word_1_111' title='bbox 640 1682 856 1738; x_wconf 89' lang='lat' dir='ltr'><strong>dicitur</strong></span> <span class='ocrx_word' id='word_1_112' title='bbox 885 1682 946 1736; x_wconf 89' lang='lat' dir='ltr'><strong>in</strong></span> <span class='ocrx_word' id='word_1_113' title='bbox 977 1681 1256 1738; x_wconf 87' lang='lat' dir='ltr'><strong>omnibus</strong></span> <span class='ocrx_word' id='word_1_114' title='bbox 1278 1697 1436 1750; x_wconf 85' lang='lat' dir='ltr'><strong>esse;</strong></span> <span class='ocrx_word' id='word_1_115' title='bbox 1475 1680 1623 1737; x_wconf 91' lang='lat' dir='ltr'><strong>nihil</strong></span> <span class='ocrx_word' id='word_1_116' title='bbox 1649 1685 1847 1738; x_wconf 87' lang='lat' dir='ltr'><strong>autem</strong></span> <span class='ocrx_word' id='word_1_117' title='bbox 1880 1698 1974 1739; x_wconf 87' lang='lat' dir='ltr'><strong>re-</strong></span> 
     </span>
    </p>
   </div>
   <div class='ocr_carea' id='block_1_19' title="bbox 318 1770 1972 1846">
    <p class='ocr_par' dir='ltr' id='par_1_19' title="bbox 318 1770 1972 1846">
     <span class='ocr_line' id='line_1_19' title="bbox 318 1770 1972 1846; baseline 0.001 -19"><span class='ocrx_word' id='word_1_118' title='bbox 318 1788 450 1828; x_wconf 89' lang='lat' dir='ltr'><strong>rum</strong></span> <span class='ocrx_word' id='word_1_119' title='bbox 481 1776 589 1840; x_wconf 84' lang='lat' dir='ltr'><strong>est,</strong></span> <span class='ocrx_word' id='word_1_120' title='bbox 613 1775 911 1846; x_wconf 81' lang='lat' dir='ltr'><strong>quatenus</strong></span> <span class='ocrx_word' id='word_1_121' title='bbox 941 1786 1121 1827; x_wconf 86' lang='lat' dir='ltr'><strong>causa</strong></span> <span class='ocrx_word' id='word_1_122' title='bbox 1141 1770 1550 1844; x_wconf 84' lang='lat' dir='ltr'><strong>productionis</strong></span> <span class='ocrx_word' id='word_1_123' title='bbox 1568 1771 1833 1828; x_wconf 88' lang='lat' dir='ltr'><strong>omnium</strong></span> <span class='ocrx_word' id='word_1_124' title='bbox 1861 1776 1972 1828; x_wconf 89' lang='lat' dir='ltr'><strong>est.</strong></span> 
     </span>
    </p>
   </div>
   <div class='ocr_carea' id='block_1_20' title="bbox 313 1860 1975 1933">
    <p class='ocr_par' dir='ltr' id='par_1_20' title="bbox 313 1860 1975 1933">
     <span class='ocr_line' id='line_1_20' title="bbox 313 1860 1975 1933; baseline -0.001 -14"><span class='ocrx_word' id='word_1_125' title='bbox 313 1866 506 1920; x_wconf 85' lang='lat' dir='ltr'><strong>Causa</strong></span> <span class='ocrx_word' id='word_1_126' title='bbox 528 1879 664 1918; x_wconf 87' lang='lat' dir='ltr'><strong>vero</strong></span> <span class='ocrx_word' id='word_1_127' title='bbox 712 1877 1024 1933; x_wconf 86' lang='lat' dir='ltr'><strong>nunquam</strong></span> <span class='ocrx_word' id='word_1_128' title='bbox 1057 1876 1127 1916; x_wconf 81' lang='lat' dir='ltr'><strong>ex</strong></span> <span class='ocrx_word' id='word_1_129' title='bbox 1156 1860 1378 1916; x_wconf 77' lang='lat' dir='ltr'><strong>effectis</strong></span> <span class='ocrx_word' id='word_1_130' title='bbox 1432 1876 1564 1916; x_wconf 84' lang='lat' dir='ltr'><strong>esse</strong></span> <span class='ocrx_word' id='word_1_131' title='bbox 1620 1864 1812 1932; x_wconf 85' lang='lat' dir='ltr'><strong>potest</strong></span> <span class='ocrx_word' id='word_1_132' title='bbox 1842 1878 1856 1916; x_wconf 89' lang='lat'><strong>:</strong></span> <span class='ocrx_word' id='word_1_133' title='bbox 1889 1862 1975 1917; x_wconf 90' lang='lat' dir='ltr'><strong>sic</strong></span> 
     </span>
    </p>
   </div>
   <div class='ocr_carea' id='block_1_21' title="bbox 315 1948 1970 2022">
    <p class='ocr_par' dir='ltr' id='par_1_21' title="bbox 315 1948 1970 2022">
     <span class='ocr_line' id='line_1_21' title="bbox 315 1948 1970 2022; baseline -0.001 -16"><span class='ocrx_word' id='word_1_134' title='bbox 315 1951 492 2007; x_wconf 83' lang='lat' dir='ltr'><strong>etiam</strong></span> <span class='ocrx_word' id='word_1_135' title='bbox 523 1948 635 2007; x_wconf 91' lang='lat' dir='ltr'><strong>hoc</strong></span> <span class='ocrx_word' id='word_1_136' title='bbox 661 1950 808 2018; x_wconf 90' lang='lat' dir='ltr'><strong>loco,</strong></span> <span class='ocrx_word' id='word_1_137' title='bbox 842 1950 999 2005; x_wconf 89' lang='lat' dir='ltr'><strong>Deus</strong></span> <span class='ocrx_word' id='word_1_138' title='bbox 1029 1948 1270 2021; x_wconf 86' lang='lat' dir='ltr'><strong>quidem</strong></span> <span class='ocrx_word' id='word_1_139' title='bbox 1301 1949 1728 2006; x_wconf 91' lang='lat' dir='ltr'><strong>communicari</strong></span> <span class='ocrx_word' id='word_1_140' title='bbox 1759 1953 1970 2022; x_wconf 83' lang='lat' dir='ltr'><strong>potest,</strong></span> 
     </span>
    </p>
   </div>
   <div class='ocr_carea' id='block_1_22' title="bbox 317 2038 1973 2112">
    <p class='ocr_par' dir='ltr' id='par_1_22' title="bbox 317 2038 1973 2112">
     <span class='ocr_line' id='line_1_22' title="bbox 317 2038 1973 2112; baseline 0.001 -17"><span class='ocrx_word' id='word_1_141' title='bbox 317 2043 614 2112; x_wconf 85' lang='lat' dir='ltr'><strong>quatenus</strong></span> <span class='ocrx_word' id='word_1_142' title='bbox 641 2040 846 2096; x_wconf 82' lang='lat' dir='ltr'><strong>omnia</strong></span> <span class='ocrx_word' id='word_1_143' title='bbox 871 2055 1001 2111; x_wconf 75' lang='lat' dir='ltr'><strong>quas</strong></span> <span class='ocrx_word' id='word_1_144' title='bbox 1045 2043 1188 2095; x_wconf 88' lang='lat' dir='ltr'><strong>sunt</strong></span> <span class='ocrx_word' id='word_1_145' title='bbox 1233 2039 1432 2112; x_wconf 87' lang='lat' dir='ltr'><strong>ipsum</strong></span> <span class='ocrx_word' id='word_1_146' title='bbox 1487 2038 1864 2111; x_wconf 85' lang='lat' dir='ltr'><strong>participant,</strong></span> <span class='ocrx_word' id='word_1_147' title='bbox 1913 2045 1973 2096; x_wconf 87' lang='lat' dir='ltr'><strong>et</strong></span> 
     </span>
    </p>
   </div>
   <div class='ocr_carea' id='block_1_23' title="bbox 316 2128 1970 2202">
    <p class='ocr_par' dir='ltr' id='par_1_23' title="bbox 316 2128 1970 2202">
     <span class='ocr_line' id='line_1_23' title="bbox 316 2128 1970 2202; baseline 0 -18"><span class='ocrx_word' id='word_1_148' title='bbox 316 2145 422 2202; x_wconf 88' lang='lat' dir='ltr'><strong>per</strong></span> <span class='ocrx_word' id='word_1_149' title='bbox 449 2128 648 2200; x_wconf 87' lang='lat' dir='ltr'><strong>ipsum</strong></span> <span class='ocrx_word' id='word_1_150' title='bbox 679 2128 1048 2197; x_wconf 88' lang='lat' dir='ltr'><strong>consistunt;</strong></span> <span class='ocrx_word' id='word_1_151' title='bbox 1084 2129 1241 2200; x_wconf 91' lang='lat' dir='ltr'><strong>quod</strong></span> <span class='ocrx_word' id='word_1_152' title='bbox 1273 2129 1434 2185; x_wconf 90' lang='lat' dir='ltr'><strong>enim</strong></span> <span class='ocrx_word' id='word_1_153' title='bbox 1465 2145 1602 2185; x_wconf 89' lang='lat' dir='ltr'><strong>eum</strong></span> <span class='ocrx_word' id='word_1_154' title='bbox 1637 2144 1753 2185; x_wconf 90' lang='lat' dir='ltr'><strong>non</strong></span> <span class='ocrx_word' id='word_1_155' title='bbox 1785 2129 1970 2201; x_wconf 81' lang='lat' dir='ltr'><strong>parti-</strong></span> 
     </span>
    </p>
   </div>
   <div class='ocr_carea' id='block_1_24' title="bbox 318 2218 1974 2291">
    <p class='ocr_par' dir='ltr' id='par_1_24' title="bbox 318 2218 1974 2291">
     <span class='ocr_line' id='line_1_24' title="bbox 318 2218 1974 2291; baseline 0.001 -17"><span class='ocrx_word' id='word_1_156' title='bbox 318 2218 495 2290; x_wconf 84' lang='lat' dir='ltr'><strong>oipat,</strong></span> <span class='ocrx_word' id='word_1_157' title='bbox 529 2231 722 2290; x_wconf 87' lang='lat' dir='ltr'><strong>neque</strong></span> <span class='ocrx_word' id='word_1_158' title='bbox 770 2223 880 2287; x_wconf 90' lang='lat' dir='ltr'><strong>est,</strong></span> <span class='ocrx_word' id='word_1_159' title='bbox 913 2233 1105 2291; x_wconf 89' lang='lat' dir='ltr'><strong>neque</strong></span> <span class='ocrx_word' id='word_1_160' title='bbox 1157 2219 1293 2284; x_wconf 86' lang='lat' dir='ltr'><strong>erit,</strong></span> <span class='ocrx_word' id='word_1_161' title='bbox 1338 2234 1531 2291; x_wconf 88' lang='lat' dir='ltr'><strong>neque</strong></span> <span class='ocrx_word' id='word_1_162' title='bbox 1587 2222 1732 2275; x_wconf 87' lang='lat' dir='ltr'><strong>erat.</strong></span> <span class='ocrx_word' id='word_1_163' title='bbox 1759 2219 1974 2276; x_wconf 83' lang='lat' dir='ltr'><strong>Contra</strong></span> 
     </span>
    </p>
   </div>
   <div class='ocr_carea' id='block_1_25' title="bbox 2086 605 3286 682">
    <p class='ocr_par' dir='ltr' id='par_1_25' title="bbox 2086 605 3286 682">
     <span class='ocr_line' id='line_1_25' title="bbox 2086 605 3286 682; baseline 0.003 -20"><span class='ocrx_word' id='word_1_164' title='bbox 2086 607 2307 677; x_wconf 85' lang='grc' dir='ltr'>θότητα,</span> <span class='ocrx_word' id='word_1_165' title='bbox 2341 606 2591 682; x_wconf 75' lang='grc' dir='ltr'>θεότητα,</span> <span class='ocrx_word' id='word_1_166' title='bbox 2625 605 2854 679; x_wconf 79' lang='grc' dir='ltr'>κάλλος,</span> <span class='ocrx_word' id='word_1_167' title='bbox 2887 607 3066 664; x_wconf 80' lang='grc' dir='ltr'>καὶτὰ</span> <span class='ocrx_word' id='word_1_168' title='bbox 3097 608 3286 682; x_wconf 81' lang='grc' dir='ltr'>ὅμοια.</span> 
     </span>
    </p>
   </div>
   <div class='ocr_carea' id='block_1_26' title="bbox 2157 787 3748 864">
    <p class='ocr_par' dir='ltr' id='par_1_26' title="bbox 2157 787 3748 864">
     <span class='ocr_line' id='line_1_26' title="bbox 2157 787 3748 864; baseline -0.001 -20"><span class='ocrx_word' id='word_1_169' title='bbox 2157 789 2252 844; x_wconf 89' lang='grc' dir='ltr'>Ἐκ</span> <span class='ocrx_word' id='word_1_170' title='bbox 2281 792 2414 843; x_wconf 79' lang='grc' dir='ltr'>Θεοῦ</span> <span class='ocrx_word' id='word_1_171' title='bbox 2463 792 2563 842; x_wconf 81' lang='grc' dir='ltr'><strong>τοῦ</strong></span> <span class='ocrx_word' id='word_1_172' title='bbox 2611 787 2932 861; x_wconf 81' lang='grc' dir='ltr'>ἆμεθέκτου.</span> <span class='ocrx_word' id='word_1_173' title='bbox 2983 789 3097 864; x_wconf 86' lang='grc' dir='ltr'><strong>Πρὸ</strong></span> <span class='ocrx_word' id='word_1_174' title='bbox 3133 788 3372 864; x_wconf 88' lang='grc' dir='ltr'>βραχέος</span> <span class='ocrx_word' id='word_1_175' title='bbox 3415 787 3582 843; x_wconf 78' lang='grc' dir='ltr'>εἰπὼν</span> <span class='ocrx_word' id='word_1_176' title='bbox 3618 790 3748 862; x_wconf 85' lang='grc' dir='ltr'>μεο-</span> 
     </span>
    </p>
   </div>
   <div class='ocr_carea' id='block_1_27' title="bbox 2085 876 3740 955">
    <p class='ocr_par' dir='ltr' id='par_1_27' title="bbox 2085 876 3740 955">
     <span class='ocr_line' id='line_1_27' title="bbox 2085 876 3740 955; baseline -0.001 -22"><span class='ocrx_word' id='word_1_177' title='bbox 2085 878 2234 933; x_wconf 85' lang='grc' dir='ltr'>εκτὸν</span> <span class='ocrx_word' id='word_1_178' title='bbox 2293 877 2386 932; x_wconf 87' lang='grc' dir='ltr'>τὸν</span> <span class='ocrx_word' id='word_1_179' title='bbox 2432 877 2588 947; x_wconf 90' lang='grc' dir='ltr'>Θεὸν,</span> <span class='ocrx_word' id='word_1_180' title='bbox 2637 881 2729 933; x_wconf 81' lang='grc' dir='ltr'><strong>νῦν</strong></span> <span class='ocrx_word' id='word_1_181' title='bbox 2781 877 3076 951; x_wconf 77' lang='grc' dir='ltr'>ἂμέθεκτον</span> <span class='ocrx_word' id='word_1_182' title='bbox 3138 876 3301 933; x_wconf 74' lang='grc' dir='ltr'>αὐτόν</span> <span class='ocrx_word' id='word_1_183' title='bbox 3355 899 3520 955; x_wconf 79' lang='grc' dir='ltr'>φησιν</span> <span class='ocrx_word' id='word_1_184' title='bbox 3578 881 3740 934; x_wconf 77' lang='grc' dir='ltr'>εἶναι·</span> 
     </span>
    </p>
   </div>
   <div class='ocr_carea' id='block_1_28' title="bbox 2087 963 3744 1046">
    <p class='ocr_par' dir='ltr' id='par_1_28' title="bbox 2087 963 3744 1046">
     <span class='ocr_line' id='line_1_28' title="bbox 2087 963 3744 1046; baseline 0 -24"><span class='ocrx_word' id='word_1_185' title='bbox 2087 967 2344 1039; x_wconf 81' lang='grc' dir='ltr'>μεθεκτὸς</span> <span class='ocrx_word' id='word_1_186' title='bbox 2396 967 2491 1040; x_wconf 74' lang='grc' dir='ltr'>μὶν</span> <span class='ocrx_word' id='word_1_187' title='bbox 2545 966 2635 1021; x_wconf 84' lang='grc' dir='ltr'><strong>οὗν</strong></span> <span class='ocrx_word' id='word_1_188' title='bbox 2676 968 2704 1022; x_wconf 97' lang='lat'><strong>6</strong></span> <span class='ocrx_word' id='word_1_189' title='bbox 2747 966 2880 1030; x_wconf 89' lang='grc' dir='ltr'>Θεὸς</span> <span class='ocrx_word' id='word_1_190' title='bbox 2927 966 3062 1022; x_wconf 85' lang='grc' dir='ltr'>κατὰ</span> <span class='ocrx_word' id='word_1_191' title='bbox 3105 967 3202 1030; x_wconf 79' lang='grc' dir='ltr'>τὰς</span> <span class='ocrx_word' id='word_1_192' title='bbox 3243 963 3594 1046; x_wconf 85' lang='grc' dir='ltr'>φιλοδώρους</span> <span class='ocrx_word' id='word_1_193' title='bbox 3643 967 3744 1022; x_wconf 75' lang='grc' dir='ltr'><strong>αὐ-</strong></span> 
     </span>
    </p>
   </div>
   <div class='ocr_carea' id='block_1_29' title="bbox 2082 1052 3743 1128">
    <p class='ocr_par' dir='ltr' id='par_1_29' title="bbox 2082 1052 3743 1128">
     <span class='ocr_line' id='line_1_29' title="bbox 2082 1052 3743 1128; baseline -0.002 -18"><span class='ocrx_word' id='word_1_194' title='bbox 2082 1059 2179 1110; x_wconf 79' lang='grc' dir='ltr'><strong>τοῦ</strong></span> <span class='ocrx_word' id='word_1_195' title='bbox 2221 1052 2552 1128; x_wconf 78' lang='grc' dir='ltr'>μεταδόσεις·</span> <span class='ocrx_word' id='word_1_196' title='bbox 2605 1055 2898 1127; x_wconf 81' lang='grc' dir='ltr'>ἀμέθεκτος</span> <span class='ocrx_word' id='word_1_197' title='bbox 2947 1052 3004 1110; x_wconf 71' lang='grc' dir='ltr'><strong>δὶ</strong></span> <span class='ocrx_word' id='word_1_198' title='bbox 3043 1056 3182 1110; x_wconf 73' lang='grc' dir='ltr'>κατὰ</span> <span class='ocrx_word' id='word_1_199' title='bbox 3235 1055 3299 1109; x_wconf 91' lang='grc' dir='ltr'>τὸ</span> <span class='ocrx_word' id='word_1_200' title='bbox 3357 1052 3517 1109; x_wconf 77' lang='grc' dir='ltr'>αὐτὸν</span> <span class='ocrx_word' id='word_1_201' title='bbox 3565 1052 3743 1110; x_wconf 77' lang='grc' dir='ltr'>α’ἰτιον</span> 
     </span>
    </p>
   </div>
   <div class='ocr_carea' id='block_1_30' title="bbox 2085 1139 3745 1220">
    <p class='ocr_par' dir='ltr' id='par_1_30' title="bbox 2085 1139 3745 1220">
     <span class='ocr_line' id='line_1_30' title="bbox 2085 1139 3745 1220; baseline 0 -22"><span class='ocrx_word' id='word_1_202' title='bbox 2085 1140 2232 1213; x_wconf 74' lang='grc' dir='ltr'>ὄντα,</span> <span class='ocrx_word' id='word_1_203' title='bbox 2278 1143 2368 1200; x_wconf 80' lang='grc' dir='ltr'><strong>καὶ</strong></span> <span class='ocrx_word' id='word_1_204' title='bbox 2415 1148 2576 1200; x_wconf 79' lang='grc' dir='ltr'>τοῦτο</span> <span class='ocrx_word' id='word_1_205' title='bbox 2624 1145 2756 1220; x_wconf 68' lang='grc' dir='ltr'>ὑπὲρ</span> <span class='ocrx_word' id='word_1_206' title='bbox 2810 1145 2983 1198; x_wconf 84' lang='grc' dir='ltr'>πάντα</span> <span class='ocrx_word' id='word_1_207' title='bbox 3031 1142 3178 1219; x_wconf 74' lang='grc' dir='ltr'>ἔχειν</span> <span class='ocrx_word' id='word_1_208' title='bbox 3235 1139 3410 1214; x_wconf 81' lang='grc' dir='ltr'>ἰδίως,</span> <span class='ocrx_word' id='word_1_209' title='bbox 3443 1145 3515 1197; x_wconf 83' lang='grc' dir='ltr'>ὧν</span> <span class='ocrx_word' id='word_1_210' title='bbox 3565 1139 3745 1198; x_wconf 83' lang='grc' dir='ltr'>πάντα</span> 
     </span>
    </p>
   </div>
   <div class='ocr_carea' id='block_1_31' title="bbox 2083 1232 3750 1311">
    <p class='ocr_par' dir='ltr' id='par_1_31' title="bbox 2083 1232 3750 1311">
     <span class='ocr_line' id='line_1_31' title="bbox 2083 1232 3750 1311; baseline -0.001 -24"><span class='ocrx_word' id='word_1_211' title='bbox 2083 1232 2410 1311; x_wconf 68' lang='grc' dir='ltr'><strong>προσφόρους</strong></span> <span class='ocrx_word' id='word_1_212' title='bbox 2456 1232 2700 1308; x_wconf 84' lang='grc' dir='ltr'>μετέχει·</span> <span class='ocrx_word' id='word_1_213' title='bbox 2733 1233 2928 1307; x_wconf 78' lang='grc' dir='ltr'>ὅμοιον</span> <span class='ocrx_word' id='word_1_214' title='bbox 2976 1235 3078 1310; x_wconf 85' lang='grc' dir='ltr'><strong>γάρ</strong></span> <span class='ocrx_word' id='word_1_215' title='bbox 3127 1233 3240 1288; x_wconf 82' lang='grc' dir='ltr'>έστι</span> <span class='ocrx_word' id='word_1_216' title='bbox 3289 1237 3456 1288; x_wconf 77' lang='grc' dir='ltr'>τοῦτο</span> <span class='ocrx_word' id='word_1_217' title='bbox 3483 1237 3565 1305; x_wconf 79' lang='grc' dir='ltr'>τῷ</span> <span class='ocrx_word' id='word_1_218' title='bbox 3596 1232 3750 1308; x_wconf 73' lang='grc' dir='ltr'>εἴρη-</span> 
     </span>
    </p>
   </div>
   <div class='ocr_carea' id='block_1_32' title="bbox 2087 1320 3746 1397">
    <p class='ocr_par' dir='ltr' id='par_1_32' title="bbox 2087 1320 3746 1397">
     <span class='ocr_line' id='line_1_32' title="bbox 2087 1320 3746 1397; baseline -0.001 -20"><span class='ocrx_word' id='word_1_219' title='bbox 2087 1321 2232 1395; x_wconf 73' lang='grc' dir='ltr'><strong>μένῳ</strong></span> <span class='ocrx_word' id='word_1_220' title='bbox 2263 1320 2373 1377; x_wconf 74' lang='grc' dir='ltr'><strong>ἄνω</strong></span> <span class='ocrx_word' id='word_1_221' title='bbox 2403 1321 2458 1378; x_wconf 75' lang='grc' dir='ltr'><strong>έν</strong></span> <span class='ocrx_word' id='word_1_222' title='bbox 2488 1320 2770 1397; x_wconf 77' lang='grc' dir='ltr'><strong>κεφαλαίῳ</strong></span> <span class='ocrx_word' id='word_1_223' title='bbox 2797 1324 3052 1396; x_wconf 83' lang='grc' dir='ltr'>πέμπτῳ,</span> <span class='ocrx_word' id='word_1_224' title='bbox 3084 1321 3168 1377; x_wconf 75' lang='grc' dir='ltr'><strong>ὅτι</strong></span> <span class='ocrx_word' id='word_1_225' title='bbox 3198 1323 3262 1377; x_wconf 90' lang='grc' dir='ltr'>τὸ</span> <span class='ocrx_word' id='word_1_226' title='bbox 3294 1323 3352 1378; x_wconf 79' lang='grc' dir='ltr'><strong>’ὸν</strong></span> <span class='ocrx_word' id='word_1_227' title='bbox 3387 1322 3477 1377; x_wconf 81' lang='grc' dir='ltr'><strong>καὶ</strong></span> <span class='ocrx_word' id='word_1_228' title='bbox 3525 1321 3576 1376; x_wconf 86' lang='grc' dir='ltr'><strong>έν</strong></span> <span class='ocrx_word' id='word_1_229' title='bbox 3623 1327 3746 1386; x_wconf 80' lang='grc' dir='ltr'>τοῖς</span> 
     </span>
    </p>
   </div>
   <div class='ocr_carea' id='block_1_33' title="bbox 2083 1408 3746 1486">
    <p class='ocr_par' dir='ltr' id='par_1_33' title="bbox 2083 1408 3746 1486">
     <span class='ocr_line' id='line_1_33' title="bbox 2083 1408 3746 1486; baseline -0.001 -20"><span class='ocrx_word' id='word_1_230' title='bbox 2083 1411 2241 1467; x_wconf 79' lang='grc' dir='ltr'>πᾶσίν</span> <span class='ocrx_word' id='word_1_231' title='bbox 2271 1411 2402 1484; x_wconf 75' lang='grc' dir='ltr'>ἐστι,</span> <span class='ocrx_word' id='word_1_232' title='bbox 2436 1413 2528 1466; x_wconf 81' lang='grc' dir='ltr'><strong>καὶ</strong></span> <span class='ocrx_word' id='word_1_233' title='bbox 2575 1409 2730 1467; x_wconf 71' lang='grc' dir='ltr'>οὐδὲν</span> <span class='ocrx_word' id='word_1_234' title='bbox 2783 1416 2891 1467; x_wconf 81' lang='grc' dir='ltr'><strong>τῶν</strong></span> <span class='ocrx_word' id='word_1_235' title='bbox 2943 1411 3156 1467; x_wconf 85' lang='grc' dir='ltr'>πάντων</span> <span class='ocrx_word' id='word_1_236' title='bbox 3209 1410 3344 1467; x_wconf 73' lang='grc' dir='ltr'>έστί·</span> <span class='ocrx_word' id='word_1_237' title='bbox 3395 1408 3484 1466; x_wconf 75' lang='grc' dir='ltr'><strong>διὰ</strong></span> <span class='ocrx_word' id='word_1_238' title='bbox 3530 1411 3632 1486; x_wconf 64' lang='grc' dir='ltr'>γὰρ</span> <span class='ocrx_word' id='word_1_239' title='bbox 3680 1412 3746 1466; x_wconf 90' lang='grc' dir='ltr'>τὸ</span> 
     </span>
    </p>
   </div>
   <div class='ocr_carea' id='block_1_34' title="bbox 2085 1499 3744 1580">
    <p class='ocr_par' dir='ltr' id='par_1_34' title="bbox 2085 1499 3744 1580">
     <span class='ocr_line' id='line_1_34' title="bbox 2085 1499 3744 1580; baseline -0.001 -24"><span class='ocrx_word' id='word_1_240' title='bbox 2085 1501 2329 1578; x_wconf 73' lang='grc' dir='ltr'><strong>συνέχειν</strong></span> <span class='ocrx_word' id='word_1_241' title='bbox 2378 1501 2467 1556; x_wconf 78' lang='grc' dir='ltr'><strong>καὶ</strong></span> <span class='ocrx_word' id='word_1_242' title='bbox 2512 1505 2687 1571; x_wconf 83' lang='grc' dir='ltr'>ζωοῦν</span> <span class='ocrx_word' id='word_1_243' title='bbox 2737 1502 2825 1557; x_wconf 81' lang='grc' dir='ltr'><strong>καὶ</strong></span> <span class='ocrx_word' id='word_1_244' title='bbox 2886 1499 3173 1580; x_wconf 77' lang='grc' dir='ltr'>φυλάττειν</span> <span class='ocrx_word' id='word_1_245' title='bbox 3233 1501 3449 1576; x_wconf 86' lang='grc' dir='ltr'>λέγεται</span> <span class='ocrx_word' id='word_1_246' title='bbox 3510 1499 3562 1555; x_wconf 82' lang='grc' dir='ltr'><strong>έν</strong></span> <span class='ocrx_word' id='word_1_247' title='bbox 3621 1506 3744 1562; x_wconf 87' lang='grc' dir='ltr'>τοῖς</span> 
     </span>
    </p>
   </div>
   <div class='ocr_carea' id='block_1_35' title="bbox 2082 1587 3739 1660">
    <p class='ocr_par' dir='ltr' id='par_1_35' title="bbox 2082 1587 3739 1660">
     <span class='ocr_line' id='line_1_35' title="bbox 2082 1587 3739 1660; baseline -0.001 -14"><span class='ocrx_word' id='word_1_248' title='bbox 2082 1597 2244 1646; x_wconf 75' lang='grc' dir='ltr'>πᾶσιν</span> <span class='ocrx_word' id='word_1_249' title='bbox 2296 1591 2450 1646; x_wconf 79' lang='grc' dir='ltr'>εἶναι·</span> <span class='ocrx_word' id='word_1_250' title='bbox 2486 1589 2638 1646; x_wconf 71' lang='grc' dir='ltr'>οὐδὲν</span> <span class='ocrx_word' id='word_1_251' title='bbox 2675 1588 2732 1646; x_wconf 72' lang='grc' dir='ltr'><strong>δὲ</strong></span> <span class='ocrx_word' id='word_1_252' title='bbox 2775 1595 2884 1646; x_wconf 83' lang='grc' dir='ltr'><strong>τῶν</strong></span> <span class='ocrx_word' id='word_1_253' title='bbox 2936 1587 3105 1647; x_wconf 75' lang='grc' dir='ltr'>ὄντων</span> <span class='ocrx_word' id='word_1_254' title='bbox 3151 1590 3289 1660; x_wconf 74' lang='grc' dir='ltr'>ἐστὶ,</span> <span class='ocrx_word' id='word_1_255' title='bbox 3337 1592 3454 1654; x_wconf 82' lang='grc' dir='ltr'>καθ’</span> <span class='ocrx_word' id='word_1_256' title='bbox 3504 1591 3533 1644; x_wconf 84' lang='grc' dir='ltr'>’ὸ</span> <span class='ocrx_word' id='word_1_257' title='bbox 3565 1587 3739 1646; x_wconf 74' lang='grc' dir='ltr'>α’ίτιον</span> 
     </span>
    </p>
   </div>
   <div class='ocr_carea' id='block_1_36' title="bbox 2081 1677 3741 1758">
    <p class='ocr_par' dir='ltr' id='par_1_36' title="bbox 2081 1677 3741 1758">
     <span class='ocr_line' id='line_1_36' title="bbox 2081 1677 3741 1758; baseline -0.001 -23"><span class='ocrx_word' id='word_1_258' title='bbox 2081 1687 2184 1750; x_wconf 86' lang='grc' dir='ltr'>τῆς</span> <span class='ocrx_word' id='word_1_259' title='bbox 2211 1681 2428 1736; x_wconf 83' lang='grc' dir='ltr'>πάντων</span> <span class='ocrx_word' id='word_1_260' title='bbox 2474 1683 2826 1758; x_wconf 71' lang='grc' dir='ltr'><strong>παραγωγῆς,</strong></span> <span class='ocrx_word' id='word_1_261' title='bbox 2858 1679 2958 1736; x_wconf 85' lang='grc' dir='ltr'>οὐκ</span> <span class='ocrx_word' id='word_1_262' title='bbox 3003 1679 3062 1734; x_wconf 75' lang='grc' dir='ltr'><strong>ἂν</strong></span> <span class='ocrx_word' id='word_1_263' title='bbox 3114 1677 3172 1736; x_wconf 79' lang='grc' dir='ltr'><strong>δὶ</strong></span> <span class='ocrx_word' id='word_1_264' title='bbox 3218 1680 3281 1735; x_wconf 89' lang='grc' dir='ltr'>τὸ</span> <span class='ocrx_word' id='word_1_265' title='bbox 3326 1677 3500 1734; x_wconf 72' lang='grc' dir='ltr'>α’ίτιον</span> <span class='ocrx_word' id='word_1_266' title='bbox 3530 1679 3590 1734; x_wconf 77' lang='grc' dir='ltr'>ἐκ</span> <span class='ocrx_word' id='word_1_267' title='bbox 3631 1683 3741 1733; x_wconf 80' lang='grc' dir='ltr'>τῶν</span> 
     </span>
    </p>
   </div>
   <div class='ocr_carea' id='block_1_37' title="bbox 2083 1768 3744 1842">
    <p class='ocr_par' dir='ltr' id='par_1_37' title="bbox 2083 1768 3744 1842">
     <span class='ocr_line' id='line_1_37' title="bbox 2083 1768 3744 1842; baseline 0 -18"><span class='ocrx_word' id='word_1_268' title='bbox 2083 1769 2341 1826; x_wconf 78' lang='grc' dir='ltr'>αἶ’τιατῶν</span> <span class='ocrx_word' id='word_1_269' title='bbox 2399 1768 2508 1841; x_wconf 71' lang='grc' dir='ltr'>εἴη.</span> <span class='ocrx_word' id='word_1_270' title='bbox 2568 1768 2724 1828; x_wconf 75' lang='grc' dir='ltr'>Οὕτω</span> <span class='ocrx_word' id='word_1_271' title='bbox 2781 1770 2871 1825; x_wconf 84' lang='grc' dir='ltr'><strong>καὶ</strong></span> <span class='ocrx_word' id='word_1_272' title='bbox 2926 1769 3170 1838; x_wconf 78' lang='grc' dir='ltr'>ἐνταῦθα,</span> <span class='ocrx_word' id='word_1_273' title='bbox 3234 1769 3492 1842; x_wconf 80' lang='grc' dir='ltr'>μεθεκτὸς</span> <span class='ocrx_word' id='word_1_274' title='bbox 3558 1769 3651 1842; x_wconf 75' lang='grc' dir='ltr'>μὲν</span> <span class='ocrx_word' id='word_1_275' title='bbox 3716 1769 3744 1824; x_wconf 97' lang='lat'><strong>6</strong></span> 
     </span>
    </p>
   </div>
   <div class='ocr_carea' id='block_1_38' title="bbox 2085 1854 3739 1933">
    <p class='ocr_par' dir='ltr' id='par_1_38' title="bbox 2085 1854 3739 1933">
     <span class='ocr_line' id='line_1_38' title="bbox 2085 1854 3739 1933; baseline -0.002 -19"><span class='ocrx_word' id='word_1_276' title='bbox 2085 1858 2213 1921; x_wconf 86' lang='grc' dir='ltr'>Θεὸς</span> <span class='ocrx_word' id='word_1_277' title='bbox 2269 1861 2389 1924; x_wconf 85' lang='grc' dir='ltr'>καθ’</span> <span class='ocrx_word' id='word_1_278' title='bbox 2445 1859 2476 1914; x_wconf 80' lang='grc' dir='ltr'>ὃ</span> <span class='ocrx_word' id='word_1_279' title='bbox 2531 1859 2706 1914; x_wconf 82' lang='grc' dir='ltr'>πάντα</span> <span class='ocrx_word' id='word_1_280' title='bbox 2769 1861 2836 1914; x_wconf 73' lang='grc' dir='ltr'>τὰ</span> <span class='ocrx_word' id='word_1_281' title='bbox 2909 1854 3040 1915; x_wconf 72' lang='grc' dir='ltr'>ὄντα</span> <span class='ocrx_word' id='word_1_282' title='bbox 3109 1857 3278 1914; x_wconf 76' lang='grc' dir='ltr'>αὐτοῦ</span> <span class='ocrx_word' id='word_1_283' title='bbox 3345 1859 3588 1933; x_wconf 87' lang='grc' dir='ltr'>μετέχει,</span> <span class='ocrx_word' id='word_1_284' title='bbox 3646 1856 3739 1911; x_wconf 79' lang='grc' dir='ltr'><strong>καὶ</strong></span> 
     </span>
    </p>
   </div>
   <div class='ocr_carea' id='block_1_39' title="bbox 2083 1943 3742 2024">
    <p class='ocr_par' dir='ltr' id='par_1_39' title="bbox 2083 1943 3742 2024">
     <span class='ocr_line' id='line_1_39' title="bbox 2083 1943 3742 2024; baseline -0.002 -21"><span class='ocrx_word' id='word_1_285' title='bbox 2083 1946 2152 2003; x_wconf 74' lang='grc' dir='ltr'>δι’</span> <span class='ocrx_word' id='word_1_286' title='bbox 2193 1947 2358 2004; x_wconf 74' lang='grc' dir='ltr'>αὐτοῦ</span> <span class='ocrx_word' id='word_1_287' title='bbox 2409 1952 2720 2018; x_wconf 82' lang='grc' dir='ltr'>συνέστηκε·</span> <span class='ocrx_word' id='word_1_288' title='bbox 2751 1949 2814 2004; x_wconf 89' lang='grc' dir='ltr'>τὸ</span> <span class='ocrx_word' id='word_1_289' title='bbox 2861 1947 2960 2024; x_wconf 75' lang='grc' dir='ltr'><strong>γὰρ</strong></span> <span class='ocrx_word' id='word_1_290' title='bbox 3009 1949 3174 2004; x_wconf 81' lang='grc' dir='ltr'>αὐτοῦ</span> <span class='ocrx_word' id='word_1_291' title='bbox 3228 1949 3303 2022; x_wconf 78' lang='grc' dir='ltr'>μὴ</span> <span class='ocrx_word' id='word_1_292' title='bbox 3349 1947 3580 2023; x_wconf 80' lang='grc' dir='ltr'>μετέχον</span> <span class='ocrx_word' id='word_1_293' title='bbox 3616 1943 3742 2001; x_wconf 72' lang='grc' dir='ltr'>οὔτε</span> 
     </span>
    </p>
   </div>
   <div class='ocr_carea' id='block_1_40' title="bbox 2079 2032 3735 2112">
    <p class='ocr_par' dir='ltr' id='par_1_40' title="bbox 2079 2032 3735 2112">
     <span class='ocr_line' id='line_1_40' title="bbox 2079 2032 3735 2112; baseline -0.001 -20"><span class='ocrx_word' id='word_1_294' title='bbox 2079 2032 2244 2106; x_wconf 66' lang='grc' dir='ltr'>ἔστιν,</span> <span class='ocrx_word' id='word_1_295' title='bbox 2299 2035 2421 2094; x_wconf 70' lang='grc' dir='ltr'>οὔτε</span> <span class='ocrx_word' id='word_1_296' title='bbox 2469 2034 2636 2109; x_wconf 78' lang='grc' dir='ltr'>ἔσται,</span> <span class='ocrx_word' id='word_1_297' title='bbox 2682 2037 2806 2093; x_wconf 83' lang='grc' dir='ltr'>οὗτε</span> <span class='ocrx_word' id='word_1_298' title='bbox 2852 2040 2942 2108; x_wconf 75' lang='grc' dir='ltr'><strong>ἦν.</strong></span> <span class='ocrx_word' id='word_1_299' title='bbox 3004 2037 3333 2112; x_wconf 80' lang='grc' dir='ltr'>Ἀμέθεκτος</span> <span class='ocrx_word' id='word_1_300' title='bbox 3395 2035 3456 2092; x_wconf 73' lang='grc' dir='ltr'><strong>δὲ</strong></span> <span class='ocrx_word' id='word_1_301' title='bbox 3511 2035 3681 2091; x_wconf 83' lang='grc' dir='ltr'>πάλιν</span> <span class='ocrx_word' id='word_1_302' title='bbox 3719 2079 3735 2108; x_wconf 85' lang='grc'><strong>,</strong></span> 
     </span>
    </p>
   </div>
   <div class='ocr_carea' id='block_1_41' title="bbox 2082 2123 3732 2202">
    <p class='ocr_par' dir='ltr' id='par_1_41' title="bbox 2082 2123 3732 2202">
     <span class='ocr_line' id='line_1_41' title="bbox 2082 2123 3732 2202; baseline -0.002 -19"><span class='ocrx_word' id='word_1_303' title='bbox 2082 2124 2269 2196; x_wconf 67' lang='grc' dir='ltr'>ἔπειδή</span> <span class='ocrx_word' id='word_1_304' title='bbox 2311 2134 2414 2197; x_wconf 78' lang='grc' dir='ltr'><strong>τῆς</strong></span> <span class='ocrx_word' id='word_1_305' title='bbox 2457 2124 2621 2182; x_wconf 70' lang='grc' dir='ltr'>αὑτοῦ</span> <span class='ocrx_word' id='word_1_306' title='bbox 2671 2127 2854 2190; x_wconf 82' lang='grc' dir='ltr'>οὗσίας</span> <span class='ocrx_word' id='word_1_307' title='bbox 2904 2124 3060 2183; x_wconf 74' lang='grc' dir='ltr'>οὐδὲν</span> <span class='ocrx_word' id='word_1_308' title='bbox 3110 2131 3217 2182; x_wconf 76' lang='grc' dir='ltr'><strong>τῶν</strong></span> <span class='ocrx_word' id='word_1_309' title='bbox 3263 2123 3434 2182; x_wconf 72' lang='grc' dir='ltr'>ὄντων</span> <span class='ocrx_word' id='word_1_310' title='bbox 3489 2125 3732 2202; x_wconf 83' lang='grc' dir='ltr'>μετέχει·</span> 
     </span>
    </p>
   </div>
   <div class='ocr_carea' id='block_1_42' title="bbox 2083 2213 3504 2294">
    <p class='ocr_par' dir='ltr' id='par_1_42' title="bbox 2083 2213 3504 2294">
     <span class='ocr_line' id='line_1_42' title="bbox 2083 2213 3504 2294; baseline -0.001 -22"><span class='ocrx_word' id='word_1_311' title='bbox 2083 2216 2216 2293; x_wconf 75' lang='grc' dir='ltr'>ὑπὲρ</span> <span class='ocrx_word' id='word_1_312' title='bbox 2247 2217 2313 2271; x_wconf 78' lang='grc' dir='ltr'>τὰ</span> <span class='ocrx_word' id='word_1_313' title='bbox 2341 2213 2467 2272; x_wconf 74' lang='grc' dir='ltr'>ὄντα</span> <span class='ocrx_word' id='word_1_314' title='bbox 2495 2217 2599 2292; x_wconf 77' lang='grc' dir='ltr'>γὰρ</span> <span class='ocrx_word' id='word_1_315' title='bbox 2631 2218 2658 2271; x_wconf 89' lang='grc' dir='ltr'>ὁ</span> <span class='ocrx_word' id='word_1_316' title='bbox 2691 2217 2820 2278; x_wconf 83' lang='grc' dir='ltr'>Θεὸς</span> <span class='ocrx_word' id='word_1_317' title='bbox 2847 2218 2984 2272; x_wconf 79' lang='grc' dir='ltr'>κατὰ</span> <span class='ocrx_word' id='word_1_318' title='bbox 3012 2219 3114 2286; x_wconf 79' lang='grc' dir='ltr'><strong>τήν</strong></span> <span class='ocrx_word' id='word_1_319' title='bbox 3145 2215 3287 2271; x_wconf 61' lang='lat' dir='ltr'><strong>tam</strong></span> <span class='ocrx_word' id='word_1_320' title='bbox 3321 2215 3504 2294; x_wconf 77' lang='grc' dir='ltr'>φύσιν.</span> 
     </span>
    </p>
   </div>
   <div class='ocr_carea' id='block_1_43' title="bbox 319 2307 3744 2382">
    <p class='ocr_par' dir='ltr' id='par_1_43' title="bbox 319 2307 3744 2382">
     <span class='ocr_line' id='line_1_43' title="bbox 319 2307 3744 2382; baseline -0 -19"><span class='ocrx_word' id='word_1_321' title='bbox 319 2323 455 2364; x_wconf 81' lang='lat' dir='ltr'><strong>vero</strong></span> <span class='ocrx_word' id='word_1_322' title='bbox 485 2309 913 2364; x_wconf 84' lang='lat' dir='ltr'><strong>communicari</strong></span> <span class='ocrx_word' id='word_1_323' title='bbox 944 2308 1152 2380; x_wconf 86' lang='lat' dir='ltr'><strong>nequit</strong></span> <span class='ocrx_word' id='word_1_324' title='bbox 1183 2308 1464 2380; x_wconf 87' lang='lat' dir='ltr'><strong>quoniam</strong></span> <span class='ocrx_word' id='word_1_325' title='bbox 1496 2307 1644 2364; x_wconf 90' lang='lat' dir='ltr'><strong>nihil</strong></span> <span class='ocrx_word' id='word_1_326' title='bbox 1675 2323 1877 2365; x_wconf 89' lang='lat' dir='ltr'><strong>eorum</strong></span> <span class='ocrx_word' id='word_1_327' title='bbox 1908 2324 2037 2381; x_wconf 80' lang='lat' dir='ltr'><strong>quae</strong></span> <span class='ocrx_word' id='word_1_328' title='bbox 2059 2314 2223 2378; x_wconf 88' lang='lat' dir='ltr'><strong>sunt,</strong></span> <span class='ocrx_word' id='word_1_329' title='bbox 2253 2308 2571 2365; x_wconf 86' lang='lat' dir='ltr'><strong>essentiam</strong></span> <span class='ocrx_word' id='word_1_330' title='bbox 2601 2309 2731 2380; x_wconf 84' lang='lat' dir='ltr'><strong>ejus</strong></span> <span class='ocrx_word' id='word_1_331' title='bbox 2762 2309 3106 2382; x_wconf 85' lang='lat' dir='ltr'><strong>participat;</strong></span> <span class='ocrx_word' id='word_1_332' title='bbox 3144 2324 3281 2364; x_wconf 88' lang='lat' dir='ltr'><strong>nam</strong></span> <span class='ocrx_word' id='word_1_333' title='bbox 3331 2307 3487 2365; x_wconf 89' lang='lat' dir='ltr'><strong>Deus</strong></span> <span class='ocrx_word' id='word_1_334' title='bbox 3527 2324 3744 2364; x_wconf 89' lang='lat' dir='ltr'><strong>secun-</strong></span> 
     </span>
    </p>
   </div>
   <div class='ocr_carea' id='block_1_44' title="bbox 323 2397 1853 2471">
    <p class='ocr_par' dir='ltr' id='par_1_44' title="bbox 323 2397 1853 2471">
     <span class='ocr_line' id='line_1_44' title="bbox 323 2397 1853 2471; baseline 0 -19"><span class='ocrx_word' id='word_1_335' title='bbox 323 2398 464 2454; x_wconf 88' lang='lat' dir='ltr'><strong>dum</strong></span> <span class='ocrx_word' id='word_1_336' title='bbox 497 2397 797 2471; x_wconf 83' lang='lat' dir='ltr'><strong>prapriam</strong></span> <span class='ocrx_word' id='word_1_337' title='bbox 831 2401 1105 2454; x_wconf 85' lang='lat' dir='ltr'><strong>naturam</strong></span> <span class='ocrx_word' id='word_1_338' title='bbox 1136 2401 1194 2454; x_wconf 87' lang='lat' dir='ltr'><strong>et</strong></span> <span class='ocrx_word' id='word_1_339' title='bbox 1222 2414 1405 2469; x_wconf 85' lang='lat' dir='ltr'><strong>supra</strong></span> <span class='ocrx_word' id='word_1_340' title='bbox 1433 2413 1504 2454; x_wconf 87' lang='lat' dir='ltr'><strong>ea</strong></span> <span class='ocrx_word' id='word_1_341' title='bbox 1533 2414 1662 2469; x_wconf 77' lang='lat' dir='ltr'><strong>quae</strong></span> <span class='ocrx_word' id='word_1_342' title='bbox 1692 2403 1853 2453; x_wconf 88' lang='lat' dir='ltr'><strong>sunt.</strong></span> 
     </span>
    </p>
   </div>
   <div class='ocr_carea' id='block_1_45' title="bbox 932 2511 1371 2574">
    <p class='ocr_par' dir='ltr' id='par_1_45' title="bbox 932 2511 1371 2574">
     <span class='ocr_line' id='line_1_45' title="bbox 932 2511 1371 2574; baseline -0.005 -2"><span class='ocrx_word' id='word_1_343' title='bbox 932 2513 1004 2574; x_wconf 85' lang='lat' dir='ltr'><strong>IN</strong></span> <span class='ocrx_word' id='word_1_344' title='bbox 1046 2515 1200 2572; x_wconf 73' lang='lat' dir='ltr'><strong>CAP.</strong></span> <span class='ocrx_word' id='word_1_345' title='bbox 1249 2511 1371 2571; x_wconf 81' lang='lat' dir='ltr'><strong>XII.</strong></span> 
     </span>
    </p>
   </div>
   <div class='ocr_carea' id='block_1_46' title="bbox 394 2604 1976 2678">
    <p class='ocr_par' dir='ltr' id='par_1_46' title="bbox 394 2604 1976 2678">
     <span class='ocr_line' id='line_1_46' title="bbox 394 2604 1976 2678; baseline 0.001 -18"><span class='ocrx_word' id='word_1_346' title='bbox 394 2604 493 2678; x_wconf 87' lang='lat' dir='ltr'><strong>§I.</strong></span> <span class='ocrx_word' id='word_1_347' title='bbox 526 2607 634 2661; x_wconf 86' lang='lat' dir='ltr'><strong>Per</strong></span> <span class='ocrx_word' id='word_1_348' title='bbox 687 2605 977 2662; x_wconf 80' lang='lat' dir='ltr'><strong>nominum</strong></span> <span class='ocrx_word' id='word_1_349' title='bbox 1028 2605 1486 2677; x_wconf 80' lang='lat' dir='ltr'><strong>geminatiouem.</strong></span> <span class='ocrx_word' id='word_1_350' title='bbox 1511 2604 1976 2662; x_wconf 90' lang='lat' dir='ltr'><strong>Geminationem</strong></span> 
     </span>
    </p>
   </div>
   <div class='ocr_carea' id='block_1_47' title="bbox 324 2695 1978 2768">
    <p class='ocr_par' dir='ltr' id='par_1_47' title="bbox 324 2695 1978 2768">
     <span class='ocr_line' id='line_1_47' title="bbox 324 2695 1978 2768; baseline 0.001 -17"><span class='ocrx_word' id='word_1_351' title='bbox 324 2695 634 2751; x_wconf 90' lang='lat' dir='ltr'><strong>nominum</strong></span> <span class='ocrx_word' id='word_1_352' title='bbox 694 2696 858 2766; x_wconf 89' lang='lat' dir='ltr'><strong>dicit,</strong></span> <span class='ocrx_word' id='word_1_353' title='bbox 918 2695 1346 2768; x_wconf 87' lang='lat' dir='ltr'><strong>superlativum</strong></span> <span class='ocrx_word' id='word_1_354' title='bbox 1406 2709 1540 2751; x_wconf 88' lang='lat' dir='ltr'><strong>cum</strong></span> <span class='ocrx_word' id='word_1_355' title='bbox 1601 2695 1869 2766; x_wconf 87' lang='lat' dir='ltr'><strong>positivo,</strong></span> <span class='ocrx_word' id='word_1_356' title='bbox 1911 2701 1978 2752; x_wconf 91' lang='lat' dir='ltr'><strong>ut</strong></span> 
     </span>
    </p>
   </div>
   <div class='ocr_carea' id='block_1_48' title="bbox 320 2781 1973 2854">
    <p class='ocr_par' dir='ltr' id='par_1_48' title="bbox 320 2781 1973 2854">
     <span class='ocr_line' id='line_1_48' title="bbox 320 2781 1973 2854; baseline 0.001 -15"><span class='ocrx_word' id='word_1_357' title='bbox 320 2782 604 2840; x_wconf 89' lang='lat' dir='ltr'><strong>Sanctum</strong></span> <span class='ocrx_word' id='word_1_358' title='bbox 637 2788 1003 2854; x_wconf 83' lang='lat' dir='ltr'><strong>sanctorum,</strong></span> <span class='ocrx_word' id='word_1_359' title='bbox 1030 2783 1342 2839; x_wconf 88' lang='lat' dir='ltr'><strong>Dominum</strong></span> <span class='ocrx_word' id='word_1_360' title='bbox 1372 2781 1768 2851; x_wconf 88' lang='lat' dir='ltr'><strong>dominorum,</strong></span> <span class='ocrx_word' id='word_1_361' title='bbox 1793 2787 1973 2840; x_wconf 86' lang='lat' dir='ltr'><strong>Deum</strong></span> 
     </span>
    </p>
   </div>
   <div class='ocr_carea' id='block_1_49' title="bbox 318 2870 1623 2946">
    <p class='ocr_par' dir='ltr' id='par_1_49' title="bbox 318 2870 1623 2946">
     <span class='ocr_line' id='line_1_49' title="bbox 318 2870 1623 2946; baseline -0.001 -17"><span class='ocrx_word' id='word_1_362' title='bbox 318 2870 586 2941; x_wconf 90' lang='lat' dir='ltr'><strong>deorum,</strong></span> <span class='ocrx_word' id='word_1_363' title='bbox 617 2873 855 2946; x_wconf 81' lang='lat' dir='ltr'><strong>[Regem</strong></span> <span class='ocrx_word' id='word_1_364' title='bbox 888 2874 1141 2946; x_wconf 83' lang='lat' dir='ltr'><strong>regum,]</strong></span> <span class='ocrx_word' id='word_1_365' title='bbox 1173 2876 1230 2928; x_wconf 87' lang='lat' dir='ltr'><strong>et</strong></span> <span class='ocrx_word' id='word_1_366' title='bbox 1257 2872 1350 2928; x_wconf 89' lang='lat' dir='ltr'><strong>his</strong></span> <span class='ocrx_word' id='word_1_367' title='bbox 1383 2871 1623 2928; x_wconf 89' lang='lat' dir='ltr'><strong>similia.</strong></span> 
     </span>
    </p>
   </div>
   <div class='ocr_carea' id='block_1_50' title="bbox 381 2958 1972 3036">
    <p class='ocr_par' dir='ltr' id='par_1_50' title="bbox 381 2958 1972 3036">
     <span class='ocr_line' id='line_1_50' title="bbox 381 2958 1972 3036; baseline -0.001 -16"><span class='ocrx_word' id='word_1_368' title='bbox 381 2958 537 3020; x_wconf 69' lang='lat'><strong>228</strong></span> <span class='ocrx_word' id='word_1_369' title='bbox 564 2959 594 3036; x_wconf 86' lang='lat'><strong>§</strong></span> <span class='ocrx_word' id='word_1_370' title='bbox 617 2961 692 3019; x_wconf 88' lang='lat' dir='ltr'><strong>II.</strong></span> <span class='ocrx_word' id='word_1_371' title='bbox 729 2962 1071 3034; x_wconf 78' lang='lat' dir='ltr'><strong>Quapropter</strong></span> <span class='ocrx_word' id='word_1_372' title='bbox 1099 2960 1424 3018; x_wconf 79' lang='lat' dir='ltr'><strong>dominatio.</strong></span> <span class='ocrx_word' id='word_1_373' title='bbox 1457 2961 1590 3016; x_wconf 68' lang='lat' dir='ltr'><strong>Haec</strong></span> <span class='ocrx_word' id='word_1_374' title='bbox 1619 2961 1827 3018; x_wconf 87' lang='lat' dir='ltr'><strong>dicunt</strong></span> <span class='ocrx_word' id='word_1_375' title='bbox 1857 2961 1972 3019; x_wconf 91' lang='lat' dir='ltr'><strong>duo</strong></span> 
     </span>
    </p>
   </div>
   <div class='ocr_carea' id='block_1_51' title="bbox 311 3047 1370 3124">
    <p class='ocr_par' dir='ltr' id='par_1_51' title="bbox 311 3047 1370 3124">
     <span class='ocr_line' id='line_1_51' title="bbox 311 3047 1370 3124; baseline 0 -16"><span class='ocrx_word' id='word_1_376' title='bbox 311 3052 596 3124; x_wconf 82' lang='lat' dir='ltr'><strong>Gregorii,</strong></span> <span class='ocrx_word' id='word_1_377' title='bbox 617 3047 931 3124; x_wconf 84' lang='lat' dir='ltr'><strong>theologus</strong></span> <span class='ocrx_word' id='word_1_378' title='bbox 961 3055 1018 3107; x_wconf 90' lang='lat' dir='ltr'><strong>et</strong></span> <span class='ocrx_word' id='word_1_379' title='bbox 1049 3051 1370 3124; x_wconf 81' lang='lat' dir='ltr'><strong>Nyssenus.</strong></span> 
     </span>
    </p>
   </div>
   <div class='ocr_carea' id='block_1_52' title="bbox 378 3135 1968 3213">
    <p class='ocr_par' dir='ltr' id='par_1_52' title="bbox 378 3135 1968 3213">
     <span class='ocr_line' id='line_1_52' title="bbox 378 3135 1968 3213; baseline 0 -17"><span class='ocrx_word' id='word_1_380' title='bbox 378 3135 1468 3213; x_wconf 65' lang='lat' dir='ltr'><strong>§III.Absolutepraedicanda.‘AnoM-cw</strong></span> <span class='ocrx_word' id='word_1_381' title='bbox 1479 3139 1844 3206; x_wconf 75' lang='lat' dir='ltr'><strong>:absotule,id</strong></span> <span class='ocrx_word' id='word_1_382' title='bbox 1858 3144 1968 3210; x_wconf 88' lang='lat' dir='ltr'><strong>est,</strong></span> 
     </span>
    </p>
   </div>
   <div class='ocr_carea' id='block_1_53' title="bbox 315 3227 1966 3302">
    <p class='ocr_par' dir='ltr' id='par_1_53' title="bbox 315 3227 1966 3302">
     <span class='ocr_line' id='line_1_53' title="bbox 315 3227 1966 3302; baseline -0.001 -15"><span class='ocrx_word' id='word_1_383' title='bbox 315 3245 434 3287; x_wconf 89' lang='lat' dir='ltr'><strong>non</strong></span> <span class='ocrx_word' id='word_1_384' title='bbox 454 3231 781 3288; x_wconf 89' lang='lat' dir='ltr'><strong>secundum</strong></span> <span class='ocrx_word' id='word_1_385' title='bbox 803 3227 1025 3302; x_wconf 87' lang='lat' dir='ltr'><strong>aliquid</strong></span> <span class='ocrx_word' id='word_1_386' title='bbox 1051 3228 1312 3299; x_wconf 88' lang='lat' dir='ltr'><strong>laudare,</strong></span> <span class='ocrx_word' id='word_1_387' title='bbox 1338 3227 1669 3287; x_wconf 88' lang='lat' dir='ltr'><strong>secundum</strong></span> <span class='ocrx_word' id='word_1_388' title='bbox 1703 3243 1838 3286; x_wconf 83' lang='lat' dir='ltr'><strong>vero</strong></span> <span class='ocrx_word' id='word_1_389' title='bbox 1861 3229 1966 3286; x_wconf 84' lang='lat' dir='ltr'><strong>ali-</strong></span> 
     </span>
    </p>
   </div>
   <div class='ocr_carea' id='block_1_54' title="bbox 313 3318 1968 3393">
    <p class='ocr_par' dir='ltr' id='par_1_54' title="bbox 313 3318 1968 3393">
     <span class='ocr_line' id='line_1_54' title="bbox 313 3318 1968 3393; baseline 0.001 -17"><span class='ocrx_word' id='word_1_390' title='bbox 313 3319 455 3393; x_wconf 87' lang='lat' dir='ltr'><strong>quid</strong></span> <span class='ocrx_word' id='word_1_391' title='bbox 469 3337 586 3377; x_wconf 92' lang='lat' dir='ltr'><strong>non</strong></span> <span class='ocrx_word' id='word_1_392' title='bbox 605 3320 977 3388; x_wconf 85' lang='lat' dir='ltr'><strong>laudare,aut</strong></span> <span class='ocrx_word' id='word_1_393' title='bbox 991 3325 1310 3393; x_wconf 88' lang='lat' dir='ltr'><strong>proutcum</strong></span> <span class='ocrx_word' id='word_1_394' title='bbox 1335 3318 1448 3376; x_wconf 89' lang='lat' dir='ltr'><strong>alio</strong></span> <span class='ocrx_word' id='word_1_395' title='bbox 1462 3321 1968 3393; x_wconf 84' lang='lat' dir='ltr'><strong>comparatur,sed</strong></span> 
     </span>
    </p>
   </div>
   <div class='ocr_carea' id='block_1_55' title="bbox 319 3407 1899 3483">
    <p class='ocr_par' dir='ltr' id='par_1_55' title="bbox 319 3407 1899 3483">
     <span class='ocr_line' id='line_1_55' title="bbox 319 3407 1899 3483; baseline 0 -16"><span class='ocrx_word' id='word_1_396' title='bbox 319 3409 648 3467; x_wconf 89' lang='lat' dir='ltr'><strong>secundum</strong></span> <span class='ocrx_word' id='word_1_397' title='bbox 669 3409 999 3482; x_wconf 86' lang='lat' dir='ltr'><strong>simplicem</strong></span> <span class='ocrx_word' id='word_1_398' title='bbox 1011 3409 1448 3483; x_wconf 80' lang='lat' dir='ltr'><strong>cogitationem,</strong></span> <span class='ocrx_word' id='word_1_399' title='bbox 1462 3407 1521 3466; x_wconf 93' lang='lat' dir='ltr'><strong>id</strong></span> <span class='ocrx_word' id='word_1_400' title='bbox 1536 3414 1626 3467; x_wconf 90' lang='lat' dir='ltr'><strong>est</strong></span> <span class='ocrx_word' id='word_1_401' title='bbox 1645 3411 1899 3483; x_wconf 87' lang='lat' dir='ltr'><strong>proprie.</strong></span> 
     </span>
    </p>
   </div>
   <div class='ocr_carea' id='block_1_56' title="bbox 389 3495 1972 3570">
    <p class='ocr_par' dir='ltr' id='par_1_56' title="bbox 389 3495 1972 3570">
     <span class='ocr_line' id='line_1_56' title="bbox 389 3495 1972 3570; baseline 0.001 -17"><span class='ocrx_word' id='word_1_402' title='bbox 389 3497 452 3553; x_wconf 83' lang='lat' dir='ltr'><strong>Et</strong></span> <span class='ocrx_word' id='word_1_403' title='bbox 503 3495 970 3570; x_wconf 64' lang='lat' dir='ltr'><strong>inaequalitatem.</strong></span> <span class='ocrx_word' id='word_1_404' title='bbox 1008 3497 1141 3553; x_wconf 72' lang='lat' dir='ltr'><strong>Haec</strong></span> <span class='ocrx_word' id='word_1_405' title='bbox 1186 3501 1276 3552; x_wconf 88' lang='lat' dir='ltr'><strong>est</strong></span> <span class='ocrx_word' id='word_1_406' title='bbox 1317 3495 1540 3568; x_wconf 87' lang='lat' dir='ltr'><strong>unitas,</strong></span> <span class='ocrx_word' id='word_1_407' title='bbox 1575 3496 1972 3568; x_wconf 68' lang='lat' dir='ltr'><strong>wquaiitatem</strong></span> 
     </span>
    </p>
   </div>
   <div class='ocr_carea' id='block_1_57' title="bbox 319 3585 1971 3658">
    <p class='ocr_par' dir='ltr' id='par_1_57' title="bbox 319 3585 1971 3658">
     <span class='ocr_line' id='line_1_57' title="bbox 319 3585 1971 3658; baseline 0.001 -16"><span class='ocrx_word' id='word_1_408' title='bbox 319 3592 377 3642; x_wconf 89' lang='lat' dir='ltr'><strong>et</strong></span> <span class='ocrx_word' id='word_1_409' title='bbox 406 3585 775 3642; x_wconf 88' lang='lat' dir='ltr'><strong>identitatem</strong></span> <span class='ocrx_word' id='word_1_410' title='bbox 809 3585 969 3654; x_wconf 87' lang='lat' dir='ltr'><strong>dico;</strong></span> <span class='ocrx_word' id='word_1_411' title='bbox 1005 3587 1124 3642; x_wconf 67' lang='lat' dir='ltr'><strong>haec</strong></span> <span class='ocrx_word' id='word_1_412' title='bbox 1150 3587 1308 3642; x_wconf 88' lang='lat' dir='ltr'><strong>enim</strong></span> <span class='ocrx_word' id='word_1_413' title='bbox 1339 3592 1428 3642; x_wconf 88' lang='lat' dir='ltr'><strong>est</strong></span> <span class='ocrx_word' id='word_1_414' title='bbox 1455 3600 1638 3642; x_wconf 87' lang='lat' dir='ltr'><strong>causa</strong></span> <span class='ocrx_word' id='word_1_415' title='bbox 1667 3587 1971 3658; x_wconf 85' lang='lat' dir='ltr'><strong>conspira-</strong></span> 
     </span>
    </p>
   </div>
   <div class='ocr_carea' id='block_1_58' title="bbox 319 3673 1972 3743">
    <p class='ocr_par' dir='ltr' id='par_1_58' title="bbox 319 3673 1972 3743">
     <span class='ocr_line' id='line_1_58' title="bbox 319 3673 1972 3743; baseline 0.001 -12"><span class='ocrx_word' id='word_1_416' title='bbox 319 3673 500 3731; x_wconf 87' lang='lat' dir='ltr'><strong>tionis</strong></span> <span class='ocrx_word' id='word_1_417' title='bbox 531 3679 588 3730; x_wconf 89' lang='lat' dir='ltr'><strong>et</strong></span> <span class='ocrx_word' id='word_1_418' title='bbox 618 3673 965 3743; x_wconf 73' lang='lat' dir='ltr'><strong>concordiis,</strong></span> <span class='ocrx_word' id='word_1_419' title='bbox 997 3677 1054 3731; x_wconf 92' lang='lat' dir='ltr'><strong>et</strong></span> <span class='ocrx_word' id='word_1_420' title='bbox 1085 3675 1296 3731; x_wconf 90' lang='lat' dir='ltr'><strong>salutis</strong></span> <span class='ocrx_word' id='word_1_421' title='bbox 1340 3675 1620 3740; x_wconf 90' lang='lat' dir='ltr'><strong>totorum,</strong></span> <span class='ocrx_word' id='word_1_422' title='bbox 1653 3691 1789 3731; x_wconf 90' lang='lat' dir='ltr'><strong>nam</strong></span> <span class='ocrx_word' id='word_1_423' title='bbox 1822 3677 1972 3733; x_wconf 88' lang='lat' dir='ltr'><strong>ratio</strong></span> 
     </span>
    </p>
   </div>
   <div class='ocr_carea' id='block_1_59' title="bbox 320 3762 1971 3836">
    <p class='ocr_par' dir='ltr' id='par_1_59' title="bbox 320 3762 1971 3836">
     <span class='ocr_line' id='line_1_59' title="bbox 320 3762 1971 3836; baseline 0.001 -17"><span class='ocrx_word' id='word_1_424' title='bbox 320 3763 567 3821; x_wconf 88' lang='lat' dir='ltr'><strong>unitatis</strong></span> <span class='ocrx_word' id='word_1_425' title='bbox 597 3763 917 3821; x_wconf 87' lang='lat' dir='ltr'><strong>secundum</strong></span> <span class='ocrx_word' id='word_1_426' title='bbox 953 3763 1159 3820; x_wconf 90' lang='lat' dir='ltr'><strong>eadem</strong></span> <span class='ocrx_word' id='word_1_427' title='bbox 1183 3769 1240 3820; x_wconf 88' lang='lat' dir='ltr'><strong>et</strong></span> <span class='ocrx_word' id='word_1_428' title='bbox 1259 3762 1610 3836; x_wconf 86' lang='lat' dir='ltr'><strong>simpliciter</strong></span> <span class='ocrx_word' id='word_1_429' title='bbox 1633 3781 1694 3820; x_wconf 93' lang='lat' dir='ltr'><strong>se</strong></span> <span class='ocrx_word' id='word_1_430' title='bbox 1726 3764 1971 3836; x_wconf 81' lang='lat' dir='ltr'><strong>habens,</strong></span> 
     </span>
    </p>
   </div>
   <div class='ocr_carea' id='block_1_60' title="bbox 320 3852 1971 3926">
    <p class='ocr_par' dir='ltr' id='par_1_60' title="bbox 320 3852 1971 3926">
     <span class='ocr_line' id='line_1_60' title="bbox 320 3852 1971 3926; baseline -0.001 -17"><span class='ocrx_word' id='word_1_431' title='bbox 320 3869 506 3910; x_wconf 90' lang='lat' dir='ltr'><strong>unum</strong></span> <span class='ocrx_word' id='word_1_432' title='bbox 539 3853 748 3909; x_wconf 89' lang='lat' dir='ltr'><strong>merito</strong></span> <span class='ocrx_word' id='word_1_433' title='bbox 780 3852 1060 3926; x_wconf 85' lang='lat' dir='ltr'><strong>appellari</strong></span> <span class='ocrx_word' id='word_1_434' title='bbox 1093 3858 1306 3926; x_wconf 90' lang='lat' dir='ltr'><strong>potest,</strong></span> <span class='ocrx_word' id='word_1_435' title='bbox 1326 3867 1512 3909; x_wconf 91' lang='lat' dir='ltr'><strong>unum</strong></span> <span class='ocrx_word' id='word_1_436' title='bbox 1544 3852 1700 3908; x_wconf 87' lang='lat' dir='ltr'><strong>enim</strong></span> <span class='ocrx_word' id='word_1_437' title='bbox 1733 3853 1888 3925; x_wconf 91' lang='lat' dir='ltr'><strong>quod</strong></span> <span class='ocrx_word' id='word_1_438' title='bbox 1911 3853 1971 3908; x_wconf 90' lang='lat' dir='ltr'><strong>in</strong></span> 
     </span>
    </p>
   </div>
   <div class='ocr_carea' id='block_1_61' title="bbox 315 3941 1972 4016">
    <p class='ocr_par' dir='ltr' id='par_1_61' title="bbox 315 3941 1972 4016">
     <span class='ocr_line' id='line_1_61' title="bbox 315 3941 1972 4016; baseline 0.001 -18"><span class='ocrx_word' id='word_1_439' title='bbox 315 3941 794 4016; x_wconf 83' lang='lat' dir='ltr'><strong>particularibus,</strong></span> <span class='ocrx_word' id='word_1_440' title='bbox 826 3948 914 3998; x_wconf 88' lang='lat' dir='ltr'><strong>est</strong></span> <span class='ocrx_word' id='word_1_441' title='bbox 944 3943 1177 3997; x_wconf 83' lang='lat' dir='ltr'><strong>unitum</strong></span> <span class='ocrx_word' id='word_1_442' title='bbox 1210 3941 1502 4014; x_wconf 88' lang='lat' dir='ltr'><strong>partibus,</strong></span> <span class='ocrx_word' id='word_1_443' title='bbox 1535 3945 1592 3998; x_wconf 89' lang='lat' dir='ltr'><strong>et</strong></span> <span class='ocrx_word' id='word_1_444' title='bbox 1621 3941 1972 4014; x_wconf 87' lang='lat' dir='ltr'><strong>conspirans</strong></span> 
     </span>
    </p>
   </div>
   <div class='ocr_carea' id='block_1_62' title="bbox 311 4029 1972 4105">
    <p class='ocr_par' dir='ltr' id='par_1_62' title="bbox 311 4029 1972 4105">
     <span class='ocr_line' id='line_1_62' title="bbox 311 4029 1972 4105; baseline 0.001 -19"><span class='ocrx_word' id='word_1_445' title='bbox 311 4031 372 4088; x_wconf 92' lang='lat' dir='ltr'><strong>in</strong></span> <span class='ocrx_word' id='word_1_446' title='bbox 403 4030 853 4105; x_wconf 81' lang='lat' dir='ltr'><strong>participatione</strong></span> <span class='ocrx_word' id='word_1_447' title='bbox 885 4029 1085 4104; x_wconf 70' lang='lat' dir='ltr'><strong>primis</strong></span> <span class='ocrx_word' id='word_1_448' title='bbox 1117 4045 1328 4087; x_wconf 74' lang='lat' dir='ltr'><strong>causae.</strong></span> <span class='ocrx_word' id='word_1_449' title='bbox 1365 4033 1496 4086; x_wconf 79' lang='lat' dir='ltr'><strong>Haec</strong></span> <span class='ocrx_word' id='word_1_450' title='bbox 1528 4029 1766 4086; x_wconf 86' lang='lat' dir='ltr'><strong>ratione</strong></span> <span class='ocrx_word' id='word_1_451' title='bbox 1797 4031 1972 4088; x_wconf 81' lang='lat' dir='ltr'><strong>etiam</strong></span> 
     </span>
    </p>
   </div>
   <div class='ocr_carea' id='block_1_63' title="bbox 313 4118 1970 4194">
    <p class='ocr_par' dir='ltr' id='par_1_63' title="bbox 313 4118 1970 4194">
     <span class='ocr_line' id='line_1_63' title="bbox 313 4118 1970 4194; baseline -0.001 -17"><span class='ocrx_word' id='word_1_452' title='bbox 313 4120 598 4177; x_wconf 88' lang='lat' dir='ltr'><strong>Dominus</strong></span> <span class='ocrx_word' id='word_1_453' title='bbox 629 4137 732 4194; x_wconf 90' lang='lat' dir='ltr'><strong>pro</strong></span> <span class='ocrx_word' id='word_1_454' title='bbox 762 4119 1070 4193; x_wconf 89' lang='lat' dir='ltr'><strong>discipulis</strong></span> <span class='ocrx_word' id='word_1_455' title='bbox 1103 4124 1248 4176; x_wconf 88' lang='lat' dir='ltr'><strong>orat.</strong></span> <span class='ocrx_word' id='word_1_456' title='bbox 1287 4118 1351 4177; x_wconf 90' lang='lat' dir='ltr'><strong>Ut</strong></span> <span class='ocrx_word' id='word_1_457' title='bbox 1378 4121 1492 4176; x_wconf 82' lang='lat' dir='ltr'><strong>sint</strong></span> <span class='ocrx_word' id='word_1_458' title='bbox 1539 4124 1594 4175; x_wconf 83' lang='lat' dir='ltr'><strong>et</strong></span> <span class='ocrx_word' id='word_1_459' title='bbox 1624 4121 1735 4191; x_wconf 83' lang='lat' dir='ltr'><strong>ipsi</strong></span> <span class='ocrx_word' id='word_1_460' title='bbox 1773 4133 1970 4190; x_wconf 72' lang='lat' dir='ltr'><strong>unum,</strong></span> 
     </span>
    </p>
   </div>
   <div class='ocr_carea' id='block_1_64' title="bbox 310 4209 1973 4277">
    <p class='ocr_par' dir='ltr' id='par_1_64' title="bbox 310 4209 1973 4277">
     <span class='ocr_line' id='line_1_64' title="bbox 310 4209 1973 4277; baseline 0 -11"><span class='ocrx_word' id='word_1_461' title='bbox 310 4211 453 4266; x_wconf 80' lang='lat' dir='ltr'><strong>sicut</strong></span> <span class='ocrx_word' id='word_1_462' title='bbox 493 4212 546 4266; x_wconf 89' lang='lat' dir='ltr'><strong>et</strong></span> <span class='ocrx_word' id='word_1_463' title='bbox 584 4226 684 4267; x_wconf 84' lang='lat' dir='ltr'><strong>nos</strong></span> <span class='ocrx_word' id='word_1_464' title='bbox 739 4225 914 4265; x_wconf 86' lang='lat' dir='ltr'><strong>unum</strong></span> <span class='ocrx_word' id='word_1_465' title='bbox 967 4224 1180 4277; x_wconf 86' lang='lat' dir='ltr'><strong>sumus,</strong></span> <span class='ocrx_word' id='word_1_466' title='bbox 1232 4217 1294 4265; x_wconf 85' lang='lat' dir='ltr'><strong>ut</strong></span> <span class='ocrx_word' id='word_1_467' title='bbox 1347 4210 1459 4266; x_wconf 84' lang='lat' dir='ltr'><strong>sint</strong></span> <span class='ocrx_word' id='word_1_468' title='bbox 1513 4212 1884 4266; x_wconf 75' lang='lat' dir='ltr'><strong>consummati</strong></span> <span class='ocrx_word' id='word_1_469' title='bbox 1911 4209 1973 4266; x_wconf 83' lang='lat' dir='ltr'><strong>in</strong></span> 
     </span>
    </p>
   </div>
   <div class='ocr_carea' id='block_1_65' title="bbox 313 4294 1969 4371">
    <p class='ocr_par' dir='ltr' id='par_1_65' title="bbox 313 4294 1969 4371">
     <span class='ocr_line' id='line_1_65' title="bbox 313 4294 1969 4371; baseline 0.002 -20"><span class='ocrx_word' id='word_1_470' title='bbox 313 4311 486 4352; x_wconf 83' lang='lat' dir='ltr'><strong>unum</strong></span> <span class='ocrx_word' id='word_1_471' title='bbox 514 4298 591 4370; x_wconf 78' lang='grc' dir='ltr'><strong>(ὸ)</strong></span> <span class='ocrx_word' id='word_1_472' title='bbox 622 4299 798 4370; x_wconf 90' lang='lat' dir='ltr'><strong>[quod</strong></span> <span class='ocrx_word' id='word_1_473' title='bbox 833 4299 1128 4370; x_wconf 75' lang='lat' dir='ltr'><strong>signiﬁcat</strong></span> <span class='ocrx_word' id='word_1_474' title='bbox 1149 4294 1547 4367; x_wconf 84' lang='lat' dir='ltr'><strong>sanctitatem,</strong></span> <span class='ocrx_word' id='word_1_475' title='bbox 1581 4314 1648 4355; x_wconf 89' lang='lat' dir='ltr'><strong>ac</strong></span> <span class='ocrx_word' id='word_1_476' title='bbox 1679 4297 1969 4371; x_wconf 75' lang='lat' dir='ltr'><strong>regnum],</strong></span> 
     </span>
    </p>
   </div>
   <div class='ocr_carea' id='block_1_66' title="bbox 309 4382 1970 4462">
    <p class='ocr_par' dir='ltr' id='par_1_66' title="bbox 309 4382 1970 4462">
     <span class='ocr_line' id='line_1_66' title="bbox 309 4382 1970 4462; baseline 0.005 -25"><span class='ocrx_word' id='word_1_477' title='bbox 309 4382 581 4460; x_wconf 82' lang='grc' dir='ltr'>γάννυται,</span> <span class='ocrx_word' id='word_1_478' title='bbox 642 4401 746 4444; x_wconf 84' lang='lat' dir='ltr'><strong>seu</strong></span> <span class='ocrx_word' id='word_1_479' title='bbox 797 4393 1092 4444; x_wconf 87' lang='lat' dir='ltr'><strong>recreatur</strong></span> <span class='ocrx_word' id='word_1_480' title='bbox 1138 4387 1294 4445; x_wconf 88' lang='lat' dir='ltr'><strong>Deus</strong></span> <span class='ocrx_word' id='word_1_481' title='bbox 1347 4387 1407 4445; x_wconf 89' lang='lat' dir='ltr'><strong>in</strong></span> <span class='ocrx_word' id='word_1_482' title='bbox 1466 4386 1721 4462; x_wconf 86' lang='lat' dir='ltr'><strong>propriis</strong></span> <span class='ocrx_word' id='word_1_483' title='bbox 1779 4389 1970 4462; x_wconf 85' lang='lat' dir='ltr'><strong>operi-</strong></span> 
     </span>
    </p>
   </div>
   <div class='ocr_carea' id='block_1_67' title="bbox 309 4475 1971 4535">
    <p class='ocr_par' dir='ltr' id='par_1_67' title="bbox 309 4475 1971 4535">
     <span class='ocr_line' id='line_1_67' title="bbox 309 4475 1971 4535; baseline 0.003 -5"><span class='ocrx_word' id='word_1_484' title='bbox 309 4475 423 4530; x_wconf 89' lang='lat' dir='ltr'><strong>bus</strong></span> <span class='ocrx_word' id='word_1_485' title='bbox 470 4476 798 4533; x_wconf 84' lang='lat' dir='ltr'><strong>secundum</strong></span> <span class='ocrx_word' id='word_1_486' title='bbox 849 4475 994 4534; x_wconf 86' lang='lat' dir='ltr'><strong>illud</strong></span> <span class='ocrx_word' id='word_1_487' title='bbox 1046 4477 1419 4535; x_wconf 79' lang='lat' dir='ltr'><strong>Psalmorum</strong></span> <span class='ocrx_word' id='word_1_488' title='bbox 1453 4491 1468 4534; x_wconf 88' lang='lat'><strong>:</strong></span> <span class='ocrx_word' id='word_1_489' title='bbox 1503 4476 1806 4534; x_wconf 64' lang='lat' dir='ltr'><strong>Laetabitur</strong></span> <span class='ocrx_word' id='word_1_490' title='bbox 1859 4479 1971 4535; x_wconf 91' lang='lat' dir='ltr'><strong>Do-</strong></span> 
     </span>
    </p>
   </div>
   <div class='ocr_carea' id='block_1_68' title="bbox 311 4565 1969 4641">
    <p class='ocr_par' dir='ltr' id='par_1_68' title="bbox 311 4565 1969 4641">
     <span class='ocr_line' id='line_1_68' title="bbox 311 4565 1969 4641; baseline 0.004 -23"><span class='ocrx_word' id='word_1_491' title='bbox 311 4565 496 4620; x_wconf 81' lang='lat' dir='ltr'><strong>minus</strong></span> <span class='ocrx_word' id='word_1_492' title='bbox 527 4565 588 4621; x_wconf 85' lang='lat' dir='ltr'><strong>in</strong></span> <span class='ocrx_word' id='word_1_493' title='bbox 617 4568 872 4640; x_wconf 78' lang='lat' dir='ltr'><strong>operibus</strong></span> <span class='ocrx_word' id='word_1_494' title='bbox 897 4565 1014 4623; x_wconf 81' lang='lat' dir='ltr'><strong>suis</strong></span> <span class='ocrx_word' id='word_1_495' title='bbox 1043 4567 1115 4641; x_wconf 78' lang='grc' dir='ltr'><strong>(ο)</strong></span> <span class='ocrx_word' id='word_1_496' title='bbox 1148 4567 1326 4640; x_wconf 90' lang='lat' dir='ltr'><strong>[quod</strong></span> <span class='ocrx_word' id='word_1_497' title='bbox 1377 4566 1710 4624; x_wconf 89' lang='lat' dir='ltr'><strong>dominium</strong></span> <span class='ocrx_word' id='word_1_498' title='bbox 1742 4567 1969 4641; x_wconf 80' lang='lat' dir='ltr'><strong>signiti-</strong></span> 
     </span>
    </p>
   </div>
   <div class='ocr_carea' id='block_1_69' title="bbox 314 4654 449 4724">
    <p class='ocr_par' dir='ltr' id='par_1_69' title="bbox 314 4654 449 4724">
     <span class='ocr_line' id='line_1_69' title="bbox 314 4654 449 4724; baseline 0.007 -17"><span class='ocrx_word' id='word_1_499' title='bbox 314 4654 449 4724; x_wconf 87' lang='lat' dir='ltr'><strong>cat].</strong></span> 
     </span>
    </p>
   </div>
   <div class='ocr_carea' id='block_1_70' title="bbox 389 4832 1966 4905">
    <p class='ocr_par' dir='ltr' id='par_1_70' title="bbox 389 4832 1966 4905">
     <span class='ocr_line' id='line_1_70' title="bbox 389 4832 1966 4905; baseline 0.001 -17"><span class='ocrx_word' id='word_1_500' title='bbox 389 4834 416 4899; x_wconf 89' lang='lat'><strong>§</strong></span> <span class='ocrx_word' id='word_1_501' title='bbox 446 4832 537 4888; x_wconf 92' lang='lat' dir='ltr'><strong>lV.</strong></span> <span class='ocrx_word' id='word_1_502' title='bbox 570 4833 768 4889; x_wconf 79' lang='lat' dir='ltr'><strong>Auctor</strong></span> <span class='ocrx_word' id='word_1_503' title='bbox 801 4833 1318 4905; x_wconf 80' lang='lat' dir='ltr'><strong>imparticipabilis.</strong></span> <span class='ocrx_word' id='word_1_504' title='bbox 1352 4833 1509 4889; x_wconf 87' lang='lat' dir='ltr'><strong>Deus</strong></span> <span class='ocrx_word' id='word_1_505' title='bbox 1541 4834 1966 4892; x_wconf 85' lang='lat' dir='ltr'><strong>communicari</strong></span> 
     </span>
    </p>
   </div>
   <div class='ocr_carea' id='block_1_71' title="bbox 313 4921 1494 4991">
    <p class='ocr_par' dir='ltr' id='par_1_71' title="bbox 313 4921 1494 4991">
     <span class='ocr_line' id='line_1_71' title="bbox 313 4921 1494 4991; baseline 0.003 -16"><span class='ocrx_word' id='word_1_506' title='bbox 313 4921 538 4991; x_wconf 88' lang='lat' dir='ltr'><strong>nequit,</strong></span> <span class='ocrx_word' id='word_1_507' title='bbox 573 4923 899 4977; x_wconf 83' lang='lat' dir='ltr'><strong>secundum</strong></span> <span class='ocrx_word' id='word_1_508' title='bbox 934 4925 1152 4978; x_wconf 82' lang='lat' dir='ltr'><strong>naturae</strong></span> <span class='ocrx_word' id='word_1_509' title='bbox 1184 4923 1494 4979; x_wconf 88' lang='lat' dir='ltr'><strong>rationem.</strong></span> 
     </span>
    </p>
   </div>
   <div class='ocr_carea' id='block_1_72' title="bbox 377 5009 1969 5075">
    <p class='ocr_par' dir='ltr' id='par_1_72' title="bbox 377 5009 1969 5075">
     <span class='ocr_line' id='line_1_72' title="bbox 377 5009 1969 5075; baseline 0.003 -12"><span class='ocrx_word' id='word_1_510' title='bbox 377 5009 610 5065; x_wconf 85' lang='lat' dir='ltr'><strong>Sanctus</strong></span> <span class='ocrx_word' id='word_1_511' title='bbox 665 5017 986 5065; x_wconf 82' lang='lat' dir='ltr'><strong>sanctorum</strong></span> <span class='ocrx_word' id='word_1_512' title='bbox 1031 5009 1315 5068; x_wconf 79' lang='lat' dir='ltr'><strong>laudatur.</strong></span> <span class='ocrx_word' id='word_1_513' title='bbox 1363 5011 1666 5075; x_wconf 89' lang='lat' dir='ltr'><strong>Quomodo</strong></span> <span class='ocrx_word' id='word_1_514' title='bbox 1715 5015 1969 5069; x_wconf 81' lang='lat' dir='ltr'><strong>Sanctus</strong></span> 
     </span>
    </p>
   </div>
   <div class='ocr_carea' id='block_1_73' title="bbox 305 5093 1972 5166">
    <p class='ocr_par' dir='ltr' id='par_1_73' title="bbox 305 5093 1972 5166">
     <span class='ocr_line' id='line_1_73' title="bbox 305 5093 1972 5166; baseline 0.005 -17"><span class='ocrx_word' id='word_1_515' title='bbox 305 5100 668 5166; x_wconf 88' lang='lat' dir='ltr'><strong>sanctorum,</strong></span> <span class='ocrx_word' id='word_1_516' title='bbox 694 5101 751 5153; x_wconf 90' lang='lat' dir='ltr'><strong>et</strong></span> <span class='ocrx_word' id='word_1_517' title='bbox 772 5093 995 5154; x_wconf 87' lang='lat' dir='ltr'><strong>similia</strong></span> <span class='ocrx_word' id='word_1_518' title='bbox 1029 5097 1185 5154; x_wconf 90' lang='lat' dir='ltr'><strong>Deus</strong></span> <span class='ocrx_word' id='word_1_519' title='bbox 1211 5099 1505 5166; x_wconf 87' lang='lat' dir='ltr'><strong>laudatur,</strong></span> <span class='ocrx_word' id='word_1_520' title='bbox 1541 5100 1972 5158; x_wconf 85' lang='lat' dir='ltr'><strong>admirabiliter</strong></span> 
     </span>
    </p>
   </div>
   <div class='ocr_carea' id='block_1_74' title="bbox 309 5184 1972 5261">
    <p class='ocr_par' dir='ltr' id='par_1_74' title="bbox 309 5184 1972 5261">
     <span class='ocr_line' id='line_1_74' title="bbox 309 5184 1972 5261; baseline 0.005 -24"><span class='ocrx_word' id='word_1_521' title='bbox 309 5184 727 5253; x_wconf 81' lang='lat' dir='ltr'><strong>maniisstavit,</strong></span> <span class='ocrx_word' id='word_1_522' title='bbox 748 5187 805 5242; x_wconf 90' lang='lat' dir='ltr'><strong>et</strong></span> <span class='ocrx_word' id='word_1_523' title='bbox 826 5187 926 5254; x_wconf 88' lang='lat' dir='ltr'><strong>ait,</strong></span> <span class='ocrx_word' id='word_1_524' title='bbox 952 5191 1242 5259; x_wconf 87' lang='lat' dir='ltr'><strong>quantum</strong></span> <span class='ocrx_word' id='word_1_525' title='bbox 1268 5188 1462 5245; x_wconf 73' lang='lat' dir='ltr'><strong>differt</strong></span> <span class='ocrx_word' id='word_1_526' title='bbox 1492 5193 1703 5245; x_wconf 84' lang='lat' dir='ltr'><strong>natura</strong></span> <span class='ocrx_word' id='word_1_527' title='bbox 1733 5205 1882 5261; x_wconf 88' lang='lat' dir='ltr'><strong>pura</strong></span> <span class='ocrx_word' id='word_1_528' title='bbox 1914 5193 1972 5246; x_wconf 88' lang='lat' dir='ltr'><strong>et</strong></span> 
     </span>
    </p>
   </div>
   <div class='ocr_carea' id='block_1_75' title="bbox 308 5273 1968 5350">
    <p class='ocr_par' dir='ltr' id='par_1_75' title="bbox 308 5273 1968 5350">
     <span class='ocr_line' id='line_1_75' title="bbox 308 5273 1968 5350; baseline 0.005 -24"><span class='ocrx_word' id='word_1_529' title='bbox 308 5288 487 5328; x_wconf 87' lang='lat' dir='ltr'><strong>causa</strong></span> <span class='ocrx_word' id='word_1_530' title='bbox 517 5291 550 5328; x_wconf 90' lang='lat' dir='ltr'><strong>a</strong></span> <span class='ocrx_word' id='word_1_531' title='bbox 583 5273 866 5344; x_wconf 85' lang='lat' dir='ltr'><strong>qualitate</strong></span> <span class='ocrx_word' id='word_1_532' title='bbox 897 5281 954 5330; x_wconf 91' lang='lat' dir='ltr'><strong>et</strong></span> <span class='ocrx_word' id='word_1_533' title='bbox 973 5277 1045 5332; x_wconf 91' lang='lat' dir='ltr'><strong>ab</strong></span> <span class='ocrx_word' id='word_1_534' title='bbox 1078 5277 1316 5345; x_wconf 75' lang='lat' dir='ltr'><strong>effectu;</strong></span> <span class='ocrx_word' id='word_1_535' title='bbox 1354 5279 1508 5350; x_wconf 92' lang='lat' dir='ltr'><strong>quod</strong></span> <span class='ocrx_word' id='word_1_536' title='bbox 1533 5279 1693 5334; x_wconf 89' lang='lat' dir='ltr'><strong>enim</strong></span> <span class='ocrx_word' id='word_1_537' title='bbox 1716 5279 1968 5334; x_wconf 89' lang='lat' dir='ltr'><strong>estillud</strong></span> 
     </span>
    </p>
   </div>
   <div class='ocr_carea' id='block_1_76' title="bbox 305 5361 1971 5439">
    <p class='ocr_par' dir='ltr' id='par_1_76' title="bbox 305 5361 1971 5439">
     <span class='ocr_line' id='line_1_76' title="bbox 305 5361 1971 5439; baseline 0.005 -24"><span class='ocrx_word' id='word_1_538' title='bbox 305 5361 460 5431; x_wconf 89' lang='lat' dir='ltr'><strong>quod</strong></span> <span class='ocrx_word' id='word_1_539' title='bbox 493 5366 579 5418; x_wconf 88' lang='lat' dir='ltr'><strong>est</strong></span> <span class='ocrx_word' id='word_1_540' title='bbox 602 5368 872 5434; x_wconf 84' lang='lat' dir='ltr'><strong>respectu</strong></span> <span class='ocrx_word' id='word_1_541' title='bbox 902 5363 1066 5421; x_wconf 88' lang='lat' dir='ltr'><strong>illius</strong></span> <span class='ocrx_word' id='word_1_542' title='bbox 1111 5365 1268 5438; x_wconf 94' lang='lat' dir='ltr'><strong>quod</strong></span> <span class='ocrx_word' id='word_1_543' title='bbox 1319 5369 1552 5439; x_wconf 88' lang='lat' dir='ltr'><strong>proprie</strong></span> <span class='ocrx_word' id='word_1_544' title='bbox 1602 5381 1720 5424; x_wconf 89' lang='lat' dir='ltr'><strong>non</strong></span> <span class='ocrx_word' id='word_1_545' title='bbox 1769 5372 1877 5439; x_wconf 90' lang='lat' dir='ltr'><strong>est,</strong></span> <span class='ocrx_word' id='word_1_546' title='bbox 1912 5373 1971 5424; x_wconf 89' lang='lat' dir='ltr'><strong>et</strong></span> 
     </span>
    </p>
   </div>
   <div class='ocr_carea' id='block_1_77' title="bbox 309 5450 1971 5530">
    <p class='ocr_par' dir='ltr' id='par_1_77' title="bbox 309 5450 1971 5530">
     <span class='ocr_line' id='line_1_77' title="bbox 309 5450 1971 5530; baseline 0.005 -26"><span class='ocrx_word' id='word_1_547' title='bbox 309 5455 601 5520; x_wconf 90' lang='lat' dir='ltr'><strong>quantum</strong></span> <span class='ocrx_word' id='word_1_548' title='bbox 629 5450 774 5507; x_wconf 92' lang='lat' dir='ltr'><strong>illud</strong></span> <span class='ocrx_word' id='word_1_549' title='bbox 800 5457 953 5524; x_wconf 91' lang='lat' dir='ltr'><strong>quod</strong></span> <span class='ocrx_word' id='word_1_550' title='bbox 983 5455 1372 5526; x_wconf 88' lang='lat' dir='ltr'><strong>participatur</strong></span> <span class='ocrx_word' id='word_1_551' title='bbox 1401 5457 1474 5512; x_wconf 90' lang='lat' dir='ltr'><strong>ab</strong></span> <span class='ocrx_word' id='word_1_552' title='bbox 1505 5473 1572 5511; x_wconf 89' lang='lat' dir='ltr'><strong>eo</strong></span> <span class='ocrx_word' id='word_1_553' title='bbox 1605 5457 1760 5527; x_wconf 91' lang='lat' dir='ltr'><strong>quod</strong></span> <span class='ocrx_word' id='word_1_554' title='bbox 1793 5458 1971 5530; x_wconf 85' lang='lat' dir='ltr'><strong>parti-</strong></span> 
     </span>
    </p>
   </div>
   <div class='ocr_carea' id='block_1_78' title="bbox 311 5539 1971 5618">
    <p class='ocr_par' dir='ltr' id='par_1_78' title="bbox 311 5539 1971 5618">
     <span class='ocr_line' id='line_1_78' title="bbox 311 5539 1971 5618; baseline 0.006 -24"><span class='ocrx_word' id='word_1_555' title='bbox 311 5539 490 5612; x_wconf 87' lang='lat' dir='ltr'><strong>cipat;</strong></span> <span class='ocrx_word' id='word_1_556' title='bbox 516 5545 748 5597; x_wconf 88' lang='lat' dir='ltr'><strong>tantum</strong></span> <span class='ocrx_word' id='word_1_557' title='bbox 771 5543 966 5600; x_wconf 68' lang='lat' dir='ltr'><strong>differt</strong></span> <span class='ocrx_word' id='word_1_558' title='bbox 999 5545 1150 5601; x_wconf 89' lang='lat' dir='ltr'><strong>Deus</strong></span> <span class='ocrx_word' id='word_1_559' title='bbox 1180 5547 1321 5602; x_wconf 91' lang='lat' dir='ltr'><strong>dum</strong></span> <span class='ocrx_word' id='word_1_560' title='bbox 1354 5545 1479 5602; x_wconf 82' lang='lat' dir='ltr'><strong>haec</strong></span> <span class='ocrx_word' id='word_1_561' title='bbox 1509 5547 1750 5618; x_wconf 85' lang='lat' dir='ltr'><strong>dicitur,</strong></span> <span class='ocrx_word' id='word_1_562' title='bbox 1783 5549 1856 5604; x_wconf 87' lang='lat' dir='ltr'><strong>ab</strong></span> <span class='ocrx_word' id='word_1_563' title='bbox 1898 5547 1971 5604; x_wconf 86' lang='lat' dir='ltr'><strong>iis</strong></span> 
     </span>
    </p>
   </div>
   <div class='ocr_carea' id='block_1_79' title="bbox 389 5722 1696 5801">
    <p class='ocr_par' dir='ltr' id='par_1_79' title="bbox 389 5722 1696 5801">
     <span class='ocr_line' id='line_1_79' title="bbox 389 5722 1696 5801; baseline 0.005 -24"><span class='ocrx_word' id='word_1_564' title='bbox 389 5723 470 5793; x_wconf 80' lang='grc' dir='ltr'><strong>(ὁ)</strong></span> <span class='ocrx_word' id='word_1_565' title='bbox 499 5722 671 5779; x_wconf 90' lang='lat' dir='ltr'><strong>Joan.</strong></span> <span class='ocrx_word' id='word_1_566' title='bbox 702 5741 841 5797; x_wconf 82' lang='lat' dir='ltr'><strong>xvn,</strong></span> <span class='ocrx_word' id='word_1_567' title='bbox 879 5728 963 5796; x_wconf 77' lang='grc'>11,</span> <span class='ocrx_word' id='word_1_568' title='bbox 994 5727 1085 5784; x_wconf 90' lang='grc'><strong>23.</strong></span> <span class='ocrx_word' id='word_1_569' title='bbox 1163 5728 1235 5801; x_wconf 87' lang='lat' dir='ltr'><strong>(c)</strong></span> <span class='ocrx_word' id='word_1_570' title='bbox 1267 5727 1418 5787; x_wconf 83' lang='lat' dir='ltr'><strong>Psal.</strong></span> <span class='ocrx_word' id='word_1_571' title='bbox 1449 5745 1571 5801; x_wconf 84' lang='lat' dir='ltr'><strong>cm,</strong></span> <span class='ocrx_word' id='word_1_572' title='bbox 1605 5729 1696 5785; x_wconf 88' lang='grc'><strong>31.</strong></span> 
     </span>
    </p>
   </div>
   <div class='ocr_carea' id='block_1_80' title="bbox 2563 2515 3259 2572">
    <p class='ocr_par' dir='ltr' id='par_1_80' title="bbox 2563 2515 3259 2572">
     <span class='ocr_line' id='line_1_80' title="bbox 2563 2515 3259 2572; baseline 0.001 -3"><span class='ocrx_word' id='word_1_573' title='bbox 2563 2518 2677 2572; x_wconf 87' lang='grc' dir='ltr'><strong>ΕΙΣ</strong></span> <span class='ocrx_word' id='word_1_574' title='bbox 2715 2516 2808 2572; x_wconf 91' lang='grc' dir='ltr'>ΤΟ</span> <span class='ocrx_word' id='word_1_575' title='bbox 2847 2517 3111 2571; x_wconf 79' lang='grc' dir='ltr'><strong>ΚΕΦΑΛ.</strong></span> <span class='ocrx_word' id='word_1_576' title='bbox 3157 2515 3259 2571; x_wconf 85' lang='grc' dir='ltr'><strong>ῙΒ’.</strong></span> 
     </span>
    </p>
   </div>
   <div class='ocr_carea' id='block_1_81' title="bbox 2159 2600 3744 2678">
    <p class='ocr_par' dir='ltr' id='par_1_81' title="bbox 2159 2600 3744 2678">
     <span class='ocr_line' id='line_1_81' title="bbox 2159 2600 3744 2678; baseline -0.003 -18"><span class='ocrx_word' id='word_1_577' title='bbox 2159 2605 2190 2678; x_wconf 85' lang='lat'><strong>§</strong></span> <span class='ocrx_word' id='word_1_578' title='bbox 2220 2605 2260 2660; x_wconf 94' lang='grc' dir='ltr'><strong>Ι.</strong></span> <span class='ocrx_word' id='word_1_579' title='bbox 2295 2607 2384 2676; x_wconf 85' lang='grc' dir='ltr'>Τῷ</span> <span class='ocrx_word' id='word_1_580' title='bbox 2413 2600 2801 2677; x_wconf 84' lang='grc' dir='ltr'>διπλασιασμῷ</span> <span class='ocrx_word' id='word_1_581' title='bbox 2828 2608 2936 2659; x_wconf 80' lang='grc' dir='ltr'>τῶν</span> <span class='ocrx_word' id='word_1_582' title='bbox 2968 2603 3282 2676; x_wconf 78' lang='grc' dir='ltr'>ὀνομάτων.</span> <span class='ocrx_word' id='word_1_583' title='bbox 3331 2602 3744 2676; x_wconf 87' lang='grc' dir='ltr'>Διπλασιασμὸν</span> 
     </span>
    </p>
   </div>
   <div class='ocr_carea' id='block_1_82' title="bbox 2089 2689 3742 2771">
    <p class='ocr_par' dir='ltr' id='par_1_82' title="bbox 2089 2689 3742 2771">
     <span class='ocr_line' id='line_1_82' title="bbox 2089 2689 3742 2771; baseline -0.001 -25"><span class='ocrx_word' id='word_1_584' title='bbox 2089 2691 2371 2765; x_wconf 81' lang='grc' dir='ltr'>ὀνομάτων</span> <span class='ocrx_word' id='word_1_585' title='bbox 2431 2693 2564 2771; x_wconf 83' lang='grc' dir='ltr'>φησὶ</span> <span class='ocrx_word' id='word_1_586' title='bbox 2620 2694 2682 2748; x_wconf 93' lang='grc' dir='ltr'>τὸ</span> <span class='ocrx_word' id='word_1_587' title='bbox 2754 2693 2893 2768; x_wconf 89' lang='grc' dir='ltr'>πρὸς</span> <span class='ocrx_word' id='word_1_588' title='bbox 2966 2694 3028 2748; x_wconf 86' lang='grc' dir='ltr'>τὸ</span> <span class='ocrx_word' id='word_1_589' title='bbox 3098 2689 3310 2748; x_wconf 79' lang='grc' dir='ltr'>ἁπλοῦν</span> <span class='ocrx_word' id='word_1_590' title='bbox 3372 2692 3742 2769; x_wconf 82' lang='grc' dir='ltr'>ὑπερθετικὸν,</span> 
     </span>
    </p>
   </div>
   <div class='ocr_carea' id='block_1_83' title="bbox 2087 2777 3739 2857">
    <p class='ocr_par' dir='ltr' id='par_1_83' title="bbox 2087 2777 3739 2857">
     <span class='ocr_line' id='line_1_83' title="bbox 2087 2777 3739 2857; baseline -0.001 -22"><span class='ocrx_word' id='word_1_591' title='bbox 2087 2777 2202 2836; x_wconf 69' lang='grc' dir='ltr'>οἷον</span> <span class='ocrx_word' id='word_1_592' title='bbox 2251 2783 2443 2857; x_wconf 75' lang='grc' dir='ltr'>’Ἄγιον</span> <span class='ocrx_word' id='word_1_593' title='bbox 2496 2781 2686 2856; x_wconf 77' lang='grc' dir='ltr'>ἁγίων,</span> <span class='ocrx_word' id='word_1_594' title='bbox 2739 2780 2936 2857; x_wconf 77' lang='grc' dir='ltr'>Κύριον</span> <span class='ocrx_word' id='word_1_595' title='bbox 2985 2778 3210 2856; x_wconf 83' lang='grc' dir='ltr'>κυρίων,</span> <span class='ocrx_word' id='word_1_596' title='bbox 3262 2781 3390 2836; x_wconf 88' lang='grc' dir='ltr'>Θεὸν</span> <span class='ocrx_word' id='word_1_597' title='bbox 3445 2781 3578 2845; x_wconf 79' lang='grc' dir='ltr'>θεῶν</span> <span class='ocrx_word' id='word_1_598' title='bbox 3627 2782 3739 2853; x_wconf 75' lang='grc' dir='ltr'>[καὶ</span> 
     </span>
    </p>
   </div>
   <div class='ocr_carea' id='block_1_84' title="bbox 2084 2869 3340 2947">
    <p class='ocr_par' dir='ltr' id='par_1_84' title="bbox 2084 2869 3340 2947">
     <span class='ocr_line' id='line_1_84' title="bbox 2084 2869 3340 2947; baseline 0.002 -22"><span class='ocrx_word' id='word_1_599' title='bbox 2084 2869 2320 2926; x_wconf 75' lang='grc' dir='ltr'>Βασιλέα</span> <span class='ocrx_word' id='word_1_600' title='bbox 2353 2869 2670 2947; x_wconf 86' lang='grc' dir='ltr'>βασιλέων],</span> <span class='ocrx_word' id='word_1_601' title='bbox 2699 2869 2790 2924; x_wconf 86' lang='grc' dir='ltr'><strong>καὶ</strong></span> <span class='ocrx_word' id='word_1_602' title='bbox 2819 2871 2887 2925; x_wconf 81' lang='grc' dir='ltr'><strong>τὰ</strong></span> <span class='ocrx_word' id='word_1_603' title='bbox 2916 2869 3083 2944; x_wconf 77' lang='grc' dir='ltr'>ὅμοια</span> <span class='ocrx_word' id='word_1_604' title='bbox 3111 2869 3340 2928; x_wconf 81' lang='grc' dir='ltr'>τούτων.</span> 
     </span>
    </p>
   </div>
   <div class='ocr_carea' id='block_1_85' title="bbox 2153 2959 3731 3039">
    <p class='ocr_par' dir='ltr' id='par_1_85' title="bbox 2153 2959 3731 3039">
     <span class='ocr_line' id='line_1_85' title="bbox 2153 2959 3731 3039; baseline -0.001 -23"><span class='ocrx_word' id='word_1_605' title='bbox 2153 2961 2283 3029; x_wconf 85' lang='lat' dir='ltr'><strong>§Il.</strong></span> <span class='ocrx_word' id='word_1_606' title='bbox 2320 2961 2412 3014; x_wconf 78' lang='grc' dir='ltr'>Διὸ</span> <span class='ocrx_word' id='word_1_607' title='bbox 2462 2960 2552 3015; x_wconf 78' lang='grc' dir='ltr'><strong>καὶ</strong></span> <span class='ocrx_word' id='word_1_608' title='bbox 2601 2959 2885 3036; x_wconf 76' lang='grc' dir='ltr'>κυριότης.</span> <span class='ocrx_word' id='word_1_609' title='bbox 2935 2961 3113 3016; x_wconf 77' lang='grc' dir='ltr'>Ταῦτά</span> <span class='ocrx_word' id='word_1_610' title='bbox 3153 2978 3312 3039; x_wconf 82' lang='grc' dir='ltr'>φασιν</span> <span class='ocrx_word' id='word_1_611' title='bbox 3363 2961 3417 3016; x_wconf 80' lang='grc' dir='ltr'>οἱ</span> <span class='ocrx_word' id='word_1_612' title='bbox 3465 2959 3562 3015; x_wconf 79' lang='grc' dir='ltr'>δύο</span> <span class='ocrx_word' id='word_1_613' title='bbox 3603 2966 3731 3033; x_wconf 78' lang='grc' dir='ltr'><strong>Γρη·</strong></span> 
     </span>
    </p>
   </div>
   <div class='ocr_carea' id='block_1_86' title="bbox 2083 3047 3174 3125">
    <p class='ocr_par' dir='ltr' id='par_1_86' title="bbox 2083 3047 3174 3125">
     <span class='ocr_line' id='line_1_86' title="bbox 2083 3047 3174 3125; baseline 0.003 -23"><span class='ocrx_word' id='word_1_614' title='bbox 2083 3047 2286 3123; x_wconf 79' lang='grc' dir='ltr'>γόριοι,</span> <span class='ocrx_word' id='word_1_615' title='bbox 2313 3048 2345 3104; x_wconf 78' lang='lat'>6&#39;</span> <span class='ocrx_word' id='word_1_616' title='bbox 2372 3066 2432 3105; x_wconf 87' lang='grc' dir='ltr'><strong>τε</strong></span> <span class='ocrx_word' id='word_1_617' title='bbox 2461 3047 2726 3125; x_wconf 75' lang='grc' dir='ltr'>θεολόγοις</span> <span class='ocrx_word' id='word_1_618' title='bbox 2754 3049 2844 3105; x_wconf 84' lang='grc' dir='ltr'><strong>καὶ</strong></span> <span class='ocrx_word' id='word_1_619' title='bbox 2878 3051 2905 3104; x_wconf 82' lang='grc' dir='ltr'><strong>ὁ</strong></span> <span class='ocrx_word' id='word_1_620' title='bbox 2939 3050 3174 3121; x_wconf 72' lang='grc' dir='ltr'>Νύσσης.</span> 
     </span>
    </p>
   </div>
   <div class='ocr_carea' id='block_1_87' title="bbox 2152 3137 3735 3209">
    <p class='ocr_par' dir='ltr' id='par_1_87' title="bbox 2152 3137 3735 3209">
     <span class='ocr_line' id='line_1_87' title="bbox 2152 3137 3735 3209; baseline -0.001 -15"><span class='ocrx_word' id='word_1_621' title='bbox 2152 3139 2308 3208; x_wconf 85' lang='lat' dir='ltr'><strong>§lll.</strong></span> <span class='ocrx_word' id='word_1_622' title='bbox 2385 3137 2707 3201; x_wconf 80' lang='grc' dir='ltr'>Ἀπολύτως</span> <span class='ocrx_word' id='word_1_623' title='bbox 2779 3138 3067 3209; x_wconf 75' lang='grc' dir='ltr'>ὑμνητέον,</span> <span class='ocrx_word' id='word_1_624' title='bbox 3140 3139 3486 3202; x_wconf 80' lang='grc' dir='ltr'>Ἀπολύτως.</span> <span class='ocrx_word' id='word_1_625' title='bbox 3558 3140 3735 3194; x_wconf 79' lang='grc' dir='ltr'><strong>τουτέ⁶</strong></span> 
     </span>
    </p>
   </div>
   <div class='ocr_carea' id='block_1_88' title="bbox 2083 3227 3739 3306">
    <p class='ocr_par' dir='ltr' id='par_1_88' title="bbox 2083 3227 3739 3306">
     <span class='ocr_line' id='line_1_88' title="bbox 2083 3227 3739 3306; baseline 0.001 -25"><span class='ocrx_word' id='word_1_626' title='bbox 2083 3245 2196 3282; x_wconf 84' lang='grc' dir='ltr'>στιν</span> <span class='ocrx_word' id='word_1_627' title='bbox 2252 3227 2315 3282; x_wconf 84' lang='grc' dir='ltr'><strong>οὑ</strong></span> <span class='ocrx_word' id='word_1_628' title='bbox 2368 3229 2504 3282; x_wconf 80' lang='grc' dir='ltr'>κατά</span> <span class='ocrx_word' id='word_1_629' title='bbox 2549 3247 2600 3283; x_wconf 88' lang='grc' dir='ltr'><strong>τι</strong></span> <span class='ocrx_word' id='word_1_630' title='bbox 2652 3228 2772 3300; x_wconf 73' lang='grc' dir='ltr'>μὶν,</span> <span class='ocrx_word' id='word_1_631' title='bbox 2821 3231 2957 3284; x_wconf 81' lang='grc' dir='ltr'>κατά</span> <span class='ocrx_word' id='word_1_632' title='bbox 3001 3249 3054 3285; x_wconf 85' lang='grc' dir='ltr'><strong>τι</strong></span> <span class='ocrx_word' id='word_1_633' title='bbox 3100 3227 3158 3285; x_wconf 62' lang='grc' dir='ltr'><strong>δέ</strong></span> <span class='ocrx_word' id='word_1_634' title='bbox 3205 3228 3288 3299; x_wconf 65' lang='grc' dir='ltr'>οὒ,</span> <span class='ocrx_word' id='word_1_635' title='bbox 3321 3230 3355 3299; x_wconf 76' lang='grc' dir='ltr'><strong>ἢ</strong></span> <span class='ocrx_word' id='word_1_636' title='bbox 3391 3231 3468 3290; x_wconf 84' lang='grc' dir='ltr'><strong>ὡς</strong></span> <span class='ocrx_word' id='word_1_637' title='bbox 3519 3228 3654 3306; x_wconf 87' lang='grc' dir='ltr'>πρός</span> <span class='ocrx_word' id='word_1_638' title='bbox 3684 3248 3739 3283; x_wconf 88' lang='grc' dir='ltr'><strong>τι</strong></span> 
     </span>
    </p>
   </div>
   <div class='ocr_carea' id='block_1_89' title="bbox 2080 3313 3633 3395">
    <p class='ocr_par' dir='ltr' id='par_1_89' title="bbox 2080 3313 3633 3395">
     <span class='ocr_line' id='line_1_89' title="bbox 2080 3313 3633 3395; baseline 0.002 -23"><span class='ocrx_word' id='word_1_639' title='bbox 2080 3313 2285 3393; x_wconf 71' lang='grc' dir='ltr'>ἕτερον,</span> <span class='ocrx_word' id='word_1_640' title='bbox 2315 3315 2462 3374; x_wconf 78' lang='grc' dir='ltr'>ἀλλὰ</span> <span class='ocrx_word' id='word_1_641' title='bbox 2492 3317 2628 3372; x_wconf 79' lang='grc' dir='ltr'>κατὰ</span> <span class='ocrx_word' id='word_1_642' title='bbox 2655 3317 2836 3388; x_wconf 77' lang='grc' dir='ltr'>ἁπλῆν</span> <span class='ocrx_word' id='word_1_643' title='bbox 2871 3313 3104 3386; x_wconf 74' lang='grc' dir='ltr'>ἔννοιαν,</span> <span class='ocrx_word' id='word_1_644' title='bbox 3136 3319 3378 3375; x_wconf 80' lang='grc' dir='ltr'>τουτέστι</span> <span class='ocrx_word' id='word_1_645' title='bbox 3405 3319 3633 3395; x_wconf 88' lang='grc' dir='ltr'>κυρίως.</span> 
     </span>
    </p>
   </div>
   <div class='ocr_carea' id='block_1_90' title="bbox 2152 3495 3743 3570">
    <p class='ocr_par' dir='ltr' id='par_1_90' title="bbox 2152 3495 3743 3570">
     <span class='ocr_line' id='line_1_90' title="bbox 2152 3495 3743 3570; baseline 0.001 -17"><span class='ocrx_word' id='word_1_646' title='bbox 2152 3496 2255 3554; x_wconf 83' lang='grc' dir='ltr'>Καὶ</span> <span class='ocrx_word' id='word_1_647' title='bbox 2312 3495 2628 3567; x_wconf 74' lang='grc' dir='ltr'>ἀνισότητα.</span> <span class='ocrx_word' id='word_1_648' title='bbox 2701 3495 2850 3568; x_wconf 73' lang='grc' dir='ltr'>Αὕτη</span> <span class='ocrx_word' id='word_1_649' title='bbox 2926 3496 3067 3552; x_wconf 75' lang='grc' dir='ltr'>ἐστὶν</span> <span class='ocrx_word' id='word_1_650' title='bbox 3138 3499 3173 3569; x_wconf 78' lang='grc' dir='ltr'><strong>ἠ</strong></span> <span class='ocrx_word' id='word_1_651' title='bbox 3243 3497 3456 3569; x_wconf 67' lang='grc' dir='ltr'>ἑνότης,</span> <span class='ocrx_word' id='word_1_652' title='bbox 3513 3498 3575 3553; x_wconf 88' lang='grc' dir='ltr'>τὸ</span> <span class='ocrx_word' id='word_1_653' title='bbox 3635 3505 3743 3570; x_wconf 84' lang='grc' dir='ltr'><strong>τῆς</strong></span> 
     </span>
    </p>
   </div>
   <div class='ocr_carea' id='block_1_91' title="bbox 2081 3583 3743 3664">
    <p class='ocr_par' dir='ltr' id='par_1_91' title="bbox 2081 3583 3743 3664">
     <span class='ocr_line' id='line_1_91' title="bbox 2081 3583 3743 3664; baseline 0.002 -24"><span class='ocrx_word' id='word_1_654' title='bbox 2081 3587 2334 3657; x_wconf 79' lang='grc' dir='ltr'>ἱσότητος</span> <span class='ocrx_word' id='word_1_655' title='bbox 2389 3586 2479 3641; x_wconf 79' lang='grc' dir='ltr'><strong>καὶ</strong></span> <span class='ocrx_word' id='word_1_656' title='bbox 2525 3588 2857 3657; x_wconf 81' lang='grc' dir='ltr'>ταυτότητος</span> <span class='ocrx_word' id='word_1_657' title='bbox 2909 3583 3052 3662; x_wconf 75' lang='grc' dir='ltr'>λέγω</span> <span class='ocrx_word' id='word_1_658' title='bbox 3087 3603 3100 3618; x_wconf 93' lang='grc'><strong>·</strong></span> <span class='ocrx_word' id='word_1_659' title='bbox 3149 3591 3312 3642; x_wconf 79' lang='grc' dir='ltr'>τοῦτο</span> <span class='ocrx_word' id='word_1_660' title='bbox 3361 3586 3462 3664; x_wconf 79' lang='grc' dir='ltr'><strong>γᾶρ</strong></span> <span class='ocrx_word' id='word_1_661' title='bbox 3515 3587 3626 3642; x_wconf 68' lang='grc' dir='ltr'>ἔστι</span> <span class='ocrx_word' id='word_1_662' title='bbox 3675 3590 3743 3644; x_wconf 86' lang='grc' dir='ltr'>τὸ</span> 
     </span>
    </p>
   </div>
   <div class='ocr_carea' id='block_1_92' title="bbox 2083 3671 3742 3749">
    <p class='ocr_par' dir='ltr' id='par_1_92' title="bbox 2083 3671 3742 3749">
     <span class='ocr_line' id='line_1_92' title="bbox 2083 3671 3742 3749; baseline 0.002 -21"><span class='ocrx_word' id='word_1_663' title='bbox 2083 3671 2258 3728; x_wconf 71' lang='grc' dir='ltr'>αἴτιον</span> <span class='ocrx_word' id='word_1_664' title='bbox 2307 3681 2408 3745; x_wconf 76' lang='grc' dir='ltr'><strong>τῆς</strong></span> <span class='ocrx_word' id='word_1_665' title='bbox 2457 3675 2784 3749; x_wconf 79' lang='grc' dir='ltr'>συμπνοίας,</span> <span class='ocrx_word' id='word_1_666' title='bbox 2814 3676 2905 3730; x_wconf 81' lang='grc' dir='ltr'><strong>καὶ</strong></span> <span class='ocrx_word' id='word_1_667' title='bbox 2952 3682 3053 3746; x_wconf 80' lang='grc' dir='ltr'>τῆς</span> <span class='ocrx_word' id='word_1_668' title='bbox 3100 3675 3456 3749; x_wconf 79' lang='grc' dir='ltr'><strong>συμπαθείας,</strong></span> <span class='ocrx_word' id='word_1_669' title='bbox 3506 3679 3595 3731; x_wconf 81' lang='grc' dir='ltr'><strong>καὶ</strong></span> <span class='ocrx_word' id='word_1_670' title='bbox 3635 3685 3742 3747; x_wconf 70' lang='grc' dir='ltr'>τῆς</span> 
     </span>
    </p>
   </div>
   <div class='ocr_carea' id='block_1_93' title="bbox 2081 3761 3739 3842">
    <p class='ocr_par' dir='ltr' id='par_1_93' title="bbox 2081 3761 3739 3842">
     <span class='ocr_line' id='line_1_93' title="bbox 2081 3761 3739 3842; baseline 0.004 -26"><span class='ocrx_word' id='word_1_671' title='bbox 2081 3762 2355 3837; x_wconf 77' lang='grc' dir='ltr'>σωτηρίας</span> <span class='ocrx_word' id='word_1_672' title='bbox 2397 3767 2506 3818; x_wconf 73' lang='grc' dir='ltr'><strong>τῶν</strong></span> <span class='ocrx_word' id='word_1_673' title='bbox 2551 3761 2724 3820; x_wconf 73' lang='grc' dir='ltr'>ὅλων·</span> <span class='ocrx_word' id='word_1_674' title='bbox 2775 3767 2803 3820; x_wconf 88' lang='lat'><strong>6</strong></span> <span class='ocrx_word' id='word_1_675' title='bbox 2846 3766 2948 3842; x_wconf 77' lang='grc' dir='ltr'><strong>γὰρ</strong></span> <span class='ocrx_word' id='word_1_676' title='bbox 2991 3771 3091 3836; x_wconf 83' lang='grc' dir='ltr'><strong>τῆς</strong></span> <span class='ocrx_word' id='word_1_677' title='bbox 3138 3765 3393 3836; x_wconf 70' lang='grc' dir='ltr'>δνότητος</span> <span class='ocrx_word' id='word_1_678' title='bbox 3453 3763 3643 3841; x_wconf 80' lang='grc' dir='ltr'>λόγος,</span> <span class='ocrx_word' id='word_1_679' title='bbox 3707 3770 3739 3822; x_wconf 87' lang='lat'><strong>6</strong></span> 
     </span>
    </p>
   </div>
   <div class='ocr_carea' id='block_1_94' title="bbox 2080 3851 3733 3931">
    <p class='ocr_par' dir='ltr' id='par_1_94' title="bbox 2080 3851 3733 3931">
     <span class='ocr_line' id='line_1_94' title="bbox 2080 3851 3733 3931; baseline 0.002 -26"><span class='ocrx_word' id='word_1_680' title='bbox 2080 3851 2215 3906; x_wconf 81' lang='grc' dir='ltr'>κατὰ</span> <span class='ocrx_word' id='word_1_681' title='bbox 2269 3853 2339 3907; x_wconf 83' lang='grc' dir='ltr'>τὰ</span> <span class='ocrx_word' id='word_1_682' title='bbox 2393 3852 2529 3908; x_wconf 79' lang='grc' dir='ltr'>αὐτὰ</span> <span class='ocrx_word' id='word_1_683' title='bbox 2582 3853 2672 3908; x_wconf 79' lang='grc' dir='ltr'><strong>καὶ</strong></span> <span class='ocrx_word' id='word_1_684' title='bbox 2730 3853 2990 3920; x_wconf 75' lang='grc' dir='ltr'>ὡσαύτως</span> <span class='ocrx_word' id='word_1_685' title='bbox 3045 3852 3213 3931; x_wconf 80' lang='grc' dir='ltr'>ἔχων,</span> <span class='ocrx_word' id='word_1_686' title='bbox 3271 3855 3328 3910; x_wconf 79' lang='grc' dir='ltr'><strong>’ἐν</strong></span> <span class='ocrx_word' id='word_1_687' title='bbox 3386 3855 3608 3919; x_wconf 74' lang='grc' dir='ltr'>εἰκότως</span> <span class='ocrx_word' id='word_1_688' title='bbox 3671 3857 3733 3912; x_wconf 74' lang='grc' dir='ltr'><strong>ἂν</strong></span> 
     </span>
    </p>
   </div>
   <div class='ocr_carea' id='block_1_95' title="bbox 2080 3937 3733 4020">
    <p class='ocr_par' dir='ltr' id='par_1_95' title="bbox 2080 3937 3733 4020">
     <span class='ocr_line' id='line_1_95' title="bbox 2080 3937 3733 4020; baseline 0.003 -26"><span class='ocrx_word' id='word_1_689' title='bbox 2080 3940 2567 4016; x_wconf 75' lang='grc' dir='ltr'>προσαγορεύοιτο·</span> <span class='ocrx_word' id='word_1_690' title='bbox 2612 3937 2702 3997; x_wconf 71' lang='grc' dir='ltr'>καὶ</span> <span class='ocrx_word' id='word_1_691' title='bbox 2756 3945 2860 4019; x_wconf 72' lang='grc' dir='ltr'>γὰρ</span> <span class='ocrx_word' id='word_1_692' title='bbox 2912 3945 2975 3998; x_wconf 83' lang='grc' dir='ltr'>τὸ</span> <span class='ocrx_word' id='word_1_693' title='bbox 3017 3942 3070 3998; x_wconf 71' lang='grc' dir='ltr'>ἐν</span> <span class='ocrx_word' id='word_1_694' title='bbox 3123 3948 3241 4008; x_wconf 81' lang='grc' dir='ltr'>τοῖς</span> <span class='ocrx_word' id='word_1_695' title='bbox 3278 3943 3414 4000; x_wconf 70' lang='grc' dir='ltr'>κατὰ</span> <span class='ocrx_word' id='word_1_696' title='bbox 3466 3945 3627 4020; x_wconf 82' lang='grc' dir='ltr'>μέρος</span> <span class='ocrx_word' id='word_1_697' title='bbox 3675 3947 3733 4000; x_wconf 75' lang='grc' dir='ltr'>ἓν</span> 
     </span>
    </p>
   </div>
   <div class='ocr_carea' id='block_1_96' title="bbox 2079 4029 3737 4108">
    <p class='ocr_par' dir='ltr' id='par_1_96' title="bbox 2079 4029 3737 4108">
     <span class='ocr_line' id='line_1_96' title="bbox 2079 4029 3737 4108; baseline 0.003 -25"><span class='ocrx_word' id='word_1_698' title='bbox 2079 4033 2327 4084; x_wconf 78' lang='grc' dir='ltr'>τοιοῦτον</span> <span class='ocrx_word' id='word_1_699' title='bbox 2371 4029 2630 4106; x_wconf 72' lang='grc' dir='ltr'>ὑπάρχει,</span> <span class='ocrx_word' id='word_1_700' title='bbox 2678 4032 2965 4106; x_wconf 76' lang='grc' dir='ltr'>ἡνωμένον</span> <span class='ocrx_word' id='word_1_701' title='bbox 3013 4038 3133 4096; x_wconf 86' lang='grc' dir='ltr'>τοῖς</span> <span class='ocrx_word' id='word_1_702' title='bbox 3193 4033 3398 4108; x_wconf 83' lang='grc' dir='ltr'>μέρεσι,</span> <span class='ocrx_word' id='word_1_703' title='bbox 3449 4033 3539 4088; x_wconf 81' lang='grc' dir='ltr'><strong>καὶ</strong></span> <span class='ocrx_word' id='word_1_704' title='bbox 3592 4033 3737 4107; x_wconf 78' lang='grc' dir='ltr'>σύμ-</span> 
     </span>
    </p>
   </div>
   <div class='ocr_carea' id='block_1_97' title="bbox 2080 4117 3738 4196">
    <p class='ocr_par' dir='ltr' id='par_1_97' title="bbox 2080 4117 3738 4196">
     <span class='ocr_line' id='line_1_97' title="bbox 2080 4117 3738 4196; baseline 0.003 -23"><span class='ocrx_word' id='word_1_705' title='bbox 2080 4137 2247 4173; x_wconf 83' lang='grc' dir='ltr'>πνουν</span> <span class='ocrx_word' id='word_1_706' title='bbox 2304 4120 2441 4174; x_wconf 81' lang='grc' dir='ltr'><strong>κατά</strong></span> <span class='ocrx_word' id='word_1_707' title='bbox 2494 4117 2779 4192; x_wconf 80' lang='grc' dir='ltr'>μετουσίαν</span> <span class='ocrx_word' id='word_1_708' title='bbox 2851 4127 2950 4176; x_wconf 81' lang='grc' dir='ltr'><strong>τοῦ</strong></span> <span class='ocrx_word' id='word_1_709' title='bbox 3020 4124 3245 4196; x_wconf 80' lang='grc' dir='ltr'>πρώτου</span> <span class='ocrx_word' id='word_1_710' title='bbox 3302 4122 3478 4178; x_wconf 86' lang='grc' dir='ltr'>αἰτίου</span> <span class='ocrx_word' id='word_1_711' title='bbox 3513 4165 3526 4180; x_wconf 94' lang='grc'><strong>.</strong></span> <span class='ocrx_word' id='word_1_712' title='bbox 3586 4124 3738 4181; x_wconf 73' lang='grc' dir='ltr'>Κατὰ</span> 
     </span>
    </p>
   </div>
   <div class='ocr_carea' id='block_1_98' title="bbox 2079 4205 3736 4286">
    <p class='ocr_par' dir='ltr' id='par_1_98' title="bbox 2079 4205 3736 4286">
     <span class='ocr_line' id='line_1_98' title="bbox 2079 4205 3736 4286; baseline 0.003 -23"><span class='ocrx_word' id='word_1_713' title='bbox 2079 4211 2270 4264; x_wconf 79' lang='grc' dir='ltr'>τοῦτον</span> <span class='ocrx_word' id='word_1_714' title='bbox 2324 4209 2416 4263; x_wconf 87' lang='grc' dir='ltr'>τὸν</span> <span class='ocrx_word' id='word_1_715' title='bbox 2464 4205 2626 4285; x_wconf 81' lang='grc' dir='ltr'>λόγον</span> <span class='ocrx_word' id='word_1_716' title='bbox 2675 4211 2766 4265; x_wconf 77' lang='grc' dir='ltr'><strong>καὶ</strong></span> <span class='ocrx_word' id='word_1_717' title='bbox 2820 4212 2849 4265; x_wconf 90' lang='lat'><strong>6</strong></span> <span class='ocrx_word' id='word_1_718' title='bbox 2900 4211 3096 4286; x_wconf 76' lang='grc' dir='ltr'>Κύριος</span> <span class='ocrx_word' id='word_1_719' title='bbox 3153 4210 3259 4268; x_wconf 75' lang='grc' dir='ltr'><strong>ὒπὸ</strong></span> <span class='ocrx_word' id='word_1_720' title='bbox 3304 4217 3412 4268; x_wconf 85' lang='grc' dir='ltr'><strong>τῶν</strong></span> <span class='ocrx_word' id='word_1_721' title='bbox 3474 4219 3736 4286; x_wconf 73' lang='grc' dir='ltr'>μαθητῶν</span> 
     </span>
    </p>
   </div>
   <div class='ocr_carea' id='block_1_99' title="bbox 2081 4297 3736 4376">
    <p class='ocr_par' dir='ltr' id='par_1_99' title="bbox 2081 4297 3736 4376">
     <span class='ocr_line' id='line_1_99' title="bbox 2081 4297 3736 4376; baseline 0.003 -24"><span class='ocrx_word' id='word_1_722' title='bbox 2081 4297 2240 4368; x_wconf 78' lang='grc' dir='ltr'>αἰτεῖ,</span> <span class='ocrx_word' id='word_1_723' title='bbox 2289 4301 2402 4353; x_wconf 85' lang='grc' dir='ltr'>Ἵνα</span> <span class='ocrx_word' id='word_1_724' title='bbox 2445 4300 2544 4354; x_wconf 81' lang='grc' dir='ltr'>ὦσι</span> <span class='ocrx_word' id='word_1_725' title='bbox 2592 4301 2683 4355; x_wconf 81' lang='grc' dir='ltr'>καὶ</span> <span class='ocrx_word' id='word_1_726' title='bbox 2731 4300 2885 4355; x_wconf 78' lang='grc' dir='ltr'>αὑτοὶ</span> <span class='ocrx_word' id='word_1_727' title='bbox 2936 4297 3015 4370; x_wconf 74' lang='grc' dir='ltr'>ἓν,</span> <span class='ocrx_word' id='word_1_728' title='bbox 3068 4302 3144 4366; x_wconf 86' lang='grc' dir='ltr'>ὡς</span> <span class='ocrx_word' id='word_1_729' title='bbox 3189 4302 3280 4356; x_wconf 80' lang='grc' dir='ltr'><strong>καὶ</strong></span> <span class='ocrx_word' id='word_1_730' title='bbox 3332 4304 3497 4376; x_wconf 80' lang='grc' dir='ltr'>ἡμεῖς</span> <span class='ocrx_word' id='word_1_731' title='bbox 3542 4300 3598 4358; x_wconf 72' lang='grc' dir='ltr'>ἕν</span> <span class='ocrx_word' id='word_1_732' title='bbox 3648 4303 3736 4357; x_wconf 79' lang='grc' dir='ltr'>έσ-</span> 
     </span>
    </p>
   </div>
   <div class='ocr_carea' id='block_1_100' title="bbox 2085 4384 3731 4464">
    <p class='ocr_par' dir='ltr' id='par_1_100' title="bbox 2085 4384 3731 4464">
     <span class='ocr_line' id='line_1_100' title="bbox 2085 4384 3731 4464; baseline 0.002 -23"><span class='ocrx_word' id='word_1_733' title='bbox 2085 4405 2204 4460; x_wconf 88' lang='grc' dir='ltr'>μεν,</span> <span class='ocrx_word' id='word_1_734' title='bbox 2229 4384 2322 4442; x_wconf 67' lang='grc' dir='ltr'>ἵνα</span> <span class='ocrx_word' id='word_1_735' title='bbox 2369 4389 2472 4442; x_wconf 78' lang='grc' dir='ltr'>ὦσι</span> <span class='ocrx_word' id='word_1_736' title='bbox 2517 4387 2932 4462; x_wconf 80' lang='grc' dir='ltr'>τετελειωμένοι</span> <span class='ocrx_word' id='word_1_737' title='bbox 2965 4388 3044 4452; x_wconf 82' lang='grc' dir='ltr'><strong>είς</strong></span> <span class='ocrx_word' id='word_1_738' title='bbox 3090 4389 3155 4444; x_wconf 87' lang='grc' dir='ltr'>τὸ</span> <span class='ocrx_word' id='word_1_739' title='bbox 3185 4387 3263 4446; x_wconf 70' lang='grc' dir='ltr'>ἓν·</span> <span class='ocrx_word' id='word_1_740' title='bbox 3301 4393 3394 4464; x_wconf 84' lang='grc' dir='ltr'><strong>[”Ο</strong></span> <span class='ocrx_word' id='word_1_741' title='bbox 3431 4389 3604 4460; x_wconf 83' lang='grc' dir='ltr'>δηλοῖ</span> <span class='ocrx_word' id='word_1_742' title='bbox 3629 4393 3731 4462; x_wconf 74' lang='grc' dir='ltr'><strong>τήν</strong></span> 
     </span>
    </p>
   </div>
   <div class='ocr_carea' id='block_1_101' title="bbox 2081 4475 3739 4554">
    <p class='ocr_par' dir='ltr' id='par_1_101' title="bbox 2081 4475 3739 4554">
     <span class='ocr_line' id='line_1_101' title="bbox 2081 4475 3739 4554; baseline 0.002 -24"><span class='ocrx_word' id='word_1_743' title='bbox 2081 4475 2368 4551; x_wconf 81' lang='grc' dir='ltr'>ἀγιότητα,</span> <span class='ocrx_word' id='word_1_744' title='bbox 2400 4478 2428 4532; x_wconf 80' lang='grc' dir='ltr'><strong>’ὀ</strong></span> <span class='ocrx_word' id='word_1_745' title='bbox 2471 4475 2637 4549; x_wconf 83' lang='grc' dir='ltr'>δηλοῖ</span> <span class='ocrx_word' id='word_1_746' title='bbox 2674 4480 2772 4548; x_wconf 82' lang='grc' dir='ltr'><strong>τήν</strong></span> <span class='ocrx_word' id='word_1_747' title='bbox 2829 4476 3131 4554; x_wconf 89' lang='grc' dir='ltr'>βασιλείαν,</span> <span class='ocrx_word' id='word_1_748' title='bbox 3179 4479 3429 4554; x_wconf 81' lang='grc' dir='ltr'>γάννυται</span> <span class='ocrx_word' id='word_1_749' title='bbox 3482 4477 3558 4553; x_wconf 71' lang='grc' dir='ltr'>δὸ,</span> <span class='ocrx_word' id='word_1_750' title='bbox 3607 4478 3739 4549; x_wconf 77' lang='grc' dir='ltr'>ἤτοι</span> 
     </span>
    </p>
   </div>
   <div class='ocr_carea' id='block_1_102' title="bbox 2080 4563 3738 4642">
    <p class='ocr_par' dir='ltr' id='par_1_102' title="bbox 2080 4563 3738 4642">
     <span class='ocr_line' id='line_1_102' title="bbox 2080 4563 3738 4642; baseline 0.003 -23"><span class='ocrx_word' id='word_1_751' title='bbox 2080 4565 2424 4642; x_wconf 72' lang='grc' dir='ltr'>εὐφραίνεται</span> <span class='ocrx_word' id='word_1_752' title='bbox 2476 4565 2564 4622; x_wconf 69' lang='grc' dir='ltr'><strong>ἐπὶ</strong></span> <span class='ocrx_word' id='word_1_753' title='bbox 2611 4572 2731 4629; x_wconf 82' lang='grc' dir='ltr'>τοῖς</span> <span class='ocrx_word' id='word_1_754' title='bbox 2779 4564 2942 4628; x_wconf 76' lang='grc' dir='ltr'>ῒδίοις</span> <span class='ocrx_word' id='word_1_755' title='bbox 2989 4569 3292 4642; x_wconf 81' lang='grc' dir='ltr'>ποιήμασιν</span> <span class='ocrx_word' id='word_1_756' title='bbox 3345 4563 3552 4639; x_wconf 74' lang='grc' dir='ltr'>ὃΘεὸς,</span> <span class='ocrx_word' id='word_1_757' title='bbox 3599 4569 3738 4624; x_wconf 80' lang='grc' dir='ltr'>κατὰ</span> 
     </span>
    </p>
   </div>
   <div class='ocr_carea' id='block_1_103' title="bbox 1997 4645 3736 4734">
    <p class='ocr_par' dir='ltr' id='par_1_103' title="bbox 1997 4645 3736 4734">
     <span class='ocr_line' id='line_1_103' title="bbox 1997 4645 3736 4734; baseline 0.002 -24"><span class='ocrx_word' id='word_1_758' title='bbox 1997 4645 2045 4710; x_wconf 84' lang='lat' dir='ltr'><strong>D</strong></span> <span class='ocrx_word' id='word_1_759' title='bbox 2074 4655 2136 4709; x_wconf 90' lang='grc' dir='ltr'>τὸ</span> <span class='ocrx_word' id='word_1_760' title='bbox 2170 4653 2221 4709; x_wconf 83' lang='grc' dir='ltr'>ἐν</span> <span class='ocrx_word' id='word_1_761' title='bbox 2253 4654 2520 4729; x_wconf 82' lang='grc' dir='ltr'>ψαλμοῖς·</span> <span class='ocrx_word' id='word_1_762' title='bbox 2554 4657 2990 4734; x_wconf 75' lang='grc' dir='ltr'>Εὑφρανθήσεται</span> <span class='ocrx_word' id='word_1_763' title='bbox 3041 4657 3238 4732; x_wconf 74' lang='grc' dir='ltr'>Κύριος</span> <span class='ocrx_word' id='word_1_764' title='bbox 3285 4656 3370 4714; x_wconf 73' lang='grc' dir='ltr'>ἐπὶ</span> <span class='ocrx_word' id='word_1_765' title='bbox 3402 4663 3520 4721; x_wconf 70' lang='grc' dir='ltr'>τοϊς</span> <span class='ocrx_word' id='word_1_766' title='bbox 3551 4654 3736 4734; x_wconf 65' lang='grc' dir='ltr'>ἔργοις</span> 
     </span>
    </p>
   </div>
   <div class='ocr_carea' id='block_1_104' title="bbox 2080 4739 3016 4821">
    <p class='ocr_par' dir='ltr' id='par_1_104' title="bbox 2080 4739 3016 4821">
     <span class='ocr_line' id='line_1_104' title="bbox 2080 4739 3016 4821; baseline 0.003 -23"><span class='ocrx_word' id='word_1_767' title='bbox 2080 4739 2241 4799; x_wconf 73' lang='grc' dir='ltr'>αὐτοῦ</span> <span class='ocrx_word' id='word_1_768' title='bbox 2273 4745 2323 4818; x_wconf 78' lang='grc' dir='ltr'><strong>[ὃ</strong></span> <span class='ocrx_word' id='word_1_769' title='bbox 2355 4743 2524 4816; x_wconf 77' lang='grc' dir='ltr'>δηλοῖ</span> <span class='ocrx_word' id='word_1_770' title='bbox 2549 4748 2649 4814; x_wconf 79' lang='grc' dir='ltr'>τὴν</span> <span class='ocrx_word' id='word_1_771' title='bbox 2675 4744 3016 4821; x_wconf 53' lang='lat' dir='ltr'><strong>aspicientes].</strong></span> 
     </span>
    </p>
   </div>
   <div class='ocr_carea' id='block_1_105' title="bbox 2151 4834 3734 4911">
    <p class='ocr_par' dir='ltr' id='par_1_105' title="bbox 2151 4834 3734 4911">
     <span class='ocr_line' id='line_1_105' title="bbox 2151 4834 3734 4911; baseline 0.001 -20"><span class='ocrx_word' id='word_1_772' title='bbox 2151 4839 2176 4902; x_wconf 66' lang='grc' dir='ltr'><strong>ἓ</strong></span> <span class='ocrx_word' id='word_1_773' title='bbox 2208 4836 2302 4892; x_wconf 89' lang='lat' dir='ltr'><strong>IV.</strong></span> <span class='ocrx_word' id='word_1_774' title='bbox 2335 4836 2391 4887; x_wconf 78' lang='grc' dir='ltr'>Ὀ</span> <span class='ocrx_word' id='word_1_775' title='bbox 2430 4834 2726 4908; x_wconf 84' lang='grc' dir='ltr'>ἀμέοεκτος</span> <span class='ocrx_word' id='word_1_776' title='bbox 2779 4834 2975 4898; x_wconf 69' lang='grc' dir='ltr'>αἶ’τιος.</span> <span class='ocrx_word' id='word_1_777' title='bbox 3010 4835 3333 4911; x_wconf 86' lang='grc' dir='ltr'>Ἀμέθεκτος</span> <span class='ocrx_word' id='word_1_778' title='bbox 3365 4839 3392 4893; x_wconf 88' lang='lat'><strong>6</strong></span> <span class='ocrx_word' id='word_1_779' title='bbox 3438 4837 3566 4900; x_wconf 80' lang='grc' dir='ltr'>Θεὸς</span> <span class='ocrx_word' id='word_1_780' title='bbox 3596 4839 3734 4892; x_wconf 71' lang='grc' dir='ltr'>κατὰ</span> 
     </span>
    </p>
   </div>
   <div class='ocr_carea' id='block_1_106' title="bbox 2075 4922 2767 5000">
    <p class='ocr_par' dir='ltr' id='par_1_106' title="bbox 2075 4922 2767 5000">
     <span class='ocr_line' id='line_1_106' title="bbox 2075 4922 2767 5000; baseline 0.004 -23"><span class='ocrx_word' id='word_1_781' title='bbox 2075 4923 2167 4978; x_wconf 82' lang='grc' dir='ltr'>τὸν</span> <span class='ocrx_word' id='word_1_782' title='bbox 2198 4929 2300 4992; x_wconf 83' lang='grc' dir='ltr'><strong>τῆς</strong></span> <span class='ocrx_word' id='word_1_783' title='bbox 2331 4922 2544 4998; x_wconf 79' lang='grc' dir='ltr'>φύσεως</span> <span class='ocrx_word' id='word_1_784' title='bbox 2575 4923 2767 5000; x_wconf 84' lang='grc' dir='ltr'>λόγον.</span> 
     </span>
    </p>
   </div>
   <div class='ocr_carea' id='block_1_107' title="bbox 2149 5009 3734 5091">
    <p class='ocr_par' dir='ltr' id='par_1_107' title="bbox 2149 5009 3734 5091">
     <span class='ocr_line' id='line_1_107' title="bbox 2149 5009 3734 5091; baseline 0 -22"><span class='ocrx_word' id='word_1_785' title='bbox 2149 5013 2340 5087; x_wconf 71' lang='grc' dir='ltr'>’Ἀγιος</span> <span class='ocrx_word' id='word_1_786' title='bbox 2397 5009 2564 5089; x_wconf 72' lang='grc' dir='ltr'>ἁγίων</span> <span class='ocrx_word' id='word_1_787' title='bbox 2616 5013 2886 5086; x_wconf 76' lang='grc' dir='ltr'>ὑμνεῖται.</span> <span class='ocrx_word' id='word_1_788' title='bbox 2945 5016 3073 5078; x_wconf 82' lang='grc' dir='ltr'><strong>Πῶς</strong></span> <span class='ocrx_word' id='word_1_789' title='bbox 3121 5017 3310 5090; x_wconf 81' lang='grc' dir='ltr'>Ἀγιος</span> <span class='ocrx_word' id='word_1_790' title='bbox 3367 5013 3534 5091; x_wconf 81' lang='grc' dir='ltr'>ἁγίων</span> <span class='ocrx_word' id='word_1_791' title='bbox 3571 5059 3587 5089; x_wconf 81' lang='grc'><strong>,</strong></span> <span class='ocrx_word' id='word_1_792' title='bbox 3644 5014 3734 5070; x_wconf 83' lang='grc' dir='ltr'><strong>καὶ</strong></span> 
     </span>
    </p>
   </div>
   <div class='ocr_carea' id='block_1_108' title="bbox 2077 5099 3734 5181">
    <p class='ocr_par' dir='ltr' id='par_1_108' title="bbox 2077 5099 3734 5181">
     <span class='ocr_line' id='line_1_108' title="bbox 2077 5099 3734 5181; baseline 0.002 -25"><span class='ocrx_word' id='word_1_793' title='bbox 2077 5099 2144 5156; x_wconf 74' lang='grc' dir='ltr'><strong>τὰ</strong></span> <span class='ocrx_word' id='word_1_794' title='bbox 2198 5105 2424 5156; x_wconf 77' lang='grc' dir='ltr'>τοιαῦτα</span> <span class='ocrx_word' id='word_1_795' title='bbox 2482 5101 2730 5175; x_wconf 81' lang='grc' dir='ltr'>ὐμνεῖται</span> <span class='ocrx_word' id='word_1_796' title='bbox 2772 5104 2800 5157; x_wconf 89' lang='lat'><strong>6</strong></span> <span class='ocrx_word' id='word_1_797' title='bbox 2848 5105 3004 5175; x_wconf 86' lang='grc' dir='ltr'>Θεὸς,</span> <span class='ocrx_word' id='word_1_798' title='bbox 3065 5107 3383 5178; x_wconf 79' lang='grc' dir='ltr'>θαυμασίως</span> <span class='ocrx_word' id='word_1_799' title='bbox 3443 5103 3734 5181; x_wconf 80' lang='grc' dir='ltr'>έτράνωσε,</span> 
     </span>
    </p>
   </div>
   <div class='ocr_carea' id='block_1_109' title="bbox 2078 5186 3737 5272">
    <p class='ocr_par' dir='ltr' id='par_1_109' title="bbox 2078 5186 3737 5272">
     <span class='ocr_line' id='line_1_109' title="bbox 2078 5186 3737 5272; baseline 0.002 -29"><span class='ocrx_word' id='word_1_800' title='bbox 2078 5189 2166 5244; x_wconf 85' lang='grc' dir='ltr'><strong>καί</strong></span> <span class='ocrx_word' id='word_1_801' title='bbox 2226 5207 2381 5267; x_wconf 76' lang='grc' dir='ltr'>φησι,</span> <span class='ocrx_word' id='word_1_802' title='bbox 2433 5192 2552 5255; x_wconf 82' lang='grc' dir='ltr'>καθ’</span> <span class='ocrx_word' id='word_1_803' title='bbox 2601 5186 2724 5246; x_wconf 67' lang='grc' dir='ltr'>ὅσον</span> <span class='ocrx_word' id='word_1_804' title='bbox 2777 5188 3017 5272; x_wconf 73' lang='grc' dir='ltr'>διαφέρει</span> <span class='ocrx_word' id='word_1_805' title='bbox 3075 5190 3236 5272; x_wconf 75' lang='grc' dir='ltr'>φύσις</span> <span class='ocrx_word' id='word_1_806' title='bbox 3291 5191 3595 5272; x_wconf 76' lang='grc' dir='ltr'>ἀκραιφνὴς</span> <span class='ocrx_word' id='word_1_807' title='bbox 3645 5194 3737 5249; x_wconf 82' lang='grc' dir='ltr'><strong>καὶ</strong></span> 
     </span>
    </p>
   </div>
   <div class='ocr_carea' id='block_1_110' title="bbox 2081 5279 3740 5360">
    <p class='ocr_par' dir='ltr' id='par_1_110' title="bbox 2081 5279 3740 5360">
     <span class='ocr_line' id='line_1_110' title="bbox 2081 5279 3740 5360; baseline 0.002 -28"><span class='ocrx_word' id='word_1_808' title='bbox 2081 5279 2226 5334; x_wconf 80' lang='grc' dir='ltr'>αἱτία</span> <span class='ocrx_word' id='word_1_809' title='bbox 2280 5279 2579 5350; x_wconf 82' lang='grc' dir='ltr'>ποιότητος</span> <span class='ocrx_word' id='word_1_810' title='bbox 2623 5281 2712 5336; x_wconf 84' lang='grc' dir='ltr'><strong>καὶ</strong></span> <span class='ocrx_word' id='word_1_811' title='bbox 2756 5282 3020 5338; x_wconf 74' lang='grc' dir='ltr'>αἰτιατοῦ·</span> <span class='ocrx_word' id='word_1_812' title='bbox 3071 5287 3234 5339; x_wconf 81' lang='grc' dir='ltr'>τοῦτο</span> <span class='ocrx_word' id='word_1_813' title='bbox 3285 5285 3390 5360; x_wconf 86' lang='grc' dir='ltr'><strong>γάρ</strong></span> <span class='ocrx_word' id='word_1_814' title='bbox 3435 5283 3547 5339; x_wconf 78' lang='grc' dir='ltr'>ἐστι</span> <span class='ocrx_word' id='word_1_815' title='bbox 3586 5284 3648 5339; x_wconf 79' lang='grc' dir='ltr'>τὸ</span> <span class='ocrx_word' id='word_1_816' title='bbox 3681 5285 3740 5337; x_wconf 82' lang='grc' dir='ltr'>ὃν</span> 
     </span>
    </p>
   </div>
   <div class='ocr_carea' id='block_1_111' title="bbox 2077 5365 3739 5444">
    <p class='ocr_par' dir='ltr' id='par_1_111' title="bbox 2077 5365 3739 5444">
     <span class='ocr_line' id='line_1_111' title="bbox 2077 5365 3739 5444; baseline 0.002 -22"><span class='ocrx_word' id='word_1_817' title='bbox 2077 5369 2215 5444; x_wconf 90' lang='grc' dir='ltr'>πρὸς</span> <span class='ocrx_word' id='word_1_818' title='bbox 2262 5369 2326 5422; x_wconf 91' lang='grc' dir='ltr'>τὸ</span> <span class='ocrx_word' id='word_1_819' title='bbox 2381 5370 2458 5442; x_wconf 83' lang='grc' dir='ltr'><strong>μή</strong></span> <span class='ocrx_word' id='word_1_820' title='bbox 2489 5369 2690 5444; x_wconf 87' lang='grc' dir='ltr'>κυρίως</span> <span class='ocrx_word' id='word_1_821' title='bbox 2743 5368 2826 5442; x_wconf 79' lang='grc' dir='ltr'>ὃν,</span> <span class='ocrx_word' id='word_1_822' title='bbox 2854 5371 2945 5426; x_wconf 81' lang='grc' dir='ltr'><strong>καὶ</strong></span> <span class='ocrx_word' id='word_1_823' title='bbox 2993 5365 3110 5426; x_wconf 76' lang='grc' dir='ltr'>καθ’</span> <span class='ocrx_word' id='word_1_824' title='bbox 3163 5373 3289 5427; x_wconf 83' lang='grc' dir='ltr'>ὅσον</span> <span class='ocrx_word' id='word_1_825' title='bbox 3328 5371 3526 5427; x_wconf 78' lang='grc' dir='ltr'>τούτου</span> <span class='ocrx_word' id='word_1_826' title='bbox 3579 5373 3739 5444; x_wconf 81' lang='grc' dir='ltr'><strong>μετὲ-</strong></span> 
     </span>
    </p>
   </div>
   <div class='ocr_carea' id='block_1_112' title="bbox 2081 5455 3738 5535">
    <p class='ocr_par' dir='ltr' id='par_1_112' title="bbox 2081 5455 3738 5535">
     <span class='ocr_line' id='line_1_112' title="bbox 2081 5455 3738 5535; baseline 0.003 -26"><span class='ocrx_word' id='word_1_827' title='bbox 2081 5476 2281 5532; x_wconf 80' lang='grc' dir='ltr'>χοντος</span> <span class='ocrx_word' id='word_1_828' title='bbox 2339 5456 2466 5512; x_wconf 84' lang='grc' dir='ltr'>αὐτὸ</span> <span class='ocrx_word' id='word_1_829' title='bbox 2509 5459 2570 5513; x_wconf 88' lang='grc' dir='ltr'>τὸ</span> <span class='ocrx_word' id='word_1_830' title='bbox 2633 5455 3024 5535; x_wconf 84' lang='grc' dir='ltr'>μετεχὸμενον,</span> <span class='ocrx_word' id='word_1_831' title='bbox 3074 5462 3212 5516; x_wconf 86' lang='grc' dir='ltr'>κατὰ</span> <span class='ocrx_word' id='word_1_832' title='bbox 3264 5465 3526 5516; x_wconf 77' lang='grc' dir='ltr'>τοσοῦτον</span> <span class='ocrx_word' id='word_1_833' title='bbox 3579 5458 3738 5515; x_wconf 85' lang='grc' dir='ltr'>διαλ-</span> 
     </span>
    </p>
   </div>
   <div class='ocr_carea' id='block_1_113' title="bbox 2081 5545 3734 5626">
    <p class='ocr_par' dir='ltr' id='par_1_113' title="bbox 2081 5545 3734 5626">
     <span class='ocr_line' id='line_1_113' title="bbox 2081 5545 3734 5626; baseline 0.001 -24"><span class='ocrx_word' id='word_1_834' title='bbox 2081 5545 2266 5602; x_wconf 81' lang='grc' dir='ltr'>λάττει</span> <span class='ocrx_word' id='word_1_835' title='bbox 2330 5548 2358 5601; x_wconf 89' lang='grc' dir='ltr'>ὁ</span> <span class='ocrx_word' id='word_1_836' title='bbox 2418 5549 2545 5611; x_wconf 87' lang='grc' dir='ltr'>Θεὸς</span> <span class='ocrx_word' id='word_1_837' title='bbox 2598 5553 2767 5604; x_wconf 76' lang='grc' dir='ltr'>ταῦτα</span> <span class='ocrx_word' id='word_1_838' title='bbox 2818 5548 3114 5626; x_wconf 86' lang='grc' dir='ltr'>λεγόμενος</span> <span class='ocrx_word' id='word_1_839' title='bbox 3168 5555 3276 5606; x_wconf 82' lang='grc' dir='ltr'><strong>τῶν</strong></span> <span class='ocrx_word' id='word_1_840' title='bbox 3329 5552 3464 5606; x_wconf 87' lang='grc' dir='ltr'><strong>κατά</strong></span> <span class='ocrx_word' id='word_1_841' title='bbox 3524 5551 3734 5624; x_wconf 78' lang='grc' dir='ltr'>μέθεξιν</span> 
     </span>
    </p>
   </div>
  </div>
