4108 6408
389 435 512 490 405

1169 441 1229 493 S.
1269 439 1538 493 MAXIMI
1578 439 1885 494 SCHOLIA
1925 440 1998 493 IN
2037 440 2172 492 LIB.
2213 440 2309 492 DE
2347 439 2618 494 DIVINIS
2657 439 3072 496 NOMINIBUS.

3730 448 3836 503 406

384 563 596 614 τοῦτο.
624 554 941 635 ἐσχηκότων
972 575 986 591 ·
1036 558 1105 613 τὰ
1150 557 1256 634 γὰρ
1300 560 1476 613 πάντα
1525 558 1584 614 ἐκ
1632 563 1765 616 Θεοῦ
1813 558 1946 627 ἐστι,
1973 559 2050 612 καῖ

2177 560 2276 632 qui
2336 559 2437 616 illa
2496 561 2947 633 participatione
3005 563 3504 634 habent;omnia
3546 569 3706 625 enim
3764 587 3832 628 ex

396 644 649 722 λέγεται,
683 648 771 703 καὶ
803 643 918 724 ἔχει
953 668 965 681 ·
996 649 1024 703 ὸ
1057 649 1185 710 Θεὸς
1237 646 1286 718 ἐξ
1336 645 1572 710 οὐδενός.
1605 649 1725 722 [Διὰ
1772 648 1825 703 τί
1873 651 2061 724 ’Ἄγιος

2173 649 2289 706 Deo
2321 653 2462 706 sunt
2491 656 2548 706 et
2579 651 2856 706 dicuntur
2881 657 2938 708 et
2968 651 3184 709 habent
3217 673 3230 722 ;
3286 656 3441 712 Deus
3501 663 3699 715 autem
3759 679 3830 718 ex

390 737 599 812 ἁγίων,
645 738 734 792 καὶ
786 736 1040 812 βασιλεὺς
1087 735 1509 812 βασιλευόντων,
1561 739 1649 792 καὶ
1700 737 1898 813 Κύριος
1953 742 2050 791 τῶη

2172 738 2355 794 nullo.
2389 739 2602 810 [Quare
2633 741 2882 796 Sanctus
2907 749 3272 810 sanctorum,
3308 744 3426 800 Rex
3457 763 3683 819 regum,
3709 749 3823 806 Do-

389 827 630 899 κυρίων,
661 827 752 881 καὶ
785 828 916 888 Θεὸς
949 828 1084 882 θεῶν
1118 824 1382 902 λέγεται.]

469 915 690 992 Ἀγίους
735 915 792 972 δὲ
834 917 924 971 καὶ
969 913 1239 992 βασιλεῖς.
1291 915 1448 980 Θείας
1511 917 1751 980 ἐπινοίας
1801 919 1829 971 ὸ
1885 918 2059 989 μακα-

393 1025 518 1080 ριος
570 1007 730 1068 οὗτος
777 1006 1108 1078 ἠξιωμένος,
1148 1000 1383 1068 εὐσεϐῶς
1433 1007 1500 1060 τὰ
1557 1008 1702 1081 παρά
1765 1027 1905 1060 τισιν
1982 1005 2057 1068 εἷς

390 1094 700 1159 πολυθεΐαν
753 1094 1048 1149 ἐκπεσόντα
1100 1092 1373 1170 φιλοθὲως
1429 1099 1794 1170 μυσταγωγεῖ,
1826 1094 1916 1150 καὶ
1963 1096 2059 1156 τὰς

388 1185 756 1261 ἐφεστηκυίας
806 1188 916 1238 τῶν
965 1178 1393 1253 ὑποϐεϐηκότων
1441 1184 1618 1259 ἀρχὰς
1676 1186 1814 1239 κατὰ
1860 1184 2056 1259 ἐξοχὴν

387 1275 611 1347 ἁγίους,
643 1273 733 1327 καὶ
797 1272 1063 1348 βασιλεῖς,
1097 1272 1190 1326 καὶ
1241 1271 1486 1348 κυρίους,
1535 1273 1624 1327 καὶ
1685 1272 1839 1336 θεοὺς
1891 1271 2054 1344 λὲγε-

390 1362 521 1416 σθαί
573 1381 759 1439 φησιν,
789 1363 973 1437 ὥσπερ
1017 1361 1109 1416 καὶ
1158 1360 1210 1416 ἐν
1259 1362 1568 1434 ἀνθρώποις
1623 1363 1674 1417 οἱ
1721 1361 2054 1436 ἐξοχώτατοι

388 1451 545 1506 οὕτω
596 1451 1118 1528 προσαγορεύονται,
1178 1450 1268 1505 καὶ
1338 1450 1521 1526 ὥσπερ
1590 1450 1640 1504 ἐν
1704 1453 1841 1524 ἡμῖν
1899 1453 1951 1504 oi
2001 1451 2051 1504 ἐν

384 1540 560 1615 ἀρετῇ
597 1539 938 1616 προῦχοντες
969 1537 1289 1595 διδάσκαλοι
1317 1541 1418 1608 τὴν
1449 1541 1646 1615 ἀρετὴν
1677 1539 1729 1595 ἐν
1785 1545 1854 1615 τῇ
1898 1543 2052 1616 ψυχῇ

387 1631 614 1684 ἒνιαίως
674 1628 1140 1706 συνηθροισμένην
1210 1628 1424 1703 ἔχουσι.
1481 1631 1581 1684 Διά
1628 1627 1686 1685 δὲ
1739 1636 1843 1699 τῆς
1903 1627 2052 1685 διδα-

381 1718 621 1781 σκαλίας
680 1720 886 1794 ἑτέροις
944 1718 1039 1781 τὰς
1100 1719 1291 1794 ἀρετὰς
1326 1717 1704 1793 μεταδιδόντες
1761 1719 1901 1794 πρὸς
1941 1720 2049 1788 τὴν

382 1804 658 1886 διαφορὰν
689 1812 787 1864 τοῦ
819 1806 1070 1879 πλήθους
1096 1811 1201 1862 τῶν
1257 1804 1667 1882 διδασκομένων
1715 1808 2049 1880 πληθύνεται

384 1898 482 1952 καὶ
563 1902 598 1968 ἡ
680 1895 1082 1972 μεταδιδομένη
1161 1899 1288 1972 παρ’
1339 1899 1516 1953 αὐτῶν
1605 1900 1814 1973 ἀρετή·
1876 1898 2050 1961 οὕτως

387 1987 703 2064 ἰσχνοτὲρῳ
761 1988 867 2042 τινὶ
927 1989 1017 2042 καὶ
1075 1987 1331 2062 θειοτέρῳ
1378 1987 1567 2064 τρόπῳ
1607 1987 1718 2043 ἐστὶ
1759 1993 1866 2042 τῶν
1915 1987 2054 2042 ἀσω-

396 2076 592 2148 μάτων
627 2078 828 2148 τάξεων
862 2077 1136 2153 θεωρητόν
1172 2081 1241 2113 ίτ·
1274 2079 1362 2132 καὶ
1398 2075 1486 2132 διὰ
1512 2082 1619 2132 τῶν
1648 2077 1929 2149 ἀνωτὲρων
1963 2077 2053 2131 καὶ

392 2165 812 2242 πλησιαιτέρων
885 2171 1002 2237 Θεῷ
1057 2167 1110 2220 αἱ
1172 2161 1568 2237 ὑποϐεϐηκυῖαι
1645 2168 1821 2239 τάξεις
1901 2167 2052 2238 μετὲ-

387 2275 560 2331 χουσι
612 2261 719 2310 τῶν
781 2252 1002 2332 δωρεῶν
1061 2259 1159 2309 τοῦ
1217 2260 1374 2322 Θεοῦ,
1427 2255 1608 2332 ὥσπερ
1665 2254 1726 2310 ἐκ
1780 2261 2051 2331 κρατῆρος

391 2341 838 2420 ὑπερϐλύζοντος
883 2344 974 2398 καὶ
1025 2343 1388 2418 πηγάζοντος,
1418 2343 1486 2398 τὰ
1537 2345 1631 2417 μὶν
1677 2343 2054 2414 πλησιάζοντα

387 2433 562 2503 σκεύη
615 2437 804 2509 πρῶτα
860 2435 1226 2506 πληροῦνται,
1260 2431 1534 2509 δεχόμενα
1575 2435 1638 2488 τὸ
1689 2431 1775 2488 ἐπὶ
1807 2433 1874 2488 τὰ
1919 2431 2053 2488 αὐτὰ

387 2523 696 2599 φερόμενον
735 2543 746 2554 ·
802 2523 934 2594 εἶτα,
996 2522 1086 2576 καὶ
1144 2524 1322 2578 αὐτῶν
1405 2518 1879 2596 ὑπερϐλυζόντων,
1941 2519 2054 2577 δια-

382 2618 576 2687 χεῖται
636 2613 712 2674 εἷς
770 2609 934 2688 ἕτερα
993 2610 1326 2684 ὑποκείμενα
1383 2611 1589 2682 σκεύη,-
1631 2610 1721 2666 καὶ
1785 2612 1924 2686 πρὸς
1989 2612 2051 2666 τὸ

383 2703 610 2772 πλῆθος
667 2705 773 2756 τῶν
830 2698 1173 2776 δεχομένων,
1223 2701 1314 2755 καὶ
1358 2702 1458 2770 τὴν
1511 2698 1770 2777 διαφορὰν
1805 2699 1911 2754 εἷίεε
1961 2718 2050 2772 μι-

388 2799 543 2869 κρῶν
604 2789 711 2846 εἷ’τε
765 2790 1046 2866 μεγάλων,
1099 2793 1214 2846 οἷον
1268 2789 1697 2867 διαρῥαντίζεται
1743 2790 1805 2844 τὸ
1851 2789 1910 2844 ἐκ
1955 2794 2052 2844 τοῦ

387 2889 672 2958 κρατῆρος
741 2875 1045 2951 ἀναϐλῦζον
1109 2884 1217 2936 τῶν
1280 2882 1514 2956 πρώτων
1581 2883 1786 2934 σκευῶν
1836 2879 1887 2934 ἐν
1937 2881 2053 2934 ἑαυ-

388 2978 516 3034 τοῖς
565 2970 806 3046 ὲχόντων
858 2972 996 3026 κατὰ
1047 2972 1148 3040 την
1183 2969 1409 3041 ἑνότητα
1435 2973 1534 3024 τοῦ
1559 2969 1940 3044 πληρώματος
1989 2970 2051 3023 τὸ

386 3061 634 3134 πρώτως
677 3058 738 3114 ἐκ
784 3063 880 3115 τοῦ
931 3067 1206 3134 κρατῆρος
1260 3058 1477 3134 ἐνεχθὲν
1513 3078 1526 3092 ·
1563 3059 1706 3113 οὕτω
1754 3057 2052 3132 παχυτὲρῳ

394 3151 556 3226 λόγῳ
586 3151 685 3218 τὴν
717 3149 976 3228 ἀφθονίαν
1021 3156 1125 3220 τῆς
1179 3147 1519 3222 μεταδόσεως
1569 3152 1680 3203 τῶν
1739 3147 1894 3202 θείων
1945 3144 2052 3201 δω-

2173 828 2372 884 minus
2405 827 2866 900 dominantium,
2896 834 2952 885 et
2984 831 3135 886 Deus
3163 831 3410 888 deorum
3440 834 3699 908 dicitur.]

2240 920 2471 977 Sancto:
2500 936 2625 976 vero
2654 926 2708 976 et
2739 936 2908 992 reges.
2941 921 3154 978 Beatus
3204 921 3300 978 hic
3350 922 3544 980 divina
3585 926 3831 1000 inspira-

2171 1010 2328 1066 tione
2356 1009 2574 1082 dignus
2608 1009 2866 1080 habitus,
2897 1025 2966 1066 ea
3021 1027 3149 1081 quae
3207 1013 3366 1084 apud
3428 1015 3718 1085 quosdam
3765 1018 3826 1072 in

2168 1098 2413 1153 deorum
2441 1095 2824 1152 multitudine
2855 1095 3097 1168 delapsa
3128 1103 3315 1169 erant,
3350 1100 3628 1171 religiose
3657 1106 3715 1157 et
3736 1105 3828 1175 pie

2168 1185 2358 1254 docet,
2387 1189 2445 1240 et
2487 1185 2854 1256 principatus
2914 1184 3293 1242 inferioribus
3350 1189 3676 1261 praefectos,
3727 1207 3830 1264 per

2167 1273 2575 1330 excellentiam
2604 1277 2862 1342 sanctos,
2894 1277 2952 1329 et
2982 1289 3170 1347 reges,
3229 1275 3523 1347 dominos,
3583 1282 3642 1334 et
3687 1279 3826 1336 deos

2166 1362 2281 1418 diei
2311 1363 2593 1430 afﬁrmat,
2626 1363 2781 1418 sicut
2813 1362 2968 1418 inter
2999 1380 3106 1419 nos
3136 1365 3404 1436 magistri
3436 1365 3651 1422 virtute
3685 1385 3828 1440 prm-

2166 1455 2414 1520 stantes,
2447 1451 2724 1506 virtutem
2758 1452 2818 1506 in
2842 1452 3042 1507 anima
3071 1451 3233 1508 unite
3255 1452 3560 1509 collectam
3583 1455 3824 1512 habent.

2163 1540 2435 1597 Docendo
2466 1545 2665 1596 autem
2699 1541 2945 1596 virtutes
2989 1540 3121 1596 aliis
3170 1541 3698 1612 communicantes,
3733 1562 3823 1600 se-

2163 1629 2426 1686 cundum
2457 1629 2863 1684 diversitatem
2895 1628 3295 1685 multitudinis
3343 1646 3547 1686 eorum
3580 1631 3680 1703 qui
3715 1633 3823 1687 do-

2163 1723 2372 1776 centur
2399 1718 2579 1774 etiam
2619 1718 2807 1774 virtus
2856 1718 2928 1774 ab
2987 1717 3134 1790 ipsis
3192 1719 3632 1775 communicata
3663 1720 3820 1777 224

2161 1808 2629 1880 multiplicatur:
2663 1808 2749 1865 sic
2780 1807 3004 1864 fortiori
3037 1808 3293 1880 quadam
3333 1813 3392 1864 et
3421 1809 3693 1865 diviniori
3726 1827 3817 1865 ra-

2158 1899 2319 1956 tione
2346 1900 2406 1955 in
2437 1899 2796 1971 incorporeis
2825 1898 3132 1955 ordinibus
3162 1897 3682 1972 contemplandum
3713 1916 3728 1967 ;
3760 1905 3820 1956 et

2161 1987 2468 2044 inferiores
2497 1988 2734 2044 ordines
2765 2004 2868 2059 per
2885 1987 3218 2059 superiores
3247 1992 3305 2044 et
3333 1988 3448 2044 Deo
3478 1987 3812 2057 viciniores,

2163 2077 2265 2134 Dei
2297 2079 2451 2133 dona
2479 2077 2852 2149 participant,
2887 2077 3041 2132 sicut
3069 2094 3138 2133 ex
3195 2082 3416 2134 cratere
3459 2079 3813 2134 exuberante

2162 2171 2223 2224 et
2249 2166 2626 2234 scaturiente,
2661 2166 2853 2222 vicina
2882 2167 3122 2238 quidem
3151 2183 3311 2235 vasa,
3362 2167 3555 2240 prima
3595 2167 3818 2238 replen-

2161 2261 2282 2329 tur,
2314 2257 2662 2330 excipientis
2701 2257 2858 2328 quod
2889 2256 2948 2311 in
2993 2257 3124 2328 ipsa
3164 2257 3419 2326 decidit;
3466 2263 3670 2330 postea
3699 2257 3820 2313 illis

2161 2347 2339 2403 etiam
2371 2345 2832 2403 exuberantibus
2861 2345 3080 2401 diffluit
3111 2346 3170 2402 in
3201 2346 3318 2403 alia
3356 2347 3624 2417 subjecta
3653 2363 3817 2418 vasa,

2160 2440 2220 2492 et
2246 2437 2574 2491 secundum
2607 2434 3051 2491 multitudinem
3081 2436 3506 2508 recipientium,
3538 2439 3597 2493 et
3626 2435 3816 2492 diver-

2163 2525 2400 2580 sitatem
2435 2524 2556 2579 sive
2588 2540 2902 2597 parvorum
2933 2523 3054 2580 sive
3071 2541 3458 2597 magnorum;
3493 2524 3719 2581 scilicet
3735 2542 3822 2581 as-

2161 2614 2430 2686 pergitur
2461 2614 2618 2684 quod
2654 2629 2724 2669 ex
2754 2617 2978 2670 cratere
3019 2615 3378 2671 exuberabat
3426 2614 3636 2687 primis
3665 2614 3824 2670 vasis

2162 2704 2221 2757 in
2253 2718 2317 2757 se
2344 2700 2788 2758 continentibus
2818 2719 2922 2774 per
2953 2701 3238 2759 unitatem
3254 2702 3643 2774 plenitudinis
3662 2704 3817 2774 quod

2161 2791 2353 2862 primo
2394 2808 2463 2846 ex
2495 2795 2718 2846 cratere
2774 2791 3073 2847 delatum:
3133 2791 3216 2846 ita
3266 2790 3492 2847 rudiori
3548 2805 3819 2847 sermone

2161 2879 2586 2937 abundantiam
2627 2879 3182 2936 communicationis
3249 2880 3583 2936 divinorum
3640 2879 3822 2936 dono-

2164 2985 2295 3023 rum
2323 2969 2574 3024 divisam
2607 2968 2667 3023 in
2700 2983 2904 3024 omnes
2936 2968 3158 3038 primos
3213 2967 3449 3024 ordines
3481 2965 3820 3038 intelligen-

2163 3057 2326 3114 dum.
2357 3058 2427 3112 Et
2458 3056 2772 3129 Apostolus
2794 3073 2896 3112 vas
2915 3055 3219 3113 electionis
3250 3057 3594 3112 nominatus
3625 3055 3817 3128 est(d).

2164 3148 2334 3216 Nota,
2367 3162 2502 3201 eum
2536 3161 2695 3202 nunc
2741 3142 2934 3201 dicere
2965 3145 3152 3201 Deum
3205 3160 3321 3200 non
3351 3161 3523 3218 posse
3551 3161 3820 3201 commu-

391 3219 538 3315 ρεῶν
575 3219 941 3313 μεριζαμὲνην
975 3235 1052 3298 εἷς
1083 3219 1321 3300 ἅπαντας
1354 3234 1444 3291 διὰ
1498 3241 1604 3291 τῶν
1655 3237 1887 3310 πρώτων
1939 3232 2050 3288 δια-

2167 3234 2354 3291 nieari
2385 3236 2712 3292 secundum
2744 3239 2969 3291 naturae
3009 3235 3316 3291 rationem.

387 3329 621 3400 κόσμων
653 3327 903 3397 νοητέον.
935 3326 1034 3381 Καὶ
1066 3328 1094 3382 ὁ
1128 3323 1462 3389 ’Δπόστολος
1491 3330 1678 3388 σκεῦος
1711 3326 1815 3400 γὰρ
1847 3323 2080 3398 ἐκλογῆς
2113 3321 2431 3396 ὠνομάσθη.
2470 3322 2792 3396 Σημείωσαι
2823 3319 2880 3378 δὲ
2927 3321 3009 3378 ὅτι
3060 3323 3352 3396 ἀμέθεκτον
3401 3319 3491 3376 νῦν
3547 3323 3640 3377 τὸν
3687 3319 3815 3376 Θεὸν

394 3417 532 3472 κατὰ
561 3416 654 3472 τὸν
685 3423 784 3486 τῆς
816 3413 1027 3494 φύσεως
1059 3415 1222 3492 λόγον
1253 3414 1404 3486 φησί.

459 3507 733 3583 Διαφορας
761 3505 1095 3578 πληθύουσι.
1125 3506 1385 3561 Τουτὲστι
1416 3503 1646 3566 πλείους
1690 3501 2045 3559 δεικνύουσιν·

382 3594 516 3650 ὅσον
593 3597 694 3672 γὰρ
767 3592 1002 3673 διάφορα
1047 3595 1115 3649 τὰ
1166 3593 1488 3669 μετέχοντα,
1520 3596 1796 3649 -τοσοῦτον
1856 3591 1944 3647 καὶ
1995 3591 2048 3645 αἱ

382 3682 591 3761 δωρεαὶ
619 3681 934 3745 πολυειδεῖς
965 3681 1358 3761 διαφαίνονται.

883 3803 995 3855 ΕΙΣ
1031 3805 1113 3854 ΤΟ
1156 3801 1416 3856 ΚΕΦΑΛ.
1461 3803 1556 3854 II".

461 3911 568 3984 ξι,
599 3910 712 3985 Ὑφ’
760 3909 953 3963 ἑαυτοῦ
1006 3903 1304 3980 μονοειδῶς
1362 3905 1777 3984 ἂφοριζόμενον.
1809 3905 1865 3957 Ὀ
1919 3903 2048 3965 Θεὸς

381 4002 586 4055 ἑαυτοῦ
640 3997 729 4052 καὶ
790 3996 917 4071 ὅρος
973 3998 1060 4052 καὶ
1109 3994 1301 4064 τόπος,
1333 3995 1421 4050 καὶ
1476 3991 1630 4049 οὐδὲν
1684 3993 2046 4069 ὑπερεκτεῖνε-

377 4110 474 4144 ται
536 4090 634 4141 τοῦ
702 4090 871 4140 Θεοῦ·
906 4083 1053 4140 ἀλλά
1105 4083 1196 4139 καὶ
1245 4086 1308 4139 τὰ
1358 4084 1556 4159 ἄπειρα
1586 4083 1746 4145 αὐτὸς
1774 4087 2002 4158 περατοῖ
2033 4099 2047 4113 ·

376 4176 516 4237 τοὺς
571 4177 675 4250 γὰρ
734 4173 935 4234 αἰῶνας
993 4172 1252 4249 ἀπείρους
1306 4168 1464 4236 ὄντας
1513 4170 1660 4245 (οὐδὲ
1707 4171 1805 4248 γὰρ
1854 4165 2048 4246 ἔχουσι

378 4265 584 4340 πέρας)
645 4264 833 4333 αὐτὸς,
882 4267 962 4334 τῷ
1039 4262 1246 4336 ἀπείρῳ
1329 4262 1543 4336 μεγέθει
1634 4262 1916 4335 ὑπερέχων
1971 4265 2049 4332 τῷ

376 4357 582 4410 ἑαυτοῦ
659 4350 1075 4428 ἆπειροπλασίῳ
1138 4351 1431 4426 περιέχει·
1489 4351 1580 4404 καὶ
1650 4356 1821 4404 πᾶσαν
1894 4349 2047 4424 ἀορι-

377 4443 538 4498 στέαν
603 4445 773 4511 ζωῆς,
807 4441 881 4505 ὡς
933 4439 1020 4494 ἰπὶ
1081 4443 1188 4494 τῶν
1248 4441 1460 4509 νοητῶν
1497 4458 1510 4472 ·
1546 4438 1608 4492 οὐ
1657 4441 1760 4514 γὰρ
1822 4437 2048 4515 ὥρισται

372 4532 604 4594 τούτοις
639 4533 666 4585 ὁ
701 4530 838 4608 βίος,
872 4529 946 4592 ὡς
979 4527 1065 4584 ἐπὶ
1102 4526 1426 4602 ἀνθρώπων,
1463 4525 1590 4583 ἀλλ’
1622 4526 1876 4591 ἀθάνατοι
1910 4525 2051 4582 ἐκτί-

375 4634 613 4692 σθησαν.
644 4621 704 4677 Ὁ
747 4617 805 4674 δὲ
834 4618 962 4680 Θεὸς
992 4616 1045 4673 ἐν
1075 4621 1158 4690 τῷ
1199 4615 1540 4693 ὗπεραιωνίῳ
1571 4613 1725 4678 ἑστὸς
1755 4621 1854 4686 τῆς
1904 4612 2044 4678 ῒδίας

375 4707 700 4780 ἀϊδιὸτητος
735 4707 972 4784 ὁρίζεται
1007 4709 1099 4764 17".

456 4801 587 4870 §II.
629 4800 723 4855 Ἓν
790 4795 867 4870 δὶ,
930 4798 1012 4852 ὅτι
1073 4794 1268 4852 πάντα.
1325 4793 1520 4851 Πολλὰ
1574 4797 1654 4866 τῷ
1700 4794 1938 4869 ἀριθμῷ,
1994 4793 2049 4850 ’ὲν

377 4887 442 4944 δὲ
501 4892 584 4960 τῷ
641 4883 894 4957 εἷ’δει,τᾶι
947 4883 1277 4959 νομίσματα,
1305 4883 1396 4939 καὶ
1447 4883 1514 4938 τὰ
1565 4880 1817 4959 ἀργύρια,
1845 4883 1936 4938 καὶ
1996 4884 2046 4938 oi

376 4974 586 5033 ὀϐολοί
621 4995 633 5009 ·
667 4975 730 5030 τὸ
783 4972 883 5050 γὰρ
938 4971 1081 5037 εἶδος
1111 4972 1192 5044 ἓν,
1224 4973 1259 5044 ἢ
1295 4968 1528 5048 χαλκὸς,
1559 4973 1594 5042 ἢ
1626 4971 1851 5047 χρυσὸς,
1885 4971 1920 5040 ἢ
1954 4971 2048 5049 ἅρ-

371 5088 550 5144 γορος
585 5086 596 5098 ·
628 5063 690 5120 τὰ
751 5060 810 5119 δὲ
864 5061 1053 5118 πολλὰ
1098 5065 1219 5125 ταῖς
1262 5057 1573 5135 δυνάμεσιν,
1615 5061 1691 5125 ὡς
1719 5059 1772 5115 αἶ
1809 5062 1962 5129 πόαι,
1990 5061 2047 5116 ’ἐν

373 5155 438 5212 δὲ
466 5160 548 5227 τῷ
590 5150 721 5209 εἷ’δει
749 5169 764 5188 ⁸
803 5157 972 5207 πᾶσαι
1017 5150 1120 5228 γὰρ
1179 5145 1384 5227 χόρτος
1416 5169 1429 5184 ·
1465 5150 1526 5205 τὸ
1579 5145 1637 5204 δὲ
1692 5148 1878 5205 πολλὰ
1931 5155 2047 5213 τοῖς

371 5241 600 5313 εἴδεσιν,
638 5244 756 5298 οἷον
811 5239 1009 5314 τίππος,
1065 5240 1214 5316 βοῦς,
1266 5235 1575 5312 ἅνθρωπος,
1608 5239 1698 5294 καὶ
1739 5237 1804 5293 τὰ
1856 5239 2049 5309 νοητὰ,

367 5335 428 5390 ἓν
493 5331 552 5388 δὲ
613 5337 690 5405 τῷ
743 5327 1021 5408 γένει,ὅτι
1083 5330 1254 5384 ταῦτα
1308 5327 1447 5397 ζῶόν
1478 5327 1578 5383 εἶσι
1613 5347 1626 5361 ·
1657 5323 1811 5383 τὸδὲ
1864 5324 2052 5383 πολλὰ

373 5378 396 5390 υ

449 5514 532 5588 (d)
554 5519 681 5572 Act.
719 5533 799 5583 1x,
838 5513 922 5569 15.

2226 3503 2586 3574 Di/Teremias
2615 3502 3019 3574 multiplicant.
3083 3505 3144 3559 Id
3197 3506 3288 3559 est
3345 3503 3544 3575 plures
3601 3505 3807 3558 osten-

2161 3592 2336 3662 dunt;
2371 3598 2660 3663 quantum
2676 3593 2836 3647 enim
2853 3592 3084 3649 diversa
3111 3597 3252 3648 sunt
3283 3609 3410 3664 quas
3439 3589 3818 3664 participant,

2161 3685 2393 3738 tantum
2417 3682 2597 3738 etiam
2631 3684 2784 3737 dona
2816 3680 3204 3738 multifariam
3237 3683 3544 3754 apparent.

2761 3797 2832 3853 IN
2874 3798 3022 3852 CAP.
3065 3797 3221 3854 XIII.

2231 3908 2258 3973 §
2292 3903 2332 3958 Ι.
2367 3905 2404 3959 Α
2438 3918 2498 3959 se
2529 3902 2888 3976 uni/cmiter
2915 3900 3194 3975 deﬁnitus.
3227 3901 3381 3960 Deus
3413 3903 3506 3960 sui
3537 3899 3725 3975 ipsius
3747 3903 3815 3958 t1-

2163 3991 2254 4050 nis
2281 3997 2337 4049 et
2367 3993 2556 4063 locus,
2589 3987 2853 4063 nihilque
2883 4009 3063 4064 supra
3096 3992 3281 4050 Deum
3309 3991 3681 4061 extenditur;
3713 3993 3818 4048 sed

2159 4081 2286 4153 ipse
2319 4080 2551 4137 inﬁnita
2574 4077 2780 4136 definit
2802 4098 2815 4149 ;
2841 4093 2978 4136 nam
3006 4080 3221 4136 szecula
3243 4090 3370 4154 qua!
3396 4072 3536 4136 eunt
3564 4079 3817 4146 inﬁnita,

2160 4185 2276 4227 non
2308 4170 2463 4225 enim
2495 4171 2814 4225 terminum
2848 4166 3086 4240 habent,
3121 4165 3431 4242 multiplici
3480 4179 3589 4225 sna
3619 4169 3820 4224 inﬂui-

2161 4263 2278 4314 tate
2308 4255 2744 4330 complectitur,
2773 4262 2832 4313 et
2861 4267 3095 4313 omnem
3127 4258 3307 4313 vitam
3351 4256 3588 4313 termini
3618 4266 3820 4328 exper-

2159 4355 2299 4421 tem,
2328 4350 2482 4406 sicut
2512 4350 2570 4405 in
2599 4344 3071 4420 intelligibiiibus
3104 4349 3325 4405 habent
3351 4347 3550 4418 tinem,
3577 4348 3705 4421 ipse
3730 4350 3818 4404 in-

2159 4439 2362 4507 finita;
2397 4453 2499 4494 seu
2543 4433 2786 4510 angelis,
2822 4449 2936 4494 non
2989 4437 3147 4493 enim
3177 4437 3271 4494 his
3299 4437 3651 4495 terminatur
3678 4437 3817 4506 vita,

2158 4526 2656 4600 quemadmodum
2689 4525 2750 4581 in
2771 4521 3246 4595 hominibus,sed
3271 4525 3635 4584 immortales
3656 4539 3815 4582 crea-

2158 4615 2204 4673 ti
2237 4619 2394 4672 sunt.
2434 4619 2583 4670 Deus
2613 4627 2750 4670 vero
2777 4609 2836 4668 in
2884 4614 3286 4686 superaeterna
3317 4613 3553 4688 propria
3584 4615 3814 4670 teterni-

2155 4711 2274 4763 tate
2306 4705 2679 4761 terminatur.
3771 4723 3773 4726 ι

2229 4797 2258 4870 Ξ
2287 4795 2358 4851 ΙΙ.
2395 4796 2574 4852 Unum
2600 4801 2807 4863 autem,
2839 4795 2972 4865 quia
2993 4799 3073 4848 est
3095 4794 3300 4849 omnia.
3325 4793 3511 4850 Multa
3540 4798 3813 4862 numero,

2158 4879 3810 4956 unumverospecie,numismata,pecuniaetoboli;unum

2157 4973 2313 5031 enim
2345 4973 2668 5044 specie,aut
2697 4985 2796 5040 res,
2821 4976 2924 5027 aut
2954 4972 3295 5039 aurum,aut
3323 4974 3632 5043 argentum
3655 4978 3670 5037 ς
3693 4972 3812 5026 vir-

2157 5067 2284 5119 tute
2315 5065 2509 5118 autem
2543 5060 2753 5130 multa,
2787 5064 2854 5116 ut
2883 5056 3207 5132 herbaa,sed
3235 5071 3420 5117 unum
3452 5061 3810 5133 specie,natn

2159 5165 2364 5208 omnes
2385 5150 2583 5206 i‘enum
2611 5165 2624 5206 :
2659 5146 2851 5205 multa
2872 5163 3006 5204 vero
3035 5147 3438 5220 speciebus,ut
3466 5149 3812 5220 cquus,bos,

2158 5239 2352 5307 homo,
2384 5233 2882 5309 etinteiligibilia,
2914 5251 3016 5294 seu
3049 5231 3282 5310 angeli;
3317 5246 3502 5294 unum
3544 5248 3679 5294 vero
3715 5253 3815 5310 ge-

2160 5345 2317 5397 nere,
2351 5325 2492 5400 quia
2521 5326 2643 5384 haae
2674 5327 2815 5384 sunt
2843 5323 3064 5382 animal
3090 5327 3310 5396 ;multa
3333 5329 3530 5384 autem
3551 5337 3818 5400 progres-

1391 5636 1638 5693 VARIIE
1678 5635 2075 5694 LEGTIONEB
2112 5636 2205 5693 ET
2244 5633 2804 5693 GORRECTIONES.

457 5772 501 5806 ’⁷
532 5789 618 5845 γρ.
654 5767 973 5843 θεωρητέον.
1052 5765 1124 5800 ¹⁷¹
1149 5783 1237 5840 γρ.
1272 5761 1464 5838 ὁρίζει.
