  <div class='ocr_page' id='page_1' title='image "/cluster/home/n/w/nwhite01/storage/ocr_20150623/4:no.2/coo.31924054872837/211.png"; bbox 0 0 4108 6384; ppageno 0'>
   <div class='ocr_carea' id='block_1_1' title="bbox 348 405 453 461">
    <p class='ocr_par' dir='ltr' id='par_1_1' title="bbox 348 405 453 461">
     <span class='ocr_line' id='line_1_1' title="bbox 348 405 453 461; baseline -0.01 0"><span class='ocrx_word' id='word_1_1' title='bbox 348 405 453 461; x_wconf 73' lang='grc'><strong>407</strong></span> 
     </span>
    </p>
   </div>
   <div class='ocr_carea' id='block_1_2' title="bbox 1166 401 2944 460">
    <p class='ocr_par' dir='ltr' id='par_1_2' title="bbox 1166 401 2944 460">
     <span class='ocr_line' id='line_1_2' title="bbox 1166 401 2944 460; baseline -0.001 -1"><span class='ocrx_word' id='word_1_2' title='bbox 1166 407 1534 459; x_wconf 76' lang='lat' dir='ltr'><strong>APPENDIX</strong></span> <span class='ocrx_word' id='word_1_3' title='bbox 1575 406 1668 458; x_wconf 79' lang='lat' dir='ltr'><strong>AD</strong></span> <span class='ocrx_word' id='word_1_4' title='bbox 1707 403 1946 457; x_wconf 77' lang='lat' dir='ltr'><strong>OPERA</strong></span> <span class='ocrx_word' id='word_1_5' title='bbox 1982 404 2041 456; x_wconf 87' lang='lat' dir='ltr'><strong>S.</strong></span> <span class='ocrx_word' id='word_1_6' title='bbox 2084 401 2400 458; x_wconf 81' lang='lat' dir='ltr'><strong>DIONYSII</strong></span> <span class='ocrx_word' id='word_1_7' title='bbox 2444 404 2944 460; x_wconf 66' lang='lat' dir='ltr'><strong>AREOPOGITE.</strong></span> 
     </span>
    </p>
   </div>
   <div class='ocr_carea' id='block_1_3' title="bbox 3666 404 3774 458">
    <p class='ocr_par' dir='ltr' id='par_1_3' title="bbox 3666 404 3774 458">
     <span class='ocr_line' id='line_1_3' title="bbox 3666 404 3774 458; baseline 0 -1"><span class='ocrx_word' id='word_1_8' title='bbox 3666 404 3774 458; x_wconf 82' lang='grc'><strong>408</strong></span> 
     </span>
    </p>
   </div>
   <div class='ocr_carea' id='block_1_4' title="bbox 348 521 2006 601">
    <p class='ocr_par' dir='ltr' id='par_1_4' title="bbox 348 527 2000 599">
     <span class='ocr_line' id='line_1_4' title="bbox 348 527 2000 599; baseline -0.003 -13"><span class='ocrx_word' id='word_1_9' title='bbox 348 530 618 586; x_wconf 87' lang='lat' dir='ltr'><strong>sionibus</strong></span> <span class='ocrx_word' id='word_1_10' title='bbox 649 529 870 584; x_wconf 82' lang='lat' dir='ltr'><strong>scilicet</strong></span> <span class='ocrx_word' id='word_1_11' title='bbox 899 545 932 583; x_wconf 88' lang='lat' dir='ltr'><strong>a</strong></span> <span class='ocrx_word' id='word_1_12' title='bbox 961 528 1101 592; x_wconf 88' lang='lat' dir='ltr'><strong>Deo,</strong></span> <span class='ocrx_word' id='word_1_13' title='bbox 1159 531 1463 596; x_wconf 64' lang='lat' dir='ltr'><strong>creaturis,</strong></span> <span class='ocrx_word' id='word_1_14' title='bbox 1491 528 1595 584; x_wconf 91' lang='lat' dir='ltr'><strong>sed</strong></span> <span class='ocrx_word' id='word_1_15' title='bbox 1623 543 1808 582; x_wconf 88' lang='lat' dir='ltr'><strong>unum</strong></span> <span class='ocrx_word' id='word_1_16' title='bbox 1841 527 2000 599; x_wconf 86' lang='lat' dir='ltr'><strong>prin-</strong></span> 
     </span>
    </p>
   </div>
   <div class='ocr_carea' id='block_1_5' title="bbox 2125 521 3772 601">
    <p class='ocr_par' dir='ltr' id='par_1_5' title="bbox 2125 521 3772 601">
     <span class='ocr_line' id='line_1_5' title="bbox 2125 521 3772 601; baseline 0.001 -23"><span class='ocrx_word' id='word_1_17' title='bbox 2125 530 2234 586; x_wconf 75' lang='grc' dir='ltr'><strong>ταῖς</strong></span> <span class='ocrx_word' id='word_1_18' title='bbox 2265 523 2548 598; x_wconf 88' lang='grc' dir='ltr'><strong>προόδοις,</strong></span> <span class='ocrx_word' id='word_1_19' title='bbox 2576 528 2630 581; x_wconf 79' lang='grc' dir='ltr'><strong>αἱ</strong></span> <span class='ocrx_word' id='word_1_20' title='bbox 2675 523 3054 601; x_wconf 71' lang='grc' dir='ltr'><strong>δημιουργίαι,</strong></span> <span class='ocrx_word' id='word_1_21' title='bbox 3083 523 3139 580; x_wconf 83' lang='grc' dir='ltr'><strong>ἓν</strong></span> <span class='ocrx_word' id='word_1_22' title='bbox 3192 521 3250 580; x_wconf 76' lang='grc' dir='ltr'><strong>δὲ</strong></span> <span class='ocrx_word' id='word_1_23' title='bbox 3305 529 3375 600; x_wconf 82' lang='grc' dir='ltr'><strong>τῇ</strong></span> <span class='ocrx_word' id='word_1_24' title='bbox 3409 525 3558 601; x_wconf 74' lang='grc' dir='ltr'><strong>ἀρχῇ</strong></span> <span class='ocrx_word' id='word_1_25' title='bbox 3594 544 3606 557; x_wconf 86' lang='lat'><strong><em>°</em></strong></span> <span class='ocrx_word' id='word_1_26' title='bbox 3641 527 3772 588; x_wconf 81' lang='grc' dir='ltr'><strong>Θεὸς</strong></span> 
     </span>
    </p>
   </div>
   <div class='ocr_carea' id='block_1_6' title="bbox 349 618 1576 690">
    <p class='ocr_par' dir='ltr' id='par_1_6' title="bbox 349 618 1576 690">
     <span class='ocr_line' id='line_1_6' title="bbox 349 618 1576 690; baseline -0.002 -15"><span class='ocrx_word' id='word_1_27' title='bbox 349 619 520 690; x_wconf 90' lang='lat' dir='ltr'><strong>cipio.</strong></span> <span class='ocrx_word' id='word_1_28' title='bbox 552 618 704 674; x_wconf 88' lang='lat' dir='ltr'><strong>Deus</strong></span> <span class='ocrx_word' id='word_1_29' title='bbox 733 619 890 674; x_wconf 88' lang='lat' dir='ltr'><strong>enim</strong></span> <span class='ocrx_word' id='word_1_30' title='bbox 924 618 1192 673; x_wconf 90' lang='lat' dir='ltr'><strong>omnium</strong></span> <span class='ocrx_word' id='word_1_31' title='bbox 1224 624 1313 674; x_wconf 89' lang='lat' dir='ltr'><strong>est</strong></span> <span class='ocrx_word' id='word_1_32' title='bbox 1351 621 1576 673; x_wconf 78' lang='lat' dir='ltr'><strong>auctor.</strong></span> 
     </span>
    </p>
   </div>
   <div class='ocr_carea' id='block_1_7' title="bbox 417 703 2006 780">
    <p class='ocr_par' dir='ltr' id='par_1_7' title="bbox 417 703 2006 780">
     <span class='ocr_line' id='line_1_7' title="bbox 417 703 2006 780; baseline -0.003 -17"><span class='ocrx_word' id='word_1_33' title='bbox 417 708 521 763; x_wconf 84' lang='lat' dir='ltr'><strong>Sed</strong></span> <span class='ocrx_word' id='word_1_34' title='bbox 543 709 999 780; x_wconf 79' lang='lat' dir='ltr'><strong>quemadmodum</strong></span> <span class='ocrx_word' id='word_1_35' title='bbox 1057 723 1316 763; x_wconf 75' lang='lat' dir='ltr'><strong>numerus</strong></span> <span class='ocrx_word' id='word_1_36' title='bbox 1348 708 1549 763; x_wconf 77' lang='lat' dir='ltr'><strong>omnis.</strong></span> <span class='ocrx_word' id='word_1_37' title='bbox 1583 707 1731 764; x_wconf 74' lang='lat'><strong>225</strong></span> <span class='ocrx_word' id='word_1_38' title='bbox 1761 703 2006 762; x_wconf 89' lang='lat' dir='ltr'><strong>Pulchre</strong></span> 
     </span>
    </p>
   </div>
   <div class='ocr_carea' id='block_1_8' title="bbox 348 792 2008 870">
    <p class='ocr_par' dir='ltr' id='par_1_8' title="bbox 348 792 2008 870">
     <span class='ocr_line' id='line_1_8' title="bbox 348 792 2008 870; baseline -0.004 -17"><span class='ocrx_word' id='word_1_39' title='bbox 348 798 718 853; x_wconf 77' lang='lat' dir='ltr'><strong>demonstrat</strong></span> <span class='ocrx_word' id='word_1_40' title='bbox 747 797 904 870; x_wconf 91' lang='lat' dir='ltr'><strong>quod</strong></span> <span class='ocrx_word' id='word_1_41' title='bbox 939 796 1226 865; x_wconf 83' lang='lat' dir='ltr'><strong>intendit;</strong></span> <span class='ocrx_word' id='word_1_42' title='bbox 1260 796 1400 852; x_wconf 89' lang='lat' dir='ltr'><strong>huic</strong></span> <span class='ocrx_word' id='word_1_43' title='bbox 1456 795 1614 852; x_wconf 89' lang='lat' dir='ltr'><strong>enim</strong></span> <span class='ocrx_word' id='word_1_44' title='bbox 1656 795 1854 850; x_wconf 90' lang='lat' dir='ltr'><strong>divino</strong></span> <span class='ocrx_word' id='word_1_45' title='bbox 1885 792 2008 848; x_wconf 90' lang='lat' dir='ltr'><strong>viro</strong></span> 
     </span>
    </p>
   </div>
   <div class='ocr_carea' id='block_1_9' title="bbox 347 884 2006 960">
    <p class='ocr_par' dir='ltr' id='par_1_9' title="bbox 347 884 2006 960">
     <span class='ocr_line' id='line_1_9' title="bbox 347 884 2006 960; baseline -0.003 -18"><span class='ocrx_word' id='word_1_46' title='bbox 347 903 567 960; x_wconf 86' lang='lat' dir='ltr'><strong>scopus</strong></span> <span class='ocrx_word' id='word_1_47' title='bbox 597 890 708 957; x_wconf 91' lang='lat' dir='ltr'><strong>est,</strong></span> <span class='ocrx_word' id='word_1_48' title='bbox 743 887 1101 942; x_wconf 88' lang='lat' dir='ltr'><strong>sententiam</strong></span> <span class='ocrx_word' id='word_1_49' title='bbox 1135 903 1304 942; x_wconf 89' lang='lat' dir='ltr'><strong>suam</strong></span> <span class='ocrx_word' id='word_1_50' title='bbox 1339 886 1518 942; x_wconf 84' lang='lat' dir='ltr'><strong>etiam</strong></span> <span class='ocrx_word' id='word_1_51' title='bbox 1551 902 1620 942; x_wconf 84' lang='lat' dir='ltr'><strong>ex</strong></span> <span class='ocrx_word' id='word_1_52' title='bbox 1642 884 1864 940; x_wconf 81' lang='lat' dir='ltr'><strong>ratione</strong></span> <span class='ocrx_word' id='word_1_53' title='bbox 1894 899 2006 938; x_wconf 89' lang='lat' dir='ltr'><strong>nu-</strong></span> 
     </span>
    </p>
   </div>
   <div class='ocr_carea' id='block_1_10' title="bbox 347 973 2009 1046">
    <p class='ocr_par' dir='ltr' id='par_1_10' title="bbox 347 973 2009 1046">
     <span class='ocr_line' id='line_1_10' title="bbox 347 973 2009 1046; baseline -0.001 -15"><span class='ocrx_word' id='word_1_54' title='bbox 347 975 615 1032; x_wconf 87' lang='lat' dir='ltr'><strong>merandi</strong></span> <span class='ocrx_word' id='word_1_55' title='bbox 645 975 1016 1032; x_wconf 75' lang='lat' dir='ltr'><strong>confirmare.</strong></span> <span class='ocrx_word' id='word_1_56' title='bbox 1048 974 1198 1030; x_wconf 84' lang='lat' dir='ltr'><strong>Dicit</strong></span> <span class='ocrx_word' id='word_1_57' title='bbox 1226 975 1427 1046; x_wconf 84' lang='lat' dir='ltr'><strong>itaque</strong></span> <span class='ocrx_word' id='word_1_58' title='bbox 1468 973 1694 1030; x_wconf 90' lang='lat' dir='ltr'><strong>nullam</strong></span> <span class='ocrx_word' id='word_1_59' title='bbox 1726 989 1848 1029; x_wconf 90' lang='lat' dir='ltr'><strong>rem</strong></span> <span class='ocrx_word' id='word_1_60' title='bbox 1879 989 2009 1030; x_wconf 89' lang='lat' dir='ltr'><strong>esse</strong></span> 
     </span>
    </p>
   </div>
   <div class='ocr_carea' id='block_1_11' title="bbox 349 1063 2007 1136">
    <p class='ocr_par' dir='ltr' id='par_1_11' title="bbox 349 1063 2007 1136">
     <span class='ocr_line' id='line_1_11' title="bbox 349 1063 2007 1136; baseline -0.001 -16"><span class='ocrx_word' id='word_1_61' title='bbox 349 1065 528 1120; x_wconf 88' lang='lat' dir='ltr'><strong>unius</strong></span> <span class='ocrx_word' id='word_1_62' title='bbox 569 1069 888 1136; x_wconf 79' lang='lat' dir='ltr'><strong>expertem,</strong></span> <span class='ocrx_word' id='word_1_63' title='bbox 952 1063 1008 1119; x_wconf 92' lang='lat' dir='ltr'><strong>id</strong></span> <span class='ocrx_word' id='word_1_64' title='bbox 1040 1067 1132 1120; x_wconf 88' lang='lat' dir='ltr'><strong>est</strong></span> <span class='ocrx_word' id='word_1_65' title='bbox 1161 1064 1293 1133; x_wconf 90' lang='lat' dir='ltr'><strong>Dei;</strong></span> <span class='ocrx_word' id='word_1_66' title='bbox 1327 1063 1468 1135; x_wconf 88' lang='lat' dir='ltr'><strong>quia</strong></span> <span class='ocrx_word' id='word_1_67' title='bbox 1497 1065 1695 1120; x_wconf 90' lang='lat' dir='ltr'><strong>omnis</strong></span> <span class='ocrx_word' id='word_1_68' title='bbox 1725 1078 2007 1118; x_wconf 91' lang='lat' dir='ltr'><strong>numerus</strong></span> 
     </span>
    </p>
   </div>
   <div class='ocr_carea' id='block_1_12' title="bbox 348 1151 2011 1226">
    <p class='ocr_par' dir='ltr' id='par_1_12' title="bbox 348 1151 2011 1226">
     <span class='ocr_line' id='line_1_12' title="bbox 348 1151 2011 1226; baseline -0.002 -16"><span class='ocrx_word' id='word_1_69' title='bbox 348 1153 636 1210; x_wconf 88' lang='lat' dir='ltr'><strong>unitatem</strong></span> <span class='ocrx_word' id='word_1_70' title='bbox 671 1152 1020 1225; x_wconf 82' lang='lat' dir='ltr'><strong>participat;</strong></span> <span class='ocrx_word' id='word_1_71' title='bbox 1053 1169 1194 1208; x_wconf 88' lang='lat' dir='ltr'><strong>nam</strong></span> <span class='ocrx_word' id='word_1_72' title='bbox 1225 1153 1276 1209; x_wconf 89' lang='lat' dir='ltr'><strong>si</strong></span> <span class='ocrx_word' id='word_1_73' title='bbox 1308 1170 1342 1209; x_wconf 89' lang='lat' dir='ltr'><strong>a</strong></span> <span class='ocrx_word' id='word_1_74' title='bbox 1363 1153 1596 1209; x_wconf 90' lang='lat' dir='ltr'><strong>duobus</strong></span> <span class='ocrx_word' id='word_1_75' title='bbox 1627 1152 1762 1226; x_wconf 89' lang='lat' dir='ltr'><strong>quis</strong></span> <span class='ocrx_word' id='word_1_76' title='bbox 1784 1151 2011 1223; x_wconf 85' lang='lat' dir='ltr'><strong>incepe-</strong></span> 
     </span>
    </p>
   </div>
   <div class='ocr_carea' id='block_1_13' title="bbox 349 1241 2008 1314">
    <p class='ocr_par' dir='ltr' id='par_1_13' title="bbox 349 1241 2008 1314">
     <span class='ocr_line' id='line_1_13' title="bbox 349 1241 2008 1314; baseline -0.002 -16"><span class='ocrx_word' id='word_1_77' title='bbox 349 1243 446 1309; x_wconf 86' lang='lat' dir='ltr'><strong>rit,</strong></span> <span class='ocrx_word' id='word_1_78' title='bbox 477 1259 658 1298; x_wconf 89' lang='lat' dir='ltr'><strong>unam</strong></span> <span class='ocrx_word' id='word_1_79' title='bbox 690 1242 1038 1298; x_wconf 85' lang='lat' dir='ltr'><strong>dualitatem</strong></span> <span class='ocrx_word' id='word_1_80' title='bbox 1067 1243 1319 1314; x_wconf 85' lang='lat' dir='ltr'><strong>primam</strong></span> <span class='ocrx_word' id='word_1_81' title='bbox 1351 1248 1647 1308; x_wconf 78' lang='lat' dir='ltr'><strong>numerat,</strong></span> <span class='ocrx_word' id='word_1_82' title='bbox 1680 1245 1738 1297; x_wconf 88' lang='lat' dir='ltr'><strong>et</strong></span> <span class='ocrx_word' id='word_1_83' title='bbox 1785 1257 1853 1296; x_wconf 84' lang='lat' dir='ltr'><strong>ex</strong></span> <span class='ocrx_word' id='word_1_84' title='bbox 1909 1241 2008 1295; x_wconf 82' lang='lat' dir='ltr'><strong>de-</strong></span> 
     </span>
    </p>
   </div>
   <div class='ocr_carea' id='block_1_14' title="bbox 347 1329 2008 1404">
    <p class='ocr_par' dir='ltr' id='par_1_14' title="bbox 347 1329 2008 1404">
     <span class='ocr_line' id='line_1_14' title="bbox 347 1329 2008 1404; baseline -0.004 -15"><span class='ocrx_word' id='word_1_85' title='bbox 347 1349 473 1389; x_wconf 89' lang='lat' dir='ltr'><strong>cem</strong></span> <span class='ocrx_word' id='word_1_86' title='bbox 496 1331 788 1400; x_wconf 84' lang='lat' dir='ltr'><strong>similiter,</strong></span> <span class='ocrx_word' id='word_1_87' title='bbox 823 1331 1082 1404; x_wconf 81' lang='lat' dir='ltr'><strong>amplius</strong></span> <span class='ocrx_word' id='word_1_88' title='bbox 1117 1332 1280 1400; x_wconf 86' lang='lat' dir='ltr'><strong>dicit,</strong></span> <span class='ocrx_word' id='word_1_89' title='bbox 1315 1333 1470 1404; x_wconf 90' lang='lat' dir='ltr'><strong>quod</strong></span> <span class='ocrx_word' id='word_1_90' title='bbox 1503 1331 1613 1388; x_wconf 86' lang='lat' dir='ltr'><strong>etsi</strong></span> <span class='ocrx_word' id='word_1_91' title='bbox 1647 1329 1862 1402; x_wconf 89' lang='lat' dir='ltr'><strong>aliquis</strong></span> <span class='ocrx_word' id='word_1_92' title='bbox 1887 1329 2008 1400; x_wconf 84' lang='lat' dir='ltr'><strong>pri-</strong></span> 
     </span>
    </p>
   </div>
   <div class='ocr_carea' id='block_1_15' title="bbox 347 1420 2007 1494">
    <p class='ocr_par' dir='ltr' id='par_1_15' title="bbox 347 1420 2007 1494">
     <span class='ocr_line' id='line_1_15' title="bbox 347 1420 2007 1494; baseline -0.004 -16"><span class='ocrx_word' id='word_1_93' title='bbox 347 1438 444 1478; x_wconf 90' lang='lat' dir='ltr'><strong>mo</strong></span> <span class='ocrx_word' id='word_1_94' title='bbox 474 1421 759 1494; x_wconf 89' lang='lat' dir='ltr'><strong>inceperit</strong></span> <span class='ocrx_word' id='word_1_95' title='bbox 788 1438 822 1476; x_wconf 78' lang='grc' dir='ltr'><strong>ο,</strong></span> <span class='ocrx_word' id='word_1_96' title='bbox 852 1420 1433 1488; x_wconf 90' lang='lat' dir='ltr'><strong>minimis,numerat</strong></span> <span class='ocrx_word' id='word_1_97' title='bbox 1455 1421 1770 1476; x_wconf 87' lang='lat' dir='ltr'><strong>dimidium</strong></span> <span class='ocrx_word' id='word_1_98' title='bbox 1794 1434 2007 1486; x_wconf 90' lang='lat' dir='ltr'><strong>unum,</strong></span> 
     </span>
    </p>
   </div>
   <div class='ocr_carea' id='block_1_16' title="bbox 347 1508 2007 1580">
    <p class='ocr_par' dir='ltr' id='par_1_16' title="bbox 347 1508 2007 1580">
     <span class='ocr_line' id='line_1_16' title="bbox 347 1508 2007 1580; baseline -0.002 -14"><span class='ocrx_word' id='word_1_99' title='bbox 347 1515 404 1566; x_wconf 90' lang='lat' dir='ltr'><strong>et</strong></span> <span class='ocrx_word' id='word_1_100' title='bbox 435 1527 620 1567; x_wconf 90' lang='lat' dir='ltr'><strong>unum</strong></span> <span class='ocrx_word' id='word_1_101' title='bbox 655 1510 1112 1580; x_wconf 77' lang='lat' dir='ltr'><strong>tertiuin,unum</strong></span> <span class='ocrx_word' id='word_1_102' title='bbox 1146 1510 1465 1578; x_wconf 88' lang='lat' dir='ltr'><strong>decimum,</strong></span> <span class='ocrx_word' id='word_1_103' title='bbox 1497 1514 1554 1566; x_wconf 88' lang='lat' dir='ltr'><strong>et</strong></span> <span class='ocrx_word' id='word_1_104' title='bbox 1583 1509 1666 1566; x_wconf 89' lang='lat' dir='ltr'><strong>ita</strong></span> <span class='ocrx_word' id='word_1_105' title='bbox 1692 1508 2007 1578; x_wconf 88' lang='lat' dir='ltr'><strong>deinceps;</strong></span> 
     </span>
    </p>
   </div>
   <div class='ocr_carea' id='block_1_17' title="bbox 347 1597 2010 1673">
    <p class='ocr_par' dir='ltr' id='par_1_17' title="bbox 347 1597 2010 1673">
     <span class='ocr_line' id='line_1_17' title="bbox 347 1597 2010 1673; baseline -0.002 -18"><span class='ocrx_word' id='word_1_106' title='bbox 347 1601 545 1673; x_wconf 88' lang='lat' dir='ltr'><strong>itaque</strong></span> <span class='ocrx_word' id='word_1_107' title='bbox 576 1617 693 1657; x_wconf 87' lang='lat' dir='ltr'><strong>non</strong></span> <span class='ocrx_word' id='word_1_108' title='bbox 723 1604 813 1656; x_wconf 91' lang='lat' dir='ltr'><strong>est</strong></span> <span class='ocrx_word' id='word_1_109' title='bbox 843 1616 1154 1671; x_wconf 88' lang='lat' dir='ltr'><strong>numerus,</strong></span> <span class='ocrx_word' id='word_1_110' title='bbox 1187 1600 1290 1672; x_wconf 89' lang='lat' dir='ltr'><strong>qui</strong></span> <span class='ocrx_word' id='word_1_111' title='bbox 1325 1616 1440 1656; x_wconf 90' lang='lat' dir='ltr'><strong>non</strong></span> <span class='ocrx_word' id='word_1_112' title='bbox 1474 1597 1786 1672; x_wconf 80' lang='lat' dir='ltr'><strong>participat</strong></span> <span class='ocrx_word' id='word_1_113' title='bbox 1807 1597 2010 1652; x_wconf 88' lang='lat' dir='ltr'><strong>unita-</strong></span> 
     </span>
    </p>
   </div>
   <div class='ocr_carea' id='block_1_18' title="bbox 346 1686 2008 1761">
    <p class='ocr_par' dir='ltr' id='par_1_18' title="bbox 346 1686 2008 1761">
     <span class='ocr_line' id='line_1_18' title="bbox 346 1686 2008 1761; baseline -0.003 -15"><span class='ocrx_word' id='word_1_114' title='bbox 346 1694 467 1746; x_wconf 91' lang='lat' dir='ltr'><strong>tem</strong></span> <span class='ocrx_word' id='word_1_115' title='bbox 499 1705 604 1746; x_wconf 89' lang='lat' dir='ltr'><strong>seu</strong></span> <span class='ocrx_word' id='word_1_116' title='bbox 637 1691 986 1747; x_wconf 81' lang='lat' dir='ltr'><strong>monadem:</strong></span> <span class='ocrx_word' id='word_1_117' title='bbox 1050 1690 1162 1746; x_wconf 89' lang='lat' dir='ltr'><strong>etsi</strong></span> <span class='ocrx_word' id='word_1_118' title='bbox 1212 1689 1371 1746; x_wconf 89' lang='lat' dir='ltr'><strong>enim</strong></span> <span class='ocrx_word' id='word_1_119' title='bbox 1419 1688 1603 1761; x_wconf 88' lang='lat' dir='ltr'><strong>partis</strong></span> <span class='ocrx_word' id='word_1_120' title='bbox 1644 1686 2008 1756; x_wconf 87' lang='lat' dir='ltr'><strong>memineris,</strong></span> 
     </span>
    </p>
   </div>
   <div class='ocr_carea' id='block_1_19' title="bbox 347 1777 2010 1850">
    <p class='ocr_par' dir='ltr' id='par_1_19' title="bbox 347 1777 2010 1850">
     <span class='ocr_line' id='line_1_19' title="bbox 347 1777 2010 1850; baseline -0.004 -14"><span class='ocrx_word' id='word_1_121' title='bbox 347 1779 529 1850; x_wconf 86' lang='lat' dir='ltr'><strong>dices,</strong></span> <span class='ocrx_word' id='word_1_122' title='bbox 561 1797 742 1836; x_wconf 89' lang='lat' dir='ltr'><strong>unam</strong></span> <span class='ocrx_word' id='word_1_123' title='bbox 773 1779 1170 1849; x_wconf 89' lang='lat' dir='ltr'><strong>dimidiam,et</strong></span> <span class='ocrx_word' id='word_1_124' title='bbox 1201 1795 1380 1835; x_wconf 88' lang='lat' dir='ltr'><strong>unam</strong></span> <span class='ocrx_word' id='word_1_125' title='bbox 1409 1778 1669 1842; x_wconf 87' lang='lat' dir='ltr'><strong>tertiam,</strong></span> <span class='ocrx_word' id='word_1_126' title='bbox 1694 1792 1873 1832; x_wconf 84' lang='lat' dir='ltr'><strong>unam</strong></span> <span class='ocrx_word' id='word_1_127' title='bbox 1905 1777 2010 1831; x_wconf 89' lang='lat' dir='ltr'><strong>de-</strong></span> 
     </span>
    </p>
   </div>
   <div class='ocr_carea' id='block_1_20' title="bbox 2115 611 2683 688">
    <p class='ocr_par' dir='ltr' id='par_1_20' title="bbox 2115 611 2683 688">
     <span class='ocr_line' id='line_1_20' title="bbox 2115 611 2683 688; baseline 0.009 -22"><span class='ocrx_word' id='word_1_128' title='bbox 2115 613 2215 688; x_wconf 80' lang='grc' dir='ltr'><strong>γάρ</strong></span> <span class='ocrx_word' id='word_1_129' title='bbox 2247 611 2419 676; x_wconf 78' lang='grc' dir='ltr'><strong>αἶ’τιος</strong></span> <span class='ocrx_word' id='word_1_130' title='bbox 2448 617 2683 672; x_wconf 76' lang='grc' dir='ltr'><strong>πάντων.</strong></span> 
     </span>
    </p>
   </div>
   <div class='ocr_carea' id='block_1_21' title="bbox 2189 701 3769 780">
    <p class='ocr_par' dir='ltr' id='par_1_21' title="bbox 2189 701 3769 780">
     <span class='ocr_line' id='line_1_21' title="bbox 2189 701 3769 780; baseline 0 -21"><span class='ocrx_word' id='word_1_131' title='bbox 2189 701 2344 759; x_wconf 87' lang='grc' dir='ltr'><strong>Ἀλλ’</strong></span> <span class='ocrx_word' id='word_1_132' title='bbox 2385 703 2566 778; x_wconf 82' lang='grc' dir='ltr'><strong>ὥσπερ</strong></span> <span class='ocrx_word' id='word_1_133' title='bbox 2629 706 2765 767; x_wconf 81' lang='grc' dir='ltr'><strong>ἅπας</strong></span> <span class='ocrx_word' id='word_1_134' title='bbox 2824 703 3341 780; x_wconf 72' lang='grc' dir='ltr'><strong>ἀριθμός.’Καλῶς</strong></span> <span class='ocrx_word' id='word_1_135' title='bbox 3393 702 3769 759; x_wconf 75' lang='grc' dir='ltr'><strong>ἀποδείκνυσιν</strong></span> 
     </span>
    </p>
   </div>
   <div class='ocr_carea' id='block_1_22' title="bbox 2118 790 3771 868">
    <p class='ocr_par' dir='ltr' id='par_1_22' title="bbox 2118 790 3771 868">
     <span class='ocr_line' id='line_1_22' title="bbox 2118 790 3771 868; baseline 0.001 -21"><span class='ocrx_word' id='word_1_136' title='bbox 2118 790 2249 866; x_wconf 73' lang='grc' dir='ltr'><strong>ὅπερ</strong></span> <span class='ocrx_word' id='word_1_137' title='bbox 2302 792 2391 848; x_wconf 91' lang='grc' dir='ltr'><strong>καὶ</strong></span> <span class='ocrx_word' id='word_1_138' title='bbox 2455 793 2732 868; x_wconf 69' lang='grc' dir='ltr'><strong>βούλεται.</strong></span> <span class='ocrx_word' id='word_1_139' title='bbox 2767 793 2980 856; x_wconf 84' lang='grc' dir='ltr'>Σκοπὸς</span> <span class='ocrx_word' id='word_1_140' title='bbox 3029 794 3134 867; x_wconf 76' lang='grc' dir='ltr'><strong>γὰρ</strong></span> <span class='ocrx_word' id='word_1_141' title='bbox 3177 798 3258 865; x_wconf 80' lang='grc' dir='ltr'><strong>τῷ</strong></span> <span class='ocrx_word' id='word_1_142' title='bbox 3287 791 3418 866; x_wconf 87' lang='grc' dir='ltr'><strong>θείῳ</strong></span> <span class='ocrx_word' id='word_1_143' title='bbox 3453 793 3634 866; x_wconf 81' lang='grc' dir='ltr'><strong>τούτῳ</strong></span> <span class='ocrx_word' id='word_1_144' title='bbox 3678 796 3771 848; x_wconf 89' lang='grc' dir='ltr'><strong>άν-</strong></span> 
     </span>
    </p>
   </div>
   <div class='ocr_carea' id='block_1_23' title="bbox 2120 879 3771 957">
    <p class='ocr_par' dir='ltr' id='par_1_23' title="bbox 2120 879 3771 957">
     <span class='ocr_line' id='line_1_23' title="bbox 2120 879 3771 957; baseline 0.002 -22"><span class='ocrx_word' id='word_1_145' title='bbox 2120 879 2206 955; x_wconf 85' lang='grc' dir='ltr'>δρί</span> <span class='ocrx_word' id='word_1_146' title='bbox 2259 884 2350 937; x_wconf 85' lang='grc' dir='ltr'><strong>καὶ</strong></span> <span class='ocrx_word' id='word_1_147' title='bbox 2411 883 2516 937; x_wconf 82' lang='grc' dir='ltr'><strong>ἀπὸ</strong></span> <span class='ocrx_word' id='word_1_148' title='bbox 2571 890 2671 953; x_wconf 78' lang='grc' dir='ltr'><strong>τῆς</strong></span> <span class='ocrx_word' id='word_1_149' title='bbox 2731 884 3101 957; x_wconf 79' lang='grc' dir='ltr'><strong>ἀριθμητικῆς</strong></span> <span class='ocrx_word' id='word_1_150' title='bbox 3158 889 3419 952; x_wconf 84' lang='grc' dir='ltr'><strong>συστῆσαι</strong></span> <span class='ocrx_word' id='word_1_151' title='bbox 3457 883 3524 938; x_wconf 71' lang='grc' dir='ltr'><strong>τὰ</strong></span> <span class='ocrx_word' id='word_1_152' title='bbox 3553 883 3771 939; x_wconf 73' lang='grc' dir='ltr'><strong>ἑαυτοῦ.</strong></span> 
     </span>
    </p>
   </div>
   <div class='ocr_carea' id='block_1_24' title="bbox 2118 967 3774 1048">
    <p class='ocr_par' dir='ltr' id='par_1_24' title="bbox 2118 967 3774 1048">
     <span class='ocr_line' id='line_1_24' title="bbox 2118 967 3774 1048; baseline 0 -23"><span class='ocrx_word' id='word_1_153' title='bbox 2118 971 2272 1047; x_wconf 83' lang='grc' dir='ltr'><strong>Λέγει</strong></span> <span class='ocrx_word' id='word_1_154' title='bbox 2329 976 2482 1047; x_wconf 81' lang='grc' dir='ltr'><strong>γοῦν,</strong></span> <span class='ocrx_word' id='word_1_155' title='bbox 2516 972 2597 1028; x_wconf 80' lang='grc' dir='ltr'><strong>ὅτι</strong></span> <span class='ocrx_word' id='word_1_156' title='bbox 2665 969 2817 1028; x_wconf 80' lang='grc' dir='ltr'><strong>οὐδέν</strong></span> <span class='ocrx_word' id='word_1_157' title='bbox 2859 972 2973 1028; x_wconf 80' lang='grc' dir='ltr'><strong>ἐστι</strong></span> <span class='ocrx_word' id='word_1_158' title='bbox 2999 976 3108 1027; x_wconf 81' lang='grc' dir='ltr'><strong>τῶν</strong></span> <span class='ocrx_word' id='word_1_159' title='bbox 3141 967 3309 1027; x_wconf 80' lang='grc' dir='ltr'><strong>ὅντων</strong></span> <span class='ocrx_word' id='word_1_160' title='bbox 3342 971 3618 1048; x_wconf 85' lang='grc' dir='ltr'><strong>ἀμέτοχον</strong></span> <span class='ocrx_word' id='word_1_161' title='bbox 3673 976 3774 1027; x_wconf 78' lang='grc' dir='ltr'><strong>τοῦ</strong></span> 
     </span>
    </p>
   </div>
   <div class='ocr_carea' id='block_1_25' title="bbox 2119 1059 3775 1136">
    <p class='ocr_par' dir='ltr' id='par_1_25' title="bbox 2119 1059 3775 1136">
     <span class='ocr_line' id='line_1_25' title="bbox 2119 1059 3775 1136; baseline 0.001 -22"><span class='ocrx_word' id='word_1_162' title='bbox 2119 1061 2259 1132; x_wconf 86' lang='grc' dir='ltr'><strong>ένὸς,</strong></span> <span class='ocrx_word' id='word_1_163' title='bbox 2289 1062 2538 1116; x_wconf 75' lang='grc' dir='ltr'><strong>τουτέστι</strong></span> <span class='ocrx_word' id='word_1_164' title='bbox 2569 1066 2664 1116; x_wconf 73' lang='grc' dir='ltr'><strong>τοῦ</strong></span> <span class='ocrx_word' id='word_1_165' title='bbox 2689 1066 2825 1117; x_wconf 77' lang='grc' dir='ltr'><strong>Θεοῦ</strong></span> <span class='ocrx_word' id='word_1_166' title='bbox 2857 1081 2870 1094; x_wconf 84' lang='lat'><strong><em>°</em></strong></span> <span class='ocrx_word' id='word_1_167' title='bbox 2908 1059 3050 1118; x_wconf 81' lang='grc' dir='ltr'><strong>διότι</strong></span> <span class='ocrx_word' id='word_1_168' title='bbox 3089 1061 3178 1116; x_wconf 82' lang='grc' dir='ltr'><strong>καὶ</strong></span> <span class='ocrx_word' id='word_1_169' title='bbox 3230 1065 3334 1124; x_wconf 78' lang='grc' dir='ltr'><strong>πᾶς</strong></span> <span class='ocrx_word' id='word_1_170' title='bbox 3388 1061 3620 1136; x_wconf 86' lang='grc' dir='ltr'><strong>ἀριθμὸς</strong></span> <span class='ocrx_word' id='word_1_171' title='bbox 3665 1083 3775 1135; x_wconf 80' lang='grc' dir='ltr'><strong>μο-</strong></span> 
     </span>
    </p>
   </div>
   <div class='ocr_carea' id='block_1_26' title="bbox 2116 1147 3770 1227">
    <p class='ocr_par' dir='ltr' id='par_1_26' title="bbox 2116 1147 3770 1227">
     <span class='ocr_line' id='line_1_26' title="bbox 2116 1147 3770 1227; baseline 0 -21"><span class='ocrx_word' id='word_1_172' title='bbox 2116 1148 2278 1213; x_wconf 86' lang='grc' dir='ltr'><strong>νάδος</strong></span> <span class='ocrx_word' id='word_1_173' title='bbox 2329 1151 2547 1227; x_wconf 77' lang='grc' dir='ltr'><strong>μετέχει</strong></span> <span class='ocrx_word' id='word_1_174' title='bbox 2581 1169 2595 1185; x_wconf 85' lang='grc'>⁶</span> <span class='ocrx_word' id='word_1_175' title='bbox 2632 1152 2678 1206; x_wconf 79' lang='grc' dir='ltr'><strong>εἰ</strong></span> <span class='ocrx_word' id='word_1_176' title='bbox 2729 1151 2834 1227; x_wconf 79' lang='grc' dir='ltr'><strong>γὰρ</strong></span> <span class='ocrx_word' id='word_1_177' title='bbox 2892 1151 2952 1207; x_wconf 80' lang='grc' dir='ltr'><strong>ἐκ</strong></span> <span class='ocrx_word' id='word_1_178' title='bbox 2986 1155 3094 1206; x_wconf 84' lang='grc' dir='ltr'><strong>τῶν</strong></span> <span class='ocrx_word' id='word_1_179' title='bbox 3124 1149 3220 1206; x_wconf 80' lang='grc' dir='ltr'><strong>δύο</strong></span> <span class='ocrx_word' id='word_1_180' title='bbox 3253 1147 3466 1224; x_wconf 78' lang='grc' dir='ltr'><strong>ἅρξεταί</strong></span> <span class='ocrx_word' id='word_1_181' title='bbox 3495 1172 3602 1220; x_wconf 94' lang='grc' dir='ltr'><strong>τις,</strong></span> <span class='ocrx_word' id='word_1_182' title='bbox 3639 1152 3770 1224; x_wconf 82' lang='grc' dir='ltr'><strong>μίαν</strong></span> 
     </span>
    </p>
   </div>
   <div class='ocr_carea' id='block_1_27' title="bbox 2121 1236 3773 1316">
    <p class='ocr_par' dir='ltr' id='par_1_27' title="bbox 2121 1236 3773 1316">
     <span class='ocr_line' id='line_1_27' title="bbox 2121 1236 3773 1316; baseline 0.001 -22"><span class='ocrx_word' id='word_1_183' title='bbox 2121 1237 2288 1294; x_wconf 81' lang='grc' dir='ltr'><strong>δυάδα</strong></span> <span class='ocrx_word' id='word_1_184' title='bbox 2343 1241 2567 1314; x_wconf 80' lang='grc' dir='ltr'><strong>πρώτην</strong></span> <span class='ocrx_word' id='word_1_185' title='bbox 2627 1239 2870 1316; x_wconf 78' lang='grc' dir='ltr'><strong>ἀριθμεῖ,</strong></span> <span class='ocrx_word' id='word_1_186' title='bbox 2901 1239 2993 1294; x_wconf 76' lang='grc' dir='ltr'><strong>καὶ</strong></span> <span class='ocrx_word' id='word_1_187' title='bbox 3041 1238 3100 1294; x_wconf 85' lang='grc' dir='ltr'><strong>ἐκ</strong></span> <span class='ocrx_word' id='word_1_188' title='bbox 3127 1244 3233 1295; x_wconf 81' lang='grc' dir='ltr'><strong>τῶν</strong></span> <span class='ocrx_word' id='word_1_189' title='bbox 3285 1236 3413 1294; x_wconf 89' lang='grc' dir='ltr'><strong>δέκα</strong></span> <span class='ocrx_word' id='word_1_190' title='bbox 3443 1239 3674 1312; x_wconf 83' lang='grc' dir='ltr'><strong>ὁμοίως,</strong></span> <span class='ocrx_word' id='word_1_191' title='bbox 3706 1241 3773 1295; x_wconf 85' lang='grc' dir='ltr'><strong>τὸ</strong></span> 
     </span>
    </p>
   </div>
   <div class='ocr_carea' id='block_1_28' title="bbox 2118 1325 3772 1406">
    <p class='ocr_par' dir='ltr' id='par_1_28' title="bbox 2118 1325 3772 1406">
     <span class='ocr_line' id='line_1_28' title="bbox 2118 1325 3772 1406; baseline 0 -22"><span class='ocrx_word' id='word_1_192' title='bbox 2118 1328 2286 1384; x_wconf 87' lang='grc' dir='ltr'><strong>πλέον</strong></span> <span class='ocrx_word' id='word_1_193' title='bbox 2348 1331 2533 1406; x_wconf 70' lang='grc' dir='ltr'><strong>φησὶν,</strong></span> <span class='ocrx_word' id='word_1_194' title='bbox 2567 1328 2649 1384; x_wconf 82' lang='grc' dir='ltr'><strong>ὅτι</strong></span> <span class='ocrx_word' id='word_1_195' title='bbox 2702 1325 2798 1384; x_wconf 79' lang='grc' dir='ltr'><strong>κᾶν</strong></span> <span class='ocrx_word' id='word_1_196' title='bbox 2852 1329 2912 1384; x_wconf 84' lang='grc' dir='ltr'><strong>ἐκ</strong></span> <span class='ocrx_word' id='word_1_197' title='bbox 2965 1334 3072 1384; x_wconf 81' lang='grc' dir='ltr'><strong>τῶν</strong></span> <span class='ocrx_word' id='word_1_198' title='bbox 3107 1328 3417 1406; x_wconf 75' lang='grc' dir='ltr'><strong>λεγομένων</strong></span> <span class='ocrx_word' id='word_1_199' title='bbox 3445 1329 3772 1401; x_wconf 83' lang='grc' dir='ltr'><strong>πολλοστη-</strong></span> 
     </span>
    </p>
   </div>
   <div class='ocr_carea' id='block_1_29' title="bbox 2123 1417 3771 1494">
    <p class='ocr_par' dir='ltr' id='par_1_29' title="bbox 2123 1417 3771 1494">
     <span class='ocr_line' id='line_1_29' title="bbox 2123 1417 3771 1494; baseline 0 -22"><span class='ocrx_word' id='word_1_200' title='bbox 2123 1418 2328 1491; x_wconf 82' lang='grc' dir='ltr'><strong>μορίων</strong></span> <span class='ocrx_word' id='word_1_201' title='bbox 2386 1417 2610 1491; x_wconf 80' lang='grc' dir='ltr'><strong>ἄρξηταί</strong></span> <span class='ocrx_word' id='word_1_202' title='bbox 2665 1439 2748 1480; x_wconf 90' lang='grc' dir='ltr'><strong>τις</strong></span> <span class='ocrx_word' id='word_1_203' title='bbox 2806 1422 3046 1494; x_wconf 78' lang='grc' dir='ltr'><strong>πρῶτον,</strong></span> <span class='ocrx_word' id='word_1_204' title='bbox 3078 1418 3299 1493; x_wconf 82' lang='grc' dir='ltr'><strong>ἀριθμεῖ</strong></span> <span class='ocrx_word' id='word_1_205' title='bbox 3351 1418 3526 1492; x_wconf 81' lang='grc' dir='ltr'><strong>ἥμισυ</strong></span> <span class='ocrx_word' id='word_1_206' title='bbox 3566 1419 3646 1492; x_wconf 78' lang='grc' dir='ltr'><strong>ἓν,</strong></span> <span class='ocrx_word' id='word_1_207' title='bbox 3677 1419 3771 1474; x_wconf 82' lang='grc' dir='ltr'><strong>καὶ</strong></span> 
     </span>
    </p>
   </div>
   <div class='ocr_carea' id='block_1_30' title="bbox 2117 1505 3768 1587">
    <p class='ocr_par' dir='ltr' id='par_1_30' title="bbox 2117 1505 3768 1587">
     <span class='ocr_line' id='line_1_30' title="bbox 2117 1505 3768 1587; baseline 0.001 -25"><span class='ocrx_word' id='word_1_208' title='bbox 2117 1509 2300 1584; x_wconf 84' lang='grc' dir='ltr'><strong>τρίτον</strong></span> <span class='ocrx_word' id='word_1_209' title='bbox 2359 1508 2437 1578; x_wconf 74' lang='grc' dir='ltr'><strong>ἓν,</strong></span> <span class='ocrx_word' id='word_1_210' title='bbox 2471 1505 2692 1563; x_wconf 86' lang='grc' dir='ltr'><strong>δέκατον</strong></span> <span class='ocrx_word' id='word_1_211' title='bbox 2752 1507 2831 1580; x_wconf 81' lang='grc' dir='ltr'><strong>ἓν,</strong></span> <span class='ocrx_word' id='word_1_212' title='bbox 2860 1509 2949 1562; x_wconf 86' lang='grc' dir='ltr'><strong>καὶ</strong></span> <span class='ocrx_word' id='word_1_213' title='bbox 3012 1508 3184 1571; x_wconf 75' lang='grc' dir='ltr'><strong>οὕτως</strong></span> <span class='ocrx_word' id='word_1_214' title='bbox 3253 1507 3638 1587; x_wconf 77' lang='grc' dir='ltr'><strong>έφεξῆς,ὥστε</strong></span> <span class='ocrx_word' id='word_1_215' title='bbox 3690 1510 3768 1582; x_wconf 79' lang='grc' dir='ltr'><strong>μη</strong></span> 
     </span>
    </p>
   </div>
   <div class='ocr_carea' id='block_1_31' title="bbox 2121 1593 3772 1672">
    <p class='ocr_par' dir='ltr' id='par_1_31' title="bbox 2121 1593 3772 1672">
     <span class='ocr_line' id='line_1_31' title="bbox 2121 1593 3772 1672; baseline 0.001 -22"><span class='ocrx_word' id='word_1_216' title='bbox 2121 1597 2252 1650; x_wconf 74' lang='grc' dir='ltr'><strong>εἶναι</strong></span> <span class='ocrx_word' id='word_1_217' title='bbox 2282 1596 2512 1672; x_wconf 85' lang='grc' dir='ltr'><strong>ἀριθμὸν</strong></span> <span class='ocrx_word' id='word_1_218' title='bbox 2546 1597 2622 1669; x_wconf 82' lang='grc' dir='ltr'>μή</span> <span class='ocrx_word' id='word_1_219' title='bbox 2687 1595 2989 1672; x_wconf 87' lang='grc' dir='ltr'><strong>μετέχοντα</strong></span> <span class='ocrx_word' id='word_1_220' title='bbox 3035 1597 3132 1652; x_wconf 77' lang='grc' dir='ltr'>τοῦ</span> <span class='ocrx_word' id='word_1_221' title='bbox 3182 1597 3319 1662; x_wconf 74' lang='grc' dir='ltr'><strong>ἑνὸς,</strong></span> <span class='ocrx_word' id='word_1_222' title='bbox 3353 1593 3481 1666; x_wconf 70' lang='grc' dir='ltr'><strong>ἤτοι</strong></span> <span class='ocrx_word' id='word_1_223' title='bbox 3522 1599 3621 1663; x_wconf 79' lang='grc' dir='ltr'><strong>τῆς</strong></span> <span class='ocrx_word' id='word_1_224' title='bbox 3670 1617 3772 1670; x_wconf 83' lang='grc' dir='ltr'><strong>μο-</strong></span> 
     </span>
    </p>
   </div>
   <div class='ocr_carea' id='block_1_32' title="bbox 2119 1682 3772 1763">
    <p class='ocr_par' dir='ltr' id='par_1_32' title="bbox 2119 1682 3772 1763">
     <span class='ocr_line' id='line_1_32' title="bbox 2119 1682 3772 1763; baseline 0.001 -24"><span class='ocrx_word' id='word_1_225' title='bbox 2119 1682 2302 1748; x_wconf 86' lang='grc' dir='ltr'><strong>νάδος·</strong></span> <span class='ocrx_word' id='word_1_226' title='bbox 2336 1683 2432 1741; x_wconf 78' lang='grc' dir='ltr'>κᾶν</span> <span class='ocrx_word' id='word_1_227' title='bbox 2490 1687 2592 1762; x_wconf 70' lang='grc' dir='ltr'><strong>γὰρ</strong></span> <span class='ocrx_word' id='word_1_228' title='bbox 2629 1687 2828 1762; x_wconf 82' lang='grc' dir='ltr'>μορίου</span> <span class='ocrx_word' id='word_1_229' title='bbox 2887 1685 3248 1760; x_wconf 76' lang='grc' dir='ltr'><strong>έπιμνησθῇς,</strong></span> <span class='ocrx_word' id='word_1_230' title='bbox 3281 1684 3421 1763; x_wconf 83' lang='grc' dir='ltr'><strong>ἐρεῖς</strong></span> <span class='ocrx_word' id='word_1_231' title='bbox 3461 1685 3635 1759; x_wconf 78' lang='grc' dir='ltr'><strong>ἥμισυ</strong></span> <span class='ocrx_word' id='word_1_232' title='bbox 3689 1685 3772 1757; x_wconf 76' lang='grc' dir='ltr'><strong>ἓν,</strong></span> 
     </span>
    </p>
   </div>
   <div class='ocr_carea' id='block_1_33' title="bbox 2119 1772 3770 1850">
    <p class='ocr_par' dir='ltr' id='par_1_33' title="bbox 2119 1772 3770 1850">
     <span class='ocr_line' id='line_1_33' title="bbox 2119 1772 3770 1850; baseline 0.001 -21"><span class='ocrx_word' id='word_1_233' title='bbox 2119 1776 2209 1830; x_wconf 78' lang='grc' dir='ltr'><strong>καὶ</strong></span> <span class='ocrx_word' id='word_1_234' title='bbox 2264 1774 2448 1850; x_wconf 91' lang='grc' dir='ltr'><strong>τρίτον</strong></span> <span class='ocrx_word' id='word_1_235' title='bbox 2492 1774 2570 1844; x_wconf 78' lang='grc' dir='ltr'><strong>ἓν,</strong></span> <span class='ocrx_word' id='word_1_236' title='bbox 2609 1775 2696 1830; x_wconf 82' lang='grc' dir='ltr'><strong>καὶ</strong></span> <span class='ocrx_word' id='word_1_237' title='bbox 2746 1772 2966 1830; x_wconf 77' lang='grc' dir='ltr'>δέκατον</span> <span class='ocrx_word' id='word_1_238' title='bbox 3015 1775 3093 1847; x_wconf 80' lang='grc' dir='ltr'><strong>ἓν,</strong></span> <span class='ocrx_word' id='word_1_239' title='bbox 3145 1775 3236 1830; x_wconf 81' lang='grc' dir='ltr'><strong>καὶ</strong></span> <span class='ocrx_word' id='word_1_240' title='bbox 3283 1773 3513 1849; x_wconf 80' lang='grc' dir='ltr'><strong>ἑφεξῆς·</strong></span> <span class='ocrx_word' id='word_1_241' title='bbox 3548 1775 3638 1830; x_wconf 86' lang='grc' dir='ltr'><strong>καὶ</strong></span> <span class='ocrx_word' id='word_1_242' title='bbox 3687 1774 3770 1830; x_wconf 79' lang='grc' dir='ltr'><strong>ὅτι</strong></span> 
     </span>
    </p>
   </div>
   <div class='ocr_carea' id='block_1_34' title="bbox 349 1861 2006 1966">
    <p class='ocr_par' dir='ltr' id='par_1_34' title="bbox 349 1863 2006 1940">
     <span class='ocr_line' id='line_1_34' title="bbox 349 1863 2006 1940; baseline -0.003 -16"><span class='ocrx_word' id='word_1_243' title='bbox 349 1869 590 1940; x_wconf 88' lang='lat' dir='ltr'><strong>cimam,</strong></span> <span class='ocrx_word' id='word_1_244' title='bbox 621 1872 676 1924; x_wconf 87' lang='lat' dir='ltr'><strong>et</strong></span> <span class='ocrx_word' id='word_1_245' title='bbox 707 1868 984 1940; x_wconf 88' lang='lat' dir='ltr'><strong>deinceps</strong></span> <span class='ocrx_word' id='word_1_246' title='bbox 1019 1885 1034 1923; x_wconf 88' lang='lat'><strong>:</strong></span> <span class='ocrx_word' id='word_1_247' title='bbox 1097 1873 1274 1940; x_wconf 88' lang='lat' dir='ltr'><strong>atque</strong></span> <span class='ocrx_word' id='word_1_248' title='bbox 1315 1883 1498 1923; x_wconf 90' lang='lat' dir='ltr'><strong>unam</strong></span> <span class='ocrx_word' id='word_1_249' title='bbox 1551 1863 1916 1932; x_wconf 84' lang='lat' dir='ltr'><strong>dualitatem,</strong></span> <span class='ocrx_word' id='word_1_250' title='bbox 1956 1866 2006 1921; x_wconf 87' lang='lat' dir='ltr'><strong>el</strong></span> 
     </span>
    </p>
   </div>
   <div class='ocr_carea' id='block_1_35' title="bbox 2125 1861 3769 1966">
    <p class='ocr_par' dir='ltr' id='par_1_35' title="bbox 2127 1861 3769 1940">
     <span class='ocr_line' id='line_1_35' title="bbox 2127 1861 3769 1940; baseline 0.001 -22"><span class='ocrx_word' id='word_1_251' title='bbox 2127 1865 2226 1938; x_wconf 85' lang='grc' dir='ltr'><strong>μία</strong></span> <span class='ocrx_word' id='word_1_252' title='bbox 2257 1861 2406 1937; x_wconf 85' lang='grc' dir='ltr'><strong>δυάς,</strong></span> <span class='ocrx_word' id='word_1_253' title='bbox 2434 1863 2524 1920; x_wconf 84' lang='grc' dir='ltr'><strong>καὶ</strong></span> <span class='ocrx_word' id='word_1_254' title='bbox 2587 1865 2684 1938; x_wconf 90' lang='grc' dir='ltr'><strong>μία</strong></span> <span class='ocrx_word' id='word_1_255' title='bbox 2733 1861 2890 1926; x_wconf 76' lang='grc' dir='ltr'><strong>δεκὰς</strong></span> <span class='ocrx_word' id='word_1_256' title='bbox 2933 1864 3170 1940; x_wconf 84' lang='grc' dir='ltr'><strong>λέγεται,</strong></span> <span class='ocrx_word' id='word_1_257' title='bbox 3205 1864 3280 1927; x_wconf 83' lang='grc' dir='ltr'><strong>ὡς</strong></span> <span class='ocrx_word' id='word_1_258' title='bbox 3317 1866 3407 1920; x_wconf 87' lang='grc' dir='ltr'><strong>καὶ</strong></span> <span class='ocrx_word' id='word_1_259' title='bbox 3453 1864 3661 1922; x_wconf 72' lang='grc' dir='ltr'><strong>τούτων</strong></span> <span class='ocrx_word' id='word_1_260' title='bbox 3719 1865 3769 1939; x_wconf 74' lang='grc' dir='ltr'><strong>ἐξ</strong></span> 
     </span>
    </p>
   </div>
   <div class='ocr_carea' id='block_1_36' title="bbox 352 1955 2016 2028">
    <p class='ocr_par' dir='ltr' id='par_1_36' title="bbox 352 1955 2016 2028">
     <span class='ocr_line' id='line_1_36' title="bbox 352 1955 2016 2028; baseline -0.002 -14"><span class='ocrx_word' id='word_1_261' title='bbox 352 1974 534 2014; x_wconf 86' lang='lat' dir='ltr'><strong>unam</strong></span> <span class='ocrx_word' id='word_1_262' title='bbox 565 1957 847 2013; x_wconf 89' lang='lat' dir='ltr'><strong>decadem</strong></span> <span class='ocrx_word' id='word_1_263' title='bbox 881 1957 1019 2026; x_wconf 88' lang='lat' dir='ltr'><strong>dici,</strong></span> <span class='ocrx_word' id='word_1_264' title='bbox 1053 1959 1208 2028; x_wconf 89' lang='lat' dir='ltr'><strong>quod</strong></span> <span class='ocrx_word' id='word_1_265' title='bbox 1251 1957 1430 2013; x_wconf 88' lang='lat' dir='ltr'><strong>etiam</strong></span> <span class='ocrx_word' id='word_1_266' title='bbox 1477 1955 1569 2012; x_wconf 68' lang='lat' dir='ltr'><strong>ha</strong></span> <span class='ocrx_word' id='word_1_267' title='bbox 1619 1971 1688 2010; x_wconf 83' lang='lat' dir='ltr'><strong>ex</strong></span> <span class='ocrx_word' id='word_1_268' title='bbox 1737 1971 1805 2010; x_wconf 89' lang='lat' dir='ltr'><strong>ea</strong></span> <span class='ocrx_word' id='word_1_269' title='bbox 1861 1970 2016 2010; x_wconf 87' lang='lat' dir='ltr'><strong>com-</strong></span> 
     </span>
    </p>
   </div>
   <div class='ocr_carea' id='block_1_37' title="bbox 351 2047 648 2121">
    <p class='ocr_par' dir='ltr' id='par_1_37' title="bbox 351 2047 648 2121">
     <span class='ocr_line' id='line_1_37' title="bbox 351 2047 648 2121; baseline 0 -19"><span class='ocrx_word' id='word_1_270' title='bbox 351 2047 648 2121; x_wconf 87' lang='lat' dir='ltr'><strong>pleantur.</strong></span> 
     </span>
    </p>
   </div>
   <div class='ocr_carea' id='block_1_38' title="bbox 423 2135 2016 2209">
    <p class='ocr_par' dir='ltr' id='par_1_38' title="bbox 423 2135 2016 2209">
     <span class='ocr_line' id='line_1_38' title="bbox 423 2135 2016 2209; baseline -0.003 -15"><span class='ocrx_word' id='word_1_271' title='bbox 423 2139 606 2194; x_wconf 84' lang='lat' dir='ltr'><strong>Unum</strong></span> <span class='ocrx_word' id='word_1_272' title='bbox 662 2136 806 2192; x_wconf 76' lang='lat' dir='ltr'><strong>illud</strong></span> <span class='ocrx_word' id='word_1_273' title='bbox 836 2137 979 2209; x_wconf 82' lang='lat' dir='ltr'><strong>quod</strong></span> <span class='ocrx_word' id='word_1_274' title='bbox 1007 2139 1090 2192; x_wconf 76' lang='lat' dir='ltr'><strong>est</strong></span> <span class='ocrx_word' id='word_1_275' title='bbox 1142 2138 1394 2192; x_wconf 77' lang='lat' dir='ltr'><strong>omnium</strong></span> <span class='ocrx_word' id='word_1_276' title='bbox 1452 2150 1638 2191; x_wconf 82' lang='lat' dir='ltr'><strong>causa.</strong></span> <span class='ocrx_word' id='word_1_277' title='bbox 1669 2135 2016 2191; x_wconf 71' lang='lat' dir='ltr'><strong>Manifestus</strong></span> 
     </span>
    </p>
   </div>
   <div class='ocr_carea' id='block_1_39' title="bbox 349 2224 2013 2300">
    <p class='ocr_par' dir='ltr' id='par_1_39' title="bbox 349 2224 2013 2300">
     <span class='ocr_line' id='line_1_39' title="bbox 349 2224 2013 2300; baseline -0.002 -16"><span class='ocrx_word' id='word_1_278' title='bbox 349 2232 441 2284; x_wconf 87' lang='lat' dir='ltr'><strong>est</strong></span> <span class='ocrx_word' id='word_1_279' title='bbox 471 2244 708 2300; x_wconf 83' lang='lat' dir='ltr'><strong>scapus,</strong></span> <span class='ocrx_word' id='word_1_280' title='bbox 733 2227 1025 2282; x_wconf 90' lang='lat' dir='ltr'><strong>nimirum</strong></span> <span class='ocrx_word' id='word_1_281' title='bbox 1058 2227 1306 2300; x_wconf 86' lang='lat' dir='ltr'><strong>probare</strong></span> <span class='ocrx_word' id='word_1_282' title='bbox 1327 2229 1508 2282; x_wconf 89' lang='lat' dir='ltr'><strong>Deum</strong></span> <span class='ocrx_word' id='word_1_283' title='bbox 1537 2224 1653 2280; x_wconf 92' lang='lat' dir='ltr'><strong>dici</strong></span> <span class='ocrx_word' id='word_1_284' title='bbox 1683 2241 2013 2294; x_wconf 91' lang='lat' dir='ltr'><strong>unum,non</strong></span> 
     </span>
    </p>
   </div>
   <div class='ocr_carea' id='block_1_40' title="bbox 345 2315 2011 2388">
    <p class='ocr_par' dir='ltr' id='par_1_40' title="bbox 345 2315 2011 2388">
     <span class='ocr_line' id='line_1_40' title="bbox 345 2315 2011 2388; baseline -0.001 -15"><span class='ocrx_word' id='word_1_285' title='bbox 345 2317 626 2374; x_wconf 87' lang='lat' dir='ltr'><strong>similiter</strong></span> <span class='ocrx_word' id='word_1_286' title='bbox 677 2333 744 2373; x_wconf 87' lang='lat' dir='ltr'><strong>ac</strong></span> <span class='ocrx_word' id='word_1_287' title='bbox 808 2321 1019 2372; x_wconf 68' lang='lat' dir='ltr'><strong>caetera</strong></span> <span class='ocrx_word' id='word_1_288' title='bbox 1049 2333 1180 2388; x_wconf 84' lang='lat' dir='ltr'><strong>quae</strong></span> <span class='ocrx_word' id='word_1_289' title='bbox 1212 2318 1624 2372; x_wconf 86' lang='lat' dir='ltr'><strong>numerantur.</strong></span> <span class='ocrx_word' id='word_1_290' title='bbox 1659 2315 1808 2370; x_wconf 90' lang='lat' dir='ltr'><strong>Deus</strong></span> <span class='ocrx_word' id='word_1_291' title='bbox 1855 2315 2011 2371; x_wconf 89' lang='lat' dir='ltr'><strong>enim</strong></span> 
     </span>
    </p>
   </div>
   <div class='ocr_carea' id='block_1_41' title="bbox 346 2402 2016 2476">
    <p class='ocr_par' dir='ltr' id='par_1_41' title="bbox 346 2402 2016 2476">
     <span class='ocr_line' id='line_1_41' title="bbox 346 2402 2016 2476; baseline 0 -15"><span class='ocrx_word' id='word_1_292' title='bbox 346 2422 534 2462; x_wconf 91' lang='lat' dir='ltr'><strong>unum</strong></span> <span class='ocrx_word' id='word_1_293' title='bbox 590 2410 704 2474; x_wconf 88' lang='lat' dir='ltr'><strong>est,</strong></span> <span class='ocrx_word' id='word_1_294' title='bbox 741 2422 777 2473; x_wconf 89' lang='lat' dir='ltr'><strong>q</strong></span> <span class='ocrx_word' id='word_1_295' title='bbox 800 2409 1049 2461; x_wconf 81' lang='lat' dir='ltr'><strong>uatenus</strong></span> <span class='ocrx_word' id='word_1_296' title='bbox 1075 2403 1328 2476; x_wconf 81' lang='lat' dir='ltr'><strong>simplex</strong></span> <span class='ocrx_word' id='word_1_297' title='bbox 1357 2409 1415 2461; x_wconf 92' lang='lat' dir='ltr'><strong>et</strong></span> <span class='ocrx_word' id='word_1_298' title='bbox 1444 2402 1808 2474; x_wconf 88' lang='lat' dir='ltr'><strong>individuus,</strong></span> <span class='ocrx_word' id='word_1_299' title='bbox 1840 2408 2016 2476; x_wconf 87' lang='lat' dir='ltr'><strong>atque</strong></span> 
     </span>
    </p>
   </div>
   <div class='ocr_carea' id='block_1_42' title="bbox 344 2493 2012 2566">
    <p class='ocr_par' dir='ltr' id='par_1_42' title="bbox 344 2493 2012 2566">
     <span class='ocr_line' id='line_1_42' title="bbox 344 2493 2012 2566; baseline 0.001 -16"><span class='ocrx_word' id='word_1_300' title='bbox 344 2494 694 2551; x_wconf 65' lang='lat' dir='ltr'><strong>differentiis</strong></span> <span class='ocrx_word' id='word_1_301' title='bbox 715 2495 1005 2566; x_wconf 74' lang='lat' dir='ltr'><strong>specillcaa</strong></span> <span class='ocrx_word' id='word_1_302' title='bbox 1022 2493 1647 2566; x_wconf 86' lang='lat' dir='ltr'><strong>expers,omniumque</strong></span> <span class='ocrx_word' id='word_1_303' title='bbox 1667 2493 2012 2564; x_wconf 87' lang='lat' dir='ltr'><strong>passionum</strong></span> 
     </span>
    </p>
   </div>
   <div class='ocr_carea' id='block_1_43' title="bbox 346 2581 2012 2652">
    <p class='ocr_par' dir='ltr' id='par_1_43' title="bbox 346 2581 2012 2652">
     <span class='ocr_line' id='line_1_43' title="bbox 346 2581 2012 2652; baseline 0 -12"><span class='ocrx_word' id='word_1_304' title='bbox 346 2589 407 2640; x_wconf 89' lang='lat' dir='ltr'><strong>et</strong></span> <span class='ocrx_word' id='word_1_305' title='bbox 438 2583 834 2640; x_wconf 85' lang='lat' dir='ltr'><strong>accidentium</strong></span> <span class='ocrx_word' id='word_1_306' title='bbox 885 2582 1149 2652; x_wconf 90' lang='lat' dir='ltr'><strong>alienus;</strong></span> <span class='ocrx_word' id='word_1_307' title='bbox 1184 2581 1404 2638; x_wconf 88' lang='lat' dir='ltr'><strong>dicitur</strong></span> <span class='ocrx_word' id='word_1_308' title='bbox 1424 2582 1600 2638; x_wconf 88' lang='lat' dir='ltr'><strong>etiam</strong></span> <span class='ocrx_word' id='word_1_309' title='bbox 1629 2600 1839 2649; x_wconf 88' lang='lat' dir='ltr'><strong>unum,</strong></span> <span class='ocrx_word' id='word_1_310' title='bbox 1870 2585 2012 2640; x_wconf 92' lang='lat' dir='ltr'><strong>dum</strong></span> 
     </span>
    </p>
   </div>
   <div class='ocr_carea' id='block_1_44' title="bbox 348 2671 2014 2745">
    <p class='ocr_par' dir='ltr' id='par_1_44' title="bbox 348 2671 2014 2745">
     <span class='ocr_line' id='line_1_44' title="bbox 348 2671 2014 2745; baseline 0 -17"><span class='ocrx_word' id='word_1_311' title='bbox 348 2676 641 2744; x_wconf 81' lang='lat' dir='ltr'><strong>tanquam</strong></span> <span class='ocrx_word' id='word_1_312' title='bbox 683 2672 1044 2745; x_wconf 55' lang='lat' dir='ltr'><strong>principium</strong></span> <span class='ocrx_word' id='word_1_313' title='bbox 1081 2671 1322 2744; x_wconf 86' lang='lat' dir='ltr'><strong>aliquod</strong></span> <span class='ocrx_word' id='word_1_314' title='bbox 1338 2673 1766 2730; x_wconf 86' lang='lat' dir='ltr'><strong>etelementum</strong></span> <span class='ocrx_word' id='word_1_315' title='bbox 1793 2674 2014 2729; x_wconf 85' lang='lat' dir='ltr'><strong>futuro-</strong></span> 
     </span>
    </p>
   </div>
   <div class='ocr_carea' id='block_1_45' title="bbox 349 2761 2017 2835">
    <p class='ocr_par' dir='ltr' id='par_1_45' title="bbox 349 2761 2017 2835">
     <span class='ocr_line' id='line_1_45' title="bbox 349 2761 2017 2835; baseline -0.001 -16"><span class='ocrx_word' id='word_1_316' title='bbox 349 2761 2017 2835; x_wconf 83' lang='lat' dir='ltr'><strong>rumintelligitur.Atidem,autdiversum,autmajus,aut</strong></span> 
     </span>
    </p>
   </div>
   <div class='ocr_carea' id='block_1_46' title="bbox 352 2850 2017 2924">
    <p class='ocr_par' dir='ltr' id='par_1_46' title="bbox 352 2850 2017 2924">
     <span class='ocr_line' id='line_1_46' title="bbox 352 2850 2017 2924; baseline 0 -17"><span class='ocrx_word' id='word_1_317' title='bbox 352 2851 574 2920; x_wconf 90' lang='lat' dir='ltr'><strong>minus,</strong></span> <span class='ocrx_word' id='word_1_318' title='bbox 607 2851 852 2924; x_wconf 90' lang='lat' dir='ltr'><strong>insuper</strong></span> <span class='ocrx_word' id='word_1_319' title='bbox 871 2851 1051 2907; x_wconf 86' lang='lat' dir='ltr'><strong>etiam</strong></span> <span class='ocrx_word' id='word_1_320' title='bbox 1100 2850 1397 2924; x_wconf 87' lang='lat' dir='ltr'><strong>integrum</strong></span> <span class='ocrx_word' id='word_1_321' title='bbox 1419 2857 1522 2908; x_wconf 86' lang='lat' dir='ltr'><strong>aut</strong></span> <span class='ocrx_word' id='word_1_322' title='bbox 1544 2853 1885 2909; x_wconf 85' lang='lat' dir='ltr'><strong>redundans</strong></span> <span class='ocrx_word' id='word_1_323' title='bbox 1915 2855 2017 2908; x_wconf 88' lang='lat' dir='ltr'><strong>aut</strong></span> 
     </span>
    </p>
   </div>
   <div class='ocr_carea' id='block_1_47' title="bbox 351 2939 2014 3014">
    <p class='ocr_par' dir='ltr' id='par_1_47' title="bbox 351 2939 2014 3014">
     <span class='ocr_line' id='line_1_47' title="bbox 351 2939 2014 3014; baseline -0.002 -16"><span class='ocrx_word' id='word_1_324' title='bbox 351 2940 578 3014; x_wconf 58' lang='lat' dir='ltr'><strong>aequale</strong></span> <span class='ocrx_word' id='word_1_325' title='bbox 595 2945 697 2996; x_wconf 86' lang='lat' dir='ltr'><strong>aut</strong></span> <span class='ocrx_word' id='word_1_326' title='bbox 715 2939 1192 3012; x_wconf 65' lang='lat' dir='ltr'><strong>inequale,quod</strong></span> <span class='ocrx_word' id='word_1_327' title='bbox 1217 2941 1276 2995; x_wconf 92' lang='lat' dir='ltr'><strong>in</strong></span> <span class='ocrx_word' id='word_1_328' title='bbox 1297 2941 1562 2997; x_wconf 88' lang='lat' dir='ltr'><strong>numeris</strong></span> <span class='ocrx_word' id='word_1_329' title='bbox 1586 2941 2014 3011; x_wconf 87' lang='lat' dir='ltr'><strong>consideratur,</strong></span> 
     </span>
    </p>
   </div>
   <div class='ocr_carea' id='block_1_48' title="bbox 353 3028 2016 3101">
    <p class='ocr_par' dir='ltr' id='par_1_48' title="bbox 353 3028 2016 3101">
     <span class='ocr_line' id='line_1_48' title="bbox 353 3028 2016 3101; baseline 0 -15"><span class='ocrx_word' id='word_1_330' title='bbox 353 3029 555 3086; x_wconf 86' lang='lat' dir='ltr'><strong>nullus</strong></span> <span class='ocrx_word' id='word_1_331' title='bbox 612 3045 747 3084; x_wconf 90' lang='lat' dir='ltr'><strong>cum</strong></span> <span class='ocrx_word' id='word_1_332' title='bbox 803 3028 1031 3084; x_wconf 86' lang='lat' dir='ltr'><strong>ratione</strong></span> <span class='ocrx_word' id='word_1_333' title='bbox 1082 3028 1140 3083; x_wconf 88' lang='lat' dir='ltr'><strong>in</strong></span> <span class='ocrx_word' id='word_1_334' title='bbox 1174 3029 1533 3101; x_wconf 89' lang='lat' dir='ltr'><strong>principium</strong></span> <span class='ocrx_word' id='word_1_335' title='bbox 1580 3031 1915 3100; x_wconf 86' lang='lat' dir='ltr'><strong>transferat,</strong></span> <span class='ocrx_word' id='word_1_336' title='bbox 1949 3047 2016 3086; x_wconf 87' lang='lat' dir='ltr'><strong>ea</strong></span> 
     </span>
    </p>
   </div>
   <div class='ocr_carea' id='block_1_49' title="bbox 353 3117 2016 3192">
    <p class='ocr_par' dir='ltr' id='par_1_49' title="bbox 353 3117 2016 3192">
     <span class='ocr_line' id='line_1_49' title="bbox 353 3117 2016 3192; baseline 0 -17"><span class='ocrx_word' id='word_1_337' title='bbox 353 3117 715 3192; x_wconf 86' lang='lat' dir='ltr'><strong>principium</strong></span> <span class='ocrx_word' id='word_1_338' title='bbox 736 3117 1294 3174; x_wconf 81' lang='lat' dir='ltr'><strong>constituensztalia</strong></span> <span class='ocrx_word' id='word_1_339' title='bbox 1308 3119 1467 3174; x_wconf 88' lang='lat' dir='ltr'><strong>enim</strong></span> <span class='ocrx_word' id='word_1_340' title='bbox 1509 3118 1897 3190; x_wconf 87' lang='lat' dir='ltr'><strong>passiones,et</strong></span> <span class='ocrx_word' id='word_1_341' title='bbox 1926 3136 2016 3175; x_wconf 85' lang='lat' dir='ltr'><strong>ac-</strong></span> 
     </span>
    </p>
   </div>
   <div class='ocr_carea' id='block_1_50' title="bbox 353 3207 2010 3278">
    <p class='ocr_par' dir='ltr' id='par_1_50' title="bbox 353 3207 2010 3278">
     <span class='ocr_line' id='line_1_50' title="bbox 353 3207 2010 3278; baseline 0.001 -15"><span class='ocrx_word' id='word_1_342' title='bbox 353 3207 611 3264; x_wconf 87' lang='lat' dir='ltr'><strong>cidentia</strong></span> <span class='ocrx_word' id='word_1_343' title='bbox 630 3207 964 3263; x_wconf 83' lang='lat' dir='ltr'><strong>necessario</strong></span> <span class='ocrx_word' id='word_1_344' title='bbox 987 3207 1362 3278; x_wconf 85' lang='lat' dir='ltr'><strong>sunt.ltaque</strong></span> <span class='ocrx_word' id='word_1_345' title='bbox 1391 3207 1451 3262; x_wconf 92' lang='lat' dir='ltr'><strong>in</strong></span> <span class='ocrx_word' id='word_1_346' title='bbox 1483 3207 1750 3265; x_wconf 87' lang='lat' dir='ltr'><strong>numeris</strong></span> <span class='ocrx_word' id='word_1_347' title='bbox 1773 3209 2010 3264; x_wconf 84' lang='lat' dir='ltr'><strong>{inisdi-</strong></span> 
     </span>
    </p>
   </div>
   <div class='ocr_carea' id='block_1_51' title="bbox 2125 1952 2865 2031">
    <p class='ocr_par' dir='ltr' id='par_1_51' title="bbox 2125 1952 2865 2031">
     <span class='ocr_line' id='line_1_51' title="bbox 2125 1952 2865 2031; baseline 0.001 -22"><span class='ocrx_word' id='word_1_348' title='bbox 2125 1952 2294 2024; x_wconf 80' lang='grc' dir='ltr'><strong>αὐτῆς</strong></span> <span class='ocrx_word' id='word_1_349' title='bbox 2326 1953 2865 2031; x_wconf 82' lang='grc' dir='ltr'><strong>συμπληρουμένων.</strong></span> 
     </span>
    </p>
   </div>
   <div class='ocr_carea' id='block_1_52' title="bbox 2195 2132 3774 2205">
    <p class='ocr_par' dir='ltr' id='par_1_52' title="bbox 2195 2132 3774 2205">
     <span class='ocr_line' id='line_1_52' title="bbox 2195 2132 3774 2205; baseline -0.001 -13"><span class='ocrx_word' id='word_1_350' title='bbox 2195 2136 2272 2192; x_wconf 87' lang='grc' dir='ltr'><strong>Τὸ</strong></span> <span class='ocrx_word' id='word_1_351' title='bbox 2323 2134 2538 2190; x_wconf 88' lang='grc' dir='ltr'><strong>πάντων</strong></span> <span class='ocrx_word' id='word_1_352' title='bbox 2590 2134 2763 2190; x_wconf 61' lang='grc' dir='ltr'><strong>αἴτιον</strong></span> <span class='ocrx_word' id='word_1_353' title='bbox 2831 2132 2908 2192; x_wconf 73' lang='grc' dir='ltr'><strong>ἓν.</strong></span> <span class='ocrx_word' id='word_1_354' title='bbox 2969 2136 3026 2192; x_wconf 80' lang='grc' dir='ltr'><strong>Ὀ</strong></span> <span class='ocrx_word' id='word_1_355' title='bbox 3077 2136 3276 2197; x_wconf 87' lang='grc' dir='ltr'><strong>σκοπὸς</strong></span> <span class='ocrx_word' id='word_1_356' title='bbox 3331 2132 3526 2205; x_wconf 79' lang='grc' dir='ltr'><strong>δῆλος,</strong></span> <span class='ocrx_word' id='word_1_357' title='bbox 3577 2133 3660 2191; x_wconf 76' lang='grc' dir='ltr'><strong>ὅτι</strong></span> <span class='ocrx_word' id='word_1_358' title='bbox 3720 2133 3774 2190; x_wconf 83' lang='grc' dir='ltr'><strong>ἓν</strong></span> 
     </span>
    </p>
   </div>
   <div class='ocr_carea' id='block_1_53' title="bbox 2125 2223 3781 2301">
    <p class='ocr_par' dir='ltr' id='par_1_53' title="bbox 2125 2223 3781 2301">
     <span class='ocr_line' id='line_1_53' title="bbox 2125 2223 3781 2301; baseline -0.001 -20"><span class='ocrx_word' id='word_1_359' title='bbox 2125 2225 2422 2301; x_wconf 85' lang='grc' dir='ltr'><strong>λεγόμενος</strong></span> <span class='ocrx_word' id='word_1_360' title='bbox 2454 2225 2482 2279; x_wconf 84' lang='grc' dir='ltr'>ὁ</span> <span class='ocrx_word' id='word_1_361' title='bbox 2513 2225 2662 2294; x_wconf 84' lang='grc' dir='ltr'><strong>Θεὸς,</strong></span> <span class='ocrx_word' id='word_1_362' title='bbox 2695 2223 2803 2299; x_wconf 80' lang='grc' dir='ltr'><strong>οὐχ</strong></span> <span class='ocrx_word' id='word_1_363' title='bbox 2827 2225 3035 2298; x_wconf 82' lang='grc' dir='ltr'><strong>ὁμοίως</strong></span> <span class='ocrx_word' id='word_1_364' title='bbox 3068 2229 3187 2288; x_wconf 88' lang='grc' dir='ltr'><strong>τοῖς</strong></span> <span class='ocrx_word' id='word_1_365' title='bbox 3216 2225 3544 2300; x_wconf 87' lang='grc' dir='ltr'><strong>ἀριθμητοῖς</strong></span> <span class='ocrx_word' id='word_1_366' title='bbox 3582 2223 3639 2280; x_wconf 78' lang='grc' dir='ltr'><strong>’έν</strong></span> <span class='ocrx_word' id='word_1_367' title='bbox 3693 2223 3781 2280; x_wconf 85' lang='grc' dir='ltr'><strong>λέ-</strong></span> 
     </span>
    </p>
   </div>
   <div class='ocr_carea' id='block_1_54' title="bbox 2123 2311 3780 2389">
    <p class='ocr_par' dir='ltr' id='par_1_54' title="bbox 2123 2311 3780 2389">
     <span class='ocr_line' id='line_1_54' title="bbox 2123 2311 3780 2389; baseline -0.001 -20"><span class='ocrx_word' id='word_1_368' title='bbox 2123 2335 2272 2389; x_wconf 88' lang='grc' dir='ltr'><strong>γεται</strong></span> <span class='ocrx_word' id='word_1_369' title='bbox 2307 2335 2320 2348; x_wconf 93' lang='grc'><strong>·</strong></span> <span class='ocrx_word' id='word_1_370' title='bbox 2357 2317 2385 2370; x_wconf 83' lang='grc' dir='ltr'><strong>ὸ</strong></span> <span class='ocrx_word' id='word_1_371' title='bbox 2422 2315 2516 2388; x_wconf 71' lang='grc' dir='ltr'><strong>μὲν</strong></span> <span class='ocrx_word' id='word_1_372' title='bbox 2550 2314 2652 2389; x_wconf 84' lang='grc' dir='ltr'><strong>γὰρ</strong></span> <span class='ocrx_word' id='word_1_373' title='bbox 2685 2314 2814 2375; x_wconf 86' lang='grc' dir='ltr'><strong>Θεὸς</strong></span> <span class='ocrx_word' id='word_1_374' title='bbox 2870 2311 2925 2368; x_wconf 78' lang='grc' dir='ltr'><strong>ἓν</strong></span> <span class='ocrx_word' id='word_1_375' title='bbox 2979 2315 3114 2382; x_wconf 72' lang='grc' dir='ltr'><strong>ἐστι,</strong></span> <span class='ocrx_word' id='word_1_376' title='bbox 3145 2314 3278 2378; x_wconf 88' lang='grc' dir='ltr'><strong>καθὸ</strong></span> <span class='ocrx_word' id='word_1_377' title='bbox 3327 2312 3536 2377; x_wconf 80' lang='grc' dir='ltr'><strong>ἁπλοῦς</strong></span> <span class='ocrx_word' id='word_1_378' title='bbox 3581 2335 3642 2370; x_wconf 90' lang='grc' dir='ltr'><strong>τε</strong></span> <span class='ocrx_word' id='word_1_379' title='bbox 3686 2313 3780 2369; x_wconf 85' lang='grc' dir='ltr'><strong>καὶ</strong></span> 
     </span>
    </p>
   </div>
   <div class='ocr_carea' id='block_1_55' title="bbox 2125 2400 3782 2481">
    <p class='ocr_par' dir='ltr' id='par_1_55' title="bbox 2125 2400 3782 2481">
     <span class='ocr_line' id='line_1_55' title="bbox 2125 2400 3782 2481; baseline -0.001 -23"><span class='ocrx_word' id='word_1_380' title='bbox 2125 2404 2356 2477; x_wconf 79' lang='grc' dir='ltr'><strong>ἀμερὴς,</strong></span> <span class='ocrx_word' id='word_1_381' title='bbox 2416 2403 2507 2458; x_wconf 82' lang='grc' dir='ltr'><strong>καὶ</strong></span> <span class='ocrx_word' id='word_1_382' title='bbox 2565 2409 2664 2472; x_wconf 83' lang='grc' dir='ltr'><strong>τῆς</strong></span> <span class='ocrx_word' id='word_1_383' title='bbox 2711 2404 2828 2458; x_wconf 85' lang='grc' dir='ltr'><strong>κατ’</strong></span> <span class='ocrx_word' id='word_1_384' title='bbox 2889 2400 3030 2465; x_wconf 77' lang='grc' dir='ltr'><strong>εἶδος</strong></span> <span class='ocrx_word' id='word_1_385' title='bbox 3078 2400 3340 2481; x_wconf 76' lang='grc' dir='ltr'><strong>διαφορᾶς</strong></span> <span class='ocrx_word' id='word_1_386' title='bbox 3384 2401 3639 2478; x_wconf 73' lang='grc' dir='ltr'><strong>ἄμοιρος,</strong></span> <span class='ocrx_word' id='word_1_387' title='bbox 3689 2404 3782 2458; x_wconf 82' lang='grc' dir='ltr'><strong>καὶ</strong></span> 
     </span>
    </p>
   </div>
   <div class='ocr_carea' id='block_1_56' title="bbox 2123 2487 3780 2568">
    <p class='ocr_par' dir='ltr' id='par_1_56' title="bbox 2123 2487 3780 2568">
     <span class='ocr_line' id='line_1_56' title="bbox 2123 2487 3780 2568; baseline 0.001 -21"><span class='ocrx_word' id='word_1_388' title='bbox 2123 2494 2340 2548; x_wconf 74' lang='grc' dir='ltr'><strong>πάντων</strong></span> <span class='ocrx_word' id='word_1_389' title='bbox 2399 2492 2743 2565; x_wconf 83' lang='grc' dir='ltr'><strong>παθημάτων</strong></span> <span class='ocrx_word' id='word_1_390' title='bbox 2798 2492 2889 2546; x_wconf 87' lang='grc' dir='ltr'><strong>καὶ</strong></span> <span class='ocrx_word' id='word_1_391' title='bbox 2940 2487 3369 2564; x_wconf 88' lang='grc' dir='ltr'><strong>συμϐεϐηκότων</strong></span> <span class='ocrx_word' id='word_1_392' title='bbox 3430 2491 3730 2568; x_wconf 80' lang='grc' dir='ltr'><strong>ἀλλότριος</strong></span> <span class='ocrx_word' id='word_1_393' title='bbox 3766 2511 3780 2524; x_wconf 85' lang='grc'><em>’</em></span> 
     </span>
    </p>
   </div>
   <div class='ocr_carea' id='block_1_57' title="bbox 2125 2578 3778 2657">
    <p class='ocr_par' dir='ltr' id='par_1_57' title="bbox 2125 2578 3778 2657">
     <span class='ocr_line' id='line_1_57' title="bbox 2125 2578 3778 2657; baseline 0.001 -22"><span class='ocrx_word' id='word_1_394' title='bbox 2125 2579 2342 2657; x_wconf 88' lang='grc' dir='ltr'><strong>λέγεται</strong></span> <span class='ocrx_word' id='word_1_395' title='bbox 2392 2581 2482 2636; x_wconf 88' lang='grc' dir='ltr'><strong>καὶ</strong></span> <span class='ocrx_word' id='word_1_396' title='bbox 2531 2578 2611 2650; x_wconf 73' lang='grc' dir='ltr'><strong>ἓν,</strong></span> <span class='ocrx_word' id='word_1_397' title='bbox 2647 2581 2794 2657; x_wconf 76' lang='grc' dir='ltr'><strong>ἀρχή</strong></span> <span class='ocrx_word' id='word_1_398' title='bbox 2841 2601 2924 2642; x_wconf 88' lang='grc' dir='ltr'><strong>τις</strong></span> <span class='ocrx_word' id='word_1_399' title='bbox 2973 2579 3155 2657; x_wconf 85' lang='grc' dir='ltr'><strong>ὥσπερ</strong></span> <span class='ocrx_word' id='word_1_400' title='bbox 3203 2582 3294 2636; x_wconf 86' lang='grc' dir='ltr'><strong>καὶ</strong></span> <span class='ocrx_word' id='word_1_401' title='bbox 3339 2586 3614 2656; x_wconf 88' lang='grc' dir='ltr'><strong>στοιχεῖον</strong></span> <span class='ocrx_word' id='word_1_402' title='bbox 3667 2586 3778 2637; x_wconf 81' lang='grc' dir='ltr'><strong>τῶν</strong></span> 
     </span>
    </p>
   </div>
   <div class='ocr_carea' id='block_1_58' title="bbox 2127 2669 3776 2745">
    <p class='ocr_par' dir='ltr' id='par_1_58' title="bbox 2127 2669 3776 2745">
     <span class='ocr_line' id='line_1_58' title="bbox 2127 2669 3776 2745; baseline 0 -18"><span class='ocrx_word' id='word_1_403' title='bbox 2127 2670 2400 2745; x_wconf 74' lang='grc' dir='ltr'><strong>ἐσομένων</strong></span> <span class='ocrx_word' id='word_1_404' title='bbox 2433 2670 2754 2744; x_wconf 76' lang='grc' dir='ltr'><strong>νοούμενος.</strong></span> <span class='ocrx_word' id='word_1_405' title='bbox 2787 2673 2860 2727; x_wconf 87' lang='grc' dir='ltr'>Τὸ</span> <span class='ocrx_word' id='word_1_406' title='bbox 2893 2669 2951 2726; x_wconf 76' lang='grc' dir='ltr'><strong>δὲ</strong></span> <span class='ocrx_word' id='word_1_407' title='bbox 2993 2671 3212 2744; x_wconf 81' lang='grc' dir='ltr'><strong>ταύτὸν,</strong></span> <span class='ocrx_word' id='word_1_408' title='bbox 3245 2673 3281 2742; x_wconf 71' lang='grc' dir='ltr'><strong>ἢ</strong></span> <span class='ocrx_word' id='word_1_409' title='bbox 3329 2670 3536 2744; x_wconf 70' lang='grc' dir='ltr'><strong>ἕτερον,</strong></span> <span class='ocrx_word' id='word_1_410' title='bbox 3657 2678 3776 2745; x_wconf 88' lang='grc' dir='ltr'><strong>μεῖ-</strong></span> 
     </span>
    </p>
   </div>
   <div class='ocr_carea' id='block_1_59' title="bbox 2128 2755 3772 2836">
    <p class='ocr_par' dir='ltr' id='par_1_59' title="bbox 2128 2755 3772 2836">
     <span class='ocr_line' id='line_1_59' title="bbox 2128 2755 3772 2836; baseline -0.001 -20"><span class='ocrx_word' id='word_1_411' title='bbox 2128 2767 2241 2832; x_wconf 88' lang='grc' dir='ltr'><strong>ζον,</strong></span> <span class='ocrx_word' id='word_1_412' title='bbox 2291 2760 2324 2829; x_wconf 72' lang='grc' dir='ltr'>ἢ</span> <span class='ocrx_word' id='word_1_413' title='bbox 2376 2756 2623 2829; x_wconf 79' lang='grc' dir='ltr'><strong>ἔλαττον,</strong></span> <span class='ocrx_word' id='word_1_414' title='bbox 2656 2755 2734 2815; x_wconf 76' lang='grc' dir='ltr'><strong>ἔτι</strong></span> <span class='ocrx_word' id='word_1_415' title='bbox 2789 2758 2846 2815; x_wconf 80' lang='grc' dir='ltr'><strong>δὲ</strong></span> <span class='ocrx_word' id='word_1_416' title='bbox 2894 2761 3076 2836; x_wconf 78' lang='grc' dir='ltr'><strong>ἄρτιον</strong></span> <span class='ocrx_word' id='word_1_417' title='bbox 3122 2763 3157 2832; x_wconf 71' lang='grc' dir='ltr'><strong>ἢ</strong></span> <span class='ocrx_word' id='word_1_418' title='bbox 3189 2760 3465 2836; x_wconf 88' lang='grc' dir='ltr'><strong>περιττὸν,</strong></span> <span class='ocrx_word' id='word_1_419' title='bbox 3498 2763 3532 2831; x_wconf 72' lang='grc' dir='ltr'><strong>ἢ</strong></span> <span class='ocrx_word' id='word_1_420' title='bbox 3563 2763 3678 2816; x_wconf 77' lang='grc' dir='ltr'>ἴσον</span> 
     </span>
    </p>
   </div>
   <div class='ocr_carea' id='block_1_60' title="bbox 2126 2848 3775 2926">
    <p class='ocr_par' dir='ltr' id='par_1_60' title="bbox 2126 2848 3775 2926">
     <span class='ocr_line' id='line_1_60' title="bbox 2126 2848 3775 2926; baseline 0.001 -22"><span class='ocrx_word' id='word_1_421' title='bbox 2126 2849 2330 2921; x_wconf 77' lang='grc' dir='ltr'><strong>ἄνισον,</strong></span> <span class='ocrx_word' id='word_1_422' title='bbox 2363 2849 2494 2922; x_wconf 74' lang='grc' dir='ltr'><strong>ὅπερ</strong></span> <span class='ocrx_word' id='word_1_423' title='bbox 2528 2848 2578 2903; x_wconf 87' lang='grc' dir='ltr'><strong>έν</strong></span> <span class='ocrx_word' id='word_1_424' title='bbox 2610 2855 2727 2912; x_wconf 74' lang='grc' dir='ltr'><strong>τοῖς</strong></span> <span class='ocrx_word' id='word_1_425' title='bbox 2763 2849 3024 2924; x_wconf 83' lang='grc' dir='ltr'><strong>ἀριθμοῖς</strong></span> <span class='ocrx_word' id='word_1_426' title='bbox 3083 2855 3383 2926; x_wconf 85' lang='grc' dir='ltr'><strong>θεωρεῖται,</strong></span> <span class='ocrx_word' id='word_1_427' title='bbox 3419 2848 3518 2904; x_wconf 83' lang='grc' dir='ltr'><strong>οὐκ</strong></span> <span class='ocrx_word' id='word_1_428' title='bbox 3575 2851 3635 2905; x_wconf 81' lang='grc' dir='ltr'>ἄν</span> <span class='ocrx_word' id='word_1_429' title='bbox 3690 2872 3775 2914; x_wconf 87' lang='grc' dir='ltr'><strong>τις</strong></span> 
     </span>
    </p>
   </div>
   <div class='ocr_carea' id='block_1_61' title="bbox 2127 2937 3768 3016">
    <p class='ocr_par' dir='ltr' id='par_1_61' title="bbox 2127 2937 3768 3016">
     <span class='ocr_line' id='line_1_61' title="bbox 2127 2937 3768 3016; baseline 0 -23"><span class='ocrx_word' id='word_1_430' title='bbox 2127 2937 2376 3014; x_wconf 81' lang='grc' dir='ltr'><strong>εὐλόγως</strong></span> <span class='ocrx_word' id='word_1_431' title='bbox 2407 2939 2493 2993; x_wconf 81' lang='grc' dir='ltr'><strong>ἐπὶ</strong></span> <span class='ocrx_word' id='word_1_432' title='bbox 2523 2940 2624 3007; x_wconf 76' lang='grc' dir='ltr'><strong>τήν</strong></span> <span class='ocrx_word' id='word_1_433' title='bbox 2656 2939 2835 3014; x_wconf 77' lang='grc' dir='ltr'><strong>ἀρχὴν</strong></span> <span class='ocrx_word' id='word_1_434' title='bbox 2867 2938 3146 3016; x_wconf 76' lang='grc' dir='ltr'><strong>ἀναφέροι,</strong></span> <span class='ocrx_word' id='word_1_435' title='bbox 3180 2938 3360 3014; x_wconf 68' lang='grc' dir='ltr'><strong>ἀρχήν</strong></span> <span class='ocrx_word' id='word_1_436' title='bbox 3418 2938 3553 2994; x_wconf 81' lang='grc' dir='ltr'><strong>αὐτά</strong></span> <span class='ocrx_word' id='word_1_437' title='bbox 3581 2939 3768 2994; x_wconf 79' lang='grc' dir='ltr'><strong>ποιού-</strong></span> 
     </span>
    </p>
   </div>
   <div class='ocr_carea' id='block_1_62' title="bbox 2130 3024 3773 3104">
    <p class='ocr_par' dir='ltr' id='par_1_62' title="bbox 2130 3024 3773 3104">
     <span class='ocr_line' id='line_1_62' title="bbox 2130 3024 3773 3104; baseline 0 -20"><span class='ocrx_word' id='word_1_438' title='bbox 2130 3049 2333 3102; x_wconf 76' lang='grc' dir='ltr'><strong>μενος’</strong></span> <span class='ocrx_word' id='word_1_439' title='bbox 2385 3029 2454 3084; x_wconf 73' lang='grc' dir='ltr'><strong>τά</strong></span> <span class='ocrx_word' id='word_1_440' title='bbox 2498 3028 2598 3104; x_wconf 77' lang='grc' dir='ltr'><strong>γὰρ</strong></span> <span class='ocrx_word' id='word_1_441' title='bbox 2653 3033 2875 3084; x_wconf 81' lang='grc' dir='ltr'><strong>τοιαῦτα</strong></span> <span class='ocrx_word' id='word_1_442' title='bbox 2931 3029 3078 3099; x_wconf 89' lang='grc' dir='ltr'><strong>πάθη</strong></span> <span class='ocrx_word' id='word_1_443' title='bbox 3141 3028 3232 3084; x_wconf 85' lang='grc' dir='ltr'><strong>καὶ</strong></span> <span class='ocrx_word' id='word_1_444' title='bbox 3281 3024 3666 3102; x_wconf 77' lang='grc' dir='ltr'><strong>συμϐεϐηκότα</strong></span> <span class='ocrx_word' id='word_1_445' title='bbox 3718 3027 3773 3099; x_wconf 77' lang='grc' dir='ltr'>ἐξ</span> 
     </span>
    </p>
   </div>
   <div class='ocr_carea' id='block_1_63' title="bbox 2126 3115 3772 3194">
    <p class='ocr_par' dir='ltr' id='par_1_63' title="bbox 2126 3115 3772 3194">
     <span class='ocr_line' id='line_1_63' title="bbox 2126 3115 3772 3194; baseline -0.001 -21"><span class='ocrx_word' id='word_1_446' title='bbox 2126 3119 2370 3194; x_wconf 78' lang='grc' dir='ltr'><strong>ἀνάγκης</strong></span> <span class='ocrx_word' id='word_1_447' title='bbox 2425 3116 2549 3174; x_wconf 81' lang='grc' dir='ltr'><strong>εἶσί.</strong></span> <span class='ocrx_word' id='word_1_448' title='bbox 2600 3122 2720 3172; x_wconf 84' lang='grc' dir='ltr'><strong>Τῶν</strong></span> <span class='ocrx_word' id='word_1_449' title='bbox 2784 3117 2880 3190; x_wconf 79' lang='grc' dir='ltr'><strong>μὲν</strong></span> <span class='ocrx_word' id='word_1_450' title='bbox 2940 3116 3032 3172; x_wconf 78' lang='grc' dir='ltr'>οὖν</span> <span class='ocrx_word' id='word_1_451' title='bbox 3088 3115 3137 3172; x_wconf 86' lang='grc' dir='ltr'><strong>ὲν</strong></span> <span class='ocrx_word' id='word_1_452' title='bbox 3168 3117 3425 3192; x_wconf 79' lang='grc' dir='ltr'><strong>ἀριθμοῖς</strong></span> <span class='ocrx_word' id='word_1_453' title='bbox 3458 3115 3772 3193; x_wconf 82' lang='grc' dir='ltr'><strong>διαιρέσεων</strong></span> 
     </span>
    </p>
   </div>
   <div class='ocr_carea' id='block_1_64' title="bbox 2125 3203 3775 3283">
    <p class='ocr_par' dir='ltr' id='par_1_64' title="bbox 2125 3203 3775 3283">
     <span class='ocr_line' id='line_1_64' title="bbox 2125 3203 3775 3283; baseline 0 -21"><span class='ocrx_word' id='word_1_454' title='bbox 2125 3207 2201 3270; x_wconf 80' lang='grc' dir='ltr'><strong>είς</strong></span> <span class='ocrx_word' id='word_1_455' title='bbox 2229 3207 2446 3277; x_wconf 86' lang='grc' dir='ltr'><strong>πλῆθος</strong></span> <span class='ocrx_word' id='word_1_456' title='bbox 2471 3208 2534 3262; x_wconf 89' lang='grc' dir='ltr'><strong>τὸ</strong></span> <span class='ocrx_word' id='word_1_457' title='bbox 2569 3207 2735 3281; x_wconf 83' lang='grc' dir='ltr'><strong>πέρας</strong></span> <span class='ocrx_word' id='word_1_458' title='bbox 2765 3205 2841 3269; x_wconf 85' lang='grc' dir='ltr'><strong>εἷς</strong></span> <span class='ocrx_word' id='word_1_459' title='bbox 2877 3203 3082 3279; x_wconf 77' lang='grc' dir='ltr'><strong>μονάδα</strong></span> <span class='ocrx_word' id='word_1_460' title='bbox 3111 3205 3360 3283; x_wconf 81' lang='grc' dir='ltr'><strong>ἀνάγεται</strong></span> <span class='ocrx_word' id='word_1_461' title='bbox 3396 3226 3407 3238; x_wconf 90' lang='grc'>·</span> <span class='ocrx_word' id='word_1_462' title='bbox 3441 3210 3476 3276; x_wconf 83' lang='grc' dir='ltr'><strong>ἡ</strong></span> <span class='ocrx_word' id='word_1_463' title='bbox 3509 3205 3566 3262; x_wconf 77' lang='grc' dir='ltr'><strong>δὲ</strong></span> <span class='ocrx_word' id='word_1_464' title='bbox 3622 3209 3775 3283; x_wconf 79' lang='grc' dir='ltr'><strong>ἀρχὴ</strong></span> 
     </span>
    </p>
   </div>
   <div class='ocr_carea' id='block_1_65' title="bbox 347 3261 2006 3372">
    <p class='ocr_par' dir='ltr' id='par_1_65' title="bbox 347 3295 2006 3366">
     <span class='ocr_line' id='line_1_65' title="bbox 347 3295 2006 3366; baseline -0.001 -12"><span class='ocrx_word' id='word_1_465' title='bbox 347 3295 722 3354; x_wconf 86' lang='lat' dir='ltr'><strong>visionumin</strong></span> <span class='ocrx_word' id='word_1_466' title='bbox 748 3295 1177 3352; x_wconf 89' lang='lat' dir='ltr'><strong>multitudinem</strong></span> <span class='ocrx_word' id='word_1_467' title='bbox 1231 3297 1300 3352; x_wconf 91' lang='lat' dir='ltr'><strong>ad</strong></span> <span class='ocrx_word' id='word_1_468' title='bbox 1345 3297 1632 3354; x_wconf 89' lang='lat' dir='ltr'><strong>unitatem</strong></span> <span class='ocrx_word' id='word_1_469' title='bbox 1672 3298 2006 3366; x_wconf 87' lang='lat' dir='ltr'><strong>reducitur;</strong></span> 
     </span>
    </p>
   </div>
   <div class='ocr_carea' id='block_1_66' title="bbox 2125 3261 3776 3372">
    <p class='ocr_par' dir='ltr' id='par_1_66' title="bbox 2125 3261 3776 3372">
     <span class='ocr_line' id='line_1_66' title="bbox 2130 3261 3775 3283; baseline -0.001 1"><span class='ocrx_word' id='word_1_470' title='bbox 2130 3261 2281 3270; x_wconf 24' lang='grc' dir='ltr'><strong>’τῃν</strong></span> <span class='ocrx_word' id='word_1_471' title='bbox 2333 3261 2444 3277; x_wconf 28' lang='grc' dir='ltr'><strong>⁸ῚῨ⁷</strong></span> <span class='ocrx_word' id='word_1_472' title='bbox 2488 3261 2523 3262; x_wconf 26' lang='lat' dir='ltr'><em>Vr</em></span> <span class='ocrx_word' id='word_1_473' title='bbox 2622 3261 2649 3281; x_wconf 28' lang='lat'><em>7|</em></span> <span class='ocrx_word' id='word_1_474' title='bbox 2722 3261 2733 3268; x_wconf 81' lang='grc'><em>”</em></span> <span class='ocrx_word' id='word_1_475' title='bbox 2827 3261 2887 3279; x_wconf 67' lang='grc'><strong>⁷.</strong></span> <span class='ocrx_word' id='word_1_476' title='bbox 3223 3261 3295 3283; x_wconf 22' lang='lat'><strong>.7</strong></span> <span class='ocrx_word' id='word_1_477' title='bbox 3465 3261 3476 3276; x_wconf 79' lang='grc'><strong><em>⁵</em></strong></span> <span class='ocrx_word' id='word_1_478' title='bbox 3522 3261 3527 3262; x_wconf 37' lang='grc'><strong><em>⁷</em></strong></span> <span class='ocrx_word' id='word_1_479' title='bbox 3630 3261 3775 3283; x_wconf 57' lang='lat' dir='ltr'><strong>’I’h&#39;</strong></span> 
     </span>
     <span class='ocr_line' id='line_1_67' title="bbox 2125 3293 3776 3372; baseline -0.001 -19"><span class='ocrx_word' id='word_1_480' title='bbox 2125 3295 2177 3353; x_wconf 79' lang='grc' dir='ltr'><strong>έν</strong></span> <span class='ocrx_word' id='word_1_481' title='bbox 2209 3297 2419 3368; x_wconf 76' lang='grc' dir='ltr'><strong>ἑκάστῳ</strong></span> <span class='ocrx_word' id='word_1_482' title='bbox 2447 3295 2586 3372; x_wconf 84' lang='grc' dir='ltr'><strong>γένει</strong></span> <span class='ocrx_word' id='word_1_483' title='bbox 2621 3293 2996 3350; x_wconf 75' lang='grc' dir='ltr'><strong>ἀπλούστατόν</strong></span> <span class='ocrx_word' id='word_1_484' title='bbox 3035 3294 3146 3350; x_wconf 83' lang='grc' dir='ltr'><strong>ἐστι</strong></span> <span class='ocrx_word' id='word_1_485' title='bbox 3181 3313 3195 3329; x_wconf 78' lang='grc'><strong>⁸</strong></span> <span class='ocrx_word' id='word_1_486' title='bbox 3228 3295 3317 3350; x_wconf 80' lang='grc' dir='ltr'><strong>καὶ</strong></span> <span class='ocrx_word' id='word_1_487' title='bbox 3368 3295 3422 3350; x_wconf 66' lang='grc' dir='ltr'><strong>ἂν</strong></span> <span class='ocrx_word' id='word_1_488' title='bbox 3468 3296 3585 3358; x_wconf 82' lang='grc' dir='ltr'><strong>τοὶς</strong></span> <span class='ocrx_word' id='word_1_489' title='bbox 3625 3295 3776 3352; x_wconf 75' lang='grc' dir='ltr'><strong>οὖσιν</strong></span> 
     </span>
    </p>
   </div>
   <div class='ocr_carea' id='block_1_67' title="bbox 349 3385 2011 3460">
    <p class='ocr_par' dir='ltr' id='par_1_67' title="bbox 349 3385 2011 3460">
     <span class='ocr_line' id='line_1_68' title="bbox 349 3385 2011 3460; baseline 0.001 -17"><span class='ocrx_word' id='word_1_490' title='bbox 349 3387 452 3443; x_wconf 89' lang='lat' dir='ltr'><strong>sed</strong></span> <span class='ocrx_word' id='word_1_491' title='bbox 485 3385 841 3458; x_wconf 89' lang='lat' dir='ltr'><strong>principium</strong></span> <span class='ocrx_word' id='word_1_492' title='bbox 887 3385 950 3440; x_wconf 87' lang='lat' dir='ltr'><strong>in</strong></span> <span class='ocrx_word' id='word_1_493' title='bbox 983 3401 1340 3457; x_wconf 90' lang='lat' dir='ltr'><strong>unoquoque</strong></span> <span class='ocrx_word' id='word_1_494' title='bbox 1385 3402 1596 3458; x_wconf 83' lang='lat' dir='ltr'><strong>genere</strong></span> <span class='ocrx_word' id='word_1_495' title='bbox 1639 3387 2011 3460; x_wconf 88' lang='lat' dir='ltr'><strong>simplicissi-</strong></span> 
     </span>
    </p>
   </div>
   <div class='ocr_carea' id='block_1_68' title="bbox 351 3472 2012 3546">
    <p class='ocr_par' dir='ltr' id='par_1_68' title="bbox 351 3472 2012 3546">
     <span class='ocr_line' id='line_1_69' title="bbox 351 3472 2012 3546; baseline 0.001 -14"><span class='ocrx_word' id='word_1_496' title='bbox 351 3491 518 3532; x_wconf 90' lang='lat' dir='ltr'><strong>mum</strong></span> <span class='ocrx_word' id='word_1_497' title='bbox 548 3479 676 3542; x_wconf 89' lang='lat' dir='ltr'><strong>est;</strong></span> <span class='ocrx_word' id='word_1_498' title='bbox 712 3490 848 3546; x_wconf 80' lang='lat' dir='ltr'><strong>ergo</strong></span> <span class='ocrx_word' id='word_1_499' title='bbox 869 3472 1048 3530; x_wconf 89' lang='lat' dir='ltr'><strong>etiam</strong></span> <span class='ocrx_word' id='word_1_500' title='bbox 1082 3473 1143 3528; x_wconf 92' lang='lat' dir='ltr'><strong>in</strong></span> <span class='ocrx_word' id='word_1_501' title='bbox 1175 3473 1248 3528; x_wconf 89' lang='lat' dir='ltr'><strong>iis</strong></span> <span class='ocrx_word' id='word_1_502' title='bbox 1265 3480 1572 3546; x_wconf 77' lang='lat' dir='ltr'><strong>quaesunt,</strong></span> <span class='ocrx_word' id='word_1_503' title='bbox 1595 3493 1718 3532; x_wconf 76' lang='lat' dir='ltr'><strong>sive</strong></span> <span class='ocrx_word' id='word_1_504' title='bbox 1733 3477 2012 3533; x_wconf 88' lang='lat' dir='ltr'><strong>unumsit</strong></span> 
     </span>
    </p>
   </div>
   <div class='ocr_carea' id='block_1_69' title="bbox 351 3561 2010 3636">
    <p class='ocr_par' dir='ltr' id='par_1_69' title="bbox 351 3561 2010 3636">
     <span class='ocr_line' id='line_1_70' title="bbox 351 3561 2010 3636; baseline 0.001 -18"><span class='ocrx_word' id='word_1_505' title='bbox 351 3563 563 3633; x_wconf 86' lang='lat' dir='ltr'><strong>multa,</strong></span> <span class='ocrx_word' id='word_1_506' title='bbox 584 3563 709 3618; x_wconf 87' lang='lat' dir='ltr'><strong>sive</strong></span> <span class='ocrx_word' id='word_1_507' title='bbox 722 3561 909 3618; x_wconf 88' lang='lat' dir='ltr'><strong>multa</strong></span> <span class='ocrx_word' id='word_1_508' title='bbox 922 3561 1044 3618; x_wconf 86' lang='lat' dir='ltr'><strong>sint</strong></span> <span class='ocrx_word' id='word_1_509' title='bbox 1063 3577 1275 3632; x_wconf 89' lang='lat' dir='ltr'><strong>unum,</strong></span> <span class='ocrx_word' id='word_1_510' title='bbox 1306 3563 1662 3636; x_wconf 87' lang='lat' dir='ltr'><strong>principium</strong></span> <span class='ocrx_word' id='word_1_511' title='bbox 1687 3564 1920 3636; x_wconf 89' lang='lat' dir='ltr'><strong>aliquod</strong></span> <span class='ocrx_word' id='word_1_512' title='bbox 1951 3569 2010 3621; x_wconf 91' lang='lat' dir='ltr'><strong>et</strong></span> 
     </span>
    </p>
   </div>
   <div class='ocr_carea' id='block_1_70' title="bbox 354 3649 2007 3723">
    <p class='ocr_par' dir='ltr' id='par_1_70' title="bbox 354 3649 2007 3723">
     <span class='ocr_line' id='line_1_71' title="bbox 354 3649 2007 3723; baseline 0.001 -16"><span class='ocrx_word' id='word_1_513' title='bbox 354 3650 714 3708; x_wconf 88' lang='lat' dir='ltr'><strong>elementum</strong></span> <span class='ocrx_word' id='word_1_514' title='bbox 746 3649 1262 3723; x_wconf 86' lang='lat' dir='ltr'><strong>simplicissimum</strong></span> <span class='ocrx_word' id='word_1_515' title='bbox 1289 3656 1397 3723; x_wconf 91' lang='lat' dir='ltr'><strong>est,</strong></span> <span class='ocrx_word' id='word_1_516' title='bbox 1445 3657 1503 3708; x_wconf 91' lang='lat' dir='ltr'><strong>et</strong></span> <span class='ocrx_word' id='word_1_517' title='bbox 1533 3669 1717 3708; x_wconf 90' lang='lat' dir='ltr'><strong>unum</strong></span> <span class='ocrx_word' id='word_1_518' title='bbox 1744 3653 2007 3709; x_wconf 90' lang='lat' dir='ltr'><strong>omnium</strong></span> 
     </span>
    </p>
   </div>
   <div class='ocr_carea' id='block_1_71' title="bbox 355 3738 2004 3812">
    <p class='ocr_par' dir='ltr' id='par_1_71' title="bbox 355 3738 2004 3812">
     <span class='ocr_line' id='line_1_72' title="bbox 355 3738 2004 3812; baseline 0 -16"><span class='ocrx_word' id='word_1_519' title='bbox 355 3755 585 3812; x_wconf 79' lang='lat' dir='ltr'><strong>expers,</strong></span> <span class='ocrx_word' id='word_1_520' title='bbox 615 3755 685 3796; x_wconf 85' lang='lat' dir='ltr'><strong>ex</strong></span> <span class='ocrx_word' id='word_1_521' title='bbox 714 3755 852 3811; x_wconf 87' lang='lat' dir='ltr'><strong>quo,</strong></span> <span class='ocrx_word' id='word_1_522' title='bbox 888 3742 1173 3810; x_wconf 87' lang='lat' dir='ltr'><strong>tanquam</strong></span> <span class='ocrx_word' id='word_1_523' title='bbox 1231 3757 1301 3795; x_wconf 82' lang='lat' dir='ltr'><strong>ex</strong></span> <span class='ocrx_word' id='word_1_524' title='bbox 1357 3738 1680 3812; x_wconf 81' lang='lat' dir='ltr'><strong>exemplari</strong></span> <span class='ocrx_word' id='word_1_525' title='bbox 1737 3744 1796 3796; x_wconf 90' lang='lat' dir='ltr'><strong>et</strong></span> <span class='ocrx_word' id='word_1_526' title='bbox 1851 3742 2004 3808; x_wconf 85' lang='lat' dir='ltr'><strong>idea,</strong></span> 
     </span>
    </p>
   </div>
   <div class='ocr_carea' id='block_1_72' title="bbox 354 3827 2006 3901">
    <p class='ocr_par' dir='ltr' id='par_1_72' title="bbox 354 3827 2006 3901">
     <span class='ocr_line' id='line_1_73' title="bbox 354 3827 2006 3901; baseline -0.001 -16"><span class='ocrx_word' id='word_1_527' title='bbox 354 3845 542 3885; x_wconf 85' lang='lat' dir='ltr'><strong>unum</strong></span> <span class='ocrx_word' id='word_1_528' title='bbox 566 3827 714 3884; x_wconf 91' lang='lat' dir='ltr'><strong>illud</strong></span> <span class='ocrx_word' id='word_1_529' title='bbox 745 3829 902 3898; x_wconf 88' lang='lat' dir='ltr'><strong>quod</strong></span> <span class='ocrx_word' id='word_1_530' title='bbox 923 3827 985 3884; x_wconf 91' lang='lat' dir='ltr'><strong>in</strong></span> <span class='ocrx_word' id='word_1_531' title='bbox 1006 3829 1078 3884; x_wconf 86' lang='lat' dir='ltr'><strong>iis</strong></span> <span class='ocrx_word' id='word_1_532' title='bbox 1104 3845 1231 3901; x_wconf 83' lang='lat' dir='ltr'><strong>quae</strong></span> <span class='ocrx_word' id='word_1_533' title='bbox 1262 3833 1422 3897; x_wconf 91' lang='lat' dir='ltr'><strong>sunt,</strong></span> <span class='ocrx_word' id='word_1_534' title='bbox 1458 3828 1743 3885; x_wconf 88' lang='lat' dir='ltr'><strong>nimirum</strong></span> <span class='ocrx_word' id='word_1_535' title='bbox 1773 3829 1883 3886; x_wconf 88' lang='lat' dir='ltr'><strong>etsi</strong></span> <span class='ocrx_word' id='word_1_536' title='bbox 1911 3829 2006 3884; x_wconf 85' lang='lat' dir='ltr'><strong>lu-</strong></span> 
     </span>
    </p>
   </div>
   <div class='ocr_carea' id='block_1_73' title="bbox 356 3915 2005 3990">
    <p class='ocr_par' dir='ltr' id='par_1_73' title="bbox 356 3915 2005 3990">
     <span class='ocr_line' id='line_1_74' title="bbox 356 3915 2005 3990; baseline -0.001 -16"><span class='ocrx_word' id='word_1_537' title='bbox 356 3933 491 3974; x_wconf 88' lang='lat' dir='ltr'><strong>men</strong></span> <span class='ocrx_word' id='word_1_538' title='bbox 519 3915 800 3974; x_wconf 88' lang='lat' dir='ltr'><strong>sensibile</strong></span> <span class='ocrx_word' id='word_1_539' title='bbox 815 3915 1003 3973; x_wconf 89' lang='lat' dir='ltr'><strong>multa</strong></span> <span class='ocrx_word' id='word_1_540' title='bbox 1033 3917 1112 3973; x_wconf 86' lang='lat' dir='ltr'><strong>sit</strong></span> <span class='ocrx_word' id='word_1_541' title='bbox 1141 3917 1433 3989; x_wconf 90' lang='lat' dir='ltr'><strong>partibus,</strong></span> <span class='ocrx_word' id='word_1_542' title='bbox 1465 3933 1568 3990; x_wconf 89' lang='lat' dir='ltr'><strong>pro</strong></span> <span class='ocrx_word' id='word_1_543' title='bbox 1601 3916 1792 3974; x_wconf 89' lang='lat' dir='ltr'><strong>stellis</strong></span> <span class='ocrx_word' id='word_1_544' title='bbox 1815 3916 2005 3974; x_wconf 86' lang='lat' dir='ltr'><strong>omni-</strong></span> 
     </span>
    </p>
   </div>
   <div class='ocr_carea' id='block_1_74' title="bbox 353 4003 2011 4079">
    <p class='ocr_par' dir='ltr' id='par_1_74' title="bbox 353 4003 2011 4079">
     <span class='ocr_line' id='line_1_75' title="bbox 353 4003 2011 4079; baseline -0.001 -17"><span class='ocrx_word' id='word_1_545' title='bbox 353 4007 486 4076; x_wconf 85' lang='lat' dir='ltr'><strong>bus,</strong></span> <span class='ocrx_word' id='word_1_546' title='bbox 521 4006 679 4079; x_wconf 89' lang='lat' dir='ltr'><strong>quod</strong></span> <span class='ocrx_word' id='word_1_547' title='bbox 707 4009 966 4062; x_wconf 83' lang='lat' dir='ltr'><strong>attamen</strong></span> <span class='ocrx_word' id='word_1_548' title='bbox 1000 4009 1187 4061; x_wconf 89' lang='lat' dir='ltr'><strong>totum</strong></span> <span class='ocrx_word' id='word_1_549' title='bbox 1229 4006 1288 4060; x_wconf 91' lang='lat' dir='ltr'><strong>in</strong></span> <span class='ocrx_word' id='word_1_550' title='bbox 1342 4021 1529 4061; x_wconf 91' lang='lat' dir='ltr'><strong>unum</strong></span> <span class='ocrx_word' id='word_1_551' title='bbox 1573 4003 2011 4077; x_wconf 49' lang='lat' dir='ltr'><strong>colligiturﬂjest</strong></span> 
     </span>
    </p>
   </div>
   <div class='ocr_carea' id='block_1_75' title="bbox 352 4091 2008 4164">
    <p class='ocr_par' dir='ltr' id='par_1_75' title="bbox 352 4091 2008 4164">
     <span class='ocr_line' id='line_1_76' title="bbox 352 4091 2008 4164; baseline 0 -14"><span class='ocrx_word' id='word_1_552' title='bbox 352 4110 541 4152; x_wconf 88' lang='lat' dir='ltr'><strong>unum</strong></span> <span class='ocrx_word' id='word_1_553' title='bbox 570 4093 772 4151; x_wconf 88' lang='lat' dir='ltr'><strong>lumen</strong></span> <span class='ocrx_word' id='word_1_554' title='bbox 811 4097 868 4150; x_wconf 91' lang='lat' dir='ltr'><strong>et</strong></span> <span class='ocrx_word' id='word_1_555' title='bbox 897 4095 1083 4149; x_wconf 88' lang='lat' dir='ltr'><strong>multa</strong></span> <span class='ocrx_word' id='word_1_556' title='bbox 1110 4092 1535 4160; x_wconf 82' lang='lat' dir='ltr'><strong>accidentibus,</strong></span> <span class='ocrx_word' id='word_1_557' title='bbox 1592 4091 1775 4149; x_wconf 89' lang='lat' dir='ltr'><strong>veluti</strong></span> <span class='ocrx_word' id='word_1_558' title='bbox 1823 4109 1967 4164; x_wconf 91' lang='lat' dir='ltr'><strong>pavo</strong></span> <span class='ocrx_word' id='word_1_559' title='bbox 1994 4120 2008 4161; x_wconf 86' lang='lat'><strong>;</strong></span> 
     </span>
    </p>
   </div>
   <div class='ocr_carea' id='block_1_76' title="bbox 350 4181 2010 4251">
    <p class='ocr_par' dir='ltr' id='par_1_76' title="bbox 350 4181 2010 4251">
     <span class='ocr_line' id='line_1_77' title="bbox 350 4181 2010 4251; baseline -0.001 -11"><span class='ocrx_word' id='word_1_560' title='bbox 350 4183 530 4240; x_wconf 91' lang='lat' dir='ltr'><strong>habet</strong></span> <span class='ocrx_word' id='word_1_561' title='bbox 557 4184 716 4240; x_wconf 89' lang='lat' dir='ltr'><strong>enim</strong></span> <span class='ocrx_word' id='word_1_562' title='bbox 745 4199 942 4251; x_wconf 88' lang='lat' dir='ltr'><strong>aurea,</strong></span> <span class='ocrx_word' id='word_1_563' title='bbox 981 4186 1039 4239; x_wconf 91' lang='lat' dir='ltr'><strong>et</strong></span> <span class='ocrx_word' id='word_1_564' title='bbox 1069 4181 1337 4248; x_wconf 66' lang='lat' dir='ltr'><strong>caerulea,</strong></span> <span class='ocrx_word' id='word_1_565' title='bbox 1389 4187 1446 4237; x_wconf 90' lang='lat' dir='ltr'><strong>et</strong></span> <span class='ocrx_word' id='word_1_566' title='bbox 1506 4181 1660 4249; x_wconf 87' lang='lat' dir='ltr'><strong>alba,</strong></span> <span class='ocrx_word' id='word_1_567' title='bbox 1705 4197 1890 4236; x_wconf 89' lang='lat' dir='ltr'><strong>unum</strong></span> <span class='ocrx_word' id='word_1_568' title='bbox 1921 4187 2010 4238; x_wconf 87' lang='lat' dir='ltr'><strong>est</strong></span> 
     </span>
    </p>
   </div>
   <div class='ocr_carea' id='block_1_77' title="bbox 351 4270 1934 4346">
    <p class='ocr_par' dir='ltr' id='par_1_77' title="bbox 351 4270 1934 4346">
     <span class='ocr_line' id='line_1_78' title="bbox 351 4270 1934 4346; baseline -0.002 -17"><span class='ocrx_word' id='word_1_569' title='bbox 351 4274 616 4344; x_wconf 88' lang='lat' dir='ltr'><strong>subjecto</strong></span> <span class='ocrx_word' id='word_1_570' title='bbox 646 4289 889 4346; x_wconf 91' lang='lat' dir='ltr'><strong>corpore</strong></span> <span class='ocrx_word' id='word_1_571' title='bbox 923 4287 938 4327; x_wconf 88' lang='lat'><strong>:</strong></span> <span class='ocrx_word' id='word_1_572' title='bbox 977 4272 1062 4328; x_wconf 88' lang='lat' dir='ltr'><strong>ita</strong></span> <span class='ocrx_word' id='word_1_573' title='bbox 1091 4276 1150 4328; x_wconf 91' lang='lat' dir='ltr'><strong>et</strong></span> <span class='ocrx_word' id='word_1_574' title='bbox 1179 4273 1252 4328; x_wconf 89' lang='lat' dir='ltr'><strong>de</strong></span> <span class='ocrx_word' id='word_1_575' title='bbox 1285 4270 1511 4326; x_wconf 62' lang='lat' dir='ltr'><strong>caeteris</strong></span> <span class='ocrx_word' id='word_1_576' title='bbox 1531 4270 1934 4342; x_wconf 81' lang='lat' dir='ltr'><strong>cogitandum.</strong></span> 
     </span>
    </p>
   </div>
   <div class='ocr_carea' id='block_1_78' title="bbox 421 4358 2009 4435">
    <p class='ocr_par' dir='ltr' id='par_1_78' title="bbox 421 4358 2009 4435">
     <span class='ocr_line' id='line_1_79' title="bbox 421 4358 2009 4435; baseline -0.003 -15"><span class='ocrx_word' id='word_1_577' title='bbox 421 4365 607 4435; x_wconf 82' lang='lat' dir='ltr'><strong>Neque</strong></span> <span class='ocrx_word' id='word_1_578' title='bbox 634 4363 787 4418; x_wconf 77' lang='lat' dir='ltr'><strong>enim</strong></span> <span class='ocrx_word' id='word_1_579' title='bbox 813 4367 893 4419; x_wconf 75' lang='lat' dir='ltr'><strong>est</strong></span> <span class='ocrx_word' id='word_1_580' title='bbox 948 4361 1282 4417; x_wconf 78' lang='lat' dir='ltr'><strong>multitudo.</strong></span> <span class='ocrx_word' id='word_1_581' title='bbox 1341 4363 1461 4416; x_wconf 86' lang='lat' dir='ltr'><strong>Hoc</strong></span> <span class='ocrx_word' id='word_1_582' title='bbox 1497 4358 1626 4415; x_wconf 91' lang='lat' dir='ltr'><strong>loco</strong></span> <span class='ocrx_word' id='word_1_583' title='bbox 1683 4374 1754 4414; x_wconf 81' lang='lat' dir='ltr'><strong>ex</strong></span> <span class='ocrx_word' id='word_1_584' title='bbox 1800 4375 2009 4416; x_wconf 90' lang='lat' dir='ltr'><strong>nume-</strong></span> 
     </span>
    </p>
   </div>
   <div class='ocr_carea' id='block_1_79' title="bbox 351 4448 2006 4522">
    <p class='ocr_par' dir='ltr' id='par_1_79' title="bbox 351 4448 2006 4522">
     <span class='ocr_line' id='line_1_80' title="bbox 351 4448 2006 4522; baseline -0.001 -14"><span class='ocrx_word' id='word_1_585' title='bbox 351 4451 520 4508; x_wconf 87' lang='lat' dir='ltr'><strong>randi</strong></span> <span class='ocrx_word' id='word_1_586' title='bbox 549 4452 797 4508; x_wconf 86' lang='lat' dir='ltr'><strong>scientia</strong></span> <span class='ocrx_word' id='word_1_587' title='bbox 819 4451 1035 4508; x_wconf 89' lang='lat' dir='ltr'><strong>evincit</strong></span> <span class='ocrx_word' id='word_1_588' title='bbox 1064 4450 1221 4522; x_wconf 90' lang='lat' dir='ltr'><strong>quod</strong></span> <span class='ocrx_word' id='word_1_589' title='bbox 1261 4448 1510 4504; x_wconf 89' lang='lat' dir='ltr'><strong>dicebat.</strong></span> <span class='ocrx_word' id='word_1_590' title='bbox 1539 4450 1686 4504; x_wconf 86' lang='lat' dir='ltr'><strong>Nota</strong></span> <span class='ocrx_word' id='word_1_591' title='bbox 1714 4464 1849 4504; x_wconf 87' lang='lat' dir='ltr'><strong>eum</strong></span> <span class='ocrx_word' id='word_1_592' title='bbox 1886 4465 2006 4506; x_wconf 87' lang='lat' dir='ltr'><strong>me-</strong></span> 
     </span>
    </p>
   </div>
   <div class='ocr_carea' id='block_1_80' title="bbox 351 4538 2010 4608">
    <p class='ocr_par' dir='ltr' id='par_1_80' title="bbox 351 4538 2010 4608">
     <span class='ocr_line' id='line_1_81' title="bbox 351 4538 2010 4608; baseline -0.002 -10"><span class='ocrx_word' id='word_1_593' title='bbox 351 4543 464 4600; x_wconf 86' lang='lat' dir='ltr'><strong>rito</strong></span> <span class='ocrx_word' id='word_1_594' title='bbox 506 4541 700 4598; x_wconf 88' lang='lat' dir='ltr'><strong>dicere</strong></span> <span class='ocrx_word' id='word_1_595' title='bbox 737 4541 924 4598; x_wconf 90' lang='lat' dir='ltr'><strong>Deum</strong></span> <span class='ocrx_word' id='word_1_596' title='bbox 983 4555 1114 4597; x_wconf 89' lang='lat' dir='ltr'><strong>esse</strong></span> <span class='ocrx_word' id='word_1_597' title='bbox 1164 4544 1300 4595; x_wconf 85' lang='lat' dir='ltr'><strong>ante</strong></span> <span class='ocrx_word' id='word_1_598' title='bbox 1337 4555 1535 4606; x_wconf 80' lang='lat' dir='ltr'><strong>unum,</strong></span> <span class='ocrx_word' id='word_1_599' title='bbox 1589 4538 1868 4608; x_wconf 87' lang='lat' dir='ltr'><strong>quoniam</strong></span> <span class='ocrx_word' id='word_1_600' title='bbox 1921 4543 2010 4594; x_wconf 85' lang='lat' dir='ltr'><strong>est</strong></span> 
     </span>
    </p>
   </div>
   <div class='ocr_carea' id='block_1_81' title="bbox 2121 3381 3774 3460">
    <p class='ocr_par' dir='ltr' id='par_1_81' title="bbox 2121 3381 3774 3460">
     <span class='ocr_line' id='line_1_82' title="bbox 2121 3381 3774 3460; baseline 0.005 -27"><span class='ocrx_word' id='word_1_601' title='bbox 2121 3384 2236 3459; x_wconf 65' lang='grc' dir='ltr'><strong>οὖν,</strong></span> <span class='ocrx_word' id='word_1_602' title='bbox 2271 3383 2380 3440; x_wconf 75' lang='grc' dir='ltr'><strong>εἷ’τε</strong></span> <span class='ocrx_word' id='word_1_603' title='bbox 2434 3384 2497 3439; x_wconf 82' lang='grc' dir='ltr'><strong>τὸ</strong></span> <span class='ocrx_word' id='word_1_604' title='bbox 2554 3381 2607 3438; x_wconf 78' lang='grc' dir='ltr'><strong>ἓν</strong></span> <span class='ocrx_word' id='word_1_605' title='bbox 2660 3381 2850 3439; x_wconf 91' lang='grc' dir='ltr'><strong>πολλά</strong></span> <span class='ocrx_word' id='word_1_606' title='bbox 2879 3383 3046 3452; x_wconf 82' lang='grc' dir='ltr'><strong>ἐστιν,</strong></span> <span class='ocrx_word' id='word_1_607' title='bbox 3075 3381 3184 3439; x_wconf 69' lang='grc' dir='ltr'><strong>εἴτε</strong></span> <span class='ocrx_word' id='word_1_608' title='bbox 3210 3384 3278 3439; x_wconf 71' lang='grc' dir='ltr'><strong>τὰ</strong></span> <span class='ocrx_word' id='word_1_609' title='bbox 3306 3383 3493 3440; x_wconf 88' lang='grc' dir='ltr'><strong>πολλά</strong></span> <span class='ocrx_word' id='word_1_610' title='bbox 3519 3381 3594 3456; x_wconf 74' lang='grc' dir='ltr'><strong>ἓν,</strong></span> <span class='ocrx_word' id='word_1_611' title='bbox 3620 3385 3774 3460; x_wconf 72' lang='grc' dir='ltr'><strong>ἀρχή</strong></span> 
     </span>
    </p>
   </div>
   <div class='ocr_carea' id='block_1_82' title="bbox 2117 3471 3782 3547">
    <p class='ocr_par' dir='ltr' id='par_1_82' title="bbox 2117 3471 3782 3547">
     <span class='ocr_line' id='line_1_83' title="bbox 2117 3471 3782 3547; baseline 0.001 -18"><span class='ocrx_word' id='word_1_612' title='bbox 2117 3495 2199 3536; x_wconf 87' lang='grc' dir='ltr'><strong>τις</strong></span> <span class='ocrx_word' id='word_1_613' title='bbox 2242 3475 2330 3528; x_wconf 83' lang='grc' dir='ltr'><strong>καὶ</strong></span> <span class='ocrx_word' id='word_1_614' title='bbox 2393 3477 2670 3547; x_wconf 85' lang='grc' dir='ltr'><strong>στοιχεῖον</strong></span> <span class='ocrx_word' id='word_1_615' title='bbox 2733 3473 2793 3526; x_wconf 92' lang='grc' dir='ltr'><strong>τὸ</strong></span> <span class='ocrx_word' id='word_1_616' title='bbox 2855 3471 3230 3528; x_wconf 78' lang='grc' dir='ltr'><strong>άπλούστατόν</strong></span> <span class='ocrx_word' id='word_1_617' title='bbox 3276 3472 3409 3541; x_wconf 82' lang='grc' dir='ltr'><strong>ἐστι,</strong></span> <span class='ocrx_word' id='word_1_618' title='bbox 3441 3473 3531 3528; x_wconf 83' lang='grc' dir='ltr'><strong>καὶ</strong></span> <span class='ocrx_word' id='word_1_619' title='bbox 3561 3473 3782 3530; x_wconf 88' lang='grc' dir='ltr'><strong>πάντων</strong></span> 
     </span>
    </p>
   </div>
   <div class='ocr_carea' id='block_1_83' title="bbox 2120 3559 3780 3639">
    <p class='ocr_par' dir='ltr' id='par_1_83' title="bbox 2120 3559 3780 3639">
     <span class='ocr_line' id='line_1_84' title="bbox 2120 3559 3780 3639; baseline -0.001 -21"><span class='ocrx_word' id='word_1_620' title='bbox 2120 3563 2394 3639; x_wconf 84' lang='grc' dir='ltr'><strong>ἀμέτοχον</strong></span> <span class='ocrx_word' id='word_1_621' title='bbox 2451 3559 2530 3633; x_wconf 72' lang='grc' dir='ltr'><strong>ἓν,</strong></span> <span class='ocrx_word' id='word_1_622' title='bbox 2589 3561 2640 3632; x_wconf 79' lang='grc' dir='ltr'><strong>ἐξ</strong></span> <span class='ocrx_word' id='word_1_623' title='bbox 2701 3561 2785 3632; x_wconf 77' lang='grc' dir='ltr'><strong>οὗ,</strong></span> <span class='ocrx_word' id='word_1_624' title='bbox 2829 3560 3012 3631; x_wconf 82' lang='grc' dir='ltr'><strong>ὥσπερ</strong></span> <span class='ocrx_word' id='word_1_625' title='bbox 3073 3561 3133 3616; x_wconf 75' lang='grc' dir='ltr'><strong>ἐκ</strong></span> <span class='ocrx_word' id='word_1_626' title='bbox 3189 3559 3626 3637; x_wconf 80' lang='grc' dir='ltr'><strong>παραδείγματος</strong></span> <span class='ocrx_word' id='word_1_627' title='bbox 3685 3565 3780 3618; x_wconf 79' lang='grc' dir='ltr'><strong>καὶ</strong></span> 
     </span>
    </p>
   </div>
   <div class='ocr_carea' id='block_1_84' title="bbox 2121 3647 3779 3722">
    <p class='ocr_par' dir='ltr' id='par_1_84' title="bbox 2121 3647 3779 3722">
     <span class='ocr_line' id='line_1_85' title="bbox 2121 3647 3779 3722; baseline 0.001 -16"><span class='ocrx_word' id='word_1_628' title='bbox 2121 3649 2265 3716; x_wconf 74' lang='grc' dir='ltr'><strong>ἰδέας</strong></span> <span class='ocrx_word' id='word_1_629' title='bbox 2293 3651 2473 3706; x_wconf 79' lang='grc' dir='ltr'><strong>καὶτὸ</strong></span> <span class='ocrx_word' id='word_1_630' title='bbox 2505 3651 2558 3704; x_wconf 87' lang='grc' dir='ltr'><strong>έν</strong></span> <span class='ocrx_word' id='word_1_631' title='bbox 2597 3655 2715 3714; x_wconf 88' lang='grc' dir='ltr'><strong>τοῖς</strong></span> <span class='ocrx_word' id='word_1_632' title='bbox 2765 3648 2914 3704; x_wconf 74' lang='grc' dir='ltr'><strong>οὖσιν</strong></span> <span class='ocrx_word' id='word_1_633' title='bbox 2960 3647 3038 3719; x_wconf 76' lang='grc' dir='ltr'><strong>ἓν,</strong></span> <span class='ocrx_word' id='word_1_634' title='bbox 3071 3652 3184 3706; x_wconf 79' lang='grc' dir='ltr'>οἷον</span> <span class='ocrx_word' id='word_1_635' title='bbox 3244 3651 3340 3706; x_wconf 69' lang='grc' dir='ltr'><strong>κᾶν</strong></span> <span class='ocrx_word' id='word_1_636' title='bbox 3398 3652 3461 3707; x_wconf 88' lang='grc' dir='ltr'><strong>τὸ</strong></span> <span class='ocrx_word' id='word_1_637' title='bbox 3514 3651 3779 3722; x_wconf 76' lang='grc' dir='ltr'><strong>αἰσθητὸν</strong></span> 
     </span>
    </p>
   </div>
   <div class='ocr_carea' id='block_1_85' title="bbox 2118 3737 3778 3817">
    <p class='ocr_par' dir='ltr' id='par_1_85' title="bbox 2118 3737 3778 3817">
     <span class='ocr_line' id='line_1_86' title="bbox 2118 3737 3778 3817; baseline 0.001 -24"><span class='ocrx_word' id='word_1_638' title='bbox 2118 3744 2232 3817; x_wconf 77' lang='grc' dir='ltr'><strong>φῶς</strong></span> <span class='ocrx_word' id='word_1_639' title='bbox 2259 3738 2444 3794; x_wconf 83' lang='grc' dir='ltr'><strong>πολλᾶ</strong></span> <span class='ocrx_word' id='word_1_640' title='bbox 2471 3738 2506 3812; x_wconf 75' lang='grc' dir='ltr'><strong>ᾖ</strong></span> <span class='ocrx_word' id='word_1_641' title='bbox 2532 3744 2650 3800; x_wconf 87' lang='grc' dir='ltr'><strong>τοῖς</strong></span> <span class='ocrx_word' id='word_1_642' title='bbox 2685 3737 2922 3814; x_wconf 85' lang='grc' dir='ltr'><strong>μέρεσιν,</strong></span> <span class='ocrx_word' id='word_1_643' title='bbox 2956 3738 3074 3794; x_wconf 81' lang='grc' dir='ltr'><strong>ἀντὶ</strong></span> <span class='ocrx_word' id='word_1_644' title='bbox 3101 3744 3199 3794; x_wconf 79' lang='grc' dir='ltr'><strong>τοῦ</strong></span> <span class='ocrx_word' id='word_1_645' title='bbox 3238 3745 3357 3802; x_wconf 88' lang='grc' dir='ltr'><strong>τοῖς</strong></span> <span class='ocrx_word' id='word_1_646' title='bbox 3405 3738 3622 3816; x_wconf 73' lang='grc' dir='ltr'><strong>ἄστροις</strong></span> <span class='ocrx_word' id='word_1_647' title='bbox 3669 3748 3778 3796; x_wconf 79' lang='grc' dir='ltr'><strong>πᾶ-</strong></span> 
     </span>
    </p>
   </div>
   <div class='ocr_carea' id='block_1_86' title="bbox 2118 3825 3779 3906">
    <p class='ocr_par' dir='ltr' id='par_1_86' title="bbox 2118 3825 3779 3906">
     <span class='ocr_line' id='line_1_87' title="bbox 2118 3825 3779 3906; baseline 0.002 -24"><span class='ocrx_word' id='word_1_648' title='bbox 2118 3849 2218 3895; x_wconf 85' lang='grc' dir='ltr'><strong>σιν,</strong></span> <span class='ocrx_word' id='word_1_649' title='bbox 2252 3825 2378 3882; x_wconf 87' lang='grc' dir='ltr'><strong>ἀλλ’</strong></span> <span class='ocrx_word' id='word_1_650' title='bbox 2407 3825 2536 3880; x_wconf 79' lang='grc' dir='ltr'><strong>ὅλον</strong></span> <span class='ocrx_word' id='word_1_651' title='bbox 2575 3826 3006 3902; x_wconf 86' lang='grc' dir='ltr'><strong>συλλεγόμενον,</strong></span> <span class='ocrx_word' id='word_1_652' title='bbox 3038 3825 3092 3883; x_wconf 68' lang='grc' dir='ltr'><strong>’έν</strong></span> <span class='ocrx_word' id='word_1_653' title='bbox 3121 3833 3236 3906; x_wconf 78' lang='grc' dir='ltr'><strong>ιρῶς</strong></span> <span class='ocrx_word' id='word_1_654' title='bbox 3268 3827 3380 3884; x_wconf 73' lang='grc' dir='ltr'><strong>έστι</strong></span> <span class='ocrx_word' id='word_1_655' title='bbox 3413 3847 3427 3862; x_wconf 80' lang='grc'><em>”</em></span> <span class='ocrx_word' id='word_1_656' title='bbox 3456 3829 3545 3885; x_wconf 88' lang='grc' dir='ltr'><strong>καὶ</strong></span> <span class='ocrx_word' id='word_1_657' title='bbox 3583 3830 3779 3886; x_wconf 80' lang='grc' dir='ltr'><strong>πολλᾶ</strong></span> 
     </span>
    </p>
   </div>
   <div class='ocr_carea' id='block_1_87' title="bbox 2113 3909 3777 3994">
    <p class='ocr_par' dir='ltr' id='par_1_87' title="bbox 2113 3909 3777 3994">
     <span class='ocr_line' id='line_1_88' title="bbox 2113 3909 3777 3994; baseline 0.002 -25"><span class='ocrx_word' id='word_1_658' title='bbox 2113 3921 2230 3978; x_wconf 88' lang='grc' dir='ltr'><strong>τοῖς</strong></span> <span class='ocrx_word' id='word_1_659' title='bbox 2261 3909 2688 3988; x_wconf 85' lang='grc' dir='ltr'><strong>συμϐεϐηκόσιν,</strong></span> <span class='ocrx_word' id='word_1_660' title='bbox 2723 3917 2838 3970; x_wconf 82' lang='grc' dir='ltr'><strong>οἷον</strong></span> <span class='ocrx_word' id='word_1_661' title='bbox 2873 3917 2900 3970; x_wconf 90' lang='grc' dir='ltr'>ὁ</span> <span class='ocrx_word' id='word_1_662' title='bbox 2931 3916 3108 3978; x_wconf 82' lang='grc' dir='ltr'><strong>ταώς’</strong></span> <span class='ocrx_word' id='word_1_663' title='bbox 3143 3913 3258 3992; x_wconf 79' lang='grc' dir='ltr'><strong>ἔχει</strong></span> <span class='ocrx_word' id='word_1_664' title='bbox 3311 3917 3416 3993; x_wconf 72' lang='grc' dir='ltr'><strong>γὰρ</strong></span> <span class='ocrx_word' id='word_1_665' title='bbox 3462 3918 3552 3972; x_wconf 87' lang='grc' dir='ltr'><strong>καὶ</strong></span> <span class='ocrx_word' id='word_1_666' title='bbox 3583 3918 3777 3994; x_wconf 65' lang='grc' dir='ltr'><strong>χρυσί-</strong></span> 
     </span>
    </p>
   </div>
   <div class='ocr_carea' id='block_1_88' title="bbox 2122 4001 3775 4080">
    <p class='ocr_par' dir='ltr' id='par_1_88' title="bbox 2122 4001 3775 4080">
     <span class='ocr_line' id='line_1_89' title="bbox 2122 4001 3775 4080; baseline 0.001 -22"><span class='ocrx_word' id='word_1_667' title='bbox 2122 4009 2296 4073; x_wconf 83' lang='grc' dir='ltr'><strong>ζοντα,</strong></span> <span class='ocrx_word' id='word_1_668' title='bbox 2355 4002 2445 4057; x_wconf 86' lang='grc' dir='ltr'><strong>καὶ</strong></span> <span class='ocrx_word' id='word_1_669' title='bbox 2498 4004 2718 4072; x_wconf 85' lang='grc' dir='ltr'><strong>κυάνεα,</strong></span> <span class='ocrx_word' id='word_1_670' title='bbox 2777 4003 2867 4058; x_wconf 82' lang='grc' dir='ltr'><strong>καὶ</strong></span> <span class='ocrx_word' id='word_1_671' title='bbox 2930 4002 3119 4076; x_wconf 73' lang='grc' dir='ltr'><strong>λευκὰ,</strong></span> <span class='ocrx_word' id='word_1_672' title='bbox 3177 4001 3233 4060; x_wconf 76' lang='grc' dir='ltr'><strong>έν</strong></span> <span class='ocrx_word' id='word_1_673' title='bbox 3289 4009 3369 4077; x_wconf 79' lang='grc' dir='ltr'><strong>τῷ</strong></span> <span class='ocrx_word' id='word_1_674' title='bbox 3429 4007 3775 4080; x_wconf 77' lang='grc' dir='ltr'><strong>ὑποκειμένῳ</strong></span> 
     </span>
    </p>
   </div>
   <div class='ocr_carea' id='block_1_89' title="bbox 2119 4090 3374 4166">
    <p class='ocr_par' dir='ltr' id='par_1_89' title="bbox 2119 4090 3374 4166">
     <span class='ocr_line' id='line_1_90' title="bbox 2119 4090 3374 4166; baseline 0.003 -20"><span class='ocrx_word' id='word_1_675' title='bbox 2119 4091 2330 4166; x_wconf 82' lang='grc' dir='ltr'><strong>σώματί</strong></span> <span class='ocrx_word' id='word_1_676' title='bbox 2364 4091 2502 4147; x_wconf 80' lang='grc' dir='ltr'><strong>ἐστιν</strong></span> <span class='ocrx_word' id='word_1_677' title='bbox 2543 4112 2555 4126; x_wconf 76' lang='grc' dir='ltr'><strong>ο</strong></span> <span class='ocrx_word' id='word_1_678' title='bbox 2591 4090 2733 4147; x_wconf 71' lang='grc' dir='ltr'><strong>οὕτω</strong></span> <span class='ocrx_word' id='word_1_679' title='bbox 2764 4093 2946 4148; x_wconf 77' lang='grc' dir='ltr'><strong>καὶτὰ</strong></span> <span class='ocrx_word' id='word_1_680' title='bbox 2977 4093 3098 4164; x_wconf 70' lang='grc' dir='ltr'><strong>ἑξῆς</strong></span> <span class='ocrx_word' id='word_1_681' title='bbox 3127 4096 3374 4165; x_wconf 87' lang='grc' dir='ltr'><strong>νοητέον.</strong></span> 
     </span>
    </p>
   </div>
   <div class='ocr_carea' id='block_1_90' title="bbox 2188 4358 3772 4441">
    <p class='ocr_par' dir='ltr' id='par_1_90' title="bbox 2188 4358 3772 4441">
     <span class='ocr_line' id='line_1_91' title="bbox 2188 4358 3772 4441; baseline 0.003 -27"><span class='ocrx_word' id='word_1_682' title='bbox 2188 4359 2323 4416; x_wconf 74' lang='grc' dir='ltr'>Οὐδὲ</span> <span class='ocrx_word' id='word_1_683' title='bbox 2351 4363 2451 4438; x_wconf 85' lang='grc' dir='ltr'><strong>γάρ</strong></span> <span class='ocrx_word' id='word_1_684' title='bbox 2479 4359 2589 4416; x_wconf 88' lang='grc' dir='ltr'><strong>έστι</strong></span> <span class='ocrx_word' id='word_1_685' title='bbox 2619 4361 2858 4432; x_wconf 75' lang='grc' dir='ltr'><strong>πλῆθος.</strong></span> <span class='ocrx_word' id='word_1_686' title='bbox 2893 4358 3018 4417; x_wconf 87' lang='grc' dir='ltr'><strong>Ὧδε</strong></span> <span class='ocrx_word' id='word_1_687' title='bbox 3068 4361 3120 4433; x_wconf 77' lang='grc' dir='ltr'><strong>ἐξ</strong></span> <span class='ocrx_word' id='word_1_688' title='bbox 3150 4363 3521 4438; x_wconf 78' lang='grc' dir='ltr'><strong>ἀριθμητικῆς</strong></span> <span class='ocrx_word' id='word_1_689' title='bbox 3560 4363 3772 4441; x_wconf 81' lang='grc' dir='ltr'><strong>περιγί-</strong></span> 
     </span>
    </p>
   </div>
   <div class='ocr_carea' id='block_1_91' title="bbox 2117 4448 3776 4528">
    <p class='ocr_par' dir='ltr' id='par_1_91' title="bbox 2117 4448 3776 4528">
     <span class='ocr_line' id='line_1_92' title="bbox 2117 4448 3776 4528; baseline 0.002 -24"><span class='ocrx_word' id='word_1_690' title='bbox 2117 4471 2261 4505; x_wconf 87' lang='grc' dir='ltr'><strong>νεται</strong></span> <span class='ocrx_word' id='word_1_691' title='bbox 2292 4454 2389 4505; x_wconf 76' lang='grc' dir='ltr'><strong>τοῦ</strong></span> <span class='ocrx_word' id='word_1_692' title='bbox 2422 4448 2742 4527; x_wconf 83' lang='grc' dir='ltr'><strong>λεγομένου.</strong></span> <span class='ocrx_word' id='word_1_693' title='bbox 2770 4452 3090 4523; x_wconf 84' lang='grc' dir='ltr'><strong>Σημείωσαι</strong></span> <span class='ocrx_word' id='word_1_694' title='bbox 3122 4448 3179 4506; x_wconf 71' lang='grc' dir='ltr'><strong>δὲ</strong></span> <span class='ocrx_word' id='word_1_695' title='bbox 3237 4453 3318 4506; x_wconf 81' lang='grc' dir='ltr'><strong>δτι</strong></span> <span class='ocrx_word' id='word_1_696' title='bbox 3377 4451 3466 4506; x_wconf 75' lang='grc' dir='ltr'><strong>καὶ</strong></span> <span class='ocrx_word' id='word_1_697' title='bbox 3518 4452 3624 4528; x_wconf 87' lang='grc' dir='ltr'><strong>πρὸ</strong></span> <span class='ocrx_word' id='word_1_698' title='bbox 3671 4457 3776 4508; x_wconf 78' lang='grc' dir='ltr'><strong>τοῦ</strong></span> 
     </span>
    </p>
   </div>
   <div class='ocr_carea' id='block_1_92' title="bbox 2118 4538 3770 4615">
    <p class='ocr_par' dir='ltr' id='par_1_92' title="bbox 2118 4538 3770 4615">
     <span class='ocr_line' id='line_1_93' title="bbox 2118 4538 3770 4615; baseline 0.001 -21"><span class='ocrx_word' id='word_1_699' title='bbox 2118 4540 2234 4601; x_wconf 82' lang='grc' dir='ltr'><strong>ένὸς</strong></span> <span class='ocrx_word' id='word_1_700' title='bbox 2287 4540 2435 4615; x_wconf 79' lang='grc' dir='ltr'><strong>Λέγει</strong></span> <span class='ocrx_word' id='word_1_701' title='bbox 2492 4541 2621 4594; x_wconf 82' lang='grc' dir='ltr'><strong>εἶναι</strong></span> <span class='ocrx_word' id='word_1_702' title='bbox 2673 4540 2764 4594; x_wconf 88' lang='grc' dir='ltr'><strong>τὸν</strong></span> <span class='ocrx_word' id='word_1_703' title='bbox 2825 4540 2953 4594; x_wconf 87' lang='grc' dir='ltr'>Θεὸν</span> <span class='ocrx_word' id='word_1_704' title='bbox 3008 4539 3259 4612; x_wconf 72' lang='grc' dir='ltr'><strong>εἰκότως,</strong></span> <span class='ocrx_word' id='word_1_705' title='bbox 3305 4538 3490 4610; x_wconf 81' lang='grc' dir='ltr'><strong>ἐπειδὴ</strong></span> <span class='ocrx_word' id='word_1_706' title='bbox 3551 4542 3770 4596; x_wconf 81' lang='grc' dir='ltr'><strong>πάντων</strong></span> 
     </span>
    </p>
   </div>
   <div class='ocr_carea' id='block_1_93' title="bbox 353 4627 2006 4707">
    <p class='ocr_par' dir='ltr' id='par_1_93' title="bbox 353 4628 2006 4704">
     <span class='ocr_line' id='line_1_94' title="bbox 353 4628 2006 4704; baseline -0.003 -17"><span class='ocrx_word' id='word_1_707' title='bbox 353 4631 643 4700; x_wconf 89' lang='lat' dir='ltr'><strong>omnium,</strong></span> <span class='ocrx_word' id='word_1_708' title='bbox 673 4646 853 4704; x_wconf 88' lang='lat' dir='ltr'><strong>quare</strong></span> <span class='ocrx_word' id='word_1_709' title='bbox 897 4630 1074 4686; x_wconf 87' lang='lat' dir='ltr'><strong>etiam</strong></span> <span class='ocrx_word' id='word_1_710' title='bbox 1117 4628 1347 4684; x_wconf 89' lang='lat' dir='ltr'><strong>numeri</strong></span> <span class='ocrx_word' id='word_1_711' title='bbox 1401 4630 1625 4694; x_wconf 89' lang='lat' dir='ltr'><strong>auctor,</strong></span> <span class='ocrx_word' id='word_1_712' title='bbox 1686 4643 1789 4683; x_wconf 90' lang='lat' dir='ltr'><strong>seu</strong></span> <span class='ocrx_word' id='word_1_713' title='bbox 1839 4628 2006 4683; x_wconf 85' lang='lat' dir='ltr'><strong>adin—</strong></span> 
     </span>
    </p>
   </div>
   <div class='ocr_carea' id='block_1_94' title="bbox 2125 4627 3768 4707">
    <p class='ocr_par' dir='ltr' id='par_1_94' title="bbox 2125 4627 3768 4707">
     <span class='ocr_line' id='line_1_95' title="bbox 2125 4627 3768 4707; baseline 0.001 -23"><span class='ocrx_word' id='word_1_714' title='bbox 2125 4629 2376 4704; x_wconf 70' lang='grc' dir='ltr'><strong>ὒπάρχει,</strong></span> <span class='ocrx_word' id='word_1_715' title='bbox 2433 4628 2551 4693; x_wconf 75' lang='grc' dir='ltr'><strong>ὅθεν</strong></span> <span class='ocrx_word' id='word_1_716' title='bbox 2625 4628 2715 4684; x_wconf 86' lang='grc' dir='ltr'><strong>καὶ</strong></span> <span class='ocrx_word' id='word_1_717' title='bbox 2771 4632 2868 4683; x_wconf 77' lang='grc' dir='ltr'><strong>τοῦ</strong></span> <span class='ocrx_word' id='word_1_718' title='bbox 2927 4630 3163 4704; x_wconf 79' lang='grc' dir='ltr'><strong>ἀριθμοῦ</strong></span> <span class='ocrx_word' id='word_1_719' title='bbox 3223 4627 3587 4707; x_wconf 85' lang='grc' dir='ltr'><strong>δημιουργὸς,</strong></span> <span class='ocrx_word' id='word_1_720' title='bbox 3642 4629 3768 4700; x_wconf 74' lang='grc' dir='ltr'><strong>ἤτοι</strong></span> 
     </span>
    </p>
   </div>
   <div class='ocr_carea' id='block_1_95' title="bbox 350 4723 2006 4882">
    <p class='ocr_par' dir='ltr' id='par_1_95' title="bbox 350 4723 2006 4882">
     <span class='ocr_line' id='line_1_96' title="bbox 350 4723 2006 4882; baseline -0.002 -15"><span class='ocrx_word' id='word_1_721' title='bbox 350 4723 696 4882; x_wconf 56' lang='lat' dir='ltr'><strong>vegetgrquod</strong></span> <span class='ocrx_word' id='word_1_722' title='bbox 723 4808 944 4882; x_wconf 80' lang='lat' dir='ltr'><strong>quidem</strong></span> <span class='ocrx_word' id='word_1_723' title='bbox 981 4807 1178 4864; x_wconf 74' lang='lat' dir='ltr'><strong>multa.</strong></span> <span class='ocrx_word' id='word_1_724' title='bbox 1211 4805 1698 4861; x_wconf 89' lang='lat' dir='ltr'><strong>Subaudiendum</strong></span> <span class='ocrx_word' id='word_1_725' title='bbox 1731 4807 1884 4862; x_wconf 79' lang='grc'><strong>226</strong></span> <span class='ocrx_word' id='word_1_726' title='bbox 1916 4811 2006 4864; x_wconf 90' lang='lat' dir='ltr'><strong>est</strong></span> 
     </span>
    </p>
   </div>
   <div class='ocr_carea' id='block_1_96' title="bbox 349 4894 2001 4972">
    <p class='ocr_par' dir='ltr' id='par_1_96' title="bbox 349 4894 2001 4972">
     <span class='ocr_line' id='line_1_97' title="bbox 349 4894 2001 4972; baseline -0.002 -17"><span class='ocrx_word' id='word_1_727' title='bbox 349 4901 410 4957; x_wconf 89' lang='lat' dir='ltr'><strong>in</strong></span> <span class='ocrx_word' id='word_1_728' title='bbox 435 4914 791 4972; x_wconf 90' lang='lat' dir='ltr'><strong>unoquoque</strong></span> <span class='ocrx_word' id='word_1_729' title='bbox 819 4899 1109 4963; x_wconf 70' lang='lat' dir='ltr'><strong>exsistam,</strong></span> <span class='ocrx_word' id='word_1_730' title='bbox 1143 4899 1210 4951; x_wconf 89' lang='lat' dir='ltr'><strong>ut</strong></span> <span class='ocrx_word' id='word_1_731' title='bbox 1241 4894 1322 4952; x_wconf 87' lang='lat' dir='ltr'><strong>sit</strong></span> <span class='ocrx_word' id='word_1_732' title='bbox 1347 4894 1483 4950; x_wconf 86' lang='lat' dir='ltr'><strong>talis</strong></span> <span class='ocrx_word' id='word_1_733' title='bbox 1505 4895 1796 4950; x_wconf 83' lang='lat' dir='ltr'><strong>sententia</strong></span> <span class='ocrx_word' id='word_1_734' title='bbox 1817 4912 1828 4949; x_wconf 93' lang='lat'><strong>:</strong></span> <span class='ocrx_word' id='word_1_735' title='bbox 1847 4897 2001 4967; x_wconf 91' lang='lat' dir='ltr'><strong>quod</strong></span> 
     </span>
    </p>
   </div>
   <div class='ocr_carea' id='block_1_97' title="bbox 349 4985 2002 5060">
    <p class='ocr_par' dir='ltr' id='par_1_97' title="bbox 349 4985 2002 5060">
     <span class='ocr_line' id='line_1_98' title="bbox 349 4985 2002 5060; baseline -0.002 -16"><span class='ocrx_word' id='word_1_736' title='bbox 349 4990 538 5046; x_wconf 89' lang='lat' dir='ltr'><strong>multa</strong></span> <span class='ocrx_word' id='word_1_737' title='bbox 567 4991 660 5045; x_wconf 90' lang='lat' dir='ltr'><strong>est</strong></span> <span class='ocrx_word' id='word_1_738' title='bbox 688 4987 979 5060; x_wconf 84' lang='lat' dir='ltr'><strong>partibus,</strong></span> <span class='ocrx_word' id='word_1_739' title='bbox 1009 4989 1130 5042; x_wconf 88' lang='lat' dir='ltr'><strong>toto</strong></span> <span class='ocrx_word' id='word_1_740' title='bbox 1163 5001 1349 5040; x_wconf 91' lang='lat' dir='ltr'><strong>unum</strong></span> <span class='ocrx_word' id='word_1_741' title='bbox 1384 4989 1492 5051; x_wconf 87' lang='lat' dir='ltr'><strong>est,</strong></span> <span class='ocrx_word' id='word_1_742' title='bbox 1539 4992 1602 5040; x_wconf 89' lang='lat' dir='ltr'><strong>ul</strong></span> <span class='ocrx_word' id='word_1_743' title='bbox 1649 5000 1883 5056; x_wconf 90' lang='lat' dir='ltr'><strong>corpus,</strong></span> <span class='ocrx_word' id='word_1_744' title='bbox 1918 4985 2002 5041; x_wconf 88' lang='lat' dir='ltr'><strong>sic</strong></span> 
     </span>
    </p>
   </div>
   <div class='ocr_carea' id='block_1_98' title="bbox 346 5071 1998 5145">
    <p class='ocr_par' dir='ltr' id='par_1_98' title="bbox 346 5071 1998 5145">
     <span class='ocr_line' id='line_1_99' title="bbox 346 5071 1998 5145; baseline -0.002 -14"><span class='ocrx_word' id='word_1_745' title='bbox 346 5081 404 5130; x_wconf 90' lang='lat' dir='ltr'><strong>et</strong></span> <span class='ocrx_word' id='word_1_746' title='bbox 425 5075 671 5145; x_wconf 89' lang='lat' dir='ltr'><strong>reliqua,</strong></span> <span class='ocrx_word' id='word_1_747' title='bbox 705 5090 892 5130; x_wconf 89' lang='lat' dir='ltr'><strong>unum</strong></span> <span class='ocrx_word' id='word_1_748' title='bbox 924 5075 1066 5128; x_wconf 88' lang='lat' dir='ltr'><strong>sunt</strong></span> <span class='ocrx_word' id='word_1_749' title='bbox 1107 5071 1396 5142; x_wconf 85' lang='lat' dir='ltr'><strong>subjecto,</strong></span> <span class='ocrx_word' id='word_1_750' title='bbox 1429 5089 1533 5127; x_wconf 87' lang='lat' dir='ltr'><strong>seu</strong></span> <span class='ocrx_word' id='word_1_751' title='bbox 1566 5072 1862 5141; x_wconf 88' lang='lat' dir='ltr'><strong>essentia;</strong></span> <span class='ocrx_word' id='word_1_752' title='bbox 1897 5074 1998 5129; x_wconf 91' lang='lat' dir='ltr'><strong>sed</strong></span> 
     </span>
    </p>
   </div>
   <div class='ocr_carea' id='block_1_99' title="bbox 345 5159 2000 5232">
    <p class='ocr_par' dir='ltr' id='par_1_99' title="bbox 345 5159 2000 5232">
     <span class='ocr_line' id='line_1_100' title="bbox 345 5159 2000 5232; baseline -0.001 -14"><span class='ocrx_word' id='word_1_753' title='bbox 345 5162 750 5218; x_wconf 87' lang='lat' dir='ltr'><strong>accidentibus</strong></span> <span class='ocrx_word' id='word_1_754' title='bbox 773 5159 984 5230; x_wconf 88' lang='lat' dir='ltr'><strong>multa,</strong></span> <span class='ocrx_word' id='word_1_755' title='bbox 1009 5163 1074 5215; x_wconf 89' lang='lat' dir='ltr'><strong>ut</strong></span> <span class='ocrx_word' id='word_1_756' title='bbox 1105 5159 1302 5215; x_wconf 86' lang='lat' dir='ltr'><strong>homo.</strong></span> <span class='ocrx_word' id='word_1_757' title='bbox 1324 5159 1666 5215; x_wconf 89' lang='lat' dir='ltr'><strong>Accidentia</strong></span> <span class='ocrx_word' id='word_1_758' title='bbox 1687 5177 2000 5232; x_wconf 67' lang='lat' dir='ltr'><strong>vero,quae—</strong></span> 
     </span>
    </p>
   </div>
   <div class='ocr_carea' id='block_1_100' title="bbox 343 5248 1996 5322">
    <p class='ocr_par' dir='ltr' id='par_1_100' title="bbox 343 5248 1996 5322">
     <span class='ocr_line' id='line_1_101' title="bbox 343 5248 1996 5322; baseline -0.001 -16"><span class='ocrx_word' id='word_1_759' title='bbox 343 5252 478 5307; x_wconf 89' lang='lat' dir='ltr'><strong>dam</strong></span> <span class='ocrx_word' id='word_1_760' title='bbox 512 5249 888 5322; x_wconf 89' lang='lat' dir='ltr'><strong>separabilia,</strong></span> <span class='ocrx_word' id='word_1_761' title='bbox 920 5252 986 5305; x_wconf 90' lang='lat' dir='ltr'><strong>ut</strong></span> <span class='ocrx_word' id='word_1_762' title='bbox 1033 5249 1258 5315; x_wconf 90' lang='lat' dir='ltr'><strong>sedere,</strong></span> <span class='ocrx_word' id='word_1_763' title='bbox 1291 5248 1619 5315; x_wconf 89' lang='lat' dir='ltr'><strong>ambulare,</strong></span> <span class='ocrx_word' id='word_1_764' title='bbox 1648 5254 1707 5304; x_wconf 90' lang='lat' dir='ltr'><strong>et</strong></span> <span class='ocrx_word' id='word_1_765' title='bbox 1735 5249 1996 5319; x_wconf 85' lang='lat' dir='ltr'><strong>similia;</strong></span> 
     </span>
    </p>
   </div>
   <div class='ocr_carea' id='block_1_101' title="bbox 343 5335 1994 5412">
    <p class='ocr_par' dir='ltr' id='par_1_101' title="bbox 343 5335 1994 5412">
     <span class='ocr_line' id='line_1_102' title="bbox 343 5335 1994 5412; baseline -0.001 -16"><span class='ocrx_word' id='word_1_766' title='bbox 343 5340 611 5412; x_wconf 73' lang='lat' dir='ltr'><strong>quaedam</strong></span> <span class='ocrx_word' id='word_1_767' title='bbox 631 5354 768 5394; x_wconf 91' lang='lat' dir='ltr'><strong>vero</strong></span> <span class='ocrx_word' id='word_1_768' title='bbox 790 5335 1226 5410; x_wconf 71' lang='lat' dir='ltr'><strong>inseparabilis,</strong></span> <span class='ocrx_word' id='word_1_769' title='bbox 1253 5343 1321 5394; x_wconf 91' lang='lat' dir='ltr'><strong>ut</strong></span> <span class='ocrx_word' id='word_1_770' title='bbox 1351 5337 1666 5394; x_wconf 68' lang='lat' dir='ltr'><strong>caeruleum</strong></span> <span class='ocrx_word' id='word_1_771' title='bbox 1716 5341 1770 5394; x_wconf 86' lang='lat' dir='ltr'><strong>el</strong></span> <span class='ocrx_word' id='word_1_772' title='bbox 1807 5340 1875 5394; x_wconf 91' lang='lat' dir='ltr'><strong>ad</strong></span> <span class='ocrx_word' id='word_1_773' title='bbox 1888 5357 1994 5395; x_wconf 88' lang='lat' dir='ltr'><strong>un-</strong></span> 
     </span>
    </p>
   </div>
   <div class='ocr_carea' id='block_1_102' title="bbox 343 5425 1991 5500">
    <p class='ocr_par' dir='ltr' id='par_1_102' title="bbox 343 5425 1991 5500">
     <span class='ocr_line' id='line_1_103' title="bbox 343 5425 1991 5500; baseline 0.001 -15"><span class='ocrx_word' id='word_1_774' title='bbox 343 5445 498 5500; x_wconf 90' lang='lat' dir='ltr'><strong>cum,</strong></span> <span class='ocrx_word' id='word_1_775' title='bbox 530 5431 589 5486; x_wconf 87' lang='lat' dir='ltr'><strong>et</strong></span> <span class='ocrx_word' id='word_1_776' title='bbox 607 5425 824 5484; x_wconf 91' lang='lat' dir='ltr'><strong>similia</strong></span> <span class='ocrx_word' id='word_1_777' title='bbox 856 5443 869 5483; x_wconf 91' lang='lat'><strong>:</strong></span> <span class='ocrx_word' id='word_1_778' title='bbox 903 5431 961 5484; x_wconf 87' lang='lat' dir='ltr'><strong>et</strong></span> <span class='ocrx_word' id='word_1_779' title='bbox 1007 5432 1215 5485; x_wconf 90' lang='lat' dir='ltr'><strong>contra</strong></span> <span class='ocrx_word' id='word_1_780' title='bbox 1251 5445 1438 5484; x_wconf 89' lang='lat' dir='ltr'><strong>unum</strong></span> <span class='ocrx_word' id='word_1_781' title='bbox 1498 5427 1740 5500; x_wconf 88' lang='lat' dir='ltr'><strong>quidem</strong></span> <span class='ocrx_word' id='word_1_782' title='bbox 1773 5430 1991 5500; x_wconf 86' lang='lat' dir='ltr'><strong>specie,</strong></span> 
     </span>
    </p>
   </div>
   <div class='ocr_carea' id='block_1_103' title="bbox 2116 4716 2604 4795">
    <p class='ocr_par' dir='ltr' id='par_1_103' title="bbox 2116 4716 2604 4795">
     <span class='ocr_line' id='line_1_104' title="bbox 2116 4716 2604 4795; baseline 0.004 -23"><span class='ocrx_word' id='word_1_783' title='bbox 2116 4718 2408 4795; x_wconf 79' lang='grc' dir='ltr'><strong>έιρευρέτης</strong></span> <span class='ocrx_word' id='word_1_784' title='bbox 2439 4716 2604 4774; x_wconf 80' lang='grc' dir='ltr'><strong>ἐστίν.</strong></span> 
     </span>
    </p>
   </div>
   <div class='ocr_carea' id='block_1_104' title="bbox 2183 4805 3770 4887">
    <p class='ocr_par' dir='ltr' id='par_1_104' title="bbox 2183 4805 3770 4887">
     <span class='ocr_line' id='line_1_105' title="bbox 2183 4805 3770 4887; baseline 0.001 -23"><span class='ocrx_word' id='word_1_785' title='bbox 2183 4806 2362 4864; x_wconf 85' lang='grc' dir='ltr'><strong>Ἀλλά</strong></span> <span class='ocrx_word' id='word_1_786' title='bbox 2417 4808 2479 4862; x_wconf 88' lang='grc' dir='ltr'><strong>τὸ</strong></span> <span class='ocrx_word' id='word_1_787' title='bbox 2541 4808 2634 4881; x_wconf 73' lang='grc' dir='ltr'><strong>μὲν</strong></span> <span class='ocrx_word' id='word_1_788' title='bbox 2685 4805 2890 4864; x_wconf 88' lang='grc' dir='ltr'><strong>πολλά.</strong></span> <span class='ocrx_word' id='word_1_789' title='bbox 2953 4809 3473 4885; x_wconf 75' lang='grc' dir='ltr'><strong>Προσυπακουστίον</strong></span> <span class='ocrx_word' id='word_1_790' title='bbox 3518 4809 3600 4887; x_wconf 73' lang='grc' dir='ltr'><strong>ἐφ’</strong></span> <span class='ocrx_word' id='word_1_791' title='bbox 3639 4812 3770 4866; x_wconf 67' lang='grc' dir='ltr'><strong>ἱκά-</strong></span> 
     </span>
    </p>
   </div>
   <div class='ocr_carea' id='block_1_105' title="bbox 2114 4896 3770 4974">
    <p class='ocr_par' dir='ltr' id='par_1_105' title="bbox 2114 4896 3770 4974">
     <span class='ocr_line' id='line_1_106' title="bbox 2114 4896 3770 4974; baseline 0.003 -24"><span class='ocrx_word' id='word_1_792' title='bbox 2114 4918 2240 4952; x_wconf 91' lang='grc' dir='ltr'><strong>στου</strong></span> <span class='ocrx_word' id='word_1_793' title='bbox 2270 4896 2477 4952; x_wconf 82' lang='grc' dir='ltr'><strong>τούτων</strong></span> <span class='ocrx_word' id='word_1_794' title='bbox 2531 4898 2593 4952; x_wconf 89' lang='grc' dir='ltr'><strong>τὸ</strong></span> <span class='ocrx_word' id='word_1_795' title='bbox 2642 4897 2912 4972; x_wconf 83' lang='grc' dir='ltr'><strong>ὑπάρχον,</strong></span> <span class='ocrx_word' id='word_1_796' title='bbox 2940 4896 3031 4953; x_wconf 72' lang='grc' dir='ltr'><strong>⁹ίνα</strong></span> <span class='ocrx_word' id='word_1_797' title='bbox 3123 4899 3187 4955; x_wconf 89' lang='grc' dir='ltr'><strong>τὸ</strong></span> <span class='ocrx_word' id='word_1_798' title='bbox 3245 4898 3540 4974; x_wconf 83' lang='grc' dir='ltr'><strong>λεγόμενον</strong></span> <span class='ocrx_word' id='word_1_799' title='bbox 3582 4905 3770 4956; x_wconf 77' lang='grc' dir='ltr'><strong>τοιοῦο</strong></span> 
     </span>
    </p>
   </div>
   <div class='ocr_carea' id='block_1_106' title="bbox 2110 4985 3766 5063">
    <p class='ocr_par' dir='ltr' id='par_1_106' title="bbox 2110 4985 3766 5063">
     <span class='ocr_line' id='line_1_107' title="bbox 2110 4985 3766 5063; baseline 0.002 -23"><span class='ocrx_word' id='word_1_800' title='bbox 2110 5007 2227 5055; x_wconf 86' lang='grc' dir='ltr'><strong>τον,</strong></span> <span class='ocrx_word' id='word_1_801' title='bbox 2256 4987 2319 5041; x_wconf 88' lang='grc' dir='ltr'><strong>τὸ</strong></span> <span class='ocrx_word' id='word_1_802' title='bbox 2379 4987 2633 5061; x_wconf 84' lang='grc' dir='ltr'><strong>ὑπάρχον</strong></span> <span class='ocrx_word' id='word_1_803' title='bbox 2681 4991 2802 5048; x_wconf 89' lang='grc' dir='ltr'><strong>τοῖς</strong></span> <span class='ocrx_word' id='word_1_804' title='bbox 2836 4989 3022 5063; x_wconf 86' lang='grc' dir='ltr'><strong>μέρεσι</strong></span> <span class='ocrx_word' id='word_1_805' title='bbox 3052 4987 3246 5044; x_wconf 77' lang='grc' dir='ltr'><strong>πολλὰ</strong></span> <span class='ocrx_word' id='word_1_806' title='bbox 3270 4985 3324 5043; x_wconf 73' lang='grc' dir='ltr'><strong>’ἐν</strong></span> <span class='ocrx_word' id='word_1_807' title='bbox 3359 4989 3469 5044; x_wconf 65' lang='grc' dir='ltr'><strong>ἔστι</strong></span> <span class='ocrx_word' id='word_1_808' title='bbox 3499 4993 3580 5061; x_wconf 81' lang='grc' dir='ltr'><strong>τῷ</strong></span> <span class='ocrx_word' id='word_1_809' title='bbox 3627 4989 3766 5063; x_wconf 81' lang='grc' dir='ltr'><strong>ὅλῳ,</strong></span> 
     </span>
    </p>
   </div>
   <div class='ocr_carea' id='block_1_107' title="bbox 2111 5074 3768 5152">
    <p class='ocr_par' dir='ltr' id='par_1_107' title="bbox 2111 5074 3768 5152">
     <span class='ocr_line' id='line_1_108' title="bbox 2111 5074 3768 5152; baseline 0.001 -22"><span class='ocrx_word' id='word_1_810' title='bbox 2111 5078 2228 5130; x_wconf 79' lang='grc' dir='ltr'><strong>οἷον</strong></span> <span class='ocrx_word' id='word_1_811' title='bbox 2275 5075 2339 5130; x_wconf 90' lang='grc' dir='ltr'><strong>τὸ</strong></span> <span class='ocrx_word' id='word_1_812' title='bbox 2399 5080 2580 5148; x_wconf 80' lang='grc' dir='ltr'><strong>σῶμα,</strong></span> <span class='ocrx_word' id='word_1_813' title='bbox 2613 5075 2755 5131; x_wconf 74' lang='grc' dir='ltr'><strong>οὕτω</strong></span> <span class='ocrx_word' id='word_1_814' title='bbox 2785 5076 2876 5130; x_wconf 80' lang='grc' dir='ltr'><strong>καὶ</strong></span> <span class='ocrx_word' id='word_1_815' title='bbox 2923 5077 2992 5131; x_wconf 74' lang='grc' dir='ltr'><strong>τὰ</strong></span> <span class='ocrx_word' id='word_1_816' title='bbox 3022 5076 3193 5132; x_wconf 82' lang='grc' dir='ltr'><strong>λοιπᾶ</strong></span> <span class='ocrx_word' id='word_1_817' title='bbox 3221 5074 3275 5133; x_wconf 83' lang='grc' dir='ltr'><strong>’έν</strong></span> <span class='ocrx_word' id='word_1_818' title='bbox 3305 5082 3385 5150; x_wconf 80' lang='grc' dir='ltr'><strong>τῷ</strong></span> <span class='ocrx_word' id='word_1_819' title='bbox 3423 5079 3768 5152; x_wconf 83' lang='grc' dir='ltr'><strong>ὑποκειμένῳ</strong></span> 
     </span>
    </p>
   </div>
   <div class='ocr_carea' id='block_1_108' title="bbox 2108 5161 3766 5240">
    <p class='ocr_par' dir='ltr' id='par_1_108' title="bbox 2108 5161 3766 5240">
     <span class='ocr_line' id='line_1_109' title="bbox 2108 5161 3766 5240; baseline 0.004 -23"><span class='ocrx_word' id='word_1_820' title='bbox 2108 5163 2249 5218; x_wconf 78' lang='grc' dir='ltr'><strong>ἐστὶν</strong></span> <span class='ocrx_word' id='word_1_821' title='bbox 2308 5161 2434 5233; x_wconf 75' lang='grc' dir='ltr'><strong>ἤτοι</strong></span> <span class='ocrx_word' id='word_1_822' title='bbox 2495 5164 2687 5236; x_wconf 79' lang='grc' dir='ltr'><strong>οὐσίᾳ·</strong></span> <span class='ocrx_word' id='word_1_823' title='bbox 2731 5163 2878 5220; x_wconf 79' lang='grc' dir='ltr'><strong>ἀλλᾶ</strong></span> <span class='ocrx_word' id='word_1_824' title='bbox 2926 5165 3114 5221; x_wconf 85' lang='grc' dir='ltr'><strong>πολλά</strong></span> <span class='ocrx_word' id='word_1_825' title='bbox 3159 5173 3276 5228; x_wconf 90' lang='grc' dir='ltr'><strong>τοῖς</strong></span> <span class='ocrx_word' id='word_1_826' title='bbox 3336 5163 3766 5240; x_wconf 86' lang='grc' dir='ltr'><strong>συμϐεϐηκόσιν,</strong></span> 
     </span>
    </p>
   </div>
   <div class='ocr_carea' id='block_1_109' title="bbox 2109 5249 3767 5334">
    <p class='ocr_par' dir='ltr' id='par_1_109' title="bbox 2109 5249 3767 5334">
     <span class='ocr_line' id='line_1_110' title="bbox 2109 5249 3767 5334; baseline 0.003 -27"><span class='ocrx_word' id='word_1_827' title='bbox 2109 5256 2224 5308; x_wconf 82' lang='grc' dir='ltr'>οἷον</span> <span class='ocrx_word' id='word_1_828' title='bbox 2269 5255 2296 5307; x_wconf 91' lang='grc' dir='ltr'>ὁ</span> <span class='ocrx_word' id='word_1_829' title='bbox 2331 5251 2640 5329; x_wconf 81' lang='grc' dir='ltr'><strong>ἄνθρωπος.</strong></span> <span class='ocrx_word' id='word_1_830' title='bbox 2677 5249 3077 5328; x_wconf 87' lang='grc' dir='ltr'><strong>Συμϐεϐηκότα</strong></span> <span class='ocrx_word' id='word_1_831' title='bbox 3109 5253 3166 5311; x_wconf 79' lang='grc' dir='ltr'><strong>δὲ</strong></span> <span class='ocrx_word' id='word_1_832' title='bbox 3216 5257 3284 5312; x_wconf 84' lang='grc' dir='ltr'><strong>τὰ</strong></span> <span class='ocrx_word' id='word_1_833' title='bbox 3337 5257 3431 5330; x_wconf 73' lang='grc' dir='ltr'><strong>μὲν</strong></span> <span class='ocrx_word' id='word_1_834' title='bbox 3494 5257 3767 5334; x_wconf 79' lang='grc' dir='ltr'><strong>χωριστὰ,</strong></span> 
     </span>
    </p>
   </div>
   <div class='ocr_carea' id='block_1_110' title="bbox 2107 5342 3768 5420">
    <p class='ocr_par' dir='ltr' id='par_1_110' title="bbox 2107 5342 3768 5420">
     <span class='ocr_line' id='line_1_111' title="bbox 2107 5342 3768 5420; baseline 0.004 -24"><span class='ocrx_word' id='word_1_835' title='bbox 2107 5342 2181 5406; x_wconf 83' lang='grc' dir='ltr'><strong>ὡς</strong></span> <span class='ocrx_word' id='word_1_836' title='bbox 2235 5343 2297 5397; x_wconf 91' lang='grc' dir='ltr'><strong>τὸ</strong></span> <span class='ocrx_word' id='word_1_837' title='bbox 2349 5344 2688 5412; x_wconf 79' lang='grc' dir='ltr'><strong>καθέζεσθαι,</strong></span> <span class='ocrx_word' id='word_1_838' title='bbox 2746 5351 3085 5419; x_wconf 87' lang='grc' dir='ltr'><strong>περιπατεῖν,</strong></span> <span class='ocrx_word' id='word_1_839' title='bbox 3140 5347 3233 5401; x_wconf 90' lang='grc' dir='ltr'><strong>καὶ</strong></span> <span class='ocrx_word' id='word_1_840' title='bbox 3290 5348 3356 5402; x_wconf 74' lang='grc' dir='ltr'><strong>τὰ</strong></span> <span class='ocrx_word' id='word_1_841' title='bbox 3403 5345 3574 5420; x_wconf 77' lang='grc' dir='ltr'><strong>ὅμοια</strong></span> <span class='ocrx_word' id='word_1_842' title='bbox 3605 5351 3667 5384; x_wconf 78' lang='grc'><strong>¹⁸’</strong></span> <span class='ocrx_word' id='word_1_843' title='bbox 3701 5347 3768 5402; x_wconf 73' lang='grc' dir='ltr'><strong>τὰ</strong></span> 
     </span>
    </p>
   </div>
   <div class='ocr_carea' id='block_1_111' title="bbox 2105 5427 3763 5510">
    <p class='ocr_par' dir='ltr' id='par_1_111' title="bbox 2105 5427 3763 5510">
     <span class='ocr_line' id='line_1_112' title="bbox 2105 5427 3763 5510; baseline 0.003 -26"><span class='ocrx_word' id='word_1_844' title='bbox 2105 5427 2162 5484; x_wconf 74' lang='grc' dir='ltr'><strong>δέ</strong></span> <span class='ocrx_word' id='word_1_845' title='bbox 2182 5429 2487 5506; x_wconf 78' lang='grc' dir='ltr'><strong>ἀχώριστά,</strong></span> <span class='ocrx_word' id='word_1_846' title='bbox 2521 5433 2594 5495; x_wconf 85' lang='grc' dir='ltr'><strong>ὡς</strong></span> <span class='ocrx_word' id='word_1_847' title='bbox 2625 5433 2688 5487; x_wconf 89' lang='grc' dir='ltr'><strong>τὸ</strong></span> <span class='ocrx_word' id='word_1_848' title='bbox 2718 5433 2979 5510; x_wconf 89' lang='grc' dir='ltr'><strong>γλαυκὸν,</strong></span> <span class='ocrx_word' id='word_1_849' title='bbox 3074 5435 3310 5510; x_wconf 89' lang='grc' dir='ltr'><strong>γρυπὸν,</strong></span> <span class='ocrx_word' id='word_1_850' title='bbox 3341 5435 3432 5491; x_wconf 85' lang='grc' dir='ltr'><strong>καὶ</strong></span> <span class='ocrx_word' id='word_1_851' title='bbox 3482 5435 3548 5491; x_wconf 80' lang='grc' dir='ltr'><strong>τὰ</strong></span> <span class='ocrx_word' id='word_1_852' title='bbox 3577 5435 3763 5510; x_wconf 84' lang='grc' dir='ltr'><strong>ὅμοια,</strong></span> 
     </span>
    </p>
   </div>
   <div class='ocr_carea' id='block_1_112' title="bbox 1341 5605 2747 5669">
    <p class='ocr_par' dir='ltr' id='par_1_112' title="bbox 1341 5605 2747 5669">
     <span class='ocr_line' id='line_1_113' title="bbox 1341 5605 2747 5669; baseline 0.006 -9"><span class='ocrx_word' id='word_1_853' title='bbox 1341 5605 1581 5663; x_wconf 75' lang='lat' dir='ltr'><strong>VARl/E</strong></span> <span class='ocrx_word' id='word_1_854' title='bbox 1621 5605 2012 5665; x_wconf 85' lang='lat' dir='ltr'><strong>LECTIONES</strong></span> <span class='ocrx_word' id='word_1_855' title='bbox 2051 5609 2145 5666; x_wconf 89' lang='lat' dir='ltr'><strong>ET</strong></span> <span class='ocrx_word' id='word_1_856' title='bbox 2183 5610 2747 5669; x_wconf 80' lang='lat' dir='ltr'><strong>CORRECTIONES.</strong></span> 
     </span>
    </p>
   </div>
   <div class='ocr_carea' id='block_1_113' title="bbox 422 5731 861 5806">
    <p class='ocr_par' dir='ltr' id='par_1_113' title="bbox 422 5731 861 5806">
     <span class='ocr_line' id='line_1_114' title="bbox 422 5731 861 5806; baseline 0.002 -20"><span class='ocrx_word' id='word_1_857' title='bbox 422 5732 466 5767; x_wconf 80' lang='grc'>¹⁸</span> <span class='ocrx_word' id='word_1_858' title='bbox 495 5749 582 5806; x_wconf 89' lang='grc' dir='ltr'><strong>γρ.</strong></span> <span class='ocrx_word' id='word_1_859' title='bbox 616 5731 861 5788; x_wconf 80' lang='grc' dir='ltr'><strong>τοιαῦτα.</strong></span> 
     </span>
    </p>
   </div>
  </div>
