  <div class='ocr_page' id='page_1' title='image "/cluster/home/n/w/nwhite01/storage/ocr_20150623/4:no.2/coo.31924054872837/212.png"; bbox 0 0 4108 6380; ppageno 0'>
   <div class='ocr_carea' id='block_1_1' title="bbox 383 418 501 472">
    <p class='ocr_par' dir='ltr' id='par_1_1' title="bbox 383 418 501 472">
     <span class='ocr_line' id='line_1_1' title="bbox 383 418 501 472; baseline 0 0"><span class='ocrx_word' id='word_1_1' title='bbox 383 418 501 472; x_wconf 69' lang='grc'>409</span> 
     </span>
    </p>
   </div>
   <div class='ocr_carea' id='block_1_2' title="bbox 1161 401 3051 469">
    <p class='ocr_par' dir='ltr' id='par_1_2' title="bbox 1161 401 3051 469">
     <span class='ocr_line' id='line_1_2' title="bbox 1161 401 3051 469; baseline -0.007 0"><span class='ocrx_word' id='word_1_2' title='bbox 1161 416 1219 469; x_wconf 81' lang='lat'>8.</span> <span class='ocrx_word' id='word_1_3' title='bbox 1258 411 1530 468; x_wconf 79' lang='lat' dir='ltr'><strong>MAXIMI</strong></span> <span class='ocrx_word' id='word_1_4' title='bbox 1566 405 1874 464; x_wconf 81' lang='lat' dir='ltr'>BCHOLIA</span> <span class='ocrx_word' id='word_1_5' title='bbox 1909 405 1985 460; x_wconf 88' lang='lat' dir='ltr'>IN</span> <span class='ocrx_word' id='word_1_6' title='bbox 2026 403 2159 458; x_wconf 85' lang='lat' dir='ltr'>LIB.</span> <span class='ocrx_word' id='word_1_7' title='bbox 2199 402 2296 456; x_wconf 83' lang='lat' dir='ltr'>DE</span> <span class='ocrx_word' id='word_1_8' title='bbox 2333 401 2602 457; x_wconf 81' lang='lat' dir='ltr'>DIVINIS</span> <span class='ocrx_word' id='word_1_9' title='bbox 2641 401 3051 456; x_wconf 78' lang='lat' dir='ltr'>NOMINIBUS.</span> 
     </span>
    </p>
   </div>
   <div class='ocr_carea' id='block_1_3' title="bbox 3716 404 3818 458">
    <p class='ocr_par' dir='ltr' id='par_1_3' title="bbox 3716 404 3818 458">
     <span class='ocr_line' id='line_1_3' title="bbox 3716 404 3818 458; baseline 0 0"><span class='ocrx_word' id='word_1_10' title='bbox 3716 404 3818 458; x_wconf 78' lang='grc'>410</span> 
     </span>
    </p>
   </div>
   <div class='ocr_carea' id='block_1_4' title="bbox 372 523 2055 614">
    <p class='ocr_par' dir='ltr' id='par_1_4' title="bbox 372 525 2052 614">
     <span class='ocr_line' id='line_1_4' title="bbox 372 525 2052 614; baseline -0.01 -19"><span class='ocrx_word' id='word_1_11' title='bbox 372 543 480 597; x_wconf 76' lang='grc' dir='ltr'>καὶ</span> <span class='ocrx_word' id='word_1_12' title='bbox 507 540 702 612; x_wconf 76' lang='grc' dir='ltr'>πάλιν,</span> <span class='ocrx_word' id='word_1_13' title='bbox 751 537 804 596; x_wconf 79' lang='grc' dir='ltr'>ἓν</span> <span class='ocrx_word' id='word_1_14' title='bbox 837 540 932 614; x_wconf 71' lang='grc' dir='ltr'>μὲν</span> <span class='ocrx_word' id='word_1_15' title='bbox 962 535 1132 608; x_wconf 79' lang='grc' dir='ltr'>εἶδος,</span> <span class='ocrx_word' id='word_1_16' title='bbox 1163 533 1362 601; x_wconf 71' lang='grc' dir='ltr'>ἵππος,</span> <span class='ocrx_word' id='word_1_17' title='bbox 1410 531 1446 600; x_wconf 72' lang='grc' dir='ltr'><strong>ἢ</strong></span> <span class='ocrx_word' id='word_1_18' title='bbox 1491 531 1645 602; x_wconf 76' lang='grc' dir='ltr'>βοῦς,</span> <span class='ocrx_word' id='word_1_19' title='bbox 1695 525 1843 584; x_wconf 80' lang='grc' dir='ltr'>ἀλλὰ</span> <span class='ocrx_word' id='word_1_20' title='bbox 1891 527 2052 580; x_wconf 80' lang='grc' dir='ltr'>τοῦτο</span> 
     </span>
    </p>
   </div>
   <div class='ocr_carea' id='block_1_5' title="bbox 2177 523 3822 614">
    <p class='ocr_par' dir='ltr' id='par_1_5' title="bbox 2177 523 3822 596">
     <span class='ocr_line' id='line_1_5' title="bbox 2177 523 3822 596; baseline 0.002 -16"><span class='ocrx_word' id='word_1_21' title='bbox 2177 540 2380 596; x_wconf 86' lang='lat' dir='ltr'>equus,</span> <span class='ocrx_word' id='word_1_22' title='bbox 2409 528 2508 579; x_wconf 90' lang='lat' dir='ltr'>aut</span> <span class='ocrx_word' id='word_1_23' title='bbox 2540 523 2666 589; x_wconf 89' lang='lat' dir='ltr'>bos,</span> <span class='ocrx_word' id='word_1_24' title='bbox 2699 524 2799 579; x_wconf 90' lang='lat' dir='ltr'>sed</span> <span class='ocrx_word' id='word_1_25' title='bbox 2824 523 2933 578; x_wconf 91' lang='lat' dir='ltr'>hoc</span> <span class='ocrx_word' id='word_1_26' title='bbox 2982 523 3170 579; x_wconf 88' lang='lat' dir='ltr'>multa</span> <span class='ocrx_word' id='word_1_27' title='bbox 3198 529 3288 580; x_wconf 89' lang='lat' dir='ltr'>est</span> <span class='ocrx_word' id='word_1_28' title='bbox 3327 543 3611 584; x_wconf 88' lang='lat' dir='ltr'>numero:</span> <span class='ocrx_word' id='word_1_29' title='bbox 3646 527 3822 585; x_wconf 87' lang='lat' dir='ltr'>multi</span> 
     </span>
    </p>
   </div>
   <div class='ocr_carea' id='block_1_6' title="bbox 377 613 2052 705">
    <p class='ocr_par' dir='ltr' id='par_1_6' title="bbox 377 613 2052 705">
     <span class='ocr_line' id='line_1_6' title="bbox 377 613 2052 705; baseline -0.011 -21"><span class='ocrx_word' id='word_1_30' title='bbox 377 628 582 686; x_wconf 75' lang='grc' dir='ltr'>πολλὰ</span> <span class='ocrx_word' id='word_1_31' title='bbox 626 613 860 705; x_wconf 68' lang='grc' dir='ltr'>ὑπάρχει</span> <span class='ocrx_word' id='word_1_32' title='bbox 904 633 986 700; x_wconf 74' lang='grc' dir='ltr'>τῷ</span> <span class='ocrx_word' id='word_1_33' title='bbox 1031 627 1269 702; x_wconf 76' lang='grc' dir='ltr'>ἀριθμῷ·</span> <span class='ocrx_word' id='word_1_34' title='bbox 1334 620 1540 677; x_wconf 78' lang='grc' dir='ltr'>πολλοὶ</span> <span class='ocrx_word' id='word_1_35' title='bbox 1585 615 1902 694; x_wconf 73' lang='grc' dir='ltr'>γὰρ’ἱπποι,</span> <span class='ocrx_word' id='word_1_36' title='bbox 1963 613 2052 668; x_wconf 86' lang='grc' dir='ltr'>καὶ</span> 
     </span>
    </p>
   </div>
   <div class='ocr_carea' id='block_1_7' title="bbox 379 709 2050 795">
    <p class='ocr_par' dir='ltr' id='par_1_7' title="bbox 379 709 2050 795">
     <span class='ocr_line' id='line_1_7' title="bbox 379 709 2050 795; baseline -0.012 -19"><span class='ocrx_word' id='word_1_37' title='bbox 379 719 604 776; x_wconf 84' lang='grc' dir='ltr'>πολλοὶ</span> <span class='ocrx_word' id='word_1_38' title='bbox 640 719 782 795; x_wconf 80' lang='grc' dir='ltr'>βόες.</span> <span class='ocrx_word' id='word_1_39' title='bbox 833 715 1012 774; x_wconf 78' lang='grc' dir='ltr'>Ἀλλᾶ</span> <span class='ocrx_word' id='word_1_40' title='bbox 1056 714 1148 770; x_wconf 87' lang='grc' dir='ltr'>καὶ</span> <span class='ocrx_word' id='word_1_41' title='bbox 1186 718 1305 774; x_wconf 83' lang='grc' dir='ltr'>ταῖς</span> <span class='ocrx_word' id='word_1_42' title='bbox 1339 709 1598 782; x_wconf 80' lang='grc' dir='ltr'>δυνάμεσι</span> <span class='ocrx_word' id='word_1_43' title='bbox 1651 712 1770 768; x_wconf 81' lang='grc' dir='ltr'>ταῖς</span> <span class='ocrx_word' id='word_1_44' title='bbox 1801 709 2050 782; x_wconf 75' lang='grc' dir='ltr'>φυσικαῖς</span> 
     </span>
    </p>
   </div>
   <div class='ocr_carea' id='block_1_8' title="bbox 382 793 2048 882">
    <p class='ocr_par' dir='ltr' id='par_1_8' title="bbox 382 793 2048 882">
     <span class='ocr_line' id='line_1_8' title="bbox 382 793 2048 882; baseline -0.012 -17"><span class='ocrx_word' id='word_1_45' title='bbox 382 806 584 864; x_wconf 81' lang='grc' dir='ltr'>πολλᾶ</span> <span class='ocrx_word' id='word_1_46' title='bbox 615 793 872 882; x_wconf 77' lang='grc' dir='ltr'>ὑπάρχει·</span> <span class='ocrx_word' id='word_1_47' title='bbox 923 804 1014 860; x_wconf 83' lang='grc' dir='ltr'>καὶ</span> <span class='ocrx_word' id='word_1_48' title='bbox 1065 802 1218 867; x_wconf 76' lang='grc' dir='ltr'>αὖθις</span> <span class='ocrx_word' id='word_1_49' title='bbox 1256 803 1323 856; x_wconf 71' lang='grc' dir='ltr'>τὰ</span> <span class='ocrx_word' id='word_1_50' title='bbox 1371 796 1560 855; x_wconf 81' lang='grc' dir='ltr'>πολλὰ</span> <span class='ocrx_word' id='word_1_51' title='bbox 1597 793 1741 868; x_wconf 79' lang='grc' dir='ltr'>εἶ’δη,</span> <span class='ocrx_word' id='word_1_52' title='bbox 1793 796 1906 849; x_wconf 82' lang='grc' dir='ltr'>οἷον</span> <span class='ocrx_word' id='word_1_53' title='bbox 1957 793 2048 846; x_wconf 79' lang='grc' dir='ltr'>ἅν-</span> 
     </span>
    </p>
   </div>
   <div class='ocr_carea' id='block_1_9' title="bbox 383 883 2048 974">
    <p class='ocr_par' dir='ltr' id='par_1_9' title="bbox 383 883 2048 974">
     <span class='ocr_line' id='line_1_9' title="bbox 383 883 2048 974; baseline -0.011 -20"><span class='ocrx_word' id='word_1_54' title='bbox 383 909 639 974; x_wconf 87' lang='grc' dir='ltr'>θρωπος,</span> <span class='ocrx_word' id='word_1_55' title='bbox 665 895 865 965; x_wconf 66' lang='grc' dir='ltr'>ἵππος,</span> <span class='ocrx_word' id='word_1_56' title='bbox 908 895 1052 949; x_wconf 69' lang='grc' dir='ltr'>κύων</span> <span class='ocrx_word' id='word_1_57' title='bbox 1083 891 1174 948; x_wconf 83' lang='grc' dir='ltr'>καὶ</span> <span class='ocrx_word' id='word_1_58' title='bbox 1203 891 1271 946; x_wconf 79' lang='grc' dir='ltr'>τὰ</span> <span class='ocrx_word' id='word_1_59' title='bbox 1301 888 1469 960; x_wconf 80' lang='grc' dir='ltr'>ἄλλα,</span> <span class='ocrx_word' id='word_1_60' title='bbox 1497 887 1553 943; x_wconf 82' lang='grc' dir='ltr'>’ἐν</span> <span class='ocrx_word' id='word_1_61' title='bbox 1592 886 1693 942; x_wconf 85' lang='grc' dir='ltr'>εἰσι</span> <span class='ocrx_word' id='word_1_62' title='bbox 1750 889 1829 956; x_wconf 80' lang='grc' dir='ltr'>τῷ</span> <span class='ocrx_word' id='word_1_63' title='bbox 1885 883 2048 958; x_wconf 73' lang='grc' dir='ltr'>γένει’</span> 
     </span>
    </p>
   </div>
   <div class='ocr_carea' id='block_1_10' title="bbox 387 969 2052 1062">
    <p class='ocr_par' dir='ltr' id='par_1_10' title="bbox 387 969 2052 1062">
     <span class='ocr_line' id='line_1_10' title="bbox 387 969 2052 1062; baseline -0.011 -19"><span class='ocrx_word' id='word_1_64' title='bbox 387 992 537 1058; x_wconf 86' lang='grc' dir='ltr'>ζῶον</span> <span class='ocrx_word' id='word_1_65' title='bbox 588 987 688 1062; x_wconf 80' lang='grc' dir='ltr'>γὰρ</span> <span class='ocrx_word' id='word_1_66' title='bbox 737 983 948 1040; x_wconf 74' lang='grc' dir='ltr'>τούτων</span> <span class='ocrx_word' id='word_1_67' title='bbox 993 979 1242 1038; x_wconf 68' lang='grc' dir='ltr'>ἕκαστον·</span> <span class='ocrx_word' id='word_1_68' title='bbox 1277 977 1420 1034; x_wconf 74' lang='grc' dir='ltr'>οὕτω</span> <span class='ocrx_word' id='word_1_69' title='bbox 1450 980 1577 1052; x_wconf 76' lang='grc' dir='ltr'>γοῦν</span> <span class='ocrx_word' id='word_1_70' title='bbox 1627 974 1718 1029; x_wconf 80' lang='grc' dir='ltr'>καὶ</span> <span class='ocrx_word' id='word_1_71' title='bbox 1773 973 1836 1028; x_wconf 88' lang='grc' dir='ltr'>τὸ</span> <span class='ocrx_word' id='word_1_72' title='bbox 1866 969 2052 1026; x_wconf 82' lang='grc' dir='ltr'>πολλὰ</span> 
     </span>
    </p>
   </div>
   <div class='ocr_carea' id='block_1_11' title="bbox 389 1061 2047 1152">
    <p class='ocr_par' dir='ltr' id='par_1_11' title="bbox 389 1061 2047 1152">
     <span class='ocr_line' id='line_1_11' title="bbox 389 1061 2047 1152; baseline -0.011 -21"><span class='ocrx_word' id='word_1_73' title='bbox 389 1061 648 1152; x_wconf 73' lang='grc' dir='ltr'>ὑπάρχον</span> <span class='ocrx_word' id='word_1_74' title='bbox 699 1079 819 1136; x_wconf 85' lang='grc' dir='ltr'>ταῖς</span> <span class='ocrx_word' id='word_1_75' title='bbox 864 1068 1167 1148; x_wconf 77' lang='grc' dir='ltr'>περιόδοις,</span> <span class='ocrx_word' id='word_1_76' title='bbox 1217 1067 1388 1144; x_wconf 78' lang='grc' dir='ltr'>ἤγουν</span> <span class='ocrx_word' id='word_1_77' title='bbox 1417 1070 1536 1128; x_wconf 85' lang='grc' dir='ltr'>τοῖς</span> <span class='ocrx_word' id='word_1_78' title='bbox 1573 1063 1962 1140; x_wconf 69' lang='grc' dir='ltr'>βουλεύμασιν,</span> 
     </span>
    </p>
   </div>
   <div class='ocr_carea' id='block_1_12' title="bbox 384 1158 1394 1240">
    <p class='ocr_par' dir='ltr' id='par_1_12' title="bbox 384 1158 1394 1240">
     <span class='ocr_line' id='line_1_12' title="bbox 384 1158 1394 1240; baseline -0.007 -20"><span class='ocrx_word' id='word_1_79' title='bbox 384 1165 485 1220; x_wconf 80' lang='grc' dir='ltr'>καὶ</span> <span class='ocrx_word' id='word_1_80' title='bbox 515 1170 633 1227; x_wconf 82' lang='grc' dir='ltr'>τοῖς</span> <span class='ocrx_word' id='word_1_81' title='bbox 665 1158 868 1240; x_wconf 79' lang='grc' dir='ltr'>ἔργοις,</span> <span class='ocrx_word' id='word_1_82' title='bbox 899 1159 952 1216; x_wconf 78' lang='grc' dir='ltr'>ἓν</span> <span class='ocrx_word' id='word_1_83' title='bbox 988 1161 1091 1216; x_wconf 74' lang='grc' dir='ltr'>εἰσι</span> <span class='ocrx_word' id='word_1_84' title='bbox 1120 1163 1189 1233; x_wconf 80' lang='grc' dir='ltr'>τῇ</span> <span class='ocrx_word' id='word_1_85' title='bbox 1221 1159 1394 1234; x_wconf 79' lang='grc' dir='ltr'>ἀρχῇ.</span> 
     </span>
    </p>
   </div>
   <div class='ocr_carea' id='block_1_13' title="bbox 467 1237 2048 1330">
    <p class='ocr_par' dir='ltr' id='par_1_13' title="bbox 467 1237 2048 1330">
     <span class='ocr_line' id='line_1_13' title="bbox 467 1237 2048 1330; baseline -0.011 -21"><span class='ocrx_word' id='word_1_86' title='bbox 467 1256 497 1330; x_wconf 70' lang='grc' dir='ltr'>Ξ</span> <span class='ocrx_word' id='word_1_87' title='bbox 541 1259 611 1308; x_wconf 80' lang='lat' dir='ltr'>II.</span> <span class='ocrx_word' id='word_1_88' title='bbox 659 1237 840 1308; x_wconf 64' lang='grc' dir='ltr'>Πάντα</span> <span class='ocrx_word' id='word_1_89' title='bbox 881 1249 973 1306; x_wconf 84' lang='grc' dir='ltr'>καὶ</span> <span class='ocrx_word' id='word_1_90' title='bbox 1020 1247 1124 1304; x_wconf 85' lang='grc' dir='ltr'>ὅλα</span> <span class='ocrx_word' id='word_1_91' title='bbox 1154 1248 1348 1303; x_wconf 80' lang='grc' dir='ltr'>πάντα.</span> <span class='ocrx_word' id='word_1_92' title='bbox 1405 1245 1586 1300; x_wconf 74' lang='grc' dir='ltr'>Πάντα</span> <span class='ocrx_word' id='word_1_93' title='bbox 1634 1237 2048 1330; x_wconf 29' lang='grc' dir='ltr'>λέγεταιρδταν</span> 
     </span>
    </p>
   </div>
   <div class='ocr_carea' id='block_1_14' title="bbox 387 1327 2050 1416">
    <p class='ocr_par' dir='ltr' id='par_1_14' title="bbox 387 1327 2050 1416">
     <span class='ocr_line' id='line_1_14' title="bbox 387 1327 2050 1416; baseline -0.011 -17"><span class='ocrx_word' id='word_1_94' title='bbox 387 1327 542 1414; x_wconf 62' lang='grc' dir='ltr'>ιῖδὴ,</span> <span class='ocrx_word' id='word_1_95' title='bbox 588 1340 678 1397; x_wconf 84' lang='grc' dir='ltr'>καὶ</span> <span class='ocrx_word' id='word_1_96' title='bbox 740 1342 878 1416; x_wconf 71' lang='grc' dir='ltr'>μὲρη</span> <span class='ocrx_word' id='word_1_97' title='bbox 917 1381 932 1406; x_wconf 83' lang='grc'>,</span> <span class='ocrx_word' id='word_1_98' title='bbox 991 1339 1080 1394; x_wconf 78' lang='grc' dir='ltr'>καὶ</span> <span class='ocrx_word' id='word_1_99' title='bbox 1145 1335 1402 1415; x_wconf 78' lang='grc' dir='ltr'>διαφοραὶ</span> <span class='ocrx_word' id='word_1_100' title='bbox 1454 1333 1506 1389; x_wconf 80' lang='grc' dir='ltr'>ἐν</span> <span class='ocrx_word' id='word_1_101' title='bbox 1558 1337 1679 1396; x_wconf 87' lang='grc' dir='ltr'>ταῖς</span> <span class='ocrx_word' id='word_1_102' title='bbox 1733 1327 2050 1403; x_wconf 70' lang='grc' dir='ltr'>διαιρέσεσιν</span> 
     </span>
    </p>
   </div>
   <div class='ocr_carea' id='block_1_15' title="bbox 384 1416 2055 1500">
    <p class='ocr_par' dir='ltr' id='par_1_15' title="bbox 384 1416 2055 1500">
     <span class='ocr_line' id='line_1_15' title="bbox 384 1416 2055 1500; baseline -0.008 -14"><span class='ocrx_word' id='word_1_103' title='bbox 384 1433 548 1486; x_wconf 77' lang='grc' dir='ltr'>ὦσιν·</span> <span class='ocrx_word' id='word_1_104' title='bbox 605 1429 733 1486; x_wconf 81' lang='grc' dir='ltr'>ὅλον</span> <span class='ocrx_word' id='word_1_105' title='bbox 770 1426 848 1496; x_wconf 62' lang='grc' dir='ltr'>δὲ,</span> <span class='ocrx_word' id='word_1_106' title='bbox 883 1429 1007 1484; x_wconf 78' lang='grc' dir='ltr'>ὅταν</span> <span class='ocrx_word' id='word_1_107' title='bbox 1034 1428 1102 1483; x_wconf 68' lang='grc' dir='ltr'>τὰ</span> <span class='ocrx_word' id='word_1_108' title='bbox 1134 1425 1273 1500; x_wconf 78' lang='grc' dir='ltr'>μέρη</span> <span class='ocrx_word' id='word_1_109' title='bbox 1309 1421 1685 1498; x_wconf 81' lang='grc' dir='ltr'>συλλεγόμενα</span> <span class='ocrx_word' id='word_1_110' title='bbox 1712 1419 1767 1475; x_wconf 74' lang='grc' dir='ltr'>ἓν</span> <span class='ocrx_word' id='word_1_111' title='bbox 1817 1416 2055 1488; x_wconf 83' lang='grc' dir='ltr'>ὁλόκλη-</span> 
     </span>
    </p>
   </div>
   <div class='ocr_carea' id='block_1_16' title="bbox 387 1506 2055 1596">
    <p class='ocr_par' dir='ltr' id='par_1_16' title="bbox 387 1506 2055 1596">
     <span class='ocr_line' id='line_1_16' title="bbox 387 1506 2055 1596; baseline -0.009 -20"><span class='ocrx_word' id='word_1_112' title='bbox 387 1541 488 1596; x_wconf 87' lang='grc' dir='ltr'>ρον</span> <span class='ocrx_word' id='word_1_113' title='bbox 552 1518 917 1588; x_wconf 80' lang='grc' dir='ltr'>ἀποτελῶσιν,</span> <span class='ocrx_word' id='word_1_114' title='bbox 949 1518 986 1588; x_wconf 72' lang='grc' dir='ltr'><strong>ἢ</strong></span> <span class='ocrx_word' id='word_1_115' title='bbox 1015 1517 1084 1572; x_wconf 74' lang='grc' dir='ltr'>τὰ</span> <span class='ocrx_word' id='word_1_116' title='bbox 1110 1512 1227 1586; x_wconf 80' lang='grc' dir='ltr'>εἷ’δη</span> <span class='ocrx_word' id='word_1_117' title='bbox 1260 1510 1312 1569; x_wconf 79' lang='grc' dir='ltr'>ἕν</span> <span class='ocrx_word' id='word_1_118' title='bbox 1369 1515 1549 1588; x_wconf 75' lang='grc' dir='ltr'>γενος,</span> <span class='ocrx_word' id='word_1_119' title='bbox 1600 1513 1634 1582; x_wconf 73' lang='grc' dir='ltr'>ἢ</span> <span class='ocrx_word' id='word_1_120' title='bbox 1699 1511 1786 1566; x_wconf 80' lang='grc' dir='ltr'>καὶ</span> <span class='ocrx_word' id='word_1_121' title='bbox 1819 1509 1886 1563; x_wconf 78' lang='grc' dir='ltr'>τὰ</span> <span class='ocrx_word' id='word_1_122' title='bbox 1910 1506 2055 1562; x_wconf 83' lang='grc' dir='ltr'>ἐναν-</span> 
     </span>
    </p>
   </div>
   <div class='ocr_carea' id='block_1_17' title="bbox 382 1595 2049 1678">
    <p class='ocr_par' dir='ltr' id='par_1_17' title="bbox 382 1595 2049 1678">
     <span class='ocr_line' id='line_1_17' title="bbox 382 1595 2049 1678; baseline -0.01 -13"><span class='ocrx_word' id='word_1_123' title='bbox 382 1610 484 1665; x_wconf 80' lang='grc' dir='ltr'>τία</span> <span class='ocrx_word' id='word_1_124' title='bbox 531 1607 624 1664; x_wconf 85' lang='grc' dir='ltr'>καὶ</span> <span class='ocrx_word' id='word_1_125' title='bbox 681 1607 1029 1678; x_wconf 81' lang='grc' dir='ltr'>ἀντικείμενα</span> <span class='ocrx_word' id='word_1_126' title='bbox 1085 1605 1160 1666; x_wconf 70' lang='grc' dir='ltr'>εἷς</span> <span class='ocrx_word' id='word_1_127' title='bbox 1219 1602 1523 1677; x_wconf 80' lang='grc' dir='ltr'>σύμπνοιαν</span> <span class='ocrx_word' id='word_1_128' title='bbox 1570 1601 1657 1655; x_wconf 82' lang='grc' dir='ltr'>καὶ</span> <span class='ocrx_word' id='word_1_129' title='bbox 1716 1595 2049 1672; x_wconf 75' lang='grc' dir='ltr'>συμπάθειαν</span> 
     </span>
    </p>
   </div>
   <div class='ocr_carea' id='block_1_18' title="bbox 386 1687 2054 1774">
    <p class='ocr_par' dir='ltr' id='par_1_18' title="bbox 386 1687 2054 1774">
     <span class='ocr_line' id='line_1_18' title="bbox 386 1687 2054 1774; baseline -0.009 -20"><span class='ocrx_word' id='word_1_130' title='bbox 386 1699 676 1774; x_wconf 78' lang='grc' dir='ltr'>ἡσυχάζῃ,</span> <span class='ocrx_word' id='word_1_131' title='bbox 711 1696 787 1760; x_wconf 85' lang='grc' dir='ltr'>ὡς</span> <span class='ocrx_word' id='word_1_132' title='bbox 839 1693 984 1771; x_wconf 83' lang='grc' dir='ltr'>ὕδωρ</span> <span class='ocrx_word' id='word_1_133' title='bbox 1038 1696 1203 1768; x_wconf 76' lang='grc' dir='ltr'>ὁμοῦ,</span> <span class='ocrx_word' id='word_1_134' title='bbox 1247 1692 1338 1748; x_wconf 83' lang='grc' dir='ltr'>καὶ</span> <span class='ocrx_word' id='word_1_135' title='bbox 1386 1699 1481 1767; x_wconf 82' lang='grc' dir='ltr'>γῆ,</span> <span class='ocrx_word' id='word_1_136' title='bbox 1527 1689 1616 1745; x_wconf 81' lang='grc' dir='ltr'>καὶ</span> <span class='ocrx_word' id='word_1_137' title='bbox 1664 1689 1792 1764; x_wconf 70' lang='grc' dir='ltr'>ἀὴρ,</span> <span class='ocrx_word' id='word_1_138' title='bbox 1841 1687 1930 1742; x_wconf 85' lang='grc' dir='ltr'>καὶ</span> <span class='ocrx_word' id='word_1_139' title='bbox 1986 1687 2054 1740; x_wconf 78' lang='grc' dir='ltr'>τὰ</span> 
     </span>
    </p>
   </div>
   <div class='ocr_carea' id='block_1_19' title="bbox 387 1775 2054 1864">
    <p class='ocr_par' dir='ltr' id='par_1_19' title="bbox 387 1775 2054 1864">
     <span class='ocr_line' id='line_1_19' title="bbox 387 1775 2054 1864; baseline -0.01 -20"><span class='ocrx_word' id='word_1_140' title='bbox 387 1784 627 1864; x_wconf 82' lang='grc' dir='ltr'>πυρώδη</span> <span class='ocrx_word' id='word_1_141' title='bbox 677 1783 868 1860; x_wconf 78' lang='grc' dir='ltr'>ἄστρα,</span> <span class='ocrx_word' id='word_1_142' title='bbox 915 1785 1003 1840; x_wconf 81' lang='grc' dir='ltr'>καὶ</span> <span class='ocrx_word' id='word_1_143' title='bbox 1057 1780 1310 1860; x_wconf 53' lang='grc' dir='ltr'>οὐρανός</span> <span class='ocrx_word' id='word_1_144' title='bbox 1367 1780 1580 1856; x_wconf 67' lang='grc' dir='ltr'>λέγεται</span> <span class='ocrx_word' id='word_1_145' title='bbox 1620 1777 1721 1853; x_wconf 77' lang='grc' dir='ltr'>γὰρ</span> <span class='ocrx_word' id='word_1_146' title='bbox 1753 1775 1858 1834; x_wconf 79' lang='grc' dir='ltr'>ὅλα</span> <span class='ocrx_word' id='word_1_147' title='bbox 1887 1780 2054 1831; x_wconf 71' lang='grc' dir='ltr'>ταῦτα</span> 
     </span>
    </p>
   </div>
   <div class='ocr_carea' id='block_1_20' title="bbox 389 1877 626 1950">
    <p class='ocr_par' dir='ltr' id='par_1_20' title="bbox 389 1877 626 1950">
     <span class='ocr_line' id='line_1_20' title="bbox 389 1877 626 1950; baseline -0.008 -16"><span class='ocrx_word' id='word_1_148' title='bbox 389 1877 626 1950; x_wconf 85' lang='grc' dir='ltr'>κόσμος.</span> 
     </span>
    </p>
   </div>
   <div class='ocr_carea' id='block_1_21' title="bbox 466 1953 2051 2037">
    <p class='ocr_par' dir='ltr' id='par_1_21' title="bbox 466 1953 2051 2037">
     <span class='ocr_line' id='line_1_21' title="bbox 466 1953 2051 2037; baseline -0.009 -15"><span class='ocrx_word' id='word_1_149' title='bbox 466 1966 574 2024; x_wconf 76' lang='grc' dir='ltr'>Καὶ</span> <span class='ocrx_word' id='word_1_150' title='bbox 630 1961 751 2020; x_wconf 74' lang='grc' dir='ltr'>ἄνευ</span> <span class='ocrx_word' id='word_1_151' title='bbox 787 1963 882 2037; x_wconf 74' lang='grc' dir='ltr'>μὶν</span> <span class='ocrx_word' id='word_1_152' title='bbox 923 1965 1019 2018; x_wconf 81' lang='grc' dir='ltr'>τοῦ</span> <span class='ocrx_word' id='word_1_153' title='bbox 1070 1961 1204 2024; x_wconf 68' lang='grc' dir='ltr'>ἑνός.</span> <span class='ocrx_word' id='word_1_154' title='bbox 1258 1956 1484 2028; x_wconf 78' lang='grc' dir='ltr'>Ἐπειδὴ</span> <span class='ocrx_word' id='word_1_155' title='bbox 1534 1957 1598 2013; x_wconf 89' lang='grc' dir='ltr'>τὸ</span> <span class='ocrx_word' id='word_1_156' title='bbox 1643 1953 1700 2012; x_wconf 73' lang='grc' dir='ltr'>ἓν</span> <span class='ocrx_word' id='word_1_157' title='bbox 1742 1953 1893 2011; x_wconf 78' lang='grc' dir='ltr'>δοκεῖ</span> <span class='ocrx_word' id='word_1_158' title='bbox 1933 1974 2051 2016; x_wconf 87' lang='grc' dir='ltr'>πως</span> 
     </span>
    </p>
   </div>
   <div class='ocr_carea' id='block_1_22' title="bbox 391 2042 2052 2131">
    <p class='ocr_par' dir='ltr' id='par_1_22' title="bbox 391 2042 2052 2131">
     <span class='ocr_line' id='line_1_22' title="bbox 391 2042 2052 2131; baseline -0.008 -19"><span class='ocrx_word' id='word_1_159' title='bbox 391 2055 547 2131; x_wconf 72' lang='grc' dir='ltr'>ἔχειν</span> <span class='ocrx_word' id='word_1_160' title='bbox 577 2056 764 2130; x_wconf 74' lang='grc' dir='ltr'>σχὲσιν</span> <span class='ocrx_word' id='word_1_161' title='bbox 796 2050 934 2129; x_wconf 75' lang='grc' dir='ltr'>πρὸς</span> <span class='ocrx_word' id='word_1_162' title='bbox 983 2050 1240 2128; x_wconf 84' lang='grc' dir='ltr'>ἀριθμὸν,</span> <span class='ocrx_word' id='word_1_163' title='bbox 1267 2047 1392 2104; x_wconf 74' lang='grc' dir='ltr'>ἄνευ</span> <span class='ocrx_word' id='word_1_164' title='bbox 1423 2048 1539 2110; x_wconf 66' lang='grc' dir='ltr'>ἰνὸς</span> <span class='ocrx_word' id='word_1_165' title='bbox 1571 2047 1676 2102; x_wconf 82' lang='grc' dir='ltr'>οὐκ</span> <span class='ocrx_word' id='word_1_166' title='bbox 1699 2043 1758 2100; x_wconf 72' lang='grc' dir='ltr'>ἂν</span> <span class='ocrx_word' id='word_1_167' title='bbox 1789 2042 1872 2115; x_wconf 72' lang='grc' dir='ltr'>εἴη</span> <span class='ocrx_word' id='word_1_168' title='bbox 1907 2043 2052 2110; x_wconf 74' lang='grc' dir='ltr'>πλῆ-</span> 
     </span>
    </p>
   </div>
   <div class='ocr_carea' id='block_1_23' title="bbox 389 2133 2054 2217">
    <p class='ocr_par' dir='ltr' id='par_1_23' title="bbox 389 2133 2054 2217">
     <span class='ocr_line' id='line_1_23' title="bbox 389 2133 2054 2217; baseline -0.008 -17"><span class='ocrx_word' id='word_1_169' title='bbox 389 2147 510 2207; x_wconf 85' lang='grc' dir='ltr'>θος·</span> <span class='ocrx_word' id='word_1_170' title='bbox 547 2143 792 2204; x_wconf 81' lang='grc' dir='ltr'>σύνθεσις</span> <span class='ocrx_word' id='word_1_171' title='bbox 819 2142 920 2217; x_wconf 80' lang='grc' dir='ltr'>γὰρ</span> <span class='ocrx_word' id='word_1_172' title='bbox 948 2137 1182 2214; x_wconf 82' lang='grc' dir='ltr'>μονάδος</span> <span class='ocrx_word' id='word_1_173' title='bbox 1207 2137 1339 2193; x_wconf 81' lang='grc' dir='ltr'>εἰσὶν</span> <span class='ocrx_word' id='word_1_174' title='bbox 1369 2138 1422 2192; x_wconf 74' lang='grc' dir='ltr'>οἱ</span> <span class='ocrx_word' id='word_1_175' title='bbox 1454 2135 1529 2198; x_wconf 79' lang='grc' dir='ltr'>εἰς</span> <span class='ocrx_word' id='word_1_176' title='bbox 1559 2135 1777 2206; x_wconf 82' lang='grc' dir='ltr'>πλῆθος</span> <span class='ocrx_word' id='word_1_177' title='bbox 1806 2133 2054 2210; x_wconf 78' lang='grc' dir='ltr'>ἀριθμοὶ,</span> 
     </span>
    </p>
   </div>
   <div class='ocr_carea' id='block_1_24' title="bbox 390 2223 2056 2310">
    <p class='ocr_par' dir='ltr' id='par_1_24' title="bbox 390 2223 2056 2310">
     <span class='ocr_line' id='line_1_24' title="bbox 390 2223 2056 2310; baseline -0.008 -20"><span class='ocrx_word' id='word_1_178' title='bbox 390 2233 530 2310; x_wconf 78' lang='grc' dir='ltr'>ὅπερ</span> <span class='ocrx_word' id='word_1_179' title='bbox 565 2235 711 2288; x_wconf 79' lang='grc' dir='ltr'>εἶπεν</span> <span class='ocrx_word' id='word_1_180' title='bbox 744 2231 877 2299; x_wconf 77' lang='grc' dir='ltr'>ἄνω,</span> <span class='ocrx_word' id='word_1_181' title='bbox 911 2229 994 2285; x_wconf 80' lang='grc' dir='ltr'>ὅτι</span> <span class='ocrx_word' id='word_1_182' title='bbox 1025 2226 1571 2295; x_wconf 87' lang='grc' dir='ltr'>πολλαπλασιαζεται</span> <span class='ocrx_word' id='word_1_183' title='bbox 1604 2226 1632 2279; x_wconf 89' lang='grc' dir='ltr'>ὁ</span> <span class='ocrx_word' id='word_1_184' title='bbox 1664 2225 1813 2292; x_wconf 82' lang='grc' dir='ltr'>Θεὸς,</span> <span class='ocrx_word' id='word_1_185' title='bbox 1846 2223 1918 2285; x_wconf 85' lang='grc' dir='ltr'>ὡς</span> <span class='ocrx_word' id='word_1_186' title='bbox 1950 2223 2056 2278; x_wconf 84' lang='grc' dir='ltr'>ἀπὸ</span> 
     </span>
    </p>
   </div>
   <div class='ocr_carea' id='block_1_25' title="bbox 389 2311 2057 2400">
    <p class='ocr_par' dir='ltr' id='par_1_25' title="bbox 389 2311 2057 2400">
     <span class='ocr_line' id='line_1_25' title="bbox 389 2311 2057 2400; baseline -0.008 -21"><span class='ocrx_word' id='word_1_187' title='bbox 389 2325 771 2400; x_wconf 78' lang='grc' dir='ltr'>ἀριθμητικῆς</span> <span class='ocrx_word' id='word_1_188' title='bbox 803 2317 1124 2391; x_wconf 78' lang='grc' dir='ltr'>νοούμενος.</span> <span class='ocrx_word' id='word_1_189' title='bbox 1156 2316 1228 2371; x_wconf 89' lang='grc' dir='ltr'>Τὸ</span> <span class='ocrx_word' id='word_1_190' title='bbox 1261 2313 1319 2371; x_wconf 74' lang='grc' dir='ltr'>δὲ</span> <span class='ocrx_word' id='word_1_191' title='bbox 1347 2311 1402 2370; x_wconf 71' lang='grc' dir='ltr'>ἓν</span> <span class='ocrx_word' id='word_1_192' title='bbox 1442 2314 1532 2369; x_wconf 87' lang='grc' dir='ltr'>καὶ</span> <span class='ocrx_word' id='word_1_193' title='bbox 1563 2313 1681 2377; x_wconf 85' lang='grc' dir='ltr'>καθ’</span> <span class='ocrx_word' id='word_1_194' title='bbox 1718 2312 1874 2368; x_wconf 74' lang='grc' dir='ltr'>ἑαυτὸ</span> <span class='ocrx_word' id='word_1_195' title='bbox 1904 2312 2057 2387; x_wconf 69' lang='grc' dir='ltr'>ὑφεσ-</span> 
     </span>
    </p>
   </div>
   <div class='ocr_carea' id='block_1_26' title="bbox 385 2407 818 2483">
    <p class='ocr_par' dir='ltr' id='par_1_26' title="bbox 385 2407 818 2483">
     <span class='ocr_line' id='line_1_26' title="bbox 385 2407 818 2483; baseline -0.005 -15"><span class='ocrx_word' id='word_1_196' title='bbox 385 2433 531 2483; x_wconf 86' lang='grc' dir='ltr'>τηκε</span> <span class='ocrx_word' id='word_1_197' title='bbox 559 2410 650 2466; x_wconf 80' lang='grc' dir='ltr'>καὶ</span> <span class='ocrx_word' id='word_1_198' title='bbox 684 2407 818 2466; x_wconf 75' lang='grc' dir='ltr'>ἔστι.</span> 
     </span>
    </p>
   </div>
   <div class='ocr_carea' id='block_1_27' title="bbox 462 2490 2056 2559">
    <p class='ocr_par' dir='ltr' id='par_1_27' title="bbox 462 2490 2056 2559">
     <span class='ocr_line' id='line_1_27' title="bbox 462 2490 2056 2559; baseline -0.008 -3"><span class='ocrx_word' id='word_1_199' title='bbox 462 2500 568 2556; x_wconf 75' lang='grc' dir='ltr'>Καὶ</span> <span class='ocrx_word' id='word_1_200' title='bbox 605 2498 651 2554; x_wconf 78' lang='grc' dir='ltr'>εἰ</span> <span class='ocrx_word' id='word_1_201' title='bbox 696 2504 827 2553; x_wconf 73' lang='grc' dir='ltr'>πᾶσι</span> <span class='ocrx_word' id='word_1_202' title='bbox 881 2498 945 2552; x_wconf 76' lang='grc' dir='ltr'><strong>τᾶ</strong></span> <span class='ocrx_word' id='word_1_203' title='bbox 988 2495 1182 2552; x_wconf 79' lang='grc' dir='ltr'>πάντα.</span> <span class='ocrx_word' id='word_1_204' title='bbox 1233 2495 1310 2551; x_wconf 87' lang='grc' dir='ltr'>Τὸ</span> <span class='ocrx_word' id='word_1_205' title='bbox 1375 2491 1633 2548; x_wconf 81' lang='grc' dir='ltr'>ὑποθοῖτό</span> <span class='ocrx_word' id='word_1_206' title='bbox 1685 2512 1792 2559; x_wconf 80' lang='grc' dir='ltr'>τις,</span> <span class='ocrx_word' id='word_1_207' title='bbox 1849 2490 1938 2546; x_wconf 72' lang='grc' dir='ltr'>καὶ</span> <span class='ocrx_word' id='word_1_208' title='bbox 1993 2490 2056 2545; x_wconf 83' lang='grc' dir='ltr'>τὸ</span> 
     </span>
    </p>
   </div>
   <div class='ocr_carea' id='block_1_28' title="bbox 386 2578 2058 2659">
    <p class='ocr_par' dir='ltr' id='par_1_28' title="bbox 386 2578 2058 2659">
     <span class='ocr_line' id='line_1_28' title="bbox 386 2578 2058 2659; baseline -0.007 -14"><span class='ocrx_word' id='word_1_209' title='bbox 386 2590 511 2654; x_wconf 80' lang='grc' dir='ltr'>καθ’</span> <span class='ocrx_word' id='word_1_210' title='bbox 545 2589 800 2644; x_wconf 75' lang='grc' dir='ltr'>ὑπόθεσιν</span> <span class='ocrx_word' id='word_1_211' title='bbox 845 2580 1183 2659; x_wconf 76' lang='grc' dir='ltr'>λαμϐάνεται</span> <span class='ocrx_word' id='word_1_212' title='bbox 1233 2581 1322 2637; x_wconf 85' lang='grc' dir='ltr'>ἐπὶ</span> <span class='ocrx_word' id='word_1_213' title='bbox 1369 2585 1478 2637; x_wconf 86' lang='grc' dir='ltr'>τῶν</span> <span class='ocrx_word' id='word_1_214' title='bbox 1525 2583 1916 2657; x_wconf 78' lang='grc' dir='ltr'>πραγματικῶς</span> <span class='ocrx_word' id='word_1_215' title='bbox 1960 2578 2058 2634; x_wconf 75' lang='grc' dir='ltr'>οὐκ</span> 
     </span>
    </p>
   </div>
   <div class='ocr_carea' id='block_1_29' title="bbox 389 2667 2058 2751">
    <p class='ocr_par' dir='ltr' id='par_1_29' title="bbox 389 2667 2058 2751">
     <span class='ocr_line' id='line_1_29' title="bbox 389 2667 2058 2751; baseline -0.008 -17"><span class='ocrx_word' id='word_1_216' title='bbox 389 2677 592 2751; x_wconf 78' lang='grc' dir='ltr'>ὄντων,</span> <span class='ocrx_word' id='word_1_217' title='bbox 643 2673 790 2733; x_wconf 79' lang='grc' dir='ltr'>ἀλλὰ</span> <span class='ocrx_word' id='word_1_218' title='bbox 836 2675 994 2750; x_wconf 79' lang='grc' dir='ltr'>λόγῳ</span> <span class='ocrx_word' id='word_1_219' title='bbox 1039 2671 1426 2745; x_wconf 74' lang='grc' dir='ltr'>τυπουμένων·</span> <span class='ocrx_word' id='word_1_220' title='bbox 1461 2669 1687 2725; x_wconf 80' lang='grc' dir='ltr'>ἐνταῦθα</span> <span class='ocrx_word' id='word_1_221' title='bbox 1719 2670 1904 2742; x_wconf 70' lang='grc' dir='ltr'>μέντοι</span> <span class='ocrx_word' id='word_1_222' title='bbox 1953 2667 2058 2744; x_wconf 74' lang='grc' dir='ltr'>οὐχ</span> 
     </span>
    </p>
   </div>
   <div class='ocr_carea' id='block_1_30' title="bbox 389 2757 2057 2836">
    <p class='ocr_par' dir='ltr' id='par_1_30' title="bbox 389 2757 2057 2836">
     <span class='ocr_line' id='line_1_30' title="bbox 389 2757 2057 2836; baseline -0.007 -14"><span class='ocrx_word' id='word_1_223' title='bbox 389 2765 542 2822; x_wconf 73' lang='grc' dir='ltr'>οὕτω</span> <span class='ocrx_word' id='word_1_224' title='bbox 595 2763 857 2836; x_wconf 71' lang='grc' dir='ltr'>ληπτέον,</span> <span class='ocrx_word' id='word_1_225' title='bbox 908 2760 1056 2818; x_wconf 79' lang='grc' dir='ltr'>ἀλλὰ</span> <span class='ocrx_word' id='word_1_226' title='bbox 1096 2761 1162 2816; x_wconf 82' lang='grc' dir='ltr'>τὸ</span> <span class='ocrx_word' id='word_1_227' title='bbox 1219 2759 1356 2816; x_wconf 83' lang='grc' dir='ltr'>κατᾶ</span> <span class='ocrx_word' id='word_1_228' title='bbox 1410 2757 1653 2815; x_wconf 67' lang='grc' dir='ltr'>ἐπίνοιαν</span> <span class='ocrx_word' id='word_1_229' title='bbox 1702 2757 1857 2833; x_wconf 85' lang='grc' dir='ltr'>λόγῳ</span> <span class='ocrx_word' id='word_1_230' title='bbox 1893 2761 2057 2811; x_wconf 75' lang='grc' dir='ltr'>τοῦτο</span> 
     </span>
    </p>
   </div>
   <div class='ocr_carea' id='block_1_31' title="bbox 391 2844 2058 2925">
    <p class='ocr_par' dir='ltr' id='par_1_31' title="bbox 391 2844 2058 2925">
     <span class='ocr_line' id='line_1_31' title="bbox 391 2844 2058 2925; baseline -0.005 -15"><span class='ocrx_word' id='word_1_231' title='bbox 391 2851 604 2925; x_wconf 80' lang='grc' dir='ltr'>θετέον,</span> <span class='ocrx_word' id='word_1_232' title='bbox 637 2851 844 2922; x_wconf 69' lang='grc' dir='ltr'>διὲτὴν</span> <span class='ocrx_word' id='word_1_233' title='bbox 869 2857 968 2908; x_wconf 74' lang='grc' dir='ltr'>τοῦ</span> <span class='ocrx_word' id='word_1_234' title='bbox 1001 2850 1244 2915; x_wconf 79' lang='grc' dir='ltr'>ἐκτίσθαι</span> <span class='ocrx_word' id='word_1_235' title='bbox 1271 2849 1597 2919; x_wconf 85' lang='grc' dir='ltr'>ταυτότητα,</span> <span class='ocrx_word' id='word_1_236' title='bbox 1629 2847 1718 2902; x_wconf 77' lang='grc' dir='ltr'>καὶ</span> <span class='ocrx_word' id='word_1_237' title='bbox 1749 2848 1811 2902; x_wconf 85' lang='grc' dir='ltr'>τὸ</span> <span class='ocrx_word' id='word_1_238' title='bbox 1841 2845 1972 2902; x_wconf 75' lang='grc' dir='ltr'>ὅλον</span> <span class='ocrx_word' id='word_1_239' title='bbox 2003 2844 2058 2901; x_wconf 80' lang='grc' dir='ltr'>ἐν</span> 
     </span>
    </p>
   </div>
   <div class='ocr_carea' id='block_1_32' title="bbox 394 2935 1862 3017">
    <p class='ocr_par' dir='ltr' id='par_1_32' title="bbox 394 2935 1862 3017">
     <span class='ocr_line' id='line_1_32' title="bbox 394 2935 1862 3017; baseline -0.005 -17"><span class='ocrx_word' id='word_1_240' title='bbox 394 2949 522 3007; x_wconf 84' lang='grc' dir='ltr'>τοῖς</span> <span class='ocrx_word' id='word_1_241' title='bbox 554 2940 740 3017; x_wconf 76' lang='grc' dir='ltr'>μέρεσι</span> <span class='ocrx_word' id='word_1_242' title='bbox 771 2943 1112 3016; x_wconf 78' lang='grc' dir='ltr'>θεωρεῖσθαι,</span> <span class='ocrx_word' id='word_1_243' title='bbox 1143 2939 1235 2994; x_wconf 85' lang='grc' dir='ltr'>καὶ</span> <span class='ocrx_word' id='word_1_244' title='bbox 1267 2937 1317 2994; x_wconf 79' lang='grc' dir='ltr'>ἐν</span> <span class='ocrx_word' id='word_1_245' title='bbox 1347 2938 1428 3008; x_wconf 81' lang='grc' dir='ltr'>τῷ</span> <span class='ocrx_word' id='word_1_246' title='bbox 1459 2935 1574 3010; x_wconf 75' lang='grc' dir='ltr'>ὅλῳ</span> <span class='ocrx_word' id='word_1_247' title='bbox 1600 2935 1668 2992; x_wconf 82' lang='grc' dir='ltr'>τὰ</span> <span class='ocrx_word' id='word_1_248' title='bbox 1701 2935 1862 3012; x_wconf 80' lang='grc' dir='ltr'>μέρη.</span> 
     </span>
    </p>
   </div>
   <div class='ocr_carea' id='block_1_33' title="bbox 461 3117 2056 3193">
    <p class='ocr_par' dir='ltr' id='par_1_33' title="bbox 461 3117 2056 3193">
     <span class='ocr_line' id='line_1_33' title="bbox 461 3117 2056 3193; baseline -0.002 -14"><span class='ocrx_word' id='word_1_249' title='bbox 461 3127 595 3183; x_wconf 80' lang='grc' dir='ltr'>’Ότι</span> <span class='ocrx_word' id='word_1_250' title='bbox 666 3123 803 3178; x_wconf 81' lang='grc' dir='ltr'>κατᾶ</span> <span class='ocrx_word' id='word_1_251' title='bbox 870 3123 935 3176; x_wconf 89' lang='grc' dir='ltr'>τὸ</span> <span class='ocrx_word' id='word_1_252' title='bbox 1024 3119 1141 3182; x_wconf 70' lang='grc' dir='ltr'>ἑνὸς</span> <span class='ocrx_word' id='word_1_253' title='bbox 1211 3120 1438 3175; x_wconf 71' lang='grc' dir='ltr'>ὶκάστου</span> <span class='ocrx_word' id='word_1_254' title='bbox 1507 3117 2056 3193; x_wconf 80' lang='grc' dir='ltr'>προεπινοούμενον.</span> 
     </span>
    </p>
   </div>
   <div class='ocr_carea' id='block_1_34' title="bbox 390 3205 2054 3289">
    <p class='ocr_par' dir='ltr' id='par_1_34' title="bbox 390 3205 2054 3289">
     <span class='ocr_line' id='line_1_34' title="bbox 390 3205 2054 3289; baseline -0.005 -19"><span class='ocrx_word' id='word_1_255' title='bbox 390 3215 459 3271; x_wconf 76' lang='grc' dir='ltr'>Εἰ</span> <span class='ocrx_word' id='word_1_256' title='bbox 498 3215 577 3288; x_wconf 81' lang='grc' dir='ltr'>μὴ</span> <span class='ocrx_word' id='word_1_257' title='bbox 609 3211 1063 3289; x_wconf 81' lang='grc' dir='ltr'>προεπινοηθειη,</span> <span class='ocrx_word' id='word_1_258' title='bbox 1097 3207 1251 3288; x_wconf 74' lang='grc' dir='ltr'>φησὶ,</span> <span class='ocrx_word' id='word_1_259' title='bbox 1290 3209 1353 3264; x_wconf 89' lang='grc' dir='ltr'>τὸ</span> <span class='ocrx_word' id='word_1_260' title='bbox 1401 3211 1498 3262; x_wconf 82' lang='grc' dir='ltr'>τοῦ</span> <span class='ocrx_word' id='word_1_261' title='bbox 1548 3207 1834 3281; x_wconf 86' lang='grc' dir='ltr'>ἀνθρώπου</span> <span class='ocrx_word' id='word_1_262' title='bbox 1888 3205 2054 3275; x_wconf 78' lang='grc' dir='ltr'>εἶδος,</span> 
     </span>
    </p>
   </div>
   <div class='ocr_carea' id='block_1_35' title="bbox 2083 1901 2131 1966">
    <p class='ocr_par' dir='ltr' id='par_1_35' title="bbox 2083 1901 2131 1966">
     <span class='ocr_line' id='line_1_35' title="bbox 2083 1901 2131 1966; baseline 0 0"><span class='ocrx_word' id='word_1_263' title='bbox 2083 1901 2131 1966; x_wconf 89' lang='grc' dir='ltr'>Β</span> 
     </span>
    </p>
   </div>
   <div class='ocr_carea' id='block_1_36' title="bbox 2163 611 3820 684">
    <p class='ocr_par' dir='ltr' id='par_1_36' title="bbox 2163 611 3820 684">
     <span class='ocr_line' id='line_1_36' title="bbox 2163 611 3820 684; baseline 0.002 -15"><span class='ocrx_word' id='word_1_264' title='bbox 2163 614 2319 670; x_wconf 91' lang='lat' dir='ltr'>enim</span> <span class='ocrx_word' id='word_1_265' title='bbox 2351 617 2492 669; x_wconf 89' lang='lat' dir='ltr'>sunt</span> <span class='ocrx_word' id='word_1_266' title='bbox 2511 613 2669 684; x_wconf 90' lang='lat' dir='ltr'>equi,</span> <span class='ocrx_word' id='word_1_267' title='bbox 2693 617 2750 668; x_wconf 88' lang='lat' dir='ltr'>et</span> <span class='ocrx_word' id='word_1_268' title='bbox 2781 611 2950 669; x_wconf 89' lang='lat' dir='ltr'>multi</span> <span class='ocrx_word' id='word_1_269' title='bbox 2982 613 3175 670; x_wconf 85' lang='lat' dir='ltr'>boves.</span> <span class='ocrx_word' id='word_1_270' title='bbox 3204 616 3537 680; x_wconf 73' lang='lat' dir='ltr'>Quinetiam</span> <span class='ocrx_word' id='word_1_271' title='bbox 3575 617 3820 673; x_wconf 82' lang='lat' dir='ltr'>faculta-</span> 
     </span>
    </p>
   </div>
   <div class='ocr_carea' id='block_1_37' title="bbox 2167 701 3818 776">
    <p class='ocr_par' dir='ltr' id='par_1_37' title="bbox 2167 701 3818 776">
     <span class='ocr_line' id='line_1_37' title="bbox 2167 701 3818 776; baseline 0.002 -18"><span class='ocrx_word' id='word_1_272' title='bbox 2167 703 2324 758; x_wconf 82' lang='lat' dir='ltr'>tibus</span> <span class='ocrx_word' id='word_1_273' title='bbox 2347 701 2717 758; x_wconf 81' lang='lat' dir='ltr'>naturalibus</span> <span class='ocrx_word' id='word_1_274' title='bbox 2747 706 2836 757; x_wconf 87' lang='lat' dir='ltr'>est</span> <span class='ocrx_word' id='word_1_275' title='bbox 2879 701 3152 767; x_wconf 88' lang='lat' dir='ltr'>multa,et</span> <span class='ocrx_word' id='word_1_276' title='bbox 3191 719 3399 759; x_wconf 79' lang='lat' dir='ltr'>rursus</span> <span class='ocrx_word' id='word_1_277' title='bbox 3450 703 3639 760; x_wconf 87' lang='lat' dir='ltr'>multa</span> <span class='ocrx_word' id='word_1_278' title='bbox 3686 721 3818 776; x_wconf 86' lang='lat' dir='ltr'>spe-</span> 
     </span>
    </p>
   </div>
   <div class='ocr_carea' id='block_1_38' title="bbox 2162 790 3820 862">
    <p class='ocr_par' dir='ltr' id='par_1_38' title="bbox 2162 790 3820 862">
     <span class='ocr_line' id='line_1_38' title="bbox 2162 790 3820 862; baseline 0.002 -17"><span class='ocrx_word' id='word_1_279' title='bbox 2162 790 2387 858; x_wconf 89' lang='lat' dir='ltr'>ciebus,</span> <span class='ocrx_word' id='word_1_280' title='bbox 2411 795 2475 845; x_wconf 90' lang='lat' dir='ltr'>ut</span> <span class='ocrx_word' id='word_1_281' title='bbox 2505 790 2700 858; x_wconf 87' lang='lat' dir='ltr'>homo,</span> <span class='ocrx_word' id='word_1_282' title='bbox 2735 807 2947 862; x_wconf 90' lang='lat' dir='ltr'>equus,</span> <span class='ocrx_word' id='word_1_283' title='bbox 2975 790 3163 861; x_wconf 76' lang='lat' dir='ltr'>canis,</span> <span class='ocrx_word' id='word_1_284' title='bbox 3196 795 3252 846; x_wconf 90' lang='lat' dir='ltr'>et</span> <span class='ocrx_word' id='word_1_285' title='bbox 3295 790 3428 862; x_wconf 88' lang='lat' dir='ltr'>alia,</span> <span class='ocrx_word' id='word_1_286' title='bbox 3467 809 3646 848; x_wconf 91' lang='lat' dir='ltr'>unum</span> <span class='ocrx_word' id='word_1_287' title='bbox 3680 798 3820 848; x_wconf 89' lang='lat' dir='ltr'>sunt</span> 
     </span>
    </p>
   </div>
   <div class='ocr_carea' id='block_1_39' title="bbox 2162 880 3819 954">
    <p class='ocr_par' dir='ltr' id='par_1_39' title="bbox 2162 880 3819 954">
     <span class='ocr_line' id='line_1_39' title="bbox 2162 880 3819 954; baseline 0.001 -17"><span class='ocrx_word' id='word_1_288' title='bbox 2162 897 2393 954; x_wconf 84' lang='lat' dir='ltr'>genere,</span> <span class='ocrx_word' id='word_1_289' title='bbox 2425 881 2891 952; x_wconf 85' lang='lat' dir='ltr'>unumquodque</span> <span class='ocrx_word' id='word_1_290' title='bbox 2911 880 3070 936; x_wconf 88' lang='lat' dir='ltr'>enim</span> <span class='ocrx_word' id='word_1_291' title='bbox 3102 880 3315 937; x_wconf 88' lang='lat' dir='ltr'>horum</span> <span class='ocrx_word' id='word_1_292' title='bbox 3333 885 3422 936; x_wconf 88' lang='lat' dir='ltr'>est</span> <span class='ocrx_word' id='word_1_293' title='bbox 3455 882 3708 938; x_wconf 88' lang='lat' dir='ltr'>animal:</span> <span class='ocrx_word' id='word_1_294' title='bbox 3735 884 3819 938; x_wconf 90' lang='lat' dir='ltr'>sic</span> 
     </span>
    </p>
   </div>
   <div class='ocr_carea' id='block_1_40' title="bbox 2161 966 3820 1044">
    <p class='ocr_par' dir='ltr' id='par_1_40' title="bbox 2161 966 3820 1044">
     <span class='ocr_line' id='line_1_40' title="bbox 2161 966 3820 1044; baseline 0.001 -19"><span class='ocrx_word' id='word_1_295' title='bbox 2161 970 2415 1041; x_wconf 85' lang='lat' dir='ltr'>denique</span> <span class='ocrx_word' id='word_1_296' title='bbox 2437 974 2494 1025; x_wconf 91' lang='lat' dir='ltr'>et</span> <span class='ocrx_word' id='word_1_297' title='bbox 2515 971 2667 1040; x_wconf 91' lang='lat' dir='ltr'>quod</span> <span class='ocrx_word' id='word_1_298' title='bbox 2702 969 2890 1025; x_wconf 85' lang='lat' dir='ltr'>multa</span> <span class='ocrx_word' id='word_1_299' title='bbox 2918 975 3008 1025; x_wconf 86' lang='lat' dir='ltr'>est</span> <span class='ocrx_word' id='word_1_300' title='bbox 3038 966 3342 1044; x_wconf 83' lang='grc' dir='ltr'>περιόδοις,</span> <span class='ocrx_word' id='word_1_301' title='bbox 3401 987 3506 1026; x_wconf 89' lang='lat' dir='ltr'>seu</span> <span class='ocrx_word' id='word_1_302' title='bbox 3556 971 3820 1027; x_wconf 84' lang='lat' dir='ltr'>consiliis</span> 
     </span>
    </p>
   </div>
   <div class='ocr_carea' id='block_1_41' title="bbox 2161 1059 3531 1132">
    <p class='ocr_par' dir='ltr' id='par_1_41' title="bbox 2161 1059 3531 1132">
     <span class='ocr_line' id='line_1_41' title="bbox 2161 1059 3531 1132; baseline 0.001 -17"><span class='ocrx_word' id='word_1_303' title='bbox 2161 1064 2263 1115; x_wconf 88' lang='lat' dir='ltr'>aut</span> <span class='ocrx_word' id='word_1_304' title='bbox 2291 1059 2471 1116; x_wconf 89' lang='lat' dir='ltr'>etiam</span> <span class='ocrx_word' id='word_1_305' title='bbox 2503 1060 2798 1131; x_wconf 86' lang='lat' dir='ltr'>operibus,</span> <span class='ocrx_word' id='word_1_306' title='bbox 2834 1075 3013 1115; x_wconf 88' lang='lat' dir='ltr'>unum</span> <span class='ocrx_word' id='word_1_307' title='bbox 3046 1065 3188 1116; x_wconf 87' lang='lat' dir='ltr'>sunt</span> <span class='ocrx_word' id='word_1_308' title='bbox 3218 1060 3531 1132; x_wconf 89' lang='lat' dir='ltr'>principio.</span> 
     </span>
    </p>
   </div>
   <div class='ocr_carea' id='block_1_42' title="bbox 2236 1239 3821 1312">
    <p class='ocr_par' dir='ltr' id='par_1_42' title="bbox 2236 1239 3821 1312">
     <span class='ocr_line' id='line_1_42' title="bbox 2236 1239 3821 1312; baseline 0.002 -18"><span class='ocrx_word' id='word_1_309' title='bbox 2236 1240 2267 1312; x_wconf 86' lang='lat'>§</span> <span class='ocrx_word' id='word_1_310' title='bbox 2299 1240 2368 1295; x_wconf 85' lang='lat' dir='ltr'>II.</span> <span class='ocrx_word' id='word_1_311' title='bbox 2403 1239 2600 1294; x_wconf 83' lang='lat' dir='ltr'>Omnia</span> <span class='ocrx_word' id='word_1_312' title='bbox 2633 1241 2892 1294; x_wconf 84' lang='lat' dir='ltr'>uni-versa</span> <span class='ocrx_word' id='word_1_313' title='bbox 2925 1243 3038 1295; x_wconf 85' lang='lat' dir='ltr'>tota</span> <span class='ocrx_word' id='word_1_314' title='bbox 3093 1239 3281 1296; x_wconf 81' lang='lat' dir='ltr'>etiam.</span> <span class='ocrx_word' id='word_1_315' title='bbox 3341 1239 3552 1296; x_wconf 85' lang='lat' dir='ltr'>Omnia</span> <span class='ocrx_word' id='word_1_316' title='bbox 3610 1241 3821 1298; x_wconf 89' lang='lat' dir='ltr'>dicun-</span> 
     </span>
    </p>
   </div>
   <div class='ocr_carea' id='block_1_43' title="bbox 2162 1327 3820 1400">
    <p class='ocr_par' dir='ltr' id='par_1_43' title="bbox 2162 1327 3820 1400">
     <span class='ocr_line' id='line_1_43' title="bbox 2162 1327 3820 1400; baseline 0 -16"><span class='ocrx_word' id='word_1_317' title='bbox 2162 1332 2282 1396; x_wconf 88' lang='lat' dir='ltr'>tur,</span> <span class='ocrx_word' id='word_1_318' title='bbox 2315 1329 2554 1400; x_wconf 86' lang='lat' dir='ltr'>quando</span> <span class='ocrx_word' id='word_1_319' title='bbox 2587 1328 2812 1400; x_wconf 82' lang='lat' dir='ltr'>species</span> <span class='ocrx_word' id='word_1_320' title='bbox 2843 1333 2900 1383; x_wconf 90' lang='lat' dir='ltr'>et</span> <span class='ocrx_word' id='word_1_321' title='bbox 2931 1334 3128 1399; x_wconf 88' lang='lat' dir='ltr'>partes</span> <span class='ocrx_word' id='word_1_322' title='bbox 3172 1331 3230 1382; x_wconf 84' lang='lat' dir='ltr'>et</span> <span class='ocrx_word' id='word_1_323' title='bbox 3260 1327 3586 1384; x_wconf 79' lang='lat' dir='ltr'>diﬂ’erentia</span> <span class='ocrx_word' id='word_1_324' title='bbox 3644 1328 3702 1383; x_wconf 92' lang='lat' dir='ltr'>in</span> <span class='ocrx_word' id='word_1_325' title='bbox 3731 1329 3820 1384; x_wconf 90' lang='lat' dir='ltr'>di-</span> 
     </span>
    </p>
   </div>
   <div class='ocr_carea' id='block_1_44' title="bbox 2162 1416 3818 1488">
    <p class='ocr_par' dir='ltr' id='par_1_44' title="bbox 2162 1416 3818 1488">
     <span class='ocr_line' id='line_1_44' title="bbox 2162 1416 3818 1488; baseline -0.001 -15"><span class='ocrx_word' id='word_1_326' title='bbox 2162 1417 2492 1474; x_wconf 84' lang='lat' dir='ltr'>visionibus</span> <span class='ocrx_word' id='word_1_327' title='bbox 2523 1421 2681 1473; x_wconf 89' lang='lat' dir='ltr'>sunt.</span> <span class='ocrx_word' id='word_1_328' title='bbox 2715 1418 2926 1473; x_wconf 90' lang='lat' dir='ltr'>Totum</span> <span class='ocrx_word' id='word_1_329' title='bbox 2952 1433 3112 1483; x_wconf 87' lang='lat' dir='ltr'>vero,</span> <span class='ocrx_word' id='word_1_330' title='bbox 3145 1416 3380 1488; x_wconf 88' lang='lat' dir='ltr'>quando</span> <span class='ocrx_word' id='word_1_331' title='bbox 3421 1421 3614 1488; x_wconf 86' lang='lat' dir='ltr'>partes</span> <span class='ocrx_word' id='word_1_332' title='bbox 3637 1417 3818 1473; x_wconf 89' lang='lat' dir='ltr'>colle-</span> 
     </span>
    </p>
   </div>
   <div class='ocr_carea' id='block_1_45' title="bbox 2163 1505 3820 1578">
    <p class='ocr_par' dir='ltr' id='par_1_45' title="bbox 2163 1505 3820 1578">
     <span class='ocr_line' id='line_1_45' title="bbox 2163 1505 3820 1578; baseline 0.001 -15"><span class='ocrx_word' id='word_1_333' title='bbox 2163 1511 2268 1563; x_wconf 81' lang='lat' dir='ltr'>ctae</span> <span class='ocrx_word' id='word_1_334' title='bbox 2302 1523 2486 1563; x_wconf 89' lang='lat' dir='ltr'>unum</span> <span class='ocrx_word' id='word_1_335' title='bbox 2517 1507 2812 1577; x_wconf 82' lang='lat' dir='ltr'>integrum</span> <span class='ocrx_word' id='word_1_336' title='bbox 2838 1505 3123 1568; x_wconf 78' lang='lat' dir='ltr'>efﬁciunt,</span> <span class='ocrx_word' id='word_1_337' title='bbox 3145 1505 3486 1578; x_wconf 82' lang='lat' dir='ltr'>autSpecies</span> <span class='ocrx_word' id='word_1_338' title='bbox 3505 1522 3692 1562; x_wconf 88' lang='lat' dir='ltr'>unum</span> <span class='ocrx_word' id='word_1_339' title='bbox 3721 1523 3820 1578; x_wconf 84' lang='lat' dir='ltr'>ge-</span> 
     </span>
    </p>
   </div>
   <div class='ocr_carea' id='block_1_46' title="bbox 2164 1594 3826 1667">
    <p class='ocr_par' dir='ltr' id='par_1_46' title="bbox 2164 1594 3826 1667">
     <span class='ocr_line' id='line_1_46' title="bbox 2164 1594 3826 1667; baseline 0.001 -16"><span class='ocrx_word' id='word_1_340' title='bbox 2164 1613 2300 1667; x_wconf 89' lang='lat' dir='ltr'>nus,</span> <span class='ocrx_word' id='word_1_341' title='bbox 2332 1600 2435 1652; x_wconf 86' lang='lat' dir='ltr'>aut</span> <span class='ocrx_word' id='word_1_342' title='bbox 2465 1595 2763 1652; x_wconf 89' lang='lat' dir='ltr'>contraria</span> <span class='ocrx_word' id='word_1_343' title='bbox 2794 1599 2852 1650; x_wconf 95' lang='lat' dir='ltr'>et</span> <span class='ocrx_word' id='word_1_344' title='bbox 2899 1595 3170 1667; x_wconf 86' lang='lat' dir='ltr'>Opposita</span> <span class='ocrx_word' id='word_1_345' title='bbox 3200 1594 3259 1648; x_wconf 90' lang='lat' dir='ltr'>in</span> <span class='ocrx_word' id='word_1_346' title='bbox 3301 1595 3737 1667; x_wconf 85' lang='lat' dir='ltr'>conspiratione</span> <span class='ocrx_word' id='word_1_347' title='bbox 3768 1601 3826 1652; x_wconf 90' lang='lat' dir='ltr'>et</span> 
     </span>
    </p>
   </div>
   <div class='ocr_carea' id='block_1_47' title="bbox 2163 1683 3820 1757">
    <p class='ocr_par' dir='ltr' id='par_1_47' title="bbox 2163 1683 3820 1757">
     <span class='ocr_line' id='line_1_47' title="bbox 2163 1683 3820 1757; baseline -0.001 -15"><span class='ocrx_word' id='word_1_348' title='bbox 2163 1685 2474 1742; x_wconf 89' lang='lat' dir='ltr'>concordia</span> <span class='ocrx_word' id='word_1_349' title='bbox 2505 1685 2842 1757; x_wconf 89' lang='lat' dir='ltr'>quiescunt,</span> <span class='ocrx_word' id='word_1_350' title='bbox 2876 1688 2942 1740; x_wconf 87' lang='lat' dir='ltr'>ut</span> <span class='ocrx_word' id='word_1_351' title='bbox 2972 1700 3128 1756; x_wconf 91' lang='lat' dir='ltr'>aqua</span> <span class='ocrx_word' id='word_1_352' title='bbox 3147 1683 3326 1740; x_wconf 88' lang='lat' dir='ltr'>simul</span> <span class='ocrx_word' id='word_1_353' title='bbox 3359 1689 3417 1740; x_wconf 87' lang='lat' dir='ltr'>et</span> <span class='ocrx_word' id='word_1_354' title='bbox 3446 1687 3604 1740; x_wconf 89' lang='lat' dir='ltr'>terra</span> <span class='ocrx_word' id='word_1_355' title='bbox 3632 1688 3820 1757; x_wconf 85' lang='lat' dir='ltr'>etaer,</span> 
     </span>
    </p>
   </div>
   <div class='ocr_carea' id='block_1_48' title="bbox 2161 1772 3822 1847">
    <p class='ocr_par' dir='ltr' id='par_1_48' title="bbox 2161 1772 3822 1847">
     <span class='ocr_line' id='line_1_48' title="bbox 2161 1772 3822 1847; baseline -0.001 -16"><span class='ocrx_word' id='word_1_356' title='bbox 2161 1779 2220 1831; x_wconf 87' lang='lat' dir='ltr'>et</span> <span class='ocrx_word' id='word_1_357' title='bbox 2245 1775 2429 1847; x_wconf 65' lang='lat' dir='ltr'>igneae</span> <span class='ocrx_word' id='word_1_358' title='bbox 2460 1773 2666 1842; x_wconf 68' lang='lat' dir='ltr'>stellis,</span> <span class='ocrx_word' id='word_1_359' title='bbox 2697 1778 2755 1830; x_wconf 92' lang='lat' dir='ltr'>et</span> <span class='ocrx_word' id='word_1_360' title='bbox 2774 1773 2987 1830; x_wconf 67' lang='lat' dir='ltr'>cuilum</span> <span class='ocrx_word' id='word_1_361' title='bbox 3014 1789 3028 1828; x_wconf 88' lang='lat'><strong>:</strong></span> <span class='ocrx_word' id='word_1_362' title='bbox 3066 1773 3324 1829; x_wconf 88' lang='lat' dir='ltr'>mundus</span> <span class='ocrx_word' id='word_1_363' title='bbox 3355 1773 3512 1830; x_wconf 89' lang='lat' dir='ltr'>enim</span> <span class='ocrx_word' id='word_1_364' title='bbox 3545 1772 3668 1829; x_wconf 77' lang='lat' dir='ltr'>hzec</span> <span class='ocrx_word' id='word_1_365' title='bbox 3696 1777 3822 1830; x_wconf 86' lang='lat' dir='ltr'>tota</span> 
     </span>
    </p>
   </div>
   <div class='ocr_carea' id='block_1_49' title="bbox 2163 1865 2462 1920">
    <p class='ocr_par' dir='ltr' id='par_1_49' title="bbox 2163 1865 2462 1920">
     <span class='ocr_line' id='line_1_49' title="bbox 2163 1865 2462 1920; baseline 0 0"><span class='ocrx_word' id='word_1_366' title='bbox 2163 1865 2462 1920; x_wconf 87' lang='lat' dir='ltr'>dicuntur.</span> 
     </span>
    </p>
   </div>
   <div class='ocr_carea' id='block_1_50' title="bbox 2236 1951 3820 2026">
    <p class='ocr_par' dir='ltr' id='par_1_50' title="bbox 2236 1951 3820 2026">
     <span class='ocr_line' id='line_1_50' title="bbox 2236 1951 3820 2026; baseline 0 -17"><span class='ocrx_word' id='word_1_367' title='bbox 2236 1955 2310 2010; x_wconf 85' lang='lat' dir='ltr'>Ac</span> <span class='ocrx_word' id='word_1_368' title='bbox 2336 1955 2458 2009; x_wconf 90' lang='lat' dir='ltr'>sine</span> <span class='ocrx_word' id='word_1_369' title='bbox 2488 1969 2596 2010; x_wconf 84' lang='lat' dir='ltr'>uno</span> <span class='ocrx_word' id='word_1_370' title='bbox 2625 1953 2870 2026; x_wconf 81' lang='lat' dir='ltr'>quidem.</span> <span class='ocrx_word' id='word_1_371' title='bbox 2902 1952 3190 2017; x_wconf 86' lang='lat' dir='ltr'>Quoniam</span> <span class='ocrx_word' id='word_1_372' title='bbox 3239 1968 3414 2009; x_wconf 88' lang='lat' dir='ltr'>unum</span> <span class='ocrx_word' id='word_1_373' title='bbox 3442 1951 3678 2010; x_wconf 88' lang='lat' dir='ltr'>videtur</span> <span class='ocrx_word' id='word_1_374' title='bbox 3720 1954 3820 2010; x_wconf 87' lang='lat' dir='ltr'>ha-</span> 
     </span>
    </p>
   </div>
   <div class='ocr_carea' id='block_1_51' title="bbox 2161 2043 3822 2114">
    <p class='ocr_par' dir='ltr' id='par_1_51' title="bbox 2161 2043 3822 2114">
     <span class='ocr_line' id='line_1_51' title="bbox 2161 2043 3822 2114; baseline -0.001 -14"><span class='ocrx_word' id='word_1_375' title='bbox 2161 2045 2302 2101; x_wconf 88' lang='lat' dir='ltr'>bere</span> <span class='ocrx_word' id='word_1_376' title='bbox 2385 2043 2806 2100; x_wconf 83' lang='lat' dir='ltr'>connexionem</span> <span class='ocrx_word' id='word_1_377' title='bbox 2884 2043 3202 2114; x_wconf 84' lang='lat' dir='ltr'>quamdam</span> <span class='ocrx_word' id='word_1_378' title='bbox 3285 2059 3420 2098; x_wconf 90' lang='lat' dir='ltr'>cum</span> <span class='ocrx_word' id='word_1_379' title='bbox 3525 2059 3773 2098; x_wconf 88' lang='lat' dir='ltr'>numero</span> <span class='ocrx_word' id='word_1_380' title='bbox 3808 2083 3822 2110; x_wconf 93' lang='lat'>,</span> 
     </span>
    </p>
   </div>
   <div class='ocr_carea' id='block_1_52' title="bbox 2165 2131 3828 2200">
    <p class='ocr_par' dir='ltr' id='par_1_52' title="bbox 2165 2131 3828 2200">
     <span class='ocr_line' id='line_1_52' title="bbox 2165 2131 3828 2200; baseline -0.002 -10"><span class='ocrx_word' id='word_1_381' title='bbox 2165 2135 2294 2191; x_wconf 90' lang='lat' dir='ltr'>sine</span> <span class='ocrx_word' id='word_1_382' title='bbox 2326 2150 2443 2189; x_wconf 91' lang='lat' dir='ltr'>uno</span> <span class='ocrx_word' id='word_1_383' title='bbox 2476 2149 2592 2189; x_wconf 91' lang='lat' dir='ltr'>non</span> <span class='ocrx_word' id='word_1_384' title='bbox 2637 2137 2794 2189; x_wconf 87' lang='lat' dir='ltr'>esset</span> <span class='ocrx_word' id='word_1_385' title='bbox 2825 2149 3112 2189; x_wconf 89' lang='lat' dir='ltr'>numerus</span> <span class='ocrx_word' id='word_1_386' title='bbox 3156 2151 3170 2200; x_wconf 90' lang='lat'><strong>;</strong></span> <span class='ocrx_word' id='word_1_387' title='bbox 3222 2148 3361 2188; x_wconf 89' lang='lat' dir='ltr'>nam</span> <span class='ocrx_word' id='word_1_388' title='bbox 3411 2131 3637 2187; x_wconf 89' lang='lat' dir='ltr'>numeri</span> <span class='ocrx_word' id='word_1_389' title='bbox 3687 2136 3828 2187; x_wconf 88' lang='lat' dir='ltr'>sunt</span> 
     </span>
    </p>
   </div>
   <div class='ocr_carea' id='block_1_53' title="bbox 2162 2221 3831 2295">
    <p class='ocr_par' dir='ltr' id='par_1_53' title="bbox 2162 2221 3831 2295">
     <span class='ocr_line' id='line_1_53' title="bbox 2162 2221 3831 2295; baseline -0.002 -15"><span class='ocrx_word' id='word_1_390' title='bbox 2162 2222 2517 2295; x_wconf 81' lang='lat' dir='ltr'>compositio</span> <span class='ocrx_word' id='word_1_391' title='bbox 2549 2222 2797 2279; x_wconf 88' lang='lat' dir='ltr'>unitatis</span> <span class='ocrx_word' id='word_1_392' title='bbox 2827 2221 2888 2277; x_wconf 90' lang='lat' dir='ltr'>in</span> <span class='ocrx_word' id='word_1_393' title='bbox 2913 2221 3319 2289; x_wconf 78' lang='lat' dir='ltr'>multitudine,</span> <span class='ocrx_word' id='word_1_394' title='bbox 3355 2223 3508 2295; x_wconf 90' lang='lat' dir='ltr'>quod</span> <span class='ocrx_word' id='word_1_395' title='bbox 3541 2238 3724 2294; x_wconf 89' lang='lat' dir='ltr'>supra</span> <span class='ocrx_word' id='word_1_396' title='bbox 3745 2222 3831 2277; x_wconf 83' lang='lat' dir='ltr'>di-</span> 
     </span>
    </p>
   </div>
   <div class='ocr_carea' id='block_1_54' title="bbox 2161 2309 3826 2384">
    <p class='ocr_par' dir='ltr' id='par_1_54' title="bbox 2161 2309 3826 2384">
     <span class='ocr_line' id='line_1_54' title="bbox 2161 2309 3826 2384; baseline -0.002 -15"><span class='ocrx_word' id='word_1_397' title='bbox 2161 2312 2269 2380; x_wconf 78' lang='lat' dir='ltr'>xit,</span> <span class='ocrx_word' id='word_1_398' title='bbox 2300 2313 2474 2368; x_wconf 85' lang='lat' dir='ltr'>Deum</span> <span class='ocrx_word' id='word_1_399' title='bbox 2511 2313 2904 2384; x_wconf 79' lang='lat' dir='ltr'>multiplicari,</span> <span class='ocrx_word' id='word_1_400' title='bbox 2937 2311 3106 2383; x_wconf 82' lang='lat' dir='ltr'>quasi</span> <span class='ocrx_word' id='word_1_401' title='bbox 3140 2327 3207 2367; x_wconf 82' lang='lat' dir='ltr'>ex</span> <span class='ocrx_word' id='word_1_402' title='bbox 3230 2309 3826 2367; x_wconf 87' lang='lat' dir='ltr'>arithmeticaintelli-</span> 
     </span>
    </p>
   </div>
   <div class='ocr_carea' id='block_1_55' title="bbox 2157 2402 3656 2477">
    <p class='ocr_par' dir='ltr' id='par_1_55' title="bbox 2157 2402 3656 2477">
     <span class='ocr_line' id='line_1_55' title="bbox 2157 2402 3656 2477; baseline -0.003 -17"><span class='ocrx_word' id='word_1_403' title='bbox 2157 2407 2400 2477; x_wconf 79' lang='lat' dir='ltr'>geretur</span> <span class='ocrx_word' id='word_1_404' title='bbox 2433 2419 2446 2459; x_wconf 88' lang='lat'>:</span> <span class='ocrx_word' id='word_1_405' title='bbox 2483 2419 2668 2459; x_wconf 87' lang='lat' dir='ltr'>unum</span> <span class='ocrx_word' id='word_1_406' title='bbox 2701 2419 2834 2459; x_wconf 89' lang='lat' dir='ltr'>vero</span> <span class='ocrx_word' id='word_1_407' title='bbox 2852 2406 2909 2458; x_wconf 92' lang='lat' dir='ltr'>et</span> <span class='ocrx_word' id='word_1_408' title='bbox 2939 2402 3133 2474; x_wconf 89' lang='lat' dir='ltr'>seipso</span> <span class='ocrx_word' id='word_1_409' title='bbox 3164 2402 3431 2458; x_wconf 87' lang='lat' dir='ltr'>substitit</span> <span class='ocrx_word' id='word_1_410' title='bbox 3460 2405 3517 2457; x_wconf 93' lang='lat' dir='ltr'>et</span> <span class='ocrx_word' id='word_1_411' title='bbox 3546 2406 3656 2458; x_wconf 89' lang='lat' dir='ltr'>est.</span> 
     </span>
    </p>
   </div>
   <div class='ocr_carea' id='block_1_56' title="bbox 2237 2492 3822 2566">
    <p class='ocr_par' dir='ltr' id='par_1_56' title="bbox 2237 2492 3822 2566">
     <span class='ocr_line' id='line_1_56' title="bbox 2237 2492 3822 2566; baseline -0.003 -15"><span class='ocrx_word' id='word_1_412' title='bbox 2237 2497 2301 2552; x_wconf 82' lang='lat' dir='ltr'>Et</span> <span class='ocrx_word' id='word_1_413' title='bbox 2346 2497 2397 2550; x_wconf 91' lang='lat' dir='ltr'>si</span> <span class='ocrx_word' id='word_1_414' title='bbox 2445 2494 2572 2566; x_wconf 91' lang='lat' dir='ltr'>quis</span> <span class='ocrx_word' id='word_1_415' title='bbox 2630 2495 2884 2550; x_wconf 86' lang='lat' dir='ltr'>omnibus</span> <span class='ocrx_word' id='word_1_416' title='bbox 2922 2494 3130 2551; x_wconf 82' lang='lat' dir='ltr'>omnia.</span> <span class='ocrx_word' id='word_1_417' title='bbox 3193 2493 3342 2550; x_wconf 90' lang='lat' dir='ltr'>Illud</span> <span class='ocrx_word' id='word_1_418' title='bbox 3403 2492 3662 2556; x_wconf 81' lang='grc' dir='ltr'>ὑποθοῖτό</span> <span class='ocrx_word' id='word_1_419' title='bbox 3714 2513 3822 2561; x_wconf 87' lang='grc' dir='ltr'>τις,</span> 
     </span>
    </p>
   </div>
   <div class='ocr_carea' id='block_1_57' title="bbox 2163 2585 3828 2658">
    <p class='ocr_par' dir='ltr' id='par_1_57' title="bbox 2163 2585 3828 2658">
     <span class='ocr_line' id='line_1_57' title="bbox 2163 2585 3828 2658; baseline -0.002 -16"><span class='ocrx_word' id='word_1_420' title='bbox 2163 2587 2370 2658; x_wconf 81' lang='lat' dir='ltr'>aliquis</span> <span class='ocrx_word' id='word_1_421' title='bbox 2397 2591 2686 2656; x_wconf 81' lang='lat' dir='ltr'>supponat,</span> <span class='ocrx_word' id='word_1_422' title='bbox 2710 2585 2796 2641; x_wconf 88' lang='lat' dir='ltr'>vel</span> <span class='ocrx_word' id='word_1_423' title='bbox 2831 2585 2975 2641; x_wconf 90' lang='lat' dir='ltr'>illud</span> <span class='ocrx_word' id='word_1_424' title='bbox 3005 2602 3075 2641; x_wconf 76' lang='lat' dir='ltr'>ex</span> <span class='ocrx_word' id='word_1_425' title='bbox 3102 2585 3474 2657; x_wconf 80' lang='lat' dir='ltr'>suppositione</span> <span class='ocrx_word' id='word_1_426' title='bbox 3504 2588 3828 2657; x_wconf 74' lang='lat' dir='ltr'>usurpatur</span> 
     </span>
    </p>
   </div>
   <div class='ocr_carea' id='block_1_58' title="bbox 2165 2674 3828 2747">
    <p class='ocr_par' dir='ltr' id='par_1_58' title="bbox 2165 2674 3828 2747">
     <span class='ocr_line' id='line_1_58' title="bbox 2165 2674 3828 2747; baseline -0.001 -17"><span class='ocrx_word' id='word_1_427' title='bbox 2165 2676 2226 2731; x_wconf 91' lang='lat' dir='ltr'>in</span> <span class='ocrx_word' id='word_1_428' title='bbox 2258 2676 2333 2732; x_wconf 90' lang='lat' dir='ltr'>iis</span> <span class='ocrx_word' id='word_1_429' title='bbox 2363 2691 2490 2747; x_wconf 50' lang='lat' dir='ltr'>quae.</span> <span class='ocrx_word' id='word_1_430' title='bbox 2520 2675 2717 2746; x_wconf 89' lang='lat' dir='ltr'>reipsa</span> <span class='ocrx_word' id='word_1_431' title='bbox 2742 2691 2872 2731; x_wconf 88' lang='lat' dir='ltr'>esse</span> <span class='ocrx_word' id='word_1_432' title='bbox 2921 2679 3246 2746; x_wconf 85' lang='lat' dir='ltr'>nequeunt,</span> <span class='ocrx_word' id='word_1_433' title='bbox 3302 2675 3404 2730; x_wconf 88' lang='lat' dir='ltr'>sed</span> <span class='ocrx_word' id='word_1_434' title='bbox 3459 2674 3684 2731; x_wconf 87' lang='lat' dir='ltr'>ratione</span> <span class='ocrx_word' id='word_1_435' title='bbox 3717 2674 3828 2728; x_wconf 83' lang='lat' dir='ltr'>fin-</span> 
     </span>
    </p>
   </div>
   <div class='ocr_carea' id='block_1_59' title="bbox 2166 2762 3824 2837">
    <p class='ocr_par' dir='ltr' id='par_1_59' title="bbox 2166 2762 3824 2837">
     <span class='ocr_line' id='line_1_59' title="bbox 2166 2762 3824 2837; baseline -0.002 -17"><span class='ocrx_word' id='word_1_436' title='bbox 2166 2769 2386 2837; x_wconf 85' lang='lat' dir='ltr'>guntur</span> <span class='ocrx_word' id='word_1_437' title='bbox 2420 2781 2433 2820; x_wconf 91' lang='lat'><strong>:</strong></span> <span class='ocrx_word' id='word_1_438' title='bbox 2466 2778 2670 2819; x_wconf 85' lang='lat' dir='ltr'>verum</span> <span class='ocrx_word' id='word_1_439' title='bbox 2700 2763 2811 2819; x_wconf 92' lang='lat' dir='ltr'>hoc</span> <span class='ocrx_word' id='word_1_440' title='bbox 2841 2762 2968 2820; x_wconf 92' lang='lat' dir='ltr'>loco</span> <span class='ocrx_word' id='word_1_441' title='bbox 3023 2779 3138 2818; x_wconf 90' lang='lat' dir='ltr'>non</span> <span class='ocrx_word' id='word_1_442' title='bbox 3179 2763 3261 2818; x_wconf 89' lang='lat' dir='ltr'>ita</span> <span class='ocrx_word' id='word_1_443' title='bbox 3314 2763 3672 2818; x_wconf 85' lang='lat' dir='ltr'>sumendum</span> <span class='ocrx_word' id='word_1_444' title='bbox 3714 2768 3824 2827; x_wconf 86' lang='lat' dir='ltr'>est,</span> 
     </span>
    </p>
   </div>
   <div class='ocr_carea' id='block_1_60' title="bbox 2167 2852 3826 2925">
    <p class='ocr_par' dir='ltr' id='par_1_60' title="bbox 2167 2852 3826 2925">
     <span class='ocr_line' id='line_1_60' title="bbox 2167 2852 3826 2925; baseline -0.003 -15"><span class='ocrx_word' id='word_1_445' title='bbox 2167 2870 2306 2910; x_wconf 89' lang='lat' dir='ltr'>nam</span> <span class='ocrx_word' id='word_1_446' title='bbox 2336 2853 2447 2909; x_wconf 90' lang='lat' dir='ltr'>boc</span> <span class='ocrx_word' id='word_1_447' title='bbox 2475 2853 2649 2909; x_wconf 89' lang='lat' dir='ltr'>verbo</span> <span class='ocrx_word' id='word_1_448' title='bbox 2679 2852 2898 2908; x_wconf 88' lang='lat' dir='ltr'>mentis</span> <span class='ocrx_word' id='word_1_449' title='bbox 2941 2853 3281 2925; x_wconf 90' lang='lat' dir='ltr'>ponendum</span> <span class='ocrx_word' id='word_1_450' title='bbox 3313 2857 3551 2924; x_wconf 86' lang='lat' dir='ltr'>propter</span> <span class='ocrx_word' id='word_1_451' title='bbox 3579 2852 3826 2907; x_wconf 89' lang='lat' dir='ltr'>creatio-</span> 
     </span>
    </p>
   </div>
   <div class='ocr_carea' id='block_1_61' title="bbox 2168 2940 3824 3013">
    <p class='ocr_par' dir='ltr' id='par_1_61' title="bbox 2168 2940 3824 3013">
     <span class='ocr_line' id='line_1_61' title="bbox 2168 2940 3824 3013; baseline -0.002 -15"><span class='ocrx_word' id='word_1_452' title='bbox 2168 2942 2262 2998; x_wconf 87' lang='lat' dir='ltr'>nis</span> <span class='ocrx_word' id='word_1_453' title='bbox 2291 2941 2686 3009; x_wconf 89' lang='lat' dir='ltr'>identitatem,</span> <span class='ocrx_word' id='word_1_454' title='bbox 2719 2945 2778 2996; x_wconf 91' lang='lat' dir='ltr'>et</span> <span class='ocrx_word' id='word_1_455' title='bbox 2807 2940 2947 3013; x_wconf 88' lang='lat' dir='ltr'>quia</span> <span class='ocrx_word' id='word_1_456' title='bbox 2974 2945 3165 2996; x_wconf 86' lang='lat' dir='ltr'>totum</span> <span class='ocrx_word' id='word_1_457' title='bbox 3214 2940 3276 2995; x_wconf 90' lang='lat' dir='ltr'>in</span> <span class='ocrx_word' id='word_1_458' title='bbox 3325 2940 3598 3013; x_wconf 87' lang='lat' dir='ltr'>partibus</span> <span class='ocrx_word' id='word_1_459' title='bbox 3631 2940 3824 2997; x_wconf 85' lang='lat' dir='ltr'>consi-</span> 
     </span>
    </p>
   </div>
   <div class='ocr_carea' id='block_1_62' title="bbox 2170 3029 3009 3100">
    <p class='ocr_par' dir='ltr' id='par_1_62' title="bbox 2170 3029 3009 3100">
     <span class='ocr_line' id='line_1_62' title="bbox 2170 3029 3009 3100; baseline -0.002 -14"><span class='ocrx_word' id='word_1_460' title='bbox 2170 3031 2431 3098; x_wconf 89' lang='lat' dir='ltr'>deratur,</span> <span class='ocrx_word' id='word_1_461' title='bbox 2465 3034 2523 3086; x_wconf 90' lang='lat' dir='ltr'>et</span> <span class='ocrx_word' id='word_1_462' title='bbox 2550 3034 2748 3100; x_wconf 84' lang='lat' dir='ltr'>partes</span> <span class='ocrx_word' id='word_1_463' title='bbox 2774 3029 2834 3084; x_wconf 90' lang='lat' dir='ltr'>in</span> <span class='ocrx_word' id='word_1_464' title='bbox 2866 3032 3009 3085; x_wconf 87' lang='lat' dir='ltr'>toto.</span> 
     </span>
    </p>
   </div>
   <div class='ocr_carea' id='block_1_63' title="bbox 2247 3119 3828 3192">
    <p class='ocr_par' dir='ltr' id='par_1_63' title="bbox 2247 3119 3828 3192">
     <span class='ocr_line' id='line_1_63' title="bbox 2247 3119 3828 3192; baseline -0.001 -15"><span class='ocrx_word' id='word_1_465' title='bbox 2247 3123 2308 3178; x_wconf 83' lang='lat' dir='ltr'>Ut</span> <span class='ocrx_word' id='word_1_466' title='bbox 2367 3119 2665 3176; x_wconf 85' lang='lat' dir='ltr'>secundum</span> <span class='ocrx_word' id='word_1_467' title='bbox 2720 3119 3158 3192; x_wconf 80' lang='lat' dir='ltr'>uniuscujusque</span> <span class='ocrx_word' id='word_1_468' title='bbox 3225 3121 3464 3191; x_wconf 82' lang='lat' dir='ltr'>speciem</span> <span class='ocrx_word' id='word_1_469' title='bbox 3505 3134 3828 3192; x_wconf 72' lang='lat' dir='ltr'>praeconee-</span> 
     </span>
    </p>
   </div>
   <div class='ocr_carea' id='block_1_64' title="bbox 2164 3207 3825 3281">
    <p class='ocr_par' dir='ltr' id='par_1_64' title="bbox 2164 3207 3825 3281">
     <span class='ocr_line' id='line_1_64' title="bbox 2164 3207 3825 3281; baseline -0.001 -17"><span class='ocrx_word' id='word_1_470' title='bbox 2164 3218 2340 3281; x_wconf 78' lang='lat' dir='ltr'>ptum.</span> <span class='ocrx_word' id='word_1_471' title='bbox 2366 3209 2512 3276; x_wconf 89' lang='lat' dir='ltr'>Nisi,</span> <span class='ocrx_word' id='word_1_472' title='bbox 2546 3209 2761 3280; x_wconf 88' lang='lat' dir='ltr'>inquit,</span> <span class='ocrx_word' id='word_1_473' title='bbox 2785 3207 2950 3280; x_wconf 91' lang='lat' dir='ltr'>prius</span> <span class='ocrx_word' id='word_1_474' title='bbox 2968 3207 3338 3280; x_wconf 84' lang='lat' dir='ltr'>intelligatur</span> <span class='ocrx_word' id='word_1_475' title='bbox 3386 3208 3614 3280; x_wconf 89' lang='lat' dir='ltr'>species</span> <span class='ocrx_word' id='word_1_476' title='bbox 3635 3208 3825 3264; x_wconf 89' lang='lat' dir='ltr'>homi-</span> 
     </span>
    </p>
   </div>
   <div class='ocr_carea' id='block_1_65' title="bbox 395 3272 2055 3380">
    <p class='ocr_par' dir='ltr' id='par_1_65' title="bbox 395 3293 2055 3380">
     <span class='ocr_line' id='line_1_65' title="bbox 395 3293 2055 3380; baseline -0.006 -21"><span class='ocrx_word' id='word_1_477' title='bbox 395 3304 575 3380; x_wconf 74' lang='grc' dir='ltr'>ἤγουν</span> <span class='ocrx_word' id='word_1_478' title='bbox 621 3303 658 3372; x_wconf 83' lang='grc' dir='ltr'><strong>ἡ</strong></span> <span class='ocrx_word' id='word_1_479' title='bbox 713 3299 894 3379; x_wconf 77' lang='grc' dir='ltr'>φύσις,</span> <span class='ocrx_word' id='word_1_480' title='bbox 955 3298 1054 3354; x_wconf 69' lang='grc' dir='ltr'>οὐκ</span> <span class='ocrx_word' id='word_1_481' title='bbox 1104 3294 1164 3353; x_wconf 71' lang='grc' dir='ltr'>ἄν</span> <span class='ocrx_word' id='word_1_482' title='bbox 1222 3318 1307 3360; x_wconf 87' lang='grc' dir='ltr'>τις</span> <span class='ocrx_word' id='word_1_483' title='bbox 1359 3293 1502 3351; x_wconf 77' lang='grc' dir='ltr'>εἷ’ποι</span> <span class='ocrx_word' id='word_1_484' title='bbox 1550 3297 1680 3358; x_wconf 87' lang='grc' dir='ltr'>τοὺς</span> <span class='ocrx_word' id='word_1_485' title='bbox 1734 3296 2055 3371; x_wconf 83' lang='grc' dir='ltr'>ἀνθρώπους</span> 
     </span>
    </p>
   </div>
   <div class='ocr_carea' id='block_1_66' title="bbox 2177 3272 3826 3380">
    <p class='ocr_par' dir='ltr' id='par_1_66' title="bbox 2177 3298 3826 3370">
     <span class='ocr_line' id='line_1_66' title="bbox 2177 3298 3826 3370; baseline -0.002 -11"><span class='ocrx_word' id='word_1_486' title='bbox 2177 3303 2262 3359; x_wconf 87' lang='lat' dir='ltr'>nis</span> <span class='ocrx_word' id='word_1_487' title='bbox 2295 3317 2398 3358; x_wconf 90' lang='lat' dir='ltr'>seu</span> <span class='ocrx_word' id='word_1_488' title='bbox 2433 3307 2668 3370; x_wconf 88' lang='lat' dir='ltr'>natura,</span> <span class='ocrx_word' id='word_1_489' title='bbox 2712 3299 2911 3355; x_wconf 89' lang='lat' dir='ltr'>nullus</span> <span class='ocrx_word' id='word_1_490' title='bbox 2968 3299 3178 3354; x_wconf 85' lang='lat' dir='ltr'>dixerit</span> <span class='ocrx_word' id='word_1_491' title='bbox 3236 3298 3508 3355; x_wconf 89' lang='lat' dir='ltr'>homines</span> <span class='ocrx_word' id='word_1_492' title='bbox 3557 3299 3709 3354; x_wconf 91' lang='lat' dir='ltr'>inter</span> <span class='ocrx_word' id='word_1_493' title='bbox 3764 3316 3826 3356; x_wconf 88' lang='lat' dir='ltr'>se</span> 
     </span>
    </p>
   </div>
   <div class='ocr_carea' id='block_1_67' title="bbox 402 3383 2061 3462">
    <p class='ocr_par' dir='ltr' id='par_1_67' title="bbox 402 3383 2061 3462">
     <span class='ocr_line' id='line_1_67' title="bbox 402 3383 2061 3462; baseline -0.006 -14"><span class='ocrx_word' id='word_1_494' title='bbox 402 3395 650 3462; x_wconf 72' lang='grc' dir='ltr'>ἡνῶσθαι</span> <span class='ocrx_word' id='word_1_495' title='bbox 683 3387 1050 3460; x_wconf 71' lang='grc' dir='ltr'>ἀλλήλουςη⁹</span> <span class='ocrx_word' id='word_1_496' title='bbox 1085 3384 1255 3457; x_wconf 80' lang='grc' dir='ltr'>δῆλον</span> <span class='ocrx_word' id='word_1_497' title='bbox 1291 3383 1348 3441; x_wconf 76' lang='grc' dir='ltr'>δὲ</span> <span class='ocrx_word' id='word_1_498' title='bbox 1378 3385 1461 3441; x_wconf 76' lang='grc' dir='ltr'>ὅτι</span> <span class='ocrx_word' id='word_1_499' title='bbox 1488 3387 1604 3441; x_wconf 88' lang='grc' dir='ltr'>κατ’</span> <span class='ocrx_word' id='word_1_500' title='bbox 1637 3386 1796 3441; x_wconf 84' lang='grc' dir='ltr'>αὐτὸν</span> <span class='ocrx_word' id='word_1_501' title='bbox 1845 3385 1936 3440; x_wconf 89' lang='grc' dir='ltr'>τὸν</span> <span class='ocrx_word' id='word_1_502' title='bbox 1963 3391 2061 3455; x_wconf 86' lang='grc' dir='ltr'>τῆς</span> 
     </span>
    </p>
   </div>
   <div class='ocr_carea' id='block_1_68' title="bbox 404 3479 836 3559">
    <p class='ocr_par' dir='ltr' id='par_1_68' title="bbox 404 3479 836 3559">
     <span class='ocr_line' id='line_1_68' title="bbox 404 3479 836 3559; baseline -0.007 -22"><span class='ocrx_word' id='word_1_503' title='bbox 404 3481 618 3559; x_wconf 72' lang='grc' dir='ltr'>φύσεως</span> <span class='ocrx_word' id='word_1_504' title='bbox 648 3479 836 3557; x_wconf 87' lang='grc' dir='ltr'>λόγον.</span> 
     </span>
    </p>
   </div>
   <div class='ocr_carea' id='block_1_69' title="bbox 471 3562 2059 3639">
    <p class='ocr_par' dir='ltr' id='par_1_69' title="bbox 471 3562 2059 3639">
     <span class='ocr_line' id='line_1_69' title="bbox 471 3562 2059 3639; baseline -0.004 -15"><span class='ocrx_word' id='word_1_505' title='bbox 471 3569 569 3624; x_wconf 81' lang='grc' dir='ltr'>Καὶ</span> <span class='ocrx_word' id='word_1_506' title='bbox 599 3569 645 3624; x_wconf 71' lang='grc' dir='ltr'>εἰ</span> <span class='ocrx_word' id='word_1_507' title='bbox 703 3567 921 3632; x_wconf 73' lang='grc' dir='ltr'>ἀνέλοις</span> <span class='ocrx_word' id='word_1_508' title='bbox 976 3567 1039 3621; x_wconf 87' lang='grc' dir='ltr'>τὸ</span> <span class='ocrx_word' id='word_1_509' title='bbox 1088 3564 1167 3622; x_wconf 74' lang='grc' dir='ltr'>ἓν.</span> <span class='ocrx_word' id='word_1_510' title='bbox 1228 3563 1387 3622; x_wconf 78' lang='grc' dir='ltr'>Οὕτω</span> <span class='ocrx_word' id='word_1_511' title='bbox 1441 3567 1502 3618; x_wconf 84' lang='grc' dir='ltr'>τὸ</span> <span class='ocrx_word' id='word_1_512' title='bbox 1563 3563 1725 3639; x_wconf 77' lang='grc' dir='ltr'>ῥητὸν</span> <span class='ocrx_word' id='word_1_513' title='bbox 1759 3562 2059 3632; x_wconf 75' lang='grc' dir='ltr'>συνθετέον,</span> 
     </span>
    </p>
   </div>
   <div class='ocr_carea' id='block_1_70' title="bbox 394 3650 2058 3731">
    <p class='ocr_par' dir='ltr' id='par_1_70' title="bbox 394 3650 2058 3731">
     <span class='ocr_line' id='line_1_70' title="bbox 394 3650 2058 3731; baseline -0.004 -17"><span class='ocrx_word' id='word_1_514' title='bbox 394 3661 483 3715; x_wconf 71' lang='grc' dir='ltr'>ὅτι</span> <span class='ocrx_word' id='word_1_515' title='bbox 516 3660 762 3728; x_wconf 75' lang='grc' dir='ltr'>ἡνῶσθαι</span> <span class='ocrx_word' id='word_1_516' title='bbox 812 3654 1026 3731; x_wconf 70' lang='grc' dir='ltr'>λίγεται</span> <span class='ocrx_word' id='word_1_517' title='bbox 1056 3653 1124 3709; x_wconf 74' lang='grc' dir='ltr'>τὰ</span> <span class='ocrx_word' id='word_1_518' title='bbox 1151 3654 1411 3727; x_wconf 67' lang='grc' dir='ltr'>ἡνωμένα</span> <span class='ocrx_word' id='word_1_519' title='bbox 1456 3655 1573 3708; x_wconf 82' lang='grc' dir='ltr'>κατ’</span> <span class='ocrx_word' id='word_1_520' title='bbox 1631 3650 1774 3714; x_wconf 76' lang='grc' dir='ltr'>εἶδος</span> <span class='ocrx_word' id='word_1_521' title='bbox 1832 3673 2058 3727; x_wconf 86' lang='grc' dir='ltr'>προεπι-</span> 
     </span>
    </p>
   </div>
   <div class='ocr_carea' id='block_1_71' title="bbox 393 3743 2065 3820">
    <p class='ocr_par' dir='ltr' id='par_1_71' title="bbox 393 3743 2065 3820">
     <span class='ocr_line' id='line_1_71' title="bbox 393 3743 2065 3820; baseline -0.005 -16"><span class='ocrx_word' id='word_1_522' title='bbox 393 3747 700 3820; x_wconf 70' lang='grc' dir='ltr'>νοοῦμενον</span> <span class='ocrx_word' id='word_1_523' title='bbox 757 3744 872 3808; x_wconf 73' lang='grc' dir='ltr'>ἑνὸς</span> <span class='ocrx_word' id='word_1_524' title='bbox 948 3743 1216 3800; x_wconf 75' lang='grc' dir='ltr'>ἑκάστουο</span> <span class='ocrx_word' id='word_1_525' title='bbox 1287 3743 1624 3818; x_wconf 83' lang='grc' dir='ltr'>προείπομεν</span> <span class='ocrx_word' id='word_1_526' title='bbox 1673 3743 1800 3817; x_wconf 82' lang='grc' dir='ltr'>γὰρ,</span> <span class='ocrx_word' id='word_1_527' title='bbox 1858 3743 1941 3797; x_wconf 82' lang='grc' dir='ltr'>ὅτι</span> <span class='ocrx_word' id='word_1_528' title='bbox 1999 3743 2065 3796; x_wconf 73' lang='grc' dir='ltr'>τα</span> 
     </span>
    </p>
   </div>
   <div class='ocr_carea' id='block_1_72' title="bbox 395 3827 2063 3908">
    <p class='ocr_par' dir='ltr' id='par_1_72' title="bbox 395 3827 2063 3908">
     <span class='ocr_line' id='line_1_72' title="bbox 395 3827 2063 3908; baseline -0.004 -17"><span class='ocrx_word' id='word_1_529' title='bbox 395 3834 520 3906; x_wconf 72' lang='grc' dir='ltr'>εἴδη</span> <span class='ocrx_word' id='word_1_530' title='bbox 575 3835 667 3890; x_wconf 76' lang='grc' dir='ltr'>καὶ</span> <span class='ocrx_word' id='word_1_531' title='bbox 695 3835 763 3890; x_wconf 71' lang='grc' dir='ltr'>τὰ</span> <span class='ocrx_word' id='word_1_532' title='bbox 792 3831 981 3889; x_wconf 75' lang='grc' dir='ltr'>πολλὰ</span> <span class='ocrx_word' id='word_1_533' title='bbox 1011 3833 1288 3908; x_wconf 87' lang='grc' dir='ltr'>στοιχεῖόν</span> <span class='ocrx_word' id='word_1_534' title='bbox 1318 3853 1369 3887; x_wconf 94' lang='grc' dir='ltr'>τι</span> <span class='ocrx_word' id='word_1_535' title='bbox 1399 3831 1488 3886; x_wconf 81' lang='grc' dir='ltr'>καὶ</span> <span class='ocrx_word' id='word_1_536' title='bbox 1539 3831 1720 3906; x_wconf 68' lang='grc' dir='ltr'>ἀργήν</span> <span class='ocrx_word' id='word_1_537' title='bbox 1771 3830 1834 3885; x_wconf 90' lang='grc' dir='ltr'>τὸ</span> <span class='ocrx_word' id='word_1_538' title='bbox 1863 3827 1918 3884; x_wconf 81' lang='grc' dir='ltr'>ἓν</span> <span class='ocrx_word' id='word_1_539' title='bbox 1950 3829 2063 3886; x_wconf 80' lang='grc' dir='ltr'>ἐπι-</span> 
     </span>
    </p>
   </div>
   <div class='ocr_carea' id='block_1_73' title="bbox 394 3917 2059 4003">
    <p class='ocr_par' dir='ltr' id='par_1_73' title="bbox 394 3917 2059 4003">
     <span class='ocr_line' id='line_1_73' title="bbox 394 3917 2059 4003; baseline -0.004 -23"><span class='ocrx_word' id='word_1_540' title='bbox 394 3928 726 4003; x_wconf 74' lang='grc' dir='ltr'>γράφονται,</span> <span class='ocrx_word' id='word_1_541' title='bbox 777 3922 855 3985; x_wconf 74' lang='grc' dir='ltr'>εἷς</span> <span class='ocrx_word' id='word_1_542' title='bbox 897 3921 1053 3997; x_wconf 74' lang='grc' dir='ltr'>γὲνος</span> <span class='ocrx_word' id='word_1_543' title='bbox 1100 3918 1157 3977; x_wconf 76' lang='grc' dir='ltr'>ἓν</span> <span class='ocrx_word' id='word_1_544' title='bbox 1205 3920 1536 3996; x_wconf 81' lang='grc' dir='ltr'>ἀναγόμενα,</span> <span class='ocrx_word' id='word_1_545' title='bbox 1583 3918 1649 3973; x_wconf 75' lang='grc' dir='ltr'>οὗ</span> <span class='ocrx_word' id='word_1_546' title='bbox 1691 3921 1884 3994; x_wconf 82' lang='grc' dir='ltr'>γὲνους</span> <span class='ocrx_word' id='word_1_547' title='bbox 1943 3917 2059 3990; x_wconf 77' lang='grc' dir='ltr'>εἷ’δη</span> 
     </span>
    </p>
   </div>
   <div class='ocr_carea' id='block_1_74' title="bbox 399 4006 2064 4089">
    <p class='ocr_par' dir='ltr' id='par_1_74' title="bbox 399 4006 2064 4089">
     <span class='ocr_line' id='line_1_74' title="bbox 399 4006 2064 4089; baseline -0.004 -19"><span class='ocrx_word' id='word_1_548' title='bbox 399 4014 530 4070; x_wconf 69' lang='grc' dir='ltr'>εἴσιτ’</span> <span class='ocrx_word' id='word_1_549' title='bbox 562 4017 733 4070; x_wconf 76' lang='grc' dir='ltr'>ταῦτα</span> <span class='ocrx_word' id='word_1_550' title='bbox 775 4011 877 4089; x_wconf 77' lang='grc' dir='ltr'>γὰρ</span> <span class='ocrx_word' id='word_1_551' title='bbox 925 4012 1183 4084; x_wconf 73' lang='grc' dir='ltr'>ἡνωμένα</span> <span class='ocrx_word' id='word_1_552' title='bbox 1234 4010 1379 4083; x_wconf 85' lang='grc' dir='ltr'>αὐτῷ</span> <span class='ocrx_word' id='word_1_553' title='bbox 1419 4014 1500 4083; x_wconf 80' lang='grc' dir='ltr'>τῷ</span> <span class='ocrx_word' id='word_1_554' title='bbox 1549 4007 1703 4079; x_wconf 85' lang='grc' dir='ltr'>εἷ’δει,</span> <span class='ocrx_word' id='word_1_555' title='bbox 1737 4009 1847 4063; x_wconf 82' lang='grc' dir='ltr'>οἷον</span> <span class='ocrx_word' id='word_1_556' title='bbox 1874 4006 2064 4078; x_wconf 69' lang='grc' dir='ltr'>ἵπποι,</span> 
     </span>
    </p>
   </div>
   <div class='ocr_carea' id='block_1_75' title="bbox 402 4098 2062 4178">
    <p class='ocr_par' dir='ltr' id='par_1_75' title="bbox 402 4098 2062 4178">
     <span class='ocr_line' id='line_1_75' title="bbox 402 4098 2062 4178; baseline 0 -24"><span class='ocrx_word' id='word_1_557' title='bbox 402 4103 551 4178; x_wconf 82' lang='grc' dir='ltr'>βόες,</span> <span class='ocrx_word' id='word_1_558' title='bbox 585 4102 676 4158; x_wconf 82' lang='grc' dir='ltr'>καὶ</span> <span class='ocrx_word' id='word_1_559' title='bbox 701 4101 769 4158; x_wconf 75' lang='grc' dir='ltr'>τὰ</span> <span class='ocrx_word' id='word_1_560' title='bbox 799 4102 943 4172; x_wconf 71' lang='grc' dir='ltr'>ἑξῆς,</span> <span class='ocrx_word' id='word_1_561' title='bbox 978 4101 1111 4174; x_wconf 76' lang='grc' dir='ltr'>ἅπερ</span> <span class='ocrx_word' id='word_1_562' title='bbox 1139 4098 1213 4163; x_wconf 75' lang='grc' dir='ltr'>εἷς</span> <span class='ocrx_word' id='word_1_563' title='bbox 1246 4098 1298 4155; x_wconf 75' lang='grc' dir='ltr'>ἔν</span> <span class='ocrx_word' id='word_1_564' title='bbox 1333 4099 1488 4175; x_wconf 72' lang='grc' dir='ltr'>γένος</span> <span class='ocrx_word' id='word_1_565' title='bbox 1523 4098 1826 4175; x_wconf 76' lang='grc' dir='ltr'>ἀνάγονται,</span> <span class='ocrx_word' id='word_1_566' title='bbox 1871 4099 1934 4153; x_wconf 87' lang='grc' dir='ltr'>τὸ</span> <span class='ocrx_word' id='word_1_567' title='bbox 1964 4119 2062 4154; x_wconf 83' lang='grc' dir='ltr'>κα-</span> 
     </span>
    </p>
   </div>
   <div class='ocr_carea' id='block_1_76' title="bbox 399 4189 811 4261">
    <p class='ocr_par' dir='ltr' id='par_1_76' title="bbox 399 4189 811 4261">
     <span class='ocr_line' id='line_1_76' title="bbox 399 4189 811 4261; baseline 0.002 -14"><span class='ocrx_word' id='word_1_568' title='bbox 399 4189 619 4257; x_wconf 84' lang='grc' dir='ltr'>λεῖσθαι</span> <span class='ocrx_word' id='word_1_569' title='bbox 647 4193 811 4261; x_wconf 82' lang='grc' dir='ltr'>ζῶον.</span> 
     </span>
    </p>
   </div>
   <div class='ocr_carea' id='block_1_77' title="bbox 469 4365 2057 4444">
    <p class='ocr_par' dir='ltr' id='par_1_77' title="bbox 469 4365 2057 4444">
     <span class='ocr_line' id='line_1_77' title="bbox 469 4365 2057 4444; baseline -0.001 -20"><span class='ocrx_word' id='word_1_570' title='bbox 469 4371 582 4440; x_wconf 73' lang='grc' dir='ltr'>Τὴν</span> <span class='ocrx_word' id='word_1_571' title='bbox 612 4369 751 4439; x_wconf 77' lang='grc' dir='ltr'>ὅλην</span> <span class='ocrx_word' id='word_1_572' title='bbox 797 4367 1078 4444; x_wconf 85' lang='grc' dir='ltr'>θεαρχίαν.</span> <span class='ocrx_word' id='word_1_573' title='bbox 1128 4365 1275 4437; x_wconf 78' lang='grc' dir='ltr'>’Ὀλη</span> <span class='ocrx_word' id='word_1_574' title='bbox 1329 4365 1560 4442; x_wconf 81' lang='grc' dir='ltr'>θεαρχία</span> <span class='ocrx_word' id='word_1_575' title='bbox 1605 4368 1640 4435; x_wconf 77' lang='grc' dir='ltr'><strong>ἡ</strong></span> <span class='ocrx_word' id='word_1_576' title='bbox 1690 4365 1924 4443; x_wconf 80' lang='grc' dir='ltr'>παναγία</span> <span class='ocrx_word' id='word_1_577' title='bbox 1971 4370 2057 4423; x_wconf 76' lang='grc' dir='ltr'>καὶ</span> 
     </span>
    </p>
   </div>
   <div class='ocr_carea' id='block_1_78' title="bbox 395 4453 2062 4537">
    <p class='ocr_par' dir='ltr' id='par_1_78' title="bbox 395 4453 2062 4537">
     <span class='ocr_line' id='line_1_78' title="bbox 395 4453 2062 4537; baseline -0.002 -21"><span class='ocrx_word' id='word_1_578' title='bbox 395 4459 758 4537; x_wconf 73' lang='grc' dir='ltr'>προσκυνητὴ</span> <span class='ocrx_word' id='word_1_579' title='bbox 792 4457 973 4533; x_wconf 76' lang='grc' dir='ltr'>Τριάς·</span> <span class='ocrx_word' id='word_1_580' title='bbox 1011 4454 1100 4511; x_wconf 81' lang='grc' dir='ltr'>διὰ</span> <span class='ocrx_word' id='word_1_581' title='bbox 1131 4453 1188 4511; x_wconf 76' lang='grc' dir='ltr'>δὲ</span> <span class='ocrx_word' id='word_1_582' title='bbox 1215 4456 1318 4525; x_wconf 77' lang='grc' dir='ltr'>τήν</span> <span class='ocrx_word' id='word_1_583' title='bbox 1343 4453 1704 4533; x_wconf 77' lang='grc' dir='ltr'>ἀνὲκφραστον</span> <span class='ocrx_word' id='word_1_584' title='bbox 1730 4463 1830 4525; x_wconf 87' lang='grc' dir='ltr'>τῆς</span> <span class='ocrx_word' id='word_1_585' title='bbox 1850 4458 2062 4534; x_wconf 80' lang='grc' dir='ltr'>φύσεως</span> 
     </span>
    </p>
   </div>
   <div class='ocr_carea' id='block_1_79' title="bbox 396 4544 1380 4620">
    <p class='ocr_par' dir='ltr' id='par_1_79' title="bbox 396 4544 1380 4620">
     <span class='ocr_line' id='line_1_79' title="bbox 396 4544 1380 4620; baseline -0.004 -14"><span class='ocrx_word' id='word_1_586' title='bbox 396 4547 620 4618; x_wconf 69' lang='grc' dir='ltr'>ἕνωσιν,</span> <span class='ocrx_word' id='word_1_587' title='bbox 652 4549 682 4604; x_wconf 81' lang='grc' dir='ltr'><strong>ὁ</strong></span> <span class='ocrx_word' id='word_1_588' title='bbox 713 4549 789 4610; x_wconf 81' lang='grc' dir='ltr'>ιῖς</span> <span class='ocrx_word' id='word_1_589' title='bbox 820 4547 910 4602; x_wconf 74' lang='grc' dir='ltr'>καὶ</span> <span class='ocrx_word' id='word_1_590' title='bbox 942 4544 994 4601; x_wconf 85' lang='grc' dir='ltr'>ἔν</span> <span class='ocrx_word' id='word_1_591' title='bbox 1025 4544 1380 4620; x_wconf 82' lang='grc' dir='ltr'>χρηματίζει.</span> 
     </span>
    </p>
   </div>
   <div class='ocr_carea' id='block_1_80' title="bbox 468 4723 2058 4806">
    <p class='ocr_par' dir='ltr' id='par_1_80' title="bbox 468 4723 2058 4806">
     <span class='ocr_line' id='line_1_80' title="bbox 468 4723 2058 4806; baseline 0 -24"><span class='ocrx_word' id='word_1_592' title='bbox 468 4727 685 4806; x_wconf 77' lang='grc' dir='ltr'>Ὑφ’ἦς</span> <span class='ocrx_word' id='word_1_593' title='bbox 718 4725 810 4781; x_wconf 67' lang='grc' dir='ltr'>καὶ</span> <span class='ocrx_word' id='word_1_594' title='bbox 842 4723 896 4797; x_wconf 77' lang='grc' dir='ltr'>ἐξ</span> <span class='ocrx_word' id='word_1_595' title='bbox 951 4726 1039 4796; x_wconf 83' lang='grc' dir='ltr'>ἧς.</span> <span class='ocrx_word' id='word_1_596' title='bbox 1099 4728 1194 4797; x_wconf 83' lang='grc' dir='ltr'>Τῷ</span> <span class='ocrx_word' id='word_1_597' title='bbox 1252 4723 1341 4799; x_wconf 72' lang='grc' dir='ltr'>ὑφ’</span> <span class='ocrx_word' id='word_1_598' title='bbox 1394 4724 1462 4792; x_wconf 76' lang='grc' dir='ltr'>ἧς</span> <span class='ocrx_word' id='word_1_599' title='bbox 1521 4723 1770 4796; x_wconf 72' lang='grc' dir='ltr'>σύνταξον</span> <span class='ocrx_word' id='word_1_600' title='bbox 1801 4729 1864 4782; x_wconf 90' lang='grc' dir='ltr'>τὸ</span> <span class='ocrx_word' id='word_1_601' title='bbox 1923 4727 2058 4797; x_wconf 80' lang='grc' dir='ltr'>ἐστὶ,</span> 
     </span>
    </p>
   </div>
   <div class='ocr_carea' id='block_1_81' title="bbox 395 4811 2060 4891">
    <p class='ocr_par' dir='ltr' id='par_1_81' title="bbox 395 4811 2060 4891">
     <span class='ocr_line' id='line_1_81' title="bbox 395 4811 2060 4891; baseline -0.006 -19"><span class='ocrx_word' id='word_1_602' title='bbox 395 4818 491 4872; x_wconf 85' lang='grc' dir='ltr'>καὶ</span> <span class='ocrx_word' id='word_1_603' title='bbox 516 4820 599 4889; x_wconf 82' lang='grc' dir='ltr'>τῷ</span> <span class='ocrx_word' id='word_1_604' title='bbox 633 4815 683 4887; x_wconf 78' lang='grc' dir='ltr'>ἐξ</span> <span class='ocrx_word' id='word_1_605' title='bbox 714 4817 784 4885; x_wconf 83' lang='grc' dir='ltr'>ἧς</span> <span class='ocrx_word' id='word_1_606' title='bbox 835 4815 899 4871; x_wconf 85' lang='grc' dir='ltr'>τὸ</span> <span class='ocrx_word' id='word_1_607' title='bbox 957 4812 1328 4886; x_wconf 72' lang='grc' dir='ltr'>συντέτακται,</span> <span class='ocrx_word' id='word_1_608' title='bbox 1355 4813 1447 4868; x_wconf 81' lang='grc' dir='ltr'>καὶ</span> <span class='ocrx_word' id='word_1_609' title='bbox 1503 4818 1582 4886; x_wconf 79' lang='grc' dir='ltr'>τῷ</span> <span class='ocrx_word' id='word_1_610' title='bbox 1629 4811 1700 4869; x_wconf 85' lang='grc' dir='ltr'>δι’</span> <span class='ocrx_word' id='word_1_611' title='bbox 1756 4817 1823 4884; x_wconf 83' lang='grc' dir='ltr'>ἧς</span> <span class='ocrx_word' id='word_1_612' title='bbox 1866 4817 1930 4872; x_wconf 84' lang='grc' dir='ltr'>τὸ</span> <span class='ocrx_word' id='word_1_613' title='bbox 1965 4817 2060 4891; x_wconf 64' lang='grc' dir='ltr'>μί-</span> 
     </span>
    </p>
   </div>
   <div class='ocr_carea' id='block_1_82' title="bbox 396 4900 2061 4982">
    <p class='ocr_par' dir='ltr' id='par_1_82' title="bbox 396 4900 2061 4982">
     <span class='ocr_line' id='line_1_82' title="bbox 396 4900 2061 4982; baseline 0.001 -22"><span class='ocrx_word' id='word_1_614' title='bbox 396 4927 503 4974; x_wconf 80' lang='grc' dir='ltr'>νει,</span> <span class='ocrx_word' id='word_1_615' title='bbox 558 4905 650 4960; x_wconf 81' lang='grc' dir='ltr'>καὶ</span> <span class='ocrx_word' id='word_1_616' title='bbox 697 4908 778 4976; x_wconf 59' lang='lat' dir='ltr'>“cfp</span> <span class='ocrx_word' id='word_1_617' title='bbox 807 4902 860 4958; x_wconf 75' lang='grc' dir='ltr'>ἐν</span> <span class='ocrx_word' id='word_1_618' title='bbox 920 4903 956 4978; x_wconf 74' lang='grc' dir='ltr'><strong>ᾖ</strong></span> <span class='ocrx_word' id='word_1_619' title='bbox 1017 4903 1081 4958; x_wconf 86' lang='grc' dir='ltr'>τὸ</span> <span class='ocrx_word' id='word_1_620' title='bbox 1125 4900 1430 4977; x_wconf 72' lang='grc' dir='ltr'>συνέχεται,</span> <span class='ocrx_word' id='word_1_621' title='bbox 1489 4900 1658 4977; x_wconf 75' lang='grc' dir='ltr'>ἤγουν</span> <span class='ocrx_word' id='word_1_622' title='bbox 1710 4901 2061 4982; x_wconf 76' lang='grc' dir='ltr'>φυλάττεται,</span> 
     </span>
    </p>
   </div>
   <div class='ocr_carea' id='block_1_83' title="bbox 395 4989 2056 5069">
    <p class='ocr_par' dir='ltr' id='par_1_83' title="bbox 395 4989 2056 5069">
     <span class='ocr_line' id='line_1_83' title="bbox 395 4989 2056 5069; baseline 0 -19"><span class='ocrx_word' id='word_1_623' title='bbox 395 4995 489 5050; x_wconf 81' lang='grc' dir='ltr'>καὶ</span> <span class='ocrx_word' id='word_1_624' title='bbox 549 4998 630 5066; x_wconf 77' lang='grc' dir='ltr'>τῷ</span> <span class='ocrx_word' id='word_1_625' title='bbox 687 4992 763 5056; x_wconf 82' lang='grc' dir='ltr'>εἷς</span> <span class='ocrx_word' id='word_1_626' title='bbox 823 4994 885 5062; x_wconf 77' lang='grc' dir='ltr'>ἣν</span> <span class='ocrx_word' id='word_1_627' title='bbox 918 4994 964 5030; x_wconf 84' lang='grc'>²⁰</span> <span class='ocrx_word' id='word_1_628' title='bbox 1017 4991 1080 5047; x_wconf 84' lang='grc' dir='ltr'>τὸ</span> <span class='ocrx_word' id='word_1_629' title='bbox 1137 4989 1534 5069; x_wconf 73' lang='grc' dir='ltr'>ἐπιστρέφεται,</span> <span class='ocrx_word' id='word_1_630' title='bbox 1587 4991 1632 5046; x_wconf 79' lang='grc' dir='ltr'>εἰ</span> <span class='ocrx_word' id='word_1_631' title='bbox 1690 4994 1839 5048; x_wconf 82' lang='grc' dir='ltr'>καὶὸ</span> <span class='ocrx_word' id='word_1_632' title='bbox 1871 4997 2056 5069; x_wconf 85' lang='grc' dir='ltr'>Ηατήρ</span> 
     </span>
    </p>
   </div>
   <div class='ocr_carea' id='block_1_84' title="bbox 397 5078 2058 5160">
    <p class='ocr_par' dir='ltr' id='par_1_84' title="bbox 397 5078 2058 5160">
     <span class='ocr_line' id='line_1_84' title="bbox 397 5078 2058 5160; baseline 0.001 -23"><span class='ocrx_word' id='word_1_633' title='bbox 397 5084 556 5145; x_wconf 71' lang='grc' dir='ltr'>ἰδίως</span> <span class='ocrx_word' id='word_1_634' title='bbox 587 5083 676 5136; x_wconf 83' lang='grc' dir='ltr'>καὶ</span> <span class='ocrx_word' id='word_1_635' title='bbox 731 5081 817 5160; x_wconf 75' lang='grc' dir='ltr'>ὑφ’</span> <span class='ocrx_word' id='word_1_636' title='bbox 871 5078 924 5136; x_wconf 84' lang='grc' dir='ltr'>ἔν</span> <span class='ocrx_word' id='word_1_637' title='bbox 981 5081 1049 5136; x_wconf 73' lang='grc' dir='ltr'>τὰ</span> <span class='ocrx_word' id='word_1_638' title='bbox 1092 5079 1313 5155; x_wconf 76' lang='grc' dir='ltr'>ῥήματα</span> <span class='ocrx_word' id='word_1_639' title='bbox 1343 5079 1510 5151; x_wconf 77' lang='grc' dir='ltr'>ἔταξε·</span> <span class='ocrx_word' id='word_1_640' title='bbox 1544 5080 1630 5134; x_wconf 84' lang='grc' dir='ltr'>καὶ</span> <span class='ocrx_word' id='word_1_641' title='bbox 1661 5082 1722 5136; x_wconf 87' lang='grc' dir='ltr'>τὸ</span> <span class='ocrx_word' id='word_1_642' title='bbox 1769 5081 1943 5137; x_wconf 80' lang='grc' dir='ltr'>πάντα</span> <span class='ocrx_word' id='word_1_643' title='bbox 2001 5082 2058 5138; x_wconf 71' lang='grc' dir='ltr'>δὲ</span> 
     </span>
    </p>
   </div>
   <div class='ocr_carea' id='block_1_85' title="bbox 394 5166 2055 5246">
    <p class='ocr_par' dir='ltr' id='par_1_85' title="bbox 394 5166 2055 5246">
     <span class='ocr_line' id='line_1_85' title="bbox 394 5166 2055 5246; baseline 0.001 -19"><span class='ocrx_word' id='word_1_644' title='bbox 394 5174 506 5227; x_wconf 78' lang='grc' dir='ltr'>απὸ</span> <span class='ocrx_word' id='word_1_645' title='bbox 559 5175 770 5226; x_wconf 71' lang='grc' dir='ltr'>κοινοῦ.</span> <span class='ocrx_word' id='word_1_646' title='bbox 806 5168 1002 5233; x_wconf 86' lang='grc' dir='ltr'>Καλῶς</span> <span class='ocrx_word' id='word_1_647' title='bbox 1034 5166 1092 5224; x_wconf 77' lang='grc' dir='ltr'>δὲ</span> <span class='ocrx_word' id='word_1_648' title='bbox 1140 5171 1308 5237; x_wconf 78' lang='grc' dir='ltr'>εἶπεν,</span> <span class='ocrx_word' id='word_1_649' title='bbox 1370 5169 1452 5224; x_wconf 81' lang='grc' dir='ltr'>ὅτι</span> <span class='ocrx_word' id='word_1_650' title='bbox 1512 5169 1599 5225; x_wconf 73' lang='grc' dir='ltr'>ἐὰν</span> <span class='ocrx_word' id='word_1_651' title='bbox 1633 5170 1830 5245; x_wconf 72' lang='grc' dir='ltr'>ἀνέλῃς</span> <span class='ocrx_word' id='word_1_652' title='bbox 1858 5173 1919 5227; x_wconf 86' lang='grc' dir='ltr'>τὸ</span> <span class='ocrx_word' id='word_1_653' title='bbox 1979 5171 2055 5246; x_wconf 83' lang='grc' dir='ltr'>ἔν,</span> 
     </span>
    </p>
   </div>
   <div class='ocr_carea' id='block_1_86' title="bbox 394 5257 2052 5334">
    <p class='ocr_par' dir='ltr' id='par_1_86' title="bbox 394 5257 2052 5334">
     <span class='ocr_line' id='line_1_86' title="bbox 394 5257 2052 5334; baseline 0 -18"><span class='ocrx_word' id='word_1_654' title='bbox 394 5260 525 5317; x_wconf 69' lang='grc' dir='ltr'>οὕτε</span> <span class='ocrx_word' id='word_1_655' title='bbox 556 5258 784 5329; x_wconf 58' lang='grc' dir='ltr'>ὁλότης,</span> <span class='ocrx_word' id='word_1_656' title='bbox 846 5257 971 5315; x_wconf 72' lang='grc' dir='ltr'>οὔτε</span> <span class='ocrx_word' id='word_1_657' title='bbox 999 5257 1506 5334; x_wconf 81' lang='grc' dir='ltr'>πολλοστημόριον,</span> <span class='ocrx_word' id='word_1_658' title='bbox 1550 5258 1673 5315; x_wconf 73' lang='grc' dir='ltr'>οὔτε</span> <span class='ocrx_word' id='word_1_659' title='bbox 1703 5259 1845 5316; x_wconf 75' lang='grc' dir='ltr'>ἄλλο</span> <span class='ocrx_word' id='word_1_660' title='bbox 1877 5260 2052 5318; x_wconf 65' lang='grc' dir='ltr'>οὐδέν’</span> 
     </span>
    </p>
   </div>
   <div class='ocr_carea' id='block_1_87' title="bbox 389 5346 2055 5426">
    <p class='ocr_par' dir='ltr' id='par_1_87' title="bbox 389 5346 2055 5426">
     <span class='ocr_line' id='line_1_87' title="bbox 389 5346 2055 5426; baseline 0.001 -19"><span class='ocrx_word' id='word_1_661' title='bbox 389 5355 563 5407; x_wconf 77' lang='grc' dir='ltr'>τοῦτο</span> <span class='ocrx_word' id='word_1_662' title='bbox 589 5350 691 5426; x_wconf 76' lang='grc' dir='ltr'>γὰρ</span> <span class='ocrx_word' id='word_1_663' title='bbox 725 5348 1058 5424; x_wconf 75' lang='grc' dir='ltr'>προῃνίξατο</span> <span class='ocrx_word' id='word_1_664' title='bbox 1089 5347 1179 5403; x_wconf 84' lang='grc' dir='ltr'>καὶ</span> <span class='ocrx_word' id='word_1_665' title='bbox 1211 5346 1322 5404; x_wconf 82' lang='grc' dir='ltr'>ἄνω</span> <span class='ocrx_word' id='word_1_666' title='bbox 1369 5348 1558 5418; x_wconf 83' lang='grc' dir='ltr'>εἰπὼν,</span> <span class='ocrx_word' id='word_1_667' title='bbox 1606 5351 1696 5405; x_wconf 77' lang='grc' dir='ltr'>καὶ</span> <span class='ocrx_word' id='word_1_668' title='bbox 1746 5349 1920 5424; x_wconf 73' lang='grc' dir='ltr'>ἥμισυ</span> <span class='ocrx_word' id='word_1_669' title='bbox 1977 5352 2055 5421; x_wconf 79' lang='grc' dir='ltr'>ἓν,</span> 
     </span>
    </p>
   </div>
   <div class='ocr_carea' id='block_1_88' title="bbox 2171 3386 3623 3462">
    <p class='ocr_par' dir='ltr' id='par_1_88' title="bbox 2171 3386 3623 3462">
     <span class='ocr_line' id='line_1_88' title="bbox 2171 3386 3623 3462; baseline -0.003 -15"><span class='ocrx_word' id='word_1_670' title='bbox 2171 3393 2539 3462; x_wconf 87' lang='lat' dir='ltr'>conjunctos,</span> <span class='ocrx_word' id='word_1_671' title='bbox 2575 3388 2854 3445; x_wconf 88' lang='lat' dir='ltr'>nimirum</span> <span class='ocrx_word' id='word_1_672' title='bbox 2885 3388 3090 3444; x_wconf 91' lang='lat' dir='ltr'>eadem</span> <span class='ocrx_word' id='word_1_673' title='bbox 3124 3390 3348 3442; x_wconf 74' lang='lat' dir='ltr'>naturae</span> <span class='ocrx_word' id='word_1_674' title='bbox 3378 3386 3623 3443; x_wconf 88' lang='lat' dir='ltr'>ratione.</span> 
     </span>
    </p>
   </div>
   <div class='ocr_carea' id='block_1_89' title="bbox 2239 3564 3828 3625">
    <p class='ocr_par' dir='ltr' id='par_1_89' title="bbox 2239 3564 3828 3625">
     <span class='ocr_line' id='line_1_89' title="bbox 2239 3564 3828 3625; baseline -0.003 -2"><span class='ocrx_word' id='word_1_675' title='bbox 2239 3569 2316 3625; x_wconf 82' lang='lat' dir='ltr'>Ac</span> <span class='ocrx_word' id='word_1_676' title='bbox 2342 3571 2394 3623; x_wconf 88' lang='lat' dir='ltr'>si</span> <span class='ocrx_word' id='word_1_677' title='bbox 2420 3568 2714 3623; x_wconf 74' lang='lat' dir='ltr'>sustuleris</span> <span class='ocrx_word' id='word_1_678' title='bbox 2742 3567 3043 3622; x_wconf 76' lang='lat' dir='ltr'>unitatem.</span> <span class='ocrx_word' id='word_1_679' title='bbox 3070 3568 3155 3621; x_wconf 89' lang='lat' dir='ltr'>Ita</span> <span class='ocrx_word' id='word_1_680' title='bbox 3187 3564 3483 3621; x_wconf 88' lang='lat' dir='ltr'>sententia</span> <span class='ocrx_word' id='word_1_681' title='bbox 3506 3565 3629 3620; x_wconf 72' lang='lat' dir='ltr'>haec</span> <span class='ocrx_word' id='word_1_682' title='bbox 3661 3581 3828 3620; x_wconf 90' lang='lat' dir='ltr'>com-</span> 
     </span>
    </p>
   </div>
   <div class='ocr_carea' id='block_1_90' title="bbox 2172 3656 3828 3728">
    <p class='ocr_par' dir='ltr' id='par_1_90' title="bbox 2172 3656 3828 3728">
     <span class='ocr_line' id='line_1_90' title="bbox 2172 3656 3828 3728; baseline -0.003 -15"><span class='ocrx_word' id='word_1_683' title='bbox 2172 3657 2460 3728; x_wconf 90' lang='lat' dir='ltr'>ponenda,</span> <span class='ocrx_word' id='word_1_684' title='bbox 2487 3657 2770 3712; x_wconf 89' lang='lat' dir='ltr'>nimirum</span> <span class='ocrx_word' id='word_1_685' title='bbox 2803 3670 2872 3710; x_wconf 89' lang='lat' dir='ltr'>ea</span> <span class='ocrx_word' id='word_1_686' title='bbox 2931 3672 3060 3726; x_wconf 71' lang='lat' dir='ltr'>quas</span> <span class='ocrx_word' id='word_1_687' title='bbox 3118 3656 3436 3726; x_wconf 87' lang='lat' dir='ltr'>conjuncta</span> <span class='ocrx_word' id='word_1_688' title='bbox 3492 3656 3654 3720; x_wconf 87' lang='lat' dir='ltr'>sunt,</span> <span class='ocrx_word' id='word_1_689' title='bbox 3687 3670 3828 3708; x_wconf 88' lang='lat' dir='ltr'>con-</span> 
     </span>
    </p>
   </div>
   <div class='ocr_carea' id='block_1_91' title="bbox 2163 3741 3828 3818">
    <p class='ocr_par' dir='ltr' id='par_1_91' title="bbox 2163 3741 3828 3818">
     <span class='ocr_line' id='line_1_91' title="bbox 2163 3741 3828 3818; baseline -0.004 -16"><span class='ocrx_word' id='word_1_690' title='bbox 2163 3748 2375 3818; x_wconf 91' lang='lat' dir='ltr'>juncta</span> <span class='ocrx_word' id='word_1_691' title='bbox 2405 3746 2518 3801; x_wconf 88' lang='lat' dir='ltr'>dici</span> <span class='ocrx_word' id='word_1_692' title='bbox 2549 3745 3025 3816; x_wconf 86' lang='lat' dir='ltr'>uniuscujusque</span> <span class='ocrx_word' id='word_1_693' title='bbox 3048 3743 3586 3816; x_wconf 72' lang='lat' dir='ltr'>specie,quzeprius</span> <span class='ocrx_word' id='word_1_694' title='bbox 3607 3741 3828 3798; x_wconf 91' lang='lat' dir='ltr'>intelli-</span> 
     </span>
    </p>
   </div>
   <div class='ocr_carea' id='block_1_92' title="bbox 2173 3831 3826 3908">
    <p class='ocr_par' dir='ltr' id='par_1_92' title="bbox 2173 3831 3826 3908">
     <span class='ocr_line' id='line_1_92' title="bbox 2173 3831 3826 3908; baseline -0.004 -17"><span class='ocrx_word' id='word_1_695' title='bbox 2173 3841 2384 3908; x_wconf 86' lang='lat' dir='ltr'>gatur:</span> <span class='ocrx_word' id='word_1_696' title='bbox 2419 3840 2593 3891; x_wconf 75' lang='lat' dir='ltr'>antea</span> <span class='ocrx_word' id='word_1_697' title='bbox 2623 3835 2782 3890; x_wconf 78' lang='lat' dir='ltr'>enim</span> <span class='ocrx_word' id='word_1_698' title='bbox 2815 3832 3097 3901; x_wconf 82' lang='lat' dir='ltr'>diximus,</span> <span class='ocrx_word' id='word_1_699' title='bbox 3128 3832 3356 3905; x_wconf 87' lang='lat' dir='ltr'>species</span> <span class='ocrx_word' id='word_1_700' title='bbox 3412 3836 3471 3887; x_wconf 90' lang='lat' dir='ltr'>et</span> <span class='ocrx_word' id='word_1_701' title='bbox 3519 3831 3706 3886; x_wconf 88' lang='lat' dir='ltr'>multa</span> <span class='ocrx_word' id='word_1_702' title='bbox 3754 3832 3826 3886; x_wconf 89' lang='lat' dir='ltr'>ad</span> 
     </span>
    </p>
   </div>
   <div class='ocr_carea' id='block_1_93' title="bbox 2175 3919 3825 3996">
    <p class='ocr_par' dir='ltr' id='par_1_93' title="bbox 2175 3919 3825 3996">
     <span class='ocr_line' id='line_1_93' title="bbox 2175 3919 3825 3996; baseline -0.004 -16"><span class='ocrx_word' id='word_1_703' title='bbox 2175 3941 2360 3980; x_wconf 93' lang='lat' dir='ltr'>unum</span> <span class='ocrx_word' id='word_1_704' title='bbox 2391 3940 2579 3996; x_wconf 82' lang='lat' dir='ltr'>genus</span> <span class='ocrx_word' id='word_1_705' title='bbox 2610 3925 2760 3980; x_wconf 75' lang='lat'>227</span> <span class='ocrx_word' id='word_1_706' title='bbox 2797 3923 3062 3992; x_wconf 87' lang='lat' dir='ltr'>reducta,</span> <span class='ocrx_word' id='word_1_707' title='bbox 3120 3921 3464 3978; x_wconf 87' lang='lat' dir='ltr'>describunt</span> <span class='ocrx_word' id='word_1_708' title='bbox 3501 3936 3680 3976; x_wconf 86' lang='lat' dir='ltr'>unum</span> <span class='ocrx_word' id='word_1_709' title='bbox 3707 3919 3825 3975; x_wconf 91' lang='lat' dir='ltr'>ele-</span> 
     </span>
    </p>
   </div>
   <div class='ocr_carea' id='block_1_94' title="bbox 2175 4013 3828 4086">
    <p class='ocr_par' dir='ltr' id='par_1_94' title="bbox 2175 4013 3828 4086">
     <span class='ocr_line' id='line_1_94' title="bbox 2175 4013 3828 4086; baseline -0.005 -14"><span class='ocrx_word' id='word_1_710' title='bbox 2175 4020 2441 4072; x_wconf 89' lang='lat' dir='ltr'>mentum</span> <span class='ocrx_word' id='word_1_711' title='bbox 2475 4015 2712 4086; x_wconf 88' lang='lat' dir='ltr'>aliquod</span> <span class='ocrx_word' id='word_1_712' title='bbox 2741 4018 2800 4070; x_wconf 90' lang='lat' dir='ltr'>et</span> <span class='ocrx_word' id='word_1_713' title='bbox 2823 4013 3204 4085; x_wconf 86' lang='lat' dir='ltr'>principium,</span> <span class='ocrx_word' id='word_1_714' title='bbox 3238 4013 3411 4084; x_wconf 89' lang='lat' dir='ltr'>cujus</span> <span class='ocrx_word' id='word_1_715' title='bbox 3440 4013 3670 4080; x_wconf 77' lang='lat' dir='ltr'>generis</span> <span class='ocrx_word' id='word_1_716' title='bbox 3691 4016 3828 4067; x_wconf 91' lang='lat' dir='ltr'>sunt</span> 
     </span>
    </p>
   </div>
   <div class='ocr_carea' id='block_1_95' title="bbox 2173 4099 3824 4175">
    <p class='ocr_par' dir='ltr' id='par_1_95' title="bbox 2173 4099 3824 4175">
     <span class='ocr_line' id='line_1_95' title="bbox 2173 4099 3824 4175; baseline -0.005 -13"><span class='ocrx_word' id='word_1_717' title='bbox 2173 4105 2436 4175; x_wconf 86' lang='lat' dir='ltr'>species;</span> <span class='ocrx_word' id='word_1_718' title='bbox 2471 4103 2596 4159; x_wconf 70' lang='lat' dir='ltr'>haec</span> <span class='ocrx_word' id='word_1_719' title='bbox 2627 4103 2783 4159; x_wconf 90' lang='lat' dir='ltr'>enim</span> <span class='ocrx_word' id='word_1_720' title='bbox 2823 4102 2953 4174; x_wconf 87' lang='lat' dir='ltr'>ipsa</span> <span class='ocrx_word' id='word_1_721' title='bbox 2984 4102 3178 4173; x_wconf 89' lang='lat' dir='ltr'>specie</span> <span class='ocrx_word' id='word_1_722' title='bbox 3199 4103 3538 4173; x_wconf 87' lang='lat' dir='ltr'>conjuncta,</span> <span class='ocrx_word' id='word_1_723' title='bbox 3569 4104 3636 4156; x_wconf 95' lang='lat' dir='ltr'>ut</span> <span class='ocrx_word' id='word_1_724' title='bbox 3666 4099 3824 4172; x_wconf 90' lang='lat' dir='ltr'>equi,</span> 
     </span>
    </p>
   </div>
   <div class='ocr_carea' id='block_1_96' title="bbox 2173 4190 3828 4264">
    <p class='ocr_par' dir='ltr' id='par_1_96' title="bbox 2173 4190 3828 4264">
     <span class='ocr_line' id='line_1_96' title="bbox 2173 4190 3828 4264; baseline -0.003 -15"><span class='ocrx_word' id='word_1_725' title='bbox 2173 4195 2434 4261; x_wconf 91' lang='lat' dir='ltr'>boves,et</span> <span class='ocrx_word' id='word_1_726' title='bbox 2462 4192 2709 4264; x_wconf 91' lang='lat' dir='ltr'>reliqua,</span> <span class='ocrx_word' id='word_1_727' title='bbox 2733 4208 2861 4263; x_wconf 72' lang='lat' dir='ltr'>qua:</span> <span class='ocrx_word' id='word_1_728' title='bbox 2893 4193 2964 4247; x_wconf 89' lang='lat' dir='ltr'>ad</span> <span class='ocrx_word' id='word_1_729' title='bbox 3000 4208 3184 4247; x_wconf 91' lang='lat' dir='ltr'>unum</span> <span class='ocrx_word' id='word_1_730' title='bbox 3217 4207 3402 4264; x_wconf 82' lang='lat' dir='ltr'>genus</span> <span class='ocrx_word' id='word_1_731' title='bbox 3442 4190 3828 4257; x_wconf 84' lang='lat' dir='ltr'>reducuntur,</span> 
     </span>
    </p>
   </div>
   <div class='ocr_carea' id='block_1_97' title="bbox 2173 4280 2893 4354">
    <p class='ocr_par' dir='ltr' id='par_1_97' title="bbox 2173 4280 2893 4354">
     <span class='ocr_line' id='line_1_97' title="bbox 2173 4280 2893 4354; baseline -0.003 -16"><span class='ocrx_word' id='word_1_732' title='bbox 2173 4283 2314 4354; x_wconf 91' lang='lat' dir='ltr'>quia</span> <span class='ocrx_word' id='word_1_733' title='bbox 2341 4286 2625 4338; x_wconf 90' lang='lat' dir='ltr'>vocantur</span> <span class='ocrx_word' id='word_1_734' title='bbox 2653 4280 2893 4337; x_wconf 84' lang='lat' dir='ltr'>animal.</span> 
     </span>
    </p>
   </div>
   <div class='ocr_carea' id='block_1_98' title="bbox 2247 4365 3824 4443">
    <p class='ocr_par' dir='ltr' id='par_1_98' title="bbox 2247 4365 3824 4443">
     <span class='ocr_line' id='line_1_98' title="bbox 2247 4365 3824 4443; baseline -0.003 -17"><span class='ocrx_word' id='word_1_735' title='bbox 2247 4373 2433 4427; x_wconf 88' lang='lat' dir='ltr'>Totam</span> <span class='ocrx_word' id='word_1_736' title='bbox 2457 4371 2828 4426; x_wconf 73' lang='lat' dir='ltr'>divinitatem.</span> <span class='ocrx_word' id='word_1_737' title='bbox 2861 4375 2958 4424; x_wconf 89' lang='lat' dir='ltr'>Gr.</span> <span class='ocrx_word' id='word_1_738' title='bbox 3018 4369 3116 4436; x_wconf 72' lang='grc' dir='ltr'>τήν</span> <span class='ocrx_word' id='word_1_739' title='bbox 3171 4367 3306 4438; x_wconf 84' lang='grc' dir='ltr'>ὅλην</span> <span class='ocrx_word' id='word_1_740' title='bbox 3369 4365 3824 4443; x_wconf 83' lang='grc' dir='ltr'>θεαρχίαν.Ὅλη</span> 
     </span>
    </p>
   </div>
   <div class='ocr_carea' id='block_1_99' title="bbox 2171 4456 3828 4534">
    <p class='ocr_par' dir='ltr' id='par_1_99' title="bbox 2171 4456 3828 4534">
     <span class='ocr_line' id='line_1_99' title="bbox 2171 4456 3828 4534; baseline -0.002 -21"><span class='ocrx_word' id='word_1_741' title='bbox 2171 4459 2423 4534; x_wconf 86' lang='grc' dir='ltr'>θεαρχία,</span> <span class='ocrx_word' id='word_1_742' title='bbox 2460 4464 2647 4515; x_wconf 89' lang='lat' dir='ltr'>totum</span> <span class='ocrx_word' id='word_1_743' title='bbox 2680 4458 3004 4514; x_wconf 83' lang='lat' dir='ltr'>divinitatis</span> <span class='ocrx_word' id='word_1_744' title='bbox 3037 4459 3412 4531; x_wconf 89' lang='lat' dir='ltr'>principium,</span> <span class='ocrx_word' id='word_1_745' title='bbox 3447 4456 3828 4513; x_wconf 88' lang='lat' dir='ltr'>sanctissima</span> 
     </span>
    </p>
   </div>
   <div class='ocr_carea' id='block_1_100' title="bbox 2172 4546 3826 4618">
    <p class='ocr_par' dir='ltr' id='par_1_100' title="bbox 2172 4546 3826 4618">
     <span class='ocr_line' id='line_1_100' title="bbox 2172 4546 3826 4618; baseline -0.005 -12"><span class='ocrx_word' id='word_1_746' title='bbox 2172 4555 2230 4606; x_wconf 91' lang='lat' dir='ltr'>et</span> <span class='ocrx_word' id='word_1_747' title='bbox 2256 4549 2556 4606; x_wconf 87' lang='lat' dir='ltr'>adoranda</span> <span class='ocrx_word' id='word_1_748' title='bbox 2577 4547 2869 4614; x_wconf 88' lang='lat' dir='ltr'>Trinitas;</span> <span class='ocrx_word' id='word_1_749' title='bbox 2905 4555 3140 4618; x_wconf 84' lang='lat' dir='ltr'>prepler</span> <span class='ocrx_word' id='word_1_750' title='bbox 3171 4546 3526 4603; x_wconf 72' lang='lat' dir='ltr'>ineffabilem</span> <span class='ocrx_word' id='word_1_751' title='bbox 3559 4561 3694 4601; x_wconf 92' lang='lat' dir='ltr'>vero</span> <span class='ocrx_word' id='word_1_752' title='bbox 3717 4560 3826 4600; x_wconf 85' lang='lat' dir='ltr'>na-</span> 
     </span>
    </p>
   </div>
   <div class='ocr_carea' id='block_1_101' title="bbox 2093 4634 3533 4708">
    <p class='ocr_par' dir='ltr' id='par_1_101' title="bbox 2093 4634 3533 4708">
     <span class='ocr_line' id='line_1_101' title="bbox 2093 4634 3533 4708; baseline -0.004 -13"><span class='ocrx_word' id='word_1_753' title='bbox 2093 4643 2138 4706; x_wconf 89' lang='lat' dir='ltr'><strong>D</strong></span> <span class='ocrx_word' id='word_1_754' title='bbox 2170 4643 2314 4695; x_wconf 71' lang='lat' dir='ltr'>tura:</span> <span class='ocrx_word' id='word_1_755' title='bbox 2344 4637 2654 4706; x_wconf 85' lang='lat' dir='ltr'>unitatem,</span> <span class='ocrx_word' id='word_1_756' title='bbox 2687 4653 2842 4691; x_wconf 91' lang='lat' dir='ltr'>unus</span> <span class='ocrx_word' id='word_1_757' title='bbox 2874 4641 2931 4690; x_wconf 91' lang='lat' dir='ltr'>et</span> <span class='ocrx_word' id='word_1_758' title='bbox 2961 4651 3143 4690; x_wconf 89' lang='lat' dir='ltr'>unum</span> <span class='ocrx_word' id='word_1_759' title='bbox 3185 4634 3533 4708; x_wconf 84' lang='lat' dir='ltr'>appellatur.</span> 
     </span>
    </p>
   </div>
   <div class='ocr_carea' id='block_1_102' title="bbox 2245 4725 3828 4801">
    <p class='ocr_par' dir='ltr' id='par_1_102' title="bbox 2245 4725 3828 4801">
     <span class='ocr_line' id='line_1_102' title="bbox 2245 4725 3828 4801; baseline -0.003 -16"><span class='ocrx_word' id='word_1_760' title='bbox 2245 4730 2282 4784; x_wconf 85' lang='lat' dir='ltr'><em>A</em></span> <span class='ocrx_word' id='word_1_761' title='bbox 2315 4746 2423 4800; x_wconf 88' lang='lat' dir='ltr'>qua</span> <span class='ocrx_word' id='word_1_762' title='bbox 2454 4737 2505 4784; x_wconf 74' lang='lat' dir='ltr'>et</span> <span class='ocrx_word' id='word_1_763' title='bbox 2534 4745 2604 4784; x_wconf 75' lang='lat' dir='ltr'>ex</span> <span class='ocrx_word' id='word_1_764' title='bbox 2632 4744 2758 4799; x_wconf 84' lang='lat' dir='ltr'>qua.</span> <span class='ocrx_word' id='word_1_765' title='bbox 2792 4727 2936 4782; x_wconf 89' lang='lat' dir='ltr'>Cum</span> <span class='ocrx_word' id='word_1_766' title='bbox 2972 4725 3058 4801; x_wconf 76' lang='grc' dir='ltr'>ὑφ’</span> <span class='ocrx_word' id='word_1_767' title='bbox 3111 4728 3200 4793; x_wconf 73' lang='grc' dir='ltr'>ἧς,</span> <span class='ocrx_word' id='word_1_768' title='bbox 3255 4743 3295 4781; x_wconf 84' lang='grc' dir='ltr'>α</span> <span class='ocrx_word' id='word_1_769' title='bbox 3347 4743 3474 4798; x_wconf 89' lang='lat' dir='ltr'>qua,</span> <span class='ocrx_word' id='word_1_770' title='bbox 3534 4726 3828 4797; x_wconf 80' lang='lat' dir='ltr'>conjunge</span> 
     </span>
    </p>
   </div>
   <div class='ocr_carea' id='block_1_103' title="bbox 2159 4815 3827 4890">
    <p class='ocr_par' dir='ltr' id='par_1_103' title="bbox 2159 4815 3827 4890">
     <span class='ocr_line' id='line_1_103' title="bbox 2159 4815 3827 4890; baseline -0.001 -18"><span class='ocrx_word' id='word_1_771' title='bbox 2159 4817 2302 4890; x_wconf 67' lang='grc' dir='ltr'>ἐστι,</span> <span class='ocrx_word' id='word_1_772' title='bbox 2333 4824 2391 4875; x_wconf 90' lang='lat' dir='ltr'>et</span> <span class='ocrx_word' id='word_1_773' title='bbox 2416 4837 2549 4875; x_wconf 91' lang='lat' dir='ltr'>cum</span> <span class='ocrx_word' id='word_1_774' title='bbox 2579 4816 2630 4887; x_wconf 76' lang='grc' dir='ltr'>ἐξ</span> <span class='ocrx_word' id='word_1_775' title='bbox 2659 4819 2748 4888; x_wconf 72' lang='grc' dir='ltr'>ἧς,</span> <span class='ocrx_word' id='word_1_776' title='bbox 2781 4834 2852 4873; x_wconf 73' lang='lat' dir='ltr'>ea:</span> <span class='ocrx_word' id='word_1_777' title='bbox 2880 4834 3012 4889; x_wconf 86' lang='lat' dir='ltr'>qua,</span> <span class='ocrx_word' id='word_1_778' title='bbox 3034 4818 3327 4890; x_wconf 88' lang='lat' dir='ltr'>conjunge</span> <span class='ocrx_word' id='word_1_779' title='bbox 3348 4815 3827 4884; x_wconf 57' lang='grc' dir='ltr'>συντέτακταιβίδ-</span> 
     </span>
    </p>
   </div>
   <div class='ocr_carea' id='block_1_104' title="bbox 2165 4901 3826 4980">
    <p class='ocr_par' dir='ltr' id='par_1_104' title="bbox 2165 4901 3826 4980">
     <span class='ocr_line' id='line_1_104' title="bbox 2165 4901 3826 4980; baseline -0.005 -16"><span class='ocrx_word' id='word_1_780' title='bbox 2165 4911 2346 4980; x_wconf 74' lang='lat' dir='ltr'>posita</span> <span class='ocrx_word' id='word_1_781' title='bbox 2374 4912 2856 4980; x_wconf 81' lang='lat' dir='ltr'>sunt,atquecum</span> <span class='ocrx_word' id='word_1_782' title='bbox 2881 4902 2950 4959; x_wconf 84' lang='grc' dir='ltr'>δι’</span> <span class='ocrx_word' id='word_1_783' title='bbox 2973 4907 3167 4975; x_wconf 58' lang='grc' dir='ltr'>ἦςψεν</span> <span class='ocrx_word' id='word_1_784' title='bbox 3186 4909 3625 4977; x_wconf 88' lang='lat' dir='ltr'>quam,verbum</span> <span class='ocrx_word' id='word_1_785' title='bbox 3654 4901 3826 4975; x_wconf 72' lang='grc' dir='ltr'>μένει,</span> 
     </span>
    </p>
   </div>
   <div class='ocr_carea' id='block_1_105' title="bbox 2167 4993 3828 5068">
    <p class='ocr_par' dir='ltr' id='par_1_105' title="bbox 2167 4993 3828 5068">
     <span class='ocr_line' id='line_1_105' title="bbox 2167 4993 3828 5068; baseline -0.003 -14"><span class='ocrx_word' id='word_1_786' title='bbox 2167 5005 2484 5066; x_wconf 81' lang='lat' dir='ltr'>manent,ac</span> <span class='ocrx_word' id='word_1_787' title='bbox 2516 5013 2651 5052; x_wconf 89' lang='lat' dir='ltr'>cum</span> <span class='ocrx_word' id='word_1_788' title='bbox 2684 4994 2736 5049; x_wconf 74' lang='grc' dir='ltr'>ἐν</span> <span class='ocrx_word' id='word_1_789' title='bbox 2758 4996 2818 5065; x_wconf 76' lang='grc' dir='ltr'>ᾖ,</span> <span class='ocrx_word' id='word_1_790' title='bbox 2852 4995 2912 5050; x_wconf 78' lang='lat' dir='ltr'>in</span> <span class='ocrx_word' id='word_1_791' title='bbox 2935 4997 3311 5066; x_wconf 85' lang='lat' dir='ltr'>qua,verbum</span> <span class='ocrx_word' id='word_1_792' title='bbox 3346 4993 3628 5068; x_wconf 80' lang='grc' dir='ltr'>συνὲγεται</span> <span class='ocrx_word' id='word_1_793' title='bbox 3653 4996 3828 5050; x_wconf 77' lang='lat' dir='ltr'>conli-</span> 
     </span>
    </p>
   </div>
   <div class='ocr_carea' id='block_1_106' title="bbox 2168 5083 3826 5156">
    <p class='ocr_par' dir='ltr' id='par_1_106' title="bbox 2168 5083 3826 5156">
     <span class='ocr_line' id='line_1_106' title="bbox 2168 5083 3826 5156; baseline -0.001 -14"><span class='ocrx_word' id='word_1_794' title='bbox 2168 5101 2368 5142; x_wconf 76' lang='lat' dir='ltr'>nentur</span> <span class='ocrx_word' id='word_1_795' title='bbox 2398 5103 2498 5142; x_wconf 92' lang='lat' dir='ltr'>seu</span> <span class='ocrx_word' id='word_1_796' title='bbox 2531 5086 3006 5154; x_wconf 81' lang='lat' dir='ltr'>cus!odiuntur,et</span> <span class='ocrx_word' id='word_1_797' title='bbox 3027 5102 3160 5140; x_wconf 88' lang='lat' dir='ltr'>cum</span> <span class='ocrx_word' id='word_1_798' title='bbox 3190 5083 3266 5145; x_wconf 78' lang='grc' dir='ltr'>εἷς</span> <span class='ocrx_word' id='word_1_799' title='bbox 3295 5084 3386 5154; x_wconf 77' lang='grc' dir='ltr'>ἥν,</span> <span class='ocrx_word' id='word_1_800' title='bbox 3410 5085 3480 5140; x_wconf 82' lang='lat' dir='ltr'>ad</span> <span class='ocrx_word' id='word_1_801' title='bbox 3507 5100 3826 5156; x_wconf 86' lang='lat' dir='ltr'>quam,ver-</span> 
     </span>
    </p>
   </div>
   <div class='ocr_carea' id='block_1_107' title="bbox 2167 5173 3824 5252">
    <p class='ocr_par' dir='ltr' id='par_1_107' title="bbox 2167 5173 3824 5252">
     <span class='ocr_line' id='line_1_107' title="bbox 2167 5173 3824 5252; baseline -0.001 -21"><span class='ocrx_word' id='word_1_802' title='bbox 2167 5175 2307 5231; x_wconf 87' lang='lat' dir='ltr'>bum</span> <span class='ocrx_word' id='word_1_803' title='bbox 2331 5174 2728 5252; x_wconf 69' lang='grc' dir='ltr'>ἐπιστρέφεται,</span> <span class='ocrx_word' id='word_1_804' title='bbox 2760 5179 3186 5235; x_wconf 77' lang='lat' dir='ltr'>convertuntur;</span> <span class='ocrx_word' id='word_1_805' title='bbox 3203 5175 3498 5230; x_wconf 85' lang='lat' dir='ltr'>etsiPater</span> <span class='ocrx_word' id='word_1_806' title='bbox 3519 5173 3824 5246; x_wconf 85' lang='lat' dir='ltr'>sigillatim</span> 
     </span>
    </p>
   </div>
   <div class='ocr_carea' id='block_1_108' title="bbox 2167 5264 3824 5330">
    <p class='ocr_par' dir='ltr' id='par_1_108' title="bbox 2167 5264 3824 5330">
     <span class='ocr_line' id='line_1_108' title="bbox 2167 5264 3824 5330; baseline -0.001 -9"><span class='ocrx_word' id='word_1_807' title='bbox 2167 5270 2224 5321; x_wconf 87' lang='lat' dir='ltr'>et</span> <span class='ocrx_word' id='word_1_808' title='bbox 2248 5266 2424 5321; x_wconf 85' lang='lat' dir='ltr'>simul</span> <span class='ocrx_word' id='word_1_809' title='bbox 2444 5267 2613 5320; x_wconf 81' lang='lat' dir='ltr'>verba</span> <span class='ocrx_word' id='word_1_810' title='bbox 2627 5264 3010 5330; x_wconf 87' lang='lat' dir='ltr'>collocarit,et</span> <span class='ocrx_word' id='word_1_811' title='bbox 3029 5267 3216 5320; x_wconf 84' lang='lat' dir='ltr'>omnia</span> <span class='ocrx_word' id='word_1_812' title='bbox 3236 5265 3824 5320; x_wconf 84' lang='lat' dir='ltr'>subaudirivoluerit.</span> 
     </span>
    </p>
   </div>
   <div class='ocr_carea' id='block_1_109' title="bbox 2169 5355 3828 5428">
    <p class='ocr_par' dir='ltr' id='par_1_109' title="bbox 2169 5355 3828 5428">
     <span class='ocr_line' id='line_1_109' title="bbox 2169 5355 3828 5428; baseline -0.001 -15"><span class='ocrx_word' id='word_1_813' title='bbox 2169 5356 2343 5413; x_wconf 89' lang='lat' dir='ltr'>Porro</span> <span class='ocrx_word' id='word_1_814' title='bbox 2369 5361 2523 5413; x_wconf 86' lang='lat' dir='ltr'>recte</span> <span class='ocrx_word' id='word_1_815' title='bbox 2547 5356 2878 5428; x_wconf 79' lang='lat' dir='ltr'>dixit,quod</span> <span class='ocrx_word' id='word_1_816' title='bbox 2897 5355 2948 5411; x_wconf 89' lang='lat' dir='ltr'>si</span> <span class='ocrx_word' id='word_1_817' title='bbox 2970 5372 3154 5411; x_wconf 87' lang='lat' dir='ltr'>unum</span> <span class='ocrx_word' id='word_1_818' title='bbox 3168 5356 3615 5425; x_wconf 86' lang='lat' dir='ltr'>sustuleris,nec</span> <span class='ocrx_word' id='word_1_819' title='bbox 3641 5355 3828 5412; x_wconf 90' lang='lat' dir='ltr'>totali-</span> 
     </span>
    </p>
   </div>
   <div class='ocr_carea' id='block_1_110' title="bbox 1415 5555 2821 5618">
    <p class='ocr_par' dir='ltr' id='par_1_110' title="bbox 1415 5555 2821 5618">
     <span class='ocr_line' id='line_1_110' title="bbox 1415 5555 2821 5618; baseline 0.004 -8"><span class='ocrx_word' id='word_1_820' title='bbox 1415 5555 1657 5612; x_wconf 63' lang='lat' dir='ltr'>VARI.‘E</span> <span class='ocrx_word' id='word_1_821' title='bbox 1696 5557 2088 5616; x_wconf 83' lang='lat' dir='ltr'>LECTIONES</span> <span class='ocrx_word' id='word_1_822' title='bbox 2127 5561 2221 5617; x_wconf 88' lang='lat' dir='ltr'>ET</span> <span class='ocrx_word' id='word_1_823' title='bbox 2260 5561 2821 5618; x_wconf 77' lang='lat' dir='ltr'>CORRECTIONES.</span> 
     </span>
    </p>
   </div>
   <div class='ocr_carea' id='block_1_111' title="bbox 477 5703 2810 5788">
    <p class='ocr_par' dir='ltr' id='par_1_111' title="bbox 477 5703 2810 5788">
     <span class='ocr_line' id='line_1_111' title="bbox 477 5703 2810 5788; baseline 0.004 -28"><span class='ocrx_word' id='word_1_824' title='bbox 477 5709 524 5746; x_wconf 79' lang='grc'>¹⁹</span> <span class='ocrx_word' id='word_1_825' title='bbox 553 5727 644 5782; x_wconf 85' lang='grc' dir='ltr'>γρ.</span> <span class='ocrx_word' id='word_1_826' title='bbox 677 5703 978 5778; x_wconf 72' lang='grc' dir='ltr'>ἀλλήλοις.</span> <span class='ocrx_word' id='word_1_827' title='bbox 1056 5708 1104 5744; x_wconf 84' lang='grc'>²⁰</span> <span class='ocrx_word' id='word_1_828' title='bbox 1131 5725 1221 5782; x_wconf 86' lang='grc' dir='ltr'>γρ.</span> <span class='ocrx_word' id='word_1_829' title='bbox 1255 5705 1717 5785; x_wconf 72' lang='grc' dir='ltr'>συμφυλάττεται,</span> <span class='ocrx_word' id='word_1_830' title='bbox 1750 5708 1800 5764; x_wconf 80' lang='grc' dir='ltr'>ἐν</span> <span class='ocrx_word' id='word_1_831' title='bbox 1831 5710 1980 5783; x_wconf 80' lang='grc' dir='ltr'>αὐτῷ</span> <span class='ocrx_word' id='word_1_832' title='bbox 2007 5711 2108 5788; x_wconf 80' lang='grc' dir='ltr'>γάρ</span> <span class='ocrx_word' id='word_1_833' title='bbox 2143 5716 2349 5787; x_wconf 74' lang='grc' dir='ltr'>ζῶμενο</span> <span class='ocrx_word' id='word_1_834' title='bbox 2388 5714 2474 5768; x_wconf 81' lang='grc' dir='ltr'>καὶ</span> <span class='ocrx_word' id='word_1_835' title='bbox 2509 5715 2587 5784; x_wconf 78' lang='grc' dir='ltr'>τῷ</span> <span class='ocrx_word' id='word_1_836' title='bbox 2618 5711 2693 5774; x_wconf 70' lang='grc' dir='ltr'>εἷς</span> <span class='ocrx_word' id='word_1_837' title='bbox 2725 5713 2810 5782; x_wconf 74' lang='grc' dir='ltr'>ἣν.</span> 
     </span>
    </p>
   </div>
  </div>
