4108 6398
349 413 450 468 411

1176 407 1543 461 APPENDIX
1586 407 1682 460 AD
1719 405 1960 461 OPERA
1997 409 2056 462 8.
2097 406 2413 464 DIONYBII
2449 407 2944 466 AREOPAGITB.

3663 404 3774 458 412

345 544 456 606 tas,
491 553 597 593 nec
631 533 965 592 multesima
998 548 1156 606 pars,
1203 545 1308 588 nec
1337 531 1560 603 aliquid
1611 529 1770 586 aliud
1803 544 2004 588 eorum

2131 532 2208 585 ιιαί
2237 529 2437 604 τρίτον,
2471 533 2560 587 καὶ
2606 530 2848 605 δέκατον,
2909 530 3169 602 δηλονότι
3215 531 3306 585 καὶ
3353 530 3420 585 τὰ
3480 528 3644 605 μόρια
3671 533 3775 584 τοῦ

345 644 472 700 qua
505 629 646 682 sunt
677 625 790 680 erit
823 623 972 693 ;hoc
1003 621 1163 677 enim
1195 626 1369 677 antea
1397 619 1724 676 insinuavit
1753 636 1888 676 cum
1914 621 2007 676 di-

346 717 515 783 xerit,
548 723 606 770 et
635 714 954 770 dimidium
987 715 1268 781 unum,et
1297 709 1472 765 tertia
1501 713 1750 781 pars,_et
1779 709 2006 766 decima

348 821 558 873 unum,
592 803 817 860 cilicet
845 801 1022 858 etlam
1051 803 1244 872 partes
1277 815 1459 854 unum
1489 797 1865 870 participant.

421 894 692 950 Omnium
720 907 895 946 unum
925 887 1066 960 quod
1095 892 1173 943 est
1191 886 1522 942 causa.Non
1555 884 1824 942 absolute
1845 885 2008 942 omni

349 999 470 1040 uno
501 981 703 1039 omnia
730 979 1139 1047 constiterunt,
1163 977 1265 1031 sed
1295 974 1396 1032 illo
1423 974 1550 1031 solo
1608 991 1746 1044 uno,
1795 989 2004 1030 secun-

347 1075 488 1128 dum
512 1071 668 1142 quod
699 1067 1068 1134 unum,Deus
1085 1071 1311 1121 etunus
1329 1070 1386 1120 et
1417 1081 1602 1120 unum
1631 1064 2004 1134 nominatur;

348 1163 473 1218 solo
503 1159 798 1226 enim,hoc
831 1171 945 1212 uno
981 1172 1071 1212 res
1102 1154 1416 1210 exsistunt.
1452 1154 1560 1219 Qui
1619 1153 1775 1208 enim
1811 1153 2007 1224 ipsum

348 1268 560 1308 nomen
593 1265 767 1305 unum
796 1246 1269 1318 dicitnegatione
1302 1243 1765 1316 multiplicitatis
1785 1243 1896 1299 hoc
1928 1245 2009 1298 si-

346 1341 625 1414 gniﬁcat;
659 1336 942 1394 nimirum
978 1351 1164 1391 unum
1192 1335 1389 1407 ipsum
1423 1333 2008 1406 principium,etpri-

348 1445 512 1486 mum
543 1433 631 1485 est
661 1427 863 1497 alicui,
901 1430 966 1482 ut
995 1426 1292 1497 quomodo
1323 1423 1588 1493 exsistat,
1624 1439 1759 1478 nam
1792 1421 2008 1478 multo-

348 1536 479 1576 rum
510 1535 640 1591 quaa
666 1534 736 1574 ex
792 1533 859 1573 eo
914 1516 1243 1588 procedunt
1298 1513 1710 1585 cogitationem
1759 1511 2006 1567 inducit-

348 1612 477 1666 Hasc
509 1623 640 1664 vero
685 1605 930 1662 minime
989 1605 1106 1662 Deo
1165 1604 1542 1660 conveniunt.
1602 1609 1778 1658 Porro
1835 1616 2010 1658 unum

346 1700 501 1772 quod
533 1697 726 1754 solum
756 1694 896 1765 tale,
937 1709 1182 1767 prorsus
1211 1698 1302 1750 est
1361 1692 1688 1749 affectionis
1718 1708 1822 1748 seu
1871 1707 2007 1764 pas-

345 1789 532 1845 sionis
548 1801 778 1858 expers,
809 1789 868 1841 et
897 1783 1302 1851 individuum,
1345 1797 1412 1837 ac
1443 1798 1546 1854 per
1593 1797 1656 1837 se
1705 1781 2009 1837 sufﬁcien-

345 1877 651 1933 tissimum
679 1900 692 1943 ;
719 1890 910 1945 neque
929 1873 1088 1928 enim
1103 1871 1229 1927 vult
1259 1870 1425 1927 alteri
1457 1871 1517 1925 in
1548 1875 1761 1926 natura
1780 1885 2006 1925 unacc-

348 1965 726 2039 pulari,sicut
747 1977 936 2019 unum
968 1961 1029 2016 in
1062 1960 1366 2026 numeris;
1401 1960 1556 2030 quod
1588 1959 1745 2014 enim
1777 1959 2009 2031 proprie

348 2057 624 2122 unum,et
653 2055 787 2107 ante
817 2065 993 2106 omne
1026 2064 1234 2120 unum,
1269 2047 1501 2120 repellit
1542 2047 2009 2115 multitudinem,

346 2159 698 2215 omnemque
725 2141 1214 2214 compositionem
1233 2139 1651 2196 etdivisionem
1675 2159 1689 2207 ;
1713 2139 2008 2210 siquidem

349 2233 462 2289 hoc
493 2248 682 2304 neque
711 2245 979 2303 parvum,
1014 2244 1206 2300 neque
1236 2228 1530 2284 mediocre
1573 2232 1836 2295 vocatur,
1868 2226 2010 2298 quin

350 2321 401 2379 si
432 2321 577 2393 quid
610 2320 1178 2389 audendum,neque
1197 2317 1516 2389 pulchrum
1539 2332 1730 2389 neque
1749 2317 2007 2372 bonum:

349 2413 441 2468 hae
469 2411 627 2468 enim
661 2409 1022 2478 affectiones,
1058 2407 1209 2463 sicut
1263 2407 1435 2462 etiam
1473 2411 1614 2462 sunt
1670 2406 1908 2462 habitus
1955 2408 2012 2461 et

355 2501 712 2569 accidentia;
745 2499 944 2571 ipsum
967 2514 1101 2554 vero
1133 2514 1318 2553 unum
1339 2514 1520 2570 supra
1551 2498 1749 2553 omnia
1778 2512 2011 2568 quoque

351 2590 734 2662 intelligitur;
764 2588 1101 2646 affectiones
1121 2603 1258 2643 vero
1282 2593 1347 2643 ut
1373 2593 1702 2660 parvum,et
1722 2586 2011 2642 mediocre

352 2695 488 2736 cum
519 2679 631 2735 alio
662 2693 895 2750 quoque
927 2676 1463 2744 considerantur,et
1493 2677 1620 2732 ideo
1651 2692 1842 2747 neque
1864 2677 2013 2732 sim-

352 2769 751 2841 plices,r.eque
774 2766 1333 2836 elementares.Ergo
1366 2765 1749 2835 unum,sicut
1779 2767 2007 2821 dictum

353 2859 622 2930 est.quod
655 2856 907 2928 simplex
935 2861 992 2911 et
1020 2855 1148 2911 sine
1177 2854 1754 2923 ati'ectione,minime
1784 2855 2012 2910 habens

354 2965 424 3006 ea
455 2965 580 3019 quae
611 2950 768 3005 dicta
798 2952 960 3014 sunt,
990 2961 1179 3018 neque
1234 2951 1521 3018 tanquam
1581 2961 1768 3017 genus
1814 2961 2008 3002 rerum

358 3039 696 3110 ponendum
724 3056 737 3105 ;
762 3053 977 3107 genera
990 3037 1147 3092 enim
1180 3036 1422 3092 omnino
1446 3034 2011 3106 dividunturinspe-

355 3127 498 3193 cies,
529 3126 680 3183 228
713 3127 814 3182 sed
849 3141 1039 3197 neque
1085 3129 1366 3196 punctum
1402 3129 1506 3179 aut
1536 3125 1847 3180 monadem
1881 3140 2014 3196 pro-

355 3218 482 3290 prie
512 3217 775 3285 habens;
808 3216 910 3271 illa
961 3216 1118 3272 enim
1150 3216 1575 3272 connexionem
1629 3215 1847 3271 habent
1875 3231 2009 3272 cum

2117 621 2234 685 ἑνὸς
2267 623 2583 698 μετέχουσι.

2189 889 2262 946 Τὸ
2321 890 2532 945 πάντων
2586 889 2758 945 α’ίτιον
2819 888 2895 947 ἓν.
2953 892 3066 946 Οὐκ
3121 890 3414 952 ἀπολύτως
3474 891 3551 944 ἒνὶ
3610 891 3780 944 παντὶ

2116 982 2181 1035 τὰ
2237 980 2407 1036 πάντα
2465 980 2827 1052 συνέστηκεν,
2889 981 3014 1036 ἀλλ’
3070 983 3259 1054 ἐκείνῳ
3323 981 3473 1054 μόνῳ
3529 985 3607 1052 τῷ
3668 979 3779 1048 ivi,

2117 1071 2232 1125 καθ’
2263 1071 2291 1124 ὃ
2340 1069 2416 1141 ἓν,
2470 1072 2497 1124 6
2528 1072 2658 1126 Θεὸς
2711 1071 2799 1126 καὶ
2833 1074 2934 1140 εἷς,
2985 1071 3074 1126 καὶ
3120 1068 3173 1126 ἓν
3208 1071 3555 1143 ὀνομάζεται·
3586 1071 3777 1142 τούτῳ

2115 1162 2214 1236 γὰρ
2243 1160 2393 1232 μόνῳ
2421 1165 2500 1232 τῷ
2559 1162 2636 1214 ένὶ
2691 1163 2755 1214 τὰ
2799 1156 2928 1216 ὄντα
2975 1157 3143 1215 έστίν·
3192 1157 3320 1215 αὐτὸ
3349 1161 3452 1235 γὰρ
3482 1159 3546 1213 τὸ
3598 1155 3783 1231 ὄνομα

2115 1251 2177 1304 τὸ
2206 1247 2259 1304 ἓν
2293 1251 2320 1303 6
2354 1249 2527 1323 λέγων
2574 1250 2711 1304 κατᾶ
2741 1250 3009 1324 ἀπόφασιν
3068 1255 3165 1305 τοῦ
3224 1247 3557 1305 πολλαπλοῦ
3607 1252 3780 1302 τοῦτο

2119 1340 2397 1411 σημαίνει·
2427 1339 2489 1393 τὸ
2523 1340 2708 1410 μέντοι
2757 1336 2811 1394 ἓν
2863 1340 3148 1414 αὐτοαρχή
3182 1340 3271 1393 καὶ
3302 1337 3520 1413 πρῶτον
3553 1337 3666 1392 ἐστι
3693 1342 3783 1408 τῷ

2117 1427 2251 1502 πρός
2281 1427 2332 1481 τί
2363 1448 2478 1488 πως
2510 1423 2678 1503 ἔχειν·
2714 1429 2822 1482 τῶν
2850 1428 2948 1503 γὰρ
2991 1427 3042 1498 ἐξ
3074 1429 3242 1483 αὐτοῦ
3290 1425 3518 1482 πολλων
3571 1424 3779 1480 ἔννοιαν

2119 1516 2342 1592 εἰσάγει.
2391 1522 2568 1571 Ταῦτα
2614 1515 2671 1571 δὲ
2716 1517 2815 1571 οὐκ
2864 1515 3270 1588 ἐπιτήδειαὲπί
3315 1521 3470 1571 Θεοῦ·
3526 1519 3788 1570 τοιοῦτον

2119 1604 2176 1661 δὲ
2206 1606 2264 1661 ὃν
2319 1607 2484 1679 μόνον
2514 1607 2576 1661 τὸ
2616 1604 2689 1676 ἓν,
2740 1607 3024 1670 παντελῶς
3053 1607 3275 1674 ἀπαθὲς,
3322 1606 3412 1660 καὶ
3444 1603 3783 1680 ἀδιαίρετον,

2117 1695 2208 1750 καὶ
2258 1695 2686 1770 αὐταρκέστατον
2735 1696 2867 1751 ἐστι·
2921 1696 3055 1750 κατὰ
3110 1697 3216 1771 γὰρ
3267 1697 3368 1764 τήν
3400 1693 3566 1749 αὐτοῦ
3612 1693 3783 1771 φύσιν

2118 1782 2284 1860 ἑτέρῳ
2338 1783 2742 1856 συμπλέκεσθαι
2801 1785 2864 1840 οὗ
2921 1785 3178 1860 πέφυκεν,
3227 1784 3408 1860 ὥσπερ
3454 1785 3517 1838 τὸ
3549 1781 3601 1838 ἐν
3660 1783 3784 1857 ἀρι-

2120 1879 2282 1947 θμοῖς
2314 1872 2390 1928 ἓν·
2423 1875 2720 1937 ἀπωθεῖται
2751 1877 2850 1950 γὰρ
2880 1876 2942 1929 τὸ
2982 1873 3218 1944 πλῆθος,
3270 1875 3359 1929 καὶ
3413 1879 3583 1928 πᾶσαν
3646 1871 3781 1926 σύν-

2119 1975 2284 2031 θεσιν,
2354 1963 2442 2018 καὶ
2507 1960 2769 2038 διαίρεσιν
2835 1959 2966 2018 αὐτὸ
3021 1965 3083 2018 τὸ
3134 1965 3340 2039 κυρίως
3390 1962 3468 2032 ἓν,
3525 1964 3615 2017 καὶ
3667 1964 3780 2036 πρὸ

2118 2053 2315 2114 παντὸς
2350 2051 2486 2114 ένὸς.
2538 2057 2708 2108 Τοῦτο
2755 2053 2855 2128 γὰρ
2915 2051 3039 2108 οὔτε
3091 2054 3302 2128 μικρὸν,
3365 2051 3489 2107 οὔτε
3550 2051 3778 2126 μέτριον

2117 2142 2386 2198 καλεῖται·
2439 2143 2484 2196 εί
2535 2140 2591 2197 δὲ
2635 2140 2718 2197 δεῖ
2763 2142 2853 2198 καὶ
2887 2143 3190 2216 τολμῆσαι,
3225 2139 3348 2198 οὔτε
3399 2141 3589 2198 καλὸν.
3652 2138 3782 2196 οὔτε

2120 2233 2337 2308 ἀγαθόν·
2369 2235 2536 2286 ταῦτα
2581 2231 2683 2308 γὰρ
2716 2231 2860 2302 πάθη
2893 2253 3035 2304 πως,
3097 2233 3213 2287 οἷόν
3274 2231 3381 2286 siet
3438 2231 3527 2285 καί
3557 2230 3782 2306 σχέσεις

2119 2321 2208 2375 καὶ
2267 2315 2672 2394 συμϐεϐηκότα.
2724 2319 2868 2378 Αὐτὸ
2927 2317 2983 2376 δὲ
3037 2323 3099 2376 τὸ
3155 2317 3208 2376 ἓν
3268 2321 3356 2375 καὶ
3410 2319 3541 2394 ὑπὲρ
3602 2322 3787 2374 πάντα

2119 2415 2343 2465 νοεῖται·
2375 2412 2441 2464 τὰ
2473 2406 2530 2463 δὲ
2558 2409 2728 2479 πάθη,
2763 2410 2839 2471 ὡς
2868 2410 2930 2464 τὸ
2984 2411 3200 2484 μικρὸν,
3245 2411 3333 2464 καὶ
3387 2410 3628 2484 μέτριον,
3691 2409 3787 2462 καὶ

2122 2500 2216 2554 σὺν
2260 2497 2420 2570 ἄλλῳ
2471 2501 2749 2570 νοοῦντας,
2789 2497 2882 2552 καὶ
2939 2497 3062 2553 οὔτε
3109 2497 3258 2552 ἁπλᾶ
3292 2496 3380 2553 διὰ
3407 2502 3592 2563 τοῦτο,
3657 2494 3788 2552 οὔτε

2121 2585 2475 2662 στοιχειώδη.
2512 2588 2590 2644 Τὸ
2627 2585 2682 2641 ἓν
2733 2588 2846 2656 οὖν,
2897 2588 2970 2649 ὡς
3010 2586 3243 2662 εἴρηται,
3278 2585 3410 2661 ὅπερ
3442 2583 3651 2640 ἁπλοῦν
3686 2587 3782 2639 καὶ

2119 2677 2344 2746 ἀπαθές,
2377 2677 2452 2748 μὴ
2495 2670 2623 2751 ἔχον
2654 2676 2722 2730 τὰ
2773 2675 3061 2752 λεχθέντα,
3110 2675 3232 2731 οὔτε
3277 2674 3351 2737 ὡς
3410 2676 3562 2749 γένος
3594 2676 3778 2729 θετέον

2118 2771 2224 2821 τῶν
2279 2763 2485 2822 ὄντων·
2539 2767 2608 2821 τὰ
2665 2763 2724 2820 δὲ
2779 2767 2908 2841 γένη
2959 2768 3171 2827 πάντως
3231 2763 3518 2840 διαιρεῖται
3581 2763 3655 2826 εἰς
3715 2765 3785 2818 τὰ

2122 2853 2263 2926 εἷ’δη,
2294 2853 2420 2909 ἀλλ’
2455 2853 2579 2910 οὔτε
2607 2855 2866 2929 στιγμήν,
2900 2856 2935 2924 ἢ
2974 2853 3180 2927 μονάδα
3209 2854 3430 2929 κυρίως·
3458 2854 3641 2929 σχέσιν
3673 2853 3779 2928 γὰρ

2121 2941 2238 3019 ἔχει
2286 2948 2454 2998 ταῦτα
2506 2944 2642 3020 πρὸς
2699 2943 2765 2998 τὰ
2805 2943 3016 3022 ἐφεξῆς.
3045 2946 3121 3002 Τὸ
3154 2940 3211 2999 δέ
3269 2943 3409 2998 ἐστιν
3464 2942 3777 2997 ἁπλούστα-

2119 3053 2236 3100 τον,
2267 3033 2356 3086 καὶ
2390 3029 2513 3087 οὔτε
2571 3032 2692 3105 μίαν
2745 3031 3006 3110 διαφορὰν
3059 3032 3210 3108 ἔχον·
3263 3031 3386 3087 οὔτε
3410 3032 3511 3108 γὰρ
3567 3029 3776 3100 κίνησίν

2121 3139 2268 3192 τινα,
2297 3123 2386 3176 καὶ
2445 3119 2651 3189 στάσιν,
2709 3123 2822 3177 οἷον
2867 3121 3101 3197 ἠρεμίαν
3154 3119 3290 3197 ἔχει·
3348 3119 3474 3176 ἀλλ’
3535 3118 3660 3174 οὔτε
3717 3119 3774 3172 ὃν

2127 3209 2304 3276 θετέον
2333 3210 2464 3265 αὐτὸ
2491 3211 2556 3266 τὸ
2583 3207 2662 3282 ἓν,
2697 3209 2842 3265 ἀλλὰ
2874 3211 3052 3287 ἀρχὴν
3097 3207 3248 3272 ὄντος
3277 3211 3367 3266 καὶ
3398 3209 3633 3285 σπέρμα.
3696 3207 3788 3280 Τῷ

353 3283 768 3378 sequentibus.
791 3309 913 3362 Hoc
944 3308 1143 3361 autem
1203 3309 1294 3361 est
1341 3304 1861 3376 simplicissimum
1910 3320 2015 3361 nec

2131 3299 2186 3357 δὲ
2217 3297 2330 3356 ὄντι
2364 3300 2579 3371 πλῆθος
2611 3301 2661 3371 ἐξ
2694 3283 3300 3376 ἀνάγκης-παρέπεται,
3347 3306 3428 3372 τῷ
3470 3283 3671 3370 ττλτςθει
3721 3298 3785 3352 τὸ

353 3395 537 3451 ullam
567 3395 960 3452 differentiam
993 3394 1209 3462 habet;
1272 3410 1464 3466 neque
1505 3395 1660 3451 enim
1693 3394 2012 3451 motionem

353 3485 697 3556 quamdam,
731 3501 833 3539 seu
864 3483 1183 3539 stationem
1216 3487 1273 3538 et
1299 3483 1554 3554 quietem
1586 3483 1762 3539 habet
1785 3500 2015 3540 :verum

352 3589 546 3644 neque
577 3572 963 3628 statuendum
994 3574 1090 3627 est
1121 3587 1310 3627 unum
1343 3587 1473 3627 esse
1502 3572 1560 3626 id
1593 3573 1751 3643 quod
1782 3577 1893 3639 est,
1915 3572 2017 3627 sed

359 3661 719 3733 principium
752 3666 1021 3715 etsemen
1041 3661 1172 3730 ejus
1203 3661 1357 3731 quod
1391 3665 1481 3715 est
1503 3680 1517 3727 ;
1541 3677 1676 3715 nam
1699 3661 2020 3716 multitudo

359 3748 693 3804 necessario
726 3764 913 3802 unum
973 3747 1267 3819 sequitur,
1319 3746 1687 3802 multitudini
1739 3749 1893 3818 quod
1934 3752 2026 3803 est

364 3836 644 3905 adhaeret,
680 3837 836 3907 quod
870 3851 1012 3891 sane
1043 3835 1102 3890 in
1135 3840 1248 3890 Deo
1281 3851 1395 3890 non
1431 3836 1530 3890 ﬁt:
1565 3852 1701 3891 nam
1723 3834 1786 3888 τὸ
1809 3830 1866 3886 ὅν
1881 3835 2026 3906 quod

360 3935 440 3982 est
470 3923 648 3996 οὐσία,
680 3928 917 3982 essentia
946 3929 1054 3996 est,
1076 3943 1108 3982 a
1138 3925 1316 3981 verbo
1347 3924 1485 3978 εἶναι
1515 3940 1661 3987 esse;
1694 3929 1848 3980 Deus
1867 3941 2024 3994 vero,

361 4021 421 4072 et
441 4032 624 4086 supra
661 4016 1065 4086 essentiam,et
1096 4031 1280 4087 supra
1307 4015 1366 4070 id
1400 4015 1557 4086 quod
1583 4018 1691 4082 est,
1724 4018 1783 4070 et
1813 4012 2024 4082 ἑνικῶς,

363 4107 731 4177 singulariter
757 4123 860 4179 pro
889 4105 1102 4162 eximie
1133 4110 1189 4162 et
1219 4106 1347 4161 sine
1390 4105 1721 4160 imitatione
1759 4121 1938 4176 supra
1965 4104 2025 4159 id

372 4196 529 4266 quod
558 4200 666 4252 est.
709 4201 862 4252 Deus
888 4195 1046 4252 enim
1064 4194 1288 4264 omnia,
1321 4197 1379 4249 et
1417 4209 1596 4264 super
1626 4193 1846 4248 omnia.
1879 4195 2024 4249 Cum

367 4285 705 4340 mirandum
733 4284 793 4338 in
816 4285 1057 4339 modum
1088 4285 1159 4338 de
1189 4287 1404 4339 natura
1429 4298 1810 4338 numerorum
1836 4281 2024 4338 disse-

2125 3391 2183 3448 ’ὸν
2229 3392 2602 3468 προσγίνεται,
2645 3389 2778 3467 ὅπερ
2811 3387 2908 3445 οὐκ
2938 3386 3079 3446 ἔστιν
3106 3390 3194 3445 ἐπὶ
3227 3391 3380 3446 Θεοῦ.
3430 3392 3500 3444 Τὸ
3555 3390 3660 3464 γὰρ
3722 3385 3782 3442 ὃν

2129 3479 2285 3536 ουσία
2334 3479 2494 3549 ἐστὲν,
2551 3479 2657 3534 ἀπὸ
2700 3484 2797 3534 τοῦ
2843 3482 2997 3536 εἶναι.
3044 3481 3107 3536 Ὁ
3155 3478 3212 3534 δὲ
3236 3481 3365 3541 Θεὸς
3406 3477 3497 3534 καὶ
3556 3477 3794 3552 ὑπερού-

2130 3587 2269 3640 σιος,
2321 3571 2409 3625 καὶ
2457 3570 2587 3645 ὑπὶρ
2645 3569 2708 3624 τὸ
2756 3570 2838 3638 ὃν,
2871 3569 2960 3623 καὶ
2993 3569 3182 3631 ἑνικῶς
3212 3569 3329 3624 ἀντὶ
3358 3572 3453 3622 τοῦ
3499 3566 3795 3641 ἐξαιρέτως

2129 3659 2218 3714 καὶ
2269 3661 2564 3731 ἀμιμήτως
2616 3659 2749 3734 ὑπὲρ
2807 3659 2869 3713 τὸ
2925 3658 3004 3712 ’ὀνο
3063 3659 3092 3712 6
3149 3657 3248 3732 γὰρ
3309 3659 3438 3720 Θεὸς
3488 3656 3555 3711 τὰ
3612 3657 3790 3710 πάντα

2132 3747 2242 3802 ἐστὶ
2293 3748 2382 3801 καὶ
2419 3746 2550 3821 ὑπὲρ
2596 3749 2787 3804 πάντα.
2841 3747 3165 3821 Θαυμασίως
3226 3745 3317 3801 οὖν
3369 3748 3436 3802 τὰ
3483 3746 3606 3820 περί
3665 3745 3789 3820 ἀρι-

2135 3841 2286 3907 θμῶν
2336 3834 2771 3912 φυσιολογήσας.
2824 3833 2932 3893 Κᾶν
2985 3837 3161 3912 τριὰς,
3213 3835 3422 3911 ἐπάγει,
3470 3833 3566 3888 κᾶν
3623 3835 3796 3906 μονὰς

2139 3924 2387 3998 ὑμνεῖται
2435 3927 2470 3994 ἡ
2520 3924 2654 4000 ὑπὲρ
2685 3925 2858 3980 πάντα
2887 3925 3109 3995 Θεό-της,
3142 3922 3265 3980 οὕτε
3311 3925 3463 3998 τριὰς
3516 3922 3639 3978 οὔτε
3691 3941 3796 3995 μο-

2135 4015 2227 4076 νάς
2256 4012 2420 4086 ἐστιν,
2469 4017 2503 4084 ἡ
2553 4016 2680 4090 παρ’
2711 4018 2873 4088 ἡμῶν
2904 4013 2973 4069 δι’
3021 4013 3268 4089 ἀριθμῷν
3321 4001 3730 4089 γνωριζίμένη,
3761 4012 3796 4080 ἢ

2136 4104 2263 4176 παρ’
2321 4105 2525 4176 ἑτέρου·
2595 4102 2722 4159 ἀλλ’
2786 4105 2920 4178 ὑπὲρ
2990 4104 3164 4158 πάντα
3210 4106 3336 4158 νοῦν
3391 4105 3478 4156 καὶ
3536 4099 3647 4157 ἔστι
3703 4101 3801 4156 καὶ

2142 4193 2466 4265 ὀνομάζεται
2496 4193 2522 4247 6
2551 4195 2702 4254 Θεόςο
2739 4191 2828 4247 διὰ
2856 4193 2956 4269 γὰρ
2987 4197 3083 4247 τοῦ
3117 4191 3283 4247 εἰπεῖν
3331 4191 3463 4267 ὅπερ
3513 4188 3612 4246 οὕκ
3661 4187 3800 4258 ἔστι,

2135 4286 2367 4354 νοοῦμεν
2399 4280 2428 4336 ὅ
2458 4281 2509 4336 τί
2542 4280 2682 4336 ἐστιν
2717 4283 2744 4336 ὁ
2773 4282 2926 4342 Θεὸς.

367 4374 607 4443 ruisset,
641 4373 806 4428 addit
841 4391 852 4428 :
889 4373 1008 4428 Etsi
1041 4373 1320 4444 Trinitas,
1349 4371 1459 4428 etsi
1491 4371 1687 4427 unitas
1717 4371 1990 4427 laudetur
2021 4389 2151 4444 quae
2183 4388 2364 4445 supra
2388 4369 2587 4428 omnia
2608 4373 2819 4442 deitas,
2843 4387 3034 4444 neque
3063 4373 3348 4440 Trinitas,
3377 4383 3566 4444 neque
3597 4369 3806 4427 unitas

366 4469 476 4534 est,
507 4480 635 4535 quas
667 4480 700 4518 a
729 4462 900 4520 nobis
931 4463 992 4518 in
1023 4463 1284 4519 numeris
1315 4461 1680 4534 agnoscitur,
1699 4466 1801 4517 aut
1831 4462 1902 4518 ab
1923 4461 2037 4518 alio
2064 4478 2201 4528 ;seu
2236 4479 2416 4534 supra
2447 4478 2680 4519 omnem
2713 4466 2972 4518 mentem
3007 4467 3118 4530 est,
3144 4467 3202 4518 et
3232 4462 3573 4517 nominatur
3602 4460 3762 4516 Deus
3790 4462 3804 4511 ς

370 4553 615 4609 dicendo
637 4553 795 4610 enim
829 4553 987 4624 quod
1011 4570 1126 4608 non
1158 4557 1268 4620 est,
1296 4550 1688 4622 intelligimus
1728 4551 1868 4622 quid
1903 4552 1980 4607 sit
2009 4551 2185 4608 Deus.

443 4661 614 4731 Atque
641 4676 817 4715 unum
871 4660 1051 4732 ipsum
1109 4657 1260 4731 quod
1317 4663 1394 4714 est
1425 4658 1779 4713 determinat.
1841 4657 2015 4714 Deum

2208 4657 2312 4712 Καὶ
2347 4657 2476 4712 αὐτὸ
2533 4659 2595 4713 τὸ
2643 4655 2696 4712 ’ἐν
2745 4657 2802 4712 ὃν
2857 4657 3063 4731 ὁρίζον.
3111 4659 3236 4714 Ὅτι
3284 4657 3374 4711 καὶ
3422 4655 3556 4728 ὑπὲρ
3587 4655 3647 4709 τὸ
3678 4656 3738 4708 ’ὸν
3776 4656 3805 4708 ὁ

372 4767 502 4808 esse
533 4767 714 4822 supra
743 4751 800 4806 id
833 4751 989 4823 quod
1020 4755 1129 4814 est,
1153 4765 1287 4805 cum
1323 4748 1399 4804 sit
1421 4747 2030 4822 omnia,atqueipsius

372 4839 603 4897 numeri
635 4841 907 4896 conditor
938 4844 996 4894 et
1025 4839 1392 4894 adinventor.

442 4931 523 4985 Ad
576 4945 874 4985 numerum
927 4932 1159 5000 spectat,
1217 4923 1504 5000 ἐνάριθμόν
1563 4925 1695 4983 ἐστι.
1743 4927 1890 4984 Nota
1919 4924 2030 4982 ἐνᾶ-

373 5018 564 5090 ριθμον
601 5015 1134 5073 manifestatlonem
1193 5014 1425 5070 numeri
1485 5015 1856 5087 significare;
1897 5032 2031 5088 ergo

375 5121 560 5161 unum
593 5107 652 5161 in
686 5105 956 5174 rebus,id
989 5108 1077 5159 est
1107 5105 1165 5159 in
1199 5103 1485 5159 creaturis
1514 5105 1795 5176 positum,
1830 5121 2035 5162 secun-

376 5195 517 5249 dum
544 5195 772 5250 numeri
795 5196 1143 5264 conceptum
1176 5206 1279 5247 seu
1313 5193 1598 5249 rationem
1629 5195 1888 5264 ponitur.

447 5303 563 5357 Non
595 5306 670 5358 est
702 5301 908 5357 unitas.
941 5299 1071 5355 Noli
1103 5298 1452 5372 simpliciter
1509 5317 1614 5357 seu
1656 5301 2036 5374 singulariter

377 5390 605 5460 audire,
663 5389 808 5446 illud
853 5406 966 5447 non
1021 5397 1099 5446 est
1149 5391 1334 5446 unitas
1387 5406 1561 5461 neque
1612 5391 1872 5453 trinitas;
1930 5393 2031 5448 sed

375 5481 539 5538 illius
561 5499 676 5536 non
735 5487 814 5537 est
869 5487 1143 5538 construe
1199 5497 1334 5537 cum
1369 5477 1732 5554 διεγνωσμένη
1778 5484 2034 5553 cognita;

376 5587 570 5627 sermo
602 5572 762 5628 enim
816 5589 932 5628 non
992 5571 1118 5627 vult
1179 5571 1578 5627 condemnare
1633 5587 1760 5643 quas
1820 5569 1903 5627 ita
1933 5587 2034 5644 pro

383 5662 650 5719 confesso
684 5662 997 5733 habentur,
1028 5663 1129 5718 sed
1163 5661 1347 5717 Deum
1399 5677 1530 5718 esse
1565 5660 2035 5732 investigabilem

383 5751 570 5807 docet.

2141 4747 2292 4816 Θεὸς,
2328 4746 2402 4808 ὡς
2431 4747 2605 4801 πάντα
2627 4743 2913 4821 ὑπάρχων,
2939 4745 3030 4801 καὶ
3061 4743 3222 4809 αὐτὸς
3250 4747 3345 4800 τοῦ
3369 4741 3607 4820 ἀριθμοῦ
3632 4761 3803 4812 ποιη-

2138 4836 2237 4904 τὴς
2269 4837 2358 4891 καὶ
2389 4834 2678 4914 έφευρετὴς
2709 4835 2998 4911 ὗπάρχων.

2213 4925 2537 5002 Ἐνάριομόν
2592 4923 2724 4982 έστι.
2785 4923 3102 4999 Σημείωσαι
3183 4925 3266 4980 ὅτι
3337 4925 3400 4978 τὸ
3479 4919 3801 4997 ἐνάριθμον,

2141 5014 2379 5090 ἀριθμοῦ
2427 5011 2668 5084 δήλωσιν
2719 5013 3005 5087 σημαίνει·
3060 5007 3146 5068 ἐπὶ
3211 5018 3318 5068 τῶν
3393 5007 3564 5067 ὅντων
3618 5010 3804 5066 τοίνυν

2139 5103 2383 5160 τουτέστι
2445 5107 2552 5159 τῶν
2608 5104 2919 5177 κτισμάτων
2952 5149 2966 5176 ,
3038 5105 3100 5158 τὸ
3151 5097 3207 5158 ἓν
3267 5099 3610 5176 ἐντιθέμενον
3666 5102 3807 5156 κατὰ

2144 5195 2381 5270 ἀριθμοῦ
2411 5187 2621 5248 ἔννοιαν
2653 5195 2882 5258 τίθεται.

2214 5298 2323 5355 Οὐκ
2386 5297 2526 5356 ἔστιν
2598 5298 2723 5355 οὐδὲ
2774 5300 2963 5373 μονάς.
3033 5299 3126 5371 Μὴ
3174 5298 3367 5362 ἀπλῶς
3414 5300 3474 5353 τὸ
3533 5299 3634 5352 οὐκ
3692 5294 3806 5352 ἔστι

2149 5389 2340 5464 μονᾶς,
2397 5387 2522 5445 οὐδὲ
2550 5389 2702 5466 τριὰς
2737 5388 3047 5464 έξακούσῃς,
3081 5385 3230 5444 ἀλλά
3287 5389 3423 5464 πρὸς
3451 5389 3534 5457 τὸ,
3577 5385 3805 5462 διεγνωο

2147 5481 2345 5552 σμένη,
2378 5479 2632 5550 σύνταξον
2659 5479 2721 5533 τὸ
2753 5479 2852 5534 οὐκ
2883 5477 3044 5535 ἔστιν·
3084 5478 3144 5534 οὐ
3179 5480 3283 5555 γὰρ
3332 5477 3537 5532 ἀνελεῖν
3585 5477 3654 5531 τὰ
3703 5480 3806 5545 τῆς

2145 5565 2404 5640 τοιαύτης
2455 5565 2778 5645 ὁμολογίας,
2811 5566 2958 5624 ἀλλὰ
2984 5571 3048 5624 τὸ
3075 5567 3484 5642 ἀνεξιχνίαστον
3545 5568 3572 5620 ὁ
3634 5563 3806 5638 λόγος

2148 5656 2353 5731 διδάξαι
2390 5658 2668 5736 βούλεται.
