4108 6400
321 433 448 489 413

1107 433 1166 486 S.
1207 430 1482 486 MAXIM!
1517 430 1827 485 SCHOLIA
1865 429 1939 483 IN
1979 428 2120 482 LIB.~
2152 430 2250 482 DE
2287 430 2562 485 DIVINIS
2600 427 3013 487 NOMINIBUS.

3672 437 3780 490 414

412 557 520 611 Καὶ
575 555 638 611 τὸ
693 553 950 629 θεογόνον
1007 553 1256 623 ἀληθῶς.
1288 553 1363 610 Τὸ
1405 551 1656 626 θεογόνον
1717 549 1852 625 φησὶ
1913 546 1997 619 δηι

2202 552 2304 606 Dei
2327 553 2730 623 fecunditatem
2759 559 2812 609 et
2842 570 2984 609 vere.
3017 555 3169 610 Dicit
3207 557 3465 612 divinam
3516 559 3785 614 fecundi-

326 645 575 701 λοῦσθαι
605 644 666 700 ἐκ
691 652 792 714 τῆς
823 642 1116 718 ὀνομασίας
1143 649 1244 712 τῆς
1290 637 1528 716 Τριάδος
1560 659 1572 673 ’
1601 639 1694 695 ⁸ίνα
1735 640 1839 716 γὰρ
1891 659 1998 694 πα-

325 739 515 810 ραστῇ
568 739 675 791 τῶν
726 732 1110 804 ἀνεκλαλήτων
1165 731 1508 787 ὑποστάσεων
1561 733 1596 800 ἡ
1646 730 1996 807 προσκυνητή

327 824 614 904 ἕκφανσις,
644 825 676 879 6
718 823 950 898 ἀριθμὸς
1003 821 1298 900 ἐπενοήθη,
1326 822 1465 876 καθά
1515 841 1649 899 φησι
1697 818 1998 888 Βασίλειος,

325 915 428 969 καὶ
461 915 518 969 οἱ
547 919 682 977 θεῖοι
713 912 1036 990 Γρηγόριοι.
1072 911 1304 985 Γόνιμον
1337 908 1395 966 δὲ
1441 911 1532 966 τὸν
1593 909 1806 986 Πατέρα
1834 929 2000 964 κατα-

326 1008 658 1081 χρηστικῶς
731 1002 1040 1075 ὠνόμασεν,
1098 1001 1190 1056 ἅτε
1261 999 1354 1056 καὶ
1439 1003 1820 1075 προσκυνητοῦ
1873 999 2000 1052 Υἱοῦ

329 1093 576 1168 Πατέρα,
631 1093 724 1146 καὶ
776 1089 874 1147 τοῦ
930 1093 1425 1166 συμπροσκυνητοῦ
1482 1089 1672 1151 αὐτοῖς
1738 1086 1999 1162 παναγίου

328 1181 660 1254 Πνεύματος
687 1181 903 1256 πηγήν.
938 1180 1251 1252 Γονιμότης
1283 1175 1397 1248 οῦν,
1431 1180 1465 1248 ἢ
1497 1175 1678 1254 ἕτερόν
1723 1199 1774 1232 τι
1825 1172 2000 1248 ὄνομα

329 1275 450 1325 τῶν
512 1271 971 1344 συνιγνωσμᾶνων
1031 1267 1364 1343 ἀνθρώποις,
1420 1268 1455 1337 ἢ
1504 1266 1595 1322 καὶ
1647 1265 1833 1328 αὐταῖς
1885 1270 2004 1327 ταῖς

328 1365 567 1432 νοηταῖς
622 1356 934 1432 δυνάμεσιν,
985 1359 1088 1414 οὐκ
1144 1356 1204 1412 ἃν
1261 1359 1629 1434 παραστήσειε
1674 1359 1883 1428 τρανῶς
1936 1353 2004 1409 τά

330 1449 414 1510 ὥς
451 1447 586 1503 εἰσιν
629 1447 690 1504 ἐκ
717 1447 937 1504 πάντων
991 1445 1451 1524 ἀποκεκρυμμένα
1508 1451 1605 1500 τοῦ
1655 1449 1789 1500 Θεοῦ
1822 1463 1835 1477 °
1886 1447 2003 1506 πῶς

322 1538 438 1614 γὰρ
503 1534 727 1592 δυνατὸν
784 1537 1055 1611 ὀνομάσαι
1115 1523 1239 1591 ἀπό.
1281 1556 1430 1597 τινος
1513 1540 1622 1590 τῶν
1685 1530 1854 1589 ὄντων
1908 1533 1999 1587 τὸν

326 1627 492 1695 Θεὸν,
523 1628 665 1701 μήτε
690 1645 745 1680 τι
773 1631 882 1681 τῶν
910 1627 1128 1682 πάντων
1162 1621 1313 1693 ὄντα,
1345 1623 1493 1680 ἀλλὰ
1541 1624 1630 1679 καὶ
1665 1624 1798 1699 ὑπὲρ
1829 1621 2003 1678 πάντα

325 1717 400 1772 τὰ
433 1711 570 1771 ὄντα
593 1735 607 1786 ;

402 1802 556 1863 Οὐδὲ
627 1799 806 1878 ὄνομα
880 1805 1053 1873 αὐτῆς
1126 1803 1260 1860 ἐστι.
1317 1801 1512 1864 Καλῶς
1561 1803 1589 1856 6
1639 1807 1783 1866 θεῖος
1842 1802 2000 1862 οὗτος

2131 642 2316 696 tatem
2344 641 2631 698 declarari
2657 659 2726 700 ex
2753 642 3147 715 appellatione
3176 644 3503 702 Trinitatis.
3530 645 3600 703 Ut
3622 648 3780 704 enim

2118 730 2829 788 adoranda‘ineﬂ'abilium
2855 732 3380 790 subsistentiarum
3412 736 3780 794 demonstra-

2115 818 2199 875 tio
2232 826 2758 893 representaretur,
2791 838 3076 879 numerus
3106 823 3468 892 excogitatas
3488 830 3596 894 est,
3622 827 3779 883 sicut

2116 909 2261 966 dicit
2290 910 2546 968 Basilius
2562 915 2620 968 et
2638 911 2821 968 divini
2843 911 3126 981 Gregorii.
3155 915 3392 968 Patrem
3414 930 3546 970 vero
3576 916 3780 972 fecun-

2113 998 2256 1052 dum
2287 998 2529 1054 abusive
2551 998 2885 1071 appellavit,
2909 1003 3193 1071 tanquam
3215 1000 3498 1056 adorandi
3541 1018 3776 1074 quoque

2119 1085 2251 1140 Filii
2282 1087 2632 1158 genitorem,
2667 1093 2724 1144 et
2755 1087 2936 1144 simul
2970 1105 3109 1143 cum
3141 1088 3291 1160 ipsis
3320 1090 3604 1146 adorandi
3647 1092 3779 1163 Spi-

2118 1173 2270 1229 ritus
2299 1177 2488 1231 sancti
2515 1176 3124 1234 fontem.Fecundites
3146 1178 3348 1250 igitur,
3364 1178 3523 1234 aliud
3545 1180 3777 1252 aliquod

2112 1279 2327 1320 nomen
2353 1263 2695 1322 hominibus
2725 1270 2959 1338 notum,
2993 1269 3094 1322 aut
3123 1265 3302 1322 etiam
3351 1267 3501 1340 ipsis
3550 1268 3777 1325 intelli-

2117 1352 2401 1424 gibilibus
2433 1353 2757 1412 virtutibus
2783 1371 2885 1410 seu
2919 1355 3168 1428 angelis,
3199 1372 3316 1412 non
3366 1360 3569 1428 posset
3621 1358 3778 1414 clare

2117 1442 2389 1500 exhibere
2419 1443 2522 1499 Dei
2551 1443 2899 1501 abscondita
2929 1445 3082 1500 sicut
3098 1448 3238 1502 sunt
3264 1462 3277 1513 ;
3302 1447 3595 1516 quomodo
3615 1447 3771 1502 enim

2112 1531 2287 1603 Deus,
2323 1531 2426 1604 qui
2457 1532 2604 1589 nihil
2636 1551 2833 1590 rerum
2865 1539 2974 1602 est,
3003 1535 3105 1590 sed
3136 1551 3319 1606 supra
3339 1551 3547 1592 omnes
3567 1553 3772 1606 res,ex

2113 1620 2314 1694 aliqua
2345 1637 2406 1678 re
2440 1639 2655 1680 nomen
2685 1623 2948 1697 accipere
2973 1624 3222 1696 posset?

2180 1797 2366 1876 Nequa
2393 1803 2512 1875 ejus
2541 1817 2742 1860 nomen
2769 1811 2868 1860 est.
2900 1805 3148 1861 Divinus
3179 1804 3274 1862 hic
3300 1806 3452 1864 229
3504 1806 3595 1862 vir
3628 1807 3776 1864 bene

333 1894 473 1968 ἀνὴρ
506 1891 677 1968 λέγει,
711 1892 795 1948 ὅτι
828 1890 956 1948 οὐδὲ
984 1894 1045 1948 τὸ
1078 1889 1257 1966 ὄνομα
1305 1891 1473 1962 αὐτῆς
1529 1891 1697 1961 ἐστιν,
1729 1887 1855 1945 οὐδὲ
1904 1887 1997 1944 λό-

2122 1889 2304 1948 dicit:
2337 1907 2529 1964 neque
2558 1892 2690 1963 ejus
2720 1908 2935 1949 nomen
2968 1897 3078 1962 est,
3112 1909 3304 1966 neque
3334 1894 3521 1967 ratio;
3553 1897 3655 1952 sed
3713 1896 3774 1952 in

336 2004 466 2058 γος,
496 1980 650 2038 ἀλλὰ
703 1981 757 2037 ἐν
813 1977 1036 2045 ἀϐάτοις
1097 1980 1380 2057 ἐξῄρηται,
1414 1979 1477 2036 οὗ
1535 1983 1750 2048 τόποις,
1788 1980 1864 2052 μή
1921 1977 2008 2054 γέ-

333 2089 493 2128 νοιτο
523 2073 536 2127 l
573 2068 720 2126 ἀλλά
768 2068 1063 2162 λογισμοῖς
1095 2069 1184 2162 καί
1240 2069 1643 2162 ἐνθυμήσεων-υ
1665 2064 1882 2162 Διίἕϐατος
1909 2088 2013 2162 γαρ

322 2161 628 2233 παντὶνῷ
650 2159 740 2215 καὶ
803 2158 1093 2234 ἐνθυμήσει
1154 2161 1182 2214 ὁ
1233 2160 1358 2234 περὶ
1417 2163 1551 2214 Θεοῦ
1610 2158 1792 2233 λόγος.
1825 2159 1895 2212 Τὸ
1955 2152 2014 2210 δὲ

323 2252 475 2324 μήτε
542 2245 729 2323 ὄνομα
786 2249 958 2305 αὐτοῦ
1017 2250 1174 2322 εἶναι,
1206 2248 1393 2312 καλῶς
1440 2248 1530 2303 καὶ
1581 2245 2014 2308 εὖαπαλλάκτως

316 2340 532 2412 νόησον
573 2358 587 2373 ·
621 2339 691 2395 τὰ
739 2338 841 2415 γὰρ
878 2334 1009 2394 ὄντα
1037 2338 1211 2393 πάντα
1259 2339 1346 2393 καὶ
1382 2335 1454 2392 δι’
1487 2338 1771 2412 ὀνομάτων
1802 2337 1892 2391 καὶ
1925 2333 2014 2391 διὰ

317 2430 678 2507 πραγμάτων
737 2433 1057 2504 γνωπικῶν
1139 2429 1524 2502 σημαίνονται.
1585 2431 1748 2482 Ποῖον
1833 2425 2010 2482 τοίνυν

317 2516 510 2593 ὄνομα
551 2518 588 2588 ἢ
622 2523 855 2595 πρᾶγμα
882 2515 1112 2574 δυνατὸν
1146 2517 1412 2580 ἐπιθεῖναι
1438 2517 1518 2587 τῷ
1562 2521 1702 2589 Θεῷ,
1731 2519 1812 2588 τῷ
1872 2516 2006 2590 ὑπὶρ

317 2611 504 2664 πάντα
533 2607 602 2664 τὰ
632 2603 762 2662 ὄντα
793 2606 1140 2683 ἐξῃρημένῳ,
1173 2605 1263 2660 καὶ
1293 2605 1626 2676 πεποιηκότι
1677 2607 1747 2660 τά
1804 2605 2005 2676 πάντα,

317 2698 414 2752 καὶ
469 2696 635 2769 αἰτίῳ
681 2701 789 2751 τῶν
840 2695 1056 2751 πάντων
1088 2713 1103 2765 ;
1132 2697 1227 2750 Διὸ
1279 2695 1370 2750 καὶ
1401 2696 1500 2764 τήν
1535 2693 1845 2771 ἀγαθότητα
1907 2692 2003 2748 αὐ-

308 2788 418 2856 τὴν
477 2786 515 2856 ἢ
562 2785 626 2841 τὸ
676 2784 845 2841 καλόν
882 2807 1046 2863 φησιν
1095 2786 1123 2840 6
1164 2789 1309 2849 θεῖος
1367 2786 1524 2848 οὗτος
1582 2785 1863 2848 Διονύσιος
1921 2784 1997 2857 μή

314 2873 537 2951 κυρίως
592 2875 902 2953 ἐφαρμόσαι
950 2875 1097 2946 αὐτῷ
1141 2879 1220 2946 τῷ
1250 2878 1389 2946 Θεῷ,
1423 2871 1612 2943 ἐπειδὴ
1664 2872 1755 2928 καὶ
1807 2872 1860 2928 ἐν
1889 2878 2006 2937 τοῖς

318 2962 480 3020 οῦσιν
511 2964 858 3040 εὑρίσκονται
908 2964 1097 3019 ταῦτα.
1135 2963 1234 3018 Καὶ
1284 2960 1543 3038 ἀνωτέρω
1599 2961 1773 3026 οὕτως
1833 2963 2002 3037 εὑρή-

321 3075 462 3127 σεις,
491 3053 578 3109 δτι
609 3057 776 3108 ταῦτα
803 3053 872 3107 τὰ
920 3055 1066 3124 πάθη
1110 3051 1199 3107 καὶ
1261 3047 1649 3124 συμϐεϐηκὸτα
1686 3051 1997 3126 λογίζονται

317 3141 371 3197 ἐν
404 3148 530 3205 τοῖς
563 3141 734 3214 οὖσιν,
771 3143 904 3218 ὅπερ
941 3143 1041 3196 οὐκ
1066 3137 1210 3196 ἔστιν
1245 3139 1334 3196 ἐπὶ
1385 3145 1520 3197 Θεοῦ
1572 3145 1670 3196 τοῦ
1733 3142 2000 3218 ὑπερανα-

315 3227 633 3302 ϐεϐηκότος
664 3231 876 3286 πάντων
888 3274 900 3287 .

2125 1979 2198 2036 iis
2229 1981 2303 2036 ad
2329 1996 2460 2052 quae
2489 1981 2687 2038 aditus
2721 1998 2836 2037 non
2867 1986 3046 2054 patet,
3076 1988 3305 2040 secreta
3325 1987 3433 2054 est,
3457 2001 3576 2040 non
3606 1985 3772 2056 locis,

2125 2067 2315 2126 absit!
2384 2071 2489 2126 sed
2556 2071 3106 2127 ratiocinationibus
3173 2077 3231 2128 et
3292 2073 3774 2145 cogitationibus.

2121 2163 2320 2215 Sermo
2352 2159 2509 2215 enim
2542 2161 2613 2216 de
2636 2160 2753 2216 Deo
2785 2160 3126 2218 inaccessus
3157 2166 3245 2218 est
3276 2162 3440 2219 omni
3479 2163 3662 2220 menti
3721 2168 3780 2221 et

2124 2247 2494 2321 cogitationi.
2525 2248 2704 2306 Porro
2735 2248 2904 2315 illud,
2938 2265 3129 2322 neque
3161 2251 3290 2322 ejus
3349 2267 3566 2308 nomen
3626 2269 3775 2324 esse,

2120 2337 2268 2393 bene
2300 2340 2357 2392 et
2386 2337 2662 2394 distincte
2693 2337 2954 2412 intellige
2981 2358 2994 2408 ;
3021 2357 3156 2395 nam
3192 2341 3394 2396 omnia
3434 2356 3561 2413 quae
3610 2346 3773 2414 sunt,

2119 2426 2467 2482 nominibus
2498 2430 2555 2482 et
2585 2426 2917 2483 actionibus
2951 2429 3362 2502 cognationem
3407 2430 3772 2502 parientibus

2117 2513 2548 2588 signiﬁcantur.
2574 2516 2753 2581 Quale
2783 2516 2966 2590 igitur
3006 2534 3243 2586 nomen,
3294 2523 3398 2575 aut
3451 2519 3600 2575 actio
3657 2525 3770 2576 Deo

2116 2604 2338 2677 imponi
2369 2602 2606 2676 poterit,
2638 2607 2741 2678 qui
2771 2605 2842 2662 ab
2869 2606 3148 2663 omnibus
3170 2624 3298 2679 qua
3324 2612 3466 2664 sunt
3483 2613 3770 2682 secretus,

2115 2696 2172 2748 et
2201 2693 2468 2748 omnium
2499 2695 2791 2763 conditor,
2822 2712 2890 2751 ac
2919 2696 3186 2752 omnium
3218 2701 3310 2753 est
3333 2682 3554 2755 auctor.
3580 2701 3770 2764 Quare

2114 2780 2351 2839 divinus
2383 2782 2480 2838 hic
2506 2781 2821 2855 Dionysius
2849 2784 2992 2840 dicit
3038 2787 3226 2858 ipsam
3287 2787 3609 2843 bonitatem
3666 2794 3770 2844 aut

2112 2870 2430 2943 pulchrum
2454 2888 2570 2926 non
2594 2873 2827 2944 proprie
2849 2872 2964 2928 Deo
2987 2875 3315 2945 convenire,
3339 2877 3618 2946 quoniam
3644 2875 3764 2931 hmc

2111 2957 2290 3016 etiam
2321 2960 2380 3016 in
2414 2961 2588 3017 rebus
2619 2961 2998 3017 inveniuntur
3027 2979 3041 3017 :
3074 2967 3132 3018 et
3162 2963 3436 3035 superius
3467 2964 3552 3019 ita
3597 2981 3762 3037 repe-

2109 3050 2250 3119 rias,
2286 3051 2620 3106 affectiones
2650 3051 2758 3107 has
2789 3055 2847 3107 et
2911 3051 3238 3109 accidentia
3286 3053 3647 3110 considerari
3697 3054 3756 3109 in

2107 3140 2307 3208 rebus,
2341 3141 2497 3212 quod
2549 3157 2665 3196 non
2723 3139 2857 3196 licet
2912 3141 2973 3196 in
3017 3146 3132 3198 Deo
3193 3143 3292 3214 qui
3350 3142 3549 3200 omnia
3601 3147 3759 3199 tran-

2108 3229 2356 3285 scendit.

389 3295 577 3377 ’Ᾰλλά
634 3321 790 3393 πόθῳ
846 3323 944 3376 τοῦ
1008 3324 1172 3379 νοεῖν.
1231 3320 1582 3395 Σημείωσαι,
1631 3319 1834 3396 ὡραῖόν
1887 3341 1996 3397 φη-

2180 3317 2286 3373 Sed
2314 3317 2582 3374 desiderio
2612 3317 2982 3388 intelligendi.
3015 3320 3183 3391 Nota,
3209 3325 3451 3377 venuste
3470 3323 3573 3392 ait,
3597 3322 3758 3377 theo-

313 3432 427 3478 σιν,
457 3409 539 3464 ὅτι
591 3406 682 3464 διὰ
728 3409 791 3464 τὸ
845 3404 992 3470 ὅλως
1025 3411 1172 3464 νοεῖν
1204 3429 1284 3479 τι,
1316 3407 1408 3464 καὶ
1453 3407 1629 3484 λέγειν
1663 3410 1786 3483 περὶ
1837 3412 1994 3466 Θεοῦ,

310 3503 396 3570 τῷ
451 3497 578 3573 περὶ
642 3498 807 3553 αὐτὸν
866 3499 1021 3570 πόθῳ
1063 3497 1460 3573 κατεχόμενοι,
1490 3497 1553 3552 16
1581 3505 1682 3567 τῆς
1733 3497 2001 3574 ἀγαθότη-

301 3608 408 3650 τος
465 3584 646 3661 ὄνομα
704 3581 981 3642 ἐπέϐαλον
1033 3591 1112 3659 τῷ
1171 3591 1288 3659 Θεῷ
1338 3588 1389 3641 οἱ
1424 3586 1704 3662 Θεολόγοι,
1737 3586 1853 3642 ὃπεὶ
1907 3601 1998 3642 κυ·

305 3677 449 3753 ρίως
509 3676 602 3731 καὶ
663 3673 1002 3752 ὑπεράγαθος
1060 3675 1152 3730 καὶ
1215 3675 1543 3752 ὑπερούσιός
1600 3675 1743 3731 ἐστιν
1782 3676 1994 3732 ὁΘεός⁶

305 3768 376 3823 Ἥ
413 3763 475 3819 δὲ
526 3764 824 3840 ἀγαθότης,
858 3765 931 3827 ὥς
982 3783 1156 3840 λφησιν
1217 3765 1394 3834 οὗτος,
1427 3764 1752 3838 σεμνότατον
1809 3761 1993 3839 ὄνομα

307 3860 426 3910 τῶν
489 3855 730 3910 πάντων.
794 3854 863 3912 Αἱ
926 3851 983 3908 δὲ
1034 3853 1356 3930 ἀποφάσεις,
1406 3851 1535 3923 ἤτοι
1596 3855 1852 3930 ἀρνήσεις
1902 3840 1996 3908 καἱ

311 3945 625 4018 περήσεις,
667 3941 756 3996 ἐπὶ
811 3945 944 3996 Θεοῦ
989 3942 1098 4017 οὐχ
1153 3943 1345 4005 άπλῶς
1404 3941 1646 4018 εἴρηνται
1701 3944 1820 4006 τοῖς
1880 3942 1996 3998 θεο’

309 4030 511 4108 λόγοις
541 4048 556 4063 ⁸
591 4030 652 4085 οὗ
702 4031 830 4106 γὰρ,
865 4029 941 4092 ὡς
993 4029 1267 4105 λέγονται,
1298 4035 1580 4100 νοοῦνται,
1625 4030 1772 4087 ἀλλὰ
1825 4033 1995 4106 ὑπερ-

310 4115 744 4191 αναϐεϐηκότως
803 4124 1178 4196 θεωροῦνται·
1232 4120 1295 4174 τὸ
1365 4121 1471 4196 γὰρ
1553 4119 1842 4190 ἀθάνατος,
1901 4116 1988 4176 καὶ

308 4210 570 4284 ἀόρατος,
611 4208 702 4263 καὶ
761 4209 1054 4285 ἄφθαρτος,
1113 4208 1203 4262 καὶ
1263 4207 1542 4280 ἀνενδεὴς,
1599 4210 1691 4265 καὶ
1752 4209 1994 4285 ἀναμάρ-

301 4320 505 4371 τητος,
540 4297 640 4352 οὐκ
697 4294 758 4352 ἄν
816 4314 922 4366 τις,
983 4294 1176 4376 σοφίας
1236 4296 1511 4372 μετέχων,
1564 4294 1989 4376 δημωδέστερον

308 4382 595 4444 ὑπολάϐοι
626 4407 638 4418 ·
675 4384 798 4442 οὔτε
848 4385 947 4441 ὅσα
997 4381 1085 4441 ἐπὶ
1137 4385 1270 4441 Θεοῦ
1300 4390 1526 4442 τοιαῦτα
1576 4385 1816 4464 λέγεται,
1848 4383 1996 4444 ἀλλᾶ

304 4482 422 4533 τῶν
488 4474 846 4549 δηλουμένων
907 4474 1251 4548 ἐξιστάμενος
1312 4475 1397 4530 ἐπὶ
1468 4477 1563 4540 τὰς
1627 4478 1988 4552 σεσιγημένας

306 4569 402 4622 καὶ
465 4567 744 4640 θειοτέρας
796 4563 1005 4627 ἐννοίας
1065 4564 1345 4618 ἀνανεύσει
1381 4583 1394 4596 ·
1431 4562 1517 4619 διὸ
1563 4565 1653 4620 καὶ
1713 4566 1988 4642 θειοτέρας

2107 3406 2273 3479 logos
2306 3407 2371 3462 ut
2400 3406 2626 3479 aliquid
2674 3407 2915 3463 omnino
2964 3404 3381 3481 intelligerent,
3415 3414 3472 3464 et
3516 3411 3588 3466 de
3640 3411 3756 3466 Deo

2108 3494 2390 3566 dicerent,
2423 3496 2612 3568 ipsius
2644 3497 2932 3552 desiderio
2973 3501 3289 3570 correptos,
3326 3515 3539 3555 nomen
3590 3499 3756 3555 boni-

2105 3583 2248 3639 tatis
2279 3583 2397 3638 Deo
2429 3583 2809 3655 imposuisse,
2833 3584 3103 3655 quamvis
3124 3585 3358 3656 proprie
3382 3591 3534 3641 Deus
3557 3585 3633 3642 sit
3653 3603 3758 3642 su-

2107 3689 2213 3744 pra
2246 3672 2568 3728 bonitatem
2602 3678 2661 3728 et
2683 3690 2862 3745 supra
2885 3674 3226 3730 essentiam.
3260 3675 3522 3742 Bonitas,
3555 3680 3622 3730 ut
3662 3675 3755 3731 hic

2106 3762 2209 3829 ait,
2232 3777 2445 3818 nomen
2465 3763 2732 3818 omnium
2755 3763 3251 3835 augustissimum
3279 3784 3294 3834 ;
3317 3763 3615 3841 ἀποφάσεις
3629 3782 3757 3822 vero

2107 3867 2209 3907 seu
2226 3851 2566 3923 negationes
2579 3856 2635 3906 et
2647 3851 3026 3924 privationes,
3040 3853 3098 3908 in
3113 3859 3253 3923 Deo,
3269 3871 3384 3909 non
3411 3854 3760 3926 simpliciter

2105 3939 2443 4012 atheologis
2458 3941 2736 3997 dicuntur
2757 3965 2772 4007 ;
2792 3958 2905 3997 non
2921 3941 3077 3997 enim
3102 3943 3254 3998 sicut
3267 3939 3548 3998 dicuntur
3569 3943 3650 3999 ita
3673 3945 3728 3998 in
3740 3976 3758 3985 -

2103 4025 2476 4101 telliguntur,
2493 4031 2595 4084 sed
2613 4031 2783 4085 modo
2798 4031 3300 4086 transcendentali
3313 4031 3761 4088 considerantur

2102 4119 2248 4174 Nam
2283 4117 2621 4174 immortalis
2651 4123 2708 4174 et
2727 4119 3090 4176 indivisibilis
3124 4125 3182 4175 et
3211 4121 3679 4192 incorruptibilis,
3704 4127 3758 4177 et

2099 4209 2317 4263 nullius
2350 4207 2594 4278 indigus,
2626 4209 3019 4280 impeccabilis,
3052 4208 3252 4266 nullus
3283 4211 3587 4282 sapientiae
3619 4228 3758 4282 par-

2099 4297 2286 4368 ticeps
2318 4297 2493 4352 modo
2507 4296 2734 4369 vulgari
2751 4298 3019 4370 excipiet,
3041 4313 3147 4354 nec
3170 4299 3369 4355 omnia
3383 4299 3604 4356 similia
3627 4318 3753 4373 quae

2096 4381 2168 4442 de
2198 4386 2312 4442 Deo
2346 4380 2662 4456 dicuntur;
2688 4385 3756 4459 sed,abiisquzedeolaranturabhor-

2099 4489 2254 4546 rens,
2286 4474 2347 4530 in
2400 4476 2610 4531 tacitas
2661 4480 2718 4531 et
2761 4475 3080 4532 diviniores
3128 4478 3511 4548 cogitationes
3551 4481 3753 4551 suspi-

2101 4563 2250 4632 ciet;
2287 4569 2600 4636 propterea
2631 4563 2803 4619 etiam
2836 4564 3124 4621 diviniora
3157 4566 3258 4622 Dei
3291 4568 3533 4622 nomina
3549 4575 3755 4639 postea

310 4653 624 4728 θεωνυμίας
681 4653 871 4732 ἐφεξῆς
946 4651 1109 4714 αὐτὰς
1164 4653 1352 4716 καλῶς
1411 4655 1824 4730 προσαγορεύει.
1872 4657 1986 4728 Ἐξ-

2119 4668 2254 4723 psas
2285 4653 2563 4725 appellat.
2601 4653 2747 4708 Nam
2786 4652 2984 4708 anima
3015 4654 3116 4709 ubi
3148 4655 3443 4726 corporeis
3475 4657 3753 4715 omnibus

315 4745 591 4818 ισταμένη
623 4745 728 4820 γὰρ
761 4746 796 4813 ἡ
829 4744 986 4818 ψυχὴ
1018 4747 1128 4798 τῶν
1183 4745 1512 4817 σωματικῶν
1559 4748 1745 4799 πασῶν
1793 4743 1987 4817 αἴσθη-

319 4857 460 4890 σεων
521 4833 611 4888 καὶ
667 4836 1166 4906 κοσμικῶν,ταῦτα
1222 4834 1327 4909 γὰρ
1377 4833 1542 4907 ἑαυτῇ
1575 4832 1799 4904 ἐποίησε
1847 4835 1986 4909 σύμ-

313 4923 470 5000 φυλα
502 4943 515 4956 ·
553 4921 695 4977 οὕτω
729 4920 1053 4976 συνάπτεται
1101 4926 1182 4994 τῷ
1240 4921 1530 5000 ἀκραιφνεῖ
1584 4929 1684 4992 τῆς
1734 4925 1987 4999 γνώσεως

310 5018 412 5069 τοῦ
461 5009 622 5081 Θεοῦ,
652 5013 774 5074 καθ’
804 5012 929 5066 ὅσον
975 5008 1201 5065 δυνατόν
1248 5010 1390 5066 ἐστιν
1440 5011 1757 5087 ἀνθρωπίνῃ
1805 5013 1982 5088 φύσει,

315 5103 391 5165 ὡς
441 5101 533 5156 καὶ
596 5101 623 5155 ὁ
685 5099 1027 5162 Ἀπόστολος
1079 5099 1368 5155 αἰνίττεται
1419 5099 1592 5176 λέγων
1629 5123 1641 5136 ·
1675 5102 1783 5158 Καὶ
1843 5101 1984 5157 οὕτω

308 5193 552 5246 πάντοτε
608 5188 702 5244 σὺν
765 5187 947 5263 Κυρίῳ
1005 5186 1234 5262 ἐσόμεθα
1263 5209 1276 5222 ·
1311 5190 1398 5244 καὶ
1441 5189 1609 5245 πάλιν
1649 5209 1660 5221 ’
1685 5195 1797 5246 Νῦν
1828 5191 1902 5254 ὡς
1936 5191 1987 5246 ἐν

305 5280 604 5357 αῒνίγματι
637 5279 724 5333 καὶ
763 5274 816 5332 ἐν
842 5276 1091 5353 ἐσόπτρῳ
1132 5275 1347 5354 ὁρῶμεν
1386 5299 1399 5312 ο
1432 5279 1556 5334 τότε
1587 5277 1643 5334 δὲ
1671 5280 1734 5335 16
1763 5281 1982 5356 πρόσω-

307 5392 415 5426 πον
448 5368 590 5444 πρὸς
616 5366 918 5444 πρόσωπον
962 5363 1230 5442 ὀψόμεθα.

377 5456 463 5517 T6
524 5458 634 5512 τῶν
723 5457 1009 5530 ὀνομάτων
1090 5455 1440 5514 σεπτότατον.
1503 5457 1821 5531 Σημείωσαι
1899 5461 1981 5515 ὅτι

309 5548 540 5604 πάντων
598 5543 884 5620 ὀνομάτων
940 5543 1266 5601 σεπτότατον
1317 5547 1352 5617 ἡ
1411 5545 1681 5622 ἀγαθότης
1717 5567 1731 5582 θ
1765 5545 1849 5604 διὸ
1890 5549 1980 5606 καὶ

316 5635 567 5713 ιυρώτως
594 5639 675 5708 τῷ
707 5636 824 5708 Θεῷ
855 5631 1175 5714 ἀφιέρωται.

2100 4741 2380 4797 sensibus
2412 4745 2466 4797 et
2497 4739 2674 4798 rebus
2696 4741 3017 4798 mundanis
3039 4759 3101 4798 se
3123 4743 3431 4810 abdicarit,
3453 4745 3578 4801 haec
3595 4748 3751 4804 enim

2098 4830 2210 4886 sibi
2244 4829 2557 4887 familiaria
2584 4829 2742 4897 fecit,
2774 4834 2900 4886 tum
2932 4830 3267 4903 purissimae
3285 4832 3388 4887 Dei
3412 4835 3750 4907 cognitioni,

2099 4922 2378 4990 quantum
2413 4923 2634 4974 natura
2667 4919 2940 4975 humanae
2973 4919 3128 4990 licet,
3161 4922 3562 4994 conjungitur,
3596 4924 3754 4979 sicut

2096 5008 2417 5078 Apostolus
2446 5007 2731 5076 insinuat,
2775 5008 2976 5064 dicens
3005 5026 3016 5063 :
3051 5011 3115 5064 Et
3135 5011 3213 5064 sic
3243 5027 3455 5082 semper
3481 5027 3606 5067 cum
3649 5014 3753 5068 D0-

2095 5107 2254 5160 mz’no
2283 5107 2490 5160 erimus
2523 5106 2615 5177 (θ),
2649 5109 2705 5161 et
2734 5110 2947 5161 iterum
2975 5123 2988 5160 :
3023 5111 3183 5162 Nunc
3210 5109 3353 5163 sicut
3373 5110 3434 5164 in
3457 5111 3754 5180 aenigmate

2095 5200 2147 5250 et
2178 5195 2398 5266 speculo
2427 5194 2677 5250 videmus
2704 5213 2716 5250 :
2751 5201 2867 5250 tum
2897 5199 3082 5252 autem
3113 5199 3266 5268 [acie
3295 5197 3365 5252 ad
3409 5201 3618 5271 faciem
3669 5204 3750 5257 vi-

2094 5282 2345 5342 debimus
2377 5285 2461 5358 (Ι).

2162 5465 2457 5522 Hominum
2488 5465 2738 5521 maxime
2765 5465 3102 5525 venerabile.
3147 5469 3295 5525 Nota
3335 5472 3598 5529 omnium
3643 5490 3748 5529 no-

2091 5555 2323 5612 minum
2355 5550 2849 5627 augustissimum
2881 5574 3012 5615 esse
3036 5555 3535 5635 bonz'las,ideoque
3555 5559 3750 5636 primo

2086 5645 2204 5703 Deo
2236 5643 2564 5701 dedicatur.

380 5763 505 5837 (9)1
540 5763 749 5821 Thess.
782 5780 863 5833 ιν,
894 5762 983 5822 16.
1015 5764 1081 5834 (Γ)
1111 5765 1135 5821 l
1166 5763 1296 5824 Gor.
1327 5781 1456 5836 xm,
1491 5765 1578 5822 12.
1611 5766 1751 5825 Vide
1783 5769 1925 5828 Nov.
1959 5779 1997 5830 T

2112 5817 2118 5834 .
2153 5777 2336 5830 Graec.
2371 5772 2520 5842 Aug.
2544 5769 2772 5827 Sobols.
