4108 6402
315 351 427 405 417

1054 351 1112 402 S.
1155 349 1425 402 MAXIMI
1460 346 1765 402 SCHOLIA
1803 345 1878 399 IN
1916 346 2050 399 LIB.
2090 348 2187 400 DE
2224 348 2536 402 MYSTlCA
2575 349 3013 404 THEOLOGIA.

3640 353 3745 407 418

310 470 585 541 ἀνοησίαν
628 468 902 524 ἐκάλεσεν·
961 465 1190 522 ἐνταῦθα
1240 463 1298 521 δὲ
1332 465 1732 521 σκοτεινότατον
1777 463 1978 538 γνόφον

2119 466 2352 534 ινοησίαν
2387 467 2757 538 cogitationis
2801 471 3183 538 vacuitatem;
3247 490 3401 528 nunc
3457 490 3587 529 vero
3621 494 3746 527 σκο-

309 561 410 614 καὶ
459 559 688 634 ἀόρατον
736 557 872 612 κατὰ
919 556 1014 611 τὸν
1068 553 1412 628 Ψαλμῳὸὸν.
1461 553 1679 630 Νεφέλη
1726 553 1816 607 καὶ
1859 551 1985 628 γνό-

311 669 423 721 φος
481 646 669 720 κύκλῳ
719 645 904 701 αὐτοῦ’
965 645 1055 699 καὶ
1091 690 1104 716 ,
1166 646 1358 700 Ἐθετο
1419 643 1611 705 σκότος
1664 641 1984 718 ἀποκρυφήν

313 737 515 793 αὐτοῦ.

391 917 537 979 Τοὺς
567 916 920 990 ἀνομμάτους
970 914 1121 977 νόας.
1172 913 1245 968 Ού
1294 915 1395 989 γάρ
1442 911 1718 983 αἶ’σθητῶν
1773 907 1982 986 ὀφθαλ-

315 1011 445 1079 μῶν
479 1006 580 1060 εἱσι
613 1006 824 1078 μεστοὶ,
855 1002 984 1059 ἀλλ’
1033 1003 1174 1058 ἐστὶν
1225 1001 1400 1057 αὐτῶν
1435 1003 1470 1070 ἡ
1523 999 1700 1071 ούσία,
1734 1001 1826 1054 ἅτε
1877 1003 1982 1067 ζῶν

310 1094 473 1166 νοῦς»
525 1093 631 1164 ὅλη
678 1091 964 1170 ὀφθαλμὸς
1023 1089 1494 1165 ὀξυδερκέστατος·
1558 1089 1676 1153 δοεν
1737 1090 1824 1142 καὶ
1881 1107 1982 1141 πο-

312 1181 645 1256 λυόμματοι
676 1181 927 1258 λέγονται
957 1180 1008 1234 ἐν
1044 1184 1113 1254 τῇ
1146 1183 1356 1257 Γραφῇ.

394 1273 496 1326 Καὶ
553 1272 650 1333 τὰς
727 1271 1004 1341 αἰσθήσεις
1074 1267 1341 1324 ἀπόλιιπε
1378 1310 1392 1324 .
1454 1267 1547 1324 Ἐκ
1611 1263 1982 1340 παραλλήλου

307 1362 379 1415 τὸ
413 1361 546 1415 αὐτὸ
578 1357 866 1431 δηλοῦται·
898 1361 965 1414 τὰ
1013 1359 1117 1434 γάρ
1169 1356 1398 1427 αἰσθητά
1446 1354 1578 1410 αὐτά
1625 1355 1887 1410 καλοῦσιν
1930 1356 1981 1408 οἱ

308 1449 552 1504 παλαιοὶ
589 1449 664 1522 μὴ
717 1443 872 1516 ὄντα,
915 1449 1007 1502 ἅτε
1058 1441 1370 1520 μεταϐολῆς
1401 1443 1610 1514 ἁπάσης
1661 1445 1984 1518 μετέχοντα,

308 1537 411 1592 καὶ
450 1539 528 1611 μή
571 1537 830 1602 ὡσαύτως
875 1539 956 1592 ἀεὶ
1007 1532 1150 1592 ὄντα
1179 1537 1246 1590 τα
1295 1533 1352 1590 δὲ
1381 1536 1574 1604 νοητά,
1607 1534 1680 1596 ὡς
1731 1534 1810 1588 ἀεὶ
1859 1530 1987 1587 ὅντα

310 1627 561 1691 ἀθάνατα
612 1625 876 1702 βουλήσει
917 1630 1015 1681 τοῦ
1063 1627 1394 1695 ποιήσαντος
1423 1623 1513 1678 καὶ
1556 1624 1654 1693 τὴν
1688 1622 1873 1676 οὐσίαν
1907 1623 1983 1694 μὴ

313 1710 765 1790 μεταϐάλλοντα,
821 1714 1076 1791 λέγουσιν
1126 1711 1250 1768 ὄντα
1286 1758 1299 1771 .
1361 1716 1542 1770 Ταῦτα
1601 1710 1657 1766 δὲ
1715 1709 1986 1771 πολλάκις

309 1805 784 1879 παρατεθδίκαμεν
822 1804 875 1860 ἐν
910 1809 988 1877 τῷ
1019 1803 1149 1878 Περὶ
1181 1803 1340 1866 θείων
1370 1802 1655 1874 ὀνομάτων
1690 1799 1860 1874 λόγῳ.

388 1895 554 1969 ’Υπὲρ
607 1899 781 1950 πᾶσαν
847 1893 1034 1949 οὐσίαν
1072 1935 1086 1949 .
1148 1892 1261 1960 Τὴν
1342 1891 1627 1960 ἁπλότητα
1701 1890 1792 1944 καὶ
1855 1888 1985 1962 ὑπὲρ

315 1990 500 2040 πᾶσαν
537 1980 714 2038 ἒνάδα.
748 1986 871 2046 Πῶς
920 1978 976 2036 δὲ
1027 1981 1314 2056 ἀγνώστως
1365 1977 1696 2034 ἀνατείνεταί
1742 1998 1824 2040 τις
1851 1977 1988 2052 πρὸς

317 2070 488 2142 Θεὸν,
548 2071 638 2126 καὶ
697 2069 753 2126 ἐν
807 2075 887 2142 τῷ
942 2070 1071 2145 Περὶ
1150 2067 1307 2132 θείων
1366 2065 1649 2140 ὀνομάτων
1707 2063 1989 2144 κεφαλαίῳ

316 2163 568 2236 πέμπτῳ
599 2158 836 2236 εἷ’ρηται,
864 2160 956 2214 καὶ
987 2158 1215 2214 ἐνταῦθα
1249 2157 1384 2230 μετά
1413 2157 1619 2234 βραχέα
1652 2155 1917 2232 εὑρήσεις.

396 2339 654 2415 ’Δσχέτῳ
709 2337 801 2393 καὶ
862 2336 1169 2409 ἀπολύτῳ.
1231 2341 1497 2411 ’Άσχετον
1554 2333 1796 2390 ἔκστασὶν
1857 2354 1991 2412 φησι

314 2431 423 2498 τήν
459 2427 816 2504 ἀναχώρησιν
860 2426 1038 2494 πάσης
1086 2426 1348 2501 σχέσεως,
1381 2424 1494 2479 ἀντὶ
1541 2429 1638 2480 τοῦ
1685 2422 1777 2478 ’ίνα
1821 2421 1989 2497 μηδε-

320 2523 428 2592 μιᾷ
457 2517 754 2592 κατέχοιτο
785 2517 992 2592 σχέσει,
1029 2517 1168 2588 μήτε
1197 2515 1332 2590 πρὸς
1366 2514 1549 2583 αὐτὸν,
1589 2515 1726 2588 μήτε
1771 2513 1907 2588 πρός
1937 2534 1989 2568 τι

319 2613 436 2662 τῶν
469 2605 811 2680 κτισμάτων.

401 2696 650 2758 Σκότους
702 2697 910 2752 ἀκτῖνα,
947 2693 1044 2749 Καὶ
1095 2692 1317 2757 ἐνταῦθα
1361 2693 1550 2754 σκότος
1598 2693 1697 2761 τὴν
1746 2689 1988 2760 παντελῆ

324 2785 716 2858 ἀκαταληψίαν
750 2781 874 2862 ἔφη.

401 2877 533 2945 §ll.
567 2871 772 2944 Μηδεὶς
821 2877 929 2928 τῶν
980 2873 1266 2946 ἀμυήτων.
1315 2871 1635 2944 Σημείωσαι
1685 2869 1766 2923 ὅτι
1813 2869 1992 2942 ἀμυή-

325 2985 457 3025 τους
503 2963 638 3041 φησί
686 2962 812 3025 τοὺς
868 2963 962 3035 μὲν
1003 2967 1111 3018 τῶν
1167 2965 1436 3034 μυστικῶν
1489 2957 1823 3033 ἀμετόχους,
1877 2962 1996 3021 τοῖς

331 3053 387 3109 δὲ
421 3053 715 3123 αἰσθητοῖς
769 3050 1205 3125 ὲνειλουμένους,
1254 3049 1343 3104 καὶ
1404 3045 1555 3104 οὐδὲν
1609 3048 1741 3122 ὑπὲρ
1771 3048 1839 3102 τὰ
1870 3044 1995 3101 ὄντα

331 3145 470 3200 εἶναι
527 3144 985 3221 φανταζομένους.
1067 3139 1291 3216 Ἀμέλει
1367 3139 1494 3215 περὶ
1569 3144 1675 3194 τῶν
1752 3137 1994 3193 καθόλου

329 3235 600 3306 ἀμυήτων
658 3233 816 3296 εὐθὺς
871 3232 1218 3309 παρακατιὼν
1280 3251 1412 3308 φησι
1450 3274 1463 3288 .

333 3322 419 3376 ὅτι
455 3320 665 3383 ἄλλους
694 3319 822 3382 τοὺς
853 3321 1135 3394 ἀμυήτους
1163 3317 1308 3394 λέγει
1339 3318 1429 3374 καὶ
1460 3316 1667 3379 ἄλλους
1711 3316 1838 3379 τοὺς
1867 3315 2000 3387 ἀμύο

338 3432 520 3478 στους,
553 3409 726 3484 ἤγουν
757 3411 1285 3486 ἀμυσταγωγήτους.

414 3499 474 3556 ΕΞ
506 3497 566 3553 δὲ
608 3499 742 3574 ὑπὲρ
786 3499 1013 3561 τούτους
1065 3498 1188 3555 εἶσί.
1223 3499 1303 3554 Τὰ
1353 3498 1444 3570 μὲν
1491 3497 1596 3569 πρὸ
1643 3494 1848 3549 τούτων
1895 3492 1994 3569 ἔφη

334 3590 460 3663 περὶ
487 3592 600 3642 τῶν
631 3588 1028 3642 πιστευσάντων
1077 3588 1170 3661 μὲν
1219 3591 1296 3658 τῷ
1341 3585 1564 3658 ὀνόματι
1595 3589 1692 3638 τοῦ
1741 3587 1996 3658 Χριστοῦ,

337 3680 419 3751 μὴ
458 3679 568 3750 μὴν
609 3677 696 3732 ἐπὶ
742 3679 842 3746 τὴν
887 3675 1228 3750 τελειοτέραν
1275 3674 1544 3730 ἐλθόντων
1595 3678 1821 3748 γνῶσιν,
1855 3670 2000 3727 ἀλλὰ

335 3767 804 3842 συμμετρούντων
849 3771 918 3840 τῇ
962 3765 1138 3837 οἰκείᾳ
1172 3765 1300 3838 δόξῃ
1353 3765 1453 3832 τήν
1485 3762 1763 3834 ἀλήθειαν,
1795 3761 1885 3816 καὶ
1915 3763 1996 3833 μὴ

337 3855 568 3911 εἰδότων
602 3854 863 3934 διαφορὰν
893 3853 1059 3910 ὄντων
1094 3853 1300 3930 κυρίως
1327 3853 1415 3908 καὶ
1462 3850 1771 3926 ὁμωνύμων
1803 3846 1994 3921 όντων,

338 3946 542 4000 οὐσιῶν
591 3946 684 4000 καὶ
726 3946 891 3999 αὐτοῦ
926 3948 1023 3998 τοῦ
1070 3943 1201 4016 ὑπὲρ
1245 3943 1312 3996 τὰ
1361 3937 1509 4013 ὄντα,
1563 3938 1648 3995 διὸ
1693 3938 1781 3994 καὶ
1835 3938 1998 4014 ὑπερ-

341 4034 553 4089 ουσίου.
589 4035 657 4091 Oi
708 4038 836 4108 γοῦν
884 4037 1149 4104 τοιοῦτοι,
1183 4031 1258 4093 ὡς
1313 4030 1576 4104 ἀμύητοι,
1624 4032 1732 4084 τῶν
1782 4026 2000 4100 ὑψηλο-

337 4123 512 4200 τέρων
561 4119 1013 4197 ὑπολαμϐάνουσι
1045 4122 1182 4178 κατά
1211 4120 1472 4192 ἀλήθειαν
1522 4119 1714 4184 σκότος
1759 4119 1894 4172 εἶναι
1941 4117 2002 4171 τὸ

341 4215 574 4292 ἀφεγγὲς
625 4217 787 4269 τοῦτο
829 4213 892 4268 τὸ
941 4213 1068 4288 παρ’
1120 4213 1256 4284 ἡμῖν
1314 4210 1551 4283 σκίασμα
1607 4209 1884 4264 καλύπτον
1911 4207 2002 4261 τὸν

340 4305 495 4372 Θεὸν,
531 4303 621 4357 καὶ
653 4302 998 4378 ἀποκρύπτον
1029 4300 1188 4355 αὐτὸν
1238 4307 1339 4369 τῆς
1377 4299 1624 4354 ἁπάντων
1680 4299 1828 4365 θέας,
1873 4295 2004 4371 ὅπερ

341 4396 416 4455 ὼς
476 4391 703 4462 ἀληθῶς
754 4395 972 4446 νοσοῦσι
1031 4389 1235 4446 πολλοὶ
1294 4390 1382 4444 καὶ
1444 4387 1496 4442 ἐν
1555 4391 1714 4461 ἡμῖν,
1775 4388 1865 4441 ἅτε
1928 4387 2003 4458 μὴ

341 4483 704 4557 γινώσκοντες
738 4481 798 4534 τὸ
847 4474 1261 4554 ἀνυπέρϐλητον
1298 4481 1410 4556 φῶς
1441 4482 1612 4532 πᾶσαν
1664 4471 1787 4550 ὄψιν
1823 4476 2004 4530 σκοτί-

349 4579 484 4642 ζειν.
547 4569 610 4624 Εἰ
672 4570 762 4624 οὖν
826 4568 950 4639 εἶσι,
1011 4567 1196 4646 φησὶν,
1249 4567 1300 4622 ἐν
1356 4568 1492 4638 ἡμῖν
1551 4569 1817 4634 τοιοῦτοι,
1847 4563 1901 4619 τί
1946 4561 2004 4616 ἃν
2041 4591 2085 4653 D

348 4661 602 4734 εἴποιμεν
653 4660 777 4733 περὶ
827 4657 1247 4731 εἷδωλολατρῶν
1297 4660 1404 4711 τῶν
1455 4653 1760 4710 παντάπασι
1793 4654 2004 4708 πάντων

353 4755 630 4825 μυστικῶν
708 4747 1000 4823 ἀμετόχων
1075 4746 1164 4800 καὶ
1237 4746 1393 4820 [πρὸς
1452 4745 1577 4817 ξόνα
1641 4742 2007 4811 τεθηπότω·.;

350 4839 577 4914 Κυρίως
614 4838 708 4910 μὲν
742 4836 833 4891 οὗν
869 4833 997 4891 ὄντα
1041 4836 1110 4890 τὰ
1154 4835 1344 4905 νοητά·
1380 4833 1694 4907 ὁμωνύμως
1748 4828 1805 4885 δὲ
1828 4830 1894 4885 τὰ
1924 4829 2010 4885 αἷ-

350 4930 549 4998 σθητά.
588 4928 664 4985 Τὸ
724 4923 781 4981 δὲ
820 4926 953 4998 ὗπὲρ
997 4923 1224 4985 τούτους
1270 4924 1397 4985 τοὺς
1447 4921 1674 4983 πιστοὺς
1729 4917 2009 4990 δηλονότι,

348 5020 480 5080 τοὺς
512 5016 567 5072 ἐν
599 5021 714 5078 τοῖς
745 5018 1004 5094 φθαρτοῖς
1035 5012 1454 5088 ἑνισχημένους.

427 5288 562 5341 Δέον
611 5284 696 5340 ἐπ’
743 5283 902 5357 αὐτῇ.
948 5283 1036 5343 Ὠς
1081 5282 1252 5335 πάντα
1300 5278 1466 5351 οὔσης
1525 5279 1864 5353 θεοπρεπῶς,
1925 5276 2014 5331 καί

355 5373 535 5450 μηδὲν
592 5371 761 5444 οὔσης
821 5370 1178 5449 ὑπερουσίως·
1211 5367 1344 5440 αὕτη
1402 5369 1502 5446 γὰρ
1559 5369 1646 5422 καὶ
1709 5366 1850 5428 θέσις
1902 5365 2014 5422 ἐστὶ

353 5467 450 5521 καὶ
503 5462 795 5541 ἀπόφασις,
853 5460 966 5517 ἐπεὶ
1029 5459 1119 5516 καὶ
1175 5457 1378 5533 κυρίως
1432 5456 1714 5536 ἀμφότερα
1771 5455 1858 5511 ἐπὶ
1916 5463 2016 5526 τῆς

433 5664 515 5736 (g)
547 5661 704 5718 Psal.
733 5677 882 5728 xcvl,
913 5663 968 5716 2.
1003 5659 1079 5730 (h)
1111 5657 1268 5716 Psal.
1301 5674 1439 5727 xvu,
1474 5656 1573 5713 12.

2019 1849 2066 1914 Β

2091 554 2394 610 τεινέτατον
2423 556 2648 634 γνόφον,
2683 559 3170 616 obscurissimam
3205 561 3512 634 caliginem
3564 580 3631 618 ac
3663 564 3744 618 in-

2094 645 2386 701 visibilem
2422 647 2625 716 ;juxta
2673 647 3040 720 psalmorum
3087 651 3398 708 Cantorem
3427 670 3440 708 :
3474 655 3650 710 Nubes
3697 665 3750 710 et

2093 734 2272 804 caligo
2304 735 2365 789 in
2391 737 2632 792 circuitu
2661 738 2780 806 ejus
2809 738 2884 809 (g)
2916 742 3015 805 ;et
3042 757 3061 794 :
3094 740 3284 795 Posuit
3335 745 3583 798 tenebras
3615 745 3746 798 lati-

2095 824 2282 880 bulum
2301 842 2461 880 suum
2496 827 2607 897 (Ιι).

2165 915 2308 970 23]
2350 919 2561 971 Mentes
2589 918 2766 972 oculis
2795 921 3002 988 captas.
3037 919 3162 975 Non
3213 920 3370 976 enim
3428 922 3746 980 sensilibus

2094 1001 2281 1057 oculis
2315 1001 2470 1074 pleni
2501 1009 2662 1071 sunt,
2697 1005 2796 1059 sed
2847 1022 3050 1062 eorum
3109 1009 3366 1064 essentia
3422 1014 3533 1075 est,
3591 1011 3750 1067 velut

2097 1107 2260 1146 mens
2290 1091 2438 1161 viva,
2474 1096 2596 1147 tota
2625 1093 2829 1149 oculus
2861 1095 3193 1152 acutissimi
3225 1097 3386 1154 visus
3420 1119 3434 1168 ;
3481 1100 3638 1156 unde
3668 1101 3752 1155 di-

2095 1184 2310 1235 cuntur
2339 1182 2398 1235 in
2429 1181 2733 1253 Scriptura
2782 1184 2999 1240 multos
3031 1185 3245 1242 habere
3277 1188 3496 1244 oculos.

2166 1274 2230 1327 Et
2265 1289 2460 1329 sensus
2512 1275 2781 1346 relinque.
2818 1276 2934 1332 Hoc
2987 1293 3056 1332 ex
3087 1283 3292 1333 mutua
3317 1281 3752 1350 comparatione

2096 1361 2466 1418 declaratur:
2497 1381 2631 1418 nam
2666 1364 2894 1435 antiqui
2922 1367 3222 1422 non-entia
3255 1373 3532 1424 vocarunt
3557 1370 3748 1425 sensi-

2096 1450 2196 1517 lia,
2229 1452 2368 1523 quia
2396 1469 2630 1508 omnem
2693 1454 3078 1510 mutationem
3137 1456 3511 1528 participant,
3544 1463 3600 1513 et
3633 1476 3746 1514 non

2096 1545 2237 1595 sunt
2265 1557 2497 1612 semper
2525 1542 2729 1597 eodem
2755 1544 2924 1598 modo
2952 1559 2964 1599 :
2999 1543 3392 1616 intelligibilia
3429 1563 3562 1601 vero
3593 1547 3749 1602 entia

2096 1628 2304 1684 dicunt
2332 1630 2470 1700 quia
2499 1630 2802 1686 voluntate
2849 1633 3138 1688 Creatoris
3185 1633 3342 1689 velut
3391 1633 3751 1692 immortalia

2097 1721 2237 1772 sunt
2266 1733 2370 1773 nec
2397 1719 2791 1775 substantiam
2826 1726 3080 1778 mutant.
3138 1722 3268 1778 Haec
3326 1740 3479 1795 saepe
3509 1725 3569 1780 in
3600 1724 3750 1782 libro

2096 1807 2170 1861 De
2199 1805 2405 1862 divinis
2434 1807 2749 1863 nominibus
2772 1809 3180 1881 exposuimus.

2168 1894 2350 1966 Supra
2379 1911 2593 1952 omnem
2622 1897 3012 1954 substantiam.
3037 1899 3094 1954 Si
3105 1899 3484 1970 mplicitatem
3504 1905 3755 1975 etsupra

2098 1999 2332 2040 omnem
2351 1985 2968 2052 unitatem.Quomodo
2983 1991 3181 2044 autem
3197 1989 3412 2060 aliquis
3425 1991 3753 2063 ignorando

2097 2073 2170 2128 ad
2190 2073 2374 2130 Deum
2388 2074 2667 2146 elevatur,
2685 2080 2812 2131 tum
2837 2076 2896 2131 in
2923 2075 3072 2133 libro
3097 2079 3173 2134 De
3201 2077 3412 2135 divinis
3431 2082 3754 2138 nominibus

2099 2163 2286 2234 capite
2316 2163 2522 2234 quinto
2551 2165 2774 2221 dictum
2827 2170 2937 2234 est,
2970 2171 3096 2222 tum
3155 2167 3250 2222 hic
3282 2173 3416 2241 post
3447 2187 3634 2242 pauca
3663 2170 3754 2227 in-

2098 2250 2321 2308 venies.

2170 2346 2280 2396 Per
2304 2341 2538 2398 liberam
2565 2348 2620 2399 et
2647 2344 2969 2401 absolutam.
3006 2345 3274 2402 Liberum
3315 2347 3645 2406 discessum
3669 2350 3757 2406 di-

2101 2430 2174 2485 cit
2205 2447 2506 2488 secessum
2536 2434 2608 2488 ab
2639 2435 2797 2490 omni
2831 2435 3272 2507 atl‘ectu,pro,ut
3303 2437 3464 2494 nullo
3498 2438 3759 2496 detinea-

2101 2523 2200 2574 tur
2235 2521 2472 2592 all‘ectu,
2506 2537 2695 2594 neque
2727 2539 2868 2597 erga
2906 2540 2989 2593 se,
3051 2541 3243 2598 neque
3299 2542 3438 2600 erga
3494 2528 3756 2600 aliquam

2102 2611 2454 2667 creaturam.

2174 2697 2538 2755 Tenebrarum
2560 2701 2797 2758 radium.
2812 2702 2930 2758 Hoc
2956 2702 3080 2759 loco
3103 2703 3246 2760 dicit
3273 2705 3547 2762 tenebras
3567 2706 3762 2764 omni-

2103 2786 2340 2842 modam
2374 2787 3157 2862 incomprehensibilitatem.

2181 2880 2506 2953 §II.Nemo
2534 2893 2722 2934 eorum
2769 2880 2865 2950 qui
2921 2894 3032 2934 non
3087 2888 3215 2935 sunt
3270 2882 3550 2937 instructi.
3607 2881 3756 2938 Nota

2104 2985 2240 3026 eum
2270 2982 2474 3022 vocare
2503 2964 2784 3037 ἀμυήτους
2814 2983 2912 3023 eos
2944 2967 3043 3038 qui
3078 2969 3354 3040 mysteria
3377 2970 3614 3042 quidem
3643 2987 3761 3027 non

2105 3055 2552 3130 participarunt,
2585 3055 2688 3112 sed
2744 3055 3063 3111 sensilibus
3089 3056 3489 3125 involvuntur,
3523 3063 3581 3114 et
3613 3057 3763 3114 nihil

2103 3161 2233 3202 esse
2265 3159 2447 3216 supra
2474 3159 2544 3198 ea
2572 3159 2699 3215 qua
2728 3143 3005 3199 videntur
3061 3145 3444 3202 arbitrantur.
3497 3146 3763 3202 Profecto

1520 3230 1618 3286 Καὶ
1687 3249 1752 3298 ση
1764 3228 1989 3301 μείωσαι

2119 3235 2180 3289 is
2209 3231 2450 3288 omnino
2481 3231 2739 3302 profanis
2780 3232 2978 3287 statim
3007 3233 3314 3305 subjungit
3337 3238 3424 3302 ;et
3445 3238 3585 3289 nota
3607 3235 3764 3306 quod

2109 3323 2256 3379 alios
2289 3322 2444 3377 dicat
2469 3319 2749 3392 ἀμυήτους
2778 3325 2834 3376 et
2856 3320 3002 3378 alios
3027 3319 3321 3394 ἀμύστους,
3368 3340 3474 3379 seu
3521 3323 3767 3378 minime

2107 3412 2452 3467 instructos.

2181 3500 2240 3554 Si
2269 3504 2466 3555 autem
2492 3515 2662 3569 supra
2692 3499 2785 3554 hos
2814 3503 2962 3555 sunt.
2998 3500 3062 3554 In
3100 3499 3398 3571 prioribus
3426 3500 3660 3556 locutus
3681 3503 3771 3556 est

2109 3589 2180 3644 de
2211 3588 2284 3644 iis
2315 3589 2417 3660 qui
2451 3586 2824 3643 crediderant
2856 3588 3094 3658 quidem
3129 3588 3350 3644 nomini
3398 3588 3638 3660 Christi,
3670 3590 3771 3644 sed

2109 3678 2184 3732 ad
2212 3675 2549 3732 ulteriorem
2581 3676 2980 3747 cognitionem
3017 3693 3134 3732 non
3169 3681 3648 3748 pervenerant,at
3677 3693 3774 3732 ve-

2107 3766 2340 3822 ritatem
2372 3764 2619 3836 preprias
2678 3765 2940 3838 Opinioni
3015 3775 3524 3837 commensuranl,
3585 3783 3777 3839 neque

2109 3855 2303 3912 sciunt
2331 3854 2721 3910 dillerentiam
2743 3855 3140 3910 essentiarum
3162 3854 3398 3911 illarum
3429 3873 3627 3912 rerum
3647 3873 3776 3928 quae

2108 3943 2342 4016 proprie
2371 3947 2606 4011 sunt,et
2634 3960 2839 3999 earum
2862 3960 2990 4014 quae
3021 3948 3254 4000 tantum
3294 3945 3592 4016 aaquivoce
3613 3949 3775 4016 sunt,

2112 4036 2289 4104 atque
2319 4031 2450 4101 ejus
2481 4032 2581 4102 qui
2617 4031 2897 4088 omnibus
2930 4049 3058 4104 quae
3093 4038 3235 4088 sunt
3265 4037 3527 4104 praestat,
3552 4050 3618 4089 ac
3647 4033 3777 4090 ideo

2115 4120 2624 4191 superessentialis
2655 4121 2947 4177 est.Ta|es
2981 4121 3476 4193 igitur,tanquam
3507 4120 3772 4192 ἀμύητοι,

2115 4225 2218 4264 seu
2251 4209 2501 4264 necdum
2535 4209 2594 4263 in
2624 4209 3073 4265 sublimioribus
3105 4209 3361 4266 instituti
3394 4209 3778 4279 arbitrantur,

2116 4298 2227 4353 hoc
2255 4296 2451 4354 velum
2482 4299 2637 4369 quod
2666 4299 2822 4371 apud
2857 4316 2964 4355 nos
2997 4299 3182 4355 Deum
3215 4299 3493 4368 occultat,
3524 4317 3781 4372 eumque

2117 4387 2188 4442 ab
2215 4387 2482 4442 omnium
2514 4394 2754 4460 aspectu
2808 4389 3143 4459 abscondit,
3183 4405 3309 4445 esse
3347 4405 3551 4446 revera
3581 4389 3781 4462 caligi-

2115 4491 2251 4532 nem
2281 4478 2830 4549 tenebrosam;qua
2877 4477 3220 4550 ignorantia
3276 4479 3456 4535 etiam
3490 4479 3644 4535 inter
3674 4497 3780 4535 nos

2117 4564 2290 4620 multi
2323 4565 2615 4634 laborant,
2665 4571 2867 4639 utpote
2900 4569 3241 4639 ignorantes
3299 4567 3778 4639 copiosissimum

2120 4653 2313 4710 lumen
2346 4657 2660 4712 obscurare
2692 4673 2924 4712 omnem
2973 4660 3300 4728 aspectum.
3337 4656 3396 4711 Si
3419 4656 3600 4727 igitur
3629 4656 3784 4713 inter

2121 4757 2228 4796 nos
2263 4742 2407 4798 tales
2439 4743 2577 4809 sint,
2611 4743 2751 4815 quid
2779 4743 3044 4798 dicemus
3075 4744 3146 4798 de
3167 4742 3513 4811 idololatria,
3542 4743 3661 4814 qui,
3686 4760 3780 4799 ar-

2122 4846 2403 4886 canorum
2438 4832 2570 4887 ﬁdei
2590 4835 2877 4904 expertes,
2905 4831 3080 4888 etiam
3113 4832 3432 4888 simulacra
3471 4836 3780 4904 stupentes

2121 4921 2520 4976 venerantur?
2551 4923 2753 4992 Itaque
2775 4919 3166 4992 intelligibilia
3197 4921 3350 4977 232
3382 4924 3524 4976 sunt
3550 4921 3783 4992 proprie

2124 5001 2274 5078 ὄντα,
2305 5025 2409 5065 seu
2441 5027 2510 5067 ea
2541 5026 2671 5082 quae
2693 5013 2852 5077 sunt,
2887 5009 3178 5080 aaquivoce
3205 5026 3338 5066 vero
3361 5009 3638 5077 sensilia;
3672 5009 3782 5066 hoc

2123 5106 2318 5158 autem
2344 5116 2513 5172 supra
2543 5099 2944 5171 hos,designat
2973 5099 3173 5154 ﬁdeles
3205 5099 3304 5170 qui
3337 5098 3397 5153 in
3429 5098 3782 5171 corruptibi-

2124 5191 2280 5246 libus
2312 5189 2558 5244 herent.

2197 5279 2332 5334 Cum
2361 5285 2605 5350 Oporteat
2633 5277 2694 5333 in
2743 5295 2831 5333 ea.
2891 5277 3196 5348 Tanquam
3257 5293 3384 5348 quae
3436 5277 3639 5333 omnia
3691 5280 3782 5332 est

2127 5371 2299 5426 modo
2329 5369 2448 5425 Deo
2477 5367 3105 5438 convenienti,etnihil
3137 5371 3230 5423 est
3260 5369 3433 5424 modo
3463 5368 3781 5426 essentiam

2126 5462 2475 5532 superante;
2495 5458 2618 5516 haec
2645 5459 2802 5514 enim
2827 5457 3141 5515 afﬁrmatio
3163 5460 3252 5515 est
3274 5474 3340 5514 ac
3372 5457 3782 5531 negatio,quo-
