4108 6398
394 360 499 414 419

1244 357 1608 408 APPENDIX
1645 357 1743 408 AD
1779 352 2024 406 OPERA
2060 351 2119 404 S.
2157 349 2474 408 DIONYSII
2511 352 3015 409 AREOPAGITE.

3713 351 3823 406 420

391 485 549 539 niam
581 487 825 553 utraque
868 481 938 536 de
987 480 1186 534 divina
1218 479 1524 549 majestate
1554 477 1850 533 dicuntur.
1889 473 2034 539 Quid

2158 471 2298 534 θείας
2333 472 2585 550 λέγονται
2641 475 3085 550 μεγαλειότητος.
3116 475 3183 531 Τί
3236 470 3293 528 δέ
3337 473 3470 529 εἰσιν
3515 476 3568 528 αἱ
3602 474 3819 552 ἀποφά-

393 576 590 627 autem
623 571 744 626 sint
773 567 1111 638 negationes
1143 567 1502 624 ablationum
1533 569 1588 621 et
1609 565 2042 621 afﬁrmationes

390 659 777 731 positionum,
810 675 876 712 ac
909 657 1051 727 quid
1089 657 1460 729 privationes,
1492 659 1619 710 tum
1653 653 1761 710 hoc
1790 654 1914 709 loco
1946 669 2043 707 ex-

389 749 659 819 plicatur,
693 751 820 802 tum
851 746 1110 802 maxime
1131 746 1191 800 in
1218 746 1392 801 tertio
1421 745 1610 816 capite
1632 743 1766 800 libri
1796 745 1874 799 De
1900 741 2044 798 divi-

387 839 477 890 nis
511 836 830 892 nominibus
859 833 1206 890 excellenter
1223 838 1278 889 et
1302 835 1426 888 fuse
1459 833 1862 904 exposuimus.

463 927 788 982 Contrarias
808 922 1295 995 esse.Negationes
1328 939 1442 977 non
1468 921 1684 994 opponi
1703 919 2045 976 afﬁrmatio-

391 1016 567 1070 nibus
593 1015 654 1070 in
686 1014 801 1069 Deo
823 1030 986 1082 ;nam
1001 1012 1154 1067 Deus
1171 1016 1409 1083 superat
1430 1026 1665 1067 omnem
1691 1009 2047 1066 ablutionem

389 1109 446 1158 et
475 1101 1006 1174 positionem.Lege
1037 1100 1293 1156 etiamin
1325 1100 1476 1157 libro
1500 1105 1578 1156 De
1602 1099 1808 1156 caelesti
1827 1100 2042 1154 hierar-

387 1194 512 1248 chio
542 1191 716 1264 paulo
738 1194 870 1262 post
903 1189 1283 1261 principium.

456 1372 608 1440 §III.
638 1375 748 1428 Hac
795 1371 989 1442 utique
1051 1371 1266 1426 ratione
1324 1369 1548 1425 divinus
1588 1371 2041 1426 Bartholomaeus.

387 1460 533 1516 Hinc
563 1461 740 1516 etiam
772 1465 908 1516 nota
941 1459 1069 1514 sine
1097 1459 1328 1514 fictione
1351 1458 1474 1513 haec
1492 1458 1691 1514 divina
1722 1475 1898 1530 opera
1918 1474 2047 1514 esse

392 1549 589 1622 magni
621 1549 916 1622 Dionysii;
952 1553 1163 1620 praeter
1192 1547 1347 1620 quod
1380 1547 1537 1602 enim
1567 1547 1626 1602 in
1651 1547 1947 1620 prioribus
1971 1545 2044 1601 li-

388 1639 510 1696 bris
542 1639 941 1710 quorumdam
976 1637 1075 1709 qui
1100 1636 1387 1709 apostolis
1407 1637 1789 1692 convixerunt
1805 1639 2044 1692 senten-

384 1728 604 1784 tiarum
620 1727 1079 1798 meminit,nunc
1101 1726 1303 1783 statim
1325 1726 1680 1782 sententiam
1703 1725 1883 1781 divini
1904 1725 2044 1782 Bar-

2154 583 2262 624 σεις
2289 567 2397 617 τῶν
2449 564 2782 641 ἀφαιρέσεων
2829 564 2919 619 καὶ
2970 565 3023 619 αἱ
3067 562 3392 642 καταφάσεις
3437 568 3545 618 τῶν
3592 563 3814 633 θέσεων,

2152 653 2241 704 καὶ
2271 653 2323 706 τί
2356 655 2410 706 αἱ
2443 656 2743 730 στερήσεις,
2776 654 2866 709 καὶ
2918 651 3143 708 ἐνταῦθα
3174 654 3546 730 σαφηνίζεται,
3583 653 3673 707 καὶ
3710 651 3815 724 μά-

2154 739 2311 796 λιστα
2361 741 2413 795 έν
2457 747 2534 815 τῷ
2580 742 2751 820 τρίτῳ
2781 741 3091 818 κεφαλαίῳ,
3137 741 3228 796 καὶ
3260 741 3314 796 ἐν
3345 747 3425 813 τῷ
3479 741 3609 815 Περὶ
3656 741 3813 805 θείων

2161 829 2444 903 ὀνομάτων
2479 831 2628 908 λόγῳ
2659 829 2931 910 διαφόρως
2961 830 3050 886 καὶ
3084 829 3337 894 πλατέως
3378 831 3742 905 παρεθέμεθα.

2228 921 2630 994 Ἀντικειμένας
2679 921 2838 977 εἶναι.
2874 921 2994 977 ’Ότι
3048 919 3135 974 ἐπὶ
3187 923 3321 975 Θεοῦ
3361 918 3460 975 οὐκ
3491 919 3818 975 ἀντίκεινται

2161 1009 2215 1062 αἱ
2273 1008 2572 1086 ἀποφάσεις
2629 1014 2747 1070 ταῖς
2806 1009 3165 1086 καταφάσεσιν
3204 1027 3216 1042 ο
3281 1009 3412 1082 ὑπὶρ
3482 1014 3655 1063 πᾶσαν
3711 1009 3817 1084 γάρ

2161 1096 2298 1151 ἐστιν
2335 1099 2362 1151 6
2394 1099 2522 1162 Θεὸς
2568 1098 2658 1152 καὶ
2708 1097 2986 1174 ἀφαίρεσιν
3033 1097 3121 1152 καὶ
3171 1097 3334 1161 θέσιν.
3381 1098 3678 1172 Ἀνάγνωθι
3723 1097 3819 1152 καὶ

2160 1185 2211 1240 ἐν
2243 1193 2359 1250 τοῖς
2395 1188 2524 1262 Περὶ
2552 1192 2651 1253 τῆς
2701 1187 2950 1264 οὐρανίας
2997 1187 3289 1263 ἱεραρχίας
3341 1186 3454 1259 μετ’
3488 1183 3682 1262 ὀλίγον
3713 1189 3818 1252 τῆς

2158 1275 2358 1351 ἀρχῆς.

2230 1367 2256 1438 §
2308 1367 2406 1423 ΙΙΙ.
2467 1364 2621 1420 Οὕτω
2675 1370 2806 1442 γοῦν
2865 1366 2892 1420 6
2951 1369 3097 1430 θεῖος
3157 1365 3580 1441 Βαρθολομαῖος
3616 1409 3628 1422 .
3693 1371 3813 1434 Ση-

2160 1453 2386 1526 μείωσαι
2416 1454 2507 1509 καὶ
2537 1453 2772 1510 ἐντεῦθεν
2807 1457 2854 1491 ²²
2879 1455 2942 1510 τὸ
2975 1453 3250 1510 ἄπλαστον
3281 1458 3378 1508 τοῦ
3411 1455 3538 1508 εἶναι
3562 1455 3610 1490 ³⁸
3647 1451 3820 1507 ταῦτα

2153 1543 2220 1598 τὰ
2253 1545 2369 1598 θεῖα
2401 1546 2741 1619 συντάγματα
2781 1548 2876 1599 τοῦ
2923 1543 3168 1618 μεγάλου
3219 1541 3523 1599 Διονυσίου.
3558 1543 3703 1618 Πρὸς
3735 1543 3820 1603 οἶς

2152 1631 2253 1708 γὰρ
2299 1631 2349 1686 ἐν
2398 1638 2519 1696 τοῖς
2581 1633 2870 1709 προτέροις
2919 1631 3110 1710 λόγοις
3158 1637 3321 1687 τινῶν
3378 1637 3489 1687 τῶν
3547 1632 3820 1686 συνόντων

2151 1727 2269 1784 τοῖς
2327 1721 2654 1786 ἀποστόλοις
2711 1725 2935 1796 μνήμην
2995 1723 3253 1799 χρήσεων
3328 1720 3653 1791 ἐποιήσατο,
3728 1724 3821 1774 νῦν

384 1816 683 1872 tholornaai
715 1817 1146 1885 adducit,sicut
1167 1815 1514 1886 declaratgrb
1547 1813 1732 1892 φησίν,
1764 1817 2034 1909 ait;nam

2158 1810 2556 1888 παραπλησίως
2601 1815 2698 1866 τοῦ
2743 1812 2888 1866 θείου
2937 1809 3361 1886 Βαρθολομαίου
3411 1815 3620 1909 χρῆκσιν
3663 1810 3812 1885 ἄγει,

383 1906 433 1962 si
467 1906 693 1978 absque
724 1905 948 1978 scripto
979 1904 1300 1975 docuisset,
1333 1905 1590 1974 profecto
1649 1904 1895 1960 dixisset
1918 1897 2043 1980 ἔφη,

384 1996 590 2053 aiebat.
620 1995 769 2051 Nota
799 2010 932 2051 eum
964 1994 1169 2050 afferre
1201 1993 1556 2049 sententiam
1579 1993 1765 2050 sancti
1797 1993 2044 2050 Bartho-

384 2085 599 2155 lomzni,
631 2085 925 2155 quomodo
954 2082 1251 2154 theologia
1280 2083 1361 2138 sit
1380 2099 1595 2154 magna
1624 2087 1682 2139 et
1703 2082 1970 2140 minima.

457 2265 731 2332 Quoniam
760 2271 814 2319 et
841 2264 1054 2336 copiosi
1081 2266 1370 2330 sermonis,
1403 2265 1501 2320 Gr.
1554 2260 1895 2337 πολυλόγος.
1928 2267 2042 2318 Πο-

385 2350 623 2428 λυλόγος
679 2357 924 2409 accentu
978 2353 1039 2408 in
1098 2351 1443 2424 penultima,
1499 2354 1597 2424 qui
1652 2354 1830 2409 multa
1861 2353 2036 2422 dicit;

381 2439 699 2517 πολύλογος
730 2446 973 2497 accentu
1005 2442 1065 2496 in
1081 2439 1676 2512 antepenultima,qui
1704 2441 1898 2496 multis
1916 2457 2041 2497 ver-

385 2532 466 2586 bis
494 2531 706 2601 indiget
736 2548 749 2599 ;
783 2529 938 2586 sicut
967 2529 1145 2585 etiam
1177 2527 1527 2603 πρωτότοκος
1557 2533 1802 2585 accentu
1834 2529 1894 2584 in
1931 2547 2038 2586 an-

381 2617 788 2690 tepenultima,
812 2620 908 2690 qui
935 2619 1116 2690 primo
1142 2620 1365 2690 paritur
1391 2637 1414 2683 ,-
1443 2615 1797 2691 πρωτοτόκος
1827 2635 1960 2675 vero
1979 2619 2037 2674 in

380 2706 729 2779 penultima,
760 2708 966 2762 mulier
995 2722 1124 2778 qua
1148 2709 1334 2779 primo
1358 2707 1532 2779 parit.
1566 2707 1660 2763 Sic
1700 2707 1988 2764 Homerus
2021 2724 2034 2762 :

451 2799 606 2852 Nunc
632 2798 881 2868 primum
911 2797 1132 2857 pariens
1162 2798 1384 2870 Cinyre,
1415 2799 1574 2868 prius
1622 2798 1796 2852 inscia
1823 2804 2035 2869 partus.

453 2887 636 2958 ωροτε
649 2902 768 2959 qua
787 2902 966 2956 neque
980 2885 1578 2944 rationem.Nimirum
1603 2885 1705 2956 qui
1738 2885 2037 2957 propriam

379 2978 654 3030 naturam
706 2979 1090 3046 repraesentet
1122 2974 1179 3029 in
1217 2975 1494 3030 externis.
1524 2972 1713 3028 Simili
1761 2974 1935 3030 modo
1966 2975 2037 3029 de

377 3061 773 3136 intelligentia
815 3061 1282 3136 intelligendum.

449 3152 647 3206 Divina
669 3152 860 3208 omnia
890 3153 1107 3208 lumina
1138 3157 1189 3208 et
1211 3168 1389 3209 sonos.
1424 3153 1611 3208 Senos
1642 3156 1699 3208 et
1730 3168 2031 3210 sermones

375 3239 640 3296 ccelestes
674 3240 817 3297 dicit
846 3259 913 3297 ea
946 3258 1074 3312 quae
1101 3243 1170 3298 de
1201 3247 1313 3297 Deo
1353 3243 1412 3298 in
1472 3241 1788 3314 Scripturis
1835 3241 2035 3298 dicun-

373 3332 491 3398 tur,
524 3334 810 3403 tanquam
851 3331 1107 3386 rationes
1168 3349 1283 3386 non
1335 3332 1660 3388 secundum
1708 3331 2032 3389 humanam

371 3423 429 3475 et
455 3422 743 3476 terrenam
778 3419 1254 3492 intelligentiam,
1288 3421 1391 3477 sed
1424 3422 1748 3477 secundum
1773 3421 2031 3478 divinam

371 3507 824 3580 intelligentiam
858 3508 1015 3564 dicta
1044 3514 1100 3565 et
1133 3509 1369 3566 tradita.

444 3596 675 3651 Divinas
704 3598 931 3668 Moyses.
967 3598 1118 3654 Nota
1150 3599 1445 3670 quomodo
1493 3599 1563 3655 de
1617 3602 1811 3672 Moyse
1842 3599 2028 3656 disse-

372 3689 490 3754 rat,
521 3701 733 3758 nempe
762 3685 862 3741 ubi
916 3685 974 3742 in
1007 3691 1267 3744 montem
1319 3688 1707 3756 ascendisset,
1763 3693 1938 3759 atque
1968 3688 2028 3742 in

371 3771 680 3846 caliginem
711 3774 1020 3846 ingressus
1052 3777 1284 3846 fuisset,
1314 3777 1534 3834 vidisse
1574 3780 1864 3849 quantum
1892 3775 2030 3832 licet

369 3862 615 3934 homini,
648 3867 853 3919 Deum.
879 3865 1129 3921 Adverte
1159 3867 1337 3922 etiam
1369 3866 1633 3923 ordinem
1663 3881 1866 3922 eorum
1900 3881 2028 3936 quae

367 3951 428 4008 in
459 3955 652 4025 Moyse
685 3953 839 4009 288
863 3954 1118 4025 perfecta
1143 3958 1302 4022 sunt,
1337 3959 1655 4026 antequam
1688 3954 1906 4025 dignus
1927 3952 2029 4009 ha-

367 4041 607 4098 beretur
633 4041 894 4098 divinam
929 4042 1243 4116 caliginem
1276 4043 1528 4116 ingredi.

439 4130 546 4187 Sed
575 4131 756 4188 locum
781 4132 878 4187 ubi
907 4134 1084 4188 stetit.
1119 4133 1260 4200 Quis
1325 4133 1404 4188 sit
1436 4133 1599 4188 locus
1628 4131 1687 4186 in
1719 4147 1834 4205 quo
1865 4130 2029 4187 stetit

367 4218 524 4276 Deus
547 4236 744 4276 coram
767 4220 983 4292 Moyse,
1013 4228 1068 4278 et
1125 4222 1266 4293 quid
1299 4222 1418 4276 sint
1464 4220 1776 4277 cacumina
1805 4218 2023 4276 intelli-

369 4307 632 4380 gibilium
669 4311 725 4364 et
755 4309 896 4380 quid
925 4309 1652 4382 sensilium,exposuimus
1685 4308 1745 4365 in
1777 4308 1926 4366 libro
1947 4315 2026 4367 De

364 4398 576 4454 calcati
609 4397 926 4455 hierarchia
947 4399 1006 4455 in
1042 4399 1158 4455 ﬁne
1190 4398 1399 4470 capitis
1431 4397 1629 4471 primi.

439 4576 861 4648 Hypotheticas.
919 4575 1304 4640 Ὑποθετικοὺς
1365 4573 1563 4650 λόγους
1603 4573 1742 4632 dicit
1771 4576 2026 4634 rationes
2055 4581 2104 4648 Β

367 4679 495 4734 quis
522 4681 613 4721 res
645 4665 1010 4736 describunt,
1043 4670 1102 4721 et
1134 4663 1307 4737 quasi
1355 4663 1846 4738 contemplantur,
1877 4683 2024 4738 quas

368 4753 451 4808 ait
479 4770 609 4810 esse
637 4753 754 4810 Deo
788 4754 1086 4825 subjectas
1110 4778 1124 4821 ;
1147 4770 1251 4827 per
1279 4752 1441 4824 ipsas
1466 4754 1620 4810 enim
1650 4771 1751 4811 seu
1784 4771 1888 4827 per
1917 4757 2026 4812 ha-

367 4859 500 4898 rum
534 4843 1033 4915 perseverantiam
1065 4849 1121 4900 et
1178 4843 1702 4914 conservationem,
1748 4846 2027 4903 docemur

366 4931 567 5004 ipsum
622 4935 901 4991 omnibus
960 4938 1334 5006 praesentem,
1396 4951 1514 4991 non
1569 4939 1888 4993 transeudo
1919 4939 2022 4994 sed

367 5022 727 5092 providendo
779 5039 794 5079 :
839 5022 1131 5094 spiritalia
1179 5038 1314 5080 vero
1374 5024 1700 5093 cacumina,
1756 5026 2024 5084 caelestes

367 5125 436 5167 ac
475 5110 875 5184 intelligentes
906 5112 1198 5168 essentias
1257 5127 1384 5183 quae
1441 5113 1594 5170 circa
1641 5113 1826 5171 Deum
1859 5121 2022 5188 sunt,

361 5205 706 5271 vocat,quas
733 5200 911 5255 etiam
943 5199 1070 5257 loca
1093 5201 1281 5274 ipsius
1303 5203 1676 5259 sanctissima
1697 5206 2023 5263 nominavit

367 5288 587 5361 quibus
620 5289 1046 5363 supereminet,
1080 5294 1182 5348 aut
1215 5308 1249 5348 a
1278 5291 1496 5364 quibus
1524 5291 1822 5365 liberatur,
1856 5295 2020 5352 nullo

367 5377 544 5434 modo
576 5392 820 5450 prorsus
851 5377 998 5452 ipsis
1027 5380 1385 5439 inhabitans.

2155 1901 2228 1963 ὡς
2262 1899 2428 1972 δηλοῖ
2471 1901 2533 1956 τὸ
2565 1899 2749 1977 φησίψ
2785 1900 2829 1954 εἷ
2878 1901 2982 1976 γὰρ
3034 1899 3294 1976 ἀγράφως
3338 1900 3406 1969 ἦν
3454 1896 3692 1970 διδάξας,
3736 1897 3819 1952 εἶ-

2156 1992 2310 2062 ρήκει
2349 1990 2428 2061 ἃν,
2473 1987 2598 2067 ἔφη.
2647 1988 2962 2063 Βημείωσαι
3014 1986 3073 2043 δὲ
3121 1989 3204 2042 ὅτι
3253 1991 3349 2043 τοῦ
3399 1987 3552 2064 ἐγίου
3602 1989 3817 2062 Βαρθο-

2154 2078 2392 2152 λομαίου
2424 2085 2623 2155 χρῆσιν
2659 2079 2938 2157 προφέρει,
2971 2082 3090 2140 πῶς
3122 2076 3310 2146 πολλή
3346 2075 3436 2131 καὶ
3467 2075 3739 2152 ἐλαχίστη
3775 2078 3812 2146 ἡ

2155 2166 2435 2231 θεολογία.

2384 2190 2490 2312 ακαὶ
2548 2256 2890 2332 πολυλόγος.
2951 2253 3275 2332 Πολυλόγος
3343 2257 3729 2330 παροξυτόνως
3791 2257 3821 2309 6

2151 2345 2337 2402 πολλὰ
2369 2344 2569 2422 λέγων’
2603 2345 2924 2422 πολύλογος
2973 2343 3032 2401 δὲ
3075 2345 3573 2422 προπαροξυτόνως
3607 2346 3636 2400 6
3669 2343 3814 2400 πολ-

2151 2433 2264 2492 λῶν
2310 2434 2491 2512 λόγων
2544 2433 2824 2509 δεόμενος
2869 2435 2945 2497 ὡς
2993 2437 3082 2490 καὶ
3128 2436 3481 2511 πρωτότοκος
3531 2454 3819 2512 προπαροο

2151 2525 2385 2596 ξυτόνως
2431 2527 2458 2580 6
2501 2527 2737 2600 πρώτως
2785 2523 3021 2601 τεχθείς·
3072 2525 3425 2602 πρωτοτόκος
3471 2521 3530 2580 δὶ
3577 2527 3820 2601 παροξυ-

2146 2617 2320 2680 τόνως
2349 2618 2383 2686 ἡ
2415 2618 2648 2691 πρώτως
2677 2619 2907 2670 τεκοῦσα
2935 2615 3093 2691 γυνὴ,
3128 2614 3203 2676 ὡς
3236 2613 3326 2669 καὶ
3355 2616 3632 2688 ’Όμηρος-

2149 2797 2506 2873 Πρωτοτόκος
2539 2794 2770 2869 Κινύρη,
2804 2794 2864 2848 οὐ
2897 2795 3024 2869 πρὶν
3059 2792 3235 2849 εἰδυῖα
3263 2795 3450 2849 τόκοιο

2217 2887 2310 2947 ⁸ος
2351 2881 2474 2938 οὔτε
2519 2881 2708 2958 λόγον.
2761 2880 2985 2953 Δηλαδὴ
3031 2890 3130 2953 τῆς
3175 2882 3375 2946 οἰκείας
3429 2883 3637 2960 φύσεως
3695 2903 3799 2936 πα·

2148 2973 2465 3047 ραστατικὸν
2498 2969 2550 3026 ἐν
2575 2976 2691 3034 τοῖς
2723 2966 2937 3044 ἔξωθεν.
2971 2973 3214 3045 Ὁμοίως
3257 2970 3348 3026 καὶ
3398 2971 3524 3047 περὶ
3562 2972 3800 3043 νοήσεως

2145 3060 2391 3133 νοητέον.

2219 3150 2398 3206 Πάντα
2447 3156 2564 3216 θεῖα
2617 3155 2768 3227 φῶτα
2813 3150 2901 3205 καὶ
2956 3149 3154 3226 ἤχους.
3202 3152 3413 3226 Ἥχους
3460 3151 3551 3205 καὶ
3607 3149 3814 3225 λόγους

2145 3241 2427 3318 οὐρανίους
2478 3241 2613 3320 φησί
2659 3241 2726 3294 τά
2771 3239 2894 3315 περὶ
2944 3243 3076 3295 Θεοῦ
3132 3239 3184 3294 έν
3232 3244 3351 3302 ταῖς
3392 3244 3631 3318 Γραφαῖς
3658 3239 3812 3314 είρη-

2148 3332 2298 3405 μένα,
2333 3332 2406 3394 ὡς
2441 3331 2515 3402 μὴ
2569 3329 2706 3384 κατὰ
2753 3329 2853 3397 τήν
2901 3329 3245 3406 ἀνθρωπίνην
3300 3329 3390 3384 καὶ
3436 3327 3638 3404 γηΐνην
3690 3327 3810 3382 ἐπί-

2139 3442 2315 3490 νοιαν,
2347 3419 2492 3475 ἆλλᾶ
2529 3420 2665 3474 κατὰ
2709 3418 2854 3483 θείαν
2914 3417 3152 3474 ἐπίνοιαν
3205 3417 3473 3494 λεχθέντα
3515 3417 3607 3474 καὶ
3638 3438 3814 3492 παρα-

2143 3507 2386 3579 δοθέντα.

2210 3601 2272 3656 Ὁ
2305 3604 2447 3662 θεῖος
2491 3600 2757 3663 Μωϋσῆς.
2807 3596 3149 3671 Σημείωσαι,
3197 3601 3317 3660 πῶς
3368 3595 3704 3674 διεξέρχεται
3741 3597 3813 3652 τὰ

2138 3687 2261 3758 περὶ
2302 3694 2579 3759 Μωΰσεος,
2612 3685 2720 3754 ὅτι,
2768 3685 2819 3741 ἐν
2871 3690 2950 3759 τῷ
2978 3682 3090 3761 ὄρει
3143 3684 3386 3751 ἀνελθὼν
3419 3687 3508 3740 καὶ
3538 3686 3806 3742 εἰσελθὼν

2137 3777 2213 3837 εἰς
2243 3776 2332 3831 τὸν
2356 3775 2555 3851 γνόφον
2589 3773 2748 3847 εἶδεν,
2778 3776 2854 3838 ὡς
2907 3774 3124 3853 ἐφικτὸν
3175 3775 3469 3852 ἀνθρώπῳ,
3504 3776 3597 3830 τὸν
3647 3775 3804 3833 Θεόν.

2139 3865 2460 3938 Σημείωσαι
2487 3866 2578 3919 καὶ
2611 3865 2706 3932 τήν
2738 3866 2886 3936 τάξιν
2920 3869 3029 3920 τῶν
3060 3862 3421 3920 τελεσθέντων
3451 3864 3540 3919 ἐπὶ
3586 3868 3802 3935 Μωσεῖ,

2134 3955 2262 4031 πρὶν
2295 3955 2586 4025 ἀξιωθῆναι
2621 3953 2884 4010 εἲσελθεῖν
2920 3953 2998 4017 είς
3027 3954 3118 4010 τὸν
3155 3959 3302 4019 θεῖον
3333 3955 3554 4034 γνόφον.

2208 4130 2388 4189 Ἀλλὰ
2441 4131 2532 4187 τὸν
2583 4132 2749 4188 τόπον
2807 4134 2868 4188 οὗ
2926 4128 3078 4205 ἔστη.
3141 4132 3238 4196 Τίς
3312 4134 3339 4187 ὁ
3397 4132 3566 4196 τόπος
3633 4131 3685 4188 ἓν

2135 4221 2260 4294 ἔστη
2311 4224 2338 4279 6
2385 4221 2514 4284 Θεὸς
2566 4221 2654 4278 ἐπὶ
2706 4223 3006 4292 Μωυσέως,
3058 4221 3146 4278 καὶ
3197 4221 3250 4278 τί
3303 4221 3444 4277 ἐστιν
3494 4221 3800 4297 ἀκρότητος

2133 4316 2366 4382 νοητῶν,
2417 4312 2506 4366 καὶ
2562 4310 2613 4365 τί
2673 4312 2905 4387 ὁρατῶν,
2967 4309 3020 4366 ἐν
3075 4316 3154 4383 τῷ
3219 4311 3348 4384 Περὶ
3397 4313 3498 4378 τῆς
3545 4311 3596 4365 έν
3640 4312 3805 4382 οὐρα-

2132 4407 2248 4463 νοῖς
2307 4399 2590 4476 ἱεραρχίας
2641 4400 2718 4464 είς
2770 4401 2832 4456 τὸ
2883 4399 3043 4462 τέλος
3089 4404 3188 4455 τοῦ
3231 4400 3455 4476 πρώτου
3497 4398 3798 4477 κεφαλαίου

2134 4487 2518 4564 διεξήλθομεν.

2207 4578 2620 4644 Ὑποθιτικούςθ
2699 4579 3081 4643 Ὑποθετικοὺς
3152 4577 3350 4656 λόγους
3433 4579 3612 4657 φησί,
3666 4579 3796 4640 τοὺς

2135 4667 2567 4747 ὐπογραφικοὺς,
2595 4668 2630 4738 ἢ
2663 4667 2739 4730 ὡς
2783 4667 3149 4742 θεωρητικοῦς
3198 4670 3244 4706 ³⁴
3272 4672 3381 4723 τῶν
3429 4664 3622 4738 ὅντων,
3657 4670 3793 4741 ἅπερ

2137 4752 2564 4831 ὑποϐεϐλημένα
2617 4751 2716 4834 ἔφη
2777 4759 2858 4828 τῷ
2915 4760 3034 4830 θεῷ
3089 4758 3247 4811 εἶναι.
3307 4753 3377 4809 δι’
3438 4755 3614 4811 αὐτῶν
3667 4757 3792 4831 γὰρ,

2133 4846 2304 4924 ἤγουν
2351 4853 2454 4916 τῆς
2503 4844 2709 4900 τούτων
2761 4843 3052 4918 διαμονῆς,
3083 4845 3173 4900 καὶ
3225 4845 3632 4919 συντηρήσεως,
3670 4851 3792 4907 τοῖς

2133 4943 2292 4992 πᾶσιν
2336 4935 2494 4990 αὐτὸν
2551 4939 2798 5006 παρεῖναι
2846 4931 3232 5009 διδασκόμεθα,
3267 4934 3331 4988 οὐ
3392 4929 3787 5007 μεταϐατικῶς,

2133 5025 2280 5081 ἀλλὰ
2322 5027 2722 5099 προνοητικῶς·
2771 5023 2976 5094 νοητὰς
3023 5021 3082 5078 δὶ
3128 5021 3434 5098 ἀκρότητας
3487 5022 3586 5086 τὰς
3633 5022 3794 5097 οὐρα-

2131 5116 2268 5186 νίας,
2296 5115 2386 5169 καὶ
2431 5112 2618 5189 νοεράς
2669 5112 2855 5175 οὐσίας
2901 5113 3000 5175 τὰς
3047 5112 3173 5187 περὶ
3224 5113 3351 5166 Θεὸν
3407 5108 3566 5174 οὔσας
3606 5111 3790 5183 καλεῖ,

2130 5201 2190 5265 ἃς
2240 5200 2330 5256 καὶ
2377 5199 2578 5262 τόπους
2628 5199 2794 5254 αὐτοῦ
2841 5200 3177 5276 ἁγιωτάτους
3223 5197 3525 5272 ὠνόμασεν·
3581 5199 3655 5252 ὧν
3696 5197 3791 5253 καὶ

2129 5292 2303 5348 αὐτῶν
2331 5289 2664 5363 ὐπέρκειται,
2697 5291 2732 5360 ἢ
2765 5289 2839 5352 ὡς
2881 5288 3200 5359 ἀπολύεται,
3232 5285 3369 5343 κατὰ
3402 5285 3571 5362 μηδὲν
3603 5287 3793 5350 αὐτοῖς

2129 5382 2275 5447 ὅλως
2304 5381 2660 5457 προσεοικώς.

1365 5561 1605 5620 VARI/E
1645 5562 2038 5622 LECTIONES
2076 5566 2168 5622 ET
2207 5561 2768 5621 CORRECTIONES.

432 5679 480 5716 ³³
505 5697 596 5755 ΥΡ·
629 5677 868 5747 ἐνταῧθελι.
946 5685 992 5722 ³⁸
1019 5704 1108 5762 γρ.
1141 5685 1482 5743 καθεστάναι.
1516 5687 1584 5759 (')
1619 5690 1691 5742 II.
1724 5706 1861 5761 xm,
1887 5691 1942 5746 5,
2018 5692 2034 5726 ι

2158 5715 2185 5747 ι,
2218 5687 2391 5764 ἤγουν
2421 5683 2819 5760 θεωρητικούς.
