4108 6380
288 359 402 412 421

371 483 480 538 Καὶ
544 481 664 535 τότε
715 481 805 534 καὶ
839 479 1012 534 αὐτῶν
1062 477 1380 534 ἀπολύεται.
1415 479 1528 547 Τὴν
1560 478 1695 533 κατά
1726 476 1959 532 σύνθεσιν
1993 481 2046 544 Α

281 576 393 625 τοῦ
429 571 601 646 ῥητοῦ
657 569 907 643 ἐξήγησιν
971 569 1113 622 οὕτω
1172 567 1420 640 νοητὲον,
1483 569 1564 622 ὅτι
1625 570 1652 622 6
1704 573 1961 636 Μωυσῆς,

285 663 588 734 θεωρήσας
644 659 735 713 τὸν
791 658 958 713 τόπον
993 659 1055 712 οὗ
1115 656 1352 728 εῗστήκει
1411 658 1438 710 6
1492 659 1644 725 Θεὸς,
1702 655 1790 711 καί
1841 655 1963 710 τότε

284 749 598 812 ἀπολυθεὶς
666 753 774 802 τῶν
851 769 910 803 τε
976 748 1299 823 ὁρωμένων,
1355 743 1632 801 τουτέστιν
1692 746 1960 816 αἶ’σοητῶν

288 840 579 910 ἁπάντων,
607 838 696 892 καὶ
741 842 850 891 τῶν
880 838 1161 912 ὁρώντων,
1194 835 1309 890 ἀντὶ
1372 840 1469 890 τοῦ
1501 836 1739 910 λογικῶν
1795 835 1961 888 ἀπάν-

283 950 426 998 των,
458 932 668 998 νοητῶν
700 927 758 980 τέ
785 947 929 1004 φημι
979 925 1069 980 καὶ
1095 929 1300 999 νοερῶν
1335 925 1558 993 οὐσιῶν,
1594 925 1710 998 μεθ’
1740 926 1813 977 ὧν
1873 922 1964 977 καὶ

284 1024 408 1074 τῶν
495 1018 778 1092 ἡμετέρων
846 1019 1066 1090 ψυχῶν,
1131 1019 1430 1085 τηνικαῦτα
1500 1014 1573 1076 εἷς
1620 1015 1712 1069 τὸν
1765 1013 1962 1090 γνόφον

287 1107 548 1178 εἰσῆλθε,
578 1106 854 1160 τουτέστιν
905 1105 980 1166 εἱς
1009 1105 1109 1173 τήν
1159 1104 1284 1178 περὶ
1317 1108 1450 1160 Θεοῦ
1494 1104 1787 1180 ἀγνωσίαν,
1816 1098 1962 1172 ἔνθα,

283 1197 471 1259 πάσας
521 1194 806 1267 ἀπομύσας
855 1196 951 1256 τὰς
1000 1193 1305 1268 γνωστικᾶις
1357 1191 1696 1267 ἀντιλήψεις,
1755 1193 1963 1267 ἒγένετο

283 1286 340 1341 ἐν
374 1291 461 1358 τῷ
513 1286 705 1361 ἀναφεῐ
750 1289 834 1355 τῷ
875 1288 954 1356 νῷ
983 1281 1074 1338 καί
1103 1281 1338 1358 ἀοράτῳ,
1371 1287 1556 1337 πασῶν
1617 1282 1961 1356 ἀντιλήψεων

282 1379 614 1450 γνωστικῶν
656 1377 755 1429 τοῦ
801 1373 938 1444 πέρα
985 1369 1202 1426 πάντων
1250 1375 1406 1444 Θεοῦ,
1455 1373 1546 1426 καὶ
1601 1371 1817 1435 ὲνωθεὶς
1875 1369 1964 1426 διὰ

282 1470 390 1520 τοῦ
440 1463 699 1520 τοιούτου
747 1463 957 1534 τρόπου
1015 1466 1084 1535 τῇ
1135 1460 1380 1533 ἀγνωσίᾳ
1436 1462 1526 1515 καὶ
1587 1460 1962 1537 ἁνενεργησίᾳ,

289 1555 354 1609 οὗ
391 1554 542 1630 λέγω
579 1557 648 1626 τῇ
697 1553 820 1628 περὶ
871 1552 1038 1606 αὐτοῦ
1098 1550 1453 1627 ἀνενεργησίᾳ
1498 1555 1596 1604 τοῦ
1648 1548 1789 1605 ἰδίου
1841 1554 1962 1621 νοῦ,

292 1642 424 1700 οὔτε
478 1646 548 1716 τῇ
600 1643 792 1716 ἑτέρου
824 1640 1182 1714 ἀνενεργησίᾳ
1207 1639 1260 1694 ἐν
1292 1644 1370 1711 τῷ
1403 1641 1543 1713 μήτε
1586 1639 1770 1712 αὐτὸν,
1825 1641 1964 1712 μήτε

291 1731 485 1808 ἕτερόν
513 1753 566 1786 τι
615 1735 784 1803 νοεῖν,
833 1727 960 1784 ἀλλ’
991 1729 1210 1792 ὲνωθεὶς
1238 1733 1318 1800 τῷ
1365 1726 1644 1790 παντελῶς
1705 1729 1964 1802 ἀγνώστῳ

1039 359 1098 410 S.
1141 358 1412 410 MAXIM!
1453 357 1761 410 SCHOLIA
1798 355 1872 408 ΙΝ
1910 355 2042 406 LIB.
2085 356 2180 406 DE
2222 357 2532 412 MYSTICA
2571 359 3007 413 THEOLOGIA.

3628 362 3734 416 422

2150 481 2209 534 Ft
2233 488 2362 536 tunc
2389 483 2556 537 etiam
2615 485 2681 537 ab
2737 484 2806 537 iis
2861 483 3160 538 absolutus.
3210 487 3541 542 Secundum
3593 503 3731 542 sen-

2073 569 2270 624 tentiae
2300 585 2366 626 ac
2404 571 2714 626 verborum
2761 571 3272 642 compositionem,
3329 575 3732 646 interpretatio

2074 658 2155 714 ita
2185 664 2271 714 est
2296 659 2698 732 intelligenda,
2731 660 2957 716 scilicet
2987 662 3141 732 quod
3199 663 3425 733 Moyses
3474 671 3731 721 contem-

2075 748 2270 819 platus
2301 749 2490 805 locum
2521 751 2620 806 ubi
2655 755 2804 807 Deus
2834 754 3347 822 steterat,tumque
3377 754 3448 809 ab
3480 755 3551 810 iis
3604 773 3731 828 quae

2073 838 2349 893 videntur
2372 839 2676 906 liberatus,
2709 840 2767 895 id
2797 849 2884 896 est
2914 841 2986 895 ab
3009 841 3289 898 omnibus
3322 843 3730 912 sensibilibus,

2074 933 2130 983 et
2161 929 2233 984 ab
2265 929 2337 984 iis
2369 948 2495 1002 quae
2521 931 2742 997 vident,
2774 947 2878 1003 pro
2910 931 2980 986 ab
3012 931 3290 987 omnibus
3322 933 3734 1004 rationalibus,

2075 1018 2903 1092 inlelligibilibus,inquam,et
2933 1019 3402 1093 intelligentibus
3435 1025 3732 1080 essentiis.

2075 1123 2208 1163 cum
2241 1108 2456 1179 quibus
2487 1109 2662 1165 etiam
2689 1110 2761 1165 ab
2794 1109 3110 1165 animabus
3142 1111 3383 1179 nostris,
3438 1117 3644 1184 postea
3677 1113 3734 1168 in

2078 1199 2388 1272 caliginem
2419 1201 2727 1273 ingressus
2749 1200 2922 1270 est,id
2939 1205 3030 1256 est
3058 1201 3117 1256 in
3150 1200 3251 1257 Dei
3281 1202 3736 1274 ignorationem,

2078 1289 2177 1344 ubi
2209 1306 2341 1345 cum
2375 1291 2569 1346 omnis
2626 1290 2978 1363 cognitionis
3035 1290 3305 1346 subsidia
3361 1293 3735 1364 exclusisset,

2079 1380 2188 1434 fuit
2218 1379 2276 1435 in
2309 1385 2502 1436 mente
2532 1397 2663 1452 quae
2693 1397 2798 1436 nec
2829 1380 2991 1452 tangi
3025 1397 3130 1436 nec
3175 1380 3356 1437 videri
3389 1387 3604 1453 potest,
3636 1383 3737 1439 Dei

2079 1467 2232 1524 ultra
2262 1485 2468 1525 omnes
2501 1469 2894 1541 cognoscendi
2927 1468 3236 1526 facultates
3269 1471 3595 1539 constituti,
3653 1475 3739 1527 ta-

2075 1557 2234 1629 lique
2266 1560 2438 1614 modo
2468 1560 2820 1630 conjunctus
2882 1559 3237 1630 ignorationi
3295 1565 3352 1615 et
3402 1560 3740 1627 cessationi,

2078 1665 2193 1703 non
2225 1649 2352 1704 dico
2387 1648 2619 1720 proprie
2652 1648 2868 1703 mentis
2899 1648 3242 1715 cessationi,
3270 1665 3462 1720 neque
3494 1648 3740 1705 alterius

2077 1737 2416 1805 cessationi,
2452 1753 2558 1792 nec
2602 1737 2892 1808 seipsum,
2949 1754 3055 1793 nec
3115 1738 3256 1809 quid
3315 1737 3473 1792 aliud
3525 1737 3739 1793 intelli-

292 1822 480 1892 πάσης
528 1820 782 1895 γνώσεως
835 1822 931 1872 τοῦ
962 1816 1178 1872 πάντων
1225 1815 1470 1874 ἐπέκεινα
1496 1818 1620 1872 τότε
1649 1820 1717 1890 τῇ
1776 1817 1964 1893 ἀγνοίᾳ

2082 1827 2288 1898 gendo,
2323 1826 2423 1882 sed
2457 1827 2809 1897 coniunctus
2838 1825 3282 1897 perfectissimae
3314 1828 3509 1882 omnis
3535 1827 3737 1899 cogni-

290 1911 356 1966 τὸ
385 1916 495 1964 πᾶν
549 1904 708 1984 ἔγνω.
745 1905 1060 1979 Σημείωσαι
1097 1904 1175 1976 δὲ,
1208 1906 1282 1969 ὡς
1309 1906 1506 1983 γνόφον
1538 1907 1639 1974 τὴν
1695 1905 1962 1982 ἀγνωσίαν

293 2001 495 2070 ἐνόησε
516 2002 580 2054 ²³.
637 2001 758 2059 Πῶς
795 1994 867 2050 δι’
917 1995 1183 2072 ἀγνωσίας
1241 1997 1267 2048 6
1317 1996 1444 2058 Θεὸς
1477 1994 1823 2070 γινώσκεται,
1872 1995 1962 2050 καὶ

289 2087 404 2144 ὧδέ
455 2109 624 2167 φησι,
672 2087 762 2141 καὶ
817 2085 870 2140 ἐν
923 2090 1000 2156 τῷ
1051 2084 1179 2159 Περὶ
1229 2085 1388 2139 θείων
1438 2084 1721 2157 ὀνομάτων
1783 2084 1961 2160 λόγῳ.

290 2177 644 2252 πλατύτερον
688 2173 1048 2247 διεξήλθομεν
1084 2173 1134 2228 ἐν
1168 2172 1555 2248 κεφαλαίῳ
1605 2174 1732 2247 Χρή
1784 2170 1841 2228 δὲ
1884 2174 1962 2228 εἰ-

289 2267 471 2339 amt,
507 2267 582 2329 ὼς
610 2264 663 2320 ἐν
695 2269 762 2338 τῇ
814 2260 1042 2335 Ἐξόδῳ,
1076 2260 1196 2326 ἔνθα
1223 2264 1543 2340 γὲγραπται,
1606 2260 1689 2316 ὅτι
1743 2260 1965 2332 εἰσῆλθε

287 2359 547 2422 Μωϋσῆς
581 2355 656 2416 εἷς
687 2355 778 2408 τὸν
811 2353 1011 2430 γνόφον
1045 2354 1106 2406 οὗ
1137 2355 1201 2420 ἦν
1234 2353 1261 2406 ὁ
1293 2352 1448 2424 Θεὸς,
1477 2353 1540 2406 τὸ
1604 2351 1698 2424 μὶν
1746 2348 1966 2428 Ἐϐραϊ-

286 2450 388 2504 κὸν
416 2444 537 2522 ἔχει
568 2441 776 2520 ἄραφέλ
810 2445 904 2513 (Ὗ
941 2442 992 2496 οἱ
1026 2439 1082 2496 δὲ
1113 2436 1550 2514 Ἑϐδομήκοντα,
1580 2445 1670 2496 καί
1701 2441 1965 2515 Ἀκύλας,

287 2539 381 2594 καὶ
455 2531 754 2589 Θεοδοτίων
829 2532 891 2586 τὸ
943 2530 1150 2608 ἀραφὲλ
1201 2530 1400 2607 γνόφον
1455 2528 1754 2603 ἐξέδωκαν.
1815 2531 1965 2603 Σύμ-

294 2645 488 2700 μαχος
520 2624 704 2696 μέντοι
753 2618 1008 2696 ὁμίχλην
1054 2621 1116 2675 τὸ
1175 2617 1381 2698 ἀραφὶλ
1414 2621 1765 2696 ἒρμήνευσεν.
1816 2622 1878 2678 Ὁ
1910 2618 1966 2675 δὲ

287 2709 561 2786 Ἐϐραῖος
593 2711 741 2788 λέγει
793 2710 858 2765 τὸ
900 2708 1132 2786 ἀραφὲλ,
1185 2705 1364 2782 ὄνομα
1407 2709 1539 2764 εἶναι
1591 2711 1968 2785 στερεώματος

291 2804 376 2866 εἰς
409 2804 441 2856 ὃ
494 2797 686 2880 ἔφθασε
735 2802 998 2868 Μωυσῆς·
1050 2798 1184 2853 ἑπτὰ
1229 2798 1330 2874 γὰρ
1383 2798 1730 2873 στερεώματά
1782 2820 1963 2874 φασιν,

286 2891 326 2946 ἃ
374 2890 471 2946 καὶ
507 2890 766 2967 ούρανοὸς
797 2888 1051 2955 καλοῦσι,
1097 2887 1184 2942 καὶ
1214 2887 1281 2942 τὰ
1310 2887 1553 2961 ὀνόματα
1584 2887 1856 2965 λέγουσιν’
1890 2890 1963 2942 ὧν

292 2985 676 3054 μνημονεῦσαι
708 2983 799 3033 νῦν
845 2977 945 3033 οὔκ
995 2978 1307 3052 ἀναγκαῖον.
1370 2979 1634 3052 ’Δνέγνων
1693 2975 1750 3032 δὲ
1803 2981 1964 3033 τοῦτο

289 3070 437 3126 ἒπτά
512 3068 772 3144 οὐρανοὺς
835 3069 923 3122 καὶ
1003 3066 1053 3122 ἐν
1277 3069 1731 3143 συγγεγραμμὲνῃ
1814 3068 1966 3141 ’Δρί-

291 3180 468 3215 στωνι
515 3162 595 3231 τῷ
639 3155 893 3230 Πελλαίῳ
951 3152 1185 3226 διαλέξει
1236 3155 1520 3212 Παπίσκου
1564 3158 1654 3211 καὶ
1705 3155 1958 3225 Ἰάσονος,

285 3253 358 3318 ἣν
397 3247 644 3320 Κλήμης
678 3248 706 3301 6
739 3242 1129 3320 Ἀλεξανδρεὺς
1153 3243 1204 3299 ἐν
1255 3241 1398 3317 ἕκτῳ
1433 3239 1638 3320 βιϐλίῳ
1665 3249 1772 3300 τῶν
1803 3247 1961 3299 Ὑπο-

285 3337 600 3393 τυπώσεων
680 3337 772 3390 τὸν
844 3336 998 3411 ἅγιον
1075 3339 1284 3388 Λουκᾶν
1369 3355 1531 3411 φησιν
1614 3333 1964 3409 ἀναγράψαι.

289 3432 500 3500 ’Ὀμως
534 3427 595 3480 τὸ
628 3427 750 3500 περὶ
810 3429 906 3478 τοῦ
962 3426 1189 3502 γνόφου,
1224 3423 1300 3484 εἷς
1331 3424 1428 3492 τήν
1493 3421 1637 3486 θείαν
1698 3422 1962 3498 ἀγνωσίαν

292 3515 709 3592 θεωρούμενον,
763 3514 1034 3588 θειότερον
1105 3511 1544 3586 πεφιλοσόφηται
1596 3514 1687 3567 καὶ
1745 3511 1798 3568 ἐν
1848 3517 1966 3575 ταῖς

293 3606 631 3668 ἐπιστολαῖς
662 3605 850 3659 αὐτοῦ·
877 3605 929 3658 ἐν
957 3607 1025 3678 τῇ
1058 3602 1280 3676 πέμπτῃ
1314 3600 1371 3657 δὲ
1399 3601 1626 3664 τελείως
1672 3603 1794 3679 περὶ
1844 3602 1968 3657 τού-

292 3718 403 3752 του
438 3696 660 3771 γράφει.

369 3969 490 4031 Τῆς
563 3959 742 4031 πάσης
817 3959 1070 4032 γνώσεως
1153 3957 1549 4033 ἀνενεργησίᾳ.
1641 3959 1962 4032 Σημείωσαι

285 4053 378 4107 ὅτι
442 4054 513 4125 τῇ
580 4049 756 4120 πάσης
832 4049 1086 4124 γνώσεως
1155 4046 1506 4122 ἀνενεργησίᾳ
1559 4053 1639 4118 τῷ
1701 4048 1965 4124 ἀγνώστῳ

285 4140 418 4195 ἐνού
427 4141 586 4213 μεΘα.

807 4229 921 4284 ΕΙΣ
961 4228 1046 4284 ΤΟ
1079 4227 1338 4282 ΚΕΦΑΔ.
1383 4227 1459 4281 Β’.

368 4320 522 4374 Κατά
569 4323 759 4373 τοῦτον
805 4319 994 4390 ἡμεῖς.
1043 4316 1142 4372 Καὶ
1204 4313 1428 4378 ἐνταῦθα
1477 4313 1599 4386 περὶ
1631 4314 1778 4370 θείου
1835 4318 1966 4391 γνό-

283 4431 396 4488 φου
471 4407 564 4462 καὶ
622 4413 721 4478 τῆς
779 4405 1045 4482 ἀγνωσίαν
1107 4400 1457 4488 λέγειηΚαὶ
1508 4403 1815 4475 σημείωσαι
1881 4405 1966 4460 ὅτι

279 4498 459 4553 τοῦτό
491 4497 600 4552 ἐστι
649 4497 711 4552 τὸ
771 4496 875 4551 ὑπὸ
903 4496 994 4550 τὸν
1037 4495 1180 4548 θεῖον
1233 4487 1435 4570 γνόφου
1468 4494 1740 4566 γενέσθαι,
1801 4496 1865 4550 τὸ
1893 4493 1966 4549 δι’

2081 1915 2257 1971 tionis
2288 1913 2641 1987 ignorationi
2673 1915 2803 1985 ejus
2835 1915 2937 1986 qui
2992 1917 3235 1986 superat
3277 1914 3571 1982 universa,
3603 1920 3732 1970 tum

2078 2003 2446 2076 ignoratione
2493 2003 2695 2059 omnia
2754 2003 2932 2058 novit.
2994 2007 3145 2059 Nota
3199 2019 3356 2072 vero,
3417 2005 3572 2075 quod
3604 2004 3739 2060 cali-

2079 2093 2276 2164 ginem
2307 2091 2702 2164 ignorantiam
2734 2091 3107 2148 intellexerit.
3129 2093 3395 2156 Quanam
3415 2095 3614 2148 autem
3645 2110 3740 2148 ra-

2080 2183 2237 2238 tione
2266 2182 2423 2238 Deus
2452 2197 2554 2254 per
2579 2180 3010 2253 ignorationem
3043 2186 3454 2254 cognoscatur,
3483 2185 3612 2238 tum
3643 2181 3739 2238 hic

2079 2271 2239 2342 dicit,
2272 2275 2401 2328 tum
2457 2272 2518 2328 in
2575 2270 2724 2326 libro
2782 2272 2857 2327 De
2913 2272 3118 2326 divinis
3173 2272 3492 2328 nominibus
3550 2271 3742 2344 capite

2079 2360 2336 2417 secundo
2395 2359 2587 2415 fusius
2645 2359 3091 2430 explicabimus.
3161 2360 3336 2415 Porro
3423 2361 3734 2417 sciendum

2079 2453 2188 2520 est,
2221 2449 2280 2504 in
2311 2449 2525 2518 Exodo,
2585 2449 2688 2504 ubi
2737 2449 2849 2504 scri
2864 2452 3029 2521 ptum
3087 2452 3177 2505 est
3209 2449 3474 2522 Moysem
3507 2449 3739 2521 ingres-

2081 2556 2214 2594 sum
2245 2538 2426 2594 fuisse
2457 2537 2770 2611 caliginem
2821 2537 2881 2592 in
2935 2555 3050 2610 qua
3108 2543 3233 2594 erat
3293 2540 3466 2608 Deus,
3504 2539 3742 2594 Hebrai-

2079 2643 2213 2682 cum
2246 2625 2459 2682 habere
2489 2626 2755 2697 araphcl:
2790 2625 3179 2698 Septuaginta
3213 2641 3349 2682 vero
3380 2631 3438 2681 et
3465 2626 3736 2698 Aquilam

2079 2721 2252 2786 atque
2279 2714 2737 2771 Theodotionem
2769 2714 3102 2770 reddidisse
3130 2716 3382 2786 araphel,
3413 2713 3738 2791 γνόφον,σα-

2079 2805 2306 2876 ligincm
2333 2821 2354 2865 ,°
2376 2809 2436 2860 at
2457 2804 2876 2877 Symmachum
2900 2801 3176 2876 ὁμίχλην,
3208 2804 3628 2874 nebulam,esse
3650 2805 3739 2859 in-

2080 2894 2764 2965 terpretatumdlebraus
2796 2909 2927 2949 vero
2951 2893 3094 2948 dicit
3115 2894 3344 2964 amphel
3374 2909 3502 2948 esse
3521 2909 3736 2949 nomen

2078 2983 2432 3040 firmamenti
2464 2983 2523 3038 in
2556 2983 2710 3054 quod
2744 2981 2973 3054 Moyses
3008 2981 3270 3053 pervenit
3297 3005 3312 3050 ;
3343 2981 3549 3037 dicunt
3577 2983 3736 3038 enim

2076 3090 2200 3129 esse
2231 3076 2455 3146 septem
2487 3073 3018 3142 ﬁrmamenta,que
3051 3070 3227 3126 etiam
3255 3070 3429 3126 caelos
3462 3072 3618 3127 τευ
3641 3088 3735 3128 vo-

2076 3163 2591 3233 cant,nominaque
2608 3164 3194 3232 recensent,quorum
3219 3177 3375 3216 nunc
3393 3161 3738 3218 meminisse

2077 3270 2192 3308 non
2224 3257 2312 3308 est
2343 3249 2907 3322 necessarium.Legi
2929 3254 3125 3306 autem
3147 3253 3350 3322 septem
3370 3249 3538 3306 caelos
3557 3251 3736 3306 etiam

2076 3342 2134 3397 in
2167 3339 2565 3412 disputatione
2602 3340 2833 3412 Papisci
2868 3343 2924 3395 et
2953 3338 3188 3395 Jasonis
3219 3339 3439 3411 scripta
3471 3340 3544 3395 ab
3562 3339 3733 3395 Aris-

2076 3436 2212 3486 tone
2233 3429 2464 3498 Pellaeo,
2497 3446 2672 3500 quam
2711 3428 2982 3484 Clemens
3015 3428 3447 3484 Alexandrinus
3477 3429 3536 3484 in
3573 3432 3736 3484 sexto

2076 3520 2225 3584 libro
2271 3524 2694 3592 Hypotyposeon
2752 3519 2830 3574 ait
2897 3522 3170 3574 sanctum
3243 3518 3456 3573 Lucam
3515 3517 3735 3573 descri-

2077 3609 2284 3682 psisse.
2320 3613 2397 3664 De
2425 3607 2677 3680 caligine
2707 3607 2769 3662 in
2800 3607 3003 3662 divina
3045 3605 3420 3678 ignoratione
3467 3606 3739 3662 conside-

2077 3702 2221 3764 rata,
2254 3698 2316 3753 in
2345 3697 2470 3754 suis
2502 3711 2738 3769 quoque
2769 3695 3036 3767 epistolis
3103 3695 3324 3767 optime
3375 3699 3739 3752 commenta-

2076 3792 2210 3844 tur:
2242 3787 2303 3844 in
2337 3787 2544 3860 quinta
2601 3801 2735 3844 vero
2787 3785 3039 3857 perfecte
3099 3785 3169 3840 de
3226 3784 3336 3840 hoc
3389 3789 3738 3857 argumento

2076 3877 2300 3934 scribit.

2142 3965 2338 4026 Omnis
2366 3965 2699 4037 cognitionis
2737 3965 3065 4019 cessatione.
3124 3962 3276 4018 Nota
3327 3962 3483 4033 quod
3543 3961 3738 4018 omnis

2077 4053 2428 4128 cognitionis
2460 4053 2804 4124 cessatione,
2839 4053 3041 4124 ignoto
3076 4051 3375 4107 uniamur.

2722 4236 2795 4289 IN
2834 4232 2989 4289 CAP.
3023 4231 3094 4288 ll.

2150 4326 2211 4381 In
2243 4324 2345 4380 hac
2377 4339 2497 4380 nos.
2547 4322 2649 4379 Hic
2709 4337 2944 4393 quoque
2999 4320 3071 4376 de
3128 4317 3330 4374 divina
3386 4318 3636 4392 caligine
3685 4325 3741 4376 ct

2076 4414 2410 4488 ignorantia
2440 4412 2602 4468 dicit.
2636 4411 2787 4468 Nota
2811 4411 2990 4466 etiam
3036 4408 3191 4480 quod
3215 4407 3326 4464 hoc
3358 4408 3436 4465 sit
3460 4409 3520 4463 in
3543 4409 3739 4465 divina

2078 4502 2324 4574 caligine
2353 4519 2505 4572 esse,
2538 4504 2808 4572 aspectus
2865 4498 3194 4571 privatione
3253 4499 3311 4551 et
3368 4496 3738 4569 ignoratione

281 4583 569 4660 ἀϐλεψίας
623 4585 713 4640 καὶ
771 4582 1039 4660 ἀγνωσίας
1100 4580 1233 4636 ἰδεῖν
1282 4582 1369 4636 καὶ
1433 4586 1638 4656 γνῶναι
1695 4583 1758 4637 τὸ
1821 4584 1954 4659 ὑπὲρ

2082 4607 2305 4648 :crnere
2335 4608 2401 4648 ac
2433 4604 2790 4663 cognoscere
2822 4603 2957 4644 eum
2990 4585 3092 4659 qui
3149 4600 3384 4640 omnem
3435 4593 3734 4656 aspectum

286 4677 416 4740 θέαν
476 4674 568 4728 καὶ
597 4679 818 4751 γνῶσιν,
851 4673 969 4727 κατ’
998 4671 1128 4727 αὐτὸ
1177 4671 1237 4725 τὸ
1291 4672 1366 4743 μὴ
1394 4667 1526 4726 ἰδεῖν
1563 4668 1706 4743 μηδὲ
1729 4677 1953 4745 γνῶναι·

282 4770 462 4820 τοῦτο
515 4765 619 4840 γάρ
677 4762 811 4832 ἐστι,
858 4761 1012 4840 φησὶ,
1060 4761 1123 4814 τὸ
1175 4757 1343 4821 ὅντως
1392 4757 1524 4814 ἰδεῖν
1582 4760 1672 4814 καὶ
1729 4766 1956 4836 γνῶναι·

289 4852 549 4926 ούὸαμοῢ
609 4850 666 4907 δὲ
725 4851 868 4907 οὕτω
919 4849 1213 4927 σωφηνίζει
1261 4850 1362 4918 τὴν
1418 4849 1468 4904 ἐν
1520 4849 1760 4924 ἀγνωσία
1815 4857 1957 4926 γνῶ-

289 4965 399 4999 σιν.
461 4943 760 5019 ’Δνάγνωθι
801 4939 859 4996 δὲ
913 4941 1003 4996 καὶ
1057 4941 1159 5010 τὴν
1215 4940 1252 4994 ε’
1306 4939 1444 5013 πρὸς
1501 4940 1778 5015 Δωρόθεον
1841 4939 1958 4996 ἐπι-

293 5031 531 5103 στολήν.

367 5121 474 5178 Διά
553 5127 652 5192 τῆς
729 5121 946 5175 πάντων
1003 5123 1110 5174 τῶν
1166 5115 1359 5176 ὄντων.
1410 5119 1662 5174 Τουτάστι
1719 5116 1809 5174 διὰ
1864 5125 1962 5176 τοῦ

298 5210 474 5285 μηδὲν
506 5215 617 5267 τῶν
679 5211 850 5267 ὅντων
874 5213 919 5247 ³⁵
975 5209 1248 5284 προσφυὲς
1301 5208 1447 5282 αὐτῷ
1472 5214 1638 5264 νοεῖνο
1668 5214 1829 5265 τοῦτο
1859 5210 1962 5288 γὰρ

295 5301 580 5379 ἀφαίρεσιν
637 5297 940 5374 ὠνόμασεν.
994 5300 1270 5378 Αὖτοφυὶς
1331 5296 1389 5354 δὲ
1446 5298 1668 5376 ἄγαλμά
1699 5322 1884 5378 φησιν,
1933 5303 1962 5356 '6

292 5391 501 5466 γίνεται
536 5391 588 5446 ἐν
621 5390 732 5466 ὕλῃ
761 5391 1018 5465 ἀτμήτῳ,
1074 5392 1188 5445 οἷον
1218 5387 1272 5444 ἐν
1303 5390 1477 5464 πέτρᾳ
1525 5387 1847 5467 ὁλοκλήρῳ,
1908 5391 1960 5447 ἐν

2071 4686 2248 4753 atque
2279 4679 2588 4736 scientiam
2621 4677 2826 4746 vincit,
2860 4677 2972 4732 hoc
3005 4675 3157 4748 ipso,
3189 4673 3347 4744 quod
3380 4673 3625 4729 minime
3649 4675 3737 4729 vi-

2071 4771 2314 4826 deamus
2343 4774 2399 4825 et
2451 4768 2710 4824 sciamus
2740 4785 2753 4822 :
2787 4767 2899 4823 hoc
2949 4764 3106 4822 enim
3138 4768 3252 4836 est,
3289 4765 3506 4838 inquit,
3539 4780 3738 4819 revera

2071 4860 2267 4916 videre
2297 4863 2354 4914 et
2379 4874 2752 4931 cognoscere.
2786 4857 3092 4929 Nusquam
3146 4860 3342 4913 autem
3375 4856 3457 4911 sic
3486 4853 3740 4925 explicat

2072 4949 2469 5021 cognitionem
2503 4948 2562 5003 in
2621 4946 3027 5019 ignoratione;
3060 4945 3190 5018 lege
3219 4946 3396 5002 etiam
3427 4941 3733 5016 epistolam

2074 5039 2343 5110 quintam
2377 5037 2448 5093 ad
2488 5037 2875 5093 Dorotheum.

2147 5128 2407 5184 Omnium
2440 5143 2558 5198 quae
2587 5134 2734 5182 sunt.
2771 5126 2832 5181 Id
2867 5125 3296 5198 est,cogitando
3336 5122 3482 5180 nihil
3532 5137 3734 5179 eorum

2073 5234 2203 5290 quae
2235 5221 2376 5273 sunt
2406 5215 2516 5288 ipsi
2551 5215 2885 5284 adhaerere;
2917 5214 3029 5272 hoc
3089 5215 3247 5270 enim
3300 5210 3581 5289 ἀφαίρεσιν
3636 5229 3737 5269 no-

2073 5306 2337 5363 minavit.
2373 5305 2645 5365 Nativum
2679 5309 2878 5361 autem
2933 5304 3169 5376 signum
3227 5308 3417 5373 vocat,
3477 5303 3632 5375 quod
3663 5302 3740 5358 sit

2076 5396 2138 5452 in
2170 5395 2418 5453 materia
2451 5413 2569 5452 non
2623 5395 2882 5463 desecta,
2941 5393 3094 5451 sicut
3152 5394 3213 5450 in
3271 5397 3440 5467 petra
3485 5393 3734 5466 integra,

1345 5549 1584 5609 VARUE
1630 5551 2025 5611 LECTIONES
2067 5553 2158 5614 ET
2195 5554 2741 5613 GORRECTIONES

369 5689 418 5724 ³⁵
449 5705 542 5762 γρ.
577 5684 816 5744 ἐκάλεσε.
851 5687 915 5760 (⁹)
942 5672 1098 5754 523W
1129 5685 1208 5745 Ex
1236 5702 1330 5758 xx,
1354 5686 1446 5744 21.
1523 5686 1570 5724 ³⁸
1590 5706 1679 5763 γρ.
1708 5689 1816 5743 τῶν
1851 5688 2090 5746 πάντων.
