4108 6380
370 338 476 396 423

1196 328 1562 383 APPENDIX
1600 324 1696 377 AD
1732 318 1974 375 OPERA
2008 318 2068 371 S.
2106 312 2425 369 DIONYSII
2462 310 2964 368 ARROPAGITE.

3683 309 3792 365 424

372 470 604 521 tantum
653 462 940 534 quantum
999 460 1110 527 est,
1162 454 1397 526 quando
1447 447 1659 521 aliquis
1710 441 2026 534 sculpscrit

2157 435 2253 511 imp
2279 433 2526 507 ἕστηκεν,
2560 433 2685 490 ὅταν
2714 433 2899 510 γλύψῃ
2929 454 3013 498 τις
3043 433 3180 502 ζῶόν
3212 454 3263 488 τι
3285 435 3351 501 ²⁷,
3384 433 3458 496 ὡς
3490 429 3656 504 δηλοῖ
3707 434 3802 490 καὶ

373 553 592 611 animal
623 532 944 623 quoddam,
978 545 1332 619 utideclarat
1361 538 1666 611 Euripides
1714 537 1775 590 in
1802 532 2026 588 Andro-

376 644 549 700 meda
580 658 594 698 :

624 755 976 826 Yirginisque
1003 751 1307 826 imaginem
1331 744 1635 826 _q_ua_mdum
1790 820 1804 826 Α
1890 812 1925 826 μ

442 808 1081 901 Εῷὶορἱἕίενῂῖνῲήα
1106 808 1367 877 naturali
1415 820 1598 889 forma
1653 808 2030 938 οοηῗξὲιίιῇξιιε

660 970 836 1026 Doctae
864 966 1117 1023 simulae)
1135 980 1226 1019 um
1254 977 1475 1017 manus.
1758 884 1777 955 [

2135 524 2436 601 Εὐριπίδης
2468 524 2519 580 ἐν
2551 521 2910 599 Ἀνδρομέδᾳ·

2493 730 2769 805 Παρθένου
2798 735 2849 785 τ’
2867 729 3066 805 Δεἰκόνα
3092 730 3215 785 τινὰ

2351 804 2437 874 Ἐξ
2469 800 2840 890 αέτομόριρων
2867 800 3070 860 λαίνων
3100 802 3497 890 τειχισμάτων,

2494 872 2696 952 Eoo—ﬁc-
2711 872 2939 952 ἄγαλμα
2970 873 3159 950 χειρός

375 1090 521 1145 Nam
550 1082 899 1157 αὐτόμορφον
932 1076 1158 1155 ἄγαλμα
1183 1082 1284 1146 τῆς
1315 1075 1516 1149 πέτρας
1558 1073 1728 1129 νοθεῖ
1778 1070 2030 1125 formam
2137 1078 2497 1158 Αὐτόμορφον
2557 1078 2659 1157 γὰρ
2731 1077 2955 1157 ἄγαλμα
3007 1080 3106 1148 τῆς
3160 1079 3361 1155 πέτρας
3417 1080 3481 1134 τὸ
3538 1078 3811 1156 αὐτοφυὲς

376 1183 550 1252 petrae
581 1172 912 1231 naturalem
945 1189 960 1242 ;
989 1168 1134 1241 quin
1162 1166 1340 1223 etiam
1372 1163 1609 1237 quando
1632 1160 1769 1252 quis
1799 1161 2028 1252 partem

2157 1169 2308 1224 εἶπεν·
2338 1167 2486 1224 ἄλλὰ
2523 1169 2614 1225 καὶ
2661 1167 2787 1224 ὅταν
2847 1166 3010 1243 μέρος
3066 1188 3119 1223 τι
3176 1172 3275 1224 τοῦ
3333 1165 3558 1242 δένδρου
3605 1166 3802 1243 γλύψῃ

374 1247 598 1324 arboris
628 1259 1008 1320 consistentis
1043 1261 1100 1313 et
1132 1254 1396 1312 ﬂorentis
1456 1247 1863 1322 insculpserit,
1893 1262 2030 1318 par-

2140 1257 2374 1321 ἒστωτος
2434 1255 2527 1313 καὶ
2593 1258 2903 1328 ἀνθοῦντος,
2962 1255 3054 1312 καὶ
3114 1258 3279 1331 μέρος
3328 1254 3526 1326 κλίνης
3570 1257 3804 1331 ποιήσῃ,

374 1362 611 1427 temque
641 1351 775 1408 lecti
806 1348 1027 1419 fecerit,
1059 1346 1217 1419 quod
1249 1345 1406 1401 sicut
1447 1342 1589 1398 dicit
1645 1339 1934 1394 Homerus
1970 1333 2032 1427 in

2157 1345 2275 1420 ἵπερ
2346 1345 2422 1408 ὥς
2488 1366 2653 1425 φησιν
2725 1347 2983 1422 ’Όμηρος
3053 1344 3105 1400 ἰν
3182 1343 3467 1417 Ὀδυσσείᾳ
3543 1343 3805 1415 ὶποίησεν

375 1420 630 1517 Odyssea
664 1440 900 1513 Ulysses
932 1436 1088 1505 fecit,
1123 1438 1227 1492 aut
1256 1434 1436 1489 etiam
1486 1431 1547 1485 in
1578 1427 1684 1485 tali
1716 1427 1923 1517 arbore
1949 1420 2035 1517 vi-

374 1510 571 1590 ctoria:
600 1510 887 1603 tropaeum
921 1524 1190 1598 sculpsit.
1239 1520 1525 1578 Similiter
1574 1531 1810 1590 quoque
1860 1510 2037 1603 intel-

375 1622 504 1695 ligit
538 1600 777 1693 pretiosi
809 1615 1026 1688 lapidis
1058 1631 1160 1670 seu
1212 1626 1456 1684 gemmas
1488 1604 1828 1674 simulacra,
1859 1600 2042 1669 veluti

375 1710 611 1783 quando
644 1706 999 1777 smaragdus
1029 1703 1101 1759 ab
1133 1700 1292 1759 omni
1350 1697 1808 1767 circumjecente
1832 1697 2045 1748 terres-

2142 1432 2454 1500 Ὀδυσσεύς·
2514 1436 2550 1507 ἢ
2609 1434 2699 1490 καὶ
2756 1434 2811 1490 ἐν
2838 1439 2918 1507 τῷ
2944 1434 3183 1508 τοιούτῳ
3213 1431 3421 1513 δένδρῳ
3451 1430 3658 1509 ἔγλυψε
3684 1434 3816 1510 τρό-

2145 1545 2306 1580 παιον
2365 1523 2543 1595 νίκης.
2603 1525 2748 1595 Φησὶ
2802 1521 2862 1580 δὲ
2910 1525 3003 1580 καὶ
3048 1525 3239 1598 τιμίας
3298 1523 3456 1587 λίθου
3487 1521 3811 1600 ἀγάλματα,

2148 1614 2261 1669 οἷον
2294 1612 2423 1669 ὅταν
2453 1615 2489 1684 ἡ
2542 1611 2877 1690 σμάραγδος,
2910 1615 3354 1690 ἀποκαθαρθεῖσα
3378 1615 3477 1668 τοῦ
3507 1613 3812 1688 περιέχον-

2148 1724 2241 1766 τος
2298 1700 2581 1778 .γεώδους,
2660 1702 2794 1773 αὐτή
2875 1702 3121 1778 ἀναφανῇ
3194 1698 3445 1777 ἄγαλμα,
3529 1702 3815 1757 τουτέστιν

373 1780 448 1857 ίτὶ
480 1794 1067 1871 expurgata,exhibet
1081 1787 1388 1865 ἅγαλμα,ἱᾶ
1411 1792 1502 1843 est
1524 1780 2038 1887 dyld'icpaﬁplen-

2157 1790 2432 1888 ἀγλάϊσμα
2463 1809 2478 1826 ⁶
2544 1791 2683 1868 πρὸς
2763 1792 2792 1848 ’ὀ
2854 1790 3093 1865 μάλιστα
3145 1795 3240 1845 νῦν
3305 1788 3526 1867 βλέπων
3586 1791 3701 1888 εἶπε
3745 1791 3815 1845 τὸ

374 1868 581 1946 didam
613 1868 1055 1944 ornamentum.
1086 1881 1172 1935 Ad
1197 1878 1354 1951 quod
1384 1875 1639 1933 maxime
1667 1887 1825 1929 nunc
1847 1868 2039 1941 respi-

373 1979 535 2035 ciens
558 1975 704 2032 dicit
733 1973 892 2046 quod
924 1969 1296 2045 proponitur,
1331 1965 1487 2023 sicut
1517 1961 1832 2035 Dionysius
1870 1960 2042 2031 poeta

372 2068 433 2123 in
467 2065 795 2123 secundum
829 2061 980 2117 libro
1013 2057 1276 2113 Λιθικῶν·

379 2175 529 2232 285
553 2170 797 2243 Jaspidis
826 2169 1050 2243 obscure
1078 2156 1794 2243 υἰνθηιίδκαιιιαηιςιήνειί

557 2227 838 2315 Purpurei
873 2239 1264 2305 simulacrum,
1293 2227 1461 2303 nigro
1489 2227 1745 2315 perfusus
1770 2227 2043 2315 sanguine

1591 2299 1969 2374 Hyacinthus.
2022 2370 2042 2426 ἱ

373 2427 511 2491 Qum
543 2419 749 2478 omnia
778 2416 1100 2475 ostendunt
1154 2412 1405 2470 multam
1465 2409 1652 2466 sancti
1709 2408 1891 2479 hujus
1929 2404 2022 2461 vir

376 2510 702 2570 doctrinam
714 2548 728 2562 .

447 2600 664 2671 Oportet
683 2603 902 2666 autem,
964 2599 1026 2651 ut
1076 2594 1360 2661 existimo,
1410 2589 1735 2648 oblationes.
1786 2590 2043 2659 Ipsemet

377 2688 547 2745 Pater
575 2688 766 2743 locum
799 2689 1155 2758 praesentem
1213 2683 1272 2737 in
1330 2679 1718 2753 sequentibus
1778 2674 2036 2748 exponit.

375 2773 556 2836 Θέσεις
599 2775 783 2849 igitur
837 2777 994 2842 sunt,
1051 2789 1179 2845 quis
1233 2770 1467 2843 proprie
1532 2770 1602 2825 de
1662 2768 1773 2823 Deo
1831 2765 2041 2820 dicun-

374 2869 492 2936 tur,
521 2865 699 2921 veluti
731 2863 833 2937 qui
865 2867 971 2934 est,
1008 2862 1148 2933 vita,
1179 2861 1403 2929 lumen,
1464 2862 1523 2915 et
1579 2860 1827 2913 caetera:
1880 2852 2039 2929 ἀφαι-

374 2950 548 3028 ρέσεις
578 2971 736 3021 vero,
768 2970 892 3024 qua
924 2956 1211 3023 tanquam
1244 2966 1278 3005 a
1304 2953 1419 3005 Deo
1481 2946 1679 3003 aliena
1720 2946 2039 3015 negantur,

374 3044 533 3099 sicut
565 3044 715 3099 Deus
744 3058 855 3097 non
910 3045 1001 3098 est
1058 3055 1295 3112 corpus,
1353 3053 1470 3093 non
1519 3038 1611 3091 est
1667 3033 1888 3099 anima,
1931 3045 2039 3086 nec

375 3130 612 3203 aliquod
641 3147 847 3187 eorum
879 3146 1005 3203 quae
1028 3127 1300 3201 cognosci
1334 3129 1581 3199 queunt,
1614 3127 1720 3180 aut
1748 3120 1809 3176 in
1841 3119 2037 3192 cogni-

374 3220 594 3275 tionem
626 3220 865 3276 cadunt.
903 3218 1123 3274 Aliter:
1184 3217 1333 3281 Quid
1393 3216 1511 3271 sint
1559 3210 1730 3272 θέσεις
1761 3214 1819 3267 et
1872 3207 2035 3285 ἀφαι-

372 3308 567 3383 ρέσεις,
600 3309 660 3365 in
682 3308 831 3365 libro
859 3309 929 3364 De
958 3306 1163 3363 divinis
1191 3304 1511 3362 nominibus
1565 3299 1911 3359 excellenter
1938 3298 2031 3354 in-

370 3398 732 3456 telleximus.

437 3491 505 3544 In
536 3486 793 3544 omnibus
818 3487 1001 3543 rebus.
1026 3487 1264 3554 Eorum,
1286 3482 1636 3555 inquit,quaa
1666 3483 1809 3536 sunt
1840 3477 2030 3550 cogni-

2147 1879 2531 1957 προκείμενον,
2591 1881 2667 1945 ὡς
2714 1881 2994 1943 Διονύσιος
3053 1882 3083 1936 ὁ
3138 1880 3381 1951 ποιητὴς
3437 1878 3491 1937 ἰν
3524 1880 3572 1957 β’
3606 1873 3816 1956 βιϐλίῳ

2152 1974 2415 2036 Λιθικῶν·

2222 2173 2340 2240 Τῆς
2374 2167 2879 2245 βαθυχλοιπὶονςιτοςξ³⁵
2912 2165 3185 2245 ίάσπιδοςρ
3215 2168 3251 2237 ἢ
3285 2166 3594 2245 ἆμεθύστου

2221 2238 2626 2320 Πορφυρόεντος
2712 2240 2939 2317 ἄγαλμα
2980 2284 2995 2311 ,
3092 2238 3812 2386 μελαγκρατέτης[θοιὲξ;ιιν-

3594 2331 3652 2376 ος
3666 2331 3733 2370 ’ὀ

2149 2426 2325 2478 Ταῦτα
2364 2420 2463 2496 γὰρ
2509 2419 2681 2475 πάντα
2729 2415 2966 2475 δείκνυσι
3007 2418 3071 2474 τὸ
3114 2417 3434 2492 πολυμαθὶς
3486 2421 3589 2475 τοῦ
3639 2418 3802 2494 ἁγίου

2148 2511 2350 2567 τούτου
2376 2507 2593 2584 ἀνδρός.

2222 2601 2341 2675 Χρὴ
2401 2596 2494 2671 δὲ,
2550 2597 2626 2660 ὡς
2689 2600 2886 2671 οἶμαι,
2944 2596 3042 2659 τὰς
3099 2597 3430 2674 ἀφαιρέσεις.
3490 2596 3570 2653 Τὸ
3626 2596 3805 2671 παρὸν

2150 2689 2361 2765 χωρίον
2419 2686 2472 2742 ἐν
2521 2691 2637 2748 τοῖς
2671 2685 2795 2756 ἑξῆς
2849 2684 3009 2747 αὐτὸς
3055 2686 3084 2741 ὁ
3145 2688 3333 2760 Πατὴρ
3365 2682 3671 2762 σαφηνίζει.
3707 2686 3817 2740 Θέ-

2150 2799 2261 2843 σεις
2318 2778 2413 2852 μὶν
2477 2774 2570 2832 οὖν
2628 2774 2785 2844 εἰσιν,
2833 2772 2932 2829 ὅσα
2979 2773 3195 2835 οἰκείως
3242 2771 3332 2828 ἐπὶ
3377 2777 3514 2828 Θεοῦ
3565 2772 3813 2848 λίγεται,

2150 2868 2257 2940 [ὅτι
2315 2864 2481 2939 ἐστίν]
2536 2866 2649 2920 οίον
2702 2864 2766 2919 τὸ
2820 2862 2919 2935 ὢν,
2970 2863 3034 2918 τὸ
3088 2863 3227 2932 ζωὴ,
3282 2862 3346 2917 τὸ
3405 2866 3542 2941 φῶς,
3591 2863 3675 2917 καί
3730 2863 3807 2917 τὰ

2150 2953 2315 3010 ἄλλα·
2382 2954 2690 3030 ἀφαιρέσεις
2749 2948 2828 3022 δὲ,
2889 2950 2988 3006 ὅσα
3048 2952 3123 3014 ὡς
3183 2949 3454 3027 ἀλλότρια
3478 2955 3613 3007 Θεοῦ
3658 2951 3803 3006 ἁπο-

2149 3042 2429 3122 φάσκεται·
2491 3044 2612 3097 οἷον
2640 3042 2724 3096 ὅτι
2784 3040 2845 3096 οὗ
2878 3044 3041 3114 σῶμα
3097 3040 3125 3094 ὁ
3186 3040 3339 3110 Θεὸς,
3372 3039 3435 3095 οὗ
3465 3040 3644 3115 ψυχὴ,
3677 3036 3815 3094 οῦδὲ

2146 3154 2199 3189 τι
2227 3137 2336 3187 τῶν
2365 3134 2648 3208 γνωστῶν,
2678 3129 2714 3199 ἢ
2744 3133 2814 3203 τῇ
2840 3131 3029 3200 νοήσει
3064 3124 3507 3185 ὑποπιπτόντων.
3551 3126 3813 3190 νΑλλως·

2145 3220 2215 3280 Τί
2245 3220 2346 3277 εἶσι
2379 3228 2551 3286 θέσεις
2578 3219 2669 3274 καὶ
2701 3219 2755 3273 αἱ
2778 3218 3107 3297 ἀφαιρίσεις,
3134 3215 3187 3272 ἐν
3217 3222 3298 3290 τῷ
3331 3218 3462 3295 Περὶ
3494 3217 3657 3282 θείων
3686 3214 3819 3272 ὀνο-

2147 3309 2331 3385 μάτων
2363 3307 2518 3385 λόγῳ
2546 3305 2824 3386 διαφόρως
2854 3304 3123 3382 ἔγνωμεν.

2211 3493 2296 3549 Ἐν
2370 3495 2500 3545 πᾶσι
2573 3493 2691 3552 τοῖς
2771 3484 2945 3545 οὖσιν.
3018 3488 3087 3544 Αἱ
3154 3492 3262 3543 τῶν
3337 3481 3509 3542 ὄντων
3556 3486 3822 3561 γνώσεις,

370 3576 585 3645 tiones,
619 3591 735 3630 non
768 3575 1051 3646 detegunt
1070 3574 1170 3630 Dei
1202 3568 1798 3646 ignorationem,etin
1834 3567 2025 3623 lucem

2157 3580 2290 3652 moi,
2320 3579 2382 3634 τὸ
2411 3579 2536 3655 περὶ
2568 3582 2703 3633 Θεοῦ
2753 3574 3027 3653 ἄγνωστον
3082 3575 3181 3630 οὐκ
3236 3574 3667 3648 ἔκκαλύπτοδσι,
3723 3576 3822 3630 καὶ

375 3664 679 3720 adducunt
701 3680 715 3731 ;
732 3664 832 3719 sed
847 3662 1042 3734 potius
1069 3665 1388 3734 contegunt
1401 3665 1459 3717 et
1471 3657 2024 3747 occultant.Lume_n

2157 3670 2211 3733 ,ίς
2261 3669 2562 3747 φανὲρωσιν
2611 3668 2854 3744 ἄγουσιν·
2906 3664 3059 3722 ἀλλὰ
3112 3662 3328 3739 μᾶλλον
3361 3662 3821 3742 συγκαλύπτουσι

372 3769 506 3808 vero
537 3752 695 3825 quod
726 3750 786 3806 in
820 3752 997 3808 rebus
1050 3755 1162 3820 est,
1219 3749 1628 3822 accipiendum
1688 3762 1791 3819 pro
1833 3742 2026 3815 cogni-

372 3844 532 3899 tione
552 3856 748 3897 rerum
782 3844 1074 3911 quatenus
1108 3843 1270 3907 sunt,
1293 3839 1449 3895 sicut
1472 3837 1649 3893 etiam
1682 3835 1741 3890 in
1774 3848 2027 3904 sequen-

379 3930 539 3986 tibus
568 3928 921 3986 invenimus.

1003 4018 1076 4074 IN
1117 4016 1270 4073 CAP.
1314 4018 1409 4073 ΙΙΙ.

449 4107 722 4178 Quomodo
760 4078 965 4165 'divina
1052 4108 1304 4180 bonaque
1351 4110 1575 4161 natura.
1657 4101 1807 4168 Quid
1883 4100 2034 4155 liber

378 4197 819 4267 Theologiearum
850 4195 1272 4251 institutionum
1300 4193 1840 4265 complectatur.En
1865 4188 2030 4246 theo-

377 4284 539 4357 logica
570 4286 904 4357 subjectum
940 4289 998 4341 et
1025 4288 1377 4357 argumenta
1405 4298 1533 4355 quae
1565 4281 1900 4346 universam
1930 4277 2032 4334 di-

2131 3758 2224 3813 καὶ
2254 3755 2685 3831 ἀποκρύπτουσι.
2720 3755 2798 3813 Τὸ
2831 3752 2888 3810 δὶ
2918 3753 2972 3809 ἐν
3001 3758 3119 3817 τοῖς
3147 3755 3263 3810 οὖσι
3294 3758 3413 3833 φῶς
3458 3751 3822 3823 ὑποληπτέον

2130 3848 2195 3903 τὸ
2220 3850 2421 3921 γνῶναι
2447 3846 2514 3901 τὰ
2539 3842 2667 3901 ὄντα
2762 3841 2890 3900 ὄντι
2922 3842 3056 3912 isti,
3103 3844 3288 3908 καθὼς
3326 3843 3419 3899 καὶ
3450 3842 3501 3898 ἐν
3537 3848 3655 3906 τοῖς
3688 3843 3821 3914 ἑξῆς

2138 3935 2490 4009 εὑρίσκομεν.

2648 4025 2765 4080 ΕΙΣ
2803 4024 2889 4080 ΤΟ
2928 4024 3194 4080 ΚΕΦΑΛ.
3236 4023 3311 4080 Γ’.

2213 4117 2340 4174 Πῶς
2395 4114 2430 4182 ἢ
2498 4111 2614 4166 θεία
2681 4111 2773 4167 καὶ
2852 4110 3032 4186 ἄγοιθή
3105 4109 3286 4189 φύσις.
3343 4111 3412 4168 Τί
3477 4109 3726 4188 περιέχει
3784 4111 3818 4167 ὁ

2141 4202 2311 4279 λόγος
2366 4204 2477 4256 τῶν
2535 4198 2875 4277 Θεολογικῶν
2941 4200 3367 4257 ὗποτυπώσεων.
3423 4197 3567 4255 ἰδοὺ
3620 4197 3818 4255 θεολο-

2138 4294 2262 4369 γίας
2325 4292 2599 4360 ὑποθῆκαι
2654 4291 2749 4345 καὶ
2807 4289 3081 4367 ἀφορμαὶ,
3134 4288 3312 4361 πάσης
3370 4286 3630 4365 ἐχόμεναι
3662 4288 3818 4353 θείας

379 4375 575 4430 vinam
608 4378 667 4430 et
696 4373 1053 4431 illustratam
1086 4373 1481 4447 cognitionem
1515 4387 1583 4427 ac
1614 4373 1832 4426 rectam
1856 4368 2031 4424 ﬁdem

2157 4368 2231 4436 ιαὶ
2292 4379 2711 4458 πεφωτισμὲνης
2752 4378 3011 4453 γνώσεως
3057 4377 3147 4433 καὶ
3207 4375 3544 4454 ὀρθοδοξίας·
3611 4378 3673 4434 τὸ
3738 4378 3821 4433 εί-

377 4463 851 4536 complectuntur
875 4463 1080 4533 ;scire,
1114 4463 1411 4534 quomodo
1434 4477 1552 4517 una
1576 4458 1773 4515 divina
1798 4462 2031 4526 natura,

2143 4468 2316 4540 δέναι,
2366 4473 2482 4530 πῶς
2538 4469 2691 4538 ἑνική
2752 4470 2788 4538 ἡ
2850 4466 2967 4521 θεία
3026 4467 3208 4544 φύσις,
3269 4468 3321 4522 οἱ
3379 4465 3635 4542 νεώτεροι
3703 4472 3814 4522 Πα-

383 4554 737 4610 recentiores
752 4553 993 4625 quidam
1008 4556 1210 4608 Patres
1227 4547 2038 4624 bmortem,eonsubstantiale1

2157 4560 2307 4636 τὲρες
2392 4556 2537 4619 τινὶς
2609 4554 2904 4629 ὁμοούσιον
2926 4557 2973 4593 ³ο
3041 4561 3379 4632 προσεῖπον·
3460 4559 3581 4618 πῶς
3657 4576 3820 4630 τρια-

375 4641 751 4714 appellarunt
776 4660 790 4712 ;
824 4642 1122 4715 quomodo
1144 4639 1489 4711 trina.quod
1511 4638 1771 4694 dicimus
1791 4635 2048 4710 τρισυπό·

379 4750 571 4785 στατον
600 4731 774 4787 trium
802 4730 1322 4795 subsistentiarum,
1355 4732 1533 4800 atque
1555 4743 1906 4800 cognoscere
1922 4729 2050 4799 per“

383 4837 665 4877 sonarum
699 4821 1116 4893 proprietates,
1148 4823 1207 4874 et
1263 4817 1405 4890 quid
1452 4817 1809 4890 significent,
1842 4832 2051 4889 nempe

382 4911 677 4967 rationem
698 4909 915 4978 Patris,
932 4908 1220 4963 rationem
1247 4905 1400 4977 Filii,
1425 4923 1489 4962 ac
1511 4905 1731 4978 quaesit
1751 4906 2050 4963 santiﬂca-

380 5000 497 5055 trix
517 4998 1176 5072 diviniSpiritusvirtus
1221 5000 1279 5053 et
1308 4996 1574 5052 divinum
1606 5014 1843 5067 nomen,
1875 5002 2049 5071 atque

384 5090 680 5161 quomodo
701 5089 898 5145 dicatu
908 5104 936 5143 r
957 5104 971 5143 :
986 5088 1274 5143 Eructavit
1297 5103 1393 5143 eor
1410 5103 1594 5143 meum
1607 5088 1834 5145 verbum
1847 5089 2050 5145 bonum

381 5178 501 5250 (Ps.
522 5178 758 5249 xuv,2),
790 5179 849 5233 et
867 5176 1161 5248 quomodo
1191 5176 1265 5232 de
1287 5175 1574 5232 adorabili
1603 5177 1820 5249 Spiritu
1844 5182 2046 5234 sancto

385 5262 605 5320 dicitur
632 5267 732 5336 qui
759 5280 832 5320 ea:
852 5266 1017 5321 Patre
1038 5265 1286 5336 procedit
1311 5282 1324 5322 :
1348 5267 1709 5336 etquomodo
1731 5268 1791 5324 in
1808 5267 1979 5325 Patre
1989 5272 2048 5325 et

382 5352 446 5409 in
476 5352 691 5425 seipsis
716 5357 774 5409 et
802 5352 864 5409 in
897 5369 960 5409 se
991 5358 1198 5411 mutuo
1221 5354 1403 5411 Filius
1432 5358 1491 5411 et
1518 5354 1773 5428 Spiritus
1802 5362 2045 5415 sanctus

384 5445 599 5499 aeterne
628 5445 686 5499 et
714 5441 1192 5516 inseparabiliter
1223 5461 1290 5501 ac
1327 5445 1601 5502 distincte
1644 5445 1705 5501 in
1736 5446 2044 5506 mansione

2163 4647 2313 4719 δικὴ,
2370 4647 2400 4701 ὃ
2458 4666 2631 4725 φαμεν
2685 4644 3136 4720 τρισυπόστατον,
3196 4646 3284 4699 καὶ
3339 4643 3403 4700 τὸ
3462 4642 3655 4700 εἷδὲναι
3709 4650 3824 4700 τῶν

2159 4737 2470 4813 προσώπων
2527 4736 2623 4798 τὰς
2682 4728 3003 4804 ἰδιότητας,
3060 4734 3152 4788 καὶ
3201 4733 3254 4788 τί
3313 4730 3576 4805 δηλοῦσιν
3615 4751 3632 4770 θ
3693 4735 3813 4788 οἷον

2158 4825 2493 4901 πατρότητα,
2547 4821 2638 4877 καὶ
2697 4822 2946 4892 υἱότητα·
3006 4821 3098 4877 καὶ
3137 4822 3219 4883 τίς
3246 4823 3282 4891 ἡ
3342 4826 3439 4877 τοῦ
3470 4822 3616 4887 θείου
3644 4822 3816 4878 Ilvati-

2163 4935 2331 4991 ματος
2405 4911 2693 4988 ἆγιαστική
2751 4907 2983 4985 δύναμις
3038 4910 3128 4966 καὶ
3179 4910 3436 4986 θεολογία
3468 4930 3481 4943 ·
3551 4912 3645 4968 καὶ
3700 4915 3821 4975 πῶς

2158 5003 2371 5082 εἴρηται
2419 5003 2506 5070 τὸ,
2565 4997 2883 5076 ἐξηρεύξατο
2937 5001 2973 5069 ἡ
3034 4995 3232 5073 καρδία
3291 5021 3401 5073 μου
3458 4998 3627 5075 λόγον
3689 5001 3821 5076 ἀγα-

2158 5093 2249 5158 θόν
2287 5112 2300 5125 ·
2375 5089 2467 5146 καὶ
2542 5092 2665 5152 πῶς
2740 5087 2866 5165 περὶ
2909 5091 3008 5143 τοῦ
3066 5089 3450 5163 προσκυνητοῦ
3503 5087 3820 5162 Ηνεύματος

2156 5183 2395 5258 εἴρηται,
2449 5176 2609 5255 .ὅπερ
2684 5175 2745 5232 ὲκ
2812 5180 2910 5232 τοῦ
2985 5177 3196 5252 Πατρὸς
3269 5176 3642 5252 ἐκπορεύεται·
3728 5177 3823 5233 καὶ

2154 5274 2272 5333 πῶς
2324 5267 2376 5325 ἐν
2421 5271 2501 5340 τῷ
2549 5263 2747 5340 ΙῙατρί,
2797 5269 2886 5320 καί
2919 5264 2973 5321 ἐν
3022 5265 3232 5336 αὐτοῖς,
3288 5265 3377 5322 καὶ
3410 5265 3463 5321 ἐν
3515 5264 3822 5338 ἀλλήλοις,

2153 5363 2183 5417 ὁ
2233 5361 2380 5430 Υἱὸς,
2428 5358 2519 5413 καὶ
2575 5357 2637 5411 τὸ
2689 5359 2906 5429 Πνεῦμα
2937 5351 3231 5421 συναϊδίως
3275 5355 3367 5411 καὶ
3420 5356 3700 5431 ἀσχίστως
3728 5356 3824 5412 καὶ

2153 5447 2475 5525 ἄδιαιρᾶτως
2508 5443 2561 5501 ἐν
2594 5446 2736 5519 μονῇ
2764 5442 2898 5499 εἰσιν
2928 5442 3327 5523 ἀνεκφοιτήτῳ.
3390 5449 3482 5500 Δεῖ
3510 5441 3569 5500 δὲ
3594 5441 3822 5516 εἰδέναι,

1401 5551 1647 5608 vanus
1685 5553 2084 5615 LECTIONES
2121 5558 2214 5615 ET
2253 5552 2797 5615 CORRECTIONES
2849 5540 2863 5556 ‘

457 5638 502 5675 ³⁷
538 5633 755 5707 ζωίδιόν
784 5658 860 5694 τι.
938 5641 984 5677 ³⁸
1022 5636 1498 5714 βαθυχλοαούσης·
1574 5643 1620 5677 ²⁹
1648 5638 2029 5717 μελαγκρατής
2056 5666 2116 5702 τε
2144 5646 2265 5703 υάκ.
2339 5646 2387 5683 ⁸ο
2415 5641 2720 5719 τριακόσιοι
2754 5638 3030 5698 δεκαοκτὼ
3063 5641 3381 5716 ὁμοούσιον.
