4108 6398
317 331 430 406 42's

1045 352 1104 405 Β.
1147 349 1422 406 MAXIM!
1459 350 1769 406 SCHOLIA
1806 351 1879 404 IN
1919 349 2054 404 LIB.
2095 350 2192 404 DE
2231 350 2544 405 MYSTICA
2581 350 3016 404 THEOLOGIA.

3637 350 3746 405 426

316 471 405 526 ὅτι
441 473 583 545 μονή
632 470 721 526 καὶ
754 471 939 535 στάσις
984 470 1178 525 ταυτόν
1231 469 1334 526 εἶσι
1368 488 1380 503 ο
1414 469 1628 541 κίνησις
1686 467 1744 524 δὲ
1793 465 1974 544 ἕτερόν

2117 470 2221 526 sine
2271 487 2534 544 egressu.
2583 471 2896 527 Sciendum
2947 487 3078 527 vero
3138 475 3246 540 est,
3281 472 3437 543 quod
3499 473 3638 544 μονή
3688 478 3748 530 et

317 559 435 616 ἐστι
468 568 566 631 τῆς
600 566 793 633 μονῆς.
827 559 1004 630 Φησὶν
1037 557 1129 614 οὖν
1163 557 1270 631 ὅτι,
1301 558 1393 614 καὶ
1441 558 1493 614 έν
1548 561 1690 632 μονῇ
1741 559 1984 630 ἀκινήτῳ

318 648 406 703 ἀεὶ
442 647 572 704 οῦσα
603 651 638 718 ἡ
673 647 789 713 θεία
820 647 1003 726 ιρύσις,
1036 645 1189 703 δοκεῖ
1217 654 1483 712 κινεῖσθαι
1518 645 1570 703 έν
1601 650 1672 722 τῇ
1704 644 1758 701 ὲν
1807 643 1986 716 ἀλλή-

326 734 453 800 λοις
489 738 757 812 χωρήσει.

394 915 494 971 Καὶ
555 921 656 986 τῆς
716 913 768 970 έν
829 912 977 987 αὖτῷ
1033 915 1124 970 καὶ
1186 912 1239 970 ἐν
1300 913 1507 977 αὐτοῖς.
1553 915 1719 976 Οὗτος
1773 915 1800 969 6
1858 917 1982 977 νοῦς

315 1009 435 1061 τῶν
485 1002 839 1079 εἰρημένων·
901 1002 1196 1076 συναΐδιος,
1259 1005 1421 1084 φησὶν
1500 1007 1536 1076 ἡ
1594 1003 1818 1080 ὕπαρξις
1886 1009 1986 1073 τῆς

318 1095 484 1170 ἁγίας
512 1092 771 1172 Τριαδος,
803 1095 892 1150 καὶ
929 1094 1041 1171 οὐχ
1096 1096 1294 1170 έτέρως
1347 1095 1442 1168 μὶν
1502 1094 1760 1170 ὑπῆρξεν,
1791 1091 1986 1168 έτέρως

319 1182 383 1240 δὲ
416 1185 554 1258 μετᾶ
584 1188 753 1240 ταῦτα
783 1185 1015 1255 κατέστη
1051 1201 1065 1217 ·
1100 1185 1136 1254 ἢ
1169 1182 1457 1260 χωρισμόν
1515 1204 1639 1238 τινα
1680 1184 1714 1254 ἢ
1751 1177 1985 1255 μεταϐο-

321 1271 431 1343 λὴν
467 1271 730 1348 ἔσχηκεν,
760 1271 888 1328 ἀλλ’
921 1274 1034 1348 ἅμα
1063 1273 1153 1328 καὶ
1181 1273 1319 1328 κατᾶ
1347 1273 1540 1328 ταυτὸν
1569 1270 1632 1328 τό
1668 1292 1728 1326 τε
1775 1269 1834 1324 ἐκ
1887 1273 1984 1324 τοῦ

317 1363 536 1439 Πατρὸς
569 1362 706 1418 εἶναι
737 1362 827 1417 τὸν
861 1363 985 1418 Υἱὸν
1038 1363 1127 1418 καὶ
1161 1362 1224 1418 τὸ
1255 1366 1475 1436 Πνεῦμα
1498 1361 1560 1417 τὸ
1591 1362 1769 1436 ἅγιον,
1801 1357 1888 1414 καί
1921 1358 1982 1414 ού

319 1451 442 1524 μετ’
475 1449 666 1510 αὐτόν.

392 1543 524 1604 Πῶς
574 1540 603 1594 6
655 1539 977 1616 ὑπερούσιος
1035 1540 1271 1611 Ἰησοῦς.
1322 1538 1640 1613 Σημείωσαι
1695 1538 1832 1593 κατὰ
1877 1542 1979 1592 Νε-

315 1632 627 1704 στοριανῶν
660 1628 750 1682 καὶ
782 1625 1122 1705 ⁹Ακεφάλων.

393 1718 521 1776 Πῶς
579 1714 798 1791 ἀγαθός.
832 1715 893 1771 Τί
948 1717 1194 1792 περιέχει
1229 1717 1256 1772 6
1303 1715 1434 1792 Περὶ
1483 1715 1638 1771 θείων
1697 1711 1979 1788 ὀνομάτων

317 1801 496 1880 λόγος
526 1805 670 1861 ιιοιι.

393 1893 505 1948 Καὶ
534 1893 638 1970 γὰρ
669 1890 866 1968 ἐχρῆν.
900 1894 998 1949 Διὰ
1022 1893 1074 1950 τί
1127 1894 1182 1949 αἱ
1231 1891 1546 1970 θεολογικαὶ
1577 1892 1977 1954 Ὑποτυπώσεις

314 1980 413 2038 καὶ
445 1983 475 2037 6
510 1981 640 2056 Περὶ
703 1981 860 2046 θείων
915 1981 1195 2057 ὀνομάτων
1248 1982 1414 2060 λόγος
1476 1980 1821 2058 όλιγόστιχοί
1877 1980 1979 2035 είσι

317 2067 547 2143 μᾶλλον
579 2070 615 2139 ἢ
646 2073 682 2140 ἡ
719 2066 1048 2144 Συμϐολική
1083 2071 1365 2147 θεολογία.

389 2165 505 2228 Τῆς
536 2155 906 2233 συμϐολικῆς.
943 2163 1070 2218 Τῶν
1104 2160 1335 2237 πρώτων
1363 2161 1430 2216 τὰ
1470 2167 1570 2230 τῆς
1619 2154 1978 2234 Συμϐολικῆς

315 2246 622 2323 θεολογίας
651 2247 807 2326 φησί.

396 2342 530 2393 Ταῖς
565 2337 818 2412 συνόψεσι
847 2342 955 2394 τῶν
1015 2344 1248 2410 νοητῶν.
1284 2337 1546 2412 Συνόψεις
1602 2341 1709 2393 τῶν
1768 2342 1983 2409 νοητῶν

315 2428 421 2488 τὰς
480 2429 552 2500 τῇ
609 2423 761 2499 ἀύλῳ
812 2425 987 2481 αὐτῶν
1044 2425 1316 2497 ἁπλότητι
1385 2424 1696 2500 πρεπούσας
1755 2426 1981 2502 θεωρίας

317 2513 572 2570 ἐκάλεσε.
607 2515 686 2572 Τὸ
719 2511 777 2569 δὲ
805 2514 1260 2591 περιστέλλονται
1291 2515 1409 2570 ἀντὶ
1462 2512 1559 2570 τοῦ
1591 2512 1982 2570 συστέλλονται

319 2603 592 2668 τέθεικεν.

399 2689 565 2749 Ἀλλ’
619 2690 851 2768 ἀλογίαν
931 2690 1197 2763 παντελῆ.
1248 2692 1503 2768 Ἀλογίαν
1583 2692 1715 2771 φησὶ
1782 2692 1844 2747 τὸ
1905 2692 1982 2765 μὴ

321 2780 589 2837 δύνασθαι
648 2780 804 2856 λόγῳ
855 2788 1197 2858 παραστῆσαι
1272 2780 1340 2836 τὰ
1417 2781 1548 2858 ὑπὲρ
1626 2779 1830 2856 λόγον’
1893 2780 1982 2834 καὶ

322 2868 591 2940 ἆνοησίαν
650 2869 742 2926 οὖν
790 2871 853 2926 τὸ
910 2871 1250 2942 ἀνεννόητον,
1276 2869 1366 2926 καὶ
1406 2869 1435 2925 ὃ
1497 2871 1572 2943 μὴ
1634 2866 1849 2925 δύναταί
1905 2888 1987 2932 τις

322 2967 553 3031 νοῆσαι,
585 2959 658 3023 ὡς
694 2959 825 3035 ὑπὲρ
856 2963 1009 3018 νοῦν.

2097 559 2302 632 στάσις,
2342 560 2557 617 mansio
2588 566 2645 617 et
2672 565 2868 629 status,
2901 561 3055 618 idem
3100 561 3247 629 sint;
3282 562 3383 617 sed
3417 561 3598 618 motio
3628 562 3746 618 dif-

2095 650 2208 705 fert
2238 667 2270 705 a
2303 650 2627 708 mansione.
2661 649 2814 705 Dicit
2855 650 3057 722 itaque
3087 649 3345 706 divinam
3380 656 3652 707 naturam
3683 650 3744 706 in

2097 741 2404 795 mansione
2433 740 2679 795 immota
2709 739 3113 807 exsistentem,
3146 739 3328 795 videri
3360 741 3576 796 moveri
3610 757 3744 796 mu-

2095 833 2198 885 tua
2227 830 2601 901 profectione.

2167 919 2230 973 Et
2261 919 2325 974 in
2357 920 2476 990 ipso
2504 936 2574 974 ac
2605 921 2664 974 in
2682 920 2894 990 seipsis.
2932 919 3057 975 llam
3078 918 3374 975 dictorum
3397 922 3488 975 est
3507 923 3745 976 senten-

2096 1007 2205 1076 tia;
2239 1013 2545 1077 coaeterna,
2590 1007 2806 1080 inquit,
2829 1007 3179 1064 exsistentia
3227 1012 3444 1064 sanctte
3495 1008 3751 1064 Trinita-

2095 1097 2196 1166 tis,
2229 1113 2417 1168 neque
2450 1099 2602 1154 236
2634 1097 2804 1154 aliter
2851 1097 3092 1170 quidem
3143 1097 3387 1165 exstitit,
3417 1097 3590 1154 aliter
3617 1114 3751 1154 vero

2096 1193 2300 1260 postea
2336 1187 2623 1259 constitit,
2655 1192 2757 1244 aut
2797 1187 3226 1261 separationem
3259 1188 3580 1260 quamdam
3630 1188 3753 1245 sive

2097 1277 2482 1333 mutationem
2515 1279 2765 1349 accepit;
2797 1279 2897 1334 sed
2931 1276 3109 1334 simul
3138 1281 3195 1333 et
3212 1278 3419 1333 eodem
3447 1281 3748 1333 momento

2095 1366 2280 1423 Filius
2310 1371 2401 1422 est
2429 1382 2498 1423 ex
2530 1367 2720 1434 Patre,
2742 1370 2800 1424 et
2831 1365 3086 1440 Spiritus
3111 1371 3373 1437 sanctus,
3398 1383 3514 1423 non
3545 1370 3746 1423 autem

2095 1459 2226 1527 post
2254 1454 2473 1528 ipsum.
2520 1509 2524 1512 .

2167 1543 2442 1612 Quomodo
2485 1547 2639 1602 Jesus
2684 1547 2782 1618 qui
2832 1552 2910 1601 est
2957 1561 3130 1618 supra
3175 1545 3568 1601 substantiam.
3599 1544 3748 1601 Nota

2093 1638 2294 1690 contra
2325 1634 2708 1691 Nestorianos
2737 1638 2796 1690 et
2825 1635 3172 1707 Acephalos.

2165 1720 2436 1789 Quomodo
2468 1721 2662 1777 bonus.
2696 1721 2842 1785 Quid
2893 1721 3042 1778 liber
3069 1723 3144 1778 De
3171 1721 3376 1778 divinis
3421 1723 3746 1780 nominibus

2094 1809 2539 1881 complectatur.

2159 1899 2390 1956 Decebat
2407 1899 2580 1956 enim.
2601 1899 2716 1954 Cur
2735 1901 3059 1971 theologicx
3087 1902 3491 1969 Instituliones,
3515 1905 3570 1957 et
3595 1902 3744 1959 liber

2086 1987 2164 2042 De
2192 1987 2400 2042 divinis
2445 1987 2765 2042 nominibus
2805 1986 3109 2059 pauciores
3140 2003 3344 2044 versus
3376 1990 3739 2061 contineant,

2088 2091 2268 2147 quam
2301 2075 2620 2146 Symboiica.
2647 2075 2969 2144 theologia?

2160 2163 2511 2236 Symbolicaz.
2547 2164 2755 2222 Primis
2794 2165 3102 2222 convenire
3131 2165 3487 2240 theologiam
3519 2183 3646 2239 quae
3677 2167 3737 2223 in

2089 2251 2278 2325 signis
2312 2257 2598 2309 versatur.

2161 2341 2580 2398 Intelleciilium
2626 2343 2954 2415 aspectibus.
2988 2344 3349 2416 Conspectus
3401 2344 3742 2417 intelligibi-

2089 2430 2260 2497 lium,
2293 2432 2520 2487 vocavit
2548 2432 3074 2505 contemplationes
3119 2433 3493 2490 immateriali
3539 2451 3743 2491 eorum

2093 2519 2461 2592 simplicitati
2494 2521 2934 2578 convenientes.
2967 2522 3172 2578 Posuit
3219 2528 3416 2578 autem
3466 2521 3748 2597 περιστέλ-

2093 2605 2281 2663 λονται
2323 2625 2427 2680 pro
2459 2605 2868 2677 συστέλλονται,
2902 2611 3354 2667 contrahuntur.

2167 2698 2346 2754 Unum
2401 2699 2577 2754 etiam
2634 2700 2694 2753 in
2750 2701 3034 2755 silentium
3089 2704 3419 2772 perfectum,
3470 2701 3568 2756 Gr.
3615 2699 3750 2754 ἀλο-

2092 2785 2231 2862 γίαν.
2276 2783 2533 2860 ’Δλογίαν
2585 2787 2728 2842 dicit
2785 2805 2900 2844 non
2967 2805 3139 2860 posse
3197 2805 3468 2844 sermone
3535 2807 3748 2861 reprae-

2095 2879 2328 2931 sentare
2384 2892 2511 2947 quae
2570 2891 2904 2931 sermonem
2982 2877 3224 2931 vincunt
3283 2894 3296 2932 :
3361 2881 3418 2932 et
3476 2877 3751 2934 similiter

2096 2962 2347 3032 ἀνοησίαν
2407 2963 2632 3020 vocavit
2687 2964 2833 3019 illud
2894 2965 3050 3037 quod
3108 2964 3354 3036 intelligi
3415 2965 3639 3037 nequit,
3694 2969 3753 3022 et

2099 3057 2255 3129 quod
2289 3055 2488 3112 nullus
2537 3055 2864 3128 intelligere
2911 3056 3117 3128 possit,
3151 3073 3286 3112 cum
3337 3061 3595 3113 mentem
3643 3074 3749 3113 su-

2099 3150 2282 3219 peret.

401 3229 575 3287 Κάκεῖ
643 3227 738 3302 μὲν
790 3227 897 3284 ἀπὸ
951 3231 1048 3283 τοῦ
1107 3225 1240 3286 ἅνω.
1275 3224 1497 3296 Ἐπειδή
1550 3229 1618 3283 τὰ
1675 3227 1845 3297 νοητᾶ
1894 3227 1984 3281 καὶ

2167 3236 2336 3306 Atque
2367 3237 2426 3290 in
2469 3233 2588 3290 illis
2632 3233 2850 3305 quidem
2894 3251 2925 3289 α
2967 3250 3241 3306 supremo.
3275 3235 3565 3298 Quoniam
3617 3235 3751 3290 uni-

323 3319 469 3392 ὑπὲρ
523 3321 648 3373 νοῦν
696 3320 793 3372 τοῦ
842 3320 976 3372 Θεοῦ
1015 3314 1196 3379 ἒνάδες
1223 3316 1351 3388 εἰσὶ,
1378 3316 1468 3372 καὶ
1491 3314 1546 3371 ἓν
1581 3317 1610 3371 6
1659 3316 1807 3385 Θεὸς,
1845 3320 1986 3387 μᾶλ-

323 3405 435 3464 λον
494 3403 554 3461 δὲ
609 3405 699 3461 καὶ
760 3405 894 3482 ὑπὲρ
949 3407 1012 3461 τὸ
1067 3402 1122 3461 ἓν
1159 3425 1174 3440 ·
1207 3405 1434 3470 εῗκότως
1493 3403 1864 3473 συνέσταλται,
1898 3405 1990 3458 ἅτε

324 3498 430 3553 καὶ
482 3496 684 3571 ἀμερὲς
740 3495 833 3552 καὶ
885 3496 1255 3568 ἆπλήθυντον.
1285 3498 1361 3551 Τὰ
1408 3493 1466 3551 δὲ
1525 3495 1660 3570 μετᾶ
1689 3494 1841 3563 Θεὸν,
1875 3492 1989 3566 ὅσῳ

331 3585 560 3660 μᾶλλον
618 3585 856 3642 κάτεισιν
907 3583 994 3641 ἐπὶ
1053 3585 1122 3641 τὰ
1167 3585 1419 3656 αἰσθητὰ,
1466 3585 1714 3656 τοσούτῳ
1775 3581 1987 3656 μᾶλλον

330 3674 668 3749 ὁμιλοῦνται
721 3679 839 3738 τοῖς
892 3679 1169 3750 μεριστοῖς
1217 3675 1306 3729 καὶ
1367 3670 1705 3741 σκεδαστοῖς,
1746 3672 1837 3726 καὶ
1895 3691 1991 3726 πε-

321 3762 756 3836 πληθυσμένοις
817 3761 1233 3837 συμπληθύεται
1281 3761 1468 3826 αὐτοῖς
1506 3764 1643 3839 πρὸς
1694 3761 1785 3817 τὸν
1839 3781 1991 3837 μερι-

323 3853 473 3927 σμὸν
532 3852 626 3909 καὶ
681 3852 747 3908 τὸ
799 3849 1138 3928 πολυσχιδὲς
1194 3856 1302 3908 τῶν
1375 3851 1672 3922 αἲσθητῶν.
1734 3850 1877 3928 Πρὸς
1927 3849 1994 3904 τὰ

331 3941 552 4018 ἔσχατα
607 3938 688 4016 δὲ,
740 3941 1016 3997 τουτέστιν
1077 3941 1185 3996 ἀπὸ
1240 3948 1343 4012 τῆς
1403 3939 1732 4017 θεολογικῆς
1791 3939 1993 3994 ὑποτυ-

331 4030 431 4087 πώ
438 4052 574 4094 σεως
584 4075 598 4089 .

401 4120 545 4178 Ἀπὸ
591 4124 688 4176 τοῦ
737 4119 1070 4194 πρωτίστου.
1103 4121 1425 4194 Πρωτίστου
1470 4117 1602 4197 φησὶ
1645 4121 1742 4173 τοῦ
1775 4115 1989 4190 μᾶλλον

333 4208 680 4287 οἱκειοτέρου
731 4209 821 4265 καὶ
881 4212 950 4282 τῇ
996 4207 1176 4280 ἐννοίᾳ
1205 4203 1728 4285 προεισόἀλλοντος,
1759 4210 1874 4262 οἷον
1908 4205 1990 4262 ὅτι

334 4298 416 4356 ὢν
454 4300 483 4354 ὁ
515 4299 666 4373 Θεὸς,
699 4299 833 4377 ὅπερ
863 4298 1050 4354 ἑαυτὸν
1083 4295 1386 4371 ὠνόμασεν.

400 4483 533 4540 ’Ὁτι
591 4479 655 4534 τὸ
719 4478 854 4555 ὑπὶρ
921 4484 1121 4538 πᾶσαν.
1161 4482 1307 4552 ,Πῶς
1364 4474 1448 4534 δεῖ
1499 4479 1800 4553 κεχρῆσθαι
1873 4483 1994 4540 ταῖς

2099 3328 2251 3380 tates
2276 3325 2374 3378 Dei
2405 3328 2545 3378 sunt
2572 3322 2640 3375 τὰ
2666 3320 2837 3390 νοητά
2863 3339 2964 3378 seu
2988 3341 3115 3394 quae
3139 3323 3380 3379 minime
3403 3323 3515 3379 sub
3538 3339 3753 3379 sensus

2098 3413 2338 3481 eadunt,
2372 3416 2748 3483 mentemque
2795 3413 3058 3482 vincunt,
3093 3417 3151 3468 et
3197 3412 3353 3468 Deus
3401 3417 3493 3468 est
3541 3429 3753 3478 unum,

2098 3501 2185 3558 vel
2229 3500 2420 3573 potius
2468 3518 2647 3572 supra
2696 3501 3140 3567 unum,merito
3187 3500 3576 3568 contrahitur,
3625 3505 3757 3556 tan-

2101 3608 2276 3664 quam
2301 3589 2672 3645 individuum
2697 3593 2890 3644 etnon
2917 3589 3384 3662 multiplicabile.
3402 3589 3536 3652 Quae
3559 3594 3757 3645 autem

2101 3686 2236 3752 post
2265 3685 2472 3750 Deum,
2505 3682 2727 3750 quanto
2759 3677 2950 3750 magis
2982 3677 3352 3733 descendunt
3389 3677 3462 3733 ad
3503 3677 3758 3733 sensibi-

2099 3767 2199 3837 lia,
2224 3771 2385 3823 tanto
2407 3765 2595 3838 magis
2624 3766 3073 3837 conjungnntur
3095 3765 3492 3822 divisibilibus
3514 3770 3573 3821 et
3593 3781 3760 3838 sepa-

2101 3855 2412 3923 rabilibus,
2435 3861 2492 3911 et
2521 3871 2656 3911 cum
2679 3854 2826 3927 ipsis
2851 3852 3260 3926 multiplicatis
3282 3854 3457 3910 simul
3481 3871 3586 3925 per
3613 3854 3758 3910 divi-

2102 3945 2327 4002 sionem
2361 3943 2812 4017 mnltiplicatur,
2835 3952 2891 4000 et
2916 3943 3100 3999 multa
3122 3943 3432 4000 sensilium
3455 3943 3751 4001 dissectio.

2102 4035 2181 4090 Ad
2210 4039 2480 4101 extrema,
2512 4033 2570 4090 id
2604 4038 2694 4088 est
2724 4050 2757 4089 a
2787 4032 3118 4104 theologica
3145 4032 3538 4088 institutione.

2173 4125 2214 4179 A
2245 4125 2448 4193 primo.
2486 4122 2745 4178 Primum
2797 4120 2944 4177 dicit
2990 4119 3140 4176 illud
3175 4122 3329 4192 quod
3381 4121 3573 4194 magis
3623 4139 3757 4193 pro-

2105 4213 2300 4285 prium
2339 4209 2668 4267 intellectui
2721 4210 2852 4281 ejus
2903 4209 3005 4282 qui
3053 4209 3312 4282 primum
3371 4210 3758 4282 aggreditur:

2105 4317 2315 4372 nempe
2362 4300 2519 4372 quod
2578 4303 2730 4354 Deus
2765 4298 2843 4354 sit
2872 4298 2900 4351 ὁ
2935 4292 3034 4366 ὥν,
3067 4298 3164 4370 qui
3210 4307 3307 4367 est,
3340 4299 3495 4371 quod
3549 4315 3762 4356 nomen

2104 4389 2218 4446 sibi
2249 4387 2552 4462 imposuit.

2177 4479 2323 4548 Quia
2353 4478 2410 4534 id
2439 4477 2581 4549 quod
2612 4485 2841 4549 superat
2869 4493 3112 4533 omnem.
3148 4477 3290 4540 Quis
3321 4477 3400 4532 sit
3429 4493 3576 4533 usus
3607 4477 3766 4532 affir-

334 4571 524 4636 θέσεσι
584 4567 676 4624 καὶ
733 4573 854 4645 ταῖς
912 4566 1253 4645 ἆφαιρέσεσιν
1304 4565 1391 4622 ἐπὶ
1438 4570 1570 4623 Θεοῦ
1602 4585 1616 4599 θ
1649 4566 1738 4621 καὶ
1785 4567 1868 4622 ὅτι
1907 4567 1990 4622 τὰι

2117 4568 2440 4624 mationum
2473 4569 2532 4622 et
2569 4564 2950 4638 negationum
2983 4564 3042 4620 in
3077 4571 3224 4633 Deo;
3258 4571 3315 4621 et
3345 4581 3452 4620 nos
3501 4566 3764 4622 afﬁrma-

331 4660 440 4734 μέν
475 4658 653 4722 θέσεις
682 4656 790 4713 ἀπὸ
814 4640 913 4712 τοῦ
944 4640 1256 4730 πρωτίστου
1295 4655 1388 4711 καὶ
1440 4653 1650 4730 μᾶλλον
1713 4660 1990 4732 συγγενοῦς

2117 4657 2298 4712 tiones
2329 4673 2362 4711 a
2393 4654 2584 4726 primo
2625 4653 2932 4726 magisque
2980 4652 3095 4709 Deo
3140 4657 3385 4724 cognato
3439 4653 3763 4722 efﬁcimus;

324 4753 416 4822 τῷ
450 4750 572 4820 Θεῷ
596 4745 906 4821 ποιούμεθα
937 4764 950 4778 ·
982 4745 1078 4810 τὰς
1123 4743 1181 4801 δὲ
1210 4745 1518 4825 ἀφαιρέσεις
1547 4743 1653 4800 ἀπὸ
1682 4748 1789 4799 τῶν
1836 4744 2002 4821 ἐσχά-

333 4857 454 4892 των
486 4836 576 4892 καὶ
611 4833 830 4909 μᾶλλον
864 4836 1032 4890 αὐτοῦ
1063 4831 1452 4905 διεστηκότων.

409 4927 531 4995 Τὴν
567 4925 893 4994 ὑποθετικῆν
955 4924 1277 5002 κατάφασιν.
1310 4920 1621 5001 Κατάφασίς
1681 4921 1790 4978 ἐστι
1842 4920 2004 4999 λόγος

333 5013 730 5095 ἀποφαντικὸς-
770 5012 807 5083 ἢ
891 5016 990 5068 τοῦ
1061 5011 1326 5082 καθόλου,
1383 5012 1419 5082 ἢ
1477 5016 1579 5066 τοῦ
1662 5013 2004 5087 μαχομένου,

334 5107 373 5178 ἢ
439 5100 902 5178 συμπλεκομένου
962 5104 1131 5172 τινὸς,
1189 5102 1226 5172 ἢ
1281 5102 1742 5177 συγκρινομένουο
1781 5104 1920 5173 οἷον,
1979 5101 2007 5155 ὁ

335 5194 474 5256 Θεὸς
537 5194 650 5264 ζωή
715 5191 880 5264 ἔστιν,
914 5192 942 5247 ὁ
1002 5193 1133 5256 Θεὸς
1189 5189 1453 5266 ἆγαθότης
1486 5189 1651 5247 ἐστίν.
1685 5191 2007 5260 Ὑποθετικὴ

336 5281 400 5340 δέ
454 5280 568 5338 έστι
615 5281 792 5358 λόγος
845 5282 1214 5351 ἀποφαντικὸς
1245 5279 1281 5350 ἢ
1331 5283 1429 5335 τοῦ
1463 5279 1725 5352 καθόλου,
1758 5281 1792 5351 ἢ
1831 5300 2008 5356 μαχο-

340 5370 518 5448 μένου
567 5370 741 5440 τινὸς,
800 5371 836 5441 ἢ
896 5367 1356 5445 συμπλεκομένου
1413 5366 1742 5441 δηλωτικός.
1801 5370 1864 5425 Ἠ
1918 5369 2010 5424 οὗν

2113 4750 2173 4802 at
2202 4744 2542 4818 negationes
2591 4743 2662 4798 ab
2709 4742 2986 4798 extremis
3034 4747 3090 4799 et
3130 4743 3321 4815 magis
3370 4742 3445 4798 ab
3496 4742 3624 4815 ipso
3672 4759 3764 4798 re-

2113 4835 2312 4890 motis.

2185 4922 2599 4996 Hypothcticam
2630 4920 3090 4995 afﬁrmationem.
3115 4919 3441 4975 Alﬁrmatio
3463 4922 3551 4974 est
3571 4933 3768 4974 sermo

2115 5012 2518 5070 enuntiativus
2551 5011 2806 5080 alicujus
2839 5011 2990 5082 quod
3043 5014 3132 5065 est
3160 5007 3243 5063 vel
3297 5007 3647 5077 universale,
3682 5008 3770 5064 vel

2119 5118 2477 5173 repugnans,
2510 5099 2599 5156 vel
2650 5098 3008 5170 copulatum,
3043 5097 3218 5153 veluti
3249 5115 3260 5153 :
3296 5097 3450 5153 Deus
3498 5103 3588 5153 est
3633 5098 3774 5166 vita,

2118 5189 2274 5246 Deus
2305 5195 2395 5245 est
2425 5189 2680 5244 bonitas.
2704 5187 3023 5256 Ὑποθετική
3059 5203 3189 5242 vero
3230 5192 3316 5242 est
3367 5203 3560 5242 sermo
3590 5204 3776 5243 enun-

2122 5280 2361 5337 tiativus
2404 5279 2534 5351 ejus
2584 5276 2742 5350 quod
2787 5281 2878 5332 est
2931 5281 3032 5332 aut
3080 5276 3434 5346 universale,
3477 5281 3580 5333 aut
3627 5278 3777 5334 237

2123 5384 2484 5442 repugnans,
2519 5372 2621 5424 aut
2664 5365 2921 5439 copulati
2963 5364 3379 5422 declarativus.
3413 5368 3615 5440 Itaque
3647 5364 3782 5420 ὑπο-

1341 5552 1588 5610 νΑιιιλΕ
1628 5552 2015 5610 LECTIONES
2050 5551 2139 5608 ΒΤ
2176 5547 2745 5608 CORRECTIONES.

423 5681 552 5723 si.“
577 5678 632 5735 τι
661 5679 911 5755 περιέχει
943 5678 972 5732 ὁ
1004 5682 1102 5747 τῆς
1134 5671 1494 5752 Συμϐολικῆς
1524 5679 1807 5754 θεολογίας
1847 5676 2031 5756 λόγος.

683 5808 950 5873 Panos.
996 5807 1110 5871 Gn.
1153 5805 1257 5870 ιν.

3379 5801 3456 5858 14
