4108 6396
344 364 448 418 427

1163 366 1527 418 APPENDIX
1565 365 1660 416 AD
1698 361 1938 415 OPERA
1973 362 2032 413 Β.
2073 358 2388 415 DIONYSII
2425 358 2931 415 AREOPAGITAE.

3657 361 3764 416 428

347 487 531 555 θετικὴ
565 486 858 558 κατάφασις
892 486 948 540 in
988 487 1119 553 Deo,
1144 485 1299 542 Deus
1330 490 1419 542 est
1450 483 1638 557 magis
1663 483 1778 538 vita
1810 485 1867 537 et
1899 482 1995 537 bo-

2121 480 2398 551 5ποθετικὴ
2448 478 2744 558 κατάφασις
2791 480 2878 536 ἐπὶ
2930 481 3082 552 Θεοῦ,
3118 480 3201 536 ὅτι
3235 482 3262 536 6
3295 480 3424 542 Θεὸς
3485 483 3596 554 ζωή
3650 482 3763 540 ἐστι

347 577 500 632 nitas
531 592 708 647 quam
753 591 850 631 aer
881 580 937 632 et
974 575 1158 648 lapis;
1193 577 1589 632 detractiones
1644 577 1841 628 autem
1895 587 2002 626 ne-

346 665 582 737 gatione
625 665 919 720 contrario
973 667 1148 720 modo
1199 665 1474 737 positioni
1525 663 1832 732 dicuntur;
1865 676 2001 716 nam

347 755 584 827 positio,
615 756 772 812 sicut
818 756 1044 811 dictum
1075 761 1184 823 est,
1215 757 1540 811 secundum
1589 751 2000 825 descriptivam

348 845 803 901 afﬁrmationem
852 847 1223 915 enuntiatur;
1269 861 1474 916 nempe
1522 844 1678 900 Deus
1727 848 1816 898 est
1863 841 2002 909 vita,

349 939 452 990 aut
481 951 609 1003 aer;
643 940 704 990 at
733 936 1008 1005 negativa
1051 935 1336 990 detractio
1369 951 1382 989 :
1417 934 1569 989 Deus
1599 949 1714 989 non
1747 932 2004 987 inebria-

349 1028 466 1091 tur,
499 1041 614 1080 non
647 1024 951 1091 irascitur;
999 1027 1057 1078 et
1104 1024 1163 1078 in
1215 1023 1608 1095 positionibus
1635 1040 1670 1078 a
1701 1021 2005 1093 cognatio-

349 1114 515 1168 ribus
544 1112 890 1184 incipimus;
925 1113 1116 1184 magis
1147 1113 1305 1167 enim
1344 1117 1453 1168 Deo
1477 1111 1781 1184 proprium
1804 1110 1922 1164 vita
1950 1121 2006 1164 et

349 1201 586 1256 bonitas
619 1216 790 1270 quam
825 1217 921 1255 aer
968 1206 1026 1256 et
1075 1202 1246 1273 lapis.
1283 1203 1345 1255 In
1377 1201 1842 1257 detractionibus
1873 1215 2006 1254 vero

349 1291 422 1344 ab
453 1289 730 1345 extremis
773 1291 1175 1356 ascendimus,
1209 1291 1492 1346 nimirum
1545 1293 1722 1346 Deum
1757 1307 1875 1344 non
1907 1290 2005 1342 de-

347 1378 554 1434 clarari
585 1395 873 1450 sermone,
901 1395 1005 1434 nec
1037 1381 1334 1450 cognosci,
1365 1381 1549 1450 magis
1592 1384 1681 1435 est
1727 1383 1840 1434 Deo
1873 1393 2004 1449 pro-

348 1467 542 1539 prium
602 1483 778 1538 quam
841 1485 957 1522 non
1017 1469 1312 1540 crapulari
1373 1474 1430 1525 et
1487 1485 1603 1523 non
1661 1466 1877 1532 irasci;
1940 1482 2006 1520 ac

348 1556 590 1612 omnino
636 1573 668 1610 a
719 1558 976 1612 secundo
1010 1573 1114 1613 seu
1147 1557 1340 1612 viliori
1391 1558 1816 1612 detractionem
1848 1555 2006 1610 ordi-

353 1662 506 1712 mur,
538 1645 804 1700 videlicet
839 1663 851 1701 :
887 1663 1001 1702 non
1049 1646 1377 1702 inebriatur
1408 1647 1561 1702 Deus
1611 1645 1799 1717 magis
1830 1661 2006 1716 quam

349 1751 466 1790 non
498 1733 736 1804 dicitur,
769 1740 827 1790 et
860 1753 873 1792 :
916 1751 1033 1790 non
1079 1736 1356 1792 irascitur
1387 1736 1542 1790 Deus
1591 1734 1781 1806 magis
1827 1750 2004 1806 quam

351 1840 465 1877 non
499 1822 874 1895 intelligitur.
908 1821 1199 1898 Κραιπάλη
1253 1824 1493 1896 quidem
1545 1829 1636 1879 est
1682 1823 1921 1896 copiosa
1951 1827 2008 1879 et

348 1909 869 1966 vehementissima
915 1911 1194 1980 ebrietas,
1225 1911 1404 1968 veluti
1454 1908 1770 1985 καραπάλη,
1811 1911 1869 1966 id
1919 1915 2009 1967 est

349 1997 412 2051 τὸ
441 1996 580 2072 κάρα
608 2015 710 2054 seu
744 2007 912 2070 caput
940 1995 1230 2053 πάλλουσα
1259 2001 1537 2072 quatiens,
1563 2001 2008 2073 plurimumque

354 2104 625 2155 movens;
663 2093 827 2158 μῆνις
859 2093 1053 2145 autem
1088 2095 1179 2146 est
1226 2106 1340 2146 non
1373 2107 1735 2162 quaecunque
1767 2090 1872 2158 ira,
1905 2090 2006 2146 sed

354 2193 730 2248 permanens.
766 2178 969 2248 Itaque
1000 2195 1035 2233 a
1063 2179 1446 2235 sensibilibus
1497 2180 1566 2235 ad
1613 2179 2008 2251 intelligibilia

355 2267 762 2332 ascendentes,
796 2283 912 2322 non
944 2268 1226 2324 debemus
1255 2285 1458 2324 omnes
1490 2268 1596 2324 has
1633 2268 2008 2342 incorporeas

351 2353 744 2410 detractiones
790 2355 1096 2411 humiliter
1142 2356 1491 2430 intelligere,
1514 2359 1614 2413 sed
1647 2358 1705 2413 in
1741 2374 2007 2429 unoquo-

354 2461 468 2515 que
515 2443 754 2500 illorum
787 2461 915 2516 quas
966 2445 1248 2501 dicuntur
1293 2447 1635 2514 subaudire,
1668 2448 1823 2519 quod
1881 2446 2008 2519 ipse

353 2533 563 2588 beatus
594 2533 908 2606 Dionysius
939 2534 1124 2591 dixit:
1151 2541 1301 2591 Deus
1329 2537 1487 2591 enim
1521 2535 1668 2591 nihil
1701 2541 1791 2592 est
1824 2536 2008 2592 dicto-

357 2639 486 2677 rum
519 2640 646 2693 quae
688 2640 793 2678 nos
825 2625 1258 2695 cognoscimus,
1291 2631 1391 2681 aut
1433 2626 1844 2698 intelligimus,
1869 2626 2008 2698 quin

357 2727 466 2766 nec
496 2711 730 2767 illorum
756 2730 882 2784 quae
914 2713 1321 2786 intelligibiles
1343 2717 1590 2772 virtutes
1615 2716 1898 2771 universa:
1921 2732 2012 2770 co-

357 2803 902 2872 gnoscunt.0mnia
942 2803 1098 2858 enim
1133 2821 1258 2876 qua;
1291 2805 1446 2860 dicta
1485 2810 1646 2872 sunt,
1672 2822 1913 2877 prorsus
1943 2820 2012 2860 ex

359 2893 472 2946 Deo
505 2895 756 2959 sunt,ac
799 2893 932 2962 ejus
959 2895 1111 2947 dona
1146 2910 1158 2948 :
1191 2898 1248 2948 et
1286 2896 1581 2965 quomodo
1622 2894 1854 2966 proprie
1884 2893 2011 2965 ipse

353 2996 421 3034 ex
453 2979 599 3049 ipsis
629 2981 729 3052 qui
763 2981 910 3051 ipsis
942 2982 1246 3052 providet?
1266 2983 1476 3039 Omnia
1509 2999 1642 3038 vero
1665 2983 1892 3038 diverse
1913 2997 2010 3037 ex-

353 3067 673 3139 plicuimus
701 3069 762 3124 in
792 3069 942 3125 libro
973 3073 1048 3125 De
1073 3071 1284 3128 divinis
1312 3073 1648 3128 nominibus.
1675 3072 1807 3128 Haec
1852 3071 2009 3127 enim

354 3157 551 3212 omnia
579 3161 719 3212 sunt
749 3159 1162 3224 aceidentia,et
1188 3163 1247 3216 in
1275 3161 1628 3218 substantiis
1655 3178 1855 3218 eorum
1879 3178 2009 3234 quea

353 3250 487 3316 post
515 3246 732 3315 Deum;
767 3252 826 3302 at
855 3248 1009 3305 Deus
1058 3255 1185 3306 tum
1237 3251 1552 3307 essentiam
1589 3255 1844 3324 superat,
1878 3255 2007 3307 tum

352 3334 564 3390 horum
611 3341 703 3392 est
749 3341 982 3407 auctor;
1037 3354 1174 3411 ergo
1223 3344 1282 3395 et
1329 3339 1421 3396 his
1464 3340 1749 3412 superior.
1783 3341 1959 3397 Aliter
1987 3358 2007 3397 :

352 3423 485 3479 Vita
513 3428 572 3480 at
613 3425 867 3498 bonitas,
903 3427 1219 3484 altirmatio
1269 3445 1371 3484 seu
1423 3430 1665 3502 positio;
1716 3447 1831 3487 non
1881 3447 2004 3486 cra-

354 3513 618 3585 pulatur,
650 3530 766 3570 non
815 3516 1122 3587 irascitur;
1173 3534 1306 3575 ecce
1352 3521 1459 3576 tibi
1509 3519 1741 3593 negatio
1773 3537 1875 3577 seu
1907 3521 2006 3577 de-

356 3602 591 3658 tractio.

429 3691 606 3759 Quam
631 3708 729 3748 aer
767 3699 864 3750 aut
911 3695 1076 3767 lapis.
1111 3699 1223 3753 Aer
1251 3699 1512 3770 quidem,
1537 3699 1709 3770 juxta
1744 3699 2007 3769 Scriptu-

359 3796 487 3835 ram
519 3781 577 3834 in
610 3780 776 3838 libris
806 3786 1050 3857 Regum,
1079 3786 1138 3842 in
1170 3804 1313 3843 aura
1343 3788 1525 3842 tenui.
1555 3787 1832 3858 Lapidem
1872 3801 2007 3841 vero

359 3869 644 3942 prepheta
664 3871 830 3928 vidit.
856 3873 1040 3946 Magis
1070 3875 1254 3948 igitur
1284 3876 1518 3949 proprie
1543 3892 1721 3947 quam
1751 3873 1871 3944 illa,
1900 3874 2009 3929 vita

356 3963 415 4014 et
464 3959 696 4030 bonitas,
741 3961 801 4017 in
854 3966 967 4018 Deo
1011 3969 1332 4034 ponuntur,
1364 3969 1422 4020 et
1467 3965 1636 4018 illum
1688 3963 2005 4018 declarant.

357 4047 451 4102 Sic
484 4048 659 4104 etiam
708 4066 776 4106 ex
816 4051 1200 4124 detractione,
1224 4053 1514 4110 contrario
1565 4053 1759 4123 modo,
1793 4050 2012 4107 scilicet

353 4138 641 4209 crapularz'
677 4143 734 4194 et
774 4139 966 4212 irasci,
997 4147 1222 4198 remota
1272 4147 1412 4198 sunt
1443 4159 1474 4197 a
1506 4142 1622 4197 Deo
1673 4150 1729 4196 et
1778 4140 2007 4208 aliena;

353 4227 455 4281 sed
476 4243 585 4281 non
608 4228 724 4282 dici
745 4230 934 4300 magis
955 4233 1233 4288 convenit
1277 4232 1393 4287 Deo
1419 4236 1475 4286 et
1496 4231 1739 4302 propius
1763 4230 2007 4300 accedit,

353 4315 507 4371 288
538 4315 678 4386 quia
705 4333 941 4376 omnem
977 4328 1234 4377 mentem
1269 4329 1323 4376 et
1357 4335 1691 4376 sermonem
1721 4320 1921 4376 vincit.

976 4429 1048 4484 ΙΝ
1091 4429 1242 4484 CAP.
1290 4428 1382 4484 IV.

420 4518 606 4585 Neque
635 4515 692 4570 in
730 4515 845 4573 loco
876 4525 973 4573 est.
1009 4519 1179 4574 Pater
1220 4516 1552 4572 necessario
1599 4533 1702 4588 per
1745 4517 1866 4573 haec
1897 4535 2005 4574 au-

351 4603 599 4659 ditorem
627 4621 804 4680 suum
837 4608 1169 4675 conﬁrmat,
1196 4624 1269 4662 ne
1301 4611 1536 4680 propter
1566 4611 1878 4679 sequentes
1908 4625 2006 4663 ne-
2041 4583 2087 4648 Β

339 4691 615 4764 galiones
647 4679 966 4750 arbitretur
1006 4679 1374 4752 divinitatem
1420 4713 1661 4768 prorsus
1694 4714 1807 4754 non
1839 4713 2004 4768 esse;

351 4783 452 4837 sed
485 4783 542 4838 in
575 4782 668 4839 his
709 4784 973 4854 quidem,
1008 4783 1168 4839 illam
1219 4801 1348 4840 esse
1380 4786 1720 4858 supposuit;
1780 4787 1836 4841 in
1887 4786 2003 4842 illis

351 4887 503 4939 vero,
537 4871 767 4927 nullum
800 4889 928 4928 esse
963 4889 1166 4928 eorum
1202 4891 1326 4946 quae
1357 4879 1516 4946 sunt,
1552 4877 1651 4932 sed
1685 4877 2001 4934 essentiam

352 4975 653 5031 superare.

988 5047 1056 5104 ΙΝ
1106 5049 1259 5106 CAP.
1303 5050 1367 5107 V.

424 5136 576 5202 Quod
611 5153 713 5193 nec
758 5137 949 5192 anima
997 5140 1088 5206 sit,
1141 5155 1314 5210 neque
1362 5158 1534 5197 mens.
1566 5141 1694 5197 Haec
1746 5141 1897 5198 inter
1944 5160 2006 5200 se

353 5222 691 5296 discrepant
722 5224 898 5294 (sicut
947 5227 1222 5298 superius
1277 5229 1630 5286 declaratum
1662 5233 1770 5301 est)
1807 5250 1819 5287 :
1856 5232 2006 5287 ima-

349 5311 593 5381 ginatio,
636 5313 853 5384 opinio,
886 5316 1054 5385 ratio,
1090 5316 1650 5392 intelligentia,qum
1703 5321 1759 5374 in
1812 5325 2007 5377 mente

2107 568 2198 624 καὶ
2229 569 2502 644 ἀγαθότης
2552 569 2764 644 μᾶλλον
2797 569 2833 639 ἢ
2863 570 2968 640 ἀὴρ
3017 569 3108 626 καὶ
3157 567 3314 635 λίθος
3353 590 3366 604 ο
3398 571 3453 626 αἱ
3496 568 3554 627 δὲ
3602 573 3764 646 ἀφαι-

2112 658 2282 730 ρέσεις
2340 657 2475 714 κατᾶ
2531 659 2798 736 ἀπόφασιν
2861 658 3110 734 λέγονται
3167 657 3420 724 ἐναντίως
3459 663 3526 735 τῇ
3572 661 3712 716 Θέσει
3747 680 3762 694 ⁸

2111 750 2147 816 ἡ
2182 749 2277 821 μὲν
2332 748 2434 825 γὰρ
2484 749 2650 818 θέσις,
2699 747 2835 804 κατὰ
2883 749 3232 820 ὑποθετικῆν,
3287 751 3360 812 ὡς
3401 748 3635 823 εἴρηται,
3667 772 3767 806 κα-

2111 837 2338 915 τάφασις
2370 837 2609 913 λέγεται,
2642 836 2722 893 ὅτι
2759 838 2870 907 ζωὴ
2905 839 2932 892 6
2965 839 3094 900 Θεὸς
3125 839 3158 909 ἢ
3193 839 3299 916 ἀήρ
3333 858 3347 871 ⁵
3379 841 3415 910 ἡ
3454 835 3510 894 δὶ
3553 839 3770 918 ἀποφα-

2110 927 2236 994 τική
2267 925 2568 1002 ἀφαίρεσις,
2604 926 2665 981 o6
2698 926 3017 1000 μεθόσκεται
3059 929 3085 982 6
3117 928 3270 997 Θεὸς,
3305 927 3405 984 οὐκ
3451 927 3728 1005 ὀργίζεται
3752 948 3766 962 ο

2114 1016 2201 1069 καὶ
2236 1014 2322 1068 ἐπὶ
2351 1020 2459 1069 τῶν
2489 1016 2685 1080 θέσεων
2722 1015 2781 1071 έκ
2807 1021 2916 1071 τῶν
2948 1018 3372 1094 συγγενεστέρων
3431 1017 3730 1093 ἀρχόμαθα
3756 1036 3770 1051 ⁸

2117 1103 2446 1178 οἰκειότερον
2484 1104 2587 1180 γὰρ
2619 1105 2736 1178 Θεῷ
2773 1106 2886 1175 ζωὴ
2918 1105 3007 1161 λειαἰ
3035 1105 3311 1182 ἀγαθότης
3345 1104 3561 1181 μᾶλλον
3591 1106 3628 1176 ἢ
3661 1108 3772 1184 ἀὴρ

2115 1193 2203 1247 καὶ
2235 1192 2411 1256 λίθος.
2446 1193 2566 1248 Ἐπὶ
2610 1192 2668 1249 δὲ
2691 1199 2802 1250 τῶν
2834 1195 3170 1274 ἀφαιρέσεων
3202 1195 3291 1252 καὶ
3347 1200 3458 1252 τῶν
3517 1195 3771 1272 έσχάτων

2119 1279 2326 1354 ἄνιμεν,
2362 1282 2474 1336 οἷον
2506 1283 2568 1336 τὸ
2621 1283 2694 1356 μή
2749 1281 2894 1358 λόγῳ
2943 1280 3246 1354 δηλοῦσθαι
3277 1284 3372 1340 τὸν
3403 1285 3560 1356 Θεὸν,
3585 1285 3677 1340 καὶ
3708 1287 3776 1342 τὸ

2121 1371 2196 1442 μή
2253 1373 2515 1441 νοεῖσθαι,
2567 1371 2894 1448 οἰκειότερον
2961 1371 3176 1446 μᾶλλον
3207 1377 3286 1446 τῷ
3316 1377 3457 1446 Θεῷ,
3490 1373 3526 1444 ἢ
3575 1373 3638 1430 τὸ
3692 1375 3775 1449 μή

2115 1457 2444 1532 κραιπαλᾷν,
2483 1457 2624 1533 μηδὲ
2658 1460 2987 1536 ὀργίζεσθαι,
3020 1462 3111 1517 καὶ
3143 1462 3290 1525 ὅλως
3339 1462 3398 1518 ἐκ
3443 1465 3542 1519 τοῦ
3591 1460 3779 1519 δευτέ-

2117 1567 2214 1621 ρου
2243 1554 2344 1617 τῆς
2372 1548 2705 1625 ἀφαιρέσεως
2737 1545 3024 1626 ἀρχόμεθα
3056 1570 3070 1584 ⁸
3105 1554 3246 1622 οἷον,
3279 1552 3342 1607 οὐ
3391 1551 3575 1626 μεθύει
3625 1551 3783 1627 μᾶλ-

2119 1635 2214 1690 λον
2245 1639 2273 1691 6
2306 1638 2433 1700 Θεὸς
2533 1638 2592 1692 οὗ
2623 1636 2832 1714 λέγεται
2870 1661 2882 1674 ⁸
2918 1641 3007 1695 καὶ
3041 1639 3101 1695 οὖ
3135 1645 3304 1714 μηνιᾷ
3330 1639 3546 1714 μᾶλλον
3581 1643 3609 1698 6
3640 1645 3782 1706 Θεὸς

2116 1725 2153 1794 ἢ
2204 1725 2270 1780 οὐ
2332 1733 2550 1786 νοεῖται.
2585 1728 2882 1804 Κραιπάλη
2940 1731 3035 1803 μὶν
3095 1731 3187 1786 οῦν
3234 1730 3410 1800 έστιή
3441 1730 3631 1802 πολλὴ
3681 1733 3776 1789 καὶ

2118 1813 2460 1893 σφοδροτάτη
2498 1818 2660 1891 μέθη,
2689 1819 2855 1874 οἱονεὶ
2898 1818 3189 1893 καραπάλη
3240 1841 3322 1885 τις
3365 1818 3519 1892 οῦσα,
3551 1823 3580 1877 ὃ
3631 1819 3780 1877 ἐστὶν

2115 1907 2150 1973 ἡ
2202 1905 2266 1959 τὸ
2321 1907 2480 1982 κάρα,
2513 1904 2636 1976 ἤτοι
2693 1908 2792 1977 τήν
2841 1907 3087 1987 κεφαλὴν
3137 1907 3426 1966 πᾶλλουσα
3482 1909 3573 1966 καὶ
3631 1913 3777 1966 πάνυ

2113 1998 2357 2052 κινοῦσα.
2393 1997 2574 2066 Μῆνις
2607 1994 2663 2052 δὲ
2695 1996 2803 2072 οὐχ
2841 2001 2875 2068 ἡ
2924 1998 3170 2074 τυχοῦσα
3216 1999 3376 2077 ὀργὴ,
3407 1998 3536 2056 ἀλλ’
3564 2003 3598 2071 ἡ
3650 2000 3772 2057 ἐπί-

2122 2104 2308 2158 μονος.
2370 2086 2503 2141 Ἀπὸ
2559 2091 2687 2162 γοῦν
2739 2092 2847 2142 τῶν
2901 2088 3170 2158 αἰσθητῶν
3250 2089 3500 2154 ἀνιόντας
3560 2088 3648 2146 ἐπὶ
3702 2092 3776 2147 τὰ

2115 2173 2313 2243 νοητὰ,
2346 2175 2520 2237 πάσας
2567 2174 2767 2238 ταύτας
2813 2177 2910 2240 τὰς
2959 2176 3280 2252 ἀσωμάτους
3330 2178 3639 2258 ἀφαιρέσεις
3688 2183 3772 2255 μὴ

2118 2268 2385 2325 ταπεινῶς
2416 2269 2562 2319 νοεῖν
2611 2267 2748 2341 χρὴ,
2780 2264 2907 2322 ἀλλ’
2935 2265 3016 2344 ἐφ’
3050 2266 3257 2340 ἑκάστῳ
3302 2272 3411 2323 τῶν
3459 2267 3771 2346 εἰρημένων

2117 2352 2582 2427 προσυπακοόειν,
2641 2353 2774 2428 ὅπερ
2834 2355 2994 2418 αὐτὸς
3049 2357 3076 2411 6
3141 2355 3404 2433 μακάριος

2119 2442 2262 2497 εἶπεν
2291 2459 2307 2474 '
2360 2439 2512 2498 οὐδέν
2571 2444 2674 2519 γάρ
2733 2443 2872 2499 ἐστιν
2924 2447 2952 2502 6
3003 2445 3134 2508 Θεὸς
3178 2449 3284 2502 τῶν
3331 2445 3664 2522 εἰρημένων,
3696 2449 3777 2503 ὧν

2117 2531 2282 2603 ἡμεῖς
2335 2532 2700 2606 γινώσκομεν,
2732 2535 2766 2604 ἢ
2816 2538 3047 2608 νοοῦμεν
3081 2555 3095 2570 ⁸
3147 2534 3276 2592 ἀλλ’
3305 2533 3428 2592 οὔτε
3476 2538 3549 2592 ὧν
3607 2539 3778 2614 γινώ-

2121 2641 2340 2675 σκουσιν
2402 2623 2456 2676 αἱ
2513 2622 2702 2693 νοηταὶ
2764 2621 3018 2697 δυνάμεις
3083 2630 3248 2680 πᾶσαι
3279 2644 3292 2658 °
3343 2627 3519 2683 πάντα
3559 2627 3660 2705 γὰρ
3707 2627 3778 2684 τά

2119 2709 2385 2785 είρημένα
2440 2711 2680 2782 καθάπαξ
2739 2711 2798 2768 έκ
2845 2718 2979 2769 Θεοῦ
3010 2711 3112 2770 εἶσι
3161 2713 3251 2769 καὶ
3309 2713 3473 2772 αὐτοῦ
3532 2714 3774 2792 δωρεαί·

2119 2797 2210 2854 καὶ
2259 2803 2376 2862 πῶς
2425 2799 2584 2865 αὐτὸς
2632 2800 2683 2873 έξ
2727 2799 2902 2857 αὐτῶν
2937 2803 2965 2858 6
2995 2803 3406 2879 προνοούμενος
3452 2803 3626 2861 αὐτῶν
3678 2828 3774 2862 xo-

2122 2890 2255 2964 ρίως
2283 2917 2296 2960 ;
2328 2889 2506 2946 Πάντα
2533 2888 2592 2946 δὲ
2621 2895 2666 2928 ⁸³
2697 2889 2973 2968 διαφόρως
3017 2891 3371 2970 διεξήλθομεν
3416 2894 3470 2951 έν
3517 2902 3595 2969 τῷ
3635 2896 3771 2974 Περὶ

2123 2979 2277 3034 Οείων
2337 2980 2620 3054 ὀνομάτων
2657 3001 2670 3014 ⁸
2720 2984 2896 3038 πάντα
2950 2984 3052 3060 γὰρ
3118 2989 3306 3058 ταῦτα,
3357 2987 3432 3048 ὡς
3483 2982 3774 3059 συμϐεϐη-

2121 3071 2273 3139 κότα,
2306 3071 2392 3125 καὶ
2429 3069 2479 3125 έν
2514 3071 2731 3134 οὐσίαις
2759 3075 2866 3126 τῶν
2904 3075 3040 3146 μετὰ
3088 3075 3239 3130 Θεόν.
3272 3075 3334 3132 Ὁ
3386 3071 3445 3130 δὲ
3492 3075 3622 3138 Θεὸς
3681 3075 3774 3130 καὶ

2126 3159 2255 3233 ὑπὲρ
2315 3159 2523 3229 οὐσίαν,
2580 3158 2671 3215 καί
2724 3160 2932 3217 τούτων
2987 3160 3180 3228 αἷίτιος,
3235 3162 3429 3220 οὐκοῦν
3487 3164 3576 3220 καὶ
3637 3165 3777 3238 ὑπὲρ

3487 2358 3772 2423 Διονύσιος

2039 3218 2082 3285 c
2122 3218 2276 3303 αὐτά.
2307 3218 2532 3312 ’Δλλως
2568 3267 2581 3281 °
2633 3250 2754 3319 Ζωή
2815 3249 2904 3306 καὶ
2957 3218 3250 3328 ἀγαθότης,
3281 3218 3446 3328 [ἰδοὺ]
3476 3218 3779 3332 κατάφασιὲ

2116 3335 2242 3407 ἤτοι
2277 3339 2422 3402 θέσις
2456 3355 2470 3371 ⁶
2505 3337 2566 3394 οὐ
2597 3337 2895 3414 κραιωλᾷ,
2929 3337 3054 3397 οὐδὲ
3107 3346 3301 3417 μηνιᾷ,
3335 3339 3453 3399 ἰδοὺ
3502 3342 3775 3421 ἀπόφασις

2115 3424 2241 3496 ἤτοι
2276 3426 2578 3506 ἀφαίρεσις.

2187 3698 2254 3747 Ἣ
2285 3692 2390 3770 ἀὴρ
2432 3695 2523 3749 καὶ
2575 3694 2750 3760 λίθος.
2784 3697 2922 3773 Ἀἧρ
2972 3697 3090 3772 μέν,
3121 3698 3257 3754 κατὰ
3306 3700 3368 3756 τὸ
3418 3698 3471 3757 ἰν
3522 3700 3772 3760 Βασιλεί-

2118 3802 2204 3868 αις
2235 3781 2546 3856 εἶ’ρημένον,
2571 3781 2622 3839 έν
2655 3781 2793 3861 αῦρᾳ
2819 3784 2994 3862 λεπτῇ
3029 3804 3044 3819 ⁵
3095 3786 3247 3844 λίθον
3277 3785 3335 3844 δέ
3392 3791 3422 3847 6
3476 3794 3774 3868 προφήτης

2119 3867 2244 3925 εἶδε.
2278 3871 2502 3930 Τούτων
2536 3873 2627 3929 οῦν
2659 3872 2988 3952 οἰκειότερον
3017 3873 3234 3952 μᾶλλον
3267 3879 3440 3944 Θέσεις
3465 3879 3554 3936 καὶ
3587 3867 3770 3953 δηλώ-

2119 3981 2227 4021 σεις
2255 3962 2302 3996 ⁸⁸
2330 3960 2416 4016 ἐπὶ
2458 3967 2589 4018 Θεοῦ
2629 3965 2663 4033 ἢ
2719 3965 2831 4034 ζωὴ
2875 3965 2966 4021 καὶ
3010 3967 3044 4036 ἦ
3091 3965 3382 4043 ἀγαθότης.
3415 3971 3618 4046 Ὠσπερ
3674 3973 3766 4029 οὗν

2119 4049 2207 4103 καὶ
2240 4048 2298 4104 ἐκ
2324 4055 2422 4117 τῆς
2448 4055 2493 4088 ⁸³
2523 4053 2855 4132 ἀφαιρέσεως
2885 4053 2975 4111 ἐπὶ
3019 4060 3118 4111 τοῦ
3167 4057 3412 4114 ἐναντίου
3443 4061 3510 4131 ⁸⁸,
3543 4063 3657 4116 οἷον
3706 4063 3769 4116 τὸ

2119 4136 2424 4212 κραιπαλᾷν
2474 4143 2563 4197 καὶ
2612 4147 2833 4216 μηνιᾷν,
2874 4143 3065 4222 πόρῤω
3116 4151 3249 4202 Θεοῦ
3296 4150 3387 4203 καὶ
3447 4147 3721 4225 ἀλλότρια
3752 4170 3766 4185 ·

2117 4233 2178 4282 τὸ
2212 4227 2266 4283 δὲ
2300 4232 2438 4303 μήτε
2463 4230 2714 4306 λέγεσθαι
2748 4236 2791 4270 ³⁷
2825 4232 3041 4306 μᾶλλον
3069 4235 3273 4312 πρέπον
3308 4242 3426 4312 Θεῷ
3471 4239 3560 4294 καὶ
3605 4238 3769 4317 ἐγγυ-

2117 4317 2278 4394 τέρω,
2313 4317 2401 4374 διὰ
2427 4321 2490 4375 τὸ
2521 4322 2654 4399 ὑπὲρ
2684 4324 2858 4378 πάντα
2887 4328 3010 4380 νοῦν
3051 4346 3108 4381 τε
3135 4327 3226 4381 καὶ
3259 4326 3452 4395 λόγον.

2607 4435 2719 4484 ΕΙΣ
2758 4434 2843 4489 ΤΟ
2882 4433 3140 4490 ΚΕΦΑΛ.
3183 4436 3265 4494 Δ’.

2189 4513 2332 4573 Οὐδὲ
2389 4514 2441 4570 έν
2491 4516 2644 4590 τόπῳ
2720 4517 2886 4579 ἐστίν.
2943 4522 3279 4597 ’Λναγχαίως
3331 4525 3360 4580 6
3416 4527 3602 4603 Πατὴρ
3679 4525 3771 4583 διὰ

2116 4603 2322 4660 τούτων
2355 4606 2840 4686 προσησφαλίσατο
2870 4611 2965 4666 τὸν
3003 4613 3299 4689 ἀκροατὴν,
3332 4612 3473 4670 ὥστε
3518 4617 3598 4690 μή
3646 4622 3768 4681 ταῖς

2115 4693 2236 4766 ἑξῆς
2293 4696 2622 4774 ἀποφάσεσιν
2677 4695 2880 4754 οἷέσθαι
2941 4699 3089 4768 ὅλως
3133 4704 3210 4777 μή
3255 4703 3392 4760 εἶναι
3449 4704 3512 4760 τὸ
3567 4707 3713 4761 Θεῖον
3749 4725 3764 4740 ⁸

2117 4781 2244 4839 ἀλλ’
2274 4783 2324 4840 ἐν
2357 4786 2573 4850 τούτοις
2608 4787 2702 4860 μὶν
2734 4787 2798 4844 τὸ
2825 4787 2960 4846 εἶναι
2992 4789 3123 4848 αότὸ
3155 4789 3404 4864 ὑπέθετο,
3443 4793 3498 4851 ἐν
3539 4793 3771 4862 ἐκείνοις

2116 4873 2162 4929 8‘
2257 4875 2269 4894 ‘
2407 4875 2422 4895 ‘
2566 4873 2622 4932 δὲ
2748 4881 2775 4893 ”’
2897 4875 2923 4898 ”
3467 4885 3480 4904 ’
3541 4883 3555 4908 ⁸
3719 4886 3734 4908 ’

2151 4895 2172 4928 ε
2216 4895 2278 4929 το
2334 4896 2422 4930 και
2481 4897 2556 4950 μη
2625 4899 2650 4930 ν
2709 4898 2817 4934 των
2895 4901 3064 4937 οντων
3141 4881 3301 4956 εἶναι,
3351 4880 3460 4941 ἀλλ
3534 4903 3768 4960 υπερου-

2117 4985 2253 5020 σιον.

2602 5060 2715 5112 ΕΙΣ
2755 5059 2846 5116 ΤΟ
2885 5060 3155 5118 ΚΕΦΔΛ.
3199 5061 3275 5121 E’.

2186 5143 2274 5204 Ὠς
2325 5140 2447 5198 οὕτε
2504 5147 2656 5222 ψυχή
2699 5146 2864 5218 ἐστιν,
2919 5147 3045 5205 οὔτε
3101 5154 3251 5214 νοῦς.
3304 5151 3554 5229 Διαφέρει
3601 5158 3778 5212 ταῦτα

2116 5229 2407 5302 ἀλλήλων,
2441 5233 2514 5296 ὡς
2566 5234 2616 5289 έν
2662 5241 2780 5300 τοῖς
2807 5237 3061 5315 ἀνωτέρω
3119 5237 3450 5316 δεδήλωται,
3483 5245 3774 5320 φαντασία,

2119 5317 2266 5394 δόξα,
2301 5319 2492 5398 λόγος,
2526 5325 2732 5397 νόησις,
2767 5326 2798 5380 ἃ
2845 5327 2981 5383 κατά
3030 5331 3075 5366 ⁸⁸
3131 5330 3226 5386 τὸν
3277 5335 3402 5387 νοῦν
3459 5339 3776 5408 θεωρεῖται.

1394 5529 1632 5585 VARle
1662 5529 2054 5588 LECTIONES
2081 5531 2168 5588 ET
2194 5532 2747 5593 OORRECTIONBS.

421 5683 466 5717 ³³
494 5686 659 5738 ταῦτα
690 5681 766 5741 δέ.
845 5688 889 5722 ³⁸
920 5684 1196 5760 δυνάμεις.
1277 5693 1322 5726 ³⁵
1348 5688 1436 5744 ἐπὶ
1469 5697 1586 5758 τῆς.
1665 5693 1708 5728 ³6
1741 5690 1800 5745 ἐκ
1829 5696 1924 5746 τοῦ
1952 5691 2212 5752 ἐναντίου.
2288 5696 2333 5731 ³⁷
2367 5696 2505 5768 μήτε
2535 5698 2792 5754 νοεῖσθαι.
2871 5701 2916 5737 ³⁸
2946 5701 3094 5776 περί.
