4108 6396
336 391 450 446 429

1071 399 1132 451 8.
1173 397 1445 452 MAXIM!
1480 395 1784 451 SCHOLIA
1821 397 1895 450 IN
1934 398 2068 450 LIB.
2109 399 2203 450 DE
2244 399 2562 454 MYSTICA
2599 395 3030 452 THEOLOGIA.

3662 401 3770 456 430

340 516 811 602 Προσεπινοητέον
858 511 917 571 δὲ
964 516 1026 572 τὸ
1074 516 1208 572 κατᾶ
1261 517 1354 573 τὸν
1395 515 1662 592 ἡμέτερον
1696 515 1862 592 λόγον
1918 519 1994 594 μή

2113 519 2582 576 considerantur.
2618 521 2794 577 Porro
2835 524 3033 576 mente
3071 522 3472 594 supplendum
3502 528 3615 592 est,
3648 541 3767 582 non

337 601 489 680 ἔχειν
524 601 710 682 λόγον·
748 603 959 680 ὁμοίως
1008 605 1097 661 καὶ
1130 605 1317 678 νόησιν
1349 605 1485 662 κατᾶ
1512 607 1613 676 τήν
1647 605 1699 660 ἐν
1730 611 1847 668 τοῖς
1879 627 1995 662 νοε-

341 697 465 767 ροῖς
510 693 788 768 κτίσμασι·
820 694 911 750 καὶ
941 694 1006 750 τὰ
1036 694 1157 766 ἑξῆς
1214 692 1272 750 δὲ
1304 692 1479 758 οὕτως
1511 693 1826 771 ἐκδέχεσθαι
1859 697 1994 772 χρή.

339 779 587 846 νΑλλως·
625 784 727 842 Καὶ
759 781 844 840 ἐπῖ
879 783 1085 840 τούτων
1147 784 1353 858 ὁμοίως
1384 785 1446 840 τὸ
1487 785 1562 847 ὡς
1593 787 1742 858 ἡμᾶς
1803 781 1996 838 εἶδέναι

339 870 546 936 θετέον·
599 876 708 928 τῶν
763 874 878 947 μετ’
932 872 1098 944 αὐτήν
1129 871 1206 944 δὲ,
1243 871 1457 945 δηλαδὴ
1486 876 1584 944 τὴν
1620 873 1762 928 Θείαν
1817 875 1996 948 φύσιν,

335 961 588 1016 τουτέστι
638 964 746 1016 τῶν
797 961 1109 1036 κτισμάτων
1137 962 1232 1026 τὰς
1275 962 1444 1028 θέσειν
1505 964 1776 1018 ποιεῖσθαι
1835 962 1996 1040 φησὶν

336 1048 396 1104 ιν
426 1053 508 1120 τῷ
561 1046 735 1129 λέγειν
789 1050 934 1122 ζωήν
986 1050 1022 1120 ἢ
1069 1055 1185 1132 φῶς
1232 1051 1367 1108 κατᾶ
1392 1051 1459 1108 τά
1491 1051 1541 1106 έν
1574 1058 1689 1115 τοῖς
1716 1055 1998 1128 γεννητοῖς

336 1135 714 1214 θεωρούμενα,
746 1138 797 1210 ἐξ
829 1140 902 1197 ὧν
956 1140 1048 1196 τὸν
1088 1144 1256 1198 ταῦτα
1299 1140 1678 1214 ὑποστήσαντα
1709 1141 1995 1214 ἐννοοῦμεν

329 1227 427 1282 καὶ
460 1226 525 1284 οὗ
574 1233 676 1298 τῆς
722 1225 888 1287 αὐτοῦ
929 1228 1144 1307 φύσεως
1170 1227 1260 1287 διὰ
1286 1229 1495 1288 τούτων
1529 1231 1672 1287 θέσιν
1702 1231 1820 1286 τινὰ
1851 1229 1999 1284 εΐσά-

329 1335 529 1394 γομεν·
565 1316 652 1372 καὶ
696 1315 862 1373 πάλιν
915 1317 1191 1396 ἀφαίρεσιν
1225 1323 1488 1394 ποιοῦμεν
1521 1324 1601 1392 τῷ
1631 1319 1768 1376 κατὰ
1828 1316 1997 1393 μηδὲν

329 1403 549 1462 τούτων
585 1404 715 1462 εἶναι
746 1403 928 1485 λέγειν
961 1408 1023 1464 τὸ
1055 1409 1220 1466 θεῖον.

408 1673 557 1734 Οὐδὲ
612 1672 689 1750 έν,
750 1673 877 1734 οὐδὲ
935 1675 1146 1750 ἑνότης.
1207 1679 1560 1756 Διαφέρουσιν
1621 1676 1886 1750 ἀλλήλων
1941 1671 2001 1736 ἓν

329 1765 428 1822 καὶ
479 1763 695 1840 ὶνότης·
727 1766 790 1822 τὸ
826 1767 920 1842 μὶν
953 1769 1057 1846 γάρ
1095 1765 1265 1838 δηλοῖ
1309 1769 1370 1824 τὸ
1408 1768 1816 1847 ὑπερκείμενον,
1845 1768 1907 1824 τὸ
1940 1764 1999 1822 δέ

327 1853 438 1923 τὴν
465 1851 725 1928 τοιαύτην
759 1854 1049 1928 ποιότητα,
1111 1855 1290 1933 ὥσπερ
1321 1858 1513 1914 Λευκὸν
1559 1859 1647 1913 καὶ
1709 1856 1994 1931 λευκότης,

330 1942 543 2020 ἀγαθὸν
573 1946 662 1999 καὶ
692 1943 988 2020 ἀγαθότης.
1023 1945 1340 2022 Σημείωσαι
1395 1945 1452 2004 δὲ
1505 1947 1587 2004 ὅτι
1648 1944 1772 2003 οὕτε
1807 1949 1842 2017 ἡ
1877 1946 1994 2002 θεό-

325 2054 436 2104 της
473 2031 631 2090 οὐσία
659 2031 772 2089 εστὶ
802 2037 898 2089 τοῦ
930 2039 1087 2108 Θεοῦ,
1123 2037 1305 2113 ὥσπερ
1336 2034 1462 2094 οὐδὲ
1489 2035 1544 2092 ’έν
1590 2059 1641 2093 τι
1691 2041 1796 2092 τῶν
1849 2036 1997 2114 εἰρη-

331 2120 539 2196 μένων,
571 2119 696 2178 οὐδὲ
728 2127 837 2178 τῶν
885 2123 1136 2180 ἐναντίων
1188 2126 1396 2189 αὐτοῖς’
1460 2123 1544 2182 διὸ
1603 2124 1758 2182 οὐδὲν
1815 2126 1992 2183 αὐτῶν

323 2208 500 2269 ἐστιν.
554 2211 632 2269 Οὐ
687 2213 790 2290 γάρ
848 2211 959 2269 ἐστι
1008 2219 1175 2272 ταῦτα
1231 2215 1390 2271 οὐσία
1442 2215 1626 2288 αὐτοῦ,
1677 2214 1823 2272 ἀλλὰ
1868 2213 1996 2286 δόξα

321 2300 456 2376 περὶ
511 2300 695 2356 αὐτόν·
730 2300 889 2362 Οὕτω
921 2304 1012 2359 καὶ
1063 2303 1257 2380 Σέξτος
1286 2307 1314 2360 6
1352 2304 1803 2378 ἐκκλησιαστικὸς
1834 2303 1991 2384 φιλό-

322 2411 498 2470 σοφος
531 2391 666 2463 εἶπε,
689 2390 778 2447 καὶ
811 2392 839 2446 6
871 2391 1130 2470 θεολόγος
1153 2394 1462 2471 Γρηγόριος
1496 2393 1546 2451 ἰν
1577 2399 1656 2468 τῷ
1684 2395 1855 2471 τρίτῳ
1883 2399 1989 2450 τῶν

319 2477 675 2558 Θεολογικῶν
704 2479 891 2550 αὐτοῦ,
919 2481 994 2544 ὡς
1024 2479 1148 2538 οὕτε
1315 2483 1470 2555 θεότη
1483 2507 1528 2554 ς,
1561 2481 1683 2538 οὔτε
1733 2484 1795 2539 τὸ
1839 2483 1992 2558 ἀγέν-

315 2589 517 2641 νητον,
549 2565 672 2625 οὔτε
703 2571 738 2640 ἡ
771 2569 1051 2646 πατρότης
1079 2571 1267 2626 οὐσίαν
1301 2572 1629 2646 σημαίνουσι
1662 2577 1817 2631 Θεοῦ.

395 2654 546 2715 Οὗδὶ
574 2655 792 2732 θεότης,
834 2659 871 2730 ἢ
921 2657 1212 2737 ἁγαθότης.
1267 2659 1584 2734 Σημείωσαι
1644 2659 1702 2720 δὲ
1756 2663 1845 2718 καὶ
1906 2660 1989 2716 ὅτι

319 2743 458 2804 οὐδὲ
493 2746 712 2824 ΙΙνεῦμά
741 2747 908 2817 ἱστιν,
932 2748 1007 2811 ὡς
1038 2750 1186 2822 ἡμᾶς
1217 2747 1438 2819 εἰδέναι,
1471 2747 1595 2808 οὕτε
1624 2748 1835 2828 υἱότης,
1869 2748 1991 2807 οὕτε

321 2836 636 2911 πατρότης.
666 2837 764 2892 Καὶ
797 2835 860 2892 τὸ
901 2835 976 2900 ὡς
1008 2838 1159 2911 ἡμᾶς
1199 2835 1395 2894 εἰδέναι
1446 2839 1532 2894 ἐπὶ
1581 2838 1759 2910 πάσης
1787 2846 1887 2910 τῆς
1936 2838 1987 2894 ἐν

326 2930 454 2989 τοῖς
483 2923 868 3002 προκειμένοις
897 2924 1220 3006 ἀποφάσεως
1247 2923 1400 2984 λαϐέ
1439 2925 1606 3002 δηλοῖ
1647 2925 1704 2984 δὲ
1743 2928 1806 2983 τὸ
1855 2929 1993 2984 κατὰ

323 3017 429 3087 τὴν
463 3014 735 3093 ἡμετέραν
761 3011 990 3089 εἴδησιν.

399 3099 542 3160 Οὐδὲ
623 3106 691 3160 τά
775 3099 904 3161 ὄντα
985 3103 1286 3182 γινώσκει.
1366 3108 1460 3178 Μή
1549 3128 1606 3164 σε
1678 3108 1991 3182 ταρασσέτω

317 3194 382 3250 τὸ
453 3192 750 3272 κεφάλαιον
826 3198 990 3251 τοῦτο
1053 3194 1144 3250 καὶ
1202 3194 1430 3270 νομίσης
1491 3195 1841 3274 βλασφημεῖν
1897 3197 1987 3252 τὸν

2112 609 2327 666 habere
2375 610 2662 666 rationem
2715 611 3043 668 secundum
3106 617 3364 670 nostram
3424 615 3764 672 rationem:

2109 699 2382 754 similiter
2410 701 2588 755 etiam
2630 699 3080 772 intelligentiam
3115 703 3440 758 secundum
3473 720 3602 760 eam
3635 721 3762 776 qua:

2107 793 2196 845 est
2234 790 2292 844 in
2334 791 2620 847 creaturis
2671 797 2868 847 mente
2917 792 3206 863 praeditis;
3261 797 3318 847 et
3377 793 3605 866 reliqua
3652 794 3767 852 isto

2109 880 2281 934 modo
2331 880 2690 952 accipienda.
2724 882 2906 936 Aliter
2935 899 2953 935 :
2987 882 3056 936 Et
3094 881 3187 936 his
3221 881 3515 952 similiter,
3549 888 3613 939 ut
3660 900 3768 940 nos

2108 967 2390 1039 sciamus,
2421 971 2780 1040 ponendum,
2804 986 3006 1026 eorum
3043 987 3168 1042 quae
3201 987 3330 1026 eam
3365 970 3590 1027 scilicet
3618 972 3764 1028 divi-

2108 1073 2243 1113 nam
2275 1062 2548 1115 naturam
2576 1063 2932 1136 sequuntur,
2959 1060 3016 1114 id
3048 1063 3136 1116 est
3166 1063 3573 1118 creaturarum
3606 1061 3766 1134 posi-

2108 1146 2298 1204 tiones
2329 1147 2454 1203 iieri
2485 1148 2586 1217 ait,
2619 1165 2754 1204 cum
2804 1149 3022 1205 dicitur
3051 1149 3170 1206 vita
3210 1153 3313 1205 aut
3358 1149 3556 1207 iumen
3599 1151 3770 1223 juxta

2109 1235 2212 1293 illa
2242 1253 2370 1310 qua":
2414 1237 2474 1293 in
2516 1237 2953 1310 generabilibus
2986 1239 3398 1312 advertuntur,
3429 1255 3499 1295 ex
3547 1239 3768 1312 quibus

2110 1341 2247 1381 eum
2275 1325 2372 1400 qui
2407 1325 2528 1383 haec
2549 1326 2815 1383 condidit
2846 1327 3235 1400 intelligimus
3261 1346 3273 1384 :
3299 1345 3416 1384 non
3446 1331 3641 1385 autem
3666 1345 3775 1402 per

2111 1414 2232 1470 haec
2262 1416 2583 1486 quamdam
2608 1420 2830 1473 naturae
2853 1417 2982 1488 ejus
3016 1416 3365 1489 positionem
3394 1417 3766 1492 inducimus;

2109 1519 2435 1577 rursusque
2467 1505 2888 1563 detractionem
2930 1505 3178 1563 facimus
3209 1507 3456 1563 dicendo
3488 1506 3766 1563 divinita-

2107 1594 2228 1647 tem
2260 1591 2320 1646 in
2354 1591 2515 1649 nullo
2547 1592 2759 1650 borum
2787 1611 2937 1651 esse.

2179 1680 2286 1736 Nec
2314 1697 2508 1750 unum,
2542 1697 2641 1738 nec
2679 1683 2885 1740 unitas.
2911 1683 3204 1741 Diil'erunt
3235 1685 3387 1741 inter
3419 1700 3481 1742 se
3507 1701 3682 1741 unum
3710 1690 3769 1742 et

2107 1772 2324 1834 unitas;
2353 1769 2498 1827 illud
2538 1771 2694 1828 enim
2742 1773 3038 1846 significat
3085 1774 3440 1846 subjectum,
3476 1767 3584 1830 illa
3625 1790 3765 1830 vero

2106 1859 2285 1916 talem
2331 1860 2700 1938 qualitatem,
2737 1864 2889 1931 sicut
2937 1862 3137 1919 album
3192 1863 3420 1935 albedo,
3454 1863 3676 1920 bonum
3709 1869 3768 1920 et

2105 1948 2358 2005 bonitas.
2382 1947 2528 2006 Nota
2548 1966 2682 2006 vero
2706 1951 2858 2024 quod
2891 1967 2997 2006 nec
3020 1950 3299 2008 divinitas
3321 1951 3399 2008 sit
3432 1952 3530 2008 Dei
3560 1969 3762 2008 essen-

2104 2036 2206 2103 tia,
2232 2038 2385 2093 sicut
2414 2055 2601 2094 unum
2636 2055 2837 2094 eorum
2868 2057 2998 2112 quae
3030 2040 3186 2098 dicta
3217 2045 3376 2116 sunt,
3400 2057 3505 2097 nec
3539 2041 3764 2112 aliquid

2103 2126 2339 2183 illorum
2369 2144 2496 2200 quae
2547 2128 2692 2200 ipsis
2737 2130 3058 2199 contraria;
3094 2147 3221 2202 quas
3276 2128 3507 2186 nullum
3558 2146 3763 2186 eorum

2103 2220 2210 2272 est.
2237 2218 2370 2288 Ipsa
2399 2216 2558 2272 enim
2593 2234 2707 2272 non
2759 2223 2899 2274 sunt
2947 2220 3076 2289 ejus
3125 2218 3403 2289 essentia,
3430 2221 3531 2274 sed
3566 2218 3766 2290 opinio

2103 2305 2256 2362 circa
2284 2305 2505 2378 ipsum.
2539 2305 2630 2362 Sic
2679 2307 2858 2364 etiam
2890 2308 3103 2364 Sextus
3135 2306 3529 2382 philosophus
3572 2307 3762 2364 cccleo

2102 2395 2379 2452 siasticus
2411 2395 2576 2464 dixit,
2611 2399 2670 2452 et
2700 2397 3017 2476 Gregorius
3047 2397 3378 2469 theologus,
3411 2413 3516 2452 nec
3548 2395 3761 2451 divini-

2099 2487 2281 2539 tatem
2315 2499 2421 2540 nec
2454 2484 2804 2557 ingenitum,
2836 2502 2942 2542 nec
2972 2486 3390 2558 paternitatem
3423 2483 3760 2556 signiﬁcare

2099 2571 2203 2628 Dei
2235 2571 2576 2629 essentiam.
2677 2588 2680 2589 '
3767 2587 3769 2590 ‘

2168 2665 2356 2733 Neque
2381 2660 2671 2729 divinitas,
2695 2678 2873 2736 neque
2903 2663 3139 2720 bonitas.
3163 2663 3313 2720 Nota
3334 2679 3470 2720 eum
3506 2678 3610 2719 nec
3632 2678 3763 2719 esse

2099 2748 2384 2821 Spiritum
2418 2754 2482 2806 ut
2513 2768 2620 2807 nos
2671 2751 2956 2819 sciamus,
2988 2769 3093 2808 nec
3146 2753 3434 2808 rationem
3469 2749 3622 2820 Filii,
3657 2767 3764 2807 nec

2100 2837 2382 2894 rationem
2435 2840 2619 2896 Patris
2668 2856 2771 2896 seu
2822 2841 3260 2913 paternitatem,
3292 2845 3350 2897 et
3376 2839 3440 2894 τὸ
3485 2839 3559 2900 ὡς
3605 2840 3757 2910 ἡμᾶς

2099 2922 2299 2982 εἶδέναι
2331 2933 2582 3001 usurpat
2610 2929 2669 2984 in
2698 2929 2859 2984 omni
2892 2930 3166 3004 praesenti
3198 2928 3530 3002 negatione.
3559 2927 3755 3000 Signi-

2101 3017 2235 3076 ﬁcat
2262 3034 2397 3074 vero
2427 3018 2729 3075 secundum
2760 3024 3010 3076 nostram
3039 3018 3352 3076 scientiam.

2171 3108 2352 3180 Neque
2381 3125 2503 3181 qua:
2531 3114 2659 3165 sunt
2686 3111 2989 3180 cognoscit.
3024 3111 3176 3166 239
3209 3109 3334 3165 Non
3369 3111 3423 3165 te
3453 3107 3763 3181 perturbet

2101 3195 2210 3253 hoc
2232 3203 2430 3270 caput,
2456 3203 2641 3256 etnec
2663 3198 2929 3255 divinum
2956 3198 3113 3254 hunc
3134 3198 3327 3255 virum
3350 3195 3762 3269 blasphemare

323 3290 475 3348 θεῖον
542 3287 737 3341 τοῦτον
795 3280 1000 3362 ἄνδρα*
1058 3284 1261 3348 σκοπὸς
1320 3285 1421 3361 γάρ
1477 3284 1624 3358 αὐτῷ
1675 3283 1841 3358 δεῖξαι
1897 3287 1989 3342 τὸν

2109 3290 2303 3357 putes;
2338 3303 2552 3360 scopus
2584 3288 2741 3344 enim
2775 3288 2904 3358 ejus
2936 3292 3026 3344 est
3055 3288 3362 3344 ostendere
3390 3291 3572 3343 Deum
3608 3283 3760 3340 nihil

321 3373 461 3428 Θεὸν
511 3369 680 3447 μηδὲν
729 3376 839 3428 τῶν
898 3367 1070 3429 ὄντων
1120 3369 1271 3446 ὄντα,
1321 3371 1446 3430 ἀλλ’
1479 3374 1608 3449 ὑπὲρ
1639 3375 1707 3430 τὰ
1736 3370 1883 3430 ὄντα·
1937 3373 1982 3428 εἰ

320 3462 432 3537 γάρ
465 3462 533 3516 τά
590 3461 762 3518 πάντα
819 3461 977 3525 αὐτὸς
1027 3458 1439 3540 δημιουργήσας
1493 3466 1806 3541 παρήγαγε,
1865 3467 1984 3525 πῶς

323 3549 450 3628 ἔχει
480 3550 765 3624 εὑρεθῆναι
819 3547 874 3607 ἓν
901 3573 954 3608 τι
985 3555 1093 3607 τῶν
1121 3547 1331 3624 ὄντωνς
1389 3553 1503 3609 εἶπε
1544 3553 1666 3629 γὰρ,
1727 3551 1810 3610 ὅτι
1856 3550 1984 3608 οὐδὲ

321 3640 391 3695 τὰ
435 3637 567 3696 ὄντα
609 3640 869 3716 γινώσκει
924 3641 1015 3696 τὸν
1049 3640 1263 3697 πάντων
1298 3639 1470 3696 αἷ¹τιον
1501 3643 1652 3698 Θεόν’
1709 3646 1870 3698 τοῦτο
1928 3639 1985 3698 δὲ

322 3727 586 3786 ἀπώλεια
643 3729 842 3808 σαφὴς,
870 3730 934 3786 τὸ
967 3731 1044 3804 μὴ
1095 3731 1383 3806 γινώσκειν
1415 3731 1562 3788 Θεόν⁹
1596 3729 1744 3788 ἀλλὰ
1769 3733 1985 3806 ταχέως

325 3818 466 3875 αὐτὸ
495 3817 836 3898 ἐσαφήνισεν,
871 3817 1038 3875 εἰπὼν
1070 3820 1109 3894 ᾖ
1152 3818 1312 3885 αὐτός
1357 3821 1488 3893 ἐστι,
1537 3821 1835 3891 τουτέστιν,
1894 3821 1986 3876 οὗ·

328 3907 422 3965 δέν
479 3912 588 3964 τῶν
639 3903 812 3964 ὄντων
868 3907 1120 3984 γινώσκει
1179 3910 1333 3983 Θεὸν,
1380 3911 1497 3966 καθ’
1547 3911 1576 3965 '6
1608 3908 1766 3974 αὐτός
1821 3910 1982 3986 ἐστιν,

328 3997 462 4058 ἀντὶ
483 4001 582 4054 τοῦ
605 3998 707 4068 τὴν
757 3998 1072 4069 ἀνεννόητον
1100 3999 1190 4056 καὶ
1223 3999 1542 4076 ὑπερούσιον
1577 4001 1760 4057 οὐσίαν
1793 4002 1987 4070 αὐτοῦ,

325 4089 363 4162 ἢ
427 4086 656 4165 ὕπαρξιν
716 4088 832 4142 καθ’
885 4089 954 4158 ἢν
1012 4089 1296 4164 ὑπάρχει·
1355 4087 1564 4166 εἷ’ρηται
1612 4091 1735 4168 γάρ·
1796 4087 1988 4157 Οὐδεὶς

325 4177 588 4252 γινώσκει
618 4175 712 4231 τόν
746 4175 869 4231 Υἱὸν
906 4174 956 4230 εἲ
987 4179 1063 4251 μὴ
1125 4177 1152 4232 6
1205 4178 1416 4253 Πατήρ,
1471 4175 1602 4233 οὐδὲ
1651 4179 1740 4234 τὸν
1779 4178 1992 4255 Πατέρα

319 4287 411 4330 τις
443 4263 817 4343 ἐπιγινώσκει,
873 4265 921 4320 εἲ
980 4267 1056 4340 μὴ
1117 4267 1146 4320 6
1177 4265 1322 4331 Υἱός.
1375 4268 1476 4323 Καὶ
1512 4267 1572 4323 ἑκ
1606 4272 1704 4323 τοῦ
1752 4266 1992 4323 ἐναντίου

321 4355 520 4432 ἐπάγει
554 4356 583 4410 6
617 4355 784 4431 μέγας
814 4353 1116 4426 Διονύσιος,
1165 4355 1254 4411 καί
1284 4377 1470 4433 φησιν,
1504 4357 1613 4429 [καὶ
1673 4357 1756 4412 δτι
1816 4355 1993 4420 οὐδεὶς

323 4444 591 4522 γινώσκει
621 4443 714 4499 τὸν
745 4443 875 4500 Θεὸν
908 4443 944 4519 ᾖ
972 4443 1162 4517 ἐστὶν,]
1218 4434 1344 4499 ὄύδὶ
1372 4445 1535 4510 αὐτὸς
1587 4445 1615 4499 ὁ
1661 4445 1790 4510 Θεὸς
1837 4446 1998 4522 γινώ-

332 4555 454 4590 σκει
513 4532 582 4587 τὰ
630 4529 755 4588 ὄντα
808 4531 846 4608 ᾗ
904 4528 1036 4588 ὄντα
1081 4532 1215 4604 ἐστὶ,
1264 4531 1536 4589 τουτέστιν
1571 4533 1672 4588 οὐκ
1703 4529 1844 4588 οἶδεν
1875 4531 1998 4588 ἐπι-

2094 3391 2224 3432 esse
2253 3393 2454 3433 eorum
2487 3394 2616 3454 qua:
2667 3381 2826 3447 sunt,
2860 3379 2963 3434 sed
3017 3393 3321 3450 superare;
3353 3375 3401 3432 si
3433 3375 3592 3431 enim
3627 3374 3757 3446 ipse

2094 3465 2294 3520 omnia
2347 3467 2601 3521 creando
2655 3466 3018 3542 produxerit,
3068 3465 3363 3538 quomodo
3421 3461 3758 3519 invenietur

2093 3570 2221 3610 esse
2255 3571 2436 3610 unum
2469 3571 2672 3612 eorum
2725 3572 2850 3627 quae
2884 3555 3065 3611 sunt?
3098 3554 3242 3610 dixit
3281 3552 3460 3623 enim,
3497 3551 3650 3624 quod
3685 3568 3755 3606 ea

2095 3659 2219 3714 quae
2251 3647 2392 3699 sunt
2423 3643 2667 3699 minime
2701 3648 2882 3700 Deum
2906 3644 3174 3698 omnium
3210 3646 3510 3698 auctorem
3543 3655 3754 3711 cogno-

2095 3736 2290 3803 scant;
2325 3733 2676 3792 manifestus
2719 3737 2917 3789 autem
2953 3733 3252 3804 interitus,
3284 3731 3468 3788 Deum
3503 3745 3619 3784 non
3654 3744 3751 3784 co-

2095 3838 2377 3895 gnoscere
2409 3839 2422 3877 :
2458 3827 2519 3878 at
2565 3839 2699 3878 mox
2749 3821 3010 3895 seipsum
3043 3820 3365 3877 declaravit
3411 3833 3546 3874 cum
3578 3817 3748 3884 dixit,

2097 3916 2392 3985 quatenus
2448 3915 2568 3978 est,
2619 3912 2677 3967 id
2736 3919 2822 3968 est
2875 3910 3104 3967 nullum
3163 3925 3366 3966 eorum
3427 3925 3555 3982 qum
3612 3910 3754 3963 sunt

2098 4001 2282 4057 Deum
2323 4000 2625 4078 cognoscit
2654 4004 2948 4074 quatenus
2978 4004 3090 4071 est,
3122 4016 3248 4074 pro.
3283 3997 3529 4054 minime
3577 3994 3755 4052 intel-

2100 4089 2384 4166 ligibilcm
2418 4095 2475 4148 et
2504 4089 2762 4148 essentia
2795 4089 3159 4164 superiorem
3189 4104 3322 4146 esse
3361 4086 3524 4143 illius
3553 4101 3757 4142 essen-

2100 4179 2268 4249 tiam,
2318 4179 2407 4235 vel
2463 4178 2868 4236 exsistentiam
2920 4196 3036 4251 qua
3085 4177 3362 4234 exsistit:
3412 4176 3554 4232 dicit
3600 4173 3760 4230 enim

2103 4269 2408 4341 Scriptura
2441 4287 2453 4325 :
2487 4269 2653 4324 Nemo
2701 4272 2852 4325 novit
2903 4268 3150 4336 Filium,
3203 4269 3314 4322 nisi
3357 4268 3543 4337 Pater,
3590 4278 3768 4337 neque

2105 4360 2328 4414 Patrem
2376 4358 2498 4430 quis
2540 4359 2690 4413 novit
2737 4359 2854 4413 nisi
2899 4357 3080 4413 Filius
3102 4357 3267 4434 (i-k);
3323 4359 3500 4426 atque
3549 4371 3582 4411 a
3629 4369 3770 4408 con-

2108 4448 2289 4504 trario
2323 4447 2484 4503 addit
2527 4463 2781 4520 magnus
2834 4446 3171 4518 Dionysius,
3206 4447 3406 4515 aitque
3437 4443 3641 4514 [Nemo
3673 4456 3769 4496 co-

2109 4536 2340 4610 gnoscit
2371 4537 2554 4592 Deum
2583 4552 2699 4608 qua
2727 4535 2860 4605 est],
2890 4551 2994 4590 nec
3024 4534 3151 4606 ipse
3186 4538 3335 4589 Deus
3367 4530 3671 4603 cognoscit
3701 4544 3776 4584 ea

336 4619 573 4679 ϐάλλειν
602 4625 720 4684 τοῖς
775 4620 1054 4693 αἰσθητοῖς
1086 4621 1379 4694 αἰσθητῶς,
1437 4621 1474 4691 ἢ
1529 4627 1648 4684 ταῖς
1689 4621 1896 4685 οὐσίαις
1926 4621 1994 4684 ὠς

2113 4643 2240 4700 quae
2287 4630 2423 4682 sunt
2449 4630 2743 4698 quatenus
2787 4628 2946 4691 sunt,
2982 4622 3042 4678 id
3093 4627 3203 4693 est,
3239 4621 3426 4678 nescit
3469 4618 3777 4678 intendere

337 4710 580 4774 οὐσίαις.
635 4709 905 4767 ἀνοίκειον
932 4711 1037 4788 γὰρ
1068 4716 1229 4768 τοῦτο
1279 4713 1416 4785 Θεῷ’
1475 4712 1526 4767 οἱ
1576 4711 1679 4788 γὰρ
1726 4708 2003 4789 ἄνθρωποι

336 4803 409 4859 τά
440 4799 678 4872 αἰσθητᾶ
704 4802 740 4872 ἢ
773 4797 867 4856 διὰ
895 4799 1040 4874 θέας,
1087 4801 1124 4870 ἢ
1167 4799 1426 4878 γεύσεως,
1482 4799 1517 4870 ἢ
1578 4801 1720 4878 ἁφῆς
1773 4805 2005 4875 νοοῦμεν

337 4892 394 4949 τί
428 4891 559 4946 εἰσί·
621 4889 690 4946 τὰ
717 4888 776 4945 δὲ
804 4889 978 4962 νοησὰ
1008 4890 1115 4946 ἀπὸ
1167 4892 1478 4964 μαθήσεως,
1537 4891 1572 4961 ἢ
1633 4887 2004 4960 διδασκαλίας,

340 4983 376 5053 ἢ
409 4978 749 5054 ἐλλάμψεως
780 4973 1270 5054 καταλαμϐάνομεν
1289 4982 1354 5038 ³³.
1387 4980 1449 5036 Ὀ
1482 4977 1540 5034 δὲ
1588 4981 1718 5041 Θεὸς
1771 4977 1899 5035 οὐδὲ
1955 4979 2008 5050 ἐξ

341 5070 468 5133 ένὸς
498 5070 709 5144 τρόπου
758 5067 1016 5124 τοιούτου
1068 5066 1182 5124 οἶδε
1208 5068 1276 5124 τὰ
1328 5063 1455 5123 ὄντα
1486 5066 1635 5123 ἀλλὰ
1663 5073 1860 5144 γνῶσιν
1889 5066 2008 5144 ἕχει

337 5161 443 5231 τήν
480 5158 630 5233 αὐτῷ
654 5160 986 5234 πρέπουσαν·
1030 5162 1193 5214 τοῦτο
1223 5157 1322 5234 γὰρ
1383 5157 1674 5214 αἰνίττεται
1729 5159 1792 5214 τὸ
1844 5157 2008 5234 ῥητὸν

334 5251 404 5307 τὸ
437 5248 626 5326 λέγον,
674 5250 736 5306 '0
797 5246 960 5311 εῗδὼς
1016 5246 1084 5303 τὰ
1139 5248 1316 5304 πάντα
1359 5246 1485 5323 πρὶν
1519 5245 1780 5324 γενέσεως
1812 5246 2009 5320 αὐτῶν,

339 5339 484 5416 ὅπερ
518 5336 694 5409 δηλοῖ
722 5339 806 5394 ὅτι
841 5338 903 5394 οὗ
933 5339 1071 5394 κατὰ
1096 5337 1187 5393 τὸν
1239 5334 1408 5413 λόγον
1437 5345 1538 5408 τῆς
1594 5336 1855 5414 γενέσεως
1903 5341 2008 5392 τῶν

429 5496 574 5570 (ἱ-Ιί)
607 5495 818 5552 Matth.
849 5511 932 5564 xx,
959 5495 1054 5556 27.

2119 4715 2436 4773 sensilibus
2458 4716 2632 4771 modo
2655 4712 2942 4780 sensibili,
2962 4715 3063 4768 aut
3084 4711 3359 4768 essentiis
3381 4713 3447 4765 ut
3468 4707 3775 4776 essentiis;

2115 4805 2263 4860 illud
2296 4804 2452 4860 enim
2477 4803 2590 4859 Deo
2615 4819 2731 4858 non
2765 4800 3074 4858 convenit:
3101 4818 3208 4857 nos
3233 4800 3475 4872 quidem
3506 4795 3777 4852 homines

2118 4893 2426 4950 sensilium
2460 4897 2730 4948 naturam
2781 4898 2884 4947 aut
2913 4891 3066 4960 visu,
3100 4894 3202 4944 aut
3240 4891 3442 4960 gustu,
3467 4889 3570 4942 aut
3617 4886 3782 4938 tactu

2117 4981 2506 5054 intelligimus
2542 4999 2554 5038 :
2588 4986 2648 5037 at
2694 4979 3098 5052 intelligibitia
3149 4976 3365 5043 studio,
3405 4978 3507 5031 aut
3553 4973 3782 5028 instru-

2121 5071 2310 5127 ctione
2332 5074 2433 5126 aut
2454 5069 2848 5126 illustratione
2873 5067 3446 5140 comprehendimus.
3477 5064 3628 5118 Deus
3652 5075 3786 5116 vero

2118 5159 2280 5216 nullo
2303 5159 2515 5215 horum
2538 5160 2849 5215 modorum
2875 5156 3036 5212 novit
3055 5173 3122 5213 ea
3144 5173 3272 5227 quae
3297 5158 3459 5223 sunt,
3476 5151 3579 5208 sed
3606 5149 3790 5205 habet

2121 5248 2518 5322 cognitionem
2549 5247 2662 5304 sibi
2683 5247 3226 5312 accommodatam;
3258 5243 3369 5299 hoc
3403 5241 3560 5298 enim
3590 5240 3788 5310 Scrip-

2118 5342 2254 5394 tura
2283 5337 2547 5393 insinuat
2571 5353 2706 5393 cum
2728 5335 2906 5392 dicit:
2934 5336 3040 5404 Qui
3070 5336 3222 5391 novit
3249 5335 3443 5390 omnia
3473 5335 3782 5400 antequam

1396 5618 1638 5677 VARDE
1671 5619 2059 5677 LECTIONES
2092 5623 2176 5672 ET
2206 5617 2760 5677 CORRECTIONES.

439 5738 490 5774 3°
521 5725 1058 5810 καταλαμϐάνονται.
