4108 6428
380 372 481 428 431

1198 373 1563 427 APPENDIX
1599 374 1696 427 AD
1732 372 1975 427 OPERA
2007 373 2068 426 Β.
2108 370 2423 426 DIONYSII
2462 370 2964 428 AREOPAGITE.

3687 369 3790 426 432

380 498 575 567 ﬁerent
595 495 679 567 (l),
703 496 857 567 quod
889 493 1150 551 declarat
1171 494 1357 551 Deum
1407 511 1522 550 non
1554 510 1905 567 cognoscere
1933 492 2027 549 illa

2149 488 2319 547 ὅντων
2348 489 2487 547 οἶδεν
2521 490 2657 547 αὐτᾶ
2681 493 2709 546 ὁ
2740 491 2869 553 Θεὸς
2898 490 3052 566 [ὅπερ
3095 489 3237 545 ἐστὶν
3289 489 3586 561 αἰσθητῶς,
3630 488 3790 566 ἀλλὰ]

384 601 511 657 quas
542 588 684 640 sunt
713 584 1039 640 secundum
1084 583 1375 640 rationem
1409 582 1804 656 generationis
1834 598 2037 639 eorum

386 674 517 745 [hoc
547 677 637 729 est
678 672 1084 746 sensibiliter],
1116 674 1217 729 sed
1265 674 1592 728 secundum
1623 671 1807 729 alium
1835 672 2039 745 cogni-

382 761 562 818 tionis
588 762 854 818 modum.
886 761 1094 835 Angeli
1127 761 1367 835 quidem
1407 761 1507 817 illa
1538 765 1904 835 cognoscunt
1932 778 2036 818 no-

380 851 582 907 scendi
605 850 887 907 facultate
911 855 967 908 et
989 851 1163 907 modo
1185 849 1586 918 immateriali,
1610 867 1727 907 non
1748 850 1901 907 sicut
1926 866 2035 906 nos

379 939 679 1009 sensibili;
701 940 787 997 sic
800 940 1165 1013 igituretiam
1179 940 1335 996 Deus
1357 940 1582 1013 absque
1597 939 2037 1012 comparatione

376 1033 435 1086 ct
464 1029 1074 1099 transcendentaliter,
1106 1045 1220 1085 non
1262 1035 1459 1086 autem
1502 1028 1774 1085 essentiis
1804 1029 2034 1085 incum-

374 1118 523 1174 hens
555 1118 720 1175 novit
749 1135 815 1174 ea
844 1135 972 1191 quae
1020 1122 1181 1175 sunt.
1210 1119 1409 1176 Aliter.
1443 1116 1526 1175 Τὰ
1555 1112 1685 1173 ὄντα
1715 1135 1821 1176 seu
1868 1134 2034 1174 crea-

373 1211 519 1263 tura
549 1224 667 1263 non
700 1212 951 1279 possunt
991 1206 1488 1263 intellectionibus
1522 1222 1704 1281 supra
1734 1207 2032 1279 propriam

374 1301 644 1352 naturam
677 1296 912 1352 extendi
946 1313 959 1353 :
997 1296 1203 1352 merito
1245 1296 1426 1369 igitur
1456 1296 1683 1368 seipsas
1716 1295 2034 1369 inspicien-

370 1387 481 1453 tes,
504 1383 765 1440 divinam
797 1384 1079 1457 ignorant
1116 1389 1414 1455 naturam,
1438 1388 1731 1457 quatenus
1761 1383 1893 1456 ipsa
1921 1387 2031 1440 est.

374 1472 469 1529 Sic
501 1471 681 1545 igitur
710 1472 909 1529 divina
930 1477 1141 1530 natura
1160 1474 1419 1546 seipsam
1448 1473 1842 1541 intuens,non
1873 1472 2036 1529 novit

373 1562 433 1617 in
467 1577 530 1617 se
561 1560 663 1617 illa
694 1578 822 1634 quae
854 1566 997 1618 sunt
1027 1562 1355 1618 secundum
1382 1562 1650 1619 essentiae
1678 1560 1915 1618 illorum
1946 1578 2037 1619 ra-

372 1648 623 1719 tionem;
659 1651 763 1706 hoc
795 1649 954 1706 enim
996 1649 1315 1706 declaravit
1357 1667 1492 1706 cum
1543 1650 1711 1721 dixit,
1738 1654 2033 1723 quatenus

372 1742 514 1795 sunt
551 1739 730 1810 entia,
763 1739 1048 1812 quoniam
1097 1743 1341 1812 superat
1371 1740 1575 1796 omnia
1602 1756 1732 1812 quas
1781 1744 1941 1809 sunt,
1975 1742 2033 1795 et

372 1829 542 1885 modo
570 1828 893 1885 essentiam
936 1829 1206 1885 vincente
1249 1828 1505 1900 exsistit,
1537 1828 1797 1901 alioquin
1827 1827 2029 1884 nullus

367 1917 582 1974 dixerit
618 1917 804 1975 Deum
853 1917 1124 1991 ignorare
1174 1934 1315 1974 suas
1363 1922 1680 1975 creaturas.
1715 1918 1813 1974 Λα
1856 1918 2027 1975 idem.

364 2004 608 2063 Nullum
627 2023 801 2063 nosse
819 2006 1204 2079 purissimam
1224 2006 1899 2078 Trinitatem,quatenus
1913 2009 2025 2075 est,

366 2111 493 2166 pro,
527 2094 675 2149 nihil
708 2098 798 2151 est
826 2094 983 2151 sicut
1012 2094 1135 2165 illa,
1170 2100 1234 2151 ut
1271 2112 1403 2152 eam
1442 2100 1781 2169 cognoscat,
1813 2112 2023 2167 quem-

366 2183 692 2240 admodum
724 2184 852 2255 ipsa
881 2188 1001 2253 est;
1031 2202 1139 2241 nos
1160 2184 1319 2241 enim
1342 2184 1755 2257 cognoscimus
1784 2185 2027 2257 quidem

368 2272 509 2345 quid
544 2273 620 2329 sit
649 2272 1014 2343 humanitas,
1039 2274 1319 2345 quoniam
1373 2273 1644 2331 homines
1696 2290 1936 2346 sumus;
1969 2279 2030 2331 at

369 2362 778 2419 exsistentiam
824 2362 1157 2436 purissimae
1196 2363 1505 2420 Trinitatis
1552 2363 1853 2420 nescimus
1884 2363 2025 2437 quid

370 2450 476 2519 sit;
511 2468 624 2507 non
656 2451 817 2508 enim
849 2469 1056 2509 sumus
1082 2469 1151 2509 ex
1180 2454 1336 2510 240
1367 2454 1572 2509 eadem
1605 2453 1864 2510 essentia
1895 2471 1909 2511 :
1942 2452 2029 2509 sic

371 2554 560 2610 neque
578 2539 732 2596 Deus
755 2540 913 2596 novit
928 2558 995 2598 ea
1012 2558 1139 2613 quae
1162 2546 1323 2611 sunt,
1340 2550 1633 2614 quatenus
1654 2546 1814 2610 sunt,
1829 2558 2029 2615 quem-

369 2628 688 2685 admodum
720 2646 858 2698 nos;
893 2630 1037 2703 quia
1086 2647 1203 2687 non
1235 2635 1327 2687 est
1373 2630 1611 2703 aliquod
1661 2648 1865 2687 eorum
1897 2646 2026 2703 quas

368 2722 531 2785 sunt,
555 2722 659 2774 aut
678 2717 737 2773 in
761 2717 928 2790 ipsis.
957 2718 1080 2774 Etsi
1107 2719 1264 2775 enim
1295 2725 1446 2776 Deus
1473 2720 1549 2776 sit
1573 2720 1841 2792 spiritus,
1864 2722 2027 2792 equi-

366 2807 499 2863 dem
530 2811 773 2865 sanctus
802 2807 1058 2880 Spiritus
1097 2808 1179 2864 ita
1209 2809 1582 2878 nominatur;
1617 2810 1719 2865 sed
1771 2827 1887 2865 non
1937 2813 2028 2867 est

365 2895 612 2967 spiritus
644 2895 815 2953 nobis
846 2898 1143 2970 cognitus,
1165 2901 1268 2953 aut
1298 2897 1545 2971 angelis.
1572 2900 1687 2955 Cur
1708 2914 1862 2966 vero,
1886 2915 2023 2954 cum

364 2985 642 3057 superius
662 2984 930 3054 dixisset,
951 3003 1067 3042 non
1098 2991 1189 3043 est
1221 2987 1444 3054 lumen,
1463 3002 1569 3043 nec
1589 2987 1821 3059 veritas,
1847 2986 2024 3059 paulo

361 3076 495 3145 post
525 3073 889 3130 contrarium
921 3074 1083 3143 dicit,
1118 3092 1236 3131 non
1286 3079 1377 3131 est
1421 3075 1674 3131 tenebras
1709 3091 1899 3147 neque
1929 3075 2022 3131 lu-

364 3178 519 3233 men,
570 3178 675 3219 neo
722 3178 904 3233 error,
952 3179 1057 3219 nec
1116 3163 1372 3220 veritas?
1414 3164 1618 3220 Posset
1666 3164 1863 3236 itaque
1917 3163 2022 3236 qui

2144 582 2263 645 καΟ⁹
2306 578 2486 656 ἕτερον
2532 580 2782 656 γνώσεως
2826 579 3049 655 τρόπον.
3098 579 3164 636 Ol
3209 578 3431 655 ἄγγελοι
3478 577 3536 634 δὶ
3565 601 3792 655 γνωστι-

2144 675 2255 733 κῶς
2313 671 2445 725 αὐτὰ
2499 671 2588 726 καὶ
2645 668 2828 731 ἀύλως
2885 668 3295 745 γινώσκουσιν,
3354 668 3464 744 οὐχ
3512 669 3585 731 ὡς
3635 671 3792 742 ἡμεῖς

2145 758 2453 830 αἶ’σθητῶς.
2504 757 2690 821 Οὕτως
2748 756 2841 813 οὖν
2888 758 2983 813 καὶ,
3037 758 3065 812 ὸ
3123 757 3253 821 Θεὸς
3307 755 3647 832 ἆσυγκρίτως
3704 757 3790 813 καὶ

2147 842 2716 925 ὑπεραναϐεϐηκὸτως,
2766 846 2828 902 οὐ
2881 847 2989 920 μὴν
3048 851 3168 908 ταῖς
3213 845 3429 908 οὐσίαις
3476 841 3787 902 ἐπιϐάλλων

2144 935 2256 993 οἶδε
2305 939 2371 992 τά
2401 934 2550 993 ὄντα.
2582 933 2833 999 νΛλλως·
2884 935 2966 992 Τὰ
3015 931 3161 1007 ὅντα,
3215 933 3389 1010 ἤγουν
3412 935 3480 990 τὰ
3526 935 3791 1009 κτίσματα

2142 1027 2275 1101 ὑπὲρ
2331 1028 2429 1097 τήν
2482 1027 2683 1081 ἑαυτῶν
2734 1024 2893 1101 φύσιν
2937 1023 3223 1090 ἐκταθῆναι
3253 1029 3372 1088 ταῖς
3424 1026 3675 1095 νοήσεσιν
3730 1024 3789 1081 οὗ

2143 1112 2379 1169 δύναταιι
2429 1112 2654 1175 εῗκότως
2685 1110 2776 1167 οὗν
2809 1112 2885 1175 εἷς
2934 1112 3097 1167 ἑαυτά
3145 1111 3419 1187 βλεποντα
3462 1114 3643 1188 ἀγνοεῖ
3696 1113 3794 1183 τὴν

2140 1205 2285 1259 θείαν
2344 1203 2522 1281 φύσιν,
2580 1202 2697 1256 καθ’
2754 1201 2784 1255 ’ὸ
2841 1199 2975 1272 αότή
3036 1199 3201 1258 ἐστιν.
3251 1200 3439 1264 Οὕτως
3497 1200 3591 1257 οὖν
3635 1201 3792 1273 καὶὴ

2140 1292 2255 1349 θεία
2284 1290 2463 1367 φύσις,
2497 1290 2620 1365 [εἷς]
2660 1290 2852 1359 ἑαυτὴν
2888 1288 3191 1366 βλέπουσα,
3225 1289 3325 1346 οὐκ
3369 1287 3515 1346 οἶδεν
3565 1291 3616 1346 ὲν
3670 1292 3794 1346 ἑαυ-

2138 1386 2207 1455 τῇ
2239 1383 2373 1435 εἶναι
2398 1381 2464 1435 τά
2511 1375 2635 1434 ὄντα
2683 1380 2820 1434 κατὰ
2854 1378 2945 1434 τὸν
2975 1381 3075 1447 τῆς
3107 1378 3289 1441 οὐσίας
3318 1378 3543 1454 [αὐτῶν]
3595 1378 3793 1455 λόγον·

2139 1473 2298 1524 τοῦτο
2329 1470 2428 1545 γάρ
2462 1466 2738 1540 ἐδήλωσεν
2788 1467 2979 1539 εῐπὼν,
3009 1466 3045 1543 ᾖ
3075 1465 3205 1523 ὄντα
3234 1466 3403 1537 ἐστὶν,
3436 1467 3624 1538 ἐπειδή
3662 1469 3795 1543 ὑπὲρ

2140 1558 2310 1613 πάντα
2364 1558 2430 1613 τά
2477 1554 2607 1613 ὅντα
2650 1556 2739 1612 καὶ
2800 1556 2930 1613 αὐτὸ
2960 1558 3023 1612 τὸ
3054 1558 3188 1613 εἶναι
3245 1556 3499 1629 κὲκτητατ
3559 1558 3791 1635 ὑπερου-

2141 1646 2294 1710 σίως⁶
2355 1648 2551 1724 ὶτὲρως
2596 1648 2697 1722 γάρ
2743 1645 2843 1702 οὐκ
2890 1644 2950 1701 ἅν
3003 1667 3086 1711 τις
3120 1643 3261 1703 εἷ’ποι
3294 1646 3505 1723 ἀγνοεῖν
3535 1648 3626 1704 τὸν
3662 1647 3792 1704 Θεὸν

2138 1738 2205 1791 τὰ
2251 1735 2442 1792 ἑαυτοῦ
2489 1736 2775 1809 κτίσματα.
2828 1735 2921 1801 Εἰς
2966 1737 3029 1792 τὸ
3068 1730 3217 1793 αὐτό.
3262 1736 3384 1794 Ὀτι
3417 1733 3597 1799 οόδεὶς
3626 1738 3794 1813 γινώ-

2140 1847 2253 1893 σκει
2300 1826 2399 1894 τήν
2450 1823 2720 1901 ἄχραντον
2767 1822 2996 1901 Τριάδα,
3039 1826 3157 1881 καθ’
3214 1826 3244 1881 ὃ
3303 1825 3438 1897 αὐτή
3472 1822 3638 1899 ἐστιν,
3671 1825 3790 1881 ἀντὶ

2136 1919 2254 1985 τοῦ,
2288 1912 2439 1970 οὐδέν
2473 1914 2614 1970 ἐστιν
2646 1915 2719 1978 ὡς
2773 1913 2934 1986 αὑτὴ,
2959 1911 3051 1969 ’ἱνα
3099 1916 3188 1970 καὶ
3234 1916 3474 1991 γινώσκῃ
3507 1916 3681 1985 αὐτὴν
3714 1916 3791 1979 ὡς

2136 2004 2272 2075 αὐτή
2339 2004 2502 2061 ἐστιν·
2572 2005 2735 2077 ἡμεῖς
2814 2003 2907 2077 μὶν
2979 2004 3082 2079 γὰρ
3153 2004 3495 2080 γινώσκομεν
3545 2004 3600 2059 τί
3652 2002 3794 2060 ἐστιν

2136 2093 2517 2168 ἀνθρωπότης,
2551 2090 2737 2162 ἐπειδὴ
2772 2088 3050 2169 ἄνθρωποί
3108 2092 3288 2166 ἐσμεν
3320 2094 3424 2163 τήν
3483 2090 3541 2149 ὃὶ
3572 2094 3797 2169 ὕπαρξιν

2134 2184 2233 2252 τῆς
2291 2182 2562 2257 ἁχράντου
2612 2178 2840 2258 Τριάδος
2900 2181 3000 2237 οὐκ
3058 2179 3211 2255 ξ’σμεν
3263 2181 3507 2237 τίὲν-τιν’
3570 2183 3636 2238 οὖ
3697 2183 3797 2260 γάρ

2098 2269 2293 2345 νέσμεν
2352 2269 2411 2326 ἐκ
2465 2277 2567 2340 τῆς
2621 2270 2803 2333 ous-ia;
2874 2270 3120 2340 αὖτῆς⁴⁰ο
3181 2269 3353 2334 οὕτως
3404 2268 3532 2326 οὐδὲ
3589 2272 3617 2325 ὁ
3667 2272 3799 2335 Θεὸς

2138 2359 2247 2416 εἶδε
2303 2359 2367 2415 τὰ
2398 2355 2526 2414 ὄντα
2574 2361 2611 2431 ᾖ
2638 2358 2772 2430 ἐστὶ,
2823 2359 3003 2423 καθὼς
3032 2361 3198 2434 ἡμεῖς
3231 2360 3297 2414 οὐ
3327 2364 3429 2436 γάρ
3463 2359 3574 2415 ἐστί
3601 2381 3655 2416 τι
3686 2365 3795 2416 τῶν

2138 2445 2370 2519 ὅντωνῆ
2414 2450 2531 2504 κατ’
2586 2447 2739 2503 αὖτάσ
2788 2446 2883 2504 κᾶν
2937 2450 3041 2525 γὰρ
3086 2449 3248 2512 αὐτὸς
3305 2453 3523 2523 πνεῦμα
3552 2451 3581 2505 ὁ
3640 2450 3795 2524 Θεὸς,

2135 2538 2225 2593 καὶ
2296 2539 2360 2594 τὸ
2429 2540 2580 2615 ἅγιον
2660 2537 2843 2611 μέντοι
2921 2540 3141 2611 Πνεῦμα
3217 2536 3391 2600 οὕτως
3450 2537 3793 2613 ὠνόμασται,

2136 2626 2262 2683 ἀλλ’
2318 2627 2455 2701 [οὐκ]
2506 2625 2615 2683 ἔστι
2694 2631 2908 2701 πνεῦμα
2983 2628 3262 2704 γνώριμον
3322 2629 3483 2700 ἡμῖν,
3532 2626 3567 2697 ἢ
3625 2628 3792 2704 ἆγγέ-

2137 2715 2276 2779 λοις.
2330 2716 2389 2771 Τί
2420 2715 2477 2771 δὲ
2503 2716 2755 2790 ἀνωτὲρω
2788 2716 2978 2789 εἰπὼν,
3012 2717 3111 2772 οὐκ
3163 2711 3272 2772 ἔστι
3301 2720 3439 2793 φῶς,
3480 2714 3606 2773 οὐδε
3654 2717 3793 2788 ἀλή-

2136 2807 2274 2877 θεια,
2328 2802 2671 2868 ὑποκαταϐὰς
2714 2805 2879 2862 πάλιν
2927 2804 3093 2881 λέγει,
3126 2804 3227 2861 οὐκ
3253 2799 3363 2860 ἔστι
3397 2805 3608 2877 σκότος,
3661 2804 3792 2862 οὐδὲ

2135 2900 2270 2972 φῶς,
2298 2893 2423 2949 οὗδὶ
2454 2894 2657 2965 πλάνη,
2691 2892 2816 2949 οὐδὲ
2844 2892 3114 2966 ἀλήθεια,
3148 2894 3383 2950 Δυνατὸν
3433 2894 3525 2949 οὗν
3572 2893 3786 2970 ἐπιχει-

2134 2987 2332 3059 ροῦντα
2370 2982 2564 3053 εἶλπεῖν,
2596 2982 2679 3038 ὅτι
2709 2982 2772 3039 τὰ
2806 2984 2901 3057 μὶν
2934 2986 3150 3058 πρῶτον
3183 2982 3308 3056 περὶ
3338 2987 3435 3038 τοῦ
3497 2982 3788 3048 ἁπολύτως

2132 3071 2314 3148 φωτὸς
2346 3070 2517 3147 λέγει,
2552 3069 2675 3126 οὐδὲ
2705 3070 2887 3143 πλάνη
2921 3071 2995 3135 ὡς
3027 3069 3081 3127 ὲν
3122 3070 3330 3134 οὐσίαις
3359 3073 3403 3109 ⁴¹
3460 3076 3570 3128 τῶν
3620 3072 3789 3149 ἇγγὲο

2133 3158 2269 3231 λων,
2297 3160 2387 3215 καὶ
2417 3159 2676 3231 ἀλήθειαν
2726 3161 2825 3230 τήν
2876 3157 3446 3235 αὖτοαπολελυμένως
3491 3161 3582 3216 καὶ
3638 3161 3792 3217 ἀναι-

362 3248 531 3306 illum
564 3253 765 3308 tuetur
801 3251 1016 3319 dicere,
1048 3250 1213 3308 illum
1257 3250 1449 3324 primo
1483 3252 1554 3308 de
1583 3234 1808 3309 luminis
1840 3234 2015 3309 abso-

2135 3247 2260 3313 τίως
2309 3248 2590 3321 ἀλήθειαν·
2636 3249 2702 3305 τά
2747 3247 2804 3305 δὲ
2852 3248 3067 3326 ἐφεξῆς,
3118 3248 3203 3306 ὅτι
3234 3234 3358 3306 οὗτε
3385 3255 3493 3307 τῶν
3524 3251 3659 3328 πρός
3709 3272 3789 3322 τι,

363 3337 486 3395 lulo
516 3338 699 3411 loqui,
722 3357 829 3397 nec
861 3357 990 3398 esse
1020 3356 1306 3409 errorem,
1330 3339 1487 3397 sicut
1514 3340 1573 3396 in
1605 3340 1882 3398 essentiis
1913 3358 2022 3397 an-

365 3427 655 3500 gelorum,
676 3433 736 3485 et
762 3429 1069 3487 veritatem
1112 3446 1314 3486 earum
1365 3446 1494 3502 qua
1526 3445 1630 3502 per
1658 3446 1722 3486 se
1751 3430 2022 3487 absoluta

366 3520 424 3571 et
444 3517 573 3573 sine
593 3533 775 3574 causa
795 3522 886 3574 est
902 3518 1141 3575 veritas.
1156 3520 1293 3585 Quae
1318 3524 1517 3575 autem
1541 3524 1895 3591 sequuntur,
1912 3536 2018 3577 nec

364 3621 568 3661 eorum
593 3621 721 3677 qua
743 3606 815 3662 ad
840 3606 1061 3680 aliquid
1087 3606 1369 3662 nimirum
1390 3625 1459 3663 ex
1479 3609 1736 3664 tenebris
1757 3612 2018 3664 mutatus

363 3693 422 3749 in
455 3697 684 3765 lumen,
707 3694 879 3766 quasi
901 3711 970 3751 ex
991 3695 1215 3750 lumine
1238 3695 1389 3766 quod
1412 3698 1644 3751 tantum
1666 3700 1758 3752 est
1774 3697 2014 3765 virtute,

362 3786 627 3839 mutatus
645 3781 706 3838 in
728 3798 859 3839 esse
878 3783 1079 3839 lumen
1106 3784 1259 3855 quod
1277 3787 1412 3838 actu
1433 3788 1524 3840 est
1545 3782 1765 3840 lumen.
1787 3785 2012 3841 Lumen

356 3875 414 3927 et
443 3870 694 3927 tenebris
722 3876 863 3927 sunt
891 3887 962 3927 ex
992 3871 1064 3928 iis
1087 3888 1213 3945 qua!
1246 3871 1400 3928 inter
1430 3888 1491 3929 se
1518 3872 1876 3945 dependent,
1908 3888 2013 3928 nec

354 3960 512 4015 enim
545 3964 635 4016 est
665 3958 875 4033 caligo,
906 3977 1011 4017 nec
1038 3959 1237 4017 lumen
1271 3960 1573 4034 copiosum
1593 3977 1621 4029 ς.
1641 3959 1729 4016 sic
1758 3976 1947 4033 neque
1978 3978 2012 4017 a

2132 3340 2248 3395 οἷον
2294 3338 2353 3395 ἐκ
2384 3338 2608 3402 σκότους
2642 3334 3003 3414 μεταϐάλλων
3038 3343 3174 3417 ςιῶς,
3227 3338 3423 3395 ὡσανεὶ
3474 3338 3534 3395 ἐκ
3560 3345 3657 3395 τοῦ
3689 3338 3788 3395 δυ-

2127 3430 2309 3503 νάμει,
2342 3431 2521 3507 φωτὸς
2572 3428 2648 3491 εἰς
2678 3428 2737 3484 τὸ
2769 3428 3006 3503 ἐνεργείᾳ
3037 3429 3151 3507 φῶς
3188 3424 3548 3494 μεταϐάλλων
3582 3427 3641 3484 ἐκ
3671 3434 3785 3485 τῶν

2127 3523 2395 3594 σχετικῶν
2429 3517 2503 3581 ε”ς
2534 3515 2757 3589 ἄλληλα
2803 3521 2919 3596 φῶς
2964 3518 3055 3573 καὶ
3107 3516 3327 3581 σκότος’
3365 3514 3488 3574 οὔτε
3516 3520 3617 3593 γάρ
3656 3518 3786 3595 γνό-

2125 3628 2226 3684 φος
2258 3606 2423 3680 ἐστὶν,
2457 3604 2579 3662 οὕτε
2609 3604 2755 3663 πολὺ
2782 3610 2917 3681 φῶς,
2942 3606 3116 3670 οὕτως
3147 3603 3271 3663 οὔτε
3298 3607 3357 3662 ἐκ
3383 3612 3481 3663 τοῦ
3513 3608 3784 3677 ἐναντίον,

2125 3693 2185 3749 ἐκ
2206 3698 2304 3748 τοῦ
2336 3694 2470 3749 κατᾶ
2518 3691 2747 3768 δύναμιν
2798 3691 3013 3766 πλάνην
3059 3696 3195 3749 εἶναι
3228 3694 3304 3757 εἷς
3336 3690 3597 3767 ἀλήθειαν
3627 3695 3780 3770 ἆνερ-

2121 3781 2240 3856 γεέᾳ
2290 3777 2574 3854 μετέϐαλε·
2625 3784 2796 3839 πάντα
2849 3783 2949 3860 γὰρ
2992 3788 3178 3853 ταῦτα,
3230 3781 3454 3860 δεύτερα
3500 3783 3685 3855 αὐτοῦ,
3723 3786 3778 3858 ἐξ

2120 3869 2284 3926 αὐτοῦ
2314 3876 2692 3947 προνοητικῶς
2738 3871 3153 3947 ἒκφοιτήσαντα.
3194 3870 3364 3932 Οὖδὶν
3398 3872 3487 3929 οὖν
3520 3872 3632 3930 ἐστι
3662 3880 3778 3930 τῶν

2121 3959 2172 4030 ἐξ
2205 3959 2393 4015 αὐτοῦ.

352 4048 667 4120 contrario,
699 4064 767 4105 ex
814 4064 1009 4106 errore
1056 4048 1160 4121 qui
1207 4054 1332 4107 erat
1375 4049 1592 4106 virtute
1637 4050 1854 4106 veritas
1904 4053 2167 4106 mutatus
2217 4054 2308 4106 est
2356 4050 2415 4105 in
2464 4050 2766 4109 veritatem
2817 4050 3132 4110 actualem.
3184 4052 3314 4110 Haec
3363 4052 3522 4110 enim
3571 4055 3782 4112 omnia

350 4141 491 4194 sunt
520 4138 649 4210 ipso
676 4139 1024 4211 posteriora,
1059 4155 1195 4195 cum
1243 4139 1317 4194 ab
1365 4139 1495 4211 ipso
1538 4138 1886 4211 providendi
1917 4139 2199 4196 facultate
2230 4140 2669 4212 processerint:
2705 4141 2851 4199 nihil
2900 4142 3084 4216 igitur
3127 4147 3221 4201 est
3266 4159 3471 4201 eorum
3522 4157 3653 4216 quas
3703 4145 3782 4203 ab

348 4225 501 4299 ipso.

420 4376 478 4449 (ι)
510 4377 657 4434 Dan.
687 4394 815 4451 xm,
844 4380 937 4437 42.

1360 4504 1592 4562 VARI/li
1628 4505 2015 4565 LECTIONES
2053 4509 2144 4565 ET
2184 4508 2739 4573 CORRECTIONES.

411 4604 459 4639 ‘°
485 4600 537 4673 ἐξ
568 4604 742 4675 αὐτῆς
771 4610 889 4673 τῆς.
968 4606 1008 4641 ⁴¹
1045 4602 1119 4666 ὡς
1154 4604 1211 4658 αἱ
1243 4604 1448 4661 οὐσίαι.
