4108 6404
361 448 480 504 433

1185 450 1652 505 PACHYMERE
1692 453 2201 509 PARAPHRASIS
2239 456 2314 510 IN
2353 457 2508 510 EPP.
2555 458 2615 511 S.
2656 458 2992 513 DlONYSII.

3697 464 3802 519 434

3056 652 3249 660 ,κ-σθ--ω
3258 654 3305 661 -ςη
3320 656 3359 660 .__
3368 656 3383 659 ι

3388 655 3798 667 Ἢ

489 808 1658 982 ΓΕΩΡΓΙΟΥ
1766 809 2243 983 ΤΟΥ
2354 812 3673 990 ΠΑΧΥΜΕΡΗ

1516 1096 2641 1228 ΠΑΡΑΦΡΑΣΙΣ

631 1350 829 1445 ΕΙΣ
911 1346 1146 1445 ΤΑΣ
1229 1348 1481 1446 ΤΟΥ
1558 1349 1941 1446 ΑΓΙΟΥ
2024 1350 2716 1448 ΔΙΟΝΥΣΙΟΥ
2796 1354 3506 1452 ΕΠΙΣΤΟΛΑΣ

695 1680 1705 1836 GEORGII
1873 1683 1987 1835 P

2099 1677 3444 1840 iGHYMEPuE

1440 1947 2677 2075 PARAPHRASIS

1037 2163 1171 2260 IN
1240 2161 1920 2257 EPISTOLAS
1992 2163 2438 2259 SANCTI
2504 2164 3062 2260 DIONYSlI

307 2351 401 2407 Bx
429 2351 901 2426 interpretatione
928 2346 1212 2459 Gods/ridi
1241 2346 1542 2455 Ὶὶιηεαηηί,
1569 2345 1987 2475 Carthagini:

2099 2336 2561 2475 gitis‘amon‘achi,
2590 2363 2717 2404 cum
2744 2350 2932 2406 Greco
2961 2349 3275 2423 exemplari
3303 2366 3496 2407 rursus
3522 2367 3559 2407 α
3593 2354 3757 2409 Petro

2209 2435 2240 2474 a
2305 2458 2321 2475 .

720 2737 837 2794 ΕΙΣ
878 2737 1021 2793 ΤΗΝ
1064 2735 1479 2793 ΕΙΙῘΣΤΟΛΗΝ
1517 2734 1598 2791 A'.

395 2840 749 2913 Ἑπιϐάλλω,
782 2842 916 2922 φησί
959 2863 1043 2905 τις
1090 2840 1200 2898 τῶν
1250 2839 1499 2897 παλαιῶν
1534 2841 1633 2914 (1),
1665 2839 1822 2894 Γάίὀν
1866 2842 1994 2893 τοῦ·

312 2954 416 2990 τον
451 2934 611 3004 εἶναι,
644 2931 690 3005 ᾦ
717 2934 818 3003 τὴν
866 2932 1058 3009 τρίτην
1114 2929 1411 2999 ἐπιστολὴν
1451 2926 1682 3006 ἔγραψεν
1716 2929 1744 2983 ό
1776 2925 1992 2992 θειότα-

314 3042 418 3086 τος
448 3019 762 3083 ἀπόστολος
792 3021 883 3076 καὶ
917 3019 1313 3096 εὖαγγελιστὴς
1342 3018 1601 3089 Ἰωάννης
1630 3019 1658 3072 ὁ
1704 3014 1987 3092 θεολόγος·

313 3111 762 3187 τεκμαιρόμενος
796 3111 889 3165 καὶ
934 3110 993 3165 ἐκ
1036 3114 1143 3165 τῶν
1178 3107 1364 3164 ἄλλων
1397 3111 1480 3172 οἷς
1528 3108 1823 3183 συγγέγονε
1859 3106 1994 3179 μετὰ

312 3206 432 3257 τῶν
478 3199 804 3256 ἀποστόλων
856 3199 883 3254 ό
927 3200 1071 3261 θεῖος
1117 3198 1276 3261 οὗτος
1323 3198 1476 3273 ἀνήρ.
1529 3195 1876 3271 Θεραπευτᾶς
1936 3192 1993 3249 δὶ

313 3291 451 3351 τοὺς
505 3289 789 3367 μοναχοὺς
839 3285 1026 3363 ἔλεγεν
1074 3288 1125 3343 ἐν
1169 3292 1250 3361 τῷ
1298 3287 1429 3363 Περὶ
1475 3293 1575 3356 τῆς
1607 3285 1994 3356 ἰκκλησιαστι-

310 3386 425 3450 κῆς
469 3377 756 3455 ἱεραρχίας
801 3378 1152 3453 συντάγματι
1201 3379 1306 3449 (2),
1356 3376 1523 3431 εἷ’πὼν
1569 3374 1681 3431 ἐκεῖ
1725 3374 1815 3430 καὶ
1872 3377 1991 3437 πῶς

320 3467 678 3524 καθίστανται
741 3469 818 3541 μὴ
870 3463 1020 3531 ὄντες
1066 3464 1350 3543 κληρικοὶ,
1402 3462 1529 3520 ἀλλ’
1578 3464 1837 3539 ἀνώτεροι
1894 3468 1992 3518 τοῦ

318 3556 487 3614 λαοῦ.
521 3556 767 3618 Τούτους
799 3553 856 3612 δὶ
886 3552 1031 3611 ἔοικε
1077 3557 1372 3629 θαυμάζειν
1424 3553 1613 3610 Φίλων
1654 3554 1682 3608 ὁ
1724 3549 1992 3615 Ἰουδαῖος

319 3647 376 3703 ἂν
440 3650 523 3719 τῷ
577 3646 706 3722 Περὶ
762 3645 1105 3722 θεωρητικοῦ
1161 3644 1284 3720 βίου
1340 3645 1376 3713 ἢ
1449 3643 1675 3698 οἴκετῶν
1731 3644 1809 3717 (3)
1868 3662 1990 3696 συν-

312 3738 591 3811 τάγματι,
645 3734 976 3809 θεραπευτάς
1017 3732 1217 3796 αὐτοὺς
1264 3730 1473 3801 καλῶν,
1501 3735 1592 3787 καὶ
1640 3732 1740 3801 τήν
1787 3728 1993 3787 δίαιταν

314 3823 502 3879 αὗτῶν
556 3820 941 3899 διηγούμενος·
1005 3819 1068 3877 οὒ
1130 3824 1318 3898 χεῖρον
1366 3818 1423 3876 δὶ
1473 3820 1562 3875 καὶ
1611 3816 1887 3890 αὖτολεξεῖ
1924 3820 1991 3875 τὰ

309 3920 418 3973 τοῦ
448 3913 744 3977 Φλίλωνος
791 3920 961 3980 θεῖναι
1146 3912 1292 3985 Φησί
1339 3914 1519 3969 τοίνυν
1553 3912 1605 3969 ἂν
1645 3913 1726 3985 τῷ
1753 3912 1990 3984 τοιούτῳ

312 4006 674 4079 συντάγματιο
712 4025 740 4055 ι(
774 4000 1079 4078 Πολλαχοῦ
1114 4003 1210 4076 μὶν
1241 4000 1332 4058 οὗν
1364 4009 1465 4070 τῆς
1494 4001 1828 4075 οἰκουμένης
1876 3998 1987 4056 ἐστὶ

2021 2732 2079 2799 Α

2538 2735 2687 2791 241
2735 2735 2808 2791 ΙΝ
2848 2736 3258 2794 EPISTOLAM
3300 2741 3322 2794 Ι

2175 2839 2461 2912 Equidem
2485 2856 2601 2896 non
2625 2839 2851 2897 levibus
2873 2841 3228 2913 conjecturis
3259 2843 3407 2899 mihi
3437 2844 3639 2902 videor
3667 2863 3762 2904 ss-

2102 2932 2343 2983 secutus
2374 2927 2480 3001 (ait
2510 2945 2665 2985 unus
2694 2929 2990 3001 quispiam
3019 2930 3425 3005 antiquorum)
3450 2933 3608 2990 hunc
3630 2950 3760 2993 esse

2101 3017 2328 3086 Caium,
2394 3018 2487 3073 cui
2553 3017 2965 3074 divinissimus
3035 3019 3334 3092 apostolus
3398 3023 3761 3096 evangelista

2100 3107 2677 3180 Joannes,idemque
2704 3108 3016 3180 theologus
3047 3109 3326 3181 eximius,
3346 3112 3577 3170 tertiam
3608 3116 3760 3171 scri-

2102 3199 2221 3272 psit
2250 3199 2585 3272 epistolam.
2622 3204 2701 3255 Ex
2732 3199 2864 3257 aliis
2895 3216 3036 3257 sane
3067 3218 3250 3273 quam
3282 3202 3487 3261 multis
3516 3206 3672 3277 cepit
3708 3205 3762 3263 is

2101 3290 2504 3361 conjecturam
2537 3289 2756 3361 quibus
2788 3288 3091 3362 colligitur
3136 3291 3551 3350 admirabilem
3599 3294 3758 3351 hunc

2100 3378 2293 3434 virum
2324 3394 2499 3435 usum
2526 3394 2655 3435 esse
2686 3377 2965 3435 familiari
2992 3379 3393 3452 apostolorum
3415 3398 3759 3455 congressu.

2099 3468 2501 3539 Therapeutas
2532 3471 2728 3524 autem
2762 3467 2963 3525 docuit
2994 3467 3201 3526 beatus
3242 3470 3415 3527 Pater
3460 3488 3561 3529 eos
3609 3488 3759 3541 esse,

2099 3556 2202 3628 qui
2234 3559 2292 3613 et
2322 3555 2618 3623 monachi,
2652 3555 2713 3611 in
2744 3571 2812 3612 eo
2842 3572 3038 3629 opere,
3070 3558 3235 3629 quod
3262 3562 3341 3615 De
3386 3560 3760 3618 ecclesiastica

2102 3644 2421 3703 hierarchia
2445 3644 2732 3717 scriptum
2754 3645 3014 3718 reliquit.
3043 3645 3171 3703 illic
3203 3647 3437 3707 abunde
3458 3649 3760 3722 explicuit,

2099 3750 2217 3807 quo
2248 3738 2417 3806 pacto
2449 3732 2684 3790 institui
2715 3733 2987 3805 debeant,
3017 3735 3133 3807 'qui
3182 3734 3379 3793 clerici
3427 3755 3545 3795 non
3596 3742 3760 3805 sunt,

2098 3822 2316 3897 populo
2348 3821 2568 3895 alioqui
2601 3822 2959 3895 superiores.
2988 3823 3097 3887 Qui
3130 3823 3306 3882 istius
3336 3826 3467 3882 vita;
3525 3827 3762 3884 institu-

2095 3917 2224 3969 tum
2257 3910 2709 3985 proﬁtebantur,
2740 3911 2850 3968 hos
2877 3912 3044 3969 visus
3075 3916 3166 3969 est
3195 3913 3359 3971 Philo
3389 3915 3487 3972 ille
3512 3916 3757 3975 Judeus

2098 4001 2369 4059 miraculi
2400 4000 2526 4058 loco
2555 4001 2948 4073 deprssdicare
2975 4002 3035 4058 in
3077 4019 3251 4075 opere
3298 4005 3394 4060 cui
3447 4004 3756 4079 inscriptio

313 4095 380 4149 τὸ
411 4094 591 4167 γένος’
629 4086 737 4147 ἔδει
786 4092 886 4168 γάρ
921 4090 1125 4168 ἀγαθοῦ
1172 4089 1390 4147 τελείου
1445 4096 1735 4167 μετασχεῖν
1767 4090 1856 4145 καὶ
1885 4092 1986 4159 τὴν

2099 4095 2209 4161 est,
2243 4092 2316 4147 De
2347 4093 2460 4147 vita
2487 4089 2804 4160 ἰήιον-θεῖαι,
2832 4090 2944 4146 hoc
2973 4095 3066 4146 est
3103 4093 3588 4165 contemplativa,
3635 4096 3758 4153 sive

312 4179 571 4240 Ἐλλάδα
598 4181 690 4236 καὶ
729 4182 833 4251 τὴν
889 4174 1184 4256 βάρϐαρον
1218 4178 1503 4251 πλεονάζει
1538 4180 1597 4236 δὶ
1640 4179 1692 4236 ἐν
1722 4180 1988 4256 Αίγύπτῳ

315 4272 444 4326 καθ’
498 4266 725 4325 Ῑκαστον
777 4273 886 4324 τῶν
951 4266 1398 4343 ἐπικαλουμένων
1453 4274 1676 4343 νομῶν,
1730 4269 1818 4326 καὶ
1881 4270 1985 4344 μά-

316 4359 487 4415 λιστα
539 4357 663 4432 περὶ
716 4358 817 4426 τήν
865 4354 1276 4431 Ἀλεξάνδρειαν
1442 4358 1510 4413 Oi
1558 4354 1617 4413 δὲ
1646 4358 1984 4434 πανταχόθεν

316 4446 563 4522 ἄριστοι,
612 4446 857 4521 καθάπερ
903 4444 980 4508 εἷς
1030 4443 1288 4517 πατρίδα,
1322 4446 1681 4522 ιθεραπευτιῗὺν
1732 4446 1984 4503 ἀποικίαν

316 4532 669 4607 στέλλονται,
725 4532 863 4610 πρός
919 4554 972 4588 τι
1028 4532 1239 4610 χωρίον
1303 4531 1747 4603 ἰπιτηδειότατον
1781 4580 1795 4606 ,
1852 4534 1985 4612 ὅπερ

313 4624 467 4680 ἐστὶν
524 4622 658 4696 ὖπὶρ
710 4620 911 4697 λίμνης
957 4622 1212 4695 κείμενον
1262 4623 1507 4699 Μαρείας
1560 4621 1647 4678 ἰπὶ
1696 4624 1987 4704 γεωλόφου

314 4710 765 4790 χθαμαλωτίφου
815 4708 1025 4790 σφόδρα
1080 4709 1368 4786 εὐκαίρως,
1401 4711 1699 4785 ἀσφαλείας
1740 4734 1803 4789 γε
1830 4710 1987 4769 ἕνεκα

311 4803 414 4860 καὶ
444 4803 604 4876 ἀέρος
636 4802 940 4876 εὖκρασίας.
967 4825 997 4854 ››
1028 4801 1126 4857 Καὶ
1167 4802 1333 4858 πάλιν
1362 4802 1421 4858 ἑκ
1462 4807 1560 4859 τοῦ
1597 4802 1763 4860 αὐτοῦ
1794 4803 1984 4881 λόγουο

318 4918 348 4945 ‹‹
384 4895 476 4950 Ἐν
511 4893 707 4968 ἑκάστῃ
741 4890 800 4948 δὶ
848 4891 1023 4963 ciui;
1070 4887 1210 4947 ἔστιν
1261 4890 1471 4966 οἷ’κημα
1500 4893 1645 4968 ἱερὸν
1672 4893 1701 4949 ’ὀ
1739 4891 1986 4950 καλεῖται

317 4986 575 5055 αμνεῖον
624 4982 717 5037 καὶ
771 4976 1159 5057 μοναστήριον·
1195 4979 1247 5035 ἰν
1297 4982 1344 5053 ᾧ
1390 4981 1745 5055 μονούμενοι,
1786 4984 1853 5038 τά
1887 4988 1986 5038 τοῦ

315 5075 528 5145 σεμνοῦ
575 5070 700 5147 βίου
750 5071 1026 5144 μυστήρια
1075 5068 1385 5139 τελοῦνται,
1423 5067 1594 5143 μηδὶν
1640 5070 1985 5146 είσκομίζον·

314 5181 431 5229 τες,
468 5160 548 5233 μή
578 5158 772 5227 σιτίον,
818 5159 894 5233 μὴ
936 5157 1129 5230 ποτὸν,
1184 5154 1315 5230 μηδ’
1344 5154 1398 5212 ἕν
1428 5179 1481 5213 τι
1528 5162 1639 5215 τῶν
1669 5159 1857 5216 ἄλλων
1888 5159 1988 5215 ὅσα

313 5250 458 5326 πρὸς
506 5248 602 5311 τὰς
658 5252 759 5304 τοῦ
816 5248 1074 5320 σώματος
1116 5246 1311 5322 χρείας
1367 5246 1651 5323 ἀναγκαῖα·
1702 5246 1850 5305 ἀλλὰ
1893 5248 1987 5305 νό-

322 5360 465 5413 μους
540 5337 633 5392 καὶ
709 5333 871 5409 λόγια
930 5333 1281 5399 Θεσπισθίντα
1338 5332 1428 5390 διὰ
1481 5341 1783 5413 προφητῶν
1819 5384 1833 5410 ,
1894 5337 1985 5393 καὶ

313 5428 548 5501 ὕμνους,
578 5424 672 5480 καὶ
702 5420 904 5492 τᾶλλα,
946 5424 1031 5485 οἷς
1060 5420 1341 5496 ὶπιστήμη
1374 5423 1464 5478 καὶ
1516 5420 1759 5481 εὐσέϐεια
1791 5447 1983 5483 συναυ-

2099 4180 2171 4235 de
2220 4177 2625 4251 supplicibus;
2675 4176 2823 4234 tales
2874 4194 3087 4234 vocans
3131 4178 3671 4253 therapeutas.8ed
3701 4188 3759 4241 et

2096 4268 2225 4325 vita
2255 4267 2429 4324 istius
2457 4266 2798 4323 monasticae
2829 4267 3146 4324 formulam
3178 4268 3451 4342 pluribus
3481 4271 3755 4347 explicat.

2094 4357 2295 4430 Neque
2317 4355 2542 4413 malum
2565 4355 2740 4412 fuerit
2760 4372 3006 4429 prorsus
3028 4357 3183 4415 242
3215 4358 3410 4432 ipsam
3439 4360 3759 4421 dictionem

2098 4445 2361 4503 Philonis
2391 4445 2519 4502 loco
2550 4443 2824 4518 praesenti
2863 4443 3124 4502 intexere
3171 4464 3185 4504 :
3240 4447 3537 4505 enimvero
3582 4464 3651 4506 eo
3697 4450 3757 4507 in

2096 4549 2270 4607 opere
2300 4533 2371 4589 ad
2403 4532 2562 4589 hunc
2592 4530 2799 4588 scribit
2822 4532 3153 4602 modum,in
3179 4534 3572 4607 pluribusque
3593 4538 3756 4595 orbis

2096 4622 2437 4697 regionibus
2467 4621 2587 4678 hoc”
2626 4636 2815 4698 genus
2863 4622 3287 4679 monachorum
3337 4624 3593 4697 reperire
3640 4632 3751 4684 est.

2096 4712 2415 4786 Oportebat
2435 4726 2577 4768 sane
2601 4710 2738 4766 boni
2762 4710 2940 4767 istius
2962 4709 3046 4767 sic
3077 4710 3320 4784 perfecti
3352 4712 3477 4770 ﬁeri
3505 4717 3752 4787 partici-

2096 4818 2231 4877 pem
2262 4818 2379 4858 non
2404 4800 2687 4856 Greciam
2721 4798 2937 4869 solum,
2971 4800 3073 4856 sed
3099 4804 3158 4857 et
3194 4800 3559 4875 reliquarum
3606 4823 3751 4877 gen-

2094 4891 2248 4948 tium
2279 4889 2636 4946 barbariem.
2668 4889 2945 4945 Abundat
2970 4905 3104 4946 vero
3132 4889 3194 4945 in
3222 4890 3468 4965 [Egypto
3515 4893 3577 4949 in
3626 4894 3749 4951 sin-

2095 4980 2254 5054 gulis
2287 4977 2627 5051 regionibus
2657 4977 2881 5035 vocatis
2924 4978 3139 5047 nomis,
3189 4984 3248 5036 et
3293 4980 3548 5039 maxime
3594 4982 3750 5041 circa

2096 5067 2531 5127 Alexandriam.
2564 5067 2637 5124 Ut
2668 5066 2826 5123 enim
2859 5066 3051 5124 ubivis
3080 5067 3342 5139 gentium
3373 5069 3625 5143 quisque
3662 5078 3754 5130 est

2095 5158 2380 5230 optimus,
2413 5158 2471 5214 in
2501 5172 2632 5213 eam
2681 5156 2981 5212 concurrit
3030 5156 3390 5229 demigratve
3435 5158 3751 5233 coloniam,
3794 5208 3797 5213 .

2096 5247 2341 5322 perinde
2370 5250 2547 5319 atque
2577 5247 2637 5302 in
2670 5244 2921 5317 patriam
2948 5244 3751 5319 therapeutarum,nimirum

2095 5336 2156 5392 in
2170 5335 2467 5409 regionem
2485 5349 2839 5407 magnopere
2852 5334 3290 5391 accommodem
3303 5338 3752 5411 etperopportu-

2098 5441 2404 5496 nam;quse
2437 5423 2674 5495 quidem
2706 5422 2980 5478 imminet
3011 5427 3223 5496 stagno
3254 5425 3349 5481 cui
3379 5443 3595 5485 nomen
3625 5428 3752 5486 Ma-

316 5473 548 5501 vr'"",
581 5473 672 5480 "ﬁ'
715 5473 904 5492 '“nnﬁ,
953 5473 1029 5485 vv‘
1064 5473 1341 5496 ν”’“”Ισ“““Ι
1377 5473 1464 5478 ”’”’
1518 5473 1759 5481 ’⁷⁷⁷’“””
1794 5473 1953 5483 ’ν’-’⁷

310 5514 529 5586 ξάνεται
558 5510 651 5565 καὶ
698 5507 1030 5565 τελειοῦται.
1063 5528 1090 5560 s
1129 5508 1232 5565 Καὶ
1271 5508 1437 5565 πάλιν
1470 5509 1530 5567 ἐκ
1556 5516 1653 5567 τοῦ
1691 5512 1855 5568 αὐτοῦ
1886 5512 1979 5568 λό-

2099 5473 2401 5496 ..μ-,γ-
2439 5473 2674 5495 rw---
2706 5473 2978 5478 -mm._--
3011 5473 3219 5496 --τ-ν
3257 5473 3349 5481 η-
3379 5473 3595 5485 ..π-ν..
3625 5473 3719 5486 ...-

2099 5513 2286 5581 rise,in
2318 5511 2465 5570 colle
2496 5510 2701 5568 declivi
2734 5528 2801 5568 ac
2830 5510 3147 5568 humiliore
3178 5512 3314 5586 sita,
3364 5515 3583 5589 alioqui
3630 5533 3747 5574 non

307 5622 440 5679 γουο
480 5623 510 5653 α
557 5598 639 5657 Τὸ
686 5596 745 5653 δὶ
787 5597 838 5671 ἑξ
890 5597 1119 5652 ἑωθινοῦ
1176 5597 1377 5672 μίχρις
1426 5598 1650 5676 ἑσπέρας
1703 5598 1980 5675 διάστημα

2088 5605 2593 5675 importuno,cum
2625 5600 2959 5657 securitatis
2989 5600 3200 5674 gratia,
3216 5606 3344 5660 tum
3375 5604 3451 5661 ob
3481 5621 3747 5665 commc-

314 5692 541 5765 σύμπαν
609 5687 797 5751 αὗτοῖς
865 5685 1007 5743 ἑστιν
1080 5682 1306 5758 ἄσκησις
1338 5707 1351 5721 ·
1412 5687 1828 5767 ἐντυγχάνοντες
1875 5691 1977 5768 γὰρ

2099 5692 2223 5757 iam
2255 5692 2410 5748 aeris
2438 5689 2806 5762 temperiem.
2836 5690 3065 5747 Rursus
3094 5706 3162 5748 ex
3191 5693 3395 5751 eodem
3427 5711 3601 5767 opere
3635 5713 3650 5752 :
3676 5695 3741 5751 In

310 5786 435 5844 τοῖς
469 5780 640 5854 ἱεροῖς
670 5778 986 5855 γράμμασι,
1016 5771 1382 5855 φιλοσοοοῦσι
1408 5780 1509 5849 τήν
1540 5777 1769 5858 πάτριον
1818 5780 1979 5857 φιλο-

2087 5795 2445 5854 unaquaque
2475 5778 2723 5850 familia,
2753 5778 2905 5839 edes
2936 5796 3055 5839 una
3092 5786 3437 5841 consecrata
3462 5788 3578 5856 est,
3609 5798 3742 5855 qua:
