4108 6384
338 420 445 475 435

1160 414 1524 468 ΔΡΡΕΝΒῙΧ
1565 415 1662 467 AD
1699 410 1944 466 OPEBA
1983 411 2044 463 Β.
2079 408 2398 467 DIONYSII
2436 411 2944 469 ABEOPAGI’I‘B.

3661 415 3770 471 436

338 545 471 600 istis
520 544 767 613 σεμνεῖον
799 538 1036 609 dicitur,
1069 538 1190 593 sive
1224 537 1614 608 μοναστήριον,
1647 536 1707 589 in
1740 550 1857 605 qua
1887 531 1997 588 soli

2133 532 2329 607 ιοφίαν,
2359 531 2823 610 ἀλληγοροῦντες,
2858 531 3045 605 ἐπειδὴ
3080 530 3333 608 σύμϐολα
3365 533 3431 590 τὰ
3458 542 3561 607 τῆς
3592 535 3767 613 ῥητῆς

346 634 460 705 ipsi
493 650 526 688 a
554 630 731 703 vulgo
764 644 1033 685 seorsum
1069 622 1665 699 degentes,mysteria
1695 625 2003 696 peragunt,

344 741 472 795 qua:
508 721 845 792 religiosam
879 718 1162 773 addecent
1195 732 1257 771 ac
1294 715 1559 770 ccelibem
1592 715 1793 769 vitam.
1823 712 2005 767 Nemo

346 829 411 868 eo
445 809 767 883 quidquam
819 804 1187 863 esculentum
1240 805 1541 875 importat,
1591 802 1678 857 vel
1728 799 2005 873 poculen-

347 907 504 968 tum,
532 903 633 955 aut
664 908 868 953 eorum
898 894 1120 966 aliquid
1156 902 1281 964 quae
1314 893 1387 948 ad
1436 889 1832 947 sublevandas
1881 895 2006 944 cor-

353 990 517 1062 poris
559 986 941 1043 necessitates
975 987 1301 1038 noscuntur
1331 981 1658 1053 pertinere;
1691 978 1850 1049 leges
1878 981 2009 1033 tan-

351 1085 731 1150 tum,perque
762 1072 1156 1143 diviniloquos
1180 1072 1498 1144 prephetas
1519 1068 1747 1126 reddita
1771 1066 2009 1124 oracula

350 1185 416 1225 eo
448 1166 798 1231 convehunt,
836 1164 1110 1234 hymnos,
1146 1161 1260 1215 alia
1288 1162 1425 1216 item
1459 1160 1756 1232 pleraque,
1792 1158 2010 1229 quibUs

349 1255 809 1324 eruditio,inque
842 1252 1027 1307 Deum
1062 1250 1250 1322 pietas
1283 1249 1650 1321 quotidianis
1680 1250 2009 1302 incremen-

348 1348 425 1402 tis
478 1343 820 1400 coaleScunt
868 1344 926 1395 et
976 1339 1385 1412 perﬁciuntur.
1440 1337 1669 1394 Rursus
1708 1350 1776 1392 ex
1807 1336 2009 1392 eodem

346 1449 521 1506 opere
555 1450 569 1487 :
603 1436 651 1485 Α
684 1430 975 1485 matutino
1010 1431 1206 1482 autem
1252 1426 1395 1483 solis
1445 1430 1652 1482 exortu
1700 1427 1771 1481 ad
1824 1439 2011 1496 usque

346 1546 673 1601 vesperam,
700 1528 894 1584 omnis
929 1544 996 1583 ea
1028 1527 1402 1598 intercapedo
1438 1526 1568 1580 istis
1601 1524 1755 1580 cedit
1786 1528 1843 1578 in
1872 1539 2013 1578 con-

353 1622 642 1677 tinentem
667 1617 1107 1688 Scripturarum
1132 1615 1871 1684 meditationeru.Cumque
1891 1627 2014 1684 per-

358 1707 540 1765 tinaci
572 1704 769 1763 studio
801 1723 998 1762 sacras
1026 1700 1256 1762 litteras
1285 1696 1491 1777 legunt
1523 1714 1540 1761 3
1574 1702 1745 1771 (ἤδη
1771 1699 2019 1774 pulchre

358 1798 679 1854 admodum
714 1790 1341 1868 philosophentur,pro
1375 1809 1537 1850 more
1566 1792 1853 1863 majorum
1886 1790 2015 1862 phi-

2116 618 2404 695 έρμηνείας
2464 623 2781 697 νομίζουσιν
2858 622 3353 701 ἀποκεκρυμμένης
3428 623 3639 705 φύσεως
3714 626 3769 683 έν

2118 710 2397 773 ὑπονοίαις
2447 708 2819 785 δηλουμένης.
2866 716 3019 770 "Em
3052 710 3109 767 δὲ
3156 713 3341 777 αὐτοῖς
3372 716 3461 770 καὶ
3488 716 3769 794 συγγράμ-

2120 818 2261 872 ματα
2308 799 2563 856 παλαιῶν
2610 796 2845 876 ἀνδρῶν,
2891 802 2943 857 οἳ
2988 805 3091 873 τῆς
3137 803 3398 881 αἱρέσεως
3446 804 3625 861 αὐτῶν
3669 808 3771 882 ἀρ-

2116 886 2346 962 χηγέται
2377 890 2679 965 γενόμενοι,
2711 888 2899 946 πολλά
2935 890 3179 964 μνημεῖα
3202 894 3303 963 τῆς
3353 891 3407 949 ιν
3446 898 3562 957 τοῖς
3593 888 3773 966 ἄλλη-

2116 979 2479 1053 γορουμένοις
2556 976 2701 1042 ἰδέας
2776 977 3253 1055 ἀπολειπόμενοι,
3310 985 3552 1059 καθάπερ
3626 985 3771 1039 τισὶν

2118 1066 2453 1142 ἀρχετύποις
2483 1068 2787 1146 χρώμενοι,
2824 1075 3119 1144 μιμοῦνται
3149 1077 3251 1140 τῆς
3277 1074 3647 1149 προαιρέσεως
3675 1074 3772 1129 τὸν

2116 1156 2339 1232 τρόπον.
2376 1174 2407 1208 n
2428 1150 2530 1214 Καί
2564 1159 2679 1231 μετ’
2713 1157 2877 1235 ὀλίγα
3030 1183 3059 1213 ‹‹
3090 1164 3250 1217 Ὥστε
3281 1160 3343 1217 οὐ
3371 1166 3639 1238 θεωροῦσι
3672 1162 3777 1237 μό-

2119 1267 2233 1318 νον,
2283 1245 2430 1302 ἀλλά
2473 1248 2564 1301 καὶ
2611 1252 2858 1303 ποιοῦσιν
2911 1246 3128 1322 ᾅσματα
3175 1252 3266 1306 καὶ
3313 1250 3517 1325 ὕμνους
3573 1252 3652 1315 εἷς
3680 1253 3776 1308 τὸν

2122 1330 2250 1391 Θεὸν
2286 1331 2375 1390 διὰ
2416 1336 2683 1391 παντοίων
2740 1334 2948 1414 μέτρων
3001 1338 3095 1394 παῖ
3146 1337 3331 1414 μελῶν
3380 1340 3639 1416 ἀριθμοῖς
3688 1364 3782 1397 σε·

2125 1426 2407 1500 μνοτέροις
2440 1425 2743 1501 ἀναγκαίως
2776 1426 3167 1503 χαράσσοντες.
3201 1453 3229 1482 ››
3252 1430 3351 1485 Καὶ
3374 1430 3561 1486 πάλινο
3588 1456 3617 1484 ι(
3652 1432 3780 1507 Ἐγ·

2120 1515 2369 1590 κράτειαν
2423 1512 2481 1569 δὲ
2530 1512 2711 1591 ὥσπερ
2759 1516 2879 1571 τινὰ
2929 1517 3183 1591 θεμέλιον
3243 1514 3783 1593 προκαταϐαλλόμε-

2120 1624 2205 1659 νοι
2260 1607 2326 1677 τῇ
2386 1607 2579 1680 ψυχῇ,
2633 1605 2727 1667 τὰς
2784 1603 2958 1669 ἄλλας
3018 1605 3473 1682 έποικοδομοῦσιν
3534 1607 3729 1682 ἀρετάς
3766 1653 3782 1667 .

2127 1700 2308 1757 Σιτίον
2365 1700 2422 1757 δὶ
2478 1704 2514 1773 ἢ
2572 1702 2741 1761 ποτὸν
2801 1701 2977 1768 οὐδεὶς
3036 1698 3170 1762 αύτὰ
3221 1706 3611 1783 προεινιγκατο
3670 1707 3783 1783 πρὸ

2125 1783 2289 1861 ἡλίου
2338 1789 2561 1856 δύσεως·
2615 1791 2729 1848 έπεῖ
2777 1793 2839 1848 τὸ
2891 1795 2986 1868 μὶν
3036 1793 3356 1873 φιλοσοφεῖν
3403 1797 3548 1868 ἄξιον
3600 1797 3786 1876 φωτὸς

351 1886 684 1959 losophiam
718 1885 789 1939 ad
822 1884 1163 1956 allegoriam
1195 1885 1607 1940 trauferentes.
1632 1881 2017 1952 Quandoqui-

2133 1880 2400 1956 κρίνουσιν
2449 1883 2603 1937 εἶναι·
2658 1882 2883 1945 σκότους
2929 1881 2985 1939 δὲ
3031 1886 3127 1947 τὰς
3174 1890 3272 1940 τοῦ
3324 1887 3580 1960 σώματος
3618 1885 3785 1962 ἀνάγ-

357 1977 491 2031 dem
536 1974 765 2030 litteras
813 1972 1321 2045 interpretationis
1370 1970 1723 2044 conspicua,
1776 1971 2020 2026 censent

2133 1988 2246 2034 κας’
2289 1970 2409 2035 ὅθεν
2458 1970 2538 2044 τῷ
2590 1972 2684 2045 μὲν
2743 1974 2979 2049 ἡμέραν,
3005 1979 3124 2035 ταῖς
3173 1972 3231 2029 δὲ
3279 1975 3459 2052 βραχύ
3504 1996 3558 2030 τι
3613 1977 3785 2050 μέρος

355 2082 486 2121 esse
511 2061 775 2136 symbola
797 2077 900 2117 seu
920 2062 1091 2133 signa
1115 2077 1340 2117 arcanas
1385 2061 1698 2132 cujusdam
1732 2066 1785 2115 et
1816 2074 2017 2115 recon-

357 2155 584 2212 ditioris
600 2156 822 2209 naturae
842 2153 1201 2223 conjecturis
1212 2146 1619 2225 probabilibus
1638 2149 2018 2223 explicandae.

362 2256 474 2311 Sed
506 2258 564 2311 et
612 2253 1037 2309 commentaria
1084 2253 1302 2308 habent
1351 2252 1701 2325 priscorum,
1752 2251 1853 2322 qui
1901 2265 2017 2305 suas

361 2346 533 2402 sectas
550 2334 812 2417 primarii
826 2340 1099 2399 exstitere
1113 2336 1310 2398 duces.
1329 2340 1437 2407 Qui
1454 2340 1637 2396 multa
1656 2337 2019 2395 monimenta

360 2434 626 2491 formulae
657 2434 715 2487 in
748 2432 1026 2487 eruendis
1056 2430 1351 2502 allegoriis
1374 2430 1750 2486 observandae
1774 2426 2019 2499 relique-

358 2523 747 2594 runt,quibus
780 2521 950 2592 quasi
984 2520 1285 2592 primariis
1317 2518 1754 2591 exemplaribus
1786 2521 2017 2573 utentes

361 2612 677 2668 imitantur
703 2609 989 2683 propositi
1017 2627 1120 2665 seu
1154 2610 1339 2665 studii
1372 2609 1677 2664 rationem.
1704 2609 1861 2663 Idem
1890 2612 2023 2679 post

357 2718 587 2774 pauca:
623 2700 826 2771 Itaque
857 2713 973 2754 non
1006 2698 1105 2753 uni
1138 2698 1333 2754 solum
1385 2696 1870 2768 contemplationi
1920 2714 2020 2751 va-

359 2794 519 2857 cant,
562 2788 663 2845 sed
713 2788 943 2844 cantica
989 2787 1359 2859 hymnosque
1409 2787 1466 2841 in
1520 2786 1705 2841 Deum
1751 2785 2020 2841 scribunt

358 2878 677 2952 omnigena
704 2876 1127 2933 numerositate
1152 2880 1473 2933 metrorum
1502 2892 1566 2931 ac
1599 2874 2019 2941 membrorum,

357 2968 588 3026 decenti
608 2984 685 3024 ea
706 2971 1058 3024 exornantes
1080 2964 1480 3039 graphieoque
1502 2964 1854 3021 charactere.
1872 2963 2021 3019 Rur-

363 3076 470 3117 sus
499 3052 657 3114 idem
689 3072 704 3113 :
737 3056 1215 3128 Temperantiam
1262 3056 1505 3128 insuper
1554 3053 1795 3126 perinde
1843 3056 2021 3124 atque

365 3147 580 3207 stabile
612 3146 906 3218 quoddam
940 3146 1394 3201 fundamentum
1430 3143 1641 3199 animae
1673 3142 2020 3199 exornandaa

362 3236 654 3296 collocant
682 3236 743 3291 in
776 3235 1003 3307 primis,
1039 3251 1173 3291 mox
1202 3238 1543 3291 ueterarum
1575 3232 1860 3289 virtutum
1894 3248 2017 3287 mo-

361 3328 481 3397 lem
512 3328 1024 3399 superexstruunt.
1049 3324 1223 3381 Prius
1252 3324 1569 3397 siquidem,
1596 3338 1774 3394 quam
1805 3319 1893 3378 sol
1924 3336 2019 3377 oc-

361 3417 625 3485 cumbat,
674 3415 736 3472 iu
788 3416 879 3473 his
926 3431 1099 3471 nemo
1151 3414 1309 3470 ausit
1357 3414 1678 3486 quidquam
1732 3412 1885 3468 243
1934 3408 2023 3466 vel

365 3506 654 3563 saeuienti
710 3504 802 3561 vel
835 3507 1006 3576 potus
1033 3504 1118 3559 ori
1150 3505 1494 3571 admovere;
1545 3501 2023 3574 quandoquidem

366 3594 809 3650 meditationem
853 3591 1228 3663 philosophia
1276 3591 1515 3663 dignam
1563 3607 1693 3645 esse
1731 3587 2023 3660 judicent,

362 3700 492 3755 qua;
521 3682 639 3738 luci
671 3685 1045 3753 comparetur
1073 3696 1086 3745 ;
1122 3683 1324 3735 contra
1354 3680 1615 3751 corporis
1643 3678 2028 3733 necessitates

367 3772 651 3828 addicunt
681 3767 966 3825 tenebris.
999 3770 1124 3835 Quo
1158 3768 1241 3839 fit,
1275 3772 1339 3823 ut
1369 3766 1752 3838 philosophia:
1793 3766 2029 3837 quidem

369 3860 563 3917 lucem
595 3858 897 3924 diurnam,
946 3856 1210 3928 corporis
1257 3873 1393 3912 vero
1444 3854 1786 3911 necessitati
1840 3852 2031 3909 suble-

366 3951 575 4005 vendas
595 3948 863 4019 exiguam
890 3947 959 4002 ad
971 3947 1209 4002 modum
1233 3945 1588 4019 dispertiunt
1610 3942 1798 4000 noctis
1821 3942 2035 4015 portio-

368 4054 528 4095 nem.
552 4038 617 4093 In
649 4035 743 4092 his
776 4036 1102 4092 etiamnum
1136 4035 1407 4092 nonnulli
1438 4036 1609 4091 tertio
1643 4032 1882 4088 vixdum
1914 4032 2029 4102 die,

370 4135 677 4193 sumendis
708 4132 998 4190 alimonia:
1034 4133 1453 4199 meminerunt,
1489 4131 1773 4187 nimirum
1810 4129 1851 4185 ii
1882 4146 2033 4202 quos

371 4228 528 4281 totos
571 4224 881 4294 occupavit
929 4222 1233 4278 ardentius
1283 4219 1646 4278 desiderium
1696 4218 2031 4276 obtinendis

371 4313 653 4370 scientiis.
687 4312 932 4375 Quidam
966 4326 1177 4367 rursus
1227 4315 1395 4367 tanta
1437 4308 1742 4367 alacritate
1790 4307 2029 4365 delibuti

372 4402 458 4459 sic
480 4401 936 4467 exhilarescunt,
963 4401 1316 4457 delioiantur
1344 4400 1541 4458 verius
1571 4398 1736 4470 quasi
1766 4395 2031 4467 luculen-

369 4491 601 4548 tissimo
623 4490 888 4547 convivio
912 4491 984 4546 ab
1009 4494 1137 4564 ipsa
1157 4495 1426 4562 aceoepto
1449 4487 1762 4561 sapientia,
1786 4487 2033 4558 opulen-

2128 2062 2318 2125 νυκτὸς
2349 2057 2583 2137 ἔνειμαν.
2618 2064 2792 2119 Ἔνιοι
2848 2060 2905 2118 δὲ
2932 2065 3022 2119 καὶ
3073 2063 3162 2120 διὰ
3187 2070 3355 2143 τριῶν
3398 2069 3624 2143 ἡμερῶν
3654 2062 3789 2122 ὕπο-

2132 2153 2533 2225 μιμνήσκονται
2563 2154 2795 2230 τροφῆς,
2830 2148 2911 2223 οἷς
2950 2150 3155 2210 πλείων
3198 2156 3226 2210 ὁ
3271 2154 3438 2219 πόθος
3470 2156 3789 2230 ἐπιστήμης

2130 2238 2420 2323 ἐνίδρυταιξ
2453 2242 2594 2302 τινὲς
2626 2238 2685 2296 δὲ
2734 2241 2907 2305 οὕτως
2953 2241 3386 2319 ένευφραίνονται
3435 2244 3526 2299 καὶ
3562 2249 3787 2323 τρυφῶ-

2130 2330 2376 2413 σινᾼὺπὸ
2415 2320 2624 2407 ¹σοφίας
2670 2328 3009 2403 έστιώμενοι,
3064 2332 3349 2397 πλουσίως
3393 2333 3484 2389 καὶ
3532 2320 3791 2413 ἀφθόνως

2127 2418 2194 2475 τὰ
2225 2410 2467 2493 δόγματα
2511 2418 2890 2495 χορηγούσης,
2943 2421 3018 2485 ὡς
3066 2420 3155 2477 καὶ
3203 2419 3529 2479 διπλασίονα
3576 2410 3786 2501 ίχρόνον

2130 2509 2398 2584 ἀντέχειν,
2429 2508 2519 2563 καὶ
2557 2508 2722 2581 μόλις
2767 2506 2835 2563 δι’
2864 2510 2917 2581 ’ἐξ
2968 2513 3191 2586 ἡμερῶν
3247 2511 3605 2589 ἀπογεύεσθαι
3653 2534 3787 2588 τρο-

2130 2605 2234 2674 φῆς
2264 2595 2555 2674 ἀναγκαίας
2606 2595 2926 2661 ἐθισθέντες.
2955 2622 2983 2651 ››
3018 2599 3123 2656 Καὶ
3165 2598 3353 2657 πάλιν·
3391 2626 3419 2653 ‹‹
3450 2601 3571 2659 Εἰσὶ
3604 2599 3660 2657 δὲ
3690 2604 3785 2658 καὶ

2126 2692 2376 2763 γυναῖκες
2427 2684 2843 2761 θεραπευτίδες,
2894 2688 2967 2744 ὧν
3026 2690 3120 2744 καὶ
3176 2689 3429 2746 πλεῖσται
3488 2690 3788 2768 γηραλέαι,

2128 2785 2386 2859 παρθένοι
2434 2786 2792 2861 τυγχάνουσι,
2838 2788 2938 2857 τήν
2992 2787 3214 2864 ἀγνείαν
3260 2788 3360 2847 οὐκ
3400 2788 3632 2865 ἀνάγκη,
3680 2809 3784 2845 κα-

2130 2876 2296 2950 Θάπερ
2347 2870 2483 2929 ἔνιαι
2530 2878 2637 2930 τῶν
2687 2877 2814 2951 παρ’
2861 2874 3133 2949 Ἕλλησιν
3183 2879 3416 2953 ἱερειῶν,
3476 2876 3787 2955 φυλάττου-

2130 2984 2217 3019 σαι
2280 2961 2493 3037 μᾶλλον
2526 2963 2561 3034 ἢ
2593 2966 2709 3020 καθ’
2763 2965 3009 3022 ἱκούσιον
3053 2968 3281 3043 γνώμην
3335 2964 3425 3024 διὰ
3476 2967 3637 3038 ζῆλον
3685 2969 3782 3023 καὶ

2128 3052 2297 3117 πόθον
2353 3053 2562 3131 σοφίας,
2622 3056 2660 3125 ᾗ
2706 3048 2971 3129 συμϐιοῦν
3032 3054 3467 3127 σπουδάζουσαι,
3516 3062 3623 3113 τῶν
3652 3060 3781 3135 περὶ

2126 3143 2189 3199 τὸ
2222 3144 2381 3215 σῶμα
2414 3139 2601 3198 δεινῶν
2634 3140 2945 3220 ἠλόγησαν,
2979 3144 3042 3201 ού
3092 3149 3300 3218 θνητῶν
3345 3145 3601 3224 έκγόνων,
3649 3144 3782 3203 ἀλλ’

2133 3230 2409 3288 ἀθανάτων
2462 3230 2795 3309 ὁρεχθεῖσαι,
2826 3234 2858 3288 ἃ
2890 3234 3032 3308 μόνη
3080 3234 3281 3292 τίκτειν
3328 3237 3417 3316 ἀφ’
3461 3238 3653 3307 εαυτῆς
3694 3234 3787 3292 ο⁹ία

2131 3321 2189 3378 τὲ
2220 3320 2357 3376 ἐστιν
2390 3322 2424 3391 ἡ
2460 3319 2725 3395 θεοφιλὴς
2742 3323 2919 3399 ψυχή.
2945 3346 2974 3375 ››
3006 3322 3108 3382 Καὶ
3139 3323 3327 3381 πάλιν·
3355 3347 3383 3378 α
3405 3325 3475 3382 Ai
3509 3322 3567 3380 δὲ
3586 3324 3789 3400 έξηγήτ

2132 3432 2243 3474 σεις
2272 3415 2381 3467 τῶν
2433 3411 2594 3486 ἱερῶν
2646 3411 2985 3487 γραμμάτων
3033 3412 3271 3490 γίνονται
3314 3412 3503 3478 αὐτοῖς
3545 3410 3615 3470 δι’
3646 3413 3785 3470 ὑπο-

2132 3505 2294 3556 νοιῶν
2342 3499 2393 3555 έν
2442 3498 2835 3577 ἀλληγορίαις·
2871 3502 3048 3558 ἅπασα
3090 3504 3194 3580 γάρ
3225 3506 3261 3574 ἡ
3309 3502 3603 3578 νομοθεσία
3632 3500 3791 3560 δοκεῖ

2132 3594 2250 3652 τοῖς
2300 3586 2523 3666 ἀνδράσι
2565 3589 2785 3653 τούτοις
2836 3589 3069 3648 ἐοικέναι
3127 3592 3270 3667 ζώῳ·
3328 3592 3419 3650 καὶ
3473 3598 3634 3666 σῶμα
3691 3595 3792 3667 μέν

2136 3674 2283 3753 ἔχειν
2308 3678 2403 3741 τὰς
2438 3679 2605 3753 ῥητὰς
2654 3676 2939 3752 διατάξεις·
2990 3682 3144 3758 ψυχὴ
3196 3678 3253 3738 δὶ
3297 3682 3387 3740 τὸν
3436 3681 3795 3755 έναποκείμε-

2136 3787 2227 3823 νον
2268 3771 2389 3829 ταῖς
2443 3764 2738 3839 διαλέξεσιν
2787 3768 3016 3845 ἀόρατον
3068 3774 3216 3841 νοῦν,
3250 3772 3308 3827 δν
3360 3769 3562 3848 ἤρξατο
3606 3768 3797 3851 διαφε-

2141 3856 2345 3933 ρόντως
2394 3858 2465 3921 τῇ
2520 3856 2692 3929 οἰκείᾳ
2744 3857 2883 3935 αὐγῇ
2936 3865 3179 3933 θεωρεῖν.
3232 3859 3306 3923 ὡς
3356 3855 3445 3915 διὰ
3485 3859 3801 3937 κατόπτρου

2137 3949 2246 4000 τῶν
2277 3942 2560 4018 ὀνομάτων
2593 3943 2797 4018 ἐξαίσια
2821 3942 3003 4018 κάλλη
3038 3943 3414 4023 έμφαινόμενα
3441 3945 3799 4004 κατιδοῦσα.»

2142 4030 2320 4092 Ἀλλὰ
2364 4030 2530 4088 ταῦτα
2581 4035 2677 4107 μὲν
2726 4037 2794 4090 τὰ
2838 4040 2935 4091 τοῦ
2985 4035 3260 4108 Φίλωνος,
3293 4035 3325 4092 ἃ
3356 4034 3424 4107 δὴ
3465 4039 3587 4113 περὶ
3641 4039 3804 4112 (lepa-

2139 4127 2349 4177 πευτῶν
2380 4119 2634 4198 ἔγραψεν,
2666 4126 2739 4179 ῶν
2791 4126 2869 4187 εἷς
2913 4123 3023 4180 ἐστι
3070 4124 3162 4180 καὶ
3200 4125 3387 4195 Γάϊος,
3416 4126 3552 4201 πρὸς
3584 4125 3642 4181 ’ὸν
3678 4122 3803 4181 ἔπι-

2140 4208 2357 4267 στέλλει
2412 4213 2439 4265 ὁ
2482 4213 2659 4287 ἅγιος,
2712 4209 2887 4289 λέγων
2939 4212 3023 4269 ὅτι
3064 4214 3176 4293 Ἐφ’
3227 4215 3363 4288 ἡμῖν
3419 4214 3540 4288 μὲν,
3590 4213 3705 4270 ἐπεὶ
3736 4214 3802 4269 τὸ

2143 4293 2334 4362 σκότος
2394 4297 2641 4374 στέρησίς
2702 4300 2834 4373 ἐστι,
2893 4301 2955 4359 τὸ
3013 4298 3072 4357 δδ
3130 4306 3245 4380 φῶς
3300 4298 3433 4374 ἕξις,
3484 4302 3546 4358 οὐ
3592 4302 3800 4378 γίνεται

2141 4394 2336 4475 ἀφανὲς
2366 4400 2428 4453 τὸ
2461 4402 2573 4477 φῶς
2616 4400 2697 4472 τῷ
2751 4400 2953 4472 σκότει,
2984 4398 3132 4458 ἀλλά
3175 4402 3238 4457 τὸ
3279 4400 3474 4464 σκότος
3522 4402 3604 4474 τῷ
3637 4401 3797 4480 φωτί·

2143 4487 2382 4543 ἀπουσία
2435 4488 2535 4564 γὰρ
2582 4492 2681 4545 τοῦ
2735 4491 2915 4568 φωτὸς
2962 4491 3022 4546 τὸ
3088 4491 3281 4554 σκότος
3330 4490 3503 4546 ἐστίν’
3563 4490 3625 4546 οὗ
3688 4491 3797 4565 μὴν

372 4586 463 4638 ter
492 4598 558 4637 ac
592 4581 739 4637 citra
768 4580 1047 4637 invidiam
1081 4598 1189 4637 sua
1220 4582 1497 4665 dogmata
1527 4577 2023 4650 suppeditante,ui

2145 4576 2377 4632 ἀπουσία
2420 4582 2518 4632 τοῦ
2563 4576 2792 4641 σκότους
2834 4580 2897 4633 τὸ
2946 4583 3060 4657 φῶς
3090 4621 3105 4638 .
3155 4584 3325 4636 Τοῦτο
3377 4574 3513 4636 λάϐε
3563 4580 3655 4635 καὶ
3711 4580 3799 4635 ἐπὶ

376 4670 559 4741 dupla
588 4669 1027 4742 intercapedine
1056 4656 1341 4736 temporis
1388 4667 1683 4735 retitent,
1736 4667 1828 4721 vix
1870 4670 2023 4722 sexta

2142 4667 2241 4736 τῆς
2270 4667 2540 4741 γνώσεως·
2574 4669 2609 4737 ἡ
2640 4668 2740 4744 γὰρ
2786 4656 3009 4741 γνῶσις,
3052 4664 3183 4740 ἓξιςο
3215 4670 3252 4739 ἠ
3299 4664 3356 4724 δὶ
3384 4667 3647 4745 ἀγνωσία,
3679 4668 3799 4725 στέο

379 4760 618 4816 demum
652 4758 769 4827 die,
802 4776 906 4831 per
936 4758 1347 4815 necessitatem
1393 4757 1618 4813 assueti
1669 4771 1904 4811 sumere
1955 4755 2039 4811 ei-

378 4848 546 4905 hum.
579 4848 877 4917 Itemque:
900 4852 1050 4903 Sunt
1080 4851 1138 4902 et
1170 4844 1400 4901 feminas
1432 4845 1700 4916 quasdam
1733 4844 2040 4917 therapeu-

380 4937 819 5009 tides,quarum
852 4953 986 5008 pars
1015 4934 1203 4991 multo
1231 4933 1440 4995 melior
1469 4934 1691 4990 defecta
1722 4933 1841 5003 iam
1875 4936 2040 4989 estate

384 5025 669 5093 incanuit;
694 5024 951 5096 virgines
980 5023 1303 5080 etiamdum
1336 5036 1414 5080 es
1446 5026 1839 5094 perseverant,
1864 5020 2039 5079 cesti-

384 5114 646 5171 moniam
659 5112 1003 5185 virginalem
1017 5112 1365 5168 intemerato
1381 5113 1601 5183 pudore
1616 5112 2037 5180 custodientes,

386 5227 503 5267 non
536 5212 740 5283 utique
771 5215 836 5266 ut
866 5210 1022 5283 apud
1052 5210 1299 5282 gentiles
1331 5211 1556 5267 aedituas
1588 5212 1857 5283 quaedam
1900 5226 2041 5283 pas-

385 5301 500 5357 sim
530 5298 934 5370 inveniuntur,
968 5300 1185 5356 adacta:
1216 5301 1562 5357 necessitate
1591 5300 1808 5370 verius,
1859 5315 2038 5371 quam

385 5390 654 5446 ultronea
680 5386 863 5445 animi
894 5390 1219 5446 devotione.
1251 5394 1400 5445 Nam
1433 5388 1767 5446 admirabili
1810 5388 1933 5445 zelo
1973 5404 2042 5446 ac

386 5482 680 5539 desiderio
746 5481 1133 5554 percipiendae
1204 5482 1506 5554 sapientis:
1577 5480 2040 5553 praegestientes,

386 5586 565 5644 quam
598 5576 661 5627 ut
693 5571 835 5627 viris
864 5575 1257 5640 convivereut,
1289 5569 1512 5626 nullam
1566 5586 1810 5641 prorsus
1860 5568 2042 5624 iniere

387 5660 673 5721 rationem
710 5674 997 5733 corporea:
1030 5661 1381 5733 voluptatis;
1420 5665 1485 5714 ut
1513 5658 1903 5730 quaeavidius
1952 5668 2043 5715 ex-

387 5750 1284 5823 petivcrint.posteritetomsibi
1322 5748 1589 5820 relinqui
1642 5765 1761 5818 non
1801 5748 2041 5819 uiridem

2134 4774 2306 4830 ,ρησις
2366 4754 2642 4830 γνώσεως.
2704 4755 2801 4812 Καὶ
2860 4754 2973 4811 ἐπεὶ
3035 4759 3071 4828 ἡ
3123 4755 3358 4814 ἀπουσία
3406 4760 3505 4829 τῆς
3548 4758 3803 4834 γνώσεως

2148 4843 2565 4921 παρυφίσταται,
2610 4846 2709 4915 τήν
2770 4844 3035 4920 ἀγνωσίαν
3079 4852 3262 4918 ποιεῖ,
3314 4848 3389 4911 ὡς
3431 4846 3495 4903 τὰ
3540 4846 3733 4909 σκότος
3764 4849 3800 4916 ἡ

2146 4946 2243 4998 τοῦ
2273 4944 2451 5018 φωτὸς
2497 4943 2875 5019 ὑποχώρησις
2915 4943 3128 5007 πάντως
3176 4944 3267 5001 καὶ
3315 4947 3351 5015 ἡ
3405 4944 3676 5022 παρουσία
3700 4951 3802 5015 τῆς

2147 5033 2398 5107 γνώσεως
2455 5030 2665 5088 διαλύει
2738 5033 2837 5102 τὴν
2896 5030 3156 5111 ἀγνωσίαν
3190 5048 3207 5068 ο
3264 5032 3354 5091 καὶ
3413 5032 3527 5107 ὅσῳ
3583 5031 3800 5107 μᾶλλον

2148 5121 2315 5177 πλέον
2364 5123 2427 5177 τὸ
2473 5126 2606 5200 φῶς,
2656 5120 2903 5195 τοσούτῳ
2948 5124 3011 5179 τὸ
3064 5120 3256 5186 σκότος
3311 5122 3651 5202 ἀφανίζεται’
3708 5114 3799 5178 καὶ

2151 5211 2274 5266 ὅσον
2328 5209 2552 5273 πλείους
2581 5211 2636 5265 αἱ
2683 5212 2931 5285 γνώσεις,
2962 5215 3218 5269 τοσοῦτον
3264 5214 3300 5283 ἡ
3332 5212 3573 5287 ἀγνωσία
3610 5211 3804 5289 ἀφανί-

2153 5304 2317 5368 ζεται.
2351 5299 2450 5353 Καὶ
2483 5300 2601 5373 δρα,
2635 5297 2725 5354 ὅοι
2771 5296 2959 5357 πολλά
3004 5303 3161 5375 φῶτα
3210 5299 3309 5355 οὐκ
3356 5302 3495 5369 εἷπε,
3544 5297 3695 5356 πολὺ
3747 5297 3808 5355 δὲ

2151 5392 2286 5465 φῶς·
2317 5387 2373 5442 ’ἐν
2420 5389 2521 5462 γὰρ
2564 5388 2625 5444 τὸ
2677 5391 2815 5465 φῶς,
2860 5386 2966 5444 εἴτε
3015 5388 3298 5462 ἀνιέμενον
3345 5387 3452 5445 εἴτε
3500 5388 3808 5461 ἐκτεινόμε-

2150 5496 2261 5532 νον.
2292 5475 2390 5531 Καὶ
2425 5474 2613 5544 πάλιν,
2644 5476 2865 5545 πολλὴν
2918 5476 3012 5551 μὶν
3042 5480 3243 5553 γνῶσιν
3290 5478 3389 5534 ούκ
3419 5478 3553 5548 εἷπε,
3586 5474 3807 5541 πολλὰς

2151 5563 2209 5620 Si
2264 5566 2491 5641 γνώσεις
2550 5564 2735 5621 εἶπεν·
2794 5564 2983 5641 ἐπειδὴ
3040 5568 3141 5643 γὰρ
3198 5569 3233 5637 ἡ
3289 5571 3487 5644 γνῶσις
3538 5571 3803 5642 γνωστῶν

2148 5660 2371 5730 γνῶσις,
2396 5656 2463 5710 τὰ
2511 5653 2570 5710 3‘s
2620 5657 2834 5730 γνωστά
2878 5654 3068 5713 πολλά
3109 5655 3449 5731 καὶ-ἄπειρα,
3479 5654 3583 5733 ἄρα
3624 5657 3715 5711 καὶ
3746 5657 3805 5711 αἱ

2151 5745 2381 5819 γνώσεις
2427 5742 2633 5801 πολλαὶ
2680 5746 2772 5800 καὶ
2817 5742 3053 5822 ἄπειροι.
3089 5744 3316 5817 Πολλὴν
3364 5743 3422 5803 δὶ
3469 5749 3669 5821 γνῶσιν
3701 5746 3809 5801 οὐκ
