4108 6380
343 415 457 473 ⁴37

1160 422 1625 480 ΡΑΟΗῩΜΒΒΒ
1661 427 2167 484 ΡΔΒΔΡΒΒΔΒῙΒ
2203 429 2279 482 1N
2317 429 2478 481 EPP.
2518 431 2577 483 8.
2620 430 2956 486 DIONYBII.

3674 436 3779 491 438

347 541 517 613 εἶπεν,
573 537 764 629 ἐπειδὴ
828 537 1065 615 μεσότης
1134 541 1275 599 ἆστὶν
1333 546 1369 614 ἡ
1426 549 1647 619 γνῶσις,
1704 546 1795 602 καὶ
1880 550 2000 623 παρ’

2122 550 2295 605 morti
2327 550 2664 623 obnoxiam,
2689 554 2791 608 sed
2826 553 3426 629 immortalem,quam
3460 558 3586 615 sola
3615 575 3684 616 ex
3716 577 3777 617 se

346 630 582 705 ἑκάτερα
633 625 748 707 ἔχει
808 632 883 694 ὼς
941 632 1135 697 κακίας
1190 633 1290 702 τὴν
1346 633 1522 691 ἄνεσιν
1548 636 1637 691 καὶ
1665 639 1764 708 τὴν
1827 637 2008 693 ἐπίτα-

346 739 433 775 σιν
454 722 534 795 (7)
564 742 578 756 ·
606 718 751 785 ἔνθεν
796 721 891 794 μὲν
932 722 1033 791 τὴν
1085 719 1330 797 ἄγνοιαν,
1361 722 1562 780 ἐκεῖθεν
1614 723 1673 781 δὶ
1708 728 1808 795 τὴν
1851 727 2009 803 περί-

343 831 530 882 νοιαν,
563 810 599 879 ἢ
632 808 700 881 δὴ
731 831 823 866 και
852 809 1044 883 πολλή
1074 816 1280 888 γνῶσις
1306 810 1507 889 λέγοιτ’
1532 813 1590 871 ἄν
1628 818 1723 889 (8).
1759 818 1846 879 Ὠς
1883 821 2010 891 γοῦν

345 900 406 955 αἱ
433 898 645 957 πολλαὶ
675 901 904 976 γνώσεις
936 899 1010 964 ὡς
1054 900 1352 975 μεσότητες
1401 906 1501 973 τὴν
1553 904 1815 982 φρόνησιν
1868 928 2010 961 συνι-

344 993 578 1062 στῶσιν,
610 986 786 1055 οὕτως
814 990 871 1045 αῖ.
898 987 1107 1046 πολλαὶ
1137 984 1354 1067 ἅγνοιαι
1405 994 1506 1062 τήν
1564 994 1796 1071 μωρίαν,
1827 996 1916 1050 καὶ
1954 996 2007 1049 αἱ

342 1078 562 1138 πολλαὶ
592 1077 861 1155 περίνοιαι
902 1080 1013 1149 τὴν
1056 1080 1325 1157 πονηρίαν
1359 1083 1459 1156 (9).
1494 1084 1589 1154 Μὴ
1641 1088 1803 1140 τοῦτο
1849 1088 2004 1161 γοῦν,

341 1167 507 1247 φησὶ,
538 1170 675 1225 κατὰ
700 1168 796 1232 τὰς
845 1168 1032 1233 κοινὰς
1082 1169 1288 1234 ἑννοίας
1353 1169 1655 1249 ὑπολάϐῃς,
1688 1173 1793 1246 ὅτι,
1821 1174 2004 1251 ὥσπερ

338 1259 410 1316 τὸ
441 1259 637 1322 σκότος
668 1258 854 1316 λύεται
886 1260 1051 1337 φωτὶ,
1082 1261 1169 1316 καὶ
1208 1258 1450 1334 μάλιστα
1475 1262 1676 1337 πολλῷ
1708 1283 1719 1298 ·
1753 1266 1788 1333 ἢ
1824 1263 2003 1341 ὥσπερ

339 1349 383 1419 ἡ
446 1347 710 1425 ἀγνωσία,
758 1348 884 1418 ἥτις
940 1350 1033 1404 καὶ
1090 1348 1226 1420 αὖτή
1287 1351 1481 1417 σκότος
1560 1352 1696 1424 ἐστὶ,
1751 1353 2001 1427 παύεται,

337 1438 604 1511 γνώσεων
648 1437 739 1493 καὶ
791 1439 1031 1510 μάλιστα
1077 1438 1306 1496 πολλῶν
1361 1440 1797 1517 ἐπιγενομένων
1854 1442 2002 1499 οὕτω

332 1527 433 1584 καὶ
494 1529 531 1597 ἠ
583 1528 719 1584 κατὰ
766 1528 897 1583 Θεὸν
971 1526 1211 1604 ἀγνωσία
1264 1524 1408 1587 ἔοικε
1572 1533 1710 1588 κατὰ
1763 1532 1998 1606 ἀμαθίαν

332 1615 605 1693 ἀγνωσία,
653 1616 729 1683 ὡς
769 1612 1001 1696 ἔφημεν.
1031 1621 1193 1679 Ἀλλ’
1228 1619 1340 1696 ὅσῳ
1385 1621 1678 1700 φωτίζεταί
1724 1642 1808 1684 τις
1852 1623 2000 1696 παρὰ

332 1711 503 1778 Θεοῦ,
525 1706 616 1763 καὶ
646 1706 761 1781 ὅσῳ
786 1729 871 1774 τις
903 1710 1117 1788 συνάγει
1148 1716 1347 1789 γνῶσιν
1378 1716 1486 1769 τῶν
1520 1707 1713 1782 ὄντων,
1750 1712 1997 1767 τουτὲστι

330 1796 443 1865 τὴν
500 1798 622 1873 περὶ
679 1800 789 1854 τῶν
842 1793 1011 1855 ὄντων
1061 1799 1153 1857 κάί
1202 1805 1430 1878 νοιρῶν,
1473 1802 1720 1874 τοσούτῳ
1780 1799 1995 1875 μᾶλλον

335 1882 651 1943 ἀναϐαίνων
708 1888 835 1963 περὶ
889 1890 991 1959 τήν
1047 1894 1250 1967 γνῶσιν
1301 1892 1401 1959 τήν
1432 1891 1556 1966 περὶ
1608 1891 1756 1962 Θεὸν,
1789 1894 1994 1968 γνώσε-
2026 1930 2073 1995 Β

333 1995 432 2032 ται
477 1977 579 2047 τὴν
628 1974 1035 2053 ἀκαταληψίαν,
1065 1978 1191 2050 ἤτοι
1240 1980 1509 2058 ἀγνωσίαν
1539 1983 1638 2051 τὴν
1670 1982 1794 2058 περὶ
1842 1984 1995 2054 Θεὸν,

338 2070 466 2143 φῶς
517 2065 650 2123 εἶναι
706 2068 796 2124 καὶ
852 2073 1051 2145 γνῶσιν
1115 2071 1245 2144 ὗπὶρ
1305 2071 1476 2126 πάντα
1530 2070 1600 2126 τὰ
1643 2071 1948 2147 γνωσθέντα
1979 2092 1995 2110 ο

335 2155 438 2212 καὶ
472 2154 669 2212 λοιπὸν
712 2160 841 2232 σιγῇ
890 2156 1028 2232 τιμᾷ
1077 2159 1176 2228 τὴν
1216 2159 1341 2234 περὶ
1390 2160 1517 2215 Θεὸν
1575 2159 1822 2238 ἀφασίαν.
1854 2162 1997 2219 Οὐκ-

335 2242 442 2300 οῦν
477 2246 542 2302 οὐ
573 2246 710 2302 κατὰ
738 2245 989 2324 στέρησιν
1021 2250 1277 2325 γνώσεως
1329 2248 1546 2325 λέγεται
1593 2252 1627 2319 ἡ
1678 2252 1801 2324 περὶ
1861 2254 1995 2307 Θεοῦ

331 2334 604 2411 ἀγνωσία,
655 2334 805 2393 ἀλλὰ
855 2339 972 2393 καθ’
1036 2338 1322 2415 ὑπεροχήν
1373 2339 1552 2411 πάσης
1588 2340 1859 2416 γνώσεως,
1910 2341 1994 2397 ὅτι

328 2420 481 2500 ἔγνω
510 2445 596 2488 τις
625 2424 688 2480 τὰ
713 2430 846 2482 πᾶσι
876 2426 967 2482 καὶ
1036 2428 1209 2501 δαυτῷ
1268 2428 1545 2503 ἄγνωστόν
1602 2450 1661 2485 τε
1714 2430 1803 2485 καὶ
1862 2432 1993 2486 ἀκα-

324 2513 644 2586 τάληπτον.
675 2517 861 2574 Ταῦτα
914 2516 1006 2572 καὶ
1061 2516 1114 2572 ἐν
1163 2521 1244 2591 τῷ
1298 2516 1534 2594 διυτὲρῳ
1574 2518 1857 2597 κεφαλαίῳ
1896 2525 1993 2576 τοῦ

2119 640 2288 695 edere
2319 641 2481 697 novit
2512 643 2865 713 anima,quze
2897 658 2959 699 se
2990 646 3314 715 gratiosam
3350 649 3606 704 reddidit
3633 648 3772 715 Deo,

2118 734 2293 801 atque
2326 730 2663 787 amabilem.
2699 732 2856 787 Idem
2893 750 3101 789 rursus
3136 751 3149 789 :
3184 735 3430 793 Proinde
3468 739 3540 793 ab
3590 739 3663 796 iis
3711 740 3773 795 in

2117 835 2315 875 sacras
2344 819 2567 875 litteras
2600 822 3127 878 commentationes
3159 824 3420 880 eduntur
3448 827 3775 899 ﬁgurativis

2118 907 2414 981 allegoriis
2434 910 3036 982 adopertm.Universa
3056 912 3348 984 siquidem
3372 917 3597 973 sanctio
3626 918 3773 991 legis

2117 1014 2232 1054 non
2265 997 2555 1054 absimilis
2585 1016 2715 1055 esse
2744 1000 2874 1056 istis
2907 1006 3183 1058 censetur
3211 1002 3473 1075 cuipiam
3506 1007 3770 1075 animali,

2116 1087 2271 1158 quod
2303 1086 2563 1157 corporis
2592 1086 2715 1141 vice
2747 1088 2957 1144 habeat
2988 1088 3324 1145 sanctiones
3358 1092 3559 1162 positae
3588 1092 3769 1165 legis;

2114 1176 2373 1232 animam
2404 1180 2599 1232 autem
2634 1177 3096 1249 interpretantur
3126 1179 3479 1236 invisibilem
3505 1197 3768 1253 sensum,

2113 1265 2224 1321 sub
2245 1264 2547 1320 involucro
2569 1265 2893 1322 dictionum
2917 1268 3039 1323 sive
3062 1268 3266 1325 litteras
3297 1270 3592 1327 introrsus
3624 1272 3771 1328 deli-

2110 1358 2646 1426 tescentem,quem
2683 1356 2781 1411 ubi
2816 1356 3071 1427 primum
3105 1359 3280 1430 ccepit
3309 1375 3591 1431 generose
3619 1362 3767 1417 emi-

2111 1448 2433 1515 nenterque
2462 1444 2846 1516 contemplari
2879 1446 3155 1502 familiari
3187 1450 3444 1519 quadam
3469 1454 3525 1505 et
3544 1452 3656 1506 sibi
3677 1468 3769 1507 co-

2110 1536 2285 1606 gnata
2317 1534 2477 1601 luce;
2513 1535 2753 1604 perinde
2783 1538 2893 1601 est,
2927 1552 2994 1590 ac
3024 1536 3074 1591 si
3117 1537 3440 1609 perspiciat
3487 1540 3763 1596 eximiam

2107 1621 2298 1695 ipsam
2332 1623 2756 1679 sententiarum
2781 1623 3283 1695 pulchritudinem
3304 1643 3434 1683 sese
3458 1645 3561 1700 per
3579 1630 3768 1685 nomi-

2107 1728 2249 1768 num
2262 1711 2442 1768 veluti
2458 1712 2765 1783 speculum
2781 1718 3323 1786 repraesentantem.
3340 1716 3509 1772 Etbaa
3524 1719 3762 1790 quidem

2106 1817 2175 1858 ex
2203 1801 2469 1869 Philone,
2492 1818 2624 1874 qum
2652 1803 2723 1859 de
2756 1803 3119 1875 therapeutis
3147 1806 3368 1878 scripto
3400 1808 3677 1880 prodidit,
3702 1810 3761 1865 in

2105 1890 2322 1963 quibus
2354 1907 2512 1947 unus
2534 1890 2631 1947 hic
2651 1890 2827 1948 Caius
2858 1896 3204 1949 numeratur
3233 1896 3305 1951 ad
3338 1898 3763 1969 quemlepistoo

2106 1981 2224 2037 lam
2239 1984 2586 2052 praesentem
2599 1981 3225 2052 transmittitsanctus,
3247 1984 3450 2041 dicens
3477 2001 3491 2044 :
3516 1989 3759 2052 Quando

2108 2073 2433 2127 secundum
2462 2087 2590 2140 nos,
2616 2073 2868 2128 tenebras
2901 2071 3040 2144 ipsa;
3073 2072 3320 2145 privatio
3348 2077 3615 2146 quasdam
3648 2083 3757 2145 est;

2106 2164 2331 2228 contra,
2361 2160 2482 2227 lux,
2516 2160 2755 2217 habitus
2788 2178 2803 2217 :
2831 2178 3199 2234 consequens
3219 2169 3310 2219 est
3338 2163 3530 2221 lucem
3562 2165 3756 2237 ipsam

2105 2268 2225 2308 non
2243 2266 2589 2307 evanescere
2607 2250 2982 2307 tenebrarum
3010 2252 3288 2323 adventu,
3310 2253 3431 2309 imo
3460 2253 3758 2311 infusione

2103 2340 2423 2413 lucisipsae
2450 2341 2753 2412 disparent
2782 2342 3034 2397 tenebris
3084 2359 3097 2397 :
3148 2343 3443 2414 siquidem
3493 2346 3761 2401 absentia

2104 2430 2254 2487 lucis
2284 2446 2414 2486 sese
2444 2429 2931 2486 circumfundunt
2959 2431 3256 2502 tenebrae;
3299 2449 3415 2488 non
3464 2434 3604 2489 item
3656 2450 3762 2506 per

2104 2519 2438 2576 absentiam
2470 2520 2852 2575 tenebrarum
2903 2520 3170 2577 succedit
3218 2519 3339 2577 lux.
3394 2521 3556 2577 Idem
3606 2523 3762 2578 244

325 2605 469 2679 Περὶ
501 2603 658 2660 θείων
689 2603 975 2679 ὀνομάτων
1009 2603 1246 2682 ι’ίρηται.

2110 2624 2346 2682 prorsus
2376 2608 2481 2663 tibi
2514 2607 2964 2681 intelligendum
2990 2609 3061 2665 de
3087 2609 3421 2682 ignorantia
3441 2615 3499 2667 et
3520 2611 3767 2667 scientia

322 2694 423 2753 vel
453 2695 809 2766 cognitione.
840 2696 1109 2770 Cognitic
1139 2697 1296 2753 enim
1327 2697 1567 2755 habitus
1601 2701 1712 2767 est,
1744 2698 1993 2768 privatio
2023 2704 2219 2754 autem
2252 2696 2604 2769 cognitionis
2647 2697 3005 2767 ignorantia.
3034 2696 3165 2753 Jam
3215 2700 3453 2769 quando
3502 2700 3770 2756 absentia

326 2784 695 2858 cognitionis
742 2785 935 2858 ipsam
966 2788 1384 2859 quadantenus
1416 2788 1848 2861 ignorationem
1883 2792 2283 2861 repraesentat,
2313 2788 2467 2843 sicut
2498 2790 2556 2843 et
2582 2785 2724 2858 ipsae
2754 2786 3015 2843 tenebris
3044 2789 3299 2845 secessio
3331 2789 3483 2845 lucis
3514 2794 3636 2859 est;
3672 2806 3767 2845 se-

326 2875 549 2949 quitur
579 2875 821 2932 omnino
853 2877 1167 2948 praesentia
1196 2878 1552 2951 cognitionis
1586 2878 1827 2934 dissolvi
1860 2877 2291 2950 ignorantiam;
2324 2880 2666 2948 quantoque
2696 2892 2757 2931 se
2806 2876 3083 2948 copiosus
3130 2876 3231 2933 lux
3277 2878 3545 2947 effundit,
3596 2882 3764 2935 tanto

326 2978 581 3037 pessum
631 2968 774 3021 eunt
822 2967 1011 3040 magis
1058 2968 1311 3025 tenebre
1360 2972 1419 3025 et
1467 2968 1906 3024 exinaniuntur.
1959 2968 2226 3026 Similem
2275 2966 2335 3022 in
2367 2968 2632 3037 modum,
2664 2983 2782 3037 quo
2815 2966 3051 3022 uberior
3082 2968 3250 3022 adest
3280 2982 3450 3040 seges
3481 2968 3768 3040 cognitio-

327 3069 503 3122 num,
536 3053 647 3111 hoc
680 3055 873 3129 magis
905 3056 1245 3114 exinanitur
1273 3058 1586 3130 ignoratio.
1616 3060 1748 3115 Jam
1780 3059 1926 3115 mihi
1965 3059 2117 3128 vide,
2168 3058 2309 3131 quia
2356 3074 2473 3113 non
2523 3055 2739 3111 multas
2785 3054 2933 3111 dixit
2982 3055 3165 3123 luces,
3216 3056 3317 3112 sed
3366 3056 3617 3114 multam
3668 3057 3767 3113 lu-

326 3160 499 3213 cem;
553 3161 673 3201 una
715 3146 1011 3218 siquidem
1047 3146 1169 3217 lux,
1203 3148 1327 3205 sive
1357 3165 1420 3206 se
1449 3148 1552 3205 illa
1584 3148 1898 3219 remiserit,
1933 3150 2055 3206 sive
2086 3165 2148 3205 se
2176 3147 2493 3204 intenderit
2523 3146 2736 3203 fusius.
2770 3145 3002 3215 Contra,
3035 3162 3150 3202 non
3183 3145 3434 3202 multam
3466 3147 3761 3220 cognitio-

326 3248 497 3307 nem,
530 3234 633 3291 sed
665 3234 887 3293 multas
916 3236 1066 3293 dixit
1093 3238 1484 3310 cognitiones.
1531 3239 1680 3295 Nam
1732 3240 1970 3311 quando
2021 3238 2279 3311 cognitio
2328 3240 2418 3293 est
2464 3253 2664 3293 eorum
2718 3252 2846 3307 quae
2894 3235 2946 3290 vi
2997 3236 3391 3307 cognoscitiva
3435 3236 3763 3308 apprehen-

326 3324 581 3396 duntur,
613 3325 928 3397 {ejusmodi
980 3330 1178 3384 autem
1225 3327 1309 3383 sic
1361 3329 1551 3385 multa
1581 3332 1740 3399 sunt,
1774 3332 1843 3384 ut
1864 3327 2027 3384 nullo
2058 3331 2279 3400 queant
2308 3325 2715 3382 circumscribi
2746 3326 2861 3380 fine
2894 3341 2907 3382 :
2942 3341 3305 3396 consequens
3334 3326 3512 3381 fuerit
3542 3325 3764 3381 multas

330 3429 462 3471 esse
495 3415 885 3487 cognitiones,
920 3416 1039 3473 imo
1070 3417 1354 3474 infinitas.
1392 3419 1473 3474 Ad
1507 3418 1627 3473 haec
1669 3419 2016 3491 neutiquam
2068 3418 2213 3473 dixit
2258 3415 2505 3473 multam
2558 3415 2975 3488 cognitionem,
3027 3416 3181 3487 quod
3233 3415 3489 3488 cognitio
3536 3416 3763 3471 medio-

327 3504 517 3561 critas
562 3506 833 3575 quaedam
884 3505 984 3578 sit,
1036 3510 1104 3563 ut
1151 3507 1450 3579 utrimque
1499 3508 1713 3564 habeat
1758 3512 2042 3581 tanquam
2091 3506 2231 3564 vitia
2278 3506 2689 3563 remissionem
2721 3510 2778 3562 et
2805 3505 3221 3562 intensicnem.
3254 3507 3323 3561 Et
3351 3506 3490 3561 hinc
3522 3506 3766 3577 quidem

325 3594 762 3668 ignorantiam,
795 3594 958 3652 illinc
988 3611 1123 3653 vero
1155 3596 1548 3668 dispescimus
1587 3598 1988 3654 curiositatem
2033 3597 2280 3667 sciendi,
2330 3612 2456 3667 quis
2509 3596 2698 3651 multa
2747 3595 2952 3666 utique
3002 3595 3259 3667 cognitio
3308 3594 3424 3651 dici
3456 3594 3663 3666 possit.
3692 3594 3769 3648 Ut

324 3684 523 3758 igitur
550 3684 754 3743 multis
782 3685 1148 3758 cognitiones
1181 3687 1350 3760 quasi
1379 3687 1817 3744 mediocritates
1851 3704 2030 3744 unam
2063 3687 2430 3744 constituunt
2461 3685 2857 3758 prudentium,
2900 3685 2986 3740 sic
3033 3684 3368 3755 complures
3414 3683 3767 3756 ignorantiae

329 3772 656 3831 stultitiam
686 3775 927 3848 pariunt
958 3791 1162 3846 unam,
1195 3783 1249 3833 et
1281 3776 1483 3833 multas
1515 3777 1887 3834 curiositates
1916 3777 2239 3833 vafriciem.
2272 3774 2434 3840 Quod
2466 3776 2647 3847 igitur
2674 3774 2941 3846 praesenti
2972 3772 3097 3830 loco
3124 3774 3355 3829 inducit
3386 3778 3574 3840 Pater,
3625 3789 3764 3844 pro-

323 3863 580 3930 vide,ne
602 3863 775 3935 juxta
803 3878 1180 3922 communem
1212 3865 1668 3939 intelligentiam
1701 3868 1993 3940 acceperis
2024 3865 2782 3931 dictum.Quemadmodnm
2816 3864 2971 3920 enim
3004 3864 3255 3919 tenebras
3287 3862 3583 3919 infusione
3615 3860 3769 3917 lucis

327 3952 765 4023 dissolvuntur,
799 3953 978 4026 idque
1008 3955 1289 4025 maxime,
1314 3955 1364 4011 si
1397 3956 1893 4029 quamplurimem
1926 3955 2075 4012 lucis
2104 3955 2408 4011 emicuerit
2440 3970 2451 4009 :
2488 3954 2778 4023 aut,sicut
2806 3952 3141 4024 ignorantia
3173 3956 3325 4024 (quae
3355 3956 3413 4009 et
3442 3952 3574 4023 ipsa
3605 3954 3765 4006 tene-

327 4041 459 4098 bris
489 4042 778 4098 assimilis
809 4042 921 4115 θυι)
951 4042 1168 4099 desinit
1196 4059 1327 4101 esse
1353 4045 1605 4101 adventu
1639 4044 2062 4117 cognitionum,
2091 4044 2412 4116 praesertim
2446 4043 2493 4098 si
2527 4041 2827 4098 cumulate
2857 4041 3221 4111 ingruerint:
3248 4041 3317 4095 ad
3351 4055 3486 4096 eum
3521 4040 3765 4096 modum

331 4144 466 4204 quas
499 4132 828 4188 secundum
861 4132 1048 4188 Deum
1080 4136 1171 4189 est
1200 4133 1511 4206 ignoratio,
1541 4135 1592 4190 ei
1626 4135 1857 4191 videtur
1883 4151 1999 4191 non
2033 4132 2364 4201 dissimilis,
2398 4139 2459 4188 ut
2482 4133 2609 4204 jam
2643 4131 2865 4186 dictum
2899 4130 3069 4186 nobis
3101 4134 3212 4195 est,
3244 4145 3369 4200 quae
3401 4145 3506 4201 per
3533 4128 3769 4200 imperi-

322 4222 474 4277 tiam
511 4225 683 4293 atque
714 4220 1034 4278 ruditatem
1067 4222 1183 4279 dici
1213 4222 1365 4279 solet
1394 4224 1748 4296 ignorantia.
1782 4224 2069 4280 Caeterum
2101 4226 2319 4295 quanto
2351 4222 2479 4292 quis
2502 4240 2533 4277 a
2556 4223 2668 4276 Deo
2691 4220 3029 4276 illustratur
3049 4218 3369 4290 copiosius,
3402 4218 3769 4273 uberiorem-

328 4329 451 4387 que
482 4311 598 4368 sibi
629 4309 903 4368 conciliat
928 4326 1131 4367 eorum
1165 4328 1292 4384 quae
1324 4318 1464 4368 sunt
1489 4314 1883 4385 cognitionem
1917 4331 1929 4369 :
1968 4315 2038 4368 de
2070 4312 2163 4368 his
2194 4313 2477 4367 nimirum
2510 4328 2642 4383 quae
2672 4309 3033 4376 subststunt,
3066 4325 3262 4380 quaeve
3292 4306 3601 4363 intellectu
3636 4323 3762 4378 per-

322 4401 636 4475 cipiuntur
668 4417 682 4456 :
719 4390 771 4457 is
800 4416 917 4473 quo
948 4400 1268 4459 sublimius
1298 4403 1369 4457 ad
1403 4403 1707 4459 scientiam
1743 4403 2009 4459 ascendit
2037 4418 2239 4458 eorum
2273 4418 2398 4473 quae
2432 4401 2504 4457 ad
2543 4399 2644 4456 Dei
2693 4399 3090 4470 cognitionem
3143 4396 3468 4470 provehunt
3520 4413 3533 4452 :
3584 4400 3747 4451 tanto

320 4489 732 4566 perspicecius
760 4488 1051 4563 intelliget
1080 4491 1453 4561 majestatem
1484 4491 1586 4549 Dei
1618 4491 1763 4549 nulli
1793 4492 2383 4564 comprehensibilem
2414 4505 2543 4547 esse
2573 4494 2875 4545 creaturae.
2909 4489 3067 4543 Idem
3099 4503 3312 4543 rursus
3342 4502 3471 4541 eam
3525 4485 3767 4555 ignora-

321 4579 581 4651 tionem,
610 4594 741 4652 qua
772 4580 842 4636 ad
878 4579 1269 4652 perfectiones
1302 4582 1373 4637 de
1401 4587 1518 4637 Deo
1549 4581 1735 4639 dictas
1784 4584 2053 4651 refertur,
2104 4580 2409 4638 verissime
2458 4596 2587 4636 esse
2636 4579 2836 4633 lumen
2886 4577 3185 4648 percipiet,
3236 4572 3760 4646 cognitionemque

324 4673 545 4726 cetera
572 4668 995 4741 cognoscibilia
1024 4671 1556 4728 transcendentem.
1593 4671 1857 4744 Denique
1888 4672 2041 4728 hanc
2072 4685 2241 4727 suam
2272 4671 2342 4726 de
2382 4670 2485 4725 Dei
2528 4666 2987 4741 perfectionibus
3035 4662 3499 4734 inelcquentiam
3549 4676 3754 4718 secum

324 4755 554 4815 tacitus
602 4755 824 4815 honore
872 4757 1166 4831 precipuo
1215 4758 1455 4833 dignam
1507 4759 1687 4816 ducit.
1731 4761 2080 4817 Nullatenus
2109 4759 2290 4832 igitur
2316 4757 2609 4830 ejusmodi
2641 4758 2710 4813 de
2741 4757 2857 4813 Deo
2886 4754 3225 4827 ignorantia
3257 4749 3641 4825 intelligenda
3668 4755 3762 4807 est

325 4850 431 4906 hic
461 4848 603 4919 dici,
628 4850 785 4922 quod
816 4848 1135 4923 privatoria
1166 4849 1246 4906 sit
1274 4849 1662 4924 cognitionis;
1688 4850 1878 4925 magis
1900 4868 2034 4909 vero
2066 4855 2305 4923 prepter
2333 4850 2606 4906 eximiam
2631 4852 2808 4920 atque
2837 4849 3283 4919 exsuperantem
3318 4839 3763 4917 pmrcgativam

326 4938 522 4994 totius
552 4935 833 5010 scientias,
866 4953 985 5010 qua
1013 4938 1145 5011 quis
1178 4954 1353 4996 nosse
1381 4941 1707 5012 promeruit
1738 4939 1818 5010 id,
1851 4941 2005 5012 quod
2040 4940 2315 4995 omnibus
2347 4937 2580 5010 sibique
2610 4936 2974 5010 incognitum
3010 4938 3207 4991 manet
3228 4937 3285 4990 et
3311 4928 3767 5002 incomprehen-

326 5026 531 5084 sibile.
564 5030 639 5083 Et
672 5026 794 5083 hac
826 5028 1068 5099 quidem
1101 5028 1289 5100 capite
1320 5031 1576 5087 secundo
1607 5030 1933 5086 Divinarum
1960 5032 2250 5086 nominum
2279 5027 2567 5100 explicata
2596 5031 2756 5083 sunt.

407 5154 594 5211 Ταῦτα
640 5148 846 5225 τοίνυν,
876 5151 938 5207 τὸ
993 5154 1186 5216 σκότος
1238 5154 1383 5233 φημὶ
1427 5155 1516 5209 καὶ
1560 5156 1656 5224 τήν
1700 5155 1992 5230 ἀγνωσίαν,

2177 5155 2329 5213 245
2364 5158 2494 5211 Haec
2524 5154 2728 5227 igitur,
2758 5152 3031 5208 tenebras
3064 5148 3192 5206 dico
3225 5151 3281 5205 et
3329 5144 3761 5220 ignorationem

325 5238 891 5319 ὖπεροχικῶς,ἀλλά
952 5242 1028 5315 μὴ
1095 5242 1233 5316 μετὰ
1291 5240 1541 5318 στέρησιν
1603 5238 1870 5313 ἐκλαϐὼν,
1905 5242 1993 5299 ὅτε

2110 5245 2537 5317 superimenter
2593 5260 2725 5298 cum
2787 5238 3168 5307 intellexeris,
3220 5254 3335 5293 non
3385 5236 3527 5291 item
3573 5234 3766 5306 priva-

321 5331 457 5405 περὶ
509 5335 645 5385 Θεοῦ
705 5323 1070 5404 ἐκλαμϐάνεις
1126 5335 1313 5401 ταῦτα,
1374 5330 1657 5407 ἀπόφησον
1716 5333 1993 5408 {meper/tr,-

2110 5332 2256 5391 torie
2302 5334 2371 5389 de
2421 5332 2537 5388 Deo
2588 5330 2701 5385 dici
2753 5347 2766 5385 :
2824 5328 3108 5403 ἀπόφησον
3160 5321 3523 5397 ὗπεραληθῶς
3572 5323 3630 5379 id
3680 5325 3769 5378 est

323 5423 461 5489 θῶς,
506 5416 768 5489 δηλονότι
817 5415 935 5474 sine
981 5424 1207 5494 τρανῶς.
1270 5417 1492 5491 Ἐπειδὴ
1536 5422 1639 5497 γὰρ
1695 5426 1862 5477 ταῦτα
1904 5423 1993 5476 καὶ

2110 5422 2353 5479 enuntia
2410 5419 2738 5490 verissime,
2788 5417 2880 5474 dic
2938 5416 3165 5473 scilicet
3219 5415 3451 5490 τρανῶς,
3511 5412 3623 5468 hoc
3682 5418 3771 5467 est

327 5510 471 5585 ὑπὲρ
505 5507 535 5563 ’ὁ
567 5506 789 5564 ἐνταῦθά
820 5508 945 5581 εἱσι,
976 5513 1232 5565 νοοῦνται
1264 5509 1437 5566 ἐκεῖσε
1471 5534 1481 5546 ·
1511 5508 1599 5566 καὶ
1634 5511 1660 5567 ὁ
1693 5512 1814 5588 περῖ
1866 5511 1994 5566 τού-

2110 5512 2386 5581 dilucide,
2407 5510 2733 5585 perspicue.
2758 5508 2902 5565 Nam
2928 5506 3163 5577 quando
3186 5506 3536 5602 haecnsupra
3557 5501 3771 5602 etiam-

325 5619 447 5655 των
486 5596 652 5673 λόγος
679 5597 786 5672 οὐχ
818 5594 1004 5659 ἁπλῶς
1026 5596 1290 5669 ἀληθινὸς
1323 5596 1486 5677 λόγος
1529 5595 1696 5669 ἔσται,
1730 5600 1876 5657 ἀλλὰ
1905 5601 1993 5656 καὶ

2110 5619 2251 5661 num
2276 5618 2454 5674 quam
2480 5600 2573 5655 hic
2597 5603 2759 5666 sunt,
2794 5596 3209 5669 intelliguntur
3230 5612 3291 5650 se
3317 5592 3433 5648 illic
3464 5591 3770 5646 verissime

336 5688 482 5761 ὑπὲρ
513 5690 675 5741 τοῦτο
704 5687 767 5742 τὸ
798 5686 1057 5759 ἀληθιτὸν
1086 5690 1433 5762 μιμουμένου
1464 5695 1560 5745 τοῦ
1594 5686 1766 5766 λόγου
1795 5693 1856 5745 τὸ
1885 5695 1991 5745 τῶν

2113 5694 2362 5759 habere;
2398 5692 2613 5762 quique
2647 5690 2717 5743 dc
2750 5688 2843 5743 his
2892 5703 3086 5743 sermo
3139 5690 3248 5752 cst,
3303 5700 3417 5739 non
3466 5684 3767 5747 utcunque

331 5778 681 5853 πραγμάτων
744 5776 1076 5853 ὑπεροχικόν
1114 5798 1126 5813 ο
1169 5782 1330 5834 τοῦτο
1381 5781 1484 5855 γάρ
1527 5779 1637 5834 ἐστι
1676 5781 1740 5836 τὸ
1793 5782 1996 5856 ὑπερα-

2113 5800 2285 5839 vcrus
2318 5782 2394 5837 sit
2425 5796 2637 5846 sermo;
2673 5777 2812 5849 quin
2847 5782 3052 5849 praeter
3082 5775 3210 5843 hoc,
3244 5772 3541 5828 veritatem
3576 5781 3762 5837 quan-
