4108 6404
340 436 448 497 439

1164 437 1532 492 APPENDIX
1570 439 1667 491 AD
1704 434 1947 491 ΟΡΕΒΔ
1981 436 2042 489 Β.
2082 434 2402 490 DIONYBII
2438 433 2938 490 ABEOPAGITE.

3660 438 3767 494 44θ

344 574 706 641 tamcunque
727 568 912 623 nostri
935 568 1218 623 imitatitii
1250 566 1542 624 sermonis
1564 567 1695 640 ipsa
1726 564 2004 637 praecellit

2125 560 2302 632 ληθῶς
2350 562 2633 641 ἀπόφησον
2668 581 2683 597 ⁶
2742 561 2930 633 ἐπειδὴ
2981 561 3104 618 ὅσον
3146 585 3232 627 τις
3282 560 3421 640 ἔχει,
3470 568 3626 645 φησὶ,
3655 571 3767 623 τῶν

346 674 543 713 rerum
576 656 943 727 magnitudo.
977 660 1095 711 Hoc
1130 655 1344 711 etenim
1400 654 1673 711 insinuat
1720 649 2001 729 ἀπόφησον

348 744 731 821 ὐπεραληθῶς.
767 745 995 809 Quanto
1045 745 1201 799 enim
1253 745 1389 815 quis
1439 744 1688 800 sortitus
1737 748 1827 799 est
1876 758 2005 797 am-

350 837 597 908 pliorem
622 851 818 890 rerum
850 834 1146 903 notitiam,
1181 832 1490 905 lucemque
1524 833 1856 889 effusiorem
1881 831 2006 903 (ait)

351 923 804 995 intelligentiam
830 922 1097 977 videlicet
1124 922 1407 992 veritatis,
1439 922 1491 978 is
1513 926 1676 977 tanto
1710 920 2006 994 perspica-

355 1014 482 1069 cius
506 1012 792 1084 intelliget
818 1012 1108 1083 ignotiora
1128 1027 1277 1079 esse,
1306 1028 1431 1082 quae
1455 1011 1527 1066 de
1560 1016 1671 1066 Deo
1704 1011 2005 1067 dicuntur.

355 1102 483 1158 Non
514 1101 671 1157 enim
702 1100 791 1156 vel
822 1099 1046 1155 lumine
1076 1100 1377 1172 qu0piam,
1428 1100 1518 1156 vel
1569 1100 1899 1171 cognitione
1941 1115 2011 1155 ea

355 1189 865 1262 elucescunt,quin
892 1204 1095 1244 eorum
1113 1189 1309 1261 potius
1332 1190 1567 1262 fugiunt
1589 1189 2008 1262 cognitionem,

355 1279 457 1351 qui
488 1278 701 1333 talium
734 1277 1209 1349 qualemcunque
1247 1278 1519 1334 notitiam
1569 1277 1795 1350 indepti
1848 1281 2010 1333 sunt.

354 1369 485 1439 Ipsa
516 1383 750 1438 quoque
783 1366 1149 1438 quantalibet
1180 1368 1469 1439 promotio
1492 1371 1549 1422 et
1580 1368 2011 1422 incrementum

350 1457 410 1511 in
444 1454 793 1521 his,lumine
824 1455 955 1509 dico
979 1458 1036 1509 et
1056 1457 1412 1527 cognitione,
1444 1456 1701 1511 divinam
1737 1455 2013 1525 majesta-

356 1550 475 1601 tcm
509 1544 818 1616 perspicue
848 1542 1148 1599 declarant
1178 1544 1538 1599 invisibilem
1573 1560 1724 1611 esse,
1758 1547 1817 1599 et
1866 1542 2014 1599 nulli

353 1636 632 1689 creaturae
678 1648 1104 1704 usquequaque
1164 1632 1556 1704 cognobilem.
1606 1634 1807 1705 Neque
1855 1633 2015 1688 enim

355 1722 773 1778 exinaniantur
806 1722 1099 1793 ejusmodi
1133 1723 1393 1778 tenebrae
1416 1722 1476 1777 in
1508 1727 1629 1778 tam
1661 1722 1851 1779 multa
1885 1722 2017 1778 luce

356 1812 531 1868 istius
557 1815 708 1883 (quae
730 1811 887 1867 circa
907 1828 1127 1868 numen
1159 1812 1272 1883 est)
1304 1811 1799 1880 veritatis,verum
1832 1812 2017 1867 unde-

360 1915 594 1971 cunque
625 1900 754 1956 luce
801 1899 931 1971 ipsa
980 1898 1365 1970 operiuntur;
1415 1904 1591 1971 atque
1642 1900 1782 1956 hinc
1834 1899 2020 1955 scitur

360 1989 579 2059 verius,
615 1988 757 2061 quia
792 1989 1045 2045 tenebrae
1077 1993 1238 2056 sunt,
1273 1990 1511 2061 quando
1533 2004 1773 2046 omnem
1803 1989 1875 2044 de
1906 1993 2020 2044 Deo

362 2078 761 2151 cognitionem
793 2078 1171 2134 obumbrant.
1204 2077 1314 2133 Ubi
1346 2077 1528 2151 igitur
1570 2078 1833 2150 primum
1883 2094 2021 2135 con-

360 2168 657 2224 currerint
687 2183 787 2234 eae,
818 2184 948 2240 quas
981 2168 1051 2223 de
1078 2167 1489 2239 intelligentiis
1520 2168 1836 2236 habentur,
1867 2166 2020 2223 noti-

363 2257 479 2327 tias,
504 2274 619 2313 non
642 2256 920 2313 continuo
942 2257 1174 2329 aufugit
1195 2257 1548 2329 ignorantia,
1582 2258 1684 2314 sed
1718 2260 2025 2330 permanet

364 2363 576 2403 arcana
602 2363 869 2418 prorsus,
903 2362 1261 2418 omnemque
1292 2347 1581 2418 effugiens
1602 2347 2022 2418 cognitionem,

364 2451 660 2505 nusquam
692 2436 999 2504 secedens,
1034 2436 1137 2492 sed
1170 2435 1473 2504 restitans,
1503 2453 1569 2492 ac
1596 2436 1865 2492 evincens
1897 2452 2025 2492 om-

362 2526 528 2583 nium
553 2523 1143 2595 cognitionem,aliud
1164 2524 1407 2581 omnino
1430 2524 1573 2581 nihil
1599 2542 1702 2596 pro
1727 2529 2026 2598 comperto

364 2616 892 2685 babentem,quam
908 2614 1062 2685 quod
1077 2615 1576 2687 supereminenter
1588 2615 1646 2670 id
1662 2615 2030 2671 manetinco-

367 2702 787 2776 gnitum,quod
819 2702 1143 2775 inquiritur
1173 2703 1687 2760 maxime.ldcirco
1719 2703 1818 2777 qui
1840 2703 2027 2761 Deum

370 2791 678 2861 vidisse,et
706 2792 862 2864 quod
895 2792 1071 2859 videt,
1104 2792 1455 2850 intellixisse
1485 2793 1858 2866 praedicatur,
1908 2809 2027 2849 non

371 2882 577 2953 utique
597 2880 795 2953 ipsum
819 2881 915 2937 hic
944 2881 1090 2937 vidit
1113 2883 1292 2939 Deum
1316 2883 1522 2953 (Deum
1542 2885 1693 2939 enim
1712 2899 1873 2939 nemo
1891 2884 2033 2940 vidit

2114 650 2283 706 ὄντων
2331 654 2430 722 τήν
2481 657 2709 728 γνῶσιν,
2751 651 2841 707 καὶ
2891 653 2955 708 τὸ
3015 650 3074 707 ὃν
3134 658 3269 729 φῶς,
3312 654 3462 709 τοῦτ’
3510 651 3622 711 ἔστι
3669 664 3772 726 τῆς

2114 737 2373 810 ἀληθείας
2403 742 2502 810 τὴν
2534 737 3022 812 νόησιν,τοσοῦτον
3051 740 3118 797 τά
3147 743 3269 816 περὶ
3301 747 3404 798 τοῦ
3425 748 3560 799 Θεοῦ
3583 741 3775 818 ὄψεται

2116 829 2363 903 ἄγνωστα
2393 849 2409 863 ⁸
2443 831 2506 885 οὐ
2534 831 2635 906 γὰρ
2668 834 2747 903 τῷ
2793 830 2935 905 φωτὶ
2966 832 3002 901 ἢ
3032 833 3102 905 τῇ
3134 830 3329 906 γνώσει
3386 838 3768 907 φανεροῦνται,

2115 915 2262 973 ἀλλά
2314 918 2527 992 μᾶλλον
2564 920 2692 981 τοὺς
2738 924 2907 974 ταῦτα
2932 916 3160 996 ἔχοντας
3190 920 3469 991 λανθάνει,
3494 922 3586 978 καὶ
3634 924 3668 992 ἡ
3719 921 3771 978 ἐν

2114 1006 2329 1070 τούτοις
2389 1006 2631 1070 ἐπίδοσίς
2684 1029 2745 1063 τε
2810 1008 2901 1064 καὶ
2942 1006 3184 1080 αὔξησις,
3214 1013 3293 1082 τῷ
3322 1010 3463 1086 φωτί
3493 1033 3638 1089 φημι
3680 1012 3774 1068 καὶ

2121 1100 2186 1170 τῇ
2242 1097 2458 1171 γνώσει,
2490 1097 2553 1151 τὸ
2606 1102 2754 1161 θεῖον
2808 1094 3039 1153 δεικνύει
3094 1097 3312 1154 ἁθὲατόν
3360 1120 3420 1155 τε
3462 1100 3552 1155 καὶ
3598 1098 3778 1179 ἄγνω-

2119 1206 2264 1243 στον,
2300 1183 2439 1243 Οὖδέ
2467 1206 2573 1262 γῃρ
2605 1186 2802 1263 ἀφανὲς
2853 1187 3053 1263 γίνεται
3083 1188 3144 1243 τὸ
3181 1192 3434 1244 τοιυῦτον
3479 1189 3673 1253 σκότος
3723 1190 3779 1247 ἐν

2120 1278 2201 1347 τῷ
2230 1271 2431 1347 πολλῷ
2461 1275 2601 1352 φωνὶ
2629 1281 2730 1345 τῆς
2749 1276 2874 1350 περὶ
2904 1280 3067 1331 τοῦτο
3097 1275 3362 1348 ἀληθείας
3395 1299 3409 1314 υ
3440 1277 3589 1334 ἀλλά
3617 1300 3717 1355 περ
3730 1301 3781 1334 ι-

2121 1361 2478 1431 καλύπτεται,
2510 1362 2599 1418 καὶ
2636 1362 2849 1436 μᾶλλον
2898 1365 3248 1439 γινώσκεται,
3281 1366 3364 1422 ὅτι
3426 1366 3638 1441 σκότος,
3688 1370 3783 1423 καὶ

2123 1451 2524 1527 ἀποκρύπτεται
2573 1458 2746 1507 πᾶσαν
2798 1457 2996 1529 γνῶσιν
3029 1473 3043 1488 °
3076 1452 3234 1527 ὥστε,
3267 1456 3392 1511 ὅταν
3451 1455 3782 1512 συνέλθωσιν

2122 1541 2177 1594 αἱ
2233 1538 2359 1614 περὶ
2426 1544 2536 1595 τῶν
2596 1543 2798 1614 νοερῶν
2854 1540 3108 1615 γνώσεις,
3157 1541 3256 1596 οὐκ
3310 1540 3694 1617 ἀποδιδράσκει
3745 1545 3783 1614 ἡ

2124 1628 2569 1711 ἀγνωσία,ἀλλά
2602 1630 2752 1703 μένει
2799 1630 3255 1707 ἀποκρυπτομένη
3294 1632 3387 1688 καὶ
3419 1630 3786 1712 διαφεύγουσα

2124 1726 2295 1776 πᾶσαν
2345 1725 2545 1796 γνῶσιν
2577 1738 2591 1754 ο
2631 1720 2740 1796 οὐχ
2774 1722 3168 1797 ὑποχωροῦσα,
3200 1720 3326 1778 ἀλλ’
3359 1720 3491 1779 οὖσα
3538 1723 3629 1779 καὶ
3681 1722 3783 1796 μί·-

2124 1829 2312 1879 νουσα,
2341 1808 2432 1864 καὶ
2487 1814 2687 1865 νικῶσα
2741 1811 2839 1872 τὰς
2897 1811 3153 1885 γνώσεις,
3211 1808 3365 1866 οὐδὲν
3420 1809 3563 1868 ἄλλο
3608 1832 3783 1867 κατα-

2127 1893 2511 1973 λαμϐανούσαις
2542 1917 2557 1931 ·
2609 1899 2645 1968 ἢ
2696 1900 2779 1953 δτι
2832 1899 3178 1976 ὑπεροχικῶς
3224 1898 3503 1977 ἄγνωστόν
3551 1899 3663 1956 ἐστι
3714 1901 3784 1956 τὸ

2131 1987 2489 2061 ζητούμενον.
2550 1987 2649 2043 Διά
2701 1992 2864 2043 τοῦτο
2909 1987 3000 2043 καὶ
3059 1989 3088 2044 ὁ
3138 1989 3265 2044 Θεὸν
3306 1989 3661 2064 θεασάμενος,
3689 1992 3783 2045 καὶ

2127 2080 2326 2148 νοήσας
2378 2078 2408 2133 ὃ
2461 2075 2615 2146 εἶδεν,
2669 2076 2830 2132 αὐτὸν
2887 2078 2981 2152 μὶν
3045 2079 3157 2154 οὐχ
3205 2079 3413 2154 εώρακε
3468 2080 3619 2153 (Θεὸν
3675 2081 3786 2156 γάρ

2130 2164 2308 2229 οὐδεὶς
2368 2167 2574 2243 ἑώρακε
2619 2165 2863 2240 πώποτε)
2898 2186 2911 2199 '
2972 2166 3120 2223 ἀλλά
3174 2189 3228 2223 τι
3280 2174 3387 2223 τῶν
3439 2170 3567 2243 περὶ
3621 2168 3789 2224 αὐτὸν

2131 2252 2300 2312 ὄντων
2355 2256 2445 2311 καὶ
2503 2255 2825 2334 πεφυκότων
2899 2252 3440 2331 καταλαμϐάνεσθαι,
3488 2258 3581 2313 καὶ
3661 2253 3792 2314 τότε

2130 2352 2245 2407 τοῖς
2277 2345 2445 2419 ἀξίοις
2478 2342 2567 2400 διὰ
2594 2346 2908 2421 καθάρσεως
2956 2345 3287 2422 γινομένοις.
3320 2347 3498 2410 Αότὸς
3546 2344 3604 2403 δὲ
3655 2347 3792 2423 ὑπὲρ

2131 2434 2305 2491 πάντα
2361 2439 2510 2506 νοῦν,
2567 2434 2654 2490 καὶ
2716 2440 2890 2489 πᾶσαν
2970 2433 3154 2491 οὐσίαν
3218 2432 3675 2510 ὖπεριδρυμὲνος.
3735 2434 3792 2492 ἐν

2133 2523 2279 2597 αὖτῷ
2329 2525 2425 2599 μὲν
2473 2527 2555 2597 τῷ
2606 2522 2683 2597 μὴ
2750 2522 2991 2580 καθόλου
3047 2524 3434 2601 γινώσκεσθαι,
3487 2524 3620 2600 ὑπὲρ
3669 2527 3799 2580 νοῦν

2132 2617 2477 2691 γινώσκεται,
2536 2612 2618 2670 ὅτι
2679 2613 2812 2690 ὑπὲρ
2868 2614 3042 2669 πάντα
3108 2612 3297 2670 ἆστίνο
3359 2614 3413 2671 ἂν
3462 2611 3521 2669 δὲ
3573 2618 3655 2688 τῷ
3710 2614 3794 2688 μὴ

2137 2704 2267 2760 εἶναι
2315 2702 2557 2767 καθόλου
2604 2701 2773 2760 πάλιν
2806 2720 2822 2736 ⁸
2855 2703 2919 2759 τὸ
2969 2703 3072 2780 γὰρ
3105 2703 3240 2759 εἶναι
3269 2707 3377 2758 τῶν
3409 2707 3645 2760 κτιστῶν
3676 2702 3792 2759 ἐστι

2134 2794 2357 2850 καὶτῶν
2392 2790 2663 2857 ἐλθόντων
2708 2791 2785 2855 εἷς
2816 2791 3066 2868 ὕπαρξιν.
3100 2794 3160 2851 Ὀ
3209 2790 3267 2849 δὶ
3320 2793 3453 2856 Θεὸς
3502 2792 3594 2848 καὶ
3652 2791 3793 2866 ὑπὲρ

2134 2884 2198 2939 τὸ
2242 2882 2378 2938 εἶναι
2414 2901 2428 2915 ο
2463 2880 2551 2937 διὰ
2597 2886 2780 2955 τοῦτο,
2812 2876 2926 2936 ἔστι
2978 2882 3096 2956 μὶν,
3145 2879 3273 2938 ἀλλ’
3307 2881 3665 2957 ὑπερουσίως,
3694 2880 3790 2936 καὶ

374 2988 623 3044 unquam
646 2974 744 3041 ll"),
778 2972 879 3027 sed
905 2988 1106 3028 eorum
1130 2972 1460 3044 quidpiam,
1492 2989 1618 3041 quas
1649 2972 1802 3028 circa
1834 2972 2017 3044 ipsum

2137 2975 2173 3042 ἡ
2223 2971 2360 3028 κατὰ
2413 2973 2475 3027 τὸ
2530 2975 2775 3048 κρεῖττον
2830 2969 3107 3041 παντελὴς
3163 2970 3424 3048 ἀγνωσία.
3474 2972 3626 3043 Ὅσῳ
3680 2969 3791 3045 γὰρ

379 3065 766 3132 sunt,aptave
796 3062 1157 3132 apprehendi
1190 3062 1367 3116 ductu
1402 3065 1661 3131 naturae;
1695 3062 1926 3132 quando
1958 3062 2017 3119 ii:

2141 3061 2387 3137 ἀνάγεται
2461 3082 2568 3129 τις,
2649 3059 2722 3123 εἷς
2805 3059 3075 3135 ἀγνωσίαν
3148 3060 3430 3135 κρείττονα
3502 3064 3742 3130 καταντᾷ
3775 3078 3791 3095 ’

379 3156 509 3208 tum
541 3151 779 3206 demum
812 3150 1232 3222 contiugit,qui
1264 3167 1366 3223 per
1396 3167 1459 3207 se
1490 3150 1779 3208 sinceram
1813 3151 2017 3207 menti:

2139 3150 2273 3221 αῦτη
2327 3153 2457 3225 γοῦν
2502 3152 2538 3219 ἡ
2586 3148 2828 3224 ἀγνωσία
2884 3148 2951 3203 οὐ
3010 3148 3259 3225 στέρησίς
3340 3148 3451 3204 ἔστι
3509 3149 3795 3225 γνώσεως.

379 3238 863 3311 expurgationem
888 3239 1290 3311 praestiterunt
1311 3239 1680 3311 dignos.Ipse
1699 3257 1833 3297 vero
1853 3257 2017 3313 supra

2141 3238 2287 3297 ἀλλὰ
2338 3243 2540 3315 γνῶσις
2598 3237 2939 3313 ὑπερέχουσα
3005 3240 3096 3294 καὶ
3164 3234 3660 3312 καταλαμϐάνουσα
3716 3238 3797 3300 ὡς

377 3346 613 3386 omnem
645 3335 925 3398 mentem,
957 3344 1313 3401 omnemque
1342 3329 1735 3387 substantiam
1767 3331 2017 3387 eminen-

2143 3313 2362 3409 ἐφικτὸν
2405 3328 2499 3384 τὸν
2549 3328 2699 3396 Θεὸν,
2742 3327 2825 3382 ὅτι
2882 3328 3015 3401 ὑπὲρ
3074 3327 3247 3383 πάντα
3308 3326 3420 3383 ἐστὶ
3487 3327 3556 3383 τὰ
3619 3347 3798 3403 γινωο

369 3420 601 3475 tissime
632 3418 920 3489 residens,
954 3435 1022 3475 eo
1053 3418 1293 3490 quidem
1328 3419 1619 3476 astruitur
1649 3419 1812 3476 nullo
1862 3424 2030 3492 pacto
2141 3417 2400 3493 σκόμενα.

364 3506 502 3563 sciri
535 3522 727 3577 posse,
762 3507 920 3578 quod
954 3511 1213 3563 mentem
1245 3511 1501 3564 creatam
1533 3509 1950 3565 transcendere
1980 3506 2367 3581 intelligatur.
2396 3507 2626 3563 Rursus
2676 3521 2796 3579 qua
2847 3503 3139 3563 universis
3187 3520 3316 3579 qua
3365 3508 3527 3575 sunt,
3578 3520 3799 3577 super-

360 3594 605 3662 eminet,
636 3595 774 3650 binc
803 3609 933 3650 esse
964 3595 1204 3652 omnino
1262 3601 1529 3667 negatur.
1580 3598 1905 3655 Commune
1954 3596 2249 3668 siquidem
2297 3597 2473 3652 rebus
2519 3595 2734 3653 creatis
2781 3597 2892 3666 est,
2925 3596 2983 3651 et
3024 3593 3098 3650 iis
3145 3610 3273 3667 quis
3320 3594 3396 3651 ad
3440 3594 3794 3652 substantia:

361 3682 743 3756 participium
773 3687 1083 3754 venerunt,
1114 3688 1180 3740 ut
1209 3685 1360 3753 sint;
1398 3686 1549 3741 Deus
1577 3689 1773 3742 autem
1805 3701 2041 3742 omnem
2072 3683 2370 3741 conditam
2402 3683 2722 3742 essentiam
2754 3682 3154 3752 transcendit;
3187 3687 3501 3757 propterea
3528 3686 3621 3740 est
3650 3682 3786 3756 qui-

363 3771 499 3827 dem
531 3771 711 3839 Deus,
743 3771 844 3827 sed
877 3770 1348 3830 eminentissimo
1380 3788 1594 3846 genere
1624 3772 1915 3829 essentia.
1946 3772 2076 3828 Haec
2114 3787 2254 3830 sane
2301 3771 2588 3845 ignoratio
2629 3772 2804 3843 juxta
2850 3770 3318 3846 prostantiorsm
3364 3770 3793 3845 acceptionem,

363 3859 518 3917 240
548 3858 710 3916 omni
739 3864 999 3932 exparte
1030 3859 1302 3917 absoluta
1331 3865 1388 3917 et
1420 3861 1679 3934 perfecta
1725 3860 1961 3918 dicitur.
2017 3862 2244 3925 Quanto
2294 3860 2454 3916 enim
2504 3859 2843 3917 sustollitur
2889 3859 3024 3934 quis
3072 3861 3147 3918 ad
3193 3860 3298 3919 Dei
3344 3859 3794 3933 contemplatio-

364 3964 522 4015 nem,
551 3951 716 4005 tanto
749 3948 989 4022 propius
1020 3948 1071 4006 is
1101 3951 1361 4007 occurrit
1391 3949 1490 4006 isti
1531 3948 2034 4022 praestantissimis
2083 3946 2463 4021 ignorationi.
2516 3947 2577 4005 Si
2624 3948 2867 4021 quidem
2914 3947 3052 4007 talis
3096 3947 3388 4023 ignoratio
3439 3946 3787 4019 neutiquam

365 4036 618 4110 privatio
667 4038 1024 4110 cognitionis
1068 4043 1179 4106 est,
1232 4038 1420 4111 magis
1468 4053 1607 4094 vero
1657 4036 1915 4111 cognitio
1961 4042 2052 4094 est
2094 4035 2480 4112 praecellentis
2531 4038 2845 4110 cujusdam
2892 4037 3309 4112 prmrogative,
3358 4036 3555 4111 ipsum
3604 4037 3790 4095 Deum

366 4126 683 4199 (quatenus
713 4126 923 4199 attingi
955 4128 1171 4201 potest)
1207 4126 1684 4200 apprehendens,
1716 4141 1833 4198 qua
1863 4124 2141 4200 intelligit
2164 4126 2360 4201 ipsum
2393 4126 2624 4183 cunctis
2654 4126 2934 4199 eminere,
2966 4143 3093 4200 qua:
3135 4126 3197 4183 in
3244 4126 3647 4199 cognitionem
3697 4141 3791 4182 ca-

364 4216 532 4273 dunt

860 4304 932 4360 ΙΝ
972 4305 1383 4363 EPISTOLAM
1424 4306 1495 4362 ΙΙ.

2529 4308 2645 4359 ΕΙΣ
2684 4309 2828 4361 ΤΗΝ
2867 4308 3264 4360 ΕΠΙΣΤΟΛΗΝ
3304 4304 3381 4360 Β’.

431 4394 500 4450 Et
545 4393 668 4450 haec
700 4394 903 4451 multis
934 4395 1078 4451 adeo
1110 4394 1275 4466 locis,
1308 4392 1659 4450 excellenter
1687 4393 1928 4465 quidem
1958 4392 2017 4449 in

2202 4394 2385 4449 Ταῦτα
2414 4390 2686 4454 πολλάκις
2744 4393 2840 4466 μὶν
2873 4390 2923 4447 ἐν
2956 4396 3035 4464 τῷ
3093 4392 3222 4465 Περῖ
3284 4391 3444 4446 θείων
3505 4390 3793 4463 ὀνομάτων

358 4499 533 4556 opere
562 4484 909 4540 Divinorum
944 4484 1256 4542 nominum
1289 4486 1602 4540 exsecutus
1633 4481 2017 4550 est,omnium

2132 4480 2287 4557 λόγῳ
2318 4479 2592 4560 διαφόρως
2624 4482 2791 4550 εἶπεν,
2825 4479 3110 4558 ἰξαιρέτως
3157 4478 3214 4536 δὶ
3261 4479 3400 4535 αὐτὰ
3444 4480 3790 4553 ἡρμήνευσεν

357 4572 612 4631 maxime
640 4573 773 4646 ipsa
822 4574 945 4629 haec
996 4573 1417 4645 interpretatus
1466 4572 1659 4644 capite
1709 4571 2017 4628 undecimo

2132 4569 2183 4625 ἐν
2231 4575 2311 4640 τῷ
2363 4569 2630 4643 ἑνδεκάτῳ
2672 4570 2953 4648 κεφαλαίῳ
3004 4572 3117 4645 (10)
3169 4571 3295 4645 περὶ
3362 4571 3426 4626 τὸ
3489 4569 3653 4634 τέλος
3701 4567 3794 4624 λέ-

358 4664 470 4720 sub
501 4664 680 4719 ﬁnem
713 4662 918 4719 dicens
953 4680 966 4719 :
998 4666 1266 4727 Quonam
1299 4661 1599 4734 pacto,qui
1632 4660 1900 4717 omnium
1932 4665 2017 4717 est

2133 4680 2246 4735 γων
2278 4662 2389 4733 (11)
2423 4682 2436 4696 ’
2471 4665 2596 4725 Πῶς
2650 4661 2679 4715 ὁ
2732 4660 2949 4715 πάντων
3013 4658 3184 4723 α’ἱτιος
3230 4659 3320 4715 καὶ
3371 4659 3645 4734 ἀγαθότης
3702 4658 3791 4712 καὶ

359 4761 584 4823 auctor,
616 4751 734 4808 imo
765 4752 897 4824 ipsa
928 4751 1183 4821 bonitas,
1236 4751 1367 4822 ipsa
1417 4750 1632 4818 deitas,
1684 4749 1839 4804 idem
1894 4765 2017 4805 esse

2136 4747 2355 4817 θεότης,
2406 4748 2711 4819 ὑποστάτης
2763 4746 2873 4804 ἐστὶ
2924 4748 3014 4804 καὶ
3064 4748 3403 4823 ἀγαθότητος
3461 4746 3551 4803 καὶ
3600 4746 3792 4817 θεότη-

360 4842 550 4916 possit
588 4842 923 4898 subsistens
971 4858 1150 4897 causa
1198 4838 1483 4894 bonitatis
1534 4842 1712 4911 atque
1760 4837 2017 4908 deitatis,

2132 4858 2226 4901 τος
2283 4839 2419 4910 (12),
2462 4839 2551 4892 καὶ
2607 4838 2739 4912 ὑπὲρ
2789 4839 2955 4893 ταῦτά
2998 4836 3181 4908 ἐστινς
3215 4836 3377 4894 Οὕτω
3437 4835 3495 4893 δὲ
3544 4837 3794 4911 ὅιναγνω⁶

357 4950 493 4989 cum
525 4931 619 4988 his
651 4931 829 4987 etiam
878 4928 1305 5002 prmemineat?
1355 4926 1611 4983 Proinde
1664 4926 1917 4982 arbitror
1965 4926 2017 4981 in

2138 4925 2310 4983 στέον.
2372 4928 2636 5002 Ἐρωτᾷς,
2688 4931 2807 4990 πῶς
2854 4927 2883 4981 ὸ
2932 4927 3063 4990 Θεὸς
3121 4927 3253 5001 ὑπὲρ
3296 4926 3555 4998 θεότητος
3613 4925 3795 5001 ἀρχὴν

356 5023 514 5078 hunc
569 5021 811 5076 modum
864 5018 977 5090 legi
1025 5018 1238 5073 debere
1290 5030 1304 5070 :
1361 5015 1640 5087 Rogasne
1695 5016 1797 5088 qui
1846 5016 1913 5072 ﬁt
1961 5018 2017 5072 ut

2135 5015 2223 5071 καὶ
2268 5016 2399 5092 ὗπὶρ
2430 5015 2772 5092 ἁγαθότηοος
2810 5015 2990 5092 ἀρχήν
3049 5015 3187 5072 ἐστιν
3216 5036 3230 5085 ;
3261 5015 3391 5072 Εἶτα
3446 5014 3801 5090 ἀποκρίνεται

358 5113 507 5168 Deus
530 5127 711 5183 supra
732 5108 1091 5181 principium
1118 5105 1378 5161 emineat
1401 5109 1460 5161 et
1494 5104 1737 5161 deitatis
1768 5109 1827 5161 et
1860 5104 2017 5162 boni-

2136 5104 2225 5159 καί
2284 5126 2446 5183 φησιν
2483 5124 2495 5137 ·
2530 5104 2598 5161 Εἴ
2650 5107 2866 5175 νοήσεις
2922 5103 3005 5160 ὅτι
3060 5108 3095 5174 ἡ
3129 5104 3321 5175 θεότης
3356 5104 3489 5159 αὐτὸ
3548 5102 3607 5158 ἐκ
3666 5105 3802 5157 Θεοῦ

324 5254 330 5259 ,
358 5200 545 5256 tatis?
574 5200 703 5256 Mox
736 5196 1065 5254 sciscitanti
1099 5195 1417 5267 respondet
1448 5213 1461 5251 :
1498 5194 1808 5266 Siquidem
1850 5193 2017 5249 intel-

2139 5191 2313 5267 δῶρόν
2349 5191 2459 5249 ἔστι
2513 5194 2647 5258 καθὸ
2694 5194 2981 5267 θεούμεθα,
3015 5193 3076 5249 οὗ
3113 5195 3220 5267 μὴν
3253 5192 3414 5256 αὐτὸς
3444 5193 3472 5246 ὁ
3500 5193 3632 5253 Θεὸς
3663 5193 3803 5264 (13),

361 5294 509 5366 liges
540 5291 821 5347 deitatem
854 5287 1151 5359 ejusmodi
1181 5285 1402 5342 donum
1439 5302 1591 5353 esse,
1623 5286 1780 5358 quod
1826 5302 1860 5340 a
1907 5285 2017 5341 Dec

2135 5279 2269 5356 ἕξεις
2328 5284 2391 5337 τὸ
2454 5281 2916 5357 ζητούμενον.οὖ
2963 5282 3064 5358 γὰρ
3116 5282 3287 5354 αὐτήν
3342 5302 3475 5361 φησι
3523 5282 3624 5349 τὴν
3682 5282 3805 5335 κατ’

364 5383 425 5438 in
450 5398 558 5437 nos
580 5378 1021 5449 derivatur,quo
1044 5375 1255 5431 divinae
1288 5378 1705 5449 quadantenus
1736 5373 2029 5429 efﬁcimur

2140 5372 2325 5429 οὐσίαν
2381 5372 2611 5443 θεότητα
2657 5371 2747 5427 καὶ
2796 5371 3125 5449 ἀγαθότητα,
3176 5373 3205 5425 ὅ
3260 5372 3312 5427 τί
3364 5372 3498 5427 ποτε
3541 5370 3676 5438 ἐστι,
3707 5367 3802 5424 λέ-

364 5474 671 5529 consortes
706 5471 966 5535 naturae;
1000 5482 1109 5522 nec
1154 5470 1348 5521 tamen
1394 5465 1451 5520 id
1502 5464 1657 5536 quod
1706 5465 1832 5533 ipse
1877 5463 2017 5519 Deus

2137 5483 2217 5536 γω
2272 5464 2406 5537 (14),
2440 5460 2583 5518 ἀλλά
2632 5462 2731 5530 τήν
2792 5462 3119 5537 ἀγαθοποιὸν
3161 5460 3251 5516 καὶ
3285 5461 3533 5525 θεοποιὸν
3590 5457 3801 5533 δωρεὰν

370 5569 481 5634 est,
516 5557 912 5630 assequimur.
948 5560 1078 5613 Hasc
1109 5556 1157 5613 si
1207 5554 1551 5628 expenderis
1603 5559 1819 5624 tecum,
1872 5568 2029 5626 qum-

2137 5554 2240 5607 τοῦ
2272 5556 2404 5607 Θεοῦ
2432 5556 2530 5608 τοῦ
2562 5547 2731 5613 ὄντως
2778 5549 2866 5605 καὶ
2919 5549 3125 5626 ἀγαθοῦ
3175 5553 3338 5605 τοῦτο
3411 5549 3516 5625 γάρ
3645 5547 3797 5621 ἀρχῆ

449 5768 621 5825 Joau.
654 5779 697 5832 ι,
732 5762 818 5821 18.
