4108 6390
374 437 483 494 Hi
1202 436 1671 493 PACBYW
1708 433 2218 491 PABAPHRABIS
2255 435 2324 487 IN
2363 433 2517 486 BPP.
2558 432 2617 486 8.
2658 430 2993 486 DIONYSII.
3695 432 3800 489 442

371 562 468 617 καὶ
510 561 657 617 αἴτία
709 566 807 617 τοῦ
862 552 1134 633 θεοῦσθαι,
1180 559 1273 617 καί
1318 558 1674 635 ἀγαθύνεσθαι
1710 576 1725 592 ·
1757 557 1848 614 καὶ
1898 555 2036 612 κατὰ

2154 557 2361 614 stionis
2389 557 2496 613 abs
2526 559 2583 613 te
2612 556 2925 630 propositas
2957 555 3247 613 obtinebis
3280 556 3658 615 solutionem.
3680 560 3796 618 Ne-

370 655 572 708 τοῦτον
600 651 693 707 τὸν
724 649 925 726 τρόπον
961 650 1095 730 φησὶ
1152 649 1401 727 λέγεσθαι
1463 649 1595 726 ὗπὲρ
1647 648 1903 725 θεαρχίαν
1952 646 2043 701 καὶ

2154 660 2265 717 que
2291 645 2448 701 enim
2479 644 2673 717 ipsam
2704 645 2980 701 deitatem
3013 650 3189 717 atque
3219 645 3549 703 bonitatem
3582 648 3678 704 hic
3709 649 3800 705 in-

379 741 517 817 ῦπὶρ
566 739 1053 816 ἀγαθαρχίαν,τήν
1100 738 1244 795 οὕτω
1299 734 1517 809 δηλαδὴ
1577 739 1877 811 νοουμένην
1908 736 2042 809 (15).

2157 733 2338 806 telligi
2364 734 2575 790 debere
2600 733 2893 806 signiﬁcat
2940 735 3265 790 secundum
3317 736 3552 794 deitatis
3600 755 3802 795 essen-

374 829 446 887 Εἴ
476 833 612 905 γοῦν
636 830 699 884 τὸ
733 828 793 885 ἑκ
822 826 955 885 Θεοῦ
987 826 1163 904 δῶρον
1193 828 1340 904 ἀρχὴ
1380 824 1584 903 γίνεται
1639 830 1738 882 τοῦ
1795 824 2043 890 θεοῦσθαι

2154 823 2319 889 tiam,
2348 822 2580 879 etiamsi
2609 822 2825 878 alicubi
2857 824 3018 880 visus
3049 823 3124 878 sit
3151 822 3209 878 id
3269 823 3521 881 voluisse
3569 827 3761 883 dicere
3787 854 3802 897 ;

374 921 535 992 ἡμᾶς
586 916 871 989 δηλονότι,
895 919 1076 989 πάσης
1107 916 1288 993 ἀρχῆς
1322 914 1495 979 αἴτιος
1538 916 1625 971 καὶ
1657 914 1805 990 ἀρχὴ
1831 913 1859 968 ὁ
1889 912 2042 975 Θεός’

2154 914 2254 969 sed
2285 912 2627 968 muniﬁcam
2657 911 2908 984 gratiam
2938 912 3203 969 insinuat
3232 930 3340 970 nos
3370 914 3578 986 utique
3621 916 3801 973 bonos

375 1006 529 1063 οὕτω
560 1005 620 1063 δὲ
662 1007 885 1077 καὶτῆς
914 1006 1219 1084 λεγομένης
1276 1006 1534 1077 θεότητος
1583 1003 1827 1059 ἰπὲκεινά
1882 1000 2042 1059 ἐστιν.

2154 1001 2333 1059 simul
2353 1004 2410 1058 et
2434 1002 2574 1058 deos
2594 1001 3079 1071 constituentem,
3100 1003 3253 1074 ejus,
3278 1002 3801 1076 inquam,gratiam

373 1098 439 1155 Ὀ
492 1096 588 1170 μὶν
639 1096 744 1172 γὰρ
790 1096 921 1158 Θεὸς
982 1095 1044 1152 ού
1091 1096 1227 1152 κατὰ
1276 1095 1486 1171 σχίσιν,
1518 1094 1595 1158 ὡς
1639 1095 1828 1166 ἡμεῖς,
1855 1095 2043 1147 κτᾶται

2154 1092 2406 1164 quivere
2427 1090 2583 1147 Deus
2604 1106 2855 1163 vereque
2876 1096 2969 1148 est
2989 1092 3202 1147 bonus.
3244 1092 3363 1149 Hoc
3388 1093 3548 1149 enim
3580 1094 3799 1151 donum

369 1187 437 1243 τὸ
471 1186 696 1262 ἀγαθὸν,
728 1184 859 1242 ἀλλ’
888 1185 1143 1262 ἀσχέτως
1176 1182 1293 1261 ἔχει
1326 1186 1459 1258 (16)⁶
1490 1183 1581 1238 καὶ
1606 1180 1666 1237 ού
1715 1180 1850 1237 κατᾶ
1882 1199 2043 1254 μετο-

2154 1184 2213 1237 et
2234 1180 2396 1253 origo
2416 1184 2507 1236 est
2527 1183 2585 1236 et
2605 1195 2805 1250 causa,
2823 1180 3039 1251 quibus
3064 1180 3147 1236 dii
3168 1180 3460 1237 efﬁcimur
3493 1183 3716 1254 pariter
3744 1189 3803 1239 et

372 1277 493 1351 χήν
526 1295 540 1310 ⁸
577 1277 745 1348 ἡμεῖς
778 1271 837 1330 δὲ
867 1280 1139 1350 σχετικῶς
1172 1293 1185 1308 ·
1212 1276 1380 1347 ἡμεῖς
1414 1274 1513 1349 γάρ
1561 1271 1810 1347 τρεπτοὶ,
1839 1268 2043 1332 ἐκεῖνος

2154 1270 2315 1341 boni,
2347 1274 2404 1325 et
2424 1270 2597 1340 juxta
2626 1268 2778 1325 hanc
2808 1269 3092 1325 rationem
3132 1269 3217 1325 ait
3245 1269 3359 1326 dici
3407 1287 3591 1342 supra
3638 1272 3801 1344 prin-

378 1361 440 1419 δὲ
502 1361 795 1437 ἄτρεπτος.
832 1363 1138 1437 ’Δμίμητον
1200 1361 1259 1420 δὲ
1307 1361 1535 1437 μίμημά
1571 1382 1702 1440 φησι
1757 1364 1855 1416 τοῦ
1910 1362 2043 1415 Θεοῦ

2154 1360 2375 1433 oipium
2406 1358 2756 1427 divinitatis,
2789 1362 2847 1414 et
2876 1375 3057 1431 supra
3087 1358 3446 1431 principium
3498 1360 3805 1431 bonitatis,

372 1455 485 1523 τὴν
552 1456 716 1527 ἡμῶν
768 1453 843 1515 ὡς
894 1454 1109 1530 ἐφικτὸν
1157 1451 1370 1517 θέωσιν.
1404 1450 1555 1507 Ἐπεὶ
1592 1451 1693 1527 γὰρ
1742 1448 1805 1505 ού
1860 1446 2043 1510 καλῶς

2154 1450 2270 1507 ista
2298 1449 2523 1506 scilicet
2551 1449 2777 1504 ratione
2808 1452 3123 1521 conceptae.
3154 1448 3213 1503 Si
3260 1448 3442 1520 igitur
3487 1448 3598 1505 hoc
3626 1466 3661 1505 a
3685 1449 3801 1506 Deo

376 1541 683 1616 θευύμεθα,
718 1540 767 1598 εἲ
801 1544 878 1615 μή
907 1541 960 1598 ἐν
989 1546 1071 1615 τῷ
1104 1547 1387 1616 μιμεῖσθαι
1429 1540 1493 1597 τὸ
1536 1545 1715 1611 Θεῖον,
1749 1536 1839 1594 διὰ
1882 1542 2043 1594 τοῦτο

2154 1555 2513 1615 promanans
2541 1538 2760 1595 donum
2796 1537 3153 1610 principium
3184 1541 3274 1594 est
3319 1540 3532 1594 nostra:
3572 1538 3803 1595 deiﬁca-

382 1631 624 1705 μίμημα
654 1629 869 1707 λέγεται
903 1634 1016 1705 (17)
1053 1648 1066 1663 ’
1099 1630 1212 1686 ἐπεὶ
1258 1628 1316 1686 δὲ
1350 1629 1451 1685 ούκ
1495 1627 1858 1705 ἐφικνούμεθα
1911 1627 2043 1704 πρὸς

2154 1628 2357 1698 tionis,
2389 1627 2673 1685 nimirum
2704 1631 2905 1684 auctor
2928 1626 3085 1683 idem
3127 1631 3217 1684 est
3267 1627 3452 1684 totius
3498 1627 3801 1701 principii,

2152 1718 2273 1776 imo
2302 1717 2659 1792 principium
2688 1716 2815 1790 ipse
2845 1722 2997 1774 Deus
3021 1736 3036 1786 ;
3060 1721 3233 1789 atque
3284 1716 3368 1773 ita
3405 1717 3534 1787 jam
3581 1717 3801 1775 dictam

2153 1808 2435 1865 deitatem
2467 1806 2755 1863 asseritur
2775 1806 3211 1863 transcendere.
3233 1805 3435 1879 Neque
3463 1805 3621 1862 enim
3644 1805 3803 1863 Deus

2154 1897 2283 1971 ipse
2303 1895 2577 1953 eximiam
2600 1894 2763 1951 illam
2785 1894 3131 1966 bonitatem,
3154 1895 3654 1966 quemadmodum
3671 1911 3804 1966 nos,

2152 1984 2479 2044 secundum
2509 1983 2918 2040 habitudinem
2951 1983 3067 2039 sibi
3093 1983 3375 2054 vindicat,
3407 1984 3508 2040 sed
3539 1983 3670 2040 sine
3690 1983 3804 2040 ha-

2148 2074 2419 2134 bitudine
2449 2089 2552 2131 seu
2585 2073 2873 2145 qualitate
2903 2072 3100 2141 habet,
3153 2088 3261 2130 neo
3283 2073 3421 2144 jure
3463 2071 3798 2145 participii;

2148 2184 2257 2224 nos
2285 2169 2509 2235 contra,
2532 2165 2704 2237 juxta
2732 2164 3165 2234 habitudinem,
3191 2164 3487 2237 siquidem
3502 2162 3801 2221 vertibiles

2149 2273 2383 2328 sumus,
2414 2255 2514 2313 ille
2544 2254 2689 2311 nulli
2720 2254 3008 2312 obnoxius
3034 2253 3263 2311 vicaria:
3294 2253 3627 2313 mutationi.
3677 2253 3799 2311 Ini-

2151 2345 2475 2404 mitahilem
2503 2345 2767 2402 insinuat
2796 2344 2897 2401 Dei
2927 2344 3339 2413 imitationem,
3361 2348 3626 2402 nostram
3641 2344 3800 2418 ipso-

2151 2452 2284 2493 rum
2316 2450 2446 2493 esse
2476 2434 2929 2504 deiﬁcationem,
2963 2438 3259 2507 quatenus
3287 2451 3417 2492 eam
3449 2435 3685 2508 assequi
3708 2437 3800 2492 da-

2153 2528 2271 2594 tur,
2300 2525 2774 2597 quandoquidem
2808 2524 2967 2581 enim
2992 2541 3110 2581 non
3140 2525 3289 2581 bene
3320 2525 3404 2581 dii
3448 2524 3799 2595 efﬁciamur,

2152 2613 2270 2672 nisi
2300 2630 2519 2670 numen
2551 2612 2816 2671 divinum
2847 2613 3159 2681 imitando,
3187 2614 3318 2671 ideo
3350 2615 3505 2671 πλεο
3548 2614 3801 2673 imitatio

2154 2702 2390 2761 dicitur.
2423 2702 2567 2759 Cum
2599 2705 2795 2759 autem
2827 2702 2895 2759 ad
2929 2702 3281 2775 primarium
3310 2702 3458 2760 illud
3477 2703 3802 2761 divinitatis

371 1721 444 1777 τὸ
478 1721 816 1796 ἀρχὶτυπον,
852 1717 969 1776 οὐδ’
994 1721 1267 1793 ὁπωσοῦν,
1308 1718 1586 1793 ἀμίμητον
1634 1717 1847 1794 λέγεται
1880 1736 1894 1751 ο
1936 1716 2048 1772 τοί-

372 1830 478 1865 νυν
514 1811 602 1865 καὶ
640 1808 875 1884 μίμησις
928 1810 1022 1885 μὸν
1067 1809 1159 1866 καὶ
1208 1807 1395 1886 σχέσις
1425 1808 1589 1881 ἰστίν,
1618 1810 1757 1865 αὐτὰ
1809 1807 1877 1864 τὰ
1904 1806 2046 1882 πρά-

379 1919 597 1974 γματα,
634 1901 671 1970 ἠ
728 1900 923 1971 θεότης
966 1898 1057 1955 καὶ
1106 1901 1142 1969 ἡ
1187 1898 1462 1975 ἀγαθότης
1512 1900 1622 1971 (18)
1656 1916 1671 1932 ⁸
1722 1896 2045 1974 μετίχοντες

370 1984 437 2044 δὶ
482 1988 575 2042 καὶ
610 1987 948 2062 μιμούμενοι
978 1988 1032 2044 o't
1061 1988 1310 2065 ἄγγελοι,
1344 1987 1434 2043 καὶ
1458 1992 1567 2043 τῶν
1596 1987 1897 2063 ἀνθρώπων
1931 1987 2043 2060 (19)

364 2077 500 2153 περὶ
540 2075 632 2140 οῦς
682 2080 851 2132 ταῦτα
899 2077 1153 2153 ὁρῶνται.
1184 2077 1254 2132 Τὸ
1305 2074 1363 2132 δὶ
1411 2080 1563 2133 Θεῖον
1592 2078 1708 2151 (20)
1755 2073 2035 2150 ἀμίμητόν

367 2165 489 2223 ἔστι
549 2164 638 2221 καὶ
694 2163 927 2222 ἄσχετον
960 2168 1121 2241 (21)·
1168 2165 1251 2222 ὅτι
1306 2165 1417 2240 ὅσῳ
1473 2187 1556 2229 τις
1612 2166 1751 2240 πρὸς
1801 2166 2036 2239 μίμησιν

367 2256 471 2311 καὶ
519 2255 706 2332 σχίσιν
759 2259 894 2311 Θεοῦ
938 2254 1240 2333 προκόπτει
1299 2258 1433 2330 (22),
1463 2254 1710 2329 τοσούτῳ
1756 2253 2043 2330 καταλαμ-

372 2340 602 2400 ϐάνεται
633 2345 697 2400 τὸ
722 2343 1005 2422 ἀνέφικτον
1037 2351 1139 2415 τῆς
1182 2346 1471 2420 μιμήσεως
1516 2344 1606 2401 καὶ
1655 2347 1753 2411 τῆς
1780 2343 2040 2421 σχέσεως.

367 2432 676 2511 Ὑπερὲχον
747 2438 1038 2510 τοιγαροῦν
1110 2434 1174 2490 τὸ
1248 2439 1400 2490 Θεῖον
1452 2439 1558 2490 τῶν
1616 2436 1900 2509 μιμήσεων
1950 2435 2041 2490 καὶ

372 2528 493 2580 τῶν
550 2524 813 2599 σχέσεων,
860 2521 1117 2595 δηλονότι
1175 2529 1274 2594 τῆς
1316 2521 1574 2594 θεότητος
1623 2523 1714 2578 καὶ
1762 2529 1861 2593 τῆς
1919 2524 2046 2598 ἀγα-

372 2611 618 2683 θότητος
651 2630 665 2645 ⁸
696 2610 844 2668 ἀλλὰ
890 2611 982 2667 καὶ
1038 2610 1217 2667 αὐτῶν
1245 2616 1353 2668 τῶν
1390 2611 1746 2687 μιμουμένων
1772 2612 1862 2667 καὶ
1896 2631 2046 2685 μετε-

377 2701 629 2777 χόντων,
657 2701 905 2757 τουτέστι
957 2704 1067 2757 τῶν
1123 2702 1260 2756 κατὰ
1309 2702 1470 2777 χάριν
1504 2704 1637 2765 θεῶν
1669 2721 1727 2755 τε
1772 2698 1863 2755 καὶ
1909 2700 2046 2776 ἀγα-

371 2796 517 2859 θῶν,
552 2791 775 2853 εἰκότως
806 2792 920 2865 (23)
952 2790 1085 2867 ὑπὲρ
1114 2790 1214 2860 τήν
1249 2790 1508 2867 θεαρχίαν
1541 2788 1630 2846 καὶ
1661 2791 1760 2860 τήν
1809 2790 2043 2867 ἇγαθαρ-

2154 2790 2453 2864 exemplar
2472 2806 2543 2846 ne
2566 2789 2686 2846 ulla
2708 2790 2947 2862 quidem
2968 2808 3038 2847 ex
3058 2795 3219 2862 parte
3236 2791 3649 2865 pertingimus,
3666 2793 3802 2864 jure

367 2879 507 2958 χίαν
544 2878 712 2937 ἐστίν.
2158 2881 2327 2938 nobis
2356 2879 2730 2937 inimitabilia
2764 2879 3067 2938 astruitur.
3111 2883 3256 2953 Ipsae
3286 2880 3465 2953 igitur
3486 2898 3579 2939 res
3614 2882 3802 2939 deitas

364 2976 431 3026 et
455 2970 695 3027 bonitas
725 2971 982 3041 (nostrae)
1012 2973 1153 3027 sunt
1184 2969 1448 3026 imitatio
1482 2972 1541 3026 et
1572 2969 1812 3026 habitus
1859 2986 1962 3026 seu
2011 2970 2223 3043 gratia,
2269 2969 2423 3026 circa
2471 2986 2619 3043 quos
2666 2967 2808 3025 talia
2849 2968 3332 3041 conspiciuntur;
3380 2971 3802 3044 participantes

362 3075 508 3115 vero
537 3063 592 3114 et
622 3057 925 3115 imitantes
955 3057 1171 3132 angeli,
1203 3063 1261 3114 et
1296 3057 1339 3113 ii
1381 3057 1691 3115 hominum
1721 3057 1876 3115 circa
1896 3074 2046 3131 quos
2074 3059 2223 3115 talia
2251 3058 2701 3132 conspiciuntur
2727 3076 2741 3127 ;
2775 3057 2972 3113 divina
2999 3074 3133 3114 vero
3157 3063 3372 3115 natura
3396 3063 3488 3115 est
3534 3060 3804 3119 inimita-

359 3149 510 3206 hilis
540 3152 598 3205 et
615 3147 920 3204 habitibus
951 3165 1177 3205 carens.
1208 3147 1293 3204 Na
1316 3164 1375 3204 m
1409 3152 1633 3221 quanto
1666 3149 1799 3222 quis
1833 3148 1964 3221 quis
1993 3148 2064 3205 ad
2099 3148 2573 3222 qualemcunque
2605 3148 3018 3219 imitationem,
3048 3152 3224 3219 atque
3255 3149 3327 3204 ad
3361 3150 3639 3219 (efﬁctam
3683 3152 3805 3226 Dei)

363 3238 721 3311 qualitatem
756 3237 1145 3309 promoverit:
1179 3240 1351 3293 tanto
1385 3236 1676 3309 intelliget
1705 3237 1756 3294 is
1785 3237 1982 3294 verius
2017 3236 2181 3293 nulla
2208 3238 2299 3292 vel
2326 3237 2653 3293 imitatione
2684 3235 2769 3292 vel
2799 3236 3167 3305 habitudine,
3209 3238 3472 3294 numinis
3522 3238 3804 3310 majesta-

361 3331 486 3383 tem
519 3325 732 3399 attingi
761 3342 956 3399 posse.
987 3326 1154 3383 Unde
1184 3325 1268 3392 ﬁt,
1307 3330 1371 3381 ut
1402 3325 1809 3382 omnimodam
1840 3325 2233 3383 imitationem
2266 3331 2436 3397 atque
2465 3326 2993 3398 apprehensionem
3017 3326 3405 3382 numenillud
3426 3326 3598 3400 longe
3627 3344 3803 3385 exsu-

365 3420 560 3489 peret,
592 3432 703 3473 sua
732 3415 1013 3472 nimirum
1043 3414 1267 3472 deitate
1299 3414 1483 3470 simul
1514 3421 1571 3470 et
1599 3414 1862 3471 bonitate
1887 3432 1900 3470 :
1935 3416 2053 3471 imo
2083 3432 2290 3472 omnes
2320 3415 2585 3472 omnium
2612 3415 2974 3471 imitantium
3016 3414 3617 3489 participantiumque
3645 3418 3800 3475 vires

363 3506 431 3561 in
459 3505 824 3562 immensum
858 3505 1268 3573 transcendit;
1302 3520 1505 3560 eorum
1535 3503 1827 3574 videlicet,
1861 3504 1963 3575 qui
1992 3503 2249 3577 gratuito
2280 3503 2382 3560 Dei
2407 3520 2648 3561 munere
2677 3502 2780 3571 dii,
2816 3503 3073 3577 bonique
3102 3502 3493 3575 appellantur.
3524 3504 3666 3562 Jure
3687 3505 3799 3577 igi-

365 3597 475 3651 tur
504 3609 689 3665 supra
720 3592 957 3650 deitatis
990 3596 1047 3649 et
1076 3592 1359 3648 bonitatis
1387 3589 1746 3665 principium
1777 3595 1886 3648 est.

776 3720 891 3773 eu:
929 3720 1063 3771 res
1102 3720 1506 3774 ΕΠΙΣΤΟΛΗΝ
1544 3717 1618 3776 1".
2071 3718 2116 3786 α

448 3822 569 3892 Τήν
625 3824 726 3877 τοῦ
796 3823 1086 3900 προφήτου
1154 3820 1454 3898 Μαλαχίου
1513 3820 1668 3899 ῥῆσιν
1724 3821 1777 3878 ἄν
1824 3822 2043 3887 τούτοις

370 3909 639 3987 βούλεται.
689 3906 923 3982 διδάξαι,
959 3908 1222 3985 λὲγοντος
1252 3930 1268 3946 ·
1299 3910 1587 3988 Ἐξαίφνης
1643 3910 1759 3982 ἥξει
1818 3911 1895 3974 είς
1949 3912 2043 3968 τὸν

362 4000 567 4074 καιρὸν
648 3998 813 4056 αύτοῦ
892 4000 1125 4075 Κύριος,
1181 4000 1242 4056 ’ὸν
1321 4002 1477 4077 ὑμεῖς
1558 4007 1770 4074 ζητεῖτε
1801 4022 1815 4037 ο
1874 4003 2043 4058 καὶὸ

370 4090 618 4166 ἅγγελος
705 4095 808 4160 τῆς
896 4087 1168 4161 διαθήκης
1200 4133 1215 4161 ,
1296 4091 1356 4146 ’ὸν
1467 4092 1625 4165 ὑμεῖς
1711 4090 2043 4157 ἐπιποθεῖτε.

2651 3718 2724 3774 ΙΝ
2763 3717 3172 3774 EPISTOLAM
3203 3716 3298 3774 III.

2223 3823 2409 3881 Diclio
2440 3831 2681 3897 repente,
2722 3824 2865 3894 quid
2923 3823 2983 3879 in
3032 3824 3126 3881 his
3165 3824 3462 3881 Malacbiae
3504 3827 3800 3899 propheta

2150 3913 2346 3969 verbis
2374 3912 2689 3984 signiﬁcet,
2721 3913 2930 3969 docere
2958 3913 3083 3970 vult
3113 3913 3320 3970 Pater:
3353 3919 3591 3986 Repente
3616 3916 3798 3972 veniet

2148 4001 2226 4058 ad
2250 4002 2517 4074 templum
2555 4017 2718 4057 suum
2750 4001 3035 4069 Dominus,
3085 4019 3248 4074 quem
3292 4018 3383 4059 vos
3429 4003 3675 4074 queritis
3696 4022 3717 4060 :
3747 4009 3802 4061 et

2149 4091 2383 4162 angelus
2411 4089 2745 4159 testamenti,
2764 4107 2922 4163 quem
2941 4106 3032 4146 vos
3047 4090 3370 4147 desideratis
3385 4092 3490 4163 (η.)
3511 4091 3797 4165 Equidem

2153 4179 2407 4237 arbitror
2435 4179 2789 4236 sententiam
2820 4179 2973 4235 hanc
3003 4179 3074 4236 ab
3104 4178 3232 4249 ipso
3274 4179 3406 4235 Caio
3438 4179 3497 4235 in
3527 4180 3805 4251 quaestio-

2153 4284 2287 4326 nem
2322 4268 2578 4341 primum
2610 4266 2887 4341 positam.
2920 4266 3208 4344 Ἐξαίφνης
3229 4267 3410 4340 igitur
3436 4286 3561 4326 rem
3582 4268 3808 4325 indicat

2152 4357 2452 4430 insperato
2500 4358 2876 4427 emicantem,
2909 4361 2966 4413 et
2994 4359 3167 4430 quasi
3209 4374 3239 4414 e
3278 4358 3522 4415 latebris
3547 4358 3606 4414 in
3634 4375 3802 4431 aper-

2152 4450 2277 4503 tam
2335 4448 2527 4503 lucem
2565 4463 2694 4504 seso
2718 4447 2962 4519 .inopine
2992 4451 3346 4520 repenteque
3375 4448 3803 4520 proferentem:

2155 4540 2221 4593 ut
2248 4536 2395 4592 illud
2426 4542 2534 4607 est,
2564 4533 2809 4610 ἐξαίφνης
2837 4531 3049 4609 γέγονεν
3081 4536 3116 4604 ἡ
3149 4534 3416 4609 ἀστραπή,
3447 4537 3503 4591 id
3554 4540 3663 4604 est,
3710 4553 3803 4591 re-

2154 4629 2329 4700 pente
2367 4627 2520 4681 facta
2565 4630 2657 4681 est
2704 4625 3056 4679 coruscatio.
3108 4625 3368 4696 Denique
3419 4626 3491 4681 de
3540 4625 3803 4681 humana

373 4181 555 4251 Οἶμαι
606 4175 666 4233 δὲ
725 4178 787 4234 τὸ
846 4177 1012 4255 ῥητὸν
1072 4183 1235 4235 τοῦτο
1284 4180 1432 4256 παρὰ
1459 4179 1604 4252 Γαίῳ
1631 4178 1951 4255 ἱρωτᾶσθαι,
1981 4182 2045 4237 τὸ

371 4269 515 4345 γοῦν
548 4269 677 4343 παρ’
709 4265 929 4337 ἐλπίδα,
958 4268 1177 4324 καὶτοῦ
1224 4270 1361 4331 τίως
1408 4269 1642 4345 ἀφανοῦς
1693 4270 1769 4333 είς
1820 4270 1885 4327 τὸ
1941 4270 2044 4345 ἒμ-

372 4356 546 4433 φανὶς
604 4354 946 4432 ἐξαγόμενον,
1007 4354 1257 4433 ἐξαίφνης
1315 4354 1477 4429 ἐστὶν⁹
1523 4358 1597 4420 ὡς
1640 4359 1726 4429 τὸ,
1758 4356 2047 4437 Ἐξαίφνης

370 4448 599 4523 γέγονεν
632 4448 668 4516 ἡ
703 4446 976 4522 ἀστραπή.
1009 4447 1219 4502 Λοιπὸν
1253 4446 1344 4501 καὶ
1396 4445 1485 4501 ἐπὶ
1530 4448 1642 4517 τῆς
1689 4447 2045 4524 ἐνανθρωπή-

373 4556 518 4596 σεως
551 4538 652 4590 τοῦ
680 4539 814 4591 Θεοῦ
846 4536 1050 4610 Λόγου,
1079 4536 1141 4604 ἦν
1172 4533 1239 4604 δὴ
1272 4534 1361 4590 καὶ
1393 4537 1806 4615 φιλανθρωπίαν
1866 4538 2045 4612 καλεῖ,

368 4631 543 4683 τοῦτο
575 4623 744 4697 δηλοῖ
782 4626 846 4680 τὸ
877 4624 1154 4701 ἰξαίφνης.
1189 4625 1259 4683 Τί
1308 4625 1409 4702 γὰρ
1459 4625 1814 4705 ἀφανέστερον
1870 4632 2044 4698 Θεοῦ;

368 4716 440 4771 τὸ
496 4718 628 4791 γοῦν
686 4713 747 4769 ἐκ
801 4711 899 4769 τοῦ
947 4713 1181 4790 κρυφίου
1233 4719 1336 4783 τῆς
1369 4714 1629 4784 θεότητος
1662 4733 1675 4748 ·
1706 4716 1768 4769 τὸ
1814 4715 2043 4791 κρύφιος

2154 4732 2331 4773 carne
2360 4732 2394 4771 a
2422 4716 2538 4772 Deo
2576 4713 2766 4771 Verbo
2816 4718 3148 4786 assumpta,
3190 4730 3363 4786 quam
3414 4718 3585 4771 vocat
3634 4716 3805 4772 Pater

372 4805 484 4881 γάρ
544 4801 820 4866 πολλάκις
878 4803 996 4859 ἀντὶ
1052 4804 1151 4859 τοῦ
1214 4802 1343 4865 Θεὸς
1403 4801 1602 4878 εἴληφε
1636 4804 2043 4881 ’κρυφιότητα,

2154 4800 2587 4883 φιλανθρωπίαν,
2623 4804 2731 4860 hoc
2759 4802 3083 4859 etiamnum
3117 4803 3341 4859 dictum
3368 4820 3497 4861 esse
3545 4804 3806 4859 declarat

371 4894 481 4962 τήν
538 4890 771 4963 θεότητα
802 4914 817 4927 ο
878 4892 1110 4971 κρύφιος
1177 4896 1307 4968 γοῦν
1358 4892 1449 4948 καὶ
1499 4891 1725 4949 ἐνταῦθα
1780 4893 1897 4949 ἀντὶ
1946 4893 2043 4949 τοῦ

2156 4893 2356 4960 dictio,
2416 4890 2688 4966 ἆξαίφνης.
2733 4892 2881 4948 Nam
2931 4892 3095 4965 quid,
3149 4909 3368 4963 quaeso,
3420 4908 3665 4964 usquam
3714 4897 3805 4949 est

372 4982 535 5052 Θεὸς,
579 4982 656 5044 ὡς
713 4982 966 5057 ἀόρατος,
1028 4979 1239 5057 εἴρηται
1289 4983 1424 5055 (24).
1482 4981 1560 5039 Τὸ
1617 4986 1752 5057 γοῦν
1803 4980 1892 5037 ἰπὶ
1945 4985 2043 5037 τοῦ

2159 4984 2272 5040 Deo
2304 4981 2595 5038 occultius
2620 4980 2649 5035 ?
2693 4980 2844 5037 lllud
2898 4979 3080 5054 igitur
3111 4979 3170 5035 ἐκ
3197 4983 3294 5035 τοῦ
3338 4979 3591 5058 κρυφίου,
3624 4982 3683 5037 id
3714 4986 3807 5038 est

374 5068 617 5149 κρυφίου
655 5077 757 5140 τῆς
806 5070 1067 5140 θεότητος
1120 5069 1214 5125 τὸν
1272 5070 1592 5145 ὗπερούσιον
1660 5071 1737 5135 είς
1800 5072 1863 5127 τὸ
1923 5072 2041 5136 καθ’

2154 5088 2216 5129 ex
2255 5072 2507 5139 occulto,
2558 5070 2883 5127 divinitatis
2932 5070 3151 5125 indicat
3197 5087 3497 5126 arcanum.
3559 5068 3802 5146 Κρύφιος

375 5162 531 5231 ἡμᾶς
591 5158 925 5223 οὗσιωθὲντα
955 5165 1186 5237 φανῆναι
1219 5179 1231 5191 ⁸
1262 5158 1424 5239 τοῦτό
1482 5157 1595 5215 ἐστι
1644 5161 1708 5215 τὸ
1766 5159 2040 5239 ἐξαίφνης.

2154 5162 2332 5231 enim,
2353 5159 2967 5233 occultus,plerumque
2989 5161 3247 5216 sumitur
3268 5159 3423 5215 Patri
3444 5177 3545 5232 pro
3565 5161 3802 5217 nomine

377 5230 444 5303 Τί
493 5246 574 5320 δὶ,
606 5246 699 5303 διὰ
743 5252 929 5320 τοῦτο,
967 5230 1068 5303 ’διὸ
1117 5248 1208 5303 καὶ
1256 5230 1501 5325 ἐξεφάνη,
1545 5245 1654 5319 ἤδη
1702 5249 1766 5304 τὸ
1812 5230 2042 5328 κρύφιον

2157 5248 2307 5319 Θεός,
2339 5251 2397 5305 id
2430 5255 2519 5306 est
2543 5230 2705 5317 Deus,
2737 5252 2795 5305 et
2823 5230 2927 5322 per
2953 5247 3290 5325 κρυφιότητα
3319 5230 3685 5306 divinitatem
3716 5250 3804 5323 ip-

376 5332 732 5405 ἁπεὸάλετος
766 5335 1022 5410 οὐδαμῶς
1054 5355 1068 5369 ⁸
1102 5333 1249 5392 ἀλλὰ
1294 5336 1386 5392 καὶ
1438 5338 1573 5409 μετὰ
1617 5338 1717 5406 τήν
1776 5337 2045 5413 σάργωσιν

371 5426 613 5505 κρύφιός
659 5424 803 5482 ἐστιν
836 5444 849 5458 ⁸
887 5426 915 5481 ὁ
944 5425 1045 5503 γὰρ
1078 5427 1289 5496 Ἰησοῦς
1343 5426 1579 5502 Χριστὸς
1622 5427 1751 5489 Θεὸς
1807 5427 2041 5498 τέλειος,

373 5514 474 5571 καὶ
506 5514 793 5589 ἅνθρωπος
841 5512 1075 5578 τέλειος.
1108 5513 1212 5572 Καὶ
1277 5516 1379 5589 δρα
1423 5515 1562 5570 κατὰ
1617 5519 1989 5591 Νεστοριανῶν
2027 5534 2041 5549 ο

379 5601 609 5681 μᾶλλον
642 5600 722 5677 δὶ,
747 5602 842 5659 ’ίνα
869 5605 932 5659 τὸ
963 5603 1234 5680 θειότερον
1266 5601 1405 5659 εἷ’πω
1436 5622 1450 5637 ‘
1483 5608 1650 5660 τοῦτο
1696 5604 1797 5682 γάρ
1839 5604 1949 5661 ἐστι
1981 5606 2042 5661 τὸ

456 5759 597 5820 ιω.
630 5777 714 5818 In.

2155 5356 2282 5397 sam
2315 5339 2464 5396 solet
2505 5339 2847 5411 exprimere.
2902 5341 3104 5411 Itaque
3149 5337 3376 5415 κρύφιος
3411 5356 3516 5412 pro
3548 5339 3664 5396 Deo
3708 5340 3805 5395 hic

2155 5428 2396 5501 ponitur
2418 5445 2431 5483 :
2466 5429 2961 5499 quemadmodum
2980 5425 3236 5501 ἀόρατος,
3260 5428 3595 5500 invisibilis,
3615 5429 3808 5484 dictus

2153 5521 2263 5574 est.
2292 5517 2403 5573 Sed
2461 5523 2518 5573 et
2563 5516 2732 5587 illud,
2783 5533 2851 5573 ex
2899 5517 3129 5574 occulto
3179 5517 3402 5574 scilicet
3455 5517 3802 5585 divinitatis,

2154 5608 2310 5680 quod
2344 5606 2938 5680 supersubstantialis
2968 5606 3069 5665 ille
3100 5611 3254 5665 Deus
3308 5608 3697 5681 conspicuum
3740 5620 3803 5662 se
