4108 6420
344 420 449 477 443

1169 419 1534 476 APPBNDIX
1569 423 1667 477 AD
1702 419 1945 476 OPEBA
1981 419 2044 475 Β.
2081 416 2399 476 DIONYBII
2438 416 2939 477 ΔΕΜΡΑΘΙΤΒ.

3654 419 3761 479 444

345 545 677 603 exhibuerit
695 544 896 600 trabea
917 546 1132 600 nostrae
1158 543 1352 600 carnis
1365 544 1651 600 amictus:
1668 542 1778 599 hoc
1798 542 1997 614 ipsum
2026 597 2031 608 ε

2148 540 2579 616 αομασιώτερον,
2637 541 2720 597 δτι
2770 541 2823 597 iv
2882 540 3018 616 αὐτῇ
3085 544 3155 616 τῇ
3232 540 3504 618 ἑκφάνσει,
3558 544 3649 599 καὶ
3706 544 3761 600 iv

345 635 567 692 indicat
590 631 865 710 ἐξαίφνης,
897 632 956 687 id
1009 636 1099 689 est
1128 632 1371 705 inopino,
1396 632 1715 705 improvise,
1746 636 1993 704 repente.

2104 630 2252 703 αύτῷ
2296 635 2377 703 τῷ
2408 629 2707 703 φαίνεσθαι,
2739 630 2802 687 τὸ
2848 629 3078 707 κρύφιον
3126 629 3243 706 ἔχει
3271 650 3285 664 ·
3335 633 3363 688 6
3410 632 3512 708 γὰρ
3558 639 3765 710 Κυριος

348 725 497 790 Quid
520 724 757 780 tandem
778 722 806 778 ‘I
838 722 1032 779 Hacne
1063 722 1253 795 gratia
1282 726 1386 779 aut
1415 723 1545 779 ideo
1567 722 1996 795 augustissima

2154 723 2271 793 μῶν
2322 723 2535 791 Ἰησοῦς
2586 720 2826 796 Χριστὸς
2878 721 2969 777 καὶ
3017 721 3068 776 iv
3123 720 3261 795 αὐτῇ
3307 725 3376 796 τῇ
3438 723 3558 779 καθ’
3612 725 3764 796 ἡμᾶς

345 814 441 871 Dei
474 814 759 885 majestas
816 812 980 885 prius
1012 812 1073 868 in
1120 812 1518 868 secretissimo
1563 828 1801 869 secessu
1852 811 1999 868 deli-

339 907 596 973 tescens,
630 906 869 975 repente
896 900 1173 957 inclaruit
1201 902 1355 972 orbi,
1385 918 1567 975 seque
1597 901 1688 958 vel
1718 902 1890 976 vulgo
1910 902 2000 959 vi-

340 993 587 1051 sendam
616 990 870 1063 dejecit?
900 989 1070 1047 Nullo
1102 991 1295 1048 modo.
1331 990 1481 1056 Quin
1508 995 1643 1064 post
1671 991 2000 1065 susceptio-

340 1099 477 1140 nem
508 1082 703 1139 carnis
732 1084 1066 1154 perseverat
1095 1080 1422 1138 etiamnum
1469 1080 1759 1140 occultus.
1808 1082 2001 1151 Siqui-

2110 809 2359 890 ἓκφὰνσει
2388 811 2664 886 ἄγνωστον
2708 805 2826 887 ἔχει
2857 812 2920 867 τὸ
2947 817 3046 881 τῆς
3072 809 3192 868 οἷ’κο
3205 810 3391 885 1ρομίας
3439 814 3763 889 μυστήριον·

2106 900 2191 966 τίς
2227 901 2329 977 γὰρ
2391 899 2583 972 ἰνόησε
2637 905 2756 963 πῶς
2814 899 2945 964 Θιὸς
2976 903 3342 978 συναντκράθη
3376 901 3569 978 σαρκί;
3601 903 3765 959 Ὅθεν

2107 991 2201 1049 καὶ
2252 988 2548 1069 λεγόμενον
2608 987 2844 1069 ἄῤῥητον
2890 988 3059 1064 μένει,
3088 990 3181 1048 καὶ
3236 990 3533 1068 νοούμενον
3588 993 3770 1068 ἄγνω-

2111 1104 2256 1145 στον.

346 1174 479 1230 dem
520 1173 694 1229 Jesus
725 1171 993 1228 Christus
1024 1171 1318 1243 perfectus
1349 1171 1527 1241 Deus,
1568 1173 1861 1245 perfectus
1890 1178 2049 1235 idem
2077 1176 2231 1235 248
2262 1178 2320 1232 et
2347 1174 2524 1231 homo
2569 1175 2678 1230 est.
2712 1171 2855 1230 Mihi
2912 1171 3065 1241 vide,
3114 1178 3181 1229 ut
3223 1173 3507 1230 adversus
3556 1173 3773 1231 Nesto-

346 1263 543 1320 rianos
568 1262 692 1333 jam
733 1265 861 1317 tum
905 1260 1415 1331 congrediebatur.
1472 1261 1659 1334 Magis
1707 1280 1866 1337 vero,
1910 1273 1979 1324 ut
2030 1267 2317 1341 quiddam
2366 1262 2624 1320 divinius
2667 1261 3088 1335 pronuntiem;
3134 1263 3245 1319 hoc
3292 1262 3452 1320 enim
3504 1261 3777 1319 admira-

345 1352 526 1408 bilius
554 1355 663 1423 est,
699 1352 858 1423 quod
888 1350 951 1409 in
985 1350 1096 1408 hac
1128 1369 1239 1408 sua
1280 1368 1563 1426 perquam
1620 1354 1839 1412 illustri
1893 1356 2391 1423 manifestatione,
2423 1355 2487 1410 in
2515 1370 2583 1411 eo
2614 1353 2740 1427 ipso
2787 1353 2947 1425 quod
2987 1354 3284 1426 apparuit,
3334 1369 3621 1410 arcanum
3672 1369 3772 1409 re-

342 1443 509 1499 tinet.
542 1440 827 1497 Dominus
858 1441 1016 1497 enim
1051 1446 1250 1498 noster
1294 1442 1470 1499 Jesus
1512 1443 1787 1503 Christus
1844 1447 1905 1503 in
1952 1448 2081 1520 ipsa
2126 1447 2438 1515 assumpta
2484 1442 2678 1500 carnis
2722 1446 2934 1499 nostra
2974 1442 3350 1511 revelatione,
3402 1442 3776 1515 incognitum

344 1535 538 1589 servat
566 1535 1009 1589 sacramentum
1042 1532 1494 1605 dispensatoris:
1523 1533 1699 1591 istius
1728 1536 2180 1594 incarnationis.
2209 1535 2351 1602 Quis
2407 1533 2567 1590 enim
2618 1532 2906 1590 intellexit
2950 1533 3242 1605 omnium,
3293 1548 3410 1604 quo
3443 1534 3612 1605 pacto
3645 1545 3781 1587 sese

347 1621 503 1678 Deus
530 1620 942 1694 attemperarit
971 1620 1192 1679 carni?
1234 1621 1387 1678 unde
1416 1621 1484 1679 ﬁt
1515 1626 1581 1679 ut
1608 1621 1722 1681 hoc
1775 1625 1913 1683 dum
1963 1626 2203 1695 dicitur,
2249 1622 2587 1683 ineffabile:
2635 1623 2779 1683 dum
2825 1620 3205 1696 intelligitur,
3258 1624 3461 1679 manet
3502 1619 3782 1694 incogni-

347 1714 496 1771 tum.

852 1821 927 1876 IN
971 1819 1223 1877 EPISTO
1232 1824 1375 1875 LAM
1415 1821 1509 1883 IV.

420 1927 565 1986 Aliis
587 1926 815 2001 aliquot
839 1926 986 1984 locis
1008 1927 1324 1985 antevertit
1346 1932 1588 1987 sanctus
1605 1929 1673 1987 de
1687 1928 1782 1988 his
1796 1930 2007 1990 dicere.

353 2018 501 2076 Nam
524 2016 701 2090 paulo
733 2019 869 2074 ante
893 2016 952 2072 in
980 2032 1152 2090 opere
1186 2018 1523 2076 Divinarum
1543 2020 1834 2079 nominum
1867 2022 2015 2082 dixit

350 2107 568 2176 fusius,
600 2106 757 2179 quod
791 2106 863 2163 ab
887 2107 1047 2163 omni
1080 2122 1141 2163 re
1171 2107 1327 2164 Deus
1361 2108 1863 2168 nomenclaturam
1890 2128 2015 2169 sor-

349 2196 555 2265 tiatur,
580 2195 981 2269 omnibusque
1003 2194 1334 2253 adsit.Illud
1351 2198 1794 2273 quidem,quasi
1812 2208 2019 2259 auctor

359 2301 393 2343 a
422 2286 600 2342 rebus
632 2285 929 2355 oausatis;
963 2286 1073 2343 hoc
1104 2289 1301 2344 autem
1336 2304 1440 2361 per
1493 2288 1684 2363 ipsius
1734 2292 2024 2365 contingit

363 2374 818 2449 providentiam,
874 2379 937 2432 ut
982 2375 1084 2449 qui
1136 2377 1413 2434 omnibus
1458 2379 1779 2452 provideat.
1850 2381 2023 2439 Caius

362 2468 548 2540 igitur
570 2466 630 2523 in
663 2465 955 2538 ejusmodi
988 2469 1314 2524 sententias
1364 2469 1728 2529 succedanea
1774 2471 2026 2530 lectione

371 2557 710 2625 devolutus,
736 2556 834 2612 ubi
868 2556 1092 2613 nomini
1131 2554 1219 2612 illi
1253 2557 1608 2628 thearchico,
1656 2562 1829 2634 Iesus,
1877 2562 2027 2620 alte-

371 2662 508 2702 rum
566 2646 913 2717 adjunctum
972 2644 1214 2717 invenit,
1283 2652 1425 2720 puta
1473 2643 1781 2723 ἄνθρωπος,
1830 2650 1888 2707 id
1939 2654 2028 2707 est

374 2741 553 2803 homo,
576 2739 642 2791 ut
663 2740 770 2805 est,
800 2735 985 2792 Filius
1008 2733 1287 2793 hominis.
1314 2736 1462 2793 Illud
1485 2737 1627 2795 item
1650 2741 1987 2814 expressius
2013 2758 2027 2796 :

371 2826 519 2892 Quid
543 2840 638 2883 me
655 2826 919 2898 quaeritis
943 2825 1273 2882 interﬁcere
1285 2825 1587 2885 hominem
1607 2829 1709 2902 qui
1725 2828 2028 2887 veritatem

371 2914 488 2971 dixi
532 2913 746 2971 vobis?
792 2914 888 2971 Ait
936 2929 1073 2987 ergo
1118 2919 1323 2971 sancto
1390 2917 1541 2989 patri
1589 2918 1762 2975 Caius
1811 2919 1868 2990 (a
1898 2916 2029 2975 Caio

372 3004 529 3061 enim
567 3008 728 3061 mota
759 3003 1004 3076 quaestio
1050 3006 1209 3075 est):
1261 3004 1410 3072 Quid
1462 3008 1667 3080 utique
1715 3006 2029 3063 dicendum

374 3091 547 3148 nobis
568 3091 640 3147 de
658 3092 786 3163 ipso
804 3091 969 3158 Jesu,
988 3089 1091 3165 qui
1114 3091 1273 3148 omni
1296 3099 1567 3152 creatura
1608 3094 1877 3168 superior
1901 3098 2027 3165 est;

2045 1827 2094 1893 B

2513 1823 2629 1879 ΕΙΣ
2668 1822 2811 1879 ΤΗΝ
2848 1821 3269 1880 ΕΠΙΣΤΟΛΗΝ
3308 1819 3381 1880 Δ’.

2193 1914 2458 2010 ’Έιρθασεν
2516 1928 2685 1985 εἰπεῖν
2735 1928 2763 1985 6
2810 1929 2961 2007 ἅγιος
3006 1929 3097 1985 καὶ
3152 1926 3205 1984 iv
3255 1925 3450 1989 ἄλλοις
3484 1942 3499 1960 ⁸
3529 1924 3666 1990 vim:
3718 1924 3782 1985 δὶ

2123 2017 2461 2095 πλατύτερον
2495 2017 2547 2074 iv
2572 2022 2651 2092 τῷ
2709 2017 2841 2094 Περὶ
2887 2017 3044 2075 θείων
3104 2016 3410 2096 ὀνομάτων,
3445 2015 3527 2075 δτι
3574 2014 3665 2072 καὶ
3717 2014 3781 2071 ix

2124 2110 2337 2165 πάντων
2372 2108 2544 2183 6
2596 2108 2724 2173 Θεὸς
2774 2106 3118 2183 ὀνομᾶζεται,
3166 2109 3257 2164 καὶ
3312 2110 3443 2163 πᾶσι
3501 2106 3780 2182 πάρεστι·

2125 2197 2189 2253 τὸ
2244 2198 2365 2273 μὶν,
2398 2199 2473 2261 ὡς
2530 2197 2704 2263 αἴτιος
2759 2197 2819 2254 ix
2862 2202 2973 2254 τῶν
3003 2198 3259 2254 αἰτιατῶν
3293 2217 3306 2232 ·
3338 2197 3400 2252 τὸ
3431 2193 3509 2267 δὲ,
3642 2216 3786 2272 προ-

2129 2285 2272 2360 νοίᾳ,
2327 2285 2401 2350 ὡς
2457 2289 2770 2365 προνοητὴς
2824 2289 3062 2345 πάντων.
3119 2291 3247 2351 Τοῖς
3328 2282 3605 2348 τοιούτοις
3658 2287 3793 2360 γοῦν

2132 2378 2401 2450 νοήμασιν
2436 2377 2463 2431 6
2513 2376 2673 2441 Γάϊος
2729 2375 3171 2447 κατακολουθῶν,
3206 2374 3322 2435 ἐπεὶ
3371 2375 3426 2432 ’ἐν
3484 2374 3793 2452 εὑρίσκεται

2135 2464 2225 2523 ἐπὶ
2253 2469 2350 2522 τοῦ
2381 2468 2696 2544 θεαρχικοῢ,
2728 2468 2943 2537 Ἰησοῦς
2991 2461 3167 2541 ὄνομα
3213 2467 3305 2523 καὶ
3358 2466 3421 2521 τὸ
3480 2460 3798 2543 ἅνθρωπος,

2136 2556 2211 2619 ὡς
2238 2557 2324 2625 τὸ,
2350 2557 2379 2611 6
2410 2555 2534 2621 Υἱὸς
2577 2558 2678 2611 τοῦ
2727 2554 3039 2632 ἀνθρώπου,
3069 2556 3160 2611 καὶ
3208 2551 3285 2612 ἔτι
3321 2554 3643 2634 σαφέστερον
3680 2573 3696 2588 ·
3727 2553 3801 2612 Τί

2141 2645 2352 2717 ζητεῖτὲ
2397 2666 2463 2720 με
2495 2646 2829 2719 ἀποκτεῖναι,
2863 2643 3169 2720 ἄνθρωπον,
3202 2643 3259 2707 ’ὂς
3305 2644 3453 2700 εἶπον
3512 2644 3639 2718 ὑμῖν
3697 2642 3801 2714 τὴν

2140 2732 2434 2806 ἁλήθειανς
2473 2734 2605 2817 φησὶ
2650 2733 2833 2790 τοίνυν
2884 2736 2911 2791 6
2952 2736 3115 2799 Γάϊος
3145 2736 3282 2808 πρὸς
3339 2734 3431 2790 τὸν
3501 2735 3654 2810 ἅγιον
3686 2734 3803 2805 (ἀπ’

2142 2822 2349 2881 ἐκείνου
2399 2825 2502 2901 γὰρ
2562 2825 2597 2895 ἡ
2652 2822 2963 2899 ἐρώτησις)
2998 2822 3065 2881 Τί
3087 2821 3313 2898 λέξομεν
3346 2821 3590 2898 περὶτοῦ
3619 2820 3803 2894 Ἰησοῦ

2137 2916 2235 2968 τοῦ
2286 2911 2503 2968 πάντων
2561 2913 2805 2972 ἐπέκεινα
2842 2932 2854 2947 ·
2915 2911 3004 2968 ὅτι
3050 2915 3170 2969 κατ’
3218 2912 3402 2968 οὐσίαν
3459 2910 3799 2987 βλεπόμενος

2142 3000 2428 3079 ἅνθρωπος
2485 3004 2829 3059 συντέτακται
2880 3008 3039 3059 πᾶσιν
3096 2999 3395 3073 ούσιωδῶς,
3440 3002 3531 3057 καὶ
3584 2997 3804 3076 ἅνθρω-

2140 3111 2243 3153 πος
2301 3087 2539 3168 λέγεται,
2585 3089 2674 3146 καὶ
2732 3089 2783 3146 ἒν
2830 3094 2947 3155 τοῖς
3006 3090 3312 3167 ἀνθρώποις
3368 3090 3479 3148 ἐστὶ
3538 3089 3803 3161 πάντως;

376 3180 478 3253 qui
510 3197 643 3237 cum
676 3181 1005 3237 secundum
1036 3186 1405 3255 assumptam
1440 3185 1835 3242 substantiam
1865 3184 2028 3243 visus

2143 3180 2220 3239 Ού
2284 3184 2357 3255 μη
2412 3181 2655 3259 φήσομεν
2714 3181 2802 3237 καὶ
2836 3177 3081 3251 ἐνταῦθα,
3116 3174 3514 3275 ὅτιᾷνθρωπος
3563 3178 3804 3255 λέγεται,

378 3270 577 3339 homo,
605 3270 664 3325 in
696 3269 960 3327 ordinem
995 3270 1240 3328 allectus
1270 3279 1357 3329 est
1388 3274 1633 3342 caeteris,
1661 3275 2027 3332 communio-

374 3375 447 3417 ne
475 3359 822 3417 substantitn
852 3376 866 3417 :
900 3359 1055 3417 idem
1091 3360 1378 3418 astruitur
1408 3361 1605 3432 homo,
1639 3367 1697 3421 et
1730 3364 1785 3421 in
1845 3363 2031 3421 homi-

374 3464 518 3507 num
552 3451 702 3507 serie
736 3454 1083 3506 numeratur
1108 3456 1172 3507 ut
1200 3466 1333 3508 vere
1356 3450 1573 3510 homo?
1594 3452 1747 3510 Num
1773 3452 1867 3511 hic
1890 3471 2032 3527 quo-

375 3554 488 3611 que
510 3539 856 3607 dixerimus,
882 3538 1024 3610 quia
1044 3537 1219 3597 homo
1251 3540 1491 3608 dicitur,
1516 3546 1805 3613 quatenus
1830 3547 2033 3600 auctor

376 3635 467 3687 est
484 3630 787 3687 hominum
814 3648 827 3698 ;
850 3632 1631 3706 quemadmodum,exempli
1655 3635 2031 3706 gratia,idem

381 3724 624 3776 vocatur
652 3725 709 3775 et
739 3719 824 3776 sol
852 3723 912 3775 et
941 3719 1061 3788 lux,
1098 3721 1254 3791 quod
1286 3721 1464 3778 solem
1491 3723 1687 3795 ipsum
1723 3725 2035 3795 lucemque

384 3809 758 3867 condiderit?
791 3812 859 3865 Et
894 3825 1101 3865 rursus
1133 3812 1402 3882 nunquid
1433 3812 1505 3868 de
1532 3812 1643 3869 hoc
1670 3813 1859 3884 (Jesu)
1879 3813 2033 3868 dice-

384 3916 518 3955 mus
551 3899 707 3971 quod
742 3900 949 3955 adesse
975 3898 1319 3956 hominibus
1345 3901 1599 3972 dicatur,
1629 3905 1913 3972 tanquam
1936 3899 2036 3956 h0-

384 4006 518 4046 rum
546 3987 830 4061 provisor,
856 3987 1012 4045 sicut
1031 3992 1088 4043 et
1110 3988 1243 4045 aliis
1260 3990 1534 4047 omnibus
1556 3991 1758 4046 adesse
1775 3988 1993 4045 dicitur
2009 3987 2037 4044 ?

382 4079 487 4136 Hic
516 4077 673 4135 enim
703 4077 977 4133 videlicet
1000 4077 1059 4133 in
1093 4078 1534 4152 dispensatione
1561 4079 1758 4135 carnis
1787 4096 1822 4135 a
1848 4078 2037 4137 Verbo

387 4172 691 4241 susceptae,
722 4168 1011 4225 rationem
1035 4168 1297 4241 aliquam
1322 4170 1679 4241 peculiarem
1707 4183 2039 4240 quaeramus

388 4262 620 4330 oportet
642 4277 657 4329 ;
678 4274 811 4313 cum
832 4262 1041 4330 praeter
1052 4258 1556 4331 dispensationem
1577 4258 2037 4331 quoqueipsam,

387 4347 583 4404 vocari
615 4347 802 4419 possit
831 4346 1029 4419 homo,
1063 4350 1238 4420 quasi
1269 4352 1473 4404 auctor
1502 4346 1808 4403 hominum
1841 4351 1899 4403 et
1920 4348 2042 4419 opi-

387 4438 507 4495 fex.
547 4436 863 4493 Conﬁrmat
892 4437 1003 4493 hoc
1033 4437 1092 4492 in
1123 4436 1622 4509 Chronographiis
1654 4452 1756 4493 seu
1781 4437 1840 4492 in
1871 4436 2040 4493 libris

387 4527 461 4583 De
519 4534 823 4599 temporum
879 4528 1023 4582 serie
1080 4526 1414 4596 Africanus,
1460 4526 1957 4598 quemadmodum
2009 4543 2042 4583 a

386 4616 711 4687 majoribus
765 4616 987 4672 nostris
1029 4615 1331 4688 proditum
1379 4619 1469 4671 est
1517 4615 1834 4671 memorias.
1882 4616 2038 4672 Deus

387 4705 546 4761 enim
570 4705 774 4761 eodem
806 4704 1043 4762 nomine
1069 4721 1185 4776 quo
1206 4721 1299 4761 res
1323 4705 1395 4760 ab
1419 4704 1548 4776 ipso
1570 4704 2039 4778 conditoe,appel-

386 4793 578 4850 latur:
609 4793 1084 4865 quandoquidem
1126 4793 1186 4848 in
1219 4791 1472 4864 singulis
1513 4792 1797 4864 exsistat;
1828 4793 1889 4848 in
1918 4793 2040 4850 dis-

388 4884 734 4956 pensatione
766 4887 969 4939 autem
994 4881 1291 4953 assumpti
1324 4880 1586 4937 hominis
1618 4898 1735 4938 non
1756 4885 2043 4954 tanquam

389 4977 596 5029 auctor
623 4971 956 5042 hominum,
981 4986 1185 5026 verum
1205 4974 1487 5040 tanquam
1512 4973 1837 5027 secundum
1861 4974 2044 5028 totam

387 5061 784 5117 substantiam
807 5061 959 5118 249
978 5061 1237 5115 humana
1259 5059 1662 5117 circumdatus
1676 5076 1852 5117 carne
1870 5061 2045 5119 homo

384 5152 757 5223 praedicatur.
812 5151 893 5207 Ad
948 5150 1072 5205 haec
1120 5150 1303 5222 igitur
1349 5151 1521 5207 Pater
1571 5153 1957 5224 respondens,
1989 5156 2047 5209 et

384 5258 520 5298 cum
550 5243 751 5313 posset
782 5238 1083 5311 propriam
1117 5239 1213 5295 hic
1247 5240 1538 5297 rationem
1587 5240 1828 5309 dixisse,
1886 5241 2043 5313 quod

386 5335 672 5402 tanquam
692 5345 828 5384 vere
848 5328 1110 5385 humana
1132 5345 1308 5386 carne
1328 5330 1579 5388 vestitus
1597 5330 1773 5387 homo
1790 5330 2045 5397 dicatur,

388 5436 581 5491 neque
602 5419 905 5474 veritatem
925 5420 1259 5492 corrupisse
1279 5420 1392 5493 (sic
1410 5419 2045 5492 respondendo).Prius

389 5526 526 5565 vero
555 5509 758 5564 volens
787 5508 964 5565 etiam
995 5509 1105 5566 hoc
1152 5512 1408 5584 (nomen)
1436 5513 1608 5582 juxta
1638 5510 2045 5567 deﬁnitionem

395 5597 647 5655 aliorum
698 5597 929 5669 (Christi
974 5599 1259 5657 nimirum
1310 5600 1639 5657 secundum
1694 5614 1935 5655 causam
1991 5602 2049 5655 et

396 5685 706 5759 principia)
738 5711 751 5755 ;
786 5688 891 5743 hoc
923 5691 1079 5746 enim
1110 5690 1222 5746 sibi
1244 5690 1537 5762 proponit,
1564 5689 1680 5744 ait:
1711 5688 1829 5743 Nos
1851 5692 2047 5743 autem
2090 5740 2095 5741 ,

393 5777 595 5833 Jesum
628 5777 973 5849 neutiquam
1006 5779 1269 5836 humana
1299 5779 1560 5836 ﬁnitione
1620 5776 2049 5834 circumscribi-

2140 3271 2215 3333 ὡς
2245 3269 2417 3333 α’ίτιος
2450 3270 2749 3347 ἀνθρώπων
2784 3289 2799 3304 °
2834 3267 3013 3347 ὥσπερ
3074 3266 3291 3342 δηλαδή
3344 3270 3434 3325 καὶ
3491 3267 3679 3343 ἥλιος,
3711 3268 3803 3324 καὶ

2142 3362 2275 3438 φῶς,
2344 3358 2419 3424 ὡς
2475 3357 2647 3422 α’ίτιος
2697 3360 2865 3430 ἡλίου
2922 3359 3011 3416 καὶ
3069 3358 3286 3440 φωτός;
3356 3357 3457 3415 Καὶ
3495 3356 3691 3415 πάλιν·
3726 3357 3808 3417 Οὐ

2145 3450 2221 3524 μὴ
2284 3450 2527 3528 φήσομεν
2583 3448 2671 3505 ἐπὶ
2713 3446 2914 3505 τούτου
2968 3450 3103 3525 (26),
3145 3450 3227 3506 δτι
3288 3452 3523 3506 συνεῖναι
3583 3447 3806 3524 λέγεται

2140 3544 2259 3604 τοῖς
2289 3539 2622 3616 ἀνθρώποις,
2657 3538 2730 3602 ὡς
2752 3539 3066 3615 προνοητὴς
3098 3538 3328 3612 τούτων,
3356 3539 3535 3604 καθὼς
3564 3538 3654 3594 καὶ
3684 3541 3805 3602 τοῖς

2143 3626 2343 3691 ἄλλοις
2372 3630 2535 3683 ἅπασι
2570 3634 2805 3685 συνεῖναι
2829 3627 3043 3706 λέγεται
3076 3630 3185 3704 (27)
3212 3648 3226 3699 ;
3251 3623 3471 3686 Ἐνθάδε
3499 3626 3806 3703 γὰρ,ἤγουν

2144 3717 2198 3773 ἐν
2229 3721 2298 3792 τῇ
2332 3716 2637 3791 οἰκονομίᾳ,
2671 3716 2837 3795 λόγον
2866 3717 2989 3775 τινὰ
3011 3715 3157 3774 ’ίδιον
3193 3720 3525 3794 ζητήσομεν,
3557 3716 3674 3773 ἐπεὶ
3715 3719 3808 3773 καὶ

2147 3805 2282 3881 δίχα
2308 3806 2533 3877 ταύτης,
2561 3807 2649 3863 καὶ
2710 3807 2787 3870 ὡς
2842 3806 3018 3872 α’ίτιος
3077 3808 3377 3885 ἀνθρώπων
3420 3807 3511 3863 καὶ
3540 3809 3808 3878 ποιητής,

2146 3894 2412 3966 κληθείην
2444 3892 2505 3950 ἂν
2553 3893 2854 3971 ἅνθρωπος.
2883 3898 3054 3953 Τοῦτό
3098 3915 3258 3976 φησιν
3314 3897 3366 3953 iv
3419 3902 3541 3962 ταῖς
3586 3900 3809 3973 Χρονο·

2146 3984 2400 4063 γραφίαις
2436 3986 2542 4058 (28)
2586 3985 2675 4040 καὶ
2727 3986 3077 4063 Ἀφρικανὸς,
3128 3988 3202 4051 ὡς
3261 3984 3491 4043 παλαιοὶ
3538 3988 3758 4064 Λὲγουσι
3791 4004 3809 4024 ο

2149 4076 2367 4152 λέγιται
2398 4074 2498 4153 γὰρ
2532 4074 2845 4150 ὁμωνύμως
2874 4080 2903 4135 6
2927 4080 3060 4142 Θεὸς
3089 4082 3221 4134 πᾶσι
3242 4084 3358 4142 τοῖς
3393 4077 3444 4149 ἐξ
3476 4078 3642 4134 αὐτοῦ
3672 4079 3808 4151 (29),

2150 4162 2340 4234 ἰπειδὴ
2391 4165 2443 4221 iv
2476 4165 2636 4221 πᾶσίν
2671 4165 2811 4223 ἰστιν
2842 4170 2955 4241 (30)
2980 4187 2994 4201 ⁶
3030 4166 3083 4223 iv
3134 4165 3192 4224 δὶ
3335 4167 3627 4241 οἰκονομίᾳ
3662 4164 3815 4223 δοκεῖ

2152 4254 2260 4331 ούχ
2289 4256 2364 4316 ὡς
2397 4253 2569 4319 α’ίτιος
2592 4256 2917 4333 ἀνθρώπων,
2948 4258 3023 4320 ὡς
3072 4256 3213 4313 κατὰ
3270 4258 3372 4327 τὴν
3432 4256 3618 4313 οὐσίαν
3677 4253 3817 4327 δ’λην

2152 4345 2461 4411 οὖσιωθεὶς,
2493 4345 2781 4420 ἄνθρωπος
2812 4347 3029 4422 Αὲγιται
3060 4348 3199 4420 (31).
3232 4347 3380 4421 Πρὸς
3426 4349 3597 4401 ταῦτα
3623 4348 3755 4422 γοῦν
3789 4347 3817 4399 6

2151 4433 2338 4507 Πατὴρ
2371 4430 3113 4510 ἁπολογούμενος,καὶέχων
3151 4436 3247 4507 μὶν
3281 4433 3454 4490 ιῖπιῖν
3478 4432 3625 4490 ’ἴδιον
3650 4432 3816 4510 λόγον

2152 4522 2400 4591 ἐνταῦθα,
2433 4522 2515 4577 δτι
2550 4522 2622 4584 ὡς
2653 4522 2879 4594 ἀληθῶς
2910 4523 3211 4599 σαρκωθεὶς
3243 4521 3531 4599 ἅνθρωπος
3575 4522 3816 4597 λέγεται,

2149 4609 2238 4667 καὶ
2277 4612 2352 4684 μὴ
2386 4609 2731 4685 λυμήνασθαι
2761 4615 2903 4691 τὴνφ
2936 4611 3195 4684 ἀλήθειαν
3228 4613 3345 4687 (32)
3377 4633 3391 4646 ·
3433 4614 3571 4675 τιως
3628 4610 3687 4667 δὲ
3727 4612 3814 4666 καὶ

2147 4704 2309 4757 τοῦτο
2340 4699 2511 4756 θέλων
2542 4700 2678 4758 κατὰ
2724 4702 2815 4757 τὸν
2870 4700 3043 4777 λόγον
3109 4703 3217 4757 τῶν
3278 4701 3476 4777 ἱτὲρων
3535 4701 3815 4776 ὀνομάτων

2154 4788 2540 4865 ἰεηγήσασθαι,
2575 4787 2833 4861 δηλονότι
2865 4791 3004 4847 κατὰ
3058 4790 3124 4847 τὸ
3174 4788 3347 4847 α’ίτιον
3405 4792 3590 4865 (τοῦτο
3636 4790 3740 4866 γὰρ
3790 4790 3817 4843 6

2154 4876 2402 4949 σκοπὰς),
2429 4878 2593 4958 φησίν
2628 4896 2641 4909 ·
2683 4880 2877 4952 Ἡμεῖς
3081 4876 3141 4934 δὶ
3188 4880 3283 4935 τὸν
3311 4881 3524 4949 Ἰησοῦν
3582 4877 3683 4934 οὐκ
3728 4878 3819 4933 ἆν-

2157 4970 2450 5044 θρωπικῶς
2484 4966 2837 5045 ἀφορίζομιν,
2868 4967 3015 5023 τοῦτ’
3046 4965 3187 5023 ἔστιν
3221 4969 3286 5023 οὐ
3331 4968 3499 5041 μόνον
3529 4965 3817 5041 ἄνθρωπον

2156 5057 2416 5131 λὲγομεν.
2469 5060 2594 5119 Πῶς
2652 5058 2755 5131 γὰρ
2834 5054 3113 5133 λέγοιμεν,
3168 5056 3494 5133 ὑπερούσιος
3547 5058 3817 5127 Ἰησοῦςς

2155 5144 2325 5222 Ε’ἱπερ
2354 5146 2421 5215 ἦν
2455 5146 2617 5219 μόνον
2668 5142 2977 5220 ἄνθρωπος,
3008 5149 3130 5208 πῶς
3180 5143 3396 5220 “ivero
3448 5144 3772 5220 ὁπιρούσιος
3804 5162 3817 5213 ;

2156 5232 2334 5293 Ἀλλὰ
2362 5232 2645 5312 ἄνθρωπος
2697 5235 2793 5309 μὶν
2823 5231 3051 5306 ἀληθῶς
3118 5235 3146 5291 6
3206 5232 3330 5290 λίαν
3384 5233 3772 5313 φιλάνθρωπος
3804 5252 3817 5267 ’

2154 5329 2317 5380 τοῦτο
2374 5325 2479 5401 γᾶρ
2538 5322 2647 5380 ἐστι
2677 5323 2743 5380 τὸ
2775 5323 3165 5399 διαφερόντως,
3200 5320 3463 5393 δηλονότι
3518 5324 3547 5378 6
3603 5321 3818 5378 πάντων

2158 5412 2426 5491 διαφέρων
2454 5412 2591 5470 κατὰ
2634 5414 2697 5469 τὸ
2741 5411 3132 5490 φιλάνθρωπον
3166 5415 3299 5487 (34).
3334 5414 3658 5488 Ἀνθρωπος
3703 5410 3817 5466 τοί-

2154 5523 2243 5559 νυν
2306 5502 2528 5571 ἆληθῶς
2588 5503 2615 5557 6
2677 5500 3390 5579 ὑπερούσιος,οὐσιωμὲνος
3421 5500 3510 5556 ἐπὶ
3557 5504 3666 5556 τῶν
3726 5500 3816 5555 ἆν-

2158 5594 2393 5666 θρώπων
2476 5591 2685 5663 οὐσίας,
2743 5593 2831 5648 καὶ
2907 5593 3022 5648 κατ’
3102 5591 3445 5667 ἀνθρώπους,
3501 5589 3594 5644 καὶ
3681 5589 3810 5664 ὑπὶρ

2159 5684 2478 5759 ἀνθρώπους
2513 5704 2525 5717 ·
2584 5683 2701 5737 κατ’
2755 5681 3071 5758 ἀνθρώπους
3124 5682 3243 5755 μὶν,
3298 5677 3389 5735 ὃιὲι
3459 5679 3523 5735 τὸ
3600 5678 3653 5733 ἐν
3704 5679 3810 5753 μή·

2156 5793 2259 5848 τρᾳ
2315 5778 2661 5847 χωρηθῆναι,
2690 5769 2779 5826 καὶ
2840 5770 2899 5827 ἐκ
2950 5776 3058 5827 τῶν
3114 5774 3449 5847 παρθενικῶν
3493 5768 3584 5824 καὶ
3641 5760 3845 5846 ἁγίων
