4108 6384
366 424 478 483 445

1185 422 1653 480 ΡΔΟΗΥΜΕΒΕ
1691 420 2201 477 ΡΔΕΔΡΗΒΔΒΙΒ
2236 421 2309 475 IN
2347 419 2504 474 ΕΡΡ.
2547 420 2607 474 S.
2647 417 2980 475 DIONYSII.

3690 424 3795 479 446

370 546 628 623 αἱμάτων
658 551 917 618 συστῆναι
948 548 1040 601 καὶ
1073 540 1274 621 χρόνον
1306 543 1635 618 ἐννεάμηνον
1666 540 1718 598 ἒν
1749 545 1820 616 τῇ
1841 540 2031 615 κοιλίᾳ

2147 558 2281 598 mus
2314 560 2330 600 :
2364 542 2472 599 hoc
2503 545 2614 611 est,
2645 560 2763 600 non
2791 543 3094 601 hominem
3141 545 3333 601 solum
3380 546 3793 618 pradicamus.

371 639 455 701 ὡς
486 635 651 714 ἄρτος
683 634 909 712 πλήρης
953 633 1205 709 οὐράνιος
1258 635 1310 690 ἐν
1355 633 1482 709 ἁγίᾳ
1518 633 1758 709 τραπέζῃ
1789 626 2038 687 διαϐιϐά-

372 748 488 794 σαι,
529 726 622 782 καὶ
674 723 763 781 διὰ
804 724 873 781 τὰ
912 722 1061 780 ἅλλὰ
1109 722 1244 799 ἅπερ
1288 722 1615 796 ᾠκονόμησε
1654 722 1773 777 κατ’
1825 719 2039 796 ἀνθρώ-

367 836 510 881 πους
542 834 554 847 ·
616 815 751 890 ὑπὲρ
802 813 1122 890 ἀνθρώπους
1171 810 1230 868 δε
1278 810 1369 867 διὰ
1416 811 1481 866 τὸ
1530 810 1782 883 ἀσπόρως
1832 808 2040 880 συλλη-

381 912 610 981 φθῆναι,
656 904 749 960 καὶ
799 903 860 960 ἔκ
913 900 1179 977 παρθίνου
1229 902 1574 976 γεννηθῆναι,
1625 898 1714 956 καὶ
1762 895 2040 962 ἀνωδίνως

375 994 779 1070 ἆποτεχθῆναι.
811 996 1139 1068 ’Ἀνθρωπος
1187 994 1480 1067 τοιγαροῦν
1525 990 1555 1045 6
1605 987 1987 1067 φιλάνθρωπος
2019 1004 2034 1022 ⁶

366 1083 502 1140 ἀλλ’
558 1081 713 1140 οὐδὲν
766 1083 927 1155 ἧττον
980 1082 1073 1137 καὶ
1134 1077 1496 1157 ὗπερπλήρης
1558 1077 2037 1153 ὑπερουσιότητος,

365 1179 632 1252 δηλονότι
664 1179 952 1252 θεότητος,
980 1178 1122 1235 κατὰ
1148 1178 1213 1235 τὸ
1236 1176 1526 1253 εἰρημένον
1550 1195 1563 1211 ⁸
1599 1177 1687 1232 Ἐν
1718 1177 1764 1249 ᾧ
1792 1180 2036 1232 κατοικεῖ

363 1275 472 1328 πᾶν
526 1272 593 1327 τὸ
650 1269 937 1347 πλήρωμα
984 1274 1087 1339 τῆς
1138 1266 1397 1339 θεότητος
1447 1270 1802 1341 σωματικῶς.
1860 1265 2037 1323 Τοῦτο

364 1359 428 1418 δὲ
457 1364 580 1417 εἷπε
609 1359 702 1417 διὰ
729 1359 793 1416 τὸ
826 1354 1176 1435 ὑπερϐάλλον
1207 1364 1308 1429 τῆς
1340 1357 1525 1420 οὐσίας
1558 1356 1649 1413 καὶ
1680 1354 1927 1429 ἐξουσίας
1946 1356 2035 1412 καὶ

363 1448 677 1524 δυνάμεως,
711 1448 906 1523 ἀμέλει
937 1446 992 1505 ἐν
1026 1450 1096 1522 τῇ
1145 1454 1250 1518 τῆς
1299 1446 1550 1514 θεότητος
1591 1443 1898 1522 περιουσίᾳ,
1945 1445 2037 1501 καὶ

360 1539 598 1609 ἆληθῶς
626 1536 919 1615 γενόμενος
975 1536 1264 1611 ἅνθρωπος
1311 1539 1447 1611 (35),
1482 1535 1723 1607 οὗσιώθη
1763 1535 1881 1608 μὶν,
1910 1532 2037 1590 ἀλλ’

366 1628 513 1704 ὑπερ
545 1626 731 1684 οὐσίαν
766 1647 782 1662 ο
816 1626 867 1683 ei
894 1626 999 1703 γὰρ
1029 1626 1122 1682 καὶ
1167 1626 1227 1683 ἐκ
1255 1626 1531 1702 γυναικὸς,
1560 1625 1687 1682 ἀλλ’
1718 1624 1807 1681 ἐπὶ
1836 1623 2035 1701 παρθέ-

360 1737 468 1775 νου
499 1718 628 1773 ’καὶ
678 1717 813 1792 ὑπερ
865 1714 1157 1791 ἄνθρωπον
1206 1714 1425 1792 ἆνήργει
1468 1716 1536 1771 τὰ
1583 1715 1891 1790 ἀνθρώπου.
1938 1714 2037 1769 Καὶ

364 1804 573 1878 δῆλον,
622 1805 674 1878 ὗε
733 1806 808 1862 ὧν
857 1805 947 1861 επὶ
1000 1804 1218 1879 ὕδατος,
1268 1805 1345 1869 ὠς
1401 1804 1491 1860 ἐπί
1545 1825 1693 1867 τινος
1751 1806 2034 1878 στεγανοῦ,

367 1895 670 1987 ξπορεόετο
702 1912 719 1930 ο
748 1894 803 1950 τί
832 1894 895 1950 ἄν
923 1892 1179 1987 τιςᾳλιγη
1229 1893 1296 1950 τὰ
1322 1893 1513 1987 Δλοιπὰ
1539 1891 1855 1987 πάμπολλα
1884 1887 2035 1987 ὄντα,
2067 1921 2115 1987 Β

363 1984 440 2041 δι’
473 1986 551 2041 ὧν
572 1986 603 2041 6
634 1986 955 2060 θεοπρεπῶς
1004 1982 1264 2055 ἰξετάζων
1316 1983 1448 2057 ὑπὶρ
1492 1987 1619 2040 νοῦν
1651 1982 1914 2058 γνώσεται
1943 1981 2034 2039 καὶ

355 2074 433 2132 τὰ
474 2073 570 2131 ἰπὶ
612 2077 684 2149 τῇ
735 2071 1031 2147 οἴκονομίᾳ
1082 2076 1181 2129 τοῦ
1238 2079 1501 2146 Σωτῆρος
1556 2072 2033 2151 καταφασκόμενα,

359 2170 601 2247 δύναμιν
645 2167 850 2248 ἔχοντα
889 2171 1232 2247 ὐπεροχικῆς
1281 2171 1656 2246 ἀποφάσεωςς
1703 2170 1765 2224 Τί
1814 2167 1873 2225 δὶ
1919 2168 2031 2226 ιστι

357 2261 692 2340 κατάφασις,
723 2260 816 2317 καὶ
839 2259 897 2317 τί
942 2259 1233 2339 ἄπόφασις,
1282 2258 1511 2334 εἴπομεν
1554 2258 1667 2315 ἄνω
1711 2259 1763 2315 ἰν
1794 2264 1874 2332 τῷ
1905 2259 2033 2335 περὶ

362 2357 643 2428 μυστικῆς
683 2350 969 2427 θεολογίας
1018 2350 1191 2426 τρίτῳ
1239 2349 1547 2425 κεφαλαίῳ.
1589 2351 1716 2414 Πῶς
1759 2346 1817 2405 δέ
1847 2349 1903 2403 αἱ
1931 2367 2032 2404 κα-

353 2444 629 2522 ταφάσῑις
680 2439 908 2505 ἱνταῦθα
955 2437 1189 2514 δύναμιν
1231 2436 1453 2517 ἔχουσιν
1504 2439 1848 2515 ὑπεροχικῆς
1888 2437 2027 2493 ἀπο-

358 2534 587 2608 φάσεως
619 2549 632 2601 ;
666 2527 842 2593 οὕτως
875 2545 892 2564 ⁸
924 2526 995 2587 Et
1036 2530 1145 2606 γὰρ
1189 2527 1283 2585 καὶ
1321 2526 1737 2607 καταφάσκομεν
1771 2526 2027 2604 λέγοντες

360 2627 656 2707 ἄνθρωπον
688 2628 845 2699 εἶναι,
890 2627 980 2684 καὶ
1032 2626 1092 2684 ἐκ
1133 2624 1405 2703 παρθίνου
1452 2628 1661 2703 μητρὸς
1688 2627 1806 2683 κατ’
1837 2625 2027 2683 οὐσίαν

359 2722 399 2790 ἡ
410 2722 553 2794 μῶν,
586 2718 734 2776 ἀλλὰ
760 2718 1146 2794 κεκρυμμένην
1188 2716 1306 2793 ἔχει
1348 2714 1440 2773 καῖ
1477 2714 1610 2792 ὕπδρ
1639 2720 1768 2772 νοῦν
1797 2716 1895 2786 τὴν
1924 2722 2030 2787 τῆς

360 2810 701 2885 ἀποφάσεως
731 2805 961 2882 δύναμιν
985 2825 999 2841 ο
1029 2807 1143 2883 ἐρεῖ
1182 2806 1285 2882 γὰρ
1326 2807 1355 2861 6
1386 2804 1603 2862 ἀκούων
1626 2824 1640 2838 ·
1674 2804 1789 2863 Οὐκ
1817 2802 2029 2882 ἄνθρωο

357 2918 472 2963 πος
502 2895 715 2971 ἁπλῶς,
746 2892 938 2966 ἐπειδὴ
969 2897 1030 2952 ἐκ
1072 2895 1361 2972 παρθένου,
1393 2893 1521 2951 ἀλλ’
1552 2894 1685 2970 ὗπὶρ
1717 2892 2025 2966 ἄνθρωπον,

357 2987 409 3043 εἴ
432 2988 525 3043 καὶ
549 2986 618 3043 τὰ
638 2985 785 3043 ἄλλα
801 2985 1101 3063 ἅνθρωπος.
1124 2990 1489 3061 Ὑπεροχικῆς
1506 2981 1566 3040 δὶ
1586 2984 1700 3040 εἶπε
1719 2985 1857 3059 πρὸς
1880 2984 2032 3040 ἀντι-

364 3083 671 3156 διαστολήν
698 3088 807 3141 τῶν
862 3082 998 3140 κατὰ
1048 3083 1297 3160 στᾶρησιν
1350 3077 1785 3158 λαμϐανομένων
1822 3080 2031 3163 ἀποφά-

356 3195 502 3233 σεων
538 3193 553 3210 ⁸
586 3172 676 3230 καὶ
694 3173 825 3251 γὰρ,
851 3170 944 3229 ’ίνα
966 3169 1281 3235 συνελὸντες
1298 3168 1562 3247 εῗθπωμεν,
1585 3169 1727 3230 Οὐδὲ
1748 3168 2030 3247 ἄνθρωπος

355 3264 453 3335 ἦν,
490 3260 649 3344 φησί.
678 3262 977 3338 Συντόμως
1008 3259 1066 3317 δὲ
1082 3259 1267 3318 ὶαυτὸν
1291 3261 1603 3341 σαφηνίζων
1626 3262 1653 3317 6
1674 3262 1883 3335 Πατὴρ,
1909 3258 2029 3318 ἔπι-

360 3354 542 3433 φὲρει·
563 3350 687 3429 Οὐχ
708 3352 785 3414 ὡς
810 3350 887 3426 μή
912 3352 1220 3428 ἄνθρωπος,
1245 3347 1371 3407 ὀλλ’
1400 3350 1475 3414 ὡς
1502 3349 1804 3426 ἀνθρώπων
1824 3350 2029 3407 ἐπέκει-

364 3461 455 3500 να.
506 3437 597 3498 καὶ
651 3440 788 3517 ΰπὶρ
838 3437 1122 3517 ἄνθρωπον
1174 3436 1398 3511 ἀληθῶς
1436 3434 1722 3515 ἅνθρωπος
1769 3438 2029 3515 γεγονώς.

368 3538 700 3613 Σήμείωσαι
719 3535 779 3594 δὲ
807 3542 983 3594 πᾶσαν
1004 3539 1102 3607 τήν
1128 3537 1380 3616 ὖπερφυῆ
1394 3536 1484 3592 καὶ
1511 3537 1781 3615 ἄφραστον
1804 3540 1900 3593 τοῦ
1922 3539 2030 3595 Κυ-

368 3633 503 3707 ρίου
532 3628 754 3697 ἕνωσιν,
800 3629 883 3684 ὅτι
930 3630 993 3684 οὗ
1036 3626 1175 3682 κατὰ
1218 3626 1347 3682 Θεὸν
1399 3626 1467 3681 τὰ
1507 3626 1625 3681 θεῖα
1670 3624 1887 3702 ἔδρασεν
1923 3646 1935 3659 '
1964 3626 2031 3695 ἦν

362 3720 472 3797 γὰρ
531 3717 820 3793 ἅνθρωπος
851 3733 867 3753 ⁸
920 3713 1047 3772 οὕτε
1091 3716 1210 3771 κατ’
1279 3714 1569 3792 ἄνθρωπον
1628 3714 1695 3770 τὰ
1749 3716 2031 3788 ἀνθρώπι-

358 3805 433 3864 να
464 3810 582 3884 (36)
607 3826 622 3842 '
654 3807 724 3877 ἧν
765 3806 868 3882 γὰρ
918 3807 1071 3868 Θεός.
1104 3806 1265 3862 Ὅθεν
1324 3806 1651 3879 θαυμαστῶς
1700 3804 1729 3859 6
1770 3802 2031 3881 θεολόγος

363 3897 683 3974 Γρηγόριός
741 3916 876 3975 φησι
908 3914 922 3931 ’
991 3893 1333 3969 Κιρναμινων
1395 3892 1578 3971 ὥσπερ
1634 3897 1745 3949 τῶν
1795 3892 2029 3971 φύσεων,

362 3992 515 4052 οὕτω
565 3991 633 4063 δὴ
678 3989 772 4048 καὶ
828 3995 938 4047 τῶν
998 3989 1249 4062 κλήσεων
1310 3989 1402 4045 καὶ
1459 3993 1892 4067 περιχωρουσῶν
1952 3989 2032 4053 sic

361 4084 626 4157 ἀλλήλας
653 4087 737 4157 τῷ
796 4082 949 4159 λόγῳ
994 4088 1099 4153 τῆς
1148 4080 1424 4159 συμφυΐας
1481 4083 1617 4156 (37).
1676 4084 1800 4144 Πῶς
1851 4079 1909 4136 δὲ
1937 4079 2028 4136 καὶ

358 4175 505 4232 κατὰ
562 4173 692 4229 Θεὸν
753 4170 820 4227 τὰ
871 4174 1007 4227 Θεοῦ
1076 4168 1211 4247 ἔργα
1268 4168 1570 4241 tiret-qam;
1633 4168 1885 4241 ἐννόησον
1943 4170 2028 4225 δτι

359 4265 710 4339 σωματικοῖς
761 4256 923 4317 ποσὶν
975 4258 1063 4315 επὶ
1116 4258 1390 4329 θαλάττης
1442 4254 1696 4313 ἔϐάδισε·
1746 4262 1882 4314 Θεοῦ
1933 4258 2029 4331 μὶν

357 4355 472 4429 γὰρ
502 4353 566 4407 τὸ
616 4348 963 4424 συμπιλῆσαι
1020 4345 1170 4424 ὕδωρ
1204 4364 1220 4383 '
1270 4346 1435 4403 πάλιν
1487 4345 1565 4415 δὲ,
1597 4347 1726 4423 σὰρξ
1754 4348 1842 4402 καὶ
1874 4349 2024 4420 ὀστᾶ,

353 4442 453 4499 καὶ
484 4436 653 4503 πόδες
675 4438 739 4497 06
771 4436 1053 4509 θεότητος.
1095 4440 1229 4493 Θεοῦ
1271 4432 1466 4506 πάλιν,
1496 4435 1762 4512 παρθένον
1793 4444 2025 4507 ποιῆσαι

354 4539 517 4596 κύειν
547 4556 562 4573 ·
607 4539 671 4594 τὸ
718 4536 777 4594 δὶ
816 4534 1309 4614 διαμεμορφῶσθαι
1361 4530 1482 4609 ὄψει
1528 4536 1620 4589 καὶ
1662 4539 1782 4597 τοῖς
1803 4536 2026 4597 λοιποῖς

364 4634 592 4713 μέλεσιν
634 4636 699 4693 οὐ
752 4637 1034 4706 θεότητος.
1096 4630 1255 4691 Οὕτω
1310 4630 1400 4688 καὶ
1449 4630 1510 4687 ἔκ
1551 4629 1653 4687 τοῦ
1687 4629 1928 4688 ἱναντίου
1957 4632 2025 4688 τὰ

359 4726 503 4784 αὐτά
535 4747 548 4761 ·
612 4722 673 4781 οῦ
730 4723 835 4802 γὰρ
897 4724 1014 4779 κατ’
1094 4716 1380 4799 ἄνθρωπον
1436 4722 1550 4797 (38)
1605 4723 1674 4777 τὰ
1723 4722 2026 4797 ἀνθρώπων

363 4814 626 4886 ἐποίησεν
663 4832 677 4848 ’
711 4810 995 4887 ἄνθρωπος
1055 4809 1151 4885 μὶν
1208 4810 1309 4888 γὰρ
1356 4811 1423 4881 ἧν
1478 4809 1537 4865 ἐκ
1581 4816 1683 4881 τῆς
1711 4811 1980 4884 παρθένου
2006 4829 2022 4846 ο

362 4908 498 4970 ἀλλ’
530 4910 591 4968 οὐ
644 4912 762 4968 κατ’
810 4908 1095 4986 ἄνθρωπον
1141 4913 1303 4965 τοῦτο
1335 4929 1350 4944 ν
1402 4914 1565 4973 ποῖος
1606 4911 1708 4988 γὰρ
1741 4910 2026 4985 ἅνθρωπος

358 5004 427 5059 ἐκ
487 5000 802 5077 παρθίνους
854 4998 1052 5074 Πάλιν,
1103 4998 1165 5055 τὸ
1221 4998 1350 5057 ποσὶ
1404 4996 1641 5075 βαδίζειν
1693 4998 1981 5076 ἀνθρώπου
2012 5018 2027 5032 ο

361 5099 455 5157 ἐπὶ
490 5096 549 5156 δὶ
578 5094 776 5162 ὕδατος
825 5094 926 5154 οὔκ
972 5095 1302 5170 ἀνθρώπου·
1356 5098 1519 5160 ποῖος
1563 5095 1667 5172 γὰρ
1722 5097 2030 5172 ἅνθρωπος,

358 5188 501 5245 καθὸ
562 5187 872 5264 ἅνθρωπος,
921 5187 1011 5243 καὶ
1066 5185 1111 5241 εἱ
1166 5184 1243 5259 μὴ
1300 5184 1407 5240 τινὶ
1457 5185 1577 5256 θείᾳ
1635 5182 1883 5259 δυνάμει,
1943 5184 2030 5241 ἐπὶ

363 5276 587 5335 ὑδάτων
641 5272 895 5345 ἑϐάδισε;
944 5277 1054 5331 Τοῦ
1114 5276 1248 5329 Θεοῦ
1299 5272 1402 5351 γὰρ
1460 5274 1979 5349 ἒνανθρωπήσαντος
2016 5294 2029 5307 ο

361 5379 554 5451 (τοῦτο
611 5374 713 5452 γάρ
775 5373 889 5431 ἑστι
966 5373 1029 5429 τὸ
1096 5369 1527 5449 ἀνδρωθέντοςο)
1585 5370 1723 5448 ἀνὴρ
1783 5374 1885 5448 γὰρ
1944 5375 2034 5429 καὶ

362 5464 659 5541 ἄνθρωπος
692 5461 848 5527 ῗδίως
878 5460 1097 5538 λὲγεται
1131 5481 1143 5494 ⁸
1190 5463 1218 5519 ὁ
1250 5458 1310 5518 ἐκ
1337 5466 1446 5517 τῶν
1480 5457 1576 5517 δύο
1611 5459 1820 5539 φύσεων
1850 5460 2034 5540 φανεὶς

362 5557 591 5626 Ἰησοῦς
634 5552 700 5610 τὰ
754 5559 857 5624 τῆς
917 5549 1240 5627 θεανδρικῆς
1297 5547 1566 5627 ἐνεργείας
1625 5553 1761 5625 ἡμῖν
1828 5547 2038 5607 ἐπεδεί-

449 5768 528 5841 (0)
559 5769 777 5827 Coloss.
810 5786 872 5839 ιι,
904 5771 956 5825 9.

2147 631 2381 703 Alioqui
2411 648 2530 704 qua
2561 632 2798 690 subnixi
2830 633 3057 689 ratione
3086 634 3626 707 pronuntiaremus,
3660 637 3799 709 quia

2149 722 2747 793 supersubstantialis
2778 727 2868 779 est
2893 723 3245 780 Jesus?Nam
3276 725 3327 780 si
3360 724 3534 783 homo
3568 730 3797 784 tantum

2150 814 2293 878 erat,
2327 812 2427 882 qui
2458 812 2572 868 dici
2604 815 2834 884 poterat
2865 829 3046 885 supra
3074 814 3473 870 substantiam
3502 816 3802 873 eminere?

2147 902 2223 957 At
2252 901 2510 973 profecto
2547 917 2683 959 vere
2729 901 2906 960 homo
2956 907 3083 959 erat
3129 902 3230 961 ille
3274 904 3443 959 valde
3489 904 3799 962 hominum

2151 1005 2359 1046 amans
2394 1009 2409 1049 :
2441 990 2553 1047 hoc
2581 991 2737 1048 enim
2763 992 3096 1049 excellenter
3125 996 3236 1062 est,
3269 1008 3481 1066 nempe
3524 994 3802 1051 omnibus

2149 1079 2438 1136 creaturis
2505 1080 2796 1139 excellens
2852 1080 3261 1139 benevolentia
3315 1098 3455 1155 erga
3509 1083 3803 1140 homines.

2149 1168 2335 1225 Homo
2366 1168 2548 1241 igitur
2577 1185 2712 1227 vere
2739 1170 3015 1244 idemque
3046 1170 3642 1244 supersubstantialis
3692 1172 3807 1228 hu-

2149 1274 2327 1315 mana
2365 1258 2850 1316 circumamictus
2890 1262 3225 1318 substantia
3242 1264 3334 1318 est
3351 1262 3683 1317 secundum
3704 1262 3805 1319 ho-

2150 1347 2365 1415 mines,
2396 1349 2499 1406 sed
2530 1357 2585 1406 et
2618 1366 2799 1421 supra
2828 1349 3118 1407 homines.
3151 1350 3489 1407 Secundum
3534 1351 3807 1408 homines

2149 1438 2412 1511 quidem,
2443 1440 2599 1511 quod
2622 1439 2918 1513 angustiis
2941 1441 3193 1497 materni
3214 1441 3364 1498 uteri
3397 1444 3673 1513 exceptus
3705 1441 3805 1511 sit,

2147 1528 2300 1599 quod
2334 1528 2706 1586 concretione
2735 1530 2983 1602 virginei
3015 1546 3082 1587 ac
3130 1529 3438 1603 purissimi
3492 1531 3806 1603 sanguinis

2146 1616 2339 1689 ipsius
2370 1634 2587 1692 corpus
2616 1619 2937 1676 conﬂatum
2969 1620 3478 1692 constitutumque
3510 1620 3610 1689 sit,
3641 1624 3699 1677 et
3745 1621 3807 1677 in

2148 1705 2277 1764 alvo
2308 1707 2551 1780 perinde
2581 1725 2649 1765 eo
2679 1709 2851 1781 panis
2879 1709 3107 1781 integer
3136 1713 3195 1766 et
3223 1709 3476 1767 caelestis
3531 1709 3592 1767 in
3640 1725 3809 1768 sacra

2148 1812 2354 1855 mensa
2374 1798 2907 1871 repositus,novem
2930 1798 3225 1855 mensium
3256 1802 3493 1872 tempus
3524 1800 3802 1872 exegerit.

2147 1890 2393 1959 Propter
2422 1888 2750 1945 etiamnum
2800 1887 3080 1961 pleraque
3130 1888 3265 1959 alia,
3318 1905 3448 1960 quas
3491 1888 3802 1947 hominum

2145 1993 2311 2034 more
2340 1976 2675 2034 admirabili
2705 1976 3145 2050 dispensatione
3174 1977 3376 2050 gessit.
3410 1978 3588 2035 Porro
3627 1994 3805 2050 supra

2143 2066 2419 2124 homines
2468 2066 2635 2135 dixit,
2685 2068 2841 2140 quod
2894 2067 3023 2125 sine
3075 2066 3301 2124 semine
3350 2067 3575 2140 copulas
3618 2067 3805 2127 virilis

2143 2160 2462 2227 conceptus
2492 2160 2938 2229 prognatusque
2965 2157 3044 2214 sit
3072 2173 3142 2213 ex
3171 2156 3416 2229 virgine,
3449 2158 3607 2230 quod
3656 2159 3804 2216 citra

2143 2244 2325 2302 ullius
2355 2245 2573 2302 doloris
2604 2262 2847 2303 sensum
2884 2246 2963 2303 sit
2990 2246 3207 2303 editus.
3239 2249 3425 2303 Homo
3470 2245 3653 2319 igitur
3698 2248 3799 2303 be-

2142 2336 2361 2407 nignus
2393 2336 2488 2393 hic
2519 2339 2748 2393 amator
2776 2335 3111 2404 hominum,
3133 2339 3190 2391 et
3218 2351 3350 2392 vere
3383 2335 3578 2394 homo.
3600 2335 3796 2392 Nihilo

2139 2428 2337 2481 tamen
2361 2424 2562 2481 minus
2583 2422 3146 2498 supersubstantiali
3168 2441 3278 2481 sua
3298 2425 3629 2497 majestate,
3641 2424 3797 2481 divi-

2138 2514 2324 2571 nitate
2352 2514 2622 2572 videlicet
2650 2530 2935 2587 perquam
2969 2513 3405 2587 plenus,manet
3427 2515 3594 2585 juxta
3623 2514 3791 2575 Pauli

2138 2607 2365 2665 dictum
2401 2622 2415 2663 :
2450 2606 2508 2661 In
2539 2619 2645 2676 quo
2674 2604 2885 2661 habitat
2932 2606 3110 2662 omni:
3149 2603 3436 2676 plenitudo
3478 2604 3790 2662 divinitatis

2136 2696 2497 2769 corporaliter
2519 2694 2616 2766 (ο).
2642 2695 2757 2749 Ηοο
2779 2710 2921 2750 sane
2950 2694 3100 2750 dixit
3128 2698 3367 2766 propter
3395 2693 3794 2751 eminentissi-

2139 2802 2300 2843 mam
2329 2784 2445 2841 vim
2479 2783 2847 2851 substantiae,
2866 2782 3550 2855 potestatis,virtutisque
3574 2783 3790 2856 ipsius,

2136 2875 2410 2931 videlicet
2456 2873 2516 2929 in
2566 2871 2891 2929 divinitatis
2942 2870 3265 2944 opulentia,
3315 2875 3372 2928 et
3416 2888 3550 2929 vere
3597 2872 3791 2929 factus

2138 2965 2339 3034 homo,
2386 2966 2649 3019 nostram
2699 2961 2938 3033 quidem
2990 2976 3228 3017 carnem
3276 2960 3634 3034 assumpsit;
3686 2962 3790 3018 sed

2140 3070 2323 3127 supra
2354 3053 2626 3109 humanas
2659 3050 3003 3108 substantias
3050 3050 3381 3107 modulum.
3427 3050 3674 3107 Etiamsi
3722 3066 3792 3107 ex

2140 3142 2531 3211 muliere,non
2562 3146 2763 3199 tamen
2794 3157 2862 3198 ea
2892 3140 3419 3213 qualicunque,sed
3447 3141 3675 3213 virgine
3699 3157 3713 3196 :
3736 3144 3795 3197 et

2144 3250 2271 3306 quas
2296 3231 2557 3289 hominis
2580 3234 2751 3288 erant
2778 3230 3225 3303 propria,supra
3251 3230 3570 3287 humanam
3602 3230 3793 3287 imbe-

2060 3307 2105 3376 C
2142 3319 2449 3377 cillitatem
2478 3319 2682 3391 gessit.
2716 3319 2925 3390 Liquet
2954 3333 3024 3373 ex
3052 3333 3141 3389 eo,
3173 3318 3330 3390 quod
3368 3333 3548 3390 super
3575 3334 3792 3391 aquam

2140 3411 2448 3481 ingressus
2477 3407 2573 3477 sit,
2604 3407 2774 3480 quasi
2805 3406 2956 3464 alius
2988 3406 3219 3480 quidvis
3250 3406 3504 3463 solidum
3557 3407 3794 3478 suppri-

2142 3502 2329 3557 meret
2357 3502 2415 3554 et
2444 3495 2915 3568 impenetrabile.
2947 3496 3097 3561 Quid
3120 3497 3249 3568 jam
3277 3511 3517 3553 necesse
3564 3495 3795 3569 reliqua

2142 3594 2210 3645 ut
2239 3603 2641 3661 percenseam,
2673 3590 2796 3643 tam
2832 3585 3023 3642 multa
3051 3601 3189 3642 cum
3219 3584 3383 3642 sint?
3411 3586 3522 3641 Per
3548 3602 3698 3656 qua),
3741 3585 3794 3643 si

2142 3679 2276 3751 quis
2302 3678 2543 3733 tandem
2593 3692 2662 3732 ea
2708 3676 3037 3732 etiamnum
3087 3676 3362 3732 decenter
3408 3691 3474 3730 ao
3520 3673 3794 3747 religiose

2141 3766 2504 3840 expenderit,
2536 3782 2663 3838 quae
2695 3765 2767 3820 de
2792 3764 3236 3836 dispensatione
3266 3763 3588 3819 Servatoris
3634 3764 3793 3819 affir-

2141 3857 2356 3913 mative
2388 3853 2852 3928 pronuntiantur
2882 3852 3165 3926 percipiet
3187 3852 3305 3909 vim
3337 3852 3396 3908 in
3429 3869 3491 3909 se
3542 3853 3793 3909 retinere

2140 3944 2367 4004 eximiae
2399 3942 2730 4017 negationis
2759 3942 3334 4000 efﬁcacem.Proinde
3362 3941 3505 4013 quid
3536 3941 3613 3999 sit
3642 3942 3797 3998 al‘ﬁr—

2141 4033 2343 4101 matio,
2376 4037 2580 4090 contra
2609 4031 2751 4104 quid
2783 4031 3037 4104 negatio,
3070 4031 3345 4103 superius
3384 4030 3556 4087 nobis
3604 4029 3790 4103 expli-

2139 4127 2333 4181 catum
2366 4126 2473 4192 est,
2524 4121 2714 4195 capite
2761 4118 2932 4177 tertio
2979 4120 3226 4191 Mysticw
3273 4119 3427 4177 250
3475 4118 3786 4193 theologia.

2139 4213 2250 4271 Sed
2280 4230 2395 4285 quo
2427 4213 2667 4267 demum
2699 4214 2869 4284 pacto
2902 4206 3317 4282 intelliguntur
3362 4208 3787 4265 afﬁrmationes

2137 4300 2413 4377 praesenti
2444 4300 2571 4358 loco
2601 4298 2718 4357 vim
2750 4298 2809 4355 in
2841 4315 2903 4356 se
2934 4298 3197 4355 obtinere
3227 4297 3558 4371 praestantis
3588 4298 3788 4369 cujus-

2135 4392 2295 4467 piam
2326 4388 2698 4464 negationis?
2720 4388 2837 4445 Hoc
2868 4405 3009 4445 sane
3040 4388 3213 4444 modo
3249 4405 3263 4443 :
3294 4386 3555 4443 Tametsi
3583 4386 3787 4445 Jesum

2137 4482 2484 4555 proﬁtemur
2515 4478 2807 4536 hominem
2839 4493 2989 4547 esse,
3021 4476 3200 4549 idque
3231 4493 3300 4533 ex
3327 4477 3552 4547 virgine
3598 4481 3787 4533 matre

2137 4575 2195 4628 et
2216 4574 2429 4627 nostris
2453 4567 2799 4625 substantia:
2822 4566 3189 4640 participem;
3215 4565 3314 4622 sed
3351 4570 3409 4620 et
3440 4565 3786 4636 adopertam

2055 4683 2103 4747 D
2137 4660 2197 4717 in
2213 4677 2274 4716 se
2287 4657 2580 4731 ejusmodi
2595 4654 3433 4726 afﬁrmationis,arcanamque
3445 4653 3562 4709 vim
3576 4654 3791 4713 retinet

2138 4747 2492 4822 negationis,
2525 4763 2648 4817 quas
2681 4748 2894 4802 nostris
2927 4742 3103 4801 etiam
3154 4741 3371 4798 mentis
3425 4743 3791 4800 transcendit

2139 4837 2346 4894 aciem.
2380 4835 2655 4907 Quisquis
2685 4831 2842 4891 enim
2874 4830 3038 4889 audit
3067 4831 3193 4902 hoc,
3224 4847 3360 4887 mox
3410 4830 3724 4904 respondet
3772 4847 3787 4887 :

2136 4930 2266 4983 Non
2300 4924 2650 4998 simpliciter
2680 4922 2875 4994 homo,
2917 4920 3395 4996 quandoquidem
3447 4935 3516 4976 ex
3559 4919 3789 4992 virgine

2139 5018 2466 5090 prognatus
2500 5018 2610 5084 est,
2661 5013 2763 5069 sed
2817 5028 2999 5085 supra
3043 5010 3314 5066 humanas
3364 5016 3586 5066 naturas
3646 5024 3789 5064 con-

2142 5103 2451 5169 ditionem,
2481 5100 2715 5159 etiamsi
2747 5104 2953 5156 caetera
2993 5100 3071 5156 sit
3116 5098 3311 5157 homo.
3364 5097 3539 5154 Porro
3590 5094 3788 5171 ὑπερο-

2142 5198 2310 5269 χικῆς
2343 5189 2577 5264 adjecit,
2608 5191 2668 5246 id
2698 5193 2784 5246 est
2809 5189 3195 5262 praecellentis,
3228 5186 3300 5244 ad
3349 5186 3791 5243 distinctionem

2144 5298 2370 5351 earum,
2391 5297 2520 5355 quae
2552 5278 2865 5353 privatorie
2896 5281 3236 5347 sumuntur,
3254 5275 3793 5348 negationum.Ete-

2147 5372 2295 5440 nim,
2327 5374 2394 5426 ut
2424 5372 2636 5426 cuncta
2682 5367 3061 5425 absolvemus
3110 5365 3375 5424 breviore
3420 5364 3790 5438 compendio.

2146 5462 2346 5533 Neque
2378 5459 2553 5516 homo
2588 5461 2734 5524 erat,
2763 5456 2976 5529 inquit.
3030 5456 3257 5513 Rursus
3307 5454 3588 5512 concisim
3636 5452 3797 5511 velut

2150 5550 2411 5623 seipsum
2446 5547 2743 5621 explicans
2770 5547 2958 5616 Pater,
2992 5547 3118 5619 jam
3167 5545 3341 5602 dictis
3387 5544 3551 5601 addit
3600 5560 3613 5601 :
3665 5541 3792 5599 Non
