4108 6384
372 411 476 468 447

1179 416 1545 472 APPENDIX
1582 420 1681 473 AD
1718 419 1959 474 OPERA
2000 420 2061 473 Β.
2102 418 2421 476 DIONYBII
2461 421 2965 480 AREOPAGITE.

3680 416 3789 472 448

365 538 536 612 quasi
568 555 681 594 non
715 538 912 607 homo,
947 540 1142 597 verius
1171 543 1343 614 quasi
1398 559 1773 600 communem
1828 544 2013 600 homi-

2136 543 2281 615 ξατο.
2318 545 2635 620 Σημείωσαι
2686 544 2743 602 δὲ
2792 546 2876 604 ὅτι
2924 552 3018 603 νῦν
3069 547 3165 622 μὶν
3200 548 3229 603 6
3275 544 3429 623 ἅγιος
3454 545 3555 615 τὴν
3584 543 3788 618 μικτὴν

364 644 507 684 num
556 631 831 685 naturam
879 632 1325 700 transcendens,
1376 638 1434 689 et
1484 650 1665 706 supra
1715 632 2019 689 hominem

357 733 487 773 vere
511 717 707 774 editus
729 718 926 775 homo.
950 720 1151 776 Obiter
1174 720 1349 777 velim
1384 725 1550 778 notes
1584 722 1836 779 solidam
1870 721 2022 778 hanc

356 806 669 879 epistolam
712 808 940 864 intendi
987 809 1270 866 adversus
1322 811 1728 868 Nestorianos.
1779 811 2022 868 Notabis

356 896 606 969 insuper
634 896 1095 956 inenarrabilem
1138 898 1401 971 nullique
1452 899 1855 973 explicandam
1910 905 2019 957 Do-

356 985 505 1042 mini
537 989 677 1044 Jesu
710 989 1009 1059 unionem,
1045 989 1184 1061 quia
1216 1007 1330 1047 non
1363 995 1431 1047 ut
1461 992 1616 1049 Deus
1644 995 1881 1048 tantum
1932 991 2019 1046 di-

355 1077 492 1131 vina
542 1077 785 1149 perfecit
817 1094 831 1133 :
864 1082 989 1134 erat
1018 1078 1174 1135 enim
1224 1080 1423 1137 homo.
1477 1081 1735 1137 Rursum
1787 1097 1903 1136 non
1953 1083 2020 1136 ut

356 1164 532 1221 homo
554 1170 785 1222 tantum
810 1167 1071 1223 humana
1092 1169 1298 1240 gessit;
1322 1174 1445 1227 erat
1468 1170 1627 1227 enim
1652 1170 1827 1227 Deus.
1854 1169 2019 1227 Unde

356 1259 413 1310 et
444 1254 761 1327 Gregorius
792 1256 1101 1329 theologus
1129 1258 1557 1316 admirabiliter
1585 1260 1749 1325 dicit,
1790 1259 2016 1316 naturis

353 1342 531 1399 veluti
564 1360 693 1400 com
708 1344 1016 1417 mistis,sic
1048 1347 1334 1404 nimirum
1368 1347 1863 1422 appellationibus
1894 1364 2021 1404 mu-

351 1434 451 1486 tuo
503 1448 742 1506 quoque
792 1435 1237 1493 recurrentibus
1297 1438 1524 1494 ratione
1580 1437 2018 1509 conjunctionis

2138 632 2407 709 ἐνεργειαν
2463 634 2783 711 Θεανδρικὴν
2834 634 3081 692 ἐκάλεσεν
3132 638 3290 711 (39)·
3352 634 3622 712 ἐνήργησε
3677 634 3782 708 γὰρ

2129 722 2221 778 καὶ
2291 725 2366 785 ὡς
2425 724 2556 787 Θεὸς
2609 726 2797 798 μόνον,
2886 723 2975 781 ὅτε
3052 726 3205 782 ἀπὼν
3261 726 3353 779 τὸν
3411 727 3509 779 τοῦ
3564 723 3784 778 ἑκατον-

2127 812 2343 889 τάρχου
2400 810 2569 868 παῖδα
2620 813 2807 870 ἰάσατο
2858 816 3020 888 (40)·
3074 814 3164 869 καὶ
3225 815 3300 876 ὡς
3343 812 3625 888 ἄνθρωπος
3683 812 3787 885 μό-

2126 922 2242 972 νον,
2277 902 2440 957 εἶκαὶ
2478 904 2607 965 Θεὸς
2639 904 2728 973 ᾖν,
2780 901 2832 957 ἐν
2878 925 2960 976 τῳ
3006 902 3195 958 ἐσθίειν
3246 903 3335 957 καὶ
3369 902 3677 965 λυπεῖσθαι.
3719 901 3787 956 Ὀ

2129 987 2187 1045 δὲ
2232 992 2535 1066 ἅγιος,τὴν
2590 994 2892 1069 θεαρχικήν
2954 992 3120 1048 εἰπὼν
3180 991 3473 1068 ἐνέργειαν,
3524 988 3785 1061 δηλονότι

2125 1082 2246 1144 καθ’
2294 1078 2361 1149 ἤν
2411 1080 2626 1156 ἐνήργει
2682 1082 2749 1136 τὰ
2797 1080 3049 1155 θαύματα
3093 1083 3226 1156 (41),
3286 1079 3375 1135 καὶ
3417 1078 3629 1154 τυφλοῦ
3686 1078 3783 1151 μὶν

2127 1167 2447 1245 ὀφθαλμοὺς
2504 1166 2593 1225 διά
2662 1169 2899 1245 χρίσεως
2960 1167 3333 1243 ἐδημιούργει,
3384 1168 3494 1247 ἀφή
3545 1165 3603 1223 δὲ
3649 1187 3785 1242 κρα·

2128 1256 2327 1314 σπεδου
2354 1261 2455 1328 τήν
2501 1258 2905 1335 αἱμοῤῥοοῦσαν
2951 1259 3095 1328 ἱᾶτο,
3143 1258 3239 1320 τάς
3289 1257 3376 1312 ἐπὶ
3408 1261 3648 1331 Χριστοῦ
3681 1254 3782 1311 δύο

2126 1348 2397 1424 ἐνεργείας
2447 1344 2716 1418 ἐδήλωσε.
2768 1349 3066 1423 Συνάγεται
3118 1346 3220 1424 ἄρα
3270 1346 3330 1402 ἐκ
3372 1345 3580 1401 τούτων
3612 1346 3781 1400 ἀπάνο

2124 1458 2257 1505 των,
2290 1434 2375 1490 ὅτι
2404 1438 2493 1491 καὶ
2516 1436 2801 1511 ἄνθρωπος
2830 1434 2979 1511 εἴπερ
3013 1434 3234 1511 λέγοιτο
3265 1435 3341 1499 ὡς
3368 1432 3542 1497 αἶ’τιος
3570 1433 3662 1489 καὶ
3691 1433 3785 1488 ἆν-

354 1523 724 1578 naturarum.
759 1522 1044 1579 Caeterum
1068 1526 1365 1596 quomodo
1387 1530 1452 1582 ut
1472 1526 1626 1583 Deus
1647 1526 1852 1599 gessit,
1882 1543 2013 1600 quas

2129 1524 2360 1598 θρώπων
2394 1521 2757 1601 δημιουργὸς,
2780 1527 2957 1587 καθὼς
2981 1524 3243 1601 ἐλέγομεν
3274 1525 3367 1579 καὶ
3397 1522 3486 1578 ἐπὶ
3515 1527 3632 1585 τοῖς
3674 1521 3785 1578 ἐτὲο

356 1608 556 1666 divina
585 1616 753 1667 erant
782 1614 1017 1687 proprie
1038 1612 1067 1670 τ
1098 1614 1300 1671 Recole
1327 1616 1482 1688 quod
1517 1616 1765 1689 pedibus
1812 1632 2013 1689 corpo-

2129 1634 2241 1690 ροις
2273 1613 2558 1687 ὀνόμασιν,
2593 1612 2710 1669 ἐπεὶ
2745 1615 2875 1688 ὑπὶρ
2918 1611 3204 1689 ἄνθρωπον
3236 1612 3304 1667 τά
3337 1615 3447 1667 τῶν
3479 1612 3784 1687 ἀνθρώπων

354 1699 472 1755 reis
501 1716 679 1773 super
708 1717 871 1758 mare
901 1703 1211 1775 ingressus
1249 1703 1347 1760 sit.
1382 1704 1597 1761 Divinis
1630 1708 1828 1762 autem
1875 1721 2012 1777 ope-

2129 1702 2363 1779 ἐνήργει,
2396 1702 2495 1758 οὐκ
2526 1702 2583 1757 ἂν
2618 1699 3013 1776 διαλυμανθείη
3037 1701 3276 1758 καθόλου
3306 1702 3340 1772 ἠ
3373 1699 3608 1772 ἀλήθεια
3638 1700 3779 1773 (42).

355 1789 605 1847 rationis
661 1790 894 1864 insigne
950 1796 1042 1849 est
1098 1793 1427 1866 astringere
1484 1793 1733 1850 liuidum
1795 1810 1961 1866 aquis
2018 1793 2411 1862 elementum;
2461 1797 2688 1861 contra,
2737 1810 2894 1860 caro,
2941 1809 3075 1850 ossa
3117 1797 3176 1849 et
3224 1793 3427 1865 pedes,
3473 1792 3591 1847 non
3636 1789 3780 1846 huic

352 1878 567 1935 divinae
596 1879 910 1937 tribuenda
940 1884 1182 1938 naturas.
1218 1882 1445 1938 Rursus
1470 1883 1628 1955 quod
1670 1882 1835 1956 virgo
1883 1882 2047 1939 salva
2112 1881 2450 1955 integritate
2496 1880 2814 1955 concipiat,
2861 1882 2996 1955 quis
3050 1880 3161 1938 hoc
3202 1880 3437 1937 dubitet
3478 1879 3777 1936 ascribere

349 1968 561 2025 divinis
590 1969 957 2042 operationi?
987 1987 1020 2027 e
1048 1971 1301 2041 diverso,
1334 1973 1491 2043 quod
1524 1971 1669 2028 facie
1699 1972 2044 2045 reliquaque
2074 1971 2474 2029 membrorum
2505 1971 2816 2029 harmonia
2844 1972 3187 2029 efformatus
3211 1970 3779 2042 sit,haudquaquam

347 2057 643 2115 divinitati
675 2060 934 2116 noscitur
962 2065 1314 2133 competere.
1346 2061 1432 2117 Ad
1463 2063 1733 2118 eumdem
1784 2062 2050 2131 modum,
2102 2061 2306 2118 eadem
2357 2076 2556 2134 opera,
2606 2078 2641 2118 a
2687 2061 3016 2130 contrario;
3065 2077 3182 2118 non
3232 2060 3391 2117 enim
3439 2058 3773 2117 secundum

348 2145 623 2203 humane
655 2155 873 2205 natura:
904 2148 1055 2206 vires
1085 2151 1269 2222 gessit
1298 2167 1428 2223 quas
1456 2150 1718 2208 humana
1746 2155 1920 2221 sunt;
1970 2151 2145 2208 homo
2192 2150 2430 2223 quidem
2477 2156 2622 2220 erat,
2677 2150 2857 2223 idque
2904 2168 2976 2208 ex
3020 2149 3270 2224 virgine,
3301 2150 3424 2221 {sed
3474 2153 3533 2206 et
3578 2147 3775 2205 neuti-

347 2252 530 2310 quam
560 2236 831 2295 humanai
862 2239 1258 2309 conditionis;
1296 2257 1431 2296 nam
1463 2256 1641 2313 quem
1672 2240 1817 2297 mihi
1848 2240 2081 2298 dederis
2106 2241 2205 2312 qui
2234 2256 2304 2296 ex
2332 2239 2554 2311 virgine
2585 2243 2909 2313 prognatus
2940 2240 3017 2296 sit
3044 2240 3265 2297 homo?
3302 2239 3554 2306 Rursus,
3584 2236 3773 2311 {pedi-

347 2326 463 2383 bus
494 2325 777 2396 incidere,
834 2327 943 2385 hoc
993 2327 1254 2385 hominis
1301 2345 1431 2387 esse
1481 2329 1669 2402 liquet
1719 2347 1733 2387 :
1784 2345 1963 2403 super
2007 2345 2222 2403 aquam
2280 2328 2529 2402 ingredi,
2580 2345 2697 2386 non
2748 2330 2877 2401 jam
2934 2329 3196 2388 hominis
3252 2332 3365 2386 est.
3417 2327 3559 2397 Quis
3609 2326 3776 2385 enim

348 2411 667 2486 aliquando
717 2413 1027 2471 hominum
1073 2419 1367 2488 quatenus
1417 2416 1615 2486 homo,
1664 2416 1780 2473 nisi
1822 2416 1983 2473 idem
2036 2416 2235 2472 divina
2282 2415 2561 2488 quapiam
2608 2416 2823 2473 virtute
2871 2415 3185 2487 subnixus,
3235 2431 3417 2488 super
3459 2428 3648 2489 aquas
3689 2412 3781 2470 in-

352 2502 516 2576 gredi
549 2503 788 2574 potuit?
816 2504 914 2559 Dei
947 2503 1106 2561 enim
1146 2505 1404 2577 operatio
1448 2504 1612 2575 talis,
1661 2506 1763 2562 sed
1814 2505 1915 2579 qui
1963 2505 2078 2562 sibi
2126 2505 2450 2562 humanam
2500 2505 2762 2563 induerit
2806 2510 3103 2563 naturam.
3160 2506 3279 2563 Hoc
3327 2504 3498 2579 plane
3548 2504 3782 2561 indicat

350 2591 530 2649 dictio
560 2588 949 2667 ἀνδρωθέντος,
978 2594 1065 2651 vir
1095 2594 1253 2651 enim
1286 2594 1463 2653 simul
1494 2598 1552 2651 et
1581 2594 1757 2651 homo
1788 2595 2017 2667 signate
2047 2594 2299 2663 dicitur;
2346 2598 2413 2651 ut
2456 2594 2558 2668 qui
2605 2611 2675 2652 ex
2722 2596 2955 2653 duabus
3002 2596 3148 2654 251
3206 2594 3438 2652 naturis
3485 2592 3781 2652 conﬂatus

350 2697 760 2755 apparensque
807 2683 1096 2740 Dominus
1143 2687 1336 2753 Jesus,
1387 2700 1615 2753 eorum,
1664 2701 1791 2757 quas
1838 2684 2219 2755 theandrica,
2274 2683 2385 2741 hoc
2430 2688 2521 2741 est
2568 2684 2671 2741 Dei
2716 2683 2905 2741 virilis
2953 2693 3121 2741 erant
3150 2683 3535 2758 operationis,
3566 2682 3773 2740 multi-

345 2770 481 2844 plex
528 2770 822 2843 specimen
872 2772 1043 2829 nobis
1092 2773 1360 2830 ediderit.
1407 2774 1557 2831 Nota
1603 2773 1866 2846 insuper,
1917 2773 2198 2846 quoniam
2247 2777 2490 2831 sanctus
2537 2774 2691 2831 hanc
2740 2773 2958 2831 Christi
3006 2774 3450 2831 miscellaneam
3481 2771 3775 2846 operatio-

348 2877 481 2917 nem
510 2862 836 2918 vocandam
889 2862 1121 2919 censuit
1168 2858 1509 2935 θεανδρικήν,
1561 2862 1673 2920 hoc
1720 2866 1811 2919 est
1862 2862 1960 2918 Dei
2010 2861 2261 2921 virilem.
2307 2864 2596 2935 Operatus
2644 2863 2802 2920 enim
2853 2867 2964 2933 est,
3013 2866 3071 2919 et
3112 2861 3282 2935 quasi
3338 2862 3495 2919 Deus
3554 2860 3773 2931 solum,

350 2951 587 3022 quando
617 2951 833 3008 absens
865 2950 1053 3007 {ilium
1104 2952 1466 3009 centurionis
1514 2952 1762 3008 sanavit.
1813 2951 2050 3017 Contra,
2101 2955 2168 3006 ut
2214 2950 2391 3007 homo
2441 2953 2655 3019 solum,
2707 2951 2863 3008 Deus
2910 2950 3127 3024 alioqui
3186 2951 3342 3008 idem
3394 2967 3531 3007 cum
3580 2954 3773 3018 esset;

350 3039 591 3110 quando
623 3043 905 3107 jcomesse
952 3038 1160 3107 voluit,
1208 3044 1267 3095 et
1313 3040 1471 3095 affici
1517 3056 1783 3096 mcerore.
1838 3040 2016 3096 Porro
2065 3043 2309 3095 sanctus
2356 3038 2452 3095 hic
2505 3039 2804 3114 θεαρχικήν
2854 3055 2991 3095 cum
3023 3038 3190 3111 dixit,
3220 3038 3320 3096 Dei
3351 3038 3581 3095 virilem
3613 3038 3776 3094 vide-

352 3127 493 3184 licet
522 3126 685 3184 illam
720 3128 817 3185 Dei
847 3128 1267 3200 operationem,
1300 3145 1400 3200 per
1431 3144 1609 3202 quam
1642 3128 2021 3202 suspicienda
2067 3128 2237 3201 signa
2283 3128 2495 3185 edebat
2544 3145 2559 3187 :
2611 3133 2776 3202 puta,
2826 3145 2947 3201 qua
2994 3129 3131 3185 caeci
3181 3127 3382 3185 oculos
3430 3127 3557 3185 sola
3598 3127 3778 3184 inun-

354 3216 547 3273 ctione
595 3217 849 3285 refinxit,
899 3217 1022 3274 solo
1069 3217 1213 3274 item
1263 3221 1484 3275 attactu
1535 3218 1779 3274 fimbrias
1828 3218 2053 3275 curavit
2094 3216 2623 3287 haamorrhousam,
2656 3219 2808 3275 duas
2837 3217 2897 3273 in
2928 3217 3160 3275 Christo
3191 3218 3374 3274 fuisse
3405 3216 3779 3290 operationes

352 3304 462 3362 hoc
516 3308 756 3363 nomine
802 3306 1130 3363 luculenter
1175 3309 1482 3379 expressit.
1532 3308 1613 3364 Ex
1662 3306 1752 3364 his
1805 3324 1948 3364 sane
1986 3306 2266 3364 omnibus
2312 3308 2661 3381 compendio
2707 3307 3027 3380 colligitur,
3079 3307 3219 3379 quia
3269 3307 3543 3364 Christus
3591 3304 3781 3363 asseri

350 3394 528 3451 etiam
573 3399 802 3468 poterat
852 3397 1026 3452 homo
1071 3400 1365 3468 quatenus
1413 3401 1613 3453 auctor
1658 3401 1719 3453 et
1764 3396 2076 3453 hominum
2105 3401 2335 3454 creator
2362 3401 2517 3467 erat;
2552 3396 3057 3470 quemadmodum
3088 3397 3150 3453 in
3182 3394 3437 3453 aliorum
3469 3395 3783 3453 hominum

352 3482 739 3555 explicatione
767 3484 1001 3540 abunde
1033 3484 1203 3540 nobis
1236 3484 1458 3540 dictum
1489 3488 1601 3541 est.
1631 3485 1833 3557 Neque
1862 3484 1984 3542 ullo
2015 3485 2190 3542 modo
2222 3489 2501 3559 corrupta
2529 3484 2741 3542 fuisset
2786 3484 3005 3541 veritas
3054 3500 3069 3541 :
3123 3485 3359 3556 quando
3409 3500 3541 3557 qua
3586 3482 3784 3540 homi-

354 3586 498 3628 num
532 3574 718 3641 erant,
750 3572 966 3628 virtute
996 3572 1261 3629 humana
1290 3574 1617 3647 superiore,
1649 3575 1913 3647 perfecit.

870 3695 943 3751 IN
985 3697 1381 3754 EPISTOLAM
1418 3697 1489 3754 V.

2528 3698 2643 3755 ΕΙΣ
2673 3698 2811 3754 ΤΗΝ
2842 3696 3247 3754 ΕΠΙΣΤΟΛΗΝ
3279 3697 3357 3753 Ε’.

427 3787 506 3838 De
534 3781 733 3838 divina
771 3782 1021 3856 caligine
1068 3784 1235 3857 prius
1279 3786 1516 3857 quidem
1569 3786 1740 3841 Pater
1786 3785 2011 3842 edisse-

353 3872 491 3942 ruit,
559 3870 749 3945 capite
816 3870 1099 3928 nimirum
1158 3873 1395 3945 Hyslicz
1457 3875 1737 3944 theologia:
1797 3873 2008 3945 primo.

354 3960 456 4017 Est
502 3964 698 4016 autem
750 3959 925 4017 dictio
974 3961 1097 4017 haec
1146 3977 1214 4018 ex
1265 3962 1367 4019 illo
1417 3960 1753 4018 admirabili
1800 3960 2015 4016 Davide

355 4049 691 4122 desumpta.
725 4050 1029 4123 Siquidem
1062 4050 1114 4107 is
1163 4051 1268 4120 ait,
1325 4048 1425 4107 Καὶ
1475 4050 1679 4124 γνόφος
1738 4048 1843 4103 ὑπὸ
1887 4046 2016 4110 τοὺς

353 4134 524 4199 πόδας
567 4138 755 4210 αὐτοῦ,
802 4139 859 4194 id
894 4142 984 4195 est
1018 4156 1031 4193 :
1063 4141 1129 4195 Et
1158 4141 1337 4211 caligo
1368 4140 1468 4195 sub
1495 4138 1735 4212 pedibus
1763 4140 1882 4208 eius
1914 4139 2012 4210 (p).

356 4227 440 4283 0b
471 4227 531 4283 id
563 4228 722 4284 enim
754 4228 918 4284 addit
962 4228 1134 4285 Pater
1167 4245 1180 4285 :
1215 4229 1277 4284 in
1330 4244 1448 4300 qua
1494 4227 1828 4283 inhabitare
1877 4226 2017 4283 dici-

358 4319 460 4372 tur
489 4315 663 4373 Deus.
708 4320 853 4373 Nam
903 4316 953 4373 si
1002 4317 1115 4372 sub
1160 4317 1289 4388 ejus
1340 4316 1591 4389 pedibus
1639 4315 1847 4389 caligo,
1898 4332 2015 4371 non

360 4405 675 4462 obscurum
708 4408 797 4461 est
824 4408 947 4462 tota
975 4422 1044 4462 ea
1073 4405 1327 4478 caligine
1357 4404 2015 4478 incomprehensibilem

363 4494 586 4567 alioqui
644 4499 702 4550 et
756 4494 1113 4551 invisibilem
1173 4492 1637 4567 circumquaque
1699 4493 2014 4566 adaperiri.

364 4583 622 4639 Rursum
682 4584 863 4640 Isaias
908 4583 1193 4657 propheta
1241 4599 1257 4639 :
1304 4586 1380 4639 Et
1428 4583 1656 4655 impleta
1700 4592 1777 4638 est
1821 4582 2018 4638 domus

356 4674 509 4744 fumo
538 4673 635 4743 (q).
668 4672 961 4729 Dorotheo
991 4673 1172 4745 igitur
1203 4669 1506 4746 λειτουργῷ
1536 4672 1782 4728 diacono
1811 4671 2016 4728 videli-

359 4765 449 4817 cet
478 4760 585 4833 (sic
615 4761 771 4817 enim
807 4762 1007 4817 docuit
1036 4761 1153 4816 dici
1186 4761 1500 4817 diaconum
1534 4760 1591 4816 in
1638 4762 2018 4817 Ecclesiastica

360 4850 702 4922 hierarchia)
734 4848 1087 4921 sciscitanti,
1118 4866 1388 4921 quasnam
1430 4849 1551 4906 haec
1599 4854 1757 4907 esset
1803 4851 2015 4923 caligo,

362 4940 726 5011 respondet:
762 4938 963 5010 Caligo
994 4954 1136 4995 sane
1175 4943 1285 5007 est,
1336 4955 1514 5010 quam
1565 4940 1840 4997 tenebras
1888 4955 2019 4997 esse

363 5029 597 5084 credere
637 5028 771 5100 quis
821 5027 1030 5101 possit,
1082 5027 1182 5082 lux
1231 5027 1446 5101 alioqui
1496 5027 1826 5097 inaccessa;
1878 5045 2015 5085 nam

362 5116 596 5173 etiamsi
627 5116 729 5172 lux
775 5117 872 5185 sit,
932 5115 1236 5171 inaccessa
1284 5120 1482 5172 tamen
1534 5122 1751 5189 manet,
1802 5116 2021 5175 nullive

361 5206 561 5278 pervia
591 5210 871 5260 creaturas
905 5220 921 5272 ;
954 5209 1012 5259 et
1040 5203 1149 5259 bac
1181 5204 1373 5276 gratia
1401 5222 1612 5261 nomen
1645 5208 1869 5278 accepit
1916 5209 2016 5260 τοῦ

358 5293 588 5367 γνόφου,
621 5292 680 5347 id
715 5296 806 5347 est
832 5291 1116 5362 caliginis,
1149 5294 1303 5364 quod
1337 5295 1491 5349 visui
1522 5295 1865 5367 neutiquam
1915 5314 2018 5370 pa-

355 5387 499 5439 teat.
531 5379 855 5437 Invisibilis
885 5396 1027 5435 sane
1054 5398 1170 5438 non
1193 5381 1368 5453 juxta
1392 5382 1450 5438 id
1484 5384 1955 5456 significati,quo
1986 5403 2021 5443 a

355 5471 640 5544 primaria
685 5468 777 5524 sui
810 5469 1143 5527 conditione
1174 5476 1332 5527 terra
1362 5472 1516 5528 dicta
1555 5478 1644 5529 est
1674 5473 1754 5529 ibi
1794 5491 1807 5530 :
1840 5474 2021 5532 Terra

362 5564 561 5616 autem
592 5563 718 5615 erat
749 5557 1061 5617 invisibilis
1093 5564 1151 5617 et
1198 5560 1500 5618 incondita
1530 5578 1543 5617 :
1580 5563 1771 5635 magis
1819 5568 2014 5622 autem

434 5739 509 5813 (Ρ)
543 5737 695 5797 Psal.
723 5756 859 5813 xvn,
889 5743 978 5800 10.
1054 5745 1132 5818 (q)
1164 5748 1272 5804 Isa.
1302 5762 1382 5819 v1,
1414 5748 1469 5802 4.

2195 3784 2326 3859 Περὶ
2372 3788 2469 3840 τοῦ
2526 3786 2675 3841 θείου
2730 3784 2935 3863 γνόφου
2991 3786 3083 3841 καὶ
3135 3786 3402 3861 πρότερον
3451 3782 3664 3859 εἴρηκεν
3725 3782 3782 3839 ἐν

2124 3876 2204 3944 τῷ
2263 3873 2469 3947 πρώτῳ
2518 3869 2721 3949 βιϐλίῳ
2752 3877 2867 3947 (43)
2923 3878 3021 3931 τοῦ
3078 3875 3209 3951 Περὶ
3270 3880 3539 3948 μυστικῆς
3582 3871 3781 3929 θεολο-

2121 3960 2265 4038 γίας.
2299 3968 2450 4017 Ἔστι
2486 3959 2543 4017 δὲ
2600 3964 2635 4031 ἡ
2699 3962 2854 4039 ῥῆσις
2915 3963 2975 4019 ἐκ
3035 3968 3135 4019 τοῦ
3180 3963 3465 4029 θεσπεσίου
3495 3960 3661 4018 Δαυὶδ
3688 3962 3781 4019 λέ-

2125 4070 2320 4127 γοντος
2352 4069 2364 4084 ·
2399 4050 2496 4106 Καὶ
2527 4051 2730 4129 γνόφος
2762 4052 2863 4107 ὑπὸ
2892 4051 3022 4115 τοὺς
3068 4049 3241 4115 πόδας
3270 4051 3457 4109 αὖτοῦ.
3491 4053 3589 4107 Διά
3618 4056 3779 4107 τοῦτο

2126 4142 2230 4215 γὰρ
2257 4140 2437 4209 τίθησι
2468 4140 2557 4197 καὶ
2586 4140 2649 4196 τό
2682 4159 2695 4173 ’
2753 4144 2842 4199 Ἐν
2900 4142 2946 4213 ᾧ
3005 4146 3277 4197 κατοικεῖν
3322 4138 3536 4219 λέγεται
3567 4142 3597 4195 6
3627 4141 3781 4203 θεός.

2129 4229 2190 4288 Et
2221 4230 2325 4305 γὰρ
2359 4230 2460 4285 ὑπὸ
2485 4230 2612 4292 τοὺς
2662 4227 2835 4293 πόδας
2894 4228 3035 4285 ἐστὶν
3087 4231 3115 4285 6
3173 4231 3398 4309 γνόφος,
3433 4227 3669 4300 εὔδηλον
3698 4231 3784 4285 ὅτι

2127 4318 2180 4374 ἐν
2229 4318 2415 4391 ἐκείνῳ
2472 4319 2628 4375 παντί
2685 4318 3146 4395 περικαλύπτεται
3201 4320 3229 4375 6
3287 4318 3666 4395 ἀπερίληπτος
3694 4319 3785 4374 καὶ

2126 4408 2373 4471 ἀθέατος.
2414 4409 2518 4463 Καὶ
2550 4407 2714 4465 πάλιν
2762 4409 2791 4463 6
2844 4409 3065 4471 Ἦσαῖας
3096 4427 3109 4443 ·
3145 4408 3253 4465 Καὶ
3282 4406 3532 4480 ἐπλήσθη
3560 4412 3785 4482 (καπνοῦ

2127 4497 2156 4552 6
2195 4498 2367 4559 οἶκος.
2414 4498 2723 4572 Ἐρωτῶντι
2780 4496 2963 4552 τοίνυν
3017 4501 3099 4570 τῷ
3156 4494 3488 4572 λειτουργῷ,
3522 4494 3782 4569 δηλονότι

2127 4583 2386 4659 διακόνῳ,
2438 4586 2609 4658 (οὕτω
2661 4587 2766 4663 γὰρ
2826 4584 3013 4661 ἔλεγεν
3084 4585 3137 4641 ἐν
3192 4589 3261 4660 τῇ
3317 4584 3783 4660 Ἐκκλησιαστικῇ

2125 4677 2403 4752 ἱεραρχίᾳ)
2454 4678 2744 4751 Δωροθέῳ,
2813 4676 2896 4740 τίς
2972 4675 3113 4731 ἐστιν
3181 4677 3211 4731 6
3261 4680 3513 4739 τοιοῦτος
3562 4674 3783 4753 γνόφος,

2128 4764 2289 4844 φησίν
2325 4784 2340 4799 ο
2401 4764 2574 4829 Οὗτός
2650 4766 2791 4821 ἐστιν
2879 4765 2938 4820 ⁴ὸν
3005 4764 3197 4827 σκότος
3254 4763 3503 4836 οἷήσαιτό
3557 4786 3665 4837 τις,
3721 4766 3783 4819 τὸ

2129 4854 2420 4929 ἀπρόσιτον
2471 4857 2587 4932 φῶς
2622 4872 2634 4885 '
2684 4853 2729 4908 εί
2786 4853 2891 4930 γάρ
2949 4852 3039 4909 καὶ
3098 4857 3212 4932 φῶς
3277 4851 3416 4909 ἐστιν
3453 4856 3589 4928 (44),
3640 4852 3785 4909 ἀλλά

2128 4943 2217 4997 καὶ
2244 4942 2539 5017 ἀπρόσιτον
2575 4962 2587 4975 ’
2623 4943 2711 4998 καὶ
2766 4939 2853 4996 δια
2902 4947 3065 4997 τοῦτο
3122 4943 3185 4997 τὸ
3243 4946 3341 4998 τοῦ
3371 4963 3580 5020 γνοφου
3611 4939 3786 5015 ὄνομα

2131 5030 2344 5110 είληφε,
2380 5029 2469 5086 διὰ
2496 5032 2558 5087 τὸ
2589 5032 2818 5105 ἀόρατον
2870 5029 3111 5102 δηλαδή.
3174 5030 3438 5105 ’Δόρατον
3469 5029 3527 5087 δὶ
3558 5032 3622 5087 οὐ
3652 5032 3787 5086 κατά

2127 5122 2189 5177 τὸ
2234 5121 2361 5197 περὶ
2418 5128 2518 5190 τῆς
2581 5121 2821 5197 ἀρχῆθεν
2870 5127 2972 5195 γῆς
3032 5119 3439 5194 σημαινόμενον
3475 5140 3489 5153 ⁸
3540 5123 3576 5190 ἠ
3618 5118 3675 5175 δὲ
3716 5126 3784 5195 γῆ

2128 5211 2194 5279 ἦν
2223 5210 2453 5285 ἀόρατος
2484 5210 2575 5265 καὶ
2626 5210 3091 5271 durans-Sacro:
3128 5230 3140 5244 ο
3176 5207 3325 5265 ἀλλὰ
3362 5206 3451 5264 διὰ
3484 5210 3584 5278 τὴν
3618 5209 3787 5284 ὑπερ-

2129 5299 2360 5374 ἐχουσαν
2394 5298 2692 5377 φανότητα,
2725 5299 2799 5360 ὡς
2849 5298 3077 5372 ἀόρατον
3135 5296 3369 5373 λέγομεν
3413 5300 3505 5354 τὸν
3538 5296 3701 5368 ἥλιον
3734 5296 3785 5351 ἐν

2133 5382 2472 5464 μεσημϐρίᾳ,
2506 5385 2900 5443 ἀποπάλλοντα
2949 5389 3047 5451 τὰς
3092 5387 3311 5449 ἀκτῖνας
3347 5389 3736 5465 καθαρωτάτοις
3771 5406 3783 5419 ·

2129 5476 2262 5551 ὅπερ
2306 5475 2405 5550 γὰρ
2462 5478 2611 5530 ποιεῖ
2663 5476 2841 5554 φωτὸς
2888 5473 3144 5547 ἀπουσία,
3194 5474 3571 5552 ἀνενεργησίαν
3614 5473 3783 5546 δῆλον

2130 5563 2212 5620 ότι
2262 5567 2369 5619 τῶν
2432 5563 2667 5620 όπτικῶν
2730 5562 3007 5639 δυνάμεων
3059 5563 3418 5640 ἐργαζομένη,
3472 5568 3637 5620 τοῦτο
3692 5563 3778 5619 καὶ
