4108 6402
321 365 435 421 449

1140 362 1606 419 PACHYMERE
1644 361 2153 418 PABAPHRASIS
2187 364 2262 417 IN
2298 364 2457 417 EPP.
2496 366 2557 417 Β.
2596 362 2938 418 DIONYSII.

3644 360 3749 418 450

318 490 357 558 ἡ
389 488 532 563 πρὸς
576 482 744 555 ἥλιον
803 483 854 540 ἐν
921 478 1238 561 μεσημϐρίᾳ
1267 483 1458 552 ἀτενὴς
1486 477 1791 556 ἀπόϐλεψις
1841 483 1981 537 ἀπο-

2108 489 2336 558 propter
2373 486 2791 542 exuberantem
2841 483 3069 556 copiam
3114 482 3265 540 lucis
3311 500 3325 539 :
3361 483 3746 556 quemadmo-

315 575 496 633 τελεῖ.
526 578 614 633 ‘Ev
663 573 842 647 τούτῳ
894 571 1103 649 γίνεται
1143 576 1247 636 πᾶς
1298 573 1327 627 6
1373 571 1508 626 κατᾶ
1559 573 1799 642 Μωϋσῆν
1858 572 1985 627 Θεὸν

320 669 532 742 γνῶναι
561 664 651 719 καὶ
688 660 821 718 ἴδεῖν
869 660 1210 736 ἀξιούμενος.
1266 661 1332 717 Τί
1396 657 1453 715 δέ
1510 657 1650 715 ἐστιν
1698 662 1734 729 ἡ
1790 665 1988 737 γνῶσις

321 755 419 809 καὶ
471 755 508 823 ἠ
557 752 648 817 (ita
704 750 791 806 ἐπὶ
850 755 1023 821 Θειοῦς
1085 749 1216 805 αὐτὸ
1272 749 1335 805 τὸ
1390 749 1630 825 γίνεσθαί
1685 770 1807 805 τινα
1856 749 1987 824 ὑπὲρ

324 842 520 919 ὅρασιν
552 842 639 897 καὶ
675 845 901 917 γνῶσιν,
952 838 1043 895 καὶ
1105 841 1246 913 μήτε
1302 839 1430 913 ὁρᾷν
1485 840 1625 912 μήτε
1679 839 1986 915 γινώσκειν·

321 936 492 987 τοῦτο
553 929 611 986 δὲ
669 930 837 1005 μόνον
888 929 1196 1005 γινώσκειν,
1253 928 1338 983 ὅτι
1398 928 1533 1001 μετᾶ
1583 930 1753 984 πάντα
1784 930 1895 1002 (45)
1926 927 1993 983 τὰ

322 1021 564 1091 αἴσθητὰ
620 1021 711 1075 καὶ
761 1019 829 1074 τὰ
893 1018 1065 1090 νοητᾶ
1125 1018 1153 1072 6
1206 1016 1334 1080 Θεός
1387 1015 1499 1071 ἐστι
1534 1059 1548 1075 .
1606 1017 1681 1074 Τὸ
1740 1015 1797 1072 δὲ
1856 1018 1989 1093 ὑπὲρ

320 1109 526 1179 πάντα,
588 1110 723 1183 μετᾶ
777 1107 954 1164 πάντα
1012 1110 1150 1179 εἷπε,
1208 1104 1394 1176 δηλῶν
1426 1106 1525 1175 τὴν
1557 1110 1665 1161 τῶν
1715 1106 1988 1178 αἰσθητῶν

318 1199 443 1272 ’ἁμα
492 1197 583 1255 καὶ
633 1202 845 1269 νοητῶν
897 1196 1152 1251 ἁπάντων
1198 1190 1464 1267 διάϐασιν,
1502 1195 1637 1271 πρὸς
1694 1196 1794 1264 τήν
1852 1197 1991 1269 ἡμε-

316 1290 485 1365 τέραν
543 1292 743 1366 γνῶσιν
810 1286 1071 1363 ῥηθέντος
1128 1290 1225 1340 τοῦ
1287 1282 1456 1360 λόγου
1513 1287 1647 1359 (46).
1682 1283 1840 1342 Οῧτω
1886 1285 1988 1361 γὰρ

314 1380 411 1434 καὶ
465 1381 502 1449 ἡ
532 1382 733 1452 γνῶσις
787 1376 919 1449 μεθὸ
967 1372 1176 1439 διέλθοι
1210 1374 1407 1447 πάντα,
1437 1375 1573 1450 πρὸς
1616 1374 1744 1428 Θεὸν
1796 1374 1989 1449 ἀναγε-

311 1488 407 1523 ται
439 1468 581 1541 (41),
611 1466 700 1521 καὶ
757 1465 1007 1535 ζητεῖτά
1041 1464 1174 1539 ὑπὲρ
1208 1464 1399 1518 πάντα·
1460 1458 1549 1518 ὅτε
1607 1469 1738 1539 γοῦν
1792 1462 1991 1518 τούτου

312 1577 406 1619 τις
437 1552 694 1625 ἀξιωθείη
754 1555 890 1627 (48),
957 1553 1092 1626 μετᾶ
1149 1557 1247 1609 τοῦ
1285 1554 1576 1628 Προφήτου
1634 1550 1763 1628 ἒρεῖ·
1799 1553 1990 1610 Ἐθαυ-

320 1643 595 1718 μαστώθη
655 1643 690 1712 ἡ
748 1641 951 1718 γνῶσίς
1004 1663 1099 1696 σου
1150 1640 1200 1712 ἐξ
1262 1639 1437 1714 ἐμοῦ·
1498 1640 1861 1718 ἐκραταιώοη,
1930 1641 1991 1696 ού

323 1734 407 1805 μή
472 1728 719 1805 δύνωμαι
778 1730 917 1805 πρὸς
971 1729 1161 1801 αὐτήν.
1198 1735 1378 1805 Ἔγνω
1425 1729 1515 1785 καὶ
1549 1730 1577 1784 ὁ
1608 1731 1751 1793 Θεῖος
1773 1728 1990 1794 Ιῐαῦλος

317 1822 418 1877 τὸν
453 1822 609 1892 Θεὸν,
667 1816 994 1891 δτιδηλαδή
1051 1817 1199 1875 ἐστιν
1255 1819 1389 1896 ὑπὲρ
1448 1825 1619 1875 πᾶσαν
1666 1823 1867 1895 γνῶσιν
1897 1819 1988 1875 καὶ

318 1911 518 1982 νόησιν
554 1951 571 1979 ,
629 1907 712 1964 ὅτι
775 1907 1223 1983 ἀνιξιχνίαστος,
1282 1907 1365 1964 ὅτι
1412 1908 1481 1964 τὰ
1532 1908 1770 1984 κρίματα
1828 1910 1995 1964 αὐτοῦ

318 2000 717 2075 ἀνεξερεύνητα
751 2039 766 2068 ,
821 1998 905 2053 ὅτι
963 1997 1018 2053 αἱ
1074 1993 1273 2075 δωρεαὶ
1335 1995 1768 2073 ἀνεκδιηγητοι,
1826 1996 1909 2053 δτι
1957 2000 1993 2068 ἡ

318 2089 522 2165 εἱρήνη
585 2087 753 2144 αὐτοῦ
788 2085 1043 2163 ὑπερέχει
1073 2087 1249 2142 πάντα
1295 2090 1442 2142 νοῦν·
1496 2091 1659 2142 τοῦτο
1705 2086 1804 2164 γάρ
1849 2084 1991 2142 ἐστιν

315 2178 460 2255 ὅπερ
506 2178 639 2254 ὐπὶρ
693 2176 881 2248 νόησιν
936 2171 1194 2252 ἔγνωκεν,
1252 2176 1340 2231 ὅτι
1401 2177 1615 2232 πάντων
1675 2174 1818 2232 ἰστὶν
1867 2173 1995 2231 ἐπέ-

316 2290 506 2340 κεινα,
558 2266 633 2333 ὦς
688 2265 864 2329 αἴτιος
920 2266 1137 2321 πάντων
1200 2263 1296 2323 ὥν.
1356 2265 1452 2335 Μὴ
1501 2268 1630 2342 γοῦν
1693 2262 1836 2320 εἷ’ποι
1883 2286 1992 2338 τις,

314 2363 442 2420 πῶς
478 2359 612 2432 ὑπὲρ
670 2355 857 2426 νόησίν
891 2354 1000 2411 ἑστι
1061 2352 1130 2409 τὰ
1188 2351 1386 2410 εἶ’δὲναι
1412 2354 1552 2429 τινὰ,
1587 2352 1671 2410 ὅτι
1703 2355 1731 2410 6
1758 2355 1889 2419 Θεὸς
1918 2355 1994 2418 ὡς

318 2446 581 2503 ἐπίκεινα
633 2446 850 2502 πάντων
886 2443 1028 2501 ἐστὶν
1080 2442 1490 2520 ἆνεξερεόνητος
1540 2450 1733 2515 κοινῆς
1763 2443 1992 2513 ἑννοίας,

320 2536 532 2592 ὡσανεὶ
560 2534 764 2607 ταύτης
811 2532 978 2605 οῧσης
1025 2533 1118 2588 καὶ
1163 2533 1378 2587 πάντων
1427 2529 1651 2588 εἰδότων
1707 2530 1995 2589 ἀναποδεί-

319 2647 500 2698 κτως,
556 2626 639 2680 ὅτι
697 2624 726 2679 6
775 2623 904 2685 Θεὸς
960 2620 1370 2691 ἁκατάληπτος·
1433 2619 1560 2677 ἀλλ’
1613 2618 1803 2677 εἶδὲτω
1859 2623 1993 2696 (49),

322 2716 406 2771 ὡς
464 2713 551 2771 ὅτι
614 2714 708 2787 μὲν
766 2713 794 2769 6
852 2712 981 2774 Θεὸς
1040 2707 1447 2781 ἁκατάληπτος,
1504 2708 1596 2764 καὶ
1627 2709 1759 2785 ὑπὶρ
1792 2714 1993 2785 γνῶσιν

317 2809 438 2860 τῶν
499 2800 731 2859 πολλῶν
788 2799 930 2857 ἔστιν
986 2796 1206 2855 εἰδέναι·
1270 2794 1410 2853 διότι
1468 2795 1527 2853 δὲ
1580 2801 1854 2870 τοιοῦτος,
1903 2798 1994 2853 καὶ

318 2898 472 2965 πῶς,
531 2890 751 2947 ἐκείνων
813 2889 926 2946 icti
995 2887 1177 2963 μόνων
1240 2884 1436 2943 είδὲναι
1486 2891 1595 2942 τῶν
1652 2886 1991 2958 ἆξιωθόντων

318 2983 589 3057 γνώσεως
643 2979 789 3045 θείας
839 2981 957 3053 (50)
1015 2979 1103 3033 καὶ
1164 2977 1297 3050 ὑπὲρ
1352 2976 1801 3053 ἂνθρωπονόἴος
1851 2980 1918 3047 ἦν
1965 2978 1993 3033 6

318 3068 517 3139 Δκυῖδ,
578 3072 695 3134 οἷος
743 3069 772 3124 6
815 3067 1056 3129 Παῦλος.
1091 3064 1194 3123 Καὶ
1225 3064 1289 3121 τὸ
1321 3062 1590 3121 ἐκλείπειν
1616 3066 1708 3121 τὸν
1734 3064 1923 3136 ἥλιον,
1957 3066 1993 3138 ἢ

318 3163 429 3231 τὴν
482 3157 747 3231 σελήνην,
801 3159 837 3229 ἢ
882 3153 1025 3213 ἄλλο
1056 3176 1113 3210 τι
1139 3159 1248 3211 τῶν
1296 3154 1432 3211 κατὰ
1476 3153 1683 3229 κόσμον
1725 3155 1990 3229 γίνεσθαι,

2098 575 2240 630 dum
2270 574 2455 631 solem
2482 575 2676 647 ipsum
2709 573 2904 630 radios
2936 573 3107 645 longe
3126 572 3479 645 purissimos
3500 572 3747 629 meridie

2097 663 2483 736 ejaculantem
2500 681 2614 721 non
2630 664 2970 722 dubitamus
2994 662 3353 719 invisibilem
3374 662 3743 721 dicere.Nam

2100 754 2255 826 quod
2289 753 2439 811 lucis
2487 754 2755 811 absentia
2806 752 3009 818 efﬁcit,
3043 752 3183 807 dum
3230 751 3454 808 scilicet
3499 751 3745 808 visivam

2099 843 2419 916 potentiam
2470 861 2581 901 sua
2626 843 2816 916 privat
2860 841 3246 914 operatione:
3295 839 3452 896 idem
3505 858 3748 913 prorsus

2099 932 2325 1003 perﬁcit
2352 933 2653 989 contuitus
2684 932 2743 988 in
2776 931 2960 988 solem
2983 929 3371 987 meridianum
3395 929 3569 986 ﬁxius
3593 931 3745 988 252

2099 1022 2482 1093 pressiusque
2539 1021 2880 1077 collineans.
2932 1020 3184 1076 Proinde
3233 1018 3293 1075 in
3342 1018 3452 1075 hac
3502 1016 3751 1092 caligine

2098 1115 2384 1179 versatur,
2416 1110 2712 1182 quisquis,
2746 1114 2812 1166 ut
2840 1110 3375 1182 Moyses,censetur
3404 1108 3621 1182 dignus
3652 1125 3749 1166 co-

2100 1198 2365 1271 gnitione
2396 1199 2496 1255 Dei
2543 1203 2719 1271 atque
2765 1198 3009 1267 visione,
3041 1198 3153 1254 Sed
3198 1200 3256 1254 et
3300 1197 3437 1253 talis
3487 1197 3748 1271 cognitio

2102 1288 2200 1345 Dei
2232 1288 2452 1362 pariter
2498 1294 2557 1346 et
2602 1288 2774 1357 visio,
2807 1288 2947 1362 quid
2996 1287 3237 1345 tandem
3286 1286 3427 1345 est?
3454 1287 3750 1346 Nimirum

2101 1377 2361 1449 aliquem
2394 1394 2525 1434 esse
2554 1395 2735 1451 supra
2781 1377 3092 1447 visionem,
3141 1380 3199 1432 et
3247 1375 3665 1450 cognitionem,
3698 1381 3755 1434 et

2101 1483 2292 1539 neque
2320 1468 2534 1539 videre,
2569 1484 2759 1541 neque
2788 1481 3143 1540 cognoscere
3174 1467 3332 1538 quod
3363 1470 3498 1539 post
3527 1467 3751 1539 omnia,

2102 1572 2228 1628 quae
2259 1572 2436 1613 sensu
2468 1556 2977 1630 intelligentiaque
3002 1553 3430 1627 percipiuntur,
3467 1556 3619 1612 Deus
3641 1559 3751 1612 est.

2104 1644 2253 1702 Illud
2304 1650 2500 1702 autem
2550 1644 2679 1719 ὑπὲρ
2725 1644 2923 1713 πάντα,
2971 1661 3143 1711 supra
3188 1643 3399 1716 omnia,
3452 1643 3600 1700 dixit
3648 1657 3754 1717 pro

2104 1733 2239 1807 μετὰ
2266 1734 2461 1804 πάντα,
2490 1743 2616 1808 post
2646 1735 2857 1806 omnia,
2890 1733 3199 1791 declarans
3230 1732 3541 1790 sensilium
3571 1731 3756 1791 simul

2102 1826 2160 1878 et
2187 1821 2618 1879 intellectilium
2667 1822 2933 1879 omnium
2980 1820 3491 1878 transcensionem
3529 1837 3757 1878 sermo-

2106 1926 2201 1982 ne,
2230 1910 2303 1967 ad
2334 1914 2547 1967 nostras
2587 1910 2941 1984 cognitionis
2992 1915 3234 1983 captum
3289 1911 3757 1982 accommodato,

2105 1998 2355 2073 prolato.
2414 2000 2509 2056 Sic
2566 2000 2723 2056 enim
2778 1999 3038 2072 cognitio
3102 2003 3324 2068 nostra,
3396 1999 3760 2072 simulatque

2106 2088 2382 2146 universa
2423 2087 2809 2158 transcendit,
2851 2090 2925 2145 ad
2996 2088 3183 2145 Deum
3253 2088 3589 2146 sustollitur
3634 2087 3761 2162 pri-

2107 2194 2272 2235 mum
2301 2197 2324 2234 .’
2353 2183 2410 2235 et
2439 2195 2508 2235 ea
2535 2183 2677 2235 tunc
2704 2179 2875 2236 unice
2905 2179 3135 2251 quaerit,
3167 2194 3298 2250 quae
3356 2183 3571 2235 cuncta
3596 2182 3760 2235 tran-

2104 2267 2419 2325 scendunt.
2453 2268 2598 2324 Cum
2629 2267 2811 2340 igitur
2837 2267 2969 2339 quis
3000 2266 3218 2339 dignus
3248 2266 3349 2322 illo
3375 2266 3617 2323 habitus
3641 2270 3763 2323 tue-

2105 2357 2202 2425 rit,
2235 2357 2285 2413 is
2310 2374 2446 2414 cum
2481 2357 2774 2429 Propheta
2814 2356 3251 2430 promerebitur
3298 2356 3491 2412 dicere
3528 2373 3541 2413 :
3574 2355 3760 2414 lira-

2107 2446 2241 2503 bilis
2264 2448 2417 2521 facta
2463 2455 2543 2503 est
2588 2447 2823 2504 scientia
2868 2455 2966 2503 tua
3016 2462 3086 2502 ex
3139 2462 3227 2503 me
3256 2464 3275 2502 :
3307 2445 3628 2519 confortata
3657 2450 3758 2515 est,

2103 2552 2215 2592 non
2238 2545 2427 2609 potero
2454 2536 2528 2592 ad
2553 2554 2675 2592 eam
2704 2537 2801 2609 (r).
2831 2536 3079 2593 Noverat
3112 2534 3285 2607 plane
3316 2535 3497 2592 Deum
3530 2540 3588 2593 et
3609 2533 3760 2591 divi-

2107 2642 2220 2683 nus
2250 2624 2466 2683 Paulus
2497 2626 2657 2681 omni
2698 2625 2981 2681 nimirum
3022 2629 3078 2681 et
3126 2624 3384 2682 scientia)
3432 2629 3490 2682 et
3538 2623 3762 2682 intelli-

2104 2713 2313 2787 gentiae
2380 2714 2943 2787 supereminentem,
3022 2714 3177 2786 quod
3242 2713 3759 2787 ininvestigabilis,

2104 2804 2381 2876 quodque
2412 2803 2823 2860 inscrutabilia
2854 2803 3043 2875 ipsius
3064 2802 3296 2874 judicia
3325 2807 3607 2871 essent,et
3634 2802 3757 2861 ine-

2105 2892 2426 2949 narrabilia
2456 2893 2610 2949 dona
2637 2892 2703 2965 (3)
2737 2910 2750 2948 :
2785 2892 3041 2964 denique
3063 2891 3202 2963 quia
3231 2908 3344 2963 pax
3374 2892 3446 2947 ab
3479 2891 3608 2963 ipso
3630 2908 3763 2965 pro-

2104 2983 2314 3053 ﬂuens,
2346 2998 2581 3039 omnem
2613 2984 2991 3053 exsuperaret
3022 2996 3264 3037 sensum
3294 2980 3377 3053 (ι).
3426 2980 3546 3036 Ηοο
3599 2980 3758 3038 enim

2106 3075 2218 3141 est,
2253 3071 2409 3144 quod
2443 3087 2625 3144 supra
2652 3086 2888 3127 omnem
2919 3085 3164 3127 sensum
3207 3085 3339 3126 esse
3370 3073 3579 3140 norat;
3616 3070 3759 3142 quia

2107 3159 2379 3217 videlicet
2408 3160 2638 3217 cunctis
2670 3159 2937 3232 superior
2955 3163 3138 3227 est,ut
3167 3158 3267 3232 qui
3292 3163 3496 3215 auctor
3524 3158 3605 3215 sit
3629 3173 3758 3214 om-

321 3251 411 3306 δτι
450 3250 548 3323 μὲν
584 3245 792 3304 οἴδασιν
840 3246 898 3300 οἱ
954 3242 1184 3317 πολλοὶ,
1239 3240 1418 3309 οὐδεὶς
1446 3239 1811 3319 ἀμφιϐάλλειο
1862 3243 1995 3314 αὐτὴ

2113 3249 2301 3306 nium.
2335 3249 2419 3305 Ne
2449 3249 2585 3323 quis
2632 3248 2817 3320 igitur
2862 3248 3143 3320 objecerit
3175 3265 3188 3305 :
3222 3247 3354 3318 Qui,
3404 3264 3623 3321 quasso,
3658 3264 3763 3304 su-

325 3340 436 3416 γὲιρ
470 3340 508 3409 ἡ
569 3335 820 3408 αἴσθησις
843 3332 1085 3390 διδάσκει
1143 3336 1326 3389 τοῦτο’
1367 3330 1437 3388 δι’
1496 3333 1524 3387 ’ὸ
1585 3329 1641 3387 δὲ
1696 3336 1863 3388 ταῦτα
1917 3332 1995 3408 γί·

2112 3354 2219 3411 pra
2267 3336 2727 3411 intelligentiam
2777 3341 2869 3394 est
2916 3337 3046 3402 hoc.
3095 3336 3355 3409 aliquem
3410 3336 3581 3406 seire,
3625 3336 3768 3408 quia

333 3447 547 3498 νονται,
608 3423 709 3480 οὐκ
766 3420 974 3479 οἷ’δασιν
1034 3420 1222 3493 ἄλλοι,
1257 3421 1293 3492 ἢ
1327 3422 1379 3476 οἱ
1408 3420 1532 3495 περὶ
1562 3424 1729 3477 ταῦτα
1759 3416 1995 3497 ἀκριϐεῖς

2116 3426 2269 3484 Deus
2298 3430 2590 3498 quatenus
2621 3426 2900 3483 universa
2917 3425 3514 3494 transcendit,manet
3532 3424 3770 3482 inscru-

336 3515 708 3589 ἐπιστήμονες
723 3556 736 3572 .

2118 3514 2320 3572 tabilis
2368 3514 2673 3572 communi
2703 3514 3463 3588 intelligentiamtanquam
3515 3513 3623 3571 hac
3669 3530 3769 3569 co-

336 3608 612 3681 gnitione
665 3603 970 3663 communi
1022 3602 1364 3671 exsistente,
1412 3605 1470 3658 et
1515 3600 1796 3658 omnibus
1842 3601 2006 3658 nulla
2054 3603 2267 3676 praevia
2321 3604 2820 3661 demonstratione
2879 3604 3210 3661 scientibus
3268 3605 3425 3675 quod
3474 3603 3629 3660 Deus
3678 3606 3774 3659 est

332 3692 1006 3768 incomprehensibilis;
1037 3708 1241 3750 verum
1275 3686 1425 3748 sciat
1472 3691 1630 3764 quod
1668 3695 1853 3748 Deum
1901 3692 2140 3764 quidem
2189 3693 2847 3768 incomprehensibilem
2895 3710 3046 3764 esse,
3096 3696 3480 3765 nostramque
3525 3708 3771 3764 exsupe-

339 3800 476 3843 rare
511 3781 931 3855 cognitionem,
962 3783 1183 3837 norunt
1213 3778 1479 3853 plerique
1508 3794 1736 3837 omnes.
1769 3779 1995 3845 Quibus
2048 3787 2245 3839 autem
2291 3783 2363 3839 de
2394 3784 2591 3840 causis
2620 3782 2756 3840 talis
2806 3783 2904 3854 sit,
2953 3788 3012 3839 et
3055 3782 3372 3854 quomodo,
3413 3780 3651 3837 illorum
3684 3784 3777 3838 est

340 3875 636 3931 duntaxat
666 3886 864 3939 nosse,
913 3870 1015 3942 qui
1046 3868 1244 3927 divina
1272 3868 1403 3941 hac,
1454 3873 1513 3925 et
1559 3886 1741 3942 supra
1778 3868 2083 3928 hominum
2126 3878 2424 3941 naturam,
2456 3873 2793 3946 cognitione
2838 3870 2998 3944 digni
3041 3870 3228 3927 habiti
3276 3871 3548 3928 fuerunt:
3582 3870 3777 3942 qualis

340 3968 473 4021 erat
505 3960 760 4018 eximius
794 3959 995 4027 David,
1028 3958 1224 4031 qualis
1252 3957 1380 4030 ipse
1412 3956 1648 4029 Paulus,
1683 3957 1890 4031 quales
1920 3960 2176 4034 denique
2209 3962 2308 4035 qui
2340 3962 2667 4018 secundum
2693 3961 2801 4017 bos
2830 3960 3009 4016 vitam
3042 3975 3213 4016 suam
3246 3958 3781 4023 instiluere.0uan-

338 4051 669 4125 doquidem
703 4048 788 4106 sol
822 4048 954 4114 iste,
990 4046 1134 4105 luna
1162 4047 1315 4120 ipsa,
1346 4051 1449 4105 aut
1477 4047 1639 4104 aliud
1670 4046 1902 4120 quidvis
1930 4065 2134 4107 eorum
2166 4067 2297 4123 quae
2344 4052 2566 4107 mundo
2614 4050 2753 4107 huic
2793 4048 3196 4114 subserviunt,
3242 4049 3397 4121 quod
3448 4047 3774 4121 deliquium

336 4140 584 4198 interim
615 4140 937 4212 patiantur,
969 4136 1306 4210 complures
1336 4137 1480 4194 adeo
1510 4154 1684 4194 nosse
1713 4153 1885 4195 nemo
1913 4138 2015 4209 qui
2045 4139 2373 4196 addubitet.
2405 4140 2584 4197 Docet
2611 4140 2769 4197 enim
2792 4140 2904 4196 hoc
2933 4138 3121 4195 solere
3151 4136 3492 4209 contingere
3520 4136 3608 4194 vel
3642 4136 3771 4209 ipse

340 4236 574 4289 natura
606 4243 843 4286 sensus.
877 4226 1103 4292 Quibus
1126 4230 1323 4283 autem
1353 4226 1427 4282 de
1456 4226 1654 4283 causis
1683 4225 1827 4283 talia
1856 4227 2161 4301 contingat
2189 4229 2338 4299 ﬁeri,
2371 4246 2486 4286 non
2517 4229 2835 4286 admodum
2870 4226 3041 4285 multi
3086 4230 3345 4295 norunt;
3378 4229 3772 4298 praeterquam

340 4321 385 4378 ii
414 4318 521 4393 qui
553 4317 711 4375 circa
738 4315 1036 4389 ejusmodi
1067 4331 1266 4372 rerum
1295 4314 1686 4373 eruditionem
1718 4319 2053 4373 accuratam
2083 4333 2319 4390 operam
2354 4321 2664 4375 navarunt.

758 4445 872 4501 s12
914 4443 1060 4501 ΤΗΝ
1100 4440 1503 4501 summa}:
1546 4441 1607 4511 ξ.

414 4549 587 4628 ἰιρὲα
642 4546 789 4627 λέγει
845 4549 937 4605 τὸν
991 4542 1398 4625 πρεσϐύτερον,
1453 4546 1635 4609 καθὼς
1691 4546 1781 4602 καὶ
1834 4545 1886 4602 ἐν
1933 4549 2004 4621 τῇ

333 4637 809 4714 Ἑκκλησιαστικῇ
896 4637 1156 4715 ἱεραρχίᾳ
1239 4636 1394 4710 φησὶ,
1461 4634 1549 4690 καὶ
1628 4636 1664 4707 ἠ
1751 4637 2008 4708 συνήθεια

337 4727 735 4805 ἐπεκράτησεν.
796 4726 969 4791 Οὗτος
1029 4726 1057 4781 ὁ
1115 4728 1415 4801 Σώπατρος
1472 4723 1547 4788 ὡς
1606 4723 1775 4798 δοκεῖ,
1800 4721 1857 4780 ἓν
1891 4725 2007 4801 εἶχε

342 4816 696 4893 σπούδασμα,
725 4819 789 4874 τὸ
818 4817 885 4874 τὰ
912 4822 1021 4873 τῶν
1056 4813 1383 4893 ἑτεροδόξων
1416 4811 1684 4890 διασύρειν
1733 4811 1824 4869 καὶ
1872 4816 2007 4870 καθ-

340 4904 590 4984 υϐρίζειν
627 4927 639 4941 ο
706 4908 989 4964 κάντεῦθεν
1060 4901 1337 4967 πολλάκις
1382 4902 1525 4967 εἱκὸς
1580 4903 1647 4974 ἦν
1707 4901 2010 4981 θαρροῦντα

338 5001 539 5053 τοῦτον
583 5000 653 5070 τῇ
698 4994 926 5070 τοιαύτῃ
978 4994 1233 5072 προθέσει
1292 4992 1381 5048 καὶ
1425 4996 1503 5064 τῷ
1557 4992 1793 5066 τοιούτῳ
1841 5012 2008 5048 σπου-

340 5085 608 5161 δάσματι,
661 5085 737 5149 ὡς
790 5085 894 5140 ὑπὸ
946 5087 1079 5140 Θεοῦ
1124 5079 1421 5160 γινομξνῳ,
1480 5078 1704 5155 ἀμελεῖν
1764 5080 1854 5137 καὶ
1910 5102 2008 5137 κα-

335 5176 716 5254 ταῤῥᾳθυμεῖν
766 5182 869 5247 τῆς
924 5174 1134 5238 οἲκείας
1188 5172 1353 5230 αὐτοῦ
1408 5179 1698 5248 προκοπῆς
1733 5217 1749 5248 ,
1820 5173 2005 5229 ἱκανὸν

335 5270 509 5323 τοῦτο
567 5265 642 5328 είς
701 5263 974 5340 σωτηρίαν
1024 5261 1353 5339 ἡγούμενον.
1402 5260 1750 5337 Βουλόμενος
1795 5267 1923 5337 γοῦν
1980 5263 2009 5317 6

337 5357 500 5432 ἅγιος
533 5354 759 5429 ὶκκόψαι
788 5354 950 5409 τοῦτο
980 5352 1088 5408 ἀπὸ
1135 5355 1233 5407 τοῦ
1282 5351 1609 5427 Σωπάτρου,
1658 5351 1734 5416 ὡς
1793 5350 2007 5425 μᾶλλον

338 5445 584 5517 οἰήσεως
614 5445 745 5500 εἶναι
779 5440 972 5499 δοκοῦν
1006 5442 1042 5512 ἢ
1091 5441 1287 5515 ζήλου,
1336 5439 1427 5497 καὶ
1474 5439 1692 5513 πλάνην
1741 5440 2008 5516 ἐμποιοῦν

335 5539 428 5607 τῷ
479 5531 632 5608 ὀρθῷ
680 5530 959 5608 λογισμῷ,
1010 5529 1197 5594 ἄλλως
1256 5550 1314 5585 τε
1364 5528 1457 5586 καὶ
1511 5528 1641 5593 τοὺς
1698 5528 1897 5608 λόγους
1956 5531 2007 5587 ἰν

418 5690 496 5763 (r)
525 5689 677 5748 Psal.
711 5704 987 5762 cxxxvm,
1016 5687 1071 5743 6.

2040 4445 2087 4511 D

2511 4444 2665 4502 258
2698 4443 2768 4499 IN
2806 4442 3221 4499 EPISTOLAM
3261 4442 3361 4499 Vl.

2184 4552 2555 4610 Sacerdotem
2588 4568 2723 4609 eum
2756 4550 2919 4621 dicit,
2952 4550 3049 4623 qui
3081 4555 3141 4607 et
3170 4551 3476 4624 presbyter
3508 4568 3521 4606 :
3554 4565 3763 4622 quem-

2115 4640 2436 4697 admodum
2467 4641 2622 4698 idem
2655 4640 2856 4699 docuit
2885 4640 2945 4695 in
2977 4638 3364 4696 Ecclesiaslz'ca
3394 4638 3721 4696 hierarchia
3751 4656 3771 4694 :

2114 4728 2408 4802 istiusque
2437 4731 2766 4787 etiamnum
2813 4729 2985 4785 hodie
3016 4726 3270 4784 invaluit
3314 4727 3775 4785 nomenclatura:

2117 4820 2499 4877 consuetudo.
2550 4820 2651 4876 llic
2701 4818 2886 4893 igitur
2934 4818 3200 4891 Sopater,
3261 4823 3324 4874 ut
3385 4834 3455 4875 ex
3501 4815 3773 4890 Epistolas

2117 4912 2391 4965 contextu
2423 4912 2688 4982 apparet,
2716 4907 2915 4966 studio
2951 4907 3051 4963 uni
3087 4906 3474 4963 incumbebat
3502 4908 3685 4976 totus,
3710 4908 3778 4962 ut

2119 5015 2247 5071 quas
2297 4998 2540 5055 alterius
2607 4998 2929 5071 cujuslibet
2975 4996 3063 5054 vel
3114 4995 3412 5069 opinionis
3460 4994 3551 5051 vel
3604 4998 3774 5052 secta:

2118 5090 2286 5144 erant
2332 5086 2588 5161 propria,
2639 5086 2993 5145 convelleret
3039 5084 3470 5142 amarulentius
3520 5088 3579 5141 et
3610 5083 3778 5141 inde-

2118 5176 2270 5234 coris
2319 5181 2659 5251 aspergeret
2704 5175 3101 5233 contumeliis.
3158 5176 3226 5232 Et
3274 5174 3413 5230 hinc
3462 5178 3776 5231 consenta-

2120 5282 2299 5322 neum
2348 5270 2440 5323 est
2478 5266 2795 5340 Sopatrum
2835 5265 3139 5339 proposito
3187 5264 3291 5321 tali
3355 5268 3534 5337 atque
3582 5264 3778 5321 studio

2120 5356 2205 5412 sic
2230 5356 2475 5412 afﬁxum
2508 5357 2702 5429 (quasi
2734 5357 2836 5429 qui
2869 5356 2979 5411 hac
3010 5372 3128 5411 una
3159 5370 3220 5411 re
3250 5354 3366 5411 Deo
3397 5354 3777 5411 obsecunda-

2119 5446 2232 5518 ret)
2261 5445 2484 5520 proprii
2515 5444 2753 5504 interim
2797 5444 3097 5518 profectus
3144 5444 3331 5501 fuisse
3360 5443 3779 5517 negligentem,

2121 5534 2280 5605 quod
2315 5533 2473 5591 hunc
2498 5534 2973 5607 qualemcunque
2992 5532 3181 5590 zelum
3205 5533 3277 5590 ad
3308 5532 3565 5590 salutem
3586 5530 3782 5589 existi-

1149 5686 1219 5760 (s)
1247 5688 1295 5745 II
1328 5686 1457 5745 Cor.
1492 5702 1568 5758 xx,
1593 5687 1681 5745 15.
1758 5687 1829 5761 (ι)
1862 5687 2073 5762 Philip.
2103 5704 2184 5760 xv,
2212 5689 2270 5747 7.
