4108 6384
380 380 479 441 451

1194 372 1557 432 APPENDIX
1593 377 1691 430 AD
1729 368 1971 431 OPERA
2009 373 2069 426 Β.
2108 368 2427 428 DIONYSII
2465 370 2969 429 AREOPAGITIE.

3682 373 3791 429 452

380 511 567 565 maret
598 505 884 563 sufﬁcere.
918 501 1174 575 Cupiens
1204 498 1385 573 igitur
1414 503 1654 555 sanctus
1709 496 1820 553 hoc
1851 512 1885 551 a
1911 495 2019 551 So-

2133 490 2303 566 κρίσει
2334 491 2681 568 ποιούμενος,
2730 493 2819 549 καὶ
2852 492 3011 557 εἰδὼς
3062 494 3197 567 (51),
3232 491 3307 557 ὠς
3332 494 3395 549 τὸ
3438 497 3656 550 τοιοῦτο
3693 496 3791 568 μὶν

380 596 535 671 patri
574 595 770 652 animo
816 591 1150 667 praecidere,
1195 590 1430 665 quando
1479 604 1549 645 ex
1594 584 1903 662 impotenti
1933 601 2023 640 ar-

380 688 647 763 rogantia
695 683 990 761 proﬁcisci
1031 683 1088 739 id
1139 681 1448 739 videbatur
1495 679 1679 750 magis
1730 694 1905 753 quam
1956 692 2025 732 ex

378 778 615 852 pietatis
651 775 795 848 zelo,
845 791 911 831 ac
959 788 1214 830 errorem
1265 771 1464 826 indere
1502 773 1669 825 rectae
1721 766 2026 824 ratiocina-

376 867 546 940 tioni,
597 866 832 937 aliaque
881 863 1103 919 ratione
1152 877 1451 917 sermones
1496 875 1629 916 cum
1674 856 1899 931 judicio
1929 855 2023 911 in-

374 956 632 1013 stituens
680 958 738 1010 et
778 953 991 1021 sciens,
1039 950 1313 1024 quoniam
1363 948 1654 1023 ejusmodi
1704 944 2024 1004 acrimonia

371 1046 690 1102 verborum
723 1042 879 1117 apud
911 1058 1010 1098 eos
1062 1039 1377 1097 conciliare
1426 1037 1613 1095 soleat
1660 1034 2021 1105 inimicitias,

374 1145 658 1201 adversus
689 1156 838 1215 quos
879 1137 1227 1208 intenditur,
1272 1136 1424 1193 lucri
1456 1141 1653 1193 autem
1699 1151 1771 1193 ne
1823 1132 2021 1190 tantil-

374 1233 500 1291 lum
531 1230 770 1305 quidem
804 1245 819 1286 :
853 1244 987 1283 cum
1018 1230 1241 1294 contra,
1274 1227 1407 1300 pius
1438 1242 1578 1300 erga
1606 1224 1751 1280 tales
1781 1224 2024 1279 benevo-

372 1321 566 1379 lentiae
597 1318 859 1389 aﬂ'ectus,
893 1316 1557 1393 dilectio,przesentanea
1587 1312 1866 1370 exhibitio
1890 1311 2019 1367 offi-

374 1410 447 1467 cii
477 1409 537 1467 in
574 1408 864 1469 maximos
896 1407 1031 1463 licet
1062 1423 1289 1463 errores
1337 1405 1639 1462 devolutos
1673 1403 2021 1477 plerumque

373 1500 446 1558 ad
476 1497 846 1559 rectitudinis
879 1496 1095 1554 lineam
1119 1498 1790 1566 revocet,convertatque
1807 1507 2022 1547 unum-

373 1587 698 1663 quemlibet
728 1591 1061 1656 errantem;
1094 1590 1158 1642 ut
1188 1585 1289 1657 qui
1327 1584 1437 1642 sibi
1472 1585 1599 1661 ipse
1640 1580 2021 1657 persuaserit,

371 1687 512 1762 quia
540 1702 841 1745 sermones
885 1685 983 1741 isti
1015 1702 1131 1743 non
1160 1703 1197 1741 a
1227 1682 1598 1758 malignitate
1646 1679 2023 1754 proﬁciscan-

371 1781 492 1850 tur,
515 1775 710 1851 potius
740 1793 774 1833 a
804 1774 1117 1833 dilectione
1141 1778 1200 1831 et
1228 1773 1473 1845 provida
1512 1787 1651 1845 erga
1680 1786 1743 1831 se
1769 1786 1910 1831 cura
1938 1766 2023 1824 lo-

373 1866 633 1941 quentis.
664 1864 751 1921 0b
798 1863 951 1921 hanc
1001 1878 1267 1933 causam,
1316 1864 1664 1935 praesentem
1714 1855 2023 1931 epistolam

374 1954 604 2025 scribit,
653 1970 771 2029 qua
835 1951 1146 2011 exterritus
1213 1955 1458 2024 Sopater
1520 1948 1870 2021 provideret,
1919 1959 2019 2003 ne-

373 2045 611 2117 quando
656 2041 1023 2116 impudentis
1071 2041 1247 2101 istius
1289 2040 1639 2113 arrogantiae
1688 2056 1722 2095 a
1768 2042 1881 2096 Deo
1926 2051 2021 2093 co-

368 2135 732 2207 argueretur,
795 2143 853 2188 et
914 2132 1072 2205 quod
1132 2131 1195 2188 in
1258 2129 1390 2188 aliis
1458 2126 1851 2199 reprehendit,
1898 2125 2023 2197 ipse

368 2231 651 2299 crederet,
696 2228 757 2289 in
806 2246 876 2287 ea
906 2246 1159 2302 quorum
1213 2227 1349 2286 illos
1399 2228 1594 2300 arguit
1633 2225 1934 2300 delapsus,
1968 2230 2027 2283 et

371 2319 526 2377 male
573 2321 645 2376 de
692 2324 808 2377 Deo
850 2318 1136 2377 sentiens.
1186 2317 1337 2374 Dicit
1386 2316 1570 2390 igitur
1617 2319 1860 2373 sanctus
1905 2330 2023 2370 non

372 2413 638 2483 oportere
668 2408 926 2467 alienam
961 2408 1267 2465 traducere
1320 2404 1682 2479 opinionem,
1716 2420 1888 2461 suam
1917 2419 2024 2458 au-

371 2502 493 2555 tem
522 2496 895 2557 communire
943 2496 1275 2554 rationibus
1318 2495 1648 2568 permittit;
1684 2495 1787 2550 sed
1832 2502 2026 2565 neque

374 2587 689 2645 adversum
720 2585 903 2647 ullius
921 2585 1257 2658 opinionem
1279 2588 1383 2641 aut
1414 2583 1759 2657 religionem
1788 2580 2026 2639 distrin-

372 2676 604 2748 gendus
632 2679 726 2733 est
753 2675 1041 2741 calamus,
1073 2675 1308 2732 etiamsi
1359 2674 1702 2747 neutiquam
1734 2673 1891 2729 bona
1921 2688 2022 2745 ap-

372 2770 607 2837 pareat;
643 2766 744 2822 sed
778 2783 882 2838 pro
912 2764 1159 2822 veritate
1188 2763 1404 2821 solum.
1457 2768 1532 2819 At
1576 2780 1715 2837 quo,
1766 2761 2025 2836 inquies,

372 2857 544 2925 pacto
574 2854 633 2913 id
666 2855 768 2911 ﬁet
786 2854 814 2910 ?
841 2853 1114 2913 Proxima
1142 2852 1409 2927 epistolae
1438 2869 1579 2925 pars
1606 2850 1884 2909 declarat.
1920 2854 2024 2907 Po-

371 2945 490 3001 test
518 2959 676 3001 unus
705 2942 1003 3015 quispiam
1054 2942 1163 3015 (ait
1221 2942 1409 3015 Pater)
1464 2941 1621 2998 inter
1664 2945 1781 2997 tam
1815 2939 2024 3008 multa,

372 3031 754 3105 splendidum
778 3031 1019 3104 aliquod
1040 3032 1416 3091 mendacium
1440 3032 1582 3089 dum
1605 3029 2027 3103 coarguit,ipse

377 3136 608 3193 quoque
638 3121 908 3179 aberrare
938 3138 973 3178 a
1017 3136 1153 3179 vero
1186 3139 1199 3178 :
1232 3121 1388 3192 quod
1442 3119 1663 3194 alioqui
1698 3135 1883 3179 unum
1912 3124 2026 3188 est,

371 3220 473 3278 sed
501 3218 821 3279 occultum.
854 3219 981 3276 Una
1007 3218 1163 3277 enim
1210 3223 1303 3277 est
1347 3219 1563 3277 veritas
1596 3235 1611 3277 :
1645 3219 1776 3292 ipsa
1824 3223 2024 3277 tamen

371 3309 513 3381 quid
541 3313 1092 3383 arcanum,propter
1122 3309 1440 3382 mysticam
1472 3309 1817 3381 dogmatum
1849 3306 2024 3367 intel-

368 3397 698 3470 ligentiam,
744 3414 983 3471 quoque
1019 3416 1171 3471 opus
1226 3399 1437 3457 habent
1479 3398 1669 3457 multa
1720 3398 2019 3471 indagine,

365 3487 721 3560 prclueente
755 3487 1147 3547 nihilominus
1194 3489 1298 3546 Dei
1345 3489 1557 3562 gratia.
1604 3488 1883 3561 Exemplo
1931 3490 2023 3545 est

363 3576 693 3645 Nestorius,
724 3578 870 3635 dum
899 3577 1020 3635 Arii
1047 3578 1514 3650 Apollinariique
1544 3578 1763 3651 placita
1792 3576 2021 3635 convel-

364 3664 453 3721 lit.
506 3665 801 3738 Eutyehes
864 3670 923 3724 et
982 3668 1324 3736 Dioscorus,
1388 3684 1519 3740 quo
1571 3668 1809 3741 propria
1875 3671 2021 3725 sunt

363 3752 640 3825 Nestorii,
674 3756 830 3813 254
860 3756 982 3814 sive
1020 3757 1119 3813 alii
1150 3757 1254 3815 isti
1289 3756 1541 3825 similes,
1589 3758 1733 3813 dum
1767 3755 2018 3812 aliorum

362 3841 670 3914 opiniones
698 3844 1018 3917 exagitant,
1069 3846 1129 3902 in
1162 3846 1311 3902 alias
1341 3845 1455 3917 ipsi
1504 3860 1775 3917 peraeque
1818 3844 2021 3899 confu-

362 3948 575 3989 saneas
612 3932 865 3991 haereses
910 3933 1173 4007 prolapsi
1222 3939 1384 3991 sunt.
1436 3934 1618 3991 Nemo
1667 3937 1867 3991 autem
1917 3948 2022 4003 per

361 4020 484 4078 hac
530 4022 860 4080 abducetur
909 4023 969 4078 in
1032 4039 1314 4094 errorem,
1366 4027 1431 4079 ut
1477 4024 1696 4092 credat,
1740 4025 2015 4081 sanctum

360 4136 601 4176 monere
632 4121 1033 4193 repudiandae
1061 4138 1192 4177 esse
1221 4121 1453 4177 labores
1500 4139 1533 4176 ι
1572 4121 1848 4177 Patribus
1874 4136 2014 4193 ope-

356 4209 664 4267 rosissime
694 4215 1001 4281 susceptos
1028 4211 1316 4268 adversus
1345 4210 1659 4283 opiniones
1676 4228 1715 4268 ι
1742 4211 1857 4267 ﬁde
1878 4210 2017 4267 alie-

360 4314 489 4353 nas.
523 4297 648 4352 Non
680 4297 791 4353 hoc
822 4297 1071 4355 eximius
1101 4299 1381 4356 admonet
1426 4304 1614 4372 Pater,
1660 4304 1728 4356 ut
1756 4315 1830 4356 ne
1858 4300 2016 4356 vide-

2131 581 2421 659 ἀπέχθειαν
2469 583 2870 659 κατεργάζεται,
2920 584 3040 648 καθ’
3070 584 3142 638 ὧν
3199 583 3251 639 cl
3304 582 3460 661 Λόγοι
3512 582 3786 660 λέγονται,

2131 670 2320 746 κέρδος
2351 670 2408 727 δὲ
2468 672 2528 728 οὐ
2585 674 2647 728 τὸ
2701 674 2872 749 τυχὸν
2931 673 3197 748 προξενεϊο
3256 672 3319 726 τὸ
3353 669 3410 727 δὶ
3440 671 3792 746 ἀγαθοθελῶς

2133 757 2429 825 διακεῖσθαι
2465 759 2677 835 μᾶλλον
2728 763 2867 840 πρὸς
2922 761 3050 825 τοὺς
3105 760 3387 826 τοιούτους
3444 763 3535 817 καὶ
3580 763 3787 839 ἀγαπᾷν

2131 848 2220 904 καί
2273 850 2611 924 προσίεσθαι,
2662 856 2927 930 κατορθοῖ
2969 850 3245 913 πολλάκις
3289 850 3357 906 τὰ
3398 849 3651 927 μέγιστα,
3698 850 3791 907 καί

2130 938 2223 993 τὸν
2268 937 2628 1015 πλανώμενον
2674 940 3005 1021 ἐπιστρέφει,
3056 941 3372 1010 πεισθιντα,
3426 938 3509 995 ὅτι
3582 939 3643 995 ού
3694 938 3788 996 διὰ

2132 1027 2340 1099 κακίαν,
2390 1028 2537 1085 ἀλλὰ
2585 1028 2652 1085 δι’
2698 1030 2912 1109 ἀγάπην
2967 1029 3178 1105 μᾶλλον
3212 1031 3301 1085 καὶ
3348 1027 3677 1102 κηδεμονίαν
3738 1032 3793 1085 οἱ

2134 1115 2293 1193 λόγοι
2352 1118 2593 1195 γίνονται
2629 1163 2642 1176 .
2721 1120 2819 1176 Διὰ
2881 1123 3042 1177 τοῦτο
3099 1120 3282 1191 τίθησι
3335 1120 3436 1189 την
3492 1117 3794 1188 ἐπιστολὴν

2131 1214 2333 1287 ταύτην
2382 1212 2628 1296 ἐκφοϐῶν
2685 1215 2893 1291 αὐτὸν,
2957 1218 3157 1293 μήπως
3216 1218 3323 1274 ἀπὸ
3368 1222 3470 1288 τῆς
3526 1216 3790 1288 τοιαύτης

2133 1304 2365 1375 οἰήσεως
2413 1304 2861 1382 ἐγκαταλειφθείη
2890 1306 3036 1384 παρὰ
3090 1309 3247 1382 Θεοῦ,
3293 1305 3383 1361 καὶ
3442 1304 3575 1383 ὅπερ
3630 1304 3792 1383 ἐγκα-

2132 1390 2222 1447 λεῖ
2272 1394 2407 1469 πρὸς
2468 1392 2727 1468 ἐκείνους,
2798 1395 2959 1458 αὐτὸς
3035 1394 3276 1453 πείσεται
3343 1396 3506 1468 (52),
3592 1392 3645 1468 ἐξ
3717 1395 3793 1448 ὤν

2132 1479 2348 1559 ἐλέγχει
2429 1482 2667 1547 ἐκείνους
2749 1483 2909 1547 αὐτὸς
2979 1484 3324 1561 περιπίπτων
3378 1482 3467 1538 καὶ
3530 1481 3792 1562 βλασφη-

2135 1575 2249 1644 μῶν
2287 1574 2417 1644 (53).
2478 1571 2634 1651 Αέγει
2679 1572 2882 1644 τοίνυν,
2943 1571 3026 1630 ὅτι
3081 1571 3142 1628 οὗ
3194 1569 3277 1627 δεῖ
3338 1570 3435 1634 τὰς
3465 1570 3662 1650 ἑτέρων
3698 1569 3794 1627 δό-

2134 1660 2222 1733 ξας
2285 1656 2643 1735 διαϐάλλειν,
2703 1660 2849 1718 ἀλλᾶ
2903 1663 3002 1732 τήν
3067 1659 3204 1718 ἰδίαν
3259 1660 3580 1740 κρατύνειν·
3640 1657 3793 1717 ἀλλᾶ

2132 1747 2258 1805 ούδὶ
2308 1750 2444 1808 κατᾶ
2493 1747 2653 1823 δόξης
2698 1752 2734 1823 ἢ
2786 1749 3074 1829 θρησκείας
3126 1752 3227 1808 οὐκ
3273 1750 3477 1828 ἀγαθῆς
3524 1752 3789 1829 φαινομέ-

2130 1861 2229 1912 νης
2272 1840 2495 1919 γράφειν
2532 1883 2547 1910 ,
2600 1838 2726 1897 ἀλλ’
2789 1840 2922 1917 ὑπὲρ
2986 1839 3265 1913 ἀληθείας.
3330 1844 3454 1902 Πῶς
3512 1837 3570 1894 δὶ
3624 1844 3787 1896 τοῦτο

2132 1927 2337 2006 φησὶν,
2396 1931 2430 2000 ἡ
2504 1928 2626 2005 ἐξῆς
2686 1928 2952 2000 ἐπιστολή
3022 1928 3332 2006 σαφηνίζει.
3390 1927 3619 1985 Δύναται
3679 1931 3786 2008 γάρ

2128 2037 2235 2088 τις,
2266 2016 2421 2093 φησὶ,
2474 2018 2536 2073 τὸ
2595 2017 2645 2071 ἐν
2696 2017 2933 2082 πολλοῖς
2993 2019 3260 2098 προφανὲς
3288 2014 3485 2095 ψεῦδος
3515 2015 3785 2097 ἐλέγχων,

2132 2114 2289 2178 αὐτὸς
2336 2113 2717 2194 διαμαρτάνειν
2773 2121 2868 2173 τοῦ
2918 2116 3183 2192 ἀληθοῦς,
3232 2116 3363 2194 ὅπερ
3410 2114 3464 2172 ἓν
3527 2116 3636 2175 ἐστι
3697 2118 3790 2173 καὶ

2131 2204 2378 2284 κρύφιον.
2438 2206 2551 2262 Μία
2603 2208 2705 2282 γάρ
2764 2206 2904 2264 ἐστιν
2955 2206 3206 2279 ἀλήθεια·
3269 2205 3498 2286 κρύφιον
3561 2203 3638 2275 δὲ,
3699 2204 3796 2262 διὰ

2131 2295 2194 2349 τὸ
2269 2296 2528 2364 μυστικὸν
2591 2300 2698 2351 τῶν
2760 2292 3086 2371 δογμάτων,
3146 2295 3237 2351 καὶ
3294 2293 3515 2367 πολλῆς
3562 2293 3791 2373 ἐρεύνης

2137 2384 2271 2457 μετὰ
2314 2391 2416 2456 τῆς
2455 2383 2597 2451 θείας
2642 2382 2893 2459 δεόμενον
2938 2388 3191 2462 χάριτος,
3236 2386 3350 2441 οἷον
3399 2383 3693 2462 Νεπόριος
3728 2383 3801 2441 τὰ

2134 2472 2349 2549 Ἀρείου
2406 2473 2496 2531 καὶ
2548 2471 2975 2551 ’Λπολλιναρίου
3027 2470 3279 2530 διασείων
3316 2518 3331 2547 ,
3385 2474 3473 2529 καὶ
3534 2472 3794 2551 Εὗτυχής

2133 2563 2223 2619 καὶ
2281 2564 2574 2640 Διόσκορος
2633 2563 2699 2621 τὰ
2753 2567 2851 2619 τοῦ
2883 2562 3199 2640 Νεστορίου*
3234 2563 3269 2635 ἢ
3318 2559 3493 2641 ἕτεροι
3548 2568 3796 2620 τοιοῦτοι

2134 2661 2342 2737 ὁμοίων
2404 2662 2600 2739 ὶτέρων
2665 2662 2744 2727 είς
2794 2663 2979 2739 ἑτέρας
3036 2662 3279 2728 ἀτόπους
3326 2661 3562 2735 αἱρέσεις
3613 2662 3799 2736 ἰεὲπε-

2135 2774 2249 2811 σον.
2302 2749 2514 2825 Μηδεὶς
2559 2750 2616 2808 δι
2654 2751 2716 2811 ἐκ
2760 2753 2969 2811 τούτων
3022 2754 3485 2831 παρακρουῶσθω,
3537 2748 3795 2813 ἀποϐάλ-

2136 2842 2322 2909 λεσθάι
2401 2843 2471 2901 τὰ
2541 2844 2679 2901 κατὰ
2716 2846 2825 2901 τῶν
2901 2841 3228 2918 ἑτεροδόξων
3313 2845 3606 2919 πονήματα
3682 2848 3797 2901 τῶν

2135 2932 2385 3010 Πατάρων
2444 2931 2535 2990 τὸν
2596 2933 2775 3009 ἅγιον·
2810 2932 2873 2989 οὐ
2919 2935 3024 3010 γὰρ
3072 2932 3233 2990 τοῦτό
3293 2954 3455 3013 φησιν
3493 2934 3523 2988 ὁ
3580 2934 3794 3009 Πατὴρ,

2132 3022 2196 3080 τὸ
2254 3023 2333 3097 μὴ
2390 3020 2642 3099 ἐλέγχειν
2708 3023 2801 3079 καὶ
2870 3022 3188 3101 ἀνατρέπειν
3264 3023 3363 3086 τὰς
3420 3027 3530 3078 τῶν
3588 3016 3799 3079 ἀσεϐῶν

2138 3108 2340 3184 δόξας·
2412 3109 2533 3168 ἐπεὶ
2604 3115 2728 3176 πῶς
2800 3110 2961 3175 αὐτὸς
3016 3110 3067 3168 ἐν
3117 3116 3199 3186 τῷ
3256 3110 3389 3187 Περὶ
3447 3110 3606 3168 θείων
3666 3111 3797 3168 ὀνο-

2139 3202 2324 3277 μάτων
2384 3195 2592 3277 βιϐλίῳ
2646 3202 2715 3259 τὰ
2756 3204 2861 3261 τοῦ
2912 3200 3129 3277 Ἐλύμα
3202 3197 3589 3273 διασαλεύων;
3666 3199 3799 3258 ἀλλ’

2137 3290 2219 3345 ὅτι
2279 3287 2341 3345 οὐ
2412 3290 2528 3366 χρὴ
2577 3288 2713 3347 κατᾶ
2782 3288 3199 3367 προηγούμενον
3274 3289 3446 3366 λόγον
3501 3289 3579 3354 είς
3633 3294 3799 3348 τοῦτο

2129 3376 2546 3456 ἐνασχολεῖσθαι
2571 3423 2588 3453 ,
2643 3379 2706 3437 τὸ
2762 3380 2881 3445 καθ’
2941 3379 3134 3456 ἐτέρων
3197 3376 3376 3457 λέγειν
3401 3397 3414 3411 ο
3476 3375 3625 3437 ἀλλὰ
3669 3381 3801 3439 τότε

2130 3467 2333 3545 λέγειν,
2394 3467 2483 3525 ὅτε
2538 3469 2707 3546 τυχὸν
2768 3468 2929 3545 χρεία
2983 3475 3102 3532 τοῖς
3150 3466 3349 3533 ἄλλοις
3383 3466 3673 3549 ὠφελείας,
3706 3467 3800 3527 ὅτε

2127 3568 2410 3644 κατισχύει
2438 3569 2503 3625 τὸ
2530 3565 2755 3643 ψεῦδος,
2788 3566 2878 3627 ὅτε
2927 3566 3250 3631 σαλεύονται
3282 3570 3335 3625 οἱ
3382 3567 3589 3629 πιστοί.
3651 3567 3794 3628 Τότε

2127 3661 2258 3732 γοῦν
2290 3656 2722 3733 προηγουμένως
2754 3658 2849 3731 μὶν
2894 3657 2986 3715 τὸν
3032 3664 3133 3727 τῆς
3182 3656 3443 3729 ἀληθείας
3486 3655 3795 3722 ἐκτίθεσθαι

2128 3747 2241 3822 χρὴ
2289 3745 2452 3822 λόγον
2496 3747 2586 3805 καὶ
2632 3742 3051 3824 ἠκριϐωμένων
3113 3749 3403 3821 μετέπειτα
3460 3744 3519 3804 δὲ
3572 3748 3665 3805 καὶ
3720 3750 3792 3822 τῇ

2124 3832 2438 3911 αντιῤῥήσει
2508 3836 2645 3893 κατὰ
2727 3842 2826 3900 τίς
2902 3841 3009 3895 τῶν
3082 3831 3295 3894 ἀσεϐῶν
3372 3836 3790 3902 ἐπαναστάσεως

2125 3926 2367 4001 χρῆσθαι
2422 3926 2562 3997 (54),
2627 3925 2705 3998 μὴ
2767 3924 2928 3997 νίκην
2976 3929 3295 3997 ζητοῦντας,
3348 3923 3475 3982 ἀλλ’
3534 3923 3793 4003 ἀδελφῶν

2122 4011 2436 4089 διόρθωσιν.
2481 4012 2658 4073 Τοῦτό
2715 4036 2846 4092 φησι
2904 4014 2994 4073 καὶ
3043 4016 3072 4071 ὁ
3131 4010 3399 4091 θεολόγος
3444 4016 3611 4092 μέγας
3644 4021 3790 4093 [‘97].-

2121 4117 2335 4193 γόριος,
2385 4118 2481 4186 Μὴ
2514 4114 2692 4172 πάντα
2717 4121 2893 4189 νικᾷ-ν,
2936 4115 3068 4174 ἀλλ’
3104 4111 3248 4173 ἔστιν
3294 4116 3358 4173 οὗ
3406 4114 3497 4174 καὶ
3526 4117 3791 4187 ἡττᾶσθαι

2120 4204 2450 4283 ἀνάσχεσθε.
2520 4203 2676 4263 Θέλει
2746 4210 2879 4281 γοῦν
2931 4204 3348 4282 ἀναλογίζεσθαι
3402 4206 3433 4260 ὁ
3489 4204 3630 4263 κατὰ
3680 4208 3793 4261 τῶν

2121 4300 2307 4358 ποσῶς
2376 4293 2632 4351 ἐναντίων
2678 4292 2885 4370 λέγων,
2930 4295 3026 4368 ὣς,
3077 4295 3169 4351 ὅτε
3214 4291 3286 4364 δὴ
3334 4293 3427 4350 καὶ
3471 4299 3595 4365 νικᾷ
3648 4294 3796 4368 (55),

358 4385 497 4441 licet
528 4402 955 4459 coarguas,ueu
987 4388 1326 4447 demoliaris
1347 4389 1783 4448 commentitias
1802 4406 2012 4462 propo-

2130 4385 2227 4441 οὐκ
2280 4384 2369 4462 ἀφ’
2428 4385 2619 4441 ἑαυτοῦ
2677 4382 2889 4455 ἐστινὴ
2951 4384 3101 4457 νίκη,
3162 4382 3312 4441 ἀλλὰ
3368 4382 3474 4439 ἀπὸ
3531 4387 3629 4438 τοῦ
3684 4390 3796 4452 τῆς

357 4475 606 4533 sitiones
637 4475 979 4549 impiorum.
1012 4478 1246 4552 Alioqui
1278 4497 1416 4554 qua,
1459 4496 1683 4553 quaeso,
1734 4480 1924 4535 fronte
1952 4478 2012 4534 in

2130 4472 2382 4545 ἀληθείας
2437 4473 2658 4551 κόρους,
2736 4476 2798 4544 ἢν
2875 4470 3032 4535 οὗτος
3108 4472 3369 4549 κατέχει.
3442 4472 3605 4546 Ὑπὲρ
3684 4471 3795 4546 γὰρ

357 4581 531 4637 opere
570 4566 901 4625 Divinarum
931 4570 1226 4626 nominum
1270 4570 1547 4643 dogmata
1598 4569 1811 4641 Elymae
1857 4568 2011 4640 magi

2130 4574 2295 4629 πάντα
2351 4578 2493 4647 νικᾷ,
2557 4571 2746 4650 φησὶν,
2796 4574 2832 4644 ἡ
2893 4570 3146 4645 ἀλήθεια.
3203 4570 3303 4629 Καὶ
3365 4567 3539 4632 οὕτως
3593 4568 3655 4629 οὐ
3714 4570 3795 4644 μὴ

356 4636 441 4718 sic
470 4665 834 4738 exagitaret?
865 4669 1011 4738 Imo,
1038 4671 1210 4743 juxta
1246 4636 1535 4726 rationem
1585 4636 2013 4742 praeinductarn

2130 4662 2363 4719 πεσεῖταί
2409 4636 2541 4719 ποτε
2568 4636 2667 4717 ἐίς
2710 4636 2935 4737 ἔπαρσιν
2957 4680 2971 4694 ·
2989 4636 3122 4718 ⁷οὐδ’
3155 4659 3217 4715 οὗ
3251 4661 3329 4734 μή
3354 4636 3795 4737 ἐγκαταλειφθείν

355 4753 536 4823 Patri,
586 4754 868 4813 docemur
916 4775 1032 4814 non
1080 4762 1349 4833 oportere
1400 4758 1459 4813 in
1514 4757 1623 4815 hoc
1671 4758 2016 4815 incumbere

2130 4753 2232 4810 ἀπὸ
2318 4756 2452 4808 Θεοῦ
2524 4750 2600 4815 εἷς
2676 4752 2761 4826 τὸ,
2828 4750 2884 4809 ἐν
2942 4750 3055 4825 ὅσῳ
3126 4749 3344 4828 ἱτέρους
3397 4747 3641 4828 ἐλέγχει,
3691 4769 3789 4802 κα-

355 4843 753 4917 ambitiosius,
787 4850 851 4902 ut
878 4848 1161 4904 adversus
1190 4846 1335 4903 alios
1367 4845 1590 4903 dixisse
1620 4846 1887 4918 videare;
1912 4847 2015 4904 sed

2130 4840 2407 4900 ταπίπτειν
2512 4840 2673 4907 αὑτὸς
2775 4840 2851 4903 είς
2948 4837 3131 4918 ἓτερον
3238 4837 3596 4916 βλασφημίας
3676 4834 3794 4894 ὄλι-

357 4935 500 4989 tunc
531 4933 637 4989 tibi
670 4934 989 4991 dicendum
1025 4937 1076 4992 si
1099 4953 1217 5010 qua
1259 4936 1407 4992 forte
1437 4936 1729 5010 ingruerit
1758 4936 2017 4994 necessi-
2128 4935 2272 4990 σθον.

358 5034 452 5088 tas
482 5048 551 5089 ea
579 5034 836 5107 dicendi,
870 5051 1001 5110 quae
1028 5036 1161 5093 aliis
1191 5036 1502 5108 profutura
1530 5041 1858 5109 sperentur.
1889 5036 2030 5093 Nam
2065 5036 2305 5108 quando
2346 5032 2656 5091 invalescit
2684 5030 2934 5103 falsitas,
2983 5046 3120 5089 cum
3165 5029 3382 5087 misere
3428 5028 3793 5086 colliduntur

360 5128 855 5205 exagitanturque
903 5132 1144 5203 ﬁdeles;
1195 5136 1338 5189 tunc
1389 5150 1531 5190 sane
1572 5134 1662 5191 vel
1712 5134 1771 5191 in
1820 5134 2027 5208 primis
2094 5132 2362 5190 veritatis
2415 5132 2563 5188 ratio
2613 5129 3012 5205 expromenda
3058 5128 3221 5187 omni
3261 5143 3394 5185 cum
3460 5126 3789 5203 diligentia,

354 5231 560 5298 postea
588 5246 722 5289 vero
770 5248 877 5289 seu
920 5232 1293 5305 secundario,
1347 5234 1700 5292 refutatione
1743 5234 1923 5293 etiam
1973 5235 2257 5292 adversus
2308 5231 2628 5305 impiorum
2676 5230 3182 5304 oppugnationem
3228 5228 3541 5300 utendum,
3586 5226 3674 5285 sic
3702 5231 3792 5283 tae-

360 5340 519 5397 men,
571 5332 637 5385 ut
678 5329 930 5386 fratrum
981 5333 1429 5403 correctionem,
1474 5350 1591 5392 non
1651 5334 1792 5392 item
1852 5333 2233 5391 ambitiosam
2288 5329 2600 5387 victoriam
2628 5329 2933 5403 quesiisse
2994 5329 3321 5387 videamur.
3373 5331 3497 5386 Hoc
3558 5326 3785 5399 quippe

356 5427 466 5494 est,
497 5426 654 5495 quod
683 5426 767 5483 ait
797 5427 1108 5503 theologus
1139 5430 1236 5488 ille
1278 5431 1652 5489 admirabilis
1702 5434 2020 5505 Gregorius
2058 5446 2070 5487 :
2103 5431 2231 5487 Non
2280 5429 2675 5502 undecunque
2723 5428 3038 5501 quisi-ends
3080 5431 3171 5485 est
3211 5426 3320 5484 tibi
3365 5425 3563 5499 palma
3612 5425 3782 5483 victo-

356 5521 478 5579 ria.
510 5524 611 5581 Est
633 5526 818 5595 enim,
849 5529 950 5585 ubi
979 5533 1037 5586 te
1065 5530 1219 5586 vinci
1246 5532 1546 5588 sustinere
1576 5532 1814 5589 debeas.
1846 5531 2029 5588 Debet
2057 5530 2259 5602 itaque
2288 5528 2392 5601 qui
2422 5532 2628 5586 contra
2657 5528 3068 5600 quadanteuus
3099 5524 3469 5583 adversarios
3498 5525 3783 5598 disputat,

357 5623 634 5696 cogitare,
670 5628 850 5698 quod,
884 5631 1120 5702 quando
1150 5631 1395 5688 victorie
1426 5631 1737 5704 contingit,
1779 5649 1896 5688 non
1924 5648 2033 5693 sua
2061 5630 2276 5688 virtute
2325 5630 2557 5701 vincat;
2590 5628 2693 5693 sed
2734 5630 3023 5703 potestate
3077 5626 3361 5698 veritatis,
3414 5642 3598 5699 quam
3648 5622 3781 5683 talis

354 5720 595 5780 detinet.
629 5727 816 5799 Super
845 5731 1045 5789 omnia
1093 5730 1249 5788 enim
1298 5731 1405 5801 (ait
1455 5731 1781 5805 Scriptura)
1827 5730 2041 5788 veritas
2087 5728 2286 5787 vincit.
2338 5730 2423 5786 Ita
2470 5729 2709 5786 demum
2756 5727 2876 5799 ﬂet,
2928 5730 2994 5784 ut
3038 5725 3100 5783 in
3151 5724 3375 5783 nullam
3419 5723 3647 5782 incidat
3674 5720 3785 5780 ali-
