4108 6398
270 407 384 461 453

1092 403 1557 458 PACHYMERE
1595 400 2096 456 PARAPHBASIS
2132 402 2207 455 IN
2245 403 2402 455 EPP.
2442 404 2500 458 S.
2542 404 2885 459 DlONYSII.

3593 406 3699 461 454

269 532 518 605 quando
548 528 763 586 mentis
793 525 1107 585 elationem
1133 544 1147 595 ;
1179 528 1281 584 sed
1314 543 1422 584 nec
1453 542 1561 600 Ope
1591 524 1788 582 divina
1820 523 2175 581 destituelur
2210 529 2474 599 eatenus,
2511 530 2596 599 ut,
2627 528 2767 584 dum
2800 527 2948 586 alios
2978 530 3375 603 reprehendit,
3410 535 3545 590 ruat
3573 532 3703 605 ipse

265 638 379 693 per
410 636 667 694 praeceps
696 618 757 675 in
792 616 1035 674 alteram
1059 615 1389 690 quamlibet
1418 617 1591 690 lapsu
1624 613 1937 689 proclivem
1970 612 2427 687 blasphemiam.

692 737 807 792 ΕΙΣ
845 737 979 789 ΤΗΝ
1018 732 1418 791 ΕΠΙΣΤΟΛΗΝ
1456 732 1528 789 Ζ’.

351 835 418 892 Ὁ
478 831 637 907 ἅγιος
699 829 858 893 οὗτος
915 826 1280 905 Πολύκαρπος
1355 827 1616 902 Σμύρνης
1663 824 1717 883 ἂν
1788 822 1941 896 Ἀσίᾳ

275 917 500 1000 γέγονεν
553 919 872 989 ὶπίσκοπος,
931 918 1208 994 ἀκροατὴρ
1266 916 1559 994 γενόμενος
1615 919 1713 972 τοῦ
1786 912 1941 989 ἀγίου

283 1009 606 1066 ἀποστόλου
660 1007 749 1064 καὶ
823 1006 1210 1084 εὐαγγελιστοῦ
1266 1006 1517 1066 Ἰωάννου
1578 1009 1677 1061 τοῦ
1746 1001 1943 1069 θεολόο

280 1120 416 1176 γου,
476 1100 654 1164 καθὼς
714 1098 802 1154 καὶ
885 1097 1181 1171 Εἰρηναῖος
1239 1096 1291 1152 ἐν
1348 1102 1428 1169 τῷ
1501 1095 1672 1171 τρίτῳ
1744 1088 1944 1171 βιϐλίῳ

276 1195 394 1246 τῶν
476 1189 627 1245 Κατὰ
708 1194 809 1257 τῆς
894 1185 1256 1261 ψευδωνύμου
1331 1187 1588 1263 γνώσεως
1672 1187 1811 1257 (56),
1870 1181 1946 1245 ὡς

283 1280 340 1335 οἱ
401 1276 634 1334 παὶαιοὶ
691 1275 940 1352 λέγουσι,
997 1276 1155 1351 φησὶ,
1214 1277 1301 1332 καὶ
1378 1274 1659 1352 μαρτυρίῳ
1722 1276 1804 1346 τῷ
1858 1269 1947 1326 διὰ

285 1368 467 1445 πυρὸς
498 1365 817 1436 ἐτελειώθη.
850 1367 1007 1442 Ἔχει
1057 1363 1117 1421 δὶ
1167 1364 1466 1434 ὶπιστολὴν
1513 1365 1541 1421 ὁ
1592 1363 1757 1424 αὐτὸς
1803 1363 1947 1421 θεῖος

282 1455 659 1533 Πολύκαρπος
710 1454 847 1530 πρὸς
907 1452 1343 1527 Φιλιππησίους.
1384 1451 1760 1512 Ἑπιστὲλλων
1815 1453 1946 1525 γοῦν

286 1547 433 1623 πρὸς
482 1549 675 1600 τοῦτον
729 1544 757 1598 ὁ
804 1549 948 1608 θεῖος
1007 1546 1287 1607 Διονύσιος
1344 1542 1411 1599 τὰ
1457 1542 1582 1616 περὶ
1610 1546 1708 1598 τοῦ
1740 1536 1952 1597 Ἀπολ-

288 1633 574 1714 λοφάνους
656 1630 923 1707 διέξεισιν,
982 1634 1040 1697 ’ὸς
1120 1631 1333 1705 Ἕλλην
1412 1629 1509 1704 ὢν,
1559 1632 1651 1687 καὶ
1708 1628 1956 1692 Ἀσιανὸς

292 1723 631 1805 φιλόσοφος,
662 1722 851 1781 πολλὰ
902 1728 1003 1781 τοῦ
1061 1725 1222 1799 άγίου
1253 1725 1550 1800 κατηγόρει
1601 1727 1682 1795 τῷ
1738 1722 1955 1797 Χριστῷ

287 1814 712 1895 προσελθόντος
746 1833 760 1849 ’
821 1813 1000 1870 καίτοι
1057 1834 1121 1889 γε
1174 1815 1288 1888 ἅμα
1357 1813 1538 1886 τούτῳ
1605 1809 1959 1887 συνεωρακὼς

290 1906 367 1962 τὰ
422 1901 615 1960 πολλᾶ
670 1903 848 1959 ἐκεῖνα
894 1904 984 1960 καὶ
1043 1904 1328 1977 θαυμαστὰ
1350 1902 1417 1958 τὰ
1446 1901 1535 1959 ἐπὶ
1575 1905 1645 1977 τῇ
1686 1900 1823 1957 κατὰ
1864 1899 1957 1955 τὸν

298 1994 540 2069 σταυρὸν
601 1992 810 2068 ἡλιακῇ
860 1992 1097 2068 ἐκλείψει
1128 1995 1264 2069 (57).
1293 1993 1449 2068 Λίγει
1498 1995 1629 2068 γοῦν
1679 1991 1819 2065 πρὸς
1868 1990 1962 2045 τὸν

1971 731 2027 797 Α

2526 734 2599 791 ΙΝ
2638 736 3044 793 EPISTOLAM
3098 738 3218 793 VII.

2121 830 2478 905 Polycarpus
2509 833 2623 903 hic,
2656 835 2745 890 vir
2772 836 2999 891 eximiae
3031 837 3390 907 sanctitatis,
3438 839 3697 912 Smyrnae

2051 919 2317 977 Asiatica:
2367 922 2479 978 fuit
2526 923 2859 998 episcopus,
2909 926 3145 983 auditor
3192 927 3452 1000 primum
3512 928 3706 985 sancti

2052 1011 2298 1082 apostoli
2328 1017 2388 1067 et
2416 1014 2787 1087 evangelista:
2816 1014 3084 1087 Joannis,
3127 1023 3515 1089 cognomento
3537 1020 3701 1076 theo-

2051 1099 2208 1173 logi;
2242 1102 2742 1173 quemadmodum
2768 1107 3021 1162 [renisus
3048 1107 3109 1162 in
3131 1108 3303 1164 tertio
3327 1125 3529 1165 eorum
3553 1125 3702 1182 quos

2055 1190 2338 1247 adversus
2368 1190 2499 1247 falsi
2532 1193 2788 1249 nominis
2840 1195 3149 1252 scientiam
3182 1196 3438 1269 scripsit,
3470 1199 3701 1271 asserit,

2058 1284 2125 1335 ut
2153 1281 2408 1350 majores
2440 1298 2675 1354 quoque
2715 1284 2899 1339 nostri
2948 1284 3160 1341 litteris
3209 1287 3616 1359 prodiderunt.
3654 1289 3709 1344 Is

2058 1367 2193 1440 igne
2220 1370 2598 1443 absumptus,
2630 1373 2894 1445 martyrii
2920 1372 3166 1446 gloriam
3198 1377 3448 1449 adeptus
3477 1378 3710 1434 est.Ex-

2060 1461 2180 1514 stat
2191 1462 2387 1516 autem
2405 1459 2513 1515 viri
2541 1460 2722 1533 hujus
2746 1462 3111 1520 admirabilis
3133 1464 3437 1538 Polycarpi
3460 1465 3714 1537 epistola

2061 1545 2133 1601 ad
2177 1545 2606 1619 Pbilippenses.
2654 1549 2854 1607 Adhuc
2896 1550 3082 1623 igitur
3131 1552 3334 1610 beatus
3374 1553 3712 1627 Dionysius,

2064 1633 2250 1691 missa
2277 1636 2528 1707 epistola
2555 1638 2628 1693 de
2660 1639 3238 1713 Apollophane,talia
3264 1643 3579 1701 edisserit:
3613 1644 3714 1716 qui

2066 1722 2305 1793 gentilis
2334 1740 2471 1781 cum
2509 1732 2685 1797 esset,
2719 1728 3114 1804 philosophus
3165 1732 3411 1804 insuper
3438 1732 3717 1802 Asianus,

2070 1812 2393 1871 identidem
2422 1815 2790 1873 obtrectabat
2836 1823 3064 1888 sancto,
3116 1819 3320 1878 dolens
3369 1822 3525 1895 quod
3555 1821 3721 1879 Chri-

2071 1901 2278 1958 stiana:
2304 1903 2440 1959 lldei
2488 1904 2858 1979 accessisset,
2909 1907 3144 1965 etiamsi
3187 1927 3321 1966 cum
3370 1912 3541 1967 beato
3586 1910 3725 1967 Dio-

2074 1991 2243 2063 nysio
2272 2008 2389 2049 non
2421 2010 2611 2065 pauca
2642 1994 2743 2052 illa
2788 2000 2849 2051 et
2894 2012 3030 2053 cum
3087 1998 3296 2071 primis
3344 1999 3524 2073 digna
3569 2001 3721 2058 255

305 2089 461 2143 θεῖον
494 2081 883 2160 Πολύκαρπον,
914 2082 999 2137 ὅτι
1029 2084 1174 2173 Ἐγὼ
1226 2082 1321 2156 μὶν
1349 2081 1449 2139 οὐκ
1479 2079 1601 2138 οἶδα
1629 2080 1765 2158 πρός
1818 2099 1969 2144 τινας

2093 2079 2471 2138 Idmiratione
2529 2099 2645 2140 una
2696 2086 3111 2158 perspexisset,
3164 2104 3295 2160 quae
3358 2088 3607 2145 Domino
3667 2089 3729 2145 in

304 2172 660 2252 ἑτεροδόεους
712 2170 900 2245 εἰπὼν,
942 2170 1033 2228 καὶ
1087 2169 1345 2249 διασύρας
1398 2173 1500 2241 τήν
1553 2170 1776 2227 ἐκείνων
1834 2181 1968 2246 θρη-

304 2264 521 2337 σκείαν,
554 2263 734 2339 ἀρκεῖν
764 2261 1022 2336 οἰόμενος
1050 2260 1129 2333 τῷ
1158 2262 1347 2337 ἀγαθῷ
1395 2262 1690 2337 ἀνθρώπῳ,
1723 2260 1811 2316 ἐὰν
1873 2256 1969 2314 δυε-

300 2353 507 2427 νηθείη
565 2353 694 2409 αὐτὸ
739 2353 859 2409 καθ’
903 2353 1035 2409 αὐτὸ
1083 2353 1146 2407 τὸ
1193 2351 1415 2424 ἀληθὲς,
1460 2353 1638 2414 καθὼς
1686 2346 1827 2426 ἔχει,
1875 2349 1969 2405 καὶ

299 2442 639 2521 γνῶναικαὶ
671 2441 867 2499 εἴπεῗν.
899 2444 1102 2516 Ὥσπερ
1147 2440 1248 2517 γὰρ
1294 2440 1394 2497 οὐκ
1437 2435 1557 2517 ἔχει
1605 2440 1771 2515 Λόγον
1822 2439 1968 2495 συνί-

302 2534 535 2590 στασθαι
564 2532 627 2587 τὸ
654 2530 880 2603 ἀληθὲς,
914 2528 975 2586 ἐκ
1002 2534 1099 2587 τοῦ
1128 2531 1189 2586 τὸ
1216 2527 1415 2604 ψεῦδος
1446 2528 1768 2605 ἂλίγχεσθαι
1798 2547 1811 2562 ·
1846 2526 1971 2584 ἀλλ’

304 2623 447 2681 αὐτὸ
502 2622 621 2688 καθ’
650 2622 784 2678 αύτὸ
833 2619 1095 2699 αὔταρκές
1140 2620 1283 2677 ἐστιν
1335 2620 1411 2685 εἷς
1454 2622 1516 2676 τὸ
1539 2627 1701 2677 πᾶσιν
1747 2617 1970 2698 ἀναφαί-

300 2734 417 2770 νειν
450 2712 557 2779 τήν
618 2711 811 2766 ὶαυτοῦ
864 2709 1254 2787 λαμπρότητα,
1285 2708 1385 2767 κᾶν
1433 2710 1782 2786 συγκρίνηται
1833 2709 1971 2783 πρὸς

303 2801 373 2859 τὸ
406 2804 634 2875 ψεῦθος,
664 2799 760 2856 κᾶν
793 2798 855 2856 ού
889 2799 1236 2877 συγκρίνηται
1271 2818 1284 2834 ο
1326 2799 1545 2874 μᾶλλον
1595 2800 1691 2873 μὶν
1743 2799 1833 2855 οὗν
1880 2797 1974 2854 καὶ

304 2898 410 2961 τῆς
444 2888 651 2954 οῗκείας
681 2886 963 2963 δυνάμεως
996 2890 1114 2946 οἷον
1137 2888 1306 2945 εἰπεῖν
1323 2884 1655 2945 κινδυνεύσει
1674 2887 1738 2943 ού
1766 2888 1829 2944 τὸ
1855 2884 1975 2942 ne.

306 3000 510 3058 χιστον
536 2973 1007 3054 προσαποὸαλεῖν,
1026 2974 1278 3050 δόξαντός
1304 3000 1446 3035 τισιν
1478 2978 1541 3035 οὐ
1570 2979 1689 3034 καθ’
1719 2976 1849 3033 αὐτὸ
1874 2977 1974 3047 τήν

310 3068 479 3145 ἰσχὺν
514 3063 662 3143 ἔχειν
700 3086 713 3099 υ
749 3066 897 3124 ἀλλὰ
926 3071 1026 3125 τοῦ
1057 3067 1231 3141 πάντη
1275 3067 1529 3134 ἀσθενοῦς
1583 3066 1977 3145 ἄλεγχομὲνου,

313 3156 583 3229 δηλονότι
613 3161 713 3215 τοῦ
733 3155 987 3232 ψεύδους,
1014 3157 1259 3229 αύτὸ,ὡς
1294 3160 1369 3232 μὴ
1400 3162 1648 3215 τοιοῦτον
1679 3156 1979 3231 τελὲως,τὸ

311 3250 525 3323 κράτος
574 3245 916 3323 κληροῦσθαι
952 3267 963 3280 ·
1001 3246 1175 3313 οὕτως
1230 3245 1342 3304 οὐδ’
1372 3246 1604 3324 ἀγαθοὺς
1659 3247 1983 3322 ἀνθρώπους

316 3339 533 3410 πρέπον
566 3334 681 3392 leti
714 3335 1058 3393 συνίστασθαι
1087 3339 1223 3394 κατά
1247 3338 1311 3393 τὸ
1343 3338 1541 3393 οἰκεῖον
1575 3332 1757 3407 σέϐας,
1782 3336 1857 3400 ὡς
1886 3356 1982 3393 κα·

316 3425 439 3489 λῶς
470 3424 843 3497 πιστεύουσιν,
873 3425 981 3483 ἀπὸ
1005 3430 1103 3483 τοῦ
1132 3421 1545 3503 καθυϐρίζεσθαι
1586 3425 1721 3489 τοὺς
1768 3425 1985 3503 tripos:

319 3516 356 3587 ἢ
419 3481 845 3591 ίξελὲγχεσθαιῖ
892 3481 1058 3571 ἀλλά
1294 3481 1491 3581 άύτοῦς
1548 3481 1883 3586 ﬁsci-Cedo;
1934 3481 1987 3570 ei:
2017 3481 2061 3551 α

321 3606 428 3682 ἄρα
486 3601 631 3676 ἄξιοί
691 3602 793 3661 εἶσι
855 3605 1184 3679 θαυμασμοῦ
1238 3612 1340 3675 τῆς
1377 3605 1547 3681 ὀρθῆς
1598 3604 1826 3681 κρίσεως
1871 3600 1989 3661 tv:-

321 3716 397 3750 κα
455 3696 595 3767 (58)·
627 3698 725 3750 τοῦ
779 3692 880 3771 γὰρ
936 3691 1206 3765 ἀληθοῦς,
1237 3695 1267 3749 ’ὸ
1295 3693 1348 3750 τί
1384 3695 1522 3750 ποτε
1570 3693 1736 3767 ἑστιν,
1768 3690 1993 3750 ἀποδει·

324 3784 600 3859 κνυμὲνου
655 3783 772 3839 κατ’
803 3782 965 3840 αὐτὸν
1014 3784 1105 3840 τὸν
1164 3790 1265 3854 τῆς
1314 3783 1572 3856 ἀληθείας
1600 3783 1770 3857 νόμον
1803 3782 1993 3858 (νόμος

330 3873 394 3930 δὲ
443 3871 707 3946 ἀληθείας
760 3872 824 3929 τὸ
882 3874 996 3931 καθ’
1022 3873 1191 3943 αὐτὴν
1246 3873 1624 3945 ἐξετάζεσθαι),
1682 3873 1776 3929 καὶ
1832 3874 1995 3930 καθαι-

331 3968 448 4043 ρῶς
479 3961 799 4036 εστηκότος,
830 3967 934 4019 πᾶν
963 3963 1026 4019 τὸ
1054 3959 1245 4028 ἄλλως
1279 3961 1408 4039 ἔχον
1439 3962 1530 4020 καὶ
1566 3958 1993 4040 ὑποκρινόμενον

330 4055 437 4123 τὴν
466 4052 728 4124 ἀλήθειαν
760 4049 1157 4128 ἐλεγχθήσεται
1202 4049 1386 4129 ἕτερον
1435 4052 1573 4110 κατά
1604 4052 1865 4127 ἀνόμοιον
1896 4057 1996 4109 τοῦ

332 4142 509 4205 ὄντως
543 4139 721 4216 ὄντος,
746 4138 917 4218 ἤγουν
948 4146 1047 4198 τοῦ
1074 4140 1341 4211 ἀληθοῦς·
1373 4145 1465 4200 καὶ
1498 4140 1694 4201 δοκοῦν
1726 4140 1999 4219 ἐλεγχθή-

334 4255 487 4290 σεται
522 4230 739 4307 μᾶλλον
772 4232 808 4302 ἢ
842 4227 923 4289 ὅν.
951 4233 1213 4308 ΙῙεριττὸν
1256 4230 1439 4288 τοίνυν
1490 4232 1581 4287 τὸν
1632 4231 1721 4287 ἐπὶ
1782 4232 1996 4289 πάντων

334 4323 579 4399 λέγοντα
627 4323 717 4379 καὶ
765 4325 1098 4398 φανεροῦντα
1156 4322 1255 4390 τὴν
1288 4320 1573 4393 ἀλήθειαν,
1604 4324 1742 4398 πρὸς
1770 4323 1999 4387 τούτους

332 4413 371 4484 ἢ
406 4410 653 4476 ἐκείνους
698 4409 1092 4487 διαμάχεσθαι.
1123 4411 1388 4473 Ἕκαστος
1437 4412 1564 4487 γὰρ,
1614 4410 1999 4487 πλανώμενος,

337 4502 516 4561 οἴεται
547 4503 647 4572 τήν
679 4501 941 4573 ἀλήθειαν
973 4502 1248 4579 κατέχειν,
1282 4498 1463 4578 ὥσπερ
1498 4522 1551 4558 τι
1602 4502 1886 4578 βασιλικὸν
1912 4504 2002 4559 νό-

338 4613 530 4671 μισμα
562 4611 575 4624 ’
608 4592 697 4648 καὶ
731 4589 861 4655 ἴσως
892 4593 1112 4668 κατέχει
1154 4590 1354 4668 μορίου
1399 4592 1544 4654 τινὸς
1590 4593 1685 4662 τῆς
1718 4592 2005 4667 ἀληθείας,

339 4684 407 4740 ού
474 4684 588 4757 μήν
644 4704 705 4759 γε
760 4683 940 4753 πάσης
997 4687 1098 4753 τῆς
1156 4680 1418 4755 ἀληθείας
1487 4681 1771 4754 ἀπατηλὸν
1840 4681 2005 4740 εἷ’δω-

340 4773 446 4829 λον
649 4773 959 4845 Θαυμάσιον
1013 4768 1072 4827 δε
1094 4772 1187 4827 καὶ
1213 4772 1278 4826 τὸ
1309 4768 1539 4827 εἴδωλον
1570 4773 1708 4847 (60),
1742 4773 1876 4829 καθὸ
1912 4772 2006 4829 καὶ

345 4859 757 4934 εἰδωλολάτραι
788 4858 1109 4931 καλοῦνται,
1137 4861 1213 4925 ὡς
1242 4858 1501 4925 εἰδώλοις
1544 4859 1853 4934 ἀπατηλοῖς
1907 4884 2007 4936 μου

342 4955 474 5030 ρίου
500 4949 759 5025 ἀληθείας
791 4949 1168 5027 λατρεύοντες,
1201 4949 1493 5030 φάσκοντες
1542 4950 1670 5015 τοὺς
1726 4951 1793 5007 ού
1854 4950 2012 5017 θεοὺς

2078 2186 2253 2228 cruce
2281 2173 2575 2243 pendente
2603 2174 2980 2246 contigerunt
3026 2192 3130 2248 per
3173 2178 3364 2233 solare
3412 2176 3556 2234 illud
3590 2176 3732 2234 deli-

2078 2259 2309 2332 quium.
2341 2260 2496 2317 Dicit
2536 2262 2720 2334 igitur
2768 2267 2969 2320 sancto
3008 2264 3328 2338 Polycerpo
3379 2284 3394 2322 :
3445 2266 3730 2339 Equidem

2081 2348 2227 2404 mihi
2255 2350 2530 2407 conscius
2555 2367 2673 2407 non
2703 2368 2836 2408 sum
2859 2353 3081 2410 dixisse
3109 2354 3428 2427 aliquando
3451 2357 3736 2412 adversus

2079 2436 2323 2495 alterius
2342 2446 2518 2497 secus
2538 2442 2921 2514 professores,
2940 2449 3043 2499 aut
3064 2443 3302 2501 illorum
3321 2446 3731 2502 caeremoniam

2080 2527 2429 2599 cultumque
2449 2546 2714 2602 unquam
2734 2530 2889 2603 ctylo
2907 2533 3621 2604 perstrinxisse,suflicere
3643 2552 3735 2591 ar-

2080 2616 2337 2673 bitratus
2365 2618 2441 2684 ei,
2470 2618 2575 2690 qui
2605 2620 2795 2677 bonus
2818 2636 2948 2678 esse
2970 2623 3238 2695 pergit,si
3260 2624 3501 2697 id,quod
3531 2641 3739 2682 verum

2082 2705 2402 2778 est,ipsum
2416 2709 2745 2765 secundum
2776 2726 2841 2765 se
2870 2710 3050 2766 sicuti
3065 2728 3129 2768 se
3150 2711 3531 2784 habet,nosse
3552 2712 3743 2787 possit

2083 2795 2264 2867 simul
2304 2800 2364 2852 et
2430 2812 2789 2869 expromere.
2843 2800 3353 2863 Quemadmodum
3402 2802 3561 2858 enim
3615 2801 3739 2857 ulla

2085 2886 2345 2959 suppetit
2373 2886 2523 2943 ratio
2552 2887 2977 2945 constituendae
3006 2891 3563 2947 commendandeve
3582 2890 3742 2946 veri-

2084 2975 2224 3032 tatis
2249 2992 2323 3031 ex
2350 2991 2439 3043 eo,
2468 2978 2625 3048 quod
2662 2978 3036 3035 mendacium
3058 2979 3744 3053 deprehenditur,quan-

2088 3064 2162 3121 do
2192 3064 2323 3137 ipsa
2350 3066 2679 3124 secundum
2710 3082 2772 3124 ac
2800 3068 3034 3124 abunde
3064 3084 3132 3127 se
3158 3069 3460 3125 sufﬁcitin
3484 3085 3753 3126 commu-

2090 3170 2163 3211 ne
2189 3155 2468 3211 omnibus
2492 3156 2685 3229 palam
2699 3173 2965 3214 exserere
2988 3158 3252 3215 nativum
3279 3175 3453 3216 suum
3478 3160 3753 3233 splendo-

2091 3261 2237 3314 rem,
2264 3244 2386 3301 sive
2413 3261 2482 3302 ea
2509 3262 2645 3302 cum
2677 3248 2983 3305 mendacio
3014 3253 3422 3321 componatur,
3454 3251 3575 3306 sive
3607 3266 3748 3305 non.

2093 3333 2244 3401 Quin
2275 3334 2472 3406 potius
2504 3335 2934 3407 periclitabitur
2956 3337 3034 3410 (si
3056 3338 3250 3395 dicere
3271 3338 3361 3395 fas
3387 3338 3483 3411 sit)
3503 3355 3620 3394 non
3639 3339 3751 3394 mi-

2095 3422 2319 3480 nimam
2350 3424 2678 3496 portionem
2702 3425 3020 3499 deperdere
3060 3426 3314 3500 propria
3340 3427 3577 3484 virtutis
3611 3426 3753 3483 :ubi

2098 3512 2459 3587 quibusdam
2487 3513 2616 3571 visa
2637 3515 2813 3572 fuerit
2843 3531 3214 3589 nequaquam
3244 3516 3365 3573 vim
3396 3517 3558 3573 illam
3581 3532 3753 3573 suam

2101 3602 2366 3661 obtinere
2392 3609 2604 3677 suapte
2633 3606 2979 3675 natura,sed
2996 3607 3250 3678 pendere
3270 3624 3339 3664 ex
3357 3608 3488 3678 ejus
3508 3607 3757 3663 demon-

2100 3693 2407 3761 stratione,
2439 3695 2597 3766 quod
2627 3696 2790 3751 omni
2820 3711 2890 3752 ex
2920 3701 3084 3768 parte
3113 3697 3426 3753 inﬁrmum
3458 3695 3753 3766 est,nimi-

2102 3798 2237 3839 rum
2261 3799 2332 3839 ex
2359 3782 2671 3841 collatione
2698 3784 3017 3853 mendacii,
3048 3785 3221 3858 quasi
3251 3803 3385 3843 vero
3418 3786 3618 3843 minus
3647 3802 3757 3859 per

2101 3888 2168 3930 ae
2197 3872 2532 3930 absolutam
2562 3878 2621 3929 et
2646 3874 2947 3931 efﬁcacem
2994 3875 3321 3947 potentiam
3358 3876 3568 3933 sortito
3611 3875 3763 3931 obti-

2106 3964 2349 4020 neat.Ad
2381 3965 2658 4021 eumdem
2686 3964 2928 4021 modum
2962 3966 3311 4038 neutiquam
3346 3966 3589 4022 addecet
3609 3964 3767 4021 viros

2106 4056 2171 4111 ut
2198 4053 2386 4110 bonos
2412 4052 2731 4125 praedicare
2759 4053 3007 4127 proprie
3034 4054 3338 4128 religionis
3379 4054 3763 4114 commenda-

2106 4141 2286 4211 tione,
2316 4141 2492 4213 quasi
2520 4142 2632 4200 hoc
2661 4143 2903 4203 nomine
2933 4147 3101 4200 recte
3128 4143 3252 4200 sint
3280 4143 3603 4215 ﬁdei,quod
3627 4142 3769 4199 alio-

2108 4247 2242 4288 rum
2274 4235 2466 4288 sectas
2493 4232 2696 4289 norint
2714 4232 2944 4291 fortiter
2967 4232 3199 4305 probris
3217 4249 3529 4306 aspergere
3554 4236 3658 4289 aut
3677 4248 3767 4289 re—

2110 4323 2491 4397 prehendere;
2509 4324 2699 4397 magis
2715 4340 2851 4382 vero
2868 4326 3198 4382 secundum
3212 4342 3276 4382 se
3292 4326 3659 4399 expendendi
3673 4341 3770 4381 ve-

2110 4412 2285 4469 niunt
2312 4417 2371 4469 et
2398 4412 2794 4481 examinandi,
2820 4413 2874 4469 si
2904 4413 3122 4471 mirum
3160 4414 3329 4487 digni
3360 4415 3482 4471 sint
3510 4414 3769 4471 admira-

2112 4503 2271 4560 tione
2325 4507 2565 4576 propter
2601 4506 2827 4559 reotum
2873 4503 3199 4573 judicium.
3258 4505 3374 4560 Hoc
3420 4504 3582 4560 enim
3631 4520 3768 4562 vero

2112 4593 2532 4665 (quodcunque
2550 4593 2790 4649 tandem
2819 4591 2967 4648 illud
2988 4592 3103 4664 est)
3121 4593 3770 4662 demonstrato,secun-

2115 4683 2257 4740 dum
2282 4682 2477 4755 ipsam
2504 4682 2693 4757 legem
2725 4681 3011 4751 veritatis,
3042 4681 3136 4739 lex
3154 4687 3355 4739 autem
3384 4681 3648 4740 veritatis
3679 4686 3773 4741 est

2114 4772 2230 4830 tale
2256 4771 2483 4845 aliquid
2514 4772 2840 4830 secundum
2870 4772 3064 4845 ipsam
3083 4771 3394 4829 veritatem
3423 4772 3775 4844 expendere)

2038 4883 2085 4949 ι)
2116 4866 2176 4920 et
2204 4862 2509 4919 sinceriter
2538 4866 2866 4931 constante,
2898 4862 3185 4934 quidquid
3218 4861 3491 4933 est,un
3510 4860 3684 4918 aliter
3712 4876 3779 4917 se

2119 4952 2301 5010 habet
2318 4952 2724 5026 mentiturque
2744 4952 3462 5020 veritatem,eouvincetur
3476 4949 3781 5018 falsitatis;

344 5043 528 5114 θεοὺς,
574 5042 662 5098 καὶ
721 5042 784 5097 τὸ
842 5038 1204 5119 ἀφειλόμενον
1252 5045 1333 5115 τῷ
1367 5044 1486 5114 Θεῷ
1536 5036 1696 5105 σέϐας
1753 5039 1830 5104 εἰς
1886 5039 1981 5098 τοὺ

2120 5041 2531 5114 dissimileque
2558 5046 2617 5099 et
2643 5041 2805 5099 aliud
2837 5057 3019 5114 quam
3049 5057 3111 5098 re
3142 5042 3273 5115 ipsa
3301 5039 3670 5112 sit,alienum
3691 5040 3784 5096 vi-

344 5129 747 5208 ψευδωνύμους
803 5128 957 5194 θεοὺς
1010 5129 1394 5205 ἀπονίμοντες.
1450 5124 1600 5187 Λάϐε
1673 5128 1852 5186 τοίνυν
1918 5130 2012 5187 τὸν

349 5225 452 5298 μὶν
483 5222 563 5297 μὴ
596 5219 856 5292 ἀλήθειαν
891 5218 1092 5297 ἔχοντα
1123 5220 1199 5286 ὡς
1253 5221 1345 5275 τὸν
1404 5219 1469 5277 τὸ
1523 5216 1807 5296 βασιλικὸν
1854 5219 2015 5278 κατιε-

347 5334 530 5390 χοντα
582 5310 853 5386 νόμισμα.
902 5308 967 5369 El
1016 5314 1148 5386 γοῦν
1203 5311 1363 5375 οὗτος
1425 5307 1731 5387 ὶξελᾶγχειν
1814 5313 2016 5387 πειρώ-

354 5424 523 5478 μενος
554 5402 681 5465 τοὺς
710 5403 788 5476 μή
820 5403 1154 5477 κατέχοντας
1188 5400 1279 5457 καὶ
1334 5398 1644 5475 οἰομένους,
1674 5399 1772 5457 κᾶν
1825 5404 2016 5457 τοῦτον

351 5492 636 5570 ἆξελέγξῃ,
691 5491 876 5566 ἕτερος
950 5490 1324 5571 φιλονεικήσει
1364 5510 1378 5523 ⁶
1437 5488 1535 5547 κᾶν
1596 5490 1781 5564 αὐτὸν,
1835 5488 2019 5568 ἕτερος

352 5582 533 5641 πάλιν
568 5601 581 5615 ο
615 5580 713 5637 κᾶν
768 5581 918 5645 αὖθις
972 5585 1189 5656 τοῦτον,
1247 5578 1429 5658 ἕτερος
1491 5580 1871 5653 ἀναστήσεται.
1906 5584 2019 5641 Τοῦ

355 5675 496 5752 γοῦν
527 5669 767 5744 ἀληθοῦς
794 5667 1177 5749 ἀνεξελέγκτου
1212 5673 1502 5746 μένοντος,
1531 5676 1637 5728 πᾶν
1682 5672 1746 5729 τὸ
1798 5672 1875 5745 μὴ
1927 5669 2020 5727 οες.

356 5784 475 5826 τως
536 5757 692 5837 ἔχον,
730 5760 861 5818 αὐτὸ
920 5761 1006 5840 ὑφ’
1055 5759 1251 5818 εαυτοῦ
1304 5757 1802 5834 καταϐληθήσεται,
1848 5763 2017 5838 προσ-

2119 5130 2334 5188 delioet
2352 5148 2388 5188 a
2406 5132 2651 5188 veritate
2671 5130 2926 5203 (etiamsi
2950 5146 3083 5188 ease
3100 5131 3368 5187 videatur
3388 5128 3582 5203 magis
3604 5145 3783 5202 quam

2126 5220 2225 5293 sit)
2252 5224 2605 5294 coarguatur
2631 5222 2895 5278 tandem.

2192 5311 2707 5384 Supervacaneum
2727 5327 2861 5369 vero
2880 5310 2960 5368 sit
2985 5310 3258 5383 eum,qui
3285 5309 3360 5367 de
3377 5309 3658 5368 omnibus
3680 5328 3784 5383 pa-

2128 5405 2221 5459 rat
2249 5401 2652 5471 dicere,simul
2671 5406 2732 5458 et
2750 5401 3092 5459 varietatem
3108 5400 3369 5458 assumit
3384 5401 3780 5458 manifestan-

2128 5491 2289 5559 dam,
2304 5490 2647 5549 velitaribus
2671 5492 2865 5548 verbis
2894 5492 3236 5564 depugnare
3256 5492 3540 5549 advenas
3552 5491 3662 5549 hos
3684 5494 3788 5548 aut

2129 5581 2623 5639 illos.Arbitratur
2652 5580 2811 5637 enim
2832 5580 3423 5654 quivit,quantolibet
3442 5581 3495 5638 is
3519 5583 3790 5639 teneatur

2130 5671 2452 5730 obstrictus
2476 5687 2700 5739 errore,
2731 5688 2912 5745 penes
2928 5686 2995 5729 aa
3018 5687 3158 5729 esse
3182 5671 3511 5740 veritatem,
3544 5671 3789 5744 perinde

2132 5766 2305 5834 atque
2332 5761 2559 5835 regium
2592 5762 2893 5835 quoddam
2924 5762 3246 5821 numisma.
3279 5762 3351 5818 Et
3388 5761 3641 5818 fortasse
3672 5758 3788 5816 ali-
