  <div class='ocr_page' id='page_1' title='image "/cluster/home/n/w/nwhite01/storage/ocr_20150623/4:no.2/coo.31924054872837/235.png"; bbox 0 0 4108 6378; ppageno 0'>
   <div class='ocr_carea' id='block_1_1' title="bbox 388 328 497 381">
    <p class='ocr_par' dir='ltr' id='par_1_1' title="bbox 388 328 497 381">
     <span class='ocr_line' id='line_1_1' title="bbox 388 328 497 381; baseline 0 -1"><span class='ocrx_word' id='word_1_1' title='bbox 388 328 497 381; x_wconf 72' lang='grc'><strong>455</strong></span> 
     </span>
    </p>
   </div>
   <div class='ocr_carea' id='block_1_2' title="bbox 1205 319 2981 384">
    <p class='ocr_par' dir='ltr' id='par_1_2' title="bbox 1205 319 2981 384">
     <span class='ocr_line' id='line_1_2' title="bbox 1205 319 2981 384; baseline 0.004 -6"><span class='ocrx_word' id='word_1_2' title='bbox 1205 323 1573 379; x_wconf 76' lang='lat' dir='ltr'><strong>APPENDIX</strong></span> <span class='ocrx_word' id='word_1_3' title='bbox 1612 323 1710 375; x_wconf 81' lang='lat' dir='ltr'><strong>AD</strong></span> <span class='ocrx_word' id='word_1_4' title='bbox 1748 321 1991 375; x_wconf 77' lang='lat' dir='ltr'><strong>OPBBA</strong></span> <span class='ocrx_word' id='word_1_5' title='bbox 2027 322 2086 375; x_wconf 82' lang='grc' dir='ltr'><strong>Β.</strong></span> <span class='ocrx_word' id='word_1_6' title='bbox 2126 319 2441 378; x_wconf 79' lang='lat' dir='ltr'><strong>DIONYBII</strong></span> <span class='ocrx_word' id='word_1_7' title='bbox 2480 323 2981 384; x_wconf 67' lang='lat' dir='ltr'><strong>AREOPAGITE.</strong></span> 
     </span>
    </p>
   </div>
   <div class='ocr_carea' id='block_1_3' title="bbox 3700 328 3809 390">
    <p class='ocr_par' dir='ltr' id='par_1_3' title="bbox 3700 328 3809 390">
     <span class='ocr_line' id='line_1_3' title="bbox 3700 328 3809 390; baseline 0.009 -3"><span class='ocrx_word' id='word_1_8' title='bbox 3700 328 3809 390; x_wconf 72' lang='grc'><strong>456</strong></span> 
     </span>
    </p>
   </div>
   <div class='ocr_carea' id='block_1_4' title="bbox 383 445 2040 525">
    <p class='ocr_par' dir='ltr' id='par_1_4' title="bbox 383 445 2029 524">
     <span class='ocr_line' id='line_1_4' title="bbox 383 445 2029 524; baseline -0.005 -16"><span class='ocrx_word' id='word_1_9' title='bbox 383 453 554 524; x_wconf 85' lang='lat' dir='ltr'><strong>cujus</strong></span> <span class='ocrx_word' id='word_1_10' title='bbox 568 449 863 524; x_wconf 66' lang='lat' dir='ltr'><strong>particulas</strong></span> <span class='ocrx_word' id='word_1_11' title='bbox 878 447 1139 504; x_wconf 79' lang='lat' dir='ltr'><strong>veritatis</strong></span> <span class='ocrx_word' id='word_1_12' title='bbox 1157 460 1292 520; x_wconf 88' lang='lat' dir='ltr'><strong>(neq</strong></span> <span class='ocrx_word' id='word_1_13' title='bbox 1305 464 1560 519; x_wconf 85' lang='lat' dir='ltr'><strong>uaquam</strong></span> <span class='ocrx_word' id='word_1_14' title='bbox 1584 463 1716 502; x_wconf 91' lang='lat' dir='ltr'><strong>vero</strong></span> <span class='ocrx_word' id='word_1_15' title='bbox 1743 445 2029 501; x_wconf 70' lang='lat' dir='ltr'><strong>universis</strong></span> 
     </span>
    </p>
   </div>
   <div class='ocr_carea' id='block_1_5' title="bbox 2148 445 3805 525">
    <p class='ocr_par' dir='ltr' id='par_1_5' title="bbox 2148 445 3805 524">
     <span class='ocr_line' id='line_1_5' title="bbox 2148 445 3805 524; baseline 0.005 -27"><span class='ocrx_word' id='word_1_16' title='bbox 2148 447 2373 520; x_wconf 85' lang='grc' dir='ltr'>κροῦσαν</span> <span class='ocrx_word' id='word_1_17' title='bbox 2425 445 2518 517; x_wconf 67' lang='grc' dir='ltr'><strong>μὶν</strong></span> <span class='ocrx_word' id='word_1_18' title='bbox 2559 450 2640 519; x_wconf 82' lang='grc' dir='ltr'>τῷ</span> <span class='ocrx_word' id='word_1_19' title='bbox 2669 445 2868 519; x_wconf 77' lang='grc' dir='ltr'>ἀληθεῖ</span> <span class='ocrx_word' id='word_1_20' title='bbox 2892 451 3028 523; x_wconf 84' lang='grc'>(61),</span> <span class='ocrx_word' id='word_1_21' title='bbox 3061 449 3191 506; x_wconf 88' lang='grc' dir='ltr'>αύτὸ</span> <span class='ocrx_word' id='word_1_22' title='bbox 3218 447 3275 506; x_wconf 75' lang='grc' dir='ltr'>δὲ</span> <span class='ocrx_word' id='word_1_23' title='bbox 3307 451 3466 511; x_wconf 79' lang='grc' dir='ltr'>πεσὸν</span> <span class='ocrx_word' id='word_1_24' title='bbox 3500 453 3569 524; x_wconf 77' lang='grc' dir='ltr'><strong>τῇ</strong></span> <span class='ocrx_word' id='word_1_25' title='bbox 3596 452 3805 524; x_wconf 77' lang='grc' dir='ltr'>ἀηττήο</span> 
     </span>
    </p>
   </div>
   <div class='ocr_carea' id='block_1_6' title="bbox 387 534 2040 611">
    <p class='ocr_par' dir='ltr' id='par_1_6' title="bbox 387 534 2040 611">
     <span class='ocr_line' id='line_1_6' title="bbox 387 534 2040 611; baseline -0.005 -13"><span class='ocrx_word' id='word_1_26' title='bbox 387 541 668 610; x_wconf 88' lang='lat' dir='ltr'><strong>veritatis)</strong></span> <span class='ocrx_word' id='word_1_27' title='bbox 682 539 1001 611; x_wconf 89' lang='lat' dir='ltr'><strong>imaginem</strong></span> <span class='ocrx_word' id='word_1_28' title='bbox 1018 536 1331 594; x_wconf 79' lang='lat' dir='ltr'><strong>subdolam</strong></span> <span class='ocrx_word' id='word_1_29' title='bbox 1350 534 1895 592; x_wconf 87' lang='lat' dir='ltr'><strong>tenet.Admirabilc</strong></span> <span class='ocrx_word' id='word_1_30' title='bbox 1911 550 2040 590; x_wconf 80' lang='lat' dir='ltr'><strong>vero</strong></span> 
     </span>
    </p>
   </div>
   <div class='ocr_carea' id='block_1_7' title="bbox 390 623 2043 699">
    <p class='ocr_par' dir='ltr' id='par_1_7' title="bbox 390 623 2043 699">
     <span class='ocr_line' id='line_1_7' title="bbox 390 623 2043 699; baseline -0.005 -11"><span class='ocrx_word' id='word_1_31' title='bbox 390 631 567 688; x_wconf 88' lang='lat' dir='ltr'><strong>etiam</strong></span> <span class='ocrx_word' id='word_1_32' title='bbox 602 625 775 682; x_wconf 84' lang='grc' dir='ltr'>εωλον</span> <span class='ocrx_word' id='word_1_33' title='bbox 808 645 911 685; x_wconf 91' lang='lat' dir='ltr'><strong>seu</strong></span> <span class='ocrx_word' id='word_1_34' title='bbox 941 626 1161 699; x_wconf 83' lang='lat' dir='ltr'><strong>imago,</strong></span> <span class='ocrx_word' id='word_1_35' title='bbox 1194 624 1493 699; x_wconf 68' lang='lat' dir='ltr'><strong>particulae</strong></span> <span class='ocrx_word' id='word_1_36' title='bbox 1510 623 2043 696; x_wconf 89' lang='lat' dir='ltr'><strong>veritatis,propter</strong></span> 
     </span>
    </p>
   </div>
   <div class='ocr_carea' id='block_1_8' title="bbox 390 713 2041 792">
    <p class='ocr_par' dir='ltr' id='par_1_8' title="bbox 390 713 2041 792">
     <span class='ocr_line' id='line_1_8' title="bbox 390 713 2041 792; baseline -0.005 -17"><span class='ocrx_word' id='word_1_37' title='bbox 390 720 545 792; x_wconf 84' lang='lat' dir='ltr'><strong>quod</strong></span> <span class='ocrx_word' id='word_1_38' title='bbox 576 716 897 777; x_wconf 82' lang='lat' dir='ltr'><strong>idololatras</strong></span> <span class='ocrx_word' id='word_1_39' title='bbox 918 720 1303 783; x_wconf 88' lang='lat' dir='ltr'><strong>v0cantur,ut</strong></span> <span class='ocrx_word' id='word_1_40' title='bbox 1333 715 1436 787; x_wconf 88' lang='lat' dir='ltr'><strong>qui</strong></span> <span class='ocrx_word' id='word_1_41' title='bbox 1467 714 1695 771; x_wconf 89' lang='lat' dir='ltr'><strong>cultum</strong></span> <span class='ocrx_word' id='word_1_42' title='bbox 1725 713 2041 770; x_wconf 75' lang='lat' dir='ltr'><strong>exhibeant</strong></span> 
     </span>
    </p>
   </div>
   <div class='ocr_carea' id='block_1_9' title="bbox 387 802 2041 879">
    <p class='ocr_par' dir='ltr' id='par_1_9' title="bbox 387 802 2041 879">
     <span class='ocr_line' id='line_1_9' title="bbox 387 802 2041 879; baseline -0.005 -15"><span class='ocrx_word' id='word_1_43' title='bbox 387 808 845 879; x_wconf 82' lang='lat' dir='ltr'><strong>idolis,fucatam</strong></span> <span class='ocrx_word' id='word_1_44' title='bbox 878 810 938 863; x_wconf 88' lang='lat' dir='ltr'><strong>et</strong></span> <span class='ocrx_word' id='word_1_45' title='bbox 956 805 1223 863; x_wconf 79' lang='lat' dir='ltr'><strong>fallacem</strong></span> <span class='ocrx_word' id='word_1_46' title='bbox 1248 804 1597 878; x_wconf 83' lang='lat' dir='ltr'><strong>particulam</strong></span> <span class='ocrx_word' id='word_1_47' title='bbox 1616 802 1883 859; x_wconf 88' lang='lat' dir='ltr'><strong>veritatis</strong></span> <span class='ocrx_word' id='word_1_48' title='bbox 1926 818 2041 874; x_wconf 63' lang='lat' dir='ltr'><strong>pres</strong></span> 
     </span>
    </p>
   </div>
   <div class='ocr_carea' id='block_1_10' title="bbox 387 892 2044 968">
    <p class='ocr_par' dir='ltr' id='par_1_10' title="bbox 387 892 2044 968">
     <span class='ocr_line' id='line_1_10' title="bbox 387 892 2044 968; baseline -0.005 -13"><span class='ocrx_word' id='word_1_49' title='bbox 387 915 450 955; x_wconf 90' lang='lat' dir='ltr'><strong>se</strong></span> <span class='ocrx_word' id='word_1_50' title='bbox 474 892 1655 968; x_wconf 88' lang='lat' dir='ltr'><strong>ferentibus:deosqueasserant,quinihil</strong></span> <span class='ocrx_word' id='word_1_51' title='bbox 1680 892 1879 948; x_wconf 88' lang='lat' dir='ltr'><strong>minus</strong></span> <span class='ocrx_word' id='word_1_52' title='bbox 1902 894 2044 948; x_wconf 87' lang='lat' dir='ltr'><strong>sunt</strong></span> 
     </span>
    </p>
   </div>
   <div class='ocr_carea' id='block_1_11' title="bbox 386 978 2041 1061">
    <p class='ocr_par' dir='ltr' id='par_1_11' title="bbox 386 978 2041 1061">
     <span class='ocr_line' id='line_1_11' title="bbox 386 978 2041 1061; baseline -0.006 -16"><span class='ocrx_word' id='word_1_53' title='bbox 386 1005 565 1061; x_wconf 91' lang='lat' dir='ltr'><strong>quam</strong></span> <span class='ocrx_word' id='word_1_54' title='bbox 598 986 677 1043; x_wconf 92' lang='lat' dir='ltr'><strong>dii</strong></span> <span class='ocrx_word' id='word_1_55' title='bbox 704 1006 720 1058; x_wconf 89' lang='lat'><strong>;</strong></span> <span class='ocrx_word' id='word_1_56' title='bbox 749 986 1150 1044; x_wconf 79' lang='lat' dir='ltr'><strong>venerabilem</strong></span> <span class='ocrx_word' id='word_1_57' title='bbox 1184 985 1336 1041; x_wconf 74' lang='lat'><strong>256</strong></span> <span class='ocrx_word' id='word_1_58' title='bbox 1361 983 1602 1055; x_wconf 81' lang='lat' dir='ltr'><strong>insuper</strong></span> <span class='ocrx_word' id='word_1_59' title='bbox 1630 978 2041 1039; x_wconf 64' lang='lat' dir='ltr'><strong>caeremoniam</strong></span> 
     </span>
    </p>
   </div>
   <div class='ocr_carea' id='block_1_12' title="bbox 386 1070 2046 1143">
    <p class='ocr_par' dir='ltr' id='par_1_12' title="bbox 386 1070 2046 1143">
     <span class='ocr_line' id='line_1_12' title="bbox 386 1070 2046 1143; baseline -0.005 -10"><span class='ocrx_word' id='word_1_60' title='bbox 386 1083 502 1135; x_wconf 89' lang='lat' dir='ltr'><strong>Deo</strong></span> <span class='ocrx_word' id='word_1_61' title='bbox 533 1077 643 1134; x_wconf 89' lang='lat' dir='ltr'><strong>soli</strong></span> <span class='ocrx_word' id='word_1_62' title='bbox 675 1076 934 1132; x_wconf 79' lang='lat' dir='ltr'><strong>debitam</strong></span> <span class='ocrx_word' id='word_1_63' title='bbox 984 1074 1044 1130; x_wconf 93' lang='lat' dir='ltr'><strong>in</strong></span> <span class='ocrx_word' id='word_1_64' title='bbox 1077 1073 1226 1131; x_wconf 87' lang='lat' dir='ltr'><strong>tales</strong></span> <span class='ocrx_word' id='word_1_65' title='bbox 1278 1074 1585 1129; x_wconf 81' lang='lat' dir='ltr'><strong>conferant</strong></span> <span class='ocrx_word' id='word_1_66' title='bbox 1630 1076 1689 1129; x_wconf 88' lang='lat' dir='ltr'><strong>et</strong></span> <span class='ocrx_word' id='word_1_67' title='bbox 1736 1070 2046 1143; x_wconf 86' lang='lat' dir='ltr'><strong>patiantur</strong></span> 
     </span>
    </p>
   </div>
   <div class='ocr_carea' id='block_1_13' title="bbox 386 1161 2043 1237">
    <p class='ocr_par' dir='ltr' id='par_1_13' title="bbox 386 1161 2043 1237">
     <span class='ocr_line' id='line_1_13' title="bbox 386 1161 2043 1237; baseline -0.007 -9"><span class='ocrx_word' id='word_1_68' title='bbox 386 1169 663 1227; x_wconf 83' lang='lat' dir='ltr'><strong>ementita</strong></span> <span class='ocrx_word' id='word_1_69' title='bbox 694 1166 932 1223; x_wconf 86' lang='lat' dir='ltr'><strong>nomine</strong></span> <span class='ocrx_word' id='word_1_70' title='bbox 959 1165 1116 1221; x_wconf 85' lang='lat' dir='ltr'><strong>deos.</strong></span> <span class='ocrx_word' id='word_1_71' title='bbox 1170 1166 1319 1221; x_wconf 88' lang='lat' dir='ltr'><strong>Eum</strong></span> <span class='ocrx_word' id='word_1_72' title='bbox 1360 1164 1563 1237; x_wconf 79' lang='lat' dir='ltr'><strong>igitur,</strong></span> <span class='ocrx_word' id='word_1_73' title='bbox 1606 1162 1706 1235; x_wconf 88' lang='lat' dir='ltr'><strong>qui</strong></span> <span class='ocrx_word' id='word_1_74' title='bbox 1737 1161 2043 1218; x_wconf 83' lang='lat' dir='ltr'><strong>veritatem</strong></span> 
     </span>
    </p>
   </div>
   <div class='ocr_carea' id='block_1_14' title="bbox 386 1251 2043 1333">
    <p class='ocr_par' dir='ltr' id='par_1_14' title="bbox 386 1251 2043 1333">
     <span class='ocr_line' id='line_1_14' title="bbox 386 1251 2043 1333; baseline -0.006 -17"><span class='ocrx_word' id='word_1_75' title='bbox 386 1274 564 1333; x_wconf 85' lang='lat' dir='ltr'><strong>penes</strong></span> <span class='ocrx_word' id='word_1_76' title='bbox 595 1274 658 1314; x_wconf 89' lang='lat' dir='ltr'><strong>se</strong></span> <span class='ocrx_word' id='word_1_77' title='bbox 689 1256 886 1322; x_wconf 91' lang='lat' dir='ltr'><strong>habet,</strong></span> <span class='ocrx_word' id='word_1_78' title='bbox 914 1254 1178 1327; x_wconf 88' lang='lat' dir='ltr'><strong>intellige</strong></span> <span class='ocrx_word' id='word_1_79' title='bbox 1206 1254 1302 1310; x_wconf 92' lang='lat' dir='ltr'><strong>bic</strong></span> <span class='ocrx_word' id='word_1_80' title='bbox 1332 1252 1659 1325; x_wconf 88' lang='lat' dir='ltr'><strong>dici,quasi</strong></span> <span class='ocrx_word' id='word_1_81' title='bbox 1692 1251 1793 1324; x_wconf 90' lang='lat' dir='ltr'><strong>qui</strong></span> <span class='ocrx_word' id='word_1_82' title='bbox 1815 1253 2043 1324; x_wconf 90' lang='lat' dir='ltr'><strong>regium</strong></span> 
     </span>
    </p>
   </div>
   <div class='ocr_carea' id='block_1_15' title="bbox 384 1342 2043 1418">
    <p class='ocr_par' dir='ltr' id='par_1_15' title="bbox 384 1342 2043 1418">
     <span class='ocr_line' id='line_1_15' title="bbox 384 1342 2043 1418; baseline -0.005 -14"><span class='ocrx_word' id='word_1_83' title='bbox 384 1347 684 1404; x_wconf 89' lang='lat' dir='ltr'><strong>numisma</strong></span> <span class='ocrx_word' id='word_1_84' title='bbox 714 1345 1035 1418; x_wconf 85' lang='lat' dir='ltr'><strong>possideat.</strong></span> <span class='ocrx_word' id='word_1_85' title='bbox 1060 1344 1224 1409; x_wconf 86' lang='lat' dir='ltr'><strong>Quod</strong></span> <span class='ocrx_word' id='word_1_86' title='bbox 1259 1343 1309 1399; x_wconf 92' lang='lat' dir='ltr'><strong>si</strong></span> <span class='ocrx_word' id='word_1_87' title='bbox 1338 1342 1433 1399; x_wconf 90' lang='lat' dir='ltr'><strong>hic</strong></span> <span class='ocrx_word' id='word_1_88' title='bbox 1465 1346 1711 1398; x_wconf 90' lang='lat' dir='ltr'><strong>conetur</strong></span> <span class='ocrx_word' id='word_1_89' title='bbox 1740 1357 1840 1397; x_wconf 87' lang='lat' dir='ltr'><strong>eos</strong></span> <span class='ocrx_word' id='word_1_90' title='bbox 1871 1356 2043 1411; x_wconf 84' lang='lat' dir='ltr'><strong>argu-</strong></span> 
     </span>
    </p>
   </div>
   <div class='ocr_carea' id='block_1_16' title="bbox 383 1431 2043 1505">
    <p class='ocr_par' dir='ltr' id='par_1_16' title="bbox 383 1431 2043 1505">
     <span class='ocr_line' id='line_1_16' title="bbox 383 1431 2043 1505; baseline -0.005 -11"><span class='ocrx_word' id='word_1_91' title='bbox 383 1436 599 1494; x_wconf 89' lang='lat' dir='ltr'><strong>mentis</strong></span> <span class='ocrx_word' id='word_1_92' title='bbox 632 1435 918 1503; x_wconf 85' lang='lat' dir='ltr'><strong>evincere,</strong></span> <span class='ocrx_word' id='word_1_93' title='bbox 951 1434 1051 1505; x_wconf 90' lang='lat' dir='ltr'><strong>qui</strong></span> <span class='ocrx_word' id='word_1_94' title='bbox 1094 1432 1400 1490; x_wconf 85' lang='lat' dir='ltr'><strong>veritatem</strong></span> <span class='ocrx_word' id='word_1_95' title='bbox 1432 1431 1674 1505; x_wconf 88' lang='lat' dir='ltr'><strong>quidem</strong></span> <span class='ocrx_word' id='word_1_96' title='bbox 1710 1431 1902 1504; x_wconf 89' lang='lat' dir='ltr'><strong>ipsam</strong></span> <span class='ocrx_word' id='word_1_97' title='bbox 1926 1446 2043 1486; x_wconf 88' lang='lat' dir='ltr'><strong>non</strong></span> 
     </span>
    </p>
   </div>
   <div class='ocr_carea' id='block_1_17' title="bbox 380 1518 2044 1598">
    <p class='ocr_par' dir='ltr' id='par_1_17' title="bbox 380 1518 2044 1598">
     <span class='ocr_line' id='line_1_17' title="bbox 380 1518 2044 1598; baseline -0.005 -15"><span class='ocrx_word' id='word_1_98' title='bbox 380 1528 745 1598; x_wconf 88' lang='lat' dir='ltr'><strong>assequuntu</strong></span> <span class='ocrx_word' id='word_1_99' title='bbox 756 1527 1090 1595; x_wconf 89' lang='lat' dir='ltr'><strong>r,putantes</strong></span> <span class='ocrx_word' id='word_1_100' title='bbox 1112 1522 1334 1595; x_wconf 87' lang='lat' dir='ltr'><strong>alioqui</strong></span> <span class='ocrx_word' id='word_1_101' title='bbox 1356 1539 1421 1579; x_wconf 84' lang='lat' dir='ltr'><strong>se</strong></span> <span class='ocrx_word' id='word_1_102' title='bbox 1436 1536 1567 1579; x_wconf 90' lang='lat' dir='ltr'><strong>eam</strong></span> <span class='ocrx_word' id='word_1_103' title='bbox 1590 1518 2044 1591; x_wconf 83' lang='lat' dir='ltr'><strong>assecutos,sive</strong></span> 
     </span>
    </p>
   </div>
   <div class='ocr_carea' id='block_1_18' title="bbox 381 1610 2045 1687">
    <p class='ocr_par' dir='ltr' id='par_1_18' title="bbox 381 1610 2045 1687">
     <span class='ocr_line' id='line_1_18' title="bbox 381 1610 2045 1687; baseline -0.004 -16"><span class='ocrx_word' id='word_1_104' title='bbox 381 1616 537 1672; x_wconf 92' lang='lat' dir='ltr'><strong>hunc</strong></span> <span class='ocrx_word' id='word_1_105' title='bbox 569 1613 667 1671; x_wconf 90' lang='lat' dir='ltr'><strong>ille</strong></span> <span class='ocrx_word' id='word_1_106' title='bbox 696 1616 1001 1687; x_wconf 86' lang='lat' dir='ltr'><strong>coarguat,</strong></span> <span class='ocrx_word' id='word_1_107' title='bbox 1031 1611 1180 1669; x_wconf 86' lang='lat' dir='ltr'><strong>alter</strong></span> <span class='ocrx_word' id='word_1_108' title='bbox 1228 1612 1594 1670; x_wconf 87' lang='lat' dir='ltr'><strong>contentiose</strong></span> <span class='ocrx_word' id='word_1_109' title='bbox 1651 1610 1766 1667; x_wconf 89' lang='lat' dir='ltr'><strong>sibi</strong></span> <span class='ocrx_word' id='word_1_110' title='bbox 1815 1612 2045 1667; x_wconf 88' lang='lat' dir='ltr'><strong>astruet</strong></span> 
     </span>
    </p>
   </div>
   <div class='ocr_carea' id='block_1_19' title="bbox 378 1697 2044 1775">
    <p class='ocr_par' dir='ltr' id='par_1_19' title="bbox 378 1697 2044 1775">
     <span class='ocr_line' id='line_1_19' title="bbox 378 1697 2044 1775; baseline -0.003 -16"><span class='ocrx_word' id='word_1_111' title='bbox 378 1705 726 1773; x_wconf 90' lang='lat' dir='ltr'><strong>victoriam;</strong></span> <span class='ocrx_word' id='word_1_112' title='bbox 770 1702 892 1761; x_wconf 89' lang='lat' dir='ltr'><strong>sive</strong></span> <span class='ocrx_word' id='word_1_113' title='bbox 940 1702 1124 1759; x_wconf 89' lang='lat' dir='ltr'><strong>istum</strong></span> <span class='ocrx_word' id='word_1_114' title='bbox 1176 1701 1591 1775; x_wconf 87' lang='lat' dir='ltr'><strong>reprehendat,</strong></span> <span class='ocrx_word' id='word_1_115' title='bbox 1636 1716 1848 1757; x_wconf 84' lang='lat' dir='ltr'><strong>rursus</strong></span> <span class='ocrx_word' id='word_1_116' title='bbox 1894 1697 2044 1755; x_wconf 86' lang='lat' dir='ltr'><strong>alter</strong></span> 
     </span>
    </p>
   </div>
   <div class='ocr_carea' id='block_1_20' title="bbox 384 1787 2041 1862">
    <p class='ocr_par' dir='ltr' id='par_1_20' title="bbox 384 1787 2041 1862">
     <span class='ocr_line' id='line_1_20' title="bbox 384 1787 2041 1862; baseline -0.004 -12"><span class='ocrx_word' id='word_1_117' title='bbox 384 1793 855 1861; x_wconf 82' lang='lat' dir='ltr'><strong>conﬂictabitur;</strong></span> <span class='ocrx_word' id='word_1_118' title='bbox 888 1791 1072 1847; x_wconf 87' lang='lat' dir='ltr'><strong>alium</strong></span> <span class='ocrx_word' id='word_1_119' title='bbox 1114 1790 1371 1862; x_wconf 89' lang='lat' dir='ltr'><strong>denique</strong></span> <span class='ocrx_word' id='word_1_120' title='bbox 1415 1789 1463 1845; x_wconf 89' lang='lat' dir='ltr'><strong>si</strong></span> <span class='ocrx_word' id='word_1_121' title='bbox 1512 1788 1830 1859; x_wconf 87' lang='lat' dir='ltr'><strong>incuset,et</strong></span> <span class='ocrx_word' id='word_1_122' title='bbox 1853 1787 1905 1843; x_wconf 92' lang='lat' dir='ltr'><strong>is</strong></span> <span class='ocrx_word' id='word_1_123' title='bbox 1936 1788 2041 1844; x_wconf 90' lang='lat' dir='ltr'><strong>ad-</strong></span> 
     </span>
    </p>
   </div>
   <div class='ocr_carea' id='block_1_21' title="bbox 383 1876 2041 1941">
    <p class='ocr_par' dir='ltr' id='par_1_21' title="bbox 383 1876 2041 1941">
     <span class='ocr_line' id='line_1_21' title="bbox 383 1876 2041 1941; baseline -0.005 -2"><span class='ocrx_word' id='word_1_124' title='bbox 383 1900 589 1941; x_wconf 90' lang='lat' dir='ltr'><strong>versus</strong></span> <span class='ocrx_word' id='word_1_125' title='bbox 620 1900 684 1939; x_wconf 85' lang='lat' dir='ltr'><strong>se</strong></span> <span class='ocrx_word' id='word_1_126' title='bbox 714 1882 1085 1938; x_wconf 86' lang='lat' dir='ltr'><strong>incusantem</strong></span> <span class='ocrx_word' id='word_1_127' title='bbox 1116 1879 1431 1936; x_wconf 87' lang='lat' dir='ltr'><strong>restitabit.</strong></span> <span class='ocrx_word' id='word_1_128' title='bbox 1464 1877 1722 1935; x_wconf 81' lang='lat' dir='ltr'><strong>Veritate</strong></span> <span class='ocrx_word' id='word_1_129' title='bbox 1745 1881 1943 1933; x_wconf 88' lang='lat' dir='ltr'><strong>tamen</strong></span> <span class='ocrx_word' id='word_1_130' title='bbox 1966 1876 2041 1931; x_wconf 85' lang='lat' dir='ltr'><strong>ir-</strong></span> 
     </span>
    </p>
   </div>
   <div class='ocr_carea' id='block_1_22' title="bbox 385 1964 2040 2046">
    <p class='ocr_par' dir='ltr' id='par_1_22' title="bbox 385 1964 2040 2046">
     <span class='ocr_line' id='line_1_22' title="bbox 385 1964 2040 2046; baseline -0.005 -17"><span class='ocrx_word' id='word_1_131' title='bbox 385 1972 837 2046; x_wconf 91' lang='lat' dir='ltr'><strong>reprehensibili</strong></span> <span class='ocrx_word' id='word_1_132' title='bbox 866 1974 1269 2044; x_wconf 87' lang='lat' dir='ltr'><strong>permanente,</strong></span> <span class='ocrx_word' id='word_1_133' title='bbox 1304 1964 1593 2041; x_wconf 87' lang='lat' dir='ltr'><strong>quidquid</strong></span> <span class='ocrx_word' id='word_1_134' title='bbox 1642 1966 1791 2023; x_wconf 91' lang='lat' dir='ltr'><strong>illud</strong></span> <span class='ocrx_word' id='word_1_135' title='bbox 1841 1966 2040 2036; x_wconf 88' lang='lat' dir='ltr'><strong>fuerit,</strong></span> 
     </span>
    </p>
   </div>
   <div class='ocr_carea' id='block_1_23' title="bbox 384 2062 2041 2143">
    <p class='ocr_par' dir='ltr' id='par_1_23' title="bbox 384 2062 2041 2143">
     <span class='ocr_line' id='line_1_23' title="bbox 384 2062 2041 2143; baseline -0.005 -16"><span class='ocrx_word' id='word_1_136' title='bbox 384 2072 541 2143; x_wconf 90' lang='lat' dir='ltr'><strong>quod</strong></span> <span class='ocrx_word' id='word_1_137' title='bbox 576 2088 691 2127; x_wconf 91' lang='lat' dir='ltr'><strong>non</strong></span> <span class='ocrx_word' id='word_1_138' title='bbox 724 2071 806 2125; x_wconf 85' lang='lat' dir='ltr'><strong>ita</strong></span> <span class='ocrx_word' id='word_1_139' title='bbox 826 2086 889 2125; x_wconf 92' lang='lat' dir='ltr'><strong>se</strong></span> <span class='ocrx_word' id='word_1_140' title='bbox 910 2068 1345 2139; x_wconf 88' lang='lat' dir='ltr'><strong>habeat,ipsum</strong></span> <span class='ocrx_word' id='word_1_141' title='bbox 1376 2083 1409 2122; x_wconf 90' lang='lat' dir='ltr'><strong>a</strong></span> <span class='ocrx_word' id='word_1_142' title='bbox 1440 2066 1635 2137; x_wconf 91' lang='lat' dir='ltr'><strong>seipso</strong></span> <span class='ocrx_word' id='word_1_143' title='bbox 1657 2062 1963 2135; x_wconf 87' lang='lat' dir='ltr'><strong>dejicietur</strong></span> <span class='ocrx_word' id='word_1_144' title='bbox 1983 2066 2041 2120; x_wconf 89' lang='lat' dir='ltr'><strong>et</strong></span> 
     </span>
    </p>
   </div>
   <div class='ocr_carea' id='block_1_24' title="bbox 385 2153 2041 2229">
    <p class='ocr_par' dir='ltr' id='par_1_24' title="bbox 385 2153 2041 2229">
     <span class='ocr_line' id='line_1_24' title="bbox 385 2153 2041 2229; baseline -0.005 -12"><span class='ocrx_word' id='word_1_145' title='bbox 385 2160 653 2217; x_wconf 84' lang='lat' dir='ltr'><strong>concidet</strong></span> <span class='ocrx_word' id='word_1_146' title='bbox 679 2178 692 2228; x_wconf 90' lang='lat'><strong>;</strong></span> <span class='ocrx_word' id='word_1_147' title='bbox 723 2159 824 2215; x_wconf 91' lang='lat' dir='ltr'><strong>ubi</strong></span> <span class='ocrx_word' id='word_1_148' title='bbox 845 2158 1003 2214; x_wconf 90' lang='lat' dir='ltr'><strong>enim</strong></span> <span class='ocrx_word' id='word_1_149' title='bbox 1025 2158 1215 2229; x_wconf 90' lang='lat' dir='ltr'><strong>ipsam</strong></span> <span class='ocrx_word' id='word_1_150' title='bbox 1239 2157 1545 2213; x_wconf 86' lang='lat' dir='ltr'><strong>veritatem</strong></span> <span class='ocrx_word' id='word_1_151' title='bbox 1567 2153 2041 2222; x_wconf 77' lang='lat' dir='ltr'><strong>otfenderit,mox</strong></span> 
     </span>
    </p>
   </div>
   <div class='ocr_carea' id='block_1_25' title="bbox 384 2242 2041 2317">
    <p class='ocr_par' dir='ltr' id='par_1_25' title="bbox 384 2242 2041 2317">
     <span class='ocr_line' id='line_1_25' title="bbox 384 2242 2041 2317; baseline -0.005 -12"><span class='ocrx_word' id='word_1_152' title='bbox 384 2247 709 2305; x_wconf 88' lang='lat' dir='ltr'><strong>invincibili</strong></span> <span class='ocrx_word' id='word_1_153' title='bbox 733 2246 1059 2304; x_wconf 84' lang='lat' dir='ltr'><strong>constantia</strong></span> <span class='ocrx_word' id='word_1_154' title='bbox 1078 2245 1342 2302; x_wconf 84' lang='lat' dir='ltr'><strong>veritatis</strong></span> <span class='ocrx_word' id='word_1_155' title='bbox 1366 2243 1640 2317; x_wconf 87' lang='lat' dir='ltr'><strong>repulsus</strong></span> <span class='ocrx_word' id='word_1_156' title='bbox 1661 2247 1793 2299; x_wconf 86' lang='lat' dir='ltr'><strong>ruet</strong></span> <span class='ocrx_word' id='word_1_157' title='bbox 1812 2242 1872 2298; x_wconf 91' lang='lat' dir='ltr'><strong>in</strong></span> <span class='ocrx_word' id='word_1_158' title='bbox 1898 2258 2041 2314; x_wconf 49' lang='lat' dir='ltr'><strong>pra.</strong></span> 
     </span>
    </p>
   </div>
   <div class='ocr_carea' id='block_1_26' title="bbox 384 2331 2039 2411">
    <p class='ocr_par' dir='ltr' id='par_1_26' title="bbox 384 2331 2039 2411">
     <span class='ocr_line' id='line_1_26' title="bbox 384 2331 2039 2411; baseline -0.005 -16"><span class='ocrx_word' id='word_1_159' title='bbox 384 2339 696 2411; x_wconf 83' lang='lat' dir='ltr'><strong>ceps.Nam</strong></span> <span class='ocrx_word' id='word_1_160' title='bbox 731 2338 965 2410; x_wconf 90' lang='lat' dir='ltr'><strong>quando</strong></span> <span class='ocrx_word' id='word_1_161' title='bbox 996 2337 1279 2392; x_wconf 88' lang='lat' dir='ltr'><strong>adversus</strong></span> <span class='ocrx_word' id='word_1_162' title='bbox 1299 2334 1603 2390; x_wconf 88' lang='lat' dir='ltr'><strong>veritatem</strong></span> <span class='ocrx_word' id='word_1_163' title='bbox 1635 2331 1781 2388; x_wconf 90' lang='lat' dir='ltr'><strong>nihil</strong></span> <span class='ocrx_word' id='word_1_164' title='bbox 1808 2331 2039 2388; x_wconf 87' lang='lat' dir='ltr'><strong>obtine-</strong></span> 
     </span>
    </p>
   </div>
   <div class='ocr_carea' id='block_1_27' title="bbox 386 2420 2039 2497">
    <p class='ocr_par' dir='ltr' id='par_1_27' title="bbox 386 2420 2039 2497">
     <span class='ocr_line' id='line_1_27' title="bbox 386 2420 2039 2497; baseline -0.005 -13"><span class='ocrx_word' id='word_1_165' title='bbox 386 2430 473 2484; x_wconf 86' lang='lat' dir='ltr'><strong>bit</strong></span> <span class='ocrx_word' id='word_1_166' title='bbox 503 2426 730 2484; x_wconf 88' lang='lat' dir='ltr'><strong>falsitas</strong></span> <span class='ocrx_word' id='word_1_167' title='bbox 762 2427 905 2497; x_wconf 74' lang='lat' dir='ltr'><strong>(haec</strong></span> <span class='ocrx_word' id='word_1_168' title='bbox 936 2427 1093 2483; x_wconf 88' lang='lat' dir='ltr'><strong>enim</strong></span> <span class='ocrx_word' id='word_1_169' title='bbox 1128 2424 1214 2480; x_wconf 90' lang='lat' dir='ltr'><strong>illi</strong></span> <span class='ocrx_word' id='word_1_170' title='bbox 1255 2440 1488 2496; x_wconf 87' lang='lat' dir='ltr'><strong>semper</strong></span> <span class='ocrx_word' id='word_1_171' title='bbox 1518 2427 1585 2479; x_wconf 90' lang='lat' dir='ltr'><strong>ut</strong></span> <span class='ocrx_word' id='word_1_172' title='bbox 1614 2422 1908 2479; x_wconf 85' lang='lat' dir='ltr'><strong>contraria</strong></span> <span class='ocrx_word' id='word_1_173' title='bbox 1936 2420 2039 2476; x_wconf 88' lang='lat' dir='ltr'><strong>ad-</strong></span> 
     </span>
    </p>
   </div>
   <div class='ocr_carea' id='block_1_28' title="bbox 385 2510 2039 2587">
    <p class='ocr_par' dir='ltr' id='par_1_28' title="bbox 385 2510 2039 2587">
     <span class='ocr_line' id='line_1_28' title="bbox 385 2510 2039 2587; baseline -0.005 -15"><span class='ocrx_word' id='word_1_174' title='bbox 385 2519 671 2583; x_wconf 88' lang='lat' dir='ltr'><strong>versatur)</strong></span> <span class='ocrx_word' id='word_1_175' title='bbox 705 2532 949 2587; x_wconf 90' lang='lat' dir='ltr'><strong>prorsus</strong></span> <span class='ocrx_word' id='word_1_176' title='bbox 994 2515 1123 2586; x_wconf 89' lang='lat' dir='ltr'><strong>ipsa</strong></span> <span class='ocrx_word' id='word_1_177' title='bbox 1166 2512 1392 2569; x_wconf 84' lang='lat' dir='ltr'><strong>falsitas</strong></span> <span class='ocrx_word' id='word_1_178' title='bbox 1436 2512 1744 2584; x_wconf 81' lang='lat' dir='ltr'><strong>impinget,</strong></span> <span class='ocrx_word' id='word_1_179' title='bbox 1795 2510 2039 2583; x_wconf 84' lang='lat' dir='ltr'><strong>ipsaque</strong></span> 
     </span>
    </p>
   </div>
   <div class='ocr_carea' id='block_1_29' title="bbox 385 2596 2039 2672">
    <p class='ocr_par' dir='ltr' id='par_1_29' title="bbox 385 2596 2039 2672">
     <span class='ocr_line' id='line_1_29' title="bbox 385 2596 2039 2672; baseline -0.006 -10"><span class='ocrx_word' id='word_1_180' title='bbox 385 2612 637 2662; x_wconf 90' lang='lat' dir='ltr'><strong>corruet.</strong></span> <span class='ocrx_word' id='word_1_181' title='bbox 671 2608 806 2672; x_wconf 72' lang='lat' dir='ltr'><strong>Quae</strong></span> <span class='ocrx_word' id='word_1_182' title='bbox 836 2605 993 2660; x_wconf 90' lang='lat' dir='ltr'><strong>enim</strong></span> <span class='ocrx_word' id='word_1_183' title='bbox 1045 2601 1171 2658; x_wconf 73' lang='grc' dir='ltr'>οιιω</span> <span class='ocrx_word' id='word_1_184' title='bbox 1217 2603 1289 2658; x_wconf 91' lang='lat' dir='ltr'><strong>ad</strong></span> <span class='ocrx_word' id='word_1_185' title='bbox 1340 2601 1589 2657; x_wconf 88' lang='lat' dir='ltr'><strong>lebetem</strong></span> <span class='ocrx_word' id='word_1_186' title='bbox 1640 2597 1873 2655; x_wconf 89' lang='lat' dir='ltr'><strong>collatio</strong></span> <span class='ocrx_word' id='word_1_187' title='bbox 1904 2596 2039 2653; x_wconf 84' lang='lat' dir='ltr'><strong>est?</strong></span> 
     </span>
    </p>
   </div>
   <div class='ocr_carea' id='block_1_30' title="bbox 384 2687 2039 2767">
    <p class='ocr_par' dir='ltr' id='par_1_30' title="bbox 384 2687 2039 2767">
     <span class='ocr_line' id='line_1_30' title="bbox 384 2687 2039 2767; baseline -0.005 -16"><span class='ocrx_word' id='word_1_188' title='bbox 384 2696 518 2767; x_wconf 88' lang='lat' dir='ltr'><strong>Ipsa</strong></span> <span class='ocrx_word' id='word_1_189' title='bbox 542 2694 780 2767; x_wconf 90' lang='lat' dir='ltr'><strong>quidem</strong></span> <span class='ocrx_word' id='word_1_190' title='bbox 805 2693 1093 2765; x_wconf 82' lang='lat' dir='ltr'><strong>impinget</strong></span> <span class='ocrx_word' id='word_1_191' title='bbox 1120 2691 1298 2747; x_wconf 91' lang='lat' dir='ltr'><strong>lebeti</strong></span> <span class='ocrx_word' id='word_1_192' title='bbox 1333 2706 1347 2747; x_wconf 89' lang='lat'><strong>:</strong></span> <span class='ocrx_word' id='word_1_193' title='bbox 1381 2695 1440 2746; x_wconf 91' lang='lat' dir='ltr'><strong>at</strong></span> <span class='ocrx_word' id='word_1_194' title='bbox 1469 2690 1675 2747; x_wconf 89' lang='lat' dir='ltr'><strong>eadem</strong></span> <span class='ocrx_word' id='word_1_195' title='bbox 1702 2687 2039 2759; x_wconf 87' lang='lat' dir='ltr'><strong>confringe-</strong></span> 
     </span>
    </p>
   </div>
   <div class='ocr_carea' id='block_1_31' title="bbox 384 2774 2039 2854">
    <p class='ocr_par' dir='ltr' id='par_1_31' title="bbox 384 2774 2039 2854">
     <span class='ocr_line' id='line_1_31' title="bbox 384 2774 2039 2854; baseline -0.005 -15"><span class='ocrx_word' id='word_1_196' title='bbox 384 2789 497 2840; x_wconf 92' lang='lat' dir='ltr'><strong>tur.</strong></span> <span class='ocrx_word' id='word_1_197' title='bbox 534 2783 651 2839; x_wconf 90' lang='lat' dir='ltr'><strong>Hoc</strong></span> <span class='ocrx_word' id='word_1_198' title='bbox 679 2782 880 2854; x_wconf 82' lang='lat' dir='ltr'><strong>igitur,</strong></span> <span class='ocrx_word' id='word_1_199' title='bbox 914 2782 973 2837; x_wconf 92' lang='lat' dir='ltr'><strong>ni</strong></span> <span class='ocrx_word' id='word_1_200' title='bbox 1010 2780 1198 2851; x_wconf 82' lang='lat' dir='ltr'><strong>fallor,</strong></span> <span class='ocrx_word' id='word_1_201' title='bbox 1234 2780 1413 2853; x_wconf 89' lang='lat' dir='ltr'><strong>probe</strong></span> <span class='ocrx_word' id='word_1_202' title='bbox 1443 2795 1578 2835; x_wconf 92' lang='lat' dir='ltr'><strong>cum</strong></span> <span class='ocrx_word' id='word_1_203' title='bbox 1609 2783 1865 2843; x_wconf 89' lang='lat' dir='ltr'><strong>teneam,</strong></span> <span class='ocrx_word' id='word_1_204' title='bbox 1888 2774 2039 2832; x_wconf 90' lang='lat' dir='ltr'><strong>nihil</strong></span> 
     </span>
    </p>
   </div>
   <div class='ocr_carea' id='block_1_32' title="bbox 383 2862 2039 2944">
    <p class='ocr_par' dir='ltr' id='par_1_32' title="bbox 383 2862 2039 2944">
     <span class='ocr_line' id='line_1_32' title="bbox 383 2862 2039 2944; baseline -0.005 -16"><span class='ocrx_word' id='word_1_205' title='bbox 383 2872 445 2928; x_wconf 91' lang='lat' dir='ltr'><strong>in</strong></span> <span class='ocrx_word' id='word_1_206' title='bbox 477 2873 627 2929; x_wconf 88' lang='lat' dir='ltr'><strong>hanc</strong></span> <span class='ocrx_word' id='word_1_207' title='bbox 658 2875 884 2944; x_wconf 85' lang='lat' dir='ltr'><strong>partem</strong></span> <span class='ocrx_word' id='word_1_208' title='bbox 907 2868 1244 2940; x_wconf 91' lang='lat' dir='ltr'><strong>incubui,ut</strong></span> <span class='ocrx_word' id='word_1_209' title='bbox 1274 2869 1556 2925; x_wconf 90' lang='lat' dir='ltr'><strong>adversus</strong></span> <span class='ocrx_word' id='word_1_210' title='bbox 1576 2881 1937 2938; x_wconf 89' lang='lat' dir='ltr'><strong>quamquam</strong></span> <span class='ocrx_word' id='word_1_211' title='bbox 1954 2862 2039 2920; x_wconf 92' lang='lat' dir='ltr'><strong>vi-</strong></span> 
     </span>
    </p>
   </div>
   <div class='ocr_carea' id='block_1_33' title="bbox 396 2956 2041 3027">
    <p class='ocr_par' dir='ltr' id='par_1_33' title="bbox 396 2956 2041 3027">
     <span class='ocr_line' id='line_1_33' title="bbox 396 2956 2041 3027; baseline -0.005 -10"><span class='ocrx_word' id='word_1_212' title='bbox 396 2962 572 3027; x_wconf 87' lang='lat' dir='ltr'><strong>derer</strong></span> <span class='ocrx_word' id='word_1_213' title='bbox 599 2959 923 3017; x_wconf 86' lang='lat' dir='ltr'><strong>conﬂictari</strong></span> <span class='ocrx_word' id='word_1_214' title='bbox 955 2958 1230 3015; x_wconf 89' lang='lat' dir='ltr'><strong>voluisse.</strong></span> <span class='ocrx_word' id='word_1_215' title='bbox 1259 2958 1415 3014; x_wconf 89' lang='lat' dir='ltr'><strong>Satis</strong></span> <span class='ocrx_word' id='word_1_216' title='bbox 1445 2956 1593 3013; x_wconf 91' lang='lat' dir='ltr'><strong>mihi</strong></span> <span class='ocrx_word' id='word_1_217' title='bbox 1619 2956 1837 3012; x_wconf 84' lang='lat' dir='ltr'><strong>factum</strong></span> <span class='ocrx_word' id='word_1_218' title='bbox 1869 2956 2041 3026; x_wconf 87' lang='lat' dir='ltr'><strong>puta-</strong></span> 
     </span>
    </p>
   </div>
   <div class='ocr_carea' id='block_1_34' title="bbox 388 3042 2043 3122">
    <p class='ocr_par' dir='ltr' id='par_1_34' title="bbox 388 3042 2043 3122">
     <span class='ocr_line' id='line_1_34' title="bbox 388 3042 2043 3122; baseline -0.005 -15"><span class='ocrx_word' id='word_1_219' title='bbox 388 3052 481 3119; x_wconf 89' lang='lat' dir='ltr'><strong>bo,</strong></span> <span class='ocrx_word' id='word_1_220' title='bbox 509 3050 558 3107; x_wconf 89' lang='lat' dir='ltr'><strong>si</strong></span> <span class='ocrx_word' id='word_1_221' title='bbox 592 3050 831 3122; x_wconf 88' lang='lat' dir='ltr'><strong>quidem</strong></span> <span class='ocrx_word' id='word_1_222' title='bbox 863 3048 1098 3104; x_wconf 88' lang='lat' dir='ltr'><strong>donarit</strong></span> <span class='ocrx_word' id='word_1_223' title='bbox 1130 3053 1280 3104; x_wconf 90' lang='lat' dir='ltr'><strong>Deus</strong></span> <span class='ocrx_word' id='word_1_224' title='bbox 1313 3064 1326 3103; x_wconf 89' lang='lat'><strong>:</strong></span> <span class='ocrx_word' id='word_1_225' title='bbox 1361 3050 1427 3103; x_wconf 90' lang='lat' dir='ltr'><strong>ut</strong></span> <span class='ocrx_word' id='word_1_226' title='bbox 1455 3063 1583 3119; x_wconf 67' lang='lat' dir='ltr'><strong>qua:</strong></span> <span class='ocrx_word' id='word_1_227' title='bbox 1602 3044 1907 3102; x_wconf 83' lang='lat' dir='ltr'><strong>veritatem</strong></span> <span class='ocrx_word' id='word_1_228' title='bbox 1937 3042 2043 3099; x_wconf 60' lang='lat' dir='ltr'><strong>ad.</strong></span> 
     </span>
    </p>
   </div>
   <div class='ocr_carea' id='block_1_35' title="bbox 2072 1834 2121 1900">
    <p class='ocr_par' dir='ltr' id='par_1_35' title="bbox 2072 1834 2121 1900">
     <span class='ocr_line' id='line_1_35' title="bbox 2072 1834 2121 1900; baseline 0 0"><span class='ocrx_word' id='word_1_229' title='bbox 2072 1834 2121 1900; x_wconf 90' lang='lat' dir='ltr'><strong>B</strong></span> 
     </span>
    </p>
   </div>
   <div class='ocr_carea' id='block_1_36' title="bbox 2149 534 3810 617">
    <p class='ocr_par' dir='ltr' id='par_1_36' title="bbox 2149 534 3810 617">
     <span class='ocr_line' id='line_1_36' title="bbox 2149 534 3810 617; baseline 0.006 -31"><span class='ocrx_word' id='word_1_230' title='bbox 2149 553 2230 605; x_wconf 87' lang='grc' dir='ltr'>τῳ</span> <span class='ocrx_word' id='word_1_231' title='bbox 2284 534 2461 588; x_wconf 83' lang='grc' dir='ltr'>στάσει</span> <span class='ocrx_word' id='word_1_232' title='bbox 2506 537 2605 605; x_wconf 79' lang='grc' dir='ltr'><strong>τῆς</strong></span> <span class='ocrx_word' id='word_1_233' title='bbox 2655 535 2916 607; x_wconf 75' lang='grc' dir='ltr'><strong>ἀληθείας</strong></span> <span class='ocrx_word' id='word_1_234' title='bbox 2963 539 3334 616; x_wconf 72' lang='grc' dir='ltr'><strong>ἀποκρουσθὲν</strong></span> <span class='ocrx_word' id='word_1_235' title='bbox 3368 559 3381 572; x_wconf 94' lang='grc'><strong>⁸</strong></span> <span class='ocrx_word' id='word_1_236' title='bbox 3416 539 3528 595; x_wconf 79' lang='grc' dir='ltr'>ἐπεὶ</span> <span class='ocrx_word' id='word_1_237' title='bbox 3581 541 3683 617; x_wconf 78' lang='grc' dir='ltr'>γὰρ</span> <span class='ocrx_word' id='word_1_238' title='bbox 3747 541 3810 596; x_wconf 73' lang='grc' dir='ltr'>οὗ</span> 
     </span>
    </p>
   </div>
   <div class='ocr_carea' id='block_1_37' title="bbox 2150 622 3810 703">
    <p class='ocr_par' dir='ltr' id='par_1_37' title="bbox 2150 622 3810 703">
     <span class='ocr_line' id='line_1_37' title="bbox 2150 622 3810 703; baseline 0.006 -28"><span class='ocrx_word' id='word_1_239' title='bbox 2150 622 2464 698; x_wconf 83' lang='grc' dir='ltr'>κατισχύσει</span> <span class='ocrx_word' id='word_1_240' title='bbox 2497 625 2629 679; x_wconf 77' lang='grc' dir='ltr'>ποτὲ</span> <span class='ocrx_word' id='word_1_241' title='bbox 2675 631 2775 694; x_wconf 83' lang='grc' dir='ltr'><strong>τῆς</strong></span> <span class='ocrx_word' id='word_1_242' title='bbox 2822 624 3081 696; x_wconf 80' lang='grc' dir='ltr'><strong>ἀληθείας</strong></span> <span class='ocrx_word' id='word_1_243' title='bbox 3132 629 3193 684; x_wconf 92' lang='grc' dir='ltr'><strong>τὸ</strong></span> <span class='ocrx_word' id='word_1_244' title='bbox 3251 626 3472 703; x_wconf 73' lang='grc' dir='ltr'>ψεῦδος,</span> <span class='ocrx_word' id='word_1_245' title='bbox 3502 628 3583 684; x_wconf 80' lang='grc' dir='ltr'><strong>ἀεὶ</strong></span> <span class='ocrx_word' id='word_1_246' title='bbox 3631 626 3689 685; x_wconf 72' lang='grc' dir='ltr'>δὶ</span> <span class='ocrx_word' id='word_1_247' title='bbox 3734 629 3810 691; x_wconf 87' lang='grc' dir='ltr'><strong>ὡς</strong></span> 
     </span>
    </p>
   </div>
   <div class='ocr_carea' id='block_1_38' title="bbox 2154 707 3811 794">
    <p class='ocr_par' dir='ltr' id='par_1_38' title="bbox 2154 707 3811 794">
     <span class='ocr_line' id='line_1_38' title="bbox 2154 707 3811 794; baseline 0.007 -32"><span class='ocrx_word' id='word_1_248' title='bbox 2154 707 2385 765; x_wconf 78' lang='grc' dir='ltr'>ἐναντίον</span> <span class='ocrx_word' id='word_1_249' title='bbox 2438 710 2672 788; x_wconf 84' lang='grc' dir='ltr'>μάχεται</span> <span class='ocrx_word' id='word_1_250' title='bbox 2726 719 2886 769; x_wconf 87' lang='grc' dir='ltr'>τοῦτο</span> <span class='ocrx_word' id='word_1_251' title='bbox 2931 712 3136 792; x_wconf 78' lang='grc' dir='ltr'>ἐκείνῃ,</span> <span class='ocrx_word' id='word_1_252' title='bbox 3178 720 3397 781; x_wconf 86' lang='grc' dir='ltr'>πάντως</span> <span class='ocrx_word' id='word_1_253' title='bbox 3453 717 3581 772; x_wconf 84' lang='grc' dir='ltr'>αὐτὸ</span> <span class='ocrx_word' id='word_1_254' title='bbox 3641 737 3811 794; x_wconf 81' lang='grc' dir='ltr'>προσ·</span> 
     </span>
    </p>
   </div>
   <div class='ocr_carea' id='block_1_39' title="bbox 2151 799 3815 883">
    <p class='ocr_par' dir='ltr' id='par_1_39' title="bbox 2151 799 3815 883">
     <span class='ocr_line' id='line_1_39' title="bbox 2151 799 3815 883; baseline 0.005 -30"><span class='ocrx_word' id='word_1_255' title='bbox 2151 799 2391 875; x_wconf 84' lang='grc' dir='ltr'>κρούσει,</span> <span class='ocrx_word' id='word_1_256' title='bbox 2424 802 2513 856; x_wconf 86' lang='grc' dir='ltr'><strong>καὶ</strong></span> <span class='ocrx_word' id='word_1_257' title='bbox 2570 802 2701 857; x_wconf 86' lang='grc' dir='ltr'>αύτὸ</span> <span class='ocrx_word' id='word_1_258' title='bbox 2754 810 2994 860; x_wconf 78' lang='grc' dir='ltr'><strong>πεσεῖται</strong></span> <span class='ocrx_word' id='word_1_259' title='bbox 3054 808 3188 881; x_wconf 84' lang='grc'><strong>(62).</strong></span> <span class='ocrx_word' id='word_1_260' title='bbox 3241 804 3342 869; x_wconf 88' lang='grc' dir='ltr'>Τίς</span> <span class='ocrx_word' id='word_1_261' title='bbox 3392 806 3492 883; x_wconf 77' lang='grc' dir='ltr'><strong>γάρ</strong></span> <span class='ocrx_word' id='word_1_262' title='bbox 3551 806 3815 862; x_wconf 74' lang='grc' dir='ltr'>κοινωνία</span> 
     </span>
    </p>
   </div>
   <div class='ocr_carea' id='block_1_40' title="bbox 2152 886 3813 971">
    <p class='ocr_par' dir='ltr' id='par_1_40' title="bbox 2152 886 3813 971">
     <span class='ocr_line' id='line_1_40' title="bbox 2152 886 3813 971; baseline 0.005 -29"><span class='ocrx_word' id='word_1_263' title='bbox 2152 886 2360 965; x_wconf 87' lang='grc' dir='ltr'>χύτρας</span> <span class='ocrx_word' id='word_1_264' title='bbox 2404 891 2540 967; x_wconf 82' lang='grc' dir='ltr'>πρὸς</span> <span class='ocrx_word' id='word_1_265' title='bbox 2587 887 2836 963; x_wconf 77' lang='grc' dir='ltr'>λέϐητα;</span> <span class='ocrx_word' id='word_1_266' title='bbox 2891 892 3023 949; x_wconf 80' lang='grc' dir='ltr'>αὐτὸ</span> <span class='ocrx_word' id='word_1_267' title='bbox 3080 894 3468 971; x_wconf 84' lang='grc' dir='ltr'>προσκρούσει,</span> <span class='ocrx_word' id='word_1_268' title='bbox 3524 895 3616 951; x_wconf 82' lang='grc' dir='ltr'><strong>καὶ</strong></span> <span class='ocrx_word' id='word_1_269' title='bbox 3678 896 3813 951; x_wconf 80' lang='grc' dir='ltr'>αὐτὸ</span> 
     </span>
    </p>
   </div>
   <div class='ocr_carea' id='block_1_41' title="bbox 2153 976 3809 1060">
    <p class='ocr_par' dir='ltr' id='par_1_41' title="bbox 2153 976 3809 1060">
     <span class='ocr_line' id='line_1_41' title="bbox 2153 976 3809 1060; baseline 0.005 -29"><span class='ocrx_word' id='word_1_270' title='bbox 2153 976 2633 1050; x_wconf 86' lang='grc' dir='ltr'>συνθλασθήσεται.</span> <span class='ocrx_word' id='word_1_271' title='bbox 2677 986 2846 1038; x_wconf 87' lang='grc' dir='ltr'>Τοῦτο</span> <span class='ocrx_word' id='word_1_272' title='bbox 2904 988 3060 1060; x_wconf 87' lang='grc' dir='ltr'>γοῦν,</span> <span class='ocrx_word' id='word_1_273' title='bbox 3122 984 3199 1047; x_wconf 82' lang='grc' dir='ltr'>ὡς</span> <span class='ocrx_word' id='word_1_274' title='bbox 3258 984 3437 1059; x_wconf 78' lang='grc' dir='ltr'>οἶμαι,</span> <span class='ocrx_word' id='word_1_275' title='bbox 3492 984 3676 1048; x_wconf 85' lang='grc' dir='ltr'>καλῶς</span> <span class='ocrx_word' id='word_1_276' title='bbox 3735 984 3809 1040; x_wconf 76' lang='grc' dir='ltr'><strong>εἷ’-</strong></span> 
     </span>
    </p>
   </div>
   <div class='ocr_carea' id='block_1_42' title="bbox 2154 1063 3811 1150">
    <p class='ocr_par' dir='ltr' id='par_1_42' title="bbox 2154 1063 3811 1150">
     <span class='ocr_line' id='line_1_42' title="bbox 2154 1063 3811 1150; baseline 0.005 -28"><span class='ocrx_word' id='word_1_277' title='bbox 2154 1063 2281 1141; x_wconf 83' lang='grc' dir='ltr'>δὼς,</span> <span class='ocrx_word' id='word_1_278' title='bbox 2322 1067 2423 1123; x_wconf 75' lang='grc' dir='ltr'>οὐκ</span> <span class='ocrx_word' id='word_1_279' title='bbox 2475 1066 2704 1126; x_wconf 71' lang='grc' dir='ltr'>ἔσπευσα</span> <span class='ocrx_word' id='word_1_280' title='bbox 2759 1072 2896 1147; x_wconf 89' lang='grc' dir='ltr'>πρός</span> <span class='ocrx_word' id='word_1_281' title='bbox 2951 1093 3102 1136; x_wconf 85' lang='grc' dir='ltr'>τινας</span> <span class='ocrx_word' id='word_1_282' title='bbox 3161 1070 3600 1150; x_wconf 87' lang='grc' dir='ltr'>ὂιαμαχέσασθαι</span> <span class='ocrx_word' id='word_1_283' title='bbox 3632 1093 3646 1107; x_wconf 98' lang='grc'><strong>⁸</strong></span> <span class='ocrx_word' id='word_1_284' title='bbox 3681 1072 3811 1131; x_wconf 72' lang='grc' dir='ltr'>ἀλλ’</span> 
     </span>
    </p>
   </div>
   <div class='ocr_carea' id='block_1_43' title="bbox 2153 1156 3810 1240">
    <p class='ocr_par' dir='ltr' id='par_1_43' title="bbox 2153 1156 3810 1240">
     <span class='ocr_line' id='line_1_43' title="bbox 2153 1156 3810 1240; baseline 0.006 -31"><span class='ocrx_word' id='word_1_285' title='bbox 2153 1156 2337 1211; x_wconf 73' lang='grc' dir='ltr'>ἱκανόν</span> <span class='ocrx_word' id='word_1_286' title='bbox 2370 1178 2463 1230; x_wconf 90' lang='grc' dir='ltr'><strong>μοι</strong></span> <span class='ocrx_word' id='word_1_287' title='bbox 2495 1162 2657 1214; x_wconf 89' lang='grc' dir='ltr'>τοῦτο</span> <span class='ocrx_word' id='word_1_288' title='bbox 2707 1156 2831 1232; x_wconf 73' lang='grc' dir='ltr'>δοίη</span> <span class='ocrx_word' id='word_1_289' title='bbox 2881 1162 3036 1233; x_wconf 85' lang='grc' dir='ltr'><strong>Θεὸς,</strong></span> <span class='ocrx_word' id='word_1_290' title='bbox 3067 1167 3288 1237; x_wconf 88' lang='grc' dir='ltr'>πρῶτον</span> <span class='ocrx_word' id='word_1_291' title='bbox 3337 1165 3627 1240; x_wconf 78' lang='grc' dir='ltr'>γινώσκειν</span> <span class='ocrx_word' id='word_1_292' title='bbox 3685 1162 3810 1239; x_wconf 85' lang='grc' dir='ltr'>περὶ</span> 
     </span>
    </p>
   </div>
   <div class='ocr_carea' id='block_1_44' title="bbox 2149 1243 3811 1328">
    <p class='ocr_par' dir='ltr' id='par_1_44' title="bbox 2149 1243 3811 1328">
     <span class='ocr_line' id='line_1_44' title="bbox 2149 1243 3811 1328; baseline 0.005 -29"><span class='ocrx_word' id='word_1_293' title='bbox 2149 1250 2251 1314; x_wconf 84' lang='grc' dir='ltr'><strong>τῆς</strong></span> <span class='ocrx_word' id='word_1_294' title='bbox 2281 1243 2541 1316; x_wconf 78' lang='grc' dir='ltr'>ἂληθείας</span> <span class='ocrx_word' id='word_1_295' title='bbox 2568 1248 2643 1311; x_wconf 82' lang='grc' dir='ltr'>ὡς</span> <span class='ocrx_word' id='word_1_296' title='bbox 2686 1246 2767 1304; x_wconf 78' lang='grc' dir='ltr'><strong>δεῖ</strong></span> <span class='ocrx_word' id='word_1_297' title='bbox 2799 1268 2813 1283; x_wconf 91' lang='grc'><strong>⁸</strong></span> <span class='ocrx_word' id='word_1_298' title='bbox 2846 1251 3057 1306; x_wconf 74' lang='grc' dir='ltr'>κᾶπειτ’</span> <span class='ocrx_word' id='word_1_299' title='bbox 3091 1248 3299 1322; x_wconf 75' lang='grc' dir='ltr'>εἰδότα,</span> <span class='ocrx_word' id='word_1_300' title='bbox 3328 1250 3509 1328; x_wconf 83' lang='grc' dir='ltr'>λέγειν</span> <span class='ocrx_word' id='word_1_301' title='bbox 3543 1253 3619 1316; x_wconf 84' lang='grc' dir='ltr'>ὡς</span> <span class='ocrx_word' id='word_1_302' title='bbox 3673 1254 3811 1328; x_wconf 82' lang='grc' dir='ltr'>χρή.</span> 
     </span>
    </p>
   </div>
   <div class='ocr_carea' id='block_1_45' title="bbox 2154 1330 3809 1420">
    <p class='ocr_par' dir='ltr' id='par_1_45' title="bbox 2154 1330 3809 1420">
     <span class='ocr_line' id='line_1_45' title="bbox 2154 1330 3809 1420; baseline 0.007 -34"><span class='ocrx_word' id='word_1_303' title='bbox 2154 1332 2231 1387; x_wconf 81' lang='grc' dir='ltr'>Σὺ</span> <span class='ocrx_word' id='word_1_304' title='bbox 2290 1330 2347 1389; x_wconf 61' lang='lat' dir='ltr'><strong>Si</strong></span> <span class='ocrx_word' id='word_1_305' title='bbox 2404 1333 2604 1413; x_wconf 83' lang='grc' dir='ltr'>λέγεις,</span> <span class='ocrx_word' id='word_1_306' title='bbox 2636 1336 2719 1393; x_wconf 77' lang='grc' dir='ltr'><strong>ὅτι</strong></span> <span class='ocrx_word' id='word_1_307' title='bbox 2780 1336 3119 1416; x_wconf 82' lang='grc' dir='ltr'>λοιδορεῖταί</span> <span class='ocrx_word' id='word_1_308' title='bbox 3168 1361 3262 1413; x_wconf 88' lang='grc' dir='ltr'><strong>μοι</strong></span> <span class='ocrx_word' id='word_1_309' title='bbox 3295 1341 3323 1395; x_wconf 82' lang='grc' dir='ltr'><strong>ὸ</strong></span> <span class='ocrx_word' id='word_1_310' title='bbox 3359 1338 3809 1420; x_wconf 71' lang='grc' dir='ltr'>Ἀπολλοφάνης,</span> 
     </span>
    </p>
   </div>
   <div class='ocr_carea' id='block_1_46' title="bbox 2152 1430 3808 1516">
    <p class='ocr_par' dir='ltr' id='par_1_46' title="bbox 2152 1430 3808 1516">
     <span class='ocr_line' id='line_1_46' title="bbox 2152 1430 3808 1516; baseline 0.006 -30"><span class='ocrx_word' id='word_1_311' title='bbox 2152 1430 2446 1489; x_wconf 77' lang='grc' dir='ltr'>ἀποκαλῶν</span> <span class='ocrx_word' id='word_1_312' title='bbox 2501 1456 2568 1508; x_wconf 89' lang='grc' dir='ltr'><strong>με</strong></span> <span class='ocrx_word' id='word_1_313' title='bbox 2624 1435 2986 1511; x_wconf 71' lang='grc' dir='ltr'>πατραλοίαν,</span> <span class='ocrx_word' id='word_1_314' title='bbox 3018 1436 3103 1494; x_wconf 74' lang='grc' dir='ltr'><strong>ὅτι</strong></span> <span class='ocrx_word' id='word_1_315' title='bbox 3165 1436 3324 1510; x_wconf 80' lang='grc' dir='ltr'>δῆθεν</span> <span class='ocrx_word' id='word_1_316' title='bbox 3378 1445 3497 1505; x_wconf 83' lang='grc' dir='ltr'>τοῖς</span> <span class='ocrx_word' id='word_1_317' title='bbox 3553 1441 3808 1516; x_wconf 82' lang='grc' dir='ltr'>πατρίοις</span> 
     </span>
    </p>
   </div>
   <div class='ocr_carea' id='block_1_47' title="bbox 2152 1522 3807 1602">
    <p class='ocr_par' dir='ltr' id='par_1_47' title="bbox 2152 1522 3807 1602">
     <span class='ocr_line' id='line_1_47' title="bbox 2152 1522 3807 1602; baseline 0.007 -26"><span class='ocrx_word' id='word_1_318' title='bbox 2152 1527 2296 1586; x_wconf 85' lang='grc' dir='ltr'>θεοῖς</span> <span class='ocrx_word' id='word_1_319' title='bbox 2346 1522 2759 1598; x_wconf 73' lang='grc' dir='ltr'>ἐμνησικάκησα</span> <span class='ocrx_word' id='word_1_320' title='bbox 2788 1530 2922 1602; x_wconf 87' lang='lat'><strong>(63),</strong></span> <span class='ocrx_word' id='word_1_321' title='bbox 2952 1528 3040 1584; x_wconf 70' lang='lat' dir='ltr'><strong>mi</strong></span> <span class='ocrx_word' id='word_1_322' title='bbox 3084 1529 3167 1585; x_wconf 82' lang='grc' dir='ltr'><strong>δτι</strong></span> <span class='ocrx_word' id='word_1_323' title='bbox 3218 1534 3337 1595; x_wconf 82' lang='grc' dir='ltr'>τοῖς</span> <span class='ocrx_word' id='word_1_324' title='bbox 3377 1534 3486 1585; x_wconf 87' lang='grc' dir='ltr'><strong>τῶν</strong></span> <span class='ocrx_word' id='word_1_325' title='bbox 3516 1528 3807 1602; x_wconf 83' lang='grc' dir='ltr'>Ἑλλήνων</span> 
     </span>
    </p>
   </div>
   <div class='ocr_carea' id='block_1_48' title="bbox 2150 1612 3811 1696">
    <p class='ocr_par' dir='ltr' id='par_1_48' title="bbox 2150 1612 3811 1696">
     <span class='ocr_line' id='line_1_48' title="bbox 2150 1612 3811 1696; baseline 0.007 -31"><span class='ocrx_word' id='word_1_326' title='bbox 2150 1612 2286 1667; x_wconf 77' lang='grc' dir='ltr'>κατὰ</span> <span class='ocrx_word' id='word_1_327' title='bbox 2328 1617 2433 1669; x_wconf 88' lang='grc' dir='ltr'><strong>τῶν</strong></span> <span class='ocrx_word' id='word_1_328' title='bbox 2461 1614 2746 1687; x_wconf 77' lang='grc' dir='ltr'>Ἐλλήνων</span> <span class='ocrx_word' id='word_1_329' title='bbox 2793 1616 3222 1693; x_wconf 80' lang='grc' dir='ltr'>ἀπεχρησάμην.</span> <span class='ocrx_word' id='word_1_330' title='bbox 3255 1619 3444 1675; x_wconf 79' lang='grc' dir='ltr'>Καίτοι</span> <span class='ocrx_word' id='word_1_331' title='bbox 3489 1640 3553 1696; x_wconf 91' lang='grc' dir='ltr'><strong>γε</strong></span> <span class='ocrx_word' id='word_1_332' title='bbox 3608 1618 3811 1691; x_wconf 79' lang='grc' dir='ltr'>ἀληθέ-</span> 
     </span>
    </p>
   </div>
   <div class='ocr_carea' id='block_1_49' title="bbox 2151 1701 3805 1784">
    <p class='ocr_par' dir='ltr' id='par_1_49' title="bbox 2151 1701 3805 1784">
     <span class='ocr_line' id='line_1_49' title="bbox 2151 1701 3805 1784; baseline 0.005 -28"><span class='ocrx_word' id='word_1_333' title='bbox 2151 1701 2337 1777; x_wconf 88' lang='grc' dir='ltr'>στερόν</span> <span class='ocrx_word' id='word_1_334' title='bbox 2367 1701 2507 1760; x_wconf 78' lang='grc' dir='ltr'>ἐστιν</span> <span class='ocrx_word' id='word_1_335' title='bbox 2539 1705 2568 1759; x_wconf 83' lang='grc' dir='ltr'>ὃ</span> <span class='ocrx_word' id='word_1_336' title='bbox 2597 1712 2888 1784; x_wconf 81' lang='grc' dir='ltr'>κατηγορεῖ</span> <span class='ocrx_word' id='word_1_337' title='bbox 2920 1706 3079 1781; x_wconf 77' lang='grc' dir='ltr'>έμοῦ,</span> <span class='ocrx_word' id='word_1_338' title='bbox 3111 1712 3274 1764; x_wconf 83' lang='grc' dir='ltr'>τοῦτο</span> <span class='ocrx_word' id='word_1_339' title='bbox 3307 1707 3405 1783; x_wconf 71' lang='grc' dir='ltr'>έμὶ</span> <span class='ocrx_word' id='word_1_340' title='bbox 3453 1710 3591 1784; x_wconf 89' lang='grc' dir='ltr'>πρὸς</span> <span class='ocrx_word' id='word_1_341' title='bbox 3641 1710 3805 1766; x_wconf 78' lang='grc' dir='ltr'>αὐτὸν</span> 
     </span>
    </p>
   </div>
   <div class='ocr_carea' id='block_1_50' title="bbox 2151 1790 3803 1878">
    <p class='ocr_par' dir='ltr' id='par_1_50' title="bbox 2151 1790 3803 1878">
     <span class='ocr_line' id='line_1_50' title="bbox 2151 1790 3803 1878; baseline 0.007 -33"><span class='ocrx_word' id='word_1_342' title='bbox 2151 1790 2344 1863; x_wconf 68' lang='grc' dir='ltr'>εἴπεῖν,</span> <span class='ocrx_word' id='word_1_343' title='bbox 2376 1793 2452 1857; x_wconf 85' lang='grc' dir='ltr'>ὡς</span> <span class='ocrx_word' id='word_1_344' title='bbox 2479 1791 2754 1866; x_wconf 84' lang='grc' dir='ltr'>Ἕλληνες</span> <span class='ocrx_word' id='word_1_345' title='bbox 2790 1794 3004 1869; x_wconf 75' lang='grc' dir='ltr'>μᾶλλον</span> <span class='ocrx_word' id='word_1_346' title='bbox 3060 1801 3128 1871; x_wconf 79' lang='grc' dir='ltr'><strong>τῇ</strong></span> <span class='ocrx_word' id='word_1_347' title='bbox 3163 1796 3281 1871; x_wconf 78' lang='grc' dir='ltr'>θείᾳ</span> <span class='ocrx_word' id='word_1_348' title='bbox 3311 1797 3474 1878; x_wconf 82' lang='grc' dir='ltr'>σοφίᾳ</span> <span class='ocrx_word' id='word_1_349' title='bbox 3501 1802 3683 1862; x_wconf 85' lang='grc' dir='ltr'>κακῶς</span> <span class='ocrx_word' id='word_1_350' title='bbox 3714 1801 3803 1856; x_wconf 73' lang='grc' dir='ltr'><strong>καὶ</strong></span> 
     </span>
    </p>
   </div>
   <div class='ocr_carea' id='block_1_51' title="bbox 2151 1878 3809 1963">
    <p class='ocr_par' dir='ltr' id='par_1_51' title="bbox 2151 1878 3809 1963">
     <span class='ocr_line' id='line_1_51' title="bbox 2151 1878 3809 1963; baseline 0.005 -28"><span class='ocrx_word' id='word_1_351' title='bbox 2151 1878 2259 1956; x_wconf 78' lang='grc' dir='ltr'><strong>οὐχ</strong></span> <span class='ocrx_word' id='word_1_352' title='bbox 2310 1882 2474 1945; x_wconf 80' lang='grc' dir='ltr'>ὁσίως</span> <span class='ocrx_word' id='word_1_353' title='bbox 2531 1883 2837 1960; x_wconf 73' lang='grc' dir='ltr'>ἐχρήσαντο</span> <span class='ocrx_word' id='word_1_354' title='bbox 2871 1904 2886 1920; x_wconf 93' lang='grc'><strong>⁸</strong></span> <span class='ocrx_word' id='word_1_355' title='bbox 2948 1880 3209 1950; x_wconf 71' lang='grc' dir='ltr'>λαϐόντες</span> <span class='ocrx_word' id='word_1_356' title='bbox 3271 1888 3365 1961; x_wconf 73' lang='grc' dir='ltr'>μὲν</span> <span class='ocrx_word' id='word_1_357' title='bbox 3433 1887 3601 1957; x_wconf 75' lang='grc' dir='ltr'>αὐτὴν</span> <span class='ocrx_word' id='word_1_358' title='bbox 3660 1888 3809 1963; x_wconf 81' lang='grc' dir='ltr'>παρᾶ</span> 
     </span>
    </p>
   </div>
   <div class='ocr_carea' id='block_1_52' title="bbox 2150 1968 3806 2052">
    <p class='ocr_par' dir='ltr' id='par_1_52' title="bbox 2150 1968 3806 2052">
     <span class='ocr_line' id='line_1_52' title="bbox 2150 1968 3806 2052; baseline 0.005 -27"><span class='ocrx_word' id='word_1_359' title='bbox 2150 1974 2308 2042; x_wconf 86' lang='grc' dir='ltr'>Θεοῦ,</span> <span class='ocrx_word' id='word_1_360' title='bbox 2335 1968 2427 2026; x_wconf 85' lang='grc' dir='ltr'>’ίνα</span> <span class='ocrx_word' id='word_1_361' title='bbox 2463 1973 2555 2027; x_wconf 89' lang='grc' dir='ltr'><strong>τὸν</strong></span> <span class='ocrx_word' id='word_1_362' title='bbox 2604 1974 2734 2029; x_wconf 84' lang='grc' dir='ltr'>Θεὸν</span> <span class='ocrx_word' id='word_1_363' title='bbox 2769 1979 2990 2050; x_wconf 86' lang='grc' dir='ltr'>γνῶσιν,</span> <span class='ocrx_word' id='word_1_364' title='bbox 3024 1975 3504 2048; x_wconf 69' lang='grc' dir='ltr'>ἀποπλανηθέντες</span> <span class='ocrx_word' id='word_1_365' title='bbox 3562 1974 3620 2033; x_wconf 72' lang='grc' dir='ltr'>δὲ</span> <span class='ocrx_word' id='word_1_366' title='bbox 3668 1978 3806 2052; x_wconf 92' lang='grc' dir='ltr'>πρὸς</span> 
     </span>
    </p>
   </div>
   <div class='ocr_carea' id='block_1_53' title="bbox 2152 2056 3806 2145">
    <p class='ocr_par' dir='ltr' id='par_1_53' title="bbox 2152 2056 3806 2145">
     <span class='ocr_line' id='line_1_53' title="bbox 2152 2056 3806 2145; baseline 0.005 -31"><span class='ocrx_word' id='word_1_367' title='bbox 2152 2061 2227 2133; x_wconf 79' lang='grc' dir='ltr'>μή</span> <span class='ocrx_word' id='word_1_368' title='bbox 2264 2056 2423 2125; x_wconf 74' lang='grc' dir='ltr'>ὄντας</span> <span class='ocrx_word' id='word_1_369' title='bbox 2453 2062 2628 2127; x_wconf 86' lang='grc' dir='ltr'>θεούς.</span> <span class='ocrx_word' id='word_1_370' title='bbox 2664 2064 2768 2122; x_wconf 83' lang='grc' dir='ltr'>Καὶ</span> <span class='ocrx_word' id='word_1_371' title='bbox 2802 2064 2862 2119; x_wconf 85' lang='grc' dir='ltr'><strong>ού</strong></span> <span class='ocrx_word' id='word_1_372' title='bbox 2902 2067 3001 2136; x_wconf 84' lang='grc' dir='ltr'><strong>τήν</strong></span> <span class='ocrx_word' id='word_1_373' title='bbox 3030 2064 3264 2122; x_wconf 79' lang='grc' dir='ltr'>πολλῶν</span> <span class='ocrx_word' id='word_1_374' title='bbox 3298 2088 3442 2145; x_wconf 85' lang='grc' dir='ltr'>φημι</span> <span class='ocrx_word' id='word_1_375' title='bbox 3477 2064 3657 2140; x_wconf 77' lang='grc' dir='ltr'>δόξαν,</span> <span class='ocrx_word' id='word_1_376' title='bbox 3696 2072 3806 2123; x_wconf 80' lang='grc' dir='ltr'><strong>τῶν</strong></span> 
     </span>
    </p>
   </div>
   <div class='ocr_carea' id='block_1_54' title="bbox 2147 2148 3802 2230">
    <p class='ocr_par' dir='ltr' id='par_1_54' title="bbox 2147 2148 3802 2230">
     <span class='ocr_line' id='line_1_54' title="bbox 2147 2148 3802 2230; baseline 0.005 -27"><span class='ocrx_word' id='word_1_377' title='bbox 2147 2148 2439 2227; x_wconf 80' lang='grc' dir='ltr'>προσύλως</span> <span class='ocrx_word' id='word_1_378' title='bbox 2507 2152 2599 2207; x_wconf 87' lang='grc' dir='ltr'><strong>καὶ</strong></span> <span class='ocrx_word' id='word_1_379' title='bbox 2684 2153 2944 2227; x_wconf 74' lang='grc' dir='ltr'>ἐμπαθῶς</span> <span class='ocrx_word' id='word_1_380' title='bbox 3026 2154 3467 2230; x_wconf 76' lang='grc' dir='ltr'>έναπομενόντων</span> <span class='ocrx_word' id='word_1_381' title='bbox 3512 2161 3631 2221; x_wconf 89' lang='grc' dir='ltr'>τοῖς</span> <span class='ocrx_word' id='word_1_382' title='bbox 3689 2161 3802 2212; x_wconf 88' lang='grc' dir='ltr'><strong>τῶν</strong></span> 
     </span>
    </p>
   </div>
   <div class='ocr_carea' id='block_1_55' title="bbox 2147 2241 3809 2321">
    <p class='ocr_par' dir='ltr' id='par_1_55' title="bbox 2147 2241 3809 2321">
     <span class='ocr_line' id='line_1_55' title="bbox 2147 2241 3809 2321; baseline 0.004 -27"><span class='ocrx_word' id='word_1_383' title='bbox 2147 2244 2392 2311; x_wconf 83' lang='grc' dir='ltr'>ποιητῶν</span> <span class='ocrx_word' id='word_1_384' title='bbox 2423 2259 2437 2275; x_wconf 93' lang='grc'><strong>⁸</strong></span> <span class='ocrx_word' id='word_1_385' title='bbox 2472 2241 2666 2297; x_wconf 80' lang='grc' dir='ltr'>ἐκεῖνοι</span> <span class='ocrx_word' id='word_1_386' title='bbox 2698 2243 2825 2320; x_wconf 78' lang='grc' dir='ltr'>γὰρ,</span> <span class='ocrx_word' id='word_1_387' title='bbox 2860 2244 3239 2321; x_wconf 76' lang='grc' dir='ltr'>ἀγαπήσαντες</span> <span class='ocrx_word' id='word_1_388' title='bbox 3269 2247 3370 2316; x_wconf 76' lang='grc' dir='ltr'><strong>τήν</strong></span> <span class='ocrx_word' id='word_1_389' title='bbox 3423 2245 3561 2318; x_wconf 77' lang='grc' dir='ltr'>ὕλην</span> <span class='ocrx_word' id='word_1_390' title='bbox 3590 2246 3681 2301; x_wconf 81' lang='grc' dir='ltr'><strong>καὶ</strong></span> <span class='ocrx_word' id='word_1_391' title='bbox 3738 2247 3809 2301; x_wconf 74' lang='grc' dir='ltr'><strong>τά</strong></span> 
     </span>
    </p>
   </div>
   <div class='ocr_carea' id='block_1_56' title="bbox 2147 2328 3807 2409">
    <p class='ocr_par' dir='ltr' id='par_1_56' title="bbox 2147 2328 3807 2409">
     <span class='ocr_line' id='line_1_56' title="bbox 2147 2328 3807 2409; baseline 0.004 -26"><span class='ocrx_word' id='word_1_392' title='bbox 2147 2328 2319 2401; x_wconf 88' lang='grc' dir='ltr'>πάθη,</span> <span class='ocrx_word' id='word_1_393' title='bbox 2348 2331 2639 2407; x_wconf 79' lang='grc' dir='ltr'>ἠγάπησαν</span> <span class='ocrx_word' id='word_1_394' title='bbox 2667 2332 2756 2387; x_wconf 79' lang='grc' dir='ltr'><strong>καὶ</strong></span> <span class='ocrx_word' id='word_1_395' title='bbox 2786 2335 2853 2388; x_wconf 82' lang='grc' dir='ltr'><strong>τά</strong></span> <span class='ocrx_word' id='word_1_396' title='bbox 2893 2339 3001 2389; x_wconf 84' lang='grc' dir='ltr'><strong>τῶν</strong></span> <span class='ocrx_word' id='word_1_397' title='bbox 3060 2341 3331 2407; x_wconf 80' lang='grc' dir='ltr'>ποιητῶν,</span> <span class='ocrx_word' id='word_1_398' title='bbox 3364 2336 3452 2392; x_wconf 80' lang='grc' dir='ltr'><strong>καὶ</strong></span> <span class='ocrx_word' id='word_1_399' title='bbox 3517 2335 3807 2409; x_wconf 72' lang='grc' dir='ltr'>έναπέμει-</span> 
     </span>
    </p>
   </div>
   <div class='ocr_carea' id='block_1_57' title="bbox 2146 2419 3803 2498">
    <p class='ocr_par' dir='ltr' id='par_1_57' title="bbox 2146 2419 3803 2498">
     <span class='ocr_line' id='line_1_57' title="bbox 2146 2419 3803 2498; baseline 0.005 -26"><span class='ocrx_word' id='word_1_400' title='bbox 2146 2439 2239 2473; x_wconf 84' lang='grc' dir='ltr'><strong>ναν</strong></span> <span class='ocrx_word' id='word_1_401' title='bbox 2269 2425 2385 2481; x_wconf 76' lang='grc' dir='ltr'>τοῖς</span> <span class='ocrx_word' id='word_1_402' title='bbox 2416 2419 2632 2477; x_wconf 78' lang='grc' dir='ltr'>έκείνων</span> <span class='ocrx_word' id='word_1_403' title='bbox 2662 2423 3097 2498; x_wconf 78' lang='grc' dir='ltr'>συγγράμμασιν,</span> <span class='ocrx_word' id='word_1_404' title='bbox 3128 2423 3367 2497; x_wconf 63' lang='grc' dir='ltr'>ἐμπαθές</span> <span class='ocrx_word' id='word_1_405' title='bbox 3396 2424 3458 2480; x_wconf 89' lang='grc' dir='ltr'><strong>τὸ</strong></span> <span class='ocrx_word' id='word_1_406' title='bbox 3518 2430 3662 2490; x_wconf 73' lang='grc' dir='ltr'>θεῖον</span> <span class='ocrx_word' id='word_1_407' title='bbox 3710 2423 3803 2480; x_wconf 85' lang='grc' dir='ltr'>λε-</span> 
     </span>
    </p>
   </div>
   <div class='ocr_carea' id='block_1_58' title="bbox 2146 2508 3805 2591">
    <p class='ocr_par' dir='ltr' id='par_1_58' title="bbox 2146 2508 3805 2591">
     <span class='ocr_line' id='line_1_58' title="bbox 2146 2508 3805 2591; baseline 0.005 -29"><span class='ocrx_word' id='word_1_408' title='bbox 2146 2508 2356 2583; x_wconf 90' lang='grc' dir='ltr'>γόντων</span> <span class='ocrx_word' id='word_1_409' title='bbox 2392 2526 2405 2539; x_wconf 91' lang='grc'><strong>⁸</strong></span> <span class='ocrx_word' id='word_1_410' title='bbox 2440 2509 2502 2563; x_wconf 84' lang='grc' dir='ltr'><strong>ού</strong></span> <span class='ocrx_word' id='word_1_411' title='bbox 2532 2510 2656 2587; x_wconf 86' lang='grc' dir='ltr'>περὶ</span> <span class='ocrx_word' id='word_1_412' title='bbox 2703 2510 2911 2567; x_wconf 81' lang='grc' dir='ltr'>τούτων</span> <span class='ocrx_word' id='word_1_413' title='bbox 2950 2511 3078 2587; x_wconf 77' lang='grc' dir='ltr'>γοῦν</span> <span class='ocrx_word' id='word_1_414' title='bbox 3131 2511 3297 2591; x_wconf 88' lang='grc' dir='ltr'>λέγω,</span> <span class='ocrx_word' id='word_1_415' title='bbox 3324 2519 3433 2569; x_wconf 87' lang='grc' dir='ltr'><strong>τῶν</strong></span> <span class='ocrx_word' id='word_1_416' title='bbox 3480 2514 3580 2583; x_wconf 68' lang='grc' dir='ltr'><strong>τήν</strong></span> <span class='ocrx_word' id='word_1_417' title='bbox 3628 2515 3805 2570; x_wconf 76' lang='grc' dir='ltr'>γτίσιν</span> 
     </span>
    </p>
   </div>
   <div class='ocr_carea' id='block_1_59' title="bbox 2147 2598 3809 2676">
    <p class='ocr_par' dir='ltr' id='par_1_59' title="bbox 2147 2598 3809 2676">
     <span class='ocr_line' id='line_1_59' title="bbox 2147 2598 3809 2676; baseline 0.004 -24"><span class='ocrx_word' id='word_1_418' title='bbox 2147 2598 2293 2674; x_wconf 68' lang='grc' dir='ltr'>παρὰ</span> <span class='ocrx_word' id='word_1_419' title='bbox 2343 2598 2435 2655; x_wconf 88' lang='grc' dir='ltr'><strong>τὸν</strong></span> <span class='ocrx_word' id='word_1_420' title='bbox 2491 2600 2748 2656; x_wconf 84' lang='grc' dir='ltr'>κτίσαντα</span> <span class='ocrx_word' id='word_1_421' title='bbox 2819 2598 3193 2676; x_wconf 84' lang='grc' dir='ltr'>λατρευόντων</span> <span class='ocrx_word' id='word_1_422' title='bbox 3228 2622 3240 2635; x_wconf 95' lang='grc'><strong>⁸</strong></span> <span class='ocrx_word' id='word_1_423' title='bbox 3295 2600 3442 2659; x_wconf 81' lang='grc' dir='ltr'>ἀλλά</span> <span class='ocrx_word' id='word_1_424' title='bbox 3495 2603 3586 2659; x_wconf 77' lang='grc' dir='ltr'><strong>καὶ</strong></span> <span class='ocrx_word' id='word_1_425' title='bbox 3642 2604 3809 2666; x_wconf 72' lang='grc' dir='ltr'>αὐτὸς</span> 
     </span>
    </p>
   </div>
   <div class='ocr_carea' id='block_1_60' title="bbox 2150 2684 3808 2769">
    <p class='ocr_par' dir='ltr' id='par_1_60' title="bbox 2150 2684 3808 2769">
     <span class='ocr_line' id='line_1_60' title="bbox 2150 2684 3808 2769; baseline 0.004 -27"><span class='ocrx_word' id='word_1_426' title='bbox 2150 2684 2578 2767; x_wconf 76' lang='grc' dir='ltr'>Ἀπολλοφάνης</span> <span class='ocrx_word' id='word_1_427' title='bbox 2612 2687 2672 2744; x_wconf 85' lang='grc' dir='ltr'><strong>ού</strong></span> <span class='ocrx_word' id='word_1_428' title='bbox 2703 2687 2887 2753; x_wconf 83' lang='grc' dir='ltr'>καλῶς</span> <span class='ocrx_word' id='word_1_429' title='bbox 2930 2696 3049 2755; x_wconf 87' lang='grc' dir='ltr'>τοῖς</span> <span class='ocrx_word' id='word_1_430' title='bbox 3100 2691 3287 2761; x_wconf 83' lang='grc' dir='ltr'>θείοις,</span> <span class='ocrx_word' id='word_1_431' title='bbox 3320 2692 3465 2769; x_wconf 82' lang='grc' dir='ltr'>λέγω</span> <span class='ocrx_word' id='word_1_432' title='bbox 3494 2698 3612 2757; x_wconf 86' lang='grc' dir='ltr'>τοῖς</span> <span class='ocrx_word' id='word_1_433' title='bbox 3642 2692 3808 2766; x_wconf 76' lang='grc' dir='ltr'>έμφι-</span> 
     </span>
    </p>
   </div>
   <div class='ocr_carea' id='block_1_61' title="bbox 2148 2776 3808 2858">
    <p class='ocr_par' dir='ltr' id='par_1_61' title="bbox 2148 2776 3808 2858">
     <span class='ocr_line' id='line_1_61' title="bbox 2148 2776 3808 2858; baseline 0.002 -25"><span class='ocrx_word' id='word_1_434' title='bbox 2148 2778 2410 2855; x_wconf 87' lang='grc' dir='ltr'>λοσόφοις</span> <span class='ocrx_word' id='word_1_435' title='bbox 2442 2776 2627 2853; x_wconf 86' lang='grc' dir='ltr'>λόγοις</span> <span class='ocrx_word' id='word_1_436' title='bbox 2673 2786 2875 2855; x_wconf 81' lang='grc' dir='ltr'>χρᾶται</span> <span class='ocrx_word' id='word_1_437' title='bbox 2907 2800 2921 2814; x_wconf 84' lang='grc'><strong>⁸</strong></span> <span class='ocrx_word' id='word_1_438' title='bbox 2955 2778 3062 2836; x_wconf 77' lang='grc' dir='ltr'>ἔδει</span> <span class='ocrx_word' id='word_1_439' title='bbox 3111 2782 3213 2858; x_wconf 80' lang='grc' dir='ltr'><strong>γάρ</strong></span> <span class='ocrx_word' id='word_1_440' title='bbox 3263 2780 3555 2857; x_wconf 83' lang='grc' dir='ltr'>ἀνάγεσθαι</span> <span class='ocrx_word' id='word_1_441' title='bbox 3620 2780 3808 2854; x_wconf 76' lang='grc' dir='ltr'>αὐτὸν,</span> 
     </span>
    </p>
   </div>
   <div class='ocr_carea' id='block_1_62' title="bbox 2150 2874 3812 2958">
    <p class='ocr_par' dir='ltr' id='par_1_62' title="bbox 2150 2874 3812 2958">
     <span class='ocr_line' id='line_1_62' title="bbox 2150 2874 3812 2958; baseline 0.002 -27"><span class='ocrx_word' id='word_1_442' title='bbox 2150 2875 2299 2950; x_wconf 78' lang='grc' dir='ltr'>εἷ’περ</span> <span class='ocrx_word' id='word_1_443' title='bbox 2330 2876 2396 2945; x_wconf 81' lang='grc' dir='ltr'>ἦν</span> <span class='ocrx_word' id='word_1_444' title='bbox 2429 2874 2645 2947; x_wconf 80' lang='grc' dir='ltr'>ἀληθὴς</span> <span class='ocrx_word' id='word_1_445' title='bbox 2674 2875 2996 2956; x_wconf 82' lang='grc' dir='ltr'>φιλόσοφος,</span> <span class='ocrx_word' id='word_1_446' title='bbox 3027 2879 3119 2934; x_wconf 82' lang='grc' dir='ltr'><strong>καὶ</strong></span> <span class='ocrx_word' id='word_1_447' title='bbox 3167 2880 3202 2949; x_wconf 78' lang='grc' dir='ltr'>ἡ</span> <span class='ocrx_word' id='word_1_448' title='bbox 3262 2876 3562 2958; x_wconf 84' lang='grc' dir='ltr'>φιλοσοφία</span> <span class='ocrx_word' id='word_1_449' title='bbox 3606 2885 3812 2955; x_wconf 87' lang='grc' dir='ltr'>γνῶσις</span> 
     </span>
    </p>
   </div>
   <div class='ocr_carea' id='block_1_63' title="bbox 2147 2960 3812 3043">
    <p class='ocr_par' dir='ltr' id='par_1_63' title="bbox 2147 2960 3812 3043">
     <span class='ocr_line' id='line_1_63' title="bbox 2147 2960 3812 3043; baseline 0.002 -24"><span class='ocrx_word' id='word_1_450' title='bbox 2147 2969 2255 3020; x_wconf 82' lang='grc' dir='ltr'><strong>τῶν</strong></span> <span class='ocrx_word' id='word_1_451' title='bbox 2290 2960 2458 3019; x_wconf 77' lang='grc' dir='ltr'>ὅντων</span> <span class='ocrx_word' id='word_1_452' title='bbox 2486 2964 2627 3020; x_wconf 74' lang='grc' dir='ltr'>ἐστὶν</span> <span class='ocrx_word' id='word_1_453' title='bbox 2725 2962 2854 3023; x_wconf 81' lang='grc' dir='ltr'>ὅντα</span> <span class='ocrx_word' id='word_1_454' title='bbox 2883 2970 3023 3041; x_wconf 78' lang='grc'><strong>(64),</strong></span> <span class='ocrx_word' id='word_1_455' title='bbox 3055 2968 3192 3043; x_wconf 87' lang='grc' dir='ltr'>πρὸς</span> <span class='ocrx_word' id='word_1_456' title='bbox 3223 2968 3315 3023; x_wconf 86' lang='grc' dir='ltr'><strong>τὸν</strong></span> <span class='ocrx_word' id='word_1_457' title='bbox 3346 2972 3455 3024; x_wconf 90' lang='grc' dir='ltr'><strong>τῶν</strong></span> <span class='ocrx_word' id='word_1_458' title='bbox 3507 2964 3679 3024; x_wconf 69' lang='grc' dir='ltr'>ὄντων</span> <span class='ocrx_word' id='word_1_459' title='bbox 3721 2967 3812 3023; x_wconf 76' lang='grc' dir='ltr'><strong>αἶ’-</strong></span> 
     </span>
    </p>
   </div>
   <div class='ocr_carea' id='block_1_64' title="bbox 2147 3052 3813 3133">
    <p class='ocr_par' dir='ltr' id='par_1_64' title="bbox 2147 3052 3813 3133">
     <span class='ocr_line' id='line_1_64' title="bbox 2147 3052 3813 3133; baseline 0.002 -23"><span class='ocrx_word' id='word_1_460' title='bbox 2147 3074 2264 3110; x_wconf 86' lang='grc' dir='ltr'>τιον</span> <span class='ocrx_word' id='word_1_461' title='bbox 2319 3055 2449 3109; x_wconf 85' lang='grc' dir='ltr'>Θεὸν</span> <span class='ocrx_word' id='word_1_462' title='bbox 2500 3055 2785 3130; x_wconf 82' lang='grc' dir='ltr'>χρώμενον</span> <span class='ocrx_word' id='word_1_463' title='bbox 2830 3060 2898 3122; x_wconf 81' lang='grc' dir='ltr'><strong>τῆ</strong></span> <span class='ocrx_word' id='word_1_464' title='bbox 2938 3060 3047 3112; x_wconf 84' lang='grc' dir='ltr'><strong>τῶν</strong></span> <span class='ocrx_word' id='word_1_465' title='bbox 3081 3052 3250 3113; x_wconf 69' lang='grc' dir='ltr'>ὄντων</span> <span class='ocrx_word' id='word_1_466' title='bbox 3281 3058 3503 3133; x_wconf 75' lang='grc' dir='ltr'>γνώσει,</span> <span class='ocrx_word' id='word_1_467' title='bbox 3528 3059 3589 3127; x_wconf 75' lang='grc' dir='ltr'>ἦν</span> <span class='ocrx_word' id='word_1_468' title='bbox 3644 3056 3813 3120; x_wconf 76' lang='grc' dir='ltr'>αὐτὸς</span> 
     </span>
    </p>
   </div>
   <div class='ocr_carea' id='block_1_65' title="bbox 394 3133 2040 3222">
    <p class='ocr_par' dir='ltr' id='par_1_65' title="bbox 394 3133 2040 3210">
     <span class='ocr_line' id='line_1_65' title="bbox 394 3133 2040 3210; baseline -0.005 -15"><span class='ocrx_word' id='word_1_469' title='bbox 394 3141 620 3209; x_wconf 88' lang='lat' dir='ltr'><strong>decent,</strong></span> <span class='ocrx_word' id='word_1_470' title='bbox 671 3138 930 3195; x_wconf 91' lang='lat' dir='ltr'><strong>noverim</strong></span> <span class='ocrx_word' id='word_1_471' title='bbox 982 3138 1240 3210; x_wconf 90' lang='lat' dir='ltr'><strong>primum</strong></span> <span class='ocrx_word' id='word_1_472' title='bbox 1276 3154 1290 3205; x_wconf 89' lang='lat'><strong>;</strong></span> <span class='ocrx_word' id='word_1_473' title='bbox 1343 3136 1574 3207; x_wconf 88' lang='lat' dir='ltr'><strong>deinde,</strong></span> <span class='ocrx_word' id='word_1_474' title='bbox 1614 3138 1681 3191; x_wconf 87' lang='lat' dir='ltr'><strong>ut</strong></span> <span class='ocrx_word' id='word_1_475' title='bbox 1710 3150 1841 3206; x_wconf 62' lang='lat' dir='ltr'><strong>qua</strong></span> <span class='ocrx_word' id='word_1_476' title='bbox 1872 3133 1943 3188; x_wconf 88' lang='lat' dir='ltr'><strong>de</strong></span> <span class='ocrx_word' id='word_1_477' title='bbox 1972 3146 2040 3187; x_wconf 87' lang='lat' dir='ltr'><strong>ea</strong></span> 
     </span>
    </p>
   </div>
   <div class='ocr_carea' id='block_1_66' title="bbox 2148 3133 3809 3222">
    <p class='ocr_par' dir='ltr' id='par_1_66' title="bbox 2155 3140 3809 3222">
     <span class='ocr_line' id='line_1_66' title="bbox 2155 3140 3809 3222; baseline 0.002 -25"><span class='ocrx_word' id='word_1_478' title='bbox 2155 3144 2250 3216; x_wconf 73' lang='grc' dir='ltr'>μὲν</span> <span class='ocrx_word' id='word_1_479' title='bbox 2281 3140 2607 3222; x_wconf 75' lang='grc' dir='ltr'>φιλοσοφίαν</span> <span class='ocrx_word' id='word_1_480' title='bbox 2638 3143 2815 3213; x_wconf 81' lang='grc' dir='ltr'>καλεῖ,</span> <span class='ocrx_word' id='word_1_481' title='bbox 2849 3145 2878 3200; x_wconf 76' lang='grc' dir='ltr'><strong>δ</strong></span> <span class='ocrx_word' id='word_1_482' title='bbox 2928 3142 2986 3200; x_wconf 74' lang='grc' dir='ltr'>δὲ</span> <span class='ocrx_word' id='word_1_483' title='bbox 3017 3149 3161 3210; x_wconf 80' lang='grc' dir='ltr'>θεῖος</span> <span class='ocrx_word' id='word_1_484' title='bbox 3201 3143 3419 3211; x_wconf 84' lang='grc' dir='ltr'>Παῦλος</span> <span class='ocrx_word' id='word_1_485' title='bbox 3448 3150 3583 3202; x_wconf 90' lang='grc' dir='ltr'>Θεοῦ</span> <span class='ocrx_word' id='word_1_486' title='bbox 3612 3144 3809 3222; x_wconf 82' lang='grc' dir='ltr'>σοφίαν</span> 
     </span>
    </p>
   </div>
   <div class='ocr_carea' id='block_1_67' title="bbox 393 3205 2040 3314">
    <p class='ocr_par' dir='ltr' id='par_1_67' title="bbox 393 3205 2037 3302">
     <span class='ocr_line' id='line_1_67' title="bbox 393 3205 2037 3302; baseline -0.004 -19"><span class='ocrx_word' id='word_1_487' title='bbox 393 3232 693 3302; x_wconf 89' lang='lat' dir='ltr'><strong>comperta</strong></span> <span class='ocrx_word' id='word_1_488' title='bbox 712 3226 1157 3300; x_wconf 86' lang='lat' dir='ltr'><strong>habuerim,pro</strong></span> <span class='ocrx_word' id='word_1_489' title='bbox 1178 3226 1387 3282; x_wconf 87' lang='lat' dir='ltr'><strong>decore</strong></span> <span class='ocrx_word' id='word_1_490' title='bbox 1402 3205 1667 3282; x_wconf 84' lang='lat' dir='ltr'><strong>veritatis</strong></span> <span class='ocrx_word' id='word_1_491' title='bbox 1688 3205 2037 3279; x_wconf 83' lang='lat' dir='ltr'><strong>edisseram.</strong></span> 
     </span>
    </p>
   </div>
   <div class='ocr_carea' id='block_1_68' title="bbox 2148 3205 3811 3314">
    <p class='ocr_par' dir='ltr' id='par_1_68' title="bbox 2151 3205 3811 3314">
     <span class='ocr_line' id='line_1_68' title="bbox 2151 3205 3811 3314; baseline 0.002 -28"><span class='ocrx_word' id='word_1_492' title='bbox 2151 3205 2424 3303; x_wconf 77' lang='grc' dir='ltr'>έκάλέσεν,</span> <span class='ocrx_word' id='word_1_493' title='bbox 2455 3205 2507 3286; x_wconf 77' lang='grc' dir='ltr'><strong>έν</strong></span> <span class='ocrx_word' id='word_1_494' title='bbox 2536 3236 2605 3306; x_wconf 82' lang='grc' dir='ltr'><strong>τῇ</strong></span> <span class='ocrx_word' id='word_1_495' title='bbox 2637 3232 2772 3308; x_wconf 90' lang='grc' dir='ltr'>πρὸς</span> <span class='ocrx_word' id='word_1_496' title='bbox 2803 3205 3123 3310; x_wconf 54' lang='grc' dir='ltr'>ὶίορινθίους</span> <span class='ocrx_word' id='word_1_497' title='bbox 3148 3205 3361 3309; x_wconf 24' lang='grc' dir='ltr'>*πρώτη</span> <span class='ocrx_word' id='word_1_498' title='bbox 3400 3205 3625 3314; x_wconf 78' lang='grc' dir='ltr'>γράφων</span> <span class='ocrx_word' id='word_1_499' title='bbox 3648 3206 3811 3291; x_wconf 55' lang='grc' dir='ltr'>Ἐξπι-</span> 
     </span>
    </p>
   </div>
   <div class='ocr_carea' id='block_1_69' title="bbox 391 3319 2038 3400">
    <p class='ocr_par' dir='ltr' id='par_1_69' title="bbox 391 3319 2038 3400">
     <span class='ocr_line' id='line_1_69' title="bbox 391 3319 2038 3400; baseline -0.005 -16"><span class='ocrx_word' id='word_1_500' title='bbox 391 3330 521 3398; x_wconf 88' lang='lat' dir='ltr'><strong>Ipse</strong></span> <span class='ocrx_word' id='word_1_501' title='bbox 548 3326 788 3400; x_wconf 77' lang='lat' dir='ltr'><strong>insuper</strong></span> <span class='ocrx_word' id='word_1_502' title='bbox 816 3324 1277 3398; x_wconf 83' lang='lat' dir='ltr'><strong>Apollophanem</strong></span> <span class='ocrx_word' id='word_1_503' title='bbox 1310 3322 1478 3380; x_wconf 92' lang='lat' dir='ltr'><strong>illum</strong></span> <span class='ocrx_word' id='word_1_504' title='bbox 1510 3322 1729 3381; x_wconf 90' lang='lat' dir='ltr'><strong>asseris</strong></span> <span class='ocrx_word' id='word_1_505' title='bbox 1757 3338 1824 3377; x_wconf 88' lang='lat' dir='ltr'><strong>eo</strong></span> <span class='ocrx_word' id='word_1_506' title='bbox 1854 3319 2038 3377; x_wconf 90' lang='lat' dir='ltr'><strong>male-</strong></span> 
     </span>
    </p>
   </div>
   <div class='ocr_carea' id='block_1_70' title="bbox 390 3412 2039 3486">
    <p class='ocr_par' dir='ltr' id='par_1_70' title="bbox 390 3412 2039 3486">
     <span class='ocr_line' id='line_1_70' title="bbox 390 3412 2039 3486; baseline -0.004 -15"><span class='ocrx_word' id='word_1_507' title='bbox 390 3415 655 3472; x_wconf 68' lang='lat' dir='ltr'><strong>dicentis:</strong></span> <span class='ocrx_word' id='word_1_508' title='bbox 684 3414 745 3470; x_wconf 91' lang='lat' dir='ltr'><strong>in</strong></span> <span class='ocrx_word' id='word_1_509' title='bbox 779 3429 872 3469; x_wconf 88' lang='lat' dir='ltr'><strong>me</strong></span> <span class='ocrx_word' id='word_1_510' title='bbox 904 3416 1339 3486; x_wconf 86' lang='lat' dir='ltr'><strong>provectum,ut</strong></span> <span class='ocrx_word' id='word_1_511' title='bbox 1368 3427 1463 3468; x_wconf 89' lang='lat' dir='ltr'><strong>me</strong></span> <span class='ocrx_word' id='word_1_512' title='bbox 1482 3412 1809 3469; x_wconf 88' lang='lat' dir='ltr'><strong>etiamnum</strong></span> <span class='ocrx_word' id='word_1_513' title='bbox 1831 3424 2039 3466; x_wconf 89' lang='lat' dir='ltr'><strong>vocare</strong></span> 
     </span>
    </p>
   </div>
   <div class='ocr_carea' id='block_1_71' title="bbox 390 3498 2038 3576">
    <p class='ocr_par' dir='ltr' id='par_1_71' title="bbox 390 3498 2038 3576">
     <span class='ocr_line' id='line_1_71' title="bbox 390 3498 2038 3576; baseline -0.007 -12"><span class='ocrx_word' id='word_1_514' title='bbox 390 3525 506 3564; x_wconf 89' lang='lat' dir='ltr'><strong>non</strong></span> <span class='ocrx_word' id='word_1_515' title='bbox 529 3506 763 3562; x_wconf 89' lang='lat' dir='ltr'><strong>dubitet</strong></span> <span class='ocrx_word' id='word_1_516' title='bbox 785 3503 1137 3576; x_wconf 88' lang='lat' dir='ltr'><strong>parricidam</strong></span> <span class='ocrx_word' id='word_1_517' title='bbox 1163 3522 1180 3575; x_wconf 84' lang='lat'><strong>;</strong></span> <span class='ocrx_word' id='word_1_518' title='bbox 1211 3502 1353 3575; x_wconf 91' lang='lat' dir='ltr'><strong>quia</strong></span> <span class='ocrx_word' id='word_1_519' title='bbox 1370 3502 1641 3560; x_wconf 90' lang='lat' dir='ltr'><strong>videlicet</strong></span> <span class='ocrx_word' id='word_1_520' title='bbox 1661 3517 1799 3574; x_wconf 88' lang='lat' dir='ltr'><strong>erga</strong></span> <span class='ocrx_word' id='word_1_521' title='bbox 1815 3498 2038 3573; x_wconf 87' lang='lat' dir='ltr'><strong>patrios</strong></span> 
     </span>
    </p>
   </div>
   <div class='ocr_carea' id='block_1_72' title="bbox 389 3589 2034 3665">
    <p class='ocr_par' dir='ltr' id='par_1_72' title="bbox 389 3589 2034 3665">
     <span class='ocr_line' id='line_1_72' title="bbox 389 3589 2034 3665; baseline -0.007 -12"><span class='ocrx_word' id='word_1_522' title='bbox 389 3598 532 3653; x_wconf 89' lang='lat' dir='ltr'><strong>deos</strong></span> <span class='ocrx_word' id='word_1_523' title='bbox 557 3597 630 3651; x_wconf 92' lang='lat' dir='ltr'><strong>ob</strong></span> <span class='ocrx_word' id='word_1_524' title='bbox 657 3594 967 3665; x_wconf 87' lang='lat' dir='ltr'><strong>antiquam</strong></span> <span class='ocrx_word' id='word_1_525' title='bbox 994 3593 1275 3664; x_wconf 81' lang='lat' dir='ltr'><strong>iniuriam</strong></span> <span class='ocrx_word' id='word_1_526' title='bbox 1325 3592 1609 3649; x_wconf 83' lang='lat' dir='ltr'><strong>malevolo</strong></span> <span class='ocrx_word' id='word_1_527' title='bbox 1657 3589 1771 3647; x_wconf 86' lang='lat' dir='ltr'><strong>sim</strong></span> <span class='ocrx_word' id='word_1_528' title='bbox 1820 3589 2034 3645; x_wconf 89' lang='lat' dir='ltr'><strong>animo.</strong></span> 
     </span>
    </p>
   </div>
   <div class='ocr_carea' id='block_1_73' title="bbox 391 3674 2038 3757">
    <p class='ocr_par' dir='ltr' id='par_1_73' title="bbox 391 3674 2038 3757">
     <span class='ocr_line' id='line_1_73' title="bbox 391 3674 2038 3757; baseline -0.006 -16"><span class='ocrx_word' id='word_1_529' title='bbox 391 3682 647 3757; x_wconf 89' lang='lat' dir='ltr'><strong>Sugillat</strong></span> <span class='ocrx_word' id='word_1_530' title='bbox 686 3699 895 3738; x_wconf 88' lang='lat' dir='ltr'><strong>rursus</strong></span> <span class='ocrx_word' id='word_1_531' title='bbox 942 3681 1111 3751; x_wconf 91' lang='lat' dir='ltr'><strong>illud,</strong></span> <span class='ocrx_word' id='word_1_532' title='bbox 1159 3682 1317 3754; x_wconf 87' lang='lat' dir='ltr'><strong>quod</strong></span> <span class='ocrx_word' id='word_1_533' title='bbox 1367 3682 1700 3737; x_wconf 64' lang='lat' dir='ltr'><strong>Grecorum</strong></span> <span class='ocrx_word' id='word_1_534' title='bbox 1744 3674 2038 3750; x_wconf 85' lang='lat' dir='ltr'><strong>dogmatis</strong></span> 
     </span>
    </p>
   </div>
   <div class='ocr_carea' id='block_1_74' title="bbox 390 3765 2037 3842">
    <p class='ocr_par' dir='ltr' id='par_1_74' title="bbox 390 3765 2037 3842">
     <span class='ocr_line' id='line_1_74' title="bbox 390 3765 2037 3842; baseline -0.009 -10"><span class='ocrx_word' id='word_1_535' title='bbox 390 3776 671 3832; x_wconf 89' lang='lat' dir='ltr'><strong>adversus</strong></span> <span class='ocrx_word' id='word_1_536' title='bbox 702 3773 931 3829; x_wconf 71' lang='lat' dir='ltr'><strong>Graecos</strong></span> <span class='ocrx_word' id='word_1_537' title='bbox 954 3771 1065 3828; x_wconf 91' lang='lat' dir='ltr'><strong>sim</strong></span> <span class='ocrx_word' id='word_1_538' title='bbox 1084 3770 1511 3842; x_wconf 88' lang='lat' dir='ltr'><strong>abusus.Atqui</strong></span> <span class='ocrx_word' id='word_1_539' title='bbox 1530 3785 1650 3842; x_wconf 92' lang='lat' dir='ltr'><strong>quo</strong></span> <span class='ocrx_word' id='word_1_540' title='bbox 1671 3784 1766 3823; x_wconf 90' lang='lat' dir='ltr'><strong>me</strong></span> <span class='ocrx_word' id='word_1_541' title='bbox 1797 3765 2037 3821; x_wconf 88' lang='lat' dir='ltr'><strong>nomine</strong></span> 
     </span>
    </p>
   </div>
   <div class='ocr_carea' id='block_1_75' title="bbox 388 3852 2041 3933">
    <p class='ocr_par' dir='ltr' id='par_1_75' title="bbox 388 3852 2041 3933">
     <span class='ocr_line' id='line_1_75' title="bbox 388 3852 2041 3933; baseline -0.008 -13"><span class='ocrx_word' id='word_1_542' title='bbox 388 3864 449 3921; x_wconf 90' lang='lat' dir='ltr'><strong>in</strong></span> <span class='ocrx_word' id='word_1_543' title='bbox 474 3863 576 3933; x_wconf 85' lang='lat' dir='ltr'><strong>jus</strong></span> <span class='ocrx_word' id='word_1_544' title='bbox 609 3865 793 3931; x_wconf 81' lang='lat' dir='ltr'><strong>vocat,</strong></span> <span class='ocrx_word' id='word_1_545' title='bbox 817 3862 926 3918; x_wconf 92' lang='lat' dir='ltr'><strong>hoc</strong></span> <span class='ocrx_word' id='word_1_546' title='bbox 974 3859 1103 3933; x_wconf 90' lang='lat' dir='ltr'><strong>ipso</strong></span> <span class='ocrx_word' id='word_1_547' title='bbox 1154 3856 1824 3929; x_wconf 25' lang='lat' dir='ltr'><strong>conveniebatrjustius,</strong></span> <span class='ocrx_word' id='word_1_548' title='bbox 1856 3852 1944 3908; x_wconf 90' lang='lat' dir='ltr'><strong>illi</strong></span> <span class='ocrx_word' id='word_1_549' title='bbox 1975 3855 2041 3908; x_wconf 90' lang='lat' dir='ltr'><strong>ut</strong></span> 
     </span>
    </p>
   </div>
   <div class='ocr_carea' id='block_1_76' title="bbox 389 3947 2039 4019">
    <p class='ocr_par' dir='ltr' id='par_1_76' title="bbox 389 3947 2039 4019">
     <span class='ocr_line' id='line_1_76' title="bbox 389 3947 2039 4019; baseline -0.008 -7"><span class='ocrx_word' id='word_1_550' title='bbox 389 3956 773 4012; x_wconf 84' lang='lat' dir='ltr'><strong>inscriberem</strong></span> <span class='ocrx_word' id='word_1_551' title='bbox 804 3953 1021 4011; x_wconf 90' lang='lat' dir='ltr'><strong>dicam.</strong></span> <span class='ocrx_word' id='word_1_552' title='bbox 1053 3953 1234 4009; x_wconf 71' lang='lat' dir='ltr'><strong>Graeci</strong></span> <span class='ocrx_word' id='word_1_553' title='bbox 1261 3951 1478 4009; x_wconf 89' lang='lat' dir='ltr'><strong>etenim</strong></span> <span class='ocrx_word' id='word_1_554' title='bbox 1509 3947 1784 4018; x_wconf 83' lang='lat' dir='ltr'><strong>maxime,</strong></span> <span class='ocrx_word' id='word_1_555' title='bbox 1815 3960 2039 4019; x_wconf 72' lang='lat' dir='ltr'><strong>praepo-</strong></span> 
     </span>
    </p>
   </div>
   <div class='ocr_carea' id='block_1_77' title="bbox 387 4033 2037 4117">
    <p class='ocr_par' dir='ltr' id='par_1_77' title="bbox 387 4033 2037 4117">
     <span class='ocr_line' id='line_1_77' title="bbox 387 4033 2037 4117; baseline -0.007 -15"><span class='ocrx_word' id='word_1_556' title='bbox 387 4050 561 4116; x_wconf 87' lang='lat' dir='ltr'><strong>stere,</strong></span> <span class='ocrx_word' id='word_1_557' title='bbox 612 4045 732 4101; x_wconf 91' lang='lat' dir='ltr'><strong>imo</strong></span> <span class='ocrx_word' id='word_1_558' title='bbox 781 4044 1043 4117; x_wconf 85' lang='lat' dir='ltr'><strong>profane,</strong></span> <span class='ocrx_word' id='word_1_559' title='bbox 1084 4041 1286 4097; x_wconf 81' lang='lat' dir='ltr'><strong>divina</strong></span> <span class='ocrx_word' id='word_1_560' title='bbox 1334 4037 1627 4111; x_wconf 88' lang='lat' dir='ltr'><strong>sapientia</strong></span> <span class='ocrx_word' id='word_1_561' title='bbox 1674 4033 1845 4092; x_wconf 89' lang='lat' dir='ltr'><strong>abusi</strong></span> <span class='ocrx_word' id='word_1_562' title='bbox 1875 4036 2037 4091; x_wconf 86' lang='lat' dir='ltr'><strong>sunt.</strong></span> 
     </span>
    </p>
   </div>
   <div class='ocr_carea' id='block_1_78' title="bbox 262 4134 2040 4216">
    <p class='ocr_par' dir='ltr' id='par_1_78' title="bbox 262 4134 2040 4216">
     <span class='ocr_line' id='line_1_78' title="bbox 262 4134 2040 4216; baseline -0.008 -13"><span class='ocrx_word' id='word_1_563' title='bbox 262 4178 273 4185; x_wconf 62' lang='grc' dir='ltr'><em>ι</em></span> <span class='ocrx_word' id='word_1_564' title='bbox 384 4145 530 4201; x_wconf 86' lang='lat' dir='ltr'><strong>Nam</strong></span> <span class='ocrx_word' id='word_1_565' title='bbox 564 4142 801 4216; x_wconf 89' lang='lat' dir='ltr'><strong>quando</strong></span> <span class='ocrx_word' id='word_1_566' title='bbox 833 4138 1143 4198; x_wconf 90' lang='lat' dir='ltr'><strong>scientiam</strong></span> <span class='ocrx_word' id='word_1_567' title='bbox 1176 4138 1247 4193; x_wconf 89' lang='lat' dir='ltr'><strong>ab</strong></span> <span class='ocrx_word' id='word_1_568' title='bbox 1279 4137 1409 4210; x_wconf 90' lang='lat' dir='ltr'><strong>ipso</strong></span> <span class='ocrx_word' id='word_1_569' title='bbox 1440 4136 1558 4194; x_wconf 92' lang='lat' dir='ltr'><strong>Deo</strong></span> <span class='ocrx_word' id='word_1_570' title='bbox 1587 4136 1939 4206; x_wconf 90' lang='lat' dir='ltr'><strong>acceperunt</strong></span> <span class='ocrx_word' id='word_1_571' title='bbox 1973 4134 2040 4188; x_wconf 89' lang='lat' dir='ltr'><strong>ut</strong></span> 
     </span>
    </p>
   </div>
   <div class='ocr_carea' id='block_1_79' title="bbox 390 4220 2038 4303">
    <p class='ocr_par' dir='ltr' id='par_1_79' title="bbox 390 4220 2038 4303">
     <span class='ocr_line' id='line_1_79' title="bbox 390 4220 2038 4303; baseline -0.008 -13"><span class='ocrx_word' id='word_1_572' title='bbox 390 4239 573 4290; x_wconf 89' lang='lat' dir='ltr'><strong>Deum</strong></span> <span class='ocrx_word' id='word_1_573' title='bbox 605 4232 1022 4303; x_wconf 81' lang='lat' dir='ltr'><strong>glorificarent,</strong></span> <span class='ocrx_word' id='word_1_574' title='bbox 1054 4227 1198 4284; x_wconf 90' lang='lat' dir='ltr'><strong>adeo</strong></span> <span class='ocrx_word' id='word_1_575' title='bbox 1226 4243 1341 4283; x_wconf 92' lang='lat' dir='ltr'><strong>non</strong></span> <span class='ocrx_word' id='word_1_576' title='bbox 1368 4225 1957 4299; x_wconf 83' lang='lat' dir='ltr'><strong>gloriﬁcaverunt,ut,</strong></span> <span class='ocrx_word' id='word_1_577' title='bbox 1976 4220 2038 4277; x_wconf 89' lang='lat' dir='ltr'><strong>in</strong></span> 
     </span>
    </p>
   </div>
   <div class='ocr_carea' id='block_1_80' title="bbox 383 4312 2041 4393">
    <p class='ocr_par' dir='ltr' id='par_1_80' title="bbox 383 4312 2041 4393">
     <span class='ocr_line' id='line_1_80' title="bbox 383 4312 2041 4393; baseline -0.007 -16"><span class='ocrx_word' id='word_1_578' title='bbox 383 4321 579 4378; x_wconf 89' lang='lat' dir='ltr'><strong>varios</strong></span> <span class='ocrx_word' id='word_1_579' title='bbox 612 4319 873 4393; x_wconf 88' lang='lat' dir='ltr'><strong>prolapsi</strong></span> <span class='ocrx_word' id='word_1_580' title='bbox 904 4316 1233 4386; x_wconf 89' lang='lat' dir='ltr'><strong>errores,ad</strong></span> <span class='ocrx_word' id='word_1_581' title='bbox 1256 4332 1460 4373; x_wconf 92' lang='lat' dir='ltr'><strong>eorum</strong></span> <span class='ocrx_word' id='word_1_582' title='bbox 1484 4312 1827 4371; x_wconf 83' lang='lat' dir='ltr'><strong>deflexerint</strong></span> <span class='ocrx_word' id='word_1_583' title='bbox 1856 4313 2041 4367; x_wconf 87' lang='lat' dir='ltr'><strong>cultu-</strong></span> 
     </span>
    </p>
   </div>
   <div class='ocr_carea' id='block_1_81' title="bbox 390 4400 2037 4483">
    <p class='ocr_par' dir='ltr' id='par_1_81' title="bbox 390 4400 2037 4483">
     <span class='ocr_line' id='line_1_81' title="bbox 390 4400 2037 4483; baseline -0.007 -16"><span class='ocrx_word' id='word_1_584' title='bbox 390 4427 539 4480; x_wconf 85' lang='lat' dir='ltr'><strong>ram,</strong></span> <span class='ocrx_word' id='word_1_585' title='bbox 574 4408 676 4483; x_wconf 87' lang='lat' dir='ltr'><strong>qui</strong></span> <span class='ocrx_word' id='word_1_586' title='bbox 705 4408 786 4465; x_wconf 90' lang='lat' dir='ltr'><strong>dii</strong></span> <span class='ocrx_word' id='word_1_587' title='bbox 818 4425 934 4464; x_wconf 92' lang='lat' dir='ltr'><strong>non</strong></span> <span class='ocrx_word' id='word_1_588' title='bbox 964 4410 1124 4463; x_wconf 88' lang='lat' dir='ltr'><strong>sunt.</strong></span> <span class='ocrx_word' id='word_1_589' title='bbox 1159 4405 1400 4462; x_wconf 88' lang='lat' dir='ltr'><strong>Interim</strong></span> <span class='ocrx_word' id='word_1_590' title='bbox 1432 4404 1641 4461; x_wconf 89' lang='lat' dir='ltr'><strong>omitto</strong></span> <span class='ocrx_word' id='word_1_591' title='bbox 1672 4400 2037 4458; x_wconf 85' lang='lat' dir='ltr'><strong>numerosis-</strong></span> 
     </span>
    </p>
   </div>
   <div class='ocr_carea' id='block_1_82' title="bbox 389 4490 2040 4570">
    <p class='ocr_par' dir='ltr' id='par_1_82' title="bbox 389 4490 2040 4570">
     <span class='ocr_line' id='line_1_82' title="bbox 389 4490 2040 4570; baseline -0.008 -12"><span class='ocrx_word' id='word_1_592' title='bbox 389 4501 554 4558; x_wconf 71' lang='lat' dir='ltr'><strong>simae</strong></span> <span class='ocrx_word' id='word_1_593' title='bbox 588 4497 995 4556; x_wconf 88' lang='lat' dir='ltr'><strong>multitudinis</strong></span> <span class='ocrx_word' id='word_1_594' title='bbox 1027 4495 1366 4570; x_wconf 88' lang='lat' dir='ltr'><strong>opinionem</strong></span> <span class='ocrx_word' id='word_1_595' title='bbox 1401 4509 1605 4551; x_wconf 86' lang='lat' dir='ltr'><strong>eorum</strong></span> <span class='ocrx_word' id='word_1_596' title='bbox 1626 4490 2040 4564; x_wconf 85' lang='lat' dir='ltr'><strong>qui,concretas</strong></span> 
     </span>
    </p>
   </div>
   <div class='ocr_carea' id='block_1_83' title="bbox 2149 3318 3811 3397">
    <p class='ocr_par' dir='ltr' id='par_1_83' title="bbox 2149 3318 3811 3397">
     <span class='ocr_line' id='line_1_83' title="bbox 2149 3318 3811 3397; baseline 0.002 -22"><span class='ocrx_word' id='word_1_597' title='bbox 2149 3318 2322 3395; x_wconf 78' lang='grc' dir='ltr'>στολῇ</span> <span class='ocrx_word' id='word_1_598' title='bbox 2357 3340 2368 3354; x_wconf 91' lang='grc'><strong>⁸</strong></span> <span class='ocrx_word' id='word_1_599' title='bbox 2405 3318 2592 3391; x_wconf 67' lang='grc' dir='ltr'>ἔπειδή</span> <span class='ocrx_word' id='word_1_600' title='bbox 2618 3323 2718 3397; x_wconf 86' lang='grc' dir='ltr'><strong>γάρ</strong></span> <span class='ocrx_word' id='word_1_601' title='bbox 2755 3321 2806 3377; x_wconf 84' lang='grc' dir='ltr'><strong>έν</strong></span> <span class='ocrx_word' id='word_1_602' title='bbox 2838 3325 2906 3396; x_wconf 77' lang='grc' dir='ltr'><strong>τῇ</strong></span> <span class='ocrx_word' id='word_1_603' title='bbox 2940 3322 3103 3397; x_wconf 80' lang='grc' dir='ltr'>σοφίᾳ</span> <span class='ocrx_word' id='word_1_604' title='bbox 3131 3327 3228 3377; x_wconf 86' lang='grc' dir='ltr'><strong>τοῦ</strong></span> <span class='ocrx_word' id='word_1_605' title='bbox 3260 3328 3396 3379; x_wconf 84' lang='grc' dir='ltr'>Θεοῦ</span> <span class='ocrx_word' id='word_1_606' title='bbox 3444 3322 3543 3378; x_wconf 76' lang='grc' dir='ltr'><strong>οὐκ</strong></span> <span class='ocrx_word' id='word_1_607' title='bbox 3590 3319 3726 3397; x_wconf 78' lang='grc' dir='ltr'>ἔγνω</span> <span class='ocrx_word' id='word_1_608' title='bbox 3781 3324 3811 3379; x_wconf 82' lang='grc' dir='ltr'><strong>ὁ</strong></span> 
     </span>
    </p>
   </div>
   <div class='ocr_carea' id='block_1_84' title="bbox 2106 3407 3809 3495">
    <p class='ocr_par' dir='ltr' id='par_1_84' title="bbox 2106 3407 3809 3495">
     <span class='ocr_line' id='line_1_84' title="bbox 2106 3407 3809 3495; baseline 0 -30"><span class='ocrx_word' id='word_1_609' title='bbox 2106 3486 2109 3495; x_wconf 12' lang='grc' dir='ltr'>ἶ</span> <span class='ocrx_word' id='word_1_610' title='bbox 2145 3409 2353 3484; x_wconf 84' lang='grc' dir='ltr'>κόσμος</span> <span class='ocrx_word' id='word_1_611' title='bbox 2384 3407 2474 3465; x_wconf 70' lang='grc' dir='ltr'><strong>διὰ</strong></span> <span class='ocrx_word' id='word_1_612' title='bbox 2502 3417 2601 3481; x_wconf 88' lang='grc' dir='ltr'><strong>τῆς</strong></span> <span class='ocrx_word' id='word_1_613' title='bbox 2634 3411 2825 3489; x_wconf 84' lang='grc' dir='ltr'>σοφίας</span> <span class='ocrx_word' id='word_1_614' title='bbox 2851 3412 2943 3467; x_wconf 88' lang='grc' dir='ltr'><strong>τὸν</strong></span> <span class='ocrx_word' id='word_1_615' title='bbox 2976 3411 3131 3482; x_wconf 83' lang='grc' dir='ltr'>Θεὸν,</span> <span class='ocrx_word' id='word_1_616' title='bbox 3162 3413 3406 3467; x_wconf 75' lang='grc' dir='ltr'>τουτέστι</span> <span class='ocrx_word' id='word_1_617' title='bbox 3451 3418 3551 3483; x_wconf 84' lang='grc' dir='ltr'><strong>τῆς</strong></span> <span class='ocrx_word' id='word_1_618' title='bbox 3605 3410 3809 3489; x_wconf 69' lang='grc' dir='ltr'>ἐμφαι-</span> 
     </span>
    </p>
   </div>
   <div class='ocr_carea' id='block_1_85' title="bbox 2143 3498 3807 3578">
    <p class='ocr_par' dir='ltr' id='par_1_85' title="bbox 2143 3498 3807 3578">
     <span class='ocr_line' id='line_1_85' title="bbox 2143 3498 3807 3578; baseline 0 -23"><span class='ocrx_word' id='word_1_619' title='bbox 2143 3500 2382 3573; x_wconf 86' lang='grc' dir='ltr'>νομένης</span> <span class='ocrx_word' id='word_1_620' title='bbox 2436 3504 2515 3571; x_wconf 81' lang='grc' dir='ltr'>τῷ</span> <span class='ocrx_word' id='word_1_621' title='bbox 2590 3498 2899 3573; x_wconf 82' lang='grc' dir='ltr'>έναρμονίῳ</span> <span class='ocrx_word' id='word_1_622' title='bbox 2969 3502 3059 3556; x_wconf 82' lang='grc' dir='ltr'><strong>καὶ</strong></span> <span class='ocrx_word' id='word_1_623' title='bbox 3126 3499 3436 3578; x_wconf 85' lang='grc' dir='ltr'>τεταγμένῳ</span> <span class='ocrx_word' id='word_1_624' title='bbox 3510 3508 3611 3570; x_wconf 79' lang='grc' dir='ltr'><strong>τῆς</strong></span> <span class='ocrx_word' id='word_1_625' title='bbox 3681 3501 3807 3556; x_wconf 82' lang='grc' dir='ltr'>κτί-</span> 
     </span>
    </p>
   </div>
   <div class='ocr_carea' id='block_1_86' title="bbox 2147 3586 3807 3667">
    <p class='ocr_par' dir='ltr' id='par_1_86' title="bbox 2147 3586 3807 3667">
     <span class='ocr_line' id='line_1_86' title="bbox 2147 3586 3807 3667; baseline 0.002 -25"><span class='ocrx_word' id='word_1_626' title='bbox 2147 3608 2281 3650; x_wconf 88' lang='grc' dir='ltr'>σεως</span> <span class='ocrx_word' id='word_1_627' title='bbox 2317 3590 2451 3661; x_wconf 81' lang='grc'><strong>(65).</strong></span> <span class='ocrx_word' id='word_1_628' title='bbox 2485 3588 2583 3643; x_wconf 81' lang='grc' dir='ltr'>Καὶ</span> <span class='ocrx_word' id='word_1_629' title='bbox 2636 3586 2725 3644; x_wconf 79' lang='grc' dir='ltr'>’ίνα</span> <span class='ocrx_word' id='word_1_630' title='bbox 2779 3590 2857 3662; x_wconf 74' lang='grc' dir='ltr'><strong>μὴ</strong></span> <span class='ocrx_word' id='word_1_631' title='bbox 2915 3589 3143 3653; x_wconf 79' lang='grc' dir='ltr'>τούτους</span> <span class='ocrx_word' id='word_1_632' title='bbox 3190 3587 3484 3667; x_wconf 80' lang='grc' dir='ltr'>έλέγχοιμι</span> <span class='ocrx_word' id='word_1_633' title='bbox 3538 3590 3685 3666; x_wconf 77' lang='grc' dir='ltr'>παρά</span> <span class='ocrx_word' id='word_1_634' title='bbox 3738 3589 3807 3645; x_wconf 88' lang='grc' dir='ltr'><strong>τὸ</strong></span> 
     </span>
    </p>
   </div>
   <div class='ocr_carea' id='block_1_87' title="bbox 2146 3672 3809 3753">
    <p class='ocr_par' dir='ltr' id='par_1_87' title="bbox 2146 3672 3809 3753">
     <span class='ocr_line' id='line_1_87' title="bbox 2146 3672 3809 3753; baseline 0.002 -23"><span class='ocrx_word' id='word_1_635' title='bbox 2146 3672 2302 3746; x_wconf 80' lang='grc' dir='ltr'>δόξαν</span> <span class='ocrx_word' id='word_1_636' title='bbox 2332 3674 2455 3750; x_wconf 74' lang='grc' dir='ltr'>ἐμοὶ</span> <span class='ocrx_word' id='word_1_637' title='bbox 2487 3678 2752 3753; x_wconf 77' lang='grc' dir='ltr'>ἀρχῆθεν,</span> <span class='ocrx_word' id='word_1_638' title='bbox 2783 3679 2871 3734; x_wconf 86' lang='grc' dir='ltr'><strong>καὶ</strong></span> <span class='ocrx_word' id='word_1_639' title='bbox 2926 3678 3017 3734; x_wconf 88' lang='grc' dir='ltr'><strong>τὸν</strong></span> <span class='ocrx_word' id='word_1_640' title='bbox 3069 3678 3271 3735; x_wconf 85' lang='grc' dir='ltr'>σκοπὸν</span> <span class='ocrx_word' id='word_1_641' title='bbox 3323 3677 3394 3734; x_wconf 80' lang='grc' dir='ltr'><strong>δι’</strong></span> <span class='ocrx_word' id='word_1_642' title='bbox 3424 3679 3482 3734; x_wconf 80' lang='grc' dir='ltr'>’ὸν</span> <span class='ocrx_word' id='word_1_643' title='bbox 3513 3675 3635 3735; x_wconf 71' lang='grc' dir='ltr'>οὔτε</span> <span class='ocrx_word' id='word_1_644' title='bbox 3665 3677 3809 3734; x_wconf 81' lang='grc' dir='ltr'>κατᾶ</span> 
     </span>
    </p>
   </div>
   <div class='ocr_carea' id='block_1_88' title="bbox 2145 3763 3810 3845">
    <p class='ocr_par' dir='ltr' id='par_1_88' title="bbox 2145 3763 3810 3845">
     <span class='ocr_line' id='line_1_88' title="bbox 2145 3763 3810 3845; baseline 0 -23"><span class='ocrx_word' id='word_1_645' title='bbox 2145 3764 2451 3835; x_wconf 87' lang='grc' dir='ltr'>Ἑλλήνων,</span> <span class='ocrx_word' id='word_1_646' title='bbox 2484 3763 2608 3821; x_wconf 61' lang='grc' dir='ltr'>οὔτε</span> <span class='ocrx_word' id='word_1_647' title='bbox 2644 3768 2765 3832; x_wconf 83' lang='grc' dir='ltr'>καθ’</span> <span class='ocrx_word' id='word_1_648' title='bbox 2791 3765 2987 3845; x_wconf 67' lang='grc' dir='ltr'>ἑτέρων</span> <span class='ocrx_word' id='word_1_649' title='bbox 3050 3769 3377 3845; x_wconf 74' lang='grc' dir='ltr'>συνέγραψα,</span> <span class='ocrx_word' id='word_1_650' title='bbox 3412 3765 3519 3824; x_wconf 78' lang='grc' dir='ltr'>ἔδει</span> <span class='ocrx_word' id='word_1_651' title='bbox 3567 3765 3810 3824; x_wconf 84' lang='grc' dir='ltr'>συνιδεῖν</span> 
     </span>
    </p>
   </div>
   <div class='ocr_carea' id='block_1_89' title="bbox 2145 3860 3817 3943">
    <p class='ocr_par' dir='ltr' id='par_1_89' title="bbox 2145 3860 3817 3943">
     <span class='ocr_line' id='line_1_89' title="bbox 2145 3860 3817 3943; baseline 0.004 -28"><span class='ocrx_word' id='word_1_652' title='bbox 2145 3862 2310 3938; x_wconf 86' lang='grc' dir='ltr'>σοφὸν</span> <span class='ocrx_word' id='word_1_653' title='bbox 2342 3862 2433 3918; x_wconf 88' lang='grc' dir='ltr'><strong>τὸν</strong></span> <span class='ocrx_word' id='word_1_654' title='bbox 2453 3860 2843 3942; x_wconf 67' lang='grc' dir='ltr'>Ἀπολλοφάνη</span> <span class='ocrx_word' id='word_1_655' title='bbox 2877 3860 3026 3937; x_wconf 74' lang='grc' dir='ltr'>ὄντα,</span> <span class='ocrx_word' id='word_1_656' title='bbox 3053 3867 3130 3939; x_wconf 78' lang='grc' dir='ltr'>μὴ</span> <span class='ocrx_word' id='word_1_657' title='bbox 3167 3864 3226 3921; x_wconf 71' lang='grc' dir='ltr'><strong>ἃν</strong></span> <span class='ocrx_word' id='word_1_658' title='bbox 3259 3863 3447 3928; x_wconf 73' lang='grc' dir='ltr'>ἄλλως</span> <span class='ocrx_word' id='word_1_659' title='bbox 3478 3862 3705 3921; x_wconf 82' lang='grc' dir='ltr'>δυνατὸν</span> <span class='ocrx_word' id='word_1_660' title='bbox 3727 3888 3817 3943; x_wconf 86' lang='grc' dir='ltr'>γε·</span> 
     </span>
    </p>
   </div>
   <div class='ocr_carea' id='block_1_90' title="bbox 2145 3951 3811 4028">
    <p class='ocr_par' dir='ltr' id='par_1_90' title="bbox 2145 3951 3811 4028">
     <span class='ocr_line' id='line_1_90' title="bbox 2145 3951 3811 4028; baseline 0.002 -23"><span class='ocrx_word' id='word_1_661' title='bbox 2145 3951 2325 4016; x_wconf 83' lang='grc' dir='ltr'>νέσθαι</span> <span class='ocrx_word' id='word_1_662' title='bbox 2356 3954 2773 4027; x_wconf 82' lang='grc' dir='ltr'>παρατραπῆναί</span> <span class='ocrx_word' id='word_1_663' title='bbox 2804 3975 2855 4009; x_wconf 91' lang='grc' dir='ltr'><strong>τι</strong></span> <span class='ocrx_word' id='word_1_664' title='bbox 2884 3961 2987 4025; x_wconf 90' lang='grc' dir='ltr'><strong>τῆς</strong></span> <span class='ocrx_word' id='word_1_665' title='bbox 3020 3952 3160 4018; x_wconf 75' lang='grc' dir='ltr'>ἰδίας</span> <span class='ocrx_word' id='word_1_666' title='bbox 3205 3955 3429 4026; x_wconf 82' lang='grc' dir='ltr'>τάξεως,</span> <span class='ocrx_word' id='word_1_667' title='bbox 3462 3953 3513 4010; x_wconf 71' lang='grc' dir='ltr'>εἴ</span> <span class='ocrx_word' id='word_1_668' title='bbox 3564 3955 3642 4028; x_wconf 81' lang='grc' dir='ltr'><strong>μῆ</strong></span> <span class='ocrx_word' id='word_1_669' title='bbox 3696 3954 3811 4011; x_wconf 80' lang='grc' dir='ltr'>έκί-</span> 
     </span>
    </p>
   </div>
   <div class='ocr_carea' id='block_1_91' title="bbox 2144 4039 3812 4120">
    <p class='ocr_par' dir='ltr' id='par_1_91' title="bbox 2144 4039 3812 4120">
     <span class='ocr_line' id='line_1_91' title="bbox 2144 4039 3812 4120; baseline 0.001 -24"><span class='ocrx_word' id='word_1_670' title='bbox 2144 4061 2307 4111; x_wconf 81' lang='grc' dir='ltr'>νησεν</span> <span class='ocrx_word' id='word_1_671' title='bbox 2341 4040 2415 4104; x_wconf 79' lang='grc' dir='ltr'>εἷς</span> <span class='ocrx_word' id='word_1_672' title='bbox 2444 4045 2607 4097; x_wconf 86' lang='grc' dir='ltr'>τοῦτο</span> <span class='ocrx_word' id='word_1_673' title='bbox 2638 4042 2665 4096; x_wconf 87' lang='grc' dir='ltr'>ὁ</span> <span class='ocrx_word' id='word_1_674' title='bbox 2699 4039 2873 4107; x_wconf 75' lang='grc' dir='ltr'>αἶ’τιος</span> <span class='ocrx_word' id='word_1_675' title='bbox 2906 4044 2995 4099; x_wconf 84' lang='grc' dir='ltr'>καὶ</span> <span class='ocrx_word' id='word_1_676' title='bbox 3046 4043 3312 4120; x_wconf 71' lang='grc' dir='ltr'>συνοχεὸς</span> <span class='ocrx_word' id='word_1_677' title='bbox 3364 4045 3557 4115; x_wconf 80' lang='grc' dir='ltr'>αὐτοῦ,</span> <span class='ocrx_word' id='word_1_678' title='bbox 3592 4044 3669 4106; x_wconf 83' lang='grc' dir='ltr'><strong>ὡς</strong></span> <span class='ocrx_word' id='word_1_679' title='bbox 3719 4043 3812 4099; x_wconf 76' lang='grc' dir='ltr'><strong>ἐπὶ</strong></span> 
     </span>
    </p>
   </div>
   <div class='ocr_carea' id='block_1_92' title="bbox 2148 4131 3808 4210">
    <p class='ocr_par' dir='ltr' id='par_1_92' title="bbox 2148 4131 3808 4210">
     <span class='ocr_line' id='line_1_92' title="bbox 2148 4131 3808 4210; baseline -0.001 -22"><span class='ocrx_word' id='word_1_680' title='bbox 2148 4131 2330 4201; x_wconf 89' lang='grc' dir='ltr'><strong>Ἰησοῦ</strong></span> <span class='ocrx_word' id='word_1_681' title='bbox 2358 4135 2455 4186; x_wconf 88' lang='grc' dir='ltr'><strong>τοῦ</strong></span> <span class='ocrx_word' id='word_1_682' title='bbox 2505 4138 2681 4202; x_wconf 85' lang='grc' dir='ltr'>Ναυῆ,</span> <span class='ocrx_word' id='word_1_683' title='bbox 2709 4131 2798 4188; x_wconf 81' lang='grc' dir='ltr'><strong>καὶ</strong></span> <span class='ocrx_word' id='word_1_684' title='bbox 2846 4137 2944 4188; x_wconf 80' lang='grc' dir='ltr'><strong>τοῦ</strong></span> <span class='ocrx_word' id='word_1_685' title='bbox 3002 4132 3258 4210; x_wconf 85' lang='grc' dir='ltr'>Ἐζεχίου</span> <span class='ocrx_word' id='word_1_686' title='bbox 3315 4132 3531 4210; x_wconf 79' lang='grc' dir='ltr'>έγένετο</span> <span class='ocrx_word' id='word_1_687' title='bbox 3590 4133 3665 4196; x_wconf 80' lang='grc' dir='ltr'><strong>εἰς</strong></span> <span class='ocrx_word' id='word_1_688' title='bbox 3712 4133 3808 4188; x_wconf 86' lang='grc' dir='ltr'><strong>τὸν</strong></span> 
     </span>
    </p>
   </div>
   <div class='ocr_carea' id='block_1_93' title="bbox 2146 4218 3813 4295">
    <p class='ocr_par' dir='ltr' id='par_1_93' title="bbox 2146 4218 3813 4295">
     <span class='ocr_line' id='line_1_93' title="bbox 2146 4218 3813 4295; baseline 0.002 -20"><span class='ocrx_word' id='word_1_689' title='bbox 2146 4218 2307 4289; x_wconf 74' lang='grc' dir='ltr'>ἥλιον</span> <span class='ocrx_word' id='word_1_690' title='bbox 2368 4219 2458 4275; x_wconf 79' lang='grc' dir='ltr'><strong>καὶ</strong></span> <span class='ocrx_word' id='word_1_691' title='bbox 2517 4220 2592 4284; x_wconf 60' lang='grc' dir='ltr'><strong>εἴς</strong></span> <span class='ocrx_word' id='word_1_692' title='bbox 2620 4221 2720 4291; x_wconf 80' lang='grc' dir='ltr'>τὴν</span> <span class='ocrx_word' id='word_1_693' title='bbox 2755 4220 3012 4293; x_wconf 72' lang='grc' dir='ltr'>σελήνῆν.</span> <span class='ocrx_word' id='word_1_694' title='bbox 3048 4224 3202 4286; x_wconf 85' lang='grc' dir='ltr'>Τέως</span> <span class='ocrx_word' id='word_1_695' title='bbox 3235 4220 3293 4278; x_wconf 56' lang='grc' dir='ltr'><strong>δέ</strong></span> <span class='ocrx_word' id='word_1_696' title='bbox 3324 4222 3521 4295; x_wconf 76' lang='grc' dir='ltr'>ἰστέον,</span> <span class='ocrx_word' id='word_1_697' title='bbox 3556 4224 3639 4279; x_wconf 71' lang='grc' dir='ltr'><strong>δτι</strong></span> <span class='ocrx_word' id='word_1_698' title='bbox 3701 4221 3813 4279; x_wconf 81' lang='grc' dir='ltr'>ἀπὸ</span> 
     </span>
    </p>
   </div>
   <div class='ocr_carea' id='block_1_94' title="bbox 2143 4309 3810 4388">
    <p class='ocr_par' dir='ltr' id='par_1_94' title="bbox 2143 4309 3810 4388">
     <span class='ocr_line' id='line_1_94' title="bbox 2143 4309 3810 4388; baseline 0 -21"><span class='ocrx_word' id='word_1_699' title='bbox 2143 4314 2252 4367; x_wconf 84' lang='grc' dir='ltr'><strong>τῶν</strong></span> <span class='ocrx_word' id='word_1_700' title='bbox 2310 4312 2438 4383; x_wconf 86' lang='grc' dir='ltr'>παρ’</span> <span class='ocrx_word' id='word_1_701' title='bbox 2466 4309 2740 4382; x_wconf 82' lang='grc' dir='ltr'>Ἓλλησιν</span> <span class='ocrx_word' id='word_1_702' title='bbox 2772 4310 3238 4388; x_wconf 67' lang='grc' dir='ltr'>ὁμολογουμένων</span> <span class='ocrx_word' id='word_1_703' title='bbox 3265 4312 3364 4382; x_wconf 79' lang='grc' dir='ltr'>τὴν</span> <span class='ocrx_word' id='word_1_704' title='bbox 3410 4309 3648 4384; x_wconf 78' lang='grc' dir='ltr'>διάταξιν</span> <span class='ocrx_word' id='word_1_705' title='bbox 3710 4313 3810 4367; x_wconf 80' lang='grc' dir='ltr'><strong>τοῦ</strong></span> 
     </span>
    </p>
   </div>
   <div class='ocr_carea' id='block_1_95' title="bbox 2148 4398 3816 4481">
    <p class='ocr_par' dir='ltr' id='par_1_95' title="bbox 2148 4398 3816 4481">
     <span class='ocr_line' id='line_1_95' title="bbox 2148 4398 3816 4481; baseline 0.001 -25"><span class='ocrx_word' id='word_1_706' title='bbox 2148 4399 2363 4456; x_wconf 82' lang='grc' dir='ltr'>πάντων</span> <span class='ocrx_word' id='word_1_707' title='bbox 2387 4398 2566 4456; x_wconf 74' lang='grc' dir='ltr'>αῒτίου</span> <span class='ocrx_word' id='word_1_708' title='bbox 2588 4401 2938 4478; x_wconf 85' lang='grc' dir='ltr'>παρατίθεται</span> <span class='ocrx_word' id='word_1_709' title='bbox 2972 4420 2988 4434; x_wconf 92' lang='grc'><strong>⁸</strong></span> <span class='ocrx_word' id='word_1_710' title='bbox 3032 4403 3206 4481; x_wconf 88' lang='grc' dir='ltr'>φήσας</span> <span class='ocrx_word' id='word_1_711' title='bbox 3258 4402 3388 4480; x_wconf 78' lang='grc' dir='ltr'>γὰρ,</span> <span class='ocrx_word' id='word_1_712' title='bbox 3420 4400 3503 4458; x_wconf 75' lang='grc' dir='ltr'><strong>ὅτι</strong></span> <span class='ocrx_word' id='word_1_713' title='bbox 3555 4400 3704 4475; x_wconf 76' lang='grc' dir='ltr'>ἄξιον</span> <span class='ocrx_word' id='word_1_714' title='bbox 3751 4399 3816 4457; x_wconf 76' lang='grc' dir='ltr'><strong>έκ</strong></span> 
     </span>
    </p>
   </div>
   <div class='ocr_carea' id='block_1_96' title="bbox 2147 4487 3816 4567">
    <p class='ocr_par' dir='ltr' id='par_1_96' title="bbox 2147 4487 3816 4567">
     <span class='ocr_line' id='line_1_96' title="bbox 2147 4487 3816 4567; baseline 0 -22"><span class='ocrx_word' id='word_1_715' title='bbox 2147 4488 2345 4545; x_wconf 82' lang='grc' dir='ltr'>τούτου</span> <span class='ocrx_word' id='word_1_716' title='bbox 2395 4487 2690 4565; x_wconf 79' lang='grc' dir='ltr'>ἐπιγνῶναι</span> <span class='ocrx_word' id='word_1_717' title='bbox 2738 4490 2833 4545; x_wconf 90' lang='grc' dir='ltr'><strong>τὸν</strong></span> <span class='ocrx_word' id='word_1_718' title='bbox 2893 4490 3157 4567; x_wconf 76' lang='grc' dir='ltr'>ὁροθέτην</span> <span class='ocrx_word' id='word_1_719' title='bbox 3210 4494 3309 4546; x_wconf 89' lang='grc' dir='ltr'><strong>τοῦ</strong></span> <span class='ocrx_word' id='word_1_720' title='bbox 3337 4491 3537 4553; x_wconf 87' lang='grc' dir='ltr'>παντὸς</span> <span class='ocrx_word' id='word_1_721' title='bbox 3567 4490 3700 4546; x_wconf 88' lang='grc' dir='ltr'>Θεὸν</span> <span class='ocrx_word' id='word_1_722' title='bbox 3750 4488 3816 4545; x_wconf 71' lang='grc' dir='ltr'>ἐκ</span> 
     </span>
    </p>
   </div>
   <div class='ocr_carea' id='block_1_97' title="bbox 390 4577 2040 4661">
    <p class='ocr_par' dir='ltr' id='par_1_97' title="bbox 390 4580 2037 4661">
     <span class='ocr_line' id='line_1_97' title="bbox 390 4580 2037 4661; baseline -0.008 -13"><span class='ocrx_word' id='word_1_723' title='bbox 390 4589 665 4661; x_wconf 73' lang='lat' dir='ltr'><strong>materiae,</strong></span> <span class='ocrx_word' id='word_1_724' title='bbox 696 4588 857 4646; x_wconf 90' lang='lat' dir='ltr'><strong>carni</strong></span> <span class='ocrx_word' id='word_1_725' title='bbox 889 4586 1178 4654; x_wconf 90' lang='lat' dir='ltr'><strong>videlicet,</strong></span> <span class='ocrx_word' id='word_1_726' title='bbox 1206 4585 1696 4651; x_wconf 76' lang='lat' dir='ltr'><strong>adhaerescentes,</strong></span> <span class='ocrx_word' id='word_1_727' title='bbox 1731 4580 2037 4637; x_wconf 84' lang='lat' dir='ltr'><strong>atl‘ectibus</strong></span> 
     </span>
    </p>
   </div>
   <div class='ocr_carea' id='block_1_98' title="bbox 2148 4577 3812 4661">
    <p class='ocr_par' dir='ltr' id='par_1_98' title="bbox 2148 4577 3812 4655">
     <span class='ocr_line' id='line_1_98' title="bbox 2148 4577 3812 4655; baseline -0.001 -20"><span class='ocrx_word' id='word_1_728' title='bbox 2148 4582 2242 4635; x_wconf 90' lang='grc' dir='ltr'><strong>τοῦ</strong></span> <span class='ocrx_word' id='word_1_729' title='bbox 2270 4578 2361 4634; x_wconf 88' lang='grc' dir='ltr'><strong>τὸν</strong></span> <span class='ocrx_word' id='word_1_730' title='bbox 2394 4577 2556 4649; x_wconf 70' lang='grc' dir='ltr'>ἥλιον</span> <span class='ocrx_word' id='word_1_731' title='bbox 2588 4580 2676 4634; x_wconf 84' lang='grc' dir='ltr'><strong>καὶ</strong></span> <span class='ocrx_word' id='word_1_732' title='bbox 2719 4579 2820 4649; x_wconf 77' lang='grc' dir='ltr'><strong>τὴν</strong></span> <span class='ocrx_word' id='word_1_733' title='bbox 2882 4577 3119 4652; x_wconf 75' lang='grc' dir='ltr'>σελήνην</span> <span class='ocrx_word' id='word_1_734' title='bbox 3170 4578 3300 4643; x_wconf 78' lang='grc' dir='ltr'>τοῦς</span> <span class='ocrx_word' id='word_1_735' title='bbox 3354 4578 3812 4655; x_wconf 68' lang='grc' dir='ltr'>διατεταγμένους</span> 
     </span>
    </p>
   </div>
   <div class='ocr_carea' id='block_1_99' title="bbox 392 4670 2037 4755">
    <p class='ocr_par' dir='ltr' id='par_1_99' title="bbox 392 4670 2037 4755">
     <span class='ocr_line' id='line_1_99' title="bbox 392 4670 2037 4755; baseline -0.007 -17"><span class='ocrx_word' id='word_1_736' title='bbox 392 4698 626 4755; x_wconf 87' lang='lat' dir='ltr'><strong>quoque</strong></span> <span class='ocrx_word' id='word_1_737' title='bbox 656 4681 862 4753; x_wconf 89' lang='lat' dir='ltr'><strong>perciti</strong></span> <span class='ocrx_word' id='word_1_738' title='bbox 893 4679 1261 4736; x_wconf 88' lang='lat' dir='ltr'><strong>continenter</strong></span> <span class='ocrx_word' id='word_1_739' title='bbox 1304 4674 1543 4731; x_wconf 85' lang='lat' dir='ltr'><strong>lectioni</strong></span> <span class='ocrx_word' id='word_1_740' title='bbox 1573 4676 1877 4746; x_wconf 89' lang='lat' dir='ltr'><strong>poetarum</strong></span> <span class='ocrx_word' id='word_1_741' title='bbox 1927 4670 2037 4727; x_wconf 88' lang='lat' dir='ltr'><strong>im-</strong></span> 
     </span>
    </p>
   </div>
   <div class='ocr_carea' id='block_1_100' title="bbox 394 4760 2042 4840">
    <p class='ocr_par' dir='ltr' id='par_1_100' title="bbox 394 4760 2042 4840">
     <span class='ocr_line' id='line_1_100' title="bbox 394 4760 2042 4840; baseline -0.007 -13"><span class='ocrx_word' id='word_1_742' title='bbox 394 4775 720 4828; x_wconf 85' lang='lat' dir='ltr'><strong>morantur.</strong></span> <span class='ocrx_word' id='word_1_743' title='bbox 753 4769 844 4826; x_wconf 89' lang='lat' dir='ltr'><strong>Illi</strong></span> <span class='ocrx_word' id='word_1_744' title='bbox 877 4767 1175 4840; x_wconf 85' lang='lat' dir='ltr'><strong>siquidem</strong></span> <span class='ocrx_word' id='word_1_745' title='bbox 1208 4780 1346 4821; x_wconf 91' lang='lat' dir='ltr'><strong>cum</strong></span> <span class='ocrx_word' id='word_1_746' title='bbox 1395 4762 1613 4819; x_wconf 88' lang='lat' dir='ltr'><strong>molem</strong></span> <span class='ocrx_word' id='word_1_747' title='bbox 1661 4761 1813 4817; x_wconf 88' lang='lat' dir='ltr'><strong>hanc</strong></span> <span class='ocrx_word' id='word_1_748' title='bbox 1848 4760 2042 4817; x_wconf 88' lang='lat' dir='ltr'><strong>carnis</strong></span> 
     </span>
    </p>
   </div>
   <div class='ocr_carea' id='block_1_101' title="bbox 393 4849 2040 4933">
    <p class='ocr_par' dir='ltr' id='par_1_101' title="bbox 393 4849 2040 4933">
     <span class='ocr_line' id='line_1_101' title="bbox 393 4849 2040 4933; baseline -0.006 -18"><span class='ocrx_word' id='word_1_749' title='bbox 393 4860 705 4933; x_wconf 90' lang='lat' dir='ltr'><strong>diligerent</strong></span> <span class='ocrx_word' id='word_1_750' title='bbox 750 4857 926 4915; x_wconf 89' lang='lat' dir='ltr'><strong>simul</strong></span> <span class='ocrx_word' id='word_1_751' title='bbox 978 4864 1034 4912; x_wconf 87' lang='lat' dir='ltr'><strong>et</strong></span> <span class='ocrx_word' id='word_1_752' title='bbox 1102 4853 1410 4927; x_wconf 89' lang='lat' dir='ltr'><strong>passiones</strong></span> <span class='ocrx_word' id='word_1_753' title='bbox 1458 4851 1623 4909; x_wconf 89' lang='lat' dir='ltr'><strong>carni</strong></span> <span class='ocrx_word' id='word_1_754' title='bbox 1680 4849 2040 4923; x_wconf 87' lang='lat' dir='ltr'><strong>congenitas,</strong></span> 
     </span>
    </p>
   </div>
   <div class='ocr_carea' id='block_1_102' title="bbox 393 4938 2044 5015">
    <p class='ocr_par' dir='ltr' id='par_1_102' title="bbox 393 4938 2044 5015">
     <span class='ocr_line' id='line_1_102' title="bbox 393 4938 2044 5015; baseline -0.005 -11"><span class='ocrx_word' id='word_1_755' title='bbox 393 4947 830 5005; x_wconf 88' lang='lat' dir='ltr'><strong>commentitias</strong></span> <span class='ocrx_word' id='word_1_756' title='bbox 879 4944 1112 5001; x_wconf 88' lang='lat' dir='ltr'><strong>fabulas</strong></span> <span class='ocrx_word' id='word_1_757' title='bbox 1169 4946 1476 5015; x_wconf 88' lang='lat' dir='ltr'><strong>poetarum</strong></span> <span class='ocrx_word' id='word_1_758' title='bbox 1520 4940 1704 4997; x_wconf 86' lang='lat' dir='ltr'><strong>nimio</strong></span> <span class='ocrx_word' id='word_1_759' title='bbox 1755 4938 2044 5013; x_wconf 83' lang='lat' dir='ltr'><strong>complexi</strong></span> 
     </span>
    </p>
   </div>
   <div class='ocr_carea' id='block_1_103' title="bbox 395 5029 2041 5104">
    <p class='ocr_par' dir='ltr' id='par_1_103' title="bbox 395 5029 2041 5104">
     <span class='ocr_line' id='line_1_103' title="bbox 395 5029 2041 5104; baseline -0.005 -11"><span class='ocrx_word' id='word_1_760' title='bbox 395 5054 611 5104; x_wconf 87' lang='lat' dir='ltr'><strong>amore,</strong></span> <span class='ocrx_word' id='word_1_761' title='bbox 640 5037 881 5093; x_wconf 89' lang='lat' dir='ltr'><strong>illorum</strong></span> <span class='ocrx_word' id='word_1_762' title='bbox 910 5031 1149 5090; x_wconf 88' lang='lat' dir='ltr'><strong>lectioni</strong></span> <span class='ocrx_word' id='word_1_763' title='bbox 1178 5030 1355 5086; x_wconf 82' lang='lat' dir='ltr'><strong>ﬁxius</strong></span> <span class='ocrx_word' id='word_1_764' title='bbox 1384 5029 2041 5098; x_wconf 68' lang='lat' dir='ltr'><strong>inhaeserunt,asseren-</strong></span> 
     </span>
    </p>
   </div>
   <div class='ocr_carea' id='block_1_104' title="bbox 392 5116 2042 5189">
    <p class='ocr_par' dir='ltr' id='par_1_104' title="bbox 392 5116 2042 5189">
     <span class='ocr_line' id='line_1_104' title="bbox 392 5116 2042 5189; baseline -0.005 -10"><span class='ocrx_word' id='word_1_765' title='bbox 392 5125 540 5181; x_wconf 90' lang='lat' dir='ltr'><strong>tium</strong></span> <span class='ocrx_word' id='word_1_766' title='bbox 572 5140 790 5180; x_wconf 89' lang='lat' dir='ltr'><strong>numen</strong></span> <span class='ocrx_word' id='word_1_767' title='bbox 818 5121 964 5177; x_wconf 91' lang='lat' dir='ltr'><strong>illud</strong></span> <span class='ocrx_word' id='word_1_768' title='bbox 996 5119 1175 5175; x_wconf 88' lang='lat' dir='ltr'><strong>etiam</strong></span> <span class='ocrx_word' id='word_1_769' title='bbox 1208 5117 1370 5189; x_wconf 85' lang='lat' dir='ltr'><strong>tangi</strong></span> <span class='ocrx_word' id='word_1_770' title='bbox 1401 5117 1815 5174; x_wconf 80' lang='lat' dir='ltr'><strong>atl&#39;ectibus.De</strong></span> <span class='ocrx_word' id='word_1_771' title='bbox 1838 5116 1933 5173; x_wconf 92' lang='lat' dir='ltr'><strong>bis</strong></span> <span class='ocrx_word' id='word_1_772' title='bbox 1952 5116 2042 5171; x_wconf 90' lang='lat' dir='ltr'><strong>ni-</strong></span> 
     </span>
    </p>
   </div>
   <div class='ocr_carea' id='block_1_105' title="bbox 390 5207 2038 5283">
    <p class='ocr_par' dir='ltr' id='par_1_105' title="bbox 390 5207 2038 5283">
     <span class='ocr_line' id='line_1_105' title="bbox 390 5207 2038 5283; baseline -0.002 -17"><span class='ocrx_word' id='word_1_773' title='bbox 390 5211 469 5267; x_wconf 87' lang='lat' dir='ltr'><strong>hil</strong></span> <span class='ocrx_word' id='word_1_774' title='bbox 506 5212 600 5268; x_wconf 89' lang='lat' dir='ltr'><strong>hic</strong></span> <span class='ocrx_word' id='word_1_775' title='bbox 626 5212 938 5283; x_wconf 85' lang='lat' dir='ltr'><strong>attingam,</strong></span> <span class='ocrx_word' id='word_1_776' title='bbox 972 5207 1073 5279; x_wconf 92' lang='lat' dir='ltr'><strong>qui</strong></span> <span class='ocrx_word' id='word_1_777' title='bbox 1104 5210 1405 5275; x_wconf 81' lang='lat' dir='ltr'><strong>creaturae,</strong></span> <span class='ocrx_word' id='word_1_778' title='bbox 1444 5207 1708 5279; x_wconf 90' lang='lat' dir='ltr'><strong>neglecto</strong></span> <span class='ocrx_word' id='word_1_779' title='bbox 1756 5212 2038 5276; x_wconf 88' lang='lat' dir='ltr'><strong>creatore,</strong></span> 
     </span>
    </p>
   </div>
   <div class='ocr_carea' id='block_1_106' title="bbox 388 5305 2042 5378">
    <p class='ocr_par' dir='ltr' id='par_1_106' title="bbox 388 5305 2042 5378">
     <span class='ocr_line' id='line_1_106' title="bbox 388 5305 2042 5378; baseline -0.004 -11"><span class='ocrx_word' id='word_1_780' title='bbox 388 5310 783 5367; x_wconf 87' lang='lat' dir='ltr'><strong>venerabilem</strong></span> <span class='ocrx_word' id='word_1_781' title='bbox 814 5307 1050 5363; x_wconf 90' lang='lat' dir='ltr'><strong>latriam</strong></span> <span class='ocrx_word' id='word_1_782' title='bbox 1082 5305 1360 5363; x_wconf 84' lang='lat' dir='ltr'><strong>exhibent</strong></span> <span class='ocrx_word' id='word_1_783' title='bbox 1383 5305 1572 5378; x_wconf 89' lang='lat' dir='ltr'><strong>impii.</strong></span> <span class='ocrx_word' id='word_1_784' title='bbox 1606 5310 1681 5361; x_wconf 85' lang='lat' dir='ltr'><strong>At</strong></span> <span class='ocrx_word' id='word_1_785' title='bbox 1710 5310 1867 5362; x_wconf 91' lang='lat' dir='ltr'><strong>certe</strong></span> <span class='ocrx_word' id='word_1_786' title='bbox 1915 5305 2042 5378; x_wconf 90' lang='lat' dir='ltr'><strong>ipse</strong></span> 
     </span>
    </p>
   </div>
   <div class='ocr_carea' id='block_1_107' title="bbox 390 5394 2039 5469">
    <p class='ocr_par' dir='ltr' id='par_1_107' title="bbox 390 5394 2039 5469">
     <span class='ocr_line' id='line_1_107' title="bbox 390 5394 2039 5469; baseline -0.003 -13"><span class='ocrx_word' id='word_1_787' title='bbox 390 5401 719 5457; x_wconf 88' lang='lat' dir='ltr'><strong>etiamnum</strong></span> <span class='ocrx_word' id='word_1_788' title='bbox 752 5399 900 5456; x_wconf 72' lang='lat'><strong>251</strong></span> <span class='ocrx_word' id='word_1_789' title='bbox 936 5394 1373 5469; x_wconf 85' lang='lat' dir='ltr'><strong>Apollophanes</strong></span> <span class='ocrx_word' id='word_1_790' title='bbox 1403 5395 1641 5466; x_wconf 89' lang='lat' dir='ltr'><strong>divinis,</strong></span> <span class='ocrx_word' id='word_1_791' title='bbox 1669 5396 2039 5468; x_wconf 87' lang='lat' dir='ltr'><strong>iis,inquam,</strong></span> 
     </span>
    </p>
   </div>
   <div class='ocr_carea' id='block_1_108' title="bbox 391 5484 2040 5562">
    <p class='ocr_par' dir='ltr' id='par_1_108' title="bbox 391 5484 2040 5562">
     <span class='ocr_line' id='line_1_108' title="bbox 391 5484 2040 5562; baseline -0.002 -17"><span class='ocrx_word' id='word_1_792' title='bbox 391 5506 520 5562; x_wconf 77' lang='lat' dir='ltr'><strong>quae</strong></span> <span class='ocrx_word' id='word_1_793' title='bbox 552 5487 841 5546; x_wconf 88' lang='lat' dir='ltr'><strong>naturalis</strong></span> <span class='ocrx_word' id='word_1_794' title='bbox 874 5484 1257 5560; x_wconf 66' lang='lat' dir='ltr'><strong>philosophia</strong></span> <span class='ocrx_word' id='word_1_795' title='bbox 1288 5484 1615 5543; x_wconf 86' lang='lat' dir='ltr'><strong>rationibus</strong></span> <span class='ocrx_word' id='word_1_796' title='bbox 1644 5485 2040 5555; x_wconf 85' lang='lat' dir='ltr'><strong>nituntur,se-</strong></span> 
     </span>
    </p>
   </div>
   <div class='ocr_carea' id='block_1_109' title="bbox 390 5574 2041 5650">
    <p class='ocr_par' dir='ltr' id='par_1_109' title="bbox 390 5574 2041 5650">
     <span class='ocr_line' id='line_1_109' title="bbox 390 5574 2041 5650; baseline -0.004 -14"><span class='ocrx_word' id='word_1_797' title='bbox 390 5596 494 5636; x_wconf 91' lang='lat' dir='ltr'><strong>cus</strong></span> <span class='ocrx_word' id='word_1_798' title='bbox 525 5580 713 5635; x_wconf 89' lang='lat' dir='ltr'><strong>utitur</strong></span> <span class='ocrx_word' id='word_1_799' title='bbox 741 5581 914 5650; x_wconf 82' lang='lat' dir='ltr'><strong>atque</strong></span> <span class='ocrx_word' id='word_1_800' title='bbox 946 5577 1132 5633; x_wconf 87' lang='lat' dir='ltr'><strong>decet.</strong></span> <span class='ocrx_word' id='word_1_801' title='bbox 1175 5575 1493 5648; x_wconf 88' lang='lat' dir='ltr'><strong>Oportebat</strong></span> <span class='ocrx_word' id='word_1_802' title='bbox 1535 5591 1677 5632; x_wconf 85' lang='lat' dir='ltr'><strong>sane</strong></span> <span class='ocrx_word' id='word_1_803' title='bbox 1708 5574 1922 5648; x_wconf 90' lang='lat' dir='ltr'><strong>surrigi</strong></span> <span class='ocrx_word' id='word_1_804' title='bbox 1952 5576 2041 5649; x_wconf 85' lang='lat' dir='ltr'><strong>ip-</strong></span> 
     </span>
    </p>
   </div>
   <div class='ocr_carea' id='block_1_110' title="bbox 389 5663 2041 5741">
    <p class='ocr_par' dir='ltr' id='par_1_110' title="bbox 389 5663 2041 5741">
     <span class='ocr_line' id='line_1_110' title="bbox 389 5663 2041 5741; baseline -0.002 -16"><span class='ocrx_word' id='word_1_805' title='bbox 389 5684 522 5725; x_wconf 89' lang='lat' dir='ltr'><strong>sum</strong></span> <span class='ocrx_word' id='word_1_806' title='bbox 553 5668 849 5741; x_wconf 87' lang='lat' dir='ltr'><strong>siquidem</strong></span> <span class='ocrx_word' id='word_1_807' title='bbox 872 5682 1049 5723; x_wconf 88' lang='lat' dir='ltr'><strong>verus</strong></span> <span class='ocrx_word' id='word_1_808' title='bbox 1079 5664 1158 5722; x_wconf 86' lang='lat' dir='ltr'><strong>sit</strong></span> <span class='ocrx_word' id='word_1_809' title='bbox 1178 5663 1655 5739; x_wconf 88' lang='lat' dir='ltr'><strong>pbilosophus,et</strong></span> <span class='ocrx_word' id='word_1_810' title='bbox 1670 5664 2041 5739; x_wconf 82' lang='lat' dir='ltr'><strong>philosophia</strong></span> 
     </span>
    </p>
   </div>
   <div class='ocr_carea' id='block_1_111' title="bbox 2151 4667 3812 4746">
    <p class='ocr_par' dir='ltr' id='par_1_111' title="bbox 2151 4667 3812 4746">
     <span class='ocr_line' id='line_1_111' title="bbox 2151 4667 3812 4746; baseline -0.002 -20"><span class='ocrx_word' id='word_1_811' title='bbox 2151 4675 2251 4740; x_wconf 83' lang='grc' dir='ltr'><strong>τῆς</strong></span> <span class='ocrx_word' id='word_1_812' title='bbox 2284 4670 2495 4744; x_wconf 70' lang='grc' dir='ltr'>ἡμέρας</span> <span class='ocrx_word' id='word_1_813' title='bbox 2518 4667 2733 4744; x_wconf 86' lang='grc' dir='ltr'>τρέχειν</span> <span class='ocrx_word' id='word_1_814' title='bbox 2780 4667 2964 4746; x_wconf 75' lang='grc' dir='ltr'>ὅρους,</span> <span class='ocrx_word' id='word_1_815' title='bbox 3008 4669 3099 4725; x_wconf 78' lang='grc' dir='ltr'><strong>καὶ</strong></span> <span class='ocrx_word' id='word_1_816' title='bbox 3147 4674 3228 4743; x_wconf 80' lang='grc' dir='ltr'><strong>τῷ</strong></span> <span class='ocrx_word' id='word_1_817' title='bbox 3279 4669 3440 4726; x_wconf 80' lang='grc' dir='ltr'>παντὶ</span> <span class='ocrx_word' id='word_1_818' title='bbox 3491 4672 3589 4725; x_wconf 88' lang='grc' dir='ltr'><strong>τοῦ</strong></span> <span class='ocrx_word' id='word_1_819' title='bbox 3639 4668 3812 4745; x_wconf 82' lang='grc' dir='ltr'>ούρα-</span> 
     </span>
    </p>
   </div>
   <div class='ocr_carea' id='block_1_112' title="bbox 2151 4754 3813 4835">
    <p class='ocr_par' dir='ltr' id='par_1_112' title="bbox 2151 4754 3813 4835">
     <span class='ocr_line' id='line_1_112' title="bbox 2151 4754 3813 4835; baseline 0 -22"><span class='ocrx_word' id='word_1_820' title='bbox 2151 4761 2248 4813; x_wconf 89' lang='grc' dir='ltr'><strong>νοῦ</strong></span> <span class='ocrx_word' id='word_1_821' title='bbox 2277 4754 2469 4832; x_wconf 82' lang='grc' dir='ltr'>κύκλῳ</span> <span class='ocrx_word' id='word_1_822' title='bbox 2500 4757 2902 4831; x_wconf 86' lang='grc' dir='ltr'>συμπεριθέειν,</span> <span class='ocrx_word' id='word_1_823' title='bbox 2926 4755 3145 4835; x_wconf 78' lang='grc' dir='ltr'>ἐλέγχει</span> <span class='ocrx_word' id='word_1_824' title='bbox 3175 4763 3367 4815; x_wconf 85' lang='grc' dir='ltr'>τοῦτον</span> <span class='ocrx_word' id='word_1_825' title='bbox 3399 4761 3515 4834; x_wconf 84' lang='grc'><strong>(66)</strong></span> <span class='ocrx_word' id='word_1_826' title='bbox 3551 4760 3629 4832; x_wconf 79' lang='grc' dir='ltr'>μὴ</span> <span class='ocrx_word' id='word_1_827' title='bbox 3655 4759 3813 4834; x_wconf 80' lang='grc' dir='ltr'>γνόν·</span> 
     </span>
    </p>
   </div>
   <div class='ocr_carea' id='block_1_113' title="bbox 2136 4843 3813 4926">
    <p class='ocr_par' dir='ltr' id='par_1_113' title="bbox 2136 4843 3813 4926">
     <span class='ocr_line' id='line_1_113' title="bbox 2136 4843 3813 4926; baseline 0 -23"><span class='ocrx_word' id='word_1_828' title='bbox 2136 4849 2216 4903; x_wconf 66' lang='grc' dir='ltr'>”τα</span> <span class='ocrx_word' id='word_1_829' title='bbox 2265 4845 2323 4903; x_wconf 76' lang='grc' dir='ltr'><strong>έκ</strong></span> <span class='ocrx_word' id='word_1_830' title='bbox 2368 4846 2576 4903; x_wconf 87' lang='grc' dir='ltr'>τούτων</span> <span class='ocrx_word' id='word_1_831' title='bbox 2633 4844 2776 4921; x_wconf 72' lang='grc' dir='ltr'>μηδὲ</span> <span class='ocrx_word' id='word_1_832' title='bbox 2821 4843 3114 4922; x_wconf 76' lang='grc' dir='ltr'>σεϐόμενον</span> <span class='ocrx_word' id='word_1_833' title='bbox 3164 4849 3255 4904; x_wconf 84' lang='grc' dir='ltr'><strong>τὸν</strong></span> <span class='ocrx_word' id='word_1_834' title='bbox 3284 4847 3649 4926; x_wconf 88' lang='grc' dir='ltr'>δημιουργόν.</span> <span class='ocrx_word' id='word_1_835' title='bbox 3685 4852 3813 4911; x_wconf 87' lang='grc' dir='ltr'>Πῶς</span> 
     </span>
    </p>
   </div>
   <div class='ocr_carea' id='block_1_114' title="bbox 2153 4942 3811 5023">
    <p class='ocr_par' dir='ltr' id='par_1_114' title="bbox 2153 4942 3811 5023">
     <span class='ocr_line' id='line_1_114' title="bbox 2153 4942 3811 5023; baseline 0 -22"><span class='ocrx_word' id='word_1_836' title='bbox 2153 4946 2245 5001; x_wconf 81' lang='grc' dir='ltr'><strong>οὗν</strong></span> <span class='ocrx_word' id='word_1_837' title='bbox 2278 4946 2382 5001; x_wconf 81' lang='grc' dir='ltr'><strong>οὐκ</strong></span> <span class='ocrx_word' id='word_1_838' title='bbox 2410 4942 2637 5022; x_wconf 71' lang='grc' dir='ltr'>ἅγασται</span> <span class='ocrx_word' id='word_1_839' title='bbox 2668 4943 2758 5000; x_wconf 88' lang='grc' dir='ltr'>καὶ</span> <span class='ocrx_word' id='word_1_840' title='bbox 2807 4943 2981 5023; x_wconf 79' lang='grc' dir='ltr'>λέγων</span> <span class='ocrx_word' id='word_1_841' title='bbox 3030 4945 3123 5001; x_wconf 84' lang='grc' dir='ltr'><strong>καὶ</strong></span> <span class='ocrx_word' id='word_1_842' title='bbox 3171 4946 3332 5010; x_wconf 83' lang='grc' dir='ltr'>οὗτος</span> <span class='ocrx_word' id='word_1_843' title='bbox 3387 4947 3480 5003; x_wconf 91' lang='grc' dir='ltr'><strong>τὸν</strong></span> <span class='ocrx_word' id='word_1_844' title='bbox 3528 4944 3659 5002; x_wconf 85' lang='grc' dir='ltr'><strong>Θεὸν</strong></span> <span class='ocrx_word' id='word_1_845' title='bbox 3708 4952 3811 5016; x_wconf 85' lang='grc' dir='ltr'><strong>τῆς</strong></span> 
     </span>
    </p>
   </div>
   <div class='ocr_carea' id='block_1_115' title="bbox 2150 5032 3813 5112">
    <p class='ocr_par' dir='ltr' id='par_1_115' title="bbox 2150 5032 3813 5112">
     <span class='ocr_line' id='line_1_115' title="bbox 2150 5032 3813 5112; baseline -0.001 -21"><span class='ocrx_word' id='word_1_846' title='bbox 2150 5033 2439 5091; x_wconf 90' lang='grc' dir='ltr'>παναιτίου</span> <span class='ocrx_word' id='word_1_847' title='bbox 2513 5035 2603 5091; x_wconf 82' lang='grc' dir='ltr'><strong>καὶ</strong></span> <span class='ocrx_word' id='word_1_848' title='bbox 2687 5033 2928 5112; x_wconf 78' lang='grc' dir='ltr'>ἆῤῥήτου</span> <span class='ocrx_word' id='word_1_849' title='bbox 2997 5032 3316 5110; x_wconf 83' lang='grc' dir='ltr'>δυνάμεως;</span> <span class='ocrx_word' id='word_1_850' title='bbox 3378 5037 3813 5111; x_wconf 79' lang='grc' dir='ltr'>Ἀναμιμνήσκει</span> 
     </span>
    </p>
   </div>
   <div class='ocr_carea' id='block_1_116' title="bbox 2151 5121 3811 5202">
    <p class='ocr_par' dir='ltr' id='par_1_116' title="bbox 2151 5121 3811 5202">
     <span class='ocr_line' id='line_1_116' title="bbox 2151 5121 3811 5202; baseline -0.001 -22"><span class='ocrx_word' id='word_1_851' title='bbox 2151 5128 2281 5202; x_wconf 87' lang='grc' dir='ltr'>γοῦν</span> <span class='ocrx_word' id='word_1_852' title='bbox 2336 5124 2427 5180; x_wconf 85' lang='grc' dir='ltr'><strong>τὸν</strong></span> <span class='ocrx_word' id='word_1_853' title='bbox 2485 5125 2634 5201; x_wconf 80' lang='grc' dir='ltr'>ἅγιον</span> <span class='ocrx_word' id='word_1_854' title='bbox 2696 5121 3061 5202; x_wconf 86' lang='grc' dir='ltr'>Πολύκαρπον</span> <span class='ocrx_word' id='word_1_855' title='bbox 3116 5131 3217 5194; x_wconf 83' lang='grc' dir='ltr'><strong>τῆς</strong></span> <span class='ocrx_word' id='word_1_856' title='bbox 3272 5126 3410 5181; x_wconf 83' lang='grc' dir='ltr'>κατὰ</span> <span class='ocrx_word' id='word_1_857' title='bbox 3441 5127 3655 5197; x_wconf 86' lang='grc' dir='ltr'>Ἰησοῦν</span> <span class='ocrx_word' id='word_1_858' title='bbox 3710 5129 3811 5180; x_wconf 84' lang='grc' dir='ltr'><strong>τοῦ</strong></span> 
     </span>
    </p>
   </div>
   <div class='ocr_carea' id='block_1_117' title="bbox 2152 5211 3813 5292">
    <p class='ocr_par' dir='ltr' id='par_1_117' title="bbox 2152 5211 3813 5292">
     <span class='ocr_line' id='line_1_117' title="bbox 2152 5211 3813 5292; baseline 0.001 -24"><span class='ocrx_word' id='word_1_859' title='bbox 2152 5219 2302 5284; x_wconf 84' lang='grc' dir='ltr'>Ναυῆ</span> <span class='ocrx_word' id='word_1_860' title='bbox 2361 5212 2627 5287; x_wconf 75' lang='grc' dir='ltr'>ἱστορίας,</span> <span class='ocrx_word' id='word_1_861' title='bbox 2653 5211 2746 5268; x_wconf 78' lang='grc' dir='ltr'>’ίνα</span> <span class='ocrx_word' id='word_1_862' title='bbox 2791 5213 2993 5285; x_wconf 84' lang='grc' dir='ltr'>ταύτην</span> <span class='ocrx_word' id='word_1_863' title='bbox 3043 5215 3286 5290; x_wconf 78' lang='grc' dir='ltr'>ἂντιτιθῇ</span> <span class='ocrx_word' id='word_1_864' title='bbox 3344 5220 3422 5289; x_wconf 82' lang='grc' dir='ltr'><strong>τῷ</strong></span> <span class='ocrx_word' id='word_1_865' title='bbox 3458 5213 3813 5292; x_wconf 70' lang='grc' dir='ltr'>Ἀπολλοφάο</span> 
     </span>
    </p>
   </div>
   <div class='ocr_carea' id='block_1_118' title="bbox 2151 5302 3810 5377">
    <p class='ocr_par' dir='ltr' id='par_1_118' title="bbox 2151 5302 3810 5377">
     <span class='ocr_line' id='line_1_118' title="bbox 2151 5302 3810 5377; baseline -0.002 -16"><span class='ocrx_word' id='word_1_866' title='bbox 2151 5325 2252 5361; x_wconf 87' lang='grc' dir='ltr'>νει.</span> <span class='ocrx_word' id='word_1_867' title='bbox 2285 5303 2460 5375; x_wconf 79' lang='grc' dir='ltr'>Φησῖν</span> <span class='ocrx_word' id='word_1_868' title='bbox 2516 5302 2610 5357; x_wconf 82' lang='grc' dir='ltr'><strong>οὗν</strong></span> <span class='ocrx_word' id='word_1_869' title='bbox 2642 5320 2657 5336; x_wconf 93' lang='grc'><strong>⁸</strong></span> <span class='ocrx_word' id='word_1_870' title='bbox 2692 5302 2827 5361; x_wconf 56' lang='lat' dir='ltr'><strong>Elui</strong></span> <span class='ocrx_word' id='word_1_871' title='bbox 2874 5305 3024 5377; x_wconf 83' lang='grc' dir='ltr'>αὐτῷ</span> <span class='ocrx_word' id='word_1_872' title='bbox 3059 5323 3073 5338; x_wconf 87' lang='grc'><strong>⁸</strong></span> <span class='ocrx_word' id='word_1_873' title='bbox 3115 5305 3268 5361; x_wconf 82' lang='grc' dir='ltr'>Μάθε</span> <span class='ocrx_word' id='word_1_874' title='bbox 3310 5308 3427 5367; x_wconf 88' lang='grc' dir='ltr'><strong>πῶς</strong></span> <span class='ocrx_word' id='word_1_875' title='bbox 3457 5306 3485 5360; x_wconf 85' lang='grc' dir='ltr'>ὁ</span> <span class='ocrx_word' id='word_1_876' title='bbox 3526 5305 3656 5367; x_wconf 88' lang='grc' dir='ltr'>Θεὸς</span> <span class='ocrx_word' id='word_1_877' title='bbox 3715 5305 3810 5360; x_wconf 83' lang='grc' dir='ltr'><strong>τὸν</strong></span> 
     </span>
    </p>
   </div>
   <div class='ocr_carea' id='block_1_119' title="bbox 2150 5389 3813 5471">
    <p class='ocr_par' dir='ltr' id='par_1_119' title="bbox 2150 5389 3813 5471">
     <span class='ocr_line' id='line_1_119' title="bbox 2150 5389 3813 5471; baseline -0.001 -22"><span class='ocrx_word' id='word_1_878' title='bbox 2150 5390 2313 5463; x_wconf 65' lang='grc' dir='ltr'><strong>¹ἥλιον</strong></span> <span class='ocrx_word' id='word_1_879' title='bbox 2344 5391 2435 5449; x_wconf 83' lang='grc' dir='ltr'><strong>καὶ</strong></span> <span class='ocrx_word' id='word_1_880' title='bbox 2463 5393 2563 5463; x_wconf 80' lang='grc' dir='ltr'>τὴν</span> <span class='ocrx_word' id='word_1_881' title='bbox 2598 5394 2835 5466; x_wconf 76' lang='grc' dir='ltr'>σελήνην</span> <span class='ocrx_word' id='word_1_882' title='bbox 2865 5393 3002 5450; x_wconf 79' lang='grc' dir='ltr'>κατὰ</span> <span class='ocrx_word' id='word_1_883' title='bbox 3031 5390 3321 5471; x_wconf 86' lang='grc' dir='ltr'>διάμετρον</span> <span class='ocrx_word' id='word_1_884' title='bbox 3354 5389 3514 5458; x_wconf 75' lang='grc' dir='ltr'>ὄντας</span> <span class='ocrx_word' id='word_1_885' title='bbox 3544 5392 3669 5449; x_wconf 81' lang='grc' dir='ltr'>τότε</span> <span class='ocrx_word' id='word_1_886' title='bbox 3720 5390 3813 5448; x_wconf 77' lang='grc' dir='ltr'><strong>ἅν-</strong></span> 
     </span>
    </p>
   </div>
   <div class='ocr_carea' id='block_1_120' title="bbox 2147 5478 3813 5561">
    <p class='ocr_par' dir='ltr' id='par_1_120' title="bbox 2147 5478 3813 5561">
     <span class='ocr_line' id='line_1_120' title="bbox 2147 5478 3813 5561; baseline -0.002 -22"><span class='ocrx_word' id='word_1_887' title='bbox 2147 5503 2335 5561; x_wconf 85' lang='grc' dir='ltr'>τικρυς</span> <span class='ocrx_word' id='word_1_888' title='bbox 2366 5479 2664 5555; x_wconf 81' lang='grc' dir='ltr'>ἀλλήλων,</span> <span class='ocrx_word' id='word_1_889' title='bbox 2688 5479 2955 5557; x_wconf 82' lang='grc' dir='ltr'>δυομένου</span> <span class='ocrx_word' id='word_1_890' title='bbox 2986 5480 3095 5555; x_wconf 69' lang='grc' dir='ltr'><strong>ἤδη</strong></span> <span class='ocrx_word' id='word_1_891' title='bbox 3127 5487 3225 5539; x_wconf 86' lang='grc' dir='ltr'><strong>τοῦ</strong></span> <span class='ocrx_word' id='word_1_892' title='bbox 3254 5482 3447 5556; x_wconf 81' lang='grc' dir='ltr'>ἡλίου,</span> <span class='ocrx_word' id='word_1_893' title='bbox 3474 5478 3695 5556; x_wconf 68' lang='grc' dir='ltr'>ἔστησεν</span> <span class='ocrx_word' id='word_1_894' title='bbox 3721 5482 3813 5538; x_wconf 72' lang='grc' dir='ltr'>ἰπὶ</span> 
     </span>
    </p>
   </div>
   <div class='ocr_carea' id='block_1_121' title="bbox 2147 5569 3810 5650">
    <p class='ocr_par' dir='ltr' id='par_1_121' title="bbox 2147 5569 3810 5650">
     <span class='ocr_line' id='line_1_121' title="bbox 2147 5569 3810 5650; baseline -0.002 -21"><span class='ocrx_word' id='word_1_895' title='bbox 2147 5576 2244 5629; x_wconf 90' lang='grc' dir='ltr'><strong>τοῦ</strong></span> <span class='ocrx_word' id='word_1_896' title='bbox 2272 5572 2447 5629; x_wconf 87' lang='grc' dir='ltr'>τόπου</span> <span class='ocrx_word' id='word_1_897' title='bbox 2474 5570 2602 5635; x_wconf 76' lang='grc' dir='ltr'>τοὺς</span> <span class='ocrx_word' id='word_1_898' title='bbox 2635 5578 2949 5650; x_wconf 85' lang='grc' dir='ltr'>φωστῆρας,</span> <span class='ocrx_word' id='word_1_899' title='bbox 2981 5573 3167 5629; x_wconf 81' lang='grc' dir='ltr'>στάσιν</span> <span class='ocrx_word' id='word_1_900' title='bbox 3217 5574 3338 5629; x_wconf 82' lang='grc' dir='ltr'>τινά</span> <span class='ocrx_word' id='word_1_901' title='bbox 3387 5571 3523 5628; x_wconf 77' lang='grc' dir='ltr'>κατὰ</span> <span class='ocrx_word' id='word_1_902' title='bbox 3574 5569 3810 5645; x_wconf 78' lang='grc' dir='ltr'>δύναμιν</span> 
     </span>
    </p>
   </div>
   <div class='ocr_carea' id='block_1_122' title="bbox 2149 5658 3816 5743">
    <p class='ocr_par' dir='ltr' id='par_1_122' title="bbox 2149 5658 3816 5743">
     <span class='ocr_line' id='line_1_122' title="bbox 2149 5658 3816 5743; baseline -0.003 -24"><span class='ocrx_word' id='word_1_903' title='bbox 2149 5664 2351 5743; x_wconf 63' lang='grc' dir='ltr'>ἄφατον</span> <span class='ocrx_word' id='word_1_904' title='bbox 2381 5666 2479 5720; x_wconf 87' lang='grc' dir='ltr'><strong>τοῦ</strong></span> <span class='ocrx_word' id='word_1_905' title='bbox 2511 5660 2688 5719; x_wconf 76' lang='grc' dir='ltr'>αἰτίου</span> <span class='ocrx_word' id='word_1_906' title='bbox 2720 5661 2897 5719; x_wconf 69' lang='grc' dir='ltr'>αὑτῶν</span> <span class='ocrx_word' id='word_1_907' title='bbox 2930 5667 3064 5721; x_wconf 89' lang='grc' dir='ltr'>Θεοῦ</span> <span class='ocrx_word' id='word_1_908' title='bbox 3096 5682 3111 5696; x_wconf 92' lang='grc'><strong>⁸</strong></span> <span class='ocrx_word' id='word_1_909' title='bbox 3145 5663 3235 5725; x_wconf 64' lang='grc' dir='ltr'><strong>καὶ</strong></span> <span class='ocrx_word' id='word_1_910' title='bbox 3262 5661 3393 5732; x_wconf 64' lang='grc' dir='ltr'>ἔστη</span> <span class='ocrx_word' id='word_1_911' title='bbox 3422 5662 3487 5720; x_wconf 87' lang='grc' dir='ltr'><strong>τὸ</strong></span> <span class='ocrx_word' id='word_1_912' title='bbox 3529 5668 3635 5719; x_wconf 71' lang='grc' dir='ltr'><strong>πᾶν</strong></span> <span class='ocrx_word' id='word_1_913' title='bbox 3685 5658 3816 5716; x_wconf 81' lang='grc' dir='ltr'>ἀκί-</span> 
     </span>
    </p>
   </div>
  </div>
