4108 6384
305 427 417 482 457

1119 431 1582 489 PACHYMERIE
1621 432 2131 486 PARAPHRASIS
2167 435 2242 488 IN
2281 434 2435 487 EPP.
2478 435 2538 488 Β.
2579 432 2917 490 DIONYSII.

3623 433 3735 487 458

305 570 478 620 νητον
514 549 647 623 μετὰ
673 553 780 607 τῶν
815 548 911 606 δύο
972 554 1276 630 φωστῆρων
1303 572 1316 586 °
1347 550 1470 608 οὔτε
1524 553 1625 628 γὰρ
1662 551 1688 606 6
1721 551 1967 628 οὐρανὸς,

2083 555 2161 611 sit
2187 572 2382 612 rerum
2415 557 2782 614 conditarum
2838 557 3114 630 cognitio,
3145 563 3434 629 quatenus
3466 562 3627 624 sunt,
3662 559 3736 614 ad

309 635 438 694 οὔτε
478 641 532 694 οἱ
576 640 763 695 λοιποὶ
814 641 1031 718 ἀστέρες
1078 642 1463 716 περιεπόλουν,
1499 639 1645 698 ἀλλὰ
1691 644 1970 712 συνειστή-

305 749 493 784 κεισαν
549 735 668 792 τοῖς
727 727 847 785 δυσὶ
907 739 1190 810 φωστῆρσι
1225 751 1238 765 ·
1275 737 1438 806 τοῦτο
1467 733 1567 808 γάρ
1601 731 1742 786 ἐστιν
1776 751 1787 763 ·
1821 734 1972 804 ’Ἅμα

304 822 387 873 τῶ
448 821 608 874 παντὶ
667 820 804 895 πρὸς
854 821 918 874 τὸ
973 818 1150 891 πάντη
1211 820 1463 892 ἀκίνητον
1525 822 1834 895 ὁρίζωνται,
1898 822 1972 884 ὡς

308 911 612 982 γενηθῆναι
651 908 846 982 μέτρον
876 909 1085 984 ἡμέρας
1120 908 1281 982 ὅλης,
1315 909 1572 982 δηλονότι
1615 907 1967 983 δωδεκάωρον

310 995 615 1070 διάστημα,
649 997 699 1052 ἐν
734 999 846 1070 ὅσῳ
870 997 1090 1053 ’ίσταντο
1124 999 1211 1053 ἐπὶ
1243 1004 1350 1054 τῶν
1382 999 1556 1054 αὐτῶν
1588 999 1828 1072 σημείων
1880 1000 1967 1053 καὶ

310 1087 363 1140 οἱ
399 1089 686 1167 φωστῆρες
719 1087 810 1141 καὶ
838 1088 902 1142 τὸ
932 1093 1054 1143 πᾶν.
1089 1089 1211 1144 ’Ὀτι
1267 1086 1323 1142 δὲ
1361 1085 1754 1158 έδιπλασιάσθη
1782 1091 1816 1157 ἠ
1850 1087 1974 1142 τότε

306 1176 517 1251 ἡμέρα,
575 1181 760 1254 σαφῶς
822 1198 986 1250 φησιν
1042 1178 1255 1246 Ἰησοῦς
1308 1177 1335 1231 ὁ
1393 1181 1489 1232 τοῦ
1550 1178 1730 1252 Σιράχ
1786 1177 1836 1231 ἐν
1890 1182 1969 1250 τῷ

307 1265 471 1340 ὕμνῳ
499 1271 606 1321 τῶν
636 1269 882 1342 πατέρων
923 1287 933 1300 ·
969 1267 1415 1344 εἷ’κοσιτεσσάρων
1447 1270 1548 1344 γὰρ
1592 1269 1748 1343 ὡρῶν
1794 1271 1829 1339 ἡ
1880 1267 1965 1324 ἐπὶ

301 1359 404 1410 τοῦ
441 1357 624 1426 Ἰησοῦ
684 1357 805 1411 υἱοῦ
865 1358 1014 1427 Ναυῆ
1065 1357 1250 1434 ἡμέρα
1297 1356 1474 1428 ἐκείνη
1525 1356 1756 1432 ἐγένετο,
1787 1359 1966 1422 καθὼς

302 1444 473 1506 αὐτὸς
507 1442 808 1515 ἐδήλωσεν.
833 1445 899 1499 Εἰ
933 1444 989 1500 δὲ
1047 1445 1191 1501 εἷ’ποι
1223 1446 1673 1524 Ἀπολλοφάνης,
1706 1444 1964 1502 ἀδύνατον

303 1532 508 1602 στῆναί
566 1555 699 1588 ποτε
754 1535 845 1589 τὸν
908 1534 1180 1611 οὐρανὸν),
1215 1534 1522 1606 ἀεικίνητος
1551 1537 1700 1611 γάρ.)
1728 1535 1965 1611 ἀπόκρι-

297 1643 387 1676 ναι
423 1621 592 1694 αὐτῷ,
628 1621 710 1677 ὅτι
739 1628 902 1678 τοῦτο
937 1621 1152 1697 μᾶλλον
1201 1626 1664 1698 θαυμασιώτερον,
1696 1625 1787 1679 καὶ
1834 1630 1964 1680 106-

293 1732 359 1765 10
393 1709 506 1766 ἔδει
541 1733 598 1766 σε
629 1711 948 1788 ἐπιστρέψαι
994 1715 1129 1787 πρὸς
1159 1714 1250 1768 τὸν
1311 1713 1492 1784 ἀληθῆ
1543 1713 1697 1786 Θεὸν,
1727 1713 1816 1768 καὶ
1861 1715 1960 1783 τήν

295 1799 431 1872 περὶ
489 1799 655 1856 αὐτοῦ
698 1806 896 1876 γνῶσιν
925 1821 938 1834 ·
975 1802 1124 1876 εἷ’περ
1158 1804 1184 1857 6
1219 1803 1316 1871 μὲν
1365 1801 1535 1864 πόλος
1591 1805 1885 1878 περιήγετο
1935 1806 1962 1858 6

2081 661 2276 700 rerum
2311 651 2609 702 auctorem
2643 652 2825 701 Deum
2856 662 3050 702 rerum
3075 648 3404 718 cognitione
3433 653 3733 716 utentem;

2079 750 2257 805 quam
2290 736 2413 807 ipse
2440 737 2677 807 quidem
2715 743 2876 791 vocat
2911 735 3343 807 philosophiam
3384 753 3396 790 :
3430 742 3487 792 at
3520 735 3733 793 Paulus

2077 823 2175 878 ille
2206 825 2569 880 admirabilis
2601 825 3060 896 nuncupandam
3104 826 3333 880 censuit
3366 827 3459 881 Dei
3495 827 3730 897 sapien-

2079 913 2220 968 tiam
2257 915 2313 968 in
2341 916 2530 986 priore
2555 915 2819 970 scribens
2848 914 3164 969 Corinthiis
3183 915 3430 986 cpistola
3453 915 3532 986 (u)
3561 917 3733 971 :Nam

2079 1002 2212 1072 quia
2232 1003 2289 1057 in
2305 1006 2577 1074 sapientia
2603 1005 2701 1058 Dei
2720 1021 2828 1059 non
2851 1007 3099 1075 cognovit
3123 1004 3363 1059 mundus
3383 1022 3484 1076 per
3505 1005 3731 1076 sapien-

2075 1093 2212 1146 tiam
2237 1093 2443 1152 Deum;
2476 1092 2585 1148 hoc
2616 1099 2705 1148 est
2738 1110 2839 1165 per
2868 1093 3222 1164 sapientiam
3247 1094 3536 1149 concinna
3556 1097 3735 1164 atque

2079 1180 2304 1236 decenti
2338 1186 2616 1236 creaturae
2639 1182 3064 1252 compositione
3087 1181 3266 1236 simul
3299 1187 3354 1237 et
3384 1183 3588 1237 ordine
3615 1199 3734 1237 ma-

2078 1270 2287 1325 nifeste
2318 1277 2717 1342 apparentem.
2743 1271 2915 1342 Atqui
2943 1287 3015 1327 ne
3047 1271 3246 1327 videar
3276 1271 3425 1326 istos
3456 1287 3726 1342 coargue-

2078 1376 2159 1428 re,
2197 1366 2404 1431 praeter
2433 1377 2610 1432 quam
2644 1360 2788 1415 mihi
2813 1361 2980 1416 initio
3003 1362 3294 1416 decretum
3321 1365 3428 1424 est,
3455 1366 3732 1432 praeterve

2078 1448 2259 1504 animi
2292 1451 2402 1505 mei
2453 1467 2718 1520 scopum,
2771 1451 2925 1522 quod
2978 1452 3196 1506 factum
3231 1455 3295 1505 ut
3342 1450 3486 1504 mihi
3539 1450 3732 1506 modis

2075 1539 2350 1594 omnibus
2378 1539 2755 1610 temperarim
2780 1539 2850 1595 ab
2883 1541 3042 1594 omni
3068 1538 3495 1611 conscriptione
3525 1541 3728 1595 adver-

2076 1644 2179 1683 sus
2225 1633 2348 1682 tum
2405 1628 2655 1695 Graecos,
2689 1633 2815 1683 tum
2868 1629 3015 1684 alios
3047 1628 3304 1698 quosvis,
3351 1629 3731 1685 conveniebat

2072 1715 2809 1788 Ap0110phanem,sapiens
2829 1735 2962 1773 cum
2983 1718 3077 1784 sit,
3104 1735 3206 1790 pro
3231 1723 3527 1789 comperto
3550 1718 3727 1774 habe-

2074 1822 2156 1872 re,
2189 1805 2342 1861 haud
2376 1823 2548 1861 secus
2573 1807 2698 1862 ﬁeri
2720 1807 3000 1878 potuisse,
3022 1811 3087 1861 ut
3111 1807 3432 1879 quidquam
3467 1808 3622 1862 vices
3646 1809 3729 1863 in-

298 1888 586 1964 περιέχων
614 1889 740 1952 τοὺς
767 1897 1062 1965 φωστῆρας
1097 1910 1108 1922 ⁶
1141 1895 1303 1946 τοῦτο
1333 1892 1435 1967 γὰρ
1463 1888 1739 1961 ἐδήλωσεν
1772 1891 1960 1962 εἰπὼν,

2078 1899 2316 1950 verteret
2345 1896 2566 1951 ordinis
2591 1896 2700 1951 sibi
2728 1896 3062 1967 praestituti,
3087 1897 3134 1950 si
3169 1913 3284 1951 non
3316 1898 3480 1968 prius
3502 1913 3568 1952 eo
3593 1914 3726 1968 pro-

297 1981 428 2034 Τῶν
495 1978 643 2034 ὅλων
699 1980 789 2033 καὶ
821 1984 926 2034 τῶν
985 1980 1308 2054 κρειττόνων
1360 1980 1449 2035 καὶ
1489 1979 1856 2056 περιεχόντων
1885 2000 1897 2012 ·
1935 1982 1961 2036 6

297 2064 356 2121 δὶ
420 2065 588 2136 ἥλιος
658 2068 748 2122 καὶ
807 2071 840 2137 ἡ
901 2067 1103 2140 σελήνη
1166 2071 1216 2123 0i.
1272 2070 1658 2146 περιεχόμενοι
1716 2070 1962 2140 ἀκίνητοι

291 2155 668 2229 ἵσταντο,καὶ
728 2156 789 2211 οὐ
846 2159 944 2226 τῆν
1008 2159 1174 2226 αὐτὴν
1233 2158 1402 2236 ιροράν
1455 2163 1833 2213 συνεκινοῦντο
1884 2162 1964 2230 τῷ

291 2246 488 2312 παντὶ,
538 2247 652 2318 μεθ’
714 2246 776 2299 οὗ
833 2247 910 2301 ἀεὶ
973 2249 1437 2322 συμπεριήγοντο.
1493 2244 1666 2301 Πάλιν
1721 2245 1808 2302 ἐπὶ
1865 2250 1962 2302 τοῦ

293 2333 576 2404 Ἐζεκίου,
611 2333 735 2389 ὅταν
779 2332 924 2405 ἄλλη
956 2357 1039 2398 τις
1077 2336 1260 2410 ἡμέρα
1301 2337 1437 2390 κατά
1493 2336 1772 2410 συνέχειαν
1829 2355 1965 2411 σχε-

297 2421 392 2479 δὸν
456 2420 942 2498 τριπλασιάζηται,
1001 2424 1064 2477 τὸ
1118 2422 1313 2499 σχεδὸν
1393 2426 1718 2500 προσετέθη,
1775 2422 1960 2493 ἐπειδὴ

295 2511 516 2588 τριπλῆ
543 2512 679 2566 κατά
718 2511 781 2566 τὸ
813 2511 1023 2587 πλῆρες
1052 2512 1149 2568 οὐκ
1179 2513 1393 2589 ἐγένετο
1425 2517 1459 2582 ἡ
1507 2512 1687 2590 ἡμέρα
1732 2513 1909 2584 ἐκείνη
1949 2533 1960 2545 ·

292 2607 602 2678 τριάκοντα
633 2599 728 2656 δύο
757 2603 858 2677 γὰρ
892 2602 1048 2677 ὡρῶν
1107 2604 1314 2678 γέγονε,
1351 2600 1476 2657 δέκα
1533 2603 1640 2657 ἀπὸ
1697 2602 1966 2672 ἀνατολῆς

297 2695 474 2768 μέχρι
507 2693 620 2763 (68)
642 2695 739 2744 τοῦ
768 2691 940 2745 τόπου
975 2690 1026 2745 ἐν
1059 2692 1104 2762 ᾧ
1134 2691 1324 2766 εὑρέθη
1359 2692 1386 2745 6
1417 2690 1597 2760 ἥλιος·
1623 2692 1745 2745 τότε
1772 2691 1834 2745 τὸ
1867 2712 1963 2760 ση-

299 2785 462 2854 μεῖον
493 2777 652 2848 ἐδόθη
690 2798 702 2811 '
737 2778 828 2833 καὶ
861 2776 988 2834 δέκα
1047 2779 1247 2834 ἐκεῖθεν
1305 2778 1468 2834 πάλιν
1530 2779 1617 2834 ἐπὶ
1669 2779 1964 2849 ἀνατολὴν,

294 2869 554 2932 κάκεῖθεν
583 2867 746 2923 πάλιν
782 2864 994 2922 δώδεκα
1029 2869 1196 2944 μέχρι
1222 2875 1323 2937 τῆς
1361 2867 1573 2930 τελείας
1623 2865 1846 2930 δύσεως.
1878 2872 1966 2940 Τῷ

299 2959 458 3030 αὐτῷ
491 2955 551 3012 δὲ
582 2959 830 3032 σχήματι
878 2961 975 3012 τοῦ
1022 2956 1194 3032 λόγου
1235 2959 1321 3011 καὶ
1384 2957 1610 3012 ἐνταῦθα
1665 2957 1964 3033 ἐχρήσατο,

298 3049 384 3102 ὅτι
411 3049 440 3100 ὁ
461 3045 636 3109 πόλος
669 3046 830 3108 αὐτὸς
859 3045 950 3100 σὺν
982 3051 1060 3117 τῷ
1090 3044 1240 3120 ἡλίῳ
1270 3046 1321 3101 έν
1355 3051 1433 3119 τῷ
1466 3051 1571 3101 τῶν
1606 3045 1772 3102 ε’ἷκοσι
1806 3047 1963 3122 ὡρῶν

297 3134 641 3206 διαστήματι
661 3137 762 3203 τῆν
787 3136 1022 3210 ὑπερσυῆ
1047 3134 1254 3205 ἐκείνην
1290 3136 1757 3211 ἀντιπεριαγωγὴν
1782 3135 1968 3205 ἐποιή-

294 3246 454 3294 σατο,
490 3226 527 3294 ἢ
565 3223 729 3296 μόνος
763 3225 791 3278 6
831 3222 1012 3293 ἥλιος.
1047 3227 1222 3281 Τοῦτο
1267 3226 1370 3300 γάρ
1419 3223 1560 3279 ἐστιν
1620 3226 1648 3278 ὃ
1699 3224 1862 3301 λέγει·
1897 3226 1962 3280 Ἢ

2074 1983 2356 2039 movisset
2385 1989 2737 2053 creaturam,
2774 1985 2872 2056 qui
2905 1984 3094 2056 ipsius
3133 1990 3338 2040 auctor
3366 1990 3475 2053 est,
3507 1987 3727 2057 quique

2073 2088 2199 2126 eam
2234 2073 2422 2128 ambit
2451 2072 2934 2146 etcomplectitur
2951 2091 3059 2128 sua
3079 2075 3382 2144 majestate
3409 2092 3421 2129 :
3446 2075 3727 2145 quemad-

2075 2163 2315 2216 modum
2348 2161 2599 2231 legimus
2651 2163 2968 2234 contigisse
3017 2163 3166 2219 circa
3215 2163 3394 2220 solem
3431 2168 3490 2218 et
3522 2162 3722 2218 lunam

2074 2253 2184 2306 sub
2214 2253 2352 2307 Jesu
2387 2252 2540 2307 Nave
2574 2253 2692 2307 lilio
2723 2257 2779 2306 et
2807 2252 3052 2308 Ezechia
3083 2254 3213 2325 (67).
3249 2253 3510 2324 Denique
3543 2253 3727 2308 scien-

2074 2341 2238 2410 dum,
2267 2342 2420 2412 quod
2455 2341 2607 2396 inter
2625 2358 2692 2396 ea
2717 2358 2844 2413 quea
2877 2343 3030 2413 apud
3056 2342 3286 2398 Graecos
3319 2359 3419 2414 pro
3443 2342 3727 2398 confessis

2074 2429 2132 2483 in
2168 2430 2347 2484 dubia
2371 2430 2482 2485 ﬁde
2503 2434 2798 2499 tenentur,
2821 2429 2962 2485 illud
2993 2447 3228 2502 quoque
3261 2431 3612 2486 adducitur:
3638 2448 3732 2486 0r-

2075 2517 2273 2572 dinem
2307 2524 2475 2587 atque
2498 2518 2935 2574 distinctionem
2956 2537 3149 2574 rerum
3174 2521 3301 2590 ejus
3333 2537 3484 2586 esse,
3509 2519 3609 2591 qui
3633 2537 3736 2576 ea-

2077 2623 2207 2661 rum
2239 2611 2442 2662 auctor
2472 2613 2579 2662 est.
2629 2608 2842 2663 Dicens
2875 2609 3030 2664 enim
3082 2625 3317 2680 aequum
3368 2627 3496 2665 esse
3529 2627 3598 2664 ex
3628 2610 3737 2665 hoc

2076 2696 2415 2767 cognovisse
2436 2696 2618 2751 Deum
2649 2697 2917 2752 universo
2950 2697 3105 2769 leges
3138 2715 3374 2768 ponere,
3399 2700 3539 2770 quia
3559 2698 3648 2755 sol
3680 2703 3738 2754 et

2074 2784 2217 2840 luna
2245 2785 2511 2839 terminis
2543 2785 2654 2839 diei
2691 2786 2978 2840 naturalis
3010 2787 3352 2841 constitutis
3381 2792 3645 2855 currunt,
3676 2792 3734 2843 et

2077 2872 2255 2947 simul
2288 2890 2422 2928 cum
2458 2873 2727 2928 universo
2760 2873 3034 2929 ccelorum
3089 2875 3227 2930 orbe
3257 2876 3730 2931 circumvolvunu

2075 2966 2192 3028 tur,
2223 2961 2417 3033 arguit
2442 2961 2597 3017 hunc
2631 2965 2694 3016 ut
2724 2963 2824 3032 qui
2856 2961 3064 3017 talium
3096 2962 3590 3034 contemplatione
3616 2981 3731 3019 non

2077 3055 2376 3124 agnoscat,
2412 3068 2516 3107 nec
2565 3051 2764 3107 adoret
2817 3055 3146 3107 reverenter
3191 3069 3392 3107 eorum
3434 3053 3726 3125 opiﬁcem.

2077 3140 2286 3206 Quidni
2321 3139 2502 3212 igitur
2523 3141 2702 3196 Deum
2730 3140 2820 3195 hic
2841 3139 3246 3195 admirabilem
3273 3141 3572 3211 praedicat,
3596 3159 3731 3214 pro-

2078 3231 2268 3284 fessus
2297 3229 2565 3298 potentiae
2587 3246 2714 3285 esse
2739 3246 2931 3284 rerum
2961 3230 3226 3284 omnium
3246 3229 3574 3296 effectrieis,
3599 3229 3731 3285 nul-

295 3316 359 3369 τὸ
415 3320 523 3368 πᾶν
578 3313 843 3368 τοσούτου
901 3313 1130 3388 χρόνου,
1190 3311 1453 3384 δηλονότι
1508 3312 1707 3368 εἷ’κοσιν
1779 3315 1959 3386 ὡρῶν,

2078 3318 2266 3388 lisque
2297 3296 2438 3372 satis
2468 3317 2869 3390 explicandae?
2899 3318 3048 3383 Quin
3082 3324 3140 3374 et
3181 3318 3524 3373 memoriam
3561 3336 3730 3375 reno-

305 3402 479 3478 φορὰς
554 3399 792 3461 ἐναντίας
847 3397 1192 3469 ἀναποδίζει·
1253 3399 1288 3469 ἢ
1348 3401 1376 3455 6
1427 3398 1590 3469 ἥλιος
1654 3398 1777 3473 ἰδίῳ
1846 3399 1964 3476 δρό-

301 3511 392 3563 μῳ
420 3490 522 3557 τήν
579 3488 838 3560 τοιαύτην
895 3489 1109 3560 κίνησιν
1165 3489 1481 3560 ἐποιήσατο.
1540 3490 1614 3546 Τὸ
1671 3489 1963 3564 πεντάτρο-

297 3599 402 3633 πον
436 3576 496 3633 δὲ
545 3585 644 3648 τῆς
694 3583 792 3633 τοῦ
839 3576 1003 3647 ἡλίου
1047 3581 1314 3649 κινήσεως
1346 3577 1488 3633 οὕτω
1526 3578 1744 3647 νόησον·
1777 3580 1837 3634 Ἥ
1871 3583 1966 3632 τοῦ

295 3667 473 3736 ἡλίου
523 3665 794 3730 ἐνιαύσιος
844 3666 1059 3737 κίνησις
1091 3666 1248 3722 πέντε
1294 3672 1530 3722 ποιεῖται
1578 3667 1804 3739 τροπὰς,
1839 3666 1963 3723 ἀνά-

296 3753 462 3811 ϐασιν
521 3756 761 3832 βορείαν,
793 3757 1068 3812 τουτέστιν
1120 3757 1226 3811 ἀπὸ
1276 3755 1492 3831 ἐαρινῆς
1544 3755 1832 3830 ἰσημερίας
1889 3755 1966 3818 εἷς

291 3846 392 3901 τὸν
456 3846 666 3918 θερινὸν
726 3845 986 3921 τροπικόν
1023 3865 1036 3877 ·
1096 3841 1388 3900 κατάϐασιν
1440 3845 1679 3921 βορείαν,
1732 3846 1822 3900 ἀπ⁶
1873 3845 1966 3902 αὖ-

291 3939 398 3990 τοῦ
490 3931 752 4000 δηλονότι
840 3933 927 3989 ἐπὶ
1009 3933 1100 3988 τὸν
1164 3934 1535 4011 μετοπωρινὸν
1599 3933 1914 4006 ἰσημερινόν
1952 3949 1965 3962 ’

293 4019 603 4080 κατάϐασιν
661 4021 847 4077 νοτίαν
902 4022 1008 4077 ἀπὸ
1060 4027 1156 4077 τοῦ
1194 4023 1448 4078 τοιούτου
1500 4022 1825 4098 ἰσημερινοῦ
1882 4022 1968 4077 ἐπὶ

292 4114 394 4168 τὸν
429 4112 751 4187 χειμερινὸν
792 4107 1055 4186 τροπικόν
1089 4131 1100 4142 ·
1152 4112 1241 4166 καὶ
1291 4107 1544 4166 ἀνάϐασιν
1605 4115 1812 4181 νοτίαν,
1864 4112 1969 4167 ἀπὸ

295 4206 402 4256 τοῦ
465 4205 788 4276 χειμερινοῦ
835 4205 1101 4273 τροπικοῦ
1177 4200 1265 4255 ἐπὶ
1314 4202 1405 4256 τὸν
1467 4201 1676 4277 ἐαρινὸν
1719 4203 1971 4278 ἷσημερι·

296 4290 395 4344 νόν
451 4292 567 4362 (69)
599 4309 612 4322 °
649 4289 738 4344 καὶ
783 4289 1039 4362 πέμπτην
1090 4289 1189 4356 τήν
1241 4287 1480 4342 ἐναντίαν
1522 4294 1602 4360 τῷ
1657 4289 1838 4346 παντί.
1873 4290 1971 4343 Εἷ-

293 4381 424 4434 πὼν
509 4376 600 4432 οὗν
677 4379 780 4447 τῆν
857 4377 1228 4453 πεντάτροπον
1306 4377 1471 4431 αὐτοῦ
1555 4377 1768 4448 κίνησιν
1807 4423 1820 4447 ,
1883 4376 1972 4432 διὰ

291 4473 405 4533 τῆς
455 4469 779 4538 προσθήκης
833 4471 930 4521 106
988 4464 1190 4539 ἄρθρου
1223 4469 1335 4539 (70)
1390 4467 1488 4534 τήν
1545 4469 1822 4542 γνώριμον
1881 4467 1970 4522 καὶ

293 4559 520 4628 συνήθη
582 4555 838 4635 ὑπέφηνε.
887 4556 962 4611 Τὸ
1021 4552 1080 4610 δὲ
1126 4553 1178 4608 ἐν
1237 4554 1452 4618 τούτοις
1510 4553 1806 4628 λεγόμενον
1870 4557 1970 4611 ὑπὸ

2075 3412 2170 3462 vat
2195 3410 2360 3461 Pater
2380 3413 2583 3462 sancto
2607 3407 2925 3479 Polycarpo
2959 3408 3087 3476 ejus
3120 3406 3406 3475 historiae,
3428 3424 3560 3478 qua
3589 3425 3732 3464 con-

2075 3494 2208 3565 tigit
2240 3495 2348 3548 sub
2379 3494 2507 3566 ipso
2537 3495 2678 3550 Jesu
2709 3495 2885 3563 Nave,
2910 3499 2970 3549 ut
2994 3512 3121 3550 eam
3146 3495 3538 3567 Apollophani
3559 3513 3737 3569 Oppo-

2077 3588 2198 3638 nat.
2232 3584 2324 3638 Ait
2356 3584 2638 3653 ergozDic
2669 3587 2730 3638 tu
2761 3583 2844 3638 illi
2868 3601 2880 3639 :
2903 3584 3004 3639 Vel
3029 3585 3155 3654 jam
3175 3585 3391 3656 accipe,
3417 3602 3533 3656 qua
3556 3586 3736 3640 ratio-

2079 3690 2150 3728 ne
2184 3673 2337 3728 Deus
2369 3672 2551 3728 solem
2585 3677 2642 3728 et
2672 3673 2874 3729 lunam
2909 3677 3050 3728 tunc
3081 3689 3213 3728 cum
3246 3675 3575 3729 secundum
3608 3675 3732 3730 dia-

2080 3761 2384 3818 metralem
2416 3760 2635 3816 lineam
2667 3779 2696 3816 e
2728 3761 2963 3833 regione
2994 3777 3123 3817 sese
3163 3768 3582 3834 respectarent,
3617 3763 3741 3820 sole

2079 3851 2314 3921 quidem
2339 3851 2465 3921 jam
2500 3851 2845 3922 devergente
2877 3851 2935 3905 in
2969 3867 3266 3921 occasum,
3292 3856 3613 3922 utrumque
3640 3852 3735 3907 lu-

2080 3939 2305 3994 minare
2336 3940 2872 4010 subsisterejussit
2906 3943 2960 3995 in
2995 3940 3244 3996 statione
3275 3957 3414 4005 sua;
3441 3941 3616 4013 idque
3650 3941 3734 3996 fa-

2080 4032 2240 4083 ctum
2272 4045 2401 4083 esse
2432 4028 2631 4099 negari
2666 4045 2779 4083 non
2815 4032 3007 4099 potest
3035 4028 3316 4083 ineffabili
3341 4029 3443 4084 Dei
3470 4030 3735 4100 ipsorum

2080 4116 2304 4187 opilicis
2336 4116 2623 4188 potentia:
2648 4123 2836 4172 totum
2872 4118 3432 4188 insuperimmobile
3464 4118 3739 4173 subsistit

2081 4222 2199 4259 una
2230 4222 2363 4260 cum
2399 4211 2648 4276 utroque
2679 4205 2981 4262 luminari.
3009 4205 3235 4260 Etenim
3263 4223 3377 4261 non
3402 4205 3613 4261 ccelum
3645 4207 3734 4278 ip-

2082 4311 2236 4360 sum,
2253 4311 2366 4349 non
2392 4294 2655 4366 reliquus
2673 4294 2976 4349 stellarum
3003 4295 3218 4350 chorus
3240 4299 3360 4350 toto
3383 4295 3739 4351 oberrabant

2083 4384 2240 4454 polo;
2260 4384 2356 4438 sed
2377 4400 2506 4438 cum
2529 4384 2758 4439 duobus
2777 4383 2893 4438 illis
2915 4383 3333 4452 luminaribns,
3350 4383 3474 4439 suis
3494 4401 3740 4454 queque

2081 4472 2320 4527 sedibus
2351 4473 2766 4527 substiterunt.
2791 4472 2907 4527 Hoc
2937 4473 3093 4526 enim
3119 4473 3339 4527 indicat
3365 4491 3377 4528 :
3404 4474 3556 4529 258
3587 4473 3737 4543 Ἅμα

2079 4563 2159 4632 τῷ
2185 4560 2342 4613 παντὶ
2375 4559 2512 4635 πρὸς
2557 4559 2618 4613 τὸ
2649 4558 2823 4629 πάντη
2857 4559 3113 4628 ἀκίνητον
3149 4559 3461 4634 ὁρίζωνται,
3498 4561 3740 4632 perinde

291 4651 405 4702 106
457 4666 685 4721 πατρος,
718 4646 1006 4717 νοήσωμεν
1050 4643 1242 4704 οὕτως.
1277 4644 1632 4716 Ὑποθώμεθα
1676 4646 1767 4698 τὸν
1808 4643 1967 4713 ἥλιον

2082 4653 2256 4720 atque
2287 4651 2416 4721 ejus
2463 4651 2649 4704 totius
2679 4650 2795 4704 diei
2846 4649 3137 4704 dimensio
3187 4649 3503 4705 excreverit
3547 4651 3740 4722 spatio

297 4739 450 4792 εἶναι
483 4735 620 4789 κατά
648 4735 748 4803 τῆν
782 4732 994 4808 ἡμέραν
1025 4732 1232 4800 ἐκείνην
1265 4735 1333 4805 τῇ
1380 4730 1495 4803 ὥρᾳ
1545 4739 1646 4800 τῆς
1700 4731 1974 4803 ἀνατολῆς

297 4825 359 4881 ἐν
412 4828 485 4898 τῇ
539 4824 734 4897 πρώτῃ
795 4821 961 4896 μοίρᾳ
1006 4825 1104 4875 106
1146 4825 1332 4895 Κριοῦ.
1377 4819 1469 4883 Εἷς
1512 4822 1611 4889 τῆν
1662 4820 1828 4890 αὐτὴν
1880 4821 1970 4877 οὖν

307 4921 520 4990 μοῖραν
555 4910 872 4974 ἐπανελθεῖν
908 4909 1067 4965 αὐτὸν
1101 4908 1198 4964 οὐκ
1225 4910 1293 4978 ἧν
1326 4907 1571 4977 δυνατὸν,
1601 4911 1644 4964 εὶ
1699 4912 1774 4982 μὴ
1805 4913 1973 4980 ποιή-

301 5025 459 5059 σεται
493 5003 592 5070 τῆν
621 5005 985 5076 προταγεῖσαν
1018 4999 1387 5073 πεντάτροπον
1432 4997 1668 5069 κίνησιν,
1701 4997 1870 5074 ἤγουν
1907 4999 1978 5055 δι’

297 5095 540 5168 ἡμερῶν
594 5091 696 5162 τξε¹
742 5091 878 5162 (74),
921 5089 1009 5143 καὶ
1065 5087 1522 5162 τεταρτημόριον.
1559 5089 1645 5142 Ἐν
1705 5089 1794 5142 οῦν
1854 5094 1972 5152 ταῖς

294 5182 438 5238 δέκα
474 5181 662 5256 ὥραις,
694 5184 816 5239 ταῖς
848 5177 952 5231 ἀπὸ
983 5181 1080 5232 106
1113 5176 1281 5231 τόπου
1315 5176 1364 5230 ἐν
1418 5177 1462 5248 ᾧ
1519 5181 1710 5252 γέγονε
1761 5179 1823 5232 τὸ
1881 5200 1976 5248 ση,

302 5277 498 5344 μεῖον,
531 5266 633 5330 ἕως
692 5267 859 5322 πάλιν
917 5273 1016 5336 τῆς
1052 5264 1103 5320 ἐν
1154 5267 1223 5335 τῇ
1272 5263 1512 5338 ἀνατολῇ
1571 5268 1796 5341 πρώτης
1850 5267 1976 5340 μοί-

301 5382 410 5438 ρας
471 5364 570 5414 τοῦ
629 5360 818 5432 Κριοῦ,
870 5356 970 5424 τὴν
1027 5354 1237 5410 τελείαν
1293 5353 1725 5409 ἀποκατάστασιν
1784 5354 1974 5426 ἐποιή-

299 5469 469 5505 σατο.
507 5447 608 5501 Καὶ
660 5445 796 5500 κατὰ
836 5448 1022 5511 τοῦτο,
1081 5443 1196 5498 ἐπεὶ
1251 5441 1438 5506 ἄλλως
1500 5443 1597 5498 οὐκ
1642 5443 1707 5512 ἦν
1741 5441 1973 5518 ἅψασθαι

293 5542 411 5595 τοῦ
469 5542 571 5604 τῆς
622 5535 848 5610 πρώτης
911 5533 1104 5608 μοίρας
1166 5533 1400 5606 σημείου
1470 5537 1567 5588 τοῦ
1639 5535 1812 5608 Κριοῦ
1881 5535 1970 5589 τὸν

384 5728 474 5804 (u)
502 5727 643 5802 Cap.
677 5743 718 5799 ι,
749 5741 804 5784 v.
835 5724 926 5782 24.

645 5856 912 5922 mnu.
959 5855 1072 5919 Gn.
1117 5853 1222 5926 IV.

1007 5725 1078 5797 (υ)
1111 5721 1284 5782 Eceli.
1319 5739 1472 5796 XLVI,
1504 5724 1560 5780 5.

2085 4739 2393 4793 duodecim
2425 4739 2740 4804 horarum;
2776 4738 2998 4793 interea
3032 4738 3312 4808 temporis
3343 4739 3401 4794 in
3436 4739 3563 4794 suis
3590 4757 3744 4810 quae-

2085 4843 2197 4898 que
2229 4827 2413 4897 signis
2447 4827 2786 4890 luminaria,
2819 4827 3031 4882 caalum
3066 4844 3302 4898 quoque
3342 4827 3534 4899 ipsum
3566 4828 3739 4882 fixius

2085 4916 2442 4971 restiterunt.
2480 4917 2640 4982 Quod
2675 4922 2869 4971 autem
2903 4915 3084 4986 dupla
3115 4916 3186 4971 ad
3220 4920 3460 4972 caeteros
3494 4933 3740 4988 propor-

2087 5004 2242 5058 tione
2273 5021 2339 5059 ea
2369 5005 2494 5060 dies
2543 5005 2894 5072 accreverit;
2939 5004 3270 5060 luculenter
3317 5005 3540 5059 indicat
3568 5006 3740 5061 Jesus

2086 5094 2242 5147 ﬁlius
2273 5093 2474 5148 Sirach
2509 5093 2566 5147 in
2614 5094 2832 5165 hymno
2863 5094 3101 5149 Patrum
3136 5095 3231 5164 (υ).
3284 5098 3430 5149 Nam
3461 5094 3531 5148 ad
3569 5095 3742 5150 horas

2085 5187 2338 5254 quatuor
2368 5199 2548 5252 supra
2580 5181 2790 5252 viginti
2823 5182 2948 5237 dies
2980 5182 3084 5237 illa
3120 5183 3229 5237 sub
3262 5182 3398 5237 Jesu
3428 5183 3582 5238 Nave
3611 5201 3742 5254 por-

2086 5275 2241 5325 recta
2276 5276 2654 5333 memoratur,
2688 5271 3190 5341 quemadmodum
3244 5270 3296 5325 is
3343 5273 3651 5342 expressit.
3685 5273 3745 5327 Si

2085 5376 2216 5414 vero
2249 5358 2525 5414 reclamet
2555 5359 3008 5431 Apollophanes,
3043 5359 3411 5431 impossibile
3451 5362 3653 5417 dicens
3687 5368 3749 5416 ut

2085 5447 2211 5502 caeli
2244 5440 2454 5502 cursus
2497 5449 2724 5502 restitet
2771 5449 3077 5518 (perpetuo
3126 5449 3284 5503 enim
3317 5450 3514 5522 agitur
3542 5453 3748 5531 metu),

2081 5535 2212 5592 vide
2244 5536 2328 5593 illi
2365 5541 2427 5592 ut
2476 5536 2856 5609 respondeas,
2903 5537 3043 5608 quia
3088 5537 3178 5592 vel
3208 5537 3319 5594 hoc
3365 5540 3603 5595 nomine
3636 5538 3750 5594 tale

3343 5857 3422 5916 15
