4108 6382
347 380 453 437 459

1157 372 1527 429 APPENDIX
1561 372 1661 424 AD
1698 367 1943 424 ΟΡΕΒΔ
1981 367 2038 421 8.
2080 365 2401 421 DIONYBII
2438 363 2944 419 AREOPAGITE.

3670 363 3779 419 460

348 505 684 578 prodigium
703 502 946 575 dignum
964 498 1145 555 videri
1166 498 1338 554 debet
1368 492 1577 566 majori
1601 490 1786 547 multo
1815 489 2000 546 admi-

2119 484 2293 578 ἥλιονΔ
2315 484 2521 557 πάλιν’,
2552 483 2597 539 εἷ
2651 485 2726 558 μὴ
2790 484 2925 558 μετά
2968 482 3182 540 τελείου
3211 483 3421 561 χρόνου
3451 483 3772 563 περαίωσιν,

348 596 597 661 ratione,
623 592 781 665 quod
811 596 869 646 et
900 594 955 645 te
978 587 1182 644 debuit
1212 587 1283 643 ad
1309 582 1760 658 amplexandam
1786 581 1904 637 veri
1924 579 2008 651 ip-

347 683 474 741 sius
511 683 604 738 Dei
637 681 812 736 ﬁdem
846 687 1199 743 convertere,
1231 681 1289 732 et
1336 676 1407 730 ad
1458 690 1659 729 eorum
1693 671 2009 743 perducere

346 772 766 844 cognitionem,
798 786 929 841 quae
960 769 1031 824 de
1080 769 1209 839 ipso
1259 765 1653 838 praedicantur
1684 778 1697 818 :
1732 760 1903 835 polus
1935 759 2011 815 si-

345 862 609 935 quidem,
640 860 742 933 qui
794 857 1116 914 luminaria
1167 855 1446 924 continet,
1477 852 2005 923 circumagebatur.

343 960 492 1016 Nam
525 963 583 1014 et
630 958 741 1014 hoc
794 956 1081 1028 expressit
1124 953 1323 1010 dicens
1357 970 1369 1008 :
1401 952 1522 1006 Τῶν
1572 947 1716 1003 ὅλων
1766 947 1856 1002 καὶ
1901 949 2009 1000 τῶν

344 1046 670 1123 κρειττόνων
732 1044 822 1099 καὶ
882 1041 1276 1117 περιεχόντων.
1328 1041 1564 1097 Contra.
1618 1037 1715 1095 Sol
1765 1042 1823 1093 et
1869 1036 2012 1092 luna

351 1137 573 1209 alioqui
624 1135 756 1208 polo
814 1135 942 1207 ipso
1000 1131 1281 1202 contenti,
1345 1127 1683 1186 immobiles
1741 1126 2011 1200 persiste-

349 1227 514 1294 bant,
562 1240 666 1280 nec
710 1225 835 1295 jam
887 1223 1059 1294 juxta
1108 1224 1450 1277 consuetam
1498 1217 1778 1273 lationem
1828 1214 2012 1272 simul

353 1332 488 1371 cum
522 1312 652 1384 polo
685 1313 1092 1377 movebantur,
1127 1326 1383 1382 quocum
1428 1324 1660 1379 semper
1689 1303 2011 1377 circumagi

353 1416 728 1470 consuerant.
765 1410 995 1466 Rursus
1028 1408 1280 1464 Ezechiae
1310 1411 1595 1477 tempore,
1621 1403 1856 1476 quando
1898 1400 2013 1457 alia

352 1503 624 1575 quaedam
655 1501 781 1555 dies
810 1498 989 1570 tripla
1005 1496 1430 1570 propemodum
1450 1494 1822 1566 proportione
1853 1494 2014 1548 caete-

353 1591 433 1647 ris
464 1591 652 1661 major
678 1588 1046 1645 continenter
1062 1586 1192 1641 fuit.
1214 1585 1397 1640 Dictio
1432 1579 1627 1657 σχεδόν
1662 1598 1728 1638 eo
1750 1580 2010 1650 accessit,

354 1681 508 1754 quod
534 1679 637 1735 illa
665 1678 786 1735 dies
820 1695 935 1733 non
953 1691 1383 1749 usquequaque
1406 1674 1579 1746 plena
1602 1670 1776 1729 fuerit
1799 1669 2013 1740 triplici

355 1768 726 1826 dimensione
751 1783 764 1822 :
792 1768 1045 1823 duarum
1062 1765 1221 1820 enim
1240 1769 1297 1820 et
1313 1763 1550 1836 triginta
1581 1763 1690 1817 fuit
1710 1762 2009 1816 horarum.

354 1870 441 1925 Ab
472 1868 697 1925 oriente
726 1864 1023 1936 siquidem
1058 1863 1129 1918 ad
1162 1879 1295 1918 eum
1327 1876 1517 1932 usque
1546 1860 1766 1925 locum,
1797 1859 1857 1913 in
1890 1874 2006 1929 quo
2046 1865 2093 1931 Β

357 1956 443 2013 sol
481 1962 609 2011 tum
639 1955 916 2011 inventus
946 1957 1060 2018 est,
1092 1952 1325 2023 quando
1347 1950 1570 2007 editum
1603 1952 1692 2004 est
1720 1948 2010 2019 ejusmodi

356 2045 620 2116 signum,
651 2044 853 2099 decem
885 2040 1045 2097 illius
1091 2039 1206 2095 diei
1252 2038 1514 2095 exierant
1542 2037 1719 2092 horas.
1753 2037 2009 2092 Rursum

356 2133 553 2190 altera
586 2132 812 2198 decem,
846 2146 961 2203 quo
993 2145 1241 2186 excursu
1272 2125 1557 2198 temporis
1588 2126 1752 2180 illinc
1781 2124 1891 2180 iter
1921 2141 2009 2180 re-

355 2222 515 2277 ﬂexit
544 2220 631 2277 sol
665 2221 735 2276 ad
769 2220 1074 2276 orientem.
1111 2217 1374 2288 Itemque
1405 2216 1567 2271 illinc
1589 2215 1663 2271 ab
1684 2214 1905 2271 oriente
1936 2215 2006 2269 ad

352 2311 664 2367 occiduum
696 2325 885 2381 usque
913 2307 1162 2364 limitem
1190 2306 1448 2377 perlatus
1478 2310 1569 2361 est
1596 2304 1759 2360 horis
1788 2304 2007 2359 duode-

352 2400 469 2457 cim
510 2400 579 2455 ‘3.
629 2403 746 2455 Hac
793 2414 931 2454 sane
981 2396 1213 2453 dicendi
1258 2393 1513 2451 formula
1558 2410 1704 2449 usus
1752 2392 1848 2448 hic
1897 2398 2005 2461 est,

349 2500 505 2572 quod
534 2498 703 2570 polus
738 2497 864 2569 ipse
894 2512 1013 2551 una
1044 2511 1177 2550 cum
1209 2492 1487 2560 sole,toto
1516 2491 1615 2548 illo
1644 2490 2007 2547 interceden-

347 2593 405 2644 te
435 2588 625 2658 spatio
672 2586 953 2641 horarum
1004 2583 1232 2655 viginti,
1266 2583 1571 2639 obversam
1622 2580 1784 2636 illam
1831 2586 2007 2652 atque

349 2675 695 2733 circularem
726 2675 1005 2730 lationem
1038 2689 1219 2744 supra
1263 2677 1484 2727 naturae
1515 2670 2007 2727 consuetudinem

346 2765 656 2838 peregerit,
706 2768 809 2820 aut
860 2762 1000 2833 quia
1047 2761 1131 2818 sol
1180 2761 1305 2832 ipse
1354 2776 1485 2815 eam
1533 2758 1776 2815 absolvit
1820 2757 2002 2814 solus.

345 2868 467 2919 Hoc
498 2864 673 2936 plane
702 2862 927 2918 indicat
964 2862 1163 2916 dicens
1196 2878 1209 2916 :
1242 2859 1311 2913 "H
1357 2859 1419 2913 τὸ
1451 2863 1554 2912 πᾶν
1582 2855 1843 2912 τοσούτου
1875 2856 2009 2932 χρό-

347 2972 465 3023 νου,
527 2948 789 3021 δηλονότι
845 2946 1049 3004 εἷ’κοσιν
1111 2948 1293 3023 ὡρῶν,
1353 2946 1526 3025 φορὰς
1594 2944 1826 3007 ἐναντίας
1886 2946 2009 2999 ἀνα-

345 3037 583 3112 ποδίζει,
622 3037 659 3109 ἢ
691 3039 719 3095 ὁ
766 3039 925 3108 ¹ἣλιος
972 3035 1101 3110 ΐδίῳ
1148 3034 1341 3111 δρόμῳ
1369 3036 1470 3104 τὴν
1501 3034 1761 3106 τοιαύτην
1793 3033 2004 3105 κίνησιν

346 3128 664 3199 ἐποιήσατο.
717 3130 880 3195 Quod
930 3133 1125 3184 autem
1174 3129 1274 3199 ait,
1322 3126 1719 3202 πεντάτροπον,
1765 3124 1876 3180 hoc
1919 3130 2010 3181 est

346 3220 849 3293 quinquiformem
898 3218 1061 3273 illam
1111 3217 1255 3273 solis
1306 3216 1647 3283 motionem,
1681 3215 1767 3271 sic
1804 3215 2002 3287 accipe
2031 3231 2077 3301 α
2120 3272 2159 3323 μ

344 3310 571 3366 dictum
606 3325 619 3364 :
653 3307 1109 3364 Anniversarius
1132 3306 1268 3363 solis
1294 3309 1491 3362 motus
1519 3304 1778 3376 quinque
1808 3306 2001 3361 absol-

344 3398 503 3454 vitur
534 3395 972 3453 mutationibus
1020 3395 1141 3450 sive
1191 3392 1692 3450 conversionibus.
1729 3391 2005 3461 Primam,

348 3510 527 3567 quam
562 3510 875 3549 ascensum
927 3490 1333 3563 aquilonarem
1384 3490 1658 3558 dicimus,
1710 3490 1945 3545 conﬁcit
1975 3507 2010 3545 a

349 3600 527 3639 verno
572 3582 922 3654 aequinoctio
981 3582 1052 3636 ad
1111 3581 1377 3635 mstivum
1428 3596 1618 3650 usque
1665 3579 2006 3650 solstitium,

348 3672 617 3737 alteram,
648 3686 827 3742 quam
863 3668 1158 3725 borealem
1205 3672 1418 3725 vocant
1469 3670 1842 3735 descensum,
1875 3685 2011 3740 per-

346 3761 533 3817 currit
564 3760 635 3815 ab
667 3760 776 3815 hoc
803 3758 1056 3814 solstitio
1089 3759 1160 3813 ad
1194 3756 1540 3813 autumnale
1561 3757 2011 3839 aequinoctium;

342 3860 603 3929 tertiam,
627 3876 754 3929 quea
778 3857 1088 3913 austrinus
1109 3857 1330 3912 dicitur
1346 3857 1470 3913 sive
1492 3857 1902 3915 meridionalis
1920 3860 2013 3915 de-

344 3966 614 4016 scensus,
652 3948 805 4005 259
854 3964 888 4002 a
932 3946 1199 4019 proximo
1246 3946 1602 4017 aequinoctio
1651 3948 1910 4003 extendit
1939 3950 2012 4006 ad

340 4038 661 4094 hibernum
687 4036 1043 4103 solstitium;
1067 4040 1500 4107 quartam,quaa
1526 4036 1831 4092 austrinus
1849 4053 2013 4094 voca-

338 4140 441 4192 tur
470 4142 775 4196 ascensus,
808 4125 880 4181 ab
912 4125 1159 4179 hiberno
1188 4124 1414 4196 tropico
1445 4126 1514 4179 ad
1546 4139 1793 4180 vernum
1822 4125 2011 4181 dedu-

342 4216 430 4271 xit
484 4215 923 4287 aequinoctium.
985 4213 1164 4268 Porro
1234 4212 1441 4285 quinta
1508 4213 1812 4269 conversio
1869 4215 2012 4271 solis

348 4329 595 4385 prorsus
653 4310 949 4366 contraria
1007 4310 1120 4384 ipsi
1178 4310 1310 4383 polo
1364 4316 1473 4366 est.
1529 4310 1775 4374 Quando
1833 4311 2013 4383 igitur

340 4400 489 4458 dixit
514 4399 615 4468 τὴν
648 4397 1038 4474 πεντάτροπον,
1071 4398 1234 4455 illam
1266 4398 1770 4471 quinquiformem
1803 4401 2013 4458 motio-

339 4508 473 4547 nem
507 4490 671 4559 solis,
724 4489 1095 4563 appositione
1148 4488 1382 4545 articuli
1428 4489 1552 4561 τήν,
1607 4490 2011 4548 subindicavit

2119 574 2169 630 ἐν
2196 575 2241 648 ᾦ
2272 572 2338 645 δὴ
2370 574 2557 650 χρόνῳ
2600 573 2693 629 καὶ
2744 576 2778 643 ἡ
2813 572 3190 653 πεντάτροπος
3250 571 3490 629 τελεῖται
3542 574 3778 650 κίνησις,

2119 662 2434 739 λογίζονται
2476 663 2530 718 αἱ
2590 659 2717 717 δέκα
2749 663 2912 737 ὧραι,
2944 663 3057 738 οὐχ
3080 662 3136 716 αἱ
3164 666 3379 737 πρῶται
3412 659 3652 734 δηλαδὴ,
3688 662 3779 720 α’ί-

2117 773 2261 815 τινες
2320 754 2479 821 ἦσαν,
2528 752 2846 822 κινηθέντος
2922 751 3030 805 ἀπὸ
3112 749 3385 817 ἀνατολῆς
3456 756 3553 808 106
3611 750 3781 824 ἡλίου

2123 840 2288 917 μέχρι
2348 845 2443 895 106
2487 841 2660 896 τόπου
2708 840 2760 895 έν
2812 841 2857 913 ᾧ
2903 841 2967 896 τὸ
3015 846 3243 910 σημεῖον
3295 840 3381 895 ἐπὶ
3432 846 3514 915 τῷ
3570 843 3784 916 Ἐζεκίᾳ

2121 931 2357 1006 ἐγένετο,
2414 929 2543 987 ἀλλ’
2601 932 2655 985 αἱ
2716 932 2820 986 ἀπὸ
2875 930 3072 986 τούτου
3124 934 3225 986 106
3274 931 3506 1005 σημείου
3548 933 3623 995 εἰς
3680 935 3783 1004 τήν

2117 1018 2388 1089 ἀνατολὴν
2415 1018 2993 1096 ὄπισθοδρομήσαντος
3009 1025 3107 1075 τοῦ
3130 1019 3297 1089 ἡλίου
3321 1016 3776 1081 διαϐιϐασθεῖσαι.

2117 1110 2285 1167 Αὗται
2345 1111 2436 1164 οὗν
2488 1111 2542 1164 αἱ
2583 1107 2710 1164 δέκα
2757 1108 2916 1186 ὧραι,
2950 1109 3066 1164 ἐπεὶ
3114 1108 3279 1164 πάλιν
3312 1109 3388 1172 εἷς
3417 1111 3517 1181 τὴν
3557 1111 3779 1167 ὑποκει-

2123 1201 2289 1273 μένην
2343 1199 2568 1275 πρώτην
2625 1203 2820 1274 μοῖραν
2870 1203 2967 1253 106
3020 1202 3187 1273 Κριοῦ
3220 1198 3249 1252 ό
3302 1198 3466 1268 ἥλιος
3520 1197 3779 1276 ἐγεγόνει,

2119 1286 2436 1364 λογίζονται
2468 1288 2542 1349 ὡς
2572 1286 2811 1349 ἐνιαυτὸς
2837 1285 3150 1361 ὁλόκληρος
3182 1306 3196 1319 ·
3245 1287 3458 1344 συνεῖλε
3499 1289 3599 1364 γὰρ
3658 1292 3779 1346 ἁνα-

2119 1373 2359 1441 λυτικῶς
2420 1379 2630 1432 ἅπασαν
2686 1379 2787 1447 τήν
2830 1382 2927 1431 τοῦ
2957 1375 3164 1453 χρόνου
3193 1375 3472 1453 περίοδον,
3504 1379 3777 1437 ἀποκατα-

2121 1466 2246 1529 στὰς
2324 1467 2377 1522 ἐν
2457 1471 2538 1540 τῷ
2620 1467 2737 1522 κατ’
2791 1465 2998 1537 ἐκείνην
3060 1467 3160 1537 τήν
3218 1466 3427 1541 ἡμέραν
3484 1468 3778 1529 ἀνέτειλεν.

2118 1560 2368 1624 Ἔπειτα,
2425 1555 2592 1611 πάλιν
2653 1557 2968 1626 κινηθέντος
3026 1556 3118 1611 ἀπ’
3174 1554 3467 1626 ἀνατολῆς,
3509 1555 3623 1613 ἐπεὶ
3678 1559 3783 1616 οὐκ

2118 1645 2185 1713 ἦν
2244 1641 2434 1709 ἄλλως
2481 1643 2794 1709 ἐπανελθεῖν
2848 1644 2924 1708 εἷς
2984 1644 3157 1700 ἐκεῖνο
3212 1645 3277 1699 τὸ
3335 1651 3589 1720 σημεῖον,
3630 1648 3685 1704 ἐν
3728 1651 3776 1723 ᾧ

2120 1731 2277 1798 ὄντος
2317 1733 2482 1788 αὐτοῦ
2534 1735 2598 1788 τὸ
2657 1732 2745 1788 ἐπὶ
2799 1738 2879 1805 τῷ
2911 1732 3123 1805 Ἐζεκίᾳ
3179 1738 3408 1808 σημεῖον
3470 1732 3696 1813 ὶγένετο,
3730 1739 3780 1794 εἶ

2126 1822 2203 1895 μή
2230 1823 2366 1877 κατᾶ
2394 1822 2687 1898 περαίωσιν
2720 1820 3037 1897 ὁλοκλήρου
3079 1823 3287 1898 χρόνου
3345 1821 3437 1878 καί
3486 1826 3778 1904 πεντάτρο-

2121 1931 2223 1964 πον
2256 1910 2468 1981 κίνησιν
2501 1929 2513 1941 ·
2542 1909 2593 1965 ἐν
2640 1908 2766 1965 δέκα
2794 1908 2850 1965 δὲ
2874 1907 3040 1965 πάλιν
3086 1910 3253 1985 ὥραις
3309 1910 3481 1967 ἐκεῖσε
3530 1915 3777 1971 ἀποκατ-

2121 1997 2246 2070 έστη
2288 2017 2299 2031 ·
2336 1997 2425 2054 διὰ
2478 2004 2640 2055 τοῦτο
2688 1999 2784 2062 τὰς
2830 1997 3084 2062 τοιαύτας
3132 1997 3259 2055 δέκα
3301 1999 3466 2077 ὥρας,
3514 2004 3612 2069 τὰς
3667 2004 3776 2062 ἀπὸ

2120 2089 2388 2160 ἀνατολῆς
2445 2087 2551 2153 ἕως
2606 2094 2703 2146 106
2761 2090 2993 2164 σημείου
3053 2089 3278 2164 ἐκείνου,
3341 2091 3457 2147 ἀντὶ
3501 2090 3778 2151 ἐνιαυσίου

2118 2174 2394 2253 παρέλαϐε
2440 2178 2530 2234 καὶ
2588 2180 2962 2255 πεντατρόπου
3018 2181 3287 2250 κινήσεως
3322 2199 3336 2213 ο
3392 2181 3493 2237 οὐκ
3542 2183 3610 2253 ἦν
3668 2184 3769 2259 γὰρ

2115 2268 2207 2323 τὸν
2240 2267 2401 2337 ἥλιον
2464 2270 2599 2340 ἅπαξ
2660 2268 2967 2324 ἀποστάντα
3022 2273 3121 2324 106
3175 2270 3312 2324 κατὰ
3338 2271 3439 2339 τὴν
3500 2272 3774 2345 ἀνατολὴν

2116 2358 2375 2429 σημείου,
2409 2357 2720 2413 ἐπανελθεῖν
2776 2358 2852 2421 εἷς
2912 2357 3065 2428 αὐτὸ,
3098 2357 3142 2413 εἰ
3196 2360 3273 2431 μὴ
3322 2359 3459 2415 κατά
3513 2360 3784 2419 ἰνιαύσιον

2115 2444 2370 2523 περίοδον
2409 2467 2421 2480 ⁸
2453 2446 2543 2502 καὶ
2601 2446 2703 2502 οὐκ
2748 2448 2815 2517 ἦν
2862 2446 3074 2518 ἄλλως,
3106 2446 3244 2517 ἅπαξ
3302 2447 3613 2505 ἀποστάντα
3671 2452 3781 2507 ἀπὸ

2113 2539 2212 2589 106
2273 2534 2524 2608 σημείου,
2583 2535 2717 2599 καθὸ
2768 2535 2829 2589 τὸ
2872 2533 2961 2589 ἐπὶ
3030 2534 3244 2608 Ἐζεκίᾳ
3287 2542 3518 2609 σημεῖον
3560 2539 3778 2614 γέγονε,

2114 2622 2281 2679 πάλιν
2328 2622 2644 2688 ἐπανελθεῖν
2695 2624 2772 2687 εἰς
2824 2625 2977 2693 αὐτὸ,
3029 2625 3075 2680 εἰ
3127 2626 3204 2698 μὴ
3261 2646 3398 2681 κατα
3448 2625 3775 2683 ἑνιαυσιαίαν

2115 2714 2299 2789 ἑτέραν
2331 2713 2422 2768 καὶ
2452 2713 2619 2769 πάλιν
2660 2710 2918 2790 πρόοδον.
2955 2713 3052 2768 Καὶ
3104 2711 3194 2769 διὰ
3238 2718 3401 2770 τοῦτο
3448 2713 3592 2791 λέγει
3626 2737 3639 2749 ·
3674 2718 3774 2775 Ἦν

2117 2802 2443 2858 ἐνιαυσιαίαν
2519 2802 2734 2874 κίνησιν
2824 2802 3067 2858 συνεῖλεν
3150 2800 3493 2867 ἂναλυτικῶς
3544 2805 3595 2860 ἒν
3648 2803 3778 2861 δέκα

2118 2892 2307 2969 ὥραις,
2362 2892 2469 2947 ἀπὸ
2512 2898 2610 2948 106
2662 2894 2835 2948 τόπου
2893 2893 2945 2949 ἐν
3002 2893 3048 2967 ᾧ
3100 2893 3161 2948 τὸ
3208 2894 3347 2948 κατά
3392 2893 3485 2949 τὸν
3533 2895 3776 2964 Ἐζεκίαν

2117 2987 2346 3055 σημεῖον
2405 2979 2564 3052 ἐδόθη
2626 2980 2714 3037 ἐπὶ
2778 2983 2878 3052 τὴν
2938 2982 3210 3052 ἀνατολὴν
3269 2982 3616 3057 κινούμενος,
3669 2986 3772 3057 τὴν

2115 3071 2283 3140 αὐτὴν
2336 3069 2473 3141 ὅλην
2550 3068 2877 3126 ὲνιαυσιαίαν
2957 3065 3146 3145 τρίϐον
3226 3069 3278 3126 ἐν
3352 3071 3560 3149 ἑτέραις
3643 3069 3776 3130 δέκα

2116 3159 2282 3234 ὥραις
2328 3159 2417 3213 ἀπ’
2450 3156 2721 3229 ἀνατολῆς
2778 3159 2944 3236 μέχρι
2991 3162 3088 3213 τοῦ
3143 3160 3317 3215 τόπου
3376 3158 3428 3214 έν
3470 3160 3517 3233 ᾧ
3565 3161 3630 3216 τὸ
3672 3183 3775 3233 ση-

2163 3253 2271 3303 εῖον
2322 3247 2559 3324 γέγονεν,
2589 3247 2905 3318 ἐποιήσατο.
2940 3250 3118 3305 Τοῦτο
3173 3245 3230 3303 δὲ
3274 3249 3341 3316 ἦν
3394 3248 3485 3304 καὶ
3536 3250 3599 3304 τὸ
3644 3250 3777 3314 τους

2113 3333 2502 3400 Βαϐυλωνίους
2560 3335 2857 3409 έκπλῇξαν,
2914 3338 3006 3392 ἅτε
3057 3339 3145 3393 καὶ
3204 3337 3404 3403 αὐτοὺς
3448 3338 3773 3417 οὖρανοθεά-

2118 3447 2283 3501 μονας
2351 3425 2442 3480 καὶ
2525 3424 2901 3501 ἀστρολέσχας
2983 3421 3173 3496 ὄντας,
3230 3425 3321 3481 καὶ
3404 3428 3778 3498 καθυποτάξαν

2120 3518 2308 3593 μάχης
2365 3514 2518 3578 ἐκτὸς
2573 3519 2654 3588 τῷ
2718 3522 2820 3585 τῆς
2867 3513 3235 3588 Ἰερουσαλήμ
3288 3514 3525 3591 βασιλεῖ,
3575 3515 3777 3572 ὡσανεὶ

2118 3605 2312 3679 ίσοθέῳ
2358 3603 2465 3659 τινὶ
2515 3601 2652 3677 ὄντι,
2684 3603 2772 3659 καὶ
2807 3604 2940 3680 ὑπὲρ
2980 3602 3109 3667 τοὺς
3171 3602 3379 3667 ἄλλους
3425 3605 3775 3682 ἀνθρώπους.

2118 3695 2218 3750 Καὶ
2273 3694 2335 3749 οὗ
2376 3692 2523 3769 λέγω
2587 3692 2682 3758 τὰς
2744 3692 2796 3748 έν
2876 3691 3138 3769 Αἰγύπτῳ
3216 3694 3680 3771 θαυματουργίας,
3738 3694 3776 3764 ἢ

2120 3782 2294 3847 ἄλλας
2322 3783 2470 3845 τινας
2500 3781 2754 3857 ἀλλαχοῦ
2782 3783 3146 3858 γεγενημένας
3183 3803 3195 3817 ·
3233 3780 3358 3839 ἀλλ’
3389 3782 3569 3838 ἐκεῖνα
3597 3782 3776 3860 λέγω,

2121 3875 2255 3948 ἅπερ
2303 3873 2392 3927 καὶ
2453 3871 2505 3927 ἐν
2552 3876 2631 3945 τῷ
2688 3871 2903 3947 οὐρανῷ
2956 3870 3314 3948 έγεγόνεισαν,
3354 3873 3446 3928 καὶ
3497 3873 3634 3928 κατὰ
3678 3874 3774 3930 τὸν

2118 3964 2280 4035 ἥλιον
2335 3959 2647 4035 συνέϐησαν,
2678 3964 2770 4018 καὶ
2820 3960 2908 4018 διὰ
2952 3967 3112 4019 τοῦτο
3161 3969 3320 4020 πᾶσιν
3373 3960 3777 4041 έθριαμϐεύθη-

2120 4075 2213 4109 σαν
2258 4075 2271 4088 ·
2326 4051 2379 4108 εἷ’
2426 4074 2478 4107 τι
2532 4052 2635 4127 γὰρ
2692 4057 2773 4125 τῷ
2810 4051 2958 4127 ἡλίῳ
2986 4047 3249 4126 συμϐαίη,
3283 4050 3466 4119 οὐδείς
3505 4053 3620 4110 ἐστι
3664 4058 3771 4110 τῶν

2120 4145 2377 4219 ὁρώντων
2404 4141 2497 4196 τὸν
2530 4140 2716 4211 ἥλιον,
2750 4141 2808 4203 ’ὀς
2868 4142 2969 4196 οὐκ
3014 4139 3183 4197 έκεῖνο
3233 4140 3506 4207 θεάσαιτο.
3538 4141 3609 4201 Εἴ
3649 4144 3775 4217 μέν·

2116 4253 2203 4288 τοι
2263 4253 2326 4307 γε
2375 4229 2717 4302 διαπιστήσει
2777 4232 2805 4286 ὁ
2838 4228 3264 4308 Ἀπολλοφάνης
3314 4232 3451 4305 πρὸς
3493 4236 3682 4301 ταῦτα,
3723 4233 3778 4289 οἱ

2121 4324 2318 4398 Πέρσαι
2396 4322 2859 4396 μαρτυρήσουσιν,
2938 4319 3131 4391 οἳτινες
3218 4319 3423 4396 Μίθραν
3515 4321 3611 4395 μὶν
3681 4321 3775 4376 τὸν

2118 4414 2284 4485 ἥλιον
2344 4411 2609 4487 λέγουσι·
2655 4412 2718 4466 τὸ
2770 4409 3091 4487 παρέκταμα
3139 4408 3198 4467 δὲ
3235 4418 3335 4481 τῆς
3371 4410 3583 4487 ἡμέρας
3639 4411 3779 4467 ὲκεί-

2118 4528 2218 4576 νης
2275 4502 2365 4559 διὰ
2417 4509 2519 4572 τῆς
2572 4500 2800 4571 τελετῆς
2844 4505 2952 4555 τῶν
2992 4500 3360 4574 μνημοσύνων
3416 4505 3513 4557 τοῦ
3540 4500 3777 4577 τριπλα-

337 4597 467 4637 eam
502 4579 646 4637 solis
679 4579 1000 4636 motionem
1034 4577 1185 4635 nulli
1236 4595 1352 4635 non
1385 4595 1515 4635 esse
1547 4581 1921 4652 perspicuam
1953 4592 2008 4646 et

2122 4597 2239 4651 σίου
2299 4592 2654 4667 σημαίνουσιν
2696 4593 2830 4666 (72).
2861 4588 3017 4648 Ἀλλ’
3065 4585 3202 4646 ἔστω
3254 4596 3417 4647 τοῦτο
3451 4612 3464 4626 ·
3507 4592 3561 4648 τί
3616 4595 3777 4673 φησει

338 4694 442 4750 per
474 4677 964 4733 consuetudinem
1013 4682 1237 4732 notam.
1288 4676 1537 4732 Proinde
1569 4678 1640 4732 ad
1689 4677 1849 4733 hunc
1885 4695 2009 4735 mo-

340 4768 481 4822 dum
514 4767 918 4838 expendamus
970 4766 1111 4838 quid
1161 4765 1316 4821 Patri
1349 4782 1453 4837 per
1500 4766 1622 4821 haee
1666 4767 1843 4822 verba
1886 4768 2008 4823 dic-

337 4860 469 4911 tum
530 4855 627 4912 sit.
683 4856 1103 4927 Supponamus
1157 4854 1343 4911 solem
1394 4853 1497 4910 illa
1546 4855 1663 4925 die,
1719 4856 1860 4912 hora
1915 4842 2008 4912 sui

338 4949 502 5001 ortus
532 4945 716 5001 fuisse
760 4944 821 4999 in
872 4945 1066 5016 prima
1116 4953 1283 5016 parte
1325 4943 1563 4999 Arietis.
1616 4943 1819 5015 Itaque
1851 4947 2005 5017 quod

332 5035 419 5088 sol
451 5034 664 5106 ipsein
715 5034 867 5089 hanc
897 5033 1150 5105 primam
1205 5031 1413 5088 Arietis
1463 5035 1690 5104 partem
1741 5034 2007 5104 redierit,

335 5131 451 5186 nisi
482 5133 746 5187 confecta
791 5136 992 5202 (quam
1024 5130 1525 5203 praeseripsimus)
1575 5131 2005 5203 quinquiformi

333 5219 614 5289 motione,
647 5236 821 5276 nemo
851 5219 1131 5292 possibile
1163 5219 1396 5287 dixerit,
1439 5235 1544 5291 per
1576 5220 1700 5275 dies
1733 5221 2009 5279 videlicet

333 5312 624 5380 trecentos
654 5308 957 5381 sexaginta
1004 5309 1267 5381 quinque
1315 5317 1369 5364 et
1421 5313 1697 5380 quartam
1752 5315 2002 5382 partem.

333 5400 408 5454 At
444 5413 578 5454 vero
628 5396 689 5452 in
734 5397 893 5453 horis
944 5399 1169 5470 decem,
1215 5415 1249 5455 a
1300 5397 1429 5455 loco
1474 5398 1537 5453 in
1586 5415 1704 5469 quo
1755 5401 2005 5473 contigit

2120 4686 2243 4761 περὶ
2303 4687 2401 4754 τῆς
2447 4681 2585 4737 κατὰ
2630 4682 2723 4737 τὸν
2764 4682 3034 4755 σωτήριον
3069 4682 3297 4755 σταυρὸν
3324 4679 3641 4758 ἐκλείψεως,
3666 4685 3774 4756 ἀμ-

2121 4776 2342 4854 φότεροι
2381 4773 2485 4848 γὰρ
2515 4773 2700 4844 ἡμεῖς,
2734 4769 2839 4845 ἐγώ
2880 4790 2940 4824 τε
2986 4769 3075 4825 καὶ
3120 4770 3303 4844 αὐτὸς,
3334 4772 3473 4827 κατὰ
3519 4772 3617 4841 τήν
3675 4779 3776 4842 τῆς

2117 4863 2397 4939 Αἰγύπτου
2427 4859 2788 4918 Ἡλιούπολιν
2848 4859 3133 4933 παρόντες,
3192 4857 3337 4934 (ἔθος
3392 4862 3497 4938 γὰρ
3554 4865 3619 4931 ἦν
3650 4862 3776 4917 τότε

2116 4959 2233 5016 τοῖς
2284 4948 2633 5020 ὁπουδήποτε
2660 4946 2960 5018 Ἕλλησιν,
2998 4946 3307 5022 ἀποδημεῖν
3370 4948 3448 5015 εἰς
3496 4949 3773 5027 Αἴγυπτον

2122 5043 2410 5117 μαθήσεως
2454 5037 2610 5094 ἕνεκα
2715 5041 3080 5114 καθεωρῶμεν
3128 5039 3227 5107 τὴν
3278 5038 3537 5109 τοιαύτην
3598 5038 3775 5096 ἐκλει-

2117 5136 2231 5206 ψιν,
2259 5131 2348 5185 καὶ
2412 5130 2563 5190 ὅπως
2616 5127 2737 5198 ξένη
2796 5127 2886 5182 καὶ
2938 5128 3088 5204 παρά
3145 5125 3311 5204 λόγον
3361 5127 3594 5202 ἐγένετο,
3626 5128 3778 5194 ἐθαυ-

2121 5223 2361 5295 μάζομεν
2395 5236 2408 5250 ·
2459 5218 2597 5272 κατά
2653 5214 2946 5289 διάμετρον
3002 5216 3106 5290 γὰρ
3158 5218 3192 5286 ἡ
3228 5218 3776 5292 σελήνη,τεσσαρεσ-

2116 5306 2465 5367 καιδεκαταία
2529 5304 2681 5374 οὖσα,
2738 5309 2818 5378 τῷ
2887 5303 3037 5377 ἡλίῳ
3094 5305 3161 5375 ἧν
3201 5324 3214 5337 ⁸
3270 5307 3390 5360 καθ’
3465 5306 3524 5361 ’ὀν
3586 5308 3776 5382 καιρὸν

2117 5398 2380 5457 οὐδέποτε
2430 5390 2717 5470 συμϐαίνει
2773 5393 2940 5465 ἡλίου
2999 5392 3241 5469 ἔκλειψιν
3273 5394 3563 5471 γίνεσθαι·
3601 5397 3647 5451 εἰ
3696 5396 3777 5470 μὴ

1505 5567 1746 5625 visane
1777 5568 2165 5629 LECTIONES
2197 5570 2289 5627 ET
2321 5567 2557 5623 nom.
2620 5538 2623 5541 ’

404 5683 450 5718 ⁴²
479 5680 767 5738 Eruditam
794 5681 896 5736 hac
924 5679 988 5737 de
1017 5697 1076 5738 re
1102 5682 1545 5754 disputationem
1572 5685 1637 5743 P.
1659 5684 1891 5744 Martini
1907 5687 2240 5746 Couvrcurii
2266 5681 2547 5744 societatis
2559 5683 2692 5740 Iesu
2712 5680 2955 5754 theologi
2984 5681 3045 5739 in
3068 5681 3493 5765 Commentariis
3512 5679 3658 5737 vide.
3679 5694 3774 5735 an.
