4108 6400
299 423 412 480 46ί

1119 430 1582 486 ΡΔΟΗΥΜΕΒΑΕ
1620 427 2125 484 PARAPHRASIS
2162 426 2240 481 IN
2277 425 2432 478 EPP.
2475 426 2536 479 Β.
2579 424 2920 481 DIONYSII.

3627 426 3733 482 11-32

293 549 404 623 γὰρ
439 547 776 622 παρεμπέσοι
807 551 842 620 ἡ
887 548 1118 621 σελήνη,
1149 550 1240 606 καὶ
1297 549 1607 626 ὑποδράμοι
1636 551 1728 606 τὸν
1763 547 1955 618 ἥλιον,

2069 548 2194 604 ﬁeri
2228 547 2626 621 prodigiosum
2657 547 2805 603 illud
2840 548 3102 620 signum,
3136 549 3327 604 denuo
3359 552 3430 606 ad
3477 550 3730 622 primam

298 637 364 691 οὔ
403 639 482 710 μὴ
527 641 807 714 γενήσεται
849 642 884 709 ἡ
934 644 1032 695 τοῦ
1094 639 1262 709 ἡλίου
1311 635 1578 714 ἔκλειψις.
1638 638 1780 697 Τότε
1829 642 1956 713 γοῦν

298 726 406 781 οὐκ
457 729 522 796 ἦν
573 725 800 783 συνὸδου
849 728 1041 803 καιρός
1073 749 1084 760 ·
1140 729 1228 785 καὶ
1275 731 1336 784 τὸ
1387 731 1706 803 θαυμάσιον,
1742 730 1824 784 ὅτι
1870 726 1960 782 καὶ

299 813 554 890 ἔκλειψις
617 816 832 890 ἐγένετο
921 817 1027 872 ἀπὸ
1115 819 1259 893 ὥρας
1341 841 1371 883 ς
1453 817 1556 881 ἕως
1615 818 1758 893 ὥρας
1809 813 1959 871 ἐννοί-

297 927 406 974 -εης
444 925 457 935 '
509 907 597 961 καὶ
658 907 750 961 ἀπ’
827 907 1052 978 ἐννάτης
1138 907 1283 981 ὥρας
1355 905 1458 970 ἓως
1516 908 1743 983 ἑσπέρας
1792 904 1958 960 πάλιν

297 995 445 1049 κατᾶ
493 992 780 1071 διάμετρον
840 1001 920 1068 τῷ
972 995 1122 1068 ἡλίῳ
1181 999 1215 1066 ἡ
1277 996 1478 1068 σελήνη
1532 995 1762 1072 ἐγένετο.
1798 996 1960 1052 Ἀνά-

301 1105 521 1154 μνησον
554 1081 612 1138 δὲ
631 1085 720 1139 καὶ
765 1081 946 1156 ἕτερον
989 1085 1150 1140 αὐτὸν
1200 1091 1320 1140 ταῖς
1368 1086 1792 1159 ἀστρονομικαῖς
1827 1083 1961 1139 ἀκό-

297 1169 507 1236 λουθον
539 1194 550 1207 ·
587 1172 646 1228 ἑκ
699 1174 798 1249 γὰρ
852 1178 920 1247 τῇ
969 1175 1106 1229 κατὰ
1152 1174 1297 1245 τάξιν
1350 1173 1591 1249 ἐκλείψει
1641 1179 1737 1229 τοῦ
1768 1172 1959 1244 ἡλίου,

297 1260 363 1316 ὲκ
390 1261 492 1316 τοῦ
524 1261 686 1316 αὐτοῦ
721 1263 917 1338 μέρους
961 1263 1057 1317 τοῦ
1103 1261 1340 1332 ἡλιακοῦ
1390 1261 1574 1318 δίσκου
1627 1263 1834 1337 ἀνάγκη
1869 1262 1956 1316 καὶ

294 1351 401 1419 τὴν
432 1345 735 1424 ἔμπτωσιν,
766 1349 1026 1422 δηλονότι
1076 1353 1174 1422 τὴν
1224 1352 1508 1425 σκότωσιν,
1539 1353 1626 1408 καὶ
1660 1351 1824 1405 πάλιν
1857 1351 1956 1420 τὴν

293 1438 691 1514 ἀνακάθαρσιν,
734 1438 996 1510 δηλονότι
1025 1443 1127 1511 τήν
1155 1447 1367 1519 φαῦσιν,
1401 1441 1641 1516 γίνεσθαι
1679 1462 1692 1475 ·
1724 1445 1821 1494 τοῦ
1853 1443 1957 1515 γὰρ

296 1527 476 1597 ἡλίου
507 1527 618 1584 ἅνω
652 1527 1016 1606 διερχομένου
1065 1531 1202 1586 κατὰ
1249 1532 1340 1586 τὸν
1381 1531 1581 1586 οἰκεῖον
1609 1528 1834 1599 κύκλον,
1866 1528 1956 1583 καὶ

293 1621 400 1687 τῆς
463 1617 701 1691 σελήνης
757 1619 1097 1690 ὐποθεούσης
1166 1621 1303 1675 κατά
1370 1621 1461 1675 τὸν
1525 1618 1687 1691 ἴδιον,
1746 1616 1954 1692 ἀνάγκη

295 1703 723 1782 προλαμϐάνειν
768 1710 868 1780 τήν
915 1708 1177 1781 σελήνην,
1228 1710 1303 1772 ὡς
1352 1708 1616 1765 ἐλάττονα
1645 1709 1781 1763 κατὰ
1811 1706 1956 1763 πολὺ

296 1795 676 1874 διερχομένην
725 1797 931 1854 κύκλον
967 1817 980 1830 ⁸
1044 1797 1260 1868 λοιπὸν,
1320 1799 1365 1854 εἷ
1418 1799 1507 1853 καὶ
1551 1797 1851 1875 ἀμφότεροι
1905 1797 1956 1851 οἱ

294 1894 590 1966 φωστῆρες
646 1888 744 1957 τὴν
806 1887 1044 1943 ἐναντίαν
1099 1893 1178 1960 τῷ
1243 1887 1401 1943 παντὶ
1458 1889 1768 1964 τρέχουσιν,
1830 1884 1957 1942 ἀλλ’

294 1974 399 2030 οὖν
452 1977 659 2048 σελήνη
711 1979 1078 2052 προλήψεται.
1139 1977 1298 2042 Εἰκὸς
1353 1982 1478 2053 γοῦν
1540 1973 1642 2044 ἔνι,
1701 1975 1730 2031 ’i'
1791 1974 1954 2051 μέρος

292 2064 608 2121 ἐπισκοτεῖν
699 2066 1132 2140 συμπίπτουσαν,
1214 2071 1375 2121 τοῦτο
1449 2066 1538 2122 καὶ
1613 2064 1957 2132 ἀπολείπειν,

291 2154 440 2210 ὥστε
473 2155 693 2210 κάκεῖνο
740 2156 1088 2228 φωτίζεσθαι.
1140 2156 1226 2212 Ἐν
1278 2152 1334 2210 δὲ
1380 2155 1449 2229 τῇ
1499 2155 1680 2230 ἡμέρᾳ
1718 2158 1814 2209 τοῦ
1846 2174 1958 2207 σω-

287 2243 493 2320 τηρίου
539 2248 791 2316 σταυροῦ,
844 2243 958 2299 ἐπεὶ
1010 2244 1114 2300 ἀπὸ
1161 2245 1432 2314 ἀνατολῆς
1492 2243 1789 2318 ἀκαριαίως
1839 2265 1957 2298 συν-

287 2331 468 2402 ῆλθεν
503 2335 538 2403 ἡ
572 2333 777 2404 σελήνη
809 2338 888 2404 τῷ
916 2332 1086 2406 ἡλίῳ,
1118 2335 1206 2388 καὶ
1238 2334 1506 2403 πεποίηκε
1536 2335 1632 2402 τήν
1668 2328 1910 2406 ἔκλειψιν
1939 2351 1950 2364 ·

289 2417 403 2476 ἔδει
441 2419 501 2476 δὲ
521 2419 685 2476 πάλιν
711 2424 1021 2477 ὑπονοστεῖν
1043 2422 1118 2486 εἷς
1138 2422 1229 2478 τὸν
1256 2422 1459 2478 οἷκεῖον
1486 2423 1678 2488 τόπον,
1699 2420 1791 2476 ’ίνα
1811 2424 1845 2492 ἡ
1863 2421 1960 2476 τοὶ-

291 2511 379 2582 ξις
413 2511 586 2581 αὐτῆς
621 2509 878 2590 φυλαχθῇ
915 2532 924 2544 ’
953 2511 1043 2566 καὶ
1073 2509 1162 2566 διὰ
1190 2517 1349 2567 τοῦτο
1383 2511 1732 2567 ἀπολιποῦσα
1759 2513 1954 2566 τοῦτον

290 2600 466 2656 πάλιν
506 2601 858 2671 ὑπενόστησε,
894 2596 1088 2671 συνέϐη
1130 2604 1266 2674 (73).
1302 2602 1396 2656 Καὶ
1419 2604 1453 2670 ἡ
1487 2602 1579 2672 μὲν
1604 2597 1850 2674 ἔκλειψις
1874 2600 1958 2675 γέ-

290 2710 450 2764 γονε,
489 2690 854 2750 σκοτωθέντος
886 2686 1150 2764 πρότερον
1174 2692 1269 2742 τοῦ
1289 2687 1614 2743 ἀνατολικοῦ
1642 2687 1838 2761 μέρους
1861 2690 1957 2740 τοῦ

290 2779 542 2848 ἡλιακοῦ
562 2776 748 2832 δίσκου
774 2797 786 2810 ·
809 2777 1118 2850 μετέπειτα,
1146 2775 1573 2850 ὑποδραμούσης
1594 2775 1796 2842 ταύτης
1824 2774 1957 2830 ὅλον

288 2869 387 2922 τὸν
421 2867 614 2936 ἥλιον,
644 2867 732 2921 καὶ
762 2864 870 2938 ἤδη
905 2867 1206 2942 ἀρξαμένης
1237 2866 1573 2934 ὑπονοστεῖν,
1609 2865 1752 2925 εἰκὸς
1783 2867 1870 2934 ἦν,
1897 2862 1958 2918 τὸ

292 2955 520 3011 δυτικὸν
559 2957 722 3032 μέρος
753 2960 850 3010 τοῦ
893 2953 1080 3009 δίσκου
1128 2959 1344 3030 πρῶτον
1401 2953 1836 3024 ἀπολειπούσης,
1864 2950 1958 3007 ’ίνα

288 3047 354 3099 τὸ
384 3049 494 3108 τῆς
527 3043 804 3114 ἀνατολῆς
856 3037 1140 3114 καταλάϐη
1191 3044 1375 3119 μέρος,
1419 3041 1594 3098 ἐκεῖνο
1623 3041 1712 3096 καὶ
1745 3045 1960 3117 πρῶτον

289 3135 638 3210 φωτίζεσθαι
670 3136 806 3204 (74).
840 3134 1079 3190 Τοιαῦτα
1124 3133 1247 3187 τότε
1298 3130 1652 3202 έτελέσθησαν
1708 3136 1788 3203 τῷ
1831 3151 1960 3184 παν-

289 3222 459 3296 αιτίῳ
499 3221 652 3294 μόνῳ
683 3226 798 3293 Θεῷ
829 3219 1222 3294 διαταττόμενα
1249 3221 1338 3276 καὶ
1369 3216 1775 3296 κυϐερνώμενα.

2074 655 2257 708 usque
2291 643 2517 711 partem
2569 638 2781 693 Arietis
2834 638 2892 692 in
2944 637 3186 704 oriente,
3240 640 3489 708 pristino
3519 642 3730 714 gradui

2071 745 2133 784 se
2166 727 2251 784 sol
2284 730 2343 784 in
2395 727 2648 783 solidum
2704 728 2982 783 restituit.
3033 729 3366 783 Secundum
3414 730 3566 786 hanc
3596 749 3733 804 sup-

2073 819 2446 890 positionem,
2473 819 2710 889 quando
2731 819 2984 890 primam
3009 816 3170 871 illam
3195 817 3345 889 signi
3370 819 3574 876 Arietis
3599 839 3730 893 par-

2071 913 2185 963 tem
2222 907 2380 962 haud
2415 925 2584 962 secus
2620 912 2846 977 poterat
2895 907 2981 962 sol
3030 924 3239 962 rursus
3277 909 3585 980 attingere,
3620 912 3733 969 nisi

2071 996 2342 1052 absoluto
2366 996 2517 1067 justi
2550 997 2617 1050 ad
2656 998 2709 1051 id
2753 996 3036 1068 temporis
3086 997 3426 1064 interstitio,
3463 1015 3578 1070 quo
3612 1006 3731 1058 toto

2070 1091 2331 1157 tempore
2359 1084 2827 1156 quinqueformis
2845 1085 2941 1141 ille
2959 1083 3166 1140 solaris
3193 1090 3388 1141 motus
3412 1088 3731 1158 perficitur,

2070 1177 2271 1230 decem
2318 1175 2550 1229 interim
2604 1177 3005 1244 supputantur
3052 1172 3229 1238 bons,
3282 1191 3397 1229 non
3439 1177 3565 1246 jam
3618 1177 3731 1233 illae

2073 1263 2355 1318 nimirum
2392 1264 2614 1334 primae,
2661 1280 2786 1333 quae
2818 1263 2866 1318 ei
2914 1262 3164 1333 tempori
3221 1263 3516 1319 attributae
3567 1272 3730 1336 sunt,

2071 1370 2186 1424 quo
2215 1352 2301 1408 sol
2333 1354 2405 1408 ab
2457 1353 2681 1408 Oriente
2731 1351 2956 1407 excitus
3003 1353 3073 1407 ad
3128 1369 3260 1407 eum
3317 1370 3504 1426 usque
3531 1354 3724 1411 locum

2069 1447 2377 1514 provectus
2426 1447 2535 1512 est,
2589 1441 2643 1496 id
2699 1459 2812 1513 quo
2859 1442 2968 1495 sub
3022 1441 3266 1496 Ezechia
3311 1443 3558 1515 contigit
3608 1445 3731 1500 ﬁeri

2068 1532 2343 1603 signum;
2397 1533 2497 1587 sed
2531 1530 2655 1586 alia:
2705 1530 2923 1602 quibus
2976 1530 3061 1586 sol
3115 1533 3453 1604 retrogrado
3487 1550 3665 1590 cursu
3697 1552 3732 1590 a

2067 1620 2190 1676 loco
2219 1620 2367 1691 signi
2401 1621 2671 1689 recurrit,
2706 1620 3046 1691 relatusque
3069 1624 3156 1674 est
3190 1620 3248 1674 in
3274 1621 3582 1677 orientem.
3603 1624 3728 1678 Istae

2067 1711 2249 1782 igitur
2281 1709 2436 1764 horas
2470 1711 2692 1775 decem,
2729 1709 2948 1780 quibus
2978 1708 3061 1764 sol
3098 1709 3300 1780 prima;
3329 1711 3480 1781 parti
3513 1711 3727 1768 Arietis

2067 1799 2303 1870 propior
2335 1799 2522 1853 factus
2543 1802 2644 1853 est
2673 1815 2741 1853 ex
2782 1797 3185 1869 suppositione
3235 1804 3458 1868 nostra,
3489 1817 3726 1856 censen-

2065 1891 2164 1942 tur
2194 1887 2558 1958 implentque
2590 1887 2776 1941 vicem
2808 1885 2982 1941 solidi
3013 1886 3189 1942 unius
3221 1889 3382 1942 anni.
3418 1888 3720 1961 Siquidem

2065 1976 2124 2030 in
2159 1976 2212 2029 id
2258 1976 2534 2030 horarum
2589 1974 3003 2045 compendium
3057 1993 3162 2030 suo
3214 1977 3402 2030 reditu
3435 1979 3724 2034 contraxit

2068 2065 2401 2120 universam
2436 2064 2596 2119 illam
2631 2065 2811 2119 annui
2863 2065 3148 2134 temporis
3197 2065 3526 2137 periodum,
3561 2067 3725 2122 resti-

2069 2159 2242 2209 tuens
2269 2171 2330 2209 se
2362 2154 2436 2224 ei,
2469 2155 2526 2208 in
2557 2153 2799 2220 oriente,
2845 2153 3059 2208 Arietis
3090 2154 3282 2224 signo,
3313 2171 3346 2209 a
3379 2171 3492 2225 quo
3524 2155 3728 2227 utique

2070 2243 2169 2298 illa
2196 2244 2398 2298 eadem
2433 2243 2526 2298 die
2558 2243 2812 2314 primum
2839 2248 3072 2298 exortus
3109 2242 3317 2298 fuerat.
3343 2242 3584 2314 Deinde,
3608 2244 3732 2300 sole

2070 2351 2278 2389 rursus
2309 2333 2379 2388 ab
2413 2333 2638 2387 oriente
2684 2337 2860 2398 moto,
2898 2333 3133 2404 quando
3186 2332 3355 2386 aliter
3387 2333 3732 2404 neutiquam

2070 2439 2328 2477 remeare
2352 2422 2606 2492 potuerit
2626 2423 2697 2476 ad
2721 2422 2866 2476 illud
2895 2422 3234 2491 signum,in
3257 2439 3371 2494 quo
3390 2426 3515 2477 tum
3546 2423 3736 2477 fuerat

2071 2511 2303 2582 quando
2347 2512 2416 2565 ad
2450 2510 2704 2565 Ezechias
2749 2528 2949 2574 preces
2981 2511 3214 2584 insigne
3248 2511 3580 2582 prodigium
3618 2512 3737 2567 edi-

2069 2604 2193 2653 tum
2220 2603 2325 2658 est.
2354 2599 2466 2653 nisi
2496 2616 2594 2668 per
2615 2599 2798 2654 totius
2822 2601 3002 2654 annui
3027 2601 3310 2671 temporis
3331 2601 3736 2671 trajectionern

2069 2687 2247 2742 simul
2273 2691 2330 2741 et
2351 2688 2667 2742 motionem
2691 2688 2852 2742 illam
2879 2689 3406 2760 quinquiformem,
3433 2690 3490 2744 in
3531 2691 3734 2746 decem

2069 2776 2282 2830 iterum
2313 2776 2473 2830 horis
2505 2774 2603 2829 illo
2637 2793 2698 2830 se
2732 2777 2981 2847 recepit;
3017 2794 3199 2847 quare
3231 2777 3377 2833 alias
3411 2780 3608 2833 decem
3644 2796 3737 2833 ac-

2071 2866 2226 2936 cepit
2256 2866 2429 2920 horas
2462 2883 2564 2937 pro
2597 2882 2704 2920 suo
2737 2865 2835 2920 illo
2855 2883 3094 2920 recursu
3117 2867 3186 2920 ab
3219 2866 3441 2922 oriente
3463 2868 3732 2937 adusque

2072 2955 2225 3025 signi
2261 2953 2449 3009 locum
2480 2972 2582 3025 pro
2615 2954 3014 3009 anniversaria
3047 2960 3104 3009 et
3155 2955 3577 3026 quinquit'ormi
3612 2973 3734 3010 mo-

2072 3042 2250 3098 tione.
2271 3043 2469 3114 Neque
2488 3044 2642 3098 enim
2664 3041 2844 3098 semel
2870 3059 3144 3114 egressus
3167 3044 3406 3116 signum
3435 3043 3652 3100 Arietis
3669 3045 3730 3100 in

2073 3132 2314 3198 oriente,
2351 3135 2608 3202 repetere
2657 3131 2801 3185 illud
2856 3135 3104 3202 poterat,
3144 3132 3255 3186 nisi
3288 3133 3536 3188 decursa
3568 3133 3734 3204 prius

2074 3219 2476 3276 anniversaria
2503 3220 2778 3290 periodo;
2813 3221 2911 3276 sed
2947 3237 3136 3291 neque
3169 3220 3339 3277 aliter
3360 3227 3588 3294 poterat
3609 3223 3733 3278 ﬁeri

289 3329 360 3378 ut
391 3324 496 3395 qui
529 3322 711 3379 semel
743 3322 1092 3380 descivisset
1122 3323 1194 3378 ab
1227 3339 1293 3378 eo
1326 3322 1518 3392 signo,
1559 3338 1676 3392 quo
1728 3325 1854 3375 tum
1905 3321 2060 3376 260
2107 3324 2250 3389 erat,
2285 3321 2522 3390 quando
2554 3320 2665 3374 sub
2718 3319 2962 3376 Ezechia
3006 3321 3248 3392 conligit
3278 3321 3542 3393 signum,
3571 3322 3733 3378 velut

289 3411 680 3483 postlimonio
713 3428 776 3466 se
805 3413 862 3467 in
894 3412 1044 3467 idem
1075 3411 1518 3483 redintegraret,
1552 3410 1666 3465 nisi
1698 3410 2020 3464 intercessu
2055 3409 2301 3463 alterius
2323 3408 2738 3463 anniversarias
2772 3410 3221 3480 progressionis.
3257 3410 3569 3481 Propterea
3599 3412 3679 3465 ait
3715 3427 3728 3464 :

293 3517 488 3581 Quam
521 3511 991 3568 anniversarium
1026 3511 1345 3567 motionem
1380 3511 1534 3564 intra
1565 3509 1739 3564 horas
1771 3509 1971 3565 decem
2003 3527 2111 3564 suo
2145 3510 2332 3564 reditu
2368 3509 2655 3564 contraxit
2688 3527 2721 3564 a
2755 3508 2876 3563 loco
2911 3509 2969 3562 in
3004 3525 3120 3580 quo
3154 3510 3448 3566 indultum
3473 3516 3563 3567 est
3588 3512 3732 3566 Eze-

292 3603 442 3660 chiae
474 3602 736 3674 signum,
770 3606 1003 3657 emotus
1051 3600 1144 3669 sol
1185 3600 1244 3654 in
1295 3599 1602 3665 orientem,
1633 3599 1899 3654 eamdem
1954 3616 2192 3671 prorsus
2242 3599 2379 3654 anni
2426 3599 2636 3670 integri
2670 3598 2824 3653 viam
2876 3597 2963 3652 sol
3005 3599 3077 3653 ab
3110 3603 3239 3654 ortu
3287 3602 3358 3656 ad
3394 3600 3589 3657 locum
3627 3619 3732 3658 us-

289 3706 412 3762 que
444 3690 504 3743 in
539 3705 657 3762 quo
688 3687 1020 3744 exhibitum.
1048 3693 1137 3742 est
1168 3687 1429 3758 signum,
1463 3686 1662 3740 decem
1696 3685 1829 3741 aliis
1865 3687 2104 3758 perfecit
2135 3685 2322 3742 horis.
2385 3686 2451 3740 Et
2481 3701 2621 3740 sane
2656 3685 2761 3740 hoc
2792 3689 2939 3752 erat,
2973 3687 3126 3756 quod
3175 3687 3566 3743 admiratione
3598 3693 3729 3743 stu-

281 3795 553 3852 poreque
607 3777 871 3850 implevit
918 3782 1058 3832 tunc
1111 3775 1479 3848 Babylonios.
1518 3789 1727 3846 nempe
1781 3775 1881 3828 uni
1933 3774 2194 3830 addictos
2249 3775 2567 3830 caelestium
2625 3775 2930 3846 signorum
2983 3775 3492 3845 contemplationi,
3540 3778 3730 3848 deque

278 3867 465 3925 astris
500 3864 690 3922 multa
719 3864 1107 3921 commentari
1157 3864 1380 3920 solitos.
1433 3863 1550 3918 Hoc
1602 3862 1931 3934 prodigium
1963 3862 2124 3919 nullo
2176 3881 2386 3936 pugna:
2437 3863 2649 3936 praevio
2683 3881 3001 3936 congressu
3036 3865 3271 3920 eosdem
3319 3867 3554 3940 subegit
3584 3867 3727 3923 Eze-

275 3957 427 4012 chia:
462 3953 588 4027 regi
623 3953 987 4010 Hierusalem
1025 3971 1036 4008 :
1071 3953 1240 4024 quasi
1291 3951 1393 4023 qui
1441 3957 1555 4006 Deo
1605 3951 1860 4022 cuipiam
1915 3969 2018 4022 par
2048 3958 2224 4021 esset,
2260 3971 2325 4008 ac
2373 3953 2424 4007 vi
2473 3954 2728 4024 quadam
2763 3953 3104 4025 augustiore
3150 3954 3452 4027 praeditus,
3485 3960 3727 4012 caeteros

279 4044 539 4102 anteiret
570 4043 867 4100 mortales.
901 4043 1015 4097 Nec
1038 4043 1165 4112 jam
1198 4042 1364 4111 signa
1397 4041 1496 4095 illa
1523 4041 1770 4112 profero,
1808 4041 1995 4096 multa
2023 4041 2157 4096 licet
2189 4041 2358 4113 plera
2408 4042 2835 4108 admirationis,
2871 4042 3027 4097 edita
3059 4043 3116 4096 in
3149 4044 3393 4116 Egypto
3428 4044 3590 4110 olim,
3627 4043 3730 4100 aut

279 4135 402 4190 alia
435 4134 658 4205 quavis
686 4132 819 4187 aliis
845 4132 903 4186 in
927 4131 1068 4186 locis
1091 4131 1355 4187 exhibita
1388 4148 1400 4184 :
1437 4147 1638 4184 verum
1666 4147 1734 4184 ea
1765 4147 2184 4197 commemoro,
2220 4149 2347 4202 quas
2396 4132 2666 4187 auditum
2700 4137 2790 4188 est
2821 4132 2878 4186 in
2912 4132 3056 4186 coelo
3106 4132 3218 4187 isto
3251 4134 3526 4189 omnibus
3559 4152 3729 4190 cous-

276 4224 458 4294 picuo
491 4221 834 4294 contigisse,
885 4221 1063 4292 idque
1112 4219 1439 4292 prmsertim
1493 4237 1592 4291 per
1636 4219 1842 4274 solem.
1895 4221 1950 4274 Si
1980 4221 2118 4290 quid
2169 4220 2328 4274 enim
2364 4238 2520 4275 novae
2577 4222 2657 4275 rei
2692 4221 2799 4276 soli
2834 4221 3154 4289 obvenerit,
3204 4239 3375 4278 nemo
3408 4228 3498 4279 est
3526 4225 3727 4296 (modo

272 4313 329 4371 is
364 4313 555 4370 solem
593 4314 790 4384 ipsum
824 4311 1281 4382 contempletur)
1312 4309 1413 4381 qui
1445 4327 1558 4364 non
1601 4310 1744 4364 illud
1798 4310 2055 4366 dilucide
2102 4317 2402 4382 agnoscat.
2453 4315 2615 4378 Quod
2653 4313 2701 4367 si
2735 4329 2806 4368 ne
2837 4313 2930 4368 his
2963 4313 3202 4384 quidem
3252 4314 3428 4370 fidem
3464 4332 3728 4371 commo-

275 4403 450 4460 dabit
512 4401 972 4473 Apollophanes,
1030 4400 1117 4455 vel
1176 4405 1364 4454 Persae
1416 4399 1528 4469 ipsi
1583 4399 1920 4454 testimonio
1972 4416 2101 4454 esse
2147 4405 2442 4470 poterunt,
2490 4402 2589 4472 qui
2646 4402 2919 4456 Mithram
2980 4401 3218 4472 quidem
3280 4404 3464 4459 solem
3525 4404 3726 4476 ipsum

269 4495 533 4561 vocant;
575 4492 687 4546 diei
721 4496 918 4546 autem
956 4489 1114 4544 illius
1147 4487 1478 4543 mirabilem
1507 4504 1749 4558 prorsus
1781 4489 2202 4558 extensionem,
2236 4507 2336 4560 per
2383 4491 2533 4546 ritus
2586 4507 2735 4561 quos
2783 4495 3022 4562 pr0pter
3056 4492 3403 4548 memoriam
3438 4493 3724 4564 triplicati

273 4589 425 4647 solis
458 4589 794 4654 observant,
829 4586 1185 4661 significant.
1221 4586 1330 4642 Sed
1364 4590 1422 4640 et
1451 4585 1559 4640 hoc
1592 4589 1658 4640 ut
1686 4585 1926 4642 interim
1970 4587 2181 4641 donem
2233 4589 2362 4657 ejus
2409 4588 2767 4656 infidelitati,
2801 4591 2935 4658 quid
2969 4607 3172 4660 speras
3202 4589 3497 4644 dicturum
3529 4591 3599 4646 de
3631 4608 3730 4647 ce-

271 4679 425 4736 lebri
466 4677 565 4734 illo
595 4677 854 4749 deliquio
884 4677 1050 4739 solis,
1085 4677 1238 4748 quod
1273 4676 1491 4729 factum
1525 4675 1712 4730 scitur
1749 4675 1990 4731 Domino
2024 4693 2057 4729 a
2084 4676 2330 4732 salutari
2373 4695 2544 4734 cruce
2575 4679 2887 4748 pendente.
2923 4680 3111 4734 Ambo
3147 4696 3272 4745 nos,
3306 4696 3408 4749 ego
3443 4679 3724 4738 nimirum

272 4773 332 4825 et
365 4768 519 4840 ipse,
553 4767 711 4840 apud
741 4765 1070 4838 HeliOpolin
1101 4764 1329 4836 ngypti
1364 4769 1680 4836 praesentes
1732 4764 1892 4835 (nam
1943 4781 2008 4820 ea
2050 4764 2369 4821 inoleverat
2419 4768 2573 4838 apud
2625 4768 2854 4824 ercos
2887 4769 3275 4836 consuetudo,
3311 4773 3376 4824 ut
3424 4770 3725 4825 undecun-

276 4873 397 4929 que
429 4857 967 4929 peregrinationem
995 4855 1054 4910 in
1087 4855 1397 4927 [Egyptum
1431 4858 1804 4924 capesserent
1835 4869 2014 4909 causa
2065 4856 2463 4925 perdiscendae
2509 4857 2886 4930 matheseos),
2921 4858 3092 4914 ambo
3124 4875 3265 4913 sane
3308 4875 3485 4929 quam
3519 4853 3730 4914 attenti

273 4948 535 5002 solarem
594 4946 744 5001 hanc
797 4944 1044 5015 eclipsin
1106 4943 1534 5015 perspeximus,
1585 4948 1642 4996 et
1697 4943 1852 5013 quod
1911 4945 2205 5014 stupenda
2254 4947 2509 5014 quadam
2569 4947 2826 5002 novitate
2877 4964 2942 5002 ac
2993 4951 3204 5019 printer
3260 4947 3546 5002 rationem
3608 4965 3729 5005 ma-

276 5035 664 5092 thematicam
716 5035 1100 5106 contingeret,
1136 5031 1434 5104 impendio
1487 5031 1872 5088 mirabamur.
1927 5033 2092 5087 Luna
2131 5035 2347 5105 quippe
2399 5040 2609 5106 quarta
2654 5041 2780 5091 erat
2824 5041 2881 5092 et
2927 5037 3150 5092 decima
3199 5037 3269 5090 ad
3319 5035 3500 5091 solem
3546 5037 3731 5093 relata

263 5127 445 5198 juxta
492 5123 766 5179 diametri
819 5123 1146 5188 rationem;
1199 5138 1314 5192 quo
1348 5121 1584 5191 quidem
1640 5126 1903 5192 tempore
1957 5139 2264 5192 nunquam
2317 5123 2462 5178 alias
2514 5126 2764 5197 contigit
2794 5125 2937 5181 solis
2970 5127 3094 5182 ﬁeri
3147 5125 3498 5197 deliquium.
3533 5131 3732 5198 Neque

271 5223 437 5279 enim
471 5223 709 5292 eclipsis
739 5222 948 5277 solaris
980 5221 1212 5290 accidit,
1245 5219 1358 5274 nisi
1393 5219 1502 5274 soli
1533 5218 1678 5274 luna
1707 5219 2003 5287 inciderit,
2037 5223 2267 5292 subque
2299 5222 2482 5278 solem
2520 5224 2889 5280 intercalaris
2918 5230 3078 5282 recta
3108 5241 3282 5280 suum
3320 5230 3562 5299 peragat
3593 5244 3730 5282 cur-

274 5328 439 5367 sum.
472 5311 623 5367 Tum
653 5327 788 5367 vero
822 5311 1160 5381 importuna
1185 5315 1308 5364 erat
1331 5313 1387 5364 et
1415 5307 1826 5380 intempestiva
1861 5309 2008 5364 ratio
2039 5310 2418 5366 interlunaris
2445 5313 2676 5383 synodi.
2710 5314 2820 5368 Sed
2855 5317 2912 5369 et
2938 5313 3048 5369 hoc
3083 5314 3476 5370 admiratione
3507 5316 3734 5388 dignis-

271 5400 525 5456 simum.
558 5399 642 5455 Ab
675 5399 819 5454 hora
849 5398 1142 5470 siquidem
1178 5402 1340 5452 sexta
1371 5397 1444 5452 ad
1480 5413 1697 5453 nonam
1736 5414 1922 5469 usque
1953 5413 2021 5452 ea
2052 5399 2298 5469 contigit
2344 5399 2603 5469 eclipsis,
2655 5406 2712 5456 et
2741 5419 2775 5456 a
2806 5419 2960 5457 nona
2991 5402 3261 5474 adusque
3294 5420 3597 5475 vesperam
3631 5422 3724 5460 se-

267 5489 543 5544 cundum
595 5488 948 5544 diametrum
997 5486 1106 5541 soli
1150 5486 1293 5541 luna
1323 5489 1448 5541 erat
1477 5485 1769 5557 opposita.
1824 5484 2073 5542 Proinde
2118 5488 2466 5542 memoriam
2512 5488 2594 5542 illi
2630 5506 2842 5545 renova
2889 5489 3135 5546 alterius
3184 5492 3330 5547 261
3390 5494 3724 5565 cujuspiam

271 5578 437 5650 quod
489 5593 558 5632 ex
605 5576 1022 5632 astronomicis
1079 5575 1408 5631 canonibus
1466 5575 1800 5631 necessario
1861 5575 2264 5646 consequitur.
2321 5577 2551 5632 Etenim
2586 5579 2643 5632 in
2695 5579 2837 5634 solis
2889 5579 3115 5652 eclipsi,
3171 5598 3295 5651 quas
3328 5599 3436 5637 suo
3489 5584 3724 5639 tandem

270 5667 488 5724 ordine
519 5665 828 5738 contingit,
861 5683 930 5722 ex
960 5666 1090 5738 ipsa
1120 5666 1326 5722 eadem
1349 5667 1513 5736 parte
1545 5663 1758 5720 solaris
1801 5665 1949 5719 disci
2000 5681 2239 5721 necesse
2289 5671 2379 5722 est
2424 5666 2546 5723 ﬁeri
2598 5667 3002 5739 incidentiam,
3045 5671 3422 5727 tenebrarum
3455 5671 3728 5730 videlicet

273 5759 655 5828 eti‘uslonem,
687 5759 745 5814 et
772 5772 842 5813 ex
891 5754 1133 5834 obliquo
1183 5754 1683 5828 repurgationem,
1732 5755 1841 5812 hoc
1870 5757 1960 5812 est
2009 5753 2489 5815 illustrationem.
2522 5756 2652 5814 Sole
2685 5758 2839 5815 enim
2888 5777 3128 5819 sursum
3177 5760 3481 5835 proprium
3532 5762 3722 5818 circu-
