4108 6386
375 413 482 498 463
1209 439 1577 493 APPENDIX
1617 438 1714 494 AD
1752 437 1996 493 orsa;
2031 442 2037 492 |

2149 436 2449 494 DIONYSH
2486 438 2984 494 AREOPAGITB.
3707 434 3815 490 464

373 567 523 635 lum,
558 567 958 639 permanente,
993 563 1135 618 luna
1165 562 1368 617 itidem
1419 578 1592 618 suum
1641 560 1818 616 etiam
1869 561 2340 617 subtercurrente
2387 559 2699 629 circulum,
2751 561 3085 617 necessario
3134 560 3278 616 luna
3321 559 3614 633 praevertit
3657 559 3800 616 solis

376 671 708 724 excursum,
758 658 821 708 ut
869 670 996 723 qua:
1049 652 1336 706 minorem
1389 651 1576 706 multo
1625 650 1915 706 ambitum
1963 667 2070 706 suo
2101 655 2448 706 transcursu
2500 651 2791 706 conﬁciat.
2844 651 3105 721 Denique
3136 651 3314 705 etiam
3365 650 3413 705 si
3463 650 3637 704 ambo
3670 647 3794 704 haec

374 743 694 800 luminaria
717 743 873 796 viam
907 742 1316 813 ingrediantur
1347 740 1459 812 ipsi
1507 739 1638 811 polo
1671 739 1975 794 obversam
2009 757 2025 792 :
2059 743 2117 794 at
2144 744 2299 794 certe
2349 740 2485 793 luna
2531 756 2638 794 suo
2680 756 2926 794 excursu
2962 742 3288 794 antevertet
3335 738 3541 793 solem.
3575 740 3799 794 Conse-

379 851 568 908 quens
602 835 783 906 igitur
816 834 987 888 t‘uerit
1019 849 1084 886 ea
1118 837 1278 899 parte
1309 831 1509 885 lunam
1541 830 2043 894 obtenebrescere,
2079 846 2196 902 qua
2227 830 2433 884 incidit
2465 829 2572 885 soli
2611 847 2623 885 :
2657 834 2836 901 atque
2869 833 2932 883 ut
2964 829 3070 884 hac
3121 833 3285 900 parte
3325 828 3667 883 destituitur
3697 829 3814 882 l'ra-

379 929 546 979 terno
580 923 824 991 lumine,
860 921 940 975 ita
970 926 1028 975 et
1075 920 1176 974 illa
1207 924 1370 990 parte
1420 918 1688 990 opposita
1735 937 1769 973 a
1815 919 1936 974 sole
1968 919 2094 989 ipso
2145 917 2498 974 illustratur.
2551 919 2653 973 Die
2684 923 2878 973 autem
2927 917 3204 972 salutaris
3236 917 3397 972 illius
3439 917 3632 972 crucis
3667 917 3821 971 alio-

382 1013 482 1083 qui
515 1012 586 1066 ab
619 1012 835 1065 oriente
867 1027 1043 1081 quam
1082 1009 1395 1064 minimum
1429 1009 1743 1078 conjuncta
1785 1007 1915 1072 soli,
1951 1006 2346 1079 prodigiosam
2395 1014 2589 1062 tamen
2640 1007 2801 1062 illam
2835 1007 3012 1061 edidit
3043 1006 3308 1078 eclipsin.
3357 1005 3674 1077 Oportebat
3705 1022 3817 1060 au-

385 1105 502 1156 tem
539 1099 699 1154 illam
753 1099 811 1154 in
869 1098 1168 1169 proprium
1220 1097 1414 1152 locum
1465 1097 1672 1151 reverti
1719 1102 1784 1150 ut
1816 1097 1956 1151 ordo
2003 1095 2087 1150 illi
2127 1095 2526 1150 connaturalis
2573 1101 2973 1151 asservaretur
3005 1112 3018 1150 :
3056 1094 3192 1150 hinc
3241 1094 3528 1161 contingit
3579 1099 3643 1148 ut
3694 1095 3821 1150 sole

381 1208 592 1247 rursus
626 1189 825 1244 relicto
856 1189 1096 1244 redierit
1143 1189 1239 1259 (ad
1271 1206 1445 1243 suum
1482 1189 1720 1258 locum).
1771 1188 1841 1242 Et
1873 1187 1994 1242 haec
2044 1187 2282 1258 quidem
2335 1187 2570 1254 eclipsis
2603 1188 2756 1241 facta
2800 1192 2908 1254 est,
2963 1187 3279 1241 obscurata
3324 1186 3489 1258 prius
3521 1190 3686 1256 parte
3719 1203 3823 1241 so-

380 1278 524 1342 laris
556 1279 702 1333 disci
737 1278 1086 1349 respiciente
1135 1278 1416 1332 orientem
1447 1294 1459 1343 ;
1506 1277 1716 1331 deinde
1749 1276 1892 1331 luna
1940 1281 2129 1330 totum
2178 1275 2658 1330 subtercurrente
2705 1275 2913 1340 solem,
2945 1291 3079 1329 cum
3103 1275 3227 1345 jam
3277 1274 3552 1346 cmpisset
3583 1275 3820 1340 reverti,

378 1367 784 1430 conveniebat,
820 1366 949 1437 ipsa
979 1366 1282 1422 occiduam
1317 1369 1541 1438 partem
1573 1365 1714 1420 disci
1750 1365 1940 1436 primo
1970 1365 2277 1420 deserente
2313 1370 2372 1420 ut
2406 1363 2748 1419 orientalem
2781 1368 3005 1436 partem
3039 1367 3375 1434 occuparet,
3401 1363 3555 1434 quod
3592 1362 3695 1418 illa
3723 1380 3824 1418 oc-

387 1457 563 1511 cidua
596 1473 730 1528 pars
761 1455 934 1510 etiam
972 1455 1161 1527 primo
1189 1455 1644 1509 illuminaretur.
1681 1455 1810 1509 Haec
1837 1459 1974 1510 sunt
2006 1471 2133 1525 quas
2167 1471 2270 1525 per
2299 1453 2726 1525 providentiam
2774 1452 2878 1509 Dei
2910 1452 3093 1509 solius
3127 1469 3321 1509 rerum
3356 1451 3585 1524 opificis
3618 1455 3825 1509 omnia

382 1545 797 1616 disponentem
831 1544 1376 1614 moderantemque,
1412 1543 1469 1597 id
1501 1544 1784 1614 temporis
1818 1543 2073 1615 perfecta
2101 1547 2263 1598 sunt.

453 1651 615 1715 Quod
647 1650 697 1705 si
731 1649 931 1705 minus
995 1667 1132 1704 vera
1185 1650 1456 1721 przedico,
1508 1668 1539 1704 ο
1590 1649 2037 1721 ΑροΗορΙπιῐιεε

2241 1645 2314 1701 Συ
2349 1644 2405 1700 δὲ
2443 1645 2662 1717 λοιπὸν,
2705 1643 3141 1721 Ἀπολλόφανες,
3189 1643 3337 1722 εἷ’περ
3398 1645 3497 1700 οὐκ
3529 1642 3824 1714 ἀληθεύω,

381 1740 489 1795 tibi
524 1756 625 1811 per
666 1757 755 1794 me
800 1737 1001 1794 licebit
1051 1738 1110 1793 in
1167 1743 1464 1810 posterum
1517 1755 1585 1794 ea
1629 1746 1694 1793 ut
1743 1755 2047 1810 coarguas.

383 1833 500 1901 Ego
535 1828 768 1884 interim
802 1830 1151 1883 memoriam
1178 1829 1282 1883 tibi
1317 1829 1600 1883 refricabo
1623 1830 1759 1884 facti
1785 1828 2047 1884 alterius.

384 1920 473 1974 Tu
504 1920 662 1974 enim
697 1918 938 1988 perinde
957 1922 1135 1988 atque
1160 1917 1399 1972 numine
1428 1917 1706 1989 quopiam
1730 1923 1856 1973 tum
1882 1918 2044 1972 affla-

383 2012 482 2063 tus
516 2009 654 2078 (quo
688 2010 884 2060 autem
914 2023 1030 2060 non
1065 2005 1212 2062 satis
1243 2005 1408 2076 scio),
1436 2006 1724 2077 primitias
1758 2007 2048 2077 quasdam

385 2095 766 2150 divinationis
801 2095 1212 2165 depromebas,
1234 2112 1364 2149 cum
1393 2096 1462 2148 ad
1498 2111 1589 2148 me
1623 2111 1939 2150 conversus
1962 2095 2048 2148 di-

385 2200 548 2240 ceres
583 2200 596 2238 :
634 2183 782 2250 Haec,
815 2201 846 2238 ο
881 2184 1156 2254 praeclare
1185 2183 1437 2256 Dionysi,
1465 2185 1794 2238 divinarum
1821 2184 2048 2238 vicariae

384 2273 852 2345 permutationes
885 2289 1080 2327 rerum
1114 2277 1271 2327 sunt.
1328 2273 1522 2345 Ecqua
1555 2273 1793 2328 tandem
1829 2272 1928 2327 illa
1959 2279 2049 2328 est

385 2379 584 2418 rerum
617 2362 834 2416 vicaria
867 2361 1138 2428 mutatio,
1191 2379 1321 2433 quae
1374 2379 1476 2417 nos
1505 2363 1576 2417 ab
1623 2379 1817 2418 errore
1848 2362 2047 2417 tradu-

383 2450 468 2506 xit
496 2451 565 2506 ad
600 2450 926 2516 veritatem,
961 2451 1030 2505 ad
1067 2451 1254 2506 lucem
1297 2449 1688 2506 clarissimam
1726 2468 1759 2505 a
1791 2451 2048 2505 tenebris

386 2538 786 2610 transcripsit,
823 2555 855 2592 a
889 2543 1073 2592 morte
1107 2539 1319 2593 revexit
1351 2540 1422 2594 ad
1454 2540 1654 2604 vitam,
1689 2539 1942 2610 denique
1977 2540 2049 2594 ab

388 2626 814 2698 impurissimis
847 2627 1018 2681 idolis
1052 2628 1121 2681 ad
1157 2627 1255 2682 Dei
1289 2626 1518 2683 latriam
1541 2627 1764 2682 ascivit.
1791 2628 1921 2682 Haec
1943 2643 2048 2699 ego

393 2719 462 2772 ad
501 2715 694 2786 ipsum
728 2717 1052 2770 secundum
1085 2716 1345 2790 epistolae
1378 2717 1685 2782 rationem,
1718 2732 2049 2772 sermonem

2165 1734 2422 1810 ἐξέλεγχε
2455 1753 2466 1767 ·
2516 1735 2625 1809 ἐγὼ
2668 1733 2724 1789 δὲ
2768 1732 2909 1789 ἄλλο
2965 1755 3023 1789 σε
3067 1735 3360 1806 ἀναμνήσω
3407 1753 3418 1766 ⁸
3469 1733 3550 1789 ὅτι
3603 1733 3665 1788 σὺ
3696 1734 3829 1789 τότε

2162 1823 2348 1887 ἐνθους
2409 1825 2576 1878 οἱονεὶ
2623 1824 2940 1898 γενόμενος,
2992 1823 3090 1878 οὐκ
3135 1825 3237 1879 οἷδ’
3286 1822 3502 1892 ὁπόθεν,
3556 1822 3822 1896 μαντείας

2158 1914 2439 1987 ἀπήρχου,
2472 1914 2558 1966 καὶ
2595 1908 2779 1988 ἔλεγες
2823 1913 2960 1989 πρὸς
3012 1913 3109 1986 ἐμέ
3151 1930 3162 1945 ·
3222 1915 3425 1970 Ταῦτα.
3457 1913 3502 1966 ὧ
3535 1910 3669 1967 καλὲ
3696 1922 3827 1967 Διο-

2156 2001 2318 2069 νύσιε,
2353 2002 2510 2055 θείων
2561 2003 2894 2078 πραγμάτων
2951 1997 3271 2075 μεταϐολαί.
3317 2002 3425 2058 Καὶ
3479 2000 3596 2056 ἰδοὺ
3643 2005 3678 2072 ἠ
3717 2025 3820 2075 με·

2155 2084 2366 2158 ταϐολὴ
2404 2089 2579 2159 ἐκείνη
2635 2092 2924 2163 μετέθηκεν
2974 2093 3124 2162 ἡμᾶς
3181 2090 3287 2144 ἀπὸ
3331 2091 3431 2159 τῆς
3481 2089 3696 2161 πλάνης
3731 2092 3817 2155 εἰς

2155 2179 2254 2247 τὴ)
2287 2176 2573 2249 ἀλήθειαν,
2607 2179 2712 2234 ἀπὸ
2757 2184 2852 2234 τοῦ
2903 2181 3127 2242 σκότους
3167 2179 3245 2242 εἰς
3287 2181 3349 2234 τὸ
3402 2184 3537 2257 φῶς,
3584 2180 3689 2235 ἄπό
3714 2181 3822 2236 τοῦ

2159 2267 2388 2322 θανάτου
2440 2267 2514 2330 εἷς
2571 2269 2667 2336 τὴν
2733 2271 2897 2341 ζωὴν,
2944 2269 3048 2323 ἀπὸ
3106 2273 3213 2323 τῶν
3274 2266 3523 2324 εἰδώλων
3585 2269 3661 2332 εἰς
3717 2272 3819 2325 τὸν

2159 2356 2330 2420 ὅντως
2361 2359 2513 2416 Θεόν.
2559 2361 2719 2414 Ταῦτ’
2769 2360 2876 2435 ἐγὼ
2920 2361 3036 2415 κατ’
3087 2358 3386 2428 ἐπιστολὴν
3442 2362 3516 2433 μὴ
3556 2360 3819 2433 μηκύνων

2155 2449 2246 2502 τόν
2283 2445 2444 2523 λόγον
2481 2450 2593 2520 (75)
2629 2468 2638 2479 ·
2677 2447 2737 2502 σὺ
2788 2446 2866 2517 δὲ,
2919 2451 2964 2502 ὧ
3010 2451 3116 2504 θεῖε
3150 2446 3496 2523 Πολύκαρπε.
3531 2449 3823 2524 προστίθει

2157 2537 2244 2590 καὶ
2304 2536 2370 2590 τά
2426 2534 2746 2610 λειπόμενα,
2818 2536 2910 2591 ’ίνα
2989 2539 3258 2613 προσάξῃς
3339 2543 3588 2592 τοιοῦτον
3649 2536 3826 2613 ἄνδρα

2160 2626 2322 2702 σοφὸν
2385 2624 2460 2687 εἷς
2509 2627 2608 2694 τὴν
2675 2625 2980 2705 ὑπέρσοφον
3035 2631 3133 2682 τοῦ
3183 2628 3614 2702 Χριστιανισμοῦ
3675 2627 3820 2699 ἀλή-

2163 2725 2332 2778 θειαν.

393 2804 637 2860 minime
674 2805 1023 2875 producens.
1059 2804 1112 2859 Si
1148 2821 1263 2875 qua
1310 2805 1826 2870 desiderabuntur,
1882 2809 1997 2860 tuae
2028 2809 2200 2860 erunt
2248 2808 2463 2873 partes,
2497 2821 2529 2860 ο
2578 2806 2787 2861 eximie
2837 2806 3172 2878 Polycarpe,
3222 2806 3520 2878 supplere,
3555 2823 3679 2880 quas
3711 2808 3820 2864 de-

391 2898 552 2963 sunt,
585 2893 802 2965 quibus
834 2895 1022 2950 virum
1055 2894 1212 2949 hunc
1252 2911 1384 2949 cum
1418 2895 1627 2966 primis
1679 2894 2002 2965 sapientem
2054 2893 2365 2950 conciliare
2397 2894 2589 2966 possis
2639 2895 3091 2967 sapientissime
3139 2896 3479 2952 christiana:
3512 2895 3816 2968 religionis

386 2981 641 3038 veritati.

760 3071 913 3128 262
956 3071 1026 3126 IN
1067 3071 1472 3127 EPISTOLAM
1514 3070 1667 3126 VIII.

454 3175 870 3249 Demophilum
905 3179 1059 3233 hunc
1093 3178 1275 3234 fuisse
1323 3178 1680 3234 monachum
1714 3178 1908 3251 arguit
1940 3195 2043 3234 vox

379 3263 484 3319 illa
521 3266 896 3336 therapeutw;
948 3267 997 3321 is
1032 3265 1399 3338 tyrannicum
1452 3268 1733 3337 quiddam
1769 3269 2042 3339 designa-

372 3358 463 3410 rat
494 3355 779 3410 adversus
813 3357 1220 3428 presbyterum
1267 3372 1461 3410 suum.
1517 3355 1742 3410 Etenim
1776 3357 1831 3410 in
1867 3356 2032 3410 illum

365 3443 735 3498 consciverat
774 3444 1099 3513 graviorem
1150 3462 1318 3516 aequo
1369 3445 1842 3516 quaerimoniam,
1879 3445 2034 3517 quod

367 3546 558 3584 unum
594 3531 849 3602 aliquem
885 3549 915 3586 e
947 3532 1368 3602 paenitentibus
1419 3533 1736 3588 clementer
1782 3534 2038 3605 excepis-

369 3623 479 3673 set.
512 3620 694 3683 Quem
730 3620 885 3674 enim
934 3620 1252 3690 pcenitebat
1285 3620 1760 3689 commissorum,
1796 3623 2038 3694 indigne

371 3706 677 3777 pulsatum
710 3706 1037 3762 eliminavit
1085 3709 1328 3780 templo,
1377 3710 1784 3782 presbyterum
1837 3718 2036 3766 autem

373 3794 589 3864 dejecit
607 3797 788 3866 gradu
820 3821 834 3862 ;
865 3796 990 3866 ipse
1021 3813 1156 3851 vero
1182 3799 1859 3870 funetionisacrae,quod
1895 3816 2037 3854 neu-

375 3883 604 3955 tiquam
642 3885 748 3951 fas,
803 3901 1044 3940 manum
1086 3886 1404 3942 admolitus
1455 3893 1544 3942 est
1595 3887 1935 3958 impudens.
1970 3889 2039 3941 Et

377 3972 536 4027 hunc
569 3973 744 4026 talem
778 3977 945 4028 vocat
995 3978 1157 4044 pater
1203 3979 1469 4047 γενναῖον,
1521 3976 1697 4030 tacita
1727 3976 1913 4030 ironia
1943 3993 2037 4046 op-

379 4061 669 4131 probrans
687 4060 768 4114 illi
786 4063 965 4116 animi
983 4063 1785 4135 magnitudinemzatinterim
1807 4064 2038 4119 nullum

377 4149 448 4205 de
472 4150 684 4221 pietate
700 4152 948 4207 reddens
971 4154 1394 4208 testimonium.
1415 4153 1498 4208 Ob
1514 4152 1714 4208 oculos
1735 4153 1920 4225 igitur
1935 4153 2042 4208 im-

373 4237 582 4309 primis
616 4239 700 4293 illi
732 4242 1164 4312 exponitMosis
1195 4241 1470 4296 eximiam
1496 4242 2035 4312 mansuetudinem,

373 4327 544 4396 cujus
579 4327 752 4382 unius
783 4331 975 4400 gratia
1006 4329 1226 4401 dignus
1281 4329 1356 4384 sit
1388 4329 1626 4385 habitus
1661 4330 1758 4385 Dei
1791 4331 2033 4386 visione.

366 4413 573 4487 Itaque
607 4434 786 4472 sacrm
823 4418 1066 4489 Litterae,
1102 4419 1338 4489 quando
1363 4418 1518 4474 hunc
1562 4419 1869 4474 insinuant
1900 4421 2036 4474 inci-

365 4504 526 4560 disse
568 4505 629 4560 in
675 4507 776 4562 Dei
821 4507 1312 4579 indignationem,
1363 4525 1552 4579 eoque
1597 4509 1818 4564 factum
1870 4515 1935 4564 ut
1975 4510 2034 4565 in

363 4593 666 4650 aversione
699 4597 877 4652 fuerit
923 4596 1106 4651 divini
1147 4597 1365 4666 vultus,
1400 4599 1616 4653 eaedem
1657 4599 1762 4670 (ait
1793 4604 2032 4654 sanctus
2064 4621 2105 4686 ρ

363 4682 550 4752 Pater)
585 4685 924 4756 exprimunt
956 4687 1150 4756 ipsum
1185 4685 1349 4757 prius
1376 4704 1438 4742 se
1462 4687 1828 4743 abalienasse
1855 4705 1886 4742 a
1918 4689 2030 4742 vir-

362 4775 487 4828 tute
539 4775 1034 4844 mansuetudinis,
1089 4775 1292 4845 sicque
1326 4775 1565 4830 demum
1616 4776 1941 4846 contigisse
1975 4780 2039 4830 ut

363 4861 595 4918 alienus
629 4864 792 4918 fieret
824 4883 856 4918 a
890 4864 986 4919 Dei
1041 4864 1330 4918 contuitu.
1383 4867 1526 4919 Cum
1577 4881 1710 4920 vero
1759 4865 2032 4918 eumdem

361 4952 947 5024 depraedicant,quod
972 4953 1311 5024 praeminet
1328 4953 1728 5023 eximiumque
1750 4958 1838 5008 est
1855 4954 1915 5007 in
1937 4953 2032 5007 Dei

362 5039 1243 5111 imitatione,mansuetudinem
1271 5041 1599 5109 celebrant;
1626 5042 1804 5110 hujus
1826 5041 2029 5096 etiam-

367 5145 510 5182 num
561 5131 767 5186 merito
816 5131 927 5185 dici
981 5130 1306 5202 promeruit
1355 5131 1453 5185 Dei
1506 5128 1787 5186 famulus.
1834 5130 1940 5185 Sed
1975 5141 2031 5186 et

367 5218 604 5288 quando
636 5220 915 5274 adversus
955 5219 1154 5291 ipsum
1187 5219 1426 5289 quidem
1459 5235 1562 5291 pro
1597 5219 1854 5290 primatu
1887 5235 2028 5291 gen-

356 5305 457 5375 tis,
492 5306 774 5363 adversus
809 5313 1005 5364 autem
1028 5312 1316 5363 Aaronem
1345 5325 1446 5378 pro
1482 5308 1825 5378 pontiﬁcatu
1852 5312 2028 5374 teme_

358 5393 495 5449 rarii
530 5395 771 5465 quidam
824 5398 1316 5467 vehementerque
1361 5397 1740 5468 impudentes
1792 5397 2026 5468 conspi-

357 5488 608 5552 russent,
643 5486 846 5556 etjam
881 5487 1262 5554 coorirentur,
1298 5486 1568 5541 libertate
1600 5485 1766 5540 valde
1798 5486 2026 5558 placide

358 5573 655 5641 utebatur,
690 5580 746 5628 et
795 5575 847 5628 ei
899 5575 1205 5630 ultroneus
1255 5576 1612 5630 concedebat
1663 5575 1866 5646 populi
1901 5592 2022 5631 ma-

358 5661 698 5732 gistratum,
731 5664 824 5719 cui
874 5665 1285 5720 decerneretur
1333 5665 1432 5720 Dei
1477 5666 1726 5735 judicio.
1761 5665 1844 5719 Ad
1879 5665 2021 5729 haec,

358 5751 760 5809 innocentiam
801 5769 970 5810 suam
1006 5753 1459 5810 testatissimam
1493 5754 1747 5811 reddidit
1781 5769 1793 5809 :
1827 5759 2026 5811 conte-

2547 3075 2662 3124 ΕΙΣ
2697 3071 2844 3126 ΤΗΝ
2875 3071 2936 3126 H'
2967 3073 3394 3128 ΕΙΙΙΣΤΟΛΙΙΝ.

2223 3177 2283 3232 Ὀ
2318 3173 2631 3250 Δημόφιλος
2665 3175 2822 3239 οὗτος
2878 3179 3120 3254 μοναχὸς
3164 3179 3253 3250 ἦν,
3300 3179 3375 3242 ὡς
3418 3175 3585 3249 δηλοῖ
3612 3177 3696 3250 τὸ,
3732 3180 3818 3234 θε-

2154 3269 2414 3341 ραπευτῇ.
2488 3268 2835 3342 Τυραννήσας
2921 3267 2978 3321 δὲ
3055 3267 3190 3322 κατά
3269 3272 3366 3322 τοῦ
3437 3262 3814 3344 πρεσϐυτέρου

2193 3355 2205 3370 .
2284 3358 2308 3368 -
2413 3352 2424 3374 ι
2556 3355 2569 3372 ς
2665 3354 2677 3369 .
3159 3355 3168 3373 ι
3303 3354 3408 3384 ,ων

2147 3375 2335 3422 αυτου,
2389 3354 2423 3422 ἠ
2481 3375 2571 3408 και
2654 3357 3056 3428 αγανακτήσας,
3137 3358 3220 3410 δτι
3298 3357 3511 3428 εοεςατό
3581 3377 3702 3411 τινα
3757 3355 3814 3411 ἐν

2153 3443 2409 3514 μετανοίᾳ
2492 3438 2621 3497 ὅντα
2697 3445 3143 3520 ἁμαρτημάτων,
3226 3440 3447 3515 ἐξέϐαλε
3527 3447 3812 3515 τυπτήσας

2145 3531 2238 3586 τὸν
2285 3537 2667 3603 μετανοοῦντα,
2722 3535 2814 3587 τὸν
2876 3531 2932 3587 δὲ
2975 3529 3337 3610 πρεσϐύτερον
3397 3533 3656 3605 ἐξώθησε,
3719 3535 3814 3588 καὶ

2149 3618 2311 3681 αὐτὸς
2359 3627 2473 3682 τοῖς
2521 3622 2710 3696 ἱεροῖς,
2763 3621 2823 3674 οὐ
2877 3623 3095 3694 θεμιτὸν
3150 3618 3231 3694 ὅν,
3282 3621 3605 3698 ἐπεχείρησε
3640 3642 3652 3654 ·
3684 3645 3813 3698 γεν-

2147 3712 2292 3762 ναῖον
2328 3705 2384 3762 δὲ
2425 3708 2570 3784 λέγει
2629 3714 2848 3777 τοῦτον,
2901 3709 3028 3786 ὶσχὺ
3080 3711 3154 3765 εἷς
3204 3712 3267 3766 τὸ
3311 3713 3474 3767 κακὸν
3529 3713 3811 3785 ὀνειδίζων

2149 3793 2315 3868 αῧτῷ,
2361 3796 2488 3852 ἀλλ’
2544 3797 2641 3852 οὐκ
2692 3794 2978 3854 εὐλάϐειαν
3028 3798 3449 3876 ἐπιμαρτυρῶν·
3510 3805 3810 3879 πρότίθησι

2147 3884 2325 3938 τοίνυν
2359 3886 2456 3954 τήν
2495 3889 2770 3950 Μωυσέως
2817 3888 3121 3963 πραότητα,
3155 3887 3225 3944 δι’
3255 3887 3322 3958 ἥν
3351 3891 3441 3944 καὶ
3471 3896 3569 3957 τῆς
3602 3895 3804 3970 θεοφα-

2147 3973 2288 4034 νείας
2319 3975 2521 4044 ἠξίωτο
2556 4019 2568 4031 .
2605 3975 2760 4042 ὥστε,
2795 3979 2884 4031 καὶ
2935 3977 3060 4032 ὅταν
3114 3977 3345 4054 λέγωσιν
3380 3979 3538 4035 αὐτὸν
3573 3983 3626 4036 αἱ
3663 3989 3805 4057 Γρα-

2148 4063 2240 4138 (pati
2275 4061 2325 4116 ἐν
2360 4063 2720 4137 ἀγανακτήσει
2753 4070 2850 4119 τοῦ
2895 4071 3030 4120 Θεοῦ
3076 4070 3376 4142 γεγονέναι,
3418 4070 3506 4123 καὶ
3563 4069 3615 4124 ἐν
3664 4072 3804 4125 ἀπο-

2148 4155 2356 4228 στροφῇ
2406 4156 2502 4205 τοῦ
2542 4154 2838 4228 προσώπου
2898 4154 3084 4223 αὐτοῦ,
3134 4155 3422 4229 πρότερον,
3487 4159 3643 4233 φησὶ,
3691 4157 3801 4215 δει-

2146 4240 2398 4295 κνύουσιν
2430 4241 2587 4296 αὐτὸν
2623 4240 2722 4313 ἔξω
2765 4243 3044 4317 γεγονέναι
3089 4251 3188 4314 τῆς
3218 4245 3551 4320 πραότητος,
3588 4249 3678 4304 καὶ
3713 4251 3807 4304 εἶθ’

2147 4328 2290 4384 οὕτω
2322 4335 2510 4393 παθεῖν
2559 4331 2621 4384 τὸ
2673 4331 2764 4385 ἀπ’
2815 4328 2994 4406 ὄψεως
3041 4335 3289 4408 γενέσθαι
3342 4339 3439 4389 τοῦ
3483 4341 3639 4394 Θεοῦ.
3675 4341 3810 4395 ’Ότε

2147 4414 2203 4472 δὲ
2245 4417 2704 4494 ἀνακηρύττουσιν
2767 4420 2926 4475 αὐτὸν
2974 4420 3037 4475 τὸ
3086 4427 3336 4498 προῦχον
3395 4423 3487 4478 καὶ
3539 4426 3809 4502 ἐξαίρετον

2143 4513 2244 4576 τῆς
2275 4509 2664 4580 θεομιμησίας,
2717 4508 3149 4585 ἀνακηρύττουσι
3204 4513 3304 4580 τὴν
3326 4512 3609 4588 πραότητα
3641 4519 3760 4591 (76)
3793 4537 3804 4550 ·

2145 4596 2232 4649 καὶ
2282 4596 2383 4670 γὰρ
2442 4596 2530 4650 καὶ
2593 4594 2679 4651 διά
2743 4599 2942 4668 ταύτην
3023 4597 3239 4674 λέγεται
3310 4601 3556 4674 θεράπων
3619 4611 3804 4660 Θεοῦ⁶

2146 4681 2290 4738 ἀλλὰ
2341 4685 2428 4738 καὶ
2496 4683 2606 4755 ὅτε,
2685 4686 2823 4760 πρὸς
2903 4687 3063 4742 αὐτὸν
3139 4689 3232 4761 μὲν
3295 4689 3427 4766 ὑπὲρ
3489 4690 3804 4769 ἐθναρχίας,

2145 4773 2278 4846 πρὸς
2355 4775 2566 4848 Ἀαρὼν
2655 4772 2712 4830 δέ
2791 4777 2919 4850 ὑπὲρ
3002 4784 3100 4847 τῆς
3182 4778 3620 4854 ἀρχιερωσύνης,
3687 4785 3800 4839 ἰτα-

2149 4861 2242 4934 μοί
2297 4883 2439 4924 τινες
2499 4865 2589 4917 καὶ
2677 4864 3027 4939 ἀναίσχυντοι
3109 4865 3555 4942 ἐπισυνέστησαν,
3634 4871 3798 4949 ἐπαρ-

2145 4947 2437 5023 ρησιάζετο
2471 4947 2590 5004 λίαν
2642 4952 2857 5026 πραέως
2910 4955 3044 5022 (77),
3103 4953 3193 5007 καὶ
3247 4958 3327 5024 τῷ
3357 4954 3434 5017 εἱς
3468 4947 3797 5031 προστασίαν

2143 5037 2278 5092 λαοῦ
2309 5041 2689 5112 κριθησομένῳ
2719 5040 2866 5114 παρά
2891 5045 3024 5095 Θεοῦ
3065 5043 3380 5118 παρεχώρει
3433 5052 3531 5114 τῆς
3568 5047 3750 5124 ἀρχῆς
3785 5068 3796 5080 ”

2142 5127 2546 5206 ἐπεμαρτύρετο
2579 5129 2656 5204 δὲ,
2712 5133 2784 5195 ὡς
2839 5132 3078 5195 ἀναίτιός
3138 5132 3250 5188 ἐστι
3293 5139 3412 5198 τοῖς
3463 5137 3797 5212 ἀρχομένοις

2140 5218 2387 5273 ἁπάντων
2435 5225 2543 5275 τῶν
2591 5227 2792 5277 κακῶν.
2842 5222 3206 5297 Ἀρχομένοις
3255 5219 3312 5277 δὲ
3357 5227 3492 5301 φησὶ
3536 5233 3654 5290 τοῖς
3695 5230 3798 5285 ὑπὸ

2138 5305 2398 5379 ἐξουσίαν,
2429 5307 2644 5380 δηλαδή
2667 5316 2745 5382 τῷ
2794 5311 2938 5384 λαῷ.
2998 5311 3296 5368 Ἠπίστατο
3347 5313 3470 5390 γάρ,
3500 5315 3582 5370 δτι
3616 5317 3644 5371 ὁ
3679 5320 3798 5392 ὁμι-

2139 5393 2250 5450 λῶν
2283 5402 2362 5469 τῷ
2391 5397 2574 5472 ἀγαθῷ
2606 5405 2743 5472 Θεῷ,
2794 5399 3007 5474 ὀφείλει
3062 5401 3469 5458 ἀποτυποῦσθαι
3521 5406 3660 5481 πρὸς
3695 5410 3792 5478 τήν

2137 5485 2341 5540 ἐκείνου
2375 5485 2703 5562 ἀγαοότητα.
2737 5491 2802 5546 Τί
2855 5487 2912 5545 δὲ
2961 5490 3053 5544 τὸν
3099 5490 3402 5566 θεοπάτορα
3430 5493 3594 5549 Δαυΐδ
3617 5495 3793 5554 ἐποίει

2135 5571 2293 5648 φίλον
2328 5580 2442 5648 Θεῷ
2479 5579 2554 5648 μή
2595 5580 2629 5646 ἠ
2683 5577 2926 5650 πραότης
2963 5597 2976 5646 ;
3027 5579 3344 5654 Θεοπάτορα
3396 5579 3453 5636 δὲ
3499 5583 3661 5640 καλεῖ
3706 5585 3794 5641 διὰ

2132 5663 2223 5718 τὸν
2258 5665 2487 5738 Χριστόν
2521 5685 2532 5697 ·
2577 5687 2708 5744 φησι
2739 5668 2840 5742 γὰρ
2892 5667 2920 5721 ὁ
2962 5673 3105 5732 θεῖος
3153 5668 3373 5734 Παῦλος
3401 5691 3414 5705 ο
3450 5672 3792 5750 ’Δφωρισμέ-

2131 5773 2223 5814 νος
2277 5754 2353 5816 εἰς
2439 5753 2798 5832 Εὐαγγέλιον,
2885 5757 2914 5811 ὃ
3001 5759 3476 5836 προεπηγγείλατο
3537 5761 3590 5818 ἄν
3652 5771 3788 5838 Γρα-
