4108 6384
317 364 434 419 465

1160 369 1626 423 PACHYMERE
1667 366 2177 422 PARAPHRABIS
2217 369 2292 420 IN
2331 368 2486 422 EPP.
2528 372 2586 425 Β.
2629 371 2967 426 DIONYSII.

3664 374 3770 430 466

314 495 448 565 φαῖς
508 489 684 564 ἁγίαις
738 489 862 564 περὶ
938 492 1034 543 τοῦ
1109 488 1238 544 Υἱοῦ
1309 490 1473 544 αὑτοῦ
1533 493 1628 544 τοῦ
1684 488 1969 564 γινομένου

2099 494 2262 546 stans
2283 495 2438 563 quod
2463 500 2669 550 auctor
2686 495 3029 568 neutiquam
3059 497 3234 552 fuerit
3253 513 3452 552 eorum
3481 497 3770 569 omnium,

311 578 372 632 ἐκ
433 579 750 654 σπέρματος
814 575 978 632 Δαυὶδ
1031 578 1168 633 κατὰ
1228 579 1420 653 σάρκα.
1484 579 1713 646 Λοιπὸν,
1776 576 1859 632 διὸ
1918 577 1982 645 ἧν

313 665 477 728 οὗτος
540 673 715 738 πρᾶος
775 669 913 741 πρὸς
977 673 1103 729 τοῦς
1157 666 1393 742 ἐχθροὺς
1453 689 1542 721 και
1602 667 1821 743 ἀγαθὸς,
1852 665 1988 720 κατᾶ

307 757 416 825 τήν
449 753 675 832 καρδίαν
726 759 862 811 εἶναι
912 761 1011 812 τοῦ
1073 762 1206 811 Θεοῦ
1271 762 1645 832 μαρτυρεῖται.
1700 757 1882 810 Καίτοι
1928 776 1988 831 γε

309 847 375 900 οὐ
411 847 560 916 ξένον
612 846 678 914 ἦν
737 848 798 901 τὸ
859 846 993 901 εἷναί
1055 867 1176 900 τινα
1237 847 1374 920 πρὸς
1434 846 1526 900 τὸν
1574 845 1769 921 ἐχθρὸν
1823 844 1987 900 αὐτοῦ

309 943 596 1011 προσηνῆ,
631 934 745 990 ἐπεὶ
777 935 866 990 καὶ
919 935 1110 1010 Νόμος
1159 933 1334 990 ἔκειτο
1397 936 1562 1008 ἱερὸς,
1613 935 1702 989 καὶ
1751 940 1858 989 τῶν
1890 939 1987 989 τοῦ

314 1024 526 1101 ἐχθροῦ
557 1025 863 1101 ὑποζυγίῶν
895 1032 1149 1101 προνοεῖν
1185 1046 1197 1058 ·
1233 1025 1532 1101 γέγραπται
1567 1031 1667 1100 γᾶρ
1701 1025 1753 1078 ἐν
1781 1029 1858 1095 τῷ
1884 1025 1988 1080 Νό-

313 1137 431 1188 μῳ,
461 1110 600 1170 ὥστε
652 1116 743 1170 καὶ
791 1116 854 1170 τὸ
905 1119 1003 1170 τοῦ
1053 1115 1258 1190 ἐχθροῦ
1321 1113 1618 1188 ὑποζύγιον
1651 1112 1987 1168 καταπίπτον

309 1203 634 1279 ἀνεγείρειν.
668 1199 864 1260 Ἰακὼῦ
916 1201 995 1274 δὲ,
1055 1202 1144 1257 καὶ
1207 1204 1432 1280 Ἰωσὴφ,
1482 1203 1568 1256 καὶ
1600 1197 1768 1258 ’Ἀϐελ
1802 1203 1852 1273 (ὁ
1887 1201 1981 1274 μὶν

311 1293 389 1354 ὡς
426 1292 704 1356 ἄπλαστος
735 1290 808 1346 ὤν
867 1292 961 1346 καὶ
1006 1290 1203 1354 κακίας
1256 1291 1559 1367 ἐλεύθερος,
1609 1292 1636 1345 ὁ
1670 1289 1726 1345 δὲ
1756 1291 1828 1352 ὡς
1855 1289 1983 1350 τοὺς

309 1378 613 1459 ἀδελφοὺς,
663 1383 754 1436 ὅτε
807 1379 1163 1457 ὑποχειρίους
1224 1384 1374 1456 εἶχεν
1431 1379 1627 1444 αὐτοὺς
1685 1379 1978 1452 οἱκονόμος

311 1467 390 1523 ὢν
420 1471 634 1539 ἁπάσης
695 1470 1000 1545 Αἰγύπτου,
1063 1470 1162 1524 ούκ
1216 1469 1578 1542 ἀμυνόμενος,
1641 1468 1806 1523 εἰπὼν
1839 1468 1976 1542 πρὸς

310 1557 522 1621 αύτούς
557 1579 571 1594 ·
608 1561 695 1628 Μὴ
730 1554 1004 1633 φοϐεῖσθε·
1064 1563 1160 1612 τοῦ
1211 1559 1314 1633 γὰρ
1346 1563 1482 1612 Θεοῦ
1516 1557 1619 1632 ἐγώ
1655 1557 1766 1629 εἰμι
1801 1575 1814 1588 ·
1859 1558 1886 1610 ὁ
1919 1553 1977 1611 δὶ

303 1653 389 1720 τῷ
444 1646 667 1726 ἀδελφῷ
727 1651 854 1703 Κάϊν
913 1648 1237 1710 ἀνυπόπτως
1301 1647 1775 1720 συμπορευόμενος
1808 1649 1924 1718 (78)
1960 1665 1972 1678 ’

306 1735 660 1812 ἆγαθοειδεῖς
701 1737 1184 1814 ἀνακηρύττονται.
1241 1735 1317 1794 Ού
1360 1739 1462 1811 γὰρ
1503 1739 1614 1812 χρή
1647 1736 1737 1790 τὸν
1771 1735 1970 1810 ἀγαθὸν

308 1827 441 1882 οὕτε
474 1832 848 1902 προεπινοεῖν,
883 1824 1007 1882 οὕτε
1050 1831 1369 1900 προσποιεῖν
1403 1826 1466 1880 τὰ
1496 1826 1634 1880 κακᾶ
1667 1829 1798 1899 (79),
1833 1824 1977 1880 ἀλλὰ
2006 1866 2052 1929 Β

406 1914 450 1929 κ.
687 1917 698 1929 ,
909 1916 923 1929 .
1085 1921 1113 1929 -
1179 1915 1192 1929 .
1274 1917 1296 1929 η
1338 1920 1364 1929 -
1457 1915 1470 1929 ι
1645 1914 1656 1929 ,
1756 1911 1780 1929 ο.
1818 1914 1831 1929 ε
1916 1915 1929 1929 .

311 1914 462 1990 μηδὲ
497 1917 855 1990 μεταπίπτειν
906 1916 964 1971 ἐκ
1022 1921 1116 1970 τοῦ
1168 1915 1368 1989 ἀγαθοῦ
1428 1915 1502 1977 εἷς
1533 1914 1722 1969 κακίαν
1754 1911 1840 1968 διὰ
1870 1915 1970 1983 τὴν

302 2011 418 2061 τῶν
448 2007 644 2082 ἑτέρων
677 2006 886 2077 κακίαν,
940 2004 1086 2061 ἀλλὰ
1129 2005 1346 2077 μᾶλλον
1389 2003 1706 2073 πλεονάζειν
1733 2004 1822 2058 καὶ
1852 2004 1975 2058 τότε

303 2097 407 2165 τήν
449 2095 784 2171 ἆγαθότητα,
830 2097 904 2158 ὡς
963 2093 1022 2149 ἂν
1073 2095 1351 2157 κάκείνους
1410 2092 1670 2163 ἐκκαλοίη
1715 2093 1852 2168 πρὸς
1884 2094 1974 2147 τὸν

303 2186 510 2256 ὅμοιον
547 2183 737 2256 ζῆλον.
785 2182 1007 2253 Ἐπειδὴ
1056 2185 1181 2253 περὶ
1224 2181 1434 2260 ἀνδρῶν
1486 2183 1856 2255 ἐμνήσθημεν,
1890 2180 1974 2236 δεῖ

300 2271 363 2328 δέ
394 2275 491 2329 καὶ
521 2272 878 2349 ὑψηλοτέρων
936 2274 1191 2348 ἅψασθαι,
1237 2272 1610 2346 ἀνανεύσωμεν
1657 2271 1745 2326 καὶ
1797 2293 1968 2326 κατα-

295 2367 622 2437 νοήσωμεν,
655 2364 718 2419 οὐ
769 2361 920 2438 λέγω
971 2362 1218 2440 ἀγγέλων
1275 2361 1614 2437 ἀγαθότητας
1662 2360 1969 2439 φιλανθρώ-

295 2474 449 2524 πων,
483 2455 571 2507 καὶ
637 2454 770 2527 ὑπὲρ
823 2452 989 2507 ἐθνῶν
1039 2449 1310 2525 δεομένων
1366 2456 1463 2506 τοῦ
1514 2455 1670 2523 Θεοῦ,
1719 2451 1807 2505 καὶ
1849 2450 1966 2504 ἐπι-

294 2542 599 2615 τιμώντων
663 2542 794 2612 ὑπὲρ
847 2541 1147 2615 ἀνθρώπων
1206 2546 1323 2602 ταῖς
1374 2541 1758 2600 ἀποστατικαῖς
1807 2536 1965 2593 δυνά-

303 2653 462 2704 μεσι,
519 2629 780 2700 δηλονότι
813 2637 930 2694 τοῖς
979 2628 1252 2703 δαίμοσιν,
1305 2627 1364 2692 ἃς
1414 2629 1501 2683 καὶ
1546 2627 1760 2698 πληθῦς
1795 2627 1964 2702 λέγει,

302 2719 368 2775 οὐ
405 2717 500 2774 διὰ
527 2721 590 2775 τὸ
618 2724 728 2774 τῶν
774 2720 1019 2796 ἀριθμῶν
1067 2717 1299 2786 πλῆθος,
1353 2717 1477 2774 ἀλλ’
1523 2719 1604 2772 ὅτι
1634 2721 1734 2772 τοῦ
1764 2716 1965 2771 ἐκιαίου

303 2811 451 2865 Θεοῦ
491 2809 676 2886 ποῤῥω
730 2809 1040 2878 ἀπέστησαν
1073 2828 1086 2840 '
1145 2809 1208 2862 τὸ
1263 2805 1320 2862 δὶ
1377 2806 1588 2877 πλῆθος
1645 2805 1834 2883 πόρῥω
1865 2813 1964 2874 τῆς

297 2897 554 2972 μονάδος
587 2899 779 2974 ἀπέχει
815 2919 827 2931 ·
865 2898 931 2952 οὐ
983 2897 1132 2973 λέγω
1190 2902 1320 2973 γοῦν
1380 2897 1504 2972 περὶ
1550 2895 1758 2951 τούτων
1792 2914 1804 2928 ·
1839 2894 1964 2951 ἀλλ’

296 2986 513 3062 ἴδωμεν
573 2989 671 3056 τήν
731 2988 1041 3064 ἀγαθότητα
1108 2991 1202 3042 τοῦ
1275 2987 1479 3062 Κυρίου
1565 2987 1727 3058 ἡμῶν
1783 2986 1964 3056 Ἰησοῦ

297 3080 548 3154 Χριστοῦ
579 3078 668 3132 καὶ
706 3077 964 3132 ἁλτθινοῦ
1001 3081 1134 3131 Θεοῦ
1182 3077 1365 3150 ἡμῶν,
1397 3073 1837 3151 παραδεχόμενοι
1869 3075 1962 3136 τὰς

297 3173 402 3236 τῆς
435 3167 778 3242 ἁγαθότητος
811 3166 974 3221 αὐτοῦ
1019 3167 1234 3228 ἀκτῖνας
1289 3165 1340 3220 ἐν
1382 3164 1611 3241 ἡσυχίᾳ.
1645 3164 1835 3240 Χαίρει
1860 3165 1960 3241 γὰρ

2100 597 2229 650 quae
2267 582 2527 638 subditis
2576 583 2871 652 obvenire,
2921 584 3235 639 malorum.
3264 584 3629 659 Ἀρχομένοις
3665 587 3766 656 ait,

2099 685 2198 724 eos
2232 670 2544 727 insinuans
2578 691 2726 744 quos
2757 674 2869 728 sub
2905 679 3196 745 potestate
3230 675 3483 730 habebat
3514 676 3766 748 Moyses,

2099 759 2380 830 pupulum
2397 761 2894 833 videlicet.Neque
2916 763 3073 818 enim
3099 764 3332 818 nescius
3353 771 3474 819 erat
3491 766 3762 835 quoniam

2098 848 2197 918 qui
2224 848 2338 903 Deo
2372 867 2656 921 perquam
2682 853 2834 907 bono
2860 852 3241 923 congreditur
3261 852 3756 918 familiariter,de-

2096 936 2192 990 bet
2247 939 2295 992 is
2349 956 2451 1010 pro
2481 939 2628 994 virili
2665 941 2981 1012 imaginem
3014 942 3339 1011 exprimere
3362 941 3568 996 divinae
3603 942 3761 997 illius

2095 1025 2398 1082 bonitatis.
2437 1029 2628 1095 Porro,
2665 1030 2804 1100 quid
2857 1029 3015 1084 aliud
3050 1030 3331 1084 eximium
3379 1029 3478 1084 Dei
3530 1034 3756 1101 patrem

2093 1113 2273 1168 David
2311 1115 2426 1186 ipsi
2459 1117 2571 1172 Deo
2604 1123 2721 1172 tam
2777 1119 3051 1173 reddebat
3105 1119 3422 1173 amabilem
3455 1123 3512 1174 et
3541 1119 3756 1190 gratio-

2093 1219 2248 1269 sum,
2274 1203 2321 1259 si
2368 1222 2482 1260 non
2521 1206 2712 1262 virtus
2743 1207 3256 1262 mansuetudinis?
3291 1208 3386 1262 Dei
3422 1212 3616 1263 autem
3654 1224 3755 1282 pa-

2092 1296 2238 1347 trem
2269 1299 2436 1348 vocat
2467 1300 2706 1366 propter
2726 1295 3048 1350 Christum.
3077 1297 3173 1351 Ait
3205 1314 3461 1368 namque
3491 1297 3755 1352 admira-

2091 1381 2226 1435 bilis
2282 1383 2542 1438 Paulus:
2577 1385 2902 1457 Segregatus
2931 1387 2988 1439 in
3023 1386 3380 1456 Evangelz'um
3431 1386 3570 1456 quod
3617 1402 3753 1456 pro-

2088 1473 2240 1526 misit
2274 1474 2332 1526 in
2381 1472 2687 1544 Scripturz's
2736 1477 2940 1530 sanctis
2987 1475 3051 1530 de
3097 1476 3241 1530 Filio
3287 1491 3407 1544 suo,
3434 1474 3532 1546 qui
3571 1481 3755 1546 [actus

2086 1565 2164 1614 est
2195 1579 2265 1616 ex
2310 1565 2519 1617 semine
2569 1565 2749 1619 David
2791 1565 3103 1619 secundum
3149 1581 3372 1619 carnem
3396 1564 3498 1635 (ω).
3534 1564 3756 1618 Deinde

2087 1651 2241 1720 quod
2298 1650 2348 1705 is
2396 1657 2514 1706 tam
2549 1657 2704 1708 esset
2752 1669 2891 1725 erga
2945 1654 3138 1709 hostes
3190 1671 3326 1708 suos
3374 1652 3635 1708 clemens
3685 1669 3752 1708 ac

2085 1739 2398 1811 benignus,
2451 1741 2648 1796 divino
2696 1743 3036 1797 testimonio
3089 1743 3282 1797 dictus
3335 1747 3423 1796 est
3471 1759 3597 1797 esse
3649 1758 3746 1797 se-

2085 1829 2346 1883 cundum
2407 1847 2505 1884 cor
2560 1830 2662 1885 Dei
2696 1832 2796 1902 (y).
2851 1834 3193 1903 Quanquam
3253 1849 3323 1886 ne
3380 1831 3438 1886 id
3501 1831 3742 1902 quidem

2084 1917 2289 1971 debuit
2329 1918 2510 1974 videri
2554 1920 2817 1974 mirabile
2869 1937 3051 1975 unum
3103 1919 3359 1992 aliquem
3395 1921 3546 1976 263
3579 1920 3746 1975 inve-va

2084 2007 2217 2076 niri,
2253 2008 2350 2079 qui
2379 2026 2443 2064 se
2473 2009 2771 2065 exhiberet
2818 2027 2958 2082 erga
3003 2010 3313 2064 inimicum
3349 2027 3524 2064 suum
3558 2011 3735 2065 bene-

2081 2096 2276 2152 volum
2321 2116 2386 2153 ac
2430 2099 2636 2162 levem,
2671 2101 2907 2170 quando
2957 2105 3331 2154 sacrosancta
3383 2100 3497 2153 Lex
3544 2099 3739 2170 posita

2082 2192 2206 2241 erat
2233 2188 2304 2243 de
2334 2188 2595 2242 curando
2619 2188 2891 2258 jumento
2919 2187 3162 2243 inimici.
3189 2189 3484 2259 Scriptum
3522 2188 3740 2259 quippe

2080 2276 2140 2330 in
2176 2277 2324 2348 Lege
2345 2283 2445 2332 ‘est
2473 2296 2484 2332 :
2511 2276 2583 2331 Ut
2603 2277 2688 2332 vel
2720 2277 3028 2349 subjugale
3057 2277 3306 2343 inimici,
3331 2279 3557 2348 siquod
3593 2279 3741 2332 forte

2080 2366 2417 2432 decidisset,
2468 2365 2620 2421 alius
2668 2367 2860 2438 quivis
2926 2367 3113 2422 obiter
3159 2366 3437 2422 allevaret
3473 2367 3568 2438 (π).
3626 2366 3739 2422 Sed

2080 2460 2136 2510 et
2159 2456 2360 2524 Jacob,
2393 2455 2634 2526 Joseph,
2668 2455 2808 2510 Abel
2841 2471 3073 2526 quoque
3106 2455 3222 2522 (ille
3255 2455 3515 2526 quidem,
3541 2459 3605 2509 ut
3635 2455 3738 2527 qui

2078 2543 2324 2598 minime
2356 2549 2512 2599 esset
2545 2544 2796 2610 fucatus,
2831 2546 2931 2599 sed
2966 2549 3022 2599 et
3052 2544 3245 2599 omnis
3287 2543 3520 2600 malitiae
3554 2543 3736 2611 liber;

2067 2634 2193 2702 jam
2228 2633 2390 2702 alter,
2429 2633 2636 2688 fratres
2668 2650 2800 2688 cum
2837 2633 3078 2688 haberet
3102 2633 3262 2689 velut
3292 2634 3606 2706 mancipia,
3631 2649 3735 2689 seu

2074 2721 2283 2777 ditioni
2317 2723 2680 2787 subdititios,
2715 2722 2932 2794 quippe
2983 2723 3074 2776 cui
3127 2724 3460 2778 universam
3496 2723 3734 2795 dispen-

2075 2813 2245 2867 sabat
2302 2812 2837 2882 moderabaturque
2904 2811 3254 2882 .‘Egyptum,
3317 2813 3460 2867 adeo
3517 2813 3588 2866 de
3647 2811 3732 2866 eis

2074 2900 2297 2956 nullam
2333 2899 2604 2971 expetivit
2638 2899 2942 2966 ultionem,
2974 2906 3039 2954 ut
3070 2901 3245 2954 etiam
3275 2899 3522 2955 dixerit:
3557 2901 3734 2956 Nolite

2076 2989 2301 3056 timere,-
2354 2989 2458 3044 Dei
2515 2989 2666 3044 enim
2714 3005 2811 3058 ego
2857 3005 2979 3043 sum
3011 2988 3114 3060 (a);
3167 2990 3378 3044 tertius
3431 3006 3548 3044 una
3600 3006 3732 3046 cum

2073 3080 2250 3134 fratre
2301 3081 2440 3133 Cain
2494 3078 2640 3133 nihil
2700 3077 3012 3150 suspicans
3062 3077 3223 3147 mali,
3275 3078 3570 3150 profectus
3621 3082 3732 3148 est)

2075 3168 2310 3237 benigni
2362 3168 2776 3239 praedicantur.
2823 3171 3024 3238 Neque
3086 3167 3239 3222 enim
3294 3184 3428 3223 eum
3481 3167 3579 3239 qui
3633 3168 3735 3223 b0.

287 3257 357 3312 τὰ
388 3236 511 3312 θεῖά
540 3258 613 3328 τι),
643 3236 873 3331 ἡσυχίᾳ,
925 3250 1108 3331 ὥσπερ
1164 3260 1245 3328 τῷ
1299 3251 1459 3330 ὄχλῳ
1495 3236 1581 3309 τὰ.
1603 3236 1816 3310 ἐναντία
1849 3236 1959 3308 "06

2079 3274 2190 3312 nus
2222 3273 2349 3311 esse
2401 3256 2723 3323 contendit,
2753 3261 2981 3328 oportet
3013 3255 3168 3311 mala
3197 3255 3283 3311 vel
3337 3256 3736 3328 praecogitare,

291 3347 394 3421 γὰρ
429 3348 641 3424 ἁφάτου
671 3340 1007 3421 ἁγαθὸτητος
1066 3345 1129 3399 τὸ
1174 3345 1242 3399 τὰ
1296 3346 1371 3416 μὴ
1426 3341 1554 3398 ὅντα
1596 3350 1770 3398 ποιεῖν
1808 3345 1963 3412 εἶναι,

291 3438 539 3491 τουτέστι
589 3433 910 3509 διακρατεῖν
960 3435 1098 3510 πρὸς
1146 3431 1434 3507 διαμονὴν,
1485 3432 1622 3488 ὣστε
1667 3434 1758 3488 τὸν
1804 3434 1966 3488 αὐτὸν

290 3527 423 3580 εἶναι
481 3525 574 3580 καὶ
625 3525 879 3595 ποιητὴν
934 3523 1025 3577 καὶ
1083 3524 1318 3598 συνοχέα
1350 3525 1486 3595 (80),
1538 3522 1626 3576 καὶ
1675 3523 1736 3576 τὸ
1766 3523 1962 3593 πάντα,

285 3615 430 3669 κατὰ
460 3616 570 3684 τὴν
610 3614 843 3668 ἑκάστου
898 3609 1349 3681 έπιπηδειότητα,
1396 3609 1686 3686 βούλεσθαι
1719 3609 1963 3665 ἐκκαλεῖ-

290 3716 417 3768 σθαι
451 3705 591 3779 πρὸς
640 3705 738 3772 τὴν
794 3702 986 3756 ἑαυτοῦ
1040 3701 1301 3774 μίμησιν,
1357 3699 1421 3758 Τί
1472 3697 1575 3769 δέ;
1623 3699 1703 3754 ὅτι
1736 3699 1823 3755 καὶ
1853 3703 1960 3754 τῶν

293 3793 731 3871 ἀποφοιτώντων
783 3793 898 3866 ἐρᾷ,
947 3790 1036 3845 καὶ
1088 3790 1398 3864 παρακαλεῖ
1451 3792 1525 3862 μὴ
1580 3787 1819 3844 ἐκπεσεῖν
1865 3787 1963 3842 αύ-

291 3887 395 3936 τοῦ
430 3880 624 3937 τέλεον
663 3901 674 3912 ·
714 3879 804 3934 διὰ
831 3885 994 3934 τοῦτο
1037 3880 1141 3954 γὰρ
1195 3879 1284 3933 καὶ
1335 3877 1695 3954 Παράκλητος
1729 3877 1911 3934 ἀκούει
1949 3894 1968 3914 ο

290 3970 612 4046 παρακαλεῖ
659 3969 760 4045 γὰρ
825 3970 901 4041 μὴ
962 3969 1334 4038 ἁπαξιωθῆναι
1395 3969 1522 4043 παρ’
1579 3967 1793 4022 ἐκείνων
1849 3972 1956 4022 τῶν

290 4060 691 4135 θρυπτομένων
743 4059 833 4112 καὶ
893 4054 1372 4129 ἁλαζονευομένων
1421 4059 1552 4128 (81).
1602 4059 1665 4113 Ἡ
1712 4055 1854 4129 λέξις
1903 4053 1961 4110 δὲ

288 4149 385 4204 ἐπὶ
429 4153 541 4204 τῶν
585 4147 896 4222 ἐρωμένων,
945 4147 996 4200 οἳ
1046 4147 1146 4214 τήν
1200 4146 1337 4221 πρὸς
1385 4145 1512 4209 τοὺς
1563 4147 1800 4221 ἐρῶντας
1833 4147 1959 4199 ἁνα-

290 4233 644 4310 ὅαλλόμενοι
678 4235 988 4310 συντυχίαν,
1040 4234 1278 4306 τοιούτῳ
1321 4240 1398 4307 τῷ
1449 4240 1770 4309 σωματικῷ,
1799 4256 1958 4290 τουτ-

287 4328 406 4384 έστι
453 4325 835 4398 κεκλασμένῳ,
894 4322 1015 4393 ⁴ἤθει
1063 4325 1406 4399 κέχρηνται·
1456 4322 1574 4378 ὅθεν
1624 4319 1958 4398 λαμϐάνεται

285 4417 386 4472 καὶ
422 4415 515 4471 ἐπὶ
545 4420 654 4469 τῶν
705 4413 892 4470 ἄλλων
943 4412 1334 4487 ὁμοιοτρόπων
1384 4415 1747 4488 πραγμάτων,
1783 4413 1960 4468 κάκεί-

286 4528 406 4561 νων
471 4505 591 4574 εἶκῆ
641 4505 730 4559 καὶ
782 4503 954 4577 μάτην
1013 4499 1516 4576 κατεγκαλούντων,
1564 4503 1724 4566 αὑτὸς
1769 4505 1958 4579 πράως

2077 3346 2164 3402 vel
2198 3345 2477 3401 simulate
2501 3346 2742 3418 tingere,
2767 3346 2866 3401 sed
2893 3362 3081 3416 neque
3114 3363 3143 3400 a
3177 3345 3328 3400 bono
3357 3347 3736 3417 degenerare,

2079 3440 2181 3491 aut
2211 3435 2408 3490 diduci
2442 3436 2512 3490 ad
2549 3434 2770 3490 malum
2805 3452 2907 3506 per
2947 3435 3200 3490 alienam
3235 3434 3554 3502 malitiam;
3590 3433 3736 3505 quin

2077 3526 2273 3596 potius
2306 3524 2694 3579 adnitendum
2744 3523 2824 3578 illi
2858 3528 2966 3592 est,
3001 3529 3066 3578 ut
3095 3526 3372 3596 operibus
3404 3523 3737 3596 benignita-

2077 3613 2152 3668 tis
2184 3613 2447 3668 abundet
2479 3613 2669 3684 magis
2701 3618 2875 3684 atque
2909 3614 3121 3685 magis,
3151 3631 3262 3684 quo
3294 3613 3426 3668 illos
3457 3614 3528 3667 ad
3562 3629 3738 3667 aemu-

2073 3703 2354 3758 lationem
2403 3701 2584 3756 studii
2641 3701 2972 3757 consimilis
3023 3707 3313 3774 provocet.
3341 3703 3470 3757 Jam
3499 3703 3736 3774 quando

2071 3791 2328 3846 virorum
2366 3790 2590 3862 aliquot
2624 3790 3028 3857 meminimus,
3054 3808 3240 3862 operae
3273 3791 3531 3863 pretium
3561 3791 3738 3846 fuerit

2073 3897 2140 3936 ea
2175 3881 2482 3952 attingere,
2509 3897 2634 3951 quae
2669 3897 2772 3952 per
2819 3897 2881 3935 se
2928 3880 3278 3936 sublimiora
3305 3885 3466 3935 sunt.
3500 3881 3578 3935 Ad
3613 3879 3735 3934 hac

2072 3971 2255 4043 igitur
2304 3969 2612 4042 superiora
2661 3969 3071 4040 provehamur,
3123 3969 3730 4041 contemplemurque,

2073 4077 2185 4115 non
2216 4058 2558 4132 angelorum
2587 4057 2970 4113 multifariam
2991 4075 3128 4130 erga
3153 4076 3258 4114 nos
3282 4059 3732 4130 benignitatem,

2072 4149 2174 4220 qui
2217 4165 2318 4220 pro
2351 4147 2653 4203 communi
2687 4147 2955 4219 gentium
3003 4147 3194 4202 salute
3225 4148 3297 4202 ad
3331 4147 3514 4202 Deum
3549 4148 3735 4202 oti'un-

2072 4239 2219 4292 dunt
2264 4254 2485 4308 preces,
2512 4236 2613 4308 qui
2663 4237 3012 4292 desertrices
3045 4241 3101 4292 et
3133 4239 3366 4309 refugas
3416 4241 3736 4309 potestates

2072 4326 2387 4382 hominum
2426 4342 2605 4380 causa
2637 4325 2844 4380 durius
2877 4326 3205 4397 increpant,
3232 4327 3528 4382 daemones
3561 4325 3739 4382 nimi-

2071 4432 2227 4481 rum,
2248 4431 2396 4486 quos
2419 4419 2583 4468 vocat
2607 4414 3049 4482 multitudines;
3086 4432 3200 4470 non
3227 4417 3382 4486 quod
3409 4432 3735 4471 numerosa:

2071 4506 2191 4560 sint
2223 4503 2649 4574 multitudinis,
2680 4519 2886 4558 verum
2941 4503 3078 4575 quia
3115 4505 3185 4558 ab
3219 4504 3397 4560 unius
3452 4505 3545 4559 Dei
3596 4505 3734 4559 obe-

285 4594 655 4668 ἀπολογεῖται
683 4595 772 4648 καὶ
807 4590 1157 4668 θεραπεύσειν
1216 4589 1609 4667 έπαγγέλλεται
1639 4594 1776 4664 (82).
1813 4587 1956 4646 Λάϐε

2079 4592 2292 4648 dientia
2356 4591 2591 4663 longius
2636 4591 3038 4658 desciverunt;
3085 4593 3405 4676 multitudo
3439 4592 3734 4660 siquidem

289 4705 396 4758 μοι
430 4681 489 4738 δέ
520 4682 608 4737 καὶ
641 4688 736 4737 τοῦ
785 4683 996 4736 ἀσώτου
1045 4676 1375 4754 παραϐολὴν
1427 4679 1514 4734 ἐπὶ
1545 4679 1779 4748 τούτοις,
1813 4686 1954 4752 πῶς,

286 4771 372 4829 ἔτι
409 4774 714 4848 ἀπέχοντος
743 4774 840 4826 τοῦ
880 4771 1115 4839 ἀσώτου,
1159 4769 1332 4841 ὅμως,
1366 4769 1481 4823 ἐπεὶ
1502 4769 1774 4843 πρόσεισι,
1796 4789 1962 4844 προσ-

283 4860 478 4939 τρέχει
533 4861 624 4916 καὶ
679 4861 909 4930 ὑπαντᾷ,
959 4858 1050 4912 καὶ
1105 4856 1464 4931 περιπλακεὶς
1521 4858 1838 4925 ἀσπάζεται,
1870 4856 1960 4910 καὶ

291 4955 622 5024 ἀμνημονεῖ
649 4954 758 5004 τῶν
808 4947 1113 5022 προτέρων,
1169 4947 1259 5000 καὶ
1302 4952 1419 5008 τοῖς
1469 4950 1734 5022 παροῦσιν
1787 4947 1962 5020 ἐνεορ-

284 5042 439 5110 τσὶζει
475 5041 690 5110 συνάμα
738 5043 856 5098 ταῖς
913 5035 1101 5114 φίλαις
1161 5032 1478 5108 δυνάμεσιν,
1529 5033 1616 5088 τίνα
1674 5033 1958 5108 ᾖπάντων

1205 5123 1297 5179 ’ίνα
1343 5122 1602 5194 δηλονότι
1636 5125 1749 5197 ἅμα
1782 5124 1869 5179 ἐπὶ
1899 5125 1960 5179 τὸ

286 5129 738 5208 εὐφραινομένων
774 5127 807 5196 ἡ
860 5124 1109 5180 κατοικία
1143 5143 1156 5156 ⁶

1196 5213 1340 5269 οὕτω
1389 5214 1488 5289 γὰρ
1545 5208 1875 5286 ἐκλαμϐάνει
1899 5215 1961 5269 τὸ

285 5221 427 5276 αὐτὸ
463 5218 659 5278 πάντες
714 5214 1090 5293 εὖφραίνοιντο
1126 5232 1138 5245 ·

287 5310 464 5388 ῥητὸν
494 5308 633 5362 κατᾶ
661 5307 724 5361 τὸ
755 5306 926 5379 παρὸν
972 5305 999 5359 ὁ
1046 5306 1222 5378 ἅγιος.
1255 5306 1334 5361 Τὸ
1360 5302 1416 5358 δὲ
1448 5303 1580 5366 ὅλος
1610 5302 1774 5366 ὅλους
1803 5324 1960 5379 περι-

283 5399 406 5461 θεὶς
434 5395 751 5470 θαυμασίως
783 5393 939 5472 φησὶ,
989 5393 1368 5468 καταισχύνων
1421 5393 1549 5455 τοὺς
1596 5392 1720 5448 τότε
1761 5393 1962 5467 αἱρετι-

280 5488 454 5560 κοὺς,
485 5486 682 5548 σ’ίτινες
710 5485 894 5562 ψυχὴν
928 5482 1097 5557 μόνην
1138 5481 1400 5552 σώζεσθαι
1437 5483 1540 5538 ὑπὸ
1571 5487 1726 5556 Θεοῦ,
1756 5481 1817 5538 οὐ
1853 5483 1959 5556 μὴν

369 5711 460 5783 (2)
491 5707 659 5765 Rom.
691 5721 734 5778 ι,
764 5705 820 5763 6.
897 5703 977 5776 (y)
1003 5703 1128 5762 Act.
1166 5716 1293 5772 xm,
1325 5699 1416 5757 22.
1495 5700 1568 5776 (τι)
1602 5701 1764 5757 Deut.
1797 5715 1942 5771 xxn,
1969 5698 2023 5756 4.

2071 4699 2244 4756 porro
2277 4682 2443 4736 abest
2474 4681 2545 4734 ab
2578 4681 2822 4736 unitate.
2848 4680 2972 4734 Non
3008 4683 3201 4752 itaque
3235 4669 3418 4736 deliis
3449 4683 3593 4736 mihi
3620 4682 3736 4738 dis-

2073 4772 2389 4827 serendum
2428 4787 2604 4839 nunc,
2632 4769 2818 4840 magis
2845 4786 2980 4824 vero
3013 4769 3282 4824 eximiam
3307 4771 3732 4843 benignitatem

2074 4860 2504 4933 perspiciamus
2556 4859 2783 4914 Domini
2831 4859 3014 4926 nostri
3045 4859 3183 4914 Jesu
3216 4859 3430 4914 Christi
3464 4859 3640 4915 simul
3674 4864 3733 4916 et

2069 4947 2187 5004 veri
2221 4947 2321 5004 Dei
2356 4948 2562 5014 nostri,
2590 4947 2944 5018 excipientes
2991 4947 3049 5002 in
3085 4947 3321 5003 silentio
3353 4953 3527 5003 tantae
3559 4947 3734 5004 istius

2073 5039 2358 5093 bonitatis
2393 5039 2607 5092 radios.
2634 5039 2834 5092 Divina
2858 5054 3111 5107 namque
3134 5036 3328 5092 silenti
3363 5038 3564 5110 requie
3590 5039 3736 5094 mire

2073 5127 2449 5183 oblectantur
2477 5144 2489 5182 :
2519 5132 2583 5181 ut
2613 5125 2956 5181 turbulento
2988 5131 3165 5197 atque
3197 5127 3512 5200 irrequieto
3546 5133 3734 5196 motu,

2074 5233 2206 5288 quae
2231 5215 2539 5271 contrariae
2563 5221 2701 5270 sunt
2732 5219 3071 5286 potestates.
3093 5216 3294 5271 Nonne
3321 5217 3604 5272 inelTabili
3629 5218 3734 5274 bo-

2074 5304 2244 5360 nitati
2269 5305 2688 5360 ascribendum
2717 5308 2824 5373 est,
2850 5305 3028 5374 quod,
3056 5321 3183 5374 qua
3217 5305 3382 5376 prius
3408 5324 3520 5361 non
3545 5311 3734 5375 erant,

2074 5395 2210 5450 fecit
2242 5398 2307 5448 ut
2338 5393 2570 5449 essent?
2621 5393 2738 5448 Hoc
2786 5396 2876 5447 est
2923 5397 2989 5448 ut
3040 5394 3359 5464 perdurent
3405 5399 3733 5464 conservat,

2073 5485 2157 5540 sic
2188 5488 2254 5538 ut
2283 5482 2440 5538 idem
2473 5484 2551 5538 sit
2581 5487 2639 5538 et
2669 5480 2938 5538 conditor
2986 5487 3045 5538 et
3096 5490 3488 5554 conservator,
3512 5485 3732 5560 quique

2101 5699 2177 5773 (a)
2209 5697 2352 5756 Gen.
2383 5713 2513 5766 xcv,
2542 5696 2600 5752 5.
