4108 6402
427 395 533 451 467

1244 398 1611 455 APPENDIX
1655 399 1752 453 AD
1788 395 2031 453 OPERA
2066 400 2124 452 s.
2164 392 2481 455 01011st
2517 384 3021 460 AREOPAGITE.
3713 413 3805 471 468

429 520 630 576 omnia
659 519 822 592 cupit
850 518 1226 576 vehementer
1278 537 1381 593 pro
1423 521 1714 592 cujusque
1753 517 2082 592 aptitudine

2203 512 2254 572 δὲ
2274 517 2363 572 καὶ
2393 522 2553 593 σῶμα
2577 518 2786 599 ἔλεγον.
2832 520 3000 585 Ὂλος
3050 524 3164 591 οὖν,
3214 523 3398 601 φησὶν,
3444 527 3471 582 6
3509 530 3715 605 Κύριος,
3743 537 3811 599 ὡς

430 610 501 665 ad
536 609 624 664 sui
657 625 835 681 quam
869 608 1241 665 simillimam
1280 609 1671 665 imitationem
1703 608 1985 664 advocare
2015 623 2082 662 ac

425 698 765 771 provehere.
820 697 970 764 Quid
1027 705 1245 769 autem,
1272 698 1373 771 qui
1421 709 1475 754 et
1516 716 1549 753 a
1579 715 1641 754 se
1689 697 2085 753 desciscentes

425 788 683 854 deamat,
719 786 1069 843 adhortatur
1100 789 1427 843 etiamnum
1465 805 1536 843 ne
1565 787 1657 842 vel
1688 787 1925 843 tandem
1961 804 1994 841 a
2024 803 2086 841 se

427 876 738 933 excidant?
768 877 916 932 Nam
942 877 1049 932 hac
1071 876 1259 948 gratia
1283 873 1640 949 Παράκλητος
1661 880 1923 932 vocatur.
1949 875 2087 929 Hor-

427 969 592 1021 tatur
610 966 767 1022 enim
791 971 1053 1037 oratque,
1080 981 1150 1020 ne
1173 966 1256 1019 sic
1288 964 1530 1036 indigne
1551 965 1624 1020 ab
1646 965 1731 1020 eis
1756 965 2084 1030 deseratur,

432 1055 532 1128 qui
557 1055 839 1111 difﬂuunt
860 1054 1111 1119 deliciis,
1137 1058 1314 1125 atque
1336 1053 1580 1126 insuper
1611 1054 1974 1111 insolescunt
1995 1070 2089 1108 su-

433 1161 540 1217 pra
571 1145 834 1200 modum.
855 1144 1186 1215 Usurpatur
1207 1148 1404 1199 autem
1428 1142 1550 1199 haec
1583 1143 1760 1199 dictio
1787 1140 2090 1217 θρυπτομέ-

429 1253 562 1303 νων,
598 1236 669 1290 de
701 1234 772 1290 iis
804 1235 907 1307 qui
951 1233 1252 1306 impendio
1294 1238 1589 1304 amantur,
1615 1233 1717 1304 qui
1749 1232 2088 1289 fruitionem

437 1324 593 1379 264
633 1321 977 1379 deliciarum
1026 1339 1175 1393 quas
1206 1322 1280 1377 ab
1313 1322 1678 1378 amatoribus
1727 1326 1986 1394 sperant,
2020 1321 2091 1375 dc

431 1411 526 1467 die
556 1413 615 1468 in
647 1413 803 1468 diem
835 1411 1202 1481 differentes,
1235 1411 1347 1467 isto
1382 1415 1633 1466 utuntur
1662 1427 1962 1483 corporeo,
1981 1409 2090 1465 hoc

434 1506 525 1557 est
555 1501 881 1574 prmfracto,
906 1505 965 1557 et
995 1500 1157 1556 molli
1181 1505 1347 1573 gestu
1379 1501 1670 1571 corporis;
1704 1515 1885 1573 quare
1916 1498 2091 1554 dictio

434 1589 557 1646 haec
588 1591 657 1645 ad
688 1607 776 1646 res
808 1589 1116 1662 plerasque
1138 1588 1284 1644 alias
1309 1589 1735 1644 transsumitur
1764 1585 2092 1644 consimilis

434 1679 658 1736 formm.
691 1679 825 1735 Jam
857 1678 977 1734 illis
1008 1677 1340 1733 inconsulte
1369 1682 1426 1733 et
1456 1678 1673 1733 frustra
1701 1677 1842 1733 vitio
1870 1681 2095 1732 verten-

436 1768 599 1825 tibus
629 1772 855 1824 tantam
882 1767 1331 1840 benignitatem,
1351 1767 1671 1824 clementer
1691 1783 1794 1838 per
1821 1784 1881 1822 se
1904 1766 2097 1821 reddit

440 1874 681 1914 causam
714 1861 891 1913 tantas
920 1856 1096 1911 istius
1124 1856 1415 1924 lenitatis;
1448 1855 1591 1928 quin
1629 1855 1823 1927 potius
1856 1854 1939 1910 sic
1966 1853 2092 1909 vul-

406 1932 587 2003 hnera
617 1946 826 2001 animus
877 1949 1220 2001 curaturum
1252 1961 1313 1999 se
1344 1944 1673 2016 pollicetur.
1706 1943 1850 1999 Mihi
1899 1943 2096 2015 accipe

437 2033 535 2090 his
565 2033 759 2090 verbis
791 2031 1082 2089 insinuari
1116 2031 1343 2105 prodigi
1375 2032 1535 2087 illius
1567 2032 1928 2104 parabolam,
1954 2047 2095 2102 quo-

439 2140 577 2179 nam
610 2123 782 2179 modo
812 2127 980 2194 pater
1029 2121 1155 2193 ipse
1208 2120 1443 2193 longius
1474 2121 1665 2177 adhuc
1695 2120 1903 2177 dissito
1934 2137 2091 2177 acce.

436 2212 597 2268 denti
631 2217 829 2267 tamen
864 2212 1023 2283 prior
1059 2210 1318 2266 occurrit
1367 2210 1673 2282 pergitque
1720 2210 1951 2276 obvius,
1983 2212 2095 2265 cir-

433 2301 783 2373 cumplexus
814 2300 1003 2355 filium
1049 2298 1288 2355 amabili
1321 2298 1524 2355 osculo
1572 2299 1791 2370 pariter
1820 2305 1877 2354 et
1908 2298 2097 2354 salute

434 2391 740 2463 dignatur.
774 2406 976 2445 eorum
1030 2388 1364 2456 immemor,
1393 2405 1521 2459 quas
1552 2389 1602 2444 is
1635 2389 1905 2444 decoctor
1932 2387 2098 2460 prius

435 2479 793 2547 admiserat;
826 2477 1219 2550 praesentibus
1251 2493 1486 2549 quoque
1518 2477 1673 2533 diem
1706 2477 1914 2532 indicit
1945 2476 2097 2533 cele-

436 2569 625 2624 briter
654 2568 1008 2641 exigendum
1042 2584 1161 2623 una
1188 2582 1321 2622 cum
1347 2565 1458 2622 sibi
1484 2565 1852 2623 charissimis
1874 2566 2098 2622 virtuti-

435 2657 572 2725 bus,
598 2662 663 2712 ut
707 2674 826 2711 una
873 2657 954 2711 sit
1001 2655 1418 2711 collzslantium
1473 2655 1738 2710 omnium
1790 2654 2097 2723 habitatio,

439 2747 727 2803 nimirum
761 2752 827 2802 ut
854 2745 1099 2802 insimul
1131 2761 1339 2801 omnes
1368 2743 1800 2800 exhilarescant
1831 2748 1888 2800 et
1918 2744 2098 2800 colla-

438 2841 661 2893 tentur.
684 2837 768 2892 Ad
793 2853 928 2892 eum
961 2836 1200 2892 modhm
1227 2835 1499 2907 praesenti
1530 2833 1657 2891 loco
1680 2835 2100 2906 interpretatur

440 2931 615 2984 Pater
657 2929 785 2999 jam
817 2927 1032 2984 dictam
1089 2928 1466 2982 sententiam.
1500 2927 1663 2992 Quod
1704 2930 1901 2981 autem
1933 2925 2096 2993 dicit,

440 3014 615 3078 ’Ὀλος
649 3014 813 3078 ὅλους
841 3015 1102 3091 περιθείς,
1123 3015 1181 3071 id
1206 3021 1296 3072 est
1314 3024 1461 3071 totus
1490 3019 1626 3071 totos
1645 3014 2057 3081 circumplexus
2078 3032 2097 3068 :

442 3105 591 3163 mire
621 3106 861 3178 quidem
911 3107 1020 3161 hoc
1052 3105 1210 3174 facit,
1244 3120 1343 3160 eos
1393 3104 1793 3176 pudefaciens,
1826 3104 1922 3175 qui
1974 3110 2097 3158 tum

2126 1901 2173 1966 Β

2192 608 2376 683 ψυχήν
2404 608 2493 663 καὶ
2525 614 2683 685 σῶμα
2701 607 2910 681 λαϐῶν,
2940 611 3103 674 ὅλους
3124 615 3274 685 ἡμᾶς
3291 612 3417 677 τοὺς
3450 613 3507 671 ἐκ
3535 620 3709 694 ψυχῆς
3732 625 3813 679 χαί

2194 697 2448 785 σῶματος
2495 699 2746 756 σέσωκεν.
2798 702 2969 758 Ἦσαν
3031 698 3089 756 δὲ
3143 701 3269 757 τότε
3326 703 3377 756 οἱ
3428 704 3530 760 ἀπὸ
3563 706 3815 785 Σίμωνος,

2193 782 2412 848 καίἓως
2468 787 2629 843 αὐτοῦ
2688 790 2986 866 Κηρίνθου,
3038 791 3114 852 ὡς
3167 787 3428 862 δηλοῦσιν
3486 795 3541 847 οἱ
3586 782 3818 870 παλαιοὶ,

2196 874 2381 962 φησὶν,
2405 875 2702 952 Εἰρηναῖος
2750 880 2837 934 καὶ
2895 879 3227 942 Ἱππόλυτος
3270 882 3397 952 (83).
3434 885 3741 962 Δημόφιλος
3769 886 3818 944 δὲ

2195 962 2285 1017 καὶ
2316 961 2473 1027 εἷ’τις
2506 962 2677 1029 ἄλλος
2722 968 2842 1023 κατ’
2885 968 3066 1040 αῧτὸν,
3119 968 3455 1042 ἐπιτιμᾶται,
3511 961 3662 1043 φησὶ,
3691 980 3822 1051 παρά

2194 1057 2291 1106 τοῦ
2324 1059 2457 1108 Θεοῦ
2489 1053 2744 1126 δηλονότι
2775 1061 2870 1112 τοῦ
2914 1058 3003 1113 καὶ
3051 1056 3417 1133 ἁμαρτωλοὺς
3455 1057 3696 1125 θέλοντος
3722 1087 3821 1121 σω-

2200 1142 2380 1214 θῆναι,
2428 1143 2517 1199 καὶ
2574 1142 2945 1202 ἐκδιδάσκεται
2993 1150 3122 1222 παρ’
3170 1147 3356 1217 αὐτοῦ,
3421 1148 3519 1204 Καὶ
3573 1155 3685 1214 πῶς
3741 1154 3826 1211 οὐκ

2200 1228 2329 1300 ἔδει,
2382 1231 2659 1307 λέγοντος,
2712 1233 2801 1289 ἐπὶ
2851 1236 3098 1313 σωτηρίᾳ
3148 1240 3217 1311 τῇ
3278 1233 3368 1292 διὰ
3418 1239 3697 1310 μετανοίας
3747 1245 3824 1298 εὖ·

2200 1321 2508 1397 φραίνὲσθαι
2543 1343 2558 1394 ;
2592 1323 2763 1385 Αὐτὸς
2784 1325 2885 1401 γάρ
2918 1323 3033 1399 εἷ’μι
3058 1326 3086 1380 6
3117 1323 3200 1381 ἐπ’
3231 1323 3398 1400 ὤμων
3423 1323 3553 1402 ἄρας
3580 1330 3641 1384 τὸ
3666 1330 3825 1387 ἀπολ-

2201 1408 2371 1479 ωλὸς,
2429 1412 2457 1465 6
2516 1413 2758 1486 χρηστὸς
2813 1411 2901 1469 ἐπὶ
2972 1413 3104 1477 τοὺς
3163 1414 3517 1492 ἀχαρίστους.
3565 1419 3682 1474 Ἔτι
3735 1419 3824 1496 γὰρ

2202 1498 2551 1573 ἁμαρτωλῶν
2586 1496 2755 1557 ὄντων
2806 1502 2992 1577 ᾗμῶν,
3053 1504 3284 1580 Χριστὸς
3337 1504 3470 1581 ὑπὲρ
3528 1508 3683 1579 ἡμῶν
3713 1510 3830 1565 ἀπέ-

2203 1587 2348 1660 θανε,
2398 1589 2559 1667 φησὶν
2630 1590 2660 1645 6'
2709 1596 2852 1655 θεῖος
2901 1592 3267 1664 Ἀπόστολος,
3327 1593 3357 1648 6
3414 1593 3720 1651 ἀνατέλλων
3746 1599 3829 1653 τὸν

2201 1675 2365 1746 ¹ἥλιον
2419 1677 2507 1733 ἐπὶ
2564 1680 2840 1756 πονηροὺς
2890 1681 2978 1737 καὶ
3035 1681 3290 1758 ἀγαθοὺς,
3345 1683 3382 1752 ἦ
3443 1683 3576 1761 φησὶ
3628 1686 3694 1740 16.
3726 1687 3833 1759 ἱερὰ

2203 1764 2507 1841 Εὐαγγέλια
2522 1789 2534 1800 ·
2552 1770 2580 1823 6
2596 1769 2765 1832 τιθεὶς
2788 1771 2887 1840 τὴν
2908 1772 3093 1847 ψυχὴν
3121 1771 3254 1847 ὑπὲρ
3274 1775 3388 1827 τῶν
3411 1771 3831 1850 ἀποφευγόντων.

2206 1854 2281 1908 Σὺ
2314 1852 2392 1928 δὲ,
2426 1855 2470 1910 ὦ
2492 1856 2798 1936 Δημόφιλε,
2818 1859 2893 1921 ὡς
2915 1860 2982 1914 τὰ
2999 1859 3297 1936 γράμματᾶ
3327 1882 3426 1916 σου
3459 1858 3644 1933 δηλοῖ,
3665 1864 3833 1937 (αὐτὸς

2203 1945 2304 2019 γάρ
2349 1945 2743 2021 προαπέστειλε
2770 1952 2850 2020 τῷ
2898 1948 3053 2022 ἁγίῳ,
3102 1945 3538 2026 ἐναϐρυνόμενος
3598 1954 3706 2007 οἷον
3758 1952 3836 2008 ὲπὶ

2203 2038 2282 2107 τῷ
2310 2032 2615 2090 τελεσθέντι
2721 2034 2903 2111 λέγεις
2949 2042 3102 2113 γοῦν,
3136 2037 3219 2094 6'11
3249 2040 3339 2094 xui
3375 2038 3745 2115 προσπεσόντα
3768 2046 3836 2114 τῷ

2205 2118 2556 2200 πρεσϐυτέρῳ
2602 2120 2767 2195 ἀσεϐῆ
2821 2125 2910 2182 καὶ
2972 2126 3329 2204 ἁμαρτωλόν,
3384 2131 3568 2204 (τοῦτο
3623 2127 3679 2185 δὲ
3721 2132 3841 2185 κατᾶ

2203 2213 2297 2267 τὸν
2327 2211 2533 2267 ἐκείνου
2567 2209 2710 2289 λέγει
2743 2212 2936 2290 λόγον,
2982 2216 3074 2271 καὶ
3128 2215 3189 2271 οὐ
3232 2218 3422 2280 καθὼς
3454 2219 3490 2287 ἡ
3518 2220 3669 2295 ψυχὴ
3695 2218 3843 2275 αὐτοῦ

2206 2295 2325 2377 ἔχει
2361 2321 2372 2333 ·
2409 2299 2533 2356 οὐδὲ
2561 2303 2661 2377 γὰρ
2688 2302 2861 2365 οὕτως
2882 2302 2998 2379 ἔχει
3024 2307 3138 2378 (84)
3159 2300 3328 2375 ἀσεϐῆ
3356 2307 3447 2362 τὸν
3482 2307 3588 2362 ἀπὸ
3605 2306 3849 2384 ἁμαρτίας

2212 2392 2604 2465 μετάνοοῦντα)
2656 2394 2775 2447 κατ’
2845 2393 3011 2449 αὐτοῦ
3085 2394 3273 2470 παρών
3346 2393 3733 2460 ἀπελάκτισας.
3784 2398 3850 2455 Τὸ

2209 2476 2267 2534 δὲ
2295 2474 2467 2549 ἀσεϐῆ
2496 2480 2584 2535 xui
2627 2481 2953 2555 ἁμαρτωλὸν
3004 2483 3118 2539 ἀντὶ
3165 2491 3389 2559 γενικῆς
3442 2484 3675 2549 ἀττικῶς
3704 2482 3851 2557 εἵλη-

2209 2591 2324 2646 ιρεν.
2362 2570 2492 2626 Εἶτα
2525 2571 2552 2625 6
2588 2570 2680 2643 μὲν
2735 2569 2908 2627 ἐδεῖτο
2964 2577 3141 2643 ζητῶν
3198 2570 3498 2648 θεραπείαν
3533 2595 3547 2607 ⁸
3596 2574 3657 2630 σὺ
3685 2572 3739 2630 δὲ
3766 2576 3853 2630 οὐκ

2208 2654 2445 2733 ἕφριξας.
2479 2655 2625 2713 ἀλλὰ
2653 2658 2742 2713 καὶ
2784 2660 2878 2714 τὸν
2926 2659 3072 2735 ἱερέα
3118 2656 3477 2737 καθύϐριζες,
3511 2659 3853 2718 δικαιώσαντα

2205 2746 2297 2801 τὸν
2329 2747 2464 2801 κατά
2494 2747 2551 2801 σὲ
2603 2742 2769 2817 ἀσεϐῆ
2803 2749 2877 2813 ὡς
2924 2747 3252 2823 ἁμαρτωλὸν
3310 2749 3382 2805 ἐΛ
3398 2752 3523 2814 έους
3567 2751 3705 2823 ἄξιον
3737 2752 3855 2806 εἶναι

2212 2840 2573 2909 μετανοοῦντα
2605 2855 2619 2869 ’
2652 2837 2742 2892 καὶ
2783 2835 2966 2911 τέλος,
3008 2839 3204 2911 Ἕξιθι,
3255 2837 3428 2917 ἔφης,
3473 2840 3566 2895 xui
3598 2840 3750 2903 αὐτὸς
3772 2839 3848 2902 tl:

2206 2926 2272 2980 151
2330 2923 2496 2981 ἄδυτα
2574 2923 2963 2998 εἰσεπήδησας,
3041 2928 3131 2983 xui
3188 2926 3255 2984 τὰ
3324 2930 3585 3008 ἄχραντα
3650 2932 3856 3003 συνῆξας

2213 3018 2506 3089 μυστήρια,
2560 3015 2732 3070 οἱονεὶ
2817 3014 3047 3092 ἐπῆρας,
3107 3017 3212 3073 ἀπὸ
3296 3024 3411 3073 τοῦ
3492 3018 3858 3094 θυσιαστηρίου

2213 3099 2481 3178 βαστόἷσας
2513 3105 2624 3179 (85)
2657 3124 2670 3138 ⁶
2707 3103 2781 3168 ὡς
2833 3104 2977 3160 ἔοικε
3032 3105 3136 3184 γὰρ
3180 3102 3258 3162 ἔτι
3312 3105 3741 3186 λειτουργοῦντι
3793 3110 3860 3179 τῷ

442 3201 630 3264 erant,
664 3196 1006 3253 haereticos:
1043 3195 1144 3269 qui
1175 3195 1413 3268 quidem
1459 3194 1719 3251 animam
1753 3193 1967 3250 salvari
1998 3211 2094 3266 per

2207 3193 2344 3265 ἱερεῖ
2389 3190 2585 3263 ἐπέστη
2641 3193 2670 3248 6
2728 3194 3074 3266 Δημόφιλος.
3130 3197 3308 3252 Τοῦτο
3385 3201 3520 3274 γοῦν
3580 3198 3863 3270 πεποίηκας

438 3286 542 3343 Dei
602 3286 879 3359 gratiam,
931 3264 1239 3341 non-item
1289 3282 1502 3356 corpus
1552 3283 1969 3356 praedicabant.
2002 3264 2094 3338 Ait

2211 3264 2437 3351 ἀναξίως
2471 3299 2484 3312 ⁸
2538 3264 2822 3337 διακόνων.
2857 3283 2960 3359 γὰρ
3015 3283 3106 3338 καὶ
3155 3264 3558 3364 πρεσὸυτέρων
3607 3287 3668 3342 τὸ
3706 3264 3862 3342 ποιεῖν

441 3392 580 3449 ergo
612 3380 853 3432 sanctus
880 3392 893 3431 :
917 3375 1102 3431 Totus
1159 3372 1464 3439 Dominus,
1494 3376 1559 3428 ut
1591 3372 1691 3445 qui
1736 3376 1794 3428 et
1837 3373 2098 3428 animam

440 3469 499 3522 et
523 3483 737 3538 corpus
771 3464 1116 3536 assumpsit,
1146 3479 1253 3519 nos
1296 3467 1473 3529 totos,
1507 3462 1607 3534 qui
1653 3462 1851 3517 anima
1881 3464 1937 3518 et
1967 3478 2099 3517 cor-

440 3572 584 3629 pore
615 3554 1024 3620 subsistimus,
1046 3552 1241 3608 salvos
1264 3550 1413 3608 fecit.
1436 3553 1616 3606 Erant
1635 3551 1788 3607 enim
1817 3556 1958 3607 tunc
1990 3550 2100 3606 hoc

440 3661 639 3701 errore
669 3643 881 3699 imbuti
907 3642 978 3698 ab
1000 3642 1126 3713 ipso
1151 3641 1388 3697 Simone
1420 3641 1489 3696 ad
1523 3639 1688 3695 illum
1714 3657 1901 3712 usque
1928 3640 2100 3712 pesti-

441 3732 664 3790 lentem
697 3731 1038 3788 Cerinthum
1069 3748 1082 3786 :
1118 3731 1623 3803 quemadmodum
1658 3728 1978 3795 declarant,
2000 3727 2100 3799 qui

442 3823 602 3879 inter
632 3823 857 3894 priscos
903 3824 1314 3880 numerantur.
1348 3822 1605 3875 Irenaeus
1643 3821 1701 3874 et
1729 3816 2098 3888 Hippolytus.

441 3917 725 3967 Caeterum
776 3909 1179 3982 Demophilus,
1221 3914 1278 3963 et
1328 3909 1377 3963 si
1429 3906 1562 3979 quis
1613 3905 1767 3960 alius
1818 3900 2100 3958 assimilis

440 3999 604 4068 huic,
630 4019 663 4057 a
686 4000 801 4057 Deo
827 3999 1236 4072 coarguendus
1266 3995 1445 4065 venit,
1469 3997 1540 4051 ab
1571 4011 1637 4050 eo
1670 3992 1977 4061 nimirum,
1998 3992 2097 4064 qui

438 4088 568 4145 vult
599 4093 933 4162 peccatores
962 4088 1034 4143 ad
1069 4088 1323 4143 salutem
1359 4085 1712 4157 pertingere,
1737 4086 1913 4152 atque
1940 4081 2010 4135 ab
2033 4096 2100 4136 eo

438 4178 857 4250 edocetur,qui
889 4178 970 4232 ait
1000 4195 1012 4232 :
1038 4176 1244 4232 Nonne
1273 4173 1582 4245 oportebat
1614 4174 1667 4225 te
1699 4168 1973 4225 collastari
2006 4185 2099 4225 sa-

435 4267 582 4323 lutis
609 4285 713 4340 per
736 4266 1141 4339 pcsnitentiam
1164 4261 1462 4336 quaesitae?
1486 4258 1767 4332 Equidem
1792 4257 1920 4330 ipse
1941 4275 2098 4329 sum,

437 4357 539 4429 qui
568 4374 671 4429 per
701 4356 980 4413 humeros
1031 4352 1248 4411 sustuli
1297 4351 1454 4425 quod
1507 4349 1793 4421 perierat:
1825 4348 1972 4420 ipse,
1998 4348 2098 4420 qui

437 4461 579 4519 erga
608 4445 829 4517 alioqui
862 4445 1127 4517 ingratos
1172 4443 1499 4514 benignum
1546 4455 1639 4493 me
1670 4436 1931 4509 praestiti.
1966 4436 2097 4491 Cum

437 4536 594 4591 enim
645 4535 758 4606 ipsi
813 4540 1132 4607 peccatores
1176 4530 1358 4586 adhuc
1407 4544 1667 4597 essemus,
1701 4525 1949 4582 Christus
1996 4541 2098 4597 pro

2207 3374 2455 3440 τοιαῦτα,
2487 3374 2584 3425 τοῦ
2613 3370 2786 3444 νόμου
2836 3368 3120 3447 λέγοντος,
3170 3375 3274 3431 Καὶ
3330 3377 3385 3430 οἱ
3434 3377 3605 3453 ἱερεῖς
3631 3393 3859 3451 περιστι-

2211 3458 2369 3516 λοῦσι
2400 3460 2466 3514 τὰ
2518 3461 2660 3535 ἅγια,
2716 3460 2791 3524 ὡς
2836 3460 2927 3515 xui
2975 3459 3028 3516 ἐν
3070 3467 3186 3525 τοῖς
3235 3462 3368 3534 ἑξῆς
3413 3472 3576 3542 φησι.
3620 3463 3860 3540 Καὶγρά·

2210 3570 2352 3624 φεις,
2392 3548 2475 3604 6'11
2535 3548 2807 3623 μέλλοντα
2852 3548 3213 3629 διαφθαρῆναι
3269 3552 3341 3608 τὰ
3385 3554 3518 3630 ἅγια
3548 3554 3859 3622 ἀπέσωσας;

2207 3639 2321 3695 Νῦν
2352 3639 2443 3692 οὗν
2485 3635 2648 3694 ἄκουε
2677 3640 2766 3695 καὶ
2805 3643 2914 3695 τῶν
2972 3639 3280 3716 ἡμετέρων.
3326 3632 3419 3701 Ὀὐ
3486 3645 3710 3717 θεμιτὸν
3740 3661 3859 3717 πρε-

2209 3721 2488 3803 σϐύτερον,
2536 3725 2632 3782 κᾶν
2680 3725 3002 3805 ἁμαρτάνοι,
3060 3729 3163 3784 ὑπὸ
3215 3727 3488 3788 διακόνου
3535 3730 3860 3808 ὕψίηλοτὲρου

2209 3811 2393 3885 σου,ἤ
2442 3814 2533 3869 καὶ
2596 3816 2944 3889 μονάζοντος,
2996 3815 3333 3879 εὐθύνεσθαι.
3389 3821 3559 3893 Τάξις
3599 3821 3702 3897 γὰρ
3752 3841 3863 3876 συν·

2208 3901 2323 3979 έχει
2355 3902 2528 3958 πάντα
2560 3923 2572 3935 ·
2607 3905 2763 3976 πόσῳ
2792 3926 2853 3981 γε
2906 3903 3124 3980 μᾶλλον
3168 3905 3256 3961 ἐπὶ
3307 3915 3436 3972 τοῖς
3467 3912 3764 3984 ἡμετέροις
3793 3905 3865 3963 δεῖ

2204 3991 2304 4059 τήν
2335 3990 2480 4065 τάξιν
2530 3991 2891 4071 φυλάττεσθαι
2927 4015 2940 4065 ;
2990 3994 3034 4050 εἷ
3074 3995 3174 4072 γὰρ
3223 3995 3451 4069 ἀταξία,
3514 3997 3716 4057 λοιπδν
3752 3997 3859 4071 έμε-

2209 4080 2362 4157 ρίσθη
2397 4079 2478 4159 ἐφ’
2509 4081 2694 4136 ἑαυτὸν
2720 4083 2748 4137 ὁ
2798 4079 2927 4146 Θεὸς
2964 4103 2979 4117 ·
3031 4090 3176 4141 πᾶσα
3214 4080 3275 4140 δὲ
3310 4087 3607 4163 βασιλεία,
3636 4088 3748 4159 ἥτις
3774 4104 3853 4159 με-

2207 4171 2539 4245 ρισθήσεται,
2575 4170 2636 4225 οὗ
2695 4173 3037 4243 σταθήσεται.
3098 4173 3195 4231 Καὶ
3260 4174 3308 4231 εἰ
3361 4181 3469 4233 τοῦ
3506 4182 3648 4235 Θεοῦ
3678 4174 3861 4244 ἔστινῆ

2203 4260 2401 4332 κρίσις,
2435 4256 2659 4334 ἄγγελοι
2717 4258 2775 4315 δὲ
2822 4265 2955 4317 Θεοῦ
3005 4261 3057 4317 οἷ
3107 4263 3275 4338 ἱερεῖς
3341 4266 3490 4338 μετὰ
3537 4266 3674 4329 τοὺς
3703 4262 3866 4339 1.9119-

2206 4369 2311 4424 χας
2346 4347 2469 4404 εἶσί.
2504 4348 2578 4402 Σὺ
2612 4345 2669 4403 δὲ
2699 4346 2827 4404 οὒδὶ
2874 4355 2994 4414 τοῖς
3041 4348 3425 4428 λειτουργοῖς,
3459 4353 3735 4428 ’δηλονότι
3767 4354 3870 4413 τοῖς

2207 4437 2506 4507 διακόνοις,
2540 4439 2945 4513 συνιστάμενος,
3000 4436 3145 4496 ἀλλὰ
3180 4442 3299 4513 μετ’
3338 4444 3584 4518 αὐτοὺς,
3611 4442 3684 4500 δι’
3714 4444 3873 4499 αὐτῶν

2204 4524 2525 4582 ἐκδιδάσκου
2556 4528 2703 4603 παρᾶ
2757 4531 2865 4583 τῶν
2923 4529 3113 4605 ἱερέων
3166 4524 3307 4604 (86),
3377 4531 3456 4588 δι’
3519 4535 3597 4589 ὧν
3643 4532 3872 4606 ἠξιώθης

436 4624 596 4682 nobis
637 4634 888 4681 mortuus
929 4624 1031 4693 est,
1066 4620 1274 4679 scribit
1319 4616 1688 4674 admirabilis
1720 4615 1817 4671 ille
1849 4620 2094 4687 Aposto-

2204 4618 2294 4672 xui
2326 4619 2387 4671 16
2417 4617 2751 4691 Θεραπευτὴς
2780 4616 2939 4689 εἶναι,
2988 4620 3126 4688 (καθ’
3175 4616 3499 4690 ὑπερϐατὸν
3532 4623 3637 4700 γὰρ
3688 4625 3723 4693 ἢ
3763 4620 3874 4675 σόν-

436 4715 533 4772 lus
550 4717 649 4789 (ὁ).
669 4718 778 4786 ριιί
800 4717 1132 4772 etiamnum
1153 4713 1295 4768 oriri
1312 4712 1457 4782 facit
1476 4709 1641 4763 solem
1661 4724 1826 4779 super
1844 4707 2017 4763 maloa
2040 4714 2092 4761 et

438 4806 625 4877 bonas,
660 4803 1163 4878 quemadmodum
1198 4799 1372 4855 refert
1403 4798 1550 4854 sacri
1593 4797 1860 4852 doctrina
1902 4798 2089 4852 Evan-

435 4896 570 4969 gelii
597 4897 694 4969 (c);
730 4894 831 4968 qui
865 4892 1124 4949 animam
1150 4886 1384 4961 quoque
1413 4904 1579 4944 suam
1615 4887 1778 4959 ponit
1807 4904 1911 4958 pro
1943 4888 2094 4942 refu-

434 4987 546 5061 gis.
579 4989 669 5042 Tu
702 4990 922 5055 autem,
956 5001 988 5039 ο
1019 4980 1387 5053 Demophile,
1409 4983 1475 5034 ut
1504 4982 1617 5033 tua:
1665 4978 1966 5033 declarant
1995 4977 2090 5033 lit-

430 5081 567 5133 tere
598 5076 788 5149 (prius
818 5072 976 5131 enim
1011 5071 1081 5126 ad
1117 5072 1389 5124 sanctum
1438 5068 1663 5123 litteras
1696 5066 1822 5139 ipse
1852 5067 2094 5123 dederat

428 5163 820 5237 Demophilus
851 5161 1034 5232 hujus
1066 5157 1305 5213 nuntias
1339 5157 1472 5213 facti
1509 5174 1522 5213 :
1558 5157 1777 5229 quibus
1808 5172 1937 5211 sese
1966 5156 2089 5228 glo-

428 5255 648 5311 riosius
672 5251 971 5316 etl‘erebat,
1000 5247 1171 5321 quasi
1209 5246 1439 5303 facinus
1472 5246 1792 5319 peregisset
1818 5261 1948 5302 cum
1972 5246 2089 5317 pri-

2203 4706 2354 4777 ταξις
2388 4712 2458 4777 ο)
2506 4706 2643 4781 πρὸς
2702 4705 2876 4761 αὖτῶν
2926 4703 3189 4776 δηλονότι
3238 4714 3356 4766 τῶν
3424 4712 3623 4789 ἱερέων
3680 4707 3875 4767 6x6166-

2201 4817 2332 4852 0xou
2365 4798 2498 4869 (8'7),
2531 4793 2601 4850 δι’
2640 4796 2714 4849 ὧν
2760 4795 2848 4851 xui
2904 4797 3206 4873 μοναχῖκόν
3254 4819 3345 4859 σοι
3406 4809 3619 4878 σχῆμα
3651 4800 3872 4859 δέδοται.

2201 4893 2273 4942 ’Ἢ
2306 4887 2436 4961 οὐχὶ
2471 4889 2733 4960 μαρτυρεῖ
2774 4907 2878 4958 μου
2919 4889 2996 4941 τῶ
3056 4885 3206 4964 λόγῳ
3262 4888 3363 4944 xui
3398 4891 3548 4947 αὐτὰ
3588 4892 3660 4948 τὰ
3688 4896 3785 4960 τῆς
3814 4888 3875 4943 ls-

2203 4981 2297 5054 ρᾶς
2327 4974 2529 5046 τάξεως
2587 4970 2886 5047 σύμϐολας
2935 4977 3205 5032 ’Ἰστανται
3263 4978 3376 5054 γὰρ
3434 4979 3491 5036 ἔν
3552 4983 3652 5057 μὲν
3684 4984 3761 5054 τῷ
3792 4990 3878 5044 θυ-

2203 5085 2504 5140 σιαστηριῳ
2533 5066 2751 5138 πρῶτον
2803 5065 3102 5140 ἀρχιερεῖς,
3154 5065 3267 5121 εἶτα
3320 5067 3528 5142 ἱερεῖς,
3586 5072 3707 5125 εἶτα
3757 5069 3879 5144 πρὸς

2198 5159 2317 5216 ταῖς
2375 5151 2577 5216 πύλαις
2604 5151 2846 5207 διάκονοι
2887 5171 2898 5187 ³
2930 5150 3127 5224 ἔξωθεν
3162 5151 3220 5210 δὲ
3247 5160 3367 5211 τῶν
3415 5158 3623 5216 πυλῶν
3648 5161 3702 5214 οἱ
3731 5160 3879 5233 θερα-

2200 5243 2416 5315 πευταὶ,
2449 5242 2585 5317 πρὸς
2617 5240 2802 5304 αὐταῖς
2850 5241 3154 5316 ἱστάμενοι,
3202 5244 3263 5300 οὗ
3318 5247 3473 5323 πρὸς
3506 5247 3767 5323 φυλακὴν
3798 5245 3882 5301 αὖ·

428 5344 543 5400 mis
575 5342 749 5397 laude
776 5339 1065 5410 dignum),
1085 5338 1234 5393 dicis
1258 5338 1457 5409 igitur,
1484 5337 1623 5409 quia
1650 5336 1932 5390 adversus
1953 5350 2087 5390 eum

2203 5338 2303 5389 τῶν
2335 5330 2401 5400 δὴ
2432 5337 2540 5386 τῶν
2587 5330 2799 5415 πυλῶν,
2843 5332 3024 5406 (τοῦτο
3068 5334 3170 5410 γὰρ
3224 5337 3339 5388 τῶν
3382 5335 3536 5413 πρὸς
3581 5338 3772 5401 αὐταῖς
3800 5334 3881 5391 ἐν·

429 5432 533 5505 qui
574 5428 913 5502 presbytero
958 5427 1310 5500 prociderat,
1345 5425 1598 5499 impium
1632 5428 1690 5479 et
1721 5428 2085 5495 peccatorem

2203 5423 2290 5485 τὸς
2338 5419 2639 5494 ἱσταμένων
2693 5417 3050 5496 λειτουργῶν,
3119 5419 3395 5493 δηλονότι
3462 5422 3741 5483 διακόνων
3795 5425 3876 5479 καὶ

428 5523 609 5580 talem
642 5519 801 5576 hunc
828 5519 1004 5575 refert
1035 5519 1201 5574 Pater
1239 5520 1415 5590 juxta
1454 5512 1790 5587 Demophili
1820 5515 2086 5582 verbum,

502 5740 581 5813 (ὁ)
612 5739 779 5796 Rom.
811 5753 867 5811 v,
895 5737 949 5793 9.
1026 5738 1098 5811 (ο)
1128 5736 1330 5796 Matth.
1362 5754 1417 5811 ν,
1451 5738 1539 5797 45.

2197 5507 2586 5585 ὁποδιακόνων,
2618 5508 2759 5566 ἐστίν
2790 5527 2803 5543 '
2837 5510 2855 5582 )
2913 5505 3061 5565 ἀλλὰ
3101 5511 3242 5587 πρὸς
3290 5512 3458 5586 τάξιν
3505 5516 3606 5574 καὶ
3650 5515 3875 5593 ἑπίγνω-
