4108 6382
330 417 442 472 469

1143 430 1609 486 PACHYMERE
1648 427 2156 483 PARAPHRASIS
2192 429 2268 481 IN
2305 429 2463 481 EPP.
2505 429 2566 482 Β.
2608 427 2950 482 DIONYSII.

3649 423 3755 476 470

331 562 419 597 σιν
451 543 654 598 ἑαυτῶν
713 547 847 620 (88),
900 544 992 602 ’ίνα
1043 549 1471 626 ἐπιγινώσκωσιν
1522 551 1745 613 ἑαυτοὺς
1776 551 1843 619 ἧς
1892 549 1972 604 τά·

2099 567 2210 606 non
2246 559 2309 606 ut
2338 568 2446 606 sua
2477 551 2665 623 ipsius
2699 568 2865 606 mens
2898 549 3212 616 sentiebat;
3236 563 3422 618 neque
3444 548 3600 603 enim
3615 563 3752 602 eum

329 631 464 700 ξεως
512 633 602 686 καὶ
650 634 795 704 ἀξίας
833 635 961 708 εἶσὶ,
1002 638 1092 692 καὶ
1146 642 1220 712 μή
1261 646 1369 695 τῶν
1414 641 1738 717 κρειττόνων
1796 661 1988 696 κατεπ-

329 719 612 794 αίρωνται·
669 721 885 794 μᾶλλον
924 725 1025 801 γὰρ
1057 726 1136 799 τῷ
1168 726 1286 800 λαῷ
1317 729 1709 800 πλησιάζουσιν
1771 729 1805 799 ἢ
1868 736 1988 793 ταῖς

331 809 634 882 ἱερατικαῖς
685 813 861 884 τάξεσι
894 817 1027 888 (89).
1062 817 1167 871 Καὶ
1197 822 1358 872 τοῦτο
1397 820 1496 873 οὐκ
1544 819 1843 882 ἀπεικότως
1895 817 1983 873 λέ-

325 917 433 971 γει,
485 897 611 953 ἀλλ’
669 897 752 955 ὅτι
817 903 868 956 οἱ
933 906 1025 975 μὲν
1059 906 1347 982 ἱερωμένοι
1385 911 1494 981 (90)
1552 907 1694 963 ἳδιον
1727 909 1891 963 τόπον
1922 909 1983 962 τὸ

327 986 472 1074 θεῖον
507 988 891 1074 θυσιαστήριον
945 986 1185 1068 ἔχουσιν·
1223 997 1273 1050 οἱ
1308 994 1365 1050 δὲ
1416 999 1649 1074 μοναχοὶ
1713 999 1847 1072 μετὰ
1887 1002 1983 1051 τοῦ

323 1072 465 1129 λαοῦ
497 1070 687 1148 ἔξωθεν
709 1076 976 1153 ἵστανται,
1037 1082 1088 1138 εί
1140 1084 1229 1139 καὶ
1287 1089 1384 1140 τοῦ
1421 1070 1596 1141 λαοῦ-
1639 1089 1690 1142 οἱ
1715 1070 1721 1072 ν
1747 1087 1982 1163 μοναχοὶ

322 1165 703 1240 προῖστανται.
755 1168 852 1223 Διά
878 1175 1039 1226 τοῦτο
1083 1174 1172 1227 καὶ
1203 1175 1238 1243 ἡ
1272 1176 1390 1249 ἱερά
1439 1177 1760 1249 θεσμοθεσία
1808 1177 1860 1231 ἐν
1906 1181 1984 1247 τῷ

326 1253 770 1332 μεταλαμϐάνειν
803 1260 1032 1328 τούτους
1057 1272 1174 1327 τοῖς
1209 1264 1510 1343 ἐνδοτέροις
1541 1270 1639 1337 τήν
1694 1265 1980 1342 μετάδοσιν

321 1345 650 1432 ἐγχειριζει·
700 1349 789 1404 καὶ
834 1351 936 1427 γὰρ
983 1354 1034 1408 οἱ
1083 1353 1227 1417 ἐντὸς
1260 1356 1714 1432 ἀπερικαλύπτως
1769 1359 1835 1412 τὰ
1867 1363 1984 1422 θεῖα

319 1430 413 1488 διὰ
454 1432 751 1508 συμϐόλων
789 1439 1050 1514 βλέπουσι
1081 1443 1170 1497 καὶ
1222 1430 1506 1500 ἀκούουσι·
1556 1446 1647 1501 καὶ
1706 1446 1794 1500 ἐπὶ
1851 1446 1980 1508 τοὺς

313 1518 516 1610 ἔξωθεν
575 1531 682 1580 τῶν
739 1533 1250 1605 παραπετασμάτων
1279 1535 1624 1607 ἱσταμένους,
1683 1536 1978 1610 μοναχοὺς,

313 1608 574 1686 λαϊκοὺς,
624 1613 700 1670 ἔτι
749 1617 966 1684 καὶτὰς
1012 1622 1412 1698 καθαιρομένας
1444 1624 1638 1695 τάξεις,
1688 1608 1979 1699 κατηχου-

317 1700 540 1774 μένους,
585 1704 675 1759 καὶ
725 1707 852 1772 τοὺς
908 1708 960 1763 ἐν
1024 1711 1303 1784 μετανοίᾳ,
1351 1715 1419 1767 τὰ
1470 1714 1588 1788 ἱερὰ
1646 1713 1997 1792 ἐκφαίνουσι,

318 1790 515 1853 καλῶς
580 1793 662 1847 ἀεὶ
724 1791 1198 1874 διαφυλαττόμενα
1255 1799 1499 1876 ἄχραντα
1551 1802 1656 1856 ἀπὸ
1702 1790 1809 1856 τῶν
1869 1807 1975 1856 σῶν

314 1880 525 1990 (Ed/con,
599 1883 796 1958 μέχρις
859 1887 940 1959 οὗ,
998 1894 1329 1963 τυραννικῶς
1386 1888 1721 1962 εἰσπηδήσας
1768 1879 2056 1990 αὐτοῖς,Β

314 1989 325 1990 κ
414 1989 419 1990 ,
687 1971 703 1990 9
978 1984 1036 1990 Α..
1115 1979 1125 1990 ι
1372 1981 1385 1990 ι
1437 1980 1449 1990 ο
1501 1982 1510 1990 η
1679 1980 1733 1990 -ι
1788 1977 1827 1990 ιι
1918 1979 1929 1990 ι

1918 1979 1930 1998 \

312 1969 632 2057 ᾖνάγκασας
684 1971 1126 2047 ἐκπομπευθῆναί
1189 2000 1272 2034 σοι
1329 1981 1397 2034 τὰ
1426 1980 1641 2045 ἀθέατα.
1676 1980 1751 2034 Σὺ
1785 1977 1841 2034 δὲ
1867 1979 1972 2057 φῂς

312 2056 472 2134 ἔχεις
505 2060 593 2114 καί
649 2059 1029 2138 διαφυλάττειν
1086 2069 1153 2122 τα
1211 2069 1348 2142 ἱερὰ,
1411 2071 1485 2142 μή
1542 2068 1702 2132 εἷ’δὼς
1759 2071 1840 2123 ὅτι
1874 2056 1976 2124 σύκ

307 2144 466 2222 ἔχειν
499 2153 685 2204 ταῦτα·
752 2150 866 2207 ἐπεὶ
921 2152 1182 2228 οὐδαμῶς
1242 2178 1348 2227 σοι,
1404 2156 1548 2213 ἀλλά
1603 2163 1718 2220 τοῖς
1775 2159 1972 2233 ἱερεῦσι

307 2234 589 2314 διαφέροι.
646 2240 715 2294 Τὸ
773 2239 830 2296 δὲ
877 2246 1076 2319 Ὥσπιρ
1127 2243 1252 2300 οὐδὲ
1301 2247 1401 2315 τήν
1453 2248 1731 2318 ἀλήθειαν,
1763 2247 1852 2302 καὶ
1908 2247 1977 2302 τὰ

305 2322 461 2394 ἐξῆς,
495 2327 652 2403 φησὶ,
705 2332 1118 2404 καθαπτόμενος
1151 2336 1372 2408 τούτου,
1403 2336 1494 2390 καὶ
1544 2335 1626 2391 ἐπ’
1664 2334 1812 2403 ἄλλῃ
1846 2335 1973 2390 ἀτα-

303 2411 394 2486 ξίᾳ
453 2416 544 2468 καὶ
601 2416 958 2493 ἀναισχυντίᾳ
989 2423 1118 2495 (91),
1174 2426 1292 2488 καθ’
1321 2426 1386 2494 ἣν
1433 2423 1767 2500 λογομαχῶν
1798 2427 1974 2494 καθη-

307 2505 507 2575 μὲραν,
571 2507 672 2560 οὐκ
736 2506 823 2563 ἐπὶ
883 2513 1131 2566 συστάσει
1155 2516 1290 2586 (92),
1318 2512 1446 2568 ἀλλ’
1503 2514 1973 2590 ἒπὶκαταστροφῆ

300 2595 416 2646 τῶν
447 2593 789 2666 ἀκουόντων,
847 2599 942 2661 τὰς
1002 2602 1216 2678 Γραφάς
1246 2601 1614 2677 ἀνεγίνωσκεν.
1653 2603 1803 2658 Ἐπεὶ
1855 2599 1974 2656 δυσί

301 2702 419 2735 τισι
450 2682 774 2760 κεφαλαίοις
823 2689 1121 2764 περιορίζει
1166 2691 1264 2757 τὴν
1309 2695 1406 2745 τοῦ
1438 2691 1764 2769 Δημοφίλου
1795 2692 1974 2766 ἀμαρ-

300 2770 425 2824 τίαν
457 2771 549 2826 καί
575 2773 812 2846 ἀταξίαν,
862 2780 942 2848 τῷ
992 2798 1052 2832 τε
1109 2777 1458 2854 ἐπιχειρῆσαι
1488 2787 1605 2842 τοῖς
1636 2780 1836 2856 ἀγίοις,
1884 2781 1972 2834 καὶ

308 2864 392 2930 τῷ
449 2861 544 2916 τὸν
607 2859 973 2939 πρεσϐύτερον
1039 2862 1273 2942 ὑϐρίσαι·
1325 2868 1505 2924 ἐατέον
1545 2869 1648 2945 γὰρ
1683 2871 1783 2939 τὴν
1840 2870 1978 2924 κατὰ

300 2953 404 3004 τοῦ
459 2957 853 3022 μετανοοῦντος
887 2954 1247 3012 ἀπολάκτισιν
1279 2958 1370 3013 καὶ
1405 2959 1687 3030 ἐξώθησιν·
1746 2956 1840 3013 δύο
1871 2959 1976 3034 γὰρ

302 3036 562 3115 ἐργασίας
611 3040 717 3096 ἀπὸ
755 3046 854 3096 τοῦ
905 3042 1191 3100 ἐλόίττονον
1238 3043 1534 3122 παρέλαϐε·
1587 3049 1725 3124 πρὸς
1751 3048 1847 3121 μὲν
1877 3049 1977 3116 τήν

300 3130 537 3203 πρώτην
573 3129 841 3206 ἁμαρτίαν
870 3132 1044 3207 λέγων
1095 3134 1180 3189 τό·
1229 3135 1290 3191 El
1347 3138 1439 3210 μὲν
1474 3136 1736 3213 ἐθναρχίᾳ
1776 3158 1858 3198 τις
1889 3125 1980 3212 ἀφ’

305 3217 506 3272 ἑαυτοῦ
550 3216 884 3294 ἐνεχείρησε,
950 3223 1026 3295 μὴ
1075 3221 1318 3288 διδόντος
1365 3231 1460 3281 τοῦ
1510 3226 1810 3304 βασιλέως,
1871 3225 1978 3280 ἐτι-

2097 642 2244 698 265
2282 641 2535 696 habebat
2565 658 2668 712 pro
2697 641 2899 711 impio,
2925 655 3095 711 quem
3131 640 3301 710 plane
3332 642 3614 709 cognorat
3647 637 3751 691 ad-

2098 732 2262 785 missi
2317 731 2592 786 facinoris
2625 730 2948 802 pmnitere),
2983 730 3262 784 adversus
3305 728 3576 782 eumdem
3610 743 3749 780 con-

2097 821 2332 889 sistens,
2366 821 2628 875 calcibus
2658 820 2961 890 pulsatum
2982 819 3267 888 adjecisti.
3302 817 3546 871 Proinde
3581 832 3753 870 accu-

2096 911 2313 965 satives
2363 902 2531 976 ἀσεϐῆ
2577 909 2665 962 καὶ
2720 904 3048 982 ἁμαρτωλὸν
3086 924 3188 979 pro
3226 905 3498 977 genitivis
3531 903 3755 976 accepit

2096 999 2296 1069 pbrasi
2333 1000 2528 1053 attica.
2566 1002 2630 1053 At
2663 999 2896 1053 interim
2945 997 3194 1068 supplex
3224 994 3321 1050 ille
3355 995 3598 1066 rogabat
3629 993 3752 1048 eni-

2093 1089 2248 1154 xius,
2284 1104 2551 1158 quaerens
2586 1088 2911 1143 remedium
2949 1103 2962 1141 :
2996 1092 3057 1140 tu
3091 1084 3474 1150 contra,adeo
3505 1099 3619 1138 non
3653 1097 3752 1136 ex-

2097 1177 2400 1247 horruisti,
2464 1182 2528 1232 ut
2572 1177 2932 1232 sacerdotem
2987 1177 3229 1246 insuper
3274 1191 3387 1228 non
3447 1171 3754 1227 toleranda

2095 1267 2452 1322 contumelia
2483 1265 2800 1338 asperseris
2828 1283 2840 1323 :
2873 1266 3025 1336 quod
3055 1281 3212 1331 eum,
3247 1263 3349 1335 qui
3380 1266 3480 1316 tua
3513 1264 3748 1316 senten-

2092 1358 2176 1411 tia
2209 1357 2428 1428 impius
2459 1361 2583 1411 erat
2615 1373 2680 1411 ac
2714 1354 3096 1427 peccator,sic
3128 1357 3325 1408 tamen
3362 1351 3750 1423 pmnitentem

2086 1447 2313 1517 justum
2350 1445 2792 1518 pronuntiasset
2823 1449 2878 1500 et
2909 1442 3312 1499 misericordia
3334 1441 3615 1512 dignum;
3647 1439 3749 1492 de-

2093 1535 2271 1607 nique
2321 1535 2479 1590 abire
2525 1535 2786 1606 jussisti,
2841 1550 2948 1589 nec
2996 1532 3086 1587 his
3137 1534 3468 1598 contentus,
3517 1527 3644 1600 ipse
3689 1528 3750 1582 in

2093 1627 2266 1698 adyta
2286 1624 2570 1679 insiluisti
2598 1625 2911 1695 impudens
2935 1639 3000 1677 ac
3022 1621 3166 1677 nulli
3202 1626 3421 1676 temere
3446 1618 3752 1674 tractanda

2091 1715 2370 1786 mysteria
2417 1712 2863 1782 commiscuisti,
2925 1712 3128 1767 eadem
3187 1709 3615 1782 propemodum
3676 1707 3747 1762 ab

2089 1805 2218 1875 ipso
2262 1804 2428 1859 altari
2471 1804 2687 1874 injecta
2736 1819 2914 1856 manu
2967 1799 3304 1872 exportasti.
3358 1798 3431 1853 Ut
3477 1797 3634 1853 enim
3685 1812 3748 1854 re

2090 1893 2220 1964 ipsa
2270 1897 2530 1965 apparet,
2565 1891 2855 1947 sacerdoti
2906 1891 3228 1945 etiamnum
3265 1887 3447 1943 sacris
3481 1885 3744 1957 operanti

2087 1983 2538 2054 impressionem
2593 1982 2728 2036 fecit
2755 1978 3161 2052 DemOphilus.
3199 1979 3312 2032 [loc
3344 1977 3524 2048 igitur
3551 1977 3656 2030 abs
3689 1979 3744 2030 te

2083 2071 2326 2143 indigne
2379 2071 2598 2125 factum
2644 2075 2754 2135 est,
2787 2067 3059 2124 Diaconis
3100 2067 3256 2121 enim
3290 2071 3346 2120 et
3379 2062 3736 2136 presbyteris

2084 2161 2286 2217 istbaec
2317 2161 2523 2215 munia
2561 2158 3006 2226 conveniebant,
3042 2155 3269 2211 dicente
3316 2155 3443 2226 lege
3477 2171 3490 2211 ς
3526 2157 3592 2207 Et
3640 2168 3739 2207 sa-

2084 2251 2349 2306 cerdotes
2379 2250 2687 2305 obvolvent
2718 2251 2922 2303 sancta
2944 2265 2958 2316 ;
2984 2244 3480 2317 quemadmodum
3513 2242 3572 2296 in
3607 2257 3742 2314 pro-

2083 2340 2238 2394 xime
2257 2339 2643 2410 sequentibus
2685 2337 2853 2392 Pater
2873 2339 3060 2392 docet.
3098 2336 3164 2389 Et
3183 2351 3316 2390 ecce
3347 2333 3581 2398 scribis,
3613 2347 3744 2386 san-

2085 2433 2335 2492 cta,cum
2352 2429 2472 2496 jam
2489 2424 3380 2495 contaminat—ionisimpenderet
3394 2420 3742 2493 periculum,

2083 2516 2428 2571 intemerata
2449 2518 2688 2572 tandem
2722 2519 2776 2570 te
2808 2513 3189 2569 asservasse?
3221 2513 3389 2567 Nunc
3423 2511 3603 2583 igitur
3635 2526 3743 2564 no-

2085 2610 2270 2660 stram
2303 2620 2482 2676 super
2513 2605 2605 2659 his
2638 2605 2835 2675 accipe
2868 2602 3370 2658 sententiam.Fas
3395 2600 3743 2670 neutiquam

2086 2710 2215 2749 esse
2266 2710 2578 2748 censemus
2629 2693 3056 2764 presbyterum,
3088 2691 3264 2745 etiam
3310 2690 3359 2744 si
3393 2688 3561 2743 illum
3603 2705 3740 2743 con-

2085 2783 2278 2854 tingat
2300 2801 2332 2837 a
2349 2782 2698 2838 rectitudine
2717 2781 3051 2847 deflectere,
3086 2779 3157 2833 ab
3177 2780 3300 2850 ipso
3341 2794 3447 2832 suo
3470 2777 3743 2847 diacono,

2088 2874 2186 2944 qui
2221 2879 2273 2927 te
2321 2871 2534 2941 alioqui
2583 2870 2852 2941 superior
2899 2873 3009 2936 est,
3041 2868 3099 2923 in
3132 2867 3608 2936 disquisitionem
3643 2882 3742 2919 vo-

2089 2963 2229 3028 cari,
2263 2963 2382 3017 sive
2430 2961 2605 3016 etiam
2658 2961 2730 3014 ab
2781 2958 2893 3013 alio
2945 2957 3151 3029 quovis
3203 2954 3570 3010 monasticen
3613 2970 3744 3025 pro-

2090 3053 2264 3107 fesso.
2313 3050 2465 3106 Ordo
2525 3049 2682 3104 enim
2727 3054 2838 3114 est,
2874 3047 2974 3118 qui
3029 3046 3303 3102 universa
3353 3045 3742 3099 coharescere

2091 3141 2247 3207 facit,
2282 3145 2340 3195 et
2374 3139 2656 3195 continet.
2690 3137 2916 3201 Quanto
2949 3151 3088 3191 sane
3121 3135 3312 3207 magis
3347 3133 3611 3202 addecet,
3647 3149 3742 3186 or-

2091 3231 2288 3284 dinem
2317 3227 2602 3284 asservari
2635 3227 2694 3280 in
2728 3223 3208 3293 nobisnimirum
3241 3222 3426 3278 sacris
3448 3221 3476 3275 ‘I
3497 3220 3659 3286 Quod
3694 3219 3743 3274 si

309 3311 555 3380 μωρεῖτο
587 3304 668 3361 ἂν·
702 3309 842 3384 πρὸς
875 3307 930 3364 δὲ
959 3311 1056 3380 τήν
1091 3309 1338 3388 δευτέραν
1387 3292 1586 3390 λέγων,
1631 3316 1726 3370 Καὶ
1777 3292 1821 3370 εἰ
1876 3316 1968 3369 τὸν

2086 3319 2145 3372 in
2179 3317 2271 3372 his
2299 3317 2684 3388 permiscetur
2700 3313 3164 3385 ordo,reliquum
3199 3312 3356 3382 ﬁt,ut
3385 3311 3446 3365 in
3479 3310 3743 3381 seipsum

311 3391 625 3452 δικαιοῦντα
684 3396 930 3473 ἄρχοντα
963 3444 977 3468 ,
1036 3401 1070 3470 ἢ
1131 3401 1561 3474 καταδικάζοντοὶ
1616 3427 1739 3460 τινα
1771 3453 1784 3478 ,
1839 3427 1974 3482 παρ-

310 3484 482 3548 εστώς
528 3506 610 3547 τις
671 3485 966 3561 ἀνέκρινεν,
1035 3487 1188 3545 οῦπω
1243 3491 1386 3566 λέγω
1429 3489 1739 3568 καθόϐριζε.
1800 3495 1970 3551 Πάλιν

302 3573 412 3628 ἀπὸ
437 3578 632 3628 κοινοῦ
661 3576 723 3630 τὸ
757 3578 1082 3654 ἐτιμωρεῖτο
1115 3578 1195 3636 ἂν.
1223 3580 1297 3634 Σὺ
1331 3579 1387 3636 δὲ
1411 3587 1668 3637 τοσοῦτον
1687 3582 1974 3660 τολμηρὸς

307 3665 382 3736 εἴ,
414 3661 509 3718 καὶ
543 3662 632 3742 ἀφ’
663 3665 856 3720 ἑαυτοῦ
880 3668 1146 3742 ἱερωσύνῃ
1175 3667 1463 3746 ἐγχειρῶν,
1494 3677 1584 3726 καὶ
1614 3672 1703 3726 τὸν
1738 3668 1971 3747 πρεσϐύ-

298 3776 467 3830 τερον
520 3755 842 3830 ἀνακρίνων.
895 3761 997 3816 Καὶ
1041 3765 1208 3816 ταῦτα
1264 3756 1369 3818 ἔδει
1426 3764 1595 3820 εἰπεῖν
1642 3765 1717 3827 εἷς
1766 3765 1968 3820 ἐκεῖνον

301 3845 398 3897 τὸν
453 3845 738 3926 ὑπέρητήν
795 3848 938 3918 ἀξίαν
1004 3850 1098 3922 μὶν
1158 3853 1510 3925 πράττοντα,
1588 3852 1742 3926 ὅμως
1786 3854 1969 3927 μέντοι

300 3932 498 3988 εἰκότα
543 3933 633 3989 καί
677 3937 954 4010 πρέποντα
983 3941 1116 4013 (93).
1166 3939 1241 3994 Σὺ
1285 3939 1342 3996 δὲ
1379 3941 1495 3996 τίνα
1540 3937 1674 4014 ἕξεις
1702 3945 1801 4013 τὴν
1834 3945 1970 3999 ἀπο-

301 4021 522 4097 λογίαν,
557 4022 646 4078 ὅτε
690 4025 778 4079 καὶ
832 4026 978 4102 παρὰ
1005 4029 1102 4095 τὴν
1136 4028 1283 4098 ἀξίαν
1329 4030 1420 4085 καὶ
1455 4029 1718 4104 μηδόλως
1748 4032 1966 4103 εἰκότα,

298 4111 410 4168 Καὶ
447 4111 605 4176 εὐθὺς
646 4111 830 4190 ἐπάγει
878 4116 945 4169 τα
991 4115 1426 4191 παραδείγματα,
1481 4120 1570 4175 καὶ
1608 4119 1775 4176 πλέον
1831 4122 1968 4177 ἐκεῖ·

296 4221 396 4254 νον
456 4202 550 4255 τὸν
608 4202 933 4278 Δημόφιλον
988 4208 1287 4276 ποιήσαντα
1335 4207 1622 4266 δείκνυσιν.
1682 4211 1738 4264 Ὁ
1788 4211 1969 4281 Ὀζίας

293 4286 480 4344 καλὸν
527 4287 700 4345 ἐποίει
733 4293 970 4364 θυμιῶν,
1022 4294 1072 4348 εἷ’
1115 4295 1205 4349 καὶ
1255 4298 1401 4370 παρά
1429 4299 1524 4367 τὴν
1559 4299 1728 4369 ἀξίαν·
1765 4301 1816 4354 οἱ
1849 4298 1967 4356 δαί-

301 4399 471 4452 μονες
505 4378 730 4447 ἀληθῶς
761 4379 971 4457 ἔλεγον,
1003 4381 1388 4458 θεολογοῦντες
1421 4388 1512 4441 τὸν
1564 4389 1776 4453 Ἰησοῦν
1829 4393 1963 4463 (94),

294 4467 346 4522 εἶ
383 4467 478 4522 καὶ
515 4466 684 4541 μηδὲν
737 4469 1020 4547 ἐφειμένον
1062 4473 1128 4540 ἦν
1179 4472 1406 4537 ἐκείνοις
1463 4480 1686 4531 τοιαῦτα
1749 4477 1962 4534 λαλεῖν·

293 4555 368 4610 σὺ
419 4556 512 4610 καὶ
546 4559 688 4633 παρᾶ
716 4561 816 4629 τὴν
848 4559 996 4631 ἀξίαν
1047 4561 1374 4635 πεποίηκας,
1426 4563 1516 4618 καὶ
1563 4565 1692 4640 οὐχὶ
1726 4567 1789 4621 τὸ
1821 4568 1965 4631 εἰκὸς

293 4642 603 4718 διεπράξω,
641 4642 864 4724 ὑϐρίσας
910 4644 1271 4725 πρεσϐύτερον
1312 4651 1401 4704 τὸν
1451 4650 1580 4716 τοὺς
1641 4660 1964 4726 μετανοοῦν-

290 4755 402 4796 τας
436 4732 756 4810 δεχόμενον.
789 4739 930 4812 "Ope:
974 4739 1065 4793 καὶ
1098 4740 1202 4794 ἀπὸ
1232 4745 1327 4794 τοῦ
1357 4740 1596 4796 παλαιοῦ
1625 4744 1797 4816 νόμου
1825 4748 1960 4818 (95)·

297 4823 406 4881 Καὶ
457 4820 684 4888 ἕκαστος
729 4831 798 4901 τῇ
843 4829 987 4898 τάξει
1033 4836 1135 4898 τῆς
1185 4830 1526 4906 λειτουργίας
1580 4834 1747 4887 αὐτοῦ
1793 4831 1962 4904 ἔσται,

292 4915 392 4968 καὶ
434 4913 501 4968 τά
532 4914 655 4986 ἑξῆς
705 4913 1106 4990 διοριζομένου·
1152 4919 1241 4973 καὶ
1279 4919 1464 4978 πάλιν.
1514 4921 1772 4997 Ὡργίσθη
1807 4925 1964 4996 θυμῷ

291 5002 504 5078 Κύριος
556 5004 643 5058 ἐπὶ
677 5009 758 5078 τῷ
796 5005 888 5060 τὸν
930 5006 1110 5076 Ὀζίαν
1161 5017 1523 5082 προπετῆσαι·
1580 5013 1682 5079 τὴν
1729 5007 1962 5067 κιϐωτὸι

293 5092 566 5166 ἀνορθοῦν
622 5094 979 5169 βουλόμενον·
1026 5096 1137 5168 καὶ,
1188 5099 1248 5152 Ἠ
1277 5103 1373 5152 τοῦ
1423 5101 1700 5163 Μωυσέως
1755 5103 1960 5180 ἀδελφὴ

291 5183 542 5257 Μαριάμ
591 5180 914 5258 λεπροῦται·
961 5184 1050 5240 καὶ
1103 5185 1226 5261 περὶ
1273 5192 1380 5241 τῶν
1437 5189 1567 5244 υἱῶν
1619 5193 1716 5244 τοῦ
1768 5197 1963 5262 Σκευᾶ,

291 5275 376 5332 ὡς
408 5271 464 5326 ἐν
494 5278 614 5335 ταῖς
649 5273 879 5349 Πράξεσι
911 5278 1148 5351 φέρεται,
1180 5276 1284 5346 ὅτι,
1323 5279 1462 5350 μήτε
1484 5279 1861 5344 πιστεύσαντες
1891 5281 1968 5344 εἷς

287 5361 562 5436 Χριστὸν,
601 5363 739 5434 μήτε
768 5364 1312 5439 κεχειροτονημένοι,
1361 5364 1650 5442 ἐξώρκιζον
1691 5367 1819 5430 τοὺς
1852 5365 1953 5422 δαίς

293 5469 500 5523 μονας,
536 5448 668 5525 ὅπερ
698 5456 816 5516 τοῖς
841 5450 1184 5529 ἐφορκισταῖς
1237 5453 1424 5527 μόνοις
1454 5455 1654 5534 ἐφεῖτο.
1708 5456 1805 5512 Καὶ
1857 5459 1966 5512 πά-

289 5536 420 5594 λιν·
486 5539 547 5593 ¢0
578 5535 808 5612 ἀσεϐὴς,
834 5540 974 5606 θύων
1010 5541 1221 5617 μόσχον
1255 5545 1390 5619 (96),
1441 5545 1516 5608 ὡς
1570 5547 1598 5600 ὁ
1631 5545 1962 5602 ἀποκτείνων

375 5759 460 5833 (d)
489 5759 696 5818 Matth.
721 5776 822 5831 ιιι,
851 5759 943 5818 25.

2083 3407 2240 3463 Deus
2269 3406 2496 3461 divisus
2527 3406 2823 3460 credatur.
2860 3404 3031 3459 Porro
3063 3419 3237 3457 omne
3282 3417 3526 3470 regnum
3558 3398 3742 3469 quod-

2082 3511 2311 3566 cunque
2361 3495 2421 3549 id
2465 3495 2704 3550 tandem
2756 3493 2951 3557 l‘uerit,
3005 3491 3055 3546 si
3108 3489 3574 3558 dividetur,jam
3627 3503 3742 3541 non

2082 3584 2441 3655 stabit(d).Et
2473 3584 2522 3638 si
2559 3584 2654 3637 Dei
2689 3586 2776 3638 est
2802 3581 3124 3653 judicium,
3158 3578 3346 3649 angeli
3380 3582 3580 3632 autem
3613 3576 3741 3642 Dei,

2081 3675 2412 3730 sacerdotes
2445 3673 2647 3728 itidem
2681 3676 2823 3728 sunt
2853 3671 3180 3726 secundum
3223 3684 3364 3723 suos
3411 3666 3738 3738 pontiﬁces.

2079 3765 2164 3820 Tu
2198 3782 2329 3820 vero
2360 3780 2431 3818 ne
2461 3763 2724 3834 ipsorum
2760 3761 2998 3833 quidem
3031 3757 3320 3814 ministris
3355 3756 3551 3812 videre
3578 3770 3738 3810 com-

2079 3851 2697 3924 ponendus,nimirum
2733 3850 3017 3917 diae-onis,
3054 3851 3118 3902 ut
3147 3846 3244 3915 qui
3271 3845 3404 3900 istis
3435 3845 3618 3916 gradu
3655 3842 3737 3898 sis

2079 3943 2340 3998 inferior.
2392 3944 2581 4007 Quare
2630 3941 2702 3995 ab
2749 3938 2896 4011 ipsis
2944 3935 3260 3992 instruitor
3308 3932 3734 3999 sacerdotibus,

2078 4047 2329 4102 quorum
2382 4030 2575 4085 ofﬁcio
2630 4025 3012 4100 promeruisti
3061 4024 3387 4081 monachus
3439 4027 3502 4076 ut
3550 4037 3735 4076 esses.

2076 4120 2446 4176 Constructio
2477 4119 2634 4174 enim
2666 4118 2976 4173 verborum
3029 4121 3118 4171 est
3145 4111 3262 4166 καθ’
3298 4103 3598 4184 ὑπερϐατόν
3633 4125 3733 4164 seu

2074 4208 2372 4264 secundum
2419 4209 2819 4276 traiectionem,
2852 4207 2924 4261 ab
2960 4205 3106 4276 ipsis
3141 4201 3368 4259 scilicet
3416 4199 3736 4256 sacerdoti-

2076 4299 2187 4354 bus
2236 4297 2491 4364 erudire,
2533 4313 2636 4368 per
2682 4313 2833 4367 quos
2883 4295 3121 4350 schema
3172 4290 3512 4347 monasticae
3563 4287 3738 4343 istius

2074 4387 2460 4459 professionis
2508 4385 2614 4440 tibi
2659 4386 2949 4440 traditum
2999 4387 3107 4438 est.
3143 4389 3354 4436 Annon
3387 4377 3730 4434 testimonio

2071 4478 2249 4532 etiam
2286 4493 2390 4531 suo
2441 4477 2680 4530 verbum
2736 4489 2931 4528 meum
2989 4472 3254 4543 symbola
3305 4467 3653 4524 sutfulciunt
3679 4469 3737 4520 et

2074 4567 2458 4622 corroborant
2489 4563 2639 4619 sacri
2673 4562 2849 4617 istius
2883 4561 3156 4616 ordinis?
3186 4561 3396 4614 Astant
3427 4555 3582 4611 enim
3617 4554 3733 4626 ipsi

2000 4667 2036 4728 ί)
2075 4674 2186 4711 ιιι-ιε
2207 4657 2470 4728 proxime
2497 4653 2804 4726 pontiﬁces
2830 4652 3107 4724 primum,
3140 4649 3351 4703 deinde
3373 4646 3730 4711 sacerdotes,

2076 4747 2148 4804 ad
2174 4750 2369 4817 portas
2394 4761 2526 4799 mox
2553 4742 2783 4797 diaconi
2811 4759 2824 4808 ;
2851 4741 2920 4795 ab
2946 4743 3182 4794 externa
3209 4742 3510 4809 portarum
3543 4740 3731 4805 parte,

2069 4838 2239 4907 juxta
2268 4840 2487 4900 tamen,
2525 4831 2796 4887 monachi
2830 4829 3183 4892 consistunt,
3236 4843 3349 4880 non
3389 4823 3623 4895 quidem
3657 4821 3729 4876 ad

2075 4925 2340 4996 ipsarum
2374 4922 2730 4986 custodiam,
2763 4920 2820 4974 id
2854 4919 3007 4973 enim
3045 4914 3308 4971 muneris
3339 4931 3437 4969 eos
3468 4903 3750 4982 respicit,

2075 5013 2178 5086 qui
2209 5013 2437 5067 foribus
2469 5010 2795 5077 astant,sed
2831 5010 3401 5075 introrsum,nempe
3431 5001 3733 5069 diaconos,

2074 5108 2176 5158 aut
2224 5103 2686 5174 hypodiaconos,
2722 5099 2875 5155 266
2925 5113 3128 5152 verum
3184 5099 3418 5165 propter
3463 5091 3733 5146 ordinem

2076 5197 2131 5248 et
2162 5191 2558 5263 cognitionem
2593 5190 2684 5244 sui
2735 5189 3023 5260 ipsorum,
3057 5189 3141 5250 ut,
3175 5184 3441 5254 inquam,
3473 5180 3737 5235 interno-

2077 5285 2247 5336 scant
2295 5281 2466 5349 cujus
2510 5278 2630 5335 sint
2663 5282 2721 5332 et
2767 5276 2992 5332 ordinis
3043 5278 3100 5329 et
3129 5271 3456 5345 dignitatis,
3489 5286 3591 5325 seu
3638 5286 3738 5324 su-

2075 5387 2182 5441 pra
2211 5387 2272 5424 se
2303 5368 2740 5440 prastantiores
2775 5363 3198 5420 insolescerent
3228 5361 3410 5431 Magis
3442 5360 3600 5415 enim
3634 5375 3738 5412 ac-

2076 5461 2292 5514 cedunt
2322 5460 2393 5513 ad
2425 5457 2920 5530 populum,quam
2945 5455 3018 5509 ad
3040 5468 3237 5508 sacros
3260 5451 3519 5506 ordines.
3547 5450 3737 5518 Atque

2076 5547 2186 5603 hoc
2215 5563 2332 5602 non
2382 5547 2486 5602 abs
2535 5562 2597 5602 re
2627 5545 2793 5615 dicit,
2824 5560 2890 5599 eo
2923 5542 3104 5615 quod,
3135 5538 3319 5596 sacris
3350 5537 3587 5610 quidem
3618 5533 3734 5588 ini-
