4108 6388
335 368 436 424 471
1186 375 1549 430 APPENDIX
1585 376 1683 430 AD
1720 374 1961 429 OPEBA
1999 375 2057 426 S.
2096 371 2410 427 DIONYSH
2449 371 2953 430 AREOPAGITE.
3648 369 3754 424 472

333 493 484 564 tiati,
517 493 798 565 peculiari
855 497 1236 566 prierogativa
1283 497 1476 554 locum
1524 498 1638 553 sibi
1684 497 1955 553 vindican

2139 491 2232 546 ὄνοι
2279 491 2574 568 λογίζεται,
2627 491 2689 547 οὔ
2741 491 3102 567 προσιεμᾶνου
3146 491 3246 560 τὴν
3301 487 3597 567 φιλότιμον
3657 501 3761 554 θυ-

333 583 503 638 altari
552 583 928 654 proximum:
982 586 1254 642 monachi
1302 605 1435 642 vero
1483 593 1814 642 extrorsum
1847 604 1954 643 con

2134 582 2210 636 ἕχν
2261 585 2358 635 τοῦ
2408 585 2540 636 Θεοῦ
2574 578 2662 634 διὰ
2693 582 2792 649 τήν
2852 584 2947 635 τοῦ
2995 583 3365 655 προσάγοντος
3406 578 3751 650 ἀναξιότητα.

331 673 553 727 sistunt
576 690 692 728 una
713 691 846 728 cum
873 676 1108 746 pepulo,
1143 677 1374 731 etiamsi
1402 678 1616 748 populo
1647 678 1948 748 superiore

2131 671 2196 726 ζαὶ
2255 669 2432 732 αὖθις.
2472 673 2611 746 ’Όρα
2640 671 2740 738 τὴν
2770 674 2866 723 τοῦ
2903 673 3035 723 Θεοῦ
3089 665 3463 735 δικαιοσύνην,
3523 664 3604 720 ὅτι
3663 668 3753 722 καὶ

329 761 765 830 quadamtenus
797 763 1100 817 obtineant
1122 769 1336 834 partes.
1371 768 1530 819 Hanc
1556 767 1626 819 ob
1659 781 1780 820 rem
1815 781 1946 819 sacr

2135 759 2359 834 εγόντων
2392 764 2572 829 τινῶν,
2605 757 2681 814 Οὐ
2739 763 2818 830 τῷ
2868 759 2945 830 σῷ
2999 758 3227 828 ὀνόματι
3286 756 3348 810 τὸ
3385 755 3472 810 καὶ
3503 756 3566 810 τὸ
3602 755 3757 811 ἐποι-

325 847 649 904 etiamnum
700 849 1012 921 legislatio,
1048 855 1111 905 ut
1162 852 1220 906 hi
1278 854 1613 908 divinorum
1668 853 1946 924 participe

2137 868 2333 920 31:19};
2369 847 2484 904 Οὐκ
2515 845 2636 902 οἴδα
2669 847 2832 920 ὑμᾶς,
2881 846 3252 920 ἀποκρίνεται.
3315 847 3475 899 ’Ώστς
3535 867 3759 920 συναγε-

324 937 468 996 sint.
497 938 952 993 administrandi
1007 957 1225 996 munus
1277 941 1409 996 istis
1458 943 1842 1010 concredidit,
1879 959 1946 1013 qu

2139 959 2173 990 ιι
2209 938 2314 992 ἀπὸ
2343 938 2550 992 τούτων
2585 938 2822 1005 πάντων,
2853 936 2936 990 ὅτι
2968 936 3028 990 οὗ
3057 935 3278 1008 Θεμιτὸν
3321 931 3447 988 οὐδὲ
3476 935 3542 988 τὰ
3575 932 3761 989 δίκαια

320 1026 532 1082 intima
582 1033 889 1099 penetrant
936 1029 1115 1101 adyti.
1151 1031 1346 1085 Intimi
1397 1032 1553 1086 enim
1601 1033 1728 1086 sine
1777 1033 1942 1086 oburr

2137 1028 2330 1096 ώκειν,
2365 1027 2410 1080 εἰ
2477 1027 2551 1099 μὴ
2611 1029 2728 1080 κατ’
2787 1025 2951 1095 ἀξίαν.
3011 1025 3181 1079 Τοῦτο
3223 1023 3326 1099 γὰρ
3370 1024 3397 1077 ὁ
3456 1024 3759 1096 νομοθέτης

322 1113 528 1170 brante
560 1115 910 1184 velamento,
944 1122 1000 1172 et
1029 1119 1230 1174 vident
1262 1123 1315 1174 et
1344 1120 1593 1174 audiunt
1621 1120 1841 1186 divina,
1878 1137 1944 1192 pe

2135 1112 2327 1169 ,δάσκει
2357 1114 2409 1169 ἂν
2438 1119 2516 1186 τῷ
2542 1106 2952 1190 Δευτερονομίῳ
2987 1115 3248 1184 Μωϋσῆς,
3279 1110 3478 1187 λέγων·
3519 1111 3757 1176 Δικαίως

325 1204 487 1277 signa
516 1209 711 1260 tamen
745 1206 1138 1278 significativa
1173 1225 1183 1262 :
1222 1209 1397 1264 iidem
1431 1226 1664 1281 quoque
1695 1210 1846 1279 apud
1880 1225 1946 1264 eo

2133 1206 2148 1258 5
2198 1203 2407 1258 δίκαιον
2441 1201 2672 1273 διώξεις.
2707 1204 2810 1260 Καιῖ
2845 1201 3032 1258 πάλιν·
3067 1199 3448 1256 Διακελεύεταί
3489 1222 3572 1254 σοι
3628 1206 3755 1254 Σει-

324 1294 423 1364 qui
457 1299 619 1350 extra
669 1293 797 1350 vela
849 1296 1206 1366 consistunt,
1241 1298 1560 1354 monachos
1594 1298 1744 1365 dico,
1778 1297 1946 1353 laicos

2134 1312 2200 1367 ιχ
2229 1294 2256 1347 ὁ
2286 1294 2588 1365 θαυμάσιος
2623 1295 2755 1366 (97),
2801 1291 3140 1366 ’Υψηλότερά
3173 1311 3269 1346 σου
3301 1291 3376 1364 μὴ
3433 1291 3607 1361 ζήτει,
3665 1288 3756 1343 καὶ

319 1396 417 1437 eos
449 1383 625 1438 etiam
655 1384 754 1454 qui
781 1402 900 1439 suae
953 1387 1286 1457 purgationi
1333 1386 1666 1458 invigilant,
1705 1388 1856 1442 addo
1889 1403 1941 1442 ca

1221 1387 1286 1440 ini
1333 1386 1666 1458 invigilant,
1705 1388 1856 1442 addo
1889 1403 1956 1442 ca
2091 1382 2359 1458 βαθ·3τερά
2391 1404 2485 1436 σου
2522 1383 2596 1456 μή
2631 1381 2843 1454 ἰρεύνα.

314 1472 947 1545 techumenos,quique
978 1475 1332 1545 pmnitentiae
1365 1481 1506 1530 sunt
1538 1476 1776 1541 addicti,
1812 1492 1977 1531 sacra

318 1561 599 1633 mysteria
655 1568 936 1618 enarrant
995 1570 1172 1634 atque
1220 1564 1704 1636 interpretantur.
1740 1565 1868 1620 Rite
1921 1566 1992 1620 ab
2031 1563 2219 1620 oculis
2275 1565 2396 1620 tuis
2450 1565 2802 1620 intemerata
2861 1580 3096 1635 semper
3152 1567 3396 1618 eatenus
3456 1567 3760 1618 asservata

319 1655 478 1718 sunt,
526 1667 836 1723 quousque
896 1654 1284 1724 impressione
1343 1655 1642 1726 tyrannica
1699 1653 1967 1709 insiliens
2023 1653 2281 1725 evulgari
2340 1654 2602 1725 coegisti,
2656 1671 2782 1725 qua:
2838 1671 2908 1708 ne
2968 1653 3291 1725 spectanda
3353 1651 3457 1707 tibi
3521 1650 3756 1722 quidem

316 1736 576 1794 fuerant.
614 1741 683 1796 Et
714 1743 951 1796 tandem
985 1760 1151 1798 sacra
1183 1744 1302 1798 haac
1335 1761 1514 1815 penes
1545 1749 1599 1799 te
1627 1760 1810 1798 unum
1839 1750 2047 1799 etesse
2079 1748 2135 1797 et
2165 1745 2445 1798 asservari
2481 1743 2773 1814 gloriaris,
2807 1743 3073 1798 nesciens
3121 1741 3266 1796 nihil
3319 1741 3532 1796 borum
3563 1745 3619 1795 te
3650 1741 3756 1796 ob-

325 1825 556 1896 tinere;
602 1831 838 1900 quando
889 1848 1002 1886 non
1054 1837 1155 1886 tua
1214 1833 1314 1887 sed
1366 1833 1738 1888 sacerdotum
1790 1833 2022 1887 intersit
2069 1832 2242 1886 istius
2289 1849 2466 1886 sacraa
2513 1832 2855 1886 functionis.
2910 1833 3055 1886 Illud
3109 1836 3302 1886 autem
3359 1831 3516 1900 quod
3565 1829 3752 1886 addit»

317 1914 467 1970 Sicut
493 1933 682 1974 revera
712 1936 782 1973 ne
813 1921 1103 1974 veritatem.
1149 1921 1388 1991 quidem,
1438 1925 1496 1976 et
1542 1927 1743 1976 caetera
1773 1937 1902 1992 qua:
1951 1927 2317 1991 sequuntur;
2353 1920 2521 1974 illum
2575 1921 2978 1991 perstringens
3010 1925 3247 1992 propter
3295 1918 3472 1974 aliam
3517 1932 3753 1990 quoque

323 2007 548 2061 ordinis
581 2009 1114 2080 transgressionem
1143 2015 1197 2063 et
1229 2010 1680 2080 impudentiam,
1712 2011 1948 2081 quando
1979 2011 2037 2063 in
2087 2009 2212 2064 dies
2243 2009 2508 2080 singulos
2554 2010 2972 2065 conflictationi
3024 2009 3332 2064 verborum
3386 2009 3597 2063 afﬁxus
3633 2024 3755 2064 non

319 2095 391 2149 ad
426 2097 934 2153 confirmationem
969 2115 1070 2154 seu
1095 2100 1165 2153 ad
1200 2099 1642 2155 aedificationem
1678 2099 1981 2154 lectitabat
2033 2099 2387 2170 Scripturas,
2423 2100 2523 2153 sed
2575 2100 2643 2154 ad
2691 2099 3057 2154 audientium
3108 2097 3576 2154 subversionem.
3628 2096 3742 2152 Ve-

315 2197 448 2238 rum
483 2184 778 2240 enimvero
811 2187 1042 2241 duobus
1074 2187 1250 2242 veluti
1277 2187 1550 2259 capitulis
1581 2187 1913 2259 DemOphili
1966 2191 2265 2258 peccatum
2317 2187 2768 2254 circumscribit,
2801 2187 2978 2242 simul
3030 2191 3087 2242 et
3137 2205 3250 2242 nou
3302 2191 3598 2242 servatum
3646 2202 3738 2240 or-

314 2272 512 2328 dinem
543 2292 556 2328 :
593 2291 710 2329 uno
743 2275 1007 2347 quidem,
1041 2279 1192 2346 quod
1227 2283 1434 2332 sancta
1483 2283 1690 2348 praeter
1737 2279 2013 2332 decorum
2066 2275 2378 2343 invaserit;
2415 2275 2619 2344 altero,
2651 2277 2788 2348 quia
2837 2278 3238 2349 presbyterum
3295 2277 3578 2348 appetivit
3623 2293 3738 2330 non

309 2362 576 2417 ferendis
610 2364 1006 2420 contumeliis.
1041 2365 1444 2421 Omittendum
1481 2366 1714 2422 interim
1765 2367 1951 2434 duxit,
1987 2365 2126 2438 quia
2155 2371 2213 2421 et
2260 2365 2639 2436 pmnitentem
2693 2365 2953 2422 calcibus
3002 2365 3155 2421 male
3205 2371 3504 2436 acceptum
3551 2364 3738 2419 elimi-

313 2453 477 2506 navit
529 2454 732 2525 templi
789 2457 971 2511 aditu.
1024 2459 1201 2511 Porro
1251 2457 1399 2512 duas
1448 2456 1581 2512 illas
1631 2457 2001 2528 Operationes
2048 2473 2082 2511 a
2131 2454 2341 2510 minori
2387 2456 2714 2526 assumpsit
2761 2457 3118 2510 tractandas.
3165 2457 3458 2510 Adversus
3505 2453 3742 2525 quidem

310 2539 574 2610 primum
632 2542 792 2597 illius
837 2549 1095 2600 erratum
1152 2545 1312 2612 facit,
1359 2547 1515 2616 quod
1562 2545 1780 2600 dicitur
1827 2545 2032 2600 Patri:
2081 2546 2204 2600 Jam
2249 2544 2300 2598 si
2346 2544 2468 2614 quis
2516 2544 2905 2616 principatum
2943 2545 3119 2615 gentis
3166 2545 3475 2616 cujuspiam
3522 2543 3746 2615 privata

315 2630 649 2686 auctoritate
702 2631 989 2704 invaserit,
1048 2650 1147 2688 nec
1202 2634 1269 2689 ab
1326 2651 1453 2706 rege
1499 2636 1736 2705 jussus:
1770 2637 1969 2690 merito
2026 2635 2157 2688 talis
2213 2635 2556 2704 plecteretur.
2615 2634 2909 2690 Adversus
2965 2651 3098 2690 vero
3155 2633 3429 2698 alterum,
3489 2632 3742 2687 dicens:

309 2717 461 2785 Quod
513 2721 564 2774 si
602 2721 915 2793 principem
965 2723 1321 2779 damnantem
1372 2741 1545 2778 unum
1577 2740 1606 2778 e
1637 2724 1886 2791 subditis,
1938 2724 2023 2779 vel
2068 2723 2434 2778 absolventem
2481 2722 2634 2778 alius
2678 2723 2857 2795 quivis
2905 2724 3312 2790 assistentium,
3371 2722 3442 2778 ad
3497 2722 3743 2778 exactio-

304 2821 429 2862 rem
480 2825 666 2866 causae
713 2811 1108 2867 discussionem
1156 2818 1381 2880 revocet,
1426 2813 1708 2868 nihildum
1754 2813 1844 2868 hic
1886 2813 2027 2883 dico,
2078 2812 2302 2884 injuria
2347 2811 2540 2885 affecit
2590 2812 2928 2884 principem.
2983 2813 3211 2868 Rursus
3257 2818 3316 2868 et
3363 2813 3474 2867 hoc
3522 2811 3743 2866 subau-

311 2897 594 2954 diendum
643 2905 778 2956 est:
830 2905 880 2957 Is
927 2905 1117 2974 utique
1158 2907 1510 2976 plecteretur.
1563 2905 1650 2958 Tu
1702 2909 1896 2958 autem
1953 2919 2211 2974 eousque
2260 2903 2610 2958 temeritatis
2654 2908 2966 2975 provectus
3013 2905 3162 2960 267
3217 2920 3326 2959 es:
3380 2907 3442 2958 ut
3490 2906 3593 2957 tua
3642 2918 3742 2957 so-

311 2986 430 3042 lius
463 2990 832 3060 auctoritate,
867 2993 1194 3048 sacerdotio
1226 2993 1547 3049 admolitus
1575 3009 1838 3058 manum,
1871 2991 2032 3046 ausis
2061 2991 2306 3062 insuper
2337 2993 2616 3046 adversus
2661 2993 3062 3064 presbyterum
3094 2991 3410 3063 inquirere.
3439 2991 3570 3046 Haec
3602 2991 3744 3046 sane

317 3078 582 3148 Oportuit
613 3080 894 3137 adversus
927 3081 1095 3137 illum
1130 3083 1242 3138 dici
1273 3084 1372 3154 qui
1401 3088 1611 3154 praeter
1663 3083 1752 3137 sui
1785 3081 2009 3136 ordinis
2059 3081 2405 3152 dignitatem
2441 3081 2638 3152 aliqua
2671 3082 2909 3153 quidem
2948 3081 3222 3150 molitur;
3258 3085 3315 3135 at
3342 3085 3499 3136 certe
3530 3078 3743 3134 rationi

311 3163 776 3239 haudquaquam
832 3170 1209 3226 dissentanea
1257 3189 1359 3227 nec
1407 3172 1700 3226 indecora.
1735 3170 1820 3226 Tu
1869 3187 2001 3225 vero
2035 3185 2211 3241 quam
2260 3185 2458 3240 speres
2491 3186 2664 3240 posse
2713 3176 2768 3224 te
2816 3175 3128 3242 praetexere
3176 3171 3444 3225 umbram
3494 3185 3740 3225 excusa-

309 3253 511 3321 tionis,
549 3259 784 3327 quando
839 3265 1048 3329 praater
1090 3260 1316 3315 ordinis
1363 3261 1448 3315 tui
1499 3261 1794 3325 meritum,
1829 3277 1899 3314 ne
1940 3258 2058 3313 ullo
2109 3259 2344 3329 quidem
2400 3263 2677 3330 praetextu
2731 3260 3064 3314 excusanda
3110 3257 3589 3331 prwsumpsisti?
3638 3257 3740 3312 His

306 3343 677 3401 continenter
733 3346 962 3404 inducit
1011 3349 1298 3421 exempla,
1353 3366 1607 3422 quorum
1658 3349 1969 3404 collatione
2017 3347 2324 3420 perspicue
2371 3348 2539 3404 docet
2587 3348 2998 3418 Demophilum
3048 3366 3159 3404 non
3212 3348 3386 3420 paulo
3434 3347 3552 3402 illis
3602 3364 3740 3419 gra-

299 3429 462 3488 viora
511 3434 874 3502 designasse.
927 3436 1095 3492 Ozias
1139 3455 1237 3493 rex
1296 3455 1418 3493 rem
1471 3455 1574 3510 per
1622 3454 1683 3493 se
1729 3437 1902 3493 laude
1947 3437 2184 3509 dignam
2237 3435 2440 3508 gessit,
2492 3437 2632 3491 dum
2685 3437 2990 3492 incensum
3038 3437 3252 3506 adolet,
3301 3437 3478 3493 etiam
3535 3440 3742 3506 praeter

305 3521 398 3576 sui
435 3522 785 3594 dignitatem
819 3526 1066 3581 ordinis.
1100 3533 1405 3582 Dazmones
1437 3543 1567 3582 vere
1597 3527 2010 3599 loquebantur.
2045 3527 2248 3582 Jesum
2285 3531 2462 3580 Deum
2499 3543 2626 3582 esse
2657 3527 2918 3582 dicentes
2953 3542 2965 3582 :
3001 3526 3234 3582 tametsi
3269 3527 3413 3582 nihil
3447 3525 3739 3596 ejusmodi

307 3607 431 3664 illis
463 3609 660 3666 liceret
693 3613 984 3685 proloqui.
1017 3616 1102 3670 Tu
1138 3621 1346 3686 praeter
1377 3621 1490 3670 tuae
1537 3616 1841 3685 dignitatis
1890 3615 2304 3680 conditionem,
2339 3632 2459 3670 rem
2510 3620 2821 3671 exsecutus
2851 3631 2912 3670 es
2961 3615 3341 3672 vehementer
3368 3615 3684 3672 absurdam
3722 3633 3735 3670 :

308 3697 634 3769 designasti
668 3719 789 3756 rem
826 3720 1066 3774 prorsus
1120 3705 1482 3770 indecorem,
1515 3706 1655 3759 dum
1707 3705 1955 3759 onerasti
2008 3705 2415 3776 presbyterum
2463 3705 2837 3760 contumeliis
2886 3704 3236 3776 paenitentes
3287 3705 3602 3761 clementer
3638 3720 3736 3758 ex-

306 3786 668 3858 cipientem;
724 3791 961 3847 demum
1013 3793 1165 3861 vide,
1213 3799 1279 3848 ut
1329 3793 1666 3850 testimonio
1719 3795 1972 3865 antiquae
2022 3793 2168 3866 legis
2220 3794 2512 3849 sententia
2557 3811 2687 3849 mea
2734 3794 3210 3852 communiatur:
3245 3797 3311 3851 Et
3353 3795 3738 3865 unusquisque

305 3877 550 3933 manebit
580 3880 640 3932 in
665 3879 860 3935 ordine
891 3883 983 3936 sui
1012 3883 1318 3937 ministerii
1348 3884 1432 3952 (e).
1470 3885 1604 3947 Qum
1653 3887 1857 3937 caetera
1905 3899 2140 3954 quoque
2189 3882 2416 3938 definit.
2465 3882 2691 3937 Rursus
2719 3883 2798 3936 ait
2831 3899 2842 3935 :
2879 3885 3058 3938 Iratus
3103 3887 3179 3938 est
3222 3887 3414 3954 furore
3462 3885 3736 3938 Dominus

303 3983 476 4038 super
538 3973 844 4026 temeritate
900 3973 1060 4029 Oziw
1114 3989 1313 4028 arcam
1367 3972 1656 4045 surrigere
1707 3975 2090 4044 praesumatis
2146 3973 2237 4043 (l).
2301 3973 2405 4026 Sed
2469 3976 2524 4026 et
2581 3973 2755 4027 Maria
2813 3972 2985 4044 Moysi
3039 3990 3191 4029 soror
3248 3975 3398 4046 lepra
3461 3973 3733 4046 respergi-

312 4059 406 4110 tur
436 4056 530 4129 (ο).
564 4057 645 4113 De
680 4059 818 4115 filiis
852 4077 1084 4132 quoque
1117 4062 1329 4129 Scevaa,
1365 4062 1865 4134 quemadmodum
1897 4062 1952 4116 in
1986 4062 2144 4117 Actis
2179 4060 2515 4132 apostolicis
2541 4060 2619 4131 (h)
2651 4061 3084 4133 refertur,quod
3119 4063 3155 4116 ii
3188 4063 3246 4117 in
3279 4063 3586 4118 Christum
3619 4079 3731 4117 non

309 4146 705 4216 crediderant,
739 4167 930 4222 neque
980 4151 1048 4205 ad
1101 4168 1229 4206 eam
1285 4152 1515 4206 fuerant
1565 4151 1731 4206 asciti
1779 4151 2159 4214 iunctionem,
2195 4150 2547 4220 adjurabant
2594 4149 2981 4206 nihilominus
3025 4153 3366 4208 daemones:
3400 4153 3557 4223 quod
3603 4169 3732 4207 mu-

306 4251 423 4289 nus
479 4237 858 4306 peculiariter
913 4241 1217 4296 exorcistis
1273 4242 1662 4312 competebat,
1697 4246 1753 4296 et
1811 4241 1972 4296 solis.
2034 4239 2179 4295 Illud
2234 4240 2557 4308 iteianui
2614 4242 2826 4311 impius
2882 4258 3007 4297 eum
3062 4243 3155 4308 sit,
3216 4243 3466 4297 immolat
3525 4242 3731 4311 bovem,

305 4324 478 4378 talem
500 4330 718 4396 reputat
749 4328 895 4382 hunc
923 4331 1083 4399 quasi
1115 4332 1209 4400 qui
1237 4329 1500 4385 occiderit
1529 4346 1754 4385 carnem
1786 4329 1871 4400 (τ’).
1907 4330 2040 4383 Ideo
2070 4328 2318 4389 dictum,
2352 4329 2504 4398 quod
2539 4345 2654 4384 non
2701 4331 2982 4400 approbet
3013 4335 3163 4386 Deus
3186 4331 3487 4386 victimam
3523 4349 3730 4403 quam-

301 4411 447 4468 libet
476 4413 778 4471 liberalem
811 4435 878 4473 ac
910 4418 1278 4490 splendidam
1332 4423 1566 4491 propter
1617 4417 2033 4488 indignitatem
2081 4416 2400 4472 offerentis.
2450 4421 2676 4474 Rursus
2713 4437 2725 4473 :
2763 4418 2906 4474 Mihi
2960 4423 3100 4475 tunc
3149 4421 3411 4491 expende
3453 4421 3729 4477 eximiam

303 4501 471 4558 illam
510 4505 604 4559 Dei
631 4505 953 4575 justitiam,
990 4508 1131 4578 quia
1179 4508 1510 4564 dicentibus
1559 4506 1862 4562 nonnullis
1895 4523 1906 4559 :
1942 4505 2203 4577 Nunquid
2249 4521 2361 4561 non
2391 4506 2489 4561 hoc
2517 4516 2568 4562 et
2598 4507 2739 4562 illud
2787 4510 2845 4562 in
2894 4509 3117 4564 nomine
3163 4514 3256 4565 tuo
3301 4512 3585 4581 fecimus?
3611 4510 3730 4564 Non

305 4591 439 4646 novi
468 4609 582 4658 vos,
617 4595 905 4667 respondet
936 4596 1034 4668 (k).
1069 4597 1146 4651 Ex
1176 4597 1267 4652 his
1297 4598 1496 4668 itaque
1528 4596 1801 4651 omnibus
1831 4595 2088 4650 inductis
2132 4595 2486 4651 testimoniis
2536 4595 2833 4668 colligitur
2869 4598 3212 4669 neutiquam
3264 4598 3440 4655 licere
3487 4599 3726 4670 exsequi

312 4680 586 4751 quaelibet
618 4701 717 4755 per
748 4701 810 4738 se
834 4685 1025 4756 justa,
1059 4687 1170 4741 nisi
1204 4692 1258 4742 et
1281 4687 1507 4740 ordinis
1539 4685 1797 4756 dignitas
1827 4691 2222 4740 conservetur.
2259 4684 2438 4739 Docet
2484 4685 2639 4740 enim
2675 4685 2784 4740 hoc
2814 4685 3107 4756 imprimis
3137 4686 3343 4760 legifer
3373 4687 3469 4742 ille
3498 4688 3728 4759 Moyses

307 4769 368 4824 in
402 4770 855 4828 Deuteronomio
893 4791 904 4829 :
937 4776 1086 4829 Juste
1117 4777 1261 4846 quod
1291 4776 1494 4841 iustum
1525 4778 1603 4828 est
1633 4773 1954 4844 exsequeris
1986 4773 2069 4845 (l).
2102 4773 2314 4828 Eodem
2344 4779 2400 4827 te
2448 4773 2796 4830 adhortatur
2847 4774 2944 4830 ille
2989 4775 3353 4833 admirabilis
3394 4777 3596 4832 Sirach
3645 4775 3729 4833 di-

306 4875 446 4915 cens
483 4877 496 4916 :
524 4861 732 4917 Altiora
765 4866 816 4918 te
843 4879 912 4918 ne
942 4879 1148 4934 quaere,
1181 4867 1230 4918 et
1257 4863 1627 4934 profundiora
1658 4867 1710 4917 te
1739 4880 1807 4918 ne
1833 4869 2114 4919 scrutatus
2139 4862 2314 4933 fueris
2345 4864 2463 4933 (m).

375 4968 708 5025 Antithesin
781 4970 905 5026 sive
975 4970 1405 5043 oppositionem
1473 4971 1700 5026 inducit
1766 4971 1997 5040 Pater,]

2131 4968 2418 5025 ’Λντίοεσιν
2479 4967 2676 5043 εἰσάγει
2712 5013 2726 5038 ,
2795 4969 2871 5032 ὡς
2939 4968 2998 5024 ἐκ
3065 4974 3162 5026 τοῦ
3223 4970 3584 5050 Δημοφίλου,
3642 4973 3725 5029 ὅτι

304 5057 476 5128 quasi
503 5058 840 5130 loquentem
877 5060 1049 5115 faciat
1079 5059 1514 5132 Demophilum,
1536 5061 1672 5132 quia
1704 5065 1758 5116 et
1789 5061 1920 5116 dein

2105 5079 2212 5112 nat
2253 5055 2444 5112 λοιπὸν
2488 5053 2705 5112 ἀσέϐεια
2757 5057 2807 5111 ἐν
2857 5064 2976 5120 τοῖς
3020 5061 3240 5134 ἱερεῦσι,
3307 5063 3382 5134 μὴ
3417 5061 3727 5136 ἰξεταζομὲ-

297 5160 438 5215 ceps
470 5163 584 5202 non
606 5149 897 5204 mediccre
947 5151 1284 5221 contagium
1315 5149 1636 5220 impietatis
1669 5150 1726 5204 in
1755 5167 1919 5204 sacer

2105 5168 2168 5200 :uv
2205 5145 2399 5218 αὐτῶν,
2437 5149 2576 5220 μήτε
2611 5149 2718 5219 μὴν
2751 5146 3082 5210 εὐθυνόντων
3129 5149 3328 5212 αὐτοὺς
3361 5152 3580 5227 ἱτὲρωψ
3635 5152 3727 5208 καὶ

295 5233 537 5290 dotibus
560 5237 875 5294 coalescet:
901 5238 949 5294 si
974 5239 1211 5310 quidem
1237 5238 1461 5294 nullam
1487 5241 1556 5293 de
1579 5239 1917 5294 sacerdotum

2106 5233 2390 5291 ινδυνεύσει
2422 5236 2553 5300 τοὺς
2586 5236 2636 5290 ἐν
2666 5237 2822 5309 νόμῳ
2854 5239 3249 5312 καυχωμένους
3281 5238 3372 5295 διὰ
3399 5249 3502 5312 τῆς
3558 5263 3728 5318 παρα-

298 5321 784 5380 moribuslicebit
806 5342 1039 5382 movere
1060 5327 1472 5398 quaestionem,
1505 5343 1696 5398 neque
1727 5325 1828 5382 ulli
1861 5328 1918 5382 fa

2101 5325 2251 5387 ασίας
2279 5330 2375 5380 τοῦ
2406 5326 2579 5399 νόμου
2605 5327 2696 5381 τὸν
2744 5326 2871 5380 Θεὸν
2933 5327 3235 5400 ἀτιμάζειν.
3297 5331 3437 5406 Ἐγὼ
3499 5330 3558 5387 δὲ
3585 5352 3723 5407 προ-

375 5619 445 5708 (ς)
476 5619 650 5675 Num.
685 5621 869 5708 vn,h5n.
949 5622 1015 5708 (ί)
1045 5623 1263 5708 ‘IInReg.
1295 5640 1370 5691 v1,
1402 5625 1483 5708 ’ξε⁸
1537 5625 1613 5696 (g)
1641 5625 1816 5683 Num.
1849 5643 1949 5694 xu,
1980 5627 1997 5682 1

2143 5627 2222 5700 (Ιι)
2252 5630 2392 5701 Cap.
2417 5643 2533 5684 xxx.
2612 5627 2678 5700 (ἱ)
2709 5630 2822 5686 Isa.
2853 5645 3004 5702 va1,
3037 5629 3090 5686 3.
3167 5631 3252 5706 (Ιτ)
3283 5631 3490 5692 Matth.
3522 5635 3715 5708 vn,23.

303 5689 364 5761 (l)
386 5689 530 5764 Cap.
565 5709 679 5761 xw,
713 5709 763 5748 v.
795 5693 884 5747 20.
958 5689 1064 5764 ’(m)
1091 5689 1265 5750 Eccli.
1300 5689 1384 5766 ni,
1415 5696 1504 5752 22.
