  <div class='ocr_page' id='page_1' title='image "/cluster/home/n/w/nwhite01/storage/ocr_20150623/4:no.2/coo.31924054872837/244.png"; bbox 0 0 4108 6376; ppageno 0'>
   <div class='ocr_carea' id='block_1_1' title="bbox 350 368 462 424">
    <p class='ocr_par' dir='ltr' id='par_1_1' title="bbox 350 368 462 424">
     <span class='ocr_line' id='line_1_1' title="bbox 350 368 462 424; baseline 0 -1"><span class='ocrx_word' id='word_1_1' title='bbox 350 368 462 424; x_wconf 70' lang='grc'><strong>473</strong></span> 
     </span>
    </p>
   </div>
   <div class='ocr_carea' id='block_1_2' title="bbox 1175 365 2960 425">
    <p class='ocr_par' dir='ltr' id='par_1_2' title="bbox 1175 365 2960 425">
     <span class='ocr_line' id='line_1_2' title="bbox 1175 365 2960 425; baseline -0.001 -3"><span class='ocrx_word' id='word_1_2' title='bbox 1175 368 1636 425; x_wconf 70' lang='grc' dir='ltr'><strong>ΡΔΟΗῩΜΕΒΕ</strong></span> <span class='ocrx_word' id='word_1_3' title='bbox 1675 365 2178 424; x_wconf 73' lang='grc' dir='ltr'><strong>ΡΔΒΔΡΗΒΑΒΙΒ</strong></span> <span class='ocrx_word' id='word_1_4' title='bbox 2215 370 2289 422; x_wconf 82' lang='lat' dir='ltr'><strong>IN</strong></span> <span class='ocrx_word' id='word_1_5' title='bbox 2325 370 2482 423; x_wconf 83' lang='lat' dir='ltr'><strong>EPP.</strong></span> <span class='ocrx_word' id='word_1_6' title='bbox 2523 372 2582 424; x_wconf 88' lang='lat' dir='ltr'><strong>S.</strong></span> <span class='ocrx_word' id='word_1_7' title='bbox 2623 369 2960 424; x_wconf 83' lang='lat' dir='ltr'><strong>DIONYSII.</strong></span> 
     </span>
    </p>
   </div>
   <div class='ocr_carea' id='block_1_3' title="bbox 3688 367 3791 424">
    <p class='ocr_par' dir='ltr' id='par_1_3' title="bbox 3688 367 3791 424">
     <span class='ocr_line' id='line_1_3' title="bbox 3688 367 3791 424; baseline 0 -1"><span class='ocrx_word' id='word_1_8' title='bbox 3688 367 3791 424; x_wconf 81' lang='grc'>474</span> 
     </span>
    </p>
   </div>
   <div class='ocr_carea' id='block_1_4' title="bbox 337 487 2008 563">
    <p class='ocr_par' dir='ltr' id='par_1_4' title="bbox 337 487 2008 563">
     <span class='ocr_line' id='line_1_4' title="bbox 337 487 2008 563; baseline -0.001 -20"><span class='ocrx_word' id='word_1_9' title='bbox 337 493 626 560; x_wconf 83' lang='grc' dir='ltr'>νοητικῶς</span> <span class='ocrx_word' id='word_1_10' title='bbox 661 489 794 562; x_wconf 73' lang='grc' dir='ltr'>ὑπὲρ</span> <span class='ocrx_word' id='word_1_11' title='bbox 825 489 1022 543; x_wconf 81' lang='grc' dir='ltr'>τούτου</span> <span class='ocrx_word' id='word_1_12' title='bbox 1052 488 1508 563; x_wconf 75' lang='grc' dir='ltr'>ἀπολογήσομαιο</span> <span class='ocrx_word' id='word_1_13' title='bbox 1570 487 1632 542; x_wconf 82' lang='grc' dir='ltr'>οὐ</span> <span class='ocrx_word' id='word_1_14' title='bbox 1662 487 1764 562; x_wconf 81' lang='grc' dir='ltr'><strong>γὰρ</strong></span> <span class='ocrx_word' id='word_1_15' title='bbox 1816 487 2008 562; x_wconf 77' lang='grc' dir='ltr'>ἰχθρὸς</span> 
     </span>
    </p>
   </div>
   <div class='ocr_carea' id='block_1_5' title="bbox 2120 487 3794 563">
    <p class='ocr_par' dir='ltr' id='par_1_5' title="bbox 2127 489 3794 562">
     <span class='ocr_line' id='line_1_5' title="bbox 2127 489 3794 562; baseline 0.001 -17"><span class='ocrx_word' id='word_1_16' title='bbox 2127 490 2324 561; x_wconf 87' lang='lat' dir='ltr'><strong>fuerit,</strong></span> <span class='ocrx_word' id='word_1_17' title='bbox 2357 491 2486 547; x_wconf 78' lang='lat' dir='ltr'><strong>vitae</strong></span> <span class='ocrx_word' id='word_1_18' title='bbox 2519 492 2670 549; x_wconf 75' lang='lat'><strong>268</strong></span> <span class='ocrx_word' id='word_1_19' title='bbox 2705 491 2943 548; x_wconf 91' lang='lat' dir='ltr'><strong>illorum</strong></span> <span class='ocrx_word' id='word_1_20' title='bbox 2994 506 3300 562; x_wconf 87' lang='lat' dir='ltr'><strong>reposcere</strong></span> <span class='ocrx_word' id='word_1_21' title='bbox 3349 489 3662 557; x_wconf 89' lang='lat' dir='ltr'><strong>rationem,</strong></span> <span class='ocrx_word' id='word_1_22' title='bbox 3697 495 3794 547; x_wconf 91' lang='lat' dir='ltr'><strong>at-</strong></span> 
     </span>
    </p>
   </div>
   <div class='ocr_carea' id='block_1_6' title="bbox 338 575 2020 656">
    <p class='ocr_par' dir='ltr' id='par_1_6' title="bbox 338 575 2020 656">
     <span class='ocr_line' id='line_1_6' title="bbox 338 575 2020 656; baseline -0.002 -22"><span class='ocrx_word' id='word_1_23' title='bbox 338 580 370 634; x_wconf 85' lang='lat'><strong>6</strong></span> <span class='ocrx_word' id='word_1_24' title='bbox 434 576 786 656; x_wconf 73' lang='grc' dir='ltr'><strong>Δημόφιλος,</strong></span> <span class='ocrx_word' id='word_1_25' title='bbox 838 575 927 630; x_wconf 89' lang='grc' dir='ltr'>’ίνα</span> <span class='ocrx_word' id='word_1_26' title='bbox 985 576 1117 651; x_wconf 79' lang='grc' dir='ltr'>ἐαθῇ</span> <span class='ocrx_word' id='word_1_27' title='bbox 1172 578 1319 653; x_wconf 82' lang='grc' dir='ltr'>παρᾶ</span> <span class='ocrx_word' id='word_1_28' title='bbox 1376 581 1461 648; x_wconf 80' lang='grc' dir='ltr'><strong>τῷ</strong></span> <span class='ocrx_word' id='word_1_29' title='bbox 1512 581 1724 645; x_wconf 80' lang='grc' dir='ltr'>Σατανᾷ</span> <span class='ocrx_word' id='word_1_30' title='bbox 1796 576 2020 651; x_wconf 66' lang='grc' dir='ltr'>τοιαύτῃ</span> 
     </span>
    </p>
   </div>
   <div class='ocr_carea' id='block_1_7' title="bbox 343 663 2017 742">
    <p class='ocr_par' dir='ltr' id='par_1_7' title="bbox 343 663 2017 742">
     <span class='ocr_line' id='line_1_7' title="bbox 343 663 2017 742; baseline -0.001 -21"><span class='ocrx_word' id='word_1_31' title='bbox 343 665 537 742; x_wconf 75' lang='grc' dir='ltr'>πλάνῃ</span> <span class='ocrx_word' id='word_1_32' title='bbox 573 665 967 742; x_wconf 83' lang='grc' dir='ltr'>συνεχόμενος.</span> <span class='ocrx_word' id='word_1_33' title='bbox 1001 673 1158 734; x_wconf 81' lang='grc' dir='ltr'>Ἵστι,</span> <span class='ocrx_word' id='word_1_34' title='bbox 1195 666 1276 719; x_wconf 78' lang='grc' dir='ltr'><strong>ὅτι</strong></span> <span class='ocrx_word' id='word_1_35' title='bbox 1311 667 1504 730; x_wconf 74' lang='grc' dir='ltr'>ἑκάστη</span> <span class='ocrx_word' id='word_1_36' title='bbox 1535 669 1640 718; x_wconf 83' lang='grc' dir='ltr'>τῶν</span> <span class='ocrx_word' id='word_1_37' title='bbox 1675 666 1836 738; x_wconf 72' lang='grc' dir='ltr'>ἱερῶν</span> <span class='ocrx_word' id='word_1_38' title='bbox 1900 663 2017 719; x_wconf 85' lang='grc' dir='ltr'>δια-</span> 
     </span>
    </p>
   </div>
   <div class='ocr_carea' id='block_1_8' title="bbox 341 751 2021 831">
    <p class='ocr_par' dir='ltr' id='par_1_8' title="bbox 341 751 2021 831">
     <span class='ocr_line' id='line_1_8' title="bbox 341 751 2021 831; baseline -0.002 -20"><span class='ocrx_word' id='word_1_39' title='bbox 341 758 677 828; x_wconf 75' lang='grc' dir='ltr'>κοσμήσεων</span> <span class='ocrx_word' id='word_1_40' title='bbox 761 752 1128 828; x_wconf 83' lang='grc' dir='ltr'>θεοειδεστέρα</span> <span class='ocrx_word' id='word_1_41' title='bbox 1189 753 1298 808; x_wconf 80' lang='grc' dir='ltr'>ἐστὶ</span> <span class='ocrx_word' id='word_1_42' title='bbox 1352 761 1452 822; x_wconf 78' lang='grc' dir='ltr'>τῆς</span> <span class='ocrx_word' id='word_1_43' title='bbox 1507 751 1719 826; x_wconf 66' lang='grc' dir='ltr'>μᾶλλον</span> <span class='ocrx_word' id='word_1_44' title='bbox 1781 754 2021 831; x_wconf 67' lang='grc' dir='ltr'>ἀφεστη-</span> 
     </span>
    </p>
   </div>
   <div class='ocr_carea' id='block_1_9' title="bbox 345 842 2021 918">
    <p class='ocr_par' dir='ltr' id='par_1_9' title="bbox 345 842 2021 918">
     <span class='ocr_line' id='line_1_9' title="bbox 345 842 2021 918; baseline -0.002 -18"><span class='ocrx_word' id='word_1_45' title='bbox 345 846 528 912; x_wconf 82' lang='grc' dir='ltr'>κυίας,</span> <span class='ocrx_word' id='word_1_46' title='bbox 659 849 740 916; x_wconf 77' lang='grc' dir='ltr'>τῷ</span> <span class='ocrx_word' id='word_1_47' title='bbox 794 848 911 915; x_wconf 85' lang='grc' dir='ltr'><strong>Θεῷ</strong></span> <span class='ocrx_word' id='word_1_48' title='bbox 958 842 1358 913; x_wconf 71' lang='grc' dir='ltr'><strong>πλησιάζουσα,</strong></span> <span class='ocrx_word' id='word_1_49' title='bbox 1417 843 1506 896; x_wconf 84' lang='grc' dir='ltr'><strong>καὶ</strong></span> <span class='ocrx_word' id='word_1_50' title='bbox 1574 843 1624 896; x_wconf 83' lang='grc' dir='ltr'><strong>έν</strong></span> <span class='ocrx_word' id='word_1_51' title='bbox 1683 849 1802 904; x_wconf 84' lang='grc' dir='ltr'>τοῖς</span> <span class='ocrx_word' id='word_1_52' title='bbox 1858 845 2021 918; x_wconf 79' lang='grc' dir='ltr'>οὓρα-</span> 
     </span>
    </p>
   </div>
   <div class='ocr_carea' id='block_1_10' title="bbox 344 926 2018 1006">
    <p class='ocr_par' dir='ltr' id='par_1_10' title="bbox 344 926 2018 1006">
     <span class='ocr_line' id='line_1_10' title="bbox 344 926 2018 1006; baseline -0.001 -18"><span class='ocrx_word' id='word_1_53' title='bbox 344 934 494 994; x_wconf 74' lang='grc' dir='ltr'>νέοις</span> <span class='ocrx_word' id='word_1_54' title='bbox 545 932 637 987; x_wconf 83' lang='grc' dir='ltr'><strong>καὶ</strong></span> <span class='ocrx_word' id='word_1_55' title='bbox 671 933 722 988; x_wconf 83' lang='grc' dir='ltr'>ὲν</span> <span class='ocrx_word' id='word_1_56' title='bbox 765 936 926 1004; x_wconf 77' lang='grc' dir='ltr'>ἡμῖν.</span> <span class='ocrx_word' id='word_1_57' title='bbox 961 935 1048 1001; x_wconf 79' lang='grc' dir='ltr'><strong>Μὴ</strong></span> <span class='ocrx_word' id='word_1_58' title='bbox 1083 936 1216 1006; x_wconf 73' lang='grc' dir='ltr'>γοῦν</span> <span class='ocrx_word' id='word_1_59' title='bbox 1253 926 1486 1006; x_wconf 77' lang='grc' dir='ltr'>έκλάϐῃς</span> <span class='ocrx_word' id='word_1_60' title='bbox 1540 933 1628 986; x_wconf 79' lang='grc' dir='ltr'><strong>τὸν</strong></span> <span class='ocrx_word' id='word_1_61' title='bbox 1665 931 2018 1005; x_wconf 71' lang='grc' dir='ltr'>πλησιασμὸν</span> 
     </span>
    </p>
   </div>
   <div class='ocr_carea' id='block_1_11' title="bbox 339 1018 2019 1094">
    <p class='ocr_par' dir='ltr' id='par_1_11' title="bbox 339 1018 2019 1094">
     <span class='ocr_line' id='line_1_11' title="bbox 339 1018 2019 1094; baseline -0.001 -16"><span class='ocrx_word' id='word_1_62' title='bbox 339 1027 616 1088; x_wconf 80' lang='grc' dir='ltr'><strong>τοπικῶς,</strong></span> <span class='ocrx_word' id='word_1_63' title='bbox 678 1020 827 1076; x_wconf 81' lang='grc' dir='ltr'><strong>ἀλλά</strong></span> <span class='ocrx_word' id='word_1_64' title='bbox 881 1020 1094 1094; x_wconf 79' lang='grc' dir='ltr'>μᾶλλον</span> <span class='ocrx_word' id='word_1_65' title='bbox 1147 1021 1283 1075; x_wconf 84' lang='grc' dir='ltr'><strong>κατά</strong></span> <span class='ocrx_word' id='word_1_66' title='bbox 1342 1022 1438 1089; x_wconf 82' lang='grc' dir='ltr'>τὴν</span> <span class='ocrx_word' id='word_1_67' title='bbox 1497 1021 1724 1075; x_wconf 70' lang='grc' dir='ltr'>ἑκάστου</span> <span class='ocrx_word' id='word_1_68' title='bbox 1761 1018 1866 1090; x_wconf 71' lang='grc' dir='ltr'>ἕξιν</span> <span class='ocrx_word' id='word_1_69' title='bbox 1929 1023 2019 1076; x_wconf 87' lang='grc' dir='ltr'>καὶ</span> 
     </span>
    </p>
   </div>
   <div class='ocr_carea' id='block_1_12' title="bbox 343 1107 2017 1184">
    <p class='ocr_par' dir='ltr' id='par_1_12' title="bbox 343 1107 2017 1184">
     <span class='ocr_line' id='line_1_12' title="bbox 343 1107 2017 1184; baseline 0 -18"><span class='ocrx_word' id='word_1_70' title='bbox 343 1109 794 1180; x_wconf 67' lang='grc' dir='ltr'><strong>ἐπιτηδειότητα·</strong></span> <span class='ocrx_word' id='word_1_71' title='bbox 832 1110 896 1164; x_wconf 81' lang='grc' dir='ltr'>οὐ</span> <span class='ocrx_word' id='word_1_72' title='bbox 953 1111 1054 1184; x_wconf 73' lang='grc' dir='ltr'><strong>γάρ</strong></span> <span class='ocrx_word' id='word_1_73' title='bbox 1113 1107 1163 1162; x_wconf 84' lang='grc' dir='ltr'>ἐν</span> <span class='ocrx_word' id='word_1_74' title='bbox 1219 1109 1372 1181; x_wconf 85' lang='grc' dir='ltr'><strong>τόπῳ</strong></span> <span class='ocrx_word' id='word_1_75' title='bbox 1426 1108 1564 1163; x_wconf 70' lang='grc' dir='ltr'>ἐστὶν</span> <span class='ocrx_word' id='word_1_76' title='bbox 1629 1111 1656 1164; x_wconf 91' lang='grc' dir='ltr'>ὁ</span> <span class='ocrx_word' id='word_1_77' title='bbox 1700 1110 1829 1170; x_wconf 83' lang='grc' dir='ltr'><strong>Θεὸς</strong></span> <span class='ocrx_word' id='word_1_78' title='bbox 1882 1112 2017 1183; x_wconf 80' lang='grc'>(98),</span> 
     </span>
    </p>
   </div>
   <div class='ocr_carea' id='block_1_13' title="bbox 343 1196 2018 1275">
    <p class='ocr_par' dir='ltr' id='par_1_13' title="bbox 343 1196 2018 1275">
     <span class='ocr_line' id='line_1_13' title="bbox 343 1196 2018 1275; baseline -0.001 -21"><span class='ocrx_word' id='word_1_79' title='bbox 343 1199 417 1262; x_wconf 82' lang='grc' dir='ltr'>ὦς</span> <span class='ocrx_word' id='word_1_80' title='bbox 477 1197 536 1254; x_wconf 74' lang='grc' dir='ltr'>ἄν</span> <span class='ocrx_word' id='word_1_81' title='bbox 583 1197 820 1253; x_wconf 85' lang='grc' dir='ltr'>ἐντεῦθεν</span> <span class='ocrx_word' id='word_1_82' title='bbox 876 1198 938 1252; x_wconf 86' lang='grc' dir='ltr'>τὸ</span> <span class='ocrx_word' id='word_1_83' title='bbox 992 1196 1148 1272; x_wconf 69' lang='grc' dir='ltr'>ἐγγυς</span> <span class='ocrx_word' id='word_1_84' title='bbox 1195 1197 1285 1252; x_wconf 84' lang='grc' dir='ltr'>καὶ</span> <span class='ocrx_word' id='word_1_85' title='bbox 1340 1200 1402 1252; x_wconf 85' lang='grc' dir='ltr'>τὸ</span> <span class='ocrx_word' id='word_1_86' title='bbox 1432 1197 1621 1273; x_wconf 73' lang='grc' dir='ltr'>πόῤῥω</span> <span class='ocrx_word' id='word_1_87' title='bbox 1652 1197 2018 1275; x_wconf 81' lang='grc' dir='ltr'>ἐμφαίνηται,</span> 
     </span>
    </p>
   </div>
   <div class='ocr_carea' id='block_1_14' title="bbox 351 1287 2019 1364">
    <p class='ocr_par' dir='ltr' id='par_1_14' title="bbox 351 1287 2019 1364">
     <span class='ocr_line' id='line_1_14' title="bbox 351 1287 2019 1364; baseline -0.002 -18"><span class='ocrx_word' id='word_1_88' title='bbox 351 1289 415 1346; x_wconf 80' lang='grc' dir='ltr'><strong>Εἰ</strong></span> <span class='ocrx_word' id='word_1_89' title='bbox 474 1288 652 1343; x_wconf 90' lang='grc' dir='ltr'>τοίνυν</span> <span class='ocrx_word' id='word_1_90' title='bbox 715 1290 750 1357; x_wconf 81' lang='grc' dir='ltr'>ἡ</span> <span class='ocrx_word' id='word_1_91' title='bbox 808 1291 917 1342; x_wconf 82' lang='grc' dir='ltr'>τῶν</span> <span class='ocrx_word' id='word_1_92' title='bbox 971 1288 1161 1362; x_wconf 73' lang='grc' dir='ltr'>ἱερέων</span> <span class='ocrx_word' id='word_1_93' title='bbox 1212 1287 1362 1357; x_wconf 82' lang='grc' dir='ltr'>τάξις</span> <span class='ocrx_word' id='word_1_94' title='bbox 1413 1289 1714 1364; x_wconf 74' lang='grc' dir='ltr'>φωτιστική</span> <span class='ocrx_word' id='word_1_95' title='bbox 1767 1287 1930 1357; x_wconf 78' lang='grc' dir='ltr'>ἐστιν,</span> <span class='ocrx_word' id='word_1_96' title='bbox 1992 1290 2019 1342; x_wconf 97' lang='lat'><strong>6</strong></span> 
     </span>
    </p>
   </div>
   <div class='ocr_carea' id='block_1_15' title="bbox 351 1374 2019 1456">
    <p class='ocr_par' dir='ltr' id='par_1_15' title="bbox 351 1374 2019 1456">
     <span class='ocr_line' id='line_1_15' title="bbox 351 1374 2019 1456; baseline 0 -25"><span class='ocrx_word' id='word_1_97' title='bbox 351 1380 430 1452; x_wconf 85' lang='grc' dir='ltr'><strong>μή</strong></span> <span class='ocrx_word' id='word_1_98' title='bbox 492 1377 847 1456; x_wconf 78' lang='grc' dir='ltr'>φωτιστικὸς,</span> <span class='ocrx_word' id='word_1_99' title='bbox 907 1375 942 1445; x_wconf 73' lang='grc' dir='ltr'><strong>ἢ</strong></span> <span class='ocrx_word' id='word_1_100' title='bbox 1008 1374 1224 1449; x_wconf 74' lang='grc' dir='ltr'>μᾶλλον</span> <span class='ocrx_word' id='word_1_101' title='bbox 1277 1375 1368 1430; x_wconf 82' lang='grc' dir='ltr'>καὶ</span> <span class='ocrx_word' id='word_1_102' title='bbox 1419 1377 1446 1430; x_wconf 88' lang='lat'><strong>6</strong></span> <span class='ocrx_word' id='word_1_103' title='bbox 1507 1376 1839 1450; x_wconf 83' lang='grc' dir='ltr'>ἀφώτιστος,</span> <span class='ocrx_word' id='word_1_104' title='bbox 1890 1377 2019 1452; x_wconf 83' lang='grc' dir='ltr'>οὐχὶ</span> 
     </span>
    </p>
   </div>
   <div class='ocr_carea' id='block_1_16' title="bbox 348 1463 2021 1544">
    <p class='ocr_par' dir='ltr' id='par_1_16' title="bbox 348 1463 2021 1544">
     <span class='ocr_line' id='line_1_16' title="bbox 348 1463 2021 1544; baseline -0.001 -22"><span class='ocrx_word' id='word_1_105' title='bbox 348 1467 548 1544; x_wconf 75' lang='grc' dir='ltr'>ἱερεὺς,</span> <span class='ocrx_word' id='word_1_106' title='bbox 597 1468 688 1521; x_wconf 83' lang='grc' dir='ltr'>καὶ</span> <span class='ocrx_word' id='word_1_107' title='bbox 717 1464 1006 1541; x_wconf 87' lang='grc' dir='ltr'>τολμηρὸς</span> <span class='ocrx_word' id='word_1_108' title='bbox 1066 1465 1226 1527; x_wconf 77' lang='grc' dir='ltr'>οὗτος</span> <span class='ocrx_word' id='word_1_109' title='bbox 1286 1463 1436 1520; x_wconf 89' lang='grc' dir='ltr'>δοκεῖ</span> <span class='ocrx_word' id='word_1_110' title='bbox 1468 1486 1560 1539; x_wconf 90' lang='grc' dir='ltr'><strong>μοι</strong></span> <span class='ocrx_word' id='word_1_111' title='bbox 1613 1467 1703 1520; x_wconf 82' lang='grc' dir='ltr'>καὶ</span> <span class='ocrx_word' id='word_1_112' title='bbox 1735 1467 2021 1541; x_wconf 81' lang='grc' dir='ltr'>ἀναίσχυν-</span> 
     </span>
    </p>
   </div>
   <div class='ocr_carea' id='block_1_17' title="bbox 353 1552 2021 1630">
    <p class='ocr_par' dir='ltr' id='par_1_17' title="bbox 353 1552 2021 1630">
     <span class='ocr_line' id='line_1_17' title="bbox 353 1552 2021 1630; baseline -0.002 -20"><span class='ocrx_word' id='word_1_113' title='bbox 353 1577 473 1623; x_wconf 81' lang='grc' dir='ltr'>τος,</span> <span class='ocrx_word' id='word_1_114' title='bbox 533 1556 753 1630; x_wconf 79' lang='grc' dir='ltr'>ἀγνοεῖν</span> <span class='ocrx_word' id='word_1_115' title='bbox 811 1553 1066 1627; x_wconf 80' lang='grc' dir='ltr'>οἰόμενος</span> <span class='ocrx_word' id='word_1_116' title='bbox 1120 1555 1211 1608; x_wconf 88' lang='grc' dir='ltr'>τὸν</span> <span class='ocrx_word' id='word_1_117' title='bbox 1260 1553 1412 1623; x_wconf 82' lang='grc' dir='ltr'><strong>Θεὸν,</strong></span> <span class='ocrx_word' id='word_1_118' title='bbox 1469 1554 1603 1627; x_wconf 78' lang='grc' dir='ltr'>ἅπερ</span> <span class='ocrx_word' id='word_1_119' title='bbox 1657 1553 1814 1615; x_wconf 79' lang='grc' dir='ltr'>αὐτὸς</span> <span class='ocrx_word' id='word_1_120' title='bbox 1848 1552 2021 1626; x_wconf 73' lang='grc' dir='ltr'>ἑαυτῷ</span> 
     </span>
    </p>
   </div>
   <div class='ocr_carea' id='block_1_18' title="bbox 346 1639 2020 1716">
    <p class='ocr_par' dir='ltr' id='par_1_18' title="bbox 346 1639 2020 1716">
     <span class='ocr_line' id='line_1_18' title="bbox 346 1639 2020 1716; baseline -0.001 -18"><span class='ocrx_word' id='word_1_121' title='bbox 346 1641 586 1711; x_wconf 73' lang='grc' dir='ltr'>σύνοιδε,</span> <span class='ocrx_word' id='word_1_122' title='bbox 618 1643 712 1697; x_wconf 82' lang='grc' dir='ltr'><strong>καὶ</strong></span> <span class='ocrx_word' id='word_1_123' title='bbox 743 1642 982 1716; x_wconf 82' lang='grc' dir='ltr'>νομίξων</span> <span class='ocrx_word' id='word_1_124' title='bbox 1038 1642 1246 1711; x_wconf 82' lang='grc' dir='ltr'>ἀπατᾷν</span> <span class='ocrx_word' id='word_1_125' title='bbox 1307 1641 1365 1695; x_wconf 80' lang='grc' dir='ltr'><strong>’ὸν</strong></span> <span class='ocrx_word' id='word_1_126' title='bbox 1425 1640 1584 1702; x_wconf 79' lang='grc' dir='ltr'>αὐτός</span> <span class='ocrx_word' id='word_1_127' title='bbox 1646 1639 2020 1715; x_wconf 77' lang='grc' dir='ltr'><strong>ψευδωνύμως</strong></span> 
     </span>
    </p>
   </div>
   <div class='ocr_carea' id='block_1_19' title="bbox 356 1729 2017 1807">
    <p class='ocr_par' dir='ltr' id='par_1_19' title="bbox 356 1729 2017 1807">
     <span class='ocr_line' id='line_1_19' title="bbox 356 1729 2017 1807; baseline -0.002 -20"><span class='ocrx_word' id='word_1_128' title='bbox 356 1732 700 1788; x_wconf 76' lang='grc' dir='ltr'><strong>ἐπικαλεῖται</strong></span> <span class='ocrx_word' id='word_1_129' title='bbox 761 1732 988 1806; x_wconf 83' lang='grc' dir='ltr'>πατέρα,</span> <span class='ocrx_word' id='word_1_130' title='bbox 1047 1730 1244 1807; x_wconf 85' lang='grc' dir='ltr'>Πάτερ,</span> <span class='ocrx_word' id='word_1_131' title='bbox 1309 1729 1509 1804; x_wconf 78' lang='grc' dir='ltr'>λέγων,</span> <span class='ocrx_word' id='word_1_132' title='bbox 1570 1733 1597 1785; x_wconf 90' lang='grc' dir='ltr'>ὁ</span> <span class='ocrx_word' id='word_1_133' title='bbox 1656 1731 1705 1784; x_wconf 85' lang='grc' dir='ltr'>ἐν</span> <span class='ocrx_word' id='word_1_134' title='bbox 1750 1736 1866 1792; x_wconf 90' lang='grc' dir='ltr'>τοῖς</span> <span class='ocrx_word' id='word_1_135' title='bbox 1926 1730 2017 1785; x_wconf 81' lang='grc' dir='ltr'><strong>οὐ·</strong></span> 
     </span>
    </p>
   </div>
   <div class='ocr_carea' id='block_1_20' title="bbox 352 1819 2018 1896">
    <p class='ocr_par' dir='ltr' id='par_1_20' title="bbox 352 1819 2018 1896">
     <span class='ocr_line' id='line_1_20' title="bbox 352 1819 2018 1896; baseline -0.002 -19"><span class='ocrx_word' id='word_1_136' title='bbox 352 1827 566 1896; x_wconf 81' lang='grc' dir='ltr'>ρανοῖς·</span> <span class='ocrx_word' id='word_1_137' title='bbox 619 1821 710 1876; x_wconf 82' lang='grc' dir='ltr'>καὶ</span> <span class='ocrx_word' id='word_1_138' title='bbox 731 1819 956 1894; x_wconf 76' lang='grc' dir='ltr'>τολμῶν</span> <span class='ocrx_word' id='word_1_139' title='bbox 988 1823 1086 1882; x_wconf 84' lang='grc' dir='ltr'><strong>τας</strong></span> <span class='ocrx_word' id='word_1_140' title='bbox 1142 1819 1306 1874; x_wconf 80' lang='grc' dir='ltr'>αὐτοῦ</span> <span class='ocrx_word' id='word_1_141' title='bbox 1363 1819 1718 1894; x_wconf 77' lang='grc' dir='ltr'>βλασφημίας</span> <span class='ocrx_word' id='word_1_142' title='bbox 1777 1819 1860 1892; x_wconf 82' lang='grc' dir='ltr'><strong>(οὐ</strong></span> <span class='ocrx_word' id='word_1_143' title='bbox 1917 1821 2018 1895; x_wconf 72' lang='grc' dir='ltr'><strong>γάρ</strong></span> 
     </span>
    </p>
   </div>
   <div class='ocr_carea' id='block_1_21' title="bbox 351 1903 2014 1986">
    <p class='ocr_par' dir='ltr' id='par_1_21' title="bbox 351 1903 2014 1986">
     <span class='ocr_line' id='line_1_21' title="bbox 351 1903 2014 1986; baseline -0.002 -21"><span class='ocrx_word' id='word_1_144' title='bbox 351 1909 576 1984; x_wconf 74' lang='grc' dir='ltr'>εἴποιμι</span> <span class='ocrx_word' id='word_1_145' title='bbox 623 1909 956 1986; x_wconf 77' lang='grc' dir='ltr'>προσευχὰς)</span> <span class='ocrx_word' id='word_1_146' title='bbox 1003 1907 1091 1963; x_wconf 77' lang='grc' dir='ltr'>ἐπὶ</span> <span class='ocrx_word' id='word_1_147' title='bbox 1145 1913 1252 1962; x_wconf 82' lang='grc' dir='ltr'>τῶν</span> <span class='ocrx_word' id='word_1_148' title='bbox 1286 1907 1444 1972; x_wconf 88' lang='grc' dir='ltr'>θείων</span> <span class='ocrx_word' id='word_1_149' title='bbox 1487 1903 1785 1981; x_wconf 71' lang='grc' dir='ltr'>συμϐόλων</span> <span class='ocrx_word' id='word_1_150' title='bbox 1835 1906 2014 1962; x_wconf 79' lang='grc' dir='ltr'>ἐπιλέ-</span> 
     </span>
    </p>
   </div>
   <div class='ocr_carea' id='block_1_22' title="bbox 357 1992 2014 2075">
    <p class='ocr_par' dir='ltr' id='par_1_22' title="bbox 357 1992 2014 2075">
     <span class='ocr_line' id='line_1_22' title="bbox 357 1992 2014 2075; baseline -0.002 -20"><span class='ocrx_word' id='word_1_151' title='bbox 357 2022 498 2074; x_wconf 90' lang='grc' dir='ltr'>γειν.</span> <span class='ocrx_word' id='word_1_152' title='bbox 533 1999 701 2062; x_wconf 78' lang='grc' dir='ltr'>Οὗτος</span> <span class='ocrx_word' id='word_1_153' title='bbox 732 2003 859 2075; x_wconf 85' lang='grc' dir='ltr'>γοῦν</span> <span class='ocrx_word' id='word_1_154' title='bbox 893 2000 996 2054; x_wconf 83' lang='grc' dir='ltr'>οὐκ</span> <span class='ocrx_word' id='word_1_155' title='bbox 1025 1992 1166 2052; x_wconf 79' lang='grc' dir='ltr'>ἔστιν</span> <span class='ocrx_word' id='word_1_156' title='bbox 1227 1996 1419 2072; x_wconf 71' lang='grc' dir='ltr'>ἱερεὺς.</span> <span class='ocrx_word' id='word_1_157' title='bbox 1453 1995 1599 2052; x_wconf 82' lang='grc' dir='ltr'>ἀλλὰ</span> <span class='ocrx_word' id='word_1_158' title='bbox 1655 2003 1755 2051; x_wconf 76' lang='grc' dir='ltr'><strong>πᾶν</strong></span> <span class='ocrx_word' id='word_1_159' title='bbox 1791 1997 2014 2052; x_wconf 76' lang='grc' dir='ltr'>τούναν-</span> 
     </span>
    </p>
   </div>
   <div class='ocr_carea' id='block_1_23' title="bbox 357 2085 2012 2162">
    <p class='ocr_par' dir='ltr' id='par_1_23' title="bbox 357 2085 2012 2162">
     <span class='ocr_line' id='line_1_23' title="bbox 357 2085 2012 2162; baseline -0.003 -18"><span class='ocrx_word' id='word_1_160' title='bbox 357 2089 503 2146; x_wconf 90' lang='grc' dir='ltr'>τίον.</span> <span class='ocrx_word' id='word_1_161' title='bbox 561 2089 712 2150; x_wconf 87' lang='grc' dir='ltr'>Τέως</span> <span class='ocrx_word' id='word_1_162' title='bbox 743 2085 801 2143; x_wconf 73' lang='grc' dir='ltr'>δὲ</span> <span class='ocrx_word' id='word_1_163' title='bbox 853 2088 915 2143; x_wconf 77' lang='grc' dir='ltr'>οὗ</span> <span class='ocrx_word' id='word_1_164' title='bbox 967 2085 1176 2142; x_wconf 88' lang='grc' dir='ltr'>δίδοται</span> <span class='ocrx_word' id='word_1_165' title='bbox 1205 2091 1285 2158; x_wconf 79' lang='grc' dir='ltr'>τῷ</span> <span class='ocrx_word' id='word_1_166' title='bbox 1315 2085 1624 2161; x_wconf 73' lang='grc' dir='ltr'>Δημοφίλῳ</span> <span class='ocrx_word' id='word_1_167' title='bbox 1657 2087 1778 2162; x_wconf 80' lang='grc' dir='ltr'>περὶ</span> <span class='ocrx_word' id='word_1_168' title='bbox 1807 2085 2012 2141; x_wconf 80' lang='grc' dir='ltr'>τούτων</span> 
     </span>
    </p>
   </div>
   <div class='ocr_carea' id='block_1_24' title="bbox 360 2173 2016 2255">
    <p class='ocr_par' dir='ltr' id='par_1_24' title="bbox 360 2173 2016 2255">
     <span class='ocr_line' id='line_1_24' title="bbox 360 2173 2016 2255; baseline -0.002 -22"><span class='ocrx_word' id='word_1_169' title='bbox 360 2177 703 2249; x_wconf 78' lang='grc' dir='ltr'>διεξετάζειν·</span> <span class='ocrx_word' id='word_1_170' title='bbox 767 2176 992 2240; x_wconf 83' lang='grc' dir='ltr'>δικαίως</span> <span class='ocrx_word' id='word_1_171' title='bbox 1048 2176 1148 2252; x_wconf 72' lang='grc' dir='ltr'><strong>γὰρ</strong></span> <span class='ocrx_word' id='word_1_172' title='bbox 1205 2174 1495 2255; x_wconf 77' lang='grc' dir='ltr'>ὀφείλομεν</span> <span class='ocrx_word' id='word_1_173' title='bbox 1539 2173 1751 2230; x_wconf 85' lang='grc' dir='ltr'>διώκειν</span> <span class='ocrx_word' id='word_1_174' title='bbox 1811 2175 1876 2230; x_wconf 76' lang='grc' dir='ltr'><strong>τὰ</strong></span> <span class='ocrx_word' id='word_1_175' title='bbox 1934 2173 2016 2229; x_wconf 83' lang='grc' dir='ltr'>δί-</span> 
     </span>
    </p>
   </div>
   <div class='ocr_carea' id='block_1_25' title="bbox 356 2262 2012 2341">
    <p class='ocr_par' dir='ltr' id='par_1_25' title="bbox 356 2262 2012 2341">
     <span class='ocr_line' id='line_1_25' title="bbox 356 2262 2012 2341; baseline -0.003 -18"><span class='ocrx_word' id='word_1_176' title='bbox 356 2290 488 2323; x_wconf 88' lang='grc' dir='ltr'>καια</span> <span class='ocrx_word' id='word_1_177' title='bbox 519 2270 654 2341; x_wconf 85' lang='grc'><strong>(99),</strong></span> <span class='ocrx_word' id='word_1_178' title='bbox 703 2267 929 2322; x_wconf 74' lang='grc' dir='ltr'>κατὰτὸ</span> <span class='ocrx_word' id='word_1_179' title='bbox 959 2263 1344 2341; x_wconf 76' lang='grc' dir='ltr'>παράγγελμαο</span> <span class='ocrx_word' id='word_1_180' title='bbox 1409 2263 1615 2319; x_wconf 85' lang='grc' dir='ltr'>δίκαιον</span> <span class='ocrx_word' id='word_1_181' title='bbox 1679 2262 1734 2319; x_wconf 88' lang='grc' dir='ltr'><strong>δέ</strong></span> <span class='ocrx_word' id='word_1_182' title='bbox 1792 2263 1900 2320; x_wconf 77' lang='grc' dir='ltr'>ἐστι</span> <span class='ocrx_word' id='word_1_183' title='bbox 1951 2265 2012 2318; x_wconf 88' lang='grc' dir='ltr'>τὸ</span> 
     </span>
    </p>
   </div>
   <div class='ocr_carea' id='block_1_26' title="bbox 355 2351 2012 2428">
    <p class='ocr_par' dir='ltr' id='par_1_26' title="bbox 355 2351 2012 2428">
     <span class='ocr_line' id='line_1_26' title="bbox 355 2351 2012 2428; baseline -0.004 -17"><span class='ocrx_word' id='word_1_184' title='bbox 355 2357 655 2427; x_wconf 84' lang='grc' dir='ltr'>κατ’ἀξίαν</span> <span class='ocrx_word' id='word_1_185' title='bbox 683 2361 812 2410; x_wconf 83' lang='grc' dir='ltr'>πᾶσι</span> <span class='ocrx_word' id='word_1_186' title='bbox 865 2352 1268 2427; x_wconf 80' lang='grc' dir='ltr'>διανεμητικὸν,</span> <span class='ocrx_word' id='word_1_187' title='bbox 1327 2351 1442 2408; x_wconf 83' lang='grc' dir='ltr'>ἐπεὶ</span> <span class='ocrx_word' id='word_1_188' title='bbox 1490 2353 1578 2408; x_wconf 81' lang='grc' dir='ltr'>καὶ</span> <span class='ocrx_word' id='word_1_189' title='bbox 1637 2351 1894 2428; x_wconf 73' lang='grc' dir='ltr'>ἀγγέλοις</span> <span class='ocrx_word' id='word_1_190' title='bbox 1951 2353 2012 2406; x_wconf 88' lang='grc' dir='ltr'><strong>τὸ</strong></span> 
     </span>
    </p>
   </div>
   <div class='ocr_carea' id='block_1_27' title="bbox 356 2440 2010 2518">
    <p class='ocr_par' dir='ltr' id='par_1_27' title="bbox 356 2440 2010 2518">
     <span class='ocr_line' id='line_1_27' title="bbox 356 2440 2010 2518; baseline -0.003 -18"><span class='ocrx_word' id='word_1_191' title='bbox 356 2443 571 2500; x_wconf 81' lang='grc' dir='ltr'>δίκαιον</span> <span class='ocrx_word' id='word_1_192' title='bbox 603 2443 954 2518; x_wconf 83' lang='grc' dir='ltr'>ἀπονέμεται’</span> <span class='ocrx_word' id='word_1_193' title='bbox 1018 2443 1067 2498; x_wconf 77' lang='grc' dir='ltr'>ἐν</span> <span class='ocrx_word' id='word_1_194' title='bbox 1123 2447 1252 2497; x_wconf 77' lang='grc' dir='ltr'>πᾶσι</span> <span class='ocrx_word' id='word_1_195' title='bbox 1311 2443 1413 2518; x_wconf 73' lang='grc' dir='ltr'><strong>γὰρ</strong></span> <span class='ocrx_word' id='word_1_196' title='bbox 1469 2448 1584 2504; x_wconf 81' lang='grc' dir='ltr'>τοῖς</span> <span class='ocrx_word' id='word_1_197' title='bbox 1617 2440 1850 2496; x_wconf 80' lang='grc' dir='ltr'>οὗσιδιά</span> <span class='ocrx_word' id='word_1_198' title='bbox 1902 2446 2010 2496; x_wconf 79' lang='grc' dir='ltr'>τῶν</span> 
     </span>
    </p>
   </div>
   <div class='ocr_carea' id='block_1_28' title="bbox 352 2530 2007 2611">
    <p class='ocr_par' dir='ltr' id='par_1_28' title="bbox 352 2530 2007 2611">
     <span class='ocr_line' id='line_1_28' title="bbox 352 2530 2007 2611; baseline -0.001 -22"><span class='ocrx_word' id='word_1_199' title='bbox 352 2536 594 2611; x_wconf 78' lang='grc' dir='ltr'>πρώτων</span> <span class='ocrx_word' id='word_1_200' title='bbox 649 2539 767 2596; x_wconf 89' lang='grc' dir='ltr'>τοῖς</span> <span class='ocrx_word' id='word_1_201' title='bbox 826 2530 1099 2608; x_wconf 73' lang='grc' dir='ltr'>δευτέροις</span> <span class='ocrx_word' id='word_1_202' title='bbox 1158 2532 1226 2586; x_wconf 85' lang='grc' dir='ltr'><strong>τά</strong></span> <span class='ocrx_word' id='word_1_203' title='bbox 1291 2532 1409 2587; x_wconf 88' lang='grc' dir='ltr'>κατ’</span> <span class='ocrx_word' id='word_1_204' title='bbox 1458 2531 1608 2602; x_wconf 82' lang='grc' dir='ltr'>ἀξίαν</span> <span class='ocrx_word' id='word_1_205' title='bbox 1662 2531 2007 2604; x_wconf 72' lang='grc' dir='ltr'>ἀπονέμεται.</span> 
     </span>
    </p>
   </div>
   <div class='ocr_carea' id='block_1_29' title="bbox 352 2617 2009 2698">
    <p class='ocr_par' dir='ltr' id='par_1_29' title="bbox 352 2617 2009 2698">
     <span class='ocr_line' id='line_1_29' title="bbox 352 2617 2009 2698; baseline -0.004 -18"><span class='ocrx_word' id='word_1_206' title='bbox 352 2624 429 2681; x_wconf 75' lang='grc' dir='ltr'><strong>Οἱ</strong></span> <span class='ocrx_word' id='word_1_207' title='bbox 493 2623 587 2696; x_wconf 73' lang='grc' dir='ltr'>μὲν</span> <span class='ocrx_word' id='word_1_208' title='bbox 635 2621 725 2677; x_wconf 80' lang='grc' dir='ltr'><strong>οῦν</strong></span> <span class='ocrx_word' id='word_1_209' title='bbox 759 2621 1019 2698; x_wconf 66' lang='grc' dir='ltr'>ἐπάρχειν</span> <span class='ocrx_word' id='word_1_210' title='bbox 1052 2626 1160 2676; x_wconf 82' lang='grc' dir='ltr'><strong>τῶν</strong></span> <span class='ocrx_word' id='word_1_211' title='bbox 1192 2617 1380 2674; x_wconf 71' lang='grc' dir='ltr'>ἄλλων</span> <span class='ocrx_word' id='word_1_212' title='bbox 1443 2621 1756 2696; x_wconf 78' lang='grc' dir='ltr'>ταχθέντες,</span> <span class='ocrx_word' id='word_1_213' title='bbox 1816 2619 2009 2674; x_wconf 83' lang='grc' dir='ltr'>ἐκεῖνοι</span> 
     </span>
    </p>
   </div>
   <div class='ocr_carea' id='block_1_30' title="bbox 347 2707 2009 2786">
    <p class='ocr_par' dir='ltr' id='par_1_30' title="bbox 347 2707 2009 2786">
     <span class='ocr_line' id='line_1_30' title="bbox 347 2707 2009 2786; baseline -0.003 -19"><span class='ocrx_word' id='word_1_214' title='bbox 347 2717 473 2774; x_wconf 89' lang='grc' dir='ltr'>τοῖς</span> <span class='ocrx_word' id='word_1_215' title='bbox 536 2712 652 2786; x_wconf 86' lang='grc' dir='ltr'>μετ’</span> <span class='ocrx_word' id='word_1_216' title='bbox 709 2710 906 2772; x_wconf 75' lang='grc' dir='ltr'>αὐτοὺς</span> <span class='ocrx_word' id='word_1_217' title='bbox 965 2707 1318 2764; x_wconf 86' lang='grc' dir='ltr'>ἀποδώσουσι</span> <span class='ocrx_word' id='word_1_218' title='bbox 1370 2710 1440 2764; x_wconf 80' lang='grc' dir='ltr'>τὰ</span> <span class='ocrx_word' id='word_1_219' title='bbox 1485 2711 1600 2762; x_wconf 89' lang='grc' dir='ltr'>κατ’</span> <span class='ocrx_word' id='word_1_220' title='bbox 1630 2708 1801 2778; x_wconf 81' lang='grc' dir='ltr'>ἀξίαν·</span> <span class='ocrx_word' id='word_1_221' title='bbox 1843 2710 1870 2762; x_wconf 93' lang='lat'><strong>6</strong></span> <span class='ocrx_word' id='word_1_222' title='bbox 1903 2717 2009 2776; x_wconf 84' lang='grc' dir='ltr'><strong>Δη-</strong></span> 
     </span>
    </p>
   </div>
   <div class='ocr_carea' id='block_1_31' title="bbox 356 2795 2008 2878">
    <p class='ocr_par' dir='ltr' id='par_1_31' title="bbox 356 2795 2008 2878">
     <span class='ocr_line' id='line_1_31' title="bbox 356 2795 2008 2878; baseline -0.004 -22"><span class='ocrx_word' id='word_1_223' title='bbox 356 2799 601 2876; x_wconf 74' lang='grc' dir='ltr'>μόφιλος</span> <span class='ocrx_word' id='word_1_224' title='bbox 654 2797 710 2855; x_wconf 76' lang='grc' dir='ltr'>δὲ</span> <span class='ocrx_word' id='word_1_225' title='bbox 760 2799 1085 2878; x_wconf 75' lang='grc' dir='ltr'>ἀφοριζέτω,</span> <span class='ocrx_word' id='word_1_226' title='bbox 1141 2796 1518 2874; x_wconf 80' lang='grc' dir='ltr'>διαχωριζέτω</span> <span class='ocrx_word' id='word_1_227' title='bbox 1563 2797 1632 2852; x_wconf 79' lang='grc' dir='ltr'><strong>τά</strong></span> <span class='ocrx_word' id='word_1_228' title='bbox 1677 2798 1793 2851; x_wconf 90' lang='grc' dir='ltr'>κατ’</span> <span class='ocrx_word' id='word_1_229' title='bbox 1843 2795 2008 2869; x_wconf 80' lang='grc' dir='ltr'>ἀξίαν,</span> 
     </span>
    </p>
   </div>
   <div class='ocr_carea' id='block_1_32' title="bbox 349 2883 2010 2962">
    <p class='ocr_par' dir='ltr' id='par_1_32' title="bbox 349 2883 2010 2962">
     <span class='ocr_line' id='line_1_32' title="bbox 349 2883 2010 2962; baseline -0.002 -18"><span class='ocrx_word' id='word_1_230' title='bbox 349 2895 492 2945; x_wconf 88' lang='grc' dir='ltr'>ποῖα</span> <span class='ocrx_word' id='word_1_231' title='bbox 521 2891 615 2962; x_wconf 76' lang='grc' dir='ltr'>μὲν</span> <span class='ocrx_word' id='word_1_232' title='bbox 665 2890 743 2962; x_wconf 84' lang='grc' dir='ltr'><strong>τῷ</strong></span> <span class='ocrx_word' id='word_1_233' title='bbox 798 2888 970 2962; x_wconf 88' lang='grc' dir='ltr'>λόγῳ,</span> <span class='ocrx_word' id='word_1_234' title='bbox 1015 2893 1146 2942; x_wconf 89' lang='grc' dir='ltr'>ποῖα</span> <span class='ocrx_word' id='word_1_235' title='bbox 1177 2885 1234 2942; x_wconf 79' lang='grc' dir='ltr'>δὶ</span> <span class='ocrx_word' id='word_1_236' title='bbox 1283 2891 1363 2958; x_wconf 83' lang='grc' dir='ltr'>τῷ</span> <span class='ocrx_word' id='word_1_237' title='bbox 1403 2888 1582 2960; x_wconf 83' lang='grc' dir='ltr'>θυμῷ,</span> <span class='ocrx_word' id='word_1_238' title='bbox 1642 2892 1774 2941; x_wconf 83' lang='grc' dir='ltr'>ποῖα</span> <span class='ocrx_word' id='word_1_239' title='bbox 1831 2883 1888 2940; x_wconf 72' lang='grc' dir='ltr'>δὲ</span> <span class='ocrx_word' id='word_1_240' title='bbox 1943 2889 2010 2960; x_wconf 82' lang='grc' dir='ltr'><strong>τῇ</strong></span> 
     </span>
    </p>
   </div>
   <div class='ocr_carea' id='block_1_33' title="bbox 349 2971 2011 3054">
    <p class='ocr_par' dir='ltr' id='par_1_33' title="bbox 349 2971 2011 3054">
     <span class='ocr_line' id='line_1_33' title="bbox 349 2971 2011 3054; baseline -0.003 -21"><span class='ocrx_word' id='word_1_241' title='bbox 349 2978 644 3051; x_wconf 78' lang='grc' dir='ltr'>ἐπιθυμίᾳ,</span> <span class='ocrx_word' id='word_1_242' title='bbox 691 2977 822 3054; x_wconf 76' lang='grc' dir='ltr'>ὅπερ</span> <span class='ocrx_word' id='word_1_243' title='bbox 871 2977 970 3032; x_wconf 78' lang='grc' dir='ltr'>οὐκ</span> <span class='ocrx_word' id='word_1_244' title='bbox 1025 2974 1084 3031; x_wconf 77' lang='grc' dir='ltr'><strong>ἃν</strong></span> <span class='ocrx_word' id='word_1_245' title='bbox 1118 2973 1303 3038; x_wconf 70' lang='grc' dir='ltr'>ἄλλως</span> <span class='ocrx_word' id='word_1_246' title='bbox 1353 2974 1594 3051; x_wconf 72' lang='grc' dir='ltr'>γένηται,</span> <span class='ocrx_word' id='word_1_247' title='bbox 1644 2975 1732 3029; x_wconf 81' lang='grc' dir='ltr'>καὶ</span> <span class='ocrx_word' id='word_1_248' title='bbox 1785 2971 2011 3030; x_wconf 62' lang='grc' dir='ltr'>ἕκαστον</span> 
     </span>
    </p>
   </div>
   <div class='ocr_carea' id='block_1_34' title="bbox 355 3062 2014 3143">
    <p class='ocr_par' dir='ltr' id='par_1_34' title="bbox 355 3062 2014 3143">
     <span class='ocr_line' id='line_1_34' title="bbox 355 3062 2014 3143; baseline -0.003 -21"><span class='ocrx_word' id='word_1_249' title='bbox 355 3067 682 3143; x_wconf 73' lang='grc' dir='ltr'>πρεπόντως</span> <span class='ocrx_word' id='word_1_250' title='bbox 737 3068 1182 3143; x_wconf 72' lang='grc' dir='ltr'>ἀφορισθήσεται,</span> <span class='ocrx_word' id='word_1_251' title='bbox 1241 3065 1289 3120; x_wconf 77' lang='grc' dir='ltr'>εἲ</span> <span class='ocrx_word' id='word_1_252' title='bbox 1340 3065 1414 3138; x_wconf 76' lang='grc' dir='ltr'><strong>μὴ</strong></span> <span class='ocrx_word' id='word_1_253' title='bbox 1462 3064 1708 3138; x_wconf 66' lang='grc' dir='ltr'>κατάρξαι</span> <span class='ocrx_word' id='word_1_254' title='bbox 1769 3065 1796 3118; x_wconf 90' lang='lat'><strong>6</strong></span> <span class='ocrx_word' id='word_1_255' title='bbox 1851 3062 2014 3136; x_wconf 85' lang='grc' dir='ltr'>λόγος</span> 
     </span>
    </p>
   </div>
   <div class='ocr_carea' id='block_1_35' title="bbox 350 3152 2014 3232">
    <p class='ocr_par' dir='ltr' id='par_1_35' title="bbox 350 3152 2014 3232">
     <span class='ocr_line' id='line_1_35' title="bbox 350 3152 2014 3232; baseline -0.004 -20"><span class='ocrx_word' id='word_1_256' title='bbox 350 3161 470 3212; x_wconf 78' lang='grc' dir='ltr'><strong>τῶν</strong></span> <span class='ocrx_word' id='word_1_257' title='bbox 533 3155 831 3232; x_wconf 81' lang='grc' dir='ltr'>ὑφειμένων</span> <span class='ocrx_word' id='word_1_258' title='bbox 870 3201 883 3228; x_wconf 95' lang='grc'><strong>,</strong></span> <span class='ocrx_word' id='word_1_259' title='bbox 961 3159 1135 3229; x_wconf 78' lang='grc' dir='ltr'>θυμοῦ</span> <span class='ocrx_word' id='word_1_260' title='bbox 1207 3153 1349 3230; x_wconf 85' lang='grc' dir='ltr'>λέγω</span> <span class='ocrx_word' id='word_1_261' title='bbox 1414 3154 1503 3209; x_wconf 85' lang='grc' dir='ltr'>καὶ</span> <span class='ocrx_word' id='word_1_262' title='bbox 1557 3152 1865 3226; x_wconf 76' lang='grc' dir='ltr'>ἐπιθυμίας,</span> <span class='ocrx_word' id='word_1_263' title='bbox 1925 3152 2014 3206; x_wconf 83' lang='grc' dir='ltr'><strong>καὶ</strong></span> 
     </span>
    </p>
   </div>
   <div class='ocr_carea' id='block_1_36' title="bbox 2048 1867 2097 1932">
    <p class='ocr_par' dir='ltr' id='par_1_36' title="bbox 2048 1867 2097 1932">
     <span class='ocr_line' id='line_1_36' title="bbox 2048 1867 2097 1932; baseline 0 0"><span class='ocrx_word' id='word_1_264' title='bbox 2048 1867 2097 1932; x_wconf 92' lang='grc' dir='ltr'><strong>Β</strong></span> 
     </span>
    </p>
   </div>
   <div class='ocr_carea' id='block_1_37' title="bbox 2132 579 3790 653">
    <p class='ocr_par' dir='ltr' id='par_1_37' title="bbox 2132 579 3790 653">
     <span class='ocr_line' id='line_1_37' title="bbox 2132 579 3790 653; baseline 0.001 -19"><span class='ocrx_word' id='word_1_265' title='bbox 2132 597 2246 650; x_wconf 93' lang='lat' dir='ltr'><strong>que</strong></span> <span class='ocrx_word' id='word_1_266' title='bbox 2275 581 2346 635; x_wconf 88' lang='lat' dir='ltr'><strong>ad</strong></span> <span class='ocrx_word' id='word_1_267' title='bbox 2383 581 2792 635; x_wconf 88' lang='lat' dir='ltr'><strong>rectitudinem</strong></span> <span class='ocrx_word' id='word_1_268' title='bbox 2833 596 3122 634; x_wconf 89' lang='lat' dir='ltr'><strong>revocare.</strong></span> <span class='ocrx_word' id='word_1_269' title='bbox 3152 581 3258 634; x_wconf 90' lang='lat' dir='ltr'><strong>Sed</strong></span> <span class='ocrx_word' id='word_1_270' title='bbox 3293 585 3349 635; x_wconf 90' lang='lat' dir='ltr'><strong>et</strong></span> <span class='ocrx_word' id='word_1_271' title='bbox 3383 579 3515 634; x_wconf 86' lang='lat' dir='ltr'><strong>hinc</strong></span> <span class='ocrx_word' id='word_1_272' title='bbox 3550 580 3790 653; x_wconf 89' lang='lat' dir='ltr'><strong>impen-</strong></span> 
     </span>
    </p>
   </div>
   <div class='ocr_carea' id='block_1_38' title="bbox 2133 668 3794 742">
    <p class='ocr_par' dir='ltr' id='par_1_38' title="bbox 2133 668 3794 742">
     <span class='ocr_line' id='line_1_38' title="bbox 2133 668 3794 742; baseline 0.002 -20"><span class='ocrx_word' id='word_1_273' title='bbox 2133 669 2229 723; x_wconf 90' lang='lat' dir='ltr'><strong>det</strong></span> <span class='ocrx_word' id='word_1_274' title='bbox 2273 671 2621 740; x_wconf 85' lang='lat' dir='ltr'><strong>periculum,</strong></span> <span class='ocrx_word' id='word_1_275' title='bbox 2674 687 2744 725; x_wconf 92' lang='lat' dir='ltr'><strong>ne</strong></span> <span class='ocrx_word' id='word_1_276' title='bbox 2794 671 3030 742; x_wconf 84' lang='lat' dir='ltr'><strong>quando</strong></span> <span class='ocrx_word' id='word_1_277' title='bbox 3084 669 3142 734; x_wconf 91' lang='lat' dir='ltr'><strong>ii,</strong></span> <span class='ocrx_word' id='word_1_278' title='bbox 3177 668 3320 737; x_wconf 71' lang='lat' dir='ltr'><strong>legis</strong></span> <span class='ocrx_word' id='word_1_279' title='bbox 3370 671 3608 724; x_wconf 85' lang='lat' dir='ltr'><strong>nomine</strong></span> <span class='ocrx_word' id='word_1_280' title='bbox 3659 687 3794 726; x_wconf 84' lang='lat' dir='ltr'><strong>sese</strong></span> 
     </span>
    </p>
   </div>
   <div class='ocr_carea' id='block_1_39' title="bbox 2131 758 3793 832">
    <p class='ocr_par' dir='ltr' id='par_1_39' title="bbox 2131 758 3793 832">
     <span class='ocr_line' id='line_1_39' title="bbox 2131 758 3793 832; baseline 0.002 -21"><span class='ocrx_word' id='word_1_281' title='bbox 2131 760 2524 828; x_wconf 80' lang='lat' dir='ltr'><strong>venditantes,</strong></span> <span class='ocrx_word' id='word_1_282' title='bbox 2558 777 2658 830; x_wconf 91' lang='lat' dir='ltr'><strong>per</strong></span> <span class='ocrx_word' id='word_1_283' title='bbox 2704 759 2852 832; x_wconf 86' lang='lat' dir='ltr'><strong>legis</strong></span> <span class='ocrx_word' id='word_1_284' title='bbox 2901 759 3434 830; x_wconf 82' lang='lat' dir='ltr'><strong>transgressionem</strong></span> <span class='ocrx_word' id='word_1_285' title='bbox 3488 758 3793 832; x_wconf 85' lang='lat' dir='ltr'><strong>insignem</strong></span> 
     </span>
    </p>
   </div>
   <div class='ocr_carea' id='block_1_40' title="bbox 2138 847 3794 918">
    <p class='ocr_par' dir='ltr' id='par_1_40' title="bbox 2138 847 3794 918">
     <span class='ocr_line' id='line_1_40' title="bbox 2138 847 3794 918; baseline 0.002 -18"><span class='ocrx_word' id='word_1_286' title='bbox 2138 848 2248 901; x_wconf 92' lang='lat' dir='ltr'><strong>Deo</strong></span> <span class='ocrx_word' id='word_1_287' title='bbox 2279 847 2598 917; x_wconf 90' lang='lat' dir='ltr'><strong>importent</strong></span> <span class='ocrx_word' id='word_1_288' title='bbox 2637 847 3076 903; x_wconf 84' lang='lat' dir='ltr'><strong>contumeliam.</strong></span> <span class='ocrx_word' id='word_1_289' title='bbox 3136 847 3422 918; x_wconf 86' lang='lat' dir='ltr'><strong>Equidem</strong></span> <span class='ocrx_word' id='word_1_290' title='bbox 3456 847 3582 914; x_wconf 88' lang='lat' dir='ltr'><strong>tibi,</strong></span> <span class='ocrx_word' id='word_1_291' title='bbox 3618 865 3648 903; x_wconf 93' lang='grc' dir='ltr'>ο</span> <span class='ocrx_word' id='word_1_292' title='bbox 3682 849 3794 904; x_wconf 85' lang='lat' dir='ltr'><strong>De-</strong></span> 
     </span>
    </p>
   </div>
   <div class='ocr_carea' id='block_1_41' title="bbox 2132 935 3794 1008">
    <p class='ocr_par' dir='ltr' id='par_1_41' title="bbox 2132 935 3794 1008">
     <span class='ocr_line' id='line_1_41' title="bbox 2132 935 3794 1008; baseline 0.002 -20"><span class='ocrx_word' id='word_1_293' title='bbox 2132 935 2413 1006; x_wconf 82' lang='lat' dir='ltr'><strong>mOpbile,</strong></span> <span class='ocrx_word' id='word_1_294' title='bbox 2463 953 2640 1006; x_wconf 83' lang='lat' dir='ltr'><strong>super</strong></span> <span class='ocrx_word' id='word_1_295' title='bbox 2692 937 2798 992; x_wconf 87' lang='lat' dir='ltr'><strong>hac</strong></span> <span class='ocrx_word' id='word_1_296' title='bbox 2845 953 2904 990; x_wconf 88' lang='lat' dir='ltr'><strong>re</strong></span> <span class='ocrx_word' id='word_1_297' title='bbox 2958 936 3197 1007; x_wconf 87' lang='lat' dir='ltr'><strong>provide</strong></span> <span class='ocrx_word' id='word_1_298' title='bbox 3247 935 3794 1008; x_wconf 89' lang='lat' dir='ltr'><strong>prospicienterque</strong></span> 
     </span>
    </p>
   </div>
   <div class='ocr_carea' id='block_1_42' title="bbox 2132 1024 3796 1096">
    <p class='ocr_par' dir='ltr' id='par_1_42' title="bbox 2132 1024 3796 1096">
     <span class='ocr_line' id='line_1_42' title="bbox 2132 1024 3796 1096; baseline 0.002 -20"><span class='ocrx_word' id='word_1_299' title='bbox 2132 1025 2540 1094; x_wconf 89' lang='lat' dir='ltr'><strong>respondebo;</strong></span> <span class='ocrx_word' id='word_1_300' title='bbox 2571 1027 2803 1096; x_wconf 83' lang='lat' dir='ltr'><strong>quando</strong></span> <span class='ocrx_word' id='word_1_301' title='bbox 2855 1042 2969 1080; x_wconf 90' lang='lat' dir='ltr'><strong>non</strong></span> <span class='ocrx_word' id='word_1_302' title='bbox 3019 1025 3162 1078; x_wconf 87' lang='lat' dir='ltr'><strong>adeo</strong></span> <span class='ocrx_word' id='word_1_303' title='bbox 3213 1024 3491 1080; x_wconf 89' lang='lat' dir='ltr'><strong>inimicus</strong></span> <span class='ocrx_word' id='word_1_304' title='bbox 3525 1032 3796 1080; x_wconf 88' lang='lat' dir='ltr'><strong>censetur</strong></span> 
     </span>
    </p>
   </div>
   <div class='ocr_carea' id='block_1_43' title="bbox 2131 1111 3795 1186">
    <p class='ocr_par' dir='ltr' id='par_1_43' title="bbox 2131 1111 3795 1186">
     <span class='ocr_line' id='line_1_43' title="bbox 2131 1111 3795 1186; baseline 0.002 -21"><span class='ocrx_word' id='word_1_305' title='bbox 2131 1111 2613 1184; x_wconf 86' lang='lat' dir='ltr'><strong>Demophilus,ut</strong></span> <span class='ocrx_word' id='word_1_306' title='bbox 2644 1113 2758 1168; x_wconf 90' lang='lat' dir='ltr'><strong>sini</strong></span> <span class='ocrx_word' id='word_1_307' title='bbox 2789 1114 2996 1168; x_wconf 80' lang='lat' dir='ltr'><strong>debeat</strong></span> <span class='ocrx_word' id='word_1_308' title='bbox 3029 1130 3062 1168; x_wconf 88' lang='lat' dir='ltr'><strong>a</strong></span> <span class='ocrx_word' id='word_1_309' title='bbox 3092 1113 3310 1168; x_wconf 87' lang='lat' dir='ltr'><strong>Satana</strong></span> <span class='ocrx_word' id='word_1_310' title='bbox 3341 1118 3503 1169; x_wconf 88' lang='lat' dir='ltr'><strong>tanto</strong></span> <span class='ocrx_word' id='word_1_311' title='bbox 3537 1113 3795 1186; x_wconf 85' lang='lat' dir='ltr'><strong>opprimi</strong></span> 
     </span>
    </p>
   </div>
   <div class='ocr_carea' id='block_1_44' title="bbox 2131 1202 3793 1274">
    <p class='ocr_par' dir='ltr' id='par_1_44' title="bbox 2131 1202 3793 1274">
     <span class='ocr_line' id='line_1_44' title="bbox 2131 1202 3793 1274; baseline 0.002 -18"><span class='ocrx_word' id='word_1_312' title='bbox 2131 1215 2345 1256; x_wconf 88' lang='lat' dir='ltr'><strong>errore.</strong></span> <span class='ocrx_word' id='word_1_313' title='bbox 2400 1202 2555 1257; x_wconf 87' lang='lat' dir='ltr'><strong>Scito</strong></span> <span class='ocrx_word' id='word_1_314' title='bbox 2611 1203 2790 1274; x_wconf 86' lang='lat' dir='ltr'><strong>igitur</strong></span> <span class='ocrx_word' id='word_1_315' title='bbox 2838 1204 2978 1273; x_wconf 93' lang='lat' dir='ltr'><strong>quia</strong></span> <span class='ocrx_word' id='word_1_316' title='bbox 3024 1219 3392 1273; x_wconf 60' lang='lat' dir='ltr'><strong>unaquaque</strong></span> <span class='ocrx_word' id='word_1_317' title='bbox 3451 1209 3793 1259; x_wconf 86' lang='lat' dir='ltr'><strong>sanctarum</strong></span> 
     </span>
    </p>
   </div>
   <div class='ocr_carea' id='block_1_45' title="bbox 2131 1289 3795 1363">
    <p class='ocr_par' dir='ltr' id='par_1_45' title="bbox 2131 1289 3795 1363">
     <span class='ocr_line' id='line_1_45' title="bbox 2131 1289 3795 1363; baseline 0.002 -20"><span class='ocrx_word' id='word_1_318' title='bbox 2131 1289 2602 1361; x_wconf 83' lang='lat' dir='ltr'><strong>distinctionum,</strong></span> <span class='ocrx_word' id='word_1_319' title='bbox 2637 1308 2752 1362; x_wconf 92' lang='lat' dir='ltr'><strong>quo</strong></span> <span class='ocrx_word' id='word_1_320' title='bbox 2785 1291 3031 1363; x_wconf 91' lang='lat' dir='ltr'><strong>propius</strong></span> <span class='ocrx_word' id='word_1_321' title='bbox 3066 1295 3178 1345; x_wconf 91' lang='lat' dir='ltr'><strong>Deo</strong></span> <span class='ocrx_word' id='word_1_322' title='bbox 3231 1290 3532 1361; x_wconf 82' lang='lat' dir='ltr'><strong>jungitur,</strong></span> <span class='ocrx_word' id='word_1_323' title='bbox 3559 1291 3670 1346; x_wconf 91' lang='lat' dir='ltr'><strong>hoc</strong></span> <span class='ocrx_word' id='word_1_324' title='bbox 3703 1292 3795 1347; x_wconf 87' lang='lat' dir='ltr'><strong>di-</strong></span> 
     </span>
    </p>
   </div>
   <div class='ocr_carea' id='block_1_46' title="bbox 2133 1377 3792 1451">
    <p class='ocr_par' dir='ltr' id='par_1_46' title="bbox 2133 1377 3792 1451">
     <span class='ocr_line' id='line_1_46' title="bbox 2133 1377 3792 1451; baseline 0.002 -19"><span class='ocrx_word' id='word_1_325' title='bbox 2133 1377 2278 1432; x_wconf 68' lang='lat' dir='ltr'><strong>vina:</strong></span> <span class='ocrx_word' id='word_1_326' title='bbox 2313 1379 2772 1450; x_wconf 88' lang='lat' dir='ltr'><strong>pulchritudinis</strong></span> <span class='ocrx_word' id='word_1_327' title='bbox 2805 1383 3184 1451; x_wconf 45' lang='lat' dir='ltr'><strong>repraesentat</strong></span> <span class='ocrx_word' id='word_1_328' title='bbox 3215 1377 3667 1436; x_wconf 88' lang='lat' dir='ltr'><strong>similitudinem</strong></span> <span class='ocrx_word' id='word_1_329' title='bbox 3700 1397 3792 1435; x_wconf 82' lang='lat' dir='ltr'><strong>cx-</strong></span> 
     </span>
    </p>
   </div>
   <div class='ocr_carea' id='block_1_47' title="bbox 2133 1466 3792 1539">
    <p class='ocr_par' dir='ltr' id='par_1_47' title="bbox 2133 1466 3792 1539">
     <span class='ocr_line' id='line_1_47' title="bbox 2133 1466 3792 1539; baseline 0.002 -19"><span class='ocrx_word' id='word_1_330' title='bbox 2133 1467 2413 1537; x_wconf 85' lang='lat' dir='ltr'><strong>pressius,</strong></span> <span class='ocrx_word' id='word_1_331' title='bbox 2449 1484 2619 1538; x_wconf 84' lang='lat' dir='ltr'><strong>quam</strong></span> <span class='ocrx_word' id='word_1_332' title='bbox 2659 1468 2710 1522; x_wconf 89' lang='lat' dir='ltr'><strong>is</strong></span> <span class='ocrx_word' id='word_1_333' title='bbox 2742 1468 2882 1523; x_wconf 91' lang='lat' dir='ltr'><strong>ordo</strong></span> <span class='ocrx_word' id='word_1_334' title='bbox 2913 1468 3012 1538; x_wconf 88' lang='lat' dir='ltr'><strong>qui</strong></span> <span class='ocrx_word' id='word_1_335' title='bbox 3046 1466 3280 1539; x_wconf 87' lang='lat' dir='ltr'><strong>longius</strong></span> <span class='ocrx_word' id='word_1_336' title='bbox 3311 1468 3530 1522; x_wconf 86' lang='lat' dir='ltr'><strong>recedit</strong></span> <span class='ocrx_word' id='word_1_337' title='bbox 3565 1484 3578 1521; x_wconf 90' lang='lat'>:</span> <span class='ocrx_word' id='word_1_338' title='bbox 3614 1467 3792 1539; x_wconf 89' lang='lat' dir='ltr'><strong>idque</strong></span> 
     </span>
    </p>
   </div>
   <div class='ocr_carea' id='block_1_48' title="bbox 2131 1555 3783 1628">
    <p class='ocr_par' dir='ltr' id='par_1_48' title="bbox 2131 1555 3783 1628">
     <span class='ocr_line' id='line_1_48' title="bbox 2131 1555 3783 1628; baseline 0.002 -20"><span class='ocrx_word' id='word_1_339' title='bbox 2131 1555 2188 1609; x_wconf 91' lang='lat' dir='ltr'><strong>in</strong></span> <span class='ocrx_word' id='word_1_340' title='bbox 2241 1555 2462 1611; x_wconf 73' lang='lat' dir='ltr'><strong>ccelesti</strong></span> <span class='ocrx_word' id='word_1_341' title='bbox 2510 1563 2776 1611; x_wconf 85' lang='lat' dir='ltr'><strong>servatur</strong></span> <span class='ocrx_word' id='word_1_342' title='bbox 2827 1563 3147 1628; x_wconf 85' lang='lat' dir='ltr'><strong>nostraque</strong></span> <span class='ocrx_word' id='word_1_343' title='bbox 3204 1556 3558 1612; x_wconf 84' lang='lat' dir='ltr'><strong>hierarcbia.</strong></span> <span class='ocrx_word' id='word_1_344' title='bbox 3593 1557 3783 1612; x_wconf 89' lang='lat' dir='ltr'><strong>Nolim</strong></span> 
     </span>
    </p>
   </div>
   <div class='ocr_carea' id='block_1_49' title="bbox 2131 1645 3789 1718">
    <p class='ocr_par' dir='ltr' id='par_1_49' title="bbox 2131 1645 3789 1718">
     <span class='ocr_line' id='line_1_49' title="bbox 2131 1645 3789 1718; baseline 0.002 -20"><span class='ocrx_word' id='word_1_345' title='bbox 2131 1648 2326 1700; x_wconf 89' lang='lat' dir='ltr'><strong>tamen</strong></span> <span class='ocrx_word' id='word_1_346' title='bbox 2372 1645 2590 1699; x_wconf 80' lang='lat' dir='ltr'><strong>hancce</strong></span> <span class='ocrx_word' id='word_1_347' title='bbox 2643 1645 3140 1718; x_wconf 82' lang='lat' dir='ltr'><strong>pr0pinquitatem</strong></span> <span class='ocrx_word' id='word_1_348' title='bbox 3175 1645 3429 1717; x_wconf 87' lang='lat' dir='ltr'><strong>accipias</strong></span> <span class='ocrx_word' id='word_1_349' title='bbox 3461 1647 3789 1702; x_wconf 87' lang='lat' dir='ltr'><strong>secundum</strong></span> 
     </span>
    </p>
   </div>
   <div class='ocr_carea' id='block_1_50' title="bbox 2130 1731 3786 1807">
    <p class='ocr_par' dir='ltr' id='par_1_50' title="bbox 2130 1731 3786 1807">
     <span class='ocr_line' id='line_1_50' title="bbox 2130 1731 3786 1807; baseline 0.002 -20"><span class='ocrx_word' id='word_1_350' title='bbox 2130 1731 2238 1788; x_wconf 85' lang='lat' dir='ltr'><strong>loci</strong></span> <span class='ocrx_word' id='word_1_351' title='bbox 2273 1734 2700 1790; x_wconf 90' lang='lat' dir='ltr'><strong>dimensionem</strong></span> <span class='ocrx_word' id='word_1_352' title='bbox 2733 1755 2746 1802; x_wconf 89' lang='lat'><strong>;</strong></span> <span class='ocrx_word' id='word_1_353' title='bbox 2783 1736 2970 1807; x_wconf 79' lang='lat' dir='ltr'><strong>magis</strong></span> <span class='ocrx_word' id='word_1_354' title='bbox 3003 1752 3136 1790; x_wconf 84' lang='lat' dir='ltr'><strong>vero</strong></span> <span class='ocrx_word' id='word_1_355' title='bbox 3160 1736 3334 1805; x_wconf 78' lang='lat' dir='ltr'><strong>juxta</strong></span> <span class='ocrx_word' id='word_1_356' title='bbox 3375 1735 3786 1791; x_wconf 85' lang='lat' dir='ltr'><strong>habitudinem</strong></span> 
     </span>
    </p>
   </div>
   <div class='ocr_carea' id='block_1_51' title="bbox 2131 1828 3788 1900">
    <p class='ocr_par' dir='ltr' id='par_1_51' title="bbox 2131 1828 3788 1900">
     <span class='ocr_line' id='line_1_51' title="bbox 2131 1828 3788 1900; baseline 0.002 -20"><span class='ocrx_word' id='word_1_357' title='bbox 2131 1828 2603 1899; x_wconf 82' lang='lat' dir='ltr'><strong>uniuscujusque</strong></span> <span class='ocrx_word' id='word_1_358' title='bbox 2627 1834 2682 1883; x_wconf 77' lang='lat' dir='ltr'><strong>et</strong></span> <span class='ocrx_word' id='word_1_359' title='bbox 2702 1829 2973 1883; x_wconf 86' lang='lat' dir='ltr'><strong>idoneam</strong></span> <span class='ocrx_word' id='word_1_360' title='bbox 2999 1828 3788 1900; x_wconf 86' lang='lat' dir='ltr'><strong>aptitudinem.Nequeenim</strong></span> 
     </span>
    </p>
   </div>
   <div class='ocr_carea' id='block_1_52' title="bbox 2129 1916 3789 1989">
    <p class='ocr_par' dir='ltr' id='par_1_52' title="bbox 2129 1916 3789 1989">
     <span class='ocr_line' id='line_1_52' title="bbox 2129 1916 3789 1989; baseline 0.002 -19"><span class='ocrx_word' id='word_1_361' title='bbox 2129 1917 2184 1970; x_wconf 92' lang='lat' dir='ltr'><strong>in</strong></span> <span class='ocrx_word' id='word_1_362' title='bbox 2220 1916 2344 1971; x_wconf 92' lang='lat' dir='ltr'><strong>loco</strong></span> <span class='ocrx_word' id='word_1_363' title='bbox 2377 1921 2464 1971; x_wconf 91' lang='lat' dir='ltr'><strong>est</strong></span> <span class='ocrx_word' id='word_1_364' title='bbox 2520 1923 2692 1986; x_wconf 88' lang='lat' dir='ltr'><strong>Deus,</strong></span> <span class='ocrx_word' id='word_1_365' title='bbox 2728 1923 2792 1972; x_wconf 92' lang='lat' dir='ltr'><strong>ut</strong></span> <span class='ocrx_word' id='word_1_366' title='bbox 2822 1917 2959 1972; x_wconf 86' lang='lat' dir='ltr'><strong>hinc</strong></span> <span class='ocrx_word' id='word_1_367' title='bbox 2991 1917 3242 1989; x_wconf 81' lang='lat' dir='ltr'><strong>exprimi</strong></span> <span class='ocrx_word' id='word_1_368' title='bbox 3291 1918 3498 1972; x_wconf 84' lang='lat' dir='ltr'><strong>debeat</strong></span> <span class='ocrx_word' id='word_1_369' title='bbox 3529 1918 3646 1974; x_wconf 91' lang='lat' dir='ltr'><strong>Deo</strong></span> <span class='ocrx_word' id='word_1_370' title='bbox 3680 1918 3789 1974; x_wconf 89' lang='lat' dir='ltr'><strong>hoc</strong></span> 
     </span>
    </p>
   </div>
   <div class='ocr_carea' id='block_1_53' title="bbox 2126 2005 3788 2078">
    <p class='ocr_par' dir='ltr' id='par_1_53' title="bbox 2126 2005 3788 2078">
     <span class='ocr_line' id='line_1_53' title="bbox 2126 2005 3788 2078; baseline 0.001 -18"><span class='ocrx_word' id='word_1_371' title='bbox 2126 2021 2254 2060; x_wconf 90' lang='lat' dir='ltr'><strong>esse</strong></span> <span class='ocrx_word' id='word_1_372' title='bbox 2279 2005 2542 2076; x_wconf 85' lang='lat' dir='ltr'><strong>propius,</strong></span> <span class='ocrx_word' id='word_1_373' title='bbox 2580 2005 2723 2061; x_wconf 90' lang='lat' dir='ltr'><strong>illud</strong></span> <span class='ocrx_word' id='word_1_374' title='bbox 2757 2021 2890 2060; x_wconf 92' lang='lat' dir='ltr'><strong>vero</strong></span> <span class='ocrx_word' id='word_1_375' title='bbox 2943 2009 3247 2061; x_wconf 85' lang='lat' dir='ltr'><strong>remotius.</strong></span> <span class='ocrx_word' id='word_1_376' title='bbox 3278 2005 3334 2058; x_wconf 90' lang='lat' dir='ltr'><strong>Si</strong></span> <span class='ocrx_word' id='word_1_377' title='bbox 3368 2005 3547 2078; x_wconf 85' lang='lat' dir='ltr'><strong>igitur</strong></span> <span class='ocrx_word' id='word_1_378' title='bbox 3587 2005 3647 2061; x_wconf 91' lang='lat' dir='ltr'><strong>in</strong></span> <span class='ocrx_word' id='word_1_379' title='bbox 3682 2007 3788 2063; x_wconf 88' lang='lat' dir='ltr'><strong>hoc</strong></span> 
     </span>
    </p>
   </div>
   <div class='ocr_carea' id='block_1_54' title="bbox 2125 2093 3786 2162">
    <p class='ocr_par' dir='ltr' id='par_1_54' title="bbox 2125 2093 3786 2162">
     <span class='ocr_line' id='line_1_54' title="bbox 2125 2093 3786 2162; baseline 0.003 -15"><span class='ocrx_word' id='word_1_380' title='bbox 2125 2093 2462 2148; x_wconf 85' lang='lat' dir='ltr'><strong>instituitur</strong></span> <span class='ocrx_word' id='word_1_381' title='bbox 2493 2095 2866 2149; x_wconf 84' lang='lat' dir='ltr'><strong>sacerdotum</strong></span> <span class='ocrx_word' id='word_1_382' title='bbox 2899 2095 3134 2162; x_wconf 91' lang='lat' dir='ltr'><strong>ordo,ut</strong></span> <span class='ocrx_word' id='word_1_383' title='bbox 3164 2093 3222 2148; x_wconf 91' lang='lat' dir='ltr'><strong>in</strong></span> <span class='ocrx_word' id='word_1_384' title='bbox 3244 2094 3391 2150; x_wconf 90' lang='lat' dir='ltr'><strong>alios</strong></span> <span class='ocrx_word' id='word_1_385' title='bbox 3416 2095 3507 2149; x_wconf 91' lang='lat' dir='ltr'><strong>sui</strong></span> <span class='ocrx_word' id='word_1_386' title='bbox 3541 2093 3786 2152; x_wconf 90' lang='lat' dir='ltr'><strong>luminis</strong></span> 
     </span>
    </p>
   </div>
   <div class='ocr_carea' id='block_1_55' title="bbox 2124 2182 3785 2254">
    <p class='ocr_par' dir='ltr' id='par_1_55' title="bbox 2124 2182 3785 2254">
     <span class='ocr_line' id='line_1_55' title="bbox 2124 2182 3785 2254; baseline 0.001 -17"><span class='ocrx_word' id='word_1_387' title='bbox 2124 2183 2504 2237; x_wconf 81' lang='lat' dir='ltr'><strong>transfundat</strong></span> <span class='ocrx_word' id='word_1_388' title='bbox 2547 2182 2770 2254; x_wconf 82' lang='lat' dir='ltr'><strong>capiam</strong></span> <span class='ocrx_word' id='word_1_389' title='bbox 2800 2208 2813 2249; x_wconf 86' lang='lat'><strong>;</strong></span> <span class='ocrx_word' id='word_1_390' title='bbox 2838 2183 3110 2253; x_wconf 90' lang='lat' dir='ltr'><strong>quisquis</strong></span> <span class='ocrx_word' id='word_1_391' title='bbox 3147 2184 3292 2237; x_wconf 90' lang='lat' dir='ltr'><strong>adeo</strong></span> <span class='ocrx_word' id='word_1_392' title='bbox 3315 2186 3609 2239; x_wconf 87' lang='lat' dir='ltr'><strong>neminem</strong></span> <span class='ocrx_word' id='word_1_393' title='bbox 3644 2184 3785 2240; x_wconf 87' lang='lat' dir='ltr'><strong>illu-</strong></span> 
     </span>
    </p>
   </div>
   <div class='ocr_carea' id='block_1_56' title="bbox 2127 2271 3782 2344">
    <p class='ocr_par' dir='ltr' id='par_1_56' title="bbox 2127 2271 3782 2344">
     <span class='ocr_line' id='line_1_56' title="bbox 2127 2271 3782 2344; baseline 0.002 -19"><span class='ocrx_word' id='word_1_394' title='bbox 2127 2271 2405 2337; x_wconf 88' lang='lat' dir='ltr'><strong>minat,ut</strong></span> <span class='ocrx_word' id='word_1_395' title='bbox 2431 2288 2502 2325; x_wconf 90' lang='lat' dir='ltr'><strong>ne</strong></span> <span class='ocrx_word' id='word_1_396' title='bbox 2532 2272 2590 2325; x_wconf 92' lang='lat' dir='ltr'><strong>in</strong></span> <span class='ocrx_word' id='word_1_397' title='bbox 2618 2289 2678 2326; x_wconf 91' lang='lat' dir='ltr'><strong>se</strong></span> <span class='ocrx_word' id='word_1_398' title='bbox 2705 2272 2944 2343; x_wconf 90' lang='lat' dir='ltr'><strong>quidem</strong></span> <span class='ocrx_word' id='word_1_399' title='bbox 2971 2271 3088 2326; x_wconf 91' lang='lat' dir='ltr'><strong>ullo</strong></span> <span class='ocrx_word' id='word_1_400' title='bbox 3121 2273 3514 2342; x_wconf 81' lang='lat' dir='ltr'><strong>perfundatur</strong></span> <span class='ocrx_word' id='word_1_401' title='bbox 3534 2273 3782 2344; x_wconf 89' lang='lat' dir='ltr'><strong>lumine,</strong></span> 
     </span>
    </p>
   </div>
   <div class='ocr_carea' id='block_1_57' title="bbox 2123 2359 3784 2418">
    <p class='ocr_par' dir='ltr' id='par_1_57' title="bbox 2123 2359 3784 2418">
     <span class='ocr_line' id='line_1_57' title="bbox 2123 2359 3784 2418; baseline 0.002 -4"><span class='ocrx_word' id='word_1_402' title='bbox 2123 2359 2261 2415; x_wconf 87' lang='lat' dir='ltr'><strong>talis</strong></span> <span class='ocrx_word' id='word_1_403' title='bbox 2293 2376 2399 2414; x_wconf 88' lang='lat' dir='ltr'><strong>nec</strong></span> <span class='ocrx_word' id='word_1_404' title='bbox 2431 2361 2705 2415; x_wconf 86' lang='lat' dir='ltr'><strong>sacerdos</strong></span> <span class='ocrx_word' id='word_1_405' title='bbox 2737 2360 2851 2416; x_wconf 89' lang='lat' dir='ltr'><strong>dici</strong></span> <span class='ocrx_word' id='word_1_406' title='bbox 2879 2361 3070 2416; x_wconf 87' lang='lat' dir='ltr'><strong>debet.</strong></span> <span class='ocrx_word' id='word_1_407' title='bbox 3109 2361 3250 2416; x_wconf 83' lang='lat' dir='ltr'><strong>Hinc</strong></span> <span class='ocrx_word' id='word_1_408' title='bbox 3295 2361 3452 2416; x_wconf 91' lang='lat' dir='ltr'><strong>enim</strong></span> <span class='ocrx_word' id='word_1_409' title='bbox 3487 2379 3616 2418; x_wconf 88' lang='lat' dir='ltr'><strong>mea</strong></span> <span class='ocrx_word' id='word_1_410' title='bbox 3648 2379 3784 2418; x_wconf 82' lang='lat' dir='ltr'><strong>sen-</strong></span> 
     </span>
    </p>
   </div>
   <div class='ocr_carea' id='block_1_58' title="bbox 2121 2449 3780 2521">
    <p class='ocr_par' dir='ltr' id='par_1_58' title="bbox 2121 2449 3780 2521">
     <span class='ocr_line' id='line_1_58' title="bbox 2121 2449 3780 2521; baseline 0.002 -18"><span class='ocrx_word' id='word_1_411' title='bbox 2121 2449 2308 2505; x_wconf 89' lang='lat' dir='ltr'><strong>tentia</strong></span> <span class='ocrx_word' id='word_1_412' title='bbox 2339 2449 2687 2503; x_wconf 88' lang='lat' dir='ltr'><strong>temerarius</strong></span> <span class='ocrx_word' id='word_1_413' title='bbox 2727 2466 2907 2519; x_wconf 84' lang='lat' dir='ltr'><strong>supra</strong></span> <span class='ocrx_word' id='word_1_414' title='bbox 2934 2449 3175 2504; x_wconf 90' lang='lat' dir='ltr'><strong>modum</strong></span> <span class='ocrx_word' id='word_1_415' title='bbox 3221 2455 3307 2504; x_wconf 90' lang='lat' dir='ltr'><strong>est</strong></span> <span class='ocrx_word' id='word_1_416' title='bbox 3357 2455 3415 2505; x_wconf 88' lang='lat' dir='ltr'><strong>et</strong></span> <span class='ocrx_word' id='word_1_417' title='bbox 3463 2450 3780 2521; x_wconf 88' lang='lat' dir='ltr'><strong>impudens</strong></span> 
     </span>
    </p>
   </div>
   <div class='ocr_carea' id='block_1_59' title="bbox 2121 2537 3778 2611">
    <p class='ocr_par' dir='ltr' id='par_1_59' title="bbox 2121 2537 3778 2611">
     <span class='ocr_line' id='line_1_59' title="bbox 2121 2537 3778 2611; baseline 0.001 -19"><span class='ocrx_word' id='word_1_418' title='bbox 2121 2541 2188 2592; x_wconf 90' lang='lat' dir='ltr'><strong>ut</strong></span> <span class='ocrx_word' id='word_1_419' title='bbox 2218 2537 2317 2608; x_wconf 88' lang='lat' dir='ltr'><strong>qui</strong></span> <span class='ocrx_word' id='word_1_420' title='bbox 2351 2537 2532 2592; x_wconf 84' lang='lat' dir='ltr'><strong>Deum</strong></span> <span class='ocrx_word' id='word_1_421' title='bbox 2584 2537 2905 2592; x_wconf 87' lang='lat' dir='ltr'><strong>arbitretur</strong></span> <span class='ocrx_word' id='word_1_422' title='bbox 2935 2555 3001 2593; x_wconf 91' lang='lat' dir='ltr'><strong>ea</strong></span> <span class='ocrx_word' id='word_1_423' title='bbox 3048 2537 3343 2609; x_wconf 88' lang='lat' dir='ltr'><strong>ignorare,</strong></span> <span class='ocrx_word' id='word_1_424' title='bbox 3376 2555 3630 2611; x_wconf 90' lang='lat' dir='ltr'><strong>quorum</strong></span> <span class='ocrx_word' id='word_1_425' title='bbox 3664 2540 3778 2597; x_wconf 86' lang='lat' dir='ltr'><strong>sibi</strong></span> 
     </span>
    </p>
   </div>
   <div class='ocr_carea' id='block_1_60' title="bbox 2123 2625 3785 2700">
    <p class='ocr_par' dir='ltr' id='par_1_60' title="bbox 2123 2625 3785 2700">
     <span class='ocr_line' id='line_1_60' title="bbox 2123 2625 3785 2700; baseline 0.004 -21"><span class='ocrx_word' id='word_1_426' title='bbox 2123 2625 2248 2696; x_wconf 88' lang='lat' dir='ltr'><strong>ipse</strong></span> <span class='ocrx_word' id='word_1_427' title='bbox 2280 2626 2430 2680; x_wconf 88' lang='lat' dir='ltr'><strong>male</strong></span> <span class='ocrx_word' id='word_1_428' title='bbox 2480 2626 2753 2681; x_wconf 90' lang='lat' dir='ltr'><strong>conscius</strong></span> <span class='ocrx_word' id='word_1_429' title='bbox 2801 2631 2929 2692; x_wconf 89' lang='lat' dir='ltr'><strong>est;</strong></span> <span class='ocrx_word' id='word_1_430' title='bbox 2963 2627 3376 2698; x_wconf 81' lang='lat' dir='ltr'><strong>existimatque</strong></span> <span class='ocrx_word' id='word_1_431' title='bbox 3421 2645 3483 2683; x_wconf 88' lang='lat' dir='ltr'><strong>se</strong></span> <span class='ocrx_word' id='word_1_432' title='bbox 3526 2629 3575 2684; x_wconf 92' lang='lat' dir='ltr'><strong>ei</strong></span> <span class='ocrx_word' id='word_1_433' title='bbox 3610 2646 3785 2700; x_wconf 90' lang='lat' dir='ltr'><strong>posse</strong></span> 
     </span>
    </p>
   </div>
   <div class='ocr_carea' id='block_1_61' title="bbox 2121 2713 3782 2790">
    <p class='ocr_par' dir='ltr' id='par_1_61' title="bbox 2121 2713 3782 2790">
     <span class='ocr_line' id='line_1_61' title="bbox 2121 2713 3782 2790; baseline 0.004 -23"><span class='ocrx_word' id='word_1_434' title='bbox 2121 2713 2624 2785; x_wconf 88' lang='lat' dir='ltr'><strong>imponere,cujus</strong></span> <span class='ocrx_word' id='word_1_435' title='bbox 2650 2714 3368 2787; x_wconf 82' lang='lat' dir='ltr'><strong>patrociniumimplorat,</strong></span> <span class='ocrx_word' id='word_1_436' title='bbox 3394 2715 3602 2772; x_wconf 82' lang='lat' dir='ltr'><strong>falsam</strong></span> <span class='ocrx_word' id='word_1_437' title='bbox 3639 2735 3782 2790; x_wconf 81' lang='lat' dir='ltr'><strong>prac-</strong></span> 
     </span>
    </p>
   </div>
   <div class='ocr_carea' id='block_1_62' title="bbox 2122 2801 3778 2878">
    <p class='ocr_par' dir='ltr' id='par_1_62' title="bbox 2122 2801 3778 2878">
     <span class='ocr_line' id='line_1_62' title="bbox 2122 2801 3778 2878; baseline 0.001 -21"><span class='ocrx_word' id='word_1_438' title='bbox 2122 2805 2326 2858; x_wconf 87' lang='lat' dir='ltr'><strong>texens</strong></span> <span class='ocrx_word' id='word_1_439' title='bbox 2350 2801 2532 2872; x_wconf 87' lang='lat' dir='ltr'><strong>patris</strong></span> <span class='ocrx_word' id='word_1_440' title='bbox 2557 2802 3079 2870; x_wconf 87' lang='lat' dir='ltr'><strong>nomcnclaturam,</strong></span> <span class='ocrx_word' id='word_1_441' title='bbox 3106 2805 3343 2875; x_wconf 84' lang='lat' dir='ltr'><strong>quando</strong></span> <span class='ocrx_word' id='word_1_442' title='bbox 3365 2805 3509 2860; x_wconf 89' lang='lat' dir='ltr'><strong>dicit</strong></span> <span class='ocrx_word' id='word_1_443' title='bbox 3541 2824 3555 2860; x_wconf 86' lang='lat'><strong>:</strong></span> <span class='ocrx_word' id='word_1_444' title='bbox 3591 2811 3778 2878; x_wconf 83' lang='lat' dir='ltr'><strong>Pater,</strong></span> 
     </span>
    </p>
   </div>
   <div class='ocr_carea' id='block_1_63' title="bbox 2125 2889 3778 2966">
    <p class='ocr_par' dir='ltr' id='par_1_63' title="bbox 2125 2889 3778 2966">
     <span class='ocr_line' id='line_1_63' title="bbox 2125 2889 3778 2966; baseline 0.004 -22"><span class='ocrx_word' id='word_1_445' title='bbox 2125 2893 2301 2962; x_wconf 76' lang='lat' dir='ltr'><strong>quies</strong></span> <span class='ocrx_word' id='word_1_446' title='bbox 2331 2892 2392 2945; x_wconf 83' lang='lat' dir='ltr'><strong>in</strong></span> <span class='ocrx_word' id='word_1_447' title='bbox 2411 2889 2586 2944; x_wconf 67' lang='lat' dir='ltr'><strong>caelis.</strong></span> <span class='ocrx_word' id='word_1_448' title='bbox 2625 2896 2687 2945; x_wconf 85' lang='lat' dir='ltr'><strong>Et</strong></span> <span class='ocrx_word' id='word_1_449' title='bbox 2717 2891 2893 2946; x_wconf 86' lang='lat' dir='ltr'><strong>audet</strong></span> <span class='ocrx_word' id='word_1_450' title='bbox 2926 2892 2974 2947; x_wconf 89' lang='lat' dir='ltr'><strong>is</strong></span> <span class='ocrx_word' id='word_1_451' title='bbox 3026 2892 3258 2947; x_wconf 89' lang='lat' dir='ltr'><strong>interim</strong></span> <span class='ocrx_word' id='word_1_452' title='bbox 3309 2909 3450 2948; x_wconf 90' lang='lat' dir='ltr'><strong>suas</strong></span> <span class='ocrx_word' id='word_1_453' title='bbox 3499 2893 3778 2966; x_wconf 87' lang='lat' dir='ltr'><strong>blasphe-</strong></span> 
     </span>
    </p>
   </div>
   <div class='ocr_carea' id='block_1_64' title="bbox 2126 2979 3783 3055">
    <p class='ocr_par' dir='ltr' id='par_1_64' title="bbox 2126 2979 3783 3055">
     <span class='ocr_line' id='line_1_64' title="bbox 2126 2979 3783 3055; baseline 0.003 -21"><span class='ocrx_word' id='word_1_454' title='bbox 2126 2979 2270 3035; x_wconf 87' lang='lat' dir='ltr'><strong>mias</strong></span> <span class='ocrx_word' id='word_1_455' title='bbox 2301 2981 2509 3051; x_wconf 91' lang='lat' dir='ltr'><strong>(neque</strong></span> <span class='ocrx_word' id='word_1_456' title='bbox 2539 2979 2693 3035; x_wconf 89' lang='lat' dir='ltr'><strong>enim</strong></span> <span class='ocrx_word' id='word_1_457' title='bbox 2727 2980 3092 3052; x_wconf 89' lang='lat' dir='ltr'><strong>precationes</strong></span> <span class='ocrx_word' id='word_1_458' title='bbox 3124 2983 3459 3037; x_wconf 85' lang='lat' dir='ltr'><strong>censuerim</strong></span> <span class='ocrx_word' id='word_1_459' title='bbox 3484 2983 3783 3055; x_wconf 87' lang='lat' dir='ltr'><strong>appellan-</strong></span> 
     </span>
    </p>
   </div>
   <div class='ocr_carea' id='block_1_65' title="bbox 2127 3069 3778 3143">
    <p class='ocr_par' dir='ltr' id='par_1_65' title="bbox 2127 3069 3778 3143">
     <span class='ocr_line' id='line_1_65' title="bbox 2127 3069 3778 3143; baseline 0.001 -19"><span class='ocrx_word' id='word_1_460' title='bbox 2127 3069 2248 3136; x_wconf 73' lang='lat' dir='ltr'><strong>das)</strong></span> <span class='ocrx_word' id='word_1_461' title='bbox 2281 3069 2494 3124; x_wconf 84' lang='lat' dir='ltr'><strong>divinis</strong></span> <span class='ocrx_word' id='word_1_462' title='bbox 2526 3086 2833 3124; x_wconf 89' lang='lat' dir='ltr'><strong>accensere</strong></span> <span class='ocrx_word' id='word_1_463' title='bbox 2865 3069 3161 3138; x_wconf 85' lang='lat' dir='ltr'><strong>symbolis.</strong></span> <span class='ocrx_word' id='word_1_464' title='bbox 3189 3070 3349 3126; x_wconf 87' lang='lat' dir='ltr'><strong>Talis</strong></span> <span class='ocrx_word' id='word_1_465' title='bbox 3380 3071 3560 3143; x_wconf 84' lang='lat' dir='ltr'><strong>igitur</strong></span> <span class='ocrx_word' id='word_1_466' title='bbox 3591 3073 3778 3128; x_wconf 91' lang='lat' dir='ltr'><strong>neuti-</strong></span> 
     </span>
    </p>
   </div>
   <div class='ocr_carea' id='block_1_66' title="bbox 2127 3158 3776 3230">
    <p class='ocr_par' dir='ltr' id='par_1_66' title="bbox 2127 3158 3776 3230">
     <span class='ocr_line' id='line_1_66' title="bbox 2127 3158 3776 3230; baseline 0.003 -18"><span class='ocrx_word' id='word_1_467' title='bbox 2127 3175 2300 3230; x_wconf 86' lang='lat' dir='ltr'><strong>quam</strong></span> <span class='ocrx_word' id='word_1_468' title='bbox 2335 3158 2618 3212; x_wconf 85' lang='lat' dir='ltr'><strong>dicendus</strong></span> <span class='ocrx_word' id='word_1_469' title='bbox 2667 3159 2958 3223; x_wconf 90' lang='lat' dir='ltr'><strong>sacerdos,</strong></span> <span class='ocrx_word' id='word_1_470' title='bbox 2991 3160 3226 3230; x_wconf 88' lang='lat' dir='ltr'><strong>quando</strong></span> <span class='ocrx_word' id='word_1_471' title='bbox 3275 3161 3466 3216; x_wconf 90' lang='lat' dir='ltr'><strong>modis</strong></span> <span class='ocrx_word' id='word_1_472' title='bbox 3499 3161 3776 3217; x_wconf 87' lang='lat' dir='ltr'><strong>omnibus</strong></span> 
     </span>
    </p>
   </div>
   <div class='ocr_carea' id='block_1_67' title="bbox 349 3227 2008 3319">
    <p class='ocr_par' dir='ltr' id='par_1_67' title="bbox 349 3227 2007 3319">
     <span class='ocr_line' id='line_1_67' title="bbox 349 3227 2007 3319; baseline -0.004 -19"><span class='ocrx_word' id='word_1_473' title='bbox 349 3245 514 3308; x_wconf 77' lang='grc' dir='ltr'>εὐθὺς</span> <span class='ocrx_word' id='word_1_474' title='bbox 562 3227 621 3299; x_wconf 79' lang='grc' dir='ltr'>τὸ</span> <span class='ocrx_word' id='word_1_475' title='bbox 660 3227 1041 3319; x_wconf 78' lang='grc' dir='ltr'>παράδειγμα</span> <span class='ocrx_word' id='word_1_476' title='bbox 1083 3227 1317 3313; x_wconf 64' lang='grc' dir='ltr'>τίθησιῶ</span> <span class='ocrx_word' id='word_1_477' title='bbox 1378 3244 1406 3298; x_wconf 89' lang='lat'><strong>6</strong></span> <span class='ocrx_word' id='word_1_478' title='bbox 1466 3242 1633 3317; x_wconf 90' lang='grc' dir='ltr'>λόγος</span> <span class='ocrx_word' id='word_1_479' title='bbox 1689 3244 1790 3318; x_wconf 77' lang='grc' dir='ltr'><strong>γὰρ</strong></span> <span class='ocrx_word' id='word_1_480' title='bbox 1824 3241 2007 3316; x_wconf 80' lang='grc' dir='ltr'>ἐπέχει</span> 
     </span>
    </p>
   </div>
   <div class='ocr_carea' id='block_1_68' title="bbox 2120 3227 3776 3319">
    <p class='ocr_par' dir='ltr' id='par_1_68' title="bbox 2120 3227 3776 3319">
     <span class='ocr_line' id='line_1_68' title="bbox 2120 3227 3776 3319; baseline 0.003 -17"><span class='ocrx_word' id='word_1_481' title='bbox 2120 3227 2387 3302; x_wconf 88' lang='lat' dir='ltr'><strong>diversus</strong></span> <span class='ocrx_word' id='word_1_482' title='bbox 2419 3248 2542 3302; x_wconf 91' lang='lat' dir='ltr'><strong>abit</strong></span> <span class='ocrx_word' id='word_1_483' title='bbox 2571 3247 2643 3301; x_wconf 89' lang='lat' dir='ltr'><strong>ab</strong></span> <span class='ocrx_word' id='word_1_484' title='bbox 2673 3247 2780 3302; x_wconf 84' lang='lat' dir='ltr'><strong>hac</strong></span> <span class='ocrx_word' id='word_1_485' title='bbox 2815 3227 3194 3319; x_wconf 81' lang='lat' dir='ltr'><strong>professione.</strong></span> <span class='ocrx_word' id='word_1_486' title='bbox 3217 3253 3288 3303; x_wconf 86' lang='lat' dir='ltr'><strong>At</strong></span> <span class='ocrx_word' id='word_1_487' title='bbox 3319 3251 3541 3305; x_wconf 88' lang='lat' dir='ltr'><strong>interea</strong></span> <span class='ocrx_word' id='word_1_488' title='bbox 3573 3256 3636 3305; x_wconf 93' lang='lat' dir='ltr'><strong>ut</strong></span> <span class='ocrx_word' id='word_1_489' title='bbox 3667 3251 3776 3307; x_wconf 89' lang='lat' dir='ltr'><strong>hoc</strong></span> 
     </span>
    </p>
   </div>
   <div class='ocr_carea' id='block_1_69' title="bbox 340 3328 2004 3410">
    <p class='ocr_par' dir='ltr' id='par_1_69' title="bbox 340 3328 2004 3410">
     <span class='ocr_line' id='line_1_69' title="bbox 340 3328 2004 3410; baseline -0.003 -21"><span class='ocrx_word' id='word_1_490' title='bbox 340 3335 498 3404; x_wconf 81' lang='grc' dir='ltr'>τάξιν</span> <span class='ocrx_word' id='word_1_491' title='bbox 534 3331 819 3403; x_wconf 85' lang='grc' dir='ltr'>δεσπότου,</span> <span class='ocrx_word' id='word_1_492' title='bbox 880 3328 1270 3410; x_wconf 77' lang='grc' dir='ltr'>πρεσϐυτέρου,</span> <span class='ocrx_word' id='word_1_493' title='bbox 1330 3333 1555 3406; x_wconf 82' lang='grc' dir='ltr'><strong>πατρός⁸</strong></span> <span class='ocrx_word' id='word_1_494' title='bbox 1614 3333 1642 3386; x_wconf 91' lang='lat'><strong>6</strong></span> <span class='ocrx_word' id='word_1_495' title='bbox 1701 3329 1757 3385; x_wconf 79' lang='grc' dir='ltr'>δὲ</span> <span class='ocrx_word' id='word_1_496' title='bbox 1815 3331 2004 3403; x_wconf 86' lang='grc' dir='ltr'>θυμὸς,</span> 
     </span>
    </p>
   </div>
   <div class='ocr_carea' id='block_1_70' title="bbox 341 3418 2004 3497">
    <p class='ocr_par' dir='ltr' id='par_1_70' title="bbox 341 3418 2004 3497">
     <span class='ocr_line' id='line_1_70' title="bbox 341 3418 2004 3497; baseline -0.004 -19"><span class='ocrx_word' id='word_1_497' title='bbox 341 3425 437 3478; x_wconf 76' lang='grc' dir='ltr'>καὶ</span> <span class='ocrx_word' id='word_1_498' title='bbox 500 3427 536 3494; x_wconf 80' lang='grc' dir='ltr'><strong>ἡ</strong></span> <span class='ocrx_word' id='word_1_499' title='bbox 596 3421 880 3497; x_wconf 75' lang='grc' dir='ltr'>ἐπιθυμία,</span> <span class='ocrx_word' id='word_1_500' title='bbox 935 3420 1158 3490; x_wconf 79' lang='grc' dir='ltr'>δούλου,</span> <span class='ocrx_word' id='word_1_501' title='bbox 1219 3421 1520 3496; x_wconf 77' lang='grc' dir='ltr'>νεωτέρου,</span> <span class='ocrx_word' id='word_1_502' title='bbox 1580 3422 1721 3477; x_wconf 75' lang='grc' dir='ltr'>υἱοῦ.</span> <span class='ocrx_word' id='word_1_503' title='bbox 1775 3420 1888 3477; x_wconf 78' lang='grc' dir='ltr'><strong>Οὐκ</strong></span> <span class='ocrx_word' id='word_1_504' title='bbox 1945 3418 2004 3473; x_wconf 75' lang='grc' dir='ltr'><strong>ἂν</strong></span> 
     </span>
    </p>
   </div>
   <div class='ocr_carea' id='block_1_71' title="bbox 340 3508 2005 3586">
    <p class='ocr_par' dir='ltr' id='par_1_71' title="bbox 340 3508 2005 3586">
     <span class='ocr_line' id='line_1_71' title="bbox 340 3508 2005 3586; baseline -0.005 -16"><span class='ocrx_word' id='word_1_505' title='bbox 340 3513 447 3570; x_wconf 69' lang='grc' dir='ltr'>οὖν</span> <span class='ocrx_word' id='word_1_506' title='bbox 509 3508 716 3568; x_wconf 78' lang='grc' dir='ltr'>ἀσεϐεῖν</span> <span class='ocrx_word' id='word_1_507' title='bbox 747 3511 1066 3586; x_wconf 78' lang='grc' dir='ltr'>ἐδοκοῦμεν,</span> <span class='ocrx_word' id='word_1_508' title='bbox 1113 3509 1285 3586; x_wconf 43' lang='lat' dir='ltr'><strong>siin-ep,</strong></span> <span class='ocrx_word' id='word_1_509' title='bbox 1329 3509 1412 3565; x_wconf 73' lang='grc' dir='ltr'>ἐπ’</span> <span class='ocrx_word' id='word_1_510' title='bbox 1459 3512 1656 3586; x_wconf 79' lang='grc' dir='ltr'>ἀγορᾶς</span> <span class='ocrx_word' id='word_1_511' title='bbox 1685 3514 1792 3564; x_wconf 82' lang='grc' dir='ltr'><strong>τῶν</strong></span> <span class='ocrx_word' id='word_1_512' title='bbox 1825 3529 2005 3584; x_wconf 90' lang='grc' dir='ltr'>κρειτ-</span> 
     </span>
    </p>
   </div>
   <div class='ocr_carea' id='block_1_72' title="bbox 337 3594 2006 3679">
    <p class='ocr_par' dir='ltr' id='par_1_72' title="bbox 337 3594 2006 3679">
     <span class='ocr_line' id='line_1_72' title="bbox 337 3594 2006 3679; baseline -0.006 -18"><span class='ocrx_word' id='word_1_513' title='bbox 337 3603 520 3661; x_wconf 89' lang='grc' dir='ltr'>τόνων</span> <span class='ocrx_word' id='word_1_514' title='bbox 574 3603 675 3658; x_wconf 84' lang='grc' dir='ltr'>ὑπὸ</span> <span class='ocrx_word' id='word_1_515' title='bbox 705 3607 810 3656; x_wconf 85' lang='grc' dir='ltr'>τῶν</span> <span class='ocrx_word' id='word_1_516' title='bbox 843 3601 1109 3679; x_wconf 89' lang='grc' dir='ltr'>χειρόνων</span> <span class='ocrx_word' id='word_1_517' title='bbox 1142 3599 1492 3675; x_wconf 89' lang='grc' dir='ltr'>πασχόντων,</span> <span class='ocrx_word' id='word_1_518' title='bbox 1526 3600 1627 3654; x_wconf 78' lang='grc' dir='ltr'>οὐκ</span> <span class='ocrx_word' id='word_1_519' title='bbox 1671 3594 2006 3671; x_wconf 77' lang='grc' dir='ltr'>ἐϐοηθοῦμεν</span> 
     </span>
    </p>
   </div>
   <div class='ocr_carea' id='block_1_73' title="bbox 337 3686 2002 3768">
    <p class='ocr_par' dir='ltr' id='par_1_73' title="bbox 337 3686 2002 3768">
     <span class='ocr_line' id='line_1_73' title="bbox 337 3686 2002 3768; baseline -0.004 -19"><span class='ocrx_word' id='word_1_520' title='bbox 337 3698 468 3754; x_wconf 88' lang='grc' dir='ltr'>τοῖς</span> <span class='ocrx_word' id='word_1_521' title='bbox 539 3691 846 3768; x_wconf 86' lang='grc' dir='ltr'>κρείττοσι;</span> <span class='ocrx_word' id='word_1_522' title='bbox 909 3691 1007 3746; x_wconf 86' lang='grc' dir='ltr'>Καὶ</span> <span class='ocrx_word' id='word_1_523' title='bbox 1078 3689 1166 3744; x_wconf 85' lang='grc' dir='ltr'><strong>ἐπὶ</strong></span> <span class='ocrx_word' id='word_1_524' title='bbox 1209 3689 1427 3752; x_wconf 76' lang='grc' dir='ltr'>το3τοις</span> <span class='ocrx_word' id='word_1_525' title='bbox 1482 3686 2002 3760; x_wconf 81' lang='grc' dir='ltr'>ένθυμηματίζεται.</span> 
     </span>
    </p>
   </div>
   <div class='ocr_carea' id='block_1_74' title="bbox 339 3775 2005 3856">
    <p class='ocr_par' dir='ltr' id='par_1_74' title="bbox 339 3775 2005 3856">
     <span class='ocr_line' id='line_1_74' title="bbox 339 3775 2005 3856; baseline -0.005 -17"><span class='ocrx_word' id='word_1_526' title='bbox 339 3782 542 3839; x_wconf 88' lang='grc' dir='ltr'>Καίτοι</span> <span class='ocrx_word' id='word_1_527' title='bbox 569 3802 631 3856; x_wconf 84' lang='grc' dir='ltr'><strong>γε</strong></span> <span class='ocrx_word' id='word_1_528' title='bbox 679 3780 903 3844; x_wconf 76' lang='grc' dir='ltr'>ἐνταῦθα</span> <span class='ocrx_word' id='word_1_529' title='bbox 936 3781 986 3834; x_wconf 75' lang='grc' dir='ltr'>οἱ</span> <span class='ocrx_word' id='word_1_530' title='bbox 1035 3779 1283 3855; x_wconf 83' lang='grc' dir='ltr'>χείρονες</span> <span class='ocrx_word' id='word_1_531' title='bbox 1318 3775 1451 3841; x_wconf 65' lang='grc' dir='ltr'>ἴσως</span> <span class='ocrx_word' id='word_1_532' title='bbox 1510 3779 1656 3853; x_wconf 84' lang='grc' dir='ltr'><strong>παρά</strong></span> <span class='ocrx_word' id='word_1_533' title='bbox 1684 3781 1791 3832; x_wconf 82' lang='grc' dir='ltr'>τῶν</span> <span class='ocrx_word' id='word_1_534' title='bbox 1828 3797 2005 3851; x_wconf 89' lang='grc' dir='ltr'>κρειτ-</span> 
     </span>
    </p>
   </div>
   <div class='ocr_carea' id='block_1_75' title="bbox 337 3865 2007 3947">
    <p class='ocr_par' dir='ltr' id='par_1_75' title="bbox 337 3865 2007 3947">
     <span class='ocr_line' id='line_1_75' title="bbox 337 3865 2007 3947; baseline -0.004 -21"><span class='ocrx_word' id='word_1_535' title='bbox 337 3872 515 3928; x_wconf 85' lang='grc' dir='ltr'>τόνων</span> <span class='ocrx_word' id='word_1_536' title='bbox 591 3867 1064 3947; x_wconf 76' lang='grc' dir='ltr'>προηδικήθησαν,</span> <span class='ocrx_word' id='word_1_537' title='bbox 1135 3870 1190 3922; x_wconf 71' lang='grc' dir='ltr'>Ὀ</span> <span class='ocrx_word' id='word_1_538' title='bbox 1251 3865 1307 3922; x_wconf 79' lang='grc' dir='ltr'>δὶ</span> <span class='ocrx_word' id='word_1_539' title='bbox 1373 3867 1538 3944; x_wconf 87' lang='grc' dir='ltr'>λόγος</span> <span class='ocrx_word' id='word_1_540' title='bbox 1589 3867 1832 3934; x_wconf 80' lang='grc' dir='ltr'>ἐνταῦθα,</span> <span class='ocrx_word' id='word_1_541' title='bbox 1890 3869 2007 3929; x_wconf 82' lang='grc' dir='ltr'><strong>πῶς</strong></span> 
     </span>
    </p>
   </div>
   <div class='ocr_carea' id='block_1_76' title="bbox 341 3955 2005 4036">
    <p class='ocr_par' dir='ltr' id='par_1_76' title="bbox 341 3955 2005 4036">
     <span class='ocr_line' id='line_1_76' title="bbox 341 3955 2005 4036; baseline -0.006 -18"><span class='ocrx_word' id='word_1_542' title='bbox 341 3960 526 4018; x_wconf 88' lang='grc' dir='ltr'>ἀδικεῖ</span> <span class='ocrx_word' id='word_1_543' title='bbox 570 3961 636 4015; x_wconf 83' lang='grc' dir='ltr'><strong>τά</strong></span> <span class='ocrx_word' id='word_1_544' title='bbox 682 3961 932 4036; x_wconf 83' lang='grc' dir='ltr'>χείρονα,</span> <span class='ocrx_word' id='word_1_545' title='bbox 985 3957 1131 4033; x_wconf 85' lang='grc' dir='ltr'>λέγω</span> <span class='ocrx_word' id='word_1_546' title='bbox 1179 3957 1270 4012; x_wconf 82' lang='grc' dir='ltr'>τὸν</span> <span class='ocrx_word' id='word_1_547' title='bbox 1319 3958 1490 4031; x_wconf 86' lang='grc' dir='ltr'>θυμὸν</span> <span class='ocrx_word' id='word_1_548' title='bbox 1541 3955 1629 4011; x_wconf 80' lang='grc' dir='ltr'>καὶ</span> <span class='ocrx_word' id='word_1_549' title='bbox 1669 3957 1768 4024; x_wconf 83' lang='grc' dir='ltr'><strong>τήν</strong></span> <span class='ocrx_word' id='word_1_550' title='bbox 1820 3955 2005 4019; x_wconf 76' lang='grc' dir='ltr'>ἐπιθυ-</span> 
     </span>
    </p>
   </div>
   <div class='ocr_carea' id='block_1_77' title="bbox 342 4044 2006 4126">
    <p class='ocr_par' dir='ltr' id='par_1_77' title="bbox 342 4044 2006 4126">
     <span class='ocr_line' id='line_1_77' title="bbox 342 4044 2006 4126; baseline -0.005 -20"><span class='ocrx_word' id='word_1_551' title='bbox 342 4051 500 4126; x_wconf 85' lang='grc' dir='ltr'>μίαν,</span> <span class='ocrx_word' id='word_1_552' title='bbox 535 4050 669 4122; x_wconf 73' lang='grc' dir='ltr'>ἰπεὶ,</span> <span class='ocrx_word' id='word_1_553' title='bbox 699 4051 798 4119; x_wconf 82' lang='grc' dir='ltr'>τὴν</span> <span class='ocrx_word' id='word_1_554' title='bbox 833 4047 890 4103; x_wconf 81' lang='grc' dir='ltr'>ἐκ</span> <span class='ocrx_word' id='word_1_555' title='bbox 920 4053 1053 4105; x_wconf 86' lang='grc' dir='ltr'>Θεοῦ</span> <span class='ocrx_word' id='word_1_556' title='bbox 1113 4044 1361 4102; x_wconf 88' lang='grc' dir='ltr'>δοθεῖσαν</span> <span class='ocrx_word' id='word_1_557' title='bbox 1418 4045 1566 4119; x_wconf 73' lang='grc' dir='ltr'>αὐτῷ</span> <span class='ocrx_word' id='word_1_558' title='bbox 1615 4047 1792 4121; x_wconf 77' lang='grc' dir='ltr'>ἀρχὴν</span> <span class='ocrx_word' id='word_1_559' title='bbox 1847 4044 2006 4100; x_wconf 82' lang='grc' dir='ltr'>κατέ-</span> 
     </span>
    </p>
   </div>
   <div class='ocr_carea' id='block_1_78' title="bbox 339 4132 2006 4218">
    <p class='ocr_par' dir='ltr' id='par_1_78' title="bbox 339 4132 2006 4218">
     <span class='ocr_line' id='line_1_78' title="bbox 339 4132 2006 4218; baseline -0.006 -22"><span class='ocrx_word' id='word_1_560' title='bbox 339 4163 466 4218; x_wconf 88' lang='grc' dir='ltr'>χειν</span> <span class='ocrx_word' id='word_1_561' title='bbox 491 4140 856 4215; x_wconf 77' lang='grc' dir='ltr'>βουλόμενος,</span> <span class='ocrx_word' id='word_1_562' title='bbox 880 4138 1024 4212; x_wconf 83' lang='grc' dir='ltr'><strong>παρά</strong></span> <span class='ocrx_word' id='word_1_563' title='bbox 1042 4135 1247 4192; x_wconf 78' lang='grc' dir='ltr'>τούτων</span> <span class='ocrx_word' id='word_1_564' title='bbox 1279 4135 1587 4212; x_wconf 82' lang='grc' dir='ltr'>ἀπείργεται</span> <span class='ocrx_word' id='word_1_565' title='bbox 1611 4161 1625 4202; x_wconf 75' lang='grc' dir='ltr'><strong>ς</strong></span> <span class='ocrx_word' id='word_1_566' title='bbox 1657 4132 1871 4191; x_wconf 75' lang='grc' dir='ltr'>Ἀδικοι</span> <span class='ocrx_word' id='word_1_567' title='bbox 1905 4132 2006 4208; x_wconf 74' lang='grc' dir='ltr'>ἄρα</span> 
     </span>
    </p>
   </div>
   <div class='ocr_carea' id='block_1_79' title="bbox 338 4222 2007 4302">
    <p class='ocr_par' dir='ltr' id='par_1_79' title="bbox 338 4222 2007 4302">
     <span class='ocr_line' id='line_1_79' title="bbox 338 4222 2007 4302; baseline -0.005 -17"><span class='ocrx_word' id='word_1_568' title='bbox 338 4234 532 4302; x_wconf 80' lang='grc' dir='ltr'>ἡμεῖς,</span> <span class='ocrx_word' id='word_1_569' title='bbox 565 4227 620 4283; x_wconf 71' lang='grc' dir='ltr'>οῗ</span> <span class='ocrx_word' id='word_1_570' title='bbox 649 4229 726 4301; x_wconf 75' lang='grc' dir='ltr'>μή</span> <span class='ocrx_word' id='word_1_571' title='bbox 757 4231 836 4299; x_wconf 79' lang='grc' dir='ltr'>τῷ</span> <span class='ocrx_word' id='word_1_572' title='bbox 885 4226 1036 4301; x_wconf 87' lang='grc' dir='ltr'>λόγῳ</span> <span class='ocrx_word' id='word_1_573' title='bbox 1089 4227 1310 4298; x_wconf 76' lang='grc' dir='ltr'>βοηθεῖν</span> <span class='ocrx_word' id='word_1_574' title='bbox 1367 4222 1713 4286; x_wconf 73' lang='grc' dir='ltr'>σπεύδοντες.</span> <span class='ocrx_word' id='word_1_575' title='bbox 1767 4222 2007 4285; x_wconf 80' lang='grc' dir='ltr'>Εἰκότως</span> 
     </span>
    </p>
   </div>
   <div class='ocr_carea' id='block_1_80' title="bbox 343 4309 2004 4392">
    <p class='ocr_par' dir='ltr' id='par_1_80' title="bbox 343 4309 2004 4392">
     <span class='ocr_line' id='line_1_80' title="bbox 343 4309 2004 4392; baseline -0.005 -19"><span class='ocrx_word' id='word_1_576' title='bbox 343 4319 443 4374; x_wconf 81' lang='grc' dir='ltr'>οὗν</span> <span class='ocrx_word' id='word_1_577' title='bbox 475 4320 502 4372; x_wconf 89' lang='lat'><strong>6</strong></span> <span class='ocrx_word' id='word_1_578' title='bbox 527 4318 690 4392; x_wconf 72' lang='grc' dir='ltr'>μέγας</span> <span class='ocrx_word' id='word_1_579' title='bbox 722 4315 938 4378; x_wconf 78' lang='grc' dir='ltr'>Παῦλος</span> <span class='ocrx_word' id='word_1_580' title='bbox 970 4315 1105 4389; x_wconf 86' lang='grc' dir='ltr'>πρὸς</span> <span class='ocrx_word' id='word_1_581' title='bbox 1125 4314 1386 4385; x_wconf 86' lang='grc' dir='ltr'>Τιμόθεον</span> <span class='ocrx_word' id='word_1_582' title='bbox 1420 4312 1755 4368; x_wconf 83' lang='grc' dir='ltr'>ἐπιστέλλων</span> <span class='ocrx_word' id='word_1_583' title='bbox 1791 4309 2004 4366; x_wconf 85' lang='grc' dir='ltr'>διατάτ-</span> 
     </span>
    </p>
   </div>
   <div class='ocr_carea' id='block_1_81' title="bbox 339 4399 2002 4480">
    <p class='ocr_par' dir='ltr' id='par_1_81' title="bbox 339 4399 2002 4480">
     <span class='ocr_line' id='line_1_81' title="bbox 339 4399 2002 4480; baseline -0.005 -18"><span class='ocrx_word' id='word_1_584' title='bbox 339 4428 513 4474; x_wconf 86' lang='grc' dir='ltr'>τεται,</span> <span class='ocrx_word' id='word_1_585' title='bbox 549 4407 625 4480; x_wconf 76' lang='grc' dir='ltr'>μὴ</span> <span class='ocrx_word' id='word_1_586' title='bbox 661 4405 738 4467; x_wconf 66' lang='grc' dir='ltr'><strong>είς</strong></span> <span class='ocrx_word' id='word_1_587' title='bbox 770 4403 1101 4479; x_wconf 87' lang='grc' dir='ltr'>προστασίαν</span> <span class='ocrx_word' id='word_1_588' title='bbox 1131 4399 1461 4472; x_wconf 85' lang='grc' dir='ltr'>Ἐκκλησίας</span> <span class='ocrx_word' id='word_1_589' title='bbox 1488 4401 1762 4471; x_wconf 83' lang='grc' dir='ltr'>ἀξιοῦσθαι</span> <span class='ocrx_word' id='word_1_590' title='bbox 1797 4401 1888 4456; x_wconf 87' lang='grc' dir='ltr'><strong>τὸν</strong></span> <span class='ocrx_word' id='word_1_591' title='bbox 1927 4401 2002 4473; x_wconf 79' lang='grc' dir='ltr'>μὴ</span> 
     </span>
    </p>
   </div>
   <div class='ocr_carea' id='block_1_82' title="bbox 337 4489 2005 4565">
    <p class='ocr_par' dir='ltr' id='par_1_82' title="bbox 337 4489 2005 4565">
     <span class='ocr_line' id='line_1_82' title="bbox 337 4489 2005 4565; baseline -0.006 -13"><span class='ocrx_word' id='word_1_592' title='bbox 337 4501 440 4552; x_wconf 93' lang='grc' dir='ltr'><strong>τοῦ</strong></span> <span class='ocrx_word' id='word_1_593' title='bbox 471 4491 613 4550; x_wconf 79' lang='grc' dir='ltr'>ἷδίου</span> <span class='ocrx_word' id='word_1_594' title='bbox 644 4494 798 4550; x_wconf 74' lang='grc' dir='ltr'>οἷ’κου</span> <span class='ocrx_word' id='word_1_595' title='bbox 831 4491 1134 4565; x_wconf 80' lang='grc' dir='ltr'>προστάντα</span> <span class='ocrx_word' id='word_1_596' title='bbox 1179 4491 1382 4554; x_wconf 81' lang='grc' dir='ltr'>καλῶς·</span> <span class='ocrx_word' id='word_1_597' title='bbox 1433 4491 1519 4545; x_wconf 67' lang='grc' dir='ltr'><strong>καὶ</strong></span> <span class='ocrx_word' id='word_1_598' title='bbox 1571 4489 1756 4553; x_wconf 84' lang='grc' dir='ltr'>καλῶς</span> <span class='ocrx_word' id='word_1_599' title='bbox 1792 4491 1858 4544; x_wconf 70' lang='grc' dir='ltr'><strong>τὰ</strong></span> <span class='ocrx_word' id='word_1_600' title='bbox 1889 4493 2005 4553; x_wconf 80' lang='grc' dir='ltr'>θεῖα</span> 
     </span>
    </p>
   </div>
   <div class='ocr_carea' id='block_1_83' title="bbox 2115 3337 3775 3410">
    <p class='ocr_par' dir='ltr' id='par_1_83' title="bbox 2115 3337 3775 3410">
     <span class='ocr_line' id='line_1_83' title="bbox 2115 3337 3775 3410; baseline 0.001 -20"><span class='ocrx_word' id='word_1_601' title='bbox 2115 3337 2350 3402; x_wconf 89' lang='lat' dir='ltr'><strong>donem,</strong></span> <span class='ocrx_word' id='word_1_602' title='bbox 2386 3353 2499 3390; x_wconf 93' lang='lat' dir='ltr'><strong>non</strong></span> <span class='ocrx_word' id='word_1_603' title='bbox 2552 3338 2747 3390; x_wconf 87' lang='lat' dir='ltr'><strong>statim</strong></span> <span class='ocrx_word' id='word_1_604' title='bbox 2783 3337 3149 3406; x_wconf 90' lang='lat' dir='ltr'><strong>permittitur</strong></span> <span class='ocrx_word' id='word_1_605' title='bbox 3197 3337 3541 3408; x_wconf 85' lang='lat' dir='ltr'><strong>Demophilo</strong></span> <span class='ocrx_word' id='word_1_606' title='bbox 3575 3337 3775 3410; x_wconf 46' lang='lat' dir='ltr'><strong>inqui.</strong></span> 
     </span>
    </p>
   </div>
   <div class='ocr_carea' id='block_1_84' title="bbox 2115 3423 3772 3498">
    <p class='ocr_par' dir='ltr' id='par_1_84' title="bbox 2115 3423 3772 3498">
     <span class='ocr_line' id='line_1_84' title="bbox 2115 3423 3772 3498; baseline 0.002 -20"><span class='ocrx_word' id='word_1_607' title='bbox 2115 3440 2242 3479; x_wconf 88' lang='lat' dir='ltr'><strong>rere</strong></span> <span class='ocrx_word' id='word_1_608' title='bbox 2285 3425 2465 3479; x_wconf 87' lang='lat' dir='ltr'><strong>tantis</strong></span> <span class='ocrx_word' id='word_1_609' title='bbox 2497 3425 2566 3479; x_wconf 88' lang='lat' dir='ltr'><strong>de</strong></span> <span class='ocrx_word' id='word_1_610' title='bbox 2612 3424 2808 3479; x_wconf 88' lang='lat' dir='ltr'><strong>rebus.</strong></span> <span class='ocrx_word' id='word_1_611' title='bbox 2842 3423 3008 3479; x_wconf 87' lang='lat' dir='ltr'><strong>Juste</strong></span> <span class='ocrx_word' id='word_1_612' title='bbox 3038 3425 3216 3492; x_wconf 87' lang='lat' dir='ltr'><strong>enim,</strong></span> <span class='ocrx_word' id='word_1_613' title='bbox 3252 3443 3378 3497; x_wconf 69' lang='lat' dir='ltr'><strong>quas</strong></span> <span class='ocrx_word' id='word_1_614' title='bbox 3418 3427 3580 3496; x_wconf 89' lang='lat' dir='ltr'><strong>justa</strong></span> <span class='ocrx_word' id='word_1_615' title='bbox 3612 3432 3772 3498; x_wconf 90' lang='lat' dir='ltr'><strong>sunt,</strong></span> 
     </span>
    </p>
   </div>
   <div class='ocr_carea' id='block_1_85' title="bbox 2116 3513 3771 3588">
    <p class='ocr_par' dir='ltr' id='par_1_85' title="bbox 2116 3513 3771 3588">
     <span class='ocr_line' id='line_1_85' title="bbox 2116 3513 3771 3588; baseline 0.002 -20"><span class='ocrx_word' id='word_1_616' title='bbox 2116 3513 2400 3568; x_wconf 89' lang='lat' dir='ltr'><strong>debemus</strong></span> <span class='ocrx_word' id='word_1_617' title='bbox 2447 3514 2703 3584; x_wconf 85' lang='lat' dir='ltr'><strong>exsequi,</strong></span> <span class='ocrx_word' id='word_1_618' title='bbox 2729 3514 2900 3584; x_wconf 85' lang='lat' dir='ltr'><strong>juxta</strong></span> <span class='ocrx_word' id='word_1_619' title='bbox 2931 3513 3242 3586; x_wconf 58' lang='lat' dir='ltr'><strong>Scriptura:</strong></span> <span class='ocrx_word' id='word_1_620' title='bbox 3285 3521 3635 3586; x_wconf 69' lang='lat' dir='ltr'><strong>praeceptum</strong></span> <span class='ocrx_word' id='word_1_621' title='bbox 3668 3517 3771 3588; x_wconf 80' lang='grc' dir='ltr'><strong>(η).</strong></span> 
     </span>
    </p>
   </div>
   <div class='ocr_carea' id='block_1_86' title="bbox 2114 3601 3774 3675">
    <p class='ocr_par' dir='ltr' id='par_1_86' title="bbox 2114 3601 3774 3675">
     <span class='ocr_line' id='line_1_86' title="bbox 2114 3601 3774 3675; baseline 0.002 -19"><span class='ocrx_word' id='word_1_622' title='bbox 2114 3601 2351 3656; x_wconf 91' lang='lat' dir='ltr'><strong>Justum</strong></span> <span class='ocrx_word' id='word_1_623' title='bbox 2404 3605 2601 3656; x_wconf 88' lang='lat' dir='ltr'><strong>autem</strong></span> <span class='ocrx_word' id='word_1_624' title='bbox 2651 3606 2740 3656; x_wconf 86' lang='lat' dir='ltr'><strong>est</strong></span> <span class='ocrx_word' id='word_1_625' title='bbox 2771 3602 3047 3657; x_wconf 89' lang='lat' dir='ltr'><strong>omnibus</strong></span> <span class='ocrx_word' id='word_1_626' title='bbox 3098 3619 3200 3674; x_wconf 92' lang='lat' dir='ltr'><strong>pro</strong></span> <span class='ocrx_word' id='word_1_627' title='bbox 3232 3605 3520 3675; x_wconf 89' lang='lat' dir='ltr'><strong>cujusque</strong></span> <span class='ocrx_word' id='word_1_628' title='bbox 3564 3605 3774 3660; x_wconf 89' lang='lat' dir='ltr'><strong>merito</strong></span> 
     </span>
    </p>
   </div>
   <div class='ocr_carea' id='block_1_87' title="bbox 2118 3690 3777 3765">
    <p class='ocr_par' dir='ltr' id='par_1_87' title="bbox 2118 3690 3777 3765">
     <span class='ocr_line' id='line_1_87' title="bbox 2118 3690 3777 3765; baseline 0.002 -20"><span class='ocrx_word' id='word_1_629' title='bbox 2118 3690 2207 3745; x_wconf 89' lang='lat' dir='ltr'><strong>sui</strong></span> <span class='ocrx_word' id='word_1_630' title='bbox 2235 3692 2386 3760; x_wconf 88' lang='lat' dir='ltr'><strong>juris</strong></span> <span class='ocrx_word' id='word_1_631' title='bbox 2419 3690 2858 3745; x_wconf 90' lang='lat' dir='ltr'><strong>distributivum</strong></span> <span class='ocrx_word' id='word_1_632' title='bbox 2897 3707 2910 3745; x_wconf 91' lang='lat'><strong>:</strong></span> <span class='ocrx_word' id='word_1_633' title='bbox 2960 3692 3102 3762; x_wconf 89' lang='lat' dir='ltr'><strong>quin</strong></span> <span class='ocrx_word' id='word_1_634' title='bbox 3147 3692 3370 3763; x_wconf 82' lang='lat' dir='ltr'><strong>angelis</strong></span> <span class='ocrx_word' id='word_1_635' title='bbox 3426 3694 3777 3765; x_wconf 87' lang='lat' dir='ltr'><strong>etiamnum,</strong></span> 
     </span>
    </p>
   </div>
   <div class='ocr_carea' id='block_1_88' title="bbox 2118 3778 3782 3850">
    <p class='ocr_par' dir='ltr' id='par_1_88' title="bbox 2118 3778 3782 3850">
     <span class='ocr_line' id='line_1_88' title="bbox 2118 3778 3782 3850; baseline 0.002 -17"><span class='ocrx_word' id='word_1_636' title='bbox 2118 3781 2268 3849; x_wconf 85' lang='lat' dir='ltr'><strong>quod</strong></span> <span class='ocrx_word' id='word_1_637' title='bbox 2296 3778 2528 3849; x_wconf 88' lang='lat' dir='ltr'><strong>justum</strong></span> <span class='ocrx_word' id='word_1_638' title='bbox 2561 3783 2674 3848; x_wconf 89' lang='lat' dir='ltr'><strong>est,</strong></span> <span class='ocrx_word' id='word_1_639' title='bbox 2707 3779 2922 3850; x_wconf 87' lang='lat' dir='ltr'><strong>partito</strong></span> <span class='ocrx_word' id='word_1_640' title='bbox 2954 3779 3254 3834; x_wconf 89' lang='lat' dir='ltr'><strong>tribuitur.</strong></span> <span class='ocrx_word' id='word_1_641' title='bbox 3295 3781 3469 3836; x_wconf 93' lang='lat' dir='ltr'><strong>Porro</strong></span> <span class='ocrx_word' id='word_1_642' title='bbox 3496 3781 3555 3836; x_wconf 88' lang='lat' dir='ltr'><strong>in</strong></span> <span class='ocrx_word' id='word_1_643' title='bbox 3587 3781 3782 3837; x_wconf 90' lang='lat' dir='ltr'><strong>omni-</strong></span> 
     </span>
    </p>
   </div>
   <div class='ocr_carea' id='block_1_89' title="bbox 2115 3867 3777 3940">
    <p class='ocr_par' dir='ltr' id='par_1_89' title="bbox 2115 3867 3777 3940">
     <span class='ocr_line' id='line_1_89' title="bbox 2115 3867 3777 3940; baseline 0.002 -18"><span class='ocrx_word' id='word_1_644' title='bbox 2115 3867 2229 3923; x_wconf 91' lang='lat' dir='ltr'><strong>bus</strong></span> <span class='ocrx_word' id='word_1_645' title='bbox 2261 3885 2389 3938; x_wconf 67' lang='lat' dir='ltr'><strong>qua</strong></span> <span class='ocrx_word' id='word_1_646' title='bbox 2439 3872 2599 3935; x_wconf 89' lang='lat' dir='ltr'><strong>sunt,</strong></span> <span class='ocrx_word' id='word_1_647' title='bbox 2654 3885 2755 3939; x_wconf 89' lang='lat' dir='ltr'><strong>per</strong></span> <span class='ocrx_word' id='word_1_648' title='bbox 2799 3868 2990 3939; x_wconf 89' lang='lat' dir='ltr'><strong>prima</strong></span> <span class='ocrx_word' id='word_1_649' title='bbox 3019 3869 3296 3924; x_wconf 90' lang='lat' dir='ltr'><strong>secundis</strong></span> <span class='ocrx_word' id='word_1_650' title='bbox 3330 3887 3432 3940; x_wconf 90' lang='lat' dir='ltr'><strong>pro</strong></span> <span class='ocrx_word' id='word_1_651' title='bbox 3473 3870 3777 3926; x_wconf 87' lang='lat' dir='ltr'><strong>divinitate</strong></span> 
     </span>
    </p>
   </div>
   <div class='ocr_carea' id='block_1_90' title="bbox 2115 3957 3776 4032">
    <p class='ocr_par' dir='ltr' id='par_1_90' title="bbox 2115 3957 3776 4032">
     <span class='ocr_line' id='line_1_90' title="bbox 2115 3957 3776 4032; baseline 0.001 -20"><span class='ocrx_word' id='word_1_652' title='bbox 2115 3973 2181 4012; x_wconf 86' lang='lat' dir='ltr'><strong>ac</strong></span> <span class='ocrx_word' id='word_1_653' title='bbox 2206 3957 2414 4012; x_wconf 91' lang='lat' dir='ltr'><strong>merito</strong></span> <span class='ocrx_word' id='word_1_654' title='bbox 2463 3962 2677 4011; x_wconf 87' lang='lat' dir='ltr'><strong>cuncta</strong></span> <span class='ocrx_word' id='word_1_655' title='bbox 2709 3959 2916 4012; x_wconf 84' lang='lat' dir='ltr'><strong>sortito</strong></span> <span class='ocrx_word' id='word_1_656' title='bbox 2948 3958 3404 4013; x_wconf 86' lang='lat' dir='ltr'><strong>distribuuntur.</strong></span> <span class='ocrx_word' id='word_1_657' title='bbox 3441 3959 3645 4032; x_wconf 88' lang='lat' dir='ltr'><strong>Itaque</strong></span> <span class='ocrx_word' id='word_1_658' title='bbox 3675 3961 3776 4032; x_wconf 90' lang='lat' dir='ltr'><strong>qui</strong></span> 
     </span>
    </p>
   </div>
   <div class='ocr_carea' id='block_1_91' title="bbox 2114 4045 3777 4118">
    <p class='ocr_par' dir='ltr' id='par_1_91' title="bbox 2114 4045 3777 4118">
     <span class='ocr_line' id='line_1_91' title="bbox 2114 4045 3777 4118; baseline 0.002 -18"><span class='ocrx_word' id='word_1_659' title='bbox 2114 4046 2174 4100; x_wconf 92' lang='lat' dir='ltr'><strong>in</strong></span> <span class='ocrx_word' id='word_1_660' title='bbox 2207 4045 2334 4109; x_wconf 91' lang='lat' dir='ltr'><strong>boc,</strong></span> <span class='ocrx_word' id='word_1_661' title='bbox 2368 4050 2432 4100; x_wconf 88' lang='lat' dir='ltr'><strong>ut</strong></span> <span class='ocrx_word' id='word_1_662' title='bbox 2463 4045 2594 4100; x_wconf 90' lang='lat' dir='ltr'><strong>aliis</strong></span> <span class='ocrx_word' id='word_1_663' title='bbox 2625 4045 2887 4116; x_wconf 70' lang='lat' dir='ltr'><strong>praesint,</strong></span> <span class='ocrx_word' id='word_1_664' title='bbox 2923 4046 3097 4118; x_wconf 87' lang='lat' dir='ltr'><strong>positi</strong></span> <span class='ocrx_word' id='word_1_665' title='bbox 3132 4051 3272 4101; x_wconf 90' lang='lat' dir='ltr'><strong>sunt</strong></span> <span class='ocrx_word' id='word_1_666' title='bbox 3307 4064 3318 4103; x_wconf 91' lang='lat'><strong>:</strong></span> <span class='ocrx_word' id='word_1_667' title='bbox 3357 4047 3410 4102; x_wconf 89' lang='lat' dir='ltr'><strong>hi</strong></span> <span class='ocrx_word' id='word_1_668' title='bbox 3445 4065 3508 4102; x_wconf 90' lang='lat' dir='ltr'><strong>se</strong></span> <span class='ocrx_word' id='word_1_669' title='bbox 3539 4048 3777 4104; x_wconf 78' lang='lat' dir='ltr'><strong>inferio-</strong></span> 
     </span>
    </p>
   </div>
   <div class='ocr_carea' id='block_1_92' title="bbox 2115 4133 3774 4205">
    <p class='ocr_par' dir='ltr' id='par_1_92' title="bbox 2115 4133 3774 4205">
     <span class='ocr_line' id='line_1_92' title="bbox 2115 4133 3774 4205; baseline 0.003 -18"><span class='ocrx_word' id='word_1_670' title='bbox 2115 4133 2278 4188; x_wconf 84' lang='lat' dir='ltr'><strong>rihus</strong></span> <span class='ocrx_word' id='word_1_671' title='bbox 2314 4151 2416 4205; x_wconf 92' lang='lat' dir='ltr'><strong>pro</strong></span> <span class='ocrx_word' id='word_1_672' title='bbox 2449 4135 2742 4205; x_wconf 89' lang='lat' dir='ltr'><strong>cujusque</strong></span> <span class='ocrx_word' id='word_1_673' title='bbox 2775 4135 2979 4189; x_wconf 90' lang='lat' dir='ltr'><strong>merito</strong></span> <span class='ocrx_word' id='word_1_674' title='bbox 3007 4136 3280 4190; x_wconf 87' lang='lat' dir='ltr'><strong>obeunda</strong></span> <span class='ocrx_word' id='word_1_675' title='bbox 3330 4152 3577 4191; x_wconf 89' lang='lat' dir='ltr'><strong>munera</strong></span> <span class='ocrx_word' id='word_1_676' title='bbox 3610 4153 3774 4192; x_wconf 68' lang='lat' dir='ltr'><strong>com~</strong></span> 
     </span>
    </p>
   </div>
   <div class='ocr_carea' id='block_1_93' title="bbox 2117 4223 3775 4297">
    <p class='ocr_par' dir='ltr' id='par_1_93' title="bbox 2117 4223 3775 4297">
     <span class='ocr_line' id='line_1_93' title="bbox 2117 4223 3775 4297; baseline 0.004 -21"><span class='ocrx_word' id='word_1_677' title='bbox 2117 4223 2464 4295; x_wconf 88' lang='lat' dir='ltr'><strong>partiantur.</strong></span> <span class='ocrx_word' id='word_1_678' title='bbox 2518 4223 2628 4278; x_wconf 89' lang='lat' dir='ltr'><strong>Sed</strong></span> <span class='ocrx_word' id='word_1_679' title='bbox 2679 4227 2738 4278; x_wconf 90' lang='lat' dir='ltr'><strong>et</strong></span> <span class='ocrx_word' id='word_1_680' title='bbox 2792 4223 3176 4296; x_wconf 76' lang='lat' dir='ltr'><strong>Demophilus</strong></span> <span class='ocrx_word' id='word_1_681' title='bbox 3225 4241 3510 4296; x_wconf 88' lang='lat' dir='ltr'><strong>perpenso</strong></span> <span class='ocrx_word' id='word_1_682' title='bbox 3549 4225 3775 4297; x_wconf 90' lang='lat' dir='ltr'><strong>judicio</strong></span> 
     </span>
    </p>
   </div>
   <div class='ocr_carea' id='block_1_94' title="bbox 2114 4312 3776 4388">
    <p class='ocr_par' dir='ltr' id='par_1_94' title="bbox 2114 4312 3776 4388">
     <span class='ocr_line' id='line_1_94' title="bbox 2114 4312 3776 4388; baseline 0.003 -22"><span class='ocrx_word' id='word_1_683' title='bbox 2114 4313 2392 4384; x_wconf 64' lang='lat' dir='ltr'><strong>praecidat</strong></span> <span class='ocrx_word' id='word_1_684' title='bbox 2423 4312 2746 4384; x_wconf 86' lang='lat' dir='ltr'><strong>singula,et</strong></span> <span class='ocrx_word' id='word_1_685' title='bbox 2768 4330 2875 4367; x_wconf 88' lang='lat' dir='ltr'><strong>sua</strong></span> <span class='ocrx_word' id='word_1_686' title='bbox 2897 4314 3110 4383; x_wconf 86' lang='lat' dir='ltr'><strong>cuique</strong></span> <span class='ocrx_word' id='word_1_687' title='bbox 3132 4331 3233 4385; x_wconf 90' lang='lat' dir='ltr'><strong>pro</strong></span> <span class='ocrx_word' id='word_1_688' title='bbox 3262 4315 3549 4388; x_wconf 83' lang='lat' dir='ltr'><strong>dignitate</strong></span> <span class='ocrx_word' id='word_1_689' title='bbox 3579 4332 3776 4388; x_wconf 82' lang='lat' dir='ltr'><strong>segre—</strong></span> 
     </span>
    </p>
   </div>
   <div class='ocr_carea' id='block_1_95' title="bbox 2113 4401 3776 4474">
    <p class='ocr_par' dir='ltr' id='par_1_95' title="bbox 2113 4401 3776 4474">
     <span class='ocr_line' id='line_1_95' title="bbox 2113 4401 3776 4474; baseline 0.003 -19"><span class='ocrx_word' id='word_1_690' title='bbox 2113 4405 2212 4474; x_wconf 82' lang='lat' dir='ltr'><strong>get</strong></span> <span class='ocrx_word' id='word_1_691' title='bbox 2256 4401 2472 4470; x_wconf 78' lang='lat' dir='ltr'><strong>ofﬁcia,</strong></span> <span class='ocrx_word' id='word_1_692' title='bbox 2506 4402 2771 4473; x_wconf 63' lang='lat' dir='ltr'><strong>quaedam</strong></span> <span class='ocrx_word' id='word_1_693' title='bbox 2807 4402 3043 4468; x_wconf 85' lang='lat' dir='ltr'><strong>rationi,</strong></span> <span class='ocrx_word' id='word_1_694' title='bbox 3079 4403 3278 4474; x_wconf 89' lang='lat' dir='ltr'><strong>aliqua</strong></span> <span class='ocrx_word' id='word_1_695' title='bbox 3328 4421 3459 4460; x_wconf 90' lang='lat' dir='ltr'><strong>vero</strong></span> <span class='ocrx_word' id='word_1_696' title='bbox 3491 4405 3610 4474; x_wconf 66' lang='lat' dir='ltr'><strong>ira),</strong></span> <span class='ocrx_word' id='word_1_697' title='bbox 3645 4422 3776 4460; x_wconf 87' lang='lat' dir='ltr'><strong>rur—</strong></span> 
     </span>
    </p>
   </div>
   <div class='ocr_carea' id='block_1_96' title="bbox 2115 4489 3773 4565">
    <p class='ocr_par' dir='ltr' id='par_1_96' title="bbox 2115 4489 3773 4565">
     <span class='ocr_line' id='line_1_96' title="bbox 2115 4489 3773 4565; baseline 0.002 -20"><span class='ocrx_word' id='word_1_698' title='bbox 2115 4507 2214 4546; x_wconf 80' lang='lat' dir='ltr'><strong>sus</strong></span> <span class='ocrx_word' id='word_1_699' title='bbox 2248 4489 2364 4545; x_wconf 87' lang='lat' dir='ltr'><strong>alia</strong></span> <span class='ocrx_word' id='word_1_700' title='bbox 2395 4489 2884 4562; x_wconf 66' lang='lat' dir='ltr'><strong>concupiscentia</strong></span> <span class='ocrx_word' id='word_1_701' title='bbox 2917 4491 3377 4557; x_wconf 87' lang='lat' dir='ltr'><strong>tribuens.0uod</strong></span> <span class='ocrx_word' id='word_1_702' title='bbox 3412 4494 3615 4565; x_wconf 88' lang='lat' dir='ltr'><strong>utique</strong></span> <span class='ocrx_word' id='word_1_703' title='bbox 3648 4494 3773 4549; x_wconf 78' lang='lat' dir='ltr'><strong>fieri</strong></span> 
     </span>
    </p>
   </div>
   <div class='ocr_carea' id='block_1_97' title="bbox 340 4575 2008 4659">
    <p class='ocr_par' dir='ltr' id='par_1_97' title="bbox 340 4575 2006 4659">
     <span class='ocr_line' id='line_1_97' title="bbox 340 4575 2006 4659; baseline -0.006 -18"><span class='ocrx_word' id='word_1_704' title='bbox 340 4583 594 4659; x_wconf 88' lang='grc' dir='ltr'>λέγουσιν</span> <span class='ocrx_word' id='word_1_705' title='bbox 629 4579 956 4658; x_wconf 79' lang='grc' dir='ltr'>Εὐαγγέλια.</span> <span class='ocrx_word' id='word_1_706' title='bbox 977 4582 1037 4638; x_wconf 72' lang='grc' dir='ltr'><strong>Ὀ</strong></span> <span class='ocrx_word' id='word_1_707' title='bbox 1086 4579 1136 4634; x_wconf 80' lang='grc' dir='ltr'>ἐν</span> <span class='ocrx_word' id='word_1_708' title='bbox 1172 4579 1345 4654; x_wconf 82' lang='grc' dir='ltr'>ὀλίγῳ</span> <span class='ocrx_word' id='word_1_709' title='bbox 1371 4579 1582 4650; x_wconf 86' lang='grc' dir='ltr'>πιστὸς,</span> <span class='ocrx_word' id='word_1_710' title='bbox 1607 4579 1697 4633; x_wconf 84' lang='grc' dir='ltr'>καὶ</span> <span class='ocrx_word' id='word_1_711' title='bbox 1730 4579 1783 4632; x_wconf 84' lang='grc' dir='ltr'><strong>έν</strong></span> <span class='ocrx_word' id='word_1_712' title='bbox 1803 4575 2006 4649; x_wconf 79' lang='grc' dir='ltr'>πολλῷ</span> 
     </span>
    </p>
   </div>
   <div class='ocr_carea' id='block_1_98' title="bbox 2120 4575 3772 4659">
    <p class='ocr_par' dir='ltr' id='par_1_98' title="bbox 2120 4578 3772 4652">
     <span class='ocr_line' id='line_1_98' title="bbox 2120 4578 3772 4652; baseline 0.002 -18"><span class='ocrx_word' id='word_1_713' title='bbox 2120 4595 2231 4634; x_wconf 91' lang='lat' dir='ltr'><strong>non</strong></span> <span class='ocrx_word' id='word_1_714' title='bbox 2268 4578 2438 4634; x_wconf 85' lang='lat' dir='ltr'><strong>aliter</strong></span> <span class='ocrx_word' id='word_1_715' title='bbox 2471 4581 2676 4651; x_wconf 87' lang='lat' dir='ltr'><strong>possit,</strong></span> <span class='ocrx_word' id='word_1_716' title='bbox 2711 4585 2774 4634; x_wconf 90' lang='lat' dir='ltr'><strong>ut</strong></span> <span class='ocrx_word' id='word_1_717' title='bbox 2807 4581 3276 4652; x_wconf 86' lang='lat' dir='ltr'><strong>unumquodque</strong></span> <span class='ocrx_word' id='word_1_718' title='bbox 3308 4583 3580 4638; x_wconf 88' lang='lat' dir='ltr'><strong>decenter</strong></span> <span class='ocrx_word' id='word_1_719' title='bbox 3606 4582 3678 4638; x_wconf 91' lang='lat' dir='ltr'><strong>ab</strong></span> <span class='ocrx_word' id='word_1_720' title='bbox 3707 4598 3772 4638; x_wconf 89' lang='lat' dir='ltr'><strong>se</strong></span> 
     </span>
    </p>
   </div>
   <div class='ocr_carea' id='block_1_99' title="bbox 336 4667 2001 4746">
    <p class='ocr_par' dir='ltr' id='par_1_99' title="bbox 336 4667 2001 4746">
     <span class='ocr_line' id='line_1_99' title="bbox 336 4667 2001 4746; baseline -0.005 -16"><span class='ocrx_word' id='word_1_721' title='bbox 336 4675 555 4736; x_wconf 89' lang='grc' dir='ltr'>πιστός.</span> <span class='ocrx_word' id='word_1_722' title='bbox 585 4673 759 4736; x_wconf 77' lang='grc' dir='ltr'>Αὐτὸς</span> <span class='ocrx_word' id='word_1_723' title='bbox 793 4672 886 4746; x_wconf 71' lang='grc' dir='ltr'>μὲν</span> <span class='ocrx_word' id='word_1_724' title='bbox 922 4669 1036 4740; x_wconf 82' lang='grc' dir='ltr'>οῦν,</span> <span class='ocrx_word' id='word_1_725' title='bbox 1084 4670 1262 4734; x_wconf 82' lang='grc' dir='ltr'>καθὼς</span> <span class='ocrx_word' id='word_1_726' title='bbox 1309 4670 1398 4724; x_wconf 83' lang='grc' dir='ltr'>καὶ</span> <span class='ocrx_word' id='word_1_727' title='bbox 1452 4667 1809 4746; x_wconf 83' lang='grc' dir='ltr'>προείπομεν,</span> <span class='ocrx_word' id='word_1_728' title='bbox 1852 4668 2001 4745; x_wconf 67' lang='grc' dir='ltr'>ἀφώ-</span> 
     </span>
    </p>
   </div>
   <div class='ocr_carea' id='block_1_100' title="bbox 337 4755 1996 4840">
    <p class='ocr_par' dir='ltr' id='par_1_100' title="bbox 337 4755 1996 4840">
     <span class='ocr_line' id='line_1_100' title="bbox 337 4755 1996 4840; baseline -0.006 -21"><span class='ocrx_word' id='word_1_729' title='bbox 337 4771 455 4840; x_wconf 83' lang='grc' dir='ltr'>ριζε</span> <span class='ocrx_word' id='word_1_730' title='bbox 482 4763 549 4819; x_wconf 84' lang='grc' dir='ltr'><strong>τά</strong></span> <span class='ocrx_word' id='word_1_731' title='bbox 580 4763 758 4819; x_wconf 77' lang='grc' dir='ltr'>οἷκεῖα</span> <span class='ocrx_word' id='word_1_732' title='bbox 811 4765 892 4833; x_wconf 82' lang='grc' dir='ltr'><strong>τῷ</strong></span> <span class='ocrx_word' id='word_1_733' title='bbox 946 4759 1114 4836; x_wconf 89' lang='grc' dir='ltr'>λόγῳ,</span> <span class='ocrx_word' id='word_1_734' title='bbox 1173 4759 1240 4814; x_wconf 80' lang='grc' dir='ltr'>τὰ</span> <span class='ocrx_word' id='word_1_735' title='bbox 1279 4758 1452 4813; x_wconf 76' lang='grc' dir='ltr'>οἶκεῖα</span> <span class='ocrx_word' id='word_1_736' title='bbox 1507 4763 1587 4830; x_wconf 80' lang='grc' dir='ltr'>τῷ</span> <span class='ocrx_word' id='word_1_737' title='bbox 1621 4760 1800 4831; x_wconf 81' lang='grc' dir='ltr'>θυμῷ,</span> <span class='ocrx_word' id='word_1_738' title='bbox 1827 4761 1893 4811; x_wconf 74' lang='grc' dir='ltr'>τὰ</span> <span class='ocrx_word' id='word_1_739' title='bbox 1925 4755 1996 4810; x_wconf 77' lang='grc' dir='ltr'><strong>οἷ-</strong></span> 
     </span>
    </p>
   </div>
   <div class='ocr_carea' id='block_1_101' title="bbox 335 4844 1997 4928">
    <p class='ocr_par' dir='ltr' id='par_1_101' title="bbox 335 4844 1997 4928">
     <span class='ocr_line' id='line_1_101' title="bbox 335 4844 1997 4928; baseline -0.006 -18"><span class='ocrx_word' id='word_1_740' title='bbox 335 4860 459 4910; x_wconf 84' lang='grc' dir='ltr'>κεῖα</span> <span class='ocrx_word' id='word_1_741' title='bbox 500 4857 568 4928; x_wconf 77' lang='grc' dir='ltr'><strong>τῇ</strong></span> <span class='ocrx_word' id='word_1_742' title='bbox 625 4852 907 4924; x_wconf 73' lang='grc' dir='ltr'>ἐπιθυμίᾳο</span> <span class='ocrx_word' id='word_1_743' title='bbox 957 4851 1020 4905; x_wconf 89' lang='grc' dir='ltr'><strong>τό</strong></span> <span class='ocrx_word' id='word_1_744' title='bbox 1072 4847 1126 4903; x_wconf 78' lang='grc' dir='ltr'><strong>δέ</strong></span> <span class='ocrx_word' id='word_1_745' title='bbox 1177 4848 1311 4920; x_wconf 85' lang='grc' dir='ltr'>ἐστι,</span> <span class='ocrx_word' id='word_1_746' title='bbox 1357 4847 1432 4902; x_wconf 80' lang='grc' dir='ltr'><strong>Σὺ</strong></span> <span class='ocrx_word' id='word_1_747' title='bbox 1483 4846 1642 4910; x_wconf 79' lang='grc' dir='ltr'>αὐτὸς</span> <span class='ocrx_word' id='word_1_748' title='bbox 1677 4848 1753 4920; x_wconf 76' lang='grc' dir='ltr'>μὴ</span> <span class='ocrx_word' id='word_1_749' title='bbox 1807 4844 1997 4916; x_wconf 81' lang='grc' dir='ltr'>ἄλλον,</span> 
     </span>
    </p>
   </div>
   <div class='ocr_carea' id='block_1_102' title="bbox 336 4934 1999 5012">
    <p class='ocr_par' dir='ltr' id='par_1_102' title="bbox 336 4934 1999 5012">
     <span class='ocr_line' id='line_1_102' title="bbox 336 4934 1999 5012; baseline -0.005 -16"><span class='ocrx_word' id='word_1_750' title='bbox 336 4940 485 4998; x_wconf 85' lang='grc' dir='ltr'><strong>ἀλλά</strong></span> <span class='ocrx_word' id='word_1_751' title='bbox 533 4940 754 4996; x_wconf 86' lang='grc' dir='ltr'>σεαυτὸν</span> <span class='ocrx_word' id='word_1_752' title='bbox 813 4935 1033 5012; x_wconf 89' lang='grc' dir='ltr'>διόρθου</span> <span class='ocrx_word' id='word_1_753' title='bbox 1095 4936 1185 4991; x_wconf 83' lang='grc' dir='ltr'>καὶ</span> <span class='ocrx_word' id='word_1_754' title='bbox 1233 4936 1412 5008; x_wconf 87' lang='grc' dir='ltr'>τάττε,</span> <span class='ocrx_word' id='word_1_755' title='bbox 1452 4937 1572 5000; x_wconf 90' lang='grc' dir='ltr'>καθ’</span> <span class='ocrx_word' id='word_1_756' title='bbox 1619 4934 1845 5004; x_wconf 70' lang='grc' dir='ltr'>ἑκάστην</span> <span class='ocrx_word' id='word_1_757' title='bbox 1896 4936 1999 5007; x_wconf 74' lang='grc' dir='ltr'>ψυ-</span> 
     </span>
    </p>
   </div>
   <div class='ocr_carea' id='block_1_103' title="bbox 337 5023 1997 5108">
    <p class='ocr_par' dir='ltr' id='par_1_103' title="bbox 337 5023 1997 5108">
     <span class='ocr_line' id='line_1_103' title="bbox 337 5023 1997 5108; baseline -0.007 -21"><span class='ocrx_word' id='word_1_758' title='bbox 337 5033 502 5108; x_wconf 79' lang='grc' dir='ltr'>χικὴν</span> <span class='ocrx_word' id='word_1_759' title='bbox 531 5028 760 5102; x_wconf 74' lang='grc' dir='ltr'>δύναμιν</span> <span class='ocrx_word' id='word_1_760' title='bbox 795 5028 990 5100; x_wconf 74' lang='grc' dir='ltr'>ἑκάστῃ</span> <span class='ocrx_word' id='word_1_761' title='bbox 1017 5024 1224 5081; x_wconf 69' lang='grc' dir='ltr'>τούτων</span> <span class='ocrx_word' id='word_1_762' title='bbox 1270 5024 1337 5078; x_wconf 73' lang='grc' dir='ltr'><strong>τὰ</strong></span> <span class='ocrx_word' id='word_1_763' title='bbox 1382 5027 1498 5079; x_wconf 85' lang='grc' dir='ltr'>κατ’</span> <span class='ocrx_word' id='word_1_764' title='bbox 1543 5023 1687 5098; x_wconf 85' lang='grc' dir='ltr'>ἀξίαν</span> <span class='ocrx_word' id='word_1_765' title='bbox 1739 5023 1997 5108; x_wconf 54' lang='grc' dir='ltr'>ἀφοριζό-</span> 
     </span>
    </p>
   </div>
   <div class='ocr_carea' id='block_1_104' title="bbox 335 5106 1993 5195">
    <p class='ocr_par' dir='ltr' id='par_1_104' title="bbox 335 5106 1993 5195">
     <span class='ocr_line' id='line_1_104' title="bbox 335 5106 1993 5195; baseline -0.007 -19"><span class='ocrx_word' id='word_1_766' title='bbox 335 5106 514 5195; x_wconf 76' lang='grc' dir='ltr'>μενος.</span> <span class='ocrx_word' id='word_1_767' title='bbox 552 5120 646 5174; x_wconf 86' lang='grc' dir='ltr'><strong>Σοὶ</strong></span> <span class='ocrx_word' id='word_1_768' title='bbox 683 5116 740 5173; x_wconf 74' lang='grc' dir='ltr'>δὲ</span> <span class='ocrx_word' id='word_1_769' title='bbox 788 5117 839 5172; x_wconf 77' lang='grc' dir='ltr'>οἱ</span> <span class='ocrx_word' id='word_1_770' title='bbox 889 5112 1153 5183; x_wconf 76' lang='grc' dir='ltr'>διάκονοι,</span> <span class='ocrx_word' id='word_1_771' title='bbox 1199 5111 1471 5174; x_wconf 76' lang='grc' dir='ltr'>κάκείνοις</span> <span class='ocrx_word' id='word_1_772' title='bbox 1517 5113 1569 5167; x_wconf 81' lang='grc' dir='ltr'><strong>οἱ</strong></span> <span class='ocrx_word' id='word_1_773' title='bbox 1617 5106 1993 5188; x_wconf 75' lang='grc' dir='ltr'>πρεσϐύτεροι,</span> 
     </span>
    </p>
   </div>
   <div class='ocr_carea' id='block_1_105' title="bbox 328 5201 1995 5280">
    <p class='ocr_par' dir='ltr' id='par_1_105' title="bbox 328 5201 1995 5280">
     <span class='ocr_line' id='line_1_105' title="bbox 328 5201 1995 5280; baseline -0.007 -14"><span class='ocrx_word' id='word_1_774' title='bbox 328 5210 421 5266; x_wconf 83' lang='grc' dir='ltr'>καὶ</span> <span class='ocrx_word' id='word_1_775' title='bbox 453 5209 678 5270; x_wconf 67' lang='grc' dir='ltr'>τούτοις</span> <span class='ocrx_word' id='word_1_776' title='bbox 706 5207 758 5262; x_wconf 75' lang='grc' dir='ltr'><strong>οἱ</strong></span> <span class='ocrx_word' id='word_1_777' title='bbox 790 5203 1067 5280; x_wconf 78' lang='grc' dir='ltr'>ἱεράρχαι,</span> <span class='ocrx_word' id='word_1_778' title='bbox 1120 5201 1210 5257; x_wconf 73' lang='grc' dir='ltr'>καὶ</span> <span class='ocrx_word' id='word_1_779' title='bbox 1256 5207 1372 5264; x_wconf 91' lang='grc' dir='ltr'>τοῖς</span> <span class='ocrx_word' id='word_1_780' title='bbox 1425 5202 1712 5278; x_wconf 76' lang='grc' dir='ltr'>ἱερᾶρχαις</span> <span class='ocrx_word' id='word_1_781' title='bbox 1755 5202 1806 5255; x_wconf 76' lang='grc' dir='ltr'><strong>οἱ</strong></span> <span class='ocrx_word' id='word_1_782' title='bbox 1857 5202 1995 5255; x_wconf 90' lang='grc' dir='ltr'>ἀπό-</span> 
     </span>
    </p>
   </div>
   <div class='ocr_carea' id='block_1_106' title="bbox 327 5287 1992 5369">
    <p class='ocr_par' dir='ltr' id='par_1_106' title="bbox 327 5287 1992 5369">
     <span class='ocr_line' id='line_1_106' title="bbox 327 5287 1992 5369; baseline -0.008 -13"><span class='ocrx_word' id='word_1_783' title='bbox 327 5300 550 5369; x_wconf 84' lang='grc' dir='ltr'>στολοι,</span> <span class='ocrx_word' id='word_1_784' title='bbox 597 5297 687 5353; x_wconf 87' lang='grc' dir='ltr'>καὶ</span> <span class='ocrx_word' id='word_1_785' title='bbox 719 5296 772 5350; x_wconf 79' lang='grc' dir='ltr'><strong>οἱ</strong></span> <span class='ocrx_word' id='word_1_786' title='bbox 801 5299 908 5349; x_wconf 84' lang='grc' dir='ltr'>τῶν</span> <span class='ocrx_word' id='word_1_787' title='bbox 938 5291 1260 5348; x_wconf 84' lang='grc' dir='ltr'>ἀποστόλων</span> <span class='ocrx_word' id='word_1_788' title='bbox 1295 5288 1551 5368; x_wconf 79' lang='grc' dir='ltr'>διάδοχοι</span> <span class='ocrx_word' id='word_1_789' title='bbox 1783 5287 1860 5345; x_wconf 71' lang='grc' dir='ltr'>ἔτι</span> <span class='ocrx_word' id='word_1_790' title='bbox 1891 5291 1992 5366; x_wconf 72' lang='grc' dir='ltr'>γὰρ</span> 
     </span>
    </p>
   </div>
   <div class='ocr_carea' id='block_1_107' title="bbox 325 5376 1992 5460">
    <p class='ocr_par' dir='ltr' id='par_1_107' title="bbox 325 5376 1992 5460">
     <span class='ocr_line' id='line_1_107' title="bbox 325 5376 1992 5460; baseline -0.008 -14"><span class='ocrx_word' id='word_1_791' title='bbox 325 5391 468 5460; x_wconf 73' lang='grc' dir='ltr'>ἦσαν</span> <span class='ocrx_word' id='word_1_792' title='bbox 500 5388 554 5444; x_wconf 83' lang='grc' dir='ltr'>ἐν</span> <span class='ocrx_word' id='word_1_793' title='bbox 585 5386 784 5460; x_wconf 87' lang='grc' dir='ltr'>κόσμῳ</span> <span class='ocrx_word' id='word_1_794' title='bbox 830 5383 920 5438; x_wconf 86' lang='grc' dir='ltr'><strong>καί</strong></span> <span class='ocrx_word' id='word_1_795' title='bbox 947 5403 1086 5444; x_wconf 88' lang='grc' dir='ltr'>τινες</span> <span class='ocrx_word' id='word_1_796' title='bbox 1112 5385 1219 5436; x_wconf 79' lang='grc' dir='ltr'><strong>τῶν</strong></span> <span class='ocrx_word' id='word_1_797' title='bbox 1271 5379 1618 5450; x_wconf 74' lang='grc' dir='ltr'>ἀποστόλων,</span> <span class='ocrx_word' id='word_1_798' title='bbox 1670 5379 1760 5436; x_wconf 79' lang='grc' dir='ltr'><strong>καί</strong></span> <span class='ocrx_word' id='word_1_799' title='bbox 1801 5376 1992 5434; x_wconf 84' lang='grc' dir='ltr'>διάδο-</span> 
     </span>
    </p>
   </div>
   <div class='ocr_carea' id='block_1_108' title="bbox 325 5469 1988 5556">
    <p class='ocr_par' dir='ltr' id='par_1_108' title="bbox 325 5469 1988 5556">
     <span class='ocr_line' id='line_1_108' title="bbox 325 5469 1988 5556; baseline -0.006 -20"><span class='ocrx_word' id='word_1_800' title='bbox 325 5499 426 5556; x_wconf 89' lang='grc' dir='ltr'><strong>χοι</strong></span> <span class='ocrx_word' id='word_1_801' title='bbox 483 5483 610 5553; x_wconf 87' lang='grc' dir='ltr'>παρ’</span> <span class='ocrx_word' id='word_1_802' title='bbox 658 5473 874 5532; x_wconf 68' lang='grc' dir='ltr'>ἐκείνων</span> <span class='ocrx_word' id='word_1_803' title='bbox 933 5471 1220 5548; x_wconf 80' lang='grc' dir='ltr'>ταχθέντες</span> <span class='ocrx_word' id='word_1_804' title='bbox 1257 5489 1268 5502; x_wconf 90' lang='grc'><strong>·</strong></span> <span class='ocrx_word' id='word_1_805' title='bbox 1330 5470 1420 5527; x_wconf 84' lang='grc' dir='ltr'><strong>καὶ</strong></span> <span class='ocrx_word' id='word_1_806' title='bbox 1478 5469 1988 5548; x_wconf 77' lang='grc' dir='ltr'>ἐπανορθωθήσεται</span> 
     </span>
    </p>
   </div>
   <div class='ocr_carea' id='block_1_109' title="bbox 402 5691 957 5775">
    <p class='ocr_par' dir='ltr' id='par_1_109' title="bbox 402 5691 957 5775">
     <span class='ocr_line' id='line_1_109' title="bbox 402 5691 957 5775; baseline -0.014 -18"><span class='ocrx_word' id='word_1_807' title='bbox 402 5698 494 5775; x_wconf 78' lang='grc' dir='ltr'>(π)</span> <span class='ocrx_word' id='word_1_808' title='bbox 525 5695 696 5758; x_wconf 86' lang='lat' dir='ltr'><strong>Deut.</strong></span> <span class='ocrx_word' id='word_1_809' title='bbox 726 5709 844 5765; x_wconf 80' lang='lat' dir='ltr'><strong>xvx,</strong></span> <span class='ocrx_word' id='word_1_810' title='bbox 866 5691 957 5750; x_wconf 83' lang='lat'><strong>20.</strong></span> 
     </span>
    </p>
   </div>
   <div class='ocr_carea' id='block_1_110' title="bbox 2111 4667 3776 4740">
    <p class='ocr_par' dir='ltr' id='par_1_110' title="bbox 2111 4667 3776 4740">
     <span class='ocr_line' id='line_1_110' title="bbox 2111 4667 3776 4740; baseline 0.003 -17"><span class='ocrx_word' id='word_1_811' title='bbox 2111 4668 2363 4723; x_wconf 87' lang='lat' dir='ltr'><strong>invicem</strong></span> <span class='ocrx_word' id='word_1_812' title='bbox 2413 4672 2738 4740; x_wconf 89' lang='lat' dir='ltr'><strong>separetur,</strong></span> <span class='ocrx_word' id='word_1_813' title='bbox 2773 4667 2888 4723; x_wconf 90' lang='lat' dir='ltr'><strong>nisi</strong></span> <span class='ocrx_word' id='word_1_814' title='bbox 2933 4668 3063 4739; x_wconf 87' lang='lat' dir='ltr'><strong>ipsa</strong></span> <span class='ocrx_word' id='word_1_815' title='bbox 3094 4667 3153 4722; x_wconf 91' lang='lat' dir='ltr'><strong>in</strong></span> <span class='ocrx_word' id='word_1_816' title='bbox 3204 4668 3412 4740; x_wconf 88' lang='lat' dir='ltr'><strong>primis</strong></span> <span class='ocrx_word' id='word_1_817' title='bbox 3443 4670 3596 4725; x_wconf 86' lang='lat' dir='ltr'><strong>ratio</strong></span> <span class='ocrx_word' id='word_1_818' title='bbox 3645 4687 3776 4728; x_wconf 83' lang='lat' dir='ltr'><strong>mo-</strong></span> 
     </span>
    </p>
   </div>
   <div class='ocr_carea' id='block_1_111' title="bbox 2113 4756 3774 4828">
    <p class='ocr_par' dir='ltr' id='par_1_111' title="bbox 2113 4756 3774 4828">
     <span class='ocr_line' id='line_1_111' title="bbox 2113 4756 3774 4828; baseline 0.003 -17"><span class='ocrx_word' id='word_1_819' title='bbox 2113 4757 2251 4812; x_wconf 87' lang='lat' dir='ltr'><strong>dum</strong></span> <span class='ocrx_word' id='word_1_820' title='bbox 2300 4759 2639 4828; x_wconf 80' lang='lat' dir='ltr'><strong>przescribat</strong></span> <span class='ocrx_word' id='word_1_821' title='bbox 2687 4774 2750 4812; x_wconf 89' lang='lat' dir='ltr'><strong>se</strong></span> <span class='ocrx_word' id='word_1_822' title='bbox 2802 4756 3208 4827; x_wconf 83' lang='lat' dir='ltr'><strong>interioribus,</strong></span> <span class='ocrx_word' id='word_1_823' title='bbox 3243 4759 3339 4813; x_wconf 70' lang='lat' dir='ltr'><strong>ira:</strong></span> <span class='ocrx_word' id='word_1_824' title='bbox 3398 4759 3682 4815; x_wconf 88' lang='lat' dir='ltr'><strong>nimirum</strong></span> <span class='ocrx_word' id='word_1_825' title='bbox 3717 4765 3774 4816; x_wconf 88' lang='lat' dir='ltr'><strong>et</strong></span> 
     </span>
    </p>
   </div>
   <div class='ocr_carea' id='block_1_112' title="bbox 2109 4845 3775 4918">
    <p class='ocr_par' dir='ltr' id='par_1_112' title="bbox 2109 4845 3775 4918">
     <span class='ocr_line' id='line_1_112' title="bbox 2109 4845 3775 4918; baseline 0.002 -18"><span class='ocrx_word' id='word_1_826' title='bbox 2109 4846 2620 4918; x_wconf 81' lang='lat' dir='ltr'><strong>concupiscentiae.</strong></span> <span class='ocrx_word' id='word_1_827' title='bbox 2654 4847 2809 4902; x_wconf 73' lang='lat'><strong>209</strong></span> <span class='ocrx_word' id='word_1_828' title='bbox 2860 4845 3048 4901; x_wconf 87' lang='lat' dir='ltr'><strong>Simul</strong></span> <span class='ocrx_word' id='word_1_829' title='bbox 3102 4847 3258 4903; x_wconf 91' lang='lat' dir='ltr'><strong>dicto</strong></span> <span class='ocrx_word' id='word_1_830' title='bbox 3309 4847 3534 4904; x_wconf 85' lang='lat' dir='ltr'><strong>inducit</strong></span> <span class='ocrx_word' id='word_1_831' title='bbox 3578 4865 3775 4904; x_wconf 86' lang='lat' dir='ltr'><strong>exem-</strong></span> 
     </span>
    </p>
   </div>
   <div class='ocr_carea' id='block_1_113' title="bbox 2107 4933 3768 5009">
    <p class='ocr_par' dir='ltr' id='par_1_113' title="bbox 2107 4933 3768 5009">
     <span class='ocr_line' id='line_1_113' title="bbox 2107 4933 3768 5009; baseline 0.002 -21"><span class='ocrx_word' id='word_1_832' title='bbox 2107 4933 2273 5006; x_wconf 92' lang='lat' dir='ltr'><strong>plum</strong></span> <span class='ocrx_word' id='word_1_833' title='bbox 2301 4951 2314 5002; x_wconf 91' lang='lat'><strong>;</strong></span> <span class='ocrx_word' id='word_1_834' title='bbox 2347 4953 2484 4990; x_wconf 88' lang='lat' dir='ltr'><strong>nam</strong></span> <span class='ocrx_word' id='word_1_835' title='bbox 2510 4934 2657 4990; x_wconf 86' lang='lat' dir='ltr'><strong>ratio</strong></span> <span class='ocrx_word' id='word_1_836' title='bbox 2687 4935 2882 4991; x_wconf 90' lang='lat' dir='ltr'><strong>locum</strong></span> <span class='ocrx_word' id='word_1_837' title='bbox 2923 4936 3232 5007; x_wconf 89' lang='lat' dir='ltr'><strong>vicemque</strong></span> <span class='ocrx_word' id='word_1_838' title='bbox 3264 4937 3492 4992; x_wconf 89' lang='lat' dir='ltr'><strong>obtinet</strong></span> <span class='ocrx_word' id='word_1_839' title='bbox 3523 4938 3768 5009; x_wconf 89' lang='lat' dir='ltr'><strong>domini,</strong></span> 
     </span>
    </p>
   </div>
   <div class='ocr_carea' id='block_1_114' title="bbox 2107 5023 3774 5099">
    <p class='ocr_par' dir='ltr' id='par_1_114' title="bbox 2107 5023 3774 5099">
     <span class='ocr_line' id='line_1_114' title="bbox 2107 5023 3774 5099; baseline 0.002 -21"><span class='ocrx_word' id='word_1_840' title='bbox 2107 5023 2457 5096; x_wconf 85' lang='lat' dir='ltr'><strong>presbyteri,</strong></span> <span class='ocrx_word' id='word_1_841' title='bbox 2508 5024 2692 5096; x_wconf 89' lang='lat' dir='ltr'><strong>patris</strong></span> <span class='ocrx_word' id='word_1_842' title='bbox 2730 5024 2860 5080; x_wconf 87' lang='lat' dir='ltr'><strong>:ira</strong></span> <span class='ocrx_word' id='word_1_843' title='bbox 2910 5028 3108 5080; x_wconf 88' lang='lat' dir='ltr'><strong>autem</strong></span> <span class='ocrx_word' id='word_1_844' title='bbox 3162 5029 3218 5080; x_wconf 93' lang='lat' dir='ltr'><strong>et</strong></span> <span class='ocrx_word' id='word_1_845' title='bbox 3267 5027 3774 5099; x_wconf 83' lang='lat' dir='ltr'><strong>concupiscentia,</strong></span> 
     </span>
    </p>
   </div>
   <div class='ocr_carea' id='block_1_115' title="bbox 2105 5113 3776 5185">
    <p class='ocr_par' dir='ltr' id='par_1_115' title="bbox 2105 5113 3776 5185">
     <span class='ocr_line' id='line_1_115' title="bbox 2105 5113 3776 5185; baseline 0.002 -15"><span class='ocrx_word' id='word_1_846' title='bbox 2105 5113 2277 5178; x_wconf 76' lang='lat' dir='ltr'><strong>servi,</strong></span> <span class='ocrx_word' id='word_1_847' title='bbox 2304 5113 2586 5183; x_wconf 89' lang='lat' dir='ltr'><strong>junioris,</strong></span> <span class='ocrx_word' id='word_1_848' title='bbox 2620 5113 2743 5169; x_wconf 86' lang='lat' dir='ltr'><strong>ﬁlii.</strong></span> <span class='ocrx_word' id='word_1_849' title='bbox 2776 5113 2977 5169; x_wconf 91' lang='lat' dir='ltr'><strong>Nonne</strong></span> <span class='ocrx_word' id='word_1_850' title='bbox 3017 5115 3157 5184; x_wconf 89' lang='lat' dir='ltr'><strong>jura</strong></span> <span class='ocrx_word' id='word_1_851' title='bbox 3209 5117 3446 5185; x_wconf 88' lang='lat' dir='ltr'><strong>pietatis</strong></span> <span class='ocrx_word' id='word_1_852' title='bbox 3500 5116 3776 5173; x_wconf 85' lang='lat' dir='ltr'><strong>omisisse</strong></span> 
     </span>
    </p>
   </div>
   <div class='ocr_carea' id='block_1_116' title="bbox 2102 5201 3771 5277">
    <p class='ocr_par' dir='ltr' id='par_1_116' title="bbox 2102 5201 3771 5277">
     <span class='ocr_line' id='line_1_116' title="bbox 2102 5201 3771 5277; baseline 0.004 -20"><span class='ocrx_word' id='word_1_853' title='bbox 2102 5201 2290 5258; x_wconf 84' lang='lat' dir='ltr'><strong>videri</strong></span> <span class='ocrx_word' id='word_1_854' title='bbox 2321 5201 2971 5271; x_wconf 87' lang='lat' dir='ltr'><strong>debeamus,siquidem</strong></span> <span class='ocrx_word' id='word_1_855' title='bbox 3007 5202 3063 5257; x_wconf 91' lang='lat' dir='ltr'><strong>in</strong></span> <span class='ocrx_word' id='word_1_856' title='bbox 3099 5203 3221 5258; x_wconf 87' lang='lat' dir='ltr'><strong>foro</strong></span> <span class='ocrx_word' id='word_1_857' title='bbox 3250 5204 3559 5277; x_wconf 86' lang='lat' dir='ltr'><strong>contingat</strong></span> <span class='ocrx_word' id='word_1_858' title='bbox 3588 5223 3771 5277; x_wconf 64' lang='lat' dir='ltr'><strong>pries-</strong></span> 
     </span>
    </p>
   </div>
   <div class='ocr_carea' id='block_1_117' title="bbox 2103 5290 3779 5364">
    <p class='ocr_par' dir='ltr' id='par_1_117' title="bbox 2103 5290 3779 5364">
     <span class='ocr_line' id='line_1_117' title="bbox 2103 5290 3779 5364; baseline 0.003 -18"><span class='ocrx_word' id='word_1_859' title='bbox 2103 5290 2389 5346; x_wconf 87' lang='lat' dir='ltr'><strong>tantiorcs</strong></span> <span class='ocrx_word' id='word_1_860' title='bbox 2421 5291 2575 5346; x_wconf 89' lang='lat' dir='ltr'><strong>male</strong></span> <span class='ocrx_word' id='word_1_861' title='bbox 2623 5291 2777 5347; x_wconf 79' lang='lat' dir='ltr'><strong>affici</strong></span> <span class='ocrx_word' id='word_1_862' title='bbox 2812 5290 3065 5347; x_wconf 86' lang='lat' dir='ltr'><strong>violenta</strong></span> <span class='ocrx_word' id='word_1_863' title='bbox 3116 5293 3505 5364; x_wconf 82' lang='lat' dir='ltr'><strong>impressione</strong></span> <span class='ocrx_word' id='word_1_864' title='bbox 3536 5294 3779 5352; x_wconf 87' lang='lat' dir='ltr'><strong>inferio-</strong></span> 
     </span>
    </p>
   </div>
   <div class='ocr_carea' id='block_1_118' title="bbox 2102 5380 3774 5458">
    <p class='ocr_par' dir='ltr' id='par_1_118' title="bbox 2102 5380 3774 5458">
     <span class='ocr_line' id='line_1_118' title="bbox 2102 5380 3774 5458; baseline 0.003 -21"><span class='ocrx_word' id='word_1_865' title='bbox 2102 5398 2234 5437; x_wconf 89' lang='lat' dir='ltr'><strong>rum</strong></span> <span class='ocrx_word' id='word_1_866' title='bbox 2263 5401 2276 5451; x_wconf 91' lang='lat'><strong>;</strong></span> <span class='ocrx_word' id='word_1_867' title='bbox 2303 5398 2405 5436; x_wconf 89' lang='lat' dir='ltr'><strong>nec</strong></span> <span class='ocrx_word' id='word_1_868' title='bbox 2429 5381 2668 5436; x_wconf 86' lang='lat' dir='ltr'><strong>interim</strong></span> <span class='ocrx_word' id='word_1_869' title='bbox 2689 5380 3200 5453; x_wconf 75' lang='lat' dir='ltr'><strong>praestantioribus</strong></span> <span class='ocrx_word' id='word_1_870' title='bbox 3219 5383 3540 5441; x_wconf 85' lang='lat' dir='ltr'><strong>tulerimus</strong></span> <span class='ocrx_word' id='word_1_871' title='bbox 3555 5402 3774 5458; x_wconf 84' lang='lat' dir='ltr'><strong>suppe-</strong></span> 
     </span>
    </p>
   </div>
   <div class='ocr_carea' id='block_1_119' title="bbox 2099 5469 3772 5546">
    <p class='ocr_par' dir='ltr' id='par_1_119' title="bbox 2099 5469 3772 5546">
     <span class='ocr_line' id='line_1_119' title="bbox 2099 5469 3772 5546; baseline 0.003 -20"><span class='ocrx_word' id='word_1_872' title='bbox 2099 5469 2215 5527; x_wconf 83' lang='lat' dir='ltr'><strong>tias</strong></span> <span class='ocrx_word' id='word_1_873' title='bbox 2248 5469 2332 5526; x_wconf 88' lang='lat' dir='ltr'><strong>sic</strong></span> <span class='ocrx_word' id='word_1_874' title='bbox 2376 5469 2617 5544; x_wconf 84' lang='lat' dir='ltr'><strong>indigne</strong></span> <span class='ocrx_word' id='word_1_875' title='bbox 2664 5469 2917 5542; x_wconf 86' lang='lat' dir='ltr'><strong>acceptis</strong></span> <span class='ocrx_word' id='word_1_876' title='bbox 2943 5470 2971 5527; x_wconf 77' lang='lat' dir='ltr'><strong>‘I</strong></span> <span class='ocrx_word' id='word_1_877' title='bbox 2998 5471 3085 5528; x_wconf 90' lang='lat' dir='ltr'><strong>Ad</strong></span> <span class='ocrx_word' id='word_1_878' title='bbox 3138 5471 3260 5529; x_wconf 64' lang='lat' dir='ltr'><strong>haec</strong></span> <span class='ocrx_word' id='word_1_879' title='bbox 3291 5473 3412 5530; x_wconf 86' lang='lat' dir='ltr'><strong>acri</strong></span> <span class='ocrx_word' id='word_1_880' title='bbox 3463 5474 3772 5546; x_wconf 85' lang='lat' dir='ltr'><strong>enthyme-</strong></span> 
     </span>
    </p>
   </div>
  </div>
