4108 6404
334 418 443 475 475

1169 416 1536 470 ΔΡΡΕΝΒΙΧ
1574 413 1671 468 AD
1707 411 1948 466 OPERA
1981 413 2042 467 S.
2080 412 2397 469 DIONYSII
2435 412 2936 470 AREOPAGITE.

3654 416 3762 472 476

337 548 495 601 mate
522 544 738 599 utitur:
767 542 944 599 etiam
978 540 1026 597 si
1062 539 1162 613 qui
1180 538 1451 611 presenti
1472 536 1601 593 loco
1624 537 1990 593 inducuntur

2113 531 2324 600 ἕκαστος
2379 535 2526 611 παρὰ
2578 540 2685 592 τῶν
2746 538 3037 613 ὁμοταγῶν
3082 539 3280 615 ἁγίων,
3340 540 3432 595 καὶ
3462 539 3566 596 οὐκ
3624 542 3767 597 ἀντι-

337 634 668 699 inferiores,
708 632 855 686 forte
881 649 915 686 a
939 629 1369 703 potentioribus
1394 628 1618 701 priores
1650 630 1997 699 acceperant

337 723 634 793 injuriam.
670 722 780 776 Sed
829 725 886 776 et
915 720 1010 775 hic
1061 719 1302 791 quinam
1336 716 1484 773 ratio
1524 716 1641 771 dici
1674 716 1861 788 possit
1893 714 1995 770 ad-

335 827 571 867 versum
605 827 667 865 se
698 809 977 864 inferiora
1024 807 1391 879 delinquere,
1427 806 1574 860 iram
1607 805 1738 860 dico
1772 810 1830 859 et
1859 820 1995 858 con-

338 897 812 972 cupiscentiam?
844 896 989 951 Nam
1025 895 1261 968 quando
1294 895 1424 966 ipsa
1455 894 1743 949 adnititur
1774 891 1997 965 princi-

340 998 542 1063 patum
579 988 830 1042 retinere
864 985 977 1041 sibi
1009 984 1110 1040 Dei
1146 1000 1389 1039 munere
1418 982 1759 1067 indultum;
1794 999 1996 1054 perur-

340 1084 514 1150 getur
562 1081 760 1131 tamen
810 1076 882 1129 ab
931 1074 1020 1130 his
1068 1089 1140 1127 ne
1190 1089 1297 1128 suo
1339 1072 1476 1143 jure
1523 1070 1705 1126 libere
1756 1074 1995 1138 utatur;

338 1167 548 1236 injusti
587 1170 741 1220 certe
792 1181 919 1232 nos,
951 1162 1049 1233 qui
1102 1178 1221 1217 non
1271 1166 1534 1233 tempore
1585 1159 1998 1215 contendimus

340 1270 512 1329 opem
544 1254 693 1308 ferre
743 1251 1033 1309 laboranti
1082 1251 1314 1306 rationi.
1348 1250 1489 1305 Jure
1520 1249 1718 1320 itaque
1748 1248 1999 1304 eximius

340 1344 440 1399 ille
472 1341 691 1398 Paulus
715 1341 1023 1397 Timotheo
1053 1339 1230 1397 edicit
1261 1356 1364 1412 per
1379 1337 1793 1411 epistolam,ne
1822 1353 1998 1409 quem

339 1430 683 1506 pronuntiet
708 1430 978 1485 Ecclesia
1002 1429 1256 1502 primatu
1284 1427 1657 1500 dignum,qui
1681 1444 1798 1482 non
1835 1425 1999 1497 prius

343 1522 500 1577 norit
521 1536 642 1576 suae
664 1518 867 1574 domui
892 1517 1151 1590 legitime
1175 1532 1424 1588 praeesse
1458 1516 1546 1587 (0).
1581 1515 1730 1571 Huic
1763 1518 1999 1571 senten-

339 1610 432 1665 tia
464 1608 705 1682 pulchre
738 1608 1059 1662 admodum
1091 1605 1290 1661 divina
1321 1604 1644 1660 concinunt
1664 1604 1997 1676 Evangelia:

339 1700 445 1770 Qui
494 1702 553 1756 in
599 1699 809 1755 modico
860 1698 1062 1770 ﬁdelis,
1091 1707 1143 1753 et
1189 1699 1251 1752 in
1299 1695 1478 1752 multo
1528 1694 1834 1767 ﬁdelis(p).
1868 1694 2000 1766 Ipse

337 1806 496 1857 vero,
531 1788 708 1845 sicuti
740 1787 1304 1859 praamisimus,qute
1338 1786 1571 1857 proprie
1601 1785 1838 1850 rationi,
1871 1800 1999 1855 quas

344 1877 446 1933 irae
466 1877 842 1949 peculiariter
862 1879 1205 1947 competunt
1227 1880 1285 1930 et
1307 1874 1818 1947 concupiscentiae,
1850 1889 1999 1928 seor-

341 1967 456 2023 sim
477 1983 585 2022 sua
607 1965 816 2037 cuique
847 1964 1051 2020 munia
1069 1962 1464 2035 praescribito:
1490 1961 1599 2017 hoc
1641 1968 1749 2032 est,
1780 1966 1842 2016 tu
1876 1961 2000 2031 ipse

340 2071 415 2110 ne
435 2054 619 2110 alium
639 2051 1184 2124 quemlibet,magis
1206 2055 1402 2106 autem
1427 2055 1481 2106 te
1502 2049 1695 2121 ipsum
1723 2051 1792 2104 ad
1829 2048 2001 2104 recti-

339 2143 609 2199 tudinem
663 2143 794 2197 vitaa
844 2140 1232 2211 ordinemque
1264 2154 1489 2206 revoca,
1519 2139 1688 2209 juxta
1731 2137 2001 2210 singulas

340 2230 553 2289 animae
606 2235 718 2286 tuae
767 2230 923 2286 vires
974 2230 1188 2300 cuique
1237 2245 1463 2296 earum,
1512 2228 1668 2300 quod
1719 2231 2001 2294 meretur,

341 2335 613 2377 seorsum
647 2318 1012 2390 impertiens.
1044 2316 1173 2372 Tibi
1198 2317 1432 2372 interim
1470 2317 1699 2372 diaconi
1729 2317 1857 2372 vitae
1888 2317 2000 2371 for-

342 2407 567 2465 mulam
597 2407 1003 2480 prascribant,
1033 2404 1153 2462 illis
1183 2405 1324 2461 item
1360 2405 1704 2478 presbyteri,
1733 2405 1827 2460 his
1858 2421 2001 2477 pon-

343 2498 557 2569 tiﬁces,
589 2495 972 2569 pontificibus
1021 2494 1297 2567 apostoli,
1331 2511 1521 2565 neque
1553 2512 1668 2550 non
1701 2494 2000 2568 apostolo-

349 2603 489 2644 rum
520 2585 988 2643 successores.ln
1021 2584 1242 2640 mundo
1274 2583 1566 2655 siquidem
1603 2583 2003 2655 apostolorum

344 2675 618 2735 nonnulli
650 2675 999 2747 superstites
1031 2673 1432 2742 adhucerant;
1476 2674 1577 2729 sed
1606 2679 1663 2728 et
1694 2690 1810 2728 non
1833 2673 2004 2745 pauci

349 2765 684 2837 apostolicae
709 2764 1027 2819 functionis
1050 2778 1421 2818 successores
1457 2762 1529 2817 ab
1570 2762 1688 2818 illis
1728 2762 2006 2832 ordinati,

238 2900 245 2906 .
347 2858 524 2927 atque
555 2854 637 2909 ita
672 2853 930 2925 legitime
960 2852 1200 2908 tandem
1220 2852 1631 2923 unusquisque
1653 2852 1723 2906 ad
1746 2850 2005 2907 ofﬁcium

348 2943 718 3000 revocabitur
747 2959 781 2997 a
810 2942 902 2997 sui
960 2942 1184 2997 ordinis
1232 2940 1490 3008 sanctis;
1538 2939 1639 2996 sed
1684 2957 1874 3012 neque
1917 2940 2006 2995 in-

350 3032 597 3088 vertitur
645 3048 841 3086 rerum
874 3030 1036 3086 ordo.
1075 3028 1206 3085 Haec
1237 3034 1357 3084 tam
1402 3029 1590 3084 multa
1620 3029 1725 3084 tibi
1755 3046 1821 3085 eo
1852 3029 2010 3084 dicta

347 3120 830 3192 sint,utteipsum
853 3120 1109 3190 primum
1127 3119 1599 3187 noveris,deinde
1630 3123 1797 3174 tuum
1821 3117 2009 3191 ipsius

352 3208 731 3266 ordinem.Ds
761 3208 861 3265 illa
891 3213 1088 3265 autem
1123 3212 1225 3263 tua
1258 3208 1316 3262 in
1352 3212 1715 3280 peccatorem
1740 3206 2011 3262 immani-

2107 626 2472 702 στραφτςσεται
2541 628 2575 695 ἡ
2625 627 2793 699 τάξις.
2846 630 3089 683 Τοσαῦτά
3147 650 3236 683 σοι
3293 629 3361 684 τὰ
3412 633 3539 707 παρ’
3597 633 3760 704 ἡμῶν

2111 713 2243 787 ὑπὲρ
2294 718 2390 768 τοῦ⁹
2448 712 2645 769 εἰδέναι
2702 717 2922 771 σεαυτὸν
2968 717 3055 772 καὶ
3102 718 3201 786 τήν
3234 714 3372 773 ἰδίαν
3399 718 3568 790 τάξιν.
3628 721 3762 796 Περὶ

2108 798 2165 855 δὲ
2215 808 2318 870 τῆς
2370 802 2445 864 εἷς
2503 804 2595 858 τὸν
2653 804 2983 880 ἁμαρτωλὸν
3039 806 3445 879 ἀπανθρωπίας,
3495 806 3595 862 οὐκ
3643 806 3765 863 οἶδα

2107 895 2225 952 πῶς
2275 889 2585 965 κλαύσομαι
2617 896 2973 969 προφυτικῶς
3019 895 3081 949 τὸ
3141 894 3449 969 σύντριμμα
3502 900 3598 951 τοῦ
3628 896 3765 973 ἀγα·

2107 984 2287 1049 πητοῦ
2370 986 2734 1057 χριστιανοῦο
2806 983 2970 1058 χάριν
3044 983 3148 1058 γὰρ
3222 983 3366 1046 τίνος
3433 986 3767 1060 θεραπευτής

2109 1068 2350 1144 ἐτάχθης
2404 1071 2531 1146 παρ’
2589 1073 2775 1144 ἡμῶν,
2825 1069 3120 1148 ἀλλότριος
3182 1071 3254 1127 ὥν
3302 1079 3404 1144 τῆς
3462 1075 3765 1148 καθ’ἡμᾶς

2109 1155 2438 1230 θεραπείας;
2487 1157 2592 1213 Καὶ
2646 1157 2759 1213 ἐπεὶ
2790 1162 3039 1221 τοιοῦτος
3070 1159 3137 1233 εἶ,
3195 1159 3312 1235 ὥρα
3368 1182 3452 1216 σοι
3511 1162 3600 1216 καὶ
3632 1162 3762 1218 Θεὸν

2105 1247 2196 1301 καὶ
2255 1246 2430 1320 ἰερέας
2462 1245 2677 1322 ἑτέρους
2707 1251 2912 1318 ζητεῖν,
2943 1248 3018 1310 ὡς
3049 1245 3109 1302 ἂν
3161 1252 3443 1325 θηριωθῇς
3468 1253 3596 1325 παρ’
3626 1249 3765 1307 ἐκεί-

2108 1358 2212 1391 νων
2244 1336 2279 1405 ἢ
2312 1335 2571 1411 τελεσθῇς
2603 1337 2701 1411 (1(,
2764 1334 2886 1392 οὔτε
2934 1335 3094 1402 εἰδὼς
3148 1337 3200 1394 έν
3234 1339 3343 1394 τίνι
3372 1341 3765 1416 προσκόπτεις,

2108 1426 2199 1481 καὶ
2230 1426 2484 1499 οἰόμενος
2519 1423 2761 1501 βλέπειν,
2792 1423 3014 1497 ἀληθῶς
3061 1426 3123 1482 οὐ
3178 1425 3421 1504 βλέπων.
3482 1426 3701 1500 Ἑξέστη
3737 1431 3767 1486 6

2109 1513 2339 1590 οὐρανὸς
2387 1514 2475 1569 ἐπὶ
2530 1514 2729 1587 τούτῳ,
2781 1516 2917 1571 κατὰ
2971 1517 3063 1571 τὸν
3090 1517 3380 1592 Ἰερεμίαν,
3429 1518 3518 1573 καὶ
3578 1516 3767 1597 ἔφριξα

2110 1601 2242 1677 ἰγώ.
2279 1603 2375 1659 Καὶ
2407 1602 2456 1658 εἴ
2508 1604 2585 1676 μὴ
2618 1604 2687 1658 τὰ
2742 1604 2809 1658 σὰ
2861 1606 3157 1680 γράμματα
3204 1604 3489 1681 ἐδεξάμην,
3550 1606 3649 1662 οὐκ
3704 1605 3765 1662 ἂν

2109 1691 2277 1767 ἑτέρῳ
2308 1696 2531 1747 τοιαῦτα
2578 1692 2703 1768 περὶ
2752 1696 2848 1747 σοῦ
2898 1692 3114 1768 λέγοντι
3156 1692 3457 1750 ἐπίστευον·
3510 1697 3594 1751 ὅτι
3650 1703 3767 1768 Δηο

2114 1781 2350 1860 μόφιλος
2382 1782 2472 1836 καὶ
2525 1782 2614 1836 τὸν
2658 1780 2787 1837 Θεὸν
2837 1781 3259 1860 ἀφιλάνθρωπον
3302 1785 3392 1839 καὶ
3450 1785 3635 1840 ἑαυτὸν
3686 1786 3765 1859 μή

2111 1866 2315 1925 δεῖσθαι
2364 1869 2553 1932 ἐλέους
2586 1866 2778 1944 οἷέται,
2824 1870 3071 1934 καὶτοὺς
3109 1873 3276 1948 ἱερεῖς
3322 1873 3764 1950 ἀποχειροτονεῖ·

2108 1957 2234 2016 ἀλλ’
2289 1961 2317 2014 ὁ
2376 1958 2654 2030 Δεσπότης
2722 1960 2957 2034 Χριστὸς
3003 1961 3092 2015 καὶ
3140 1965 3310 2016 ταῦτα
3353 1962 3767 2038 κεχωρισμένος

2108 2048 2214 2103 ἀπὸ
2260 2052 2368 2103 τῶν
2429 2047 2799 2122 ἁμαρτωλῶν,
2874 2047 3195 2122 (Ἃμαρτίαν
3259 2049 3365 2126 γὰρ
3424 2049 3522 2105 οὐκ
3577 2048 3770 2122 ἰποίη-

2109 2157 2218 2207 σεν,
2279 2135 2410 2192 οὐδὲ
2485 2135 2676 2212 εὑρέθη
2757 2134 2921 2199 δόλος
2990 2136 3041 2192 έν
3118 2142 3199 2210 τῷ
3263 2136 3494 2212 στόματι
3554 2139 3773 2215 αὐτοῦ’)

2108 2226 2198 2281 καὶ
2244 2227 2344 2295 τήν
2387 2231 2494 2282 τῶν
2536 2220 2826 2302 προϐάτων
2876 2229 3243 2299 ποιμαντικήν
3304 2224 3501 2304 δεῖγμα
3547 2235 3648 2299 τῆς
3693 2228 3771 2292 εἰς

2111 2317 2296 2371 ἑαυτὸν
2338 2314 2553 2391 ἀγάπης
2603 2320 2863 2370 ποιεῖται·
2915 2315 3006 2370 καὶ
3053 2317 3145 2370 τὸν
3202 2317 3278 2390 μή
3312 2315 3534 2395 ἀφιέντα
3582 2315 3771 2393 ὀλίγον

2107 2409 2190 2477 τῷ
2216 2405 2494 2479 συνοικέτῃ
2523 2401 2710 2459 πολλά
2738 2403 2983 2482 ἀφεθέντι
3041 2406 3280 2480 πονηρὸν
3329 2405 3621 2476 ἀποκαλεῖ,
3677 2408 3773 2462 καὶ

2113 2491 2317 2549 δικαιοῖ
2344 2498 2451 2549 τῶν
2503 2493 2719 2549 οἰκείων
2766 2491 3086 2563 ἀπολαύειν,
3120 2491 3378 2565 δηλονότι
3412 2499 3508 2550 τοῦ
3540 2496 3766 2560 σκότους

2110 2583 2201 2639 καὶ
2233 2590 2333 2653 τῆς
2361 2583 2633 2658 τιμωρίας
2817 2587 2984 2639 ταῦτα
3010 2585 3110 2659 γὰρ
3144 2583 3321 2641 οἰκεῖα
3373 2588 3454 2658 τῷ
3510 2590 3764 2659 πονηρῷ·

2112 2672 2271 2735 αὐτός
2298 2671 2463 2745 ἐστιν,
2514 2673 2572 2734 ὃς
2620 2672 2712 2726 καὶ
2765 2672 2897 2747 ὑπὲρ
2944 2676 3051 2727 τῶν
3090 2672 3466 2750 σταυρούντων
3525 2672 3775 2750 προσηύ-

2114 2778 2272 2838 χετο.
2303 2760 2568 2835 Ἐπετίμα
2599 2759 2657 2816 δὲ
2697 2760 2789 2816 καὶ
2816 2766 2933 2824 τοῖς
2995 2763 3266 2835 μαθηταῖς
3306 2763 3443 2818 κατᾶ
3495 2767 3604 2818 τῶν
3658 2770 3772 2818 Σα-

2119 2855 2387 2927 μαρειτῶν
2447 2849 2701 2926 λέγουσι,
2756 2851 2935 2916 καθὼς
2992 2851 3082 2906 καὶ
3136 2850 3188 2906 έν
3245 2856 3324 2924 τῷ
3378 2852 3515 2907 κατὰ
3561 2858 3773 2908 Λουκᾶν

2116 2941 2257 3017 ἀγίῳ
2335 2938 2649 3017 Εὐαγγελίῳ
2733 2941 3056 3016 γέγραπται·
3129 2940 3231 2996 Καὶ
3316 2942 3421 3017 γὰρ
3482 2942 3510 2997 6
3569 2941 3770 3017 Κύριος

2115 3032 2251 3107 πρὸς
2310 3028 2508 3093 αὐτούς
2565 3048 2768 3100 φησιν’
2837 3028 2952 3087 Οὐκ
3008 3026 3193 3086 οἷ’δατε
3246 3030 3410 3086 ποίου
3463 3030 3775 3104 πνεύματός

2117 3119 2252 3188 ἐστε,
2307 3117 2563 3190 δηλονότι
2611 3120 2744 3190 ποίᾳ
2773 3120 2961 3195 χάριτι
2995 3116 3292 3175 διακονεῖτε
3321 3121 3420 3196 (3).
3472 3119 3548 3174 Σὺ
3583 3117 3628 3175 δ’
3659 3121 3774 3175 ἄνω

2117 3209 2209 3263 καὶ
2252 3208 2401 3263 κάτω
2459 3206 2758 3283 θρυλλεῖς,
2816 3207 2890 3269 ὡς
2944 3208 3037 3263 τὸν
3092 3209 3221 3263 Θεὸν
3289 3206 3630 3279 έξεδίκησας,
3688 3205 3779 3264 διὰ

349 3301 615 3369 tate,non
643 3297 788 3355 satis
820 3297 1226 3369 intelligo,quo
1258 3276 1386 3352 eam
1412 3296 1646 3368 planctu
1680 3296 2003 3368 deplorem,

2114 3297 2303 3360 κακίας
2350 3298 2440 3353 τὸν
2491 3276 2709 3372 ἀγαθόν·
2742 3276 2960 3370 νάπαγι.
3010 3302 3068 3354 '0
3117 3276 3406 3374 ἀρχιερεὺς
3443 3276 3772 3374 ἡμῶννΧρι-

348 3387 697 3460 prOphetam
730 3386 1023 3456 imitatus,
1047 3385 1463 3441 contritionem
1497 3403 1778 3458 perquam
1810 3385 2005 3441 dilecti

349 3472 688 3533 christiani.
722 3476 907 3546 Cujus
937 3475 1093 3531 enim
1126 3474 1317 3546 gratia
1349 3492 1382 3529 a
1407 3473 1577 3530 nobis
1606 3473 1826 3530 ascitus
1852 3491 1914 3530 es
1945 3475 2005 3530 in

352 3565 619 3620 ordinem
652 3564 947 3619 cultorum
997 3562 1121 3630 Dei,
1156 3562 1382 3618 alienus
1433 3579 1566 3617 cum
1595 3580 1756 3619 esses
1795 3563 1867 3618 ab
1901 3564 2007 3618 hac

349 3656 552 3709 nostra
584 3651 869 3723 religione
888 3651 916 3705 ‘?
945 3651 1385 3723 Tempestivum
1411 3651 1538 3722 jam
1572 3651 2007 3724 fuerit,quando

348 3745 407 3797 te
437 3740 616 3797 talem
669 3741 935 3809 exhibes,
968 3745 1031 3795 ut
1079 3740 1261 3795 Deum
1314 3740 1521 3808 alium,
1574 3741 1720 3796 alios
1765 3740 2009 3813 insuper

348 3831 685 3886 sacerdotes
726 3831 1037 3901 perquiras
1071 3846 1084 3885 :
1118 3829 1321 3900 sicque
1353 3830 1509 3902 apud
1556 3828 1692 3885 illos
1732 3831 2008 3886 etl‘eratus

349 3919 655 3985 desaevitis,
691 3923 793 3974 aut
818 3919 1004 3973 sacris
1035 3917 1266 3974 initiere
1297 3924 1354 3974 et
1386 3918 1724 3991 perﬁciaris.
1763 3918 2008 3976 Nescius

349 4009 497 4064 mihi
551 4008 769 4077 videre,
804 4023 980 4079 quam
1030 4008 1090 4062 in
1147 4011 1370 4077 partem
1404 4023 1628 4079 preces,
1659 4007 1757 4078 qui
1806 4008 2007 4064 existi-

350 4113 481 4153 mas
511 4097 724 4152 acriter
755 4114 876 4153 rem
905 4095 1236 4170 perspicere
1267 4113 1399 4152 cum
1421 4113 1622 4153 revera
1639 4097 1786 4152 nihil
1809 4097 2008 4154 minus

349 4187 433 4244 sis
468 4201 647 4258 quam
680 4185 1069 4253 videns.270
1100 4185 1419 4257 Obstupuit
1451 4183 1659 4240 coelum
1679 4202 1857 4257 super
1876 4186 2007 4253 hoc,

340 4275 518 4347 juxta
544 4275 815 4331 Jeremiae
848 4275 926 4348 (ᾳ)
954 4274 1259 4330 oraculum
1287 4299 1301 4343 ;
1338 4274 1441 4331 sed
1471 4278 1528 4331 et
1558 4275 1685 4348 ipse
1714 4274 2006 4331 exhorrui.

349 4364 515 4430 Quod
547 4364 606 4418 ni
630 4368 762 4419 tuas
782 4363 1011 4419 litteras
1032 4362 1761 4436 excepissem,nullatenus
1785 4365 2009 4420 fueram

348 4452 518 4508 alteri
555 4452 730 4508 ﬁdem
764 4453 1074 4508 habiturus
1096 4457 1216 4508 tam
1249 4453 1498 4527 indigna
1528 4454 1598 4509 de
1629 4458 1685 4509 te
1714 4454 2006 4510 referenti:

353 4542 495 4614 quia
521 4540 790 4598 videlicet
820 4540 1207 4614 DemOphilus
1233 4543 1412 4598 Deum
1437 4540 1678 4614 quidem
1703 4541 2013 4599 arbitrare-

2117 3388 2264 3456 στὸς,
2325 3384 2546 3458 ἄκακος,
2593 3383 2789 3461 πραῢς,
2844 3384 3080 3459 ἱλασμός
3126 3385 3236 3442 ἐστι
3295 3387 3419 3462 περὶ
3475 3391 3581 3441 τῶν
3633 3387 3778 3460 ἡμε-

2113 3475 2283 3551 τέρων
2346 3477 2648 3552 ἁμαρτιῶν.
2706 3474 2898 3531 Τοίνυν
2952 3474 3051 3529 οὐκ
3098 3473 3474 3548 ἀποδεξόμεθά
3533 3495 3630 3529 σου
3678 3474 3779 3537 τὰς

2115 3563 2436 3636 ἆζηλώτους
2469 3564 2665 3640 ὁρμὰς,
2698 3563 2743 3618 εἰ
2793 3564 2882 3619 καὶ
2915 3562 3188 3628 πολλάκις
3238 3558 3534 3640 προϐάλλῃ
3561 3561 3655 3618 τόν
3716 3584 3782 3619 τε

2114 3652 2309 3710 Ἠλίαν
2370 3653 2458 3709 καὶ
2515 3653 2607 3708 τὸν
2675 3654 2882 3723 Φινεὲς,
2953 3653 3158 3728 λέγων,
3219 3652 3302 3708 ὅτι
3360 3654 3476 3708 κατ’
3534 3652 3779 3716 ἐκείνους

2116 3743 2397 3814 ἐποίησας’
2449 3739 2573 3798 οὐδὲ
2619 3743 2720 3819 γὰρ
2771 3743 3033 3817 ἠρέσκετο
3076 3744 3103 3797 6
3135 3741 3338 3819 Κύριος
3384 3741 3606 3817 λέγουσι
3654 3763 3774 3797 τοι-

2117 3838 2251 3889 αὕτα
2293 3833 2631 3908 ἀπάνθρωπα
2675 3836 2793 3892 τοῖς
2844 3826 2921 3886 ἔτι
2967 3831 3268 3907 ἀμετόχοις
3315 3834 3411 3887 τοῦ
3460 3830 3779 3905 Ηνεύματος

2121 3926 2413 3995 μαθηταῖς.
2433 3920 2608 3977 Τοῦτο
2641 3918 2698 3975 δὲ
2730 3920 2872 3976 εἶπεν
2905 3922 2933 3975 6
2968 3922 3154 3995 Πατὴρ
3187 3921 3323 3996 πρὸς
3352 3921 3416 3975 τὸ
3440 3918 3652 3976 τέλειον
3675 3923 3778 3995 τῇς

2118 4009 2325 4087 δωρεᾶς
2373 4007 2607 4082 ἀπιδὼν,
2658 4010 2725 4079 ἧς
2774 4005 2970 4065 ἔλαϐον
3019 4011 3153 4083 μετά
3180 4011 3282 4080 τὴν
3326 4010 3637 4065 ἀνάστασινο
3688 4010 3779 4085 γέ-

2117 4120 2354 4177 γραπται
2396 4100 2519 4175 γάρ·
2576 4097 2746 4156 Οὔπω
2804 4099 2870 4169 ἦν
2923 4102 3143 4172 Πνεῦμα
3192 4099 3368 4173 ἅγιον,
3419 4097 3502 4154 δτι
3555 4101 3771 4170 Ἰησοῦς

2118 4186 2272 4244 οὔπω
2305 4185 2593 4260 ἐδοξάσθη.
2645 4184 2996 4252 Διδάσκεσθαι
3057 4184 3114 4243 δὲ
3142 4188 3278 4263 χρὴ,
3327 4187 3418 4242 καὶ
3452 4186 3514 4243 ού
3545 4185 3775 4257 κολάζε-

2118 4279 2239 4332 σθαι
2269 4278 2396 4340 τοὺς
2446 4277 2796 4353 ἀγνοοῦντας,
2829 4276 3010 4351 ὥσπερ
3055 4276 3145 4332 καὶ
3174 4274 3418 4355 τυφλοὺς
3447 4273 3777 4353 δδηγοῦμεν,

2119 4366 2180 4422 ού
2211 4365 2540 4440 κολάζομεν.
2566 4366 2779 4443 Κόρῥην
2813 4364 2871 4422 δέ
2897 4387 3041 4429 τινες
3069 4366 3162 4440 μὶν
3184 4366 3276 4421 τὸν
3300 4364 3575 4442 κρόταφόν
3593 4383 3776 4443 φασιν*

2119 4450 2252 4510 ἔνιοι
2286 4451 2465 4524 δὶ,τήν
2488 4452 2940 4530 γνάθον.Βέλτιον
2976 4453 3033 4509 δὲ
3059 4456 3150 4510 τὸν
3175 4452 3444 4530 κρόταφον
3467 4452 3775 4531 λέγειν.Μὴ

2105 4542 2319 4612 τοίνυν,
2352 4542 2655 4618 παρακαλῶ
2684 4543 2844 4616 ὑμᾶς,
2876 4541 3232 4622 βλάπτωμεν·
3263 4545 3428 4597 τοῦτο
3470 4542 3575 4616 γὰρ
3631 4559 3777 4615 παρ-

353 4635 448 4688 tur
477 4647 616 4703 erga
643 4648 749 4686 nos
781 4647 912 4688 esse
942 4632 1379 4699 inclementem,
1414 4648 1477 4687 se
1503 4636 1701 4688 autem
1736 4631 1881 4687 nihil
1913 4632 2003 4687 ha-

2119 4628 2402 4705 οιμιωδῶς
2450 4630 2619 4709 λέγει,
2666 4630 2825 4686 ὠθεῖν
2876 4632 2996 4696 καθ’
3024 4630 3226 4687 ἑαυτῶν
3285 4631 3347 4686 τὸ
3395 4627 3571 4705 ξίφος.
3624 4629 3780 4686 Μετά

347 4719 486 4776 bere
518 4737 668 4793 opus
717 4720 817 4776 Dei
869 4721 1393 4791 miseratione;ad
1444 4720 1588 4789 haec,
1620 4720 1783 4778 illius
1832 4723 2008 4778 etiam

347 4810 685 4866 sacerdotes
737 4810 944 4882 dejici'.
991 4812 1200 4884 gradu.
1234 4814 1523 4866 Caeterum
1564 4811 1852 4867 Dominus
1884 4813 2011 4885 ipse

347 4897 640 4967 Christus,
675 4898 854 4971 idque
886 4916 1020 4955 cum
1052 4904 1208 4956 esset
1234 4917 1267 4956 a
1297 4900 1702 4971 peccatoribus
1734 4918 2009 4974 segrega-

348 4990 447 5044 tus
477 4989 786 5059 (peccatum
835 4988 985 5044 enim
1014 4990 1238 5044 nullum
1260 4990 1511 5058 admisit,
1544 5006 1721 5062 neque
1752 4993 2010 5047 inventus

351 5074 512 5131 dolus
542 5079 605 5132 in
633 5093 728 5133 ore
777 5078 894 5150 ejus
925 5078 1018 5150 (r),
1055 5083 1360 5135 strenuam
1393 5095 1459 5134 ac
1502 5079 1837 5152 pervigilem
1874 5097 2008 5152 pas-

351 5165 671 5221 cendarum
702 5167 897 5222 ovium
924 5184 1167 5224 suarum
1184 5168 1755 5224 administrationem
1780 5168 2008 5224 illustre

348 5266 481 5309 esse
502 5260 946 5326 argumentum,
978 5260 1156 5328 atque
1186 5256 1428 5312 evidens
1449 5257 1613 5311 ducit
1635 5262 1850 5312 nostrae
1870 5274 2009 5331 erga

347 5356 411 5396 se
434 5341 910 5400 dilectionis.Sed
942 5349 1001 5400 et
1030 5343 1299 5417 eum,qui
1332 5360 1404 5400 ne
1436 5344 1738 5402 tantillum
1769 5346 2005 5418 quidem

2117 4722 2286 4776 ταῦτά
2318 4743 2504 4799 φησιν,
2535 4723 2626 4777 οἷα
2648 4719 3011 4786 ἐπακολουθεῖ
3059 4725 3177 4784 τοῖς
3228 4718 3432 4775 ἀδικεῖν
3479 4720 3515 4787 ἢ
3567 4719 3779 4794 εὗεργεο

2117 4816 2229 4867 τεῖν
2260 4831 2411 4873 τινας
2457 4810 2841 4886 βουλομένοις,
2885 4810 2983 4865 κᾶν
3038 4811 3116 4884 μὴ
3161 4809 3294 4886 πρὸς
3340 4803 3501 4884 ἔργον
3547 4803 3778 4882 ἤνεγκαν

2119 4898 2152 4954 ’ὰ
2212 4895 2629 4956 ἐϐουλεύσαντο.
2715 4899 2948 4961 ἐκείνους
2990 4899 3113 4975 γὰρ,
3175 4894 3390 4969 δηλαδή
3451 4895 3543 4961 οὓς
3594 4894 3781 4968 προεί-

2120 4986 2281 5044 λοντο
2340 4985 2595 5058 ἀδικῆσαι
2654 4987 2690 5059 ἢ
2744 4987 3131 5064 εὐεργετῆσαι,
3192 4985 3254 5041 ού
3310 4986 3548 5055 πάντως,
3605 4983 3779 5060 φησί,

2124 5073 2376 5147 διέθηκαν
2417 5078 2597 5141 καθὼς
2644 5073 3062 5149 ἠϐουλήθησαν*
3109 5071 3391 5149 πρόδηλον
3443 5070 3522 5145 δὲ,
3577 5070 3660 5127 δτι
3717 5071 3780 5126 τὸ

2127 5165 2221 5238 μὲν
2271 5165 2417 5241 παρᾶ
2462 5166 2525 5220 τὸ
2574 5160 2884 5236 ἀϐούλητον
2912 5165 3023 5220 τῶν
3069 5163 3535 5239 εὐεργετουμένων
3563 5164 3664 5235 (4),
3716 5160 3779 5214 τὸ

2123 5251 2181 5309 δὲ
2210 5255 2357 5332 παρά
2387 5255 2449 5310 τὸ
2483 5251 2707 5331 ἀδρανὲς
2755 5259 2862 5311 τῶν
2917 5251 3270 5310 ἀδικούντων.
3327 5254 3671 5327 Προθέμενος
3722 5246 3782 5305 δὲ

2117 5343 2242 5422 περὶ
2274 5348 2383 5400 τῶν
2435 5342 2531 5400 δύο
2558 5345 2751 5418 εἰπεῖν,
2780 5347 2888 5400 τῶν
2923 5365 2983 5400 τε
3022 5339 3226 5399 ἀδικεῖν
3272 5343 3362 5398 καὶ
3414 5346 3520 5396 τῶν
3567 5341 3785 5417 εὐεργε-

347 5427 645 5487 dimittere
698 5431 882 5488 voluit
935 5449 1239 5503 conservo,
1271 5433 1364 5489 cui
1407 5438 1527 5489 tam
1575 5434 1762 5491 multa
1787 5435 2003 5508 alioqui

2114 5438 2226 5491 τεῖν
2259 5434 2634 5511 προθεμένων,
2683 5434 2808 5509 περὶ
2838 5437 2943 5488 τῶν
2978 5430 3312 5488 ἀδικούντων
3374 5429 3541 5508 μόνον
3589 5428 3779 5503 ἐπιφέ-

348 5517 605 5576 dimissa
634 5519 888 5590 fuerant,
925 5536 1180 5596 nequam
1213 5524 1281 5579 ac
1309 5510 1591 5581 malitiosi
1621 5524 1860 5582 nomine
1887 5530 2007 5582 tra-

2117 5543 2200 5600 ρει
2224 5524 2316 5580 τὸν
2364 5523 2555 5601 λόγον,
2607 5522 2690 5579 ὅτι
2722 5522 2776 5579 οἱ
2810 5522 2905 5597 μὶν
2935 5520 3289 5596 ἀδικούμενοι
3343 5522 3442 5591 τὴν
3497 5516 3776 5597 βασιλείαν

423 5728 501 5810 (ο)
531 5734 559 5790 Ι
586 5731 737 5792 Tim.
769 5748 856 5807 ιιι,
887 5735 946 5793 5.
1020 5735 1104 5812 (p)
1131 5735 1271 5795 Luc.
1298 5752 1415 5810 ινι,
1450 5737 1539 5800 10.
1614 5738 1690 5815 (q)
1721 5739 1859 5814 Cap.
1896 5755 1960 5811 ιι,
1989 5756 2003 5786 ι

2113 5738 2168 5797 2.
2243 5737 2317 5813 (ν)
2345 5740 2370 5796 Ι
2400 5741 2524 5800 Pet.
2556 5755 2621 5810 ιι,
2645 5738 2738 5797 22.
