4108 6382
365 396 473 452 477

1175 404 1639 459 ΡΔΟΗῩΜΕΒΕ
1679 404 2184 460 PARAPHRASIS
2219 407 2293 460 IN
2331 407 2488 460 EPP.
2529 409 2586 462 S.
2628 407 2970 462 DIONYSH.

3681 403 3788 460 478

362 523 462 577 τοῦ
495 527 628 579 Θεοῦ
671 523 1210 602 κληρονομήσουσιν·
1269 527 1425 582 αὐτοὶ
1483 524 1540 581 δὲ
1599 528 1650 580 οἱ
1706 525 2016 590 ἀδικοῦντες

2135 529 2297 585 ducit
2330 547 2342 586 :
2375 532 2584 601 etjure
2610 531 2870 586 decernit
2902 533 2967 586 ut
2998 530 3246 601 propriis
3297 531 3549 597 fruatur,
3581 529 3787 585 videli-

364 613 457 667 καὶ
493 612 545 666 έν
573 618 654 685 τῷ
688 613 792 688 βίῳ
819 615 1000 688 τούτῳ
1047 617 1137 670 καὶ
1168 615 1221 670 έν
1259 621 1338 688 τῷ
1395 615 1657 690 μέλλοντι
1712 620 2021 691 τιμωροῦν-

363 723 475 774 ται,
561 703 693 775 μετά
768 701 1042 777 δαιμόνων
1117 706 1247 759 εἶναι
1326 705 1798 780 κατακρινόμενοι.
1878 705 2024 760 Μετὰ

359 797 532 846 ταῦτα
588 793 674 846 καὶ
732 793 854 866 περὶ
911 801 1011 863 τῆς
1063 793 1526 866 πολυθρυλλητου
1570 796 1714 858 θείας
1765 795 2023 858 ὀπτασίας

363 876 750 954 διαλαμϐάνει.
795 882 966 944 Οὗτός
1019 883 1158 937 ἰστιν
1213 884 1240 937 6
1301 884 1540 959 Κάρπος,
1575 882 1638 938 οὗ
1691 884 1959 957 μέμνηται
1993 884 2021 937 6

361 974 511 1032 θεῖος
544 967 883 1032 Ἀπόστολος
934 969 987 1025 ἰν
1043 975 1112 1044 τῇ
1171 972 1306 1046 πρὸς
1352 971 1614 1044 Τιμόθεον
1650 970 1870 1045 δευτέρᾳ
1902 971 2019 1026 έπι-

361 1055 562 1131 στολῇ,
619 1058 680 1122 ὃς
737 1057 863 1113 οὐδὲ
904 1065 1024 1122 ταῖς
1076 1065 1184 1115 τῶν
1216 1061 1387 1135 ἁγίων
1425 1061 1740 1136 μυστηρίων
1780 1061 2022 1123 τελεταῖς

361 1144 666 1223 ένεχείρει,
746 1147 791 1202 εἰ
857 1150 931 1220 μή
1000 1170 1148 1213 τινος
1200 1150 1464 1225 πρότερον
1523 1148 1725 1220 ἠξίωτο
1785 1150 2022 1226 ὁράσεως

357 1234 503 1289 κατὰ
528 1235 622 1298 τὰς
683 1234 1038 1312 προτελείους
1097 1236 1282 1312 εὐχάς.
1335 1237 1636 1312 ῙΙροτέλεια
1686 1236 1742 1294 δὲ
1792 1239 2019 1294 ἐκάλουν

361 1327 418 1380 oi.
479 1328 757 1397 Ἀθηναῖοι
815 1329 909 1389 τὰς
967 1329 1092 1404 περὶ
1148 1334 1256 1384 τῶν
1285 1331 1477 1405 γάμων
1541 1331 1674 1403 μετά
1704 1333 1901 1385 θυσιῶν
1932 1330 2022 1384 εύ-

359 1415 488 1490 χάς·
531 1416 622 1470 τὸν
675 1416 778 1492 γὰρ
828 1416 1001 1492 γάμον
1061 1416 1220 1480 τέλος
1269 1417 1521 1487 ἐκάλουν,
1584 1419 1656 1480 ὡς
1709 1417 2024 1474 τελειοῦντα

359 1505 504 1578 πρὸς
528 1505 618 1560 τὸν
657 1505 775 1573 βίον
815 1506 905 1560 τὸν
956 1503 1274 1581 ἄνθρωπον.
1336 1509 1650 1582 Μυστήριον
1684 1513 1814 1583 γοῦν
1872 1509 2021 1583 εἶχον

357 1593 454 1648 καὶ
501 1595 593 1648 τὸν
627 1596 804 1670 γάμον
835 1597 934 1668 (5).
967 1595 1194 1672 Ἔλεγον
1230 1593 1286 1650 δὲ
1317 1595 1700 1672 προτελεῖσθαι
1761 1597 1851 1652 καὶ
1892 1617 2024 1670 προ-

365 1685 641 1755 μυεῖσθαι,
696 1683 786 1737 καὶ
829 1685 997 1738 οἱονεὶ
1043 1687 1522 1760 προκαθαίρεσθαι,
1574 1685 1649 1747 εἷς
1707 1683 2020 1760 ἐτοιμασίαν

364 1771 675 1846 μυστηρίου
855 1773 933 1828 Τὸ
975 1776 1104 1848 γοῦν
1164 1774 1291 1846 παρ’
1321 1773 1590 1842 Ἕλλησιν
1622 1770 1826 1835 ἀσεϐῶς
1861 1771 2021 1848 λεγό-

361 1880 528 1932 μενον
562 1859 637 1921 εἷς
669 1860 731 1914 τὸ
761 1861 860 1929 τῆς
892 1859 1154 1930 ἀληθείας
1217 1863 1514 1936 μυστήριον
1558 1864 1585 1917 6
1639 1863 1824 1936 Πατὴρ
1861 1864 2025 1934 μετή-
2055 1904 2100 1969 Β

487 1968 490 1969 ν
602 1954 648 1969 υ
691 1949 703 1969 ε
946 1948 966 1969 κ
1018 1949 1029 1968 ι
1198 1951 1225 1969 τ
1417 1950 1428 1968 ,
1495 1952 1507 1968 κ
1643 1953 1656 1969 η
1838 1952 1852 1968 ς
1994 1956 2018 1966 ς

354 1968 540 2024 γαγι.
601 1949 705 2004 Καὶ
774 1948 1124 2025 προτελείους
1177 1951 1320 2004 εἶπεν
1381 1950 1545 2025 εὐχὰς
1601 1953 1697 2013 τὰς
1755 1952 1861 2026 πρὸ
1926 1956 2022 2006 τοῦ

359 2036 675 2112 μυστηρίου
730 2033 939 2108 δεήσεις
972 2037 1104 2110 ὑπὲρ
1158 2037 1470 2111 καθάρσεως
1518 2038 1608 2093 καὶ
1665 2038 2020 2114 ἀκατακρίτου

357 2122 726 2199 μεταλήψεως
754 2130 851 2181 τοῦ
879 2126 1226 2182 τελειοτάτου
1273 2127 1363 2181 καὶ
1390 2126 1736 2182 τελειοποιοῦ
1781 2131 1888 2182 τῶν
1925 2150 2021 2201 μυ-

353 2216 603 2289 στηρίων
666 2213 866 2292 δώρου.
921 2217 1069 2278 Τίνες
1120 2214 1177 2271 δέ
1229 2217 1358 2270 εἰσιν
1429 2217 1482 2271 αἱ
1535 2216 1763 2291 Ἰλάριαι
1822 2217 2016 2293 εὐχαί;

347 2301 528 2359 Ἧσάν
557 2325 700 2366 τινες
749 2305 952 2380 ἡμέραι
1007 2309 1126 2366 τοῖς
1171 2301 1626 2379 εἰδωλολάτραις,
1689 2303 1748 2367 ἂς
1780 2304 2020 2380 Ἰλαρίας

348 2390 691 2449 ἀπεκάλουν.
727 2392 832 2449 Καὶ
865 2394 920 2447 αἱ
957 2394 1051 2465 μὲν
1082 2394 1220 2462 ἦσαν
1275 2393 1443 2449 ἷδικαῖ
1501 2392 1752 2468 Ἱλάριαι,
1785 2395 1858 2457 ὡς
1890 2394 2014 2449 ὅταν

343 2500 436 2541 τις
484 2477 710 2555 ἔγημεν,
764 2481 800 2550 ἢ
860 2482 975 2536 υἱὸν
1024 2483 1233 2538 ἐκτᾶτο·
1297 2483 1352 2537 αἱ
1406 2480 1463 2538 δὲ
1508 2484 1685 2538 κοιναὶ
1717 2485 1806 2538 καὶ
1839 2480 2014 2556 δημὸ-

346 2588 490 2639 σιαι,
524 2569 598 2630 ὡς
626 2568 751 2624 ὅταν
789 2569 1045 2645 βασιλεὺς
1081 2571 1543 2647 ἀναγορευόμενος
1596 2572 1692 2634 τὰς
1743 2570 2016 2644 δημοσίας

342 2655 597 2731 Ἱλαρίας
646 2664 897 2734 παρεῖχε.
935 2658 1030 2713 Καὶ
1064 2656 1187 2714 οὔτε
1217 2661 1452 2733 πένθιμά
1486 2660 1537 2715 ἐν
1575 2659 1794 2722 ταύταις
1829 2666 2015 2738 φορεῖν

347 2743 504 2816 ἐξῆν,
539 2745 684 2801 ἀλλὰ
725 2747 815 2802 καὶ
846 2749 960 2802 θέαι
993 2747 1083 2802 καὶ
1135 2747 1310 2812 θυσίαι
1358 2749 1473 2804 καθ’
1525 2749 1754 2819 ἑκάστην
1804 2748 2012 2822 ἡμέραν

345 2832 619 2907 δημόσιαι
697 2835 1021 2908 ἐτελοῦντο,
1075 2837 1166 2891 καὶ
1235 2836 1499 2892 ἐπαύοντο
1559 2838 1610 2892 οἱ
1677 2839 2014 2904 πενθοῦντες,

346 2924 441 2978 καὶ
495 2923 786 3000 ἐθεώρουν,
833 2926 922 2980 καὶ
967 2925 1019 2980 έν
1075 2927 1342 3001 εὐωχίαις
1402 2925 1590 3003 διῆγον
1621 2927 1718 2989 τάς
1763 2928 2017 2988 τοιαύτας

350 3011 626 3088 Ἰλάρίους
686 3012 925 3090 ἡμέρας.
978 3017 1078 3070 Ἦν
1140 3012 1197 3069 δὲ
1243 3015 1334 3070 καὶ
1381 3013 1590 3092 Ἱλάρια
1648 3016 1807 3090 ἑορτή
1865 3013 2014 3084 ἶδικὴ

345 3102 643 3177 Ῥωμαίων
671 3103 747 3167 είς
781 3106 949 3178 τιμὴν
981 3109 1080 3174 τῆς
1113 3106 1321 3179 μητρὸς
1351 3110 1458 3161 τῶν
1495 3111 1627 3170 θεῶν
1688 3106 1862 3161 αὐτῶν

345 3193 507 3250 Ἐπεὶ
537 3191 594 3248 δὲ
642 3193 726 3248 ἀεὶ
763 3195 826 3249 τὸ
859 3196 1102 3270 σήμερόν
1134 3194 1297 3262 ἰστιν,
1357 3195 1438 3250 ἀεὶ
1469 3201 1738 3260 νουθετεῖν
1790 3197 1881 3250 τὸν
1937 3198 2012 3269 μὴ

2133 625 2224 674 cet
2251 619 2500 691 caligine
2538 621 2832 692 (carceris)
2865 624 2921 675 et
2972 619 3282 691 supplicio.
3336 619 3466 674 Hac
3495 619 3653 674 enim
3684 617 3786 674 ﬂa-

2133 709 2342 782 gitioso
2375 711 2610 780 propria
2644 714 2801 764 sunt.
2836 713 2966 779 Ipse
3000 726 3208 764 rursus
3239 725 3343 779 pro
3377 725 3438 763 se
3465 708 3785 779 ﬁgentibus

2134 799 2291 853 cruci
2327 815 2524 870 preces
2559 799 2707 852 fudit
2741 817 2752 853 :
2788 802 2992 853 contra
3040 814 3172 852 vero
3225 797 3340 852 acri
3375 798 3784 869 objurgatione

2133 887 2440 959 percelluit
2470 886 2790 958 discipulos
2820 888 3130 942 adversum
3155 886 3477 942 Samaritus
3511 883 3784 957 interpel-

2132 975 2852 1046 lantes,quemadmodum
2879 977 2934 1030 in
2959 985 3329 1030 sacrosancto
3354 976 3517 1030 Lucae
3533 980 3786 1046 Evange-

2131 1064 2208 1120 lio
2223 1066 2505 1137 scriptum
2523 1070 2631 1119 est.
2647 1066 2892 1120 lbienim
2907 1065 3051 1136 legis
3069 1066 3376 1120 Dominum
3393 1064 3538 1136 ipsis
3554 1080 3788 1135 respon-

2133 1153 2291 1209 disse
2324 1173 2337 1209 :
2389 1154 2618 1209 Nescitis
2647 1156 2804 1226 cujus
2834 1154 3066 1225 spiritus
3097 1153 3223 1209 estis
3247 1156 3336 1223 (s),
3368 1153 3461 1208 cui
3503 1153 3786 1207 nimirum

2132 1243 2333 1314 gratias
2361 1243 2730 1297 subservitis.
2765 1243 2833 1297 Et
2865 1250 2926 1298 tu
2971 1243 3206 1297 interim
3242 1259 3481 1297 sursum
3524 1258 3590 1296 ac
3621 1242 3788 1296 deor-

2133 1349 2264 1387 sum
2299 1331 2441 1386 nihil
2477 1349 2588 1386 non
2623 1348 2881 1398 movens,
2914 1332 3113 1387 odiose
3145 1330 3406 1386 inculcas
3436 1330 3578 1396 haec,
3617 1329 3787 1399 quasi

2134 1421 2234 1492 qui
2259 1421 2374 1476 Deo
2398 1420 2680 1476 inﬂictam
2698 1419 3115 1475 contumeliam
3133 1419 3505 1474 ultusl‘ueris.
3524 1418 3787 1473 Deumne

2132 1515 2193 1565 tu
2229 1509 2430 1565 ulcisci
2467 1526 2568 1582 per
2600 1509 2886 1564 malitiam
2929 1527 3122 1581 paras,
3159 1509 3243 1564 sic
3273 1508 3485 1563 eximie
3516 1508 3734 1562 bonum
3760 1507 3787 1561 ?

2131 1599 2298 1654 Absit
2315 1599 2421 1654 hoc
2439 1597 2450 1653 l
2473 1599 2736 1654 Pontifex
2753 1603 2949 1654 noster
2967 1597 3256 1665 Christus,
3276 1597 3583 1663 innocens,
3602 1594 3788 1665 mitis,

2130 1687 2256 1760 ipse
2290 1689 2625 1760 propitiatio
2673 1692 2762 1742 est
2798 1706 2898 1759 pro
2947 1687 3193 1758 peccatis
3225 1685 3462 1741 nostris.
3496 1686 3576 1741 Ne
3608 1685 3790 1756 igitur

2132 1795 2333 1848 speres
2353 1795 2456 1833 nos
2473 1776 2849 1848 comprobata
2861 1793 2954 1830 ros
2976 1776 3357 1830 acrimoniam
3376 1776 3528 1829 hanc
3547 1773 3787 1829 allectus

2132 1867 2235 1932 tui,
2256 1868 2488 1936 quando
2510 1867 2679 1921 azelo
2711 1883 3001 1938 germanae
3034 1865 3266 1936 pietatis
3291 1865 3630 1935 neutiquam
3652 1879 3787 1933 pro-

2133 1952 2461 2010 ﬁciscitur:
2498 1971 2568 2010 ne
2617 1955 2666 2009 si
2710 1954 2888 2009 etiam
2937 1953 3256 2008 identidem
3308 1969 3571 2024 opponas
3617 1949 3788 2005 nobis

2132 2044 2378 2100 eximios
2427 2043 2818 2109 mmulatores,
2853 2042 3156 2114 Eliamque
3208 2047 3264 2097 et
3311 2042 3558 2096 Phinees
3600 2040 3788 2109 subji~

2131 2135 2312 2201 ciens,
2337 2133 2518 2204 quod,
2544 2131 2778 2187 illorum
2805 2136 3154 2203 provocatus
3179 2129 3468 2201 exemplo,
3491 2145 3611 2184 rem
3640 2129 3795 2199 ejus-

2129 2225 2286 2281 modi
2318 2241 2635 2296 aggressus
2665 2223 2767 2280 sis.
2803 2223 2948 2278 Nam
2974 2227 3030 2278 et
3053 2221 3376 2293 discipulos
3400 2220 3601 2293 gratiae
3625 2218 3796 2291 spiri-

2129 2314 2311 2369 tualis
2343 2320 2586 2369 eatenus
2639 2314 2834 2381 rudes,
2884 2329 3016 2366 cum
3053 2312 3299 2368 Domino
3350 2311 3629 2382 quiddam
3675 2324 3788 2362 non

2128 2403 2402 2459 absimile
2456 2403 2766 2469 dixissent,
2817 2402 2890 2458 ab
2922 2401 3186 2456 humana
3235 2401 3519 2455 nimirum
3575 2397 3790 2470 pietate

2127 2493 2396 2556 alienius,
2434 2493 2777 2562 neutiquam
2827 2491 2876 2545 is
2926 2490 3210 2561 probavit.
3269 2491 3382 2545 Hoc
3415 2494 3612 2543 autem
3646 2472 3794 2540 dixit

2127 2581 2296 2636 Pater
2325 2581 2392 2635 ad
2430 2580 2762 2636 absolutam
2797 2578 2958 2634 illam
2986 2578 3280 2650 aspiciens
3307 2577 3507 2650 gratiae
3542 2575 3788 2630 infusiu-

2126 2687 2284 2736 nem,
2310 2687 2487 2741 quam
2523 2673 2656 2740 post
2699 2669 3180 2723 resurrectionem
3230 2671 3601 2738 acceperunt.
3635 2667 3793 2719 Scri-

2125 2765 2294 2832 ptum
2322 2760 2537 2830 quippe
2569 2763 2657 2813 est
2688 2775 2700 2813 :
2736 2758 2984 2812 Nondum
3004 2758 3153 2812 enim
3170 2764 3287 2811 erat
3308 2755 3552 2827 Spiritus
3572 2762 3792 2836 sanctus

2127 2853 2312 2916 datus,
2338 2849 2468 2919 quia
2487 2849 2640 2903 Iesus
2660 2847 2903 2902 nondum
2925 2849 3045 2902 erat
3067 2846 3407 2917 gloriﬁcatus
3423 2845 3505 2916 (ι).
3531 2842 3789 2899 Docendl

2126 2953 2403 3007 namque,
2427 2953 2539 2991 non
2567 2941 2758 2991 autem
2784 2935 3073 3007 plectendi
3101 2935 3478 3004 ignorantes:
3504 2933 3790 3004 quemad-

2127 3027 2368 3080 modum
2402 3030 2460 3080 et
2493 3042 2676 3080 caecos
2708 3023 2767 3079 in
2796 3023 2948 3079 viam
3001 3028 3160 3079 recta
3190 3023 3554 3092 deducimus,
3587 3039 3790 3092 pmnas

2127 3132 2500 3186 nequaquam
2560 3113 2908 3185 inﬂigimus.
2970 3110 3181 3186 Κόῤῥην
3241 3112 3480 3184 quidem
3541 3115 3787 3167 conten-

2126 3203 2272 3258 dunt
2301 3201 2568 3279 κρόταφον
2617 3203 2974 3274 significare,
3006 3201 3113 3256 hoc
3162 3207 3248 3256 est
3295 3204 3507 3272 tempus
3537 3199 3734 3272 cupitis
3766 3218 3785 3255 :

352 3282 558 3359 ἀγαθὸν
592 3282 620 3336 ὁ
651 3281 819 3359 λόγος
853 3281 1150 3354 ὑποδηλοῖ.
1183 3285 1340 3347 Τινὲς
1368 3289 1496 3360 γοῦν
1532 3285 1754 3358 ἀμαθῶς
1783 3285 1847 3339 τὸ
1880 3284 2016 3339 ἐναν-

2135 3275 2402 3347 nonnulli
2450 3275 2671 3365 γνάθον,
2724 3291 3048 3354 maxillam,
3078 3306 3292 3358 genam.
3352 3289 3692 3344 Praastiterit
3723 3293 3787 3343 ut

343 3372 470 3426 τίον
525 3369 772 3448 λέγουσι,
820 3375 1160 3448 κεχρημένοι
1217 3378 1296 3445 τῷ
1355 3373 1708 3446 ἀποστολικῷ
1739 3375 1888 3449 ῥητῷ
1939 3378 2019 3446 τῷ

349 3459 627 3534 λέγοντι·
709 3462 997 3535 Αἱρετικὸν
1078 3459 1366 3534 ἄνθρωπον
1439 3462 1572 3536 μετά
1644 3464 1868 3537 πρώτην
1925 3463 2016 3516 καὶ

347 3546 604 3624 δευτέραν
687 3549 964 3604 νουθεσίαν
1051 3555 1343 3626 παραιτοῖν
1431 3553 1507 3624 μή
1587 3555 1836 3613 νοοῦντες
1907 3556 2015 3606 τῶν

348 3637 662 3714 εἰρημένων
723 3641 822 3707 τὴν
883 3637 1107 3713 δύναμιν
1141 3639 1200 3694 ἐκ
1227 3644 1336 3694 τῶν
1371 3639 1652 3713 ἑπομένων
1701 3640 1878 3716 ῥητῶν
1915 3640 2017 3713 μά-

351 3726 523 3783 λιστα
554 3727 1022 3804 σαφηνιζομένηνο
1061 3729 1180 3784 τότε
1210 3731 1312 3806 γάρ
1348 3727 1578 3805 εὔλογος
1612 3733 1646 3800 ἠ
1710 3732 1844 3803 μετὰ
1873 3731 2019 3805 πρώ-

345 3837 451 3886 την
523 3817 614 3871 καὶ
690 3813 940 3891 δευτέραν
1015 3818 1292 3873 νουθεσίαν
1372 3818 1720 3894 παραίτησις,
1795 3820 1918 3874 ὅταν
1988 3820 2016 3874 6

348 3903 626 3961 διδάσκων
681 3907 818 3982 πρὸς
848 3907 946 3976 τὴν
979 3909 1306 3983 παραίτησιν
1359 3902 1518 3982 ἔλθῃ,
1571 3906 1729 3970 εἰδὼς
1772 3896 1864 3963 ’δτι
1905 3907 2013 3979 ἐξέ-

349 4015 626 4071 στραπται
658 3996 686 4050 6
734 4000 1002 4066 τοιοῦτος,
1049 3997 1138 4050 καὶ
1190 3997 1440 4062 λανθάνει
1491 3997 1564 4051 ὣν
1625 3997 2014 4075 αὐτοκατάκρι-

342 4104 465 4146 τος·
503 4081 674 4153 δῆλον
707 4085 806 4160 γὰρ
841 4085 916 4149 ὡς
949 4091 1064 4147 τοῖς
1109 4086 1283 4161 ἱεροῖς
1329 4084 1685 4150 διδασκάλοις
1735 4085 2012 4142 ἀποκαλύ-

343 4194 541 4229 πτεται
563 4174 652 4228 καὶ
676 4177 711 4244 ἡ
742 4177 852 4228 τῶν
872 4175 1210 4250 προσιόντων
1238 4176 1578 4238 κατάστασις.
1613 4178 1828 4254 Ἕτεροι
1848 4174 1906 4231 δε
1925 4177 2011 4244 τὸ,

348 4265 506 4320 Μετὰ
531 4264 755 4338 πρώτην
806 4264 898 4318 καὶ
946 4261 1196 4340 δευτέραν
1245 4263 1418 4328 οὕτως
1442 4263 1688 4336 ἐνόησαν,
1743 4266 1860 4320 ἀντὶ
1893 4271 2012 4333 τοῦ,

347 4351 500 4406 Μετᾶ
528 4353 628 4422 την
654 4352 713 4407 ἐκ
745 4351 990 4416 Παλαιᾶς
1019 4353 1106 4407 καὶ
1143 4354 1279 4415 Νέας
1313 4356 1588 4424 Διαθήκης
1639 4351 2010 4411 διδασκαλίαν.

348 4440 444 4502 Ὠς
497 4445 627 4518 γοῦν
687 4442 715 4495 6
776 4443 999 4517 Κάρπος
1055 4439 1330 4513 ἐλυπήθη,
1390 4444 1544 4519 φησί,
1594 4441 1684 4497 διὰ
1737 4443 1831 4498 τὸν
1885 4446 2012 4520 παρ’

346 4526 531 4585 ἄλλου
590 4527 958 4602 πλανηθέντα,
1016 4525 1134 4585 δέον
1192 4532 1280 4586 καὶ
1344 4531 1669 4609 ἀμφοτέρων
1701 4535 2011 4608 προνοήσα-

2129 3381 2532 3452 interpreteris
2582 3396 2711 3435 esse
2759 3379 2968 3450 capitis
3005 3383 3250 3450 partem.
3285 3378 3364 3433 Ne
3395 3378 3598 3450 igitur,
3631 3371 3776 3433 271

2127 3469 2329 3524 hortor
2358 3487 2479 3533 vos,
2513 3467 2632 3523 ulla
2661 3467 2720 3522 in
2768 3485 2828 3522 re
2861 3467 3146 3522 lmdamus
3179 3467 3529 3538 proximum.
3561 3465 3693 3520 Jam
3728 3465 3786 3521 et

2125 3558 2258 3625 hoc,
2327 3555 2483 3611 ὠθεῖν
2544 3556 2661 3610 καθ’
2721 3555 2924 3609 ἓαυσῶν
2983 3555 3046 3608 τὸ
3105 3553 3277 3630 ξίφος,
3342 3555 3632 3610 adversum
3688 3570 3785 3609 nos

2126 3649 2270 3718 ipsos
2297 3646 2626 3718 distringere
2674 3653 2723 3700 et
2770 3661 3004 3700 exerere
3053 3644 3326 3713 gladium,
3364 3643 3784 3715 proverbialem

2126 3736 2374 3809 ﬁguram
2407 3737 2696 3799 imitatus,
2731 3734 2893 3790 dixit.
2947 3735 3209 3805 Explicat
3260 3734 3426 3788 Pater
3469 3731 3604 3805 post
3642 3733 3783 3804 hzec,

2126 3842 2394 3897 quaenam
2447 3842 2546 3880 eos
2595 3824 2949 3879 comitentur
2996 3823 3237 3894 praemia
3285 3823 3384 3894 qui
3436 3822 3522 3878 vel
3567 3822 3786 3892 injuria

2125 3915 2403 3986 quapiam
2436 3913 2519 3970 vel
2553 3913 2836 3970 beneﬁcio
2869 3912 3078 3983 cupide
3109 3912 3251 3967 alios
3286 3913 3516 3966 afﬁcere
3545 3916 3785 3966 conten-

2125 4004 2296 4072 dunt,
2357 4003 2532 4058 etiam
2585 4001 2633 4057 si
2679 4019 2751 4058 ne
2800 4003 2868 4057 ad
2925 4019 3073 4073 opus
3137 4017 3320 4073 usque
3380 4005 3782 4071 promoveant,

2125 4108 2252 4163 qua
2283 4091 2576 4147 destinato
2622 4090 2865 4146 consilio
2917 4089 3316 4144 moliebantur
3362 4088 3610 4143 efﬁcere.
3646 4087 3782 4143 Illos

2123 4182 2303 4243 enim,
2336 4197 2505 4251 quos,
2529 4180 2795 4234 videlicet
2819 4183 3176 4251 praesumpta
3192 4176 3491 4248 opinione,
3513 4182 3779 4230 antever-

2121 4272 2316 4324 terant
2347 4273 2410 4324 ut
2441 4268 2524 4324 vel
2558 4269 2857 4336 laederent,
2882 4269 2967 4323 vel
2994 4269 3268 4338 juvarenl
3299 4264 3579 4321 beneficio
3615 4281 3627 4319 :
3665 4281 3779 4320 non

2122 4374 2553 4429 usquequaque
2577 4363 2748 4429 prout
2772 4358 3161 4419 destinarant,
3197 4357 3298 4423 ait,
3323 4355 3663 4410 affecerunt.
3685 4353 3774 4408 Li-

2123 4453 2262 4519 quet
2292 4452 2486 4502 autem
2521 4448 2578 4501 in
2613 4447 2820 4518 primis
2839 4446 2948 4501 hoc
2979 4445 3314 4516 contingere
3338 4460 3436 4515 per
3459 4443 3781 4515 incogitan-

2120 4538 2264 4592 tiam
2298 4554 2524 4604 eorum,
2555 4536 2613 4590 in
2648 4553 2796 4607 quos
2849 4535 3144 4591 confertur
3174 4533 3597 4593 beneﬁcentia;
3629 4531 3776 4586 illud

349 4621 518 4689 σθαι,
577 4619 667 4674 καὶ
725 4624 1081 4684 νουθετοῦντα
1140 4620 1219 4676 ἀεὶ
1273 4620 1370 4675 ’ἐπὶ
1426 4622 1526 4690 τήν
1585 4619 1728 4697 θείαν
1783 4623 2012 4685 τούτους

2127 4642 2253 4682 vero
2273 4627 2343 4680 ab
2369 4625 2768 4682 imbecillitate
2797 4641 2996 4680 eorum
3024 4623 3256 4695 pendet,
3281 4622 3377 4692 qui
3402 4621 3546 4676 alios
3570 4624 3779 4692 parant

348 4709 575 4786 ἀγαγεῖν
604 4713 820 4784 γνῶσιν,
881 4709 956 4772 ὡς
1008 4711 1296 4785 κριθεισῶν
1330 4705 1440 4780 ἤδη
1472 4709 1562 4764 καὶ
1591 4714 1698 4764 τῶν
1734 4707 2015 4789 ἀμφισϐη-

345 4802 564 4871 τήσεων
599 4799 805 4870 αὐτοῖς,
841 4797 910 4855 δι’
962 4800 1024 4863 ἃς
1075 4802 1245 4876 τυχὸν
1307 4801 1507 4863 ἐκεῖνος
1560 4801 1654 4873 μὲν
1700 4800 2017 4873 ἆπιπλάνη-

351 4910 464 4962 σεν,
522 4888 683 4952 οὗτος
744 4887 802 4944 δὲ
859 4888 1245 4960 ἀπεπλανήθη·
1309 4889 1371 4944 οὐ
1431 4887 1519 4944 διά⁵
1573 4887 1774 4961 ταύτης
1806 4887 1862 4945 δὲ
1916 4891 2018 4961 τῆς

349 4974 824 5056 αμφισϐητήσεως
880 4979 1085 5044 ἐκεῖνος
1145 4979 1240 5053 μὶν
1300 4979 1604 5050 ἐπλάνησεν
1647 5023 1662 5052 ,
1742 4980 1900 5042 οὗτος
1960 4977 2017 5035 δὲ

350 5067 662 5140 ὶπλανήθη.
689 5067 852 5125 Ἀλλ’
880 5069 1029 5124 αἰτία
1057 5073 1152 5124 τοῦ
1200 5090 1259 5124 τε
1305 5068 1592 5145 παρελθεῖν
1655 5069 1732 5131 εἲς
1778 5069 1840 5124 τὸ
1871 5068 2014 5124 πλα-

343 5163 513 5226 νῆσαι
543 5159 636 5212 τὸν
682 5157 1058 5229 πλανήσαντα,
1109 5157 1198 5213 καὶ
1251 5163 1348 5214 τοῦ
1380 5155 1772 5234 παραδέξασθαι
1819 5158 1887 5212 τὰ
1913 5160 2014 5226 τῆς

344 5245 568 5317 πλάνης
616 5247 706 5301 τὸν
764 5246 1144 5319 πλανηθέντα,
1206 5243 1616 5326 ἀμφισϐήτησίς
1672 5269 1756 5312 τις
1801 5247 1892 5317 ἧν,
1949 5248 2010 5317 ἣν

345 5330 498 5410 ἔχων
535 5336 562 5390 6
593 5334 812 5410 ὕστερον
847 5335 1142 5408 πλανηθεὶς
1177 5338 1310 5411 μετά
1366 5339 1534 5409 τινὸς,
1587 5335 1702 5392 ἐπεὶ
1745 5335 1843 5391 οὐκ
1899 5333 2014 5392 ἐδύ-

345 5447 482 5480 νατο
533 5426 860 5501 κατισχύσαι
909 5432 1006 5482 τοῦ
1055 5425 1282 5503 θράσους
1357 5426 1565 5482 ἐκείνου
1603 5469 1618 5495 ,
1692 5426 1828 5502 πρὸς
1904 5426 2009 5495 τὴν

347 5514 575 5587 πλάνην
626 5513 901 5572 ἀπέκλινεο
949 5520 1113 5573 τοῦτο
1159 5517 1264 5594 γάρ
1295 5514 1467 5588 δηλοῖ
1512 5515 1602 5573 καὶ
1657 5513 1722 5572 τὰ
1765 5514 2014 5594 ἐπιφερό-

433 5728 504 5805 (s)
537 5729 679 5792 Luc.
709 5747 788 5802 ix,
815 5731 906 5790 55.
981 5729 1048 5805 (t)
1079 5730 1218 5791 Lua.
1249 5749 1351 5805 vn,
1381 5731 1474 5790 39.

2127 4714 2357 4770 laedere.
2391 4715 2658 4786 Cumque
2704 4713 3026 4769 instituerit
3071 4714 3145 4766 de
3193 4716 3438 4782 utroque
3472 4711 3777 4765 hominum

2127 4820 2338 4876 genere
2368 4808 2557 4858 texere
2576 4820 2935 4870 sermonem,
2959 4800 3058 4874 qui
3083 4803 3312 4856 decreto
3335 4805 3608 4872 certoque
3638 4816 3778 4855 con-

2127 4894 2260 4949 silio
2292 4894 2352 4947 in
2384 4893 2679 4964 proximos
2721 4898 2928 4963 parant
2957 4909 3085 4947 esse
3112 4890 3198 4945 vel
3229 4889 3453 4961 injurii,
3487 4890 3574 4944 vel
3609 4891 3779 4944 bene-

2126 4982 2220 5037 ﬁci
2254 4999 2266 5036 :
2303 4983 2372 5036 de
2403 4980 2476 5036 iis
2508 4982 2679 5035 modo
2702 4981 2864 5035 affert
2888 4981 3194 5050 rationem,
3220 4981 3319 5051 qui
3351 4979 3407 5033 in
3443 4979 3587 5034 alios
3617 4977 3780 5048 inju-

2126 5070 2197 5125 rii
2227 5087 2354 5126 esse
2387 5069 2635 5124 malunt.
2667 5069 2812 5124 Nam
2846 5068 2945 5140 qui
2979 5069 3260 5140 injuriam
3303 5068 3530 5124 fortiter
3562 5066 3777 5133 ferunt,

2125 5176 2371 5232 regnum
2402 5159 2501 5215 Dei
2532 5158 2872 5213 haereditate
2904 5165 3350 5229 consequuntur
3383 5174 3395 5211 :
3429 5161 3654 5222 contra,
3679 5157 3778 5227 qui

2123 5249 2350 5319 injuriae
2383 5252 2522 5303 sunt
2551 5252 2840 5315 auctores,
2872 5247 2930 5300 in
2960 5247 3067 5301 hac
3091 5245 3329 5317 quidem
3364 5246 3484 5300 vita
3515 5245 3692 5300 simul
3726 5250 3783 5302 et

2124 5337 2184 5393 in
2221 5338 2415 5394 l'utura
2446 5354 2647 5410 poenas
2678 5336 2905 5392 dabunt
2934 5335 3234 5392 destinatae
3261 5333 3498 5390 malitiae
3518 5334 3778 5401 ultrices,

2121 5427 2347 5500 perpeti
2379 5428 2711 5482 daemonum
2737 5424 2950 5480 addicti
2970 5423 3285 5479 consortio.
3307 5422 3409 5478 His
3440 5422 3653 5478 decisis
3674 5439 3778 5495 ag-

2122 5516 2388 5589 greditur
2437 5513 2991 5572 commentationem
3040 5513 3113 5569 de
3159 5511 3554 5585 famigerabili
3583 5529 3648 5568 ac
3691 5510 3782 5567 di-
