4108 6398
349 361 457 417 479

1173 360 1546 416 ΔΡΡΕΝΒΙΧ
1581 359 1681 414 AD
1715 357 1958 414 ΟΡΕΒΔ
1992 359 2052 411 S.
2094 357 2411 437 DIQNYSII
2449 358 2955 414 ΔΕΕΟΡΔΘΙΤΕ.

3672 356 3782 413 480

349 484 484 541 vina
511 481 615 538 illa
642 481 889 537 visione.
943 479 1049 536 Hic
1077 479 1176 537 ille
1224 484 1315 536 est
1344 480 1587 552 Carpus,
1619 479 1789 550 cujus
1819 478 2006 535 admi-

2126 498 2283 551 μενον
2315 520 2330 546 ,
2399 478 2490 533 καὶ
2556 480 2666 533 τῶν
2722 475 2938 553 ἀλόγως
2996 476 3405 551 θρασυνομίνων
3475 482 3776 555 σωφρονεῖν

349 572 551 628 rabilis
582 570 802 626 Paulus
835 569 1243 625 commeminit
1274 569 1333 623 in
1364 568 1685 642 posteriore
1716 568 1787 623 ad
1818 568 2014 623 Timo-

348 663 554 717 theum
588 659 855 732 epistola.
891 660 947 714 Is
997 663 1385 714 sacrosanctae
1434 657 1783 713 confectioni
1814 674 2009 713 sacra-

350 755 680 806 mentorum
716 767 831 805 non
867 749 1030 821 prius
1057 765 1296 803 manum
1318 748 1688 817 admovebat,
1711 764 1884 817 quam
1913 762 2014 818 per

347 839 634 894 visionem
675 839 829 893 inter
886 854 984 893 eas
1038 853 1261 908 preces,
1321 853 1452 909 quas
1510 834 2010 892 consecrationem

347 933 654 991 anteeunt,
688 926 1084 982 declararetur
1107 926 1343 996 dignus.
1369 925 1654 981 Caeterum
1684 922 2010 999 προτέλειαν

347 1034 447 1073 eas
466 1033 666 1089 preces
687 1015 1075 1071 Athenienses
1093 1015 1311 1083 dixere,
1332 1032 1459 1087 qua:
1482 1032 1599 1070 una
1621 1031 1755 1069 cum
1807 1013 2017 1069 hostiis

350 1106 587 1178 nuptias
622 1105 1057 1178 praacurrebant
1089 1122 1102 1160 :
1136 1100 1300 1165 τέλος
1325 1103 1614 1174 siquidem
1639 1102 1815 1177 γάμον
1848 1119 2013 1158 voca-

350 1196 511 1263 bant,
548 1195 655 1250 hoc
703 1199 794 1250 est
843 1193 1105 1265 nuptias,
1141 1198 1204 1248 ut
1256 1210 1385 1265 qua
1436 1192 1737 1249 hominem
1778 1191 2014 1247 initient

348 1289 405 1340 et
437 1283 743 1355 perﬁciant
774 1283 844 1338 ad
898 1283 1030 1338 vitae
1078 1282 1253 1337 istius
1305 1282 1830 1337 conservationem.
1865 1285 2012 1353 Ergo

348 1375 525 1429 etiam
561 1372 800 1444 nuptias
834 1388 937 1444 pro
969 1375 1336 1427 sacramento
1378 1371 1696 1427 habebant.
1731 1369 2015 1425 Dicebant

349 1466 547 1519 autem
578 1458 961 1534 προτελεῖσθαι
1006 1465 1061 1514 et
1109 1462 1495 1533 προμυεῖσθαι,
1549 1458 1719 1531 quasi
1751 1459 2013 1513 dicerent

349 1557 481 1607 ante
514 1568 636 1606 rem
670 1567 898 1606 sacram
927 1549 1168 1605 lustrari
1201 1566 1266 1604 ac
1287 1566 1464 1621 puros
1492 1547 1677 1617 reddi,
1698 1548 1766 1602 ad
1792 1552 2005 1619 myste-

349 1641 419 1697 rii
454 1645 822 1712 apparatum.
846 1637 1209 1710 Quodigitur
1242 1655 1275 1693 a
1305 1637 1626 1709 gentilibus
1649 1637 1719 1692 ad
1747 1636 2013 1708 impieta-

349 1736 467 1787 tem
495 1729 876 1794 referebatur,
899 1728 1006 1784 hoc
1036 1729 1106 1783 ad
1135 1732 1351 1783 nostrze
1376 1726 1692 1782 verissimae
1712 1723 2009 1796 religionis

349 1818 697 1893 mysterium
765 1817 1047 1873 derivavit
1101 1817 1292 1872 Pater.
1361 1816 1474 1871 Sed
1542 1820 1600 1871 et
1655 1810 2009 1888 προτελείους

348 1905 513 1982 εὐχάς
544 1907 712 1974 dixit,
746 1906 1030 1961 nimirum
1082 1921 1182 1961 eas
1235 1904 1620 1976 precationes,
1654 1919 1783 1975 quas
1813 1903 2009 1957 initia-

348 1998 570 2053 tionem
604 2000 867 2067 praeeunt
888 1993 1266 2061 sacramenti,
1287 2011 1388 2065 pro
1411 1993 1783 2065 impetranda
1811 1991 2011 2063 expia-

346 2084 529 2153 tione,
563 2101 630 2140 ac
661 2082 807 2139 nulli
860 2083 1299 2156 prejudicanda
1345 2082 1837 2137 transmutatione
1877 2097 2013 2154 per-

352 2174 684 2230 fectissime
716 2172 895 2228 simul
928 2178 985 2228 et
1014 2171 1372 2244 perﬁcientis
1394 2171 1592 2243 gratias
1616 2173 2010 2226 sacramento-

350 2280 505 2319 rum.
528 2263 639 2318 Sed
666 2279 792 2335 quaa
820 2261 1054 2317 interim
1080 2265 1217 2317 sunt
1237 2260 1528 2331 ejusmodi
1552 2276 1750 2332 preces
1772 2259 2014 2316 Hilariae

350 2352 519 2408 dictas
544 2355 567 2407 Ρ
591 2354 742 2407 Sane
763 2351 890 2407 dies
913 2351 1153 2422 quidam
1185 2356 1353 2405 erant
1373 2347 1717 2404 idololatrias
1738 2348 2009 2417 addictis,

350 2459 500 2515 quos
532 2442 639 2497 hoc
670 2442 909 2497 nomine
934 2440 1225 2496 dicebant.
1254 2439 1501 2495 Privatae
1532 2442 1725 2494 autem
1760 2437 1846 2492 his
1878 2454 2012 2493 cen-

350 2532 653 2598 sebantur,
688 2535 754 2585 ut
800 2546 934 2585 cum
986 2529 1121 2600 quis
1173 2544 1414 2584 uxorem
1465 2528 1724 2599 primum
1771 2526 2016 2581 duxerat

351 2625 456 2677 aut
484 2635 552 2676 ex
587 2634 766 2675 uxore
793 2622 1099 2691 exceperat
1116 2617 1303 2672 filium
1334 2638 1347 2687 ;
1382 2634 1728 2673 communes
1748 2620 1803 2671 et
1830 2614 2016 2687 publi-

352 2726 453 2779 ca,
485 2710 639 2767 272
675 2714 739 2763 ut
771 2725 905 2764 cum
939 2708 1237 2780 quispiam
1270 2723 1449 2778 regno
1480 2707 1871 2779 inauguratus
1902 2704 2015 2775 pri-

352 2815 517 2855 mum
549 2814 869 2870 recensque
918 2814 1020 2853 rex
1065 2795 1418 2864 declaratus,
1453 2794 1719 2868 publicas
1764 2793 2015 2850 Hilarias

350 2888 668 2944 indicebat.
703 2887 859 2942 Nulli
894 2903 997 2958 per
1025 2903 1125 2942 eos
1158 2886 1281 2941 dies
1299 2885 1511 2941 licebat
1540 2883 1817 2955 gestitare
1843 2882 2013 2955 quid-

350 2993 526 3051 quam
556 2976 829 3047 lugubre,
863 2976 963 3031 sed
998 2974 1337 3047 spectacula
1362 2974 1768 3045 sacriﬁciaque
1798 2972 1857 3027 in
1890 2972 2015 3027 dies

353 3065 618 3139 singulos
655 3064 1123 3121 celebrabantur.
1173 3066 1219 3119 A
1246 3063 1408 3119 luctu
1444 3062 1556 3119 sibi
1587 3062 2012 3133 temperabant,

348 3154 451 3227 qui
474 3154 534 3208 in
560 3153 723 3209 luctu
747 3161 914 3207 erant
931 3155 1263 3224 tum,atque
1290 3153 1616 3207 intererant
1639 3148 2013 3221 spectaculis,

347 3224 530 3314 inque
563 3241 816 3315 publicis
847 3242 1128 3298 conviviis
1148 3241 1631 3297 transmittebant
1656 3241 1829 3295 istius
1851 3239 2012 3294 modi
2045 3224 2086 3291 C

346 3330 600 3387 Hilarios
631 3330 776 3387 dies.
801 3331 884 3385 Ad
921 3331 1043 3385 haec
1065 3335 1186 3385 erat
1207 3334 1265 3385 et
1293 3330 1567 3385 Romanae
1601 3329 1731 3384 urbi
1756 3327 2013 3400 peculia-

348 3420 490 3476 riter
520 3420 707 3477 festus
739 3420 888 3487 dies,
944 3419 1162 3476 Hilaria
1214 3419 1273 3474 in
1306 3419 1589 3476 honorem
1639 3418 1847 3473 matris
1878 3417 2017 3472 deo-

350 3526 484 3565 rum
515 3509 805 3581 ipsorum.
828 3507 959 3562 Jam
985 3507 1222 3579 quando
1245 3523 1480 3579 semper
1504 3511 1595 3562 est
1625 3505 1794 3573 illud,
1819 3505 1976 3561 hodie
1996 3523 2018 3561 :

349 3596 461 3653 hac
491 3613 628 3651 voce
654 3595 994 3651 subindicat
1022 3612 1180 3663 eum,
1206 3596 1304 3667 qui
1339 3595 1530 3651 bonus
1562 3612 1675 3650 non
1702 3599 1790 3650 est
1812 3594 2020 3650 tantis-

351 3702 455 3758 per
485 3686 625 3741 dum
657 3684 819 3754 vivit,
854 3701 1088 3756 semper
1116 3701 1245 3740 esse
1267 3683 1733 3739 admonendum.
1766 3682 2016 3748 Quidam

349 3779 550 3829 tamen
582 3772 796 3829 inscite
829 3773 1150 3828 admodum
1184 3777 1427 3828 tuentur
1458 3773 1752 3829 diversam
1784 3777 2019 3828 senten-

349 3863 518 3933 tiam,
551 3861 786 3918 oraculo
831 3861 1163 3934 apostolicae
1215 3862 1492 3918 doctrinae
1526 3861 1752 3917 inducti
1789 3878 1801 3916 :
1839 3864 2020 3919 Haere-

2122 567 2618 644 ἀναγκαζομένων,
2682 563 2944 637 δηλονότι
2995 572 3101 621 τῶν
3161 565 3493 623 ἀδικούντων
3540 567 3780 640 ἐκείνων,

2124 653 2192 709 δι’
2252 655 2344 717 οὓς
2403 658 2430 710 6
2460 653 2760 725 πλανηθεὶς
2792 654 2870 717 εἷς
2900 656 2998 723 τὴν
3032 653 3245 727 πλάνην
3304 650 3502 711 ἔδωκεν
3569 656 3781 725 ἱαυτὸν,

2124 741 2542 815 δεινοπαθήσας.
2589 744 2715 799 Δέον
2766 748 2892 821 γοῦν
2948 750 3171 800 τοιαῦτα
3223 744 3490 821 γενέσθαι,
3551 746 3578 800 ὁ
3641 744 3779 822 Κάρ-

2122 855 2243 903 πος,
2307 835 2406 889 οὒκ
2459 833 2562 889 οἶδ’
2616 835 2764 896 ὅπως
2815 835 2914 904 τήν
2959 834 3177 904 πικρίαν
3237 833 3480 905 ἐντήξας,
3540 855 3787 890 κατεκοι-

2126 924 2300 995 μήθη.
2333 923 2463 999 Περὶ
2498 921 2555 978 δὲ
2582 925 2645 978 τὸ
2681 924 3031 995 μεσονύκτιον
3055 922 3191 977 κατά
3218 922 3281 977 τὸ
3309 923 3534 993 σύνηθες
3568 920 3786 1000 διεγερο

2124 1012 2235 1076 θεὶς
2259 1012 2334 1075 εἷς
2362 1012 2538 1075 θείους
2572 1012 2773 1086 ὕμνους
2806 1014 2905 1086 (8),
2938 1010 3063 1067 οὐδὲ
3100 1010 3286 1074 καλῶς
3335 1012 3788 1076 ἀναπαυσάμενος

2123 1098 2211 1156 διὰ
2233 1102 2325 1157 τὸν
2353 1108 2455 1172 τῆς
2486 1105 2673 1177 ψυχῆς
2705 1096 2936 1178 θόρυϐον
2970 1099 3341 1178 ἐδυσχέραινε,
3389 1103 3479 1157 καὶ
3509 1106 3607 1157 τοῦ
3648 1106 3789 1158 Θιοῦ

2120 1189 2316 1259 ἐδεῖτο,
2348 1191 2602 1269 ἀφανίσαι
2633 1190 2725 1246 καὶ
2759 1189 3100 1269 ἀμφοτὲρους
3133 1188 3223 1245 διὰ
3252 1188 3597 1266 πρηστῆρος,
3630 1192 3789 1247 οἱον-

2122 1281 2164 1335 si
2198 1285 2460 1355 κεραυνοῦ
2493 1281 2624 1352 (ἀπὸ
2679 1284 2777 1335 τοῦ
2836 1282 3036 1356 πρήθω
3086 1281 3150 1335 τὸ
3205 1281 3347 1335 καίω
3404 1281 3549 1355 (9)
3603 1283 3792 1339 Ταῦτα

2121 1367 2321 1446 λέγων,
2381 1368 2559 1440 ἔδοξεν
2623 1367 2755 1425 ἰδεῖν
2787 1371 2885 1439 τήν
2937 1364 3171 1448 φοϐερὰν
3224 1368 3434 1440 ἐκείνην
3489 1369 3781 1440 ὀπτασίαν,

2119 1461 2244 1535 περὶ
2275 1461 2343 1530 ἧς
2390 1461 2529 1515 κατὰ
2558 1460 2755 1516 λεπτὸν
2817 1458 3108 1535 διηγεῖται.
3170 1460 3269 1516 Καὶ
3322 1463 3512 1534 ἡμεῖς,
3574 1462 3648 1523 ὡς
3686 1482 3786 1516 σα-

2122 1554 2254 1627 φοῦς
2315 1549 2506 1621 οὔσης,
2558 1550 2625 1604 τὰ
2680 1552 2779 1615 τῆς
2832 1548 3138 1624 ἐξηγήσεως
3168 1547 3569 1623 παρελίπομεν,
3618 1548 3786 1606 τοῦτο

2126 1639 2291 1712 μόνον
2346 1637 2659 1701 ἐπειπόντες
2708 1638 2832 1714 περὶ
2876 1643 2983 1693 τῶν
3036 1638 3593 1715 ὑπογαργαλιζόντων
3648 1642 3791 1713 (40),

2119 1728 2207 1783 καὶ
2260 1725 2350 1782 διὰ
2401 1730 2603 1791 παντὸς
2638 1726 2714 1791 εἰς
2743 1727 2806 1783 τὸ
2836 1728 3035 1803 ἀχανὲς
3066 1730 3182 1801 (11)
3234 1723 3534 1799 ἐμϐάλλειν
3590 1748 3783 1803 μηχα-

2120 1817 2392 1890 νωμένων.
2469 1816 2790 1890 Σημείωσαι
2866 1817 2950 1872 ὅτι
3016 1821 3135 1880 πῶς
3194 1819 3222 1872 6
3282 1812 3543 1879 διάϐολος
3605 1817 3787 1894 ῥίπτει

2119 1907 2248 1970 τοὺς
2277 1906 2598 1981 ἀνθρώπους
2650 1905 2727 1968 εἷς
2780 1906 2843 1961 τὸ
2903 1905 3095 1969 σκότος
3124 1906 3186 1960 τὸ
3218 1906 3501 1977 ἐξώτερον,
3534 1904 3667 1982 ὅπερ
3701 1905 3789 1961 ἐν-

2119 1999 2289 2059 ταῦθα
2346 1996 2546 2070 ἀχανὲς
2606 1993 2785 2067 καλεῖ,
2841 1994 3088 2050 τουτέστι
3138 1996 3432 2070 βάραθρον,
3487 1996 3523 2066 ἢ
3553 1995 3776 2050 ἀπατῶν

2121 2084 2156 2155 ἢ
2188 2083 2276 2138 καὶ
2308 2085 2465 2148 ὠθῶν
2491 2082 2619 2148 τοὺς
2642 2086 3002 2157 πειθομένους
3036 2083 3202 2157 αὐτῷ·
3262 2080 3373 2139 ἔστι
3423 2080 3480 2138 δὶ
3539 2082 3629 2139 ὅτε
3685 2082 3780 2138 καὶ

2122 2171 2369 2247 ἀσελγεῖς
2423 2173 2742 2247 ἀνθρώπους
2795 2171 3087 2249 συνεργοὺς
3137 2171 3301 2228 αὐτοῦ
3350 2167 3648 2246 λαμϐάνων
3702 2172 3782 2235 είς

2120 2262 2219 2329 τὴν
2253 2261 2448 2337 ἒτέρων
2483 2262 2720 2332 ἀπάτην,
2750 2262 2827 2323 ὡς
2859 2262 2947 2316 καὶ
2976 2261 3068 2316 τὸν
3103 2258 3519 2337 εἷδωλολάτρην
3572 2259 3660 2316 ἐπὶ
3688 2261 3782 2316 τὸν

2123 2349 2489 2420 ἀπατηθέντα,
2541 2350 2662 2424 περὶ
2724 2350 2786 2405 οὗ
2819 2351 2846 2405 6
2878 2348 3070 2425 λόγος.
3124 2353 3217 2405 Διὸ
3247 2349 3337 2405 καὶ
3367 2349 3422 2406 ἦν
3451 2352 3521 2425 τῇ
3553 2349 3788 2421 ὀπτασίᾳ

2122 2439 2212 2494 καὶ
2244 2436 2441 2515 ἄνδρας
2466 2441 2567 2515 ὁρᾷ
2594 2440 2787 2513 μεταξὺ
2810 2443 2919 2495 τῶν
2953 2435 3154 2517 ὄφεων,
3198 2440 3444 2495 τουτέστι
3491 2444 3600 2495 τῶν
3657 2436 3780 2494 δαι-

2129 2528 2333 2602 μόνων,
2388 2526 2648 2590 ἕλκοντας
2676 2528 2803 2591 τοὺς
2838 2529 2941 2584 ὑπὸ
2968 2533 3065 2583 τοῦ
3123 2524 3388 2585 διαϐόλου
3435 2529 3779 2599 νικηθέντας,

2124 2615 2198 2673 ὧν
2249 2620 2398 2690 ἡμᾶς
2428 2619 2456 2672 ὁ
2506 2617 2702 2695 Κύριος
2735 2615 3094 2692 ἐλευθερώσοι
3121 2620 3132 2674 l
3187 2621 3264 2675 T6
3296 2616 3374 2687 δὶ,
3407 2620 3661 2680 Ἀκοντες
3694 2618 3787 2672 καὶ

2130 2706 2467 2782 βιαζόμενοι,
2504 2709 2580 2781 μὴ
2634 2708 3028 2783 ἀναγκαστικήν
3054 2728 3175 2763 τινα
3229 2705 3481 2781 δύναμιν,
3536 2705 3786 2763 τουτέστι

2122 2797 2214 2851 τὸν
2249 2791 2508 2851 διάϐολον
2554 2797 2802 2868 νοητὲον,
2834 2797 2909 2858 ὠς
2938 2797 2989 2851 ol.
3028 2797 3388 2871 Μανιχαϊκοὶ,
3420 2794 3788 2867 Μεσαλιανοὶ,

2126 2883 2291 2961 ἤγουν
2325 2884 2584 2959 Εὐχῖται·
2644 2882 2877 2957 (μεσάλα
2906 2886 3010 2960 γὰρ
3037 2888 3072 2955 ἠ
3106 2884 3243 2962 εὗχή
3275 2885 3412 2941 κατά
3439 2884 3565 2948 τοὺς
3598 2884 3788 2941 Φοίνι-

2124 2982 2266 3044 κας·)
2300 2972 2426 3029 ἀλλ’
2477 2973 2583 3044 ὅτι,
2615 2975 2937 3047 πειθόμενοι
2964 2975 3027 3030 τὸ
3057 2975 3221 3030 κακὸν
3254 2975 3473 3048 πρᾶξαι,
3505 2975 3587 3046 τῷ
3644 2973 3787 3029 ἀπα-

2122 3068 2288 3120 τῶντι
2318 3064 2506 3138 χώραν
2540 3060 2797 3118 διδόαμεν
2845 3068 3089 3139 συνεχῶς
3140 3065 3280 3136 ἡμῖν
3320 3062 3674 3132 ἐπιτίθεσθαι,
3734 3060 3789 3133 ἒξ

2125 3154 2285 3225 ἡμῶν
2318 3150 2435 3205 καθ’
2464 3153 2498 3221 ἡ
2510 3156 2625 3224 μῶν
2659 3146 2997 3225 λαμϐάνοντι
3053 3152 3155 3221 τὴν
3186 3151 3372 3227 ἴσχύν.
3421 3149 3788 3222 Ἀδυνατήσει

2126 3237 2202 3311 δὲ,
2266 3242 2342 3314 μή
2403 3239 2739 3313 πειθομένων
2800 3244 2983 3315 ἡμῶν·
3017 3238 3206 3311 ἐπειδὴ
3253 3241 3414 3317 ἐγγὺς
3448 3243 3606 3311 ἡμῶν
3639 3239 3790 3296 ἐστιν

2123 3331 2157 3400 ἡ
2195 3331 2420 3404 βοήθεια
2447 3333 2545 3384 τοῦ
2576 3333 2732 3399 Θεοῦ,
2767 3324 3377 3403 συνεπιλαμϐανομὲνη,
3424 3330 3498 3392 ὡς
3533 3327 3706 3401 δηλοῖ
3726 3329 3797 3385 τὸ.

2123 3419 2336 3498 ἑφεξῆς·
2397 3419 2459 3474 τὸ
2519 3417 2576 3474 δὲ
2629 3420 2723 3489 Mi;
2759 3416 2946 3475 ἄλλων
2980 3419 3402 3495 ἁμαρτανόντων
3462 3418 3796 3494 ἀνθρώπων,

2122 3512 2230 3562 τῶν
2271 3507 2647 3579 σταυρον5ντων
2680 3504 2923 3581 δηλαδή,
2983 3508 3059 3570 ὡς
3090 3505 3149 3562 ἂν
3196 3508 3240 3563 εἰ
3285 3507 3489 3583 ἔλεγεν
3519 3510 3795 3582 Ἕτοιμος

2122 3594 2213 3652 καὶ
2265 3593 2416 3660 αὖθις
2469 3596 2723 3673 πάσχειν·
2762 3596 2927 3671 μόνον
2969 3596 3030 3652 οὐ
3079 3594 3149 3652 δι’
3198 3597 3516 3672 ἀνθρώπων,
3565 3594 3659 3652 ἵνα
3712 3597 3794 3669 μὴ

2124 3686 2211 3741 καὶ
2274 3684 2441 3741 πάλιν
2492 3687 2806 3761 ἁμάρτωσιν
2864 3686 3174 3761 ἄνθρωποι.
3235 3684 3554 3760 Σημιίωσαι
3619 3682 3679 3740 δὲ
3736 3684 3794 3741 ἓν

2125 3773 2367 3845 τούτοις,
2422 3776 2504 3830 ὅτι
2553 3774 2689 3830 κατᾶ
2735 3775 2834 3844 τήν
2878 3774 3138 3831 ὀπτασίαν
3186 3776 3275 3831 καὶ
3327 3775 3487 3838 αὐτὸς
3529 3776 3557 3829 6
3590 3773 3795 3850 Κύριος

2128 3863 2362 3938 ἀγαθοὺς
2389 3863 2479 3920 καὶ
2530 3863 2952 3942 φιλανθρώπους
2994 3862 3156 3919 καλεῖ
3194 3862 3327 3928 τοὺς
3383 3862 3572 3939 ἁγίους
3629 3861 3798 3939 ἀγγὲ-

357 3950 531 4007 ticum
559 3949 836 4006 hominem
864 3960 985 4022 post
1016 3951 1257 4015 primum
1283 3961 1333 4007 et
1362 3953 1597 4008 alteram
1623 3954 2023 4024 correptionem
2131 3951 2287 4016 λους.

356 4040 543 4096 devita
574 4039 653 4113 (ιι)
691 4055 704 4095 :
741 4039 941 4096 minus
972 4058 1116 4097 sane
1146 4041 1541 4114 intelligentes
1573 4041 1863 4097 dictorum
1911 4043 2053 4111 vim,
2102 4061 2230 4116 quae
2259 4060 2322 4101 se
2353 4043 2572 4114 alioqui
2623 4059 2692 4099 ex
2738 4044 3241 4115 consequentibus
3292 4042 3627 4100 clarissima
3654 4041 3786 4098 luce

361 4130 570 4201 aperit.
602 4129 903 4201 Siquidem
934 4131 1224 4201 ejusmodi
1277 4136 1409 4202 post
1457 4129 1708 4204 primam
1741 4135 1798 4186 et
1844 4133 2161 4188 secundam
2215 4132 2679 4189 admonitionem
2727 4134 3177 4203 evitatio,justa
3222 4138 3348 4189 tum
3381 4132 3564 4189 videri
3596 4130 3788 4201 debet,

360 4220 418 4273 et
451 4217 668 4273 rationi
701 4219 1098 4288 consentiens,
1132 4220 1369 4291 quando
1419 4218 1504 4275 sic
1552 4220 1947 4292 admonitum,
1996 4222 2049 4278 is
2097 4221 2199 4294 qui
2251 4221 2493 4278 docendi
2526 4220 2707 4293 pollet
2739 4222 3105 4290 auctoritate,
3167 4240 3272 4278 suo
3327 4221 3595 4294 exemplo
3639 4219 3800 4293 prior

360 4306 650 4373 vitaverit,
684 4309 750 4361 ut
779 4306 877 4378 qui
911 4307 1073 4377 sciat,
1108 4308 1249 4380 quia
1276 4308 1598 4366 subversus
1628 4314 1717 4366 est
1760 4310 2077 4381 ejusmodi,
2108 4310 2341 4367 etiamsi
2393 4310 2594 4381 lateat,
2627 4328 2759 4367 cum
2793 4312 2870 4369 sit
2899 4312 3138 4385 proprio
3161 4311 3390 4383 judicio
3435 4311 3801 4369 condemna-

359 4406 478 4458 tus.
534 4401 917 4457 Manifestum
970 4397 1150 4467 enim,
1211 4398 1350 4470 quia
1397 4398 1617 4454 sanctis
1675 4398 2015 4454 doctoribus
2071 4398 2364 4454 reveletur
2420 4404 2607 4454 status
2655 4399 2985 4456 conditiove
3039 4398 3438 4470 presentium.
3497 4397 3608 4453 Alii
3661 4413 3800 4453 vero

361 4491 589 4547 dictum
652 4489 765 4546 hoc
797 4505 810 4545 :
846 4491 974 4544 Post
1028 4488 1272 4557 primam
1324 4491 1379 4543 et
1433 4491 1668 4543 alteram
1722 4486 2180 4560 admonitionem,
2242 4488 2313 4543 ad
2371 4486 2531 4543 hunc
2588 4505 2830 4545 sensum
2889 4487 3283 4545 intellexere:
3341 4486 3510 4560 quasi
3570 4485 3799 4542 dictum

361 4579 437 4635 sit
466 4594 481 4635 :
508 4582 649 4634 Post
680 4576 1006 4633 doctrinam
1059 4592 1128 4631 ex
1174 4578 1382 4631 Vetere
1410 4575 1690 4647 Novoque
1737 4575 2113 4632 Testamento
2159 4576 2594 4648 depromptam.
2648 4576 2781 4632 Jam
2813 4593 2971 4643 vero,
3005 4592 3131 4649 quae
3181 4575 3358 4631 fuerit
3406 4575 3592 4647 Carpo
3647 4572 3800 4630 tanti

367 4667 635 4723 mmroris
666 4682 868 4732 causa,
919 4665 1089 4721 docet
1141 4681 1154 4718 :
1211 4663 1492 4719 nimirum
1544 4666 1781 4736 propter
1830 4680 2015 4719 unum
2046 4663 2303 4736 aliquem
2352 4664 2424 4720 ab
2463 4663 2646 4721 altero
2700 4664 2981 4738 quopiam
3014 4666 3073 4721 in
3105 4681 3363 4722 errorem
3396 4682 3427 4720 a
3467 4663 3581 4719 ﬁde
3608 4663 3801 4718 abdu-

361 4762 548 4813 ctum.
581 4755 977 4812 Conveniebat
1006 4770 1145 4811 sane
1174 4753 1426 4826 Carpum
1460 4752 1886 4825 prospicienter
1915 4753 2222 4810 consulere
2254 4753 2562 4826 utriusque
2606 4752 2806 4821 saluti,
2842 4762 3015 4826 atque
3062 4754 3145 4809 ita
3167 4753 3393 4825 jugiter
3422 4751 3798 4808 admonendo

360 4846 471 4903 hos
502 4846 820 4919 provehere
871 4845 944 4900 ab
994 4859 1188 4899 errore
1238 4843 1310 4897 ad
1358 4841 1459 4898 Dei
1506 4842 1924 4915 cognitionem,
1959 4847 2025 4899 ut
2069 4841 2159 4899 vel
2207 4842 2245 4898 ii
2296 4843 2534 4899 demum
2587 4843 2877 4915 abjuratis
2924 4843 3248 4913 recisisque
3296 4841 3797 4914 disceptationum

362 4936 633 5004 remoris,
689 4938 928 5008 propter
976 4950 1123 5006 quas
1174 4932 1322 4988 forte
1368 4932 1463 4988 ille
1513 4932 1751 5004 quidem
1801 4932 2056 4989 alterum
2106 4932 2166 4988 in
2221 4949 2477 4988 errorem
2529 4931 2792 5005 pellexit,
2827 4932 2921 4988 hic
2968 4938 3163 4989 autem
3215 4948 3429 5005 passus
3479 4934 3572 4987 est
3620 4946 3682 4985 se
3733 4945 3801 4986 eo

358 5024 589 5097 prolici.
622 5023 739 5078 Nec
793 5028 989 5077 tamen
1040 5022 1113 5077 ob
1160 5021 1312 5076 hanc
1361 5022 1548 5094 ipsam
1603 5021 2065 5078 controversiam
2117 5020 2214 5076 ille
2264 5021 2512 5076 allerum
2563 5021 2813 5093 decepit,
2847 5020 2993 5076 alter
3040 5021 3182 5077 item
3226 5021 3363 5076 sivit
3392 5018 3505 5076 sibi
3549 5015 3801 5091 imponi.

359 5112 573 5169 Verum
626 5130 805 5170 causa
854 5112 1028 5167 istius
1078 5110 1557 5183 trangressionis,
1609 5128 1786 5182 quam
1830 5110 1929 5165 ille
1978 5110 2213 5183 quidem
2264 5109 2599 5167 seducendo
2653 5110 2914 5178 admisit,
2948 5111 3087 5166 dum
3122 5110 3398 5178 seduxit;
3443 5107 3540 5164 hic
3599 5112 3801 5163 autem

363 5202 669 5267 seductus,
698 5201 1031 5272 recipiendo
1062 5200 1237 5256 istius
1268 5199 1609 5272 impostoris
1640 5199 2071 5272 suggestiones,
2115 5198 2240 5256 haec
2270 5203 2361 5256 est
2394 5216 2407 5256 :
2442 5203 2650 5255 Exorta
2697 5204 2823 5255 erat
2864 5198 3261 5255 controversia
3290 5196 3587 5271 quaedam,
3620 5210 3798 5267 quam

359 5287 410 5345 is
441 5288 542 5361 qui
578 5289 818 5345 demum
869 5289 1163 5344 abductus
1209 5293 1299 5344 est
1329 5289 1388 5343 in
1436 5303 1717 5357 errorem,
1770 5303 1903 5342 cum
1937 5287 2218 5342 adversus
2264 5287 2518 5343 alterum
2568 5286 2810 5343 haberet
2857 5303 3052 5342 coram
3094 5285 3315 5359 judice,
3368 5301 3474 5340 nec
3523 5282 3685 5338 illius
3738 5282 3800 5337 in

363 5396 427 5436 se
458 5385 664 5452 posset
693 5378 908 5435 elidere
942 5378 1215 5435 ferociam
1267 5382 1369 5434 aut
1416 5376 1725 5450 praevalere
1760 5394 1772 5432 :
1807 5377 1879 5432 ab
1928 5377 2267 5451 integritate
2294 5378 2535 5433 tandem
2585 5376 2717 5433 ﬁdei
2767 5376 3001 5433 deﬂexit
3045 5376 3106 5432 in
3155 5392 3415 5432 errorem
3454 5373 3795 5448 gentilium.

364 5468 429 5525 Id
460 5485 666 5525 verum
708 5485 839 5526 esse
893 5468 1210 5527 manifesto
1262 5466 1544 5539 declarat,
1596 5467 1749 5538 quod
1805 5466 2055 5525 infertur
2084 5483 2100 5524 :
2132 5467 2196 5522 Et
2225 5468 2294 5523 ab
2343 5465 2436 5537 iis,
2486 5481 2612 5539 quae
2653 5471 2859 5540 praeter
2905 5465 3180 5524 rationem
3230 5465 3496 5523 audacter
3544 5463 3796 5533 admise-

436 5679 524 5757 (u)
551 5681 666 5740 Tit.
694 5695 782 5754 ιιι,
821 5680 907 5740 ιο.
