  <div class='ocr_page' id='page_1' title='image "/cluster/home/n/w/nwhite01/storage/ocr_20150623/4:no.2/coo.31924054872837/248.png"; bbox 0 0 4108 6384; ppageno 0'>
   <div class='ocr_carea' id='block_1_1' title="bbox 319 441 2935 503">
    <p class='ocr_par' dir='ltr' id='par_1_1' title="bbox 319 441 2935 503">
     <span class='ocr_line' id='line_1_1' title="bbox 319 441 2935 503; baseline 0.001 -7"><span class='ocrx_word' id='word_1_1' title='bbox 319 441 426 498; x_wconf 74' lang='grc'><strong>481</strong></span> <span class='ocrx_word' id='word_1_2' title='bbox 1140 446 1607 503; x_wconf 73' lang='lat' dir='ltr'><strong>PACHYMERE</strong></span> <span class='ocrx_word' id='word_1_3' title='bbox 1647 444 2152 501; x_wconf 78' lang='lat' dir='ltr'><strong>PARAPHBASIS</strong></span> <span class='ocrx_word' id='word_1_4' title='bbox 2189 445 2264 497; x_wconf 90' lang='lat' dir='ltr'><strong>IN</strong></span> <span class='ocrx_word' id='word_1_5' title='bbox 2302 445 2459 498; x_wconf 80' lang='lat' dir='ltr'><strong>EPP.</strong></span> <span class='ocrx_word' id='word_1_6' title='bbox 2500 444 2556 498; x_wconf 85' lang='lat' dir='ltr'><strong>S.</strong></span> <span class='ocrx_word' id='word_1_7' title='bbox 2598 443 2935 501; x_wconf 80' lang='lat' dir='ltr'><strong>DIONYSII.</strong></span> 
     </span>
    </p>
   </div>
   <div class='ocr_carea' id='block_1_2' title="bbox 312 565 3752 646">
    <p class='ocr_par' dir='ltr' id='par_1_2' title="bbox 312 565 3752 646">
     <span class='ocr_line' id='line_1_2' title="bbox 312 565 3752 646; baseline 0.003 -25"><span class='ocrx_word' id='word_1_8' title='bbox 312 572 470 637; x_wconf 87' lang='lat' dir='ltr'><strong>rant,</strong></span> <span class='ocrx_word' id='word_1_9' title='bbox 503 567 800 638; x_wconf 80' lang='lat' dir='ltr'><strong>resipicere</strong></span> <span class='ocrx_word' id='word_1_10' title='bbox 847 568 1001 624; x_wconf 74' lang='lat'><strong>278</strong></span> <span class='ocrx_word' id='word_1_11' title='bbox 1048 577 1418 639; x_wconf 72' lang='lat' dir='ltr'><strong>congerantur</strong></span> <span class='ocrx_word' id='word_1_12' title='bbox 1464 589 1483 625; x_wconf 86' lang='lat'><em>:</em></span> <span class='ocrx_word' id='word_1_13' title='bbox 1537 569 1692 642; x_wconf 90' lang='lat' dir='ltr'><strong>quod</strong></span> <span class='ocrx_word' id='word_1_14' title='bbox 1743 566 2011 624; x_wconf 81' lang='lat' dir='ltr'><strong>videlicet</strong></span> <span class='ocrx_word' id='word_1_15' title='bbox 2053 565 2151 622; x_wconf 90' lang='lat' dir='ltr'><strong>ille</strong></span> <span class='ocrx_word' id='word_1_16' title='bbox 2201 583 2234 620; x_wconf 89' lang='lat' dir='ltr'><strong>a</strong></span> <span class='ocrx_word' id='word_1_17' title='bbox 2263 582 2324 622; x_wconf 90' lang='lat' dir='ltr'><strong>se</strong></span> <span class='ocrx_word' id='word_1_18' title='bbox 2356 566 2706 624; x_wconf 82' lang='lat' dir='ltr'><strong>laedentibus</strong></span> <span class='ocrx_word' id='word_1_19' title='bbox 2740 567 2952 624; x_wconf 82' lang='lat' dir='ltr'><strong>misere</strong></span> <span class='ocrx_word' id='word_1_20' title='bbox 3002 569 3079 624; x_wconf 91' lang='lat' dir='ltr'><strong>sit</strong></span> <span class='ocrx_word' id='word_1_21' title='bbox 3129 575 3425 643; x_wconf 88' lang='lat' dir='ltr'><strong>acceptus,</strong></span> <span class='ocrx_word' id='word_1_22' title='bbox 3458 589 3560 645; x_wconf 90' lang='lat' dir='ltr'><strong>per</strong></span> <span class='ocrx_word' id='word_1_23' title='bbox 3601 589 3752 646; x_wconf 91' lang='lat' dir='ltr'><strong>quos</strong></span> 
     </span>
    </p>
   </div>
   <div class='ocr_carea' id='block_1_3' title="bbox 316 656 3749 729">
    <p class='ocr_par' dir='ltr' id='par_1_3' title="bbox 316 656 3749 729">
     <span class='ocr_line' id='line_1_3' title="bbox 316 656 3749 729; baseline 0.002 -17"><span class='ocrx_word' id='word_1_24' title='bbox 316 658 628 724; x_wconf 82' lang='lat' dir='ltr'><strong>seductus,</strong></span> <span class='ocrx_word' id='word_1_25' title='bbox 662 657 720 711; x_wconf 91' lang='lat' dir='ltr'><strong>in</strong></span> <span class='ocrx_word' id='word_1_26' title='bbox 754 674 1010 712; x_wconf 89' lang='lat' dir='ltr'><strong>errorem</strong></span> <span class='ocrx_word' id='word_1_27' title='bbox 1043 676 1102 714; x_wconf 84' lang='lat' dir='ltr'><strong>se</strong></span> <span class='ocrx_word' id='word_1_28' title='bbox 1133 660 1377 716; x_wconf 82' lang='lat' dir='ltr'><strong>dedidit.</strong></span> <span class='ocrx_word' id='word_1_29' title='bbox 1413 659 1667 715; x_wconf 86' lang='lat' dir='ltr'><strong>Decebat</strong></span> <span class='ocrx_word' id='word_1_30' title='bbox 1715 658 1914 729; x_wconf 79' lang='lat' dir='ltr'><strong>itaque</strong></span> <span class='ocrx_word' id='word_1_31' title='bbox 1959 657 2079 711; x_wconf 67' lang='lat' dir='ltr'><strong>haec</strong></span> <span class='ocrx_word' id='word_1_32' title='bbox 2108 656 2232 710; x_wconf 80' lang='lat' dir='ltr'><strong>fieri</strong></span> <span class='ocrx_word' id='word_1_33' title='bbox 2267 673 2368 727; x_wconf 91' lang='lat' dir='ltr'><strong>pro</strong></span> <span class='ocrx_word' id='word_1_34' title='bbox 2419 656 2556 713; x_wconf 81' lang='lat' dir='ltr'><strong>illis.</strong></span> <span class='ocrx_word' id='word_1_35' title='bbox 2590 659 2816 729; x_wconf 89' lang='lat' dir='ltr'><strong>Carpus</strong></span> <span class='ocrx_word' id='word_1_36' title='bbox 2867 658 3105 714; x_wconf 83' lang='lat' dir='ltr'><strong>interim</strong></span> <span class='ocrx_word' id='word_1_37' title='bbox 3151 661 3292 714; x_wconf 89' lang='lat' dir='ltr'><strong>dum</strong></span> <span class='ocrx_word' id='word_1_38' title='bbox 3345 662 3517 729; x_wconf 86' lang='lat' dir='ltr'><strong>hanc,</strong></span> <span class='ocrx_word' id='word_1_39' title='bbox 3550 663 3749 719; x_wconf 90' lang='lat' dir='ltr'><strong>nescio</strong></span> 
     </span>
    </p>
   </div>
   <div class='ocr_carea' id='block_1_4' title="bbox 317 745 3754 820">
    <p class='ocr_par' dir='ltr' id='par_1_4' title="bbox 317 745 3754 820">
     <span class='ocr_line' id='line_1_4' title="bbox 317 745 3754 820; baseline 0.002 -20"><span class='ocrx_word' id='word_1_40' title='bbox 317 762 442 818; x_wconf 87' lang='lat' dir='ltr'><strong>quo</strong></span> <span class='ocrx_word' id='word_1_41' title='bbox 477 754 663 816; x_wconf 88' lang='lat' dir='ltr'><strong>pacto,</strong></span> <span class='ocrx_word' id='word_1_42' title='bbox 697 746 1030 817; x_wconf 88' lang='lat' dir='ltr'><strong>illiquasset</strong></span> <span class='ocrx_word' id='word_1_43' title='bbox 1079 749 1537 804; x_wconf 81' lang='lat' dir='ltr'><strong>amaritudinem</strong></span> <span class='ocrx_word' id='word_1_44' title='bbox 1589 748 1787 804; x_wconf 87' lang='lat' dir='ltr'><strong>animo</strong></span> <span class='ocrx_word' id='word_1_45' title='bbox 1843 764 1970 813; x_wconf 86' lang='lat' dir='ltr'><strong>suo,</strong></span> <span class='ocrx_word' id='word_1_46' title='bbox 2004 745 2376 801; x_wconf 82' lang='lat' dir='ltr'><strong>obdormivit.</strong></span> <span class='ocrx_word' id='word_1_47' title='bbox 2427 747 2595 803; x_wconf 86' lang='lat' dir='ltr'><strong>Circa</strong></span> <span class='ocrx_word' id='word_1_48' title='bbox 2644 749 2904 802; x_wconf 89' lang='lat' dir='ltr'><strong>medium</strong></span> <span class='ocrx_word' id='word_1_49' title='bbox 2957 750 3144 804; x_wconf 91' lang='lat' dir='ltr'><strong>noctis</strong></span> <span class='ocrx_word' id='word_1_50' title='bbox 3177 766 3276 820; x_wconf 91' lang='lat' dir='ltr'><strong>pro</strong></span> <span class='ocrx_word' id='word_1_51' title='bbox 3326 752 3754 808; x_wconf 79' lang='lat' dir='ltr'><strong>consuetudine</strong></span> 
     </span>
    </p>
   </div>
   <div class='ocr_carea' id='block_1_5' title="bbox 310 835 3753 910">
    <p class='ocr_par' dir='ltr' id='par_1_5' title="bbox 310 835 3753 910">
     <span class='ocr_line' id='line_1_5' title="bbox 310 835 3753 910; baseline 0.001 -19"><span class='ocrx_word' id='word_1_52' title='bbox 310 837 548 905; x_wconf 89' lang='lat' dir='ltr'><strong>Carpus</strong></span> <span class='ocrx_word' id='word_1_53' title='bbox 598 852 805 890; x_wconf 85' lang='lat' dir='ltr'><strong>somno</strong></span> <span class='ocrx_word' id='word_1_54' title='bbox 856 853 1163 903; x_wconf 80' lang='lat' dir='ltr'><strong>excussus,</strong></span> <span class='ocrx_word' id='word_1_55' title='bbox 1195 844 1251 892; x_wconf 88' lang='lat' dir='ltr'><strong>et</strong></span> <span class='ocrx_word' id='word_1_56' title='bbox 1302 839 1371 892; x_wconf 88' lang='lat' dir='ltr'><strong>ad</strong></span> <span class='ocrx_word' id='word_1_57' title='bbox 1424 839 1657 893; x_wconf 89' lang='lat' dir='ltr'><strong>divinas</strong></span> <span class='ocrx_word' id='word_1_58' title='bbox 1703 837 1926 892; x_wconf 87' lang='lat' dir='ltr'><strong>excitus</strong></span> <span class='ocrx_word' id='word_1_59' title='bbox 1976 836 2204 901; x_wconf 89' lang='lat' dir='ltr'><strong>laudes,</strong></span> <span class='ocrx_word' id='word_1_60' title='bbox 2237 852 2373 890; x_wconf 92' lang='lat' dir='ltr'><strong>cum</strong></span> <span class='ocrx_word' id='word_1_61' title='bbox 2426 835 2640 905; x_wconf 75' lang='lat' dir='ltr'><strong>alioqui</strong></span> <span class='ocrx_word' id='word_1_62' title='bbox 2694 854 2794 908; x_wconf 90' lang='lat' dir='ltr'><strong>per</strong></span> <span class='ocrx_word' id='word_1_63' title='bbox 2845 837 3291 893; x_wconf 81' lang='lat' dir='ltr'><strong>tumultuariam</strong></span> <span class='ocrx_word' id='word_1_64' title='bbox 3346 839 3753 910; x_wconf 82' lang='lat' dir='ltr'><strong>intemperiem</strong></span> 
     </span>
    </p>
   </div>
   <div class='ocr_carea' id='block_1_6' title="bbox 317 923 3758 998">
    <p class='ocr_par' dir='ltr' id='par_1_6' title="bbox 317 923 3758 998">
     <span class='ocr_line' id='line_1_6' title="bbox 317 923 3758 998; baseline 0.001 -21"><span class='ocrx_word' id='word_1_65' title='bbox 317 923 591 994; x_wconf 84' lang='lat' dir='ltr'><strong>pressius</strong></span> <span class='ocrx_word' id='word_1_66' title='bbox 626 924 979 979; x_wconf 85' lang='lat' dir='ltr'><strong>insidentem</strong></span> <span class='ocrx_word' id='word_1_67' title='bbox 1014 925 1211 979; x_wconf 88' lang='lat' dir='ltr'><strong>animo</strong></span> <span class='ocrx_word' id='word_1_68' title='bbox 1243 925 1616 981; x_wconf 90' lang='lat' dir='ltr'><strong>incommode</strong></span> <span class='ocrx_word' id='word_1_69' title='bbox 1659 926 2007 998; x_wconf 86' lang='lat' dir='ltr'><strong>requiesset,</strong></span> <span class='ocrx_word' id='word_1_70' title='bbox 2039 924 2295 995; x_wconf 79' lang='lat' dir='ltr'><strong>graviter</strong></span> <span class='ocrx_word' id='word_1_71' title='bbox 2345 925 2584 992; x_wconf 87' lang='lat' dir='ltr'><strong>ferebat,</strong></span> <span class='ocrx_word' id='word_1_72' title='bbox 2617 929 2673 979; x_wconf 88' lang='lat' dir='ltr'><strong>et</strong></span> <span class='ocrx_word' id='word_1_73' title='bbox 2702 925 3050 995; x_wconf 88' lang='lat' dir='ltr'><strong>permoleste</strong></span> <span class='ocrx_word' id='word_1_74' title='bbox 3085 943 3096 981; x_wconf 90' lang='lat'><strong>:</strong></span> <span class='ocrx_word' id='word_1_75' title='bbox 3131 926 3316 981; x_wconf 91' lang='lat' dir='ltr'><strong>Deum</strong></span> <span class='ocrx_word' id='word_1_76' title='bbox 3353 927 3594 997; x_wconf 89' lang='lat' dir='ltr'><strong>insuper</strong></span> <span class='ocrx_word' id='word_1_77' title='bbox 3624 945 3758 982; x_wconf 90' lang='lat' dir='ltr'><strong>ora-</strong></span> 
     </span>
    </p>
   </div>
   <div class='ocr_carea' id='block_1_7' title="bbox 311 1013 3759 1086">
    <p class='ocr_par' dir='ltr' id='par_1_7' title="bbox 311 1013 3759 1086">
     <span class='ocr_line' id='line_1_7' title="bbox 311 1013 3759 1086; baseline 0.001 -19"><span class='ocrx_word' id='word_1_78' title='bbox 311 1013 446 1078; x_wconf 88' lang='lat' dir='ltr'><strong>bat,</strong></span> <span class='ocrx_word' id='word_1_79' title='bbox 501 1018 823 1084; x_wconf 90' lang='lat' dir='ltr'><strong>utrumque</strong></span> <span class='ocrx_word' id='word_1_80' title='bbox 871 1018 936 1068; x_wconf 90' lang='lat' dir='ltr'><strong>ut</strong></span> <span class='ocrx_word' id='word_1_81' title='bbox 984 1014 1353 1084; x_wconf 89' lang='lat' dir='ltr'><strong>disperderet</strong></span> <span class='ocrx_word' id='word_1_82' title='bbox 1393 1015 1615 1071; x_wconf 59' lang='lat' dir='ltr'><strong>clelesti</strong></span> <span class='ocrx_word' id='word_1_83' title='bbox 1672 1015 1912 1070; x_wconf 89' lang='lat' dir='ltr'><strong>ﬂamma</strong></span> <span class='ocrx_word' id='word_1_84' title='bbox 1968 1029 2035 1068; x_wconf 91' lang='lat' dir='ltr'><strong>ac</strong></span> <span class='ocrx_word' id='word_1_85' title='bbox 2063 1013 2241 1068; x_wconf 90' lang='lat' dir='ltr'><strong>veluti</strong></span> <span class='ocrx_word' id='word_1_86' title='bbox 2303 1013 2548 1068; x_wconf 88' lang='lat' dir='ltr'><strong>fulmine</strong></span> <span class='ocrx_word' id='word_1_87' title='bbox 2609 1015 2910 1085; x_wconf 86' lang='lat' dir='ltr'><strong>quopiam.</strong></span> <span class='ocrx_word' id='word_1_88' title='bbox 2954 1017 3213 1086; x_wconf 70' lang='grc' dir='ltr'>Πρηστγςρ</span> <span class='ocrx_word' id='word_1_89' title='bbox 3263 1017 3421 1070; x_wconf 88' lang='lat' dir='ltr'><strong>enim</strong></span> <span class='ocrx_word' id='word_1_90' title='bbox 3453 1017 3691 1086; x_wconf 81' lang='lat' dir='ltr'><strong>fulmen,</strong></span> <span class='ocrx_word' id='word_1_91' title='bbox 3726 1034 3759 1072; x_wconf 89' lang='lat' dir='ltr'><strong>a</strong></span> 
     </span>
    </p>
   </div>
   <div class='ocr_carea' id='block_1_8' title="bbox 311 1101 3756 1173">
    <p class='ocr_par' dir='ltr' id='par_1_8' title="bbox 311 1101 3756 1173">
     <span class='ocr_line' id='line_1_8' title="bbox 311 1101 3756 1173; baseline 0.001 -20"><span class='ocrx_word' id='word_1_92' title='bbox 311 1102 522 1173; x_wconf 79' lang='grc' dir='ltr'>πρήθω</span> <span class='ocrx_word' id='word_1_93' title='bbox 555 1102 914 1156; x_wconf 87' lang='lat' dir='ltr'><strong>deducitur:</strong></span> <span class='ocrx_word' id='word_1_94' title='bbox 953 1103 1059 1158; x_wconf 90' lang='lat' dir='ltr'><strong>hoc</strong></span> <span class='ocrx_word' id='word_1_95' title='bbox 1110 1115 1218 1170; x_wconf 88' lang='lat' dir='ltr'><strong>est,</strong></span> <span class='ocrx_word' id='word_1_96' title='bbox 1268 1101 1429 1169; x_wconf 82' lang='grc' dir='ltr'>καίω,</span> <span class='ocrx_word' id='word_1_97' title='bbox 1477 1104 1732 1162; x_wconf 78' lang='lat' dir='ltr'><strong>incendo.</strong></span> <span class='ocrx_word' id='word_1_98' title='bbox 1785 1104 1987 1157; x_wconf 82' lang='lat' dir='ltr'><strong>aduro.</strong></span> <span class='ocrx_word' id='word_1_99' title='bbox 2039 1102 2108 1156; x_wconf 88' lang='lat' dir='ltr'><strong>Et</strong></span> <span class='ocrx_word' id='word_1_100' title='bbox 2140 1101 2258 1156; x_wconf 68' lang='lat' dir='ltr'><strong>haec</strong></span> <span class='ocrx_word' id='word_1_101' title='bbox 2289 1117 2424 1157; x_wconf 90' lang='lat' dir='ltr'><strong>cum</strong></span> <span class='ocrx_word' id='word_1_102' title='bbox 2458 1102 2695 1166; x_wconf 86' lang='lat' dir='ltr'><strong>diceret,</strong></span> <span class='ocrx_word' id='word_1_103' title='bbox 2727 1103 2887 1157; x_wconf 86' lang='lat' dir='ltr'><strong>visus</strong></span> <span class='ocrx_word' id='word_1_104' title='bbox 2940 1109 3028 1158; x_wconf 90' lang='lat' dir='ltr'><strong>est</strong></span> <span class='ocrx_word' id='word_1_105' title='bbox 3081 1104 3274 1158; x_wconf 90' lang='lat' dir='ltr'><strong>videre</strong></span> <span class='ocrx_word' id='word_1_106' title='bbox 3322 1104 3756 1159; x_wconf 88' lang='lat' dir='ltr'><strong>formidabilem</strong></span> 
     </span>
    </p>
   </div>
   <div class='ocr_carea' id='block_1_9' title="bbox 316 1189 3758 1263">
    <p class='ocr_par' dir='ltr' id='par_1_9' title="bbox 316 1189 3758 1263">
     <span class='ocr_line' id='line_1_9' title="bbox 316 1189 3758 1263; baseline 0.001 -19"><span class='ocrx_word' id='word_1_107' title='bbox 316 1189 489 1245; x_wconf 84' lang='lat' dir='ltr'><strong>illam</strong></span> <span class='ocrx_word' id='word_1_108' title='bbox 523 1190 833 1261; x_wconf 85' lang='lat' dir='ltr'><strong>visionem,</strong></span> <span class='ocrx_word' id='word_1_109' title='bbox 867 1207 1043 1262; x_wconf 88' lang='lat' dir='ltr'><strong>quam</strong></span> <span class='ocrx_word' id='word_1_110' title='bbox 1077 1192 1280 1247; x_wconf 85' lang='lat' dir='ltr'><strong>subtili</strong></span> <span class='ocrx_word' id='word_1_111' title='bbox 1311 1194 1630 1248; x_wconf 89' lang='lat' dir='ltr'><strong>admodum</strong></span> <span class='ocrx_word' id='word_1_112' title='bbox 1665 1193 2036 1248; x_wconf 85' lang='lat' dir='ltr'><strong>enarratione</strong></span> <span class='ocrx_word' id='word_1_113' title='bbox 2067 1196 2348 1246; x_wconf 88' lang='lat' dir='ltr'><strong>recenset.</strong></span> <span class='ocrx_word' id='word_1_114' title='bbox 2382 1191 2498 1246; x_wconf 88' lang='lat' dir='ltr'><strong>Nos</strong></span> <span class='ocrx_word' id='word_1_115' title='bbox 2530 1191 2711 1263; x_wconf 84' lang='lat' dir='ltr'><strong>igitur</strong></span> <span class='ocrx_word' id='word_1_116' title='bbox 2743 1199 2807 1246; x_wconf 91' lang='lat' dir='ltr'><strong>ut</strong></span> <span class='ocrx_word' id='word_1_117' title='bbox 2833 1193 3107 1248; x_wconf 87' lang='lat' dir='ltr'><strong>omnibus</strong></span> <span class='ocrx_word' id='word_1_118' title='bbox 3141 1195 3470 1249; x_wconf 80' lang='lat' dir='ltr'><strong>confessam</strong></span> <span class='ocrx_word' id='word_1_119' title='bbox 3505 1193 3758 1250; x_wconf 89' lang='lat' dir='ltr'><strong>nullius-</strong></span> 
     </span>
    </p>
   </div>
   <div class='ocr_carea' id='block_1_10' title="bbox 321 1280 3760 1352">
    <p class='ocr_par' dir='ltr' id='par_1_10' title="bbox 321 1280 3760 1352">
     <span class='ocr_line' id='line_1_10' title="bbox 321 1280 3760 1352; baseline 0.001 -18"><span class='ocrx_word' id='word_1_120' title='bbox 321 1295 442 1351; x_wconf 91' lang='lat' dir='ltr'><strong>que</strong></span> <span class='ocrx_word' id='word_1_121' title='bbox 495 1280 799 1351; x_wconf 87' lang='lat' dir='ltr'><strong>indignam</strong></span> <span class='ocrx_word' id='word_1_122' title='bbox 853 1281 1260 1351; x_wconf 80' lang='lat' dir='ltr'><strong>expositionis,</strong></span> <span class='ocrx_word' id='word_1_123' title='bbox 1315 1283 1651 1349; x_wconf 90' lang='lat' dir='ltr'><strong>omisimus,</strong></span> <span class='ocrx_word' id='word_1_124' title='bbox 1684 1281 1794 1336; x_wconf 92' lang='lat' dir='ltr'><strong>hoc</strong></span> <span class='ocrx_word' id='word_1_125' title='bbox 1844 1286 2074 1335; x_wconf 87' lang='lat' dir='ltr'><strong>tantum</strong></span> <span class='ocrx_word' id='word_1_126' title='bbox 2111 1280 2516 1350; x_wconf 83' lang='lat' dir='ltr'><strong>subjicientes,</strong></span> <span class='ocrx_word' id='word_1_127' title='bbox 2566 1281 2637 1334; x_wconf 91' lang='lat' dir='ltr'><strong>de</strong></span> <span class='ocrx_word' id='word_1_128' title='bbox 2685 1281 3179 1350; x_wconf 88' lang='lat' dir='ltr'><strong>demulcentibus,</strong></span> <span class='ocrx_word' id='word_1_129' title='bbox 3212 1283 3492 1352; x_wconf 90' lang='lat' dir='ltr'><strong>omnique</strong></span> <span class='ocrx_word' id='word_1_130' title='bbox 3534 1282 3760 1338; x_wconf 84' lang='lat' dir='ltr'><strong>ratione</strong></span> 
     </span>
    </p>
   </div>
   <div class='ocr_carea' id='block_1_11' title="bbox 314 1367 3753 1442">
    <p class='ocr_par' dir='ltr' id='par_1_11' title="bbox 314 1367 3753 1442">
     <span class='ocr_line' id='line_1_11' title="bbox 314 1367 3753 1442; baseline 0 -18"><span class='ocrx_word' id='word_1_131' title='bbox 314 1367 381 1424; x_wconf 90' lang='lat' dir='ltr'><strong>in</strong></span> <span class='ocrx_word' id='word_1_132' title='bbox 417 1367 677 1424; x_wconf 89' lang='lat' dir='ltr'><strong>hiulcam</strong></span> <span class='ocrx_word' id='word_1_133' title='bbox 721 1368 882 1424; x_wconf 89' lang='lat' dir='ltr'><strong>illam</strong></span> <span class='ocrx_word' id='word_1_134' title='bbox 915 1370 1251 1442; x_wconf 84' lang='lat' dir='ltr'><strong>voraginem</strong></span> <span class='ocrx_word' id='word_1_135' title='bbox 1289 1371 1535 1427; x_wconf 86' lang='lat' dir='ltr'><strong>miseros</strong></span> <span class='ocrx_word' id='word_1_136' title='bbox 1583 1371 1894 1426; x_wconf 90' lang='lat' dir='ltr'><strong>deturbare</strong></span> <span class='ocrx_word' id='word_1_137' title='bbox 1943 1368 2345 1424; x_wconf 89' lang='lat' dir='ltr'><strong>molientibus.</strong></span> <span class='ocrx_word' id='word_1_138' title='bbox 2396 1369 2546 1424; x_wconf 89' lang='lat' dir='ltr'><strong>Nota</strong></span> <span class='ocrx_word' id='word_1_139' title='bbox 2595 1374 2651 1423; x_wconf 90' lang='lat' dir='ltr'><strong>et</strong></span> <span class='ocrx_word' id='word_1_140' title='bbox 2679 1386 2748 1424; x_wconf 86' lang='lat' dir='ltr'><strong>ex</strong></span> <span class='ocrx_word' id='word_1_141' title='bbox 2778 1369 2871 1423; x_wconf 89' lang='lat' dir='ltr'><strong>his</strong></span> <span class='ocrx_word' id='word_1_142' title='bbox 2902 1369 3130 1441; x_wconf 86' lang='lat' dir='ltr'><strong>collige,</strong></span> <span class='ocrx_word' id='word_1_143' title='bbox 3165 1387 3344 1442; x_wconf 88' lang='lat' dir='ltr'><strong>quam</strong></span> <span class='ocrx_word' id='word_1_144' title='bbox 3379 1372 3593 1426; x_wconf 89' lang='lat' dir='ltr'><strong>misere</strong></span> <span class='ocrx_word' id='word_1_145' title='bbox 3626 1371 3753 1425; x_wconf 90' lang='lat' dir='ltr'><strong>dia-</strong></span> 
     </span>
    </p>
   </div>
   <div class='ocr_carea' id='block_1_12' title="bbox 315 1455 3756 1533">
    <p class='ocr_par' dir='ltr' id='par_1_12' title="bbox 315 1455 3756 1533">
     <span class='ocr_line' id='line_1_12' title="bbox 315 1455 3756 1533; baseline 0 -21"><span class='ocrx_word' id='word_1_146' title='bbox 315 1457 502 1512; x_wconf 88' lang='lat' dir='ltr'><strong>bolus</strong></span> <span class='ocrx_word' id='word_1_147' title='bbox 552 1457 822 1514; x_wconf 89' lang='lat' dir='ltr'><strong>homines</strong></span> <span class='ocrx_word' id='word_1_148' title='bbox 874 1459 1196 1530; x_wconf 71' lang='lat' dir='ltr'><strong>praecipitet</strong></span> <span class='ocrx_word' id='word_1_149' title='bbox 1242 1460 1301 1515; x_wconf 93' lang='lat' dir='ltr'><strong>in</strong></span> <span class='ocrx_word' id='word_1_150' title='bbox 1353 1462 1626 1516; x_wconf 81' lang='lat' dir='ltr'><strong>tenebras</strong></span> <span class='ocrx_word' id='word_1_151' title='bbox 1674 1459 1806 1515; x_wconf 89' lang='lat' dir='ltr'><strong>illas</strong></span> <span class='ocrx_word' id='word_1_152' title='bbox 1855 1457 2188 1523; x_wconf 87' lang='lat' dir='ltr'><strong>exteriores,</strong></span> <span class='ocrx_word' id='word_1_153' title='bbox 2243 1474 2388 1529; x_wconf 87' lang='lat' dir='ltr'><strong>quas</strong></span> <span class='ocrx_word' id='word_1_154' title='bbox 2441 1458 2535 1512; x_wconf 89' lang='lat' dir='ltr'><strong>hic</strong></span> <span class='ocrx_word' id='word_1_155' title='bbox 2584 1455 2782 1530; x_wconf 72' lang='grc' dir='ltr'>ἀχανὲς</span> <span class='ocrx_word' id='word_1_156' title='bbox 2832 1466 3018 1524; x_wconf 88' lang='lat' dir='ltr'><strong>vocat,</strong></span> <span class='ocrx_word' id='word_1_157' title='bbox 3069 1459 3292 1514; x_wconf 89' lang='lat' dir='ltr'><strong>scilicet</strong></span> <span class='ocrx_word' id='word_1_158' title='bbox 3353 1459 3644 1533; x_wconf 79' lang='grc' dir='ltr'>βάραθρον,</span> <span class='ocrx_word' id='word_1_159' title='bbox 3700 1460 3756 1513; x_wconf 90' lang='lat' dir='ltr'><strong>id</strong></span> 
     </span>
    </p>
   </div>
   <div class='ocr_carea' id='block_1_13' title="bbox 320 1548 3762 1622">
    <p class='ocr_par' dir='ltr' id='par_1_13' title="bbox 320 1548 3762 1622">
     <span class='ocr_line' id='line_1_13' title="bbox 320 1548 3762 1622; baseline 0 -19"><span class='ocrx_word' id='word_1_160' title='bbox 320 1552 418 1603; x_wconf 87' lang='lat' dir='ltr'><strong>est</strong></span> <span class='ocrx_word' id='word_1_161' title='bbox 450 1548 782 1603; x_wconf 88' lang='lat' dir='ltr'><strong>vastitatem</strong></span> <span class='ocrx_word' id='word_1_162' title='bbox 817 1565 882 1604; x_wconf 87' lang='lat' dir='ltr'><strong>ac</strong></span> <span class='ocrx_word' id='word_1_163' title='bbox 935 1551 1294 1622; x_wconf 86' lang='lat' dir='ltr'><strong>voraginem.</strong></span> <span class='ocrx_word' id='word_1_164' title='bbox 1346 1553 1648 1616; x_wconf 87' lang='lat' dir='ltr'><strong>Homines,</strong></span> <span class='ocrx_word' id='word_1_165' title='bbox 1699 1550 1966 1620; x_wconf 89' lang='lat' dir='ltr'><strong>inquam,</strong></span> <span class='ocrx_word' id='word_1_166' title='bbox 1999 1564 2066 1604; x_wconf 90' lang='lat' dir='ltr'><strong>eo</strong></span> <span class='ocrx_word' id='word_1_167' title='bbox 2100 1549 2413 1619; x_wconf 86' lang='lat' dir='ltr'><strong>protrudit,</strong></span> <span class='ocrx_word' id='word_1_168' title='bbox 2465 1548 2584 1603; x_wconf 89' lang='lat' dir='ltr'><strong>sive</strong></span> <span class='ocrx_word' id='word_1_169' title='bbox 2632 1550 2683 1603; x_wconf 87' lang='lat' dir='ltr'><strong>is</strong></span> <span class='ocrx_word' id='word_1_170' title='bbox 2714 1550 2793 1603; x_wconf 90' lang='lat' dir='ltr'><strong>sit</strong></span> <span class='ocrx_word' id='word_1_171' title='bbox 2824 1548 3036 1618; x_wconf 81' lang='lat' dir='ltr'><strong>planus</strong></span> <span class='ocrx_word' id='word_1_172' title='bbox 3070 1549 3164 1605; x_wconf 92' lang='lat' dir='ltr'><strong>ille</strong></span> <span class='ocrx_word' id='word_1_173' title='bbox 3197 1553 3254 1605; x_wconf 88' lang='lat' dir='ltr'><strong>et</strong></span> <span class='ocrx_word' id='word_1_174' title='bbox 3303 1550 3605 1621; x_wconf 89' lang='lat' dir='ltr'><strong>impostor,</strong></span> <span class='ocrx_word' id='word_1_175' title='bbox 3639 1549 3762 1604; x_wconf 89' lang='lat' dir='ltr'><strong>sive</strong></span> 
     </span>
    </p>
   </div>
   <div class='ocr_carea' id='block_1_14' title="bbox 319 1635 3763 1709">
    <p class='ocr_par' dir='ltr' id='par_1_14' title="bbox 319 1635 3763 1709">
     <span class='ocr_line' id='line_1_14' title="bbox 319 1635 3763 1709; baseline 0 -19"><span class='ocrx_word' id='word_1_176' title='bbox 319 1637 430 1707; x_wconf 89' lang='lat' dir='ltr'><strong>qui</strong></span> <span class='ocrx_word' id='word_1_177' title='bbox 461 1635 712 1708; x_wconf 84' lang='lat' dir='ltr'><strong>impellit</strong></span> <span class='ocrx_word' id='word_1_178' title='bbox 742 1655 772 1691; x_wconf 89' lang='lat' dir='ltr'><strong>a</strong></span> <span class='ocrx_word' id='word_1_179' title='bbox 805 1652 866 1692; x_wconf 89' lang='lat' dir='ltr'><strong>se</strong></span> <span class='ocrx_word' id='word_1_180' title='bbox 901 1655 1213 1708; x_wconf 89' lang='lat' dir='ltr'><strong>persuasos</strong></span> <span class='ocrx_word' id='word_1_181' title='bbox 1261 1644 1318 1695; x_wconf 91' lang='lat' dir='ltr'><strong>et</strong></span> <span class='ocrx_word' id='word_1_182' title='bbox 1349 1639 1573 1695; x_wconf 88' lang='lat' dir='ltr'><strong>illectos</strong></span> <span class='ocrx_word' id='word_1_183' title='bbox 1621 1640 1681 1695; x_wconf 92' lang='lat' dir='ltr'><strong>in</strong></span> <span class='ocrx_word' id='word_1_184' title='bbox 1737 1654 2015 1694; x_wconf 90' lang='lat' dir='ltr'><strong>errorem.</strong></span> <span class='ocrx_word' id='word_1_185' title='bbox 2051 1638 2147 1692; x_wconf 85' lang='lat' dir='ltr'><strong>Est</strong></span> <span class='ocrx_word' id='word_1_186' title='bbox 2179 1637 2276 1692; x_wconf 91' lang='lat' dir='ltr'><strong>ubi</strong></span> <span class='ocrx_word' id='word_1_187' title='bbox 2332 1654 2755 1708; x_wconf 90' lang='lat' dir='ltr'><strong>nonnunquam</strong></span> <span class='ocrx_word' id='word_1_188' title='bbox 2805 1638 2962 1692; x_wconf 90' lang='lat' dir='ltr'><strong>idem</strong></span> <span class='ocrx_word' id='word_1_189' title='bbox 3022 1638 3347 1709; x_wconf 85' lang='lat' dir='ltr'><strong>ﬂagitiosos</strong></span> <span class='ocrx_word' id='word_1_190' title='bbox 3377 1639 3763 1709; x_wconf 84' lang='lat' dir='ltr'><strong>impurosque</strong></span> 
     </span>
    </p>
   </div>
   <div class='ocr_carea' id='block_1_15' title="bbox 317 1725 3765 1800">
    <p class='ocr_par' dir='ltr' id='par_1_15' title="bbox 317 1725 3765 1800">
     <span class='ocr_line' id='line_1_15' title="bbox 317 1725 3765 1800; baseline 0.001 -20"><span class='ocrx_word' id='word_1_191' title='bbox 317 1725 698 1796; x_wconf 89' lang='lat' dir='ltr'><strong>cooperarios</strong></span> <span class='ocrx_word' id='word_1_192' title='bbox 731 1726 842 1782; x_wconf 91' lang='lat' dir='ltr'><strong>sibi</strong></span> <span class='ocrx_word' id='word_1_193' title='bbox 893 1729 1151 1798; x_wconf 89' lang='lat' dir='ltr'><strong>asciscit,</strong></span> <span class='ocrx_word' id='word_1_194' title='bbox 1185 1745 1438 1800; x_wconf 90' lang='lat' dir='ltr'><strong>quorum</strong></span> <span class='ocrx_word' id='word_1_195' title='bbox 1486 1744 1664 1800; x_wconf 87' lang='lat' dir='ltr'><strong>opera</strong></span> <span class='ocrx_word' id='word_1_196' title='bbox 1694 1727 1984 1800; x_wconf 89' lang='lat' dir='ltr'><strong>implanat</strong></span> <span class='ocrx_word' id='word_1_197' title='bbox 2030 1727 2342 1798; x_wconf 89' lang='lat' dir='ltr'><strong>plerosque</strong></span> <span class='ocrx_word' id='word_1_198' title='bbox 2374 1726 2520 1781; x_wconf 90' lang='lat' dir='ltr'><strong>alios</strong></span> <span class='ocrx_word' id='word_1_199' title='bbox 2571 1732 2633 1780; x_wconf 91' lang='lat' dir='ltr'><strong>ut</strong></span> <span class='ocrx_word' id='word_1_200' title='bbox 2664 1727 3037 1782; x_wconf 88' lang='lat' dir='ltr'><strong>idololatram</strong></span> <span class='ocrx_word' id='word_1_201' title='bbox 3091 1727 3256 1782; x_wconf 91' lang='lat' dir='ltr'><strong>illum</strong></span> <span class='ocrx_word' id='word_1_202' title='bbox 3307 1728 3376 1782; x_wconf 86' lang='lat' dir='ltr'><strong>ad</strong></span> <span class='ocrx_word' id='word_1_203' title='bbox 3426 1730 3555 1798; x_wconf 87' lang='lat' dir='ltr'><strong>ejus</strong></span> <span class='ocrx_word' id='word_1_204' title='bbox 3587 1727 3765 1782; x_wconf 88' lang='lat' dir='ltr'><strong>sedu-</strong></span> 
     </span>
    </p>
   </div>
   <div class='ocr_carea' id='block_1_16' title="bbox 316 1814 3762 1888">
    <p class='ocr_par' dir='ltr' id='par_1_16' title="bbox 316 1814 3762 1888">
     <span class='ocr_line' id='line_1_16' title="bbox 316 1814 3762 1888; baseline 0 -20"><span class='ocrx_word' id='word_1_205' title='bbox 316 1814 602 1882; x_wconf 90' lang='lat' dir='ltr'><strong>ctionem,</strong></span> <span class='ocrx_word' id='word_1_206' title='bbox 637 1815 708 1869; x_wconf 89' lang='lat' dir='ltr'><strong>de</strong></span> <span class='ocrx_word' id='word_1_207' title='bbox 743 1831 857 1886; x_wconf 93' lang='lat' dir='ltr'><strong>quo</strong></span> <span class='ocrx_word' id='word_1_208' title='bbox 909 1833 1168 1887; x_wconf 67' lang='lat' dir='ltr'><strong>praesens</strong></span> <span class='ocrx_word' id='word_1_209' title='bbox 1220 1834 1413 1872; x_wconf 89' lang='lat' dir='ltr'><strong>sermo</strong></span> <span class='ocrx_word' id='word_1_210' title='bbox 1463 1823 1570 1873; x_wconf 90' lang='lat' dir='ltr'><strong>est.</strong></span> <span class='ocrx_word' id='word_1_211' title='bbox 1604 1818 1972 1888; x_wconf 89' lang='lat' dir='ltr'><strong>Quapropter</strong></span> <span class='ocrx_word' id='word_1_212' title='bbox 2018 1815 2244 1886; x_wconf 87' lang='lat' dir='ltr'><strong>Carpus</strong></span> <span class='ocrx_word' id='word_1_213' title='bbox 2299 1816 2357 1870; x_wconf 92' lang='lat' dir='ltr'><strong>in</strong></span> <span class='ocrx_word' id='word_1_214' title='bbox 2389 1814 2609 1870; x_wconf 90' lang='lat' dir='ltr'><strong>visione</strong></span> <span class='ocrx_word' id='word_1_215' title='bbox 2658 1815 2768 1870; x_wconf 91' lang='lat' dir='ltr'><strong>hac</strong></span> <span class='ocrx_word' id='word_1_216' title='bbox 2799 1817 2953 1871; x_wconf 91' lang='lat' dir='ltr'><strong>viros</strong></span> <span class='ocrx_word' id='word_1_217' title='bbox 2983 1817 3306 1872; x_wconf 86' lang='lat' dir='ltr'><strong>etiamnum</strong></span> <span class='ocrx_word' id='word_1_218' title='bbox 3359 1821 3671 1872; x_wconf 87' lang='lat' dir='ltr'><strong>contuetur</strong></span> <span class='ocrx_word' id='word_1_219' title='bbox 3700 1814 3762 1870; x_wconf 92' lang='lat' dir='ltr'><strong>in</strong></span> 
     </span>
    </p>
   </div>
   <div class='ocr_carea' id='block_1_17' title="bbox 322 1903 3763 1977">
    <p class='ocr_par' dir='ltr' id='par_1_17' title="bbox 322 1903 3763 1977">
     <span class='ocr_line' id='line_1_17' title="bbox 322 1903 3763 1977; baseline 0 -18"><span class='ocrx_word' id='word_1_220' title='bbox 322 1903 528 1959; x_wconf 87' lang='lat' dir='ltr'><strong>medio</strong></span> <span class='ocrx_word' id='word_1_221' title='bbox 559 1904 949 1960; x_wconf 87' lang='lat' dir='ltr'><strong>consistentes</strong></span> <span class='ocrx_word' id='word_1_222' title='bbox 1000 1907 1384 1977; x_wconf 89' lang='lat' dir='ltr'><strong>serpentium,</strong></span> <span class='ocrx_word' id='word_1_223' title='bbox 1437 1908 1545 1962; x_wconf 90' lang='lat' dir='ltr'><strong>hoc</strong></span> <span class='ocrx_word' id='word_1_224' title='bbox 1594 1911 1684 1962; x_wconf 88' lang='lat' dir='ltr'><strong>est</strong></span> <span class='ocrx_word' id='word_1_225' title='bbox 1713 1907 2044 1962; x_wconf 69' lang='lat' dir='ltr'><strong>daemonum</strong></span> <span class='ocrx_word' id='word_1_226' title='bbox 2081 1922 2092 1960; x_wconf 94' lang='lat'>:</span> <span class='ocrx_word' id='word_1_227' title='bbox 2129 1905 2229 1976; x_wconf 88' lang='lat' dir='ltr'><strong>qui</strong></span> <span class='ocrx_word' id='word_1_228' title='bbox 2281 1905 2353 1959; x_wconf 91' lang='lat' dir='ltr'><strong>ab</strong></span> <span class='ocrx_word' id='word_1_229' title='bbox 2385 1905 2682 1960; x_wconf 88' lang='lat' dir='ltr'><strong>incentore</strong></span> <span class='ocrx_word' id='word_1_230' title='bbox 2732 1905 2966 1960; x_wconf 88' lang='lat' dir='ltr'><strong>diabolo</strong></span> <span class='ocrx_word' id='word_1_231' title='bbox 3013 1907 3198 1961; x_wconf 87' lang='lat' dir='ltr'><strong>victos</strong></span> <span class='ocrx_word' id='word_1_232' title='bbox 3250 1907 3654 1977; x_wconf 85' lang='lat' dir='ltr'><strong>pertraherent</strong></span> <span class='ocrx_word' id='word_1_233' title='bbox 3692 1907 3763 1961; x_wconf 90' lang='lat' dir='ltr'><strong>ad</strong></span> 
     </span>
    </p>
   </div>
   <div class='ocr_carea' id='block_1_18' title="bbox 317 1990 2002 2067">
    <p class='ocr_par' dir='ltr' id='par_1_18' title="bbox 317 1994 1992 2067">
     <span class='ocr_line' id='line_1_18' title="bbox 317 1994 1992 2067; baseline -0.001 -18"><span class='ocrx_word' id='word_1_234' title='bbox 317 1994 598 2063; x_wconf 86' lang='lat' dir='ltr'><strong>Tartara,</strong></span> <span class='ocrx_word' id='word_1_235' title='bbox 631 2011 664 2048; x_wconf 88' lang='lat' dir='ltr'><strong>a</strong></span> <span class='ocrx_word' id='word_1_236' title='bbox 695 1994 911 2064; x_wconf 90' lang='lat' dir='ltr'><strong>quibus</strong></span> <span class='ocrx_word' id='word_1_237' title='bbox 961 2011 1068 2049; x_wconf 91' lang='lat' dir='ltr'><strong>nos</strong></span> <span class='ocrx_word' id='word_1_238' title='bbox 1115 1996 1348 2050; x_wconf 90' lang='lat' dir='ltr'><strong>Domini</strong></span> <span class='ocrx_word' id='word_1_239' title='bbox 1382 1996 1714 2067; x_wconf 87' lang='lat' dir='ltr'><strong>benignitas</strong></span> <span class='ocrx_word' id='word_1_240' title='bbox 1764 1995 1992 2049; x_wconf 89' lang='lat' dir='ltr'><strong>liberet.</strong></span> 
     </span>
    </p>
   </div>
   <div class='ocr_carea' id='block_1_19' title="bbox 2115 1990 3767 2067">
    <p class='ocr_par' dir='ltr' id='par_1_19' title="bbox 2115 1990 3767 2066">
     <span class='ocr_line' id='line_1_19' title="bbox 2115 1990 3767 2066; baseline 0.002 -19"><span class='ocrx_word' id='word_1_241' title='bbox 2115 1994 2201 2048; x_wconf 90' lang='lat' dir='ltr'><strong>lod</strong></span> <span class='ocrx_word' id='word_1_242' title='bbox 2253 1999 2449 2048; x_wconf 90' lang='lat' dir='ltr'><strong>autem</strong></span> <span class='ocrx_word' id='word_1_243' title='bbox 2484 1994 2711 2048; x_wconf 83' lang='lat' dir='ltr'><strong>addidit</strong></span> <span class='ocrx_word' id='word_1_244' title='bbox 2745 2010 2757 2048; x_wconf 89' lang='lat'>:</span> <span class='ocrx_word' id='word_1_245' title='bbox 2793 1990 3012 2056; x_wconf 71' lang='grc' dir='ltr'>ἄκοντες</span> <span class='ocrx_word' id='word_1_246' title='bbox 3059 1992 3146 2046; x_wconf 77' lang='grc' dir='ltr'>καὶ</span> <span class='ocrx_word' id='word_1_247' title='bbox 3202 1993 3540 2066; x_wconf 79' lang='grc' dir='ltr'>βιαζόμενοι,</span> <span class='ocrx_word' id='word_1_248' title='bbox 3591 1995 3649 2050; x_wconf 89' lang='lat' dir='ltr'><strong>id</strong></span> <span class='ocrx_word' id='word_1_249' title='bbox 3678 2001 3767 2051; x_wconf 89' lang='lat' dir='ltr'><strong>est</strong></span> 
     </span>
    </p>
   </div>
   <div class='ocr_carea' id='block_1_20' title="bbox 325 2081 3766 2156">
    <p class='ocr_par' dir='ltr' id='par_1_20' title="bbox 325 2081 3766 2156">
     <span class='ocr_line' id='line_1_20' title="bbox 325 2081 3766 2156; baseline -0 -17"><span class='ocrx_word' id='word_1_250' title='bbox 325 2082 510 2139; x_wconf 87' lang='lat' dir='ltr'><strong>inviti</strong></span> <span class='ocrx_word' id='word_1_251' title='bbox 535 2090 585 2137; x_wconf 89' lang='lat' dir='ltr'><strong>et</strong></span> <span class='ocrx_word' id='word_1_252' title='bbox 616 2081 890 2138; x_wconf 76' lang='lat' dir='ltr'><strong>violenter</strong></span> <span class='ocrx_word' id='word_1_253' title='bbox 929 2084 1186 2154; x_wconf 81' lang='lat' dir='ltr'><strong>abrepti:</strong></span> <span class='ocrx_word' id='word_1_254' title='bbox 1220 2101 1334 2140; x_wconf 91' lang='lat' dir='ltr'><strong>non</strong></span> <span class='ocrx_word' id='word_1_255' title='bbox 1388 2085 1494 2139; x_wconf 90' lang='lat' dir='ltr'><strong>hoc</strong></span> <span class='ocrx_word' id='word_1_256' title='bbox 1526 2085 1680 2138; x_wconf 86' lang='lat' dir='ltr'><strong>dicto</strong></span> <span class='ocrx_word' id='word_1_257' title='bbox 1712 2083 1892 2138; x_wconf 89' lang='lat' dir='ltr'><strong>ullam</strong></span> <span class='ocrx_word' id='word_1_258' title='bbox 1945 2083 2196 2154; x_wconf 91' lang='lat' dir='ltr'><strong>imponit</strong></span> <span class='ocrx_word' id='word_1_259' title='bbox 2246 2083 2616 2138; x_wconf 82' lang='lat' dir='ltr'><strong>necessitatis</strong></span> <span class='ocrx_word' id='word_1_260' title='bbox 2647 2083 2781 2149; x_wconf 84' lang='lat' dir='ltr'><strong>vim,</strong></span> <span class='ocrx_word' id='word_1_261' title='bbox 2817 2083 2926 2138; x_wconf 93' lang='lat' dir='ltr'><strong>hoc</strong></span> <span class='ocrx_word' id='word_1_262' title='bbox 2973 2088 3063 2138; x_wconf 88' lang='lat' dir='ltr'><strong>est</strong></span> <span class='ocrx_word' id='word_1_263' title='bbox 3112 2089 3176 2138; x_wconf 90' lang='lat' dir='ltr'><strong>ut</strong></span> <span class='ocrx_word' id='word_1_264' title='bbox 3207 2101 3278 2138; x_wconf 90' lang='lat' dir='ltr'><strong>ne</strong></span> <span class='ocrx_word' id='word_1_265' title='bbox 3310 2083 3608 2156; x_wconf 85' lang='lat' dir='ltr'><strong>intelligas</strong></span> <span class='ocrx_word' id='word_1_266' title='bbox 3640 2085 3766 2139; x_wconf 91' lang='lat' dir='ltr'><strong>dia-</strong></span> 
     </span>
    </p>
   </div>
   <div class='ocr_carea' id='block_1_21' title="bbox 335 2170 3766 2244">
    <p class='ocr_par' dir='ltr' id='par_1_21' title="bbox 335 2170 3766 2244">
     <span class='ocr_line' id='line_1_21' title="bbox 335 2170 3766 2244; baseline -0.001 -16"><span class='ocrx_word' id='word_1_267' title='bbox 335 2171 570 2237; x_wconf 88' lang='lat' dir='ltr'><strong>bolum,</strong></span> <span class='ocrx_word' id='word_1_268' title='bbox 621 2172 1126 2243; x_wconf 88' lang='lat' dir='ltr'><strong>quemadmodum</strong></span> <span class='ocrx_word' id='word_1_269' title='bbox 1179 2173 1501 2244; x_wconf 69' lang='lat' dir='ltr'><strong>Manichaai,</strong></span> <span class='ocrx_word' id='word_1_270' title='bbox 1553 2172 1857 2228; x_wconf 74' lang='lat' dir='ltr'><strong>Mcsaliani</strong></span> <span class='ocrx_word' id='word_1_271' title='bbox 1889 2171 2009 2226; x_wconf 89' lang='lat' dir='ltr'><strong>sive</strong></span> <span class='ocrx_word' id='word_1_272' title='bbox 2058 2170 2315 2226; x_wconf 71' lang='lat' dir='ltr'><strong>Euchitaa</strong></span> <span class='ocrx_word' id='word_1_273' title='bbox 2365 2171 2627 2225; x_wconf 89' lang='lat' dir='ltr'><strong>sentiunt</strong></span> <span class='ocrx_word' id='word_1_274' title='bbox 2674 2171 2902 2241; x_wconf 78' lang='lat' dir='ltr'><strong>(mesata</strong></span> <span class='ocrx_word' id='word_1_275' title='bbox 2951 2176 3145 2227; x_wconf 86' lang='lat' dir='ltr'><strong>autem</strong></span> <span class='ocrx_word' id='word_1_276' title='bbox 3193 2171 3395 2244; x_wconf 87' lang='lat' dir='ltr'><strong>lingua</strong></span> <span class='ocrx_word' id='word_1_277' title='bbox 3427 2172 3766 2227; x_wconf 71' lang='lat' dir='ltr'><strong>Phoenicum</strong></span> 
     </span>
    </p>
   </div>
   <div class='ocr_carea' id='block_1_22' title="bbox 334 2260 3767 2334">
    <p class='ocr_par' dir='ltr' id='par_1_22' title="bbox 334 2260 3767 2334">
     <span class='ocr_line' id='line_1_22' title="bbox 334 2260 3767 2334; baseline 0.001 -19"><span class='ocrx_word' id='word_1_278' title='bbox 334 2263 522 2316; x_wconf 77' lang='lat' dir='ltr'><strong>oratio</strong></span> <span class='ocrx_word' id='word_1_279' title='bbox 553 2261 786 2331; x_wconf 91' lang='lat' dir='ltr'><strong>dicitur)</strong></span> <span class='ocrx_word' id='word_1_280' title='bbox 814 2279 826 2329; x_wconf 93' lang='lat'>;</span> <span class='ocrx_word' id='word_1_281' title='bbox 861 2263 962 2318; x_wconf 90' lang='lat' dir='ltr'><strong>sed</strong></span> <span class='ocrx_word' id='word_1_282' title='bbox 997 2262 1137 2334; x_wconf 81' lang='lat' dir='ltr'><strong>quia</strong></span> <span class='ocrx_word' id='word_1_283' title='bbox 1168 2263 1434 2334; x_wconf 90' lang='lat' dir='ltr'><strong>persuasi</strong></span> <span class='ocrx_word' id='word_1_284' title='bbox 1468 2269 1534 2318; x_wconf 89' lang='lat' dir='ltr'><strong>ut</strong></span> <span class='ocrx_word' id='word_1_285' title='bbox 1563 2263 1703 2318; x_wconf 89' lang='lat' dir='ltr'><strong>mali</strong></span> <span class='ocrx_word' id='word_1_286' title='bbox 1737 2262 2062 2334; x_wconf 87' lang='lat' dir='ltr'><strong>quidquam</strong></span> <span class='ocrx_word' id='word_1_287' title='bbox 2106 2277 2437 2331; x_wconf 89' lang='lat' dir='ltr'><strong>operemur,</strong></span> <span class='ocrx_word' id='word_1_288' title='bbox 2473 2278 2578 2316; x_wconf 90' lang='lat' dir='ltr'><strong>nos</strong></span> <span class='ocrx_word' id='word_1_289' title='bbox 2609 2260 2859 2316; x_wconf 83' lang='lat' dir='ltr'><strong>ultronei</strong></span> <span class='ocrx_word' id='word_1_290' title='bbox 2892 2261 3155 2317; x_wconf 90' lang='lat' dir='ltr'><strong>cedimus</strong></span> <span class='ocrx_word' id='word_1_291' title='bbox 3187 2261 3493 2333; x_wconf 89' lang='lat' dir='ltr'><strong>impostori</strong></span> <span class='ocrx_word' id='word_1_292' title='bbox 3522 2262 3716 2317; x_wconf 90' lang='lat' dir='ltr'><strong>locum</strong></span> <span class='ocrx_word' id='word_1_293' title='bbox 3755 2281 3767 2318; x_wconf 90' lang='lat'>:</span> 
     </span>
    </p>
   </div>
   <div class='ocr_carea' id='block_1_23' title="bbox 333 2349 3763 2423">
    <p class='ocr_par' dir='ltr' id='par_1_23' title="bbox 333 2349 3763 2423">
     <span class='ocr_line' id='line_1_23' title="bbox 333 2349 3763 2423; baseline 0 -19"><span class='ocrx_word' id='word_1_294' title='bbox 333 2349 481 2405; x_wconf 91' lang='lat' dir='ltr'><strong>hinc</strong></span> <span class='ocrx_word' id='word_1_295' title='bbox 529 2367 636 2405; x_wconf 91' lang='lat' dir='ltr'><strong>nos</strong></span> <span class='ocrx_word' id='word_1_296' title='bbox 683 2350 924 2422; x_wconf 91' lang='lat' dir='ltr'><strong>inopine</strong></span> <span class='ocrx_word' id='word_1_297' title='bbox 974 2368 1039 2406; x_wconf 88' lang='lat' dir='ltr'><strong>ac</strong></span> <span class='ocrx_word' id='word_1_298' title='bbox 1090 2351 1246 2407; x_wconf 91' lang='lat' dir='ltr'><strong>velut</strong></span> <span class='ocrx_word' id='word_1_299' title='bbox 1275 2369 1344 2408; x_wconf 86' lang='lat' dir='ltr'><strong>ex</strong></span> <span class='ocrx_word' id='word_1_300' title='bbox 1389 2351 1624 2408; x_wconf 89' lang='lat' dir='ltr'><strong>insidiis</strong></span> <span class='ocrx_word' id='word_1_301' title='bbox 1655 2352 1939 2416; x_wconf 90' lang='lat' dir='ltr'><strong>adoritur,</strong></span> <span class='ocrx_word' id='word_1_302' title='bbox 1990 2366 2060 2405; x_wconf 80' lang='lat' dir='ltr'><strong>ex</strong></span> <span class='ocrx_word' id='word_1_303' title='bbox 2107 2349 2279 2406; x_wconf 87' lang='lat' dir='ltr'><strong>nobis</strong></span> <span class='ocrx_word' id='word_1_304' title='bbox 2328 2350 2474 2421; x_wconf 91' lang='lat' dir='ltr'><strong>ipsis</strong></span> <span class='ocrx_word' id='word_1_305' title='bbox 2525 2350 2674 2406; x_wconf 90' lang='lat' dir='ltr'><strong>vires</strong></span> <span class='ocrx_word' id='word_1_306' title='bbox 2706 2352 3016 2406; x_wconf 87' lang='lat' dir='ltr'><strong>adversum</strong></span> <span class='ocrx_word' id='word_1_307' title='bbox 3067 2367 3174 2406; x_wconf 91' lang='lat' dir='ltr'><strong>nos</strong></span> <span class='ocrx_word' id='word_1_308' title='bbox 3223 2351 3525 2423; x_wconf 84' lang='lat' dir='ltr'><strong>colligens.</strong></span> <span class='ocrx_word' id='word_1_309' title='bbox 3561 2351 3763 2422; x_wconf 89' lang='lat' dir='ltr'><strong>Neque</strong></span> 
     </span>
    </p>
   </div>
   <div class='ocr_carea' id='block_1_24' title="bbox 332 2439 3770 2513">
    <p class='ocr_par' dir='ltr' id='par_1_24' title="bbox 332 2439 3770 2513">
     <span class='ocr_line' id='line_1_24' title="bbox 332 2439 3770 2513; baseline 0 -19"><span class='ocrx_word' id='word_1_310' title='bbox 332 2439 502 2494; x_wconf 90' lang='lat' dir='ltr'><strong>enim</strong></span> <span class='ocrx_word' id='word_1_311' title='bbox 537 2456 651 2494; x_wconf 89' lang='lat' dir='ltr'><strong>non</strong></span> <span class='ocrx_word' id='word_1_312' title='bbox 686 2441 989 2511; x_wconf 89' lang='lat' dir='ltr'><strong>persuasis</strong></span> <span class='ocrx_word' id='word_1_313' title='bbox 1020 2441 1212 2510; x_wconf 87' lang='lat' dir='ltr'><strong>nobis,</strong></span> <span class='ocrx_word' id='word_1_314' title='bbox 1247 2442 1460 2512; x_wconf 90' lang='lat' dir='ltr'><strong>poterit</strong></span> <span class='ocrx_word' id='word_1_315' title='bbox 1489 2441 1794 2513; x_wconf 90' lang='lat' dir='ltr'><strong>quidpiam</strong></span> <span class='ocrx_word' id='word_1_316' title='bbox 1826 2441 2136 2495; x_wconf 90' lang='lat' dir='ltr'><strong>adversum</strong></span> <span class='ocrx_word' id='word_1_317' title='bbox 2172 2455 2316 2506; x_wconf 89' lang='lat' dir='ltr'><strong>nos;</strong></span> <span class='ocrx_word' id='word_1_318' title='bbox 2369 2439 2604 2510; x_wconf 90' lang='lat' dir='ltr'><strong>quando</strong></span> <span class='ocrx_word' id='word_1_319' title='bbox 2635 2439 2693 2494; x_wconf 93' lang='lat' dir='ltr'><strong>in</strong></span> <span class='ocrx_word' id='word_1_320' title='bbox 2729 2445 2989 2511; x_wconf 90' lang='lat' dir='ltr'><strong>tempore</strong></span> <span class='ocrx_word' id='word_1_321' title='bbox 3034 2445 3092 2495; x_wconf 91' lang='lat' dir='ltr'><strong>et</strong></span> <span class='ocrx_word' id='word_1_322' title='bbox 3121 2457 3152 2495; x_wconf 92' lang='lat' dir='ltr'><strong>e</strong></span> <span class='ocrx_word' id='word_1_323' title='bbox 3178 2440 3368 2496; x_wconf 91' lang='lat' dir='ltr'><strong>vicino</strong></span> <span class='ocrx_word' id='word_1_324' title='bbox 3402 2441 3570 2496; x_wconf 87' lang='lat' dir='ltr'><strong>adest</strong></span> <span class='ocrx_word' id='word_1_325' title='bbox 3599 2441 3770 2496; x_wconf 86' lang='lat' dir='ltr'><strong>nobis</strong></span> 
     </span>
    </p>
   </div>
   <div class='ocr_carea' id='block_1_25' title="bbox 328 2526 3771 2601">
    <p class='ocr_par' dir='ltr' id='par_1_25' title="bbox 328 2526 3771 2601">
     <span class='ocr_line' id='line_1_25' title="bbox 328 2526 3771 2601; baseline -0.001 -17"><span class='ocrx_word' id='word_1_326' title='bbox 328 2527 644 2584; x_wconf 82' lang='lat' dir='ltr'><strong>auxiliaris</strong></span> <span class='ocrx_word' id='word_1_327' title='bbox 675 2528 776 2583; x_wconf 91' lang='lat' dir='ltr'><strong>Dei</strong></span> <span class='ocrx_word' id='word_1_328' title='bbox 824 2529 1160 2601; x_wconf 88' lang='lat' dir='ltr'><strong>benignitas</strong></span> <span class='ocrx_word' id='word_1_329' title='bbox 1204 2532 1563 2599; x_wconf 88' lang='lat' dir='ltr'><strong>coadjuvans</strong></span> <span class='ocrx_word' id='word_1_330' title='bbox 1610 2548 1717 2586; x_wconf 91' lang='lat' dir='ltr'><strong>nos</strong></span> <span class='ocrx_word' id='word_1_331' title='bbox 1767 2547 1834 2584; x_wconf 90' lang='lat' dir='ltr'><strong>ac</strong></span> <span class='ocrx_word' id='word_1_332' title='bbox 1865 2526 2230 2594; x_wconf 79' lang='lat' dir='ltr'><strong>suti‘ulciens,</strong></span> <span class='ocrx_word' id='word_1_333' title='bbox 2285 2529 2782 2597; x_wconf 88' lang='lat' dir='ltr'><strong>quemadmodum</strong></span> <span class='ocrx_word' id='word_1_334' title='bbox 2831 2528 3091 2600; x_wconf 88' lang='lat' dir='ltr'><strong>proxime</strong></span> <span class='ocrx_word' id='word_1_335' title='bbox 3141 2530 3447 2600; x_wconf 84' lang='lat' dir='ltr'><strong>sequentia</strong></span> <span class='ocrx_word' id='word_1_336' title='bbox 3481 2529 3771 2583; x_wconf 91' lang='lat' dir='ltr'><strong>indicant.</strong></span> 
     </span>
    </p>
   </div>
   <div class='ocr_carea' id='block_1_26' title="bbox 329 2615 3768 2689">
    <p class='ocr_par' dir='ltr' id='par_1_26' title="bbox 329 2615 3768 2689">
     <span class='ocr_line' id='line_1_26' title="bbox 329 2615 3768 2689; baseline -0 -18"><span class='ocrx_word' id='word_1_337' title='bbox 329 2615 491 2672; x_wconf 89' lang='lat' dir='ltr'><strong>Illud</strong></span> <span class='ocrx_word' id='word_1_338' title='bbox 548 2617 710 2682; x_wconf 90' lang='lat' dir='ltr'><strong>item,</strong></span> <span class='ocrx_word' id='word_1_339' title='bbox 747 2617 886 2671; x_wconf 91' lang='lat' dir='ltr'><strong>Dum</strong></span> <span class='ocrx_word' id='word_1_340' title='bbox 933 2633 1046 2672; x_wconf 86' lang='lat' dir='ltr'><strong>non</strong></span> <span class='ocrx_word' id='word_1_341' title='bbox 1095 2618 1201 2672; x_wconf 80' lang='lat' dir='ltr'><strong>alii</strong></span> <span class='ocrx_word' id='word_1_342' title='bbox 1230 2619 1475 2673; x_wconf 78' lang='lat' dir='ltr'><strong>homines</strong></span> <span class='ocrx_word' id='word_1_343' title='bbox 1503 2628 1723 2689; x_wconf 79' lang='lat' dir='ltr'><strong>peccent</strong></span> <span class='ocrx_word' id='word_1_344' title='bbox 1770 2635 1788 2671; x_wconf 89' lang='lat'><em>:</em></span> <span class='ocrx_word' id='word_1_345' title='bbox 1838 2615 2232 2687; x_wconf 88' lang='lat' dir='ltr'><strong>supplendum</strong></span> <span class='ocrx_word' id='word_1_346' title='bbox 2276 2622 2386 2681; x_wconf 89' lang='lat' dir='ltr'><strong>est,</strong></span> <span class='ocrx_word' id='word_1_347' title='bbox 2431 2616 2798 2687; x_wconf 74' lang='lat' dir='ltr'><strong>cruciﬁgzint,</strong></span> <span class='ocrx_word' id='word_1_348' title='bbox 2833 2634 2898 2671; x_wconf 91' lang='lat' dir='ltr'><strong>ac</strong></span> <span class='ocrx_word' id='word_1_349' title='bbox 2947 2617 2995 2671; x_wconf 90' lang='lat' dir='ltr'><strong>si</strong></span> <span class='ocrx_word' id='word_1_350' title='bbox 3045 2617 3309 2672; x_wconf 89' lang='lat' dir='ltr'><strong>diceret:</strong></span> <span class='ocrx_word' id='word_1_351' title='bbox 3346 2617 3593 2672; x_wconf 84' lang='lat' dir='ltr'><strong>Paratus</strong></span> <span class='ocrx_word' id='word_1_352' title='bbox 3638 2632 3768 2671; x_wconf 91' lang='lat' dir='ltr'><strong>sum</strong></span> 
     </span>
    </p>
   </div>
   <div class='ocr_carea' id='block_1_27' title="bbox 327 2705 3769 2777">
    <p class='ocr_par' dir='ltr' id='par_1_27' title="bbox 327 2705 3769 2777">
     <span class='ocr_line' id='line_1_27' title="bbox 327 2705 3769 2777; baseline 0.001 -18"><span class='ocrx_word' id='word_1_353' title='bbox 327 2705 456 2776; x_wconf 87' lang='lat' dir='ltr'><strong>pati</strong></span> <span class='ocrx_word' id='word_1_354' title='bbox 488 2706 725 2773; x_wconf 88' lang='lat' dir='ltr'><strong>iterum,</strong></span> <span class='ocrx_word' id='word_1_355' title='bbox 756 2711 988 2761; x_wconf 89' lang='lat' dir='ltr'><strong>tantum</strong></span> <span class='ocrx_word' id='word_1_356' title='bbox 1022 2723 1138 2762; x_wconf 92' lang='lat' dir='ltr'><strong>non</strong></span> <span class='ocrx_word' id='word_1_357' title='bbox 1171 2721 1274 2777; x_wconf 89' lang='lat' dir='ltr'><strong>per</strong></span> <span class='ocrx_word' id='word_1_358' title='bbox 1304 2707 1597 2777; x_wconf 90' lang='lat' dir='ltr'><strong>homines,</strong></span> <span class='ocrx_word' id='word_1_359' title='bbox 1632 2713 1695 2762; x_wconf 90' lang='lat' dir='ltr'><strong>ut</strong></span> <span class='ocrx_word' id='word_1_360' title='bbox 1727 2721 1798 2762; x_wconf 91' lang='lat' dir='ltr'><strong>ne</strong></span> <span class='ocrx_word' id='word_1_361' title='bbox 1834 2721 2041 2762; x_wconf 88' lang='lat' dir='ltr'><strong>rursus</strong></span> <span class='ocrx_word' id='word_1_362' title='bbox 2090 2709 2331 2776; x_wconf 91' lang='lat' dir='ltr'><strong>peccent</strong></span> <span class='ocrx_word' id='word_1_363' title='bbox 2379 2705 2669 2760; x_wconf 88' lang='lat' dir='ltr'><strong>homines.</strong></span> <span class='ocrx_word' id='word_1_364' title='bbox 2702 2706 3036 2761; x_wconf 88' lang='lat' dir='ltr'><strong>Notandum</strong></span> <span class='ocrx_word' id='word_1_365' title='bbox 3079 2707 3314 2762; x_wconf 88' lang='lat' dir='ltr'><strong>interim</strong></span> <span class='ocrx_word' id='word_1_366' title='bbox 3350 2707 3491 2762; x_wconf 91' lang='lat' dir='ltr'><strong>dum</strong></span> <span class='ocrx_word' id='word_1_367' title='bbox 3524 2707 3646 2762; x_wconf 72' lang='lat' dir='ltr'><strong>haec</strong></span> <span class='ocrx_word' id='word_1_368' title='bbox 3677 2707 3769 2761; x_wconf 93' lang='lat' dir='ltr'><strong>di-</strong></span> 
     </span>
    </p>
   </div>
   <div class='ocr_carea' id='block_1_28' title="bbox 325 2793 3769 2865">
    <p class='ocr_par' dir='ltr' id='par_1_28' title="bbox 325 2793 3769 2865">
     <span class='ocr_line' id='line_1_28' title="bbox 325 2793 3769 2865; baseline 0 -17"><span class='ocrx_word' id='word_1_369' title='bbox 325 2798 575 2858; x_wconf 89' lang='lat' dir='ltr'><strong>cuntur,</strong></span> <span class='ocrx_word' id='word_1_370' title='bbox 626 2793 766 2864; x_wconf 71' lang='lat' dir='ltr'><strong>quia</strong></span> <span class='ocrx_word' id='word_1_371' title='bbox 794 2793 855 2848; x_wconf 91' lang='lat' dir='ltr'><strong>in</strong></span> <span class='ocrx_word' id='word_1_372' title='bbox 905 2793 1015 2849; x_wconf 89' lang='lat' dir='ltr'><strong>hac</strong></span> <span class='ocrx_word' id='word_1_373' title='bbox 1047 2794 1270 2850; x_wconf 82' lang='lat' dir='ltr'><strong>visione</strong></span> <span class='ocrx_word' id='word_1_374' title='bbox 1317 2795 1603 2851; x_wconf 89' lang='lat' dir='ltr'><strong>Dominus</strong></span> <span class='ocrx_word' id='word_1_375' title='bbox 1648 2795 1776 2865; x_wconf 89' lang='lat' dir='ltr'><strong>ipse</strong></span> <span class='ocrx_word' id='word_1_376' title='bbox 1823 2794 2009 2849; x_wconf 91' lang='lat' dir='ltr'><strong>bonos</strong></span> <span class='ocrx_word' id='word_1_377' title='bbox 2062 2796 2236 2864; x_wconf 85' lang='lat' dir='ltr'><strong>atque</strong></span> <span class='ocrx_word' id='word_1_378' title='bbox 2285 2798 2552 2848; x_wconf 87' lang='lat' dir='ltr'><strong>amantes</strong></span> <span class='ocrx_word' id='word_1_379' title='bbox 2582 2793 2814 2864; x_wconf 88' lang='lat' dir='ltr'><strong>generis</strong></span> <span class='ocrx_word' id='word_1_380' title='bbox 2861 2793 3131 2864; x_wconf 89' lang='lat' dir='ltr'><strong>humani,</strong></span> <span class='ocrx_word' id='word_1_381' title='bbox 3166 2799 3332 2850; x_wconf 87' lang='lat' dir='ltr'><strong>vocat</strong></span> <span class='ocrx_word' id='word_1_382' title='bbox 3359 2799 3595 2850; x_wconf 89' lang='lat' dir='ltr'><strong>sanctos</strong></span> <span class='ocrx_word' id='word_1_383' title='bbox 3628 2809 3769 2849; x_wconf 90' lang='lat' dir='ltr'><strong>suos</strong></span> 
     </span>
    </p>
   </div>
   <div class='ocr_carea' id='block_1_29' title="bbox 330 2883 602 2955">
    <p class='ocr_par' dir='ltr' id='par_1_29' title="bbox 330 2883 602 2955">
     <span class='ocr_line' id='line_1_29' title="bbox 330 2883 602 2955; baseline 0.004 -17"><span class='ocrx_word' id='word_1_384' title='bbox 330 2883 602 2955; x_wconf 80' lang='lat' dir='ltr'><strong>angelos.</strong></span> 
     </span>
    </p>
   </div>
   <div class='ocr_carea' id='block_1_30' title="bbox 3642 450 3752 504">
    <p class='ocr_par' dir='ltr' id='par_1_30' title="bbox 3642 450 3752 504">
     <span class='ocr_line' id='line_1_30' title="bbox 3642 450 3752 504; baseline 0 0"><span class='ocrx_word' id='word_1_385' title='bbox 3642 450 3752 504; x_wconf 78' lang='grc'><strong>482</strong></span> 
     </span>
    </p>
   </div>
   <div class='ocr_carea' id='block_1_31' title="bbox 755 2989 2078 3056">
    <p class='ocr_par' dir='ltr' id='par_1_31' title="bbox 755 2989 2078 3056">
     <span class='ocr_line' id='line_1_31' title="bbox 755 2989 2078 3056; baseline 0.005 -14"><span class='ocrx_word' id='word_1_386' title='bbox 755 2993 872 3042; x_wconf 85' lang='grc' dir='ltr'><strong>ΕΙΣ</strong></span> <span class='ocrx_word' id='word_1_387' title='bbox 911 2994 1046 3044; x_wconf 83' lang='grc' dir='ltr'><strong>ΤΗΝ</strong></span> <span class='ocrx_word' id='word_1_388' title='bbox 1086 2989 1138 3043; x_wconf 89' lang='grc' dir='ltr'><strong>Θ’</strong></span> <span class='ocrx_word' id='word_1_389' title='bbox 1179 2989 1562 3047; x_wconf 82' lang='grc' dir='ltr'><strong>ΕΠΙΣΤΟΗΝ.</strong></span> <span class='ocrx_word' id='word_1_390' title='bbox 2021 2990 2078 3056; x_wconf 77' lang='grc' dir='ltr'>Α</span> 
     </span>
    </p>
   </div>
   <div class='ocr_carea' id='block_1_32' title="bbox 407 3092 1999 3170">
    <p class='ocr_par' dir='ltr' id='par_1_32' title="bbox 407 3092 1999 3170">
     <span class='ocr_line' id='line_1_32' title="bbox 407 3092 1999 3170; baseline -0.001 -20"><span class='ocrx_word' id='word_1_391' title='bbox 407 3094 584 3155; x_wconf 70' lang='grc' dir='ltr'>Οὗτός</span> <span class='ocrx_word' id='word_1_392' title='bbox 638 3092 778 3148; x_wconf 82' lang='grc' dir='ltr'>ἐστιν</span> <span class='ocrx_word' id='word_1_393' title='bbox 838 3096 989 3170; x_wconf 81' lang='grc' dir='ltr'>ἅγιος</span> <span class='ocrx_word' id='word_1_394' title='bbox 1039 3098 1226 3163; x_wconf 80' lang='grc' dir='ltr'>Τῖτος,</span> <span class='ocrx_word' id='word_1_395' title='bbox 1263 3096 1290 3150; x_wconf 99' lang='lat'><strong>6</strong></span> <span class='ocrx_word' id='word_1_396' title='bbox 1347 3099 1443 3149; x_wconf 77' lang='grc' dir='ltr'>τοῦ</span> <span class='ocrx_word' id='word_1_397' title='bbox 1500 3094 1659 3170; x_wconf 84' lang='grc' dir='ltr'>ἁγίου</span> <span class='ocrx_word' id='word_1_398' title='bbox 1687 3092 1999 3149; x_wconf 83' lang='grc' dir='ltr'><strong>ἀποστόλου</strong></span> 
     </span>
    </p>
   </div>
   <div class='ocr_carea' id='block_1_33' title="bbox 329 3181 1999 3260">
    <p class='ocr_par' dir='ltr' id='par_1_33' title="bbox 329 3181 1999 3260">
     <span class='ocr_line' id='line_1_33' title="bbox 329 3181 1999 3260; baseline -0.001 -21"><span class='ocrx_word' id='word_1_399' title='bbox 329 3182 561 3239; x_wconf 84' lang='grc' dir='ltr'>Παύλου</span> <span class='ocrx_word' id='word_1_400' title='bbox 611 3184 912 3259; x_wconf 83' lang='grc' dir='ltr'>γνώριμος,</span> <span class='ocrx_word' id='word_1_401' title='bbox 965 3184 1022 3238; x_wconf 77' lang='grc' dir='ltr'>ὃν</span> <span class='ocrx_word' id='word_1_402' title='bbox 1072 3186 1159 3238; x_wconf 88' lang='grc' dir='ltr'>καὶ</span> <span class='ocrx_word' id='word_1_403' title='bbox 1239 3187 1459 3260; x_wconf 82' lang='grc' dir='ltr'><strong>Κρήτης</strong></span> <span class='ocrx_word' id='word_1_404' title='bbox 1506 3184 1825 3254; x_wconf 76' lang='grc' dir='ltr'><strong>κατέστησεν</strong></span> <span class='ocrx_word' id='word_1_405' title='bbox 1882 3181 1999 3238; x_wconf 81' lang='grc' dir='ltr'>ἐπί-</span> 
     </span>
    </p>
   </div>
   <div class='ocr_carea' id='block_1_34' title="bbox 2509 2989 3360 3046">
    <p class='ocr_par' dir='ltr' id='par_1_34' title="bbox 2509 2989 3360 3046">
     <span class='ocr_line' id='line_1_34' title="bbox 2509 2989 3360 3046; baseline -0.002 0"><span class='ocrx_word' id='word_1_406' title='bbox 2509 2990 2664 3046; x_wconf 72' lang='grc'><strong>274</strong></span> <span class='ocrx_word' id='word_1_407' title='bbox 2704 2989 2776 3044; x_wconf 88' lang='grc' dir='ltr'><strong>ΙΝ</strong></span> <span class='ocrx_word' id='word_1_408' title='bbox 2817 2989 3214 3045; x_wconf 81' lang='lat' dir='ltr'><strong>EPISTOLAM</strong></span> <span class='ocrx_word' id='word_1_409' title='bbox 3259 2990 3360 3045; x_wconf 85' lang='lat' dir='ltr'><strong>IX.</strong></span> 
     </span>
    </p>
   </div>
   <div class='ocr_carea' id='block_1_35' title="bbox 2184 3093 3768 3166">
    <p class='ocr_par' dir='ltr' id='par_1_35' title="bbox 2184 3093 3768 3166">
     <span class='ocr_line' id='line_1_35' title="bbox 2184 3093 3768 3166; baseline -0.002 -15"><span class='ocrx_word' id='word_1_410' title='bbox 2184 3096 2288 3151; x_wconf 84' lang='lat' dir='ltr'><strong>Hic</strong></span> <span class='ocrx_word' id='word_1_411' title='bbox 2330 3096 2428 3152; x_wconf 93' lang='lat' dir='ltr'><strong>ille</strong></span> <span class='ocrx_word' id='word_1_412' title='bbox 2466 3105 2553 3152; x_wconf 84' lang='lat' dir='ltr'><strong>est</strong></span> <span class='ocrx_word' id='word_1_413' title='bbox 2610 3101 2853 3152; x_wconf 86' lang='lat' dir='ltr'><strong>sanctus</strong></span> <span class='ocrx_word' id='word_1_414' title='bbox 2912 3096 3082 3152; x_wconf 86' lang='lat' dir='ltr'><strong>Titus</strong></span> <span class='ocrx_word' id='word_1_415' title='bbox 3132 3094 3460 3151; x_wconf 90' lang='lat' dir='ltr'><strong>beatissimi</strong></span> <span class='ocrx_word' id='word_1_416' title='bbox 3515 3093 3768 3166; x_wconf 88' lang='lat' dir='ltr'><strong>apostoli</strong></span> 
     </span>
    </p>
   </div>
   <div class='ocr_carea' id='block_1_36' title="bbox 2110 3184 3764 3257">
    <p class='ocr_par' dir='ltr' id='par_1_36' title="bbox 2110 3184 3764 3257">
     <span class='ocr_line' id='line_1_36' title="bbox 2110 3184 3764 3257; baseline -0.001 -17"><span class='ocrx_word' id='word_1_417' title='bbox 2110 3185 2271 3242; x_wconf 88' lang='lat' dir='ltr'><strong>Pauli</strong></span> <span class='ocrx_word' id='word_1_418' title='bbox 2308 3203 2588 3257; x_wconf 87' lang='lat' dir='ltr'><strong>perquam</strong></span> <span class='ocrx_word' id='word_1_419' title='bbox 2640 3185 2948 3240; x_wconf 76' lang='lat' dir='ltr'><strong>familiaris</strong></span> <span class='ocrx_word' id='word_1_420' title='bbox 2993 3184 3346 3256; x_wconf 89' lang='lat' dir='ltr'><strong>discipulus,</strong></span> <span class='ocrx_word' id='word_1_421' title='bbox 3379 3200 3553 3256; x_wconf 91' lang='lat' dir='ltr'><strong>quem</strong></span> <span class='ocrx_word' id='word_1_422' title='bbox 3586 3187 3764 3238; x_wconf 83' lang='lat' dir='ltr'><strong>Creta3</strong></span> 
     </span>
    </p>
   </div>
   <div class='ocr_carea' id='block_1_37' title="bbox 331 3270 1996 3352">
    <p class='ocr_par' dir='ltr' id='par_1_37' title="bbox 331 3270 1996 3352">
     <span class='ocr_line' id='line_1_37' title="bbox 331 3270 1996 3352; baseline -0.001 -25"><span class='ocrx_word' id='word_1_423' title='bbox 331 3293 564 3342; x_wconf 82' lang='grc' dir='ltr'>σκοπον,</span> <span class='ocrx_word' id='word_1_424' title='bbox 601 3273 676 3334; x_wconf 87' lang='grc' dir='ltr'>ὡς</span> <span class='ocrx_word' id='word_1_425' title='bbox 705 3275 739 3342; x_wconf 76' lang='grc' dir='ltr'><strong>ἡ</strong></span> <span class='ocrx_word' id='word_1_426' title='bbox 772 3273 909 3346; x_wconf 86' lang='grc' dir='ltr'>πρὸς</span> <span class='ocrx_word' id='word_1_427' title='bbox 942 3271 1101 3328; x_wconf 81' lang='grc' dir='ltr'>αὐτὸν</span> <span class='ocrx_word' id='word_1_428' title='bbox 1147 3279 1408 3352; x_wconf 71' lang='grc' dir='ltr'>γραφεῖσα</span> <span class='ocrx_word' id='word_1_429' title='bbox 1457 3271 1720 3341; x_wconf 71' lang='grc' dir='ltr'>ἐπιστολή</span> <span class='ocrx_word' id='word_1_430' title='bbox 1783 3270 1952 3343; x_wconf 80' lang='grc' dir='ltr'>δηλοῖ</span> <span class='ocrx_word' id='word_1_431' title='bbox 1984 3293 1996 3305; x_wconf 88' lang='grc'><strong>·</strong></span> 
     </span>
    </p>
   </div>
   <div class='ocr_carea' id='block_1_38' title="bbox 336 3360 2001 3439">
    <p class='ocr_par' dir='ltr' id='par_1_38' title="bbox 336 3360 2001 3439">
     <span class='ocr_line' id='line_1_38' title="bbox 336 3360 2001 3439; baseline -0.001 -22"><span class='ocrx_word' id='word_1_432' title='bbox 336 3362 480 3432; x_wconf 84' lang='grc' dir='ltr'>πρὸς</span> <span class='ocrx_word' id='word_1_433' title='bbox 512 3361 568 3415; x_wconf 81' lang='grc' dir='ltr'>ὃν</span> <span class='ocrx_word' id='word_1_434' title='bbox 601 3360 938 3416; x_wconf 75' lang='grc' dir='ltr'>ὶπιστὲλκων</span> <span class='ocrx_word' id='word_1_435' title='bbox 968 3362 1132 3439; x_wconf 74' lang='grc' dir='ltr'>φησὶν</span> <span class='ocrx_word' id='word_1_436' title='bbox 1175 3363 1202 3415; x_wconf 90' lang='lat'><strong>6</strong></span> <span class='ocrx_word' id='word_1_437' title='bbox 1253 3363 1418 3438; x_wconf 73' lang='grc' dir='ltr'>μέγας</span> <span class='ocrx_word' id='word_1_438' title='bbox 1465 3362 1768 3426; x_wconf 85' lang='grc' dir='ltr'>Διονύσιος,</span> <span class='ocrx_word' id='word_1_439' title='bbox 1811 3364 1892 3416; x_wconf 82' lang='grc' dir='ltr'><strong>ὅτι</strong></span> <span class='ocrx_word' id='word_1_440' title='bbox 1940 3362 2001 3416; x_wconf 90' lang='grc' dir='ltr'>Ὁ</span> 
     </span>
    </p>
   </div>
   <div class='ocr_carea' id='block_1_39' title="bbox 339 3447 1995 3525">
    <p class='ocr_par' dir='ltr' id='par_1_39' title="bbox 339 3447 1995 3525">
     <span class='ocr_line' id='line_1_39' title="bbox 339 3447 1995 3525; baseline -0.001 -20"><span class='ocrx_word' id='word_1_441' title='bbox 339 3451 440 3524; x_wconf 75' lang='grc' dir='ltr'><strong>μὶν</strong></span> <span class='ocrx_word' id='word_1_442' title='bbox 503 3450 648 3525; x_wconf 76' lang='grc' dir='ltr'>ἱερός</span> <span class='ocrx_word' id='word_1_443' title='bbox 707 3450 982 3523; x_wconf 87' lang='grc' dir='ltr'>Τιμόθεος</span> <span class='ocrx_word' id='word_1_444' title='bbox 1041 3451 1140 3505; x_wconf 84' lang='grc' dir='ltr'><strong>οὐκ</strong></span> <span class='ocrx_word' id='word_1_445' title='bbox 1167 3449 1287 3504; x_wconf 72' lang='grc' dir='ltr'>οἶδα</span> <span class='ocrx_word' id='word_1_446' title='bbox 1318 3447 1542 3514; x_wconf 81' lang='grc' dir='ltr'>εἷ¹τινος</span> <span class='ocrx_word' id='word_1_447' title='bbox 1570 3455 1678 3506; x_wconf 81' lang='grc' dir='ltr'><strong>τῶν</strong></span> <span class='ocrx_word' id='word_1_448' title='bbox 1726 3450 1849 3522; x_wconf 69' lang='grc' dir='ltr'>ἐμοὶ</span> <span class='ocrx_word' id='word_1_449' title='bbox 1891 3447 1995 3504; x_wconf 71' lang='lat' dir='ltr'><strong>6t:-</strong></span> 
     </span>
    </p>
   </div>
   <div class='ocr_carea' id='block_1_40' title="bbox 327 3536 1996 3615">
    <p class='ocr_par' dir='ltr' id='par_1_40' title="bbox 327 3536 1996 3615">
     <span class='ocr_line' id='line_1_40' title="bbox 327 3536 1996 3615; baseline 0 -23"><span class='ocrx_word' id='word_1_450' title='bbox 327 3539 668 3614; x_wconf 79' lang='grc' dir='ltr'>γνωσμένων</span> <span class='ocrx_word' id='word_1_451' title='bbox 730 3537 1069 3615; x_wconf 85' lang='grc' dir='ltr'>θεολογιλῶν</span> <span class='ocrx_word' id='word_1_452' title='bbox 1141 3536 1436 3613; x_wconf 76' lang='grc' dir='ltr'>συμϐόλων</span> <span class='ocrx_word' id='word_1_453' title='bbox 1496 3539 1734 3610; x_wconf 74' lang='grc' dir='ltr'>ἀνήκοος</span> <span class='ocrx_word' id='word_1_454' title='bbox 1783 3537 1996 3613; x_wconf 74' lang='grc' dir='ltr'>ἐφάνηο</span> 
     </span>
    </p>
   </div>
   <div class='ocr_carea' id='block_1_41' title="bbox 330 3625 1998 3703">
    <p class='ocr_par' dir='ltr' id='par_1_41' title="bbox 330 3625 1998 3703">
     <span class='ocr_line' id='line_1_41' title="bbox 330 3625 1998 3703; baseline 0 -22"><span class='ocrx_word' id='word_1_455' title='bbox 330 3628 477 3703; x_wconf 82' lang='grc' dir='ltr'>πρὸς</span> <span class='ocrx_word' id='word_1_456' title='bbox 513 3628 677 3682; x_wconf 79' lang='grc' dir='ltr'>αὐτὸν</span> <span class='ocrx_word' id='word_1_457' title='bbox 724 3629 826 3703; x_wconf 82' lang='grc' dir='ltr'>γὰρ</span> <span class='ocrx_word' id='word_1_458' title='bbox 853 3629 918 3684; x_wconf 81' lang='grc' dir='ltr'><strong>τά</strong></span> <span class='ocrx_word' id='word_1_459' title='bbox 951 3627 1182 3682; x_wconf 80' lang='grc' dir='ltr'>πλεῖστα</span> <span class='ocrx_word' id='word_1_460' title='bbox 1208 3633 1317 3682; x_wconf 83' lang='grc' dir='ltr'><strong>τῶν</strong></span> <span class='ocrx_word' id='word_1_461' title='bbox 1353 3625 1503 3682; x_wconf 79' lang='grc' dir='ltr'>ἰδίων</span> <span class='ocrx_word' id='word_1_462' title='bbox 1557 3629 1816 3698; x_wconf 71' lang='grc' dir='ltr'>συνέθηκε</span> <span class='ocrx_word' id='word_1_463' title='bbox 1873 3649 1998 3703; x_wconf 90' lang='grc' dir='ltr'>συγ-</span> 
     </span>
    </p>
   </div>
   <div class='ocr_carea' id='block_1_42' title="bbox 329 3712 2002 3792">
    <p class='ocr_par' dir='ltr' id='par_1_42' title="bbox 329 3712 2002 3792">
     <span class='ocr_line' id='line_1_42' title="bbox 329 3712 2002 3792; baseline 0 -22"><span class='ocrx_word' id='word_1_464' title='bbox 329 3717 727 3792; x_wconf 75' lang='grc' dir='ltr'>γραμμάτων.</span> <span class='ocrx_word' id='word_1_465' title='bbox 787 3717 875 3773; x_wconf 84' lang='grc' dir='ltr'><strong>Ἐν</strong></span> <span class='ocrx_word' id='word_1_466' title='bbox 955 3720 1025 3790; x_wconf 81' lang='grc' dir='ltr'>τῇ</span> <span class='ocrx_word' id='word_1_467' title='bbox 1110 3712 1438 3790; x_wconf 73' lang='grc' dir='ltr'>Συμϐολικῇ</span> <span class='ocrx_word' id='word_1_468' title='bbox 1524 3721 1655 3792; x_wconf 75' lang='grc' dir='ltr'>γοῦν</span> <span class='ocrx_word' id='word_1_469' title='bbox 1745 3715 2002 3792; x_wconf 79' lang='grc' dir='ltr'>θεολογίᾳ</span> 
     </span>
    </p>
   </div>
   <div class='ocr_carea' id='block_1_43' title="bbox 331 3803 2000 3880">
    <p class='ocr_par' dir='ltr' id='par_1_43' title="bbox 331 3803 2000 3880">
     <span class='ocr_line' id='line_1_43' title="bbox 331 3803 2000 3880; baseline 0 -20"><span class='ocrx_word' id='word_1_470' title='bbox 331 3804 850 3880; x_wconf 79' lang='grc' dir='ltr'>διηυκρινησάμεθα</span> <span class='ocrx_word' id='word_1_471' title='bbox 904 3803 1094 3860; x_wconf 84' lang='grc' dir='ltr'>πολλά</span> <span class='ocrx_word' id='word_1_472' title='bbox 1173 3811 1282 3860; x_wconf 81' lang='grc' dir='ltr'>τῶν</span> <span class='ocrx_word' id='word_1_473' title='bbox 1341 3803 1646 3860; x_wconf 85' lang='grc' dir='ltr'>δοκούντων</span> <span class='ocrx_word' id='word_1_474' title='bbox 1701 3804 2000 3880; x_wconf 85' lang='grc' dir='ltr'>τερατολο-</span> 
     </span>
    </p>
   </div>
   <div class='ocr_carea' id='block_1_44' title="bbox 327 3893 1998 3970">
    <p class='ocr_par' dir='ltr' id='par_1_44' title="bbox 327 3893 1998 3970">
     <span class='ocr_line' id='line_1_44' title="bbox 327 3893 1998 3970; baseline -0.001 -21"><span class='ocrx_word' id='word_1_475' title='bbox 327 3900 471 3970; x_wconf 81' lang='grc' dir='ltr'>γιῶν</span> <span class='ocrx_word' id='word_1_476' title='bbox 502 3915 514 3926; x_wconf 89' lang='grc'><strong>·</strong></span> <span class='ocrx_word' id='word_1_477' title='bbox 556 3893 782 3948; x_wconf 77' lang='grc' dir='ltr'>ἀτοπίαν</span> <span class='ocrx_word' id='word_1_478' title='bbox 817 3895 919 3969; x_wconf 74' lang='grc' dir='ltr'>γὰρ</span> <span class='ocrx_word' id='word_1_479' title='bbox 975 3895 1317 3958; x_wconf 82' lang='grc' dir='ltr'>ἀποτίθενται</span> <span class='ocrx_word' id='word_1_480' title='bbox 1347 3901 1466 3957; x_wconf 83' lang='grc' dir='ltr'>ταῖς</span> <span class='ocrx_word' id='word_1_481' title='bbox 1501 3893 1711 3950; x_wconf 72' lang='grc' dir='ltr'>ἀτελέσι</span> <span class='ocrx_word' id='word_1_482' title='bbox 1747 3898 1951 3970; x_wconf 84' lang='grc' dir='ltr'>ψυχαῖς</span> <span class='ocrx_word' id='word_1_483' title='bbox 1983 3913 1998 3927; x_wconf 77' lang='grc'><strong><em>⁸</em></strong></span> 
     </span>
    </p>
   </div>
   <div class='ocr_carea' id='block_1_45' title="bbox 329 3981 1998 4061">
    <p class='ocr_par' dir='ltr' id='par_1_45' title="bbox 329 3981 1998 4061">
     <span class='ocr_line' id='line_1_45' title="bbox 329 3981 1998 4061; baseline -0.001 -24"><span class='ocrx_word' id='word_1_484' title='bbox 329 3985 360 4039; x_wconf 82' lang='grc' dir='ltr'>ὃ</span> <span class='ocrx_word' id='word_1_485' title='bbox 403 3981 472 4052; x_wconf 80' lang='grc' dir='ltr'>δὴ</span> <span class='ocrx_word' id='word_1_486' title='bbox 537 3982 982 4057; x_wconf 72' lang='grc' dir='ltr'>ἀπομόργνυνταί</span> <span class='ocrx_word' id='word_1_487' title='bbox 1039 4005 1225 4061; x_wconf 80' lang='grc' dir='ltr'>φησιν.</span> <span class='ocrx_word' id='word_1_488' title='bbox 1284 3984 1721 4060; x_wconf 79' lang='grc' dir='ltr'>Ἀπομόρξασθαι</span> <span class='ocrx_word' id='word_1_489' title='bbox 1775 3981 1833 4038; x_wconf 79' lang='grc' dir='ltr'>δέ</span> <span class='ocrx_word' id='word_1_490' title='bbox 1889 3983 1998 4037; x_wconf 83' lang='grc' dir='ltr'>ἐστι</span> 
     </span>
    </p>
   </div>
   <div class='ocr_carea' id='block_1_46' title="bbox 330 4067 2000 4145">
    <p class='ocr_par' dir='ltr' id='par_1_46' title="bbox 330 4067 2000 4145">
     <span class='ocr_line' id='line_1_46' title="bbox 330 4067 2000 4145; baseline -0.002 -17"><span class='ocrx_word' id='word_1_491' title='bbox 330 4073 397 4129; x_wconf 79' lang='grc' dir='ltr'>τὸ</span> <span class='ocrx_word' id='word_1_492' title='bbox 459 4072 896 4144; x_wconf 75' lang='grc' dir='ltr'>ἑναπομάξάσθαι</span> <span class='ocrx_word' id='word_1_493' title='bbox 950 4073 1038 4126; x_wconf 72' lang='grc' dir='ltr'>καὶ</span> <span class='ocrx_word' id='word_1_494' title='bbox 1098 4067 1359 4145; x_wconf 72' lang='grc' dir='ltr'>ἐμϐαλεῖν</span> <span class='ocrx_word' id='word_1_495' title='bbox 1419 4094 1469 4128; x_wconf 90' lang='grc' dir='ltr'><strong>τι</strong></span> <span class='ocrx_word' id='word_1_496' title='bbox 1519 4072 1595 4136; x_wconf 70' lang='grc' dir='ltr'><strong>εἷς</strong></span> <span class='ocrx_word' id='word_1_497' title='bbox 1650 4075 1751 4142; x_wconf 78' lang='grc' dir='ltr'>τὴν</span> <span class='ocrx_word' id='word_1_498' title='bbox 1810 4073 2000 4127; x_wconf 71' lang='grc' dir='ltr'>ἑαυτοῦ</span> 
     </span>
    </p>
   </div>
   <div class='ocr_carea' id='block_1_47' title="bbox 331 4159 2001 4239">
    <p class='ocr_par' dir='ltr' id='par_1_47' title="bbox 331 4159 2001 4239">
     <span class='ocr_line' id='line_1_47' title="bbox 331 4159 2001 4239; baseline -0.002 -22"><span class='ocrx_word' id='word_1_499' title='bbox 331 4159 608 4227; x_wconf 75' lang='grc' dir='ltr'>διάνοιαν,</span> <span class='ocrx_word' id='word_1_500' title='bbox 642 4159 700 4214; x_wconf 80' lang='grc' dir='ltr'><strong>ἐκ</strong></span> <span class='ocrx_word' id='word_1_501' title='bbox 742 4167 1052 4239; x_wconf 78' lang='grc' dir='ltr'>μεταφορᾶς</span> <span class='ocrx_word' id='word_1_502' title='bbox 1097 4165 1204 4215; x_wconf 85' lang='grc' dir='ltr'><strong>τῶν</strong></span> <span class='ocrx_word' id='word_1_503' title='bbox 1261 4162 1714 4238; x_wconf 72' lang='grc' dir='ltr'>ζωγραφούντων,</span> <span class='ocrx_word' id='word_1_504' title='bbox 1750 4163 1800 4215; x_wconf 81' lang='grc' dir='ltr'>οἳ</span> <span class='ocrx_word' id='word_1_505' title='bbox 1832 4181 2001 4235; x_wconf 86' lang='grc' dir='ltr'>προσ-</span> 
     </span>
    </p>
   </div>
   <div class='ocr_carea' id='block_1_48' title="bbox 337 4248 2000 4326">
    <p class='ocr_par' dir='ltr' id='par_1_48' title="bbox 337 4248 2000 4326">
     <span class='ocr_line' id='line_1_48' title="bbox 337 4248 2000 4326; baseline -0.001 -21"><span class='ocrx_word' id='word_1_506' title='bbox 337 4251 570 4326; x_wconf 73' lang='grc' dir='ltr'>έχοντες</span> <span class='ocrx_word' id='word_1_507' title='bbox 625 4253 695 4323; x_wconf 76' lang='grc' dir='ltr'>τῇ</span> <span class='ocrx_word' id='word_1_508' title='bbox 753 4248 1005 4320; x_wconf 82' lang='grc' dir='ltr'>ἀληθείᾳ,</span> <span class='ocrx_word' id='word_1_509' title='bbox 1061 4251 1330 4325; x_wconf 74' lang='grc' dir='ltr'>γράφουσι</span> <span class='ocrx_word' id='word_1_510' title='bbox 1380 4251 1477 4312; x_wconf 72' lang='grc' dir='ltr'>τὰς</span> <span class='ocrx_word' id='word_1_511' title='bbox 1535 4251 1764 4318; x_wconf 84' lang='grc' dir='ltr'>εἰκόνας,</span> <span class='ocrx_word' id='word_1_512' title='bbox 1800 4251 2000 4305; x_wconf 84' lang='grc' dir='ltr'>ὁπόταν</span> 
     </span>
    </p>
   </div>
   <div class='ocr_carea' id='block_1_49' title="bbox 2112 3273 3768 3346">
    <p class='ocr_par' dir='ltr' id='par_1_49' title="bbox 2112 3273 3768 3346">
     <span class='ocr_line' id='line_1_49' title="bbox 2112 3273 3768 3346; baseline -0.002 -17"><span class='ocrx_word' id='word_1_513' title='bbox 2112 3275 2320 3330; x_wconf 68' lang='lat' dir='ltr'><strong>insulae</strong></span> <span class='ocrx_word' id='word_1_514' title='bbox 2353 3275 2606 3346; x_wconf 62' lang='lat' dir='ltr'><strong>praefecit</strong></span> <span class='ocrx_word' id='word_1_515' title='bbox 2639 3277 2693 3328; x_wconf 87' lang='lat' dir='ltr'><strong>in</strong></span> <span class='ocrx_word' id='word_1_516' title='bbox 2726 3276 3090 3345; x_wconf 89' lang='lat' dir='ltr'><strong>episcopum,</strong></span> <span class='ocrx_word' id='word_1_517' title='bbox 3127 3280 3193 3329; x_wconf 90' lang='lat' dir='ltr'><strong>ut</strong></span> <span class='ocrx_word' id='word_1_518' title='bbox 3221 3275 3290 3328; x_wconf 89' lang='lat' dir='ltr'><strong>ad</strong></span> <span class='ocrx_word' id='word_1_519' title='bbox 3325 3273 3598 3328; x_wconf 90' lang='lat' dir='ltr'><strong>eumdem</strong></span> <span class='ocrx_word' id='word_1_520' title='bbox 3627 3273 3768 3328; x_wconf 91' lang='lat' dir='ltr'><strong>scri-</strong></span> 
     </span>
    </p>
   </div>
   <div class='ocr_carea' id='block_1_50' title="bbox 2110 3362 3766 3437">
    <p class='ocr_par' dir='ltr' id='par_1_50' title="bbox 2110 3362 3766 3437">
     <span class='ocr_line' id='line_1_50' title="bbox 2110 3362 3766 3437; baseline -0.002 -18"><span class='ocrx_word' id='word_1_521' title='bbox 2110 3371 2211 3437; x_wconf 88' lang='lat' dir='ltr'><strong>pta</strong></span> <span class='ocrx_word' id='word_1_522' title='bbox 2240 3365 2463 3420; x_wconf 86' lang='lat' dir='ltr'><strong>indicat</strong></span> <span class='ocrx_word' id='word_1_523' title='bbox 2492 3365 2760 3436; x_wconf 86' lang='lat' dir='ltr'><strong>epistola.</strong></span> <span class='ocrx_word' id='word_1_524' title='bbox 2788 3365 2952 3419; x_wconf 90' lang='lat' dir='ltr'><strong>Hunc</strong></span> <span class='ocrx_word' id='word_1_525' title='bbox 2973 3365 3298 3420; x_wconf 89' lang='lat' dir='ltr'><strong>etiamnum</strong></span> <span class='ocrx_word' id='word_1_526' title='bbox 3333 3381 3436 3436; x_wconf 90' lang='lat' dir='ltr'><strong>per</strong></span> <span class='ocrx_word' id='word_1_527' title='bbox 3455 3362 3766 3435; x_wconf 86' lang='lat' dir='ltr'><strong>epistolam</strong></span> 
     </span>
    </p>
   </div>
   <div class='ocr_carea' id='block_1_51' title="bbox 2110 3452 3764 3526">
    <p class='ocr_par' dir='ltr' id='par_1_51' title="bbox 2110 3452 3764 3526">
     <span class='ocr_line' id='line_1_51' title="bbox 2110 3452 3764 3526; baseline -0.002 -17"><span class='ocrx_word' id='word_1_528' title='bbox 2110 3455 2359 3510; x_wconf 89' lang='lat' dir='ltr'><strong>eximius</strong></span> <span class='ocrx_word' id='word_1_529' title='bbox 2393 3459 2556 3524; x_wconf 88' lang='lat' dir='ltr'><strong>pater</strong></span> <span class='ocrx_word' id='word_1_530' title='bbox 2587 3453 2897 3526; x_wconf 87' lang='lat' dir='ltr'><strong>Dionysius</strong></span> <span class='ocrx_word' id='word_1_531' title='bbox 2921 3453 3137 3509; x_wconf 88' lang='lat' dir='ltr'><strong>talibus</strong></span> <span class='ocrx_word' id='word_1_532' title='bbox 3167 3453 3504 3524; x_wconf 88' lang='lat' dir='ltr'><strong>alloquitur,</strong></span> <span class='ocrx_word' id='word_1_533' title='bbox 3525 3452 3764 3508; x_wconf 90' lang='lat' dir='ltr'><strong>dicens:</strong></span> 
     </span>
    </p>
   </div>
   <div class='ocr_carea' id='block_1_52' title="bbox 2109 3538 3769 3614">
    <p class='ocr_par' dir='ltr' id='par_1_52' title="bbox 2109 3538 3769 3614">
     <span class='ocr_line' id='line_1_52' title="bbox 2109 3538 3769 3614; baseline -0.001 -16"><span class='ocrx_word' id='word_1_534' title='bbox 2109 3543 2374 3614; x_wconf 83' lang='lat' dir='ltr'><strong>Equidem</strong></span> <span class='ocrx_word' id='word_1_535' title='bbox 2422 3560 2534 3598; x_wconf 86' lang='lat' dir='ltr'><strong>non</strong></span> <span class='ocrx_word' id='word_1_536' title='bbox 2579 3545 2713 3598; x_wconf 82' lang='lat' dir='ltr'><strong>satis</strong></span> <span class='ocrx_word' id='word_1_537' title='bbox 2742 3545 2873 3610; x_wconf 77' lang='lat' dir='ltr'><strong>scio,</strong></span> <span class='ocrx_word' id='word_1_538' title='bbox 2919 3542 2970 3597; x_wconf 89' lang='lat' dir='ltr'><strong>si</strong></span> <span class='ocrx_word' id='word_1_539' title='bbox 3017 3544 3174 3614; x_wconf 87' lang='lat' dir='ltr'><strong>cujus</strong></span> <span class='ocrx_word' id='word_1_540' title='bbox 3212 3559 3421 3610; x_wconf 87' lang='lat' dir='ltr'><strong>eorum,</strong></span> <span class='ocrx_word' id='word_1_541' title='bbox 3471 3557 3596 3613; x_wconf 54' lang='lat' dir='ltr'><strong>qua</strong></span> <span class='ocrx_word' id='word_1_542' title='bbox 3625 3538 3769 3596; x_wconf 84' lang='lat' dir='ltr'><strong>mihi</strong></span> 
     </span>
    </p>
   </div>
   <div class='ocr_carea' id='block_1_53' title="bbox 2109 3631 3768 3702">
    <p class='ocr_par' dir='ltr' id='par_1_53' title="bbox 2109 3631 3768 3702">
     <span class='ocr_line' id='line_1_53' title="bbox 2109 3631 3768 3702; baseline -0.001 -14"><span class='ocrx_word' id='word_1_543' title='bbox 2109 3635 2381 3702; x_wconf 81' lang='lat' dir='ltr'><strong>comperta</strong></span> <span class='ocrx_word' id='word_1_544' title='bbox 2429 3640 2577 3701; x_wconf 86' lang='lat' dir='ltr'><strong>sunt,</strong></span> <span class='ocrx_word' id='word_1_545' title='bbox 2622 3631 3069 3702; x_wconf 73' lang='lat' dir='ltr'><strong>theologicorum</strong></span> <span class='ocrx_word' id='word_1_546' title='bbox 3115 3631 3406 3702; x_wconf 77' lang='lat' dir='ltr'><strong>signorum</strong></span> <span class='ocrx_word' id='word_1_547' title='bbox 3451 3631 3605 3686; x_wconf 81' lang='lat' dir='ltr'><strong>rudis</strong></span> <span class='ocrx_word' id='word_1_548' title='bbox 3635 3647 3768 3686; x_wconf 81' lang='lat' dir='ltr'><strong>eva-</strong></span> 
     </span>
    </p>
   </div>
   <div class='ocr_carea' id='block_1_54' title="bbox 2108 3718 3768 3789">
    <p class='ocr_par' dir='ltr' id='par_1_54' title="bbox 2108 3718 3768 3789">
     <span class='ocr_line' id='line_1_54' title="bbox 2108 3718 3768 3789; baseline -0.002 -16"><span class='ocrx_word' id='word_1_549' title='bbox 2108 3719 2242 3773; x_wconf 78' lang='lat' dir='ltr'><strong>serit</strong></span> <span class='ocrx_word' id='word_1_550' title='bbox 2275 3720 2569 3789; x_wconf 81' lang='lat' dir='ltr'><strong>ignarusve</strong></span> <span class='ocrx_word' id='word_1_551' title='bbox 2595 3735 2757 3773; x_wconf 83' lang='lat' dir='ltr'><strong>sacer</strong></span> <span class='ocrx_word' id='word_1_552' title='bbox 2788 3718 3096 3773; x_wconf 79' lang='lat' dir='ltr'><strong>Timotheus</strong></span> <span class='ocrx_word' id='word_1_553' title='bbox 3116 3735 3137 3781; x_wconf 87' lang='lat'><strong><em>;</em></strong></span> <span class='ocrx_word' id='word_1_554' title='bbox 3185 3721 3255 3774; x_wconf 91' lang='lat' dir='ltr'><strong>ad</strong></span> <span class='ocrx_word' id='word_1_555' title='bbox 3289 3736 3424 3774; x_wconf 91' lang='lat' dir='ltr'><strong>eum</strong></span> <span class='ocrx_word' id='word_1_556' title='bbox 3455 3718 3611 3774; x_wconf 91' lang='lat' dir='ltr'><strong>enim</strong></span> <span class='ocrx_word' id='word_1_557' title='bbox 3646 3734 3768 3772; x_wconf 86' lang='lat' dir='ltr'><strong>me-</strong></span> 
     </span>
    </p>
   </div>
   <div class='ocr_carea' id='block_1_55' title="bbox 2107 3807 3767 3880">
    <p class='ocr_par' dir='ltr' id='par_1_55' title="bbox 2107 3807 3767 3880">
     <span class='ocr_line' id='line_1_55' title="bbox 2107 3807 3767 3880; baseline -0.001 -17"><span class='ocrx_word' id='word_1_558' title='bbox 2107 3807 2312 3863; x_wconf 90' lang='lat' dir='ltr'><strong>liorem</strong></span> <span class='ocrx_word' id='word_1_559' title='bbox 2363 3825 2604 3862; x_wconf 89' lang='lat' dir='ltr'><strong>suorum</strong></span> <span class='ocrx_word' id='word_1_560' title='bbox 2655 3825 2895 3878; x_wconf 89' lang='lat' dir='ltr'><strong>operum</strong></span> <span class='ocrx_word' id='word_1_561' title='bbox 2947 3813 3168 3878; x_wconf 87' lang='lat' dir='ltr'><strong>partem</strong></span> <span class='ocrx_word' id='word_1_562' title='bbox 3217 3809 3670 3880; x_wconf 90' lang='lat' dir='ltr'><strong>conscripserat.</strong></span> <span class='ocrx_word' id='word_1_563' title='bbox 3705 3808 3767 3862; x_wconf 91' lang='lat' dir='ltr'><strong>In</strong></span> 
     </span>
    </p>
   </div>
   <div class='ocr_carea' id='block_1_56' title="bbox 2110 3895 3766 3968">
    <p class='ocr_par' dir='ltr' id='par_1_56' title="bbox 2110 3895 3766 3968">
     <span class='ocr_line' id='line_1_56' title="bbox 2110 3895 3766 3968; baseline -0.002 -15"><span class='ocrx_word' id='word_1_564' title='bbox 2110 3897 2418 3967; x_wconf 79' lang='lat' dir='ltr'><strong>Symbolica</strong></span> <span class='ocrx_word' id='word_1_565' title='bbox 2450 3897 2603 3952; x_wconf 90' lang='lat' dir='ltr'><strong>enim</strong></span> <span class='ocrx_word' id='word_1_566' title='bbox 2637 3896 2934 3967; x_wconf 79' lang='lat' dir='ltr'><strong>theologia,</strong></span> <span class='ocrx_word' id='word_1_567' title='bbox 2989 3897 3246 3968; x_wconf 89' lang='lat' dir='ltr'><strong>plurima</strong></span> <span class='ocrx_word' id='word_1_568' title='bbox 3281 3897 3575 3966; x_wconf 86' lang='lat' dir='ltr'><strong>ejusmodi</strong></span> <span class='ocrx_word' id='word_1_569' title='bbox 3605 3895 3766 3951; x_wconf 89' lang='lat' dir='ltr'><strong>locu-</strong></span> 
     </span>
    </p>
   </div>
   <div class='ocr_carea' id='block_1_57' title="bbox 2108 3985 3769 4057">
    <p class='ocr_par' dir='ltr' id='par_1_57' title="bbox 2108 3985 3769 4057">
     <span class='ocr_line' id='line_1_57' title="bbox 2108 3985 3769 4057; baseline -0.001 -16"><span class='ocrx_word' id='word_1_570' title='bbox 2108 3986 2360 4051; x_wconf 89' lang='lat' dir='ltr'><strong>tionum,</strong></span> <span class='ocrx_word' id='word_1_571' title='bbox 2421 4003 2547 4057; x_wconf 74' lang='lat' dir='ltr'><strong>quas</strong></span> <span class='ocrx_word' id='word_1_572' title='bbox 2595 4002 2730 4039; x_wconf 90' lang='lat' dir='ltr'><strong>cum</strong></span> <span class='ocrx_word' id='word_1_573' title='bbox 2786 3985 2994 4056; x_wconf 89' lang='lat' dir='ltr'><strong>primis</strong></span> <span class='ocrx_word' id='word_1_574' title='bbox 3046 3985 3317 4040; x_wconf 73' lang='lat' dir='ltr'><strong>absurdae</strong></span> <span class='ocrx_word' id='word_1_575' title='bbox 3368 3985 3769 4056; x_wconf 85' lang='lat' dir='ltr'><strong>prodigiisque</strong></span> 
     </span>
    </p>
   </div>
   <div class='ocr_carea' id='block_1_58' title="bbox 2108 4073 3767 4146">
    <p class='ocr_par' dir='ltr' id='par_1_58' title="bbox 2108 4073 3767 4146">
     <span class='ocr_line' id='line_1_58' title="bbox 2108 4073 3767 4146; baseline -0.002 -16"><span class='ocrx_word' id='word_1_576' title='bbox 2108 4075 2570 4146; x_wconf 87' lang='lat' dir='ltr'><strong>haudquaquam</strong></span> <span class='ocrx_word' id='word_1_577' title='bbox 2604 4073 2907 4129; x_wconf 87' lang='lat' dir='ltr'><strong>absimiles</strong></span> <span class='ocrx_word' id='word_1_578' title='bbox 2932 4074 3299 4143; x_wconf 89' lang='lat' dir='ltr'><strong>videbantur,</strong></span> <span class='ocrx_word' id='word_1_579' title='bbox 3326 4090 3433 4129; x_wconf 89' lang='lat' dir='ltr'><strong>nos</strong></span> <span class='ocrx_word' id='word_1_580' title='bbox 3454 4073 3540 4128; x_wconf 90' lang='lat' dir='ltr'><strong>illi</strong></span> <span class='ocrx_word' id='word_1_581' title='bbox 3566 4078 3767 4129; x_wconf 84' lang='lat' dir='ltr'><strong>exacto</strong></span> 
     </span>
    </p>
   </div>
   <div class='ocr_carea' id='block_1_59' title="bbox 2103 4162 3769 4234">
    <p class='ocr_par' dir='ltr' id='par_1_59' title="bbox 2103 4162 3769 4234">
     <span class='ocr_line' id='line_1_59' title="bbox 2103 4162 3769 4234; baseline -0.001 -16"><span class='ocrx_word' id='word_1_582' title='bbox 2103 4165 2328 4234; x_wconf 90' lang='lat' dir='ltr'><strong>judicio</strong></span> <span class='ocrx_word' id='word_1_583' title='bbox 2346 4163 2792 4219; x_wconf 89' lang='lat' dir='ltr'><strong>elucidavimus.</strong></span> <span class='ocrx_word' id='word_1_584' title='bbox 2817 4163 3108 4227; x_wconf 89' lang='lat' dir='ltr'><strong>Quiddam</strong></span> <span class='ocrx_word' id='word_1_585' title='bbox 3136 4162 3292 4218; x_wconf 91' lang='lat' dir='ltr'><strong>enim</strong></span> <span class='ocrx_word' id='word_1_586' title='bbox 3319 4162 3580 4218; x_wconf 90' lang='lat' dir='ltr'><strong>insolens</strong></span> <span class='ocrx_word' id='word_1_587' title='bbox 3606 4179 3769 4234; x_wconf 86' lang='lat' dir='ltr'><strong>pror-</strong></span> 
     </span>
    </p>
   </div>
   <div class='ocr_carea' id='block_1_60' title="bbox 2112 4251 3771 4318">
    <p class='ocr_par' dir='ltr' id='par_1_60' title="bbox 2112 4251 3771 4318">
     <span class='ocr_line' id='line_1_60' title="bbox 2112 4251 3771 4318; baseline -0.001 -11"><span class='ocrx_word' id='word_1_588' title='bbox 2112 4269 2214 4307; x_wconf 92' lang='lat' dir='ltr'><strong>sus</strong></span> <span class='ocrx_word' id='word_1_589' title='bbox 2245 4256 2300 4306; x_wconf 90' lang='lat' dir='ltr'><strong>et</strong></span> <span class='ocrx_word' id='word_1_590' title='bbox 2333 4253 2684 4318; x_wconf 86' lang='lat' dir='ltr'><strong>absurdum,</strong></span> <span class='ocrx_word' id='word_1_591' title='bbox 2717 4252 2963 4307; x_wconf 89' lang='lat' dir='ltr'><strong>rudibus</strong></span> <span class='ocrx_word' id='word_1_592' title='bbox 3011 4251 3203 4306; x_wconf 90' lang='lat' dir='ltr'><strong>adhuc</strong></span> <span class='ocrx_word' id='word_1_593' title='bbox 3253 4251 3468 4307; x_wconf 91' lang='lat' dir='ltr'><strong>animis</strong></span> <span class='ocrx_word' id='word_1_594' title='bbox 3501 4251 3771 4306; x_wconf 89' lang='lat' dir='ltr'><strong>inserunt</strong></span> 
     </span>
    </p>
   </div>
   <div class='ocr_carea' id='block_1_61' title="bbox 338 4335 2002 4421">
    <p class='ocr_par' dir='ltr' id='par_1_61' title="bbox 338 4335 2000 4416">
     <span class='ocr_line' id='line_1_61' title="bbox 338 4335 2000 4416; baseline 0.001 -24"><span class='ocrx_word' id='word_1_595' title='bbox 338 4337 504 4392; x_wconf 71' lang='grc' dir='ltr'>ἴδωσι</span> <span class='ocrx_word' id='word_1_596' title='bbox 554 4336 649 4409; x_wconf 82' lang='grc' dir='ltr'><strong>δη)</strong></span> <span class='ocrx_word' id='word_1_597' title='bbox 670 4335 772 4406; x_wconf 73' lang='grc' dir='ltr'><strong>αδὴ</strong></span> <span class='ocrx_word' id='word_1_598' title='bbox 819 4337 949 4400; x_wconf 76' lang='grc' dir='ltr'>τοὺς</span> <span class='ocrx_word' id='word_1_599' title='bbox 1001 4337 1233 4413; x_wconf 70' lang='grc' dir='ltr'>πατέρας</span> <span class='ocrx_word' id='word_1_600' title='bbox 1284 4345 1384 4408; x_wconf 82' lang='grc' dir='ltr'>τῆς</span> <span class='ocrx_word' id='word_1_601' title='bbox 1419 4339 1734 4415; x_wconf 70' lang='grc' dir='ltr'>ἀποῤῥήτου</span> <span class='ocrx_word' id='word_1_602' title='bbox 1789 4339 2000 4416; x_wconf 71' lang='grc' dir='ltr'>σοφίας,</span> 
     </span>
    </p>
   </div>
   <div class='ocr_carea' id='block_1_62' title="bbox 2115 4335 3771 4421">
    <p class='ocr_par' dir='ltr' id='par_1_62' title="bbox 2115 4338 3771 4412">
     <span class='ocr_line' id='line_1_62' title="bbox 2115 4338 3771 4412; baseline -0.003 -16"><span class='ocrx_word' id='word_1_603' title='bbox 2115 4346 2287 4412; x_wconf 86' lang='lat' dir='ltr'><strong>atque</strong></span> <span class='ocrx_word' id='word_1_604' title='bbox 2316 4341 2642 4407; x_wconf 86' lang='lat' dir='ltr'><strong>instillant;</strong></span> <span class='ocrx_word' id='word_1_605' title='bbox 2679 4341 2831 4412; x_wconf 88' lang='lat' dir='ltr'><strong>quod</strong></span> <span class='ocrx_word' id='word_1_606' title='bbox 2857 4358 2997 4396; x_wconf 91' lang='lat' dir='ltr'><strong>sane</strong></span> <span class='ocrx_word' id='word_1_607' title='bbox 3016 4341 3237 4395; x_wconf 91' lang='lat' dir='ltr'><strong>indicat</strong></span> <span class='ocrx_word' id='word_1_608' title='bbox 3253 4341 3496 4395; x_wconf 89' lang='lat' dir='ltr'><strong>verbum</strong></span> <span class='ocrx_word' id='word_1_609' title='bbox 3521 4338 3771 4412; x_wconf 84' lang='grc' dir='ltr'>ἀπομόρ-</span> 
     </span>
    </p>
   </div>
   <div class='ocr_carea' id='block_1_63' title="bbox 335 4425 2001 4505">
    <p class='ocr_par' dir='ltr' id='par_1_63' title="bbox 335 4425 2001 4505">
     <span class='ocr_line' id='line_1_63' title="bbox 335 4425 2001 4505; baseline 0.001 -23"><span class='ocrx_word' id='word_1_610' title='bbox 335 4425 562 4498; x_wconf 80' lang='grc' dir='ltr'>δηλαδή</span> <span class='ocrx_word' id='word_1_611' title='bbox 592 4427 724 4488; x_wconf 73' lang='grc' dir='ltr'>τοὺς</span> <span class='ocrx_word' id='word_1_612' title='bbox 757 4429 1042 4505; x_wconf 70' lang='grc' dir='ltr'>προφήτας</span> <span class='ocrx_word' id='word_1_613' title='bbox 1076 4425 1163 4481; x_wconf 81' lang='grc' dir='ltr'><strong>διά</strong></span> <span class='ocrx_word' id='word_1_614' title='bbox 1219 4449 1383 4481; x_wconf 87' lang='grc' dir='ltr'>τινων</span> <span class='ocrx_word' id='word_1_615' title='bbox 1441 4426 2001 4503; x_wconf 65' lang='grc' dir='ltr'>παρακεκινδυνευμέ-</span> 
     </span>
    </p>
   </div>
   <div class='ocr_carea' id='block_1_64' title="bbox 332 4515 2003 4594">
    <p class='ocr_par' dir='ltr' id='par_1_64' title="bbox 332 4515 2003 4594">
     <span class='ocr_line' id='line_1_64' title="bbox 332 4515 2003 4594; baseline 0.001 -23"><span class='ocrx_word' id='word_1_616' title='bbox 332 4539 444 4572; x_wconf 89' lang='grc' dir='ltr'><strong>νων</strong></span> <span class='ocrx_word' id='word_1_617' title='bbox 498 4516 836 4593; x_wconf 76' lang='grc' dir='ltr'><strong>αἰνιγμάτων</strong></span> <span class='ocrx_word' id='word_1_618' title='bbox 886 4515 1253 4594; x_wconf 69' lang='grc' dir='ltr'>ἐμφαίνοντας</span> <span class='ocrx_word' id='word_1_619' title='bbox 1300 4518 1398 4586; x_wconf 80' lang='grc' dir='ltr'>τήν</span> <span class='ocrx_word' id='word_1_620' title='bbox 1457 4516 1740 4588; x_wconf 69' lang='grc' dir='ltr'>ἀλήθειαν.</span> <span class='ocrx_word' id='word_1_621' title='bbox 1772 4519 1862 4573; x_wconf 86' lang='grc' dir='ltr'><strong>Διὸ</strong></span> <span class='ocrx_word' id='word_1_622' title='bbox 1914 4519 2003 4573; x_wconf 80' lang='grc' dir='ltr'>καὶ</span> 
     </span>
    </p>
   </div>
   <div class='ocr_carea' id='block_1_65' title="bbox 329 4604 2001 4680">
    <p class='ocr_par' dir='ltr' id='par_1_65' title="bbox 329 4604 2001 4680">
     <span class='ocr_line' id='line_1_65' title="bbox 329 4604 2001 4680; baseline -0.002 -17"><span class='ocrx_word' id='word_1_623' title='bbox 329 4604 549 4663; x_wconf 85' lang='grc' dir='ltr'>πολλοὶ</span> <span class='ocrx_word' id='word_1_624' title='bbox 574 4607 860 4661; x_wconf 80' lang='grc' dir='ltr'>ἀπιστοῦσι</span> <span class='ocrx_word' id='word_1_625' title='bbox 892 4608 1029 4680; x_wconf 79' lang='grc' dir='ltr'>πρὸς</span> <span class='ocrx_word' id='word_1_626' title='bbox 1059 4607 1120 4661; x_wconf 86' lang='grc' dir='ltr'>τὸ</span> <span class='ocrx_word' id='word_1_627' title='bbox 1157 4605 1258 4676; x_wconf 79' lang='grc' dir='ltr'>ἔξω</span> <span class='ocrx_word' id='word_1_628' title='bbox 1321 4607 1500 4679; x_wconf 88' lang='grc' dir='ltr'>μόνων</span> <span class='ocrx_word' id='word_1_629' title='bbox 1551 4612 1661 4662; x_wconf 84' lang='grc' dir='ltr'><strong>τῶν</strong></span> <span class='ocrx_word' id='word_1_630' title='bbox 1720 4608 2001 4680; x_wconf 75' lang='grc' dir='ltr'>ὀνομάτων</span> 
     </span>
    </p>
   </div>
   <div class='ocr_carea' id='block_1_66' title="bbox 335 4691 2004 4772">
    <p class='ocr_par' dir='ltr' id='par_1_66' title="bbox 335 4691 2004 4772">
     <span class='ocr_line' id='line_1_66' title="bbox 335 4691 2004 4772; baseline 0.001 -22"><span class='ocrx_word' id='word_1_631' title='bbox 335 4695 664 4770; x_wconf 67' lang='grc' dir='ltr'>βλέποντες.</span> <span class='ocrx_word' id='word_1_632' title='bbox 697 4696 891 4766; x_wconf 85' lang='grc' dir='ltr'>Ἡμεῖς</span> <span class='ocrx_word' id='word_1_633' title='bbox 951 4691 1028 4767; x_wconf 68' lang='grc' dir='ltr'><strong>δὲ,</strong></span> <span class='ocrx_word' id='word_1_634' title='bbox 1078 4694 1123 4749; x_wconf 73' lang='grc' dir='ltr'>εἰ</span> <span class='ocrx_word' id='word_1_635' title='bbox 1176 4695 1355 4772; x_wconf 82' lang='grc' dir='ltr'>γυμνὰ</span> <span class='ocrx_word' id='word_1_636' title='bbox 1412 4696 1479 4749; x_wconf 84' lang='grc' dir='ltr'><strong>τά</strong></span> <span class='ocrx_word' id='word_1_637' title='bbox 1530 4695 1822 4771; x_wconf 69' lang='grc' dir='ltr'>πράγματα</span> <span class='ocrx_word' id='word_1_638' title='bbox 1885 4709 2004 4760; x_wconf 89' lang='grc' dir='ltr'>θεα-</span> 
     </span>
    </p>
   </div>
   <div class='ocr_carea' id='block_1_67' title="bbox 334 4779 2001 4859">
    <p class='ocr_par' dir='ltr' id='par_1_67' title="bbox 334 4779 2001 4859">
     <span class='ocr_line' id='line_1_67' title="bbox 334 4779 2001 4859; baseline 0 -21"><span class='ocrx_word' id='word_1_639' title='bbox 334 4785 598 4854; x_wconf 85' lang='grc' dir='ltr'>σαίμεθα,</span> <span class='ocrx_word' id='word_1_640' title='bbox 661 4779 1056 4856; x_wconf 73' lang='grc' dir='ltr'>σεϐασθιίημεν</span> <span class='ocrx_word' id='word_1_641' title='bbox 1115 4785 1215 4852; x_wconf 74' lang='grc' dir='ltr'>τήν</span> <span class='ocrx_word' id='word_1_642' title='bbox 1272 4783 1425 4858; x_wconf 80' lang='grc' dir='ltr'>ἁγίαν</span> <span class='ocrx_word' id='word_1_643' title='bbox 1472 4783 1562 4838; x_wconf 86' lang='grc' dir='ltr'><strong>καὶ</strong></span> <span class='ocrx_word' id='word_1_644' title='bbox 1621 4787 2001 4859; x_wconf 65' lang='grc' dir='ltr'>προπυνητήν</span> 
     </span>
    </p>
   </div>
   <div class='ocr_carea' id='block_1_68' title="bbox 333 4870 2006 4950">
    <p class='ocr_par' dir='ltr' id='par_1_68' title="bbox 333 4870 2006 4950">
     <span class='ocr_line' id='line_1_68' title="bbox 333 4870 2006 4950; baseline 0.001 -24"><span class='ocrx_word' id='word_1_645' title='bbox 333 4870 700 4950; x_wconf 74' lang='grc' dir='ltr'>Τριάδα,τὴν</span> <span class='ocrx_word' id='word_1_646' title='bbox 759 4874 942 4949; x_wconf 78' lang='grc' dir='ltr'>πηγήν</span> <span class='ocrx_word' id='word_1_647' title='bbox 983 4879 1084 4943; x_wconf 80' lang='grc' dir='ltr'><strong>τῆς</strong></span> <span class='ocrx_word' id='word_1_648' title='bbox 1133 4878 1301 4944; x_wconf 82' lang='grc' dir='ltr'>ζωῆς,</span> <span class='ocrx_word' id='word_1_649' title='bbox 1347 4873 1424 4936; x_wconf 86' lang='grc' dir='ltr'>εἷς</span> <span class='ocrx_word' id='word_1_650' title='bbox 1483 4875 1679 4943; x_wconf 73' lang='grc' dir='ltr'>ἑαυτὴν</span> <span class='ocrx_word' id='word_1_651' title='bbox 1733 4877 2006 4950; x_wconf 80' lang='grc' dir='ltr'>χεομένην</span> 
     </span>
    </p>
   </div>
   <div class='ocr_carea' id='block_1_69' title="bbox 332 4961 2006 5037">
    <p class='ocr_par' dir='ltr' id='par_1_69' title="bbox 332 4961 2006 5037">
     <span class='ocr_line' id='line_1_69' title="bbox 332 4961 2006 5037; baseline 0.001 -19"><span class='ocrx_word' id='word_1_652' title='bbox 332 4963 425 5018; x_wconf 76' lang='grc' dir='ltr'><strong>καὶ</strong></span> <span class='ocrx_word' id='word_1_653' title='bbox 465 4961 551 5037; x_wconf 76' lang='grc' dir='ltr'>ἐφ’</span> <span class='ocrx_word' id='word_1_654' title='bbox 582 4963 778 5027; x_wconf 61' lang='grc' dir='ltr'>ἑαυτῆς</span> <span class='ocrx_word' id='word_1_655' title='bbox 833 4963 1069 5017; x_wconf 73' lang='grc' dir='ltr'>ἑστῶσαν</span> <span class='ocrx_word' id='word_1_656' title='bbox 1106 4981 1117 4993; x_wconf 92' lang='grc'><strong>·</strong></span> <span class='ocrx_word' id='word_1_657' title='bbox 1163 4961 1433 5017; x_wconf 74' lang='grc' dir='ltr'>δείκνυται</span> <span class='ocrx_word' id='word_1_658' title='bbox 1475 4963 1573 5037; x_wconf 78' lang='grc' dir='ltr'>γὰρ</span> <span class='ocrx_word' id='word_1_659' title='bbox 1633 4963 1870 5028; x_wconf 76' lang='grc' dir='ltr'>ἐντεῦθεν</span> <span class='ocrx_word' id='word_1_660' title='bbox 1915 4965 2006 5020; x_wconf 86' lang='grc' dir='ltr'>καὶ</span> 
     </span>
    </p>
   </div>
   <div class='ocr_carea' id='block_1_70' title="bbox 335 5050 2008 5128">
    <p class='ocr_par' dir='ltr' id='par_1_70' title="bbox 335 5050 2008 5128">
     <span class='ocr_line' id='line_1_70' title="bbox 335 5050 2008 5128; baseline 0.002 -23"><span class='ocrx_word' id='word_1_661' title='bbox 335 5052 397 5106; x_wconf 84' lang='grc' dir='ltr'>τὸ</span> <span class='ocrx_word' id='word_1_662' title='bbox 431 5051 729 5124; x_wconf 80' lang='grc' dir='ltr'>ὁμοούσιον</span> <span class='ocrx_word' id='word_1_663' title='bbox 768 5071 779 5083; x_wconf 88' lang='grc'><strong>·</strong></span> <span class='ocrx_word' id='word_1_664' title='bbox 815 5051 902 5105; x_wconf 81' lang='grc' dir='ltr'><strong>καὶ</strong></span> <span class='ocrx_word' id='word_1_665' title='bbox 937 5051 1017 5106; x_wconf 78' lang='grc' dir='ltr'>ὅτι</span> <span class='ocrx_word' id='word_1_666' title='bbox 1051 5053 1085 5120; x_wconf 79' lang='grc' dir='ltr'>ἡ</span> <span class='ocrx_word' id='word_1_667' title='bbox 1114 5051 1322 5120; x_wconf 74' lang='grc' dir='ltr'>Μονάς,</span> <span class='ocrx_word' id='word_1_668' title='bbox 1356 5052 1434 5113; x_wconf 77' lang='grc' dir='ltr'>εἷς</span> <span class='ocrx_word' id='word_1_669' title='bbox 1469 5050 1677 5124; x_wconf 78' lang='grc' dir='ltr'>Τριάδα</span> <span class='ocrx_word' id='word_1_670' title='bbox 1709 5052 2008 5128; x_wconf 78' lang='grc' dir='ltr'>προελθοῦ-</span> 
     </span>
    </p>
   </div>
   <div class='ocr_carea' id='block_1_71' title="bbox 333 5138 2007 5218">
    <p class='ocr_par' dir='ltr' id='par_1_71' title="bbox 333 5138 2007 5218">
     <span class='ocr_line' id='line_1_71' title="bbox 333 5138 2007 5218; baseline 0.001 -24"><span class='ocrx_word' id='word_1_671' title='bbox 333 5161 426 5206; x_wconf 84' lang='grc' dir='ltr'><strong>σα,</strong></span> <span class='ocrx_word' id='word_1_672' title='bbox 494 5141 697 5215; x_wconf 67' lang='grc' dir='ltr'>μέχρις</span> <span class='ocrx_word' id='word_1_673' title='bbox 754 5140 924 5210; x_wconf 80' lang='grc' dir='ltr'>αὐτῆς</span> <span class='ocrx_word' id='word_1_674' title='bbox 973 5138 1212 5211; x_wconf 65' lang='grc' dir='ltr'>ἵσταται,</span> <span class='ocrx_word' id='word_1_675' title='bbox 1265 5140 1444 5204; x_wconf 82' lang='grc' dir='ltr'>καθὼς</span> <span class='ocrx_word' id='word_1_676' title='bbox 1519 5142 1608 5196; x_wconf 82' lang='grc' dir='ltr'><strong>καὶ</strong></span> <span class='ocrx_word' id='word_1_677' title='bbox 1667 5144 1693 5196; x_wconf 90' lang='grc' dir='ltr'>ὁ</span> <span class='ocrx_word' id='word_1_678' title='bbox 1752 5141 2007 5218; x_wconf 85' lang='grc' dir='ltr'>θεολόγος</span> 
     </span>
    </p>
   </div>
   <div class='ocr_carea' id='block_1_72' title="bbox 332 5229 2007 5306">
    <p class='ocr_par' dir='ltr' id='par_1_72' title="bbox 332 5229 2007 5306">
     <span class='ocr_line' id='line_1_72' title="bbox 332 5229 2007 5306; baseline 0.002 -25"><span class='ocrx_word' id='word_1_679' title='bbox 332 5229 473 5306; x_wconf 72' lang='grc' dir='ltr'>φησῖ</span> <span class='ocrx_word' id='word_1_680' title='bbox 538 5229 841 5305; x_wconf 83' lang='grc' dir='ltr'>Γρηγόριος</span> <span class='ocrx_word' id='word_1_681' title='bbox 905 5231 1036 5301; x_wconf 82' lang='grc'><strong>(12).</strong></span> <span class='ocrx_word' id='word_1_682' title='bbox 1099 5231 1311 5305; x_wconf 79' lang='grc' dir='ltr'>Πρὲπον</span> <span class='ocrx_word' id='word_1_683' title='bbox 1383 5235 1510 5304; x_wconf 73' lang='grc' dir='ltr'>γοῦν</span> <span class='ocrx_word' id='word_1_684' title='bbox 1559 5231 1822 5304; x_wconf 72' lang='grc' dir='ltr'>ᾠήθημεν</span> <span class='ocrx_word' id='word_1_685' title='bbox 1881 5231 2007 5286; x_wconf 84' lang='grc' dir='ltr'>ἀνα-</span> 
     </span>
    </p>
   </div>
   <div class='ocr_carea' id='block_1_73' title="bbox 334 5317 2008 5394">
    <p class='ocr_par' dir='ltr' id='par_1_73' title="bbox 334 5317 2008 5394">
     <span class='ocr_line' id='line_1_73' title="bbox 334 5317 2008 5394; baseline 0.001 -22"><span class='ocrx_word' id='word_1_686' title='bbox 334 5319 654 5392; x_wconf 79' lang='grc' dir='ltr'>πτυχθῆναι</span> <span class='ocrx_word' id='word_1_687' title='bbox 691 5317 836 5388; x_wconf 80' lang='grc' dir='ltr'>αύτῷ</span> <span class='ocrx_word' id='word_1_688' title='bbox 866 5338 942 5386; x_wconf 81' lang='grc' dir='ltr'><strong>τε,</strong></span> <span class='ocrx_word' id='word_1_689' title='bbox 976 5318 1064 5371; x_wconf 84' lang='grc' dir='ltr'><strong>καὶ</strong></span> <span class='ocrx_word' id='word_1_690' title='bbox 1096 5322 1175 5390; x_wconf 75' lang='grc' dir='ltr'>τῷ</span> <span class='ocrx_word' id='word_1_691' title='bbox 1207 5320 1339 5394; x_wconf 75' lang='grc' dir='ltr'><strong>ἱερῷ</strong></span> <span class='ocrx_word' id='word_1_692' title='bbox 1366 5318 1646 5392; x_wconf 69' lang='grc' dir='ltr'>Τιμοθέῳ,</span> <span class='ocrx_word' id='word_1_693' title='bbox 1671 5319 1759 5374; x_wconf 79' lang='grc' dir='ltr'>καὶ</span> <span class='ocrx_word' id='word_1_694' title='bbox 1792 5318 2008 5390; x_wconf 80' lang='grc' dir='ltr'>ἄλλοις,</span> 
     </span>
    </p>
   </div>
   <div class='ocr_carea' id='block_1_74' title="bbox 332 5401 2005 5480">
    <p class='ocr_par' dir='ltr' id='par_1_74' title="bbox 332 5401 2005 5480">
     <span class='ocr_line' id='line_1_74' title="bbox 332 5401 2005 5480; baseline 0.001 -19"><span class='ocrx_word' id='word_1_695' title='bbox 332 5409 438 5476; x_wconf 77' lang='grc' dir='ltr'>τήν</span> <span class='ocrx_word' id='word_1_696' title='bbox 474 5406 740 5477; x_wconf 84' lang='grc' dir='ltr'>τοιαύτην</span> <span class='ocrx_word' id='word_1_697' title='bbox 771 5401 1116 5480; x_wconf 77' lang='grc' dir='ltr'>συμϐολικήν</span> <span class='ocrx_word' id='word_1_698' title='bbox 1167 5405 1389 5473; x_wconf 81' lang='grc' dir='ltr'>πλάσιν,</span> <span class='ocrx_word' id='word_1_699' title='bbox 1416 5408 1503 5462; x_wconf 83' lang='grc' dir='ltr'>καὶ</span> <span class='ocrx_word' id='word_1_700' title='bbox 1565 5406 1654 5462; x_wconf 79' lang='grc' dir='ltr'><strong>διὰ</strong></span> <span class='ocrx_word' id='word_1_701' title='bbox 1695 5413 1855 5464; x_wconf 75' lang='grc' dir='ltr'>τοῦτο</span> <span class='ocrx_word' id='word_1_702' title='bbox 1909 5411 2005 5478; x_wconf 77' lang='grc' dir='ltr'>τὴν</span> 
     </span>
    </p>
   </div>
   <div class='ocr_carea' id='block_1_75' title="bbox 335 5491 2009 5574">
    <p class='ocr_par' dir='ltr' id='par_1_75' title="bbox 335 5491 2009 5574">
     <span class='ocr_line' id='line_1_75' title="bbox 335 5491 2009 5574; baseline 0 -22"><span class='ocrx_word' id='word_1_703' title='bbox 335 5491 717 5570; x_wconf 78' lang='grc' dir='ltr'>Συμϐολικήν</span> <span class='ocrx_word' id='word_1_704' title='bbox 780 5493 1067 5569; x_wconf 83' lang='grc' dir='ltr'>θεολογίαν</span> <span class='ocrx_word' id='word_1_705' title='bbox 1127 5498 1499 5570; x_wconf 72' lang='grc' dir='ltr'>συνεθέμεθα·</span> <span class='ocrx_word' id='word_1_706' title='bbox 1560 5497 1627 5552; x_wconf 76' lang='grc' dir='ltr'><strong>τὰ</strong></span> <span class='ocrx_word' id='word_1_707' title='bbox 1696 5499 1800 5574; x_wconf 81' lang='grc' dir='ltr'>γὰρ</span> <span class='ocrx_word' id='word_1_708' title='bbox 1857 5497 2009 5560; x_wconf 79' lang='grc' dir='ltr'>ἐκτὸς</span> 
     </span>
    </p>
   </div>
   <div class='ocr_carea' id='block_1_76' title="bbox 332 5582 2007 5658">
    <p class='ocr_par' dir='ltr' id='par_1_76' title="bbox 332 5582 2007 5658">
     <span class='ocr_line' id='line_1_76' title="bbox 332 5582 2007 5658; baseline 0.001 -18"><span class='ocrx_word' id='word_1_709' title='bbox 332 5589 440 5654; x_wconf 75' lang='grc' dir='ltr'>τῆς</span> <span class='ocrx_word' id='word_1_710' title='bbox 496 5584 759 5655; x_wconf 80' lang='grc' dir='ltr'>τοιαύτης</span> <span class='ocrx_word' id='word_1_711' title='bbox 791 5582 1205 5658; x_wconf 77' lang='grc' dir='ltr'>ἱεροπλαστιας,</span> <span class='ocrx_word' id='word_1_712' title='bbox 1236 5587 1446 5655; x_wconf 86' lang='grc' dir='ltr'>ὁπόσης</span> <span class='ocrx_word' id='word_1_713' title='bbox 1480 5588 1595 5657; x_wconf 71' lang='grc'><strong>(13)</strong></span> <span class='ocrx_word' id='word_1_714' title='bbox 1639 5588 1726 5642; x_wconf 85' lang='grc' dir='ltr'>καὶ</span> <span class='ocrx_word' id='word_1_715' title='bbox 1788 5586 2007 5656; x_wconf 80' lang='grc' dir='ltr'>πολλῆς</span> 
     </span>
    </p>
   </div>
   <div class='ocr_carea' id='block_1_77' title="bbox 333 5671 2008 5752">
    <p class='ocr_par' dir='ltr' id='par_1_77' title="bbox 333 5671 2008 5752">
     <span class='ocr_line' id='line_1_77' title="bbox 333 5671 2008 5752; baseline 0.001 -22"><span class='ocrx_word' id='word_1_716' title='bbox 333 5677 439 5742; x_wconf 72' lang='grc' dir='ltr'><strong>τῆς</strong></span> <span class='ocrx_word' id='word_1_717' title='bbox 469 5672 746 5749; x_wconf 83' lang='grc' dir='ltr'>τερατείας</span> <span class='ocrx_word' id='word_1_718' title='bbox 799 5671 1245 5744; x_wconf 71' lang='grc' dir='ltr'>ἀναπέπλησταιί</span> <span class='ocrx_word' id='word_1_719' title='bbox 1281 5677 1396 5729; x_wconf 81' lang='grc' dir='ltr'>οἷον</span> <span class='ocrx_word' id='word_1_720' title='bbox 1439 5673 1528 5729; x_wconf 76' lang='grc' dir='ltr'>ὅτε</span> <span class='ocrx_word' id='word_1_721' title='bbox 1583 5676 1817 5752; x_wconf 74' lang='grc' dir='ltr'>γαστέρα</span> <span class='ocrx_word' id='word_1_722' title='bbox 1874 5681 2008 5731; x_wconf 76' lang='grc' dir='ltr'>Θεοῦ</span> 
     </span>
    </p>
   </div>
   <div class='ocr_carea' id='block_1_78' title="bbox 338 5761 2010 5843">
    <p class='ocr_par' dir='ltr' id='par_1_78' title="bbox 338 5761 2010 5843">
     <span class='ocr_line' id='line_1_78' title="bbox 338 5761 2010 5843; baseline 0.001 -23"><span class='ocrx_word' id='word_1_723' title='bbox 338 5761 618 5837; x_wconf 83' lang='grc' dir='ltr'>ἀκούομεν</span> <span class='ocrx_word' id='word_1_724' title='bbox 652 5781 664 5794; x_wconf 92' lang='grc'><strong>·</strong></span> <span class='ocrx_word' id='word_1_725' title='bbox 724 5764 822 5820; x_wconf 78' lang='grc' dir='ltr'><strong>Ἐκ</strong></span> <span class='ocrx_word' id='word_1_726' title='bbox 875 5763 1106 5840; x_wconf 81' lang='grc' dir='ltr'>γαστρὸς</span> <span class='ocrx_word' id='word_1_727' title='bbox 1178 5765 1284 5838; x_wconf 85' lang='grc' dir='ltr'>πρὸ</span> <span class='ocrx_word' id='word_1_728' title='bbox 1343 5764 1659 5840; x_wconf 82' lang='grc' dir='ltr'>Ἑωσφόρου</span> <span class='ocrx_word' id='word_1_729' title='bbox 1748 5765 2010 5843; x_wconf 68' lang='grc' dir='ltr'>ἐγέννησά</span> 
     </span>
    </p>
   </div>
   <div class='ocr_carea' id='block_1_79' title="bbox 2112 4426 3770 4503">
    <p class='ocr_par' dir='ltr' id='par_1_79' title="bbox 2112 4426 3770 4503">
     <span class='ocr_line' id='line_1_79' title="bbox 2112 4426 3770 4503; baseline -0.002 -21"><span class='ocrx_word' id='word_1_730' title='bbox 2112 4450 2350 4503; x_wconf 86' lang='grc' dir='ltr'>γνυνται.</span> <span class='ocrx_word' id='word_1_731' title='bbox 2410 4428 2854 4502; x_wconf 72' lang='grc' dir='ltr'>Ἀπομόρξασθαι</span> <span class='ocrx_word' id='word_1_732' title='bbox 2914 4430 3098 4497; x_wconf 86' lang='lat' dir='ltr'><strong>enim,</strong></span> <span class='ocrx_word' id='word_1_733' title='bbox 3159 4430 3312 4484; x_wconf 86' lang='lat' dir='ltr'><strong>idem</strong></span> <span class='ocrx_word' id='word_1_734' title='bbox 3373 4435 3439 4484; x_wconf 83' lang='lat' dir='ltr'><strong>ut</strong></span> <span class='ocrx_word' id='word_1_735' title='bbox 3493 4426 3770 4499; x_wconf 77' lang='grc' dir='ltr'>ἐναπομά-</span> 
     </span>
    </p>
   </div>
   <div class='ocr_carea' id='block_1_80' title="bbox 2113 4512 3774 4589">
    <p class='ocr_par' dir='ltr' id='par_1_80' title="bbox 2113 4512 3774 4589">
     <span class='ocr_line' id='line_1_80' title="bbox 2113 4512 3774 4589; baseline 0.001 -18"><span class='ocrx_word' id='word_1_736' title='bbox 2113 4517 2294 4588; x_wconf 83' lang='grc' dir='ltr'>ξασθαι</span> <span class='ocrx_word' id='word_1_737' title='bbox 2329 4517 2416 4571; x_wconf 83' lang='grc' dir='ltr'><strong>καὶ</strong></span> <span class='ocrx_word' id='word_1_738' title='bbox 2463 4512 2746 4589; x_wconf 71' lang='grc' dir='ltr'>ἐμϐαλεῖν,</span> <span class='ocrx_word' id='word_1_739' title='bbox 2803 4518 2858 4572; x_wconf 90' lang='lat' dir='ltr'><strong>id</strong></span> <span class='ocrx_word' id='word_1_740' title='bbox 2909 4523 2998 4572; x_wconf 87' lang='lat' dir='ltr'><strong>est</strong></span> <span class='ocrx_word' id='word_1_741' title='bbox 3053 4519 3416 4588; x_wconf 82' lang='lat' dir='ltr'><strong>impressisse,</strong></span> <span class='ocrx_word' id='word_1_742' title='bbox 3448 4517 3774 4585; x_wconf 79' lang='lat' dir='ltr'><strong>inseruisse,</strong></span> 
     </span>
    </p>
   </div>
   <div class='ocr_carea' id='block_1_81' title="bbox 2113 4605 3776 4678">
    <p class='ocr_par' dir='ltr' id='par_1_81' title="bbox 2113 4605 3776 4678">
     <span class='ocr_line' id='line_1_81' title="bbox 2113 4605 3776 4678; baseline -0.003 -14"><span class='ocrx_word' id='word_1_743' title='bbox 2113 4609 2375 4678; x_wconf 67' lang='lat' dir='ltr'><strong>infecisse</strong></span> <span class='ocrx_word' id='word_1_744' title='bbox 2405 4627 2423 4663; x_wconf 88' lang='lat'><strong><em>:</em></strong></span> <span class='ocrx_word' id='word_1_745' title='bbox 2455 4608 2564 4662; x_wconf 94' lang='lat' dir='ltr'><strong>hoc</strong></span> <span class='ocrx_word' id='word_1_746' title='bbox 2597 4613 2703 4673; x_wconf 90' lang='lat' dir='ltr'><strong>est,</strong></span> <span class='ocrx_word' id='word_1_747' title='bbox 2738 4607 2969 4678; x_wconf 87' lang='lat' dir='ltr'><strong>quidvis</strong></span> <span class='ocrx_word' id='word_1_748' title='bbox 3006 4605 3326 4661; x_wconf 90' lang='lat' dir='ltr'><strong>immisisse</strong></span> <span class='ocrx_word' id='word_1_749' title='bbox 3358 4623 3474 4661; x_wconf 69' lang='lat' dir='ltr'><strong>suae</strong></span> <span class='ocrx_word' id='word_1_750' title='bbox 3512 4605 3691 4660; x_wconf 91' lang='lat' dir='ltr'><strong>menti</strong></span> <span class='ocrx_word' id='word_1_751' title='bbox 3718 4611 3776 4660; x_wconf 90' lang='lat' dir='ltr'><strong>et</strong></span> 
     </span>
    </p>
   </div>
   <div class='ocr_carea' id='block_1_82' title="bbox 2115 4694 3774 4769">
    <p class='ocr_par' dir='ltr' id='par_1_82' title="bbox 2115 4694 3774 4769">
     <span class='ocr_line' id='line_1_82' title="bbox 2115 4694 3774 4769; baseline -0.003 -16"><span class='ocrx_word' id='word_1_752' title='bbox 2115 4696 2475 4769; x_wconf 86' lang='lat' dir='ltr'><strong>cogitationi,</strong></span> <span class='ocrx_word' id='word_1_753' title='bbox 2510 4695 2853 4766; x_wconf 87' lang='lat' dir='ltr'><strong>metaphora</strong></span> <span class='ocrx_word' id='word_1_754' title='bbox 2882 4712 2916 4750; x_wconf 89' lang='lat' dir='ltr'><strong>a</strong></span> <span class='ocrx_word' id='word_1_755' title='bbox 2941 4695 3263 4765; x_wconf 70' lang='lat' dir='ltr'><strong>pictoribus</strong></span> <span class='ocrx_word' id='word_1_756' title='bbox 3290 4696 3489 4761; x_wconf 86' lang='lat' dir='ltr'><strong>ducta,</strong></span> <span class='ocrx_word' id='word_1_757' title='bbox 3523 4694 3622 4765; x_wconf 88' lang='lat' dir='ltr'><strong>qui</strong></span> <span class='ocrx_word' id='word_1_758' title='bbox 3655 4694 3774 4749; x_wconf 87' lang='lat' dir='ltr'><strong>ani-</strong></span> 
     </span>
    </p>
   </div>
   <div class='ocr_carea' id='block_1_83' title="bbox 2116 4783 3773 4857">
    <p class='ocr_par' dir='ltr' id='par_1_83' title="bbox 2116 4783 3773 4857">
     <span class='ocr_line' id='line_1_83' title="bbox 2116 4783 3773 4857; baseline -0.002 -16"><span class='ocrx_word' id='word_1_759' title='bbox 2116 4803 2208 4842; x_wconf 91' lang='lat' dir='ltr'><strong>mo</strong></span> <span class='ocrx_word' id='word_1_760' title='bbox 2242 4787 2405 4857; x_wconf 87' lang='lat' dir='ltr'><strong>prius</strong></span> <span class='ocrx_word' id='word_1_761' title='bbox 2437 4785 2594 4838; x_wconf 73' lang='lat' dir='ltr'><strong>affixi</strong></span> <span class='ocrx_word' id='word_1_762' title='bbox 2635 4784 2788 4840; x_wconf 90' lang='lat' dir='ltr'><strong>veris</strong></span> <span class='ocrx_word' id='word_1_763' title='bbox 2836 4783 3099 4854; x_wconf 90' lang='lat' dir='ltr'><strong>vivisque</strong></span> <span class='ocrx_word' id='word_1_764' title='bbox 3129 4783 3586 4852; x_wconf 87' lang='lat' dir='ltr'><strong>exemplaribus,</strong></span> <span class='ocrx_word' id='word_1_765' title='bbox 3634 4799 3773 4837; x_wconf 81' lang='lat' dir='ltr'><strong>suae</strong></span> 
     </span>
    </p>
   </div>
   <div class='ocr_carea' id='block_1_84' title="bbox 2115 4870 3771 4944">
    <p class='ocr_par' dir='ltr' id='par_1_84' title="bbox 2115 4870 3771 4944">
     <span class='ocr_line' id='line_1_84' title="bbox 2115 4870 3771 4944; baseline -0.004 -13"><span class='ocrx_word' id='word_1_766' title='bbox 2115 4875 2325 4931; x_wconf 88' lang='lat' dir='ltr'><strong>deinde</strong></span> <span class='ocrx_word' id='word_1_767' title='bbox 2358 4874 2658 4930; x_wconf 90' lang='lat' dir='ltr'><strong>delineant</strong></span> <span class='ocrx_word' id='word_1_768' title='bbox 2701 4876 2759 4928; x_wconf 89' lang='lat' dir='ltr'><strong>et</strong></span> <span class='ocrx_word' id='word_1_769' title='bbox 2811 4871 3063 4944; x_wconf 88' lang='lat' dir='ltr'><strong>pingunt</strong></span> <span class='ocrx_word' id='word_1_770' title='bbox 3111 4871 3400 4942; x_wconf 85' lang='lat' dir='ltr'><strong>imagines</strong></span> <span class='ocrx_word' id='word_1_771' title='bbox 3435 4888 3446 4925; x_wconf 92' lang='lat'>:</span> <span class='ocrx_word' id='word_1_772' title='bbox 3477 4870 3656 4942; x_wconf 91' lang='lat' dir='ltr'><strong>idque</strong></span> <span class='ocrx_word' id='word_1_773' title='bbox 3687 4870 3771 4937; x_wconf 84' lang='lat' dir='ltr'><strong>tit,</strong></span> 
     </span>
    </p>
   </div>
   <div class='ocr_carea' id='block_1_85' title="bbox 2117 4958 3774 5031">
    <p class='ocr_par' dir='ltr' id='par_1_85' title="bbox 2117 4958 3774 5031">
     <span class='ocr_line' id='line_1_85' title="bbox 2117 4958 3774 5031; baseline -0.004 -12"><span class='ocrx_word' id='word_1_774' title='bbox 2117 4981 2250 5020; x_wconf 91' lang='lat' dir='ltr'><strong>cum</strong></span> <span class='ocrx_word' id='word_1_775' title='bbox 2282 4964 2520 5017; x_wconf 90' lang='lat' dir='ltr'><strong>videant</strong></span> <span class='ocrx_word' id='word_1_776' title='bbox 2541 4960 2850 5017; x_wconf 77' lang='lat' dir='ltr'><strong>reconditae</strong></span> <span class='ocrx_word' id='word_1_777' title='bbox 2875 4961 3176 5031; x_wconf 67' lang='lat' dir='ltr'><strong>sapientiae</strong></span> <span class='ocrx_word' id='word_1_778' title='bbox 3205 4966 3423 5030; x_wconf 89' lang='lat' dir='ltr'><strong>patres,</strong></span> <span class='ocrx_word' id='word_1_779' title='bbox 3459 4958 3774 5029; x_wconf 90' lang='lat' dir='ltr'><strong>prophetas</strong></span> 
     </span>
    </p>
   </div>
   <div class='ocr_carea' id='block_1_86' title="bbox 2114 5048 3778 5123">
    <p class='ocr_par' dir='ltr' id='par_1_86' title="bbox 2114 5048 3778 5123">
     <span class='ocr_line' id='line_1_86' title="bbox 2114 5048 3778 5123; baseline -0.003 -16"><span class='ocrx_word' id='word_1_780' title='bbox 2114 5054 2406 5116; x_wconf 87' lang='lat' dir='ltr'><strong>videlicet,</strong></span> <span class='ocrx_word' id='word_1_781' title='bbox 2437 5069 2538 5123; x_wconf 91' lang='lat' dir='ltr'><strong>per</strong></span> <span class='ocrx_word' id='word_1_782' title='bbox 2562 5052 2827 5123; x_wconf 65' lang='lat' dir='ltr'><strong>quaedam</strong></span> <span class='ocrx_word' id='word_1_783' title='bbox 2851 5048 3189 5121; x_wconf 69' lang='lat' dir='ltr'><strong>periculosae</strong></span> <span class='ocrx_word' id='word_1_784' title='bbox 3215 5049 3480 5103; x_wconf 90' lang='lat' dir='ltr'><strong>lectionis</strong></span> <span class='ocrx_word' id='word_1_785' title='bbox 3502 5048 3778 5118; x_wconf 60' lang='lat' dir='ltr'><strong>aenigma-</strong></span> 
     </span>
    </p>
   </div>
   <div class='ocr_carea' id='block_1_87' title="bbox 2116 5137 3778 5214">
    <p class='ocr_par' dir='ltr' id='par_1_87' title="bbox 2116 5137 3778 5214">
     <span class='ocr_line' id='line_1_87' title="bbox 2116 5137 3778 5214; baseline -0.004 -16"><span class='ocrx_word' id='word_1_786' title='bbox 2116 5147 2177 5198; x_wconf 87' lang='lat' dir='ltr'><strong>ta</strong></span> <span class='ocrx_word' id='word_1_787' title='bbox 2209 5142 2430 5214; x_wconf 90' lang='lat' dir='ltr'><strong>speculi</strong></span> <span class='ocrx_word' id='word_1_788' title='bbox 2463 5141 2587 5196; x_wconf 91' lang='lat' dir='ltr'><strong>vice</strong></span> <span class='ocrx_word' id='word_1_789' title='bbox 2618 5141 2808 5211; x_wconf 89' lang='lat' dir='ltr'><strong>ipsam</strong></span> <span class='ocrx_word' id='word_1_790' title='bbox 2841 5139 3236 5210; x_wconf 83' lang='lat' dir='ltr'><strong>exprimentes</strong></span> <span class='ocrx_word' id='word_1_791' title='bbox 3266 5138 3591 5193; x_wconf 86' lang='lat' dir='ltr'><strong>veritatem.</strong></span> <span class='ocrx_word' id='word_1_792' title='bbox 3618 5137 3778 5192; x_wconf 88' lang='lat' dir='ltr'><strong>Hanc</strong></span> 
     </span>
    </p>
   </div>
   <div class='ocr_carea' id='block_1_88' title="bbox 2119 5227 3779 5302">
    <p class='ocr_par' dir='ltr' id='par_1_88' title="bbox 2119 5227 3779 5302">
     <span class='ocr_line' id='line_1_88' title="bbox 2119 5227 3779 5302; baseline -0.005 -14"><span class='ocrx_word' id='word_1_793' title='bbox 2119 5234 2193 5288; x_wconf 92' lang='lat' dir='ltr'><strong>ob</strong></span> <span class='ocrx_word' id='word_1_794' title='bbox 2226 5248 2345 5286; x_wconf 88' lang='lat' dir='ltr'><strong>rem</strong></span> <span class='ocrx_word' id='word_1_795' title='bbox 2384 5230 2642 5302; x_wconf 75' lang='lat' dir='ltr'><strong>plerique</strong></span> <span class='ocrx_word' id='word_1_796' title='bbox 2687 5229 2991 5282; x_wconf 86' lang='lat' dir='ltr'><strong>hominum</strong></span> <span class='ocrx_word' id='word_1_797' title='bbox 3048 5227 3188 5281; x_wconf 88' lang='lat' dir='ltr'><strong>talia</strong></span> <span class='ocrx_word' id='word_1_798' title='bbox 3218 5233 3460 5282; x_wconf 89' lang='lat' dir='ltr'><strong>censent</strong></span> <span class='ocrx_word' id='word_1_799' title='bbox 3492 5232 3779 5298; x_wconf 67' lang='lat' dir='ltr'><strong>suspectae</strong></span> 
     </span>
    </p>
   </div>
   <div class='ocr_carea' id='block_1_89' title="bbox 2119 5317 3779 5390">
    <p class='ocr_par' dir='ltr' id='par_1_89' title="bbox 2119 5317 3779 5390">
     <span class='ocr_line' id='line_1_89' title="bbox 2119 5317 3779 5390; baseline -0.004 -13"><span class='ocrx_word' id='word_1_800' title='bbox 2119 5338 2244 5378; x_wconf 86' lang='lat' dir='ltr'><strong>esse</strong></span> <span class='ocrx_word' id='word_1_801' title='bbox 2280 5322 2434 5390; x_wconf 76' lang='lat' dir='ltr'><strong>fidei,</strong></span> <span class='ocrx_word' id='word_1_802' title='bbox 2469 5338 2574 5376; x_wconf 89' lang='lat' dir='ltr'><strong>nec</strong></span> <span class='ocrx_word' id='word_1_803' title='bbox 2607 5322 2874 5387; x_wconf 83' lang='lat' dir='ltr'><strong>credunt,</strong></span> <span class='ocrx_word' id='word_1_804' title='bbox 2909 5319 2978 5371; x_wconf 82' lang='lat' dir='ltr'><strong>ad</strong></span> <span class='ocrx_word' id='word_1_805' title='bbox 3013 5322 3249 5372; x_wconf 80' lang='lat' dir='ltr'><strong>externa</strong></span> <span class='ocrx_word' id='word_1_806' title='bbox 3270 5317 3560 5385; x_wconf 83' lang='lat' dir='ltr'><strong>ejusmodi</strong></span> <span class='ocrx_word' id='word_1_807' title='bbox 3588 5317 3779 5372; x_wconf 89' lang='lat' dir='ltr'><strong>nomi-</strong></span> 
     </span>
    </p>
   </div>
   <div class='ocr_carea' id='block_1_90' title="bbox 2119 5405 3781 5470">
    <p class='ocr_par' dir='ltr' id='par_1_90' title="bbox 2119 5405 3781 5470">
     <span class='ocr_line' id='line_1_90' title="bbox 2119 5405 3781 5470; baseline -0.004 -4"><span class='ocrx_word' id='word_1_808' title='bbox 2119 5428 2261 5466; x_wconf 91' lang='lat' dir='ltr'><strong>num</strong></span> <span class='ocrx_word' id='word_1_809' title='bbox 2296 5409 2596 5464; x_wconf 88' lang='lat' dir='ltr'><strong>involucra</strong></span> <span class='ocrx_word' id='word_1_810' title='bbox 2619 5407 2821 5462; x_wconf 86' lang='lat' dir='ltr'><strong>attenti</strong></span> <span class='ocrx_word' id='word_1_811' title='bbox 2848 5405 3061 5461; x_wconf 82' lang='lat' dir='ltr'><strong>sulcm.</strong></span> <span class='ocrx_word' id='word_1_812' title='bbox 3090 5405 3338 5460; x_wconf 87' lang='lat' dir='ltr'><strong>Proinde</strong></span> <span class='ocrx_word' id='word_1_813' title='bbox 3373 5422 3500 5470; x_wconf 90' lang='lat' dir='ltr'><strong>nos,</strong></span> <span class='ocrx_word' id='word_1_814' title='bbox 3535 5405 3582 5460; x_wconf 92' lang='lat' dir='ltr'><strong>si</strong></span> <span class='ocrx_word' id='word_1_815' title='bbox 3608 5407 3781 5460; x_wconf 91' lang='lat' dir='ltr'><strong>modo</strong></span> 
     </span>
    </p>
   </div>
   <div class='ocr_carea' id='block_1_91' title="bbox 2121 5493 3783 5570">
    <p class='ocr_par' dir='ltr' id='par_1_91' title="bbox 2121 5493 3783 5570">
     <span class='ocr_line' id='line_1_91' title="bbox 2121 5493 3783 5570; baseline -0.005 -14"><span class='ocrx_word' id='word_1_816' title='bbox 2121 5518 2215 5556; x_wconf 90' lang='lat' dir='ltr'><strong>res</strong></span> <span class='ocrx_word' id='word_1_817' title='bbox 2271 5498 2562 5570; x_wconf 87' lang='lat' dir='ltr'><strong>ejusmodi</strong></span> <span class='ocrx_word' id='word_1_818' title='bbox 2624 5497 2812 5552; x_wconf 85' lang='lat' dir='ltr'><strong>nudas</strong></span> <span class='ocrx_word' id='word_1_819' title='bbox 2869 5493 3428 5565; x_wconf 86' lang='lat' dir='ltr'><strong>contemplabimur,</strong></span> <span class='ocrx_word' id='word_1_820' title='bbox 3498 5494 3783 5565; x_wconf 84' lang='lat' dir='ltr'><strong>religione</strong></span> 
     </span>
    </p>
   </div>
   <div class='ocr_carea' id='block_1_92' title="bbox 2121 5584 3782 5652">
    <p class='ocr_par' dir='ltr' id='par_1_92' title="bbox 2121 5584 3782 5652">
     <span class='ocr_line' id='line_1_92' title="bbox 2121 5584 3782 5652; baseline -0.005 -7"><span class='ocrx_word' id='word_1_821' title='bbox 2121 5589 2309 5644; x_wconf 90' lang='lat' dir='ltr'><strong>multa</strong></span> <span class='ocrx_word' id='word_1_822' title='bbox 2360 5587 2758 5643; x_wconf 89' lang='lat' dir='ltr'><strong>reverebimur</strong></span> <span class='ocrx_word' id='word_1_823' title='bbox 2809 5589 3248 5640; x_wconf 87' lang='lat' dir='ltr'><strong>sacrosanctam</strong></span> <span class='ocrx_word' id='word_1_824' title='bbox 3301 5584 3782 5652; x_wconf 89' lang='lat' dir='ltr'><strong>adorandamque</strong></span> 
     </span>
    </p>
   </div>
   <div class='ocr_carea' id='block_1_93' title="bbox 2119 5670 3783 5746">
    <p class='ocr_par' dir='ltr' id='par_1_93' title="bbox 2119 5670 3783 5746">
     <span class='ocr_line' id='line_1_93' title="bbox 2119 5670 3783 5746; baseline -0.007 -11"><span class='ocrx_word' id='word_1_825' title='bbox 2119 5679 2487 5746; x_wconf 88' lang='lat' dir='ltr'><strong>Trinitatem,</strong></span> <span class='ocrx_word' id='word_1_826' title='bbox 2517 5675 2645 5732; x_wconf 73' lang='lat' dir='ltr'><strong>vitae</strong></span> <span class='ocrx_word' id='word_1_827' title='bbox 2689 5674 2871 5731; x_wconf 89' lang='lat' dir='ltr'><strong>totius</strong></span> <span class='ocrx_word' id='word_1_828' title='bbox 2919 5674 3140 5730; x_wconf 84' lang='lat' dir='ltr'><strong>fontem</strong></span> <span class='ocrx_word' id='word_1_829' title='bbox 3177 5689 3190 5728; x_wconf 89' lang='lat'><strong>:</strong></span> <span class='ocrx_word' id='word_1_830' title='bbox 3225 5672 3514 5744; x_wconf 90' lang='lat' dir='ltr'><strong>siquidem</strong></span> <span class='ocrx_word' id='word_1_831' title='bbox 3541 5671 3598 5726; x_wconf 90' lang='lat' dir='ltr'><strong>in</strong></span> <span class='ocrx_word' id='word_1_832' title='bbox 3632 5670 3783 5742; x_wconf 84' lang='lat' dir='ltr'><strong>seip-</strong></span> 
     </span>
    </p>
   </div>
   <div class='ocr_carea' id='block_1_94' title="bbox 2038 5725 3782 5836">
    <p class='ocr_par' dir='ltr' id='par_1_94' title="bbox 2038 5725 3782 5836">
     <span class='ocr_line' id='line_1_94' title="bbox 2038 5725 3782 5836; baseline -0.008 -9"><span class='ocrx_word' id='word_1_833' title='bbox 2038 5725 2084 5800; x_wconf 71' lang='lat' dir='ltr'>c</span> <span class='ocrx_word' id='word_1_834' title='bbox 2123 5725 2502 5836; x_wconf 46' lang='grc' dir='ltr'><strong>ἐάέἱῶᾘῖ,</strong></span> <span class='ocrx_word' id='word_1_835' title='bbox 2530 5725 2641 5820; x_wconf 59' lang='grc' dir='ltr'><strong>’ἐξ</strong></span> <span class='ocrx_word' id='word_1_836' title='bbox 2675 5725 3446 5835; x_wconf 48' lang='lat' dir='ltr'><strong>sagino&quot;signasse</strong></span> <span class='ocrx_word' id='word_1_837' title='bbox 3461 5725 3782 5818; x_wconf 52' lang='lat' dir='ltr'><strong>lubnter</strong></span> 
     </span>
    </p>
   </div>
  </div>
