4108 6386
333 415 439 469 483

1150 419 1520 476 ΔΡΡΒΝΒΙΧ
1557 417 1654 470 AD
1689 415 1931 470 OPERA
1966 415 2026 467 S.
2067 413 2385 470 DIONYSII
2427 416 2928 474 AREOPOGITE.

3655 417 3762 472 484

332 556 676 610 permanere
703 539 1123 612 intelligemus.
1180 540 1322 595 llinc
1351 542 1506 596 enim
1553 540 1747 611 ipsum
1791 535 1986 609 ὁμοόυ-

2107 556 2164 590 σι
2196 554 2209 568 ο
2271 537 2360 592 καὶ
2439 536 2606 613 λόγον
2693 539 2998 614 χεόμενον·
3064 538 3416 613 Ἐξηρεύξατο
3471 541 3506 610 ἡ
3565 537 3764 616 καρδία

331 649 444 680 σιον
477 631 932 691 demonstratur,
969 645 1071 698 par
1101 628 1381 683 nimirum
1413 629 1734 698 eademque
1765 625 1824 680 in
1861 624 1990 680 Tri-

332 718 511 773 nitate
541 718 873 773 substantia
895 734 906 772 :
928 723 983 772 et
1016 717 1153 789 quia
1172 715 1374 774 Unitas
1406 716 1464 772 in
1486 716 1830 770 Trinitatem
1855 731 1994 786 pro-

329 804 602 879 grediens
637 808 706 862 ad
757 807 947 878 ipsam
1001 823 1190 877 usque
1223 806 1474 872 sistitur,
1518 808 1689 874 juxta
1723 804 1992 859 assertio-

332 913 466 950 nem
501 897 701 951 eximii
725 895 886 950 illius
914 894 1165 966 theologi
1187 894 1470 966 Gregorii.
1501 894 1642 948 Rem
1671 893 1852 965 igitur
1876 909 1992 947 non

328 985 665 1040 indecorum
689 986 943 1040 facturos
957 1001 1064 1038 nos
1077 1000 1207 1038 esse
1225 1000 1297 1054 pu
1310 983 1418 1038 tavi
1431 982 1638 1050 mus,si
1659 981 1770 1050 ipsi
1787 983 1990 1036 sancto

331 1090 445 1144 que
476 1074 806 1139 Timotheo,
850 1073 1191 1142 ceterisque
1242 1073 1528 1126 rationem
1563 1070 1992 1141 explicaremus

326 1161 504 1219 istius
537 1162 905 1233 ﬁgurationis
928 1161 1275 1233 symbolice.
1303 1161 1491 1230 Hujus
1519 1159 1674 1214 enim
1701 1158 1880 1213 unius
1907 1157 1991 1213 rei

328 1253 516 1323 gratia
547 1269 695 1323 opus
726 1251 838 1322 ipsi
867 1251 1275 1322 compegimus
1321 1249 1651 1321 Symbolicae
1681 1246 1990 1317 theologiae.

326 1342 462 1405 Qua:
493 1341 646 1396 enim
683 1341 810 1396 sine
839 1339 940 1394 tali
965 1356 1133 1394 sacra
1164 1339 1418 1407 ﬁctione,
1442 1354 1573 1410 quae
1594 1337 1652 1392 in
1676 1337 1994 1408 Symbolica

327 1430 605 1500 theologia
649 1428 996 1498 explicatur,
1029 1428 1366 1498 capiuntur,
1414 1430 1656 1495 quanta,
1692 1441 1993 1496 quamque

327 1518 516 1573 multa
545 1518 939 1589 prodigiorum
988 1516 1176 1571 instar
1223 1515 1572 1588 indignitate
1607 1515 1778 1586 plena
1808 1513 1985 1569 sunt!

327 1612 401 1662 Ut
430 1624 563 1662 cum
595 1607 940 1661 inaudimus
970 1611 1237 1661 ventrem
1270 1605 1370 1659 Dei
1398 1623 1410 1660 :
1437 1607 1520 1660 Ex
1552 1608 1701 1659 utero
1732 1612 1857 1659 ante
1879 1604 1988 1657 Lu-

321 1696 561 1766 ciferum
590 1697 767 1768 genui
793 1699 843 1749 te
875 1700 964 1763 (υ).
999 1694 1258 1748 Verbum
1285 1694 1536 1748 effusum
1563 1711 1574 1748 :
1597 1695 1880 1768 Eructavit
1900 1709 1992 1746 cor

321 1803 503 1842 meum
532 1767 756 1841 verbum
783 1786 983 1838 bonum
1013 1784 1116 1856 (ac).
1151 1783 1436 1853 Spiritum
1469 1767 1610 1838 item
1644 1801 1656 1836 :
1691 1784 1754 1836 Et
1781 1783 1991 1852 spiritu

320 1878 434 1930 oris
463 1875 580 1945 ejus
603 1874 699 1946 (ῃ).
733 1874 845 1928 Jan
877 1872 1045 1929 sinus
1101 1871 1333 1927 inducit
1369 1871 1643 1927 Dei275
1669 1869 1986 1943 genitoris;

325 1969 390 2019 ut
411 1981 422 2018 :
445 1965 552 2032 Qui
579 1972 657 2019 est
688 1964 749 2018 in
765 1964 897 2017 sinu
915 1960 1106 2017 Patris
1125 1961 1220 2032 (πο).
1247 1961 1310 2014 Et
1336 1961 1574 2016 arbores
1598 1960 1907 2031 quasdam,
1926 1964 1989 2014 ut

322 2060 412 2109 est
445 2071 459 2108 :
499 2055 729 2120 Lignum
762 2053 893 2108 vitae
925 2052 1021 2123 (a).
1058 2052 1127 2105 Et
1157 2049 1429 2121 virgulta,
1463 2055 1529 2104 ut
1566 2048 1709 2103 illud
1745 2054 1835 2103 est
1867 2068 1880 2102 :
1918 2050 1990 2102 De

321 2143 580 2212 virgulto,
631 2141 716 2211 ﬁli
764 2142 866 2208 mi,
914 2139 1233 2195 ascondisti.
1287 2143 1356 2193 Et
1405 2138 1549 2193 illud
1588 2154 1602 2193 :
1645 2139 1888 2195 Florebit
1935 2141 1990 2193 et

321 2230 846 2303 germinabitlacob
876 2229 976 2300 (b),
1025 2246 1128 2299 pro
1177 2227 1412 2284 Christo
1458 2233 1786 2298 acceptum,
1819 2227 1990 2295 cujus

322 2322 550 2375 fructus
583 2318 770 2373 salute
821 2318 1085 2389 implevit
1133 2322 1376 2372 terram.
1433 2317 1500 2370 Et
1551 2317 1796 2382 radices,
1832 2321 1896 2370 ut
1926 2315 1990 2370 il-

322 2409 424 2465 lud
457 2427 470 2464 :
507 2408 689 2464 Radix
715 2409 928 2477 tua(c).
960 2408 1170 2462 Fontes
1191 2408 1327 2460 item
1359 2422 1647 2477 aquarum
1675 2421 1688 2460 :
1716 2405 1990 2472 Quoniam

319 2498 468 2570 apud
498 2508 550 2553 te
579 2506 654 2552 est
683 2501 808 2568 fons
841 2498 969 2552 vitae
999 2496 1099 2566 (ά),
1125 2501 1216 2550 et:
1246 2497 1322 2549 Me
1343 2494 1763 2564 dereliquerunt
1783 2496 1988 2563 fontem

321 2602 484 2657 aquae
513 2587 748 2642 viventis
767 2586 936 2655 (e).Et
958 2600 1324 2656 quaecunque
1344 2583 1459 2638 alia
1485 2584 1685 2637 formae
1712 2581 1990 2638 consimi-

322 2675 418 2731 lis.
451 2676 681 2730 Rursus
715 2674 1018 2746 lucigenas
1051 2673 1226 2727 infert
1256 2672 1637 2743 splendorum
1670 2671 1990 2743 generatio-

321 2781 461 2831 nes;
497 2769 562 2819 ut
591 2781 603 2818 :
633 2766 743 2833 Qui
770 2780 895 2818 cum
929 2764 1000 2818 sit
1031 2761 1284 2832 splendor
1320 2760 1510 2832 gloria
1544 2762 1633 2832 (Γ),
1668 2766 1723 2816 et
1752 2777 1764 2814 :
1805 2762 1988 2814 Domi-

320 2871 411 2920 ne,
444 2856 506 2908 in
541 2854 753 2908 lumine
781 2851 974 2907 vultus
1023 2854 1108 2906 tui
1137 2851 1504 2906 ambulabunt
1551 2851 1648 2920 (g),
1701 2855 1758 2905 et
1793 2850 1880 2903 his
1913 2850 1990 2903 si-

321 2941 502 3007 milia,
540 2941 657 2997 sive
687 2941 862 2996 etiam
900 2940 1212 3012 plerasque
1244 2939 1390 2994 alias
1421 2956 1618 2994 sacras
1650 2938 1990 3010 descriptio.

323 3047 426 3086 nes
459 3031 843 3085 declarativas
878 3046 1091 3085 sensus
1118 3029 1370 3100 mystici,
1394 3029 1740 3098 desumptas
1764 3027 1822 3081 in
1846 3027 1992 3080 mul.

324 3119 512 3190 tiplici
566 3120 663 3174 Dei
716 3118 1099 3191 providentia,
1149 3123 1214 3172 ut
1262 3117 1456 3172 illud:
1492 3117 1692 3187 Aquila
1740 3121 1996 3188 proteget

323 3210 528 3266 nidum
576 3225 761 3264 suum.
817 3209 876 3264 In
927 3209 1096 3262 donis
1149 3208 1330 3276 item;
1384 3213 1449 3262 ut
1480 3206 1622 3262 illud
1662 3223 1673 3262 :
1709 3207 1900 3278 Araris
1932 3211 1993 3261 tu
2101 3213 2269 3269 πάλιν
2304 3232 2317 3246 ·

2021 1909 2068 1973 Β
2101 1881 2235 1931 Θεοῦ
2293 1881 2565 1948 προνοιῶν
2602 1894 2616 1908 ·

2107 647 2210 699 μου
2270 626 2436 700 λόγον
2489 626 2682 704 ἀγαθόν
2716 649 2729 661 ο
2765 630 2852 683 καὶ
2912 632 3128 701 πνεῦμα
3162 648 3177 666 ⁸
3218 630 3322 686 Καὶ
3378 633 3457 700 τῷ
3487 629 3756 702 πνεύματι

2100 713 2197 769 τοῦ
2251 715 2519 788 στόματος
2570 717 2734 772 αὐτοῦ
2763 736 2775 748 ·
2829 717 2917 771 καὶ
2966 715 3210 779 κόλπους
3271 718 3618 792 θεογονικούς
3652 739 3662 752 ·
3698 721 3760 776 Ὁ

2103 803 2176 858 ὣν
2211 804 2287 868 εἲς
2331 805 2424 859 τὸν
2454 805 2662 860 κόλπον
2721 810 2818 860 τοῦ
2884 808 3091 882 Πατρός
3127 828 3138 841 ⁸
3190 806 3280 861 καὶ
3339 805 3531 882 δένδρα
3585 809 3708 862 τινά
3743 827 3757 841 ·

2101 896 2172 948 Τὸ
2201 893 2359 964 ξύλον
2410 903 2509 965 τῆς
2542 900 2686 965 ζωῆς
2722 914 2735 927 ⁸
2769 895 2858 951 καὶ
2910 894 3201 965 βλαστοὺς,
3237 897 3312 959 ὡς
3364 897 3447 968 τὸ,
3482 898 3576 953 Ἐκ
3625 896 3762 971 βλα-

2105 987 2254 1050 στοῦ,
2289 983 2376 1037 Υἱὲ
2428 1005 2560 1057 μου,
2612 979 2813 1055 ἀνέϐης
2849 1003 2861 1016 ⁸
2899 984 2989 1039 καὶ
3048 986 3132 1052 τὸ,
3169 986 3424 1056 Ἀνθήσει
3473 985 3563 1040 καὶ
3627 985 3764 1060 βλα-

2104 1074 2288 1141 στήσει
2351 1068 2564 1142 Ἰακὼϐ,
2623 1073 2710 1128 ἐπὶ
2769 1076 3004 1148 Χριστοῦ
3079 1072 3308 1150 ληφθὲν,
3361 1074 3422 1128 οὗ
3462 1075 3490 1129 6
3546 1075 3756 1149 καρπὸς

2102 1167 2202 1229 τῆς
2236 1161 2506 1237 σωτηρίας
2538 1161 2832 1236 ἐπλήρωσε
2861 1163 2961 1232 τὴν
2993 1169 3095 1239 γῆν
3133 1183 3143 1195 ·
3181 1163 3268 1218 καὶ
3333 1161 3508 1238 ῥίζας,
3541 1164 3614 1224 ὡς
3671 1163 3760 1232 τὸ,

2105 1251 2200 1305 Καὶ
2259 1252 2321 1305 τὸ
2381 1251 2601 1326 ῥίζωμά
2661 1271 2795 1306 σου·
2831 1251 2921 1306 καὶ
2969 1253 3148 1327 πηγὰς
3183 1249 3413 1322 ὑδάτων,
3444 1254 3567 1309 ’Ὀτι
3614 1252 3770 1326 παρά

2103 1338 2188 1393 σοὶ
2247 1342 2397 1414 πηγὴ
2472 1344 2658 1409 ζωῆς·
2722 1340 2859 1395 καί·
2919 1341 3057 1412 Ἐμὲ
3141 1338 3496 1415 ἐγκατέλιπον
3576 1341 3766 1415 πηγὴν

2101 1426 2293 1490 ὕδατος
2354 1433 2580 1500 ζῶντος,
2636 1431 2722 1484 καὶ
2799 1430 2897 1484 ὅσα
2947 1433 3177 1484 τοιαῦτα
3211 1448 3223 1460 ·
3276 1429 3366 1483 καὶ
3422 1427 3768 1507 φωτογονίας

2101 1517 2537 1592 ἀπαυγασμάτων
2574 1536 2586 1549 °
2645 1520 2742 1580 ’Ὁς
2829 1516 2901 1571 ὣν
2987 1517 3322 1592 ἀπαύγασμα
3391 1524 3492 1586 τῆς
3550 1515 3712 1588 δόξης
3745 1535 3760 1548 ⁶

2101 1606 2189 1661 καὶ
2241 1606 2420 1680 Κύριε,
2481 1605 2533 1661 ἐν
2573 1611 2650 1678 τῷ
2707 1606 2846 1684 φωτὶ
2897 1604 2994 1661 τοῦ
3051 1606 3350 1676 προσώπου
3410 1627 3505 1661 σου
3554 1605 3758 1680 πορεύ-

2101 1717 2305 1764 σονται,
2340 1694 2428 1749 καὶ
2477 1696 2544 1750 τὰ
2599 1693 2979 1770 παραπλήσια,
3013 1697 3047 1764 ἢ
3101 1694 3274 1757 ἄλλας
3322 1695 3473 1758 τινάς
3517 1693 3760 1766 δηλωτι-

2098 1784 2194 1846 na;
2224 1785 2574 1861 ἱερογραφίας
2606 1780 3026 1858 λαμϐανομένας
3052 1784 3138 1838 ἐπὶ
3185 1789 3293 1839 τῶν
3339 1783 3608 1840 ποικίλων
3660 1788 3762 1841 τοῦ

2679 1877 2752 1939 ὡς
2810 1877 2893 1946 τὸ,
2955 1877 3142 1938 Ἃετὸς
3195 1877 3446 1931 σκεπάσει
3505 1876 3758 1932 νεοσσιὰν

2101 1966 2290 2020 ἑαυτοῦ
2326 1987 2338 2000 ·
2371 1963 2588 2040 δωρεῶν
2633 1962 2711 2034 δὲ,
2745 1967 2820 2028 ὡς
2879 1966 2964 2032 τὸ,
2999 1965 3262 2040 Ἀνοίγεις
3324 1965 3386 2019 σὺ
3442 1966 3542 2035 τὴν
3597 1964 3762 2042 χεῖρά

2098 2075 2192 2108 σου
2229 2075 2239 2086 ·
2293 2055 2616 2132 ἐκφάνσεων,
2670 2053 2759 2109 διά
2811 2055 2874 2109 τὸ
2932 2054 2984 2109 ἰν
3043 2057 3294 2129 σχήματι
3343 2055 3635 2131 ἀνθρώπου
3695 2055 3758 2109 ὀ-

2099 2145 2297 2220 φθῆναι
2330 2145 2442 2215 (14)
2469 2148 2587 2206 τοῖς
2613 2142 2664 2196 ἐν
2703 2147 2771 2216 τῇ
2807 2142 3020 2214 Παλαιᾷ
3052 2143 3227 2218 ἁγίοις
3259 2162 3272 2175 ·
3327 2141 3628 2217 δυνάμεων,
3661 2145 3759 2216 ὡς,

2103 2236 2319 2304 Πνεῦμα
2351 2229 2592 2286 διασεῖον
2627 2228 2726 2307 ὄρη
2766 2251 2776 2263 ·
2835 2230 3148 2302 ἰδιοτήτων,
3182 2233 3256 2295 ὠς
3291 2231 3502 2306 ἀδάμας
3559 2231 3646 2288 διά
3695 2233 3762 2289 τὸ

2099 2322 2299 2382 ἀπαθὲς
2329 2324 2428 2384 τῆς
2463 2324 2720 2390 θεότητος
2750 2340 2761 2352 ’
2799 2318 2937 2376 ἴδιον
2969 2321 3069 2396 γὰρ
3101 2325 3265 2376 τοῦτο
3311 2328 3410 2389 τῆς
3455 2321 3600 2385 θείας
3654 2321 3756 2400 φύ-

2099 2431 2254 2471 σεως.
2291 2411 2358 2466 Αἱ
2389 2407 2446 2464 δὲ
2477 2409 2659 2480 λήξεις
2708 2411 2797 2464 καὶ
2829 2410 2885 2464 αἱ
2923 2409 3082 2482 μοναὶ
3113 2411 3176 2466 τὸ
3206 2417 3304 2480 τῆς
3336 2411 3482 2472 θείας
3545 2411 3759 2488 φύσεως

2101 2500 2486 2570 ἆμετάστατον;
2520 2495 2608 2551 διὰ
2637 2501 2744 2552 τῶν
2795 2496 3208 2570 θεμελιωτικῶν
3247 2496 3619 2568 ὑποδηλοῦται
3669 2497 3758 2554 λί-

2100 2599 2226 2652 θων.
2262 2584 2522 2663 Προόδων
2557 2584 2632 2652 δὲ,
2670 2588 2752 2641 δτι
2802 2589 2837 2656 ἡ
2869 2587 2976 2641 τῶν
3029 2591 3270 2665 φυσικῶν
3320 2587 3484 2643 αὐτοῦ
3537 2589 3757 2663 ἀγαθῶν

2104 2674 2389 2750 μετάδοσις
2419 2680 2486 2750 τῇ
2516 2680 2612 2730 τοῦ
2642 2675 2828 2749 κρίνου
2883 2675 3113 2749 εὐοσμίᾳ
3161 2673 3448 2746 δηλοῦται,
3479 2675 3613 2741 καθὸ
3664 2675 3760 2732 λέ-

2099 2787 2273 2842 γεται,
2331 2765 2526 2840 Κρίνον
2601 2770 2709 2820 τῶν
2769 2763 3067 2820 κοιλάδων.
3127 2765 3196 2820 Αἱ
3247 2765 3465 2827 ἒνώσεις
3516 2763 3606 2820 διὰ
3659 2770 3762 2821 τοῦ

2099 2855 2418 2929 κασσιτέρου
2446 2851 2601 2917 λίθου
2635 2872 2647 2884 ⁶
2681 2854 2772 2908 καὶ
2807 2851 2897 2908 διὰ
2949 2857 3046 2907 τοῦ
3099 2853 3271 2928 πυρὸς
3327 2855 3381 2907 αἱ
3437 2851 3756 2930 διακρίσεις.

2102 2945 2206 3026 Καὶ.
2253 2950 2358 3000 ποῦ
2411 2944 2506 3016 μὲν
2561 2941 2757 3017 ἀνδρὸς
2805 2950 3025 3018 σχῆμα,
3055 2942 3130 3007 ὠς
3154 2945 3303 3018 παρά
3359 2948 3439 3016 τῷ
3497 2945 3705 3016 Δανιήλ
3741 2965 3754 2978 ·

2102 3037 2200 3092 Καὶ
2259 3038 2286 3090 6
2345 3035 2584 3096 Παλαιὸς
2641 3039 2749 3088 τῶν
2808 3036 3033 3110 ἡμερῶν
3069 3033 3340 3106 ἰκάθητο·
3374 3039 3480 3090 ποῦ
3538 3033 3596 3090 δὲ
3655 3049 3762 3107 θη-

2105 3125 2422 3202 ρίων,κατά
2475 3125 2558 3196 τὸ,
2591 3124 2896 3180 Ἀναπεσὼν
2958 3123 3034 3184 ὠς
3093 3123 3234 3179 λέων
3292 3122 3563 3198 ἐκοιμήθη
3601 3146 3613 3158 ·
3667 3127 3759 3181 καὶ

2379 3213 2468 3274 Ὧς
2539 3209 2812 3286 πάρδαλις
2871 3211 3221 3286 ἀπορουμένη
3281 3214 3417 3268 κατά
3469 3217 3568 3274 τῆν
3632 3212 3756 3270 ὁδὸν

323 3315 549 3353 manum
583 3308 737 3352 tuam
768 3299 866 3368 (h).
892 3297 971 3351 De
991 3297 1478 3367 apparitionibus,
1504 3301 1811 3367 propterea
1829 3296 1984 3366 quod

2099 3301 2418 3376 Ἀσσυρίων.
2454 3305 2563 3355 Ποῦ
2589 3278 2646 3355 δὲ
2702 3298 2888 3355 ἄλλων
2940 3278 3118 3369 ζώων,
3153 3278 3228 3363 ὠς
3258 3302 3341 3373 τὸ,
3374 3303 3518 3377 Ἐγὼ
3551 3299 3608 3357 δέ
3640 3302 3757 3376 εἶμι

325 3405 387 3442 se
417 3388 748 3442 exhibuerit
778 3387 836 3440 in
883 3387 1072 3441 forma
1102 3385 1360 3440 hominis
1393 3385 1778 3457 conspicuum
1812 3384 1983 3441 Vete-

323 3477 403 3534 ris
432 3476 788 3531 Testamenti
832 3475 1073 3530 sanctis.
1127 3475 1188 3530 In
1221 3475 1563 3543 virtutibus,
1598 3479 1662 3529 ut
1695 3492 1706 3530 :
1746 3474 1985 3546 Spiritus

321 3565 637 3622 concutiens
663 3574 874 3620 montes
911 3567 992 3633 (ἰ).
1031 3567 1089 3620 In
1145 3564 1601 3635 proprietatibus
1635 3579 1887 3634 quoque,
1921 3568 1986 3618 ut

322 3672 455 3710 cum
489 3656 725 3710 adamas
757 3653 976 3708 dicitur
1009 3670 1022 3709 :
1058 3653 1211 3722 quod
1258 3651 1404 3706 nulli
1440 3652 1517 3706 sit
1545 3651 1776 3707 Numen
1807 3653 1985 3708 obno-

321 3743 484 3798 xium
518 3741 796 3813 passioni.
832 3742 949 3796 Hoc
976 3742 1131 3796 enim
1186 3740 1562 3811 peculiariter
1593 3741 1869 3812 competit
1901 3741 1985 3795 di-

321 3833 465 3887 vinae
497 3831 581 3886 illi
615 3836 856 3886 naturae.
886 3831 1135 3886 Proinde
1162 3829 1399 3885 termini
1423 3833 1598 3900 atque
1620 3830 1981 3900 mansiones,

320 3923 472 3993 quod
508 3926 565 3976 et
612 3920 820 3975 divinae
868 3920 1042 3974 istius
1096 3924 1320 3973 natura:
1371 3918 1765 3973 immutabilis
1794 3924 1986 3976 status

318 4010 496 4065 tacite
530 4009 867 4063 insinuetur
899 4024 1002 4078 per
1051 4007 1345 4077 ejusmodi
1396 4007 1640 4078 lapides,
1676 4007 1776 4078 qui
1809 4009 1983 4063 subs-

318 4103 636 4153 ternuntur
678 4095 971 4168 jaciendis
1021 4095 1421 4150 fundamentis
1459 4112 1470 4148 :
1506 4097 1564 4150 in
1602 4098 1987 4168 processioni_

320 4187 431 4242 bus
465 4188 628 4252 item,
663 4185 942 4256 quoniam
978 4201 1079 4255 per
1099 4185 1246 4238 hanc
1279 4183 1708 4240 suaveolentem
1747 4185 1853 4241 lilii
1879 4188 1986 4245 fra.

319 4275 613 4346 grantiam
665 4273 1014 4344 exprimitur
1063 4272 1403 4328 distributio
1455 4273 1744 4328 bonorum
1795 4273 1985 4344 ipsius

319 4363 706 4429 naturalium,
759 4363 931 4431 cujus
980 4378 1159 4416 causa
1207 4362 1425 4416 dicitur
1459 4380 1471 4417 :
1507 4362 1716 4418 Litium
1763 4364 1988 4422 conval-

319 4453 463 4507 lium
493 4452 589 4524 (Ιί).
625 4451 956 4506 Occurrunt
987 4455 1042 4506 et
1071 4451 1517 4522 conjunctiones
1542 4469 1643 4523 per
1668 4459 1986 4510 stanneum

315 4540 595 4611 lapidem,
629 4542 730 4596 sed
763 4545 820 4594 et
853 4557 954 4612 per
1011 4541 1206 4612 ignem
1257 4541 1642 4596 discretiones
1689 4541 1808 4597 sive
1839 4543 1984 4613 diju-

2094 3391 2335 3462 σκώληξ,
2367 3390 2458 3444 καὶ
2513 3389 2612 3445 οὑκ
2668 3388 2974 3465 ἅνθρωπος.
3011 3389 3115 3446 Καὶ
3163 3395 3269 3445 ποῦ
3323 3392 3417 3465 μὶν
3463 3393 3650 3469 φυτὸν,
3684 3393 3760 3456 ὠς

2094 3480 2240 3555 παρὰ
2286 3483 2366 3550 τῷ
2423 3477 2609 3546 ws,
2645 3477 2929 3551 Ἀμπελος
2964 3497 2976 3510 ·
3009 3478 3043 3548 ἢ
3090 3479 3215 3552 παρ’
3245 3479 3412 3553 ἑτέρῳ
3469 3483 3758 3557 προφήτῃ,

2093 3567 2304 3622 Ἐλαία.
2340 3570 2450 3620 Ποῦ
2479 3563 2537 3620 δὶ
2567 3564 2736 3630 λίθων
2763 3564 3254 3642 ποικιλομορφίας,
3287 3566 3361 3630 ὠς
3391 3569 3473 3640 τὸ,
3509 3571 3760 3647 Σάπφει-

2096 3677 2188 3731 ρος
2224 3675 2236 3688 ·
2265 3654 2353 3709 καὶ
2389 3655 2535 3730 παρά
2563 3659 2641 3726 τῷ
2673 3657 2729 3709 ’Δ
2745 3654 2881 3729 μὼς,
2917 3653 3178 3728 Ἀδάμας.
3213 3656 3310 3710 Καὶ
3357 3656 3598 3730 κόσμους
3651 3681 3758 3734 γυ-

2095 3744 2384 3813 ναικείους,
2441 3743 2515 3807 ὠς
2599 3744 2686 3812 τὸ,
2739 3749 2824 3799 Ἐν
2911 3745 3198 3816 ἱματισμῷ
3283 3741 3586 3821 διαχρύσῳ.
3643 3753 3758 3803 Ποῦ

2100 3829 2435 3910 βαρϐαρικὰς
2481 3830 2998 3900 ὁπλοποιίας,’ίσως
3047 3833 3120 3895 ὠς
3170 3833 3343 3889 ἐκεῖνο
3379 3855 3390 3868 ·
3443 3838 3758 3910 Περίζωσαι

2094 3925 2194 3990 τὴν
2258 3921 2528 3999 ῥομφαίαν
2593 3942 2688 3976 σου
2752 3920 2839 3975 ἰπὶ
2895 3925 3000 3975 τῶν
3067 3926 3252 3996 μηρῶν
3288 3945 3408 3987 σου,
3446 3921 3638 3980 δυνατέ
3673 3946 3685 3957 ⁸
3717 3929 3752 3996 ἡ

2095 4013 2195 4086 γὰρ
2231 4011 2473 4088 ῥομφαία
2508 4006 2838 4086 βαρϐαρικόν
2874 4011 3014 4065 ἐστιν
3075 4010 3269 4081 ὅπλον,
3300 4012 3373 4075 ὠς
3400 4014 3610 4090 ἱστορεῖ
3640 4016 3749 4072 Φύ-

2097 4098 2309 4174 λαρχος
2344 4102 2476 4171 (15).
2513 4101 2643 4156 "Ore
2699 4097 2865 4154 πάλιν
2900 4099 3168 4172 ἀκούομεν
3229 4099 3318 4154 ἐπὶ
3359 4106 3492 4156 Θεοῦ
3523 4104 3740 4158 καὶτῶν

2098 4189 2254 4243 θείων
2307 4187 2638 4264 κεραμείων,
2674 4187 2750 4248 ὠς
2808 4189 3010 4257 τὸ,“Ως
3065 4186 3249 4257 πηλὸν
3297 4188 3572 4246 πλατειῶν
3621 4191 3749 4247 λεα-

2094 4283 2168 4331 νῶ
2213 4276 2428 4338 αὐτούς.
2490 4276 2593 4332 Καὶ
2677 4279 3096 4353 χωνευτήριον’
3156 4279 3476 4352 Ἑπύρωσας
3533 4280 3750 4353 αὐτοὺς,

2096 4368 2171 4429 ὠς
2200 4370 2464 4442 πυροῦται
2505 4367 2566 4420 τὸ
2619 4365 2874 4441 ἀργύριον
2909 4385 2921 4399 ’
2955 4367 3044 4421 καί
3079 4386 3091 4399 ⁶
3125 4369 3354 4430 Ἵππους
3401 4390 3496 4423 σου
3552 4373 3752 4447 ταράσ-

2094 4477 2284 4516 σοντας
2342 4452 2509 4509 ὕδατα
2564 4454 2797 4510 πολλάο
2859 4456 2950 4510 καὶ
3010 4457 3241 4531 ἅρματα.
3295 4458 3364 4512 Τὸ
3424 4461 3574 4534 ἅρμα
3653 4464 3754 4515 τοῦ

2803 4544 2892 4599 καὶ
2946 4544 3170 4620 θρόνους
3205 4565 3217 4578 ·
3252 4548 3312 4603 Ὀ
3343 4548 3530 4622 θρόνος
3574 4569 3695 4618 σου,
3723 4550 3754 4604 6

2094 4549 2232 4600 Θεοῦ
2295 4542 2694 4618 μυριοπλάσιον
2731 4565 2743 4577 ·

316 4629 662 4685 dicationes.
692 4634 788 4684 Est
818 4646 1052 4701 quoque
1084 4630 1180 4683 ubi
1216 4629 1300 4683 illi
1334 4629 1615 4684 tribuitur
1646 4631 1830 4685 virilis
1867 4633 1977 4688 for-

2099 4632 2241 4705 Βεὸς,
2271 4631 2346 4695 εἷς
2376 4633 2467 4687 τὸν
2497 4633 2670 4687 αἲῶνα
2703 4655 2715 4667 ο
2748 4632 2837 4687 καὶ
2875 4630 3082 4698 δαῖτας,
3116 4633 3189 4696 ὠς
3218 4634 3270 4688 ἐν
3301 4639 3380 4707 τῷ
3410 4637 3754 4714 Ἐὖαγγελίῳ

317 4736 434 4786 ma,
464 4724 529 4773 ut
552 4720 704 4790 apud
739 4718 1033 4774 Danielem
1059 4718 1134 4789 (k)
1162 4735 1173 4772 :
1198 4720 1262 4773 Et
1281 4721 1556 4790 Antiquus
1576 4719 1799 4775 dierum
1818 4723 1962 4777 sedit

318 4807 547 4863 Rursus
579 4807 678 4863 ubi
713 4824 816 4879 per
854 4809 1004 4862 feras
1055 4807 1424 4878 significatur
1458 4825 1470 4863 :
1527 4811 1668 4863 Cum
1698 4789 1985 4870 accubuis:

313 4905 415 4966 set,
447 4905 508 4952 ut
538 4897 618 4952 leo
666 4895 1005 4951 obdormivit
1036 4895 1124 4967 (ι).
1181 4899 1440 4968 Itemque
1475 4913 1488 4951 :
1525 4897 1695 4964 Quasi
1731 4899 1982 4968 pardalz’s

311 4986 544 5056 perditis
600 4987 872 5056 ferociens
929 4985 1129 5039 catulis
1179 4985 1347 5054 juxta
1405 4986 1552 5038 viam
1597 4985 1975 5055 Assyriorum.

317 5078 418 5129 Est
471 5074 570 5129 ubi
621 5074 978 5129 describitur
1035 5073 1287 5126 aliorum
1345 5088 1579 5144 quoque
1626 5074 1975 5131 animalium

316 5164 528 5233 specie,
565 5168 629 5216 ut
661 5163 804 5217 illud
837 5168 926 5218 est
963 5180 975 5218 :
1013 5167 1122 5230 Ego
1154 5167 1339 5216 autem
1376 5178 1501 5216 sum
1530 5163 1754 5226 vermis,
1787 5174 1838 5219 et
1864 5183 1971 5221 non

316 5251 473 5306 homo
501 5252 621 5323 (γη).
657 5251 754 5305 Est
782 5252 877 5305 ubi
912 5250 1123 5319 plantae
1156 5249 1392 5305 nomine
1424 5250 1788 5322 depingitur,
1824 5254 1978 5310 sicut

318 5339 471 5411 apud
505 5340 804 5410 Davidem,
836 5342 964 5396 vitis
996 5340 1078 5411 (η)
1113 5357 1126 5395 :
1163 5340 1316 5396 sicut
1347 5339 1502 5410 apud
1552 5338 1800 5397 alterum
1835 5343 1974 5399 item

388 5570 464 5641 (υ)
496 5568 648 5624 Psal.
677 5585 790 5638 cur,
822 5569 875 5622 3.
954 5569 1032 5639 (ω)
1064 5569 1214 5624 Psal.
1250 5585 1399 5634 xuv,
1432 5570 1484 5624 2.

318 5642 390 5713 (ε)
421 5641 624 5700 Ezech.
655 5657 807 5708 XLVI,
837 5641 889 5696 3.
969 5641 1045 5712 (ά)
1076 5641 1228 5697 Psal.
1249 5659 1427 5713 xxxv,
1465 5642 1550 5698 10.

1562 5571 1657 5644 (ῃ)
1675 5571 1828 5644 Psal.
1862 5590 2038 5642 xxxn,
2068 5576 2122 5630 6.

1642 5643 1714 5714 (ε)
1743 5643 1860 5701 Jer.
1895 5663 1958 5713 II,
1994 5646 2080 5700 13.

2099 4718 2187 4775 ὅτε
2231 4723 2257 4775 ὁ
2291 4721 2503 4796 μόσχος
2556 4722 2583 4776 6
2614 4722 2873 4787 σιτευτὸς,
2906 4721 2998 4776 καὶ
3040 4723 3108 4777 τά
3151 4721 3324 4778 λοιπά
3369 4724 3609 4800 γίνονται
3661 4725 3754 4781 ἐπὶ

2093 4814 2161 4884 τῇ
2194 4810 2400 4886 εὑρέσει
2430 4813 2526 4864 τοῦ
2558 4808 2769 4864 ἀσώτου
2800 4811 2943 4865 υἱοῦ.
2982 4810 3081 4868 Καὶ
3132 4810 3294 4867 πάλιν
3347 4813 3436 4868 ὅτε
3477 4813 3754 4888 ἀκούομεν

2091 4897 2183 4952 τὸν
2243 4899 2369 4953 Θεὸν
2423 4895 2907 4974 κεκραιπαληκὸτα
2939 4919 2950 4930 ·
3015 4898 3119 4954 Καὶ
3173 4900 3638 4974 κεκραιπαληκὼς
3698 4904 3751 4975 ἐξ

2093 4984 2264 5041 δίνου.
2319 4988 2416 5041 Καὶ
2475 4987 2757 5060 μεθύοντα,
2818 4987 2908 5042 καί
2970 4989 3316 5044 ὑπνώττοντα
3349 5011 3360 5022 ·
3421 4993 3534 5047 Ἵνα
3588 4991 3642 5047 τί
3690 4993 3750 5047 ὑ-

2092 5083 2276 5149 πνοῖς,
2311 5077 2508 5152 Κύριε;
2545 5078 2612 5134 Τί
2643 5077 2702 5132 ἄν
2734 5099 2816 5139 τις
2848 5076 2991 5132 ε⁹ίποι
3023 5080 3144 5152 περὶ
3176 5083 3302 5149 τῶν,
3338 5081 3438 5136 Καὶ
3500 5081 3748 5157 ὠργίσθη

2093 5165 2314 5238 Κύριος,
2344 5165 2433 5220 καί
2468 5185 2477 5196 ·
2512 5169 2627 5223 Ἵνα
2663 5168 2714 5222 τί
2749 5166 3020 5242 ὠργίσθης
3069 5171 3214 5240 ἡμᾶς
3243 5189 3254 5227 :
3283 5171 3372 5224 καί
3411 5190 3424 5203 ·
3460 5170 3746 5243 Ἐλυπήθη

2089 5253 2310 5330 Κύριος,
2362 5256 2474 5328 καὶ,
2525 5257 2732 5329 Ὦμοσε
2789 5256 3011 5328 Κύριος,
3046 5257 3156 5329 καὶ,
3207 5256 3596 5332 Μετεμελήθη,
3655 5263 3749 5316 καὶ

2087 5343 2461 5420 Κατηράσατο,
2494 5344 2607 5414 καὶ,
2641 5347 2922 5418 Ἐμήνισε.
2956 5345 3020 5400 Τί
3068 5343 3126 5401 δὲ
3173 5350 3297 5422 περὶ
3354 5353 3460 5404 τῶν
3519 5347 3746 5405 πολυει-

2201 5575 2276 5644 (z)
2307 5579 2478 5633 Joan.
2506 5593 2544 5632 ι.
2574 5576 2658 5634 l8.

2201 5577 2276 5647 (κ)
2307 5579 2478 5633 Joan.
2506 5593 2544 5632 ι.
2574 5577 2658 5634 l8.
2740 5579 2821 5647 (a)
2852 5577 2994 5632 Gen.
3029 5594 3090 5644 II,
3113 5579 3168 5632 9.
3247 5580 3322 5708 (ὁὶ
3356 5580 3466 5638 Isa.
3491 5599 3665 5656 xxvii,
3688 5586 3743 5642 6.

2178 5647 2250 5720 (f)
2283 5647 2456 5704 Hebr.
2493 5666 2531 5716 ι,
2564 5649 2618 5704 3.
2697 5649 2776 5720 (g)
2804 5649 2952 5705 Psal.
2989 5666 3260 5719 Lxxxvm,
3327 5654 3380 5708 6.
3475 5654 3556 5720 (h)
3587 5657 3741 5714 Psal.

2740 5580 2821 5647 (a)
2852 5580 2994 5632 Gen.
3029 5594 3090 5644 II,
3113 5580 3168 5632 9.
3247 5580 3322 5708 (ὁὶ
3356 5580 3466 5638 Isa.
3491 5599 3665 5656 xxvii,
3688 5586 3741 5642 6.

2697 5649 3260 5728 (Q)PS&1.~LXX_XYII_I,
3304 5654 3380 5728 _6.
3475 5654 3556 5728 (h)
3587 5657 3741 5714 Psal.

318 5712 500 5785 σχειν,
535 5714 620 5770 16.
700 5713 764 5786 (i)
794 5715 960 5771 Cant.
992 5729 1056 5785 ιι,
1092 5717 1140 5770 1.
1219 5712 1293 5786 (k)
1323 5713 1461 5786 Cap.
1497 5731 1597 5782 v11,
1625 5712 1802 5772 v.10.
1879 5712 1986 5790 (l)l

2099 5734 2149 5775 ο.
2177 5712 2333 5792 iam,
2362 5721 2417 5776 9.
2496 5712 2594 5795 (in)
2627 5712 2778 5779 Psal.
2804 5738 2919 5794 xxx,
2948 5721 3002 5779 7.
3078 5722 3162 5796 (η)
3191 5712 3342 5782 Psal.
3366 5712 3664 5802 cxx‘vxi,73.
