4108 6402
287 386 399 442 485

1104 382 1569 438 ΡΔΟΗῩΜΕΒΕ
1608 379 2112 447 PARAPHRASIS
2148 382 2223 432 IN
2261 382 2417 436 EPP.
2461 383 2519 437 Β.
2562 383 2903 439 DIONYSII.

3612 388 3718 444 486

284 504 394 562 δῶν
453 505 543 562 καὶ
606 505 782 576 λοξῶν
827 510 927 574 τῆς
959 501 1224 578 ἁμαρτίας
1245 505 1352 556 τῶν
1387 497 1730 574 ἐπαγγελιῶν
1783 517 1937 574 σοφι-

2071 499 2423 571 Irophetam,
2455 503 2600 558 oliva
2632 503 2727 575 (ο).
2761 505 3022 577 Denique
3054 509 3141 561 est
3191 507 3289 562 ubi
3336 525 3437 580 per
3483 511 3716 582 sapphi-

282 597 508 670 σμάτων
565 598 719 667 (16);
776 592 1071 669 Ἀμαρτίας
1154 589 1210 647 δὲ
1274 591 1368 652 τὰς
1442 586 1748 662 ἀποτυχίας
1831 590 1938 640 τῶν

281 684 630 760 ἐπαγγελιῶν
695 705 849 761 φησι,
910 679 1000 735 διὰ
1045 682 1107 735 τὸ
1159 679 1209 734 έν
1259 680 1367 734 τισὶ
1425 682 1532 732 τῶν
1587 675 1944 752 προρρήσεων

282 772 376 829 διὰ
403 774 467 830 τὸ
491 773 793 848 πρόχειρον
828 769 1004 825 δοκεῖν
1038 770 1115 843 μὴ
1147 767 1305 830 τέλος
1337 762 1523 822 λαϐεῖν
1556 767 1624 820 τὰ
1676 763 1941 840 ἐπαγγελ-

280 866 441 928 θὲντα
471 865 585 936 (17)
619 882 630 893 '
667 861 779 916 οἶόν
814 861 978 928 ἑστιν,
1011 857 1070 913 ἐκ
1099 857 1325 913 πολλῶν
1383 855 1546 930 ὀλίγα
1587 853 1941 928 παραθέσθαι,

275 955 343 1010 τὸ
395 954 535 1029 πρὸς
579 946 774 1010 Ἰακὼϐ
835 949 1055 1023 λεχθὲν,
1109 947 1267 1001 Γίνου
1310 945 1500 1020 κύριος
1553 947 1650 998 τοῦ
1705 939 1944 1019 ἀδελφοῦ

278 1063 379 1098 σου
412 1062 426 1076 ’
462 1042 550 1096 καὶ
607 1041 676 1095 τὰ
730 1038 855 1114 περὶ
912 1044 1010 1106 τῆς
1046 1033 1311 1109 διαμονῆς
1360 1039 1468 1089 τῶν
1513 1032 1588 1094 εἷς
1637 1033 1734 1100 τὴν
1786 1031 1942 1106 βασι-

279 1131 433 1188 λείαν
487 1135 585 1185 τοῦ
643 1128 953 1202 σπέρματος
996 1122 1183 1196 Δαυῗδ,
1245 1123 1378 1196 ἅπερ
1439 1121 1490 1177 ἐν
1540 1126 1622 1194 τῷ
1679 1123 1947 1196 προφανεῖ

276 1218 590 1294 διήμαρτον
624 1225 726 1287 τῆς
761 1211 1053 1276 ἐκϐάσεως.
1090 1213 1239 1270 Κατᾶ
1291 1210 1348 1266 δὲ
1395 1213 1495 1280 τήν
1548 1205 1748 1283 ἀκριϐῆ
1809 1209 1946 1262 θεω-

279 1310 432 1384 ρίαν,
469 1306 730 1380 οὐδαμῶς
765 1325 778 1338 ·
809 1306 872 1360 τὸ
907 1306 1001 1378 μὶν
1030 1304 1133 1378 γὰρ
1178 1307 1274 1356 τοῦ
1301 1295 1520 1372 Ἰακὼϐ,
1555 1297 1643 1354 διὰ
1698 1301 1800 1362 τῆς
1847 1300 1944 1350 τοῦ

274 1397 329 1469 ἐξ
365 1397 532 1452 αὐτοῦ
567 1393 933 1468 ἐπικρατείας,
966 1391 1055 1447 καὶ
1085 1399 1186 1462 τῆς
1243 1390 1320 1453 εἰς
1370 1390 1599 1465 Χριστὸν
1661 1388 1945 1460 ἀναγωγῆς

273 1485 645 1561 πεπλήρωται
700 1487 812 1558 (18)
849 1504 862 1517 ·
922 1482 1102 1556 ὥσπερ
1155 1481 1245 1535 καὶ
1303 1481 1357 1534 αἱ
1387 1479 1524 1554 πρὸς
1572 1478 1664 1532 τὸν
1695 1471 1948 1548 Ἀϐραὰμ

275 1574 603 1651 ἰπαγγελίαι
628 1572 751 1647 περὶ
782 1578 882 1641 τῆς
901 1571 1279 1645 κατασχέσεως
1294 1575 1394 1638 τῆς
1415 1574 1520 1642 γῆς
1541 1565 1629 1620 καὶ
1649 1570 1757 1620 τῶν
1777 1563 1943 1627 ἐθνῶν

277 1662 659 1739 εὐλογίας.Τᾶ
688 1659 746 1716 δὲ
775 1662 911 1737 πρὸς
937 1657 1100 1714 Δαυῗδ
1137 1659 1300 1731 μόνον
1335 1657 1408 1719 ὡς
1436 1654 1665 1731 Χριστὸν
1695 1653 1947 1730 ἀναφέρε-

271 1775 367 1809 ται
394 1774 406 1786 -
432 1751 644 1825 ὁμοίως
674 1751 764 1806 καὶ
794 1750 862 1805 τὰ
900 1749 1024 1823 περὶ
1055 1745 1426 1820 Σολομῶντος
1456 1743 1718 1799 δοκοῦντα
1743 1741 1794 1796 ἐν
1826 1746 1945 1803 τοῖς

273 1839 547 1915 Ψαλμοῖς
600 1840 848 1916 εἰρῆσθαι
910 1837 962 1894 ἒν
1010 1842 1092 1910 τῶ
1141 1832 1943 1934 Χριστῶέτελειώβτβανῦξάς
1975 1868 2022 1934 Β

268 1932 410 2006 γοῦν
481 1931 532 1985 ἐν
585 1929 800 1990 τούτοις
856 1927 1180 2002 έξηγητικὰς
1225 1921 1511 1986 ἀποδόσεις
1570 1923 1632 1976 τὸ
1691 1919 1942 1975 ποικίλον

271 2020 520 2096 ἐχούσας
544 2017 813 2088 πολυειδῆ
849 2015 1069 2072 ἐκάλεσε
1101 2013 1412 2090 σοφίσματα
1446 2031 1457 2044 ⁸
1494 2011 1602 2087 οὐχ
1649 2011 1722 2072 ὡς
1769 2028 1946 2080 παρα-

277 2111 625 2183 λογιστικῶς
651 2105 1032 2181 τεχναζόμενα
1059 2104 1156 2171 τὴν
1194 2103 1478 2173 ἀλήθειαν,
1512 2099 1636 2156 ἀλλ’
1669 2099 1744 2161 ὡς
1772 2101 1950 2176 σοφῶς

283 2197 701 2252 ἀναπτύσσοντα
746 2195 809 2250 τὸ
844 2193 1200 2265 ζητούμενον.
1237 2190 1408 2246 Πάλιν
1468 2191 1570 2258 τὴν
1615 2207 1949 2262 γιγαντομα-

284 2287 425 2363 χίαν
455 2287 545 2340 καὶ
577 2287 679 2354 τήν
720 2282 1106 2358 πυργοποιίαν,
1135 2281 1208 2342 ὠς
1237 2279 1288 2334 ἐν
1333 2282 1400 2353 τῇ
1450 2279 1654 2334 Γενέσει
1688 2276 1902 2353 φέρεται
1932 2291 1948 2307 ⁶

283 2375 386 2432 καὶ
420 2375 482 2431 τὸ
515 2374 650 2430 κατὰ
695 2378 795 2429 τοῦ
827 2367 1038 2447 Ἀχααϐ
1073 2365 1432 2443 συμϐούλιον,
1465 2367 1540 2429 ὡς
1591 2367 1643 2422 ἐν
1674 2370 1743 2440 τῇ
1791 2364 1950 2441 τρίτῃ

279 2470 402 2521 τῶν
455 2462 756 2519 Βασιλειῶν
822 2461 1144 2536 εὑρίσκεται,
1180 2459 1230 2514 ἐν
1261 2459 1305 2531 ᾦ
1339 2451 1699 2530 διαλαμϐάνει
1744 2457 1779 2524 ἠ
1838 2455 1956 2508 θεία

286 2553 511 2630 Γραφὴ,
544 2557 662 2615 πῶς
721 2552 982 2619 συνῆλθεν
1038 2547 1303 2621 Ἰωσαφὰτ
1359 2545 1613 2622 βασιλεὺς
1662 2541 1838 2601 ’Ῑούδα
1878 2546 1957 2630 τῷ

288 2628 520 2720 βασιλεῖ
575 2637 799 2714 Ἰσραὴλ
851 2633 1086 2713 Ἀχαάὗ.
1119 2636 1218 2690 Καὶ
1269 2635 1384 2690 εἶπε
1431 2634 1686 2710 βασιλεὺς
1734 2628 1956 2705 Ἰσραὴλ

282 2732 434 2807 πρὸς
467 2727 693 2806 βασιλέα
721 2725 902 2786 Ἰούδα
937 2747 949 2760 ⁸
986 2726 1048 2784 Ei”
1077 2723 1323 2798 ἀναϐήσῃ
1375 2725 1495 2796 μεθ’
1523 2726 1684 2795 ἡμῶν
1731 2720 1809 2782 εἷς
1857 2720 1958 2774 πό-

286 2819 473 2893 λεμον
543 2817 618 2879 εἲς
671 2818 916 2890 Ῥεμμάθ
999 2811 1238 2871 Γαλαάδ.
1282 2813 1388 2868 Καὶ
1444 2811 1586 2866 εἶπεν
1644 2809 1908 2886 Ἰωσαφάτ
1944 2827 1957 2840 ·

286 2910 492 2974 Καθὼς
522 2907 651 2984 ἐγὼ,
687 2906 830 2962 οὕτω
859 2905 950 2960 καὶ
983 2903 1045 2960 σύ
1081 2923 1094 2936 ο
1128 2903 1305 2965 καθὼς
1354 2902 1381 2956 6
1421 2899 1555 2964 λαός
1609 2920 1734 2972 μου,
1769 2900 1796 2953 6
1827 2896 1961 2960 λαός

289 3021 396 3054 σου
434 3018 447 3032 ⁸
479 2999 662 3060 καθὼς
716 2998 770 3052 οἱ
812 2995 977 3050 ἵπποι
1037 3015 1163 3067 μου,
1200 2994 1251 3046 οἳ
1295 2990 1459 3046 ’ίπποι
1512 3012 1629 3046 σου.
1676 2989 1776 3044 Καὶ
1823 2990 1964 3043 εἶπεν

287 3088 568 3164 Ἰωσαφὰτ
599 3092 680 3159 τῷ
723 3084 942 3162 βασιλεῖ
975 3082 1200 3160 Ἰσραήλ
1237 3103 1249 3116 ·
1280 3081 1700 3158 Ἐπερωτήσατε
1749 3076 1815 3147 δὴ
1862 3079 1964 3148 σή-

294 3198 472 3253 μερον
500 3177 589 3231 τὸν
625 3173 844 3252 Κύριον.
872 3173 976 3230 Καὶ
1007 3173 1356 3244 συνήθροισεν
1391 3169 1419 3223 6
1455 3167 1709 3244 βασιλεὺς
1741 3167 1963 3243 ἸσραήΛ

288 3268 508 3328 πάντας
566 3265 693 3327 τοὺς
738 3264 1026 3339 προφήτας
1080 3259 1154 3322 ὠς
1207 3259 1611 3335 τετρακοσίους.
1663 3258 1759 3311 Καὶ
1822 3256 1962 3311 εἶπεν

297 3358 330 3411 ὁ
368 3353 628 3432 βασιλεὺς
660 3350 885 3428 Ἰσραὴλ
917 3356 1035 3414 τοῖς
1091 3350 1399 3427 προφήταις
1434 3367 1444 3378 ·
1479 3347 1543 3401 El
1592 3349 1845 3422 πορευθῶ
1894 3344 1970 3407 εἷς

297 3445 552 3519 Ῥεμμᾶθ
582 3439 800 3498 Γαλαὰδ
842 3440 918 3502 εἷς
963 3437 1234 3511 πόλεμον,
1267 3437 1303 3506 ἢ
1334 3435 1586 3510 innoxio;
1622 3435 1719 3488 Καὶ
1765 3437 1917 3488 εἷπον
1955 3453 1968 3466 ·

294 3528 613 3603 Ἀνάϐαινε,
646 3531 737 3586 καὶ
798 3528 982 3591 διδοὺς
1038 3526 1199 3582 δώσει
1237 3525 1433 3601 Κύριος
1495 3524 1572 3586 εἷς
1633 3529 1828 3599 χεῖρας
1875 3526 1972 3577 του⁸

299 3621 607 3698 βασιλέως.
667 3619 768 3674 Καὶ
823 3620 966 3673 εἶπεν
1022 3615 1285 3693 Ἰωσαφὰτ
1348 3614 1486 3688 πρὸς
1542 3608 1749 3687 Ἀχαάὃ
1786 3630 1798 3644 ⁸
1859 3611 1973 3668 Οὐκ

290 3710 450 3767 ἔστιν
510 3707 618 3765 ὧδε
664 3710 957 3785 προφήτης
987 3705 1218 3779 Κυρίου,
1248 3703 1341 3758 καὶ
1391 3703 1828 3777 ἐπερωτήσωμεν
1877 3701 1971 3755 τὸν

300 3801 507 3875 Κύριον
545 3796 616 3853 δι’
646 3798 853 3866 αύτοῦ;
888 3795 990 3852 Καὶ
1023 3795 1165 3849 εἶπεν
1213 3795 1240 3848 6
1277 3790 1528 3867 βασιλεὺς
1559 3790 1783 3866 Ἰσραήλ
1832 3790 1969 3864 πρὸς

301 3889 580 3966 ’Ῑωσαφάτ
614 3907 627 3919 ·
685 3889 806 3943 Ἔτι
862 3887 941 3948 εἴς
983 3881 1120 3938 ἔστιν
1180 3884 1318 3955 ἀνηρ
1379 3880 1455 3943 εἷς
1510 3881 1572 3934 τὸ
1631 3878 1971 3954 ἐπερωτῆσαι

296 3979 394 4034 τὸν
450 3976 652 4052 Κύριον
706 3973 775 4029 δι’
817 3974 1004 4030 αὐτοῦ.
1036 3972 1134 4026 Καὶ
1182 3970 1288 4046 ἐγὼ
1342 3968 1624 4044 μεμίσηκα
1669 3967 1853 4038 αὐτὸν,
1886 3967 1968 4022 ὅτι

297 4067 367 4122 ού
429 4064 592 4121 λαλεῖ
649 4064 787 4138 πρὸς
846 4061 944 4134 ἐμὲ
994 4058 1160 4126 καλὰ,
1198 4057 1344 4113 ἀλλὰ
1371 4059 1533 4125 κακὰ,
1568 4057 1809 4132 Μιχαίας
1855 4056 1972 4120 υἱὸς

296 4150 595 4228 Ἰεμῦλαά.
631 4152 729 4206 Καὶ
778 4153 922 4205 εἶπεν
974 4147 1240 4226 Ἰωσαφὰτ
1295 4145 1551 4221 βασιλεὺς
1597 4143 1778 4201 Ἰούδα
1811 4165 1822 4177 ’
1874 4146 1967 4215 Μή

297 4245 517 4320 λεγέτω
577 4243 604 4296 6
665 4239 924 4316 βασιλεὺς
982 4239 1147 4292 οὕτω.
1180 4238 1285 4292 Καὶ
1336 4234 1585 4290 ἐκάλεσεν
1637 4237 1664 4289 ὁ
1714 4233 1968 4308 βασιλεὺς

298 4333 538 4406 Ἰσραὴλ
593 4331 858 4404 εὐνοῦχον
916 4324 1031 4397 ἕνα,
1062 4325 1153 4379 καὶ
1203 4325 1318 4379 εἶπε
1353 4343 1365 4356 ·
1399 4324 1470 4377 Τὸ
1500 4325 1674 4397 τάχος
1724 4322 1967 4398 Μιχαίαν

301 4421 432 4476 υἱὸν
494 4414 769 4492 Ἰεμϐλαά.
831 4416 934 4473 Καὶ
991 4408 1205 4490 Ἀχαὰὅ
1263 4414 1351 4467 καὶ
1413 4413 1676 4490 Ἰωσαφὰτ
1729 4412 1970 4486 βασιλεῖς

298 4510 578 4578 ἐκάθηντο
637 4506 725 4562 ἐπὶ
783 4510 891 4560 τῶν
952 4503 1158 4580 θρόνων
1207 4503 1386 4556 αὐτῶν
1453 4499 1677 4556 ἔνοπλοι
1722 4500 1810 4555 ἐπὶ
1852 4507 1968 4564 ταῖς

2052 605 2177 643 rum
2199 590 2374 661 (p),et
2396 592 2550 662 apud
2583 597 2759 648 Amos
2794 596 3030 648 nomine
3061 595 3394 654 adamantis.
3426 599 3712 656 Mundum

2052 676 2295 750 insuper
2327 681 2671 735 muliebrem
2697 682 2806 753 ipsi
2835 689 2944 738 Deo
2971 685 3502 757 appingunt,juxta
3527 689 3713 743 illud:

2053 768 2112 821 In
2147 769 2348 823 vestitu
2377 769 2646 824 deaurato
2672 772 2766 843 (q).
2792 773 2933 827 Item
2959 791 3123 828 arma
3145 774 3229 828 illi
3254 776 3560 832 admovent
3583 779 3719 833 bar-

2055 855 2333 910 barorum
2366 857 2425 912 in
2451 875 2671 912 morem
2698 861 2978 927 confecta,
3006 867 3070 916 ut
3096 861 3237 916 illud
3265 864 3409 920 forte
3431 869 3538 920 est:
3565 869 3719 923 Prae-

2055 943 2272 1015 cingere
2304 947 2628 1017 rhomphwa
2679 953 2774 1002 tua
2823 965 2988 1022 super
3034 957 3249 1021 femora
3300 958 3414 1024 tua,
3448 971 3480 1008 ο
3512 965 3718 1025 potens.

2057 1033 2417 1105 Rhomphaaa
2438 1053 2576 1091 sane
2600 1054 2704 1091 vox
2728 1045 3036 1093 armaturae
3063 1045 3148 1095 est
3173 1041 3726 1116 barbarica,quem-

2056 1123 2377 1177 admodum
2457 1126 2752 1180 memoriae
2829 1129 3088 1199 prodidit
3162 1130 3543 1202 Phylarchus.
3615 1135 3728 1212 Ali.

2056 1211 2291 1281 quando
2320 1230 2556 1267 rursum
2583 1215 2922 1270 inaudimus
2946 1217 3059 1272 Deo
3079 1221 3366 1288 quasdam
3399 1211 3727 1281 admirabi.

2057 1300 2128 1355 lis
2152 1301 2406 1372 figulinee
2429 1303 2677 1374 efﬁgies,
2698 1307 2869 1373 juxta
2901 1305 3076 1360 illud:
3105 1308 3274 1374 Quasi
3304 1310 3483 1364 lutum
3502 1313 3722 1381 platea-

2057 1406 2181 1444 rum
2211 1390 2394 1446 delebo
2426 1407 2514 1446 eos
2542 1394 2637 1461 (ν).
2674 1394 2826 1448 276
2858 1394 3281 1451 Conﬂatorium
3316 1398 3520 1454 itidem
3545 1418 3562 1452 :
3595 1403 3724 1470 Igne

2054 1495 2144 1534 eos
2173 1480 2547 1548 examz’n’asli,
2580 1484 2724 1537 sicut
2753 1487 3109 1539 examinalur
3139 1491 3426 1556 argentum
3472 1488 3560 1559 (δ).
3593 1489 3724 1546 Jam

2056 1584 2238 1640 equos
2286 1568 2370 1622 illi
2421 1571 2734 1641 effingunt,
2768 1574 3088 1628 secundum
3123 1574 3321 1633 illud:
3376 1578 3484 1646 Qui
3530 1595 3724 1634 ascen-

2053 1658 2194 1712 disti
2241 1674 2407 1728 equo:
2467 1669 2609 1728 (uos,
2671 1661 3063 1716 conlurbanles
3133 1680 3302 1734 aquas
3368 1667 3574 1722 multas
3643 1669 3711 1740 (ε)

2054 1745 2271 1801 Currus
2321 1747 2672 1813 etiamnum,
2706 1753 2768 1803 ut
2811 1750 2955 1804 illud
2986 1755 3075 1805 est
3105 1768 3118 1806 :
3174 1754 3380 1808 Currus
3409 1756 3509 1810 Dei
3539 1758 3718 1813 decem

2053 1835 2307 1890 millibus
2329 1852 2418 1890 mu
2430 1835 2742 1906 lliplea:(u).
2759 1838 3023 1893 'l‘bronos
3039 1841 3148 1894 add
3161 1858 3191 1894 u
3203 1847 3284 1895 nt:
3305 1842 3548 1900 Thronu:
3572 1855 3720 1916 tuus,

2055 1925 2216 1992 Deus,
2238 1942 2298 1978 in
2319 1926 2584 1981 sarculum
2609 1926 2923 1998 (v).Dapes,
2951 1933 3014 1982 ut
3036 1928 3094 1982 in
3119 1930 3452 2002 Evangelio,
3478 1936 3718 2006 quando

2053 2012 2274 2069 vitulus
2303 2012 2400 2068 ille
2431 2014 2736 2084 saginatus
2769 2014 3150 2087 reliquusque
3175 2027 3492 2090 apparatus
3513 2024 3721 2094 epula-

2057 2119 2190 2156 rum
2215 2103 2461 2171 jubetur
2489 2103 2724 2171 instrui,
2750 2104 2807 2157 in
2844 2103 2942 2158 filii
2978 2105 3300 2162 decoctoris
3332 2109 3452 2164 sive
3485 2111 3729 2184 prodigi

2062 2190 2522 2263 inventione(:e).
2541 2196 2973 2263 Nonnunquam
3001 2195 3139 2250 item
3166 2197 3529 2255 advertimus
3547 2201 3734 2258 Deum

2063 2280 2309 2353 crapula
2338 2281 2662 2337 distentum
2696 2298 2862 2338 esse:
2898 2286 2972 2338 El
3000 2286 3330 2356 crapulatus
3383 2304 3417 2342 a
3467 2288 3595 2344 vino
3630 2291 3733 2362 (y).

2065 2370 2306 2424 Ebrium
2343 2369 2519 2424 simul
2556 2375 2611 2424 et
2642 2371 3309 2441 obdormiscentem,ut:
3357 2376 3506 2448 Quid
3534 2378 3733 2434 obdor-

2064 2460 2190 2522 mis,
2211 2459 2437 2513 Domine
2460 2459 2572 2529 (2.)?
2599 2459 2748 2524 Quid
2783 2477 2953 2530 porro
2986 2461 3194 2517 attinet
3224 2468 3430 2519 caetera
3459 2466 3588 2536 eius
3619 2467 3734 2522 for-

2068 2564 2174 2601 mm
2208 2552 2589 2617 percensere?
2612 2548 2682 2603 Ut
2714 2554 2887 2603 sunt:
2924 2552 2989 2604 Et
3020 2550 3199 2606 iratus
3229 2561 3307 2607 est
3338 2554 3602 2610 Dominus
3631 2557 3735 2636 (a);

2071 2635 2266 2706 Ulquid
2322 2635 2588 2690 irasceris
2648 2637 2803 2692 nobis
2860 2638 3400 2708 (b),'.Conlrislatus
3459 2644 3596 2699 item
3657 2635 3740 2701 est

2067 2725 2353 2788 Dominus,
2387 2730 2479 2780 et:
2512 2726 2734 2781 Iuravit
2765 2727 3028 2781 Dominus
3059 2729 3151 2799 (ο),
3188 2731 3288 2784 sed
3337 2736 3394 2785 et
3442 2733 3730 2788 Paeniten-

2071 2813 2147 2868 tia
2181 2815 2380 2869 ductus
2410 2814 2672 2884 docetur,
2697 2824 2787 2869 el:
2839 2815 3124 2871 Maledixil
3147 2818 3248 2889 (ά),
3282 2824 3376 2873 et:
3416 2819 3736 2877 Comminu-

2071 2908 2162 2956 lus
2180 2906 2260 2957 est
2281 2904 2376 2973 (e),
2400 2901 2521 2957 sive
2551 2903 2727 2957 etiam
2763 2905 3124 2960 succensuit.
3147 2908 3294 2970 Quid
3329 2925 3460 2963 vero
3493 2910 3564 2964 de
3588 2911 3734 2965 mul-

2071 2992 2412 3046 tiformibus
2458 2995 2515 3046 et
2563 2992 2818 3062 obliquis
2868 2995 3276 3066 argutionibus
3334 2997 3734 3056 frustrationis

2075 3079 2578 3151 promissionum?
2601 3078 2895 3152 Ἀμαρτίας
2926 3087 3118 3137 autem
3155 3085 3568 3142 frustrationes
3599 3105 3736 3160 pro-

2077 3169 2429 3224 missionum
2465 3169 2628 3238 dicit,
2664 3170 2805 3241 quia
2850 3177 3188 3242 promptum
3239 3179 3324 3228 est
3375 3176 3579 3248 videri,
3611 3195 3749 3248 pro-

2085 3259 2266 3313 missa
2324 3258 2542 3312 exitum
2603 3259 2983 3330 promissioni
3015 3263 3463 3332 respondentem
3498 3266 3748 3322 minime

2082 3347 2409 3417 accepisse:
2445 3348 2594 3416 quod
2629 3363 2812 3418 genus
2848 3347 2990 3403 illud
3025 3355 3135 3414 est,
3161 3356 3226 3404 ut
3257 3369 3445 3423 pauca
3475 3370 3504 3408 e
3535 3354 3743 3410 multis

2081 3436 2457 3505 depromam:
2494 3435 2661 3501 illud,
2687 3436 2953 3508 inquam,
2980 3438 3135 3508 quod
3162 3439 3344 3494 Jacob
3377 3441 3599 3497 dictum
3627 3447 3748 3499 est:

2081 3525 2209 3578 Eslo
2239 3524 2495 3579 dominus
2537 3527 2733 3594 fratris
2764 3527 2850 3580 tui
2880 3526 2969 3596 (f).
3005 3526 3070 3580 Et
3103 3544 3227 3598 qua:
3255 3529 3325 3584 de
3357 3545 3748 3600 permansura

2083 3629 2187 3668 nec
2221 3613 2632 3685 interpolanda
2664 3615 3038 3670 successione
3087 3616 3156 3670 ad
3212 3633 3458 3689 regnum
3500 3620 3750 3675 seminis

2081 3703 2259 3758 David
2295 3703 2574 3774 praedicta
2622 3713 2808 3758 erant.
2838 3703 3002 3759 Talia
3054 3704 3257 3777 utique
3308 3707 3609 3780 propalam
3661 3713 3755 3764 est

2081 3793 2207 3860 ipso
2239 3794 2393 3846 exitu
2429 3791 2890 3865 haudquaquam
2927 3795 3301 3865 respondisse
3346 3797 3756 3869 promissioni.

2079 3886 2366 3939 Caterum
2425 3882 2546 3936 hac
2606 3883 2843 3948 eadem,
2903 3882 2952 3938 si
3017 3884 3272 3953 penitius
3334 3887 3747 3959 contemplere,

2081 3970 2245 4025 nulla
2277 3988 2515 4042 prorsus
2546 3970 2930 4027 frustratione
2979 3973 3306 4028 eluserunt.
3343 3973 3450 4030 Illa
3479 3977 3638 4030 enim
3673 3977 3745 4031 ab

2077 4061 2258 4115 Jacob
2288 4060 2438 4114 facta
2470 4061 2783 4131 promissio
2817 4077 2881 4116 eo
2909 4060 3154 4132 impleta
3184 4061 3465 4131 creditur,
3493 4065 3648 4134 quod
3683 4064 3725 4119 ii

2079 4153 2181 4219 qui
2211 4165 2281 4203 ex
2311 4150 2439 4218 ejus
2469 4149 2695 4203 semine
2730 4149 2995 4219 prognati
3048 4155 3209 4218 sunt,
3244 4150 3621 4206 invaluerunt
3651 4154 3741 4208 di-

2076 4238 2270 4293 tione:
2322 4241 2379 4292 et
2436 4254 2538 4308 per
2585 4243 2920 4310 respectum
2973 4239 3040 4294 ad
3095 4239 3393 4296 Christum
3451 4241 3745 4313 completa

2079 4325 2345 4381 fuerunt.
2404 4327 2480 4380 Ad
2539 4326 2697 4382 hunc
2754 4343 2993 4382 sensum
3051 4327 3443 4400 intelligendas
3500 4330 3748 4386 veniunt

2081 4414 2414 4470 Abrahamo
2474 4416 2620 4485 patri
2683 4415 2849 4470 dictas
2901 4417 3317 4488 promissiones
3378 4419 3450 4472 de
3508 4435 3747 4489 posses-

2079 4503 2242 4558 sione
2260 4509 2424 4559 terrae
2440 4504 3210 4576 Cbananitidis,etgentium
3229 4506 3633 4562 benedictione
3649 4507 3746 4578 (g).

295 4595 517 4659 πύλαις
553 4595 882 4671 Σαμαρείας,
915 4593 1006 4648 καὶ
1054 4591 1250 4654 πάντες
1299 4591 1351 4645 οἱ
1400 4596 1678 4666 προφῆται
1727 4593 1960 4668 προειρή-

2082 4592 2212 4648 Jam
2262 4609 2390 4662 qua:
2438 4594 2508 4647 ad
2564 4592 2735 4646 David
2787 4595 2960 4647 modo
3014 4595 3390 4665 repromissio
3435 4596 3586 4651 facta
3616 4601 3751 4667 est;

294 4707 469 4743 τευον
529 4683 761 4740 ἐνώπιον
823 4681 1025 4738 αὐτῶν.
1058 4680 1156 4734 Καὶ
1190 4679 1444 4749 ἐποίησεν
1493 4679 1666 4750 ἑαυτῷ
1719 4677 1975 4744 Σεδεκίας

302 4777 432 4837 υἱὸς
489 4775 701 4829 Χαναὰν
761 4770 961 4848 κέρατα
1011 4766 1233 4842 σιδηρᾶ,
1285 4767 1376 4822 καὶ
1436 4767 1548 4821 εἶπε
1583 4787 1594 4798 ·
1639 4763 1782 4823 Τάδε
1827 4767 1975 4842 λέγει

305 4865 516 4938 Κύριος
551 4882 564 4894 ⁸
599 4863 685 4917 Ἐν
719 4861 934 4921 τούτοις
964 4862 1251 4934 ,κερατιεῖς
1301 4857 1400 4925 τὴν
1457 4854 1656 4931 Συρίαν
1705 4853 1809 4919 ἓως
1855 4876 1976 4910 συν-

302 4950 570 5025 τελεσθῇ.
605 4952 707 5008 Καὶ
738 4950 934 5012 πάντες
961 4948 1011 5001 οἱ
1062 4948 1336 5023 προφῆται
1389 4945 1762 5021 προεφήτευον
1811 4945 1978 5013 οὕτω,

312 5041 568 5117 λέγοντες
603 5060 615 5072 ⁸
673 5033 955 5094 Ἀνάϐαινε
1011 5034 1088 5098 εἷς
1133 5035 1382 5108 Ῥεμμὲιθ
1434 5031 1676 5104 Γαλαὰδ,
1722 5033 1812 5088 καὶ
1865 5034 1983 5089 εὐο-

306 5128 503 5197 δώσει,
536 5129 627 5183 καὶ
659 5126 819 5182 δώσει
855 5129 1051 5199 Κύριος
1082 5123 1158 5186 εἷς
1219 5122 1410 5198 χεῖράς
1472 5143 1566 5176 σου
1618 5123 1711 5176 τὸν
1759 5124 1987 5198 βασιλέα

306 5217 539 5294 Συρίας.
573 5217 670 5271 Καὶ
703 5217 731 5269 6
758 5212 1014 5290 ἄγγελος,
1047 5214 1074 5267 6
1116 5210 1401 5286 πορευθεὶς
1445 5209 1672 5264 καλέσαι
1708 5211 1799 5264 τὸν
1855 5233 1992 5286 προ,

302 5310 497 5384 φήτην
527 5305 794 5380 Μιχαίαν,
826 5301 1094 5372 ἐλάλησεν
1125 5302 1275 5370 αὐτῷ
1321 5299 1496 5373 λέγων
1532 5319 1544 5332 ’
1580 5296 1720 5352 Ἰδοὺ
1757 5297 1823 5368 δὴ
1852 5300 1994 5362 πάν,⁹

297 5417 396 5458 τες
445 5396 499 5449 οὶ
546 5399 830 5470 προφῆται
881 5389 931 5444 ἐν
981 5389 1209 5463 στόματι
1262 5387 1339 5442 ἑνὶ
1387 5384 1621 5442 λαλοῦσι
1672 5387 1818 5443 καλά
1867 5391 1995 5466 περὶ

384 5506 463 5573 (0)
495 5505 627 5560 Ose.
657 5502 855 5573 x1v,_7.
937 5499 1014 5570 (p)
1047 5495 1430 5573 Epzecb._x_,_l_.

302 5571 401 5644 In,
427 5571 484 5631 8.
565 5580 638 5644 (ιι)
677 5571 822 5628 Psal.
848 5588 1016 5644 LIIVII,
1045 5571 1131 5623 18.

303 5641 460 5712 xin,
493 5641 588 5700 22.
625 5641 630 5643 ’
665 5645 743 5716 (b)
794 5642 941 5716 Psal.
975 5657 1200 5710 LXXXIV,
1233 5641 1288 5696 6.

309 5723 398 5797 (g)
431 5719 574 5775 Gen.
611 5732 764 5787 xxw,
797 5715 849 5772 4.

1508 5496 1585 5566 (q)
1619 5496 1772 5552 Psal.
1807 5515 1959 5569 XLIV,
1990 5499 2047 5556 9.
2125 5497 2197 5568 (ν)
2229 5498 2278 5553 ΙΙ
2313 5498 2451 5567 Reg.
2483 5515 2624 5567 xxu,
2658 5499 2745 5552 43.

1212 5570 1286 5642 (o)
1322 5569 1557 5642 Hebr._I,
1583 5571 1637 5642 8_.
1713 5569 1796 5642 (ας)
1834 5576 1968 5628 Luc.
1993 5588 2114 5642 xv.)
2169 5572 2246 5640 (y)

1366 5642 1440 5712 (ο)
1495 5639 1648 5696 Psal.
1679 5639 1793 5710 cix,
1828 5643 1877 5698 4.
1959 5643 2040 5716 (d)
2088 5639 2235 5698 Gen.
2265 5658 2318 5711 v,
2349 5642 2440 5697 29.
2517 5641 2590 5712 (e)
2640 5642 2764 5698 Jos.
2815 5643 3100 5710 xxm,15.

2083 4682 2236 4736 haud
2271 4682 2518 4736 dubium
2553 4681 2695 4752 quin
2724 4682 2792 4736 ad
2823 4681 3122 4737 Christum
3161 4684 3466 4739 referenda
3501 4685 3598 4740 sit.
3631 4685 3750 4741 Nec

2086 4770 2482 4840 dissimiliter,
2512 4787 2641 4841 quae
2675 4771 2734 4825 in
2770 4770 3011 4826 Psalmis
3045 4772 3116 4826 de
3151 4771 3469 4828 Salomone
3517 4773 3631 4828 dici
3678 4774 3763 4827 vi-

2093 4861 2313 4915 dentur
2343 4864 2612 4914 tantum:
2651 4859 2792 4913 nihil
2827 4860 3146 4914 obscurum
3182 4866 3271 4914 est
3310 4861 3367 4914 in
3423 4861 3552 4932 ipso
3604 4877 3764 4916 com-

2092 4949 2249 5021 pleta
2279 4965 2409 5003 esse
2469 4948 2724 5004 Christo.
2759 4948 3100 5003 Istiusmodi
3159 4949 3344 5019 igitur
3401 4949 3735 5004 enarrativa

2094 5039 2544 5093 distributiones
2590 5037 2888 5091 diversum
2935 5037 3069 5106 quid
3124 5038 3181 5091 in
3235 5039 3488 5109 speciem
3539 5055 3656 5102 prae
3704 5055 3766 5094 se

2098 5127 2374 5190 ferentes,
2432 5125 2662 5180 vocavit
2731 5125 3121 5180 multiformia
3197 5125 3602 5196 sophismata:
3645 5145 3766 5184 non

2101 5215 2255 5287 quod
2289 5215 2656 5268 frustratoria
2687 5214 3201 5286 argumentatione
3232 5214 3535 5270 veritatem
3563 5217 3766 5273 elude-

2103 5307 2257 5370 rent,
2291 5303 2486 5357 verius
2519 5303 2660 5373 quia
2690 5303 2744 5357 id
2778 5303 3136 5373 explicarent
3165 5304 3487 5374 sapienter,
3518 5307 3675 5376 quod
3712 5307 3771 5364 in

2108 5391 2317 5463 primis
2346 5393 2680 5446 vertebatur
2710 5392 2767 5445 in
2792 5391 3202 5462 quaastionem.
3237 5393 3520 5449 Praeterea
3561 5395 3773 5468 gigan-

2825 5498 2891 5571 (ε)
2918 5498 3086 5574 Psal.
3126 5515 3255 5568 va,
3291 5502 3383 5574 ις),
3458 5501 3523 5574 (ι)
3552 5501 3773 5574 Habac.

2855 5570 3110 5640 (1.)Psal.
3137 5588 3298 5640 XLIII,
3321 5572 3412 5626 23.
3466 5570 3570 5643 (α)
3592 5579 3746 5630 Num

3179 5642 3246 5716 (/)
3291 5643 3435 5700 Gen.
3468 5642 3646 5715 xvaI,
3677 5647 3751 5700 29

2269 5564 2426 5624 Psal.
2454 5564 2660 5636 Lxxvil,
2685 5571 2776 5624 65.
