4108 6390
387 425 488 479 487

1221 423 1588 477 ΑΡΡΕΝΒΙΧ
1630 423 1727 476 AD
1762 421 2005 476 OPERA
2043 422 2101 474 Β.
2142 421 2456 477 DIONYSII
2495 419 2999 476 AREOPAGITE.

3696 417 3810 474 488

384 548 737 604 tomachiam
761 544 920 600 illam
942 546 1240 617 turrisque
1267 544 1449 600 multo
1474 544 1866 600 celeberrimas
1899 543 2037 599 sub-

2153 546 2248 596 τοῦ
2283 541 2550 617 βασιλέως
2577 562 2588 575 ·
2621 540 2778 618 γενοὺ
2807 541 2896 595 καὶ
2928 540 2990 594 σὺ
3021 538 3099 601 εἰς
3143 537 3340 613 λόγους
3369 560 3464 594 σου
3513 539 3650 596 κατᾶ
3676 540 3808 603 τοὺς

383 638 790 698 structionem,
810 639 873 690 ut
889 635 946 689 in
963 635 1174 690 Genesi
1198 635 1304 702 (Ιι),
1323 635 1553 688 abunde
1571 635 1834 699 refertur;
1855 649 2042 704 neque

382 744 496 782 non
547 727 828 780 adversus
883 724 1118 778 Achaab
1170 724 1378 777 initum
1432 721 1767 786 consilium,
1798 723 1952 776 sicut
1984 719 2040 774 in

379 815 550 870 tertio
564 831 797 885 quoque
817 814 1150 882 Regnorum
1168 812 1234 883 (ι’)
1255 811 1511 866 invenire
1525 820 1608 865 est
1626 831 1639 878 ;
1674 828 1789 882 quo
1805 811 2039 882 quidem

379 903 506 958 loco
539 903 735 956 divina
765 902 1014 972 explicat
1043 900 1364 972 Scriptura,
1398 917 1514 971 quo
1549 905 1718 972 pacto
1757 900 2045 971 Josaphat

381 993 530 1048 277
568 1009 700 1047 cum
737 990 934 1045 Achab
971 1005 1100 1059 rege
1131 988 1306 1044 Israel
1339 989 1690 1043 convenerit.
1729 990 1900 1043 Porro
1946 1005 2045 1042 rex

382 1081 557 1137 Israel
591 1081 737 1135 dixit
767 1079 888 1149 regi
935 1080 1124 1134 Juda:
1176 1079 1234 1133 Si
1284 1079 1565 1133 ascendes
1624 1078 1930 1132 nobiscum
1984 1077 2043 1133 in

380 1169 600 1225 bellum
631 1169 688 1222 in
715 1166 1063 1222 Rhemmath
1094 1165 1354 1221 Galaad?
1378 1165 2042 1237 ResponditJosaphat;

382 1258 544 1313 Sicut
594 1273 723 1329 ego,
753 1257 836 1310 ila
883 1261 940 1310 et
990 1261 1091 1310 tu:
1148 1259 1211 1309 ut
1259 1254 1516 1326 populus
1567 1271 1754 1323 meus,
1791 1255 2044 1326 populus

381 1353 556 1402 tuus:
609 1351 674 1400 ut
714 1346 845 1416 equi
884 1346 1020 1414 mei,
1055 1343 1189 1416 equi
1221 1344 1328 1398 tui.
1360 1344 1588 1414 Adjecit
1616 1360 1847 1415 quoque
1877 1343 2045 1398 Josa-

384 1437 544 1508 phat,
571 1436 690 1507 regi
717 1434 891 1490 Israel
920 1435 1155 1489 dicens:
1184 1436 1566 1504 Interrogate.
1589 1435 1851 1499 obsecro,
1874 1432 2046 1488 hodie

383 1525 724 1580 Dominum.
749 1527 816 1577 Et
839 1524 1211 1594 congregavit
1238 1539 1334 1576 rex
1361 1521 1536 1577 Israel
1570 1539 1774 1577 omnes
1799 1521 2044 1593 prophe-

381 1619 472 1670 tas
499 1613 667 1685 quasi
699 1612 1186 1684 quadringentos.
1220 1616 1291 1666 Et
1339 1611 1486 1665 dixit
1537 1628 1635 1666 rex
1687 1610 1862 1665 Israel
1916 1628 2046 1682 pro-

379 1702 605 1775 phetis:
641 1701 701 1756 Si
734 1700 1150 1773 proﬁciscarin
1179 1700 1530 1754 Rhemmath
1565 1700 1780 1754 Galaad
1817 1700 1887 1753 ad
1926 1699 2044 1753 bel-

378 1791 648 1860 landum,
675 1809 745 1847 an
765 1807 856 1845 me
869 1791 1139 1844 contineo
1155 1790 1182 1844 ?
1200 1790 1726 1860 Etresponderunt:
1743 1789 2044 1855 Ascende;

376 1882 526 1936 dans
557 1881 712 1935 enim
745 1880 907 1934 dabit
936 1895 1064 1933 eam
1100 1879 1389 1933 Dominus
1433 1878 1490 1931 in
1529 1895 1741 1932 manus
1773 1878 1946 1949 regis.
1980 1878 2050 1930 Et
2083 1908 2125 1971 Β

379 1971 526 2025 dixit
545 1969 832 2040 Josaphat
857 1969 925 2022 ad
955 1967 1221 2022 Achaab:
1247 1967 1372 2021 Non
1398 1975 1483 2022 est
1506 1967 1600 2021 hic
1632 1967 1916 2038 propheta
1945 1966 2048 2021 ali-

381 2059 516 2130 quis
551 2057 807 2126 Domini,
840 2061 906 2110 ut
936 2056 1371 2128 interrogemus
1403 2055 1719 2110 Dominum
1757 2071 1858 2125 per
1888 2055 2050 2110 eum?

380 2148 452 2202 Et
501 2147 805 2218 respondit
838 2162 932 2200 rex
967 2144 1145 2200 Israel
1200 2147 1268 2199 ad
1323 2145 1642 2216 Josaphat:
1704 2146 1905 2200 Adhuc
1963 2144 2050 2198 vir

380 2252 533 2290 unus
564 2239 674 2303 est,
709 2251 810 2306 per
841 2251 1014 2304 quem
1069 2234 1434 2304 interrogare
1484 2250 1801 2304 possumus
1850 2233 2046 2287 Domi-

377 2341 562 2390 num;
595 2324 695 2378 sed
739 2339 846 2393 ego
895 2322 989 2376 odi
1043 2338 1202 2390 eum,
1236 2323 1376 2392 quia
1426 2339 1539 2376 non
1591 2321 1854 2392 loquitur
1905 2321 2050 2375 mihi

379 2415 554 2480 bona,
589 2413 689 2466 sed
739 2411 912 2476 mala,
947 2411 1219 2465 Michzeas
1275 2410 1431 2465 ﬁlius
1480 2411 1771 2466 Jemblaa.
1807 2411 1875 2465 Et
1906 2410 2050 2464 dixit

375 2500 663 2572 Josaphat
693 2516 788 2554 rex
819 2501 1002 2554 Juda:
1045 2499 1125 2553 Ne
1172 2499 1433 2570 loquaris
1457 2499 1559 2564 ita,
1585 2517 1702 2554 rex.
1731 2500 1796 2553 Et
1828 2498 2048 2554 vocavit

376 2606 476 2644 rex
505 2588 680 2643 Israel
712 2589 1049 2643 eunuchum
1087 2605 1292 2656 unum,
1335 2594 1394 2642 et
1443 2588 1620 2643 dixit:
1668 2590 1940 2643 Actutum
1975 2588 2046 2642 ad

375 2694 472 2733 me
503 2680 686 2732 accito
719 2677 1020 2732 Michteam
1057 2676 1244 2732 ﬁlium
1277 2677 1566 2733 Jemhlaa.
1607 2677 1670 2732 Et
1701 2677 1935 2732 Achaab
1990 2681 2048 2732 et.

377 2766 668 2837 Josaphat
698 2782 864 2836 reges
897 2766 1179 2820 sedebant
1209 2766 1267 2820 in
1303 2765 1468 2821 soliis
1499 2767 1621 2820 suis
1647 2767 2049 2837 armatijuxta

376 2860 578 2928 portas
610 2855 910 2924 Samariae,
944 2859 1001 2910 et
1034 2871 1238 2910 omnes
1271 2854 1356 2909 illi
1393 2855 1690 2926 prephetzs
1735 2855 2047 2926 propheta-

380 2945 524 2999 bant
554 2960 753 2998 coram
789 2943 914 3013 eis;
951 2943 1086 2998 fecit
1117 2960 1353 3014 quoque
1403 2945 1513 2998 sibi
1565 2945 1837 2999 Sedecias
1891 2944 2047 2998 ﬁlius

379 3033 654 3088 Chanaan
682 3049 905 3088 cornua
929 3033 1132 3099 ferrea,
1158 3040 1214 3088 et
1237 3033 1548 3088 dixitzllaac
1574 3033 1716 3088 dicit
1743 3033 2045 3088 Dominus:

382 3121 484 3177 llis
517 3122 799 3177 cornibus
848 3121 1162 3176 ventilabis
1211 3123 1460 3194 Syriam.
1497 3139 1801 3193 usquequo
1833 3139 2048 3176 consu-

377 3215 591 3266 metur.
626 3209 691 3264 Et
722 3226 928 3264 omnes
964 3209 1262 3282 prophetae
1320 3211 1752 3281 prophetabant
1783 3211 1850 3264 ad
1888 3210 2045 3264 hunc

2152 630 2355 706 λόγους
2409 632 2522 693 ἐνὸς
2577 630 2808 700 τούτων,
2866 629 2956 684 καὶ
3012 624 3257 698 λάλησον
3325 627 3486 686 καλά.
3541 628 3642 684 Καῗ
3689 630 3810 684 εἶπε

2151 721 2398 796 Μιχαίας
2433 741 2445 753 ·
2481 725 2554 794 Ζῇ
2590 720 2809 796 Κύριος,
2843 718 2873 773 ὅ
2900 739 2953 773 τι
2985 715 3044 772 ἃν
3080 715 3204 791 εἷ’πῃ
3264 716 3458 792 Κύριος
3518 719 3656 794 πρὸς
3717 719 3806 791 μὶ,

2150 814 2314 865 τοῦτο
2348 807 2597 880 λαλήσω.
2634 807 2730 863 Καί
2757 806 2896 876 ἦλθε
2926 806 3167 882 Μιχαίας
3214 805 3352 882 πρὸς
3407 807 3497 862 τὸν
3555 805 3807 883 βασιλέα.

2153 898 2252 953 Καὶ
2308 898 2448 953 εἶπεν
2506 900 2533 953 6
2583 896 2834 973 βασιλεὺς
2887 895 3031 967 αύτῷ
3070 914 3086 931 ι
3129 895 3363 970 Μιχαία,
3397 895 3441 950 εἰ
3492 892 3674 951 ἀναῦῶ
3732 896 3811 958 εἷς

2153 989 2399 1060 Ῥεμμὰθ
2429 985 2643 1043 Γαλαὰδ
2678 986 2753 1048 εἷς
2812 984 3082 1058 πόλεμον,
3185 982 3433 1059 ἐπισχῶ;
3468 985 3570 1041 Καὶ
3621 987 3765 1040 εἶπεν
3794 1004 3809 1018 ·

2155 1072 2459 1145 ’Λναϐαινε,
2491 1077 2580 1131 καὶ
2614 1073 2873 1131 εύοδώσει
2907 1074 3108 1150 Κύριος
3140 1074 3215 1136 εἷς
3261 1079 3454 1149 χεῖρας
3500 1079 3597 1129 τοῦ
3651 1077 3817 1148 βασι-

2157 1165 2319 1230 λέως.
2356 1168 2453 1223 Καὶ
2509 1168 2652 1222 εἶπεν
2709 1166 2855 1239 αὐτῷ
2886 1167 2914 1220 6
2955 1163 3209 1241 βασιλεύς
3241 1184 3252 1196 ·
3282 1165 3516 1226 ΙΙοσάκις
3561 1164 3665 1240 ἐγὼ
3716 1165 3811 1240 ὀρ-

2155 1257 2293 1326 κίζω
2326 1278 2382 1311 σε
2414 1256 2564 1318 ὅπως
2599 1255 2852 1330 λακήσῃς
2883 1255 3020 1328 πρὸς
3063 1255 3128 1327 μὶ
3168 1251 3427 1324 ἀλήθειαν
3482 1253 3533 1308 ἐν
3585 1253 3818 1326 ὀνόματι

2157 1345 2401 1420 Κυρίου;
2456 1347 2557 1400 Καὶ
2617 1347 2732 1400 εἶπε
2791 1343 3032 1419 Μιχαίας
3066 1361 3079 1374 °
3139 1341 3261 1416 Οὐχ
3309 1341 3504 1405 οὕτως.
3563 1343 3820 1419 Ἑώρακα

2157 1433 2326 1488 πάντα
2373 1435 2465 1489 τὸν
2521 1433 2742 1510 Ἰσραήλ
2809 1431 3202 1506 διεσπαρμένον
3253 1431 3304 1487 έν
3345 1436 3461 1494 τοῖς
3508 1427 3686 1506 ὄρεσιν
3736 1431 3816 1495 ὠς

2157 1523 2440 1596 ποίμνιον,
2475 1523 2520 1596 ᾧ
2579 1523 2680 1578 ούκ
2723 1519 2833 1577 ἔστι
2891 1524 3120 1594 ποιμήν.
3156 1521 3258 1577 Καὶ
3307 1522 3419 1591 εἶπε
3451 1520 3652 1595 Κύριος
3687 1541 3699 1553 ·
3735 1521 3816 1578 Ού

2159 1611 2355 1685 Κύριος
2402 1611 2624 1674 τούτοις
2685 1611 2761 1673 εἰς
2821 1609 2986 1679 Θεόν;
3021 1609 3423 1686 Ἀναστρεφέτω
3469 1605 3690 1670 ἕκαστος
3739 1609 3818 1669 εἰς

2155 1701 2247 1755 τὸν
2306 1703 2455 1754 οἷκον
2513 1700 2678 1754 αὐτοῦ
2737 1699 2788 1754 έν
2841 1699 3047 1776 εἰρήνῃ.
3085 1697 3182 1752 Καὶ
3228 1697 3371 1752 εἶπεν
3421 1691 3630 1773 ’Δχαὰϐ
3678 1698 3822 1770 πρὸς

2160 1788 2444 1866 Ἰωσαφάτ·
2478 1788 2592 1845 Οὐκ
2623 1789 2745 1842 εἶπα
2773 1789 2909 1862 πρὸς
2943 1787 3020 1858 at,
3054 1787 3118 1840 οὐ
3152 1786 3486 1860 προφητεύει
3517 1785 3671 1848 οὗτός
3719 1806 3821 1858 μοι

2157 1877 2319 1946 καλὰ,
2351 1876 2488 1932 διότι
2524 1876 2648 1931 ἀλλ’
2674 1879 2707 1946 ἢ
2740 1876 2916 1945 κακά;
2953 1877 3047 1932 Καὶ
3085 1877 3198 1929 εἷπε
3233 1874 3475 1950 Μιχαίας
3509 1893 3522 1906 ⁸
3552 1874 3674 1950 Οὐχ
3725 1875 3826 1928 0⁷3-

2162 1989 2292 2036 τως,
2337 1966 2435 2020 οὐκ
2496 1965 2622 2040 ἐγώ.
2679 1971 2877 2022 ’Ἀκουε
2935 1964 3087 2039 ῥῆμα
3143 1964 3341 2039 Κυρίου
3375 1981 3387 1994 ⁸
3444 1963 3567 2039 Οὐχ
3615 1962 3824 2026 οὕτως.

2159 2053 2319 2112 Εἶδον
2375 2056 2573 2130 Κύριον
2634 2055 2760 2112 Θεὸν
2818 2053 3040 2129 Ἰσραὴλ
3099 2054 3407 2126 καθήμενον
3477 2052 3564 2106 ἰπὶ
3619 2052 3822 2127 θρόνου

2159 2145 2344 2213 αὐτοῦ,
2391 2145 2480 2199 καὶ
2549 2149 2691 2198 πᾶσα
2741 2146 2776 2212 ἡ
2839 2143 3063 2216 στρατιὰ
3125 2146 3222 2196 τοῦ
3281 2142 3515 2217 ούρανοῦ
3575 2141 3822 2212 εἱστήκει

2157 2234 2282 2308 περὶ
2339 2234 2498 2288 αὐτὸν
2559 2233 2619 2288 ἐκ
2651 2231 2838 2303 δεξιῶν
2867 2231 3032 2286 αὐτοῦ
3065 2231 3156 2285 καὶ
3188 2229 3237 2302 ἐξ
3272 2229 3565 2304 εὐωνύμων
3626 2230 3821 2288 αὐτοῦ.

2157 2323 2256 2378 Καὶ
2319 2322 2434 2376 εἶπε
2483 2322 2678 2395 Κύριος
2713 2340 2725 2353 ⁸
2760 2320 2860 2382 Τίς
2906 2320 3172 2388 ἀπατήσει
3203 2320 3293 2374 τὸν
3319 2314 3530 2394 Ἀχαὰϐ
3584 2318 3821 2395 βασιλέα

2157 2411 2400 2487 Ἰσραὴλ,
2459 2412 2548 2465 καὶ
2597 2405 2946 2481 ἀναϐήσεται,
3004 2409 3093 2464 καὶ
3152 2415 3395 2463 πεσεῖται
3443 2408 3519 2470 εἷς
3567 2410 3820 2482 Ῥεμμαθ

2155 2498 2408 2567 Γαλαᾶδς
2441 2500 2536 2554 Καὶ
2583 2503 2728 2554 εἶπεν
2790 2501 2947 2560 οὗτος
2997 2497 3161 2566 οὕτω,
3193 2499 3282 2552 καὶ
3328 2498 3484 2562 οὗτος
3515 2497 3675 2553 οὕτω.
3714 2498 3825 2553 Καὶ

2158 2587 2351 2660 ἐξῆλθε
2379 2593 2614 2661 πνεῦμα,
2647 2590 2737 2643 καὶ
2768 2583 2894 2658 ἕστη
2928 2586 3157 2642 ἐνώπιον
3213 2586 3434 2662 Κυρίου,
3479 2586 3570 2642 καὶ
3619 2589 3766 2642 εἶπεν
3806 2606 3820 2617 ·

2158 2678 2302 2754 Ἐγὼ
2361 2680 2625 2748 ἀπατήσω
2677 2677 2854 2733 αὐτόν.
2892 2677 2988 2731 Καὶ
3023 2679 3141 2732 εἷπε
3187 2677 3324 2752 πρὸς
3380 2676 3513 2731 αὐτὸ
3572 2675 3774 2752 Κύριος
3808 2696 3826 2711 ⁶

2158 2769 2245 2823 Ἐν
2274 2767 2417 2836 τίνι;
2445 2766 2545 2823 Καὶ
2580 2769 2726 2821 εἶπεν
2762 2784 2775 2797 ·
2803 2764 3189 2838 Ἐξελεύσομαι
3229 2767 3320 2819 καὶ
3369 2759 3567 2837 ἔσομαι
3607 2770 3832 2839 πνεῦμα

2157 2853 2346 2931 ψευδὲς
2377 2855 2430 2910 ἐν
2462 2856 2690 2928 στόματι
2723 2854 2939 2910 πάντων
2983 2859 3091 2909 τῶν
3143 2859 3442 2931 προφητῶν
3489 2853 3675 2912 αὐτοῦ.
3717 2855 3831 2910 Καὶ

2159 2949 2304 3002 εἶπεν
2331 2965 2342 2976 ·
2375 2947 2722 3015 Ἀπατήσεις,
2756 2945 2845 3000 καί
2877 2966 2938 3020 γε
2971 2942 3201 3020 δυνήσῃ,
3234 2939 3436 3015 ἔξελθε,
3467 2945 3558 2998 καὶ
3587 2943 3825 3015 ποίησον

2159 3035 2322 3091 οὕτω.
2359 3034 2455 3089 Καὶ
2483 3039 2574 3088 νῦν
2622 3032 2741 3088 ἰδοὺ
2790 3031 2983 3090 ἔδωκε.
3016 3033 3218 3108 Κύριος
3260 3037 3475 3106 πνεῦμα
3513 3030 3708 3106 ψευδὲς
3769 3033 3826 3088 ἐν

2157 3124 2386 3196 στόματι
2445 3125 2660 3178 πάντων
2705 3128 2812 3178 τῶν
2876 3126 3173 3200 προφητῶν
3253 3143 3350 3176 σου
3422 3121 3654 3178 τούτων.
3716 3122 3821 3179 Καὶ

2159 3212 2358 3288 Κύριος
2408 3211 2675 3281 ἐλάλησεν
2721 3211 2811 3266 ἐπὶ
2861 3213 2918 3266 σὲ
2965 3213 3123 3268 κακὰ.
3176 3211 3275 3266 Καὶ
3323 3210 3607 3287 προσῆλθε
3653 3208 3819 3266 Σεδε-

374 3301 639 3365 modum,
673 3301 974 3354 dicentes:
1028 3300 1291 3354 Ascende
1322 3299 1381 3354 in
1416 3299 1772 3355 Rhemmath
1795 3299 2036 3368 Galaad,

2153 3303 2272 3364 κίας
2305 3302 2419 3362 υἱὸς
2452 3303 2688 3369 Χαναὰν,
2723 3301 2811 3356 καὶ
2845 3300 3070 3372 ἐπάταξε
3108 3301 3199 3355 τὸν
3262 3300 3504 3374 Μιχαίαν
3567 3299 3656 3354 ἐπὶ
3715 3302 3809 3368 τήν

372 3405 720 3461 prosperum
755 3388 914 3442 enim
942 3388 1054 3442 erit
1076 3388 1186 3442 iter
1216 3393 1408 3456 tuum,
1437 3393 1493 3442 et
1541 3388 1705 3442 dabit
1754 3387 2037 3443 Dominus

373 3477 433 3532 in
464 3494 676 3533 manus
705 3482 839 3530 tuas
872 3492 1063 3547 regem
1103 3476 1302 3547 Syriae.
1337 3477 1404 3531 Et
1435 3477 1680 3532 nuntius
1733 3477 1832 3547 qui
1894 3477 2040 3531 ierat

374 3567 445 3620 ad
477 3565 806 3620 vocandum
851 3563 1198 3634 prephetam
1233 3564 1556 3630 Micbaaam,
1587 3565 1814 3620 locutus
1847 3571 1937 3620 est
1966 3565 2038 3620 ad

376 3669 507 3707 eum
534 3653 768 3706 dicens:
795 3656 934 3706 Ecce
966 3668 1169 3706 omnes
1202 3653 1497 3723 prephetaa
1523 3670 1637 3708 uno
1661 3670 1758 3708 ore
1783 3653 2040 3725 loquun-

371 3746 472 3796 tur
495 3743 649 3796 bona
688 3757 884 3795 coram
920 3757 1072 3812 rege.
1107 3744 1241 3795 Esto
1275 3745 1332 3795 et
1365 3746 1425 3795 tu
1459 3759 1690 3813 quoque
1721 3744 1778 3797 in
1811 3760 2039 3797 sermo-

374 3831 553 3885 nibus
600 3829 719 3884 tuis
771 3830 1099 3884 secundum
1134 3846 1435 3886 sermones
1470 3830 1648 3886 unius
1678 3832 1951 3901 istorum,
1984 3837 2042 3887 et

373 3921 529 3974 bona
555 3917 864 3988 eloquitor.
899 3919 968 3972 Et
998 3919 1145 3972 dixit
1179 3918 1450 3975 Michaes:
1505 3920 1655 3975 Vivit
1706 3921 2037 3988 Dominus;

373 4006 513 4078 quia
557 4007 952 4077 quodcunque
1000 4007 1212 4062 dixerit
1259 4007 1401 4061 mihi
1456 4008 1765 4078 Dominus,
1799 4009 1907 4064 hoc
1957 4010 2040 4065 lo-

371 4111 540 4166 quar.
588 4099 652 4148 Et
684 4094 842 4148 venit
873 4095 1148 4150 Michmas
1177 4098 1247 4150 ad
1285 4113 1505 4166 regem,
1551 4102 1607 4153 et
1637 4097 1782 4152 dixit
1813 4099 1862 4153 ei
1898 4116 1993 4154 rex
2023 4118 2035 4156 :

374 4183 642 4247 Michaaa,
678 4183 727 4238 si
764 4184 1078 4238 ascendam
1113 4185 1170 4238 in
1208 4184 1560 4240 Rhemmath
1595 4186 1810 4242 Galaad
1835 4190 1903 4242 ad
1928 4187 2039 4243 bel-

367 4272 636 4342 landum,
654 4288 724 4325 an
752 4271 1084 4341 quiescam?
1102 4273 1168 4326 Et
1191 4273 1514 4344 respondit:
1532 4276 1817 4343 Ascende,
1835 4284 1889 4330 et
1907 4294 2037 4348 pro-

370 4375 539 4432 spera
573 4360 736 4414 dabit
767 4359 1055 4415 Dominus
1088 4377 1214 4416 eam
1248 4361 1305 4416 in
1343 4379 1552 4418 manus
1586 4364 1758 4434 regis.
1794 4366 1862 4419 Et
1892 4366 2038 4422 dixit

371 4449 423 4504 ei
457 4465 591 4504 rex:
644 4449 883 4513 Quoties
933 4465 1040 4519 ego
1091 4450 1294 4519 adjuro
1341 4456 1418 4520 te,
1471 4457 1536 4506 ut
1587 4452 1846 4524 loquaris
1897 4456 2036 4510 mihi

371 4539 527 4610 quod
557 4554 760 4593 verum
793 4543 901 4600 est,
929 4538 1106 4610 idque
1134 4537 1193 4592 in
1228 4541 1463 4596 nomine
1495 4541 1774 4597 Domini?
1805 4544 1873 4598 Et
1897 4545 2042 4600 dixit

2148 3391 2386 3466 σιαγόνα,
2420 3391 2511 3446 καὶ
2545 3394 2663 3446 εἷπε
2697 3410 2710 3424 ⁶
2747 3393 2912 3448 Ποῖον
2942 3394 3154 3464 πνεῦμα
3199 3391 3261 3444 τὸ
3296 3389 3544 3458 λαλῆσαν
3593 3388 3645 3443 ἐν
3689 3390 3814 3458 σοί;

2150 3483 2250 3537 Καὶ
2285 3483 2401 3535 εἷπε
2432 3481 2669 3555 Μιχαίας
2703 3498 2715 3512 ·
2748 3478 2886 3535 Ἰδοὺ
2919 3479 2980 3534 σὺ
3014 3476 3135 3553 ὄψει
3167 3479 3217 3534 ἐν
3267 3482 3336 3553 τῇ
3385 3480 3569 3552 ἡμέρᾳ
3618 3477 3815 3553 ἐκείνῃ,

2149 3569 2273 3624 ὅταν
2321 3568 2573 3644 εἰσέλθῃς
2625 3568 2700 3630 εἷς
2751 3569 2812 3623 τὸ
2871 3574 3095 3641 ταμεῖον
3143 3572 3238 3622 τοῦ
3283 3567 3512 3638 ταμείου
3561 3588 3660 3621 σου
3718 3573 3820 3623 τοῦ

2145 3653 2432 3734 κρυϐῆναι.
2471 3659 2567 3714 Καὶ
2617 3661 2762 3713 εἶπεν
2818 3653 3028 3733 Ἀχαάϐ
3063 3677 3074 3688 ·
3109 3651 3254 3711 Λάϐε
3292 3656 3380 3710 τὸν
3415 3654 3686 3729 Μιχαίαν,
3723 3658 3815 3710 καὶ

2148 3746 2519 3822 ἀποστρέψατε
2551 3746 2710 3802 αὐτὸν
2743 3748 2879 3821 πρὸς
2911 3747 3097 3819 Ἀμὼν
3128 3745 3219 3800 τὸν
3267 3741 3509 3820 ἄρχοντα
3557 3748 3663 3810 τῆς
3712 3745 3818 3799 πό-

2150 3832 2310 3904 λεως,
2340 3839 2436 3888 τοῦ
2478 3835 2660 3898 θέσθαι
2706 3839 2900 3888 τοῦτον
2951 3832 3003 3887 ἐν
3053 3831 3294 3910 φυλακῇ,
3327 3831 3416 3886 καὶ
3467 3830 3663 3885 ἐσθίειν
3718 3832 3819 3886 αύ-

2145 3925 2238 3979 τὸν
2274 3922 2434 3999 ἄρτον
2470 3922 2733 3996 θλίψεως,
2761 3925 2851 3978 καὶ
2897 3921 3043 3996 ὕδωρ
3094 3921 3354 3996 θλίψεως,
3385 3918 3491 3982 ἓως
3541 3925 3642 3975 τοῦ
3697 3919 3819 3975 έπι-

2149 4013 2372 4089 στρέψαι
2407 4035 2473 4086 με
2507 4014 2557 4068 ἐν
2589 4013 2806 4088 εἷ’ρήνῃ.
2843 4015 2943 4070 Καὶ
2978 4013 3092 4067 εἶπε
3124 4011 3373 4087 Μιχαίας
3412 4015 3493 4082 τῷ
3548 4009 3768 4084 βασιλεῖ
3800 4028 3814 4042 ⁸

2150 4104 2275 4159 Ἐὰν
2322 4101 2654 4180 ἐπιστρέφων
2703 4101 3032 4176 ἦπιστρέψῃς
3077 4101 3128 4154 ἐν
3181 4099 3388 4173 εἰρήνῃ,
3424 4099 3523 4154 ούκ
3575 4097 3808 4166 ὶλάλησε

2152 4190 2347 4265 Κύριος
2393 4191 2444 4244 έν
2485 4189 2631 4263 ἐμοί.
2666 4191 2761 4246 Καὶ
2804 4186 3072 4259 ἀνέϐησαν
3102 4191 3153 4244 οἱ
3186 4189 3280 4244 δύο
3318 4187 3568 4264 βασιλεῖς
3601 4181 3809 4260 ’Λχαᾶϐ

2148 4281 2236 4334 καὶ
2273 4280 2539 4353 Ἰωσαφὰτ
2591 4279 2666 4340 εἷς
2723 4280 2965 4353 Ῥεμμὰθ
3020 4275 3256 4334 Γαλαὰδ.
3315 4276 3413 4332 Καὶ
3473 4278 3592 4330 εἷπε
3656 4275 3814 4350 βασι-

2151 4367 2278 4431 λεὺς
2309 4367 2530 4443 Ἰσραὴλ
2581 4369 2716 4444 πρὸς
2751 4368 3018 4446 Ἰωσαφὰτ
3067 4364 3293 4442 βασιλέα
3341 4362 3524 4421 Ἰούδα
3557 4383 3569 4396 ⁸
3607 4363 3822 4438 Συγκα-

2151 4456 2322 4528 λυψόν
2374 4479 2461 4529 με,
2506 4458 2595 4512 καὶ
2647 4457 3026 4529 εἰσελεύσομαι
3079 4455 3154 4517 sic
3199 4455 3290 4510 τὸν
3323 4453 3592 4526 πόλεμον,
3625 4453 3718 4506 καὶ
3754 4452 3820 4505 σὺ

2151 4543 2366 4600 ἔνδυσαι
2410 4546 2502 4601 τὸν
2555 4547 2852 4618 ἱματισμόν
2907 4567 3032 4619 μου.
3069 4544 3166 4600 Καὶ
3201 4540 3611 4615 συνεκαλύψατο
3652 4541 3680 4594 6
3720 4541 3822 4616 βα-

371 4626 680 4682 Μίοῐιεεαεε
725 4626 847 4681 Non
879 4627 981 4682 sic.
1017 4627 1146 4682 Vidi
1180 4634 1458 4684 cunctum
1493 4629 1670 4685 Israel
1702 4632 2036 4703 dispersum

2153 4633 2334 4696 σιλεὺς
2394 4633 2638 4710 Ἰσραὴλ,
2699 4635 2790 4690 καὶ
2845 4634 3094 4704 εἷ’σῆλθεν
3149 4633 3225 4696 εἷς
3263 4632 3354 4687 τὸν
3409 4629 3683 4702 πόλεμον.
3715 4629 3821 4683 Καὶ

371 4714 430 4770 in
468 4716 767 4770 montibus
799 4716 965 4786 quasi
1002 4716 1198 4772 ovium
1233 4734 1491 4791 gregem,
1523 4719 1615 4774 cui
1649 4737 1766 4774 non
1807 4725 1896 4775 est
1944 4740 2040 4793 pa-

373 4809 515 4860 stor.
548 4805 610 4858 Et
644 4803 791 4859 dixit
823 4804 1149 4860 Dominus:
1184 4806 1336 4860 Num
1372 4807 1660 4863 Dominus
1700 4808 1792 4864 his
1844 4816 1930 4866 est
1980 4811 2039 4866 in

369 4893 601 4949 Deum?
633 4894 977 4948 Revertatur
1004 4895 1412 4966 unusquisque
1434 4897 1492 4950 in
1517 4898 1758 4952 domum
1785 4915 1952 4955 suam
1979 4901 2039 4955 in

372 4998 532 5054 pace.
555 4983 622 5036 Et
643 4981 790 5036 dixit
815 4983 1046 5037 Achaab
1073 4984 1141 5036 ad
1168 4983 1483 5055 Josaphat:
1522 4990 1725 5041 Nonne
1757 4988 1874 5042 dixi
1907 4991 2037 5057 tibi,

375 5071 512 5140 quia
531 5087 643 5124 non
667 5070 980 5140 prophetat
1005 5071 1146 5125 mihi
1174 5074 1283 5127 iste
1309 5073 1480 5138 bona,
1501 5076 1599 5129 sed
1627 5077 1820 5146 potius
1843 5079 2041 5134 mala?

374 5162 442 5212 Et
489 5159 705 5228 adjecit
755 5159 1068 5214 Michaeas:
1102 5160 1226 5215 Non
1264 5163 1368 5228 sic,
1396 5179 1506 5218 non
1542 5180 1669 5236 ego.
1703 5166 1854 5221 278
1886 5169 2037 5222 Audi

377 5247 615 5301 verbum
651 5247 923 5303 Domini:
973 5248 1096 5302 Non
1151 5250 1254 5304 sic.
1299 5251 1429 5304 Vidi
1485 5251 1797 5308 Dominum
1853 5256 2036 5312 Deum

375 5334 552 5391 Israel
578 5336 875 5391 sedentem
901 5353 1080 5408 super
1101 5337 1315 5392 solium
1340 5357 1512 5395 suum
1539 5358 1552 5400 :
1587 5346 1642 5396 et
1671 5343 1866 5399 omnis
1892 5345 2039 5400 mili-

375 5422 458 5479 tia
485 5423 613 5477 caeli
648 5429 893 5480 steterat
938 5426 996 5479 in
1048 5427 1296 5482 circuitu
1335 5428 1539 5499 ipsius,
1574 5448 1606 5484 a
1636 5432 1855 5488 dextris
1905 5441 1961 5490 et
2007 5453 2040 5490 a

377 5511 656 5568 sinistris.
690 5513 758 5568 Et
783 5513 928 5568 dixit
955 5515 1272 5572 Dominus:
1320 5518 1460 5583 Quis
1505 5520 1755 5592 decipiet
1800 5523 2036 5581 Achaab

448 5727 528 5802 (ἢ)
557 5731 692 5801 Cap.
726 5744 806 5785 xI.
881 5727 950 5802 (ἰ)
980 5731 1120 5802 Cap.
1151 5747 1265 5788 xvx.

2153 4723 2180 4776 6
2217 4722 2472 4798 βασιλεὺς
2506 4724 2703 4800 Συρίας
2733 4722 3039 4779 ἐνετείλατο
3069 4727 3185 4784 τοῖς
3221 4721 3452 4798 ἄρχουσι
3483 4723 3592 4774 τῶν
3643 4717 3822 4791 ἁρμά-

2148 4834 2257 4867 των
2291 4815 2460 4868 αύτοῦ
2488 4816 2783 4890 τριάκοντα
2813 4815 2903 4869 καὶ
2939 4811 3058 4879 δύο,
3092 4813 3265 4886 λέγων
3303 4831 3314 4842 ·
3363 4811 3451 4878 Μὴ
3512 4807 3827 4880 πολεμεῖτε

2155 4905 2349 4978 μικρὸν
2381 4905 2472 4958 καὶ
2509 4906 2698 4980 μέγαν,
2733 4904 2858 4961 ἄνελ’
2887 4903 2922 4973 ἢ
2952 4906 3043 4958 τὸν
3099 4899 3326 4979 βασιλέα
3357 4895 3579 4975 Ἰσραὴλ
3635 4898 3825 4970 μονώ-

2147 5013 2332 5048 τατον.
2369 4994 2466 5048 Καὶ
2498 4993 2706 5066 ἐγένετο
2741 4993 2814 5048 ὡς
2850 4991 2994 5048 εἶδον
3041 4993 3092 5047 οἱ
3147 4990 3412 5067 ἄρχοντες
3465 4991 3573 5042 τῶν
3635 4985 3824 5059 ἁρμά-

2148 5101 2256 5134 των
2293 5082 2556 5156 Ἰωσαφὰτ
2593 5082 2820 5158 βασιλέα
2847 5079 3046 5152 Ἰούδα,
3077 5079 3167 5134 καὶ
3225 5078 3379 5133 αὐτοὶ
3437 5079 3591 5131 εἶπον
3623 5095 3634 5106 ’
3673 5074 3823 5128 Φαίο

2149 5191 2290 5224 νεται
2345 5170 2602 5246 βασιλεὺς
2657 5169 2876 5246 Ἰσραήλ
2930 5171 3108 5239 οὗτος,
3141 5169 3230 5223 καὶ
3281 5165 3595 5222 ἐκύκλωσαν
3649 5163 3820 5218 αὐτὸν

2149 5258 2487 5331 πολεμῆσαι,
2563 5259 2650 5315 καί
2725 5261 3003 5336 ἀνέκραξεν
3077 5256 3364 5334 Ἰωσαφάτ.
3433 5253 3530 5309 Καὶ
3608 5251 3827 5327 ἐγένετο

2152 5346 2225 5408 ὠς
2287 5345 2429 5402 εἶδον
2481 5350 2532 5403 οἳ
2585 5351 2848 5425 ἄρχοντες
2905 5353 3010 5403 τῶν
3073 5345 3351 5421 ἁρμάτων,
3402 5344 3484 5398 ὅτι
3546 5340 3646 5397 οὐκ
3703 5335 3830 5395 ἔστι

2156 5437 2411 5513 βασιλεὺς
2469 5440 2694 5516 Ἰσραὴλ
2752 5442 2932 5507 οὗτος,
2970 5439 3059 5494 καὶ
3114 5438 3450 5510 ἀπέστρεψαν
3506 5433 3595 5488 ἀπ’
3626 5431 3829 5486 αὐτοῦ.

2154 5527 2258 5583 Καὶ
2319 5527 2572 5585 ἐνέτεινεν
2635 5533 2711 5592 εἷς
2768 5530 2830 5585 τὸ
2881 5528 3036 5599 τόξον
3094 5526 3396 5601 εὐστόχως,
3445 5524 3537 5578 καὶ
3593 5521 3833 5593 ἐπάταξε
