4108 6398
311 378 417 433 489

1132 379 1598 434 ΡΔΟΗΥΜΕΒΕ
1640 379 2148 432 PARAPHRASIS
2188 379 2258 431 IN
2299 379 2448 430 EPP.
2493 379 2551 434 S.
2593 377 2930 433 DIONYSII.

3636 377 3742 436 490

298 505 397 559 τὸν
460 500 687 577 βασιλέα
749 501 972 578 Ἰσραὴλ
1025 503 1125 557 ἀνὰ
1158 503 1320 576 μέσον
1369 507 1466 558 τοῦ
1519 501 1822 575 πνεύμονος
1874 493 1964 555 καὶ

2087 518 2274 576 regem
2307 502 2508 571 Israel,
2544 507 2607 558 ut
2650 504 2933 559 ascendat
2960 506 3019 558 et
3067 502 3239 560 cadat
3269 502 3329 559 in
3379 503 3739 563 Rhemmath

299 592 408 648 ἆνά
439 593 601 666 μέσον
631 595 728 646 τοῦ
777 589 1047 666 θώρακος,
1098 593 1187 646 καὶ
1238 591 1354 647 εἶπε
1403 597 1483 664 τῶ
1527 590 1745 665 ἡνιόχῳ
1777 589 1962 644 αὐτοῦ·

299 681 664 756 Ἐπίστρεψον
718 681 813 742 τὰς
864 681 1060 756 χεῖράς
1107 701 1223 750 σου,
1253 680 1342 735 καὶ
1392 679 1612 756 ἐξάγαγέ
1656 700 1724 753 με
1765 678 1824 734 ἐκ
1868 682 1965 734 τοῦ

295 770 580 845 πολέμου,
613 771 695 826 ὅτι
741 769 1038 845 τέτρωμαι.
1093 771 1193 826 Καὶ
1246 769 1533 845 ἐτροπώθη
1568 771 1595 825 6
1627 767 1873 842 πόλεμος
1910 769 1962 824 ἐν

295 865 371 935 τῇ
432 860 614 936 ἡμέρᾳ
673 859 867 934 ἐκείνῃ.
918 859 1022 916 Καὶ
1073 861 1100 914 6
1153 859 1407 935 βασιλεὺς
1461 860 1526 928 ἧν
1584 858 1826 929 έστηκὼς
1874 858 1960 913 ἐπὶ

291 953 399 1006 τοῦ
433 950 674 1025 ἅρματος
704 948 755 1018 ἐξ
787 947 1029 1012 έναντίας
1079 948 1276 1021 Συρίας
1336 948 1443 1003 ἀπὸ
1482 949 1632 1022 πρωῒ
1676 945 1781 1009 ἕως
1808 947 1961 1002 ἐσπέ-

297 1060 422 1116 ρας,
474 1039 562 1093 καὶ
618 1037 852 1112 ἀπέχυνε
897 1037 960 1092 τὸ
1013 1037 1147 1110 αἷμα
1195 1037 1300 1091 ἀπὸ
1347 1043 1449 1107 τῆς
1492 1035 1712 1111 πληγῆς
1765 1036 1840 1100 εἲς
1868 1036 1988 1108 τὸν,

294 1126 518 1183 κόλπον
563 1131 659 1182 τοῦ
704 1127 970 1200 ἅρματος,
1015 1127 1105 1182 καὶ
1158 1125 1413 1181 ἀπέθανεν
1469 1124 1716 1197 ἑσπέρας.
1777 1125 1875 1181 Καὶ
1933 1125 1960 1178 ὁ

296 1215 675 1290 στρατοκῆρυξ
722 1209 848 1284 ἔστη
919 1214 970 1270 ἐν
1020 1213 1088 1289 τῇ
1146 1209 1502 1289 παρεμϐολῇ,
1559 1211 1814 1275 δύνοντος
1864 1218 1961 1268 τοῦ

292 1302 697 1378 ἡλίου,λέγων·
723 1305 988 1365 Ἕκαστος
1015 1302 1092 1365 εἷς
1114 1304 1212 1372 τὴν
1243 1303 1435 1358 ἑαυτοῦ
1467 1301 1628 1357 πόλιν
1649 1303 1738 1358 καὶ
1763 1303 1837 1365 εἷς
1860 1304 1957 1372 τὴν

291 1393 496 1448 ἑαυτοῦ
543 1396 648 1467 γῆν
701 1392 1015 1470 στραφήτω,
1049 1390 1134 1447 ὅτι
1179 1392 1434 1461 τέθνηκεν
1483 1392 1511 1446 6
1556 1390 1828 1466 βασιλεύς.
1861 1390 1960 1445 Καὶ

291 1480 505 1556 ἔθαψαν
533 1481 625 1536 τὸν
661 1479 889 1556 βασιλέα
917 1479 970 1534 ἐν
1001 1482 1303 1556 Σαμαρείᾳ,
1331 1480 1422 1536 καὶ
1459 1480 1722 1554 ἀπένιψαν
1742 1481 1802 1535 τὸ
1825 1480 1962 1553 αἷμα

291 1571 390 1626 ἐπὶ
419 1573 520 1640 τὴν
552 1573 762 1646 κρήνην
798 1571 1136 1646 Σαμαρείας·
1157 1570 1247 1624 καὶ
1295 1569 1558 1641 ἐξέλειξαν
1591 1571 1646 1624 αἱ
1670 1569 1755 1633 ὕες
1786 1570 1873 1624 καὶ
1909 1570 1959 1624 οἱ

290 1661 457 1722 κύνες
486 1663 548 1715 τὸ
592 1661 748 1733 αἷμα’
780 1660 872 1714 καὶ
905 1660 958 1713 αἱ
991 1658 1184 1734 πόρναι
1219 1657 1514 1714 ἐλούσαντο
1553 1657 1606 1713 ἐν
1638 1663 1718 1731 τῷ
1748 1656 1960 1731 αἵματι,

290 1750 437 1805 κατᾶ
465 1749 528 1803 τὸ
559 1747 711 1825 ῥῆμα
758 1749 984 1823 Κυρίου,
1018 1747 1047 1802 ὃ
1101 1745 1361 1818 ἐλάλησε.
1415 1747 1510 1802 Καὶ
1550 1752 1719 1803 ταῦτα
1770 1748 1863 1820 μὲν
1896 1747 1962 1802 τὰ

286 1845 400 1909 τῆς
442 1838 657 1907 ἀπάτης
701 1841 798 1893 τοῦ
845 1831 1080 1912 Ἀχαάϐ.
1118 1837 1432 1910 Σημείωσαι
1481 1834 1538 1891 δὲ
1579 1837 1668 1892 καὶ
1711 1838 1960 1911 περὶτοῦ

284 1930 581 2002 ’ᾼσματος
628 1931 734 1982 τῶν
787 1925 1062 2000 ᾀσμάτων.
1096 1926 1308 1988 οὗτινος
1361 1925 1513 2002 λέγει
1543 1927 1639 1988 τὰς
1685 1927 1965 2000 ἓταιρικὰς

284 2015 698 2086 πολυπαθείας,
754 2016 851 2077 τὰς
908 2015 1306 2091 προαγωγείας,
1365 2013 1432 2069 τὰ
1489 2014 1812 2092 φιλήματα,
1873 2015 1965 2068 καὶ

284 2107 364 2161 τὰ
396 2104 594 2171 λοιπὰ,
628 2101 698 2158 δι’
729 2103 762 2158 ἆ
792 2101 858 2173 δὴ
885 2104 975 2158 καὶ
1004 2105 1031 2158 6
1066 2103 1441 2178 Μοψουεστίας
1474 2101 1756 2180 Θεόδωρος
1802 2103 1966 2181 ἀφρό-

285 2216 408 2256 νως
459 2195 522 2249 16
576 2189 794 2267 βιϐλίον
846 2187 1124 2247 διέϐαλλε·
1175 2192 1266 2247 καὶ
1313 2191 1411 2248 ὅσα
1461 2190 1606 2248 ἄλλα
1646 2194 1967 2265 συνθήματα

286 2284 469 2340 οἱονεὶ
500 2277 754 2356 σύμϐολα
775 2280 1207 2355 πεπληθυσμένα
1225 2287 1333 2337 τῶν
1355 2286 1569 2353 νοητῶν
1603 2282 1692 2337 καὶ
1727 2281 1966 2354 ἑνιαίων,

300 2374 404 2429 καὶ
457 2371 684 2447 μεριστᾶ
729 2376 836 2426 τῶν
879 2371 1205 2447 ἀμερίστων.
1249 2372 1323 2426 Τὰ
1370 2368 1428 2426 6‘s
1460 2366 1716 2445 σύμϐολα
1746 2380 1966 2440 πεπλη-

303 2463 556 2536 θυσμένα
611 2459 744 2536 φησὶ
796 2462 931 2536 πρὸς
987 2461 1050 2515 τὸ
1109 2457 1310 2531 ἀληθὲς
1362 2459 1534 2515 έκεῖνο
1596 2460 1686 2514 καὶ
1745 2460 1966 2515 ἐνιαῖον·

301 2554 491 2607 έκεῖνο
519 2551 624 2626 γὰρ
671 2548 724 2604 εἷ’
763 2571 814 2605 τι
864 2548 922 2604 ἂν
973 2549 1062 2605 καὶ
1093 2549 1378 2622 ᾖ,ένιαῖόν
1431 2549 1563 2607 ἐστι.
1597 2550 1678 2607 Tal
1727 2546 1784 2605 δὲ
1832 2548 1968 2622 σόμ-

302 2636 458 2695 ϐοΛα
487 2641 553 2694 τὰ
601 2637 875 2710 δηλοῦντα
922 2638 1096 2694 έκεῖνο
1146 2638 1537 2709 πληθύνονταν
1573 2639 1686 2710 ἅμα
1737 2638 1855 2709 μὲν,
1889 2638 1972 2691 ὅτι

305 2728 383 2785 δι’
419 2727 598 2784 ἄλλου
629 2728 719 2784 καὶ
769 2725 946 2783 ἄλλου
998 2725 1228 2797 δηλοῦσι
1271 2728 1334 2782 τὸ
1386 2726 1606 2796 ἀληθές·
1641 2727 1755 2800 ἅμα
1799 2722 1857 2780 δὲ
1883 2724 1972 2780 καὶ

307 2818 400 2874 ὅτι
433 2816 626 2895 πόρῥω
654 2821 753 2872 τοῦ
783 2815 1012 2889 ένιαίου,
1037 2817 1136 2871 ὅσα
1159 2813 1218 2870 όίν
1235 2837 1320 2878 τις
1342 2817 1429 2870 καὶ
1467 2813 1632 2883 εἷ’ποι,
1666 2815 1815 2889 λέγει
1837 2816 1971 2888 (19).

308 2907 423 2964 Καὶ
483 2907 620 2981 πρὸς
660 2903 849 2962 πολλά
899 2906 993 2978 μὲν
1045 2907 1112 2959 τὰ
1168 2905 1516 2982 μορφώματα
1563 2903 1652 2959 καὶ
1711 2904 1762 2958 οἱ
1815 2902 1972 2979 λόγοι

311 2995 658 3072 μερίζονται,
713 2991 786 3048 δι’
831 2993 860 3048 '6
915 2991 972 3049 δὲ
1018 2997 1186 3048 ταῦτα
1233 2993 1323 3047 καὶ
1381 2992 1705 3068 πράττονται
1751 2990 1841 3046 καὶ
1883 2989 1975 3046 λέ-

306 3105 528 3162 γονται,
586 3081 788 3138 ὲνιαῖόν
844 3082 955 3138 ἐστι
1013 3081 1104 3136 καὶ
1162 3081 1454 3156 ἀμέριστον
1660 3100 1673 3114 '
1739 3081 1814 3153 μὴ
1872 3079 1973 3155 γὰρ

313 3169 808 3246 ὑπολαμϐάνωμεν
858 3171 925 3226 τὰ
983 3170 1280 3248 φαινόμενα
1333 3175 1504 3226 ταῦτα
1553 3175 1660 3225 τῶν
1694 3169 1975 3243 συνθημά-

1997 1884 2044 1949 Β

2075 592 2293 648 Galaad
2320 593 2347 647 ?
2365 594 2434 648 Et
2458 610 2612 648 unus
2635 592 2854 665 aliquis
2889 592 3036 648 dixit
3062 609 3074 646 :
3100 591 3194 648 Sic
3215 595 3273 649 et
3300 592 3422 662 sic;
3456 597 3512 648 et
3543 594 3690 651 alter
3727 612 3742 652 :

2074 681 2167 736 Sic
2200 687 2253 737 et
2283 682 2389 738 sic.
2424 683 2494 736 Et
2524 697 2802 754 egressus
2831 687 2921 737 est
2951 681 3224 754 spiritus,
3254 688 3313 738 et
3353 682 3517 739 stetit
3547 700 3743 741 coram

2074 771 2343 837 Domino,
2376 776 2433 826 et
2483 771 2566 826 ait
2600 788 2613 826 :
2647 775 2763 843 Ego
2820 770 3112 843 decipiam
3168 787 3326 828 eum.
3382 771 3651 843 Dixitque
3680 773 3738 829 ei

2074 860 2357 916 Dominus
2391 877 2404 915 :
2443 860 2507 915 In
2540 877 2654 931 quo
2677 860 2704 915 ?
2735 861 2806 915 Et
2837 860 3143 932 respondit
3175 878 3188 916 :
3222 860 3524 933 Egrediar,
3559 867 3616 918 et
3645 877 3744 918 ero

2074 948 2321 1020 spiritus
2354 949 2603 1004 mendax
2635 949 2693 1003 in
2727 965 2825 1005 ore
2858 951 3124 1004 omnium
3144 949 3566 1022 prophetarum
3589 951 3740 1020 ejus.

2073 1037 2142 1092 Et
2187 1027 2335 1092 dixit
2385 1037 2671 1093 Dominus
2707 1053 2721 1094 :
2757 1037 3045 1108 Decipies,
3079 1042 3138 1093 et
3186 1043 3341 1095 certe
3372 1039 3739 1111 praevalebis.

2072 1127 2378 1197 Egredere,
2412 1130 2470 1182 et
2518 1127 2608 1182 {ac
2640 1127 2742 1181 ita.
2776 1127 2842 1181 Et
2893 1143 3050 1182 nunc
3083 1143 3215 1183 ecce
3265 1128 3428 1184 dedit
3457 1128 3745 1186 Dominus

2071 1217 2346 1288 spiritum
2371 1215 2662 1272 mendacii
2685 1215 2743 1272 in
2763 1231 2858 1271 ore
2882 1216 3150 1272 omnium
3178 1217 3601 1289 prophetarum
3617 1223 3746 1273 tuo-

2071 1323 2204 1361 rum
2237 1306 2626 1362 istorum.Sed
2661 1309 2718 1361 et
2749 1305 3036 1362 Dominus
3067 1305 3305 1362 locutus
3337 1312 3431 1362 est
3461 1310 3669 1363 contra
3689 1311 3747 1363 te

2073 1394 2248 1450 mala.
2277 1394 2543 1451 Accessit
2595 1399 2794 1450 autem
2829 1395 3108 1451 Sedecias
3159 1395 3324 1451 illius
3353 1397 3660 1462 Chanaan,
3690 1399 3748 1452 et

2069 1485 2360 1556 percussit
2388 1483 2688 1540 Michaaam
2711 1483 2770 1538 in
2798 1483 3125 1551 maxillam,
3153 1488 3211 1540 et
3239 1484 3388 1540 dixit
3413 1503 3426 1540 :
3450 1484 3592 1551 Quis
3623 1483 3746 1557 spi-

2073 1574 2221 1628 ritus
2252 1573 2362 1629 hoc
2394 1574 2628 1629 locutus
2657 1577 2748 1628 est
2776 1573 2837 1628 in
2875 1577 2930 1628 te
2957 1572 2984 1627 ?
3015 1578 3073 1629 et
3104 1574 3413 1645 respondit
3431 1573 3744 1630 Michaeas:

2073 1664 2216 1718 Ecce
2250 1667 2309 1717 tu
2360 1663 2586 1718 videbis
2618 1663 2678 1716 in
2713 1662 2806 1718 die
2857 1661 2976 1733 illa,
3012 1663 3252 1732 quando
3299 1662 3655 1734 ingrediaris
3685 1663 3744 1719 in

2074 1751 2592 1807 abstrusissimum
2624 1749 2772 1805 illud
2805 1756 2974 1805 tuum
3011 1750 3378 1818 cubiculum,
3404 1756 3465 1807 et
3496 1751 3744 1808 abscon-

2076 1840 2254 1895 daris.
2287 1839 2356 1895 Et
2386 1839 2535 1894 dixit
2583 1839 2782 1895 Achab
2819 1855 2831 1892 :
2867 1838 3080 1899 Tollite
3125 1838 3427 1896 Michazam
3475 1839 3655 1909 hunc,
3687 1843 3746 1897 et

2078 1930 2353 1985 abducite
2385 1944 2521 1984 eum
2553 1929 2625 1984 ad
2657 1930 2844 1984 Amon
2879 1924 3206 2000 principem
3238 1928 3494 1985 civitatis
3519 1948 3534 2000 ;
3559 1935 3622 1985 ut
3644 1947 3744 2002 po-

2079 2023 2180 2073 nat
2210 2018 2368 2073 hunc
2391 2018 2446 2072 in
2474 2021 2789 2084 carcere,et
2809 2021 3099 2074 sustentet
3117 2035 3253 2073 eum
3279 2034 3429 2089 pane
3449 2019 3741 2090 angustiae

2079 2112 2135 2163 et
2165 2125 2319 2180 aqua
2369 2106 2794 2174 tribulationis,
2845 2107 3030 2162 donec
3078 2113 3340 2163 revertar
3370 2108 3429 2162 in
3476 2124 3639 2181 pace.
3673 2107 3746 2164 Et

2079 2197 2226 2251 dixit
2247 2196 2521 2252 Michazas
2559 2198 2680 2268 regi
2707 2213 2719 2252 :
2745 2196 2804 2252 Si
2832 2200 3126 2252 revertens
3149 2198 3454 2252 reverteris
3487 2197 3546 2252 in
3579 2213 3740 2268 pace,

2079 2303 2194 2342 non
2219 2290 2308 2342 est
2330 2286 2388 2341 in
2412 2301 2504 2341 me
2531 2283 2762 2341 locutus
2788 2285 3092 2342 Dominus.
3109 2285 3180 2340 Et
3202 2285 3598 2341 ascenderunt
3627 2285 3743 2341 duo

2081 2392 2247 2447 reges
2282 2374 2482 2429 Achab
2517 2383 2571 2430 et
2599 2374 2888 2446 Josaphat
2915 2373 2975 2429 in
3009 2373 3362 2429 Rhemmath
3395 2373 3612 2429 Galaad
3641 2391 3654 2442 ;
3688 2378 3746 2430 et

2081 2464 2227 2520 dixit
2259 2481 2360 2519 rex
2404 2463 2582 2518 Israel
2637 2464 2706 2518 ad
2756 2463 3046 2534 Josaphat
3093 2478 3289 2534 regem
3334 2462 3492 2518 Juda
3525 2479 3537 2518 :
3570 2463 3750 2518 Sume

2084 2553 2228 2609 mihi
2263 2569 2447 2620 arma,
2481 2561 2538 2606 et
2565 2553 2868 2624 ingrediar
2911 2550 3158 2622 bellum,
3190 2556 3248 2607 et
3278 2555 3342 2606 tu
3373 2551 3620 2608 induere
3649 2568 3747 2608 ve-

2085 2643 2224 2698 stitu
2272 2658 2423 2698 meo.
2457 2641 2527 2696 Et
2559 2641 2740 2697 armis
2773 2641 3020 2697 indutus
3068 2645 3158 2696 est
3187 2657 3290 2696 rex
3333 2640 3537 2709 Israel,
3568 2645 3626 2697 et
3657 2641 3747 2697 in-

2084 2748 2324 2804 gressus
2357 2735 2448 2785 est
2479 2729 2717 2785 bellum.
2750 2731 2820 2784 Et
2849 2747 2949 2785 rex
2981 2729 3157 2801 Syriae
3206 2730 3484 2802 praecepit
3522 2729 3749 2802 princi-

2086 2821 2258 2893 pibus
2293 2836 2575 2875 curruum
2609 2835 2852 2874 suorum
2887 2818 3119 2874 duobus
3142 2821 3198 2873 et
3226 2818 3469 2891 triginta
3495 2818 3696 2875 dicens
3731 2834 3746 2873 :

2083 2909 2164 2965 Ne
2195 2909 2472 2982 pugnetis
2504 2913 2710 2964 contra
2726 2924 2972 2979 parvum
3004 2911 3061 2963 et
3089 2907 3516 2980 magnum,nisi
3547 2911 3751 2965 contra

2087 3015 2283 3071 regem
2317 2997 2496 3054 Israel
2528 2997 2742 3052 solum.
2764 2997 3006 3052 Factum
3038 3001 3149 3064 est,
3178 3001 3244 3052 ut
3273 2995 3549 3052 viderunt
3582 2996 3749 3068 prin-

2086 3087 2246 3159 cipes
2278 3104 2558 3142 curruum
2589 3086 2878 3157 Josaphat
2905 3102 3101 3158 regem
3131 3085 3309 3155 Juda,
3351 3090 3408 3141 et
3438 3086 3553 3157 ipsi
3586 3085 3748 3141 dixe-

2087 3181 2226 3231 runt
2261 3194 2273 3231 :
2306 3179 2567 3248 Apparet
2597 3176 2754 3246 quod
2787 3175 2876 3230 hic
2909 3176 2986 3230 sit
3017 3192 3114 3230 rex
3151 3174 3427 3230 Israel.Et
3457 3174 3517 3229 in
3549 3175 3751 3231 orbem

308 3285 430 3320 των
459 3261 626 3317 οἱονεὶ
668 3265 776 3317 τῶν
825 3255 1180 3334 συμϐολικῶς
1225 3259 1525 3335 γινομένων
1573 3258 1975 3314 ἀναπεπλάσθαι

2093 3239 2800 3328 circumdederunt-eum,
2836 3267 2901 3318 ut
2930 3268 3264 3336 pugnarent
3289 3281 3302 3330 ;
3325 3268 3381 3319 et
3409 3262 3754 3319 exclamavit

316 3353 459 3427 ὑπὲρ
520 3353 723 3407 ἑαυτῶν
761 3394 774 3420 ,
833 3351 1106 3411 τουτέστιν
1169 3350 1301 3425 ὑπὲρ
1357 3354 1455 3405 τοῦ
1513 3346 1680 3412 ὅντως
1738 3350 1976 3404 νοεῖσθαι

315 3443 458 3498 αὖτᾶ
488 3444 625 3515 (21),
671 3443 744 3514 ᾡς
788 3442 850 3497 τὸ
899 3441 1224 3520 φαινόμενον
1284 3438 1424 3514 ἔχει,
1481 3440 1571 3494 καὶ
1626 3439 1688 3494 τὸ
1747 3438 1981 3513 γράμμα

311 3531 505 3606 ψιλῶς
566 3531 924 3608 ὑπαγορεύει,
983 3529 1129 3586 ἀλλὰ
1203 3526 1611 3604 προϐάλλονται
1667 3532 1834 3582 ταῦτα
1889 3527 1979 3581 καὶ

313 3619 715 3700 προφαίνονται
773 3626 872 3690 τῆς
928 3618 1246 3696 ἀπορρήτου
1274 3623 1394 3681 τοῖς
1439 3615 1678 3680 πολλοῖς
1709 3617 1799 3672 καὶ
1831 3617 1978 3679 θείας

317 3711 668 3783 ἐπιστήμης.
725 3707 1194 3786 Περικαλόμματα
1239 3709 1342 3783 γάρ
1392 3707 1494 3761 εἶσι
1541 3707 1632 3761 καὶ
1679 3705 1840 3761 τύποι
1872 3709 1978 3760 τῶν

324 3801 640 3876 βαθυτέρων
691 3799 933 3868 νοήσεών
975 3818 1032 3852 τε
1089 3798 1180 3852 καὶ
1215 3796 1565 3871 ὑπολήψεων·
1624 3795 1821 3857 ταύτας
1879 3793 1978 3868 γὰρ

325 3889 667 3960 ἐπιστήμην,
699 3888 829 3965 φησὶ
881 3884 1189 3958 δηλοῦντος
1235 3889 1332 3940 τοῦ
1383 3885 1572 3962 λόγου,
1607 3885 1680 3948 ὡς
1724 3881 1834 3940 ἔστι
1869 3885 1982 3957 (22)

315 3999 406 4040 τις
458 3975 669 4032 τούτων
729 3973 1044 4052 ὑψηλοτέρα
1086 3973 1389 4048 ἐπιστήμη,
1422 3975 1482 4044 ἣν
1526 3975 1554 4028 6
1599 3977 1979 4046 πνευματικῶς

317 4069 546 4142 θεωρῶν
597 4063 688 4118 καὶ
730 4063 798 4119 τὰ
844 4064 1183 4137 πνευματικά
1242 4061 1542 4138 συγκρίνων
1601 4065 1984 4135 πνευματικῶς

317 4155 632 4221 ἐπίσταται,
678 4152 738 4208 οὗ
790 4150 985 4227 λόγοις
1034 4150 1458 4222 ἀποδεικτικοῖς,
1493 4150 1639 4207 ἀλλά
1688 4171 1984 4224 πνευματι-

316 4249 471 4306 κοῖς.
503 4244 1002 4320 Ἱερογραφήθησαν
1035 4239 1095 4296 δὲ
1123 4241 1266 4296 οὕτω
1296 4239 1385 4296 διὰ
1413 4240 1543 4302 τοὺς
1574 4240 1817 4311 ἀναξίους
1850 4241 1984 4313 (23),

315 4331 424 4385 ’ίνα
477 4331 550 4403 μή
602 4330 1048 4408 εὐκαταφρόνητα
1095 4327 1312 4400 δοκοίη.
1349 4328 1445 4383 Καῗ
1489 4326 1583 4383 ’ίνα
1621 4328 1849 4391 ἐκείνοις
1885 4327 1988 4402 μό-

327 4439 451 4480 νοις
482 4417 962 4474 ἀνακαλόπτωνται
1013 4422 1129 4480 τοῖς
1156 4416 1411 4486 τελείοις,
1441 4417 1530 4471 καὶ
1562 4421 1732 4471 πᾶσαν
1768 4419 1982 4492 ἀπρεπῆ

325 4507 626 4587 φαντασίαν
686 4507 776 4563 ἐπὶ
831 4506 1038 4562 τούτων
1103 4504 1632 4579 ἀποσκιυαζομένοις
1690 4510 1843 4580 (24),
1896 4506 1985 4561 καὶ

2086 3353 2374 3426 Josaphat
2407 3371 2419 3408 :
2454 3354 2693 3408 Factum
2727 3355 2835 3408 est.
2870 3351 2943 3408 Ut
2971 3353 3251 3407 viderunt
3282 3352 3583 3424 principes
3613 3369 3752 3407 cur-

2088 3459 2242 3507 rum,
2276 3442 2416 3513 quia
2463 3458 2574 3497 non
2607 3445 2765 3496 esset
2795 3441 2892 3496 hic
2935 3457 3034 3496 rex
3063 3439 3268 3507 Israel,
3300 3442 3359 3496 et
3389 3439 3753 3496 diverterunt

2090 3533 2160 3586 ab
2193 3546 2282 3586 eo.
2317 3531 2385 3585 Et
2413 3529 2669 3585 intendit
2700 3546 2853 3585 unus
2894 3528 3111 3601 aliquis
3142 3545 3344 3586 arcum
3375 3533 3533 3585 certa
3564 3529 3752 3585 desti-

2090 3620 2330 3675 natione
2361 3617 2707 3685 collineans,
2743 3622 2801 3674 et
2832 3617 3124 3690 percussit
3155 3633 3350 3690 regem
3392 3617 3567 3674 Israel
3600 3618 3752 3674 inter

2093 3708 2354 3764 medium
2389 3705 2690 3779 pulmonis
2719 3709 2776 3762 et
2807 3706 3145 3779 pectoris,et
3170 3706 3318 3762 dixit
3348 3706 3563 3780 aurigae
3593 3723 3700 3764 suo
3735 3723 3749 3763 :

2089 3801 2371 3855 Converte
2419 3813 2632 3851 manus
2675 3800 2832 3864 tuas,
2863 3800 2922 3851 et
2951 3796 3098 3850 educ
3149 3812 3242 3851 me
3285 3796 3357 3851 de
3405 3794 3580 3864 bello,
3612 3796 3753 3867 quia

2089 3886 2432 3941 vulneratus
2480 3901 2636 3940 sum.
2669 3887 2738 3939 Et
2763 3900 3112 3941 conversum
3161 3889 3251 3940 est
3297 3883 3517 3939 bellum
3563 3884 3621 3938 in
3655 3885 3751 3940 die

2092 3976 2213 4032 illa.
2237 3976 2307 4030 Et
2334 3990 2433 4030 rex
2455 3974 2649 4031 stabat
2669 3974 2726 4028 in
2751 3990 2925 4028 curru
2955 3973 3235 4028 adversus
3255 3972 3478 4045 Syriam
3513 3989 3546 4028 a
3575 3988 3750 4028 mane

2093 4081 2283 4135 usque
2313 4065 2384 4119 ad
2436 4079 2757 4134 vesperam.
2797 4062 2862 4117 Et
2914 4063 3323 4118 effundebatur
3374 4061 3685 4133 sanguinis
3718 4077 3753 4116 a

2095 4154 2268 4225 plaga
2296 4153 2356 4208 in
2389 4152 2588 4207 sinum
2622 4169 2854 4216 currus,
2886 4159 2944 4206 et
2973 4155 3242 4206 mortuus
3273 4155 3361 4206 est
3391 4166 3650 4221 vespere.
3684 4150 3754 4204 Et

2097 4258 2283 4314 praeco
2309 4241 2581 4296 militaris
2599 4243 2763 4296 stetit
2781 4241 2840 4295 in
2866 4239 3370 4309 castris,solejam
3396 4239 3452 4293 in
3479 4255 3755 4294 occasum

2098 4331 2442 4394 inclinante,
2475 4331 2678 4385 dicens
2703 4345 2715 4383 :
2738 4327 3162 4400 Unusquisque
3193 4328 3345 4384 279
3377 4327 3437 4383 in
3473 4343 3640 4384 suam
3675 4327 3756 4384 ci-

2097 4421 2333 4474 vitatem
2359 4422 2416 4474 et
2436 4419 2491 4472 in
2519 4435 2687 4473 suam
2710 4421 2926 4472 terram
2951 4420 3294 4482 revertatur,
3327 4416 3465 4488 quia
3489 4419 3758 4471 mortuus

2101 4515 2190 4565 est
2221 4525 2342 4563 rex.
2369 4508 2434 4562 Et
2465 4505 2824 4579 sepelierunt
2854 4522 3048 4577 regem
3081 4505 3140 4560 in
3173 4506 3524 4572 Samaria,et
3552 4502 3758 4559 ablue-

325 4597 578 4659 δυνατῶς
607 4593 799 4670 ἔχουσι
830 4590 1124 4651 διαϐαίνειν
1159 4597 1297 4670 πρὸς
1342 4597 1442 4665 τήν
1496 4593 1776 4666 ἀλήθειαν,
1809 4595 1860 4650 ἐν
1910 4599 1975 4668 τίξ

2103 4602 2238 4652 runt
2272 4597 2617 4667 sanguinem
2649 4596 2720 4650 ad
2755 4595 2972 4650 fontem
3006 4594 3304 4660 Samarize,
3339 4599 3397 4648 et
3428 4593 3761 4648 elinxerunt

322 4687 710 4761 παραθεωρεῖν
788 4685 883 4758 μὲν
937 4684 1000 4739 τὸ
1066 4689 1173 4739 τῶν
1235 4679 1532 4756 συμϐόλων
1588 4682 1867 4752 ποικίλον,
1926 4684 1989 4738 16

324 4775 536 4832 ὲνιαῖον
577 4771 635 4829 δὶ
687 4767 1150 4846 καταλαμϐάνειν,
1200 4771 1300 4828 οὐκ
1330 4772 1381 4828 ἐν
1415 4772 1448 4826 ἀ
1484 4769 1720 4843 ποδείξει
1751 4773 1840 4826 καὶ
1875 4769 1990 4826 δια-

324 4866 571 4935 νοητικῇ
631 4861 934 4936 ἐπιστήμῃ,
983 4859 1110 4917 ἀλλ’
1182 4859 1234 4916 ἐν
1298 4859 1500 4923 ἁπλαῖς
1557 4856 1844 4922 ἐπιϐολαῖς
1899 4864 1996 4914 τοῦ

327 4952 464 5012 νοός
519 4954 656 5021 (25).
692 4949 921 5014 ’Ἄλλως
974 4971 1033 5006 τε
1089 4950 1178 5005 καὶ
1223 4947 1422 5020 διπλῆ,
1475 4949 1664 5026 φησὶν,
1723 4950 1835 5005 ἐστὶ
1891 4953 1998 5004 τῶν

338 5041 619 5117 θεολόγων
651 5042 686 5109 ἡ
718 5037 1042 5114 παράδοσις’
1069 5041 1105 5108 ἡ
1143 5039 1238 5112 μὲν
1269 5037 1360 5094 διὰ
1390 5033 1706 5112 συμϐόλων,
1807 5036 1865 5094 δὲ
1911 5035 2000 5093 διὰ

337 5138 437 5201 τῆς
490 5129 725 5204 θεωρίας
777 5131 880 5194 τῆς
928 5128 1155 5190 κτίσεως
1183 5175 1197 5200 ,
1249 5127 1301 5183 ἐν
1341 5132 1420 5200 τῷ
1465 5130 1843 5183 κατανοεῖσθαι
1893 5129 1999 5183 ἀπὸ

328 5219 546 5287 ταύτης
576 5217 669 5273 τὸν
715 5215 1117 5294 τελεσιουργόν.
1151 5217 1334 5274 Εἰπὼν
1386 5216 1443 5272 δὲ
1470 5219 1570 5287 τήν
1624 5218 1716 5291 μὶν
1749 5217 2000 5294 ἀπόῤῥη-

327 5330 434 5365 τον
496 5316 588 5362 καί
661 5307 950 5379 μυστικὴν,
999 5305 1360 5382 ἐπεξηγεῖται,
1414 5305 1597 5362 καλῶν
1656 5301 1999 5379 συμϐολικήν

332 5397 542 5468 αὐτὴν,
589 5397 681 5450 ἅτε
730 5393 818 5450 διὰ
863 5391 1161 5470 συμϐόλων
1202 5393 1778 5472 χρησμοδοτηθεῖσαν.
1830 5395 2005 5452 Ἀλλὰ

332 5486 436 5544 καὶ
479 5483 825 5557 τελεστικὴν,
875 5487 950 5550 ὡς
994 5485 1090 5548 τὰς
1140 5484 1363 5548 τελετὰς
1411 5489 1519 5540 τῶν
1575 5484 1888 5559 μυστηρίων
1951 5484 2002 5539 ἐν

426 5684 507 5758 (lc)
539 5687 558 5740 l
591 5683 722 5740 Cor.
753 5700 809 5752 v,
839 5684 894 5739 7.

350 5795 357 5800 ’
642 5815 884 5874 Pyram.
955 5814 1064 5874 Gs.
1113 5813 1219 5910 IV.

2103 4705 2240 4743 sues
2272 4692 2329 4742 et
2359 4702 2533 4740 canes
2566 4685 2720 4739 hunc
2753 4683 3126 4756 sanguinem.
3161 4683 3271 4740 Sed
3312 4687 3370 4737 et
3421 4686 3761 4738 meretrices

2106 4775 2316 4830 ablutas
2349 4779 2491 4830 sunt
2539 4773 2826 4846 sanguine
2857 4773 2956 4829 illo
2997 4773 3169 4844 juxta
3215 4771 3457 4827 verbum
3505 4769 3761 4837 Domini,

2106 4866 2264 4938 quod
2285 4864 2520 4919 locutus
2544 4867 2634 4918 est
2654 4863 2831 4934 (k).Et
2855 4863 2971 4917 haec
2993 4861 3233 4932 quidem
3257 4861 3416 4916 dicta
3437 4860 3557 4916 sint
3589 4859 3767 4932 expli-

2107 4954 2305 5010 candae
2337 4953 2526 5025 gratia
2572 4951 2934 5022 deceptionis
2985 4950 3203 5005 Achab.
3248 4949 3396 5005 Nota
3437 4949 3681 5020 insuper
3711 4952 3771 5004 et

2108 5042 2441 5099 deCantico
2465 5039 3030 5109 canticorum,cujus
3052 5039 3290 5110 quidem
3316 5039 3633 5094 amatorias
3665 5053 3772 5093 nec

2111 5148 2330 5204 paucas
2378 5129 2734 5195 affectiones,
2768 5127 2902 5182 illas
2951 5126 3235 5182 nimirum
3282 5125 3771 5197 lenocinationes,

2111 5219 2626 5289 suaviationesque
2656 5215 3077 5281 osculorum,et
3097 5215 3322 5286 reliqua
3345 5216 3401 5270 id
3425 5232 3611 5288 genus
3642 5231 3775 5286 quae

2113 5309 2484 5365 Theodorum
2519 5309 2908 5378 cognomento
2958 5304 3385 5375 Mopsuestium
3422 5303 3775 5371 invitarunt,

2113 5403 2181 5454 ut
2209 5399 2405 5468 ipsum
2437 5397 2803 5451 canticorum
2838 5409 2986 5465 opus
3007 5391 3320 5448 calumniis
3353 5393 3775 5465 proscinderet.

2116 5488 2230 5543 Sed
2265 5491 2323 5542 et
2353 5500 2718 5557 quaecunque
2771 5481 2885 5539 alia
2917 5481 3086 5555 signa
3115 5481 3175 5538 in
3226 5482 3412 5539 sacris
3441 5486 3780 5550 occurrunt,

3440 5817 3514 5874 16
