4108 6398
365 416 464 472 491

1183 417 1550 471 APPENDIX
1592 420 1687 471 AD
1725 418 1965 471 OPERA
2002 419 2042 470 Β

2153 417 2418 471 IONYSII
2459 417 2958 473 AREOPAGITE.
3682 416 3768 472 492

368 550 432 600 ut
463 548 603 601 sunt
622 542 1375 617 symbolaintelligibilibus
1396 539 1837 614 individuisque
1852 542 2027 597 rebus

2153 534 2444 613 τυμϐόλοις
2492 535 2893 615 παραδιδοῦσαν
2943 536 3033 595 διὰ
3082 546 3182 610 τῆς
3233 541 3513 616 ἱερατικῆς
3554 539 3774 617 παραδό-

371 634 757 706 praegnantia.
792 650 993 705 quaeve
1024 649 1158 689 cum
1190 632 1409 705 partito
1461 630 1827 697 dividantur,
1859 630 2031 702 signa

372 722 591 794 alioqui
624 739 818 778 rerum
851 727 993 780 sunt
1024 720 1574 794 impartibilium.Et
1603 719 1724 775 hmo
1755 738 1897 776 sane
1924 737 2031 775 vo-

373 816 466 867 cat
495 805 750 883 σύμϐολα
770 808 1219 884 πεπληθυσμὲνα,
1239 810 1412 883 signa
1432 808 1713 865 nimirum
1734 809 1794 864 in
1822 827 2031 865 nume-

370 917 567 956 rosam
601 902 1047 957 multitudinem
1073 900 1466 956 excrescentia
1495 899 1615 955 sive
1646 898 2036 971 multiplicata

371 990 444 1045 ad
477 989 623 1045 illud
657 992 812 1063 quod
845 1007 1047 1045 verum
1080 992 1169 1043 est
1198 994 1255 1043 et
1284 987 1588 1059 singulare
1617 987 1853 1043 collata.
1887 987 2035 1042 Nam

366 1078 518 1134 illud
559 1078 607 1135 si
651 1080 792 1151 quid
855 1078 1051 1144 fuerit,
1085 1078 1291 1150 utique
1340 1076 1640 1151 singulare
1691 1081 1799 1132 est.
1859 1076 2036 1132 Porro

372 1168 543 1239 signa
571 1167 735 1223 illius
764 1167 1087 1240 singularis
1104 1172 1163 1222 et
1194 1166 1514 1221 individua
1534 1167 1614 1221 rei
1649 1165 2039 1238 signiﬁcativa

371 1255 758 1313 innumerosa
804 1257 1206 1312 extenduntur
1256 1254 1686 1311 multitudine:
1731 1259 1860 1310 tum
1905 1254 2038 1326 qui-

373 1347 525 1414 dem,
558 1346 711 1416 quod
744 1362 847 1418 per
877 1346 1037 1401 aliud
1069 1350 1126 1400 et
1176 1344 1333 1399 aliud
1369 1343 1671 1399 declarant
1716 1343 2037 1416 genuinam

370 1433 564 1505 ipsam
586 1433 890 1490 veritatem
919 1451 931 1489 :
959 1439 1086 1490 tum
1114 1450 1248 1489 vero
1272 1431 1410 1505 quia
1433 1431 1667 1505 longius
1693 1434 1765 1488 ab
1785 1431 1886 1487 illo
1911 1431 2035 1486 sin-

373 1523 565 1594 gulari
599 1526 738 1580 sunt
767 1539 1133 1596 quaecunque
1164 1521 1381 1595 aliquis
1414 1521 1687 1595 symbola
1720 1521 1951 1588 dixerit,
1986 1524 2043 1577 et

370 1627 477 1683 pro
510 1612 896 1668 multitudine
929 1613 1251 1669 formarum
1283 1611 1437 1684 (quae
1466 1611 1582 1668 Deo
1614 1610 2042 1682 attribuuntur)

372 1717 671 1777 sermones
703 1702 883 1758 etiam
901 1701 1016 1774 ipsi
1046 1700 1394 1757 dividuntur
1425 1701 1505 1774 (et
1526 1699 2040 1773 multiplicantur);

373 1788 519 1845 illud
543 1806 677 1847 vero
702 1795 939 1864 prOpter
960 1792 1115 1863 quod
1139 1790 1262 1845 haec
1287 1795 1346 1845 et
1364 1790 1517 1845 fiunt
1538 1793 1595 1845 et
1617 1789 1896 1845 dicuntur
1927 1787 2049 1843 sin-

376 1879 584 1952 gulare
606 1885 697 1935 est
717 1885 774 1935 et
796 1880 1198 1936 individuum.
1229 1880 1343 1934 Nec
1361 1878 1518 1934 enim
1544 1879 1901 1934 arbitremur
1925 1877 2047 1933 haac

378 1968 553 2040 signa
585 1969 887 2041 proposita
919 1985 1116 2024 rerum
1150 1966 1472 2040 symbolice
1504 1966 1910 2023 exsistentium
1943 1982 2049 2039 pro

377 2073 441 2113 se
469 2056 620 2129 ipsis
651 2057 786 2112 ficta
818 2057 1095 2121 esse,hoc
1127 2063 1216 2112 est
1245 2061 1311 2111 ut
1340 2058 1425 2112 sic
1454 2056 1584 2128 ipsa
1615 2055 2046 2128 concipiantur,

375 2147 881 2217 quemadmodum
934 2148 1177 2218 signum
1235 2147 1604 2219 propositum
1659 2145 1940 2212 continet,
1992 2149 2051 2200 et

375 2234 538 2290 nuda
568 2233 763 2290 littera
793 2235 1083 2305 insinuat,
1118 2235 1219 2290 sed
1255 2234 2052 2307 praemittuntur,praalucent

381 2323 682 2395 sapientiae
730 2323 910 2395 vulgo
958 2323 1248 2380 indicibili
1281 2328 1340 2380 et
1386 2324 1617 2381 divinae.
1667 2323 1938 2380 Tectoria
1966 2323 2048 2379 si-

387 2412 627 2484 quidem
659 2417 795 2468 sunt
820 2413 1084 2484 quaedam
1117 2417 1173 2468 et
1204 2413 1381 2468 rudes
1405 2413 1888 2468 adumbrationes
1919 2429 2050 2468 sen-

387 2517 565 2557 suum
581 2500 756 2575 longe
768 2502 1205 2574 profundiorum
1219 2518 1673 2571 arcanarumque
1685 2502 2049 2574 opinionum.

398 2590 513 2646 Has
543 2589 700 2645 enim
733 2589 1040 2646 scientiam
1074 2590 1214 2646 dicit
1240 2605 1513 2646 sermone
1541 2589 1873 2646 declarante
1894 2591 2051 2662 quod

396 2679 580 2734 altera
596 2679 948 2749 requirenda
960 2678 1180 2735 sitistis
1193 2680 1401 2751 ﬁguris
1413 2678 1856 2734 scientiamulto
1874 2678 2052 2734 subli-

395 2765 710 2840 mior,qam
724 2767 998 2841 quisquis
1012 2768 1401 2841 spiritualiter
1415 2773 1642 2824 contem
1653 2767 2052 2840 platur,spiri-

394 2855 580 2912 tualia
594 2873 945 2928 comparans
958 2856 1493 2928 spiritualibuszhic
1511 2856 1857 2929 planeillam
1871 2861 2050 2929 tenet,

394 2946 762 3002 orationibus
793 2947 1032 3018 quidem
1064 2962 1183 3002 non
1215 2946 1718 3012 demonstrativis,
1744 2945 1846 3001 sed
1877 2946 2052 3018 apiri-

388 3035 663 3091 tualibus.
675 3035 851 3092 Porro
863 3036 985 3092 haec
999 3035 1169 3109 signa
1184 3041 1388 3108 oportu
1399 3035 1541 3104 it,ad
1558 3050 1627 3089 eu
1638 3051 1694 3090 m
1708 3035 1949 3091 modum
1964 3051 2055 3090 sa-

388 3124 506 3182 cris
520 3126 845 3182 inumbrari
860 3127 1105 3199 typiszut
1119 3127 1189 3183 ab
1203 3128 1288 3183 eis
1300 3127 1785 3182 submoverentur
1800 3125 2048 3198 indigni,

391 3231 535 3270 neve
547 3217 1561 3288 contemptuiexponerenturmtque
1587 3214 1705 3269 illis
1728 3213 1871 3270 solis
1894 3230 2051 3270 reve-

2114 1726 2121 1732 -
2152 1700 2277 1773 φαῖς
2333 1694 2725 1767 συνισταμένην
2761 1739 2775 1753 .

2144 650 2297 693 σεως.
2348 630 2564 700 Ταύτην
2615 626 2673 683 δὲ
2714 630 2812 699 τήν
2864 627 3204 706 ἆπόρῥητον,
3249 627 3375 700 ἤτοι
3427 625 3778 706 συμϐολικήν,

2145 718 2331 795 φησὶν,
2383 711 2529 794 ἔχειν
2584 717 3068 793 συμπεπλεγμένον
3118 723 3197 791 τῷ
3242 718 3413 795 ῥητῷ,
3446 720 3782 794 τουτέστιτῷ

2147 806 2377 883 ῥηθῆναι
2432 804 2882 882 ἐπιτετραμμίνῳ
2929 812 3011 880 τῷ
3061 802 3352 881 συμϐόλῳ,
3381 810 3470 864 καὶ
3514 810 3578 865 τὸ
3627 809 3784 887 aegr;-

2144 916 2261 963 τον,
2320 892 2446 964 ἤτοι
2494 895 2777 969 μυστικόν·
2836 896 3206 952 συνεσκίασται
3265 898 3370 973 γὰρ
3428 897 3481 953 ἐν
3538 903 3619 972 τῷ
3663 919 3788 971 συμ-

2147 978 2303 1056 ϐόλῳ
2352 985 2415 1040 τὸ
2465 982 2693 1054 ἀληθὶς,
2722 984 2814 1041 καὶ
2864 982 3262 1058 ἀδημοσίευτόν
3311 985 3476 1056 ἐστιν,
3508 988 3585 1049 ὡς
3638 987 3689 1042 ἐν
3717 991 3788 1060 τῷ

2112 1077 2361 1145 ’νομικῷ
2405 1074 2466 1128 τὸ
2512 1072 2714 1142 ἀληθὲς
2761 1074 2968 1149 πάσχα,
3002 1075 3183 1149 ὥσπερ
3235 1072 3467 1151 εἷ’ρηται·
3499 1075 3575 1131 Τὸ
3614 1078 3792 1152 πάσχα

2147 1163 2306 1235 ἡμῶν
2368 1163 2501 1237 ὑπὲρ
2562 1165 2724 1234 ἡμῶν
2784 1162 2947 1234 ἐτύθη
3007 1163 3265 1238 Χριστός.
3319 1165 3397 1221 Τὸ
3439 1161 3497 1218 δὲ
3551 1162 3792 1242 δεύτερον

2151 1250 2315 1325 μὲῥος
2372 1258 2472 1320 τῆς
2535 1249 2823 1327 θεολογίας
2876 1250 3111 1331 ἐμφανές
3161 1252 3274 1307 ἐστι
3327 1254 3416 1309 καὶ
3475 1255 3793 1330 γνώριμον.

2146 1340 2355 1409 Ταύτην
2409 1340 2507 1408 τὴν
2570 1338 2854 1416 θεολογίαν
2909 1340 3211 1419 φιλόσοφον
3272 1342 3363 1397 καὶ
3411 1340 3796 1414 ἀποδεικτικήν

2150 1427 2316 1497 εἶπεν,
2352 1428 2426 1490 ὡς
2478 1425 2567 1482 διὰ
2612 1431 2711 1494 τῆς
2758 1431 3143 1500 κατανοήσεως
3190 1432 3299 1485 τῶν
3350 1431 3683 1504 κτισμάτων,
3714 1429 3800 1486 καὶ

2147 1539 2309 1572 τινων
2344 1516 2504 1582 θείων
2554 1516 2911 1591 οἰκονομιῶν,
2942 1518 3034 1574 καὶ
3072 1525 3174 1589 τῆς
3213 1526 3555 1594 θεωρητικῆς
3604 1519 3805 1597 ἐξηγή-

2152 1627 2285 1668 σεως
2329 1609 2436 1660 τῶν
2481 1605 2607 1681 περὶ
2658 1610 2791 1661 Θεοῦ
2843 1606 3156 1683 λεγομένων
3201 1606 3253 1663 ὲν
3304 1613 3422 1671 ταῖς
3471 1608 3636 1671 θείαις
3679 1614 3808 1682 Γρα-

2839 1695 2938 1750 Καὶ
2992 1695 3129 1766 αὕτη
3190 1697 3286 1770 μὶν
3343 1699 3379 1767 ἠ
3442 1695 3813 1776 ἐμφανεστὲρα

2153 1778 2179 1804 ,Ι
2408 1782 2419 1799 1
2620 1785 2634 1804 \
2772 1784 2787 1803 κ
3112 1787 3121 1805 ί
3274 1785 3288 1805 9
3620 1791 3644 1802 υ

2153 1804 2269 1859 εχει
2307 1805 2431 1839 τινα
2479 1795 2652 1849 πειθω
2698 1805 2789 1840 και
2838 1782 3229 1859 συνδεδεμενην
3263 1783 3526 1857 αλήθειαν
3553 1806 3671 1849 τοις
3722 1785 3810 1842 λε-

2151 1874 2404 1949 γομένοις
2439 1894 2451 1907 ’
2513 1873 2649 1929 κατᾶ
2696 1878 2858 1930 τοῦτο
2923 1875 3027 1950 γάρ
3086 1874 3197 1930 ἐστι
3254 1874 3347 1930 καὶ
3405 1873 3761 1944 ἀποδεικτικὴ
3797 1922 3816 1949 ,

2156 1961 2413 2026 πείθουσα
2458 1962 2549 2017 καὶ
2611 1960 3014 2038 καταδουμὲνη,
3061 1964 3151 2019 καὶ
3201 1964 3369 2020 οἱονεὶ
3429 1961 3628 2038 δεσμόν
3686 1985 3810 2020 τινα

2156 2053 2245 2106 καὶ
2298 2050 2531 2127 σφαγῖδα
2584 2057 2701 2117 τοῖς
2759 2050 3078 2128 λεγομένοις
3139 2052 3440 2118 ἆπιτιθεῖσα
3504 2075 3604 2124 την
3661 2051 3806 2126 ἀλή-

2156 2143 2301 2196 θειαν
2352 2145 2484 2215 (26)·
2529 2141 2620 2196 καὶ
2671 2138 2897 2196 διδοῦσα
2945 2142 3010 2197 τὸ
3065 2144 3255 2197 πιστὸν
3304 2148 3424 2205 τοῖς
3480 2143 3808 2215 ἀκούουσιν,

2160 2225 2609 2303 ὑποϐαλλομένη,
2645 2230 2726 2285 δτι
2756 2232 2823 2284 τὰ
2865 2230 3074 2306 μεγάλα
3101 2232 3192 2285 καὶ
3240 2229 3493 2307 μεγάλως
3525 2230 3811 2310 ὀφείλουσι

2157 2324 2418 2391 νοεῖσθαι,
2472 2317 2562 2373 καὶ
2610 2318 3000 2395 προσηκόντως
3054 2323 3123 2394 τῇ
3184 2324 3335 2395 σφῶν
3396 2318 3808 2395 μεγαλειότητι,

2159 2408 2248 2463 καὶ
2280 2408 2388 2483 οὐχ
2420 2408 2609 2470 ἁπλῶς
2654 2405 2923 2483 χυδαίως,
2954 2409 3043 2465 καὶ
3078 2410 3152 2485 ὡς
3203 2410 3255 2464 οἱ
3284 2408 3491 2466 πολλοὶ
3525 2410 3814 2483 μανθάνειν

2165 2495 2476 2572 βούλονται·
2535 2497 2617 2561 τίς
2659 2498 2786 2573 γὰρ,
2846 2494 2977 2552 ἰδὼν
3033 2497 3197 2568 ἥλιον
3255 2496 3567 2573 λάμποντα,
3624 2496 3815 2555 ἔπειτα

2159 2585 2392 2648 ἀκούσας
2430 2586 2522 2640 τὸν
2577 2586 2750 2641 αἶ’τιον
2800 2587 2968 2642 αὐτοῦ
2996 2588 3085 2642 καὶ
3119 2590 3474 2663 παραγωγέα,
3518 2587 3580 2643 οὗ
3613 2609 3799 2667 φωτει·

2160 2676 2249 2730 νὸν
2287 2675 2379 2748 μὲν
2411 2677 2733 2746 κατανοήσει
2785 2674 3009 2747 ἐκεῖνον,
3041 2677 3129 2731 καὶ
3184 2677 3317 2752 ὑπὲρ
3346 2677 3409 2731 τὸ
3455 2681 3705 2732 τοιοῦτον
3742 2676 3814 2747 δὴ

2160 2764 2325 2819 πάλιν
2372 2769 2488 2841 φῶς
2538 2760 2663 2819 ὄντα
2710 2766 2845 2820 κατὰ
2874 2764 3019 2820 πολύ
3055 2785 3068 2837 ;
3102 2764 3148 2819 εἰ
3176 2765 3277 2841 γὰρ
3316 2768 3381 2835 ἦν
3408 2770 3684 2837 τοιοῦτος,
3714 2767 3817 2823 οὐκ

2159 2852 2219 2908 ἃν
2249 2854 2502 2908 τοιούτου
2549 2856 2789 2922 ποιητὴς
2836 2853 2894 2909 ἂν
2948 2854 3038 2923 ἦν.
3072 2853 3161 2908 Τίς
3195 2852 3252 2910 δὲ
3292 2853 3483 2924 πάλιν,
3517 2859 3695 2924 ζῶντα
3720 2857 3811 2910 καὶ

2161 2941 2484 3017 ἐνεργοῦντα
2525 2941 2615 2996 καὶ
2680 2941 2975 3015 κινούμενα
3031 2940 3161 2998 ἰδὼν
3196 2989 3211 3013 ,
3269 2944 3372 2998 οὑκ
3426 2942 3815 3019 ἀναλογίζεται

2158 3030 2248 3084 τὸν
2277 3030 2516 3101 ποιητὴν
2563 3028 2741 3085 αὐτῶν
2788 3030 2878 3085 καὶ
2913 3034 3087 3099 ζῶντα
3143 3031 3276 3107 ὑπὲρ
3324 3035 3491 3087 ταῦτα
3527 3030 3622 3087 καί
3651 3033 3817 3110 ἀσυγ-

2160 3119 2381 3192 κρίτως,
2413 3119 2502 3173 καὶ
2532 3118 2854 3193 κινούμενον
2890 3120 3019 3195 ὑπὲρ
3068 3120 3269 3184 ταύτας
3315 3118 3382 3192 δὴ
3417 3120 3511 3184 τὰς
3540 3123 3817 3192 κινήσεις,

2162 3205 2422 3279 δηλονότι
2455 3211 2522 3282 τῇ
2558 3209 2750 3263 ἑαυτοῦ
2781 3209 2981 3283 θεωρίᾳ
3009 3209 3147 3266 κατᾶ
3163 3210 3257 3266 τὸν
3284 3207 3460 3265 πολὺν
3485 3210 3555 3266 τὰ
3586 3215 3707 3275 θεῖα
3725 3211 3819 3266 καὶ

389 3303 587 3360 lentur
598 3304 1053 3377 perfectis,etom
1064 3321 1195 3360 nem
1211 3305 1539 3360 indecorem
1553 3302 1831 3374 superbis
1844 3303 1859 3357 i
1871 3303 2044 3376 magi-

2166 3299 2327 3371 μὲγαν
2359 3297 2683 3373 Γρηγόριον,
2714 3297 2804 3352 καὶ
2856 3299 3175 3375 ἐνεργοῦντα
3203 3298 3529 3374 κρειττόνως
3557 3298 3611 3362 ἐς
3654 3300 3822 3376 ὑπερ-

390 3393 690 3449 nationem
721 3392 1209 3465 rejicientibus,et
1225 3392 1298 3447 ad
1317 3392 1509 3464 ipsam
1529 3407 1720 3463 usque
1736 3392 2053 3463 pervadere

387 3481 693 3538 veritatem
723 3481 1077 3549 valentibus,
1107 3481 1203 3536 vix
1244 3480 1486 3552 quidem
1518 3479 1719 3535 leviter
1749 3479 2051 3550 signorum

390 3569 758 3637 varietatem,
810 3570 1101 3625 unitatem
1134 3567 1291 3625 280
1333 3584 1466 3624 vero
1517 3584 1629 3623 non
1680 3568 2052 3624 demonstra-

390 3658 551 3713 tione
577 3674 681 3714 nec
702 3657 1170 3726 ratiocinatione,
1189 3658 1288 3714 sed
1316 3657 1569 3729 simplici
1597 3656 1813 3714 mentis
1844 3673 2051 3730 appre-

392 3745 676 3802 hensione
693 3745 1521 3819 comprehendendo.Proinde
1541 3746 1757 3819 duplex
1776 3750 1866 3802 est
1894 3745 2053 3802 theo-

389 3835 657 3907 logorum
687 3835 924 3891 traditio
959 3852 971 3889 :
1006 3835 1125 3891 haec
1157 3835 1395 3908 quidem
1432 3853 1535 3909 per
1564 3835 1754 3907 signa,
1789 3834 1889 3889 illa
1916 3851 2052 3891 vero

388 3928 689 3980 exercetur
753 3940 857 3997 per
917 3930 1197 3979 creaturae
1265 3923 1845 3996 contemplationem,
1904 3923 2048 3979 dum

385 4012 652 4069 videlicet
705 4031 738 4070 a
785 4017 1063 4069 creaturae
1110 4014 1514 4086 speculatione
1558 4013 1895 4070 sublimiter
1953 4029 2049 4069 ra-

387 4101 547 4174 pitur
577 4118 743 4159 mens
774 4103 846 4158 ad
895 4102 1458 4174 contemplationem
1491 4102 1740 4173 opificis.
1786 4102 2047 4159 Priorem

386 4192 589 4248 dicens
637 4208 911 4248 arcanam
944 4197 1001 4248 et
1050 4192 1382 4265 mysticam,
1433 4191 1674 4247 interim
1706 4192 1849 4247 dum
1881 4195 2050 4247 vocat

385 4295 515 4335 eam
566 4281 950 4353 symbolieam
986 4299 998 4337 :
1034 4282 1274 4353 perinde
1305 4286 1396 4337 est
1426 4298 1495 4336 ac
1545 4281 1592 4335 si
1627 4280 1885 4336 declaret
1916 4296 2044 4336 eam

383 4386 533 4439 esse,
570 4386 701 4441 quas
744 4386 847 4442 per
874 4371 1096 4443 ﬁguras
1146 4370 1360 4426 divinis
1392 4368 1647 4424 oraculis
1686 4368 1902 4424 tradita
1932 4368 2033 4426 sit.

383 4458 664 4514 Eamdem
695 4474 930 4531 quoque
957 4456 1273 4529 τελεστικήν
1305 4459 1626 4525 asserit,ut
1657 4474 1785 4529 qua
1817 4474 1919 4530 per
1948 4475 2042 4515 sa-

383 4547 687 4603 cerdotum
717 4547 1173 4613 institutionem,
1208 4547 1588 4603 caeremonias
1619 4547 1815 4602 tradat
1847 4563 2042 4602 sacra-

2161 3381 2336 3456 ϐολήν
2373 3388 2503 3461 ὑπὲρ
2548 3388 2617 3442 τὰ
2645 3389 2930 3460 ποιήματα
2962 3406 2976 3459 ;
3009 3388 3115 3444 Καὶ
3167 3387 3394 3461 τοιαύτη
3444 3410 3541 3465 μεν
3574 3392 3611 3460 ἡ
3643 3387 3824 3466 ἐμφα-

2158 3474 2399 3551 νεστέρα,
2432 3474 2536 3529 ἀπὸ
2584 3481 2684 3545 τῆς
2730 3480 2837 3530 τῶν
2887 3474 3215 3548 ποιημάτων
3263 3474 3473 3553 φύσεως
3516 3476 3609 3531 τὸν
3659 3497 3833 3549 ποιη.

2158 3565 2257 3634 τὴν
2292 3561 2737 3619 ἀποδεικνύουσα’
2783 3561 2872 3619 διὰ
2916 3569 3078 3619 τοῦτο
3109 3564 3212 3642 γὰρ
3261 3563 3351 3620 καὶ
3385 3564 3715 3643 φιλόσοφος,
3746 3567 3826 3629 ὡς

2159 3657 2227 3725 τῇ
2262 3673 2415 3730 φυσει
2448 3652 2916 3731 ἐμφιλοχωροῦσα
2960 3661 3062 3724 τῆς
3091 3654 3343 3726 κτίσεως,
3377 3653 3662 3710 κάντεῦθεν
3701 3656 3829 3711 θεο-

2162 3738 2405 3815 λογοῦσα
2433 3742 2500 3796 τὰ
2531 3743 2662 3818 ὑπὲρ
2694 3742 2874 3819 φύσιν.
2906 3744 2971 3800 Ἡ
3003 3739 3061 3798 δὶ
3110 3736 3426 3817 συμϐολική
3477 3743 3579 3798 οὐκ
3604 3738 3727 3819 ἔχει
3760 3745 3827 3799 τὸ

2159 3829 2387 3899 πείθειν,
2435 3829 2563 3885 ἀλλ’
2611 3830 2881 3907 ἐνέργειάν
2920 3852 3043 3887 τινα
3092 3830 3238 3887 θείαν
3293 3831 3470 3910 ἀφανῆ
3531 3832 3625 3887 καὶ
3687 3830 3826 3909 δρα-

2160 3922 2404 3994 στήριον,
2436 3917 2559 3989 ἥτις
2603 3919 2699 3983 τὰς
2746 3917 3149 3996 μυστηριώδεις
3195 3922 3283 3976 καὶ
3337 3922 3681 3997 θεωρητικὰς
3713 3925 3822 3996 ψυ-

2158 4008 2264 4083 χὰς
2298 4005 2388 4062 διὰ
2414 4012 2521 4063 τῶν
2556 4013 2852 4082 μυστικῶν,
2884 4008 3009 4078 ἤτοι
3060 4004 3415 4084 συμϐολικῶν
3449 4009 3818 4085 αἶ’νιγμάτων,

2157 4095 2389 4173 ἐνιδρύει
2416 4097 2507 4151 καὶ
2539 4098 2702 4153 οἱονεὶ
2747 4097 3000 4172 θεμελιοῖ
3047 4098 3127 4160 εἷς
3170 4099 3260 4154 τὸν
3308 4099 3439 4155 Θεὸν
3472 4097 3566 4155 διὰ
3588 4103 3688 4153 τῶν
3728 4098 3812 4169 μή

2156 4184 2306 4262 λόγῳ
2355 4183 2757 4259 διδασκομένων
2803 4187 3139 4261 μυστηρίων,
3186 4184 3334 4244 ἀλλὰ
3387 4191 3513 4265 σιγῇ
3559 4188 3649 4243 καὶ
3682 4188 3825 4241 ἄπο-

2154 4274 2385 4349 καλύψει
2437 4274 2593 4329 θείων
2642 4274 2992 4349 ἐλλάμψεων·
3045 4277 3136 4330 καὶ
3187 4275 3409 4354 φωτίζει
3457 4275 3551 4331 τὸν
3584 4278 3718 4329 νοῦν
3752 4273 3838 4339 εἷς

2150 4364 2248 4424 τὰς
2293 4368 2402 4417 τῶν
2447 4363 2701 4439 ἆρῥήτων
2756 4364 3070 4440 μυστηρίων
3129 4366 3507 4435 κατανοήσεις’
3567 4361 3658 4418 διὰ
3719 4364 3839 4439 γὰρ

2150 4457 2257 4507 τῶν
2290 4450 2633 4526 τελουμένων
2678 4456 2868 4526 (ταῦτα
2903 4452 3001 4529 γάρ
3052 4453 3163 4508 ἐστι
3193 4453 3260 4508 τὰ
3289 4455 3417 4529 παρ’
3456 4454 3631 4523 αὐτῆς
3680 4449 3843 4529 δρώ-

2155 4562 2310 4613 μενα,
2370 4539 2454 4597 διὸ
2511 4543 2599 4596 καὶ
2655 4541 2940 4612 τελεστική
3002 4540 3267 4618 λέγεταιο)
3330 4545 3684 4619 προσοικειοῖ
3744 4547 3843 4615 τῷ

386 4640 741 4707 mentorum,
801 4637 1258 4709 comprehensas
1324 4636 1628 4708 signorum
1697 4636 2040 4692 involucris.

2153 4637 2269 4705 Θεῷ
2311 4637 2667 4708 πραγματικῇ
2697 4629 2801 4705 ἕξει
2850 4654 2908 4688 τε
2954 4632 3045 4688 καὶ
3075 4634 3317 4689 τυπώσει
3367 4634 3523 4708 (ὅπερ
3575 4634 3669 4689 καὶ
3708 4631 3849 4689 ἀδι-

384 4726 549 4780 Hanc
579 4741 787 4781 rursus
837 4742 1113 4781 arcanam
1145 4725 1266 4781 sive
1316 4724 1700 4798 symbolicam
1734 4726 1951 4782 astruit
1981 4725 2040 4782 in

391 4830 454 4870 se
484 4815 788 4870 continere
845 4813 1129 4887 quiddam
1185 4813 1510 4886 implexum
1543 4814 1624 4870 rei
1655 4813 1901 4884 aﬂ‘abili,
1933 4814 2043 4871 hoc

379 4907 625 4974 est,quaa
656 4908 723 4959 ut
750 4902 864 4958 dici
903 4903 1162 4976 promive
1188 4903 1602 4976 queat,ﬁguris
1633 4903 2043 4976 signiﬁcativis

379 4993 700 5049 commissa
737 4996 828 5049 est
855 4996 913 5048 et
943 4992 1187 5048 inserta.
1213 4993 1284 5048 Et
1313 4992 1423 5049 hoc
1454 4992 1846 5049 nihilominus
1876 5008 2042 5049 arca-

379 5097 518 5136 num
544 5083 780 5148 dicitur,
813 5081 924 5136 hoc
954 5085 1044 5137 est
1094 5081 1432 5154 mysticum.
1466 5082 1836 5137 Adumbrata
1881 5081 2040 5137 enim

378 5171 555 5226 estin
604 5170 732 5243 ipso
783 5171 950 5241 signo
1000 5170 1310 5237 ﬁgurativo
1352 5171 1591 5237 veritas,
1623 5186 1728 5226 nec
1778 5170 1838 5225 in
1880 5169 2040 5241 vulgi

380 5259 778 5330 cognitionem
802 5260 1124 5315 educenda:
1143 5259 1648 5330 quemadmodum
1670 5258 1730 5314 in
1752 5258 2040 5332 legaliillo

382 5349 567 5421 phase
595 5364 796 5404 verum
831 5349 1052 5404 Pascha
1083 5347 1513 5416 delineabatur,
1531 5348 1856 5403 secundum
1886 5349 2038 5420 quod

382 5436 605 5493 dictum
638 5441 730 5492 est
760 5436 935 5493 Paulo
968 5453 981 5491 :
1019 5436 1232 5493 Pascha
1262 5445 1512 5493 nostrum
1563 5453 1666 5509 pro
1716 5438 1889 5494 nobis
1939 5440 2039 5495 im-

380 5526 626 5584 molatus
649 5532 731 5584 est
761 5524 1009 5584 Christus
1040 5526 1124 5600 (ι).
1155 5525 1262 5585 Illa
1314 5525 1498 5585 altera
1550 5525 1856 5599 theologia;
1902 5544 2038 5601 pars

454 5725 516 5801 (ι)
550 5725 571 5782 Ι
602 5727 729 5784 Cor.
763 5744 818 5787 v.
852 5722 908 5785 7.

2153 4719 2381 4786 δάκτους
2433 4722 2815 4800 μυσταγωγίας
2861 4721 3158 4792 ἐκάλεσεν).
3215 4722 3275 4780 Ὁ
3320 4722 3423 4800 γὰρ
3474 4720 3529 4777 ἐν
3577 4722 3846 4797 μεθέξει,

2153 4811 2279 4889 φέρε
2335 4811 2529 4878 εἷ’πεῖν,
2589 4816 2697 4866 τῶν
2747 4811 3035 4888 ἀχράντων
3090 4808 3281 4887 δώρων
3347 4812 3645 4886 γενόμενος
3696 4809 3850 4867 ἀδι-

2153 4897 2361 4964 δάκτως
2411 4905 2849 4976 μυπαγωγεῖται
2901 4902 2992 4956 καὶ
3057 4903 3459 4975 πραγματικῶς
3515 4901 3611 4955 τὸν
3670 4902 3855 4976 ἁγια-

2152 4989 2311 5062 σμόνσ
2345 4987 2434 5044 διὰ
2459 4993 2620 5044 τοῦτο
2662 4990 2750 5045 καὶ
2785 4992 2820 5059 ἡ
2852 4987 3077 5059 τοιαύτη
3128 4989 3223 5063 μὶν
3279 4991 3513 5064 μυστικὴ
3547 4986 3857 5065 θεολογία

2152 5074 2272 5152 δρᾷ,
2303 5081 2338 5148 ἡ
2388 5075 2446 5134 δὲ
2490 5075 2580 5133 διὰ
2623 5084 2720 5148 τῆς
2767 5079 3146 5149 κατανοήσεως
3193 5081 3292 5147 τῆς
3343 5076 3582 5141 πίστεως
3636 5090 3849 5144 πειθει

2149 5167 2238 5222 καὶ
2286 5167 2464 5244 ἐνάγει
2512 5168 2650 5243 πρὸς
2693 5168 2793 5237 τήν
2849 5165 3108 5237 ἀλήθειαν
3135 5169 3269 5240 (27).
3318 5167 3418 5222 Καὶ
3470 5169 3581 5240 μὴν
3611 5167 3679 5222 οὐ
3715 5168 3849 5243 μό-

2149 5258 2297 5327 νονή
2327 5258 2535 5331 νομική
2567 5253 2886 5332 παράδοσις,
2916 5253 3062 5311 ἀλλὰ
3110 5255 3199 5311 καὶ
3230 5257 3266 5325 ἡ
3299 5253 3496 5325 τελετὴ
3528 5261 3640 5312 τῶν
3696 5257 3849 5321 καθ’

2148 5346 2294 5419 ἡμὰς
2346 5345 2658 5421 μυστηρίων
2711 5350 2819 5401 τῶν
2862 5344 3023 5422 ἱερῶν
3078 5336 3278 5417 ἐδεήθη
3327 5339 3653 5420 συμϐόλων.
3716 5345 3847 5404 Καὶ

2150 5435 2271 5490 οὐὶν
2327 5435 2661 5508 θαυμαστὸν,
2695 5433 2833 5490 ὅπου
2880 5455 2941 5509 γε
2988 5435 3077 5490 καὶ
3129 5434 3182 5489 οἱ
3231 5430 3464 5510 ἂήγελοι
3513 5430 3587 5490 δι’
3633 5434 3845 5511 αἰνιγ-

2152 5524 2335 5600 μάτων
2383 5525 2453 5580 τὰ
2515 5530 2632 5589 θεῖα
2700 5525 2974 5600 μυστήρια
3032 5524 3356 5601 προάγουσι.
3410 5522 3509 5579 Καὶ
3560 5523 3743 5589 αὐτὸς
3806 5524 3843 5580 ὁ
