4108 6380
339 408 453 463 493

1158 415 1624 469 PACHYMERE
1663 413 2165 468 PARAPHRASIS
2200 415 2275 466 IN
2313 416 2470 468 EPP.
2508 418 2565 470 S.
2607 417 2946 473 DIONYSII.

3656 427 3763 484 494

335 531 544 609 Κύριος
571 536 734 590 τοῦτο
779 534 874 607 μὶν
929 533 983 591 ἐν
1042 531 1389 625 παραϐολαῖς
1450 538 1523 598 ὡς
1579 536 1643 625 έν,
1685 530 1968 625 συμϐόλοις

2104 535 2345 596 evidens
2383 543 2474 596 est
2505 543 2561 595 et
2599 545 2736 598 nota
2766 541 3158 602 familiariter.
3190 547 3349 604 Hanc
3377 554 3546 607 vocat
3570 552 3764 625 philo-

333 622 576 701 φαίνεται
636 622 937 698 θεολογῶν·
990 630 1152 681 τοῦτο
1179 624 1236 681 δε
1282 628 1371 681 καὶ
1421 623 1754 702 παραδιδοὺς
1809 626 1879 680 τὰ
1935 624 1986 680 έν

329 716 415 785 τῷ
465 709 669 786 δείπνῳ
723 714 959 788 θεουργὰ
1009 716 1302 789 μυστήρια,
1333 715 1368 784 ἢ
1417 715 1484 770 τὰ
1515 713 1667 779 θεοὺς
1700 713 1828 778 τοὺς
1861 734 1987 788 μετ-

331 800 566 877 έχοντας
617 799 970 877 ἐργαζόμενα,
1017 803 1052 873 ἢ
1088 801 1156 858 τά
1202 804 1347 879 παρὰ
1391 807 1488 858 τοῦ
1533 802 1804 859 Δεσπότου
1853 805 1988 877 Χρι-

329 894 463 945 στοῦ
491 891 582 944 καὶ
613 895 746 946 Θεοῦ
796 893 956 964 ἡμῶν
1005 890 1321 966 πραχθέντα
1364 889 1453 947 διὰ
1497 899 1814 962 τυπωτικῆς
1855 912 1989 968 τρα-

326 980 650 1048 πεζώσεως.
691 980 1044 1056 Τραπέζωσιν
1078 977 1136 1034 δέ
1165 1002 1298 1057 φησι
1331 982 1455 1036 τότε
1491 983 1583 1054 μὲν
1637 983 1738 1051 τὴν
1772 980 1858 1036 ἐπὶ
1888 987 1988 1051 τῆς

325 1070 610 1144 τραπέζης
649 1068 992 1140 κατάκλισιν,
1041 1073 1133 1124 νῦν
1180 1067 1238 1125 δὲ
1275 1070 1342 1124 τά
1394 1070 1445 1125 ἰν
1485 1074 1555 1144 τῇ
1587 1071 1704 1141 θείᾳ
1749 1071 1987 1145 τραπέζῃ

327 1154 426 1213 διὰ
479 1159 576 1214 τοῦ
606 1157 760 1234 ἁγίου
811 1155 975 1235 ἄρτου
1015 1158 1106 1213 καὶ
1154 1163 1250 1214 τοῦ
1294 1158 1561 1234 ποτηρίου
1589 1167 1688 1230 τῆς
1736 1159 1987 1234 εὐλογίας

321 1245 637 1320 τελούμενα
699 1248 991 1323 μυστήρια·
1043 1247 1133 1302 καὶ
1182 1247 1282 1323 γάρ
1343 1245 1434 1303 διὰ
1478 1246 1574 1304 δύο
1617 1248 1792 1311 αῗτίας
1843 1247 1984 1304 οὕτω

322 1341 498 1392 ταῦτα
539 1334 845 1391 τελοῦνται·
901 1335 1030 1409 μίαν
1063 1339 1182 1410 μὲν,
1229 1335 1318 1392 ’ἱνα
1365 1341 1472 1392 τῶν
1500 1336 1728 1393 πολλῶν
1760 1338 1827 1393 τὰ
1855 1339 1986 1414 ἅγια

323 1423 870 1481 ἀποδιαστέλλωνται
903 1427 1042 1500 (28),
1086 1427 1163 1500 μὴ
1220 1424 1462 1501 ἑχόντων
1497 1427 1824 1506 ἐφικνεῖσθαι
1876 1431 1985 1482 τῶν
2036 1450 2039 1454 ·

319 1513 663 1588 νοουμένων,
696 1515 772 1569 ὧν
803 1513 967 1590 χάριν
1011 1515 1081 1570 τά
1112 1509 1367 1588 σύμϐολα
1409 1515 1650 1590 γίνονται
1683 1515 1814 1589 ί29)”
1862 1513 1982 1571 δευ-

316 1605 483 1681 τέραν
536 1601 615 1676 δὲ,
666 1603 782 1659 ἐπεὶ
840 1607 875 1674 ἡ
921 1604 1164 1679 ἡμετέρα
1215 1605 1328 1674 ζωὴ
1380 1605 1486 1660 ἀπὸ
1517 1608 1703 1681 ψυχῆς
1737 1604 1847 1659 ἐστι
1890 1606 1978 1660 καὶ

319 1695 607 1768 σώματος,
659 1694 748 1748 καὶ
811 1693 1103 1769 ἀμέριστος
1152 1695 1266 1768 ἅμα
1317 1695 1407 1749 καὶ
1460 1696 1717 1772 μεριστή·
1770 1695 1834 1750 τὸ
1886 1695 1979 1769 μὲν

317 1788 415 1847 διὰ
460 1792 524 1847 τὸ
573 1791 772 1866 ἀμερὲς
815 1797 916 1860 τῆς
964 1793 1152 1865 ψυχῆς
1196 1793 1284 1846 καὶ
1337 1792 1651 1865 ἀσώματον,
1696 1793 1758 1847 τὸ
1805 1790 1864 1847 δὶ
1893 1789 1984 1847 διά

314 1881 384 1936 τὸ
412 1885 514 1936 τοῦ
545 1881 797 1954 σώματος
827 1880 1087 1979 ποικίλον
1114 1879 1204 1935 καὶ
1250 1879 1580 1979 πολυμερὲς,
1631 1879 1812 1979 διττήμ
1834 1881 1980 1979 γίνε-
2013 1914 2060 1979 Β

313 1991 411 2026 ται
461 1969 553 2025 καὶ
601 1972 638 2040 ἠ
668 1974 776 2025 τῶν
827 1969 986 2025 θείων
1038 1969 1334 2043 οἰκονομία
1381 1969 1666 2046 ἀναλόγως
1696 1973 1844 2044 ἡμᾶς
1888 1968 1978 2026 ἰλ-

315 2059 638 2134 λάμπουσα.
691 2060 796 2114 Καὶ
846 2060 907 2114 τὸ
961 2058 1056 2133 μὶν
1087 2060 1285 2122 ἀπαθὲς
1324 2065 1423 2129 τῆς
1455 2062 1664 2135 ψυχῆς,
1705 2061 1766 2115 τὸ
1794 2061 1980 2135 νοερὸν

315 2145 606 2219 δηλονότι,
651 2147 761 2224 οὐχ
790 2148 866 2212 ὡς
895 2149 1065 2203 πάντα
1115 2146 1389 2223 ἀμέτοχον
1441 2149 1667 2221 πάθους,
1727 2146 1852 2204 ἀλλ’
1905 2148 1980 2212 ὡς

314 2235 514 2308 ἔξωθεν
563 2240 662 2292 τοῦ
709 2235 941 2312 πάσχειν
998 2236 1098 2291 οὐκ
1144 2234 1272 2313 ἔχον
1322 2238 1419 2299 τὰς
1470 2236 1744 2316 ἀφορμὰς,
1795 2235 1977 2313 ὥσπερ

310 2328 383 2382 τὸ
425 2331 586 2399 σῶμα
631 2325 917 2388 πλείστοις
952 2328 1259 2382 ὑποπῖπτον
1309 2331 1519 2396 κακοῖς,
1553 2327 1686 2400 ἅπερ
1736 2329 1771 2396 ἡ
1821 2327 1975 2402 ψυχὴ

307 2413 442 2471 ἄνευ
474 2422 576 2486 τῆς
607 2415 808 2478 οἴκείας
838 2414 1222 2486 ἐκουσιότητος
1255 2416 1366 2491 οὐχ
1399 2416 1677 2490 ὑπομένει.
1730 2416 1800 2470 Τὸ
1845 2419 1976 2492 γοῦν

307 2506 519 2569 ἀπαθὲς
576 2509 742 2559 τοῦτο
800 2502 878 2567 εἷς
933 2503 1001 2558 τὰ
1051 2504 1223 2575 νοητὰ
1280 2505 1563 2582 ἀφωρίσθη
1621 2505 1885 2578 θεάματα,
1938 2503 1974 2574 ἢ

302 2593 403 2648 καὶ
456 2590 606 2648 ἀπλᾶ
656 2591 802 2669 λέγει
853 2591 944 2647 καὶ
997 2590 1273 2667 ένδότατα,
1346 2593 1517 2649 οἱονεῖ
1587 2595 1972 2672 κρυφιώτατα·

301 2692 370 2746 τὸ
427 2687 486 2745 δὲ
517 2691 817 2759 παθητικὸν
850 2691 1044 2760 αὐτῆς,
1075 2691 1138 2745 τὸ
1172 2687 1259 2745 διὰ
1289 2695 1397 2745 τῶν
1435 2691 1735 2761 αἰσθήσεων
1770 2689 1974 2761 δηλον-

307 2779 400 2835 ότι
449 2779 841 2849 ἀντιληπτικὸν
888 2783 997 2834 τῶν
1058 2777 1288 2853 ἔξωθεν,
1349 2777 1565 2855 δέχεται
1621 2781 1687 2835 τά
1745 2787 1971 2857 συγγενῆ

302 2873 485 2925 ταῦτα
547 2867 1025 2944 παραπετάσματα.
1076 2873 1247 2923 Τοῦτο
1299 2865 1357 2924 δὲ
1413 2869 1582 2938 δῆλον
1645 2868 1694 2942 ἐξ
1751 2867 1825 2924 ὧν
1885 2871 1976 2925 καί

305 2979 460 3020 τινες
518 2962 625 3013 τῶν
683 2961 985 3034 προφητῶν
1044 2961 1268 3035 σαφοῦς,
1308 2954 1564 3028 δηλονότι
1593 2964 1807 3035 γυμνῆς
1836 2979 1972 3032 προ-

303 3047 720 3122 καλυμμάτων,
769 3044 1054 3122 θεολογίας
1102 3045 1418 3117 ἀκηκοότες·
1481 3050 1604 3102 οἴον
1649 3053 1828 3126 ’Ώφθη
1862 3046 1973 3104 Κύ-

305 3160 435 3214 ριος
461 3143 542 3212 τῷ
587 3133 858 3214 Ἀϐραὰμ,
911 3139 946 3209 ἢ
993 3139 1074 3211 τῷ
1123 3141 1350 3212 Μωϋσῇ,
1382 3137 1473 3193 καὶ
1500 3139 1614 3193 εἶπε
1640 3139 1703 3193 τὸ
1747 3138 1836 3193 καὶ
1882 3138 1964 3193 τὸ·

2103 627 2405 698 sophicam
2454 629 2635 685 simul
2685 635 2742 687 et
2771 633 3315 709 demonstrativam,
3362 639 3582 713 quippe
3634 660 3760 714 qua

2100 717 2445 774 conciliatur
2471 735 2572 790 per
2593 723 2876 778 attentam
2901 724 3429 784 considerationem
3461 736 3758 788 creatura-

2101 822 2257 871 rum,
2283 812 2386 863 aut
2414 808 2621 864 divinae
2651 811 2964 882 cujusdam
2988 813 3469 889 dispensationis,
3503 819 3625 876 sive
3655 837 3760 893 per

2099 896 2516 966 speculativam
2567 901 3000 958 enarrationem
3052 919 3254 961 eorum
3298 901 3520 978 quae‘in
3572 911 3757 968 sacris

2099 993 2420 1066 Scripturis
2451 997 2521 1053 de
2555 998 2665 1053 Deo
2697 998 2856 1055 dicta
2873 1015 3004 1056 esse
3035 1005 3505 1075 comperiuntur.
3539 1007 3607 1063 Et
3631 1008 3756 1066 haec

2097 1098 2240 1138 sane
2271 1088 2335 1138 ut
2363 1085 2703 1154 evidentior,
2737 1088 2856 1142 vim
2889 1090 3118 1146 obtinet
3150 1094 3475 1164 quamdam
3509 1112 3755 1168 persua-

2097 1170 2296 1240 dendi,
2330 1176 2507 1244 atque
2526 1190 2594 1229 ex
2627 1175 2802 1232 dictis
2833 1177 3136 1235 collectam
3160 1181 3466 1239 veritatem
3487 1189 3543 1240 et
3563 1202 3758 1242 asser-

2096 1262 2237 1315 tam.
2268 1261 2607 1318 Secundum
2657 1263 2813 1319 enim
2869 1264 2978 1321 hoc
3010 1267 3229 1324 dicitur
3268 1271 3754 1347 demonstrativa,

2095 1349 2251 1419 quod
2282 1352 2635 1421 persuadeat
2683 1357 2741 1408 et
2789 1354 3122 1426 denuntiet,
3155 1363 3214 1414 et
3245 1362 3417 1432 quasi
3449 1363 3754 1421 vinculum

2095 1438 2392 1510 quoddam
2423 1445 2480 1496 et
2506 1441 2767 1513 sigillum
2802 1443 2973 1500 dictis
2997 1454 3254 1519 apponat
3277 1450 3600 1509 veritatem.
3635 1458 3753 1510 Au-

2093 1526 2383 1583 ditoribus
2409 1530 2566 1584 enim
2599 1532 2724 1586 suis
2749 1530 2884 1587 ﬁdei
2916 1549 2980 1589 ac
3005 1537 3341 1596 securitatis
3363 1540 3580 1613 pignus
3603 1559 3749 1615 pra-

2093 1620 2211 1672 stat
2240 1634 2252 1672 :
2284 1617 2401 1674 illis
2429 1635 2775 1692 suggerens,
2828 1624 2982 1694 quod
3023 1641 3237 1698 magna
3267 1629 3479 1686 debeat
3510 1632 3581 1688 de
3634 1633 3748 1690 Deo

2090 1704 2348 1778 cogitare
2379 1708 2691 1765 manifeste
2707 1717 2764 1764 et
2785 1727 2888 1782 pro
2915 1712 3123 1770 decoro
3151 1731 3271 1770 suae
3295 1718 3746 1794 magnitudinis,

2090 1810 2206 1849 non
2239 1795 2416 1850 etiam
2450 1801 2751 1870 utcunque
2782 1815 2944 1856 more
2966 1801 3124 1874 vulgi
3155 1819 3259 1860 ceu
3293 1805 3556 1879 plerique
3587 1826 3749 1866 asso-

2090 1881 2233 1952 lent,
2265 1885 2478 1956 frigide
2528 1887 2753 1943 discere
2804 1889 3128 1961 cupientes.
3163 1893 3306 1957 Quis
3352 1897 3511 1976 enim
3558 1899 3744 1956 solem

2091 1971 2246 2028 hunc
2261 1974 2691 2045 contemplatus
2711 1977 3120 2036 radiosissimo
3135 1980 3359 2040 lumine
3377 1971 3745 2056 splendican-

2088 2064 2230 2130 tem,
2265 2063 2362 2119 ubi
2390 2064 2646 2136 primum
2667 2073 2720 2122 et
2745 2073 3045 2126 auctorem
3068 2070 3210 2127 solis
3231 2076 3289 2128 et
3317 2076 3465 2130 tanti
3497 2075 3745 2136 luminis

2087 2149 2376 2207 intellexit
2405 2152 2880 2212 conciliatorem:
2923 2159 3082 2230 quis,
3116 2159 3382 2232 inquam,
3419 2181 3532 2220 non
3567 2165 3740 2224 illum

2087 2240 2290 2296 statim
2335 2243 2551 2314 cogitet
2596 2244 2833 2316 copioso
2883 2245 3109 2305 lumine
3154 2249 3578 2327 splendescere,
3618 2255 3739 2314 imo

2088 2347 2268 2402 supra
2298 2346 2476 2402 quam
2499 2332 2613 2388 dici
2641 2337 2850 2404 potest,
2877 2338 3288 2396 transcendere
3309 2341 3488 2398 solem
3515 2343 3739 2417 ipsum,

2088 2447 2194 2486 suo
2225 2430 2324 2485 illo
2357 2431 2514 2487 fonte
2538 2431 2688 2488 lucis
2710 2435 2905 2492 omnis
2924 2435 2952 2490 *ἲ
2979 2439 3142 2504 Quod
3173 2439 3221 2494 si
3246 2440 3333 2496 sol
3361 2442 3495 2499 talis
3521 2460 3588 2501 ac
3608 2448 3741 2502 tan-

2084 2523 2218 2574 tus:
2255 2521 2524 2592 nunquid
2558 2538 2674 2577 non
2706 2522 2897 2594 ipsius
2929 2527 3122 2597 opifex
3142 2529 3231 2584 vel
3264 2534 3466 2588 tantus
3498 2533 3744 2606 cogitari

2086 2609 2304 2663 debet?
2338 2609 2481 2673 Quis
2499 2626 2727 2681 rursus,
2752 2629 2877 2682 qua!
2905 2615 3127 2684 vivunt,
3151 2618 3416 2676 efﬁciunt
3437 2622 3742 2694 quidpiam

2086 2696 2300 2768 operis,
2333 2699 2403 2753 ad
2438 2698 2558 2753 hazc
2589 2707 2918 2774 moventur,
2945 2703 3043 2759 ubi
3073 2704 3279 2762 viderit
3308 2709 3592 2781 primum,
3627 2729 3744 2769 non

2085 2786 2364 2842 continuo
2379 2804 2577 2844 secum
2593 2791 2891 2860 reputabit
2905 2791 3112 2849 talium
3127 2795 3397 2866 opificem
3411 2815 3529 2870 prae
3552 2800 3646 2857 his
3661 2802 3747 2858 in-

2085 2876 2560 2949 comparabiliter
2593 2878 2741 2934 281
2770 2880 2959 2938 vivere
2981 2883 3234 2953 felicius,
3258 2889 3477 2944 moveri
3500 2888 3747 2962 insuper

2084 2983 2266 3038 supra
2279 2967 2566 3023 motiones
2581 2975 2799 3024 natura:
2813 2972 3059 3028 condita
3073 2975 3746 3048 eminentius,nimirum

2083 3072 2192 3111 sua
2222 3055 2411 3127 ipsius
2443 3058 2941 3131 contemplatione
2976 3078 3038 3118 se
3070 3070 3400 3123 moventem
3422 3068 3451 3123 ?
3483 3068 3743 3141 Denique

2083 3145 2217 3215 quis
2249 3161 2365 3199 non
2389 3144 2474 3201 sic
2493 3146 2894 3217 prwcellenter
2914 3157 3256 3222 operantem
3280 3155 3626 3224 admiretur,
3651 3163 3742 3214 at-

299 3228 400 3283 καὶ
467 3227 674 3303 ἐγένετο
735 3225 899 3302 Λόγος
959 3226 1165 3302 Κυρίου
1218 3227 1354 3302 πρὸς
1408 3228 1498 3282 τὸν
1545 3229 1857 3305 προφήτην,
1913 3228 1965 3282 ἐν

2084 3250 2197 3304 que
2227 3234 2606 3306 Obstupescat
2634 3253 2813 3308 supra
2845 3240 3147 3298 modulum
3191 3250 3473 3302 creatura;
3515 3247 3739 3304 totius?

301 3318 521 3377 ἑαυτοῖς
567 3314 966 3370 ἀναπλάττουσι
1015 3315 1184 3370 τύπον
1239 3317 1401 3385 τινὰ,
1461 3313 1722 3386 δηλονότι
1772 3311 1965 3386 εὐσεϐῆ

305 3405 562 3480 θεωρίαν,
614 3406 702 3460 καὶ
757 3408 825 3478 τῇ
876 3404 992 3475 θείᾳ
1027 3404 1179 3481 φύσει
1236 3403 1595 3475 κατάλληλον
1646 3406 1778 3477 (30).
1842 3410 1964 3468 Πῶς

297 3495 412 3569 γὰρ
464 3496 525 3549 ἄν
578 3515 660 3556 τις
710 3492 908 3568 ἑτέρως
958 3494 1397 3570 χειραγωγηθείη
1438 3495 1576 3568 πρὸς
1625 3494 1814 3563 νόησιν
1866 3501 1966 3564 τῆς

303 3591 612 3668 εῗρημένης
660 3589 986 3668 θεολογίας;
1021 3593 1126 3646 Καὶ
1176 3591 1310 3646 αὐτὰ
1353 3588 1409 3645 δὲ
1436 3592 1503 3646 τὰ
1532 3591 1799 3665 κτίσματα
1828 3612 1968 3668 προ-

299 3676 631 3753 ϐέϐληνται,
684 3680 850 3735 οἱονεὶ
898 3679 1212 3753 πρόκεινται
1261 3683 1368 3733 τῶν
1419 3678 1664 3753 ἀοράτων
1716 3679 1806 3734 καὶ
1837 3700 1965 3750 νοη-

297 3775 416 3825 τῶν
449 3771 583 3843 (3i).
618 3768 722 3826 Καὶ
751 3773 915 3824 τοῦτο
939 3769 1016 3843 μὴ
1053 3767 1217 3842 μόνον
1248 3769 1276 3822 ὁ
1309 3772 1453 3832 θεῖος
1474 3768 1782 3830 ἀπόστολος
1816 3772 1962 3822 Παῦ-

303 3858 408 3922 λός
462 3880 653 3936 φησιν,
701 3860 829 3916 ’Ότι
872 3859 942 3913 τὰ
987 3857 1190 3932 ἀόρατα
1237 3856 1402 3913 αὐτοῦ
1434 3855 1484 3913 έν
1537 3862 1654 3920 τοῖς
1687 3859 1962 3930 ποιήμασι

295 3947 579 4021 νοούμενα
625 3949 940 4022 καθορᾶται·
987 3947 1134 4002 ἀλλὰ
1180 3947 1269 4002 καὶ
1315 3945 1476 4010 αὐτὸς
1525 3947 1554 4001 ὁ
1602 3945 1818 4017 ἀληθὴς
1850 3946 1963 4002 Λό-

291 4059 399 4114 γος
432 4038 462 4093 ὁ
497 4036 699 4112 Κύριος
742 4037 904 4110 ἡμῶν
954 4037 1165 4107 Ἰησοῦς
1213 4036 1475 4111 Χριστὸς,
1520 4037 1644 4091 ὅταν
1679 4034 1834 4112 λέγῃ·
1897 4035 1960 4094 El

282 4129 360 4184 τά
429 4126 642 4202 ἐπίγεια
721 4127 870 4182 εἶπον
945 4125 1073 4198 ὑμῖν
1105 4170 1120 4196 ,
1194 4125 1284 4180 καὶ
1342 4124 1408 4180 οὐ
1459 4125 1738 4181 πιστεύετε
1770 4167 1785 4194 ,
1841 4131 1960 4189 πῶς

297 4215 406 4272 ἐὰν
467 4217 537 4270 τὰ
591 4215 890 4291 ἐπουράνια
937 4212 1074 4269 εἷ’πω
1121 4213 1272 4285 ὑμῖν,
1319 4213 1665 4285 πιστεύσετε;
1727 4215 1820 4269 Διὸ
1868 4214 1960 4270 καὶ

287 4306 354 4359 οἱ
388 4311 694 4381 προφῆται,
743 4307 822 4368 πῆ
858 4303 951 4376 μὲν
981 4299 1285 4363 πολιτικῶς
1323 4302 1415 4356 καὶ
1463 4302 1706 4374 ἐννόμως
1737 4303 1960 4358 ὶπισκο-

282 4396 494 4447 ποῦσιν
524 4395 658 4467 (32),
717 4393 807 4446 ὅτε
857 4389 1004 4465 λέγει
1050 4391 1078 4444 ὁ
1125 4388 1369 4452 Ἡσαΐαςο
1425 4391 1524 4444 Καὶ
1581 4387 1731 4446 δεῦτε
1776 4389 1959 4447 διαλε-

285 4483 549 4558 χθῶμεν,
581 4480 727 4557 λέγει
786 4478 1012 4552 Κύριος·
1072 4481 1233 4533 τοῦτο
1289 4479 1390 4554 γάρ
1449 4476 1563 4533 ἐστι
1618 4479 1680 4534 τὸ
1734 4486 1835 4549 τῆς
1864 4501 1962 4536 πο-

2077 3335 2142 3386 Et
2156 3333 2278 3387 haec
2293 3332 2465 3404 plane
2479 3333 2680 3389 divina
2701 3337 3024 3407 suntjuxta
3041 3356 3319 3412 magnum
3340 3343 3509 3400 illum
3524 3345 3740 3417 Grego-

2079 3420 2330 3475 rium.Et
2361 3421 2498 3477 talis
2523 3423 2760 3493 quidem
2792 3426 3240 3500 theologiajure
3261 3431 3441 3488 altera
3465 3438 3740 3490 censetur

2075 3509 2460 3580 evidentior,a
2491 3515 2704 3567 natura
2733 3529 2933 3568 rerum
2968 3517 3737 3590 conditarum,conditorem

2075 3598 2275 3670 ipsum
2325 3599 2789 3658 demonstrativo
2817 3603 3138 3677 colligens;
3197 3624 3379 3679 quare
3436 3607 3740 3690 φιλόσοφος

2077 3687 2285 3742 merito
2317 3686 2554 3754 dicitur,
2604 3689 2714 3745 hoc
2764 3699 2854 3746 est
2883 3694 3156 3751 studiosa
3186 3686 3530 3771 sapientiae;
3581 3686 3738 3774 quod

2075 3775 2430 3847 perlibenter
2461 3778 2814 3834 immoretur
2845 3782 3286 3843 considerandae
3314 3789 3524 3846 nativae
3556 3790 3740 3848 indoli

2073 3869 2687 3938 creaturarum,atque
2717 3867 2857 3925 hinc
2890 3871 3150 3929 divinam
3179 3880 3738 3937 commentationem

2071 3952 2250 4022 elicit,
2283 3958 2556 4010 naturam
2588 3957 2780 4027 ipsam
2827 3963 3373 4022 transcendentem.
3409 3969 3609 4025 Altera
3640 3971 3738 4026 ni-

2072 4043 2286 4098 mirum
2317 4043 2644 4116 symbolica
2665 4063 2781 4102 non
2808 4047 2986 4104 habet
3008 4050 3121 4107 tale
3152 4053 3403 4125 aliquid,
3431 4073 3547 4128 quo
3579 4059 3734 4116 nita-

2069 4137 2170 4187 tur
2215 4133 2289 4188 ad
2339 4134 2856 4206 persuadendum;
2918 4139 3019 4195 sed
3047 4142 3351 4199 efﬁcacem
3407 4148 3729 4217 quamdam

2068 4220 2210 4286 vim,
2271 4221 2531 4277 divinam
2578 4224 2840 4296 quidem,
2894 4228 2994 4283 sed
3047 4230 3356 4288 obscuram
3401 4251 3467 4290 ac
3495 4235 3726 4305 plenam

2070 4310 2309 4377 laboris,
2359 4327 2488 4382 qua!
2515 4312 2747 4369 animas
2780 4316 3162 4387 mysticarum
3197 4337 3392 4377 rerum
3429 4324 3728 4384 studiosae

2070 4404 2246 4470 atque
2276 4415 2481 4454 earum
2551 4403 3035 4474 contemplationi
3069 4409 3294 4478 afﬁxas,
3329 4428 3433 4482 per
3461 4414 3728 4485 mystica,

2070 4488 2177 4543 hoc
2206 4493 2296 4543 est
2343 4489 2611 4560 symliola
2658 4491 2971 4562 aenigmata
3021 4495 3208 4552 solide
3261 4502 3622 4572 communit;
3673 4508 3732 4560 et

281 4570 509 4632 λιτείας
553 4569 644 4625 καὶ
673 4573 782 4624 τῶν
815 4569 1001 4663 νόμων
1029 4569 1167 4640 (33)⁶
1219 4573 1295 4636 πῆ
1329 4563 1816 4663 βέκαθαρτιξιῶς,
1871 4568 1959 4663 ὅτε

2080 4577 2128 4630 in
2151 4576 2268 4632 Deo
2291 4575 2464 4648 quasi
2490 4576 2687 4632 stabili
2722 4578 3107 4639 fundamento
3131 4585 3378 4643 collocat
3398 4607 3580 4662 perea
3601 4563 3731 4663 qua

282 4662 672 4736 παραινοῦσιν
735 4659 805 4715 Oi.
854 4653 1120 4731 διψῶντες
1174 4654 1477 4749 πορεύεσθε
1522 4654 1626 4749 έιρῖΔ
1661 4654 1808 4731 ὕδωρ
1867 4657 1958 4749 καὶ

2080 4664 2232 4721 nullo
2257 4665 2543 4720 docentur
2580 4682 2877 4738 sermone,
2923 4674 3239 4743 mysteria;
3287 4677 3466 4749 idque
3497 4678 3733 4735 silentio

278 4747 589 4817 λούσασθε,
638 4746 866 4822 καθαροὶ
915 4747 1129 4820 γένεσθε
1157 4787 1172 4812 ,
1231 4743 1371 4815 καὶ,
1431 4743 1770 4818 Προσέλθετε
1814 4746 1955 4810 πρὸς

282 4837 486 4907 αὐτὸν,
529 4836 618 4891 καὶ
672 4834 980 4909 φωτίσθητε
1032 4834 1166 4907 (34).
1213 4835 1397 4890 Ταῦτα
1425 4832 1530 4909 γὰρ
1593 4832 1696 4888 εἱσι
1744 4833 1812 4888 τὰ
1854 4839 1955 4904 τῆς

279 4932 650 4995 διδασκαλίας
700 4933 790 4987 καὶ
836 4936 938 4997 τῆς
984 4931 1316 5004 καθάρσεως.
1350 4932 1565 4986 Ἐκεῖνα
1594 4928 1727 5005 γοῦν
1751 4930 1819 4986 τὰ
1853 4952 1955 4986 πο-

283 5022 482 5080 λιτικὰ
510 5023 600 5078 καὶ
650 5016 853 5094 ἔννομα
882 5019 1049 5096 λόγον
1095 5014 1390 5093 συμϐόλων
1447 5018 1728 5096 ἐπέχουσι·
1772 5020 1954 5097 παχύ-

275 5134 418 5186 τερα
467 5113 572 5187 γάρ
626 5109 716 5165 καὶ
765 5116 906 5185 σαφῆ
960 5111 1098 5182 ἡμῖν
1150 5107 1273 5163 εἱσι·
1316 5111 1484 5163 ταῦτα
1531 5105 1589 5163 δὲ
1634 5109 1700 5164 τὰ
1749 5121 1950 5185 καθαρ-

271 5204 417 5260 τικὰ
445 5201 536 5257 καὶ
566 5199 812 5277 ἄχραντα
838 5199 1002 5275 λόγον
1051 5201 1264 5276 γυμνῆς
1314 5193 1609 5271 συμϐόλων
1663 5197 1950 5275 θεολογίας

275 5293 576 5367 ἐπέχουσι.
641 5291 734 5346 Διὸ
789 5289 1010 5344 κάκεῖνα
1071 5288 1166 5362 μὶν
1210 5287 1563 5362 ἀνθρωπίνως
1594 5289 1629 5359 ἢ
1684 5287 1777 5344 καί
1834 5311 1952 5354 πως

280 5380 700 5456 ὑψηλοτέρωςο
758 5383 920 5434 τοῦτο
968 5377 1071 5453 γάρ
1131 5376 1241 5432 ἰστι
1298 5377 1360 5431 τὸ
1422 5375 1622 5450 μέσως⁶
1669 5382 1836 5433 ταῦτα
1894 5376 1951 5433 δὲ

279 5469 660 5543 ὑψηλοτέρους
685 5467 772 5523 καὶ
797 5466 1276 5543 τελεσιουργικῶς.
1310 5467 1547 5522 Κάκεῖνα
1580 5467 1673 5539 μὶν
1709 5467 1814 5522 ἀπὸ
1841 5471 1951 5523 τῶν

272 5559 641 5636 φαινομένων
671 5556 878 5630 νόμῶν·
910 5558 1080 5611 ταῦτα
1111 5553 1169 5610 δε
1195 5555 1301 5610 ἀπὸ
1322 5558 1430 5610 τῶν
1459 5555 1676 5632 ἀφανῶν
1709 5557 1948 5629 θεσμῶν⁶

268 5650 354 5704 τὰ
383 5647 488 5724 γὰρ
518 5651 618 5703 τοῦ
663 5644 903 5703 παλαιοῦ
950 5643 1122 5720 νόμου
1162 5643 1460 5722 φαινόμενα
1504 5642 1950 5720 ἐξαγγέλλονται,

273 5739 508 5818 ἀφανῶς
565 5735 623 5792 δέ
666 5739 919 5792 νοοῦνται
956 5777 970 5792 .
1021 5734 1172 5792 Ἐπεὶ
1209 5731 1330 5798 πῶς
1381 5733 1476 5795 τὰς
1523 5735 1801 5805 νηστείας,
1858 5735 1951 5790 καὶ

2063 4760 2237 4825 atque
2267 4753 2620 4809 revelatione
2652 4755 2861 4811 divina
2894 4757 3340 4820 illustrationis.
3374 4770 3442 4822 Et
3472 4772 3730 4824 mentem

2063 4841 2327 4898 illustrat
2346 4843 2418 4898 ad
2445 4843 2768 4901 ineffabilia
2791 4851 3072 4919 mysteria
3094 4853 3556 4927 consideranda;
3591 4873 3732 4914 nam

2064 4947 2167 5003 per
2192 4930 2589 4987 sacriﬁcantes
2623 4933 2769 5004 (haec
2799 4937 2958 4992 enim
2993 4946 3134 4995 sunt
3156 4941 3334 5014 hujus
3365 4961 3563 5017 Opera,
3595 4946 3728 5002 ideo

2062 5029 2237 5084 etiam
2266 5026 2550 5098 τελεστική
2588 5030 2824 5104 dicitur)
2856 5034 2970 5091 Deo
3015 5038 3333 5097 familiares
3366 5045 3558 5117 magis
3589 5044 3724 5100 afﬁ-

2063 5117 2141 5172 cit
2169 5117 2355 5174 activa
2372 5117 2674 5189 qualitate,
2709 5126 2766 5175 et
2799 5123 3147 5184 formatione
3177 5130 3355 5201 (quod
3388 5133 3567 5188 etiam
3601 5131 3725 5187 ἀδι-

2063 5201 2291 5267 δάκτους
2345 5205 2741 5282 μυσταγωγίας,
2791 5209 2847 5265 id
2903 5217 2995 5268 est
3040 5233 3328 5274 sacrorum
3370 5221 3723 5280 initiatione:

2062 5313 2095 5350 a
2133 5297 2352 5351 nemine
2398 5296 2612 5352 edoctus
2663 5301 2946 5369 vocavit);
2998 5305 3098 5374 qui
3148 5309 3307 5364 enim
3351 5311 3498 5368 dicis
3544 5329 3722 5369 causa

2063 5385 2354 5456 particeps
2405 5385 2915 5444 immaculatorum
2967 5393 3224 5450 efficitur
3254 5399 3567 5472 donorum,
3594 5402 3723 5457 sine

2063 5478 2415 5544 praeceptore
2446 5490 2612 5528 sacra
2634 5476 2879 5532 docetur
2896 5480 3098 5552 etipso
3129 5489 3260 5540 actu
3293 5491 3721 5562 sanctiﬁcatur,

2062 5566 2368 5634 propterea
2396 5565 2453 5617 et
2482 5562 2617 5619 talis
2642 5565 2882 5636 quidem
2907 5570 3155 5641 mystica
3185 5574 3477 5649 theologia
3508 5595 3723 5650 opera-

2061 5655 2177 5722 tur,
2210 5651 2393 5706 altera
2422 5667 2552 5706 vero
2594 5653 3062 5715 consideratione
3110 5662 3241 5718 ﬁdei
3291 5668 3628 5736 persuadet,
3662 5670 3721 5723 et

2062 5741 2134 5798 ad
2192 5739 2489 5796 veritatem
2549 5741 2808 5800 adducit.
2841 5748 3017 5818 Atqui
3061 5767 3174 5806 non
3224 5751 3432 5824 legalis
3478 5756 3717 5812 traditio
