4108 6392
366 397 472 453 495

1191 397 1558 450 ΑΡΡΕΝΒῘΧ
1593 399 1692 451 AD
1729 396 1975 451 OPERA
2010 398 2024 450 ξ

2133 396 2421 450 )IONYSII
2463 396 2965 453 AREOPAGITE.
3679 394 3771 451 496

366 521 584 587 solum,
616 520 716 576 scd
741 522 932 590 etquae
957 516 1192 590 proprie
1212 523 1420 574 nostra
1439 522 1530 574 est
1550 518 2024 573 Christianorum

2139 516 2206 571 τα
2238 510 2501 584 σάϐϐατα,
2531 516 2622 570 καὶ
2648 516 2741 576 τέις
2771 516 3073 588 νουμηνίας
3120 517 3517 588 νομοθετήσας,
3568 516 3774 594 ὕστερον

364 609 781 680 mysteriorum
814 624 983 665 sacra
1011 607 1311 664 institutio
1340 606 1559 664 sanctis
1599 606 1717 663 illis
1768 605 2027 677 indiguit

364 698 707 773 symbolicis
741 698 951 770 signis.
987 697 1186 768 Neque
1226 696 1282 752 id
1315 696 1701 752 admirabile:
1755 698 2022 767 quando-

366 790 605 860 quidem
630 787 823 859 angeli
854 786 971 859 ipsi
994 803 1098 858 per
1114 784 1427 857 (enigmata
1445 786 1516 840 ad
1541 785 1875 841 divinorum
1899 801 2023 857 my-

367 878 683 934 steriorum
713 875 1109 948 cognitionem
1126 875 1454 946 provehunt
1473 890 1582 931 nos
1602 878 1661 931 et
1674 875 2022 946 perducunt-

367 968 440 1025 Et
470 968 596 1039 ipse
621 965 859 1038 quidem
892 963 1178 1020 Dominus
1209 964 1265 1018 in
1301 963 1602 1035 parabolis
1631 964 1803 1035 quasi
1835 963 2024 1035 signis

370 1056 754 1129 quibusdam,
795 1055 938 1109 dum
988 1052 1189 1107 divina
1225 1057 1525 1120 tractaret,
1557 1052 1667 1108 hoc
1696 1052 1898 1124 ipsum
1929 1069 2025 1109 se-

373 1150 548 1202 cutus
577 1143 829 1198 videtur.
867 1142 981 1197 Hoc
1000 1139 1280 1197 nimirum
1307 1140 1611 1214 theologia:
1641 1158 1829 1214 genus
1854 1141 2024 1197 lucu-

368 1234 559 1292 lenter
604 1231 911 1305 expressit,
960 1232 1105 1285 dum
1155 1231 1215 1285 in
1248 1246 1414 1285 coena
1445 1231 1726 1302 mysteria
1770 1231 2028 1286 traderet

370 1324 578 1380 divinae.
609 1319 965 1393 operationis
995 1320 1051 1375 vi
1084 1319 1351 1390 praedita,
1373 1324 1476 1374 aut
1505 1335 1634 1390 quas
1665 1318 1756 1374 sui
1783 1317 2026 1391 partici-

368 1430 472 1485 pes
502 1412 643 1467 dcos
674 1410 1093 1482 quadantenus
1125 1408 1455 1477 efﬁcerent;
1507 1408 1629 1464 sive
1676 1425 1745 1464 ea
1791 1424 1917 1479 quae
1952 1408 2025 1463 ab

367 1502 498 1575 ipso
528 1499 777 1556 Domino
806 1498 946 1554 Jesu
979 1498 1212 1555 Christo
1244 1502 1302 1551 et
1336 1498 1447 1553 Deo
1469 1501 1673 1552 nostro
1690 1500 1857 1569 gesta
1887 1500 2028 1552 sunt

366 1607 472 1663 per
502 1589 707 1662 typica
739 1587 900 1644 illius
925 1602 1142 1642 mensae
1172 1585 1799 1657 apparatum.Proinde
1827 1584 2025 1657 τραπὲ-

370 1683 534 1747 ζωσιν
569 1682 734 1734 vocat
784 1693 943 1748 eum,
1000 1676 1100 1748 qui
1132 1681 1274 1731 tunc
1303 1675 1734 1748 discipulorum
1772 1675 1900 1745 fuit,
1952 1674 2024 1730 ad

370 1784 637 1825 mensam
669 1766 832 1823 illam
886 1781 1115 1821 sacram
1165 1763 1529 1821 discubitum
1581 1762 1783 1833 simul;
1817 1767 1874 1820 et
1900 1778 2026 1835 quis

370 1873 528 1922 nunc
561 1854 844 1927 temporis
875 1854 1291 1923 conficiuntur,
1323 1853 1383 1907 in
1415 1868 1623 1909 mensa
1652 1852 1849 1909 divina
1872 1852 2026 1909 282

2137 602 2282 681 λέγει
2318 601 2408 659 διὰ
2432 608 2530 660 τοῦ
2563 603 2805 662 Ἠσαίου·
2856 605 2948 667 Τίς
2997 604 3098 681 γὰρ
3150 608 3319 661 ταῦτα
3361 603 3675 676 ἐξεζήτησεν
3728 606 3780 661 ἐκ

2136 697 2240 747 τῶν
2270 698 2475 769 χειρῶν
2498 694 2674 767 ὑμῶν,
2699 692 2744 748 εἷ
2772 693 2848 767 μή
2872 697 3115 771 φανερῶς
3143 694 3238 766 μὶν
3259 691 3536 770 λέγονται,
3569 694 3776 771 ἀφανῶς

2137 777 2195 835 δὲ
2250 786 2498 837 νοοῦνται
2533 803 2548 853 ;
2595 782 2685 836 καὶ
2715 782 2777 836 τὸ
2807 789 3085 856 προσῆκον
3119 781 3153 851 ἢ
3185 788 3303 846 τοῖς
3353 784 3671 859 πράγμασιν
3724 782 3772 853 ἃ,

2134 868 2575 948 κρυφιωδέστερα
2607 868 2755 943 ὄντα,
2789 871 2962 934 οὕτως
2995 871 3357 947 ὲκφαίνονται,
3398 870 3492 927 ’ίνα
3538 875 3615 947 μὴ
3670 877 3779 937 τοῖς

2134 956 2371 1021 πολλοῖς
2389 955 2803 1031 βεϐηλωθῶσιν,
2827 962 2862 1030 ἢ
2876 966 2992 1023 τοῖς
3007 963 3042 1030 ἡ
3052 962 3428 1037 μτὲροιςνοῖς
3448 961 3539 1016 καὶ
3562 965 3779 1039 ψυχαῖς,

2137 1045 2396 1117 δηλονότι
2445 1049 2581 1104 κατά
2627 1050 2727 1119 τὴν
2768 1053 2877 1104 τῶν
2929 1047 3354 1125 ὑποδεχομένων
3407 1048 3653 1123 δύναμιν·
3688 1050 3781 1107 ἅλ-

2138 1136 2250 1200 λως
2291 1138 2393 1214 γὰρ
2443 1142 2863 1212 νομοθετοῦνται
2923 1138 2977 1194 οἱ
3035 1136 3317 1196 Ἰουδαῖοι.
3367 1139 3458 1195 καὶ
3514 1137 3701 1202 ἄλλως
3732 1141 3781 1196 οἱ

2133 1227 2272 1282 κατὰ
2314 1227 2543 1302 Χριστὸν
2589 1230 2775 1299 ἡμεῖς,
2823 1228 2923 1296 τὴν
2972 1225 3140 1297 αὐτὴν
3184 1230 3530 1302 νομοθεσίαν·
3593 1229 3783 1285 ἐκεῖνοι

2137 1315 2234 1387 μὲν
2293 1314 2347 1370 ἐν
2391 1319 2696 1392 γράμματι,
2748 1319 2914 1390 ἡμεῖς
2967 1314 3024 1372 δὲ
3080 1316 3131 1372 ἐν
3191 1316 3459 1392 πνεύματι
3494 1339 3507 1352 ·
3569 1318 3631 1373 οὗ
3685 1318 3783 1393 γὰρ

2136 1403 2327 1467 ἁπλῶς
2374 1405 2614 1478 ἱστορίαν
2666 1402 2840 1481 ἔχειὸ
2891 1403 3055 1483 λόγος
3108 1411 3218 1462 τῶν
3276 1411 3596 1483 προφητῶν,
3646 1406 3787 1463 ἀλλᾶ

2138 1496 2375 1564 ζωτικὴν
2432 1494 2735 1551 τελείωσιν·
2789 1497 2992 1558 σκοπὸς
3047 1498 3153 1574 γάρ
3202 1496 3314 1553 ἐστι
3344 1503 3462 1563 τοῖς
3495 1499 3666 1574 ἁγίοις
3699 1497 3787 1554 διὰ

2134 1589 2241 1639 τῶν
2278 1589 2525 1659 Γραφῶν,
2552 1586 2691 1660 πρὸς
2706 1587 2806 1655 τήν
2830 1584 3050 1641 αἰώνιον
3078 1587 3222 1656 ζωήν
3252 1585 3527 1643 τελεῖσθαι
3551 1588 3680 1651 τοὺς
3710 1585 3792 1643 δι-

2137 1672 2501 1747 δαοκομένους
2551 1676 2684 1747 (35).
2734 1678 2914 1729 Ταῦτα
2966 1672 3023 1730 δέ
3055 1697 3211 1754 φησι,
3245 1673 3455 1739 δεικνὺς
3485 1677 3792 1752 ἀναγκαίως

2134 1765 2233 1832 τήν
2265 1763 2553 1840 ἀναγωγήν
2587 1762 2638 1817 ἐν
2664 1768 2783 1825 τοῖς
2814 1763 2977 1828 θείοις
3008 1759 3203 1839 λόγοις
3232 1765 3466 1842 γίνεσθαι
3668 1768 3787 1841 Χρὴ

2134 1849 2425 1928 τοιγαροῦν
2453 1853 2539 1908 καὶ
2574 1854 2724 1925 ἡμᾶς
2770 1851 2899 1907 εἶ’σω
2930 1854 3244 1930 παρακῦψαι
3301 1859 3409 1909 τῶν
3464 1851 3793 1929 συμϐόλων,

370 1948 751 2003 sacrosancta
780 1942 1061 2016 mysteria
1091 1957 1195 2014 per
1224 1942 1396 2014 panis
1437 1941 1587 1997 sacri
1619 1945 1799 2012 atque
1826 1939 2024 1997 calicis

2134 1940 2223 1996 καὶ
2258 1949 2531 2017 θεωρῆσαι
2561 1942 2697 1997 αὐτὰ
2727 1943 2802 2005 ὡς
2830 1938 3027 2017 ἔκγονα
3056 1943 3212 1997 θείων
3252 1943 3343 1998 καὶ
3374 1948 3587 2012 νοητῶν
3615 1962 3796 2019 χαρα-⁵

371 2033 863 2091 henedictionem.
897 2031 1128 2103 Duplici
1157 2031 1397 2102 quidem
1421 2031 1647 2086 ratione
1668 2031 1748 2085 ita
1778 2030 1900 2085 haec
1931 2046 2027 2086 sa-

372 2127 674 2179 cramenta
721 2120 1137 2177 conﬁciuntur.
1187 2119 1314 2176 Una
1342 2125 1452 2185 est,
1486 2124 1551 2174 ut
1582 2124 1786 2175 sancta
1842 2119 1964 2174 hac
1996 2135 2030 2174 a

370 2212 715 2284 vulgaribus
742 2209 1084 2265 hominibus
1106 2208 1553 2279 distinguantur
1572 2225 1638 2263 ac
1660 2212 2026 2278 separentur,

372 2300 475 2374 qui
525 2305 827 2373 nequeunt
871 2299 1199 2371 pertingere
1246 2298 1314 2352 ad
1350 2313 1418 2353 ea
1442 2314 1569 2369 quae
1600 2297 2028 2352 consideranda

369 2395 804 2464 proponuntur,
863 2404 1116 2460 quorum
1176 2386 1405 2443 scilicet
1445 2387 1753 2459 vulgarum
1813 2386 2023 2459 gratia,

371 2480 543 2553 signa
572 2479 864 2551 ejusmodi
898 2476 1209 2549 ﬁgurativa
1234 2481 1394 2533 sunt.
1442 2476 1640 2532 Altera
1671 2480 1761 2532 est
1789 2476 2027 2547 quando

373 2571 492 2627 vita
520 2571 645 2627 haec
667 2575 869 2625 nostra
900 2570 971 2623 ab
1002 2566 1203 2623 anima
1232 2567 1447 2638 pendet
1475 2566 1652 2622 simul
1681 2574 1735 2622 et
1762 2581 2024 2637 corpore:

374 2664 431 2716 et
451 2659 688 2731 quidem
714 2663 876 2730 parte
900 2673 1018 2712 una
1035 2656 1399 2711 individuam
1425 2661 1601 2727 atque
1623 2655 2025 2726 incorpoream

375 2749 585 2805 animas
619 2752 885 2803 naturam
914 2765 929 2814 ;
965 2744 1072 2801 hoc
1111 2748 1305 2800 autem
1341 2745 1496 2816 quod
1530 2744 1820 2800 distinctae
1853 2744 1931 2799 sit
1960 2760 2026 2799 ac

374 2836 840 2894 multimembris
886 2840 1109 2890 naturae
1139 2850 1373 2905 corpus,
1409 2838 1585 2904 atque
1615 2833 1752 2888 hinc
1783 2833 2025 2898 factum,

374 2932 441 2983 ut
476 2926 659 2981 divini
703 2925 877 2981 istius
925 2922 1614 3003 sacramentironfectio
1663 2921 1775 2977 sub
1806 2920 2026 2993 duplici

371 3017 619 3072 materia
646 3014 1219 3086 dispensaretur,pro
1245 3011 1645 3084 qualicunque
1674 3011 1889 3065 virium
1921 3026 2025 3065 no-

371 3110 625 3161 strarum
657 3101 1305 3176 proportione,Domino
1324 3117 1432 3157 nos
1456 3100 1686 3155 interim
1722 3099 2026 3155 erudiente

366 3210 581 3251 arcano
609 3210 716 3249 suo
750 3192 973 3249 afﬂatu.
1005 3192 1137 3246 Jam
1168 3191 1377 3245 animis
1408 3188 1882 3261 impassibilitas,
1934 3189 2023 3243 vis

2137 2033 2375 2105 κτήρων·
2424 2032 2512 2085 καὶ
2564 2033 2665 2106 γὰρ
2717 2031 2778 2086 οὒ
2832 2032 2993 2105 μόναι
3024 2033 3077 2086 αἱ
3107 2032 3478 2106 προσκυνηταὶ
3509 2039 3608 2102 τῆς
3633 2033 3795 2108 ἁγίας

2134 2117 2364 2195 Τριάδος
2390 2122 2708 2179 ὑποστάσεις
2729 2117 3034 2194 συμϐόλοις
3054 2119 3552 2176 διαποικίλλονται³
3572 2121 3663 2177 καὶ
3687 2126 3798 2198 πῦρ

2138 2209 2353 2283 λέγεται
2405 2211 2433 2264 ὁ
2477 2210 2622 2280 Θεὸς,
2673 2210 2768 2281 ὡς,
2815 2214 2928 2283 Πῦρ
2958 2209 3375 2278 καταναλίσκον,
3407 2212 3497 2265 καὶ
3530 2211 3597 2265 τὰ
3630 2210 3797 2285 λόγια

2133 2298 2330 2353 τούτου
2361 2298 2728 2374 πεπυρωμένα
2750 2318 2763 2330 '
2791 2298 2937 2354 ἀλλὰ
2961 2300 3049 2353 καὶ
3084 2300 3136 2354 οἱ
3168 2298 3398 2374 ἄγγελοι
3433 2294 3797 2373 συμϐολικῶς

2136 2385 2545 2463 διαγράφονταιο
2597 2386 2813 2462 λέγεται
2841 2387 2941 2463 γὰρ
2968 2386 3058 2442 καὶ
3088 2386 3214 2463 περΐ
3242 2387 3440 2443 αὐτῶνθ
3496 2390 3557 2447 Ὁ
3610 2385 3793 2443 ποιῶν

2132 2475 2261 2538 τοὺς
2319 2474 2583 2552 ἀγγέλους
2636 2475 2801 2531 αὐτοῦ
2848 2475 3153 2549 πνεύματα,
3205 2475 3296 2532 καὶ
3353 2474 3482 2540 τοὺς
3530 2476 3792 2553 λειτουρ-

2133 2565 2263 2640 γοῦς
2296 2564 2458 2620 αὐτοῦ
2490 2566 2659 2639 πυρὸς
2690 2565 2894 2641 φλόγα.
2951 2563 3105 2621 Ἀλλ’
3139 2564 3294 2638 ὅμως
3316 2566 3454 2641 πρὸς
3479 2567 3547 2620 τὰ
3578 2562 3798 2621 ὑποκεί-

2139 2674 2275 2725 μενα
2292 2651 2381 2707 καί
2409 2654 2459 2707 οἱ
2481 2652 2643 2707 τύποι
2666 2657 2938 2721 νοοῦνται,
2961 2653 3057 2708 κᾶν
3083 2654 3136 2710 οἱ
3158 2653 3309 2709 αὐτοὶ
3338 2654 3464 2709 εἷενο
3486 2655 3521 2724 ἢ
3544 2657 3673 2728 γοῦν
3690 2658 3796 2709 τοῦ

2134 2742 2304 2818 πυρὸς
2337 2741 2499 2797 εἶ’κὼν
2554 2738 2891 2815 λαμϐάνεται
2949 2743 3038 2797 ἐπὶ
3081 2747 3237 2815 Θεοῦ,
3285 2744 3321 2814 ἢ
3370 2744 3507 2798 κατὰ
3549 2743 3613 2798 τὸ
3656 2743 3796 2819 ὑπὲρ

2133 2831 2345 2901 νόησιν,
2371 2830 2453 2886 ὅτι
2480 2835 2586 2906 πῦρ
2621 2830 2853 2906 λέγεται·
2889 2830 3016 2887 ἀλλ’
3047 2831 3180 2906 ὑπὲρ
3211 2831 3373 2886 τοῦτό
3405 2830 3703 2895 ἐστι.Τὲως
3736 2829 3800 2887 δὲ

2137 2918 2354 2995 λέγεται
2403 2923 2534 2994 πῦρ,
2594 2920 2668 2982 ὡς
2727 2918 2900 2982 αἷίτιος
2974 2920 3168 2994 πυρός.
3218 2921 3316 2975 Καὶ
3368 2919 3484 2975 ἐπεὶ
3532 2921 3596 2975 τὸ
3640 2923 3793 2975 θεῖον

2137 3010 2268 3082 ὑπὲρ
2329 3007 2517 3079 νόησίν
2579 3008 2746 3075 ἐστιν,
2812 3009 2918 3064 ἀπὸ
2992 3013 3100 3063 τῶν
3172 3008 3428 3064 αῗτιατῶν
3484 3009 3558 3071 ὡς
3612 3008 3800 3073 αἴτιος

2135 3103 2380 3166 νοεῖται,
2440 3098 2473 3165 ἣ
2519 3098 2655 3152 κατὰ
2703 3099 2803 3166 τὴν
2853 3097 3018 3152 αὐτοῦ
3067 3097 3358 3172 πρόνοιαν,
3418 3098 3495 3160 ὡς
3555 3096 3607 3153 ἐν
3670 3102 3797 3161 τοῖς

2134 3185 2536 3262 Εὐαγγελίοις,
2598 3189 2706 3261 ΙΙῦρ
2764 3184 2939 3256 ἦλθον
2998 3185 3185 3263 βαλεῖν
3230 3186 3317 3242 ἐπὶ
3374 3194 3475 3257 τῆς
3521 3193 3665 3261 γῆς·
3726 3188 3794 3243 τὸ

363 3299 575 3357 nempe
606 3282 794 3355 ipsius
853 3280 1254 3336 intellectilis:
1308 3296 1424 3333 non
1465 3279 1614 3349 quod
1649 3277 1889 3334 omnino
1940 3277 2018 3333 sit

2133 3276 2229 3350 γὰρ
2256 3275 2620 3350 προνοητικὸν
2650 3275 2815 3330 αὐτοῦ
2862 3275 2952 3330 καὶ
3003 3275 3094 3331 ἐπὶ
3134 3282 3264 3331 πᾶσι
3323 3273 3653 3352 δραστήριον
3700 3276 3788 3331 καί

363 3389 569 3445 expers
601 3369 884 3443 patiendi,
939 3369 1039 3425 sed
1087 3370 1226 3440 quia
1264 3373 1639 3423 externarum
1675 3366 2015 3435 passionum

363 3461 539 3518 nullae
570 3477 633 3516 se
664 3459 911 3515 offerant
940 3474 1129 3514 causa
1153 3457 1655 3529 quemadmodum
1680 3455 1787 3513 hoc
1805 3473 2020 3528 corpus

363 3548 697 3605 innumeris
729 3547 1050 3603 obnoxium
1084 3545 1753 3617 incommodis,quorum
1786 3542 2017 3600 nullum

366 3654 612 3711 prorsus
636 3637 865 3708 cogitur
894 3635 1094 3690 anima
1124 3633 1562 3698 sustinere,nisi
1597 3632 1863 3690 ultronea
1892 3650 2020 3705 pro-

371 3726 567 3799 priave
588 3723 907 3799 _voluntate
951 3740 1016 3779 eo
1066 3721 1386 3777 deﬂexerit.
1434 3722 1564 3778 Haec
1596 3723 1781 3794 igitur
1811 3723 2020 3778 animai

367 3816 518 3870 circa
552 3813 857 3887 passiones
886 3810 1292 3867 inflexibilitas
1321 3812 1392 3866 ad
1424 3811 1770 3883 spectandas
1796 3810 2022 3882 species

366 3919 498 3975 quas
528 3900 824 3958 intellectu
854 3900 977 3956 solo
1000 3901 1602 3972 comprehenduntur,
1637 3904 1906 3968 sejuncta
1932 3903 2022 3955 est

363 3998 421 4049 et
452 3992 791 4064 disparata;
826 4007 976 4062 quas
1005 3990 1247 4061 quidem
1280 3989 1532 4045 visiones
1563 3989 1864 4060 simplices
1894 4004 2023 4044 esse

2129 3361 2460 3439 διακριτικὸν
2511 3368 2618 3436 πῦρ
2666 3364 3012 3437 ὀνομιιὶζεται⁹
3059 3366 3094 3434 ἢ
3145 3364 3281 3420 κατὰ
3324 3365 3417 3419 τὸν
3473 3362 3662 3441 λόγον,
3717 3364 3793 3427 ὡς

2128 3454 2275 3528 παρὰ
2325 3458 2405 3525 τῷ
2451 3454 2707 3526 Ἱερεμίᾳ*
2755 3454 2881 3529 Οὐχ
2930 3453 3103 3517 οὕτως
3150 3455 3202 3508 οἱ
3248 3453 3404 3530 λόγοι
3439 3474 3565 3527 μου,
3601 3451 3796 3529 ὥσπερ

2129 3547 2236 3616 πῦρ
2273 3562 2286 3612 ;
2338 3540 2482 3618 λέγει
2530 3542 2743 3618 Κύριος·
2798 3540 2887 3597 διὰ
2933 3544 2995 3598 τὸ
3047 3543 3282 3616 καθαρὸν
3318 3544 3519 3613 πάντη,
3550 3542 3643 3598 καὶ
3667 3542 3796 3597 ἀκί-

2130 3628 2361 3700 ϐδηλον·
2414 3630 2589 3692 καθὼς
2638 3630 2726 3686 καὶ
2772 3631 2918 3706 παρᾶ
2945 3635 3025 3704 τῷ
3057 3629 3240 3687 Δαυΐδ.
3274 3633 3355 3689 Τὰ
3382 3629 3551 3707 λόγια
3577 3632 3797 3706 Κυρίου

2128 3720 2513 3794 πεπυρωμένα,
2557 3718 2726 3794 λόγια
2782 3719 2936 3796 ἁγνά.
2990 3718 3317 3776 ’Δλλόὕτω
3372 3722 3466 3794 μὲν
3539 3719 3629 3776 ἐπὶ
3687 3726 3796 3776 τοῦ

2130 3814 2284 3865 Θεοῦ·
2335 3807 2549 3883 λέγεται
2581 3806 2639 3863 δὲ
2687 3808 2778 3863 καὶ
2821 3807 3056 3864 ἐπὶτῶν
3113 3808 3364 3884 ἀγγέλων
3419 3810 3482 3864 τὸ
3539 3814 3671 3883 πῦρ,
3710 3811 3793 3873 ὡς

2130 3898 2389 3954 αἰτιατῶν
2420 3899 2479 3953 ἐκ
2506 3902 2642 3953 Θεοῦ
2670 3898 2808 3953 κατὰ
2862 3899 3095 3972 μέθεξιν,
3140 3898 3323 3974 ὥσπερ
3374 3896 3513 3968 δῆτα
3562 3898 3792 3974 λέγοντι

2128 3987 2217 4042 καὶ
2250 3991 2383 4065 φῶς,
2434 3986 2525 4042 καὶ
2557 3987 2669 4042 θεοὶ
2696 3986 2786 4041 καὶ
2815 3984 2996 4042 τᾶλλα
3040 3986 3108 4042 τὰ
3134 3992 3213 4060 τῷ
3242 3991 3359 4059 Θεῷ
3405 3990 3783 4062 προσήκοντα.

361 4086 419 4138 et
448 4080 691 4136 intimas
718 4080 954 4145 astruit,
1006 4077 1176 4150 quasi
1221 4095 1469 4133 arcanas
1518 4078 1772 4132 maxime
1817 4082 1876 4133 et
1923 4077 2218 4133 introrsus
2260 4078 2696 4133 delitescentes.
2736 4079 3022 4132 Caeterum
3056 4078 3310 4149 passiva,
3343 4094 3471 4148 quae
3502 4085 3661 4134 extra
3710 4094 3779 4133 se

360 4172 533 4242 ﬁunt,
565 4170 823 4225 admittit
873 4167 985 4223 sibi
1038 4171 1289 4239 cognata
1344 4167 1467 4222 haec
1509 4166 1813 4222 involucra
1859 4167 2204 4238 ﬁgurarum.
2255 4166 2462 4237 Liquet
2493 4166 2603 4221 hoc
2630 4183 2697 4221 ex
2727 4182 2816 4237 eo,
2848 4167 3001 4236 quod
3033 4167 3452 4238 prophetarum
3506 4166 3779 4224 nonnulli

357 4258 704 4332 perspicuas,
737 4257 846 4313 hoc
877 4261 968 4312 est
997 4256 1166 4312 nudaa
1217 4272 1322 4311 nec
1363 4255 1499 4311 ullis
1548 4254 1808 4311 tectoriis
1856 4256 2218 4311 adumbratae
2267 4254 2576 4325 theologize
2626 4254 2923 4311 auditores
2957 4255 3138 4311 fuisse
3167 4258 3544 4313 referuntur:
3577 4263 3645 4312 ut
3691 4263 3790 4313 est

354 4346 496 4419 quia
529 4334 816 4403 Dominus
837 4362 899 4401 se
930 4344 1237 4401 visendum
1260 4344 1528 4400 exhibuit
1553 4343 1667 4416 ipsi
1697 4344 2017 4415 Abraham,
2048 4344 2171 4400 sive
2201 4343 2371 4398 etiam
2406 4344 2609 4415 Moysi.
2641 4344 2711 4399 Et
2737 4343 2883 4398 dixit
2911 4344 3021 4400 hoc
3051 4348 3108 4400 et
3142 4343 3267 4400 hoc.
3322 4346 3393 4401 Et
3445 4347 3639 4402 factus
3691 4351 3795 4402 est

352 4453 545 4493 sermo
580 4435 811 4493 Domini
861 4435 933 4490 ad
978 4435 1136 4490 hunc
1187 4433 1556 4506 prophetam.
1615 4434 1686 4489 Et
1718 4434 1777 4489 hi
1805 4434 2045 4505 quidem
2070 4433 2131 4488 in
2165 4433 2377 4503 seipsis
2409 4449 2583 4487 unam
2618 4433 2877 4504 aliquam
2915 4434 3166 4506 afﬁgunt
3193 4435 3512 4507 imaginem
3538 4434 3646 4490 tali
3698 4436 3792 4490 vi-

349 4525 525 4596 sioni,
553 4530 699 4597 puta
726 4523 1282 4596 contemplationem
1314 4539 1635 4596 congruam
1670 4523 1896 4595 pietati,
1928 4539 2056 4593 quas
2087 4522 2298 4578 divinae
2337 4528 2557 4577 naturae
2608 4523 2919 4593 utrobique
2961 4528 3188 4578 servata
3237 4524 3522 4595 temperie
3570 4540 3796 4581 conve-

346 4616 496 4672 niat.
532 4617 655 4680 Quo
685 4614 843 4670 enim
877 4619 1046 4685 pacto
1079 4612 1225 4669 alias
1255 4614 1389 4684 quis
1422 4613 1609 4684 possit
1640 4612 1962 4668 manuduci
1993 4612 2063 4667 ad
2099 4612 2449 4683 praescriptis
2481 4609 2784 4682 theologia
2834 4610 3333 4684 intelligentiam?
3362 4614 3508 4684 Ipsae
3568 4613 3795 4669 etiam-

348 4721 492 4760 num
529 4710 811 4760 creatura;
842 4705 1284 4774 prteponuntur,
1316 4706 1373 4756 et
1402 4701 1571 4773 quasi
1598 4703 1915 4773 praejacent
1963 4698 2361 4756 invisibilibus
2392 4706 2449 4756 et
2478 4699 2971 4771 intelligibilibus.
3007 4701 3192 4773 quue
3222 4718 3337 4757 non
3371 4701 3536 4758 solus
3566 4706 3799 4759 astruit

343 4791 716 4850 admirabilis
775 4791 873 4846 ille
940 4790 1241 4863 apostolus
1294 4790 1515 4846 Paulus
1571 4790 1810 4846 dicens:
1870 4789 2025 4861 Quia
2074 4789 2390 4845 invisibilia
2440 4788 2614 4860 ipsius
2650 4804 2749 4859 per
2790 4805 2875 4857 ea,
2920 4806 3039 4861 quae
3078 4792 3230 4861 facta
3287 4795 3444 4861 sunt,
3486 4791 3797 4848 intellecta

342 4880 763 4954 conspiciuntur
792 4878 889 4952 (τη)
917 4878 930 4933 l
964 4879 1066 4934 sed
1098 4883 1156 4935 et
1183 4879 1439 4934 Verbum
1470 4896 1665 4947 verax,
1698 4878 1824 4951 ipse
1854 4873 2139 4934 Dominus
2172 4882 2370 4933 noster
2395 4878 2570 4933 Jesus
2609 4877 2878 4933 Christus
2929 4881 3161 4949 quando
3210 4880 3396 4947 dicit;
3444 4879 3507 4936 Si
3552 4885 3790 4937 terrena

338 4970 462 5025 dixi
480 4970 651 5036 vobis,
683 4973 877 5024 etnon
908 4967 1166 5029 creditis;
1224 4969 1489 5039 quomodo
1543 4970 1598 5024 si
1651 4967 1892 5023 cwlestia
1940 4966 2131 5022 dixero
2178 4967 2331 5023 vobis
2377 4967 2609 5021 credetis
2640 4965 2716 5036 ιη)
2749 4966 2777 5020 ‘I
2823 4966 3046 5022 Idcirco
3089 4967 3288 5023 eximii
3332 4966 3418 5022 illi
3470 4969 3783 5041 propheta

339 5060 553 5129 partim
588 5057 818 5129 quidem
873 5057 931 5111 in
989 5056 1178 5112 civilis
1207 5073 1273 5111 ac
1310 5056 1539 5129 legibus
1582 5055 1867 5111 instituta;
1899 5054 2026 5109 vitae
2075 5071 2298 5111 morem
2345 5072 2455 5111 sua
2505 5055 2984 5128 contemplantur
3026 5057 3282 5124 oracula,
3336 5061 3403 5112 ut
3439 5073 3573 5112 cum
3628 5057 3789 5114 dicit

340 5146 566 5202 Isaiaso
591 5146 777 5202 Venite
804 5145 957 5202 288
989 5149 1043 5201 et
1070 5145 1451 5217 disceptemus,
1483 5144 1622 5200 dicit
1651 5146 1942 5200 Dominus.
1975 5143 2119 5199 Nam
2141 5153 2196 5199 et
2215 5144 2325 5199 hoc
2355 5145 2425 5199 ad
2448 5143 2633 5199 civilis
2667 5145 2795 5199 vitae
2827 5144 3144 5217 legumque
3176 5145 3465 5202 rationem
3484 5147 3780 5217 pertinet.

335 5234 566 5289 Alicubi
633 5235 962 5306 purgative,
1023 5240 1088 5289 ut
1138 5251 1270 5289 cum
1304 5234 1662 5289 admonent:
1722 5234 2007 5302 Silientes,
2038 5235 2223 5288 venite
2251 5232 2328 5287 ad
2353 5248 2564 5304 aquam
2586 5232 2663 5305 (ρ)
2692 5252 2706 5301 ;
2738 5238 2832 5288 et:
2864 5234 3178 5301 Lavamini,
3210 5236 3419 5290 mundi
3447 5239 3619 5291 estote
3646 5239 3737 5307 (q)
3765 5254 3783 5305 ;

336 5327 433 5379 et:
465 5322 708 5378 Accedite
736 5323 807 5378 ad
830 5340 975 5395 eum,
1006 5327 1057 5379 et
1110 5324 1523 5378 itluminamini
1562 5322 1655 5394 (ν).
1715 5323 1845 5378 Haec
1901 5320 2057 5378 enim
2119 5323 2448 5378 doctrinam
2507 5323 2833 5393 respiciunt
2881 5322 3059 5378 simul
3099 5329 3157 5379 et
3193 5323 3613 5395 expiationem.
3658 5324 3785 5382 Illa

338 5411 540 5483 igitur,
574 5427 705 5482 quae
733 5411 972 5482 politica
1027 5416 1190 5481 sunt,
1236 5417 1294 5466 et
1352 5410 1548 5483 legum
1608 5410 1926 5467 formulam
1958 5411 2293 5483 praeferunt,
2355 5411 2641 5467 rationem
2697 5412 2967 5468 obtinent
2998 5413 3346 5484 signorum;
3405 5418 3546 5470 sunt
3601 5418 3776 5471 enim

334 5499 632 5557 crassiora
663 5500 952 5572 nobisque
982 5500 1289 5557 manifesla
1321 5499 1621 5557 omnibus.
1657 5502 1792 5565 Quae
1827 5516 1960 5556 vero
2008 5499 2371 5572 purgatoria,
2425 5500 2711 5557 rationem
2762 5501 3067 5557 continent
3121 5501 3293 5558 nudas
3342 5499 3500 5559 illius
3557 5502 3780 5576 signo-

350 5769 365 5775 -
404 5717 504 5790 (γη)
538 5717 707 5774 Rom.
739 5732 781 5791 1,
813 5718 903 5774 20.
985 5719 1064 5793 (π)
1093 5718 1262 5778 Joan.
1296 5721 1496 5794 111,12.
1576 5718 1654 5795 (ο)
1684 5724 1821 5793 Cap.
1856 5737 1896 5790 1,
1931 5721 2017 5776 18.

2097 5719 2175 5793 (ρ)
2206 5720 2297 5777 Isa
2325 5734 2411 5788 LV,
2447 5722 2497 5777 1.
2576 5721 2648 5793 (q)
2680 5722 2793 5778 lsa.
2826 5739 2866 5793 1,
2898 5722 2988 5779 16.
3065 5722 3137 5797 (ν)
3168 5723 3322 5781 Psal.
3354 5740 3560 5795 χχχιιι,
3589 5726 3649 5780 6.
