4108 6396
391 438 506 494 497
1213 449 1677 503 PACHYMERE
1717 451 2225 506 PARAPHBASIS
2262 452 2336 504 IN
2375 451 2530 503 EPP.
2575 452 2633 504 S.
2676 450 3007 506 DlONYSII.
3723 456 3828 511 498

387 581 529 621 rum
563 566 890 640 theologiae.
929 569 1180 642 Ideoque
1224 570 1325 627 illa
1370 571 1608 642 quidem
1659 571 1906 629 inducta
1957 573 2231 629 videntur
2281 573 2590 628 hominum
2649 591 2832 640 more,
2865 575 2982 630 sive
3014 576 3188 631 etiam
3221 575 3609 650 aliquousque
3636 580 3827 636 subli-

387 657 572 712 mius.
606 661 723 712 Hoc
756 658 915 713 enim
951 660 1169 716 indicat
1204 661 1377 716 dictio
1413 660 1614 732 μέσως,
1666 661 1720 715 id
1774 666 1861 716 est
1903 662 2098 717 medie.
2150 663 2282 717 Haec
2331 680 2469 717 vero
2523 663 2844 719 sublimius
2893 669 2950 720 et
2981 665 3052 719 ad
3085 666 3498 736 perfectionem
3523 669 3824 725 efﬁcacius

383 744 781 802 inducuntur.
817 750 887 804 Et
917 748 1018 805 illa
1057 750 1298 820 quidem
1349 767 1382 805 a
1426 749 1763 820 conspicuis
1819 749 2049 820 legibus
2086 768 2098 806 :
2158 751 2280 806 haec
2331 756 2526 806 autem
2581 753 2654 806 ab
2706 753 2778 806 iis
2829 770 2958 823 quae
2992 770 3092 824 per
3124 771 3185 809 se
3217 771 3445 811 arcanae
3477 762 3617 812 sunt
3645 769 3700 812 et
3731 759 3822 813 di-

381 832 554 888 vinae.
621 839 851 892 Rursus
914 836 1016 891 illa
1048 838 1297 908 antiquae
1339 838 1483 910 legis
1535 839 1768 893 decreta
1812 839 2110 909 prepalam
2162 839 2401 909 quidem
2451 839 2821 910 evulgantur,
2857 842 3106 896 obscure
3137 849 3332 896 autem
3386 844 3819 916 intelliguntur.

384 922 627 995 Alioqui
660 924 735 990 is,
795 925 896 997 qui
957 926 1082 998 lege
1132 927 1326 982 sanxit
1373 927 1624 997 jejunis,
1679 927 1934 982 Sabbata
1991 932 2046 982 et
2097 928 2457 994 neomenias,
2510 936 2713 999 postea
2754 946 2856 1000 per
2913 929 3124 985 Isaiam
3158 943 3176 968 ³
3225 932 3309 986 sic
3341 931 3608 1003 loquitur
3641 951 3653 988 :
3685 936 3821 1002 Qui:

380 1014 536 1067 enim
572 1016 829 1084 qumsivit
860 1015 976 1071 haec
1004 1017 1068 1071 de
1095 1017 1350 1071 manibus
1381 1021 1595 1083 vestris,
1631 1017 1742 1072 nisi
1795 1017 1934 1088 quia
1977 1017 2286 1088 perspicue
2337 1018 2571 1088 quidem
2608 1019 2908 1083 dicuntur,
2942 1018 3358 1090 intelliguntur
3387 1027 3579 1077 autem
3613 1023 3822 1078 obscu-

383 1102 561 1156 rius?
592 1103 988 1160 Conveniebat
1018 1105 1276 1176 profecto
1319 1105 1658 1160 istiusmodi
1710 1107 1907 1169 rebus,
1964 1121 2090 1176 quae
2138 1122 2241 1176 per
2285 1123 2346 1160 se
2395 1122 2530 1162 cum
2583 1107 2979 1162 abstrusiores
3023 1108 3162 1177 sint,
3200 1109 3270 1163 ad
3301 1109 3459 1166 hunc
3482 1110 3722 1165 modum
3755 1114 3820 1165 ut

378 1193 830 1264 evulgarentur,
866 1212 936 1250 ne
960 1212 993 1250 a
1038 1212 1214 1266 quam
1267 1195 1538 1266 plurimis
1580 1201 2033 1266 prol'anarentur
2063 1214 2079 1248 :
2107 1195 2227 1250 sive
2259 1197 2314 1249 id
2349 1195 2567 1251 nostris
2597 1199 2773 1251 etiam
2806 1197 3168 1268 congruebat
3199 1199 3472 1254 sensibus
3501 1203 3558 1255 et
3579 1199 3817 1266 animis,

375 1297 493 1352 pro
525 1283 916 1354 accipientum
948 1284 1217 1339 videlicet
1247 1290 1440 1355 captu.
1479 1284 1662 1339 Aliter
1699 1287 1854 1340 enim
1905 1285 2095 1339 Judaei
2139 1302 2280 1350 suae,
2331 1285 2500 1339 aliter
2531 1303 2638 1341 nos
2671 1287 2773 1356 qui
2805 1285 3038 1341 Christo
3071 1287 3315 1342 nomina
3344 1287 3638 1356 dedimus,
3671 1289 3816 1360 legis

377 1378 604 1428 nostras
632 1374 869 1429 decreta
902 1374 1384 1445 interpretamur.
1419 1373 1510 1431 Illi
1563 1375 1718 1430 enim
1773 1373 1832 1428 in
1882 1373 2075 1428 littera
2128 1373 2242 1428 vim
2293 1391 2412 1428 suae
2460 1374 2607 1446 legis
2657 1375 3030 1430 constituunt
3062 1395 3075 1443 ;
3111 1392 3218 1431 nos
3250 1376 3308 1430 in
3341 1377 3574 1447 spiritu.
3611 1377 3812 1448 Neque

371 1462 538 1517 enim
575 1462 882 1518 historiam
931 1469 1233 1534 utcunque
1280 1463 1542 1518 continet
1590 1480 1783 1518 sermo
1836 1462 2235 1534 prcpheticus,
2287 1464 2388 1516 sed
2435 1469 2492 1517 et
2540 1466 2599 1518 in
2641 1480 2703 1519 se
2751 1463 2924 1518 habet
2963 1464 3327 1519 reconditam
3363 1464 3648 1520 viviﬁcam
3685 1482 3808 1534 per-

381 1552 723 1606 fectionem.
785 1551 889 1607 Hic
947 1553 1105 1606 enim
1167 1553 1389 1608 sanctis
1423 1553 1634 1608 unicus
1667 1552 1776 1606 fuit
1807 1568 2040 1622 scopus,
2076 1557 2141 1606 ut
2169 1568 2270 1622 per
2301 1568 2397 1607 eas
2428 1553 2782 1623 Scripturas,
2804 1570 2953 1624 quas
2983 1553 3324 1610 docuissent
3345 1553 3806 1625 semel,perfice-

371 1645 510 1694 rent
543 1641 1041 1712 proveherentque
1066 1643 1136 1696 ad
1172 1647 1448 1696 mternam
1511 1643 1715 1697 vitam.
1759 1642 1830 1695 Et
1883 1639 2004 1694 haec
2050 1641 2288 1711 quidem
2335 1642 2436 1709 ait,
2469 1641 2703 1696 interim
2747 1641 3026 1712 graphice
3057 1642 3363 1697 declarans
3396 1643 3803 1697 sublimiorem

374 1731 704 1801 quamdam
741 1729 1189 1801 intelligentiam
1223 1730 1282 1785 in
1343 1730 1557 1785 divinis
1620 1729 1938 1802 Scripturis
1984 1746 2112 1785 esse
2171 1731 2607 1800 requirendam.
2668 1731 2868 1801 Operze
2902 1732 3083 1802 igitur
3137 1733 3389 1802 pretium
3427 1732 3625 1800 fuerit,
3661 1737 3804 1786 utet

370 1835 488 1872 nos
529 1818 822 1886 ejusmodi
851 1818 1020 1889 signa
1048 1818 1552 1890 introspiciamus,
1598 1817 1776 1874 simul
1822 1826 1878 1873 et
1917 1819 2122 1873 eadem
2169 1821 2659 1890 contemplemur,
2707 1820 2878 1890 quasi
2918 1821 3252 1875 divinarum
3280 1820 3802 1893 intelligiliumque

369 1905 652 1977 germina
679 1905 1027 1978 ﬁgurarum.
1059 1907 1185 1961 Non
1245 1908 1402 1962 enim
1447 1906 1584 1961 solas
1627 1906 1740 1961 illae
1783 1907 2060 1961 omnibus
2101 1907 2412 1961 adorandae
2473 1912 2859 1963 sacrosanctae
2903 1908 3207 1964 Trinitatis
3240 1925 3501 1980 personae
3529 1909 3799 1979 figurati-

369 1996 464 2050 vis
501 1995 689 2065 signis
749 1995 1220 2068 distinguuntur.
1282 1997 1441 2068 Ignis
1499 1997 1792 2066 siquidem
1851 1995 2064 2050 dicitur
2119 2001 2295 2064 Deus,
2356 2002 2420 2050 ut
2475 1996 2620 2051 illud
2683 1997 2830 2067 Ignis
2873 2014 3199 2053 consumens
3225 2002 3385 2066 estt;
3432 2003 3524 2053 et:
3567 1999 3798 2068 Eloquia

368 2086 556 2156 ipsius
587 2086 771 2155 ignita
802 2099 848 2138 ιι.
881 2087 988 2140 Sed
1047 2084 1238 2157 angeli
1297 2101 1527 2156 qusque
1585 2085 1702 2156 ipsi
1757 2086 2064 2155 ﬁgurative
2119 2085 2584 2141 describuntur:
2637 2087 2854 2140 dicitur
2910 2086 3065 2141 enim
3125 2088 3196 2143 de
3239 2087 3371 2142 his:
3403 2088 3509 2154 Qui
3533 2090 3666 2152 facit
3697 2105 3798 2141 an-

370 2175 533 2241 gelos
562 2188 685 2228 suos
726 2175 978 2243 spiritus,
1035 2178 1088 2228 et
1143 2175 1430 2230 ministros
1483 2189 1608 2228 suos
1669 2175 1822 2245 ignis
1869 2175 2154 2242 ﬂammam
2177 2190 2222 2228 ν.
2277 2179 2552 2229 Attamen
2590 2179 2879 2245 quantum
2949 2177 3020 2230 ad
3070 2176 3192 2231 haec
3251 2177 3514 2245 subjecta
3571 2179 3801 2244 attinet,

372 2265 559 2320 etiam
620 2263 818 2334 figurae
850 2263 995 2318 satis
1025 2263 1456 2332 intelliguntur,
1511 2264 1659 2318 tales
1702 2261 1836 2317 licet
1884 2263 2023 2332 ipsae
2069 2263 2189 2318 sint
2222 2281 2234 2319 :
2271 2263 2393 2318 sive
2437 2263 2592 2320 284
2641 2265 2835 2335 imago
2896 2266 3025 2336 ipsa
3064 2265 3218 2336 ignis
3242 2282 3344 2336 pro
3380 2271 3492 2321 Deo
3524 2265 3804 2336 sumitur,

367 2357 480 2408 aut
509 2353 834 2408 secundum
869 2352 926 2406 id
963 2354 1118 2424 quod
1153 2352 1604 2424 intelligentiam
1654 2352 1902 2416 excedit,
1954 2351 2094 2422 quia
2121 2352 2280 2423 ignis
2322 2369 2559 2424 quoque
2591 2353 2824 2409 dicitur.
2862 2354 3144 2409 Ceterum
3181 2354 3290 2409 hoc
3324 2371 3531 2409 rursus
3557 2371 3804 2425 exsupe-

364 2445 514 2497 rat:
551 2458 686 2496 nam
721 2442 885 2513 prius
915 2441 1071 2513 ignis
1130 2441 1370 2508 dicitur,
1430 2441 1601 2513 quasi
1661 2442 1761 2512 qui
1819 2445 2022 2496 auctor
2080 2441 2157 2496 sit
2215 2442 2391 2512 ignis.
2429 2447 2496 2495 Et
2544 2443 2781 2513 quando
2827 2459 3046 2497 numen
3079 2459 3312 2498 omnem
3346 2443 3804 2515 intelligentiam

366 2531 771 2596 transcendit,
809 2531 948 2586 hinc
980 2549 1011 2586 a
1045 2531 1223 2586 rebus
1253 2531 1464 2586 creatis
1508 2537 1572 2584 ut
1617 2547 1816 2585 earum
1861 2536 2066 2585 auctor
2110 2530 2482 2602 intelligitur,
2517 2532 2636 2586 sive
2671 2537 2909 2602 propter
2937 2531 3127 2602 ipsius
3159 2532 3614 2604 providentiam,
3649 2532 3806 2587 sicut

365 2620 435 2675 in
470 2619 803 2692 Evangeliis
838 2637 851 2674 :
882 2622 1071 2689 Ignem
1100 2622 1231 2675 veni
1257 2623 1473 2676 mittere
1517 2622 1577 2674 in
1621 2629 1834 2675 terram
1854 2633 1896 2675 ι.
1937 2619 2068 2674 Haec
2112 2619 2269 2674 enim
2318 2619 2509 2690 ipsius
2553 2620 2938 2691 providentia,
2966 2627 3314 2693 exprompta
3344 2621 3636 2676 etalacris
3660 2638 3802 2676 cura

363 2709 667 2778 omnium,
703 2709 880 2779 inque
911 2709 1270 2782 providendo
1319 2709 1632 2764 discretiva
1679 2709 1786 2774 vis,
1848 2708 2003 2778 ignis
2050 2709 2288 2763 nomine
2337 2709 2707 2778 exprimitur.
2762 2709 2887 2764 Sive
2918 2710 3164 2780 insuper
3195 2727 3297 2779 per
3321 2709 3641 2764 efﬁcaciam
3675 2727 3800 2764 ser-

365 2798 592 2869 monis,
628 2799 1131 2870 quemadmodum
1165 2799 1321 2870 apud
1365 2797 1770 2853 Jeremiamy:
1820 2797 2090 2867 Nunquid
2134 2815 2245 2851 non
2285 2798 2450 2852 verba
2488 2815 2612 2853 mea
2653 2800 2813 2868 quasi
2869 2799 3062 2868 ignis?
3103 2800 3240 2853 dicit
3280 2801 3549 2853 Dominus
3581 2818 3599 2866 ;-
3621 2799 3798 2868 idque

362 2891 613 2958 propter
669 2886 1071 2942 omnimodam
1124 2887 1442 2956 puritatem
1500 2885 2045 2956 integritatemque,
2097 2887 2599 2956 quemadmodum
2659 2886 2813 2957 apud
2879 2886 3097 2940 David:
3145 2887 3378 2956 Eloquz'a
3421 2887 3641 2940 Domini
3671 2887 3800 2956 igne

368 2977 732 3044 examinata,
765 2977 986 3046 eloquia
1018 2979 1166 3030 casta
1195 2991 1233 3030 ι.
1277 2979 1344 3029 Et
1373 2975 1493 3029 haec
1527 2974 1765 3045 quidem
1799 2975 1870 3028 de
1904 2978 2016 3028 Deo
2061 2974 2214 3029 dicta
2247 2974 2385 3029 sint.
2416 2973 2669 3030 Proinde
2699 2975 2770 3029 de
2801 2973 3025 3046 angelis
3057 2975 3384 3030 etiamnum
3417 2975 3572 3046 ignis
3604 2991 3796 3030 enun-

363 3065 580 3132 tiatur,
616 3069 911 3135 quatenus
943 3080 976 3118 a
1008 3064 1124 3118 Deo
1152 3063 1395 3128 conditi,
1428 3063 1604 3133 idque
1635 3063 1963 3118 secundum
1993 3061 2505 3134 participationem
2539 3080 2552 3118 :
2587 3063 3086 3134 quemadmodum
3111 3063 3290 3118 iidem
3316 3063 3416 3118 lux
3439 3063 3801 3132 dicuntur,et

369 3153 482 3218 dii,
507 3153 760 3225 aliisque
792 3152 1090 3223 ejusmodi
1120 3152 1728 3224 aguominationibus,
1764 3167 1892 3222 quae
1921 3157 2036 3206 Deo
2068 3151 2180 3223 ipsi
2216 3169 2330 3207 non
2362 3153 2683 3224 incongrue
2715 3157 3047 3223 competere
3079 3157 3428 3208 noscuntur.

439 3291 674 3350 Μᾶλλον
725 3291 801 3362 δὲ,
837 3292 927 3348 ῗνα
983 3291 1222 3348 συνελὼν
1273 3291 1432 3360 εθίπω,
1481 3293 1542 3346 τὸ
1591 3296 1696 3366 πῦρ
1749 3291 1836 3346 ἰπὶ
1885 3295 2021 3346 Θεοῦ

2208 3294 2356 3357 Quin
2388 3295 2606 3365 potius,
2641 3298 2705 3349 ut
2735 3298 2947 3349 cuncta
2978 3293 3370 3367 perstringam
3421 3295 3794 3367 compendio,

359 3382 668 3457 λεγόμενον
728 3384 845 3437 κατ’
898 3382 1070 3438 αἰτίαν
1152 3379 1366 3458 λέγεται
1400 3402 1412 3414 ·
1487 3381 1736 3436 καλεῖται
1793 3381 1892 3456 γὰρ
1951 3384 2021 3438 ὡς

2144 3383 2297 3455 ignis
2324 3383 2417 3438 hic
2447 3385 2516 3438 de
2552 3385 2664 3438 Deo
2713 3383 2930 3452 dictus,
2971 3385 3300 3439 secundum
3333 3401 3569 3439 causam
3604 3401 3794 3440 enun-

358 3471 516 3528 αἰτία
548 3476 642 3526 τοῦ
685 3473 858 3546 πυρός
893 3490 908 3506 °
953 3470 1040 3526 ἐπὶ
1101 3469 1158 3526 δὲ
1211 3475 1318 3527 τῶν
1376 3469 1553 3545 λόγων
1602 3475 1698 3525 τοῦ
1753 3474 1886 3525 Θεοῦ
1913 3470 2032 3532 καθ’

361 3561 596 3636 ὕπαρξιν
633 3579 646 3592 ·
678 3566 841 3616 τοῦτο
892 3558 948 3616 δέ
998 3559 1168 3637 λέγει,
1220 3554 1326 3636 οὔχ
1375 3560 1457 3616 ὅτι
1507 3559 1857 3615 ένυπὸστατοί
1896 3558 2028 3613 εἰσιν

363 3651 423 3706 αἱ
474 3654 573 3706 τοῦ
632 3651 765 3706 Θεοῦ
814 3650 1091 3724 πρόνοιαι,
1147 3648 1274 3704 ἀλλ’
1333 3648 1415 3704 ὅτι
1469 3649 1573 3704 ἀπὸ
1618 3654 1751 3703 Θεοῦ
1807 3649 1906 3703 εἰσι
1938 3646 2029 3702 καὶ

366 3739 739 3815 ὑπάρχουσιν,
791 3739 898 3816 οὐχ
943 3740 1019 3802 ὡς
1064 3741 1179 3813 (37)
1235 3740 1559 3818 ὑφεστῶσαι,
1591 3736 1717 3794 ἀλλ’
1769 3740 1844 3801 ὡς
1885 3737 2027 3812 ἐνερ-

362 3831 637 3908 γούμεναι
673 3849 684 3862 ·
729 3829 817 3886 ἐπὶ
869 3828 924 3885 δὲ
971 3835 1077 3885 τῶν
1129 3827 1379 3905 ἀγγέλων
1428 3831 1564 3885 κατὰ
1619 3830 1826 3901 μέθεξιν
1863 3848 1876 3860 ·
1912 3828 2026 3882 ἐπεὶ

359 3921 475 3995 γὰρ
507 3919 599 3974 καὶ
627 3917 884 3981 θεοειδεῖς
936 3917 1214 3994 λέγονται,
1265 3918 1354 3974 καὶ
1392 3923 1488 3975 τοῦ
1529 3917 1674 3973 θείου
1711 3917 2023 3993 μετέχουσι.

357 4013 480 4082 Πῦρ
535 4006 591 4063 δὲ
644 4010 672 4064 ὁ
731 4009 860 4070 Θεὸς
918 4007 1157 4083 λέγεται,
1211 4012 1317 4082 πῦρ
1376 4009 1466 4062 καὶ
1520 4006 1674 4062 αὐτοὶ
1731 4006 2024 4062 καλοῦνται

356 4099 504 4154 κατᾶ
554 4099 652 4168 τὴν
721 4099 983 4172 μετοχήν.
1057 4098 1301 4172 Διασέρει
1377 4095 1434 4150 δὲ
1506 4096 1568 4150 τὸ
1624 4096 1760 4151 κατὰ
1816 4097 2022 4168 μέθεξιν

354 4189 508 4243 θεῖον
539 4191 637 4242 τοῦ
685 4187 800 4242 καθ’
860 4185 1080 4262 ὕπαρξιν
1130 4186 1373 4254 ἐνταῦθα,
1427 4187 1508 4241 δτι
1562 4187 1623 4240 τὸ
1672 4187 1806 4239 κατὰ
1867 4185 2023 4257 μέθε-

354 4280 439 4350 ξιν
500 4273 669 4346 δηλοῖ
727 4275 914 4330 οὐσίαν
995 4277 1114 4339 καθ’
1184 4276 1377 4343 ἑαυτὴν
1435 4276 1595 4330 οὖσαν
1653 4273 1743 4329 καὶ
1790 4273 2022 4329 ἐπακτὸν

359 4363 598 4439 ἔχουσαν
632 4365 695 4420 τὸ
748 4363 980 4430 θεοειδές
1017 4384 1028 4396 ·
1059 4365 1123 4418 τὸ
1176 4362 1234 4419 δὲ
1280 4365 1396 4418 καθ’
1447 4362 1696 4440 ὕπαρξιν,
1747 4360 2021 4437 πνεῦμαῆ

355 4452 550 4528 λόγιον
601 4460 769 4523 θεῖον,
820 4455 1094 4508 τουτέστιν
1151 4453 1210 4508 ἐκ
1269 4456 1404 4508 Θεοῦ
1456 4453 1735 4528 παραχθὶν
1786 4452 1878 4506 καὶ
1937 4450 2020 4507 λε-

353 4542 495 4620 χθέν
530 4546 664 4617 (38).
715 4542 874 4601 Οὕτω
921 4543 1022 4620 γὰρ
1069 4541 1130 4597 οὐ
1183 4541 1554 4619 συμφῦρονται
1614 4542 1665 4595 οἱ
1717 4540 1873 4617 λόγοι
1911 4546 2018 4596 τῶν

2143 3473 2342 3528 tiatur.
2378 3473 2632 3528 Vocatur
2680 3473 2838 3528 enim
2889 3474 3044 3528 sicut
3092 3478 3312 3538 auctor,
3347 3474 3417 3529 ab
3466 3473 3596 3545 ipsa
3639 3474 3795 3546 ignis

2142 3562 2457 3617 creatione.
2516 3563 2590 3617 De
2639 3562 3022 3634 providentiis
3071 3567 3263 3617 autem
3314 3580 3382 3617 ac
3428 3562 3620 3618 verbis
3668 3563 3793 3629 Dei,

2140 3653 2470 3707 secundum
2497 3652 2916 3707 substantiam.
2949 3652 3068 3706 Hoc
3091 3668 3261 3722 porro
3287 3653 3427 3706 dicit
3455 3652 3642 3723 Pater,
3676 3669 3792 3707 non

2142 3741 2294 3812 quod
2331 3741 2390 3794 in
2415 3756 2477 3796 se
2522 3739 2916 3796 subsistentes
2953 3740 3071 3796 sint
3102 3739 3476 3812 providentiae
3507 3740 3607 3795 Dei
3641 3759 3654 3796 :
3687 3742 3788 3796 sed

2139 3829 2280 3900 quia
2311 3846 2342 3884 a
2373 3829 2487 3885 Deo
2519 3833 2679 3896 sunt,
2708 3834 2765 3884 et
2794 3829 3104 3895 exsistunt,
3132 3846 3244 3883 non
3270 3829 3440 3900 quasi
3463 3829 3792 3884 subsisten-

2137 3925 2249 3990 tes,
2274 3919 2372 3973 sed
2403 3925 2466 3973 ut
2494 3917 2808 3974 efﬁcaciter
2828 3922 3158 3991 operantes.
3190 3919 3320 3974 Jam
3346 3935 3480 3974 vero
3512 3919 3584 3973 de
3609 3935 3787 3991 ange-

2137 4008 2210 4063 lis
2243 4007 2596 4080 praedicatur
2616 4008 2939 4063 secundum
2968 4007 3498 4079 participationem,
3521 4008 3789 4079 quando-

2137 4097 2372 4169 quidem
2398 4097 2712 4152 deiformes
2734 4095 3034 4163 dicuntur,
3057 4100 3110 4151 et
3141 4095 3350 4152 divinae
3373 4096 3789 4167 quadamtenus

2135 4190 2436 4242 consortes
2465 4189 2707 4241 naturae.
2745 4185 2903 4253 Ignis
2935 4184 3193 4257 profecto
3220 4185 3370 4240 Deus
3393 4185 3517 4256 ipse
3535 4185 3784 4242 dicitur:

2135 4275 2236 4330 sed
2269 4277 2325 4329 et
2354 4273 2549 4346 angeli
2580 4273 2736 4345 ignis
2767 4277 3072 4343 vocantur,
3099 4273 3234 4344 jure
3266 4273 3584 4345 participii.
3610 4273 3786 4329 Caete-

2133 4380 2266 4419 rum
2301 4363 2579 4419 divinitas
2609 4363 2753 4430 haec,
2778 4379 2905 4434 quae
2926 4363 3249 4418 secundum
3277 4362 3784 4434 participationem

2133 4453 2368 4519 dicitur,
2404 4454 2474 4508 ab
2510 4469 2576 4508 ea
2609 4451 2667 4506 in
2703 4452 3064 4507 immensum
3100 4452 3316 4518 differt,
3348 4468 3478 4523 quae
3507 4451 3783 4524 praesenti

2130 4543 2256 4598 loco
2288 4541 2639 4614 praedicatur
2665 4541 2987 4596 secundum
3022 4540 3417 4596 substantiam
3447 4557 3459 4594 :
3494 4541 3632 4612 quia
3653 4557 3783 4612 quae

354 4626 721 4705 συμϐολικῶν
756 4630 1041 4705 ὀνομάτων
1077 4651 1088 4662 ·
1142 4630 1289 4686 ἀλλὰ
1318 4629 1704 4704 προσηκόντως
1734 4636 1849 4692 τοῖς
1887 4632 2018 4685 ὑπο-

2135 4630 2538 4704 participative
2569 4630 2820 4703 capitur,
2863 4629 3254 4685 substantiam
3297 4627 3557 4684 declarat
3586 4644 3689 4700 per
3719 4647 3783 4685 se

349 4721 636 4794 κειμένοις
682 4725 930 4776 νοοῦν-ται
967 4740 978 4752 ·
1015 4721 1090 4784 ὡς
1145 4720 1271 4798 φέρε
1322 4720 1490 4774 εἰπεῖν
1542 4719 1626 4775 ἐπὶ
1677 4723 1773 4773 τοῦ
1818 4721 2015 4797 φωτὸς,

351 4816 475 4889 φῶς
534 4809 754 4886 λέγεται
811 4811 838 4865 ὀ
896 4811 1049 4880 Θεὸς,
1134 4809 1280 4865 ἀλλὰ
1351 4814 1430 4882 τῷ
1505 4810 1636 4863 εἶναι
1696 4805 1870 4870 αἶ’τιος
1923 4806 2018 4863 τοῦ

349 4899 589 4980 φωτός·
651 4905 765 4978 φῶς
846 4900 913 4954 τὰ
994 4901 1392 4974 προστάγματα
1469 4903 1565 4952 τοῦ
1641 4901 1796 4969 Θεοῦ,
1874 4895 2019 4952 ἀλλὰ

351 4989 494 5044 κατὰ
549 4989 649 5057 τὴν
737 4987 983 5062 ὕπαρξιν.
1070 4986 1314 5061 Εἴπομεν
1400 4985 1458 5042 δὲ
1543 4987 1822 5062 ἀνωτέρω,
1899 4991 2016 5049 πῶς

353 5071 691 5151 ἐκλαμϐάνει
753 5078 852 5146 τήν
913 5076 1137 5153 ὕπαρξιν
1171 5098 1183 5110 ·
1265 5075 1380 5131 ἐπεὶ
1453 5079 1566 5150 φῶς
1636 5076 1664 5129 ὁ
1736 5076 1866 5136 Θεὸς
1935 5073 2020 5129 λέ-

349 5188 532 5244 γεται,
571 5164 804 5242 ὑπᾶρχει
840 5164 898 5221 δὲ
945 5167 1006 5221 τὸ
1063 5165 1388 5242 πρόσταγμα
1437 5163 1488 5234 ἐξ
1539 5163 1700 5218 αὐτοῦ
1744 5164 2019 5240 παραχθὶν

352 5263 480 5335 φῶς
507 5256 598 5311 καὶ
631 5256 792 5319 αὐτὸς
837 5253 1069 5325 κληθείη
1105 5277 1113 5286 ·
1173 5254 1320 5324 πλὴν
1370 5254 1431 5309 οὗ
1476 5255 1612 5309 κατὰ
1662 5254 1869 5326 μέθεξιν
1907 5273 1919 5286 ·
1956 5252 2016 5308 οὐ

347 5346 461 5422 γᾶρ
489 5366 542 5399 τι
577 5343 719 5399 ἄλλο
751 5344 808 5399 ’ὸν
843 5344 904 5398 τὸ
954 5348 1275 5417 πρόσταγμα
1311 5342 1542 5418 μετέσχε
1588 5345 1684 5396 τοῦ
1727 5343 1874 5405 θείου
1905 5364 2018 5419 φω-

353 5436 455 5497 τὸς
489 5453 501 5464 ⁸
551 5433 678 5490 ἀλλ’
723 5433 894 5494 οὕτως
939 5432 1068 5488 αὐτὸ
1117 5434 1381 5509 παρήχθη
1434 5430 1493 5487 ἐκ
1542 5435 1696 5503 Θεοῦ,
1727 5431 1817 5486 καὶ
1851 5435 2016 5501 θεῖον,

426 5702 448 5729 ³
483 5687 596 5743 Isa.
633 5703 674 5756 ι,
710 5687 796 5741 12.

351 5774 376 5802 ι
421 5758 588 5816 Psal.
620 5775 760 5828 xvn,
792 5757 881 5814 31.

883 5692 900 5729 ι
927 5685 1098 5742 Deut.
1148 5702 1226 5753 ιν,
1273 5684 1366 5743 24.

1442 5682 1656 5740 uPsal.
1714 5700 1910 5755 cxvm,
1969 5683 2093 5740 440.

2129 4720 2366 4793 quidem
2387 4719 2786 4787 exsistentem,
2814 4719 2912 4775 sed
2939 4718 3175 4773 aliunde
3198 4717 3560 4773 obtinentem
3580 4717 3779 4773 asciti-

2128 4810 2269 4864 tiam
2293 4808 2455 4863 illam
2480 4807 2931 4863 similitudinem
2957 4806 3310 4862 Divinitatis.
3333 4806 3437 4861 Illa
3461 4821 3616 4872 vero,
3651 4824 3778 4877 quae

2129 4903 2218 4953 est
2247 4899 2568 4953 secundum
2595 4896 2999 4952 exsistentiam
3033 4894 3364 4967 inspiratio,
3398 4899 3454 4950 et
3474 4895 3776 4951 oraculum

2129 4987 2415 5058 divinum,
2450 4988 2558 5042 hoc
2589 4990 2678 5042 est
2710 5003 2741 5041 a
2790 4984 2906 5041 Deo
2946 4985 3300 5056 productum
3332 4987 3389 5039 et
3418 4985 3661 5038 dictum.
3697 4985 3781 5040 lta

2128 5076 2284 5132 enim
2317 5074 2772 5148 symbolicorum
2797 5073 3102 5129 nominum
3128 5073 3382 5128 rationes
3405 5089 3779 5144 nequaquam

2129 5164 2483 5220 confusanee
2524 5163 2962 5236 permiscentur
2991 5180 3003 5218 :
3050 5162 3237 5235 magis
3271 5177 3405 5217 vero
3437 5161 3779 5234 intelligun-

2129 5259 2224 5308 tur
2253 5271 2357 5325 pro
2385 5254 2594 5308 decoro
2621 5252 2872 5322 subjecti
2894 5253 3187 5323 cujusque
3205 5251 3559 5322 argumenti,
3580 5268 3782 5322 quem-

2129 5343 2448 5399 admodum
2510 5344 2580 5397 de
2658 5341 2788 5396 luce
2838 5357 3076 5413 quoque
3149 5341 3532 5412 pronuntiare
3586 5340 3778 5397 liceat.

2128 5433 2250 5488 Lux
2289 5436 2446 5489 Deus
2494 5431 2620 5503 ipse
2671 5430 2914 5501 dicitur,
2965 5430 3067 5485 sed
3110 5433 3404 5500 quatenus
3454 5433 3660 5487 auctor
3697 5435 3784 5487 est

2177 5682 2382 5740 vPsal.
2431 5698 2554 5748 cm,
2601 5683 2652 5736 4.
2739 5705 2763 5732 ι
2807 5685 2945 5737 Luc.
2996 5698 3098 5751 xu,
3159 5682 3244 5736 49.
3301 5683 3472 5739 Lier.
3504 5700 3664 5753 χχιιι,
3686 5685 3778 5742 29.
