4108 6390
349 402 456 458 499

1175 399 1548 454 ΔΡΡΕΝΒΙΧ
1587 399 1686 453 AD
1723 398 1966 453 OPERA
2005 399 2065 452 Β.
2105 396 2421 453 DIONYSII
2458 399 2962 456 AREOPAGITE.

3671 395 3782 451 500

351 528 523 585 lucis.
559 526 682 582 Lux
707 525 849 581 item
879 523 981 581 Dei
1010 522 1201 596 ipsius
1223 523 1521 591 mandata,
1547 522 1646 578 sed
1671 521 2000 578 secundum

2130 517 2249 595 imp
2284 519 2428 594 λέγει
2465 521 2493 576 ὁ
2538 521 2726 597 Πατὴρ
2776 522 2896 586 καθ’
2939 518 3187 598 ὕπαρξιν.
3240 524 3368 583 Φῶς
3417 520 3506 576 καὶ
3562 519 3590 574 ὁ
3621 516 3780 597 ἄγγε-

355 614 1076 686 substantiam.Superius
1096 617 1291 668 autem
1315 612 1537 667 dictum
1562 611 1734 667 nobis
1756 614 2011 682 est,quo-

357 706 532 762 modo
572 704 722 761 285
760 703 1178 774 interpretetur
1219 701 1568 757 substantia
1601 714 1835 755 nomen.
1866 699 2013 757 Nam

354 795 592 868 quando
625 793 725 848 lux
758 797 910 847 Deus
933 791 1058 863 ipse
1081 790 1416 859 dicitur,est
1447 792 1641 845 autem
1667 788 2012 844 mandatum

353 885 425 944 ab
472 883 600 956 ipso
643 882 992 955 profectum,
1036 880 1172 950 jure
1230 879 1331 934 lux
1381 878 1728 933 mandatum
1779 893 2014 949 quoque

350 973 547 1031 vocari
575 975 767 1045 potest
795 991 809 1040 ς
834 986 1023 1041 neque
1045 975 1244 1025 tamen
1269 969 1325 1023 id
1353 968 1676 1023 secundum
1704 965 2015 1038 participa-

353 1063 576 1122 tionem
610 1061 692 1116 ﬁt.
726 1060 854 1116 Non
885 1059 1042 1114 enim
1071 1058 1227 1114 aliud
1255 1055 1479 1129 aliquid
1505 1055 1795 1111 exsistens
1816 1055 2013 1128 ipsum

355 1153 456 1209 Dei
489 1151 863 1214 mandatum,
895 1147 1191 1220 particeps
1224 1145 1341 1202 dici
1375 1145 1585 1200 debeat
1613 1144 1822 1199 divinae
1856 1143 2018 1200 illius

355 1241 542 1308 lucis;
576 1240 678 1296 sed
712 1240 793 1294 ita
825 1253 968 1294 sane
1009 1237 1082 1292 ab
1125 1237 1256 1309 ipso
1299 1233 1694 1308 proficiscitur
1714 1233 1851 1290 Deo.
1885 1234 2018 1305 Ipsa

359 1329 614 1401 denique
632 1327 1118 1397 divinitas,quam
1142 1323 1484 1396 pronuntiat
1502 1323 1670 1378 Pater
1689 1323 2016 1378 secundum

359 1425 777 1485 substantiam.
841 1428 961 1478 Lux
1013 1422 1217 1478 itidem
1278 1421 1542 1493 angelus,
1594 1424 1654 1475 at
1709 1419 2018 1492 participio

359 1517 594 1583 divina;
613 1513 764 1570 lucis
782 1512 1046 1585 supremi
1067 1511 1410 1584 angelorum
1427 1510 1666 1565 ordines
1687 1514 1827 1564 sunt
1843 1509 2018 1564 etiam

359 1605 557 1663 lumen
589 1619 693 1675 pro
715 1603 1006 1673 cujusque
1027 1605 1085 1657 et
1107 1601 1314 1656 ordine
1336 1608 1392 1654 et
1411 1599 1620 1654 merito
1645 1618 1658 1667 ;
1689 1601 1865 1670 prout
1895 1597 2019 1669 pri-

361 1693 544 1751 mario
577 1692 663 1747 illi
695 1691 908 1747 lumini
962 1689 1208 1762 propius
1259 1688 1564 1755 accedunt,
1599 1686 1876 1759 quodque
1904 1685 2018 1742 vim

360 1783 662 1841 obtineant
681 1797 817 1838 cum
839 1778 1246 1848 illuminandi,
1265 1782 1394 1833 tum
1417 1775 1775 1850 provehendi
1799 1790 1860 1831 se
1876 1775 2020 1831 infe-

2126 605 2244 681 λος,
2304 606 2451 664 ἀλλᾶ
2495 612 2628 664 κατὰ
2690 609 2900 684 μέθεξιν
2947 614 3044 666 τοῦ
3093 609 3238 666 θείου
3287 610 3468 689 φωτός
3501 629 3514 642 ο
3567 613 3688 685 φῶς
3727 609 3784 663 αἱ

2126 695 2551 774 ὑπερϐεϐηκυῖαι
2608 706 2714 755 τῶν
2775 700 3027 777 ἀγγέλων
3093 703 3270 774 τάξεις
3329 703 3442 774 (39)
3497 701 3636 755 κατὰ
3669 700 3783 768 τήν

2122 789 2270 859 τάξιν
2321 789 2411 844 καὶ
2457 791 2556 859 τήν
2605 789 2750 864 ἀξίαν
2796 790 2995 858 αὐτῶν,
3049 789 3132 846 ὅτι
3182 795 3264 863 τῷ
3305 789 3598 866 πρωτίστῳ
3641 789 3780 864 φωτὶ

2121 876 2510 948 πλησιάζουσι,
2561 879 2650 933 καί
2707 879 2790 934 δτι
2849 877 3078 953 δύναμιν
3121 874 3283 954 ἔσχον
3329 879 3664 957 φωτιστικήν
3692 877 3783 932 καὶ

2125 967 2398 1043 ἀναγωγὸν
2426 973 2533 1023 τῶν
2567 965 2965 1044 ὑποδεεστέρων
2997 970 3111 1044 (40)
3135 990 3148 1004 ο
3180 968 3269 1024 καὶ
3302 965 3446 1023 οὕτω
3477 967 3785 1043 προσηκόν-

2123 1077 2230 1118 τως
2261 1057 2685 1113 ἀναπτύσσονται
2732 1059 2799 1114 τά
2848 1063 2956 1112 τῶν
3010 1053 3305 1131 συμϐόλων
3360 1058 3603 1131 ὀνόματα
3641 1057 3782 1132 πρὸς

2123 1142 2190 1199 τά
2222 1143 2553 1217 ὑποκείμενα
2601 1143 2918 1221 πράγματα.
2969 1144 3128 1202 Ἀλλ’
3186 1144 3335 1207 ὅπως
3397 1147 3474 1219 μὴ
3530 1145 3662 1220 ὑπερ
3717 1145 3783 1200 τὸ

2129 1241 2322 1316 μέτρον
2371 1239 2632 1316 λεγοιμεν
2693 1249 2791 1312 τῆς
2839 1241 3158 1313 ἐπιπολῆς,
3209 1240 3457 1316 ἔλθωμεν

2127 1329 2417 1403 ἐρώτησιν,
2477 1329 2567 1384 καὶ
2625 1332 2686 1386 τὸ
2759 1335 2865 1386 τῶν
2936 1335 3250 1407 παροιμιῶν
3304 1325 3632 1405 πρόϐλημα.
3685 1331 3786 1386 Καὶ

2127 1417 2242 1474 ἐπεὶ
2297 1419 2360 1474 τὸ
2416 1417 2681 1493 ἐρώτημά
2737 1418 2870 1490 ἐστι,
2899 1421 3024 1476 τίνα
3079 1420 3148 1475 τὰ
3204 1414 3472 1494 ϐρώματά
3529 1420 3654 1492 εἶσι,
3693 1419 3786 1474 καὶ

2124 1506 2242 1561 τίνα
2269 1507 2335 1562 τὰ
2363 1507 2608 1580 πόματα,
2653 1507 2890 1584 λέγομεν
2931 1510 3052 1586 περὶ
3102 1515 3206 1578 τῆς
3252 1515 3462 1588 τροφῆς
3492 1529 3504 1540 ·
3541 1509 3785 1586 ἤτροφή

2127 1595 2459 1672 πληρωτική
2494 1597 2604 1652 ἔστι
2633 1601 2732 1652 τοῦ
2781 1595 3016 1666 ένδεοῦς,
3062 1599 3152 1653 καὶ
3204 1601 3302 1653 τοῦ
3334 1597 3592 1662 ἀσθενοῦς
3623 1599 3783 1673 θερα-

2126 1687 2380 1756 πευτικὴ,
2439 1685 2530 1742 καὶ
2585 1693 2686 1756 τῆς
2758 1691 2904 1757 ζωῆς
2979 1688 3346 1765 φρουρητικῆ,
3401 1686 3492 1742 καὶ
3553 1685 3782 1742 θάλλειν

2126 1781 2277 1830 ποιεῖ
2330 1775 2419 1831 καὶ
2489 1777 2817 1849 ἀνανεάζειν,
2893 1778 2981 1832 καὶ
3048 1778 3150 1846 τὴν
3231 1777 3466 1846 ζωτικὴν
3527 1773 3790 1852 δωρεῖται

3535 1242 3622 1298 ἐπὶ
3679 1243 3782 1312 τὴν

365 1873 549 1928 riores
583 1870 821 1926 ordines
855 1869 926 1924 ad
972 1866 1391 1924 sublimiorum
1423 1881 1621 1920 rerum
1655 1863 2017 1936 contempla-

2130 1864 2411 1921 εὐπάθειαν
2450 1884 2463 1898 °
2495 1866 2586 1921 καὶ
2620 1865 2812 1930 ἁπλῶς
2847 1867 2909 1921 τὸ
2961 1865 3167 1922 λυποῦν
3217 1864 3532 1935 ἀπελαύνει,
3561 1865 3653 1921 καὶ
3683 1865 3788 1934 τὴν

363 1961 614 2018 tionem.
680 1959 764 2013 Ad
823 1957 982 2013 hunc
1031 1957 1274 2011 modum
1324 1954 1665 2010 istiusmodi
1713 1953 2019 2027 signorum

369 2049 612 2107 nomina
644 2065 761 2104 non
812 2047 1088 2102 indecore
1131 2044 1498 2117 explicantur
1546 2045 1875 2100 secundum
1929 2059 2022 2099 res

367 2139 692 2209 subjectae.
725 2136 1012 2191 Caterum
1043 2150 1117 2190 ne
1155 2150 1338 2206 supra
1365 2131 1699 2206 epistolaris
1731 2148 2020 2188 mensura

366 2227 586 2284 lineam
619 2225 864 2281 dicendo
895 2222 1395 2296 pratervehamur
1428 2239 1442 2278 :
1472 2222 1828 2278 veniendum
1852 2220 2020 2278 nobis

364 2343 523 2384 nunc
539 2327 610 2382 ad
628 2323 1148 2396 interrogationem
1164 2339 1278 2394 pra
1287 2321 2021 2395 motam,propositionem-

362 2433 479 2489 que
495 2416 873 2485 desumptam
890 2430 921 2469 e
933 2411 1382 2468 Proverbiorum
1409 2411 1579 2468 libro.
1609 2410 1914 2466 Enimvero
1929 2409 2019 2464 in-

360 2504 677 2576 terrogatio
693 2506 795 2558 tua
811 2502 948 2558 talis
960 2507 1077 2558 est:
1106 2503 1240 2568 Qua
1266 2502 1472 2572 utique
1495 2499 2025 2572 esculento,quave

364 2593 682 2668 poculenta
731 2591 926 2664 ipsius
989 2595 1133 2646 sunt
1215 2589 1540 2663 sapientia.
1589 2589 1721 2645 Jam
1770 2589 1841 2644 de
1892 2588 2022 2645 cibo

363 2684 626 2758 primum
659 2681 931 2737 dicimus.
965 2681 1144 2736 Cibus
1185 2696 1328 2736 sane
1366 2677 1786 2752 adimpletivus
1817 2681 1908 2734 est
1938 2678 2022 2733 rei

362 2772 584 2845 indiga
617 2775 794 2843 atque
843 2769 1169 2826 deficientis
1223 2769 1474 2825 inﬁrma
1522 2767 1842 2836 curativus,
1891 2767 2021 2822 vita

363 2861 805 2918 conservativus
839 2879 852 2928 ;
889 2858 990 2931 qui
1032 2859 1103 2913 ad
1150 2858 1353 2915 ﬂorem
1405 2874 1684 2913 revocans
1724 2855 1932 2925 atatis,
1966 2859 2024 2911 et

365 2950 537 3023 quasi
570 2947 1130 3015 renovans,vitalem
1156 2946 1476 3002 clementer
1496 2945 1762 3018 indulget
1793 2943 2021 3016 corpori

365 3043 854 3110 temperaturam,
888 3053 1246 3108 omnemque
1274 3055 1306 3091 a
1337 3036 1510 3092 nobis
1539 3051 1782 3107 prorsus
1813 3049 2022 3088 mcero-

371 3145 494 3185 rem
533 3127 733 3199 exigit,
783 3131 838 3182 et
885 3126 1227 3197 suppeditat
1263 3125 1722 3196 jucunditatem.
1770 3121 2022 3178 Pulchre

2130 1953 2464 2031 εὐφροσύνην
2512 1961 2770 2032 χορηγεῖ.
2822 1954 3024 2019 Καλῶς
3073 1953 3163 2010 οὖν
3213 1957 3249 2025 ἡ
3293 1955 3596 2033 ὑπερσοφος
3625 1953 3794 2032 σοφία

2129 2047 2375 2120 κρατῆρα
2402 2045 2546 2117 ἱστᾷ,
2587 2044 2676 2100 καὶ
2724 2045 2786 2100 τὸ
2834 2043 2988 2119 πόμα
3027 2045 3300 2122 προχέει·
3329 2048 3491 2100 τοῦτο
3534 2044 3636 2120 γάρ
3673 2041 3791 2099 ἔστι

2128 2132 2191 2187 τὸ
2222 2137 2446 2208 προνοεῖ
2491 2134 2598 2206 (41)
2635 2152 2646 2164 ·
2703 2131 2915 2206 μᾶλλον
2964 2130 3040 2203 δὶ,
3087 2133 3194 2207 πρὸ
3241 2136 3338 2188 τοῦ
3367 2137 3661 2208 κρατῆρος,
3693 2130 3794 2193 τὰς

2131 2224 2349 2296 στερεάς
2429 2223 2634 2300 τροφὰς
2701 2226 3041 2298 προτιθεῖσα,
3130 2223 3368 2282 ἅπαντας
3435 2218 3794 2295 συγκαλεῖται

2129 2311 2266 2387 πρὸς
2327 2309 2593 2386 εὐωχίαν,
2654 2309 2788 2379 αὐτὴ
2875 2309 3130 2388 έφιεμένη
3209 2309 3609 2385 ἀγαθοπρεπῶς
3675 2312 3792 2364 τῶν

2131 2407 2403 2483 δεομένων
2435 2409 2605 2478 αὐτῆς
2625 2411 2738 2483 (42)
2764 2428 2776 2440 ·
2799 2408 2890 2464 καὶ
2910 2408 2970 2464 οὗ
3001 2406 3420 2484 παρακαλεῖται,
3443 2405 3590 2463 ἀλλὰ
3612 2427 3794 2484 παρα-

2129 2495 2291 2553 καλεῖ
2341 2494 2412 2553 δι’
2459 2495 2621 2573 ἄκραν
2683 2497 3009 2573 ἀγαθότητα.
3056 2501 3260 2560 Διττῶς
3318 2497 3408 2552 οὖν
3459 2497 3642 2574 τρέφει
3696 2494 3792 2552 διά

2128 2609 2188 2642 τε
2222 2587 2499 2663 βρώσεως,
2533 2584 2622 2640 διά
2647 2607 2706 2641 τε
2753 2587 2987 2660 πόσεως,
3035 2588 3101 2642 Ἦ
3132 2583 3190 2641 δὶ
3219 2585 3497 2662 πρόχυσις
3527 2589 3624 2640 τοῦ
3653 2605 3795 2661 κρα-

2129 2682 2297 2751 τῆρος
2326 2676 2420 2738 τὰς
2451 2677 2824 2750 προνοητικάς
2855 2675 3022 2746 αὐτῆς
3067 2675 3411 2751 ἀγαθότητας
3443 2675 3785 2752 παριστάνει.

2129 2767 2187 2821 ’0
2217 2767 2426 2842 κρατὴρ
2458 2763 2572 2838 οὖν,
2615 2765 2896 2828 κυκλικῶς
2947 2765 3247 2843 περιφερής
3295 2763 3371 2820 ὢν
3411 2763 3500 2820 καὶ
3533 2761 3794 2836 έξηπλω-

2135 2856 2315 2930 μένος,
2349 2853 2606 2926 δηλοῖτὸ
2656 2853 3056 2928 άνηπλωμένον
3109 2855 3198 2910 ἐπὶ
3242 2853 3444 2914 πάντας
3491 2862 3590 2924 τῆς
3644 2853 3794 2919 θείας

2130 2944 2416 3020 προνοίας,
2474 2944 2599 3014 ἥτις
2656 2944 2747 2999 καὶ
2800 2943 2990 3017 κύκλῳ
3046 2945 3219 2999 πάντα
3274 2939 3676 3020 περιλαμϐάνει
3725 2943 3796 2998 τὰ

2129 3035 2419 3109 κτίσματα.
2448 3035 2724 3108 Ἀναρχον
2761 3030 2817 3088 δέ
2867 3055 3002 3110 φησι
3042 3037 3140 3088 τοῦ
3188 3037 3323 3089 Θεοῦ
3371 3035 3472 3104 τὴν
3503 3033 3792 3108 πρόνοιαν,

2133 3123 2241 3199 οὐχ
2265 3122 2348 3178 ὅτι
2378 3127 2486 3178 τῶν
2519 3119 2689 3178 ὄντων
2720 3121 2891 3198 τυχὸν
2925 3123 3213 3197 συνάρχων
3245 3127 3470 3198 προνοεῖ
3501 3125 3638 3196 (43),
3665 3119 3796 3177 οὐδὲ

369 3218 686 3275 admodum
737 3215 1183 3288 sapientissime
1221 3214 1352 3286 ipsa
1399 3213 1690 3286 sapientia
1733 3217 2017 3268 craterem

372 3313 409 3324 ιν
508 3311 518 3324 ι
598 3310 641 3324 με
696 3306 985 3324 -_,ASA_-_._
1049 3303 1386 3324 ..--ι·.-...ιει-
1436 3302 1544 3324 1.--
1599 3301 1746 3324 --ξ-,Α
1799 3300 2016 3324 Ζ-Δξριιι

2132 3214 2231 3290 γάρ
2264 3211 2374 3267 ἐστι
2403 3233 2456 3266 τι
2503 3216 2610 3267 τῶν
2660 3207 2826 3266 ὄντων
2878 3211 3210 3288 συνάναρχον
3270 3215 3338 3284 τῇ
3395 3211 3521 3287 ἁγίᾳ
3563 3212 3653 3266 καὶ
3690 3208 3790 3282 δη-

2276 3304 2429 3324 μηηε·
2468 3303 2578 3324 nn
2735 3299 2969 3324 .-_-_____r--
3000 3297 3189 3324 m_.L§.
3230 3319 3241 3324 -
3286 3299 3404 3324 ,λη’
3433 3298 3507 3324 ιν--
3542 3301 3632 3324 --μς
3671 3301 3788 3324 _-\,.

367 3311 546 3375 tenet,
588 3310 646 3362 et
694 3306 993 3378 potionem
1048 3303 1388 3375 profundit;
1436 3302 1546 3358 hoc
1595 3301 1752 3357 enim
1799 3300 2021 3355 indicat

363 3396 610 3452 verbum
644 3394 1028 3468 προνοεῖ.Ιωο
1054 3409 1186 3448 vero
1220 3397 1353 3448 ante
1384 3392 1628 3447 crateris
1657 3406 2018 3447 commemo-

363 3485 651 3540 rationem
665 3483 885 3539 solidos
899 3481 1060 3537 cibos
1079 3481 1718 3554 apponens,universos
1733 3479 1938 3535 invitat
1951 3479 2020 3533 ad

367 3573 610 3645 epulum
643 3588 655 3626 :
690 3571 1331 3643 ipsa,inquam,eorum
1361 3585 1559 3624 amore
1582 3573 1753 3641 capta
1770 3566 2020 3634 decenti,

368 3663 468 3734 qui
495 3663 624 3733 ejus
657 3660 946 3731 indigent,
962 3676 1074 3714 non
1103 3664 1165 3712 ut
1187 3659 1346 3729 prior
1369 3657 1670 3725 invitetur,
1694 3660 2020 3728 exspectat;

367 3751 575 3807 invitat
595 3749 726 3820 ipsa
745 3749 945 3819 potius
960 3763 1062 3818 per
1075 3763 1140 3802 su
1152 3762 1369 3800 mmam
1384 3762 1554 3800 suam
1576 3745 2022 3816 benignitatem.

371 3847 690 3919 Dupliciter
719 3861 857 3918 ergo
889 3843 1182 3916 sapientia
1213 3843 1421 3911 nutrit,
1452 3859 1609 3898 nunc
1641 3843 1878 3912 quidem
1913 3841 2019 3897 ali-

372 3936 592 4005 monia,
626 3953 783 3990 nunc
811 3951 948 3990 vero
998 3933 1255 4004 potione.
1311 3935 1443 4003 Ipsa
1482 3932 1725 3987 crateris
1761 3930 2022 4002 profusio

369 4024 759 4096 multiplicem
776 4025 1154 4095 repraesentat
1167 4021 1543 4093 providentia
1557 4019 2027 4093 ipsiusbenigni-

368 4121 572 4173 tatem.
593 4115 796 4172 Crater
815 4115 996 4186 igitur
1021 4113 1113 4168 hie
1138 4128 1272 4167 cum
1301 4113 1379 4166 sit
1401 4112 1459 4166 in
1486 4111 1685 4167 orbem
1709 4111 2023 4181 rotundus,

367 4211 424 4262 et
453 4205 513 4261 in
541 4204 804 4278 patulam
836 4202 1285 4274 amplitudinem
1313 4217 1630 4273 expansus,
1653 4201 1864 4256 divina
1886 4216 2026 4274 erga

367 4310 572 4350 omnes
586 4292 966 4365 providentia
987 4289 1245 4347 declarat
1259 4294 1520 4362 apertam
1537 4289 1989 4361 explicationem
2009 4306 2023 4346 :

365 4409 490 4465 qua
519 4391 760 4464 quidem
794 4390 854 4446 in
886 4389 1231 4445 universum
1265 4405 1470 4445 omnes
1494 4387 2024 4460 circumplectitur,

367 4482 674 4553 ambitque
706 4486 1026 4536 creaturas.
1059 4478 1311 4534 Proinde
1342 4478 1532 4549 ipsam
1568 4477 1670 4532 Dei
1712 4475 2025 4548 providen-

367 4572 510 4627 tiam
543 4570 811 4624 insinuat
835 4567 997 4625 omni
1030 4583 1276 4639 prorsus
1303 4582 1498 4622 carere
1527 4565 1820 4638 principio
1853 4580 1868 4619 :
1905 4581 2022 4620 non

371 4659 528 4732 quod
556 4659 703 4714 forte
732 4655 914 4713 simul
937 4673 1071 4712 cum
1096 4656 1273 4712 rebus
1295 4655 1574 4711 exsistere
1595 4653 1884 4726 incipiens
1905 4652 2025 4709 illis

373 4745 708 4820 provideat:
732 4753 949 4816 (neque
977 4743 1135 4800 enim
1169 4743 1494 4814 quidquam
1526 4748 1617 4799 est
1643 4743 2025 4814 eorumdqua

370 4838 752 4903 sunt,sancta
779 4832 862 4889 illi
889 4849 1092 4888 rerum
1135 4833 1401 4887 omnium
1427 4831 1716 4900 ereatrici,
1748 4847 1814 4887 ac
1842 4831 2024 4886 beata

369 4923 640 4980 Trinitati
663 4925 1020 4979 coaternum
1039 4922 1078 4992 :)
1103 4922 1206 4978 sed
1221 4922 1360 4992 quia
1373 4923 1722 4993 priusquam
1736 4935 1802 4976 eo
1820 4935 2024 4992 prove-

371 5011 653 5068 herentur
673 5014 740 5066 ut
767 5015 990 5077 essent,
1027 5010 1294 5081 ipsarum
1324 5009 1385 5065 in
1425 5009 1541 5066 Deo
1572 5007 1830 5066 rationes
1858 5012 2027 5064 erant

373 5101 526 5157 280
549 5103 956 5157 creaturarum
974 5117 988 5169 ;
1003 5097 1183 5170 inque
1195 5098 1298 5155 Dei
1317 5103 1531 5169 mente,
1550 5114 1681 5170 qua
1707 5097 2024 5170 aliquando

371 5189 572 5244 futura
601 5189 854 5258 fuerant,
883 5189 1008 5259 jam
1041 5192 1209 5243 erant
1230 5189 1622 5259 praformata.
1647 5187 1865 5244 Idcirco
1887 5203 2027 5259 pro-

370 5276 630 5334 videntia
651 5276 750 5332 Dci
773 5281 907 5332 ante
932 5292 1169 5332 omnem
1192 5276 1433 5333 omnino
1459 5281 1787 5332 creaturam
1805 5290 2022 5348 praex-

375 5365 599 5423 stitisse
624 5365 909 5421 astruitur
921 5366 1144 5437 absque
1166 5364 1286 5422 ullo
1311 5364 1618 5438 principio.
1643 5364 2026 5421 Providentia

377 5453 670 5527 siquidem
718 5453 923 5508 divina
956 5457 1103 5520 erat,
1136 5453 1257 5509 sive
1305 5453 1536 5510 consilii
1584 5453 1761 5508 rebus
1795 5453 2026 5525 prospi-

380 5542 611 5609 cientis,
633 5541 808 5597 etiam
828 5540 975 5597 velle
1001 5543 1318 5612 producere
1339 5541 2025 5613 creaturam,providenti

379 5629 571 5702 ipsius
610 5627 872 5686 bonitate
918 5627 1255 5685 fruituram.
1291 5630 1442 5687 Sane
1482 5631 1552 5686 ad
1583 5630 1742 5686 hunc
1781 5644 2024 5684 sensum

382 5719 546 5776 nullo
599 5733 833 5789 quoque
885 5716 997 5771 line
1057 5717 1599 5774 circumscribenda
1661 5716 2027 5790 providentia

2137 3304 2433 3376 μιουργικῇ
2465 3303 2580 3373 (44)
2610 3300 2700 3355 καὶ
2731 3299 2970 3376 μακαρίᾳ
3000 3297 3196 3374 Τριάδι
3230 3319 3242 3334 ⁶
3279 3299 3404 3356 ἀλλ’
3430 3298 3512 3356 ὅτι
3542 3301 3635 3355 καὶ
3666 3301 3790 3376 πρὶν

2131 3388 2167 3461 ἤ
2198 3397 2550 3467 παραχθῆναι
2579 3390 2649 3444 τὰ
2696 3387 2824 3446 ὄντα
2859 3389 2910 3444 οἱ
2950 3393 3057 3444 τῶν
3092 3387 3602 3464 δημιουργημάτων
3637 3388 3794 3464 λόγοι

2133 3478 2184 3534 ἐν
2216 3484 2293 3550 τῷ
2323 3477 2440 3552 Θεῷ
2471 3485 2718 3552 προῆσαν
2750 3497 2764 3511 ⁸
2828 3477 2916 3533 καὶ
2963 3477 3016 3532 έν
3064 3483 3186 3542 ταῖς
3236 3477 3407 3541 θείαις
3453 3479 3678 3549 νοήσεσι
3730 3477 3801 3534 τὰ

2137 3567 2413 3642 μέλλοντα
2464 3569 2790 3642 παράγεσθαι
2849 3565 3262 3644 προτετύπωτο.
3323 3569 3422 3622 Διά
3474 3571 3638 3623 τοῦτο
3695 3569 3792 3623 καὶ

2131 3660 2166 3727 ἢ
2211 3657 2443 3734 πρόνοια
2489 3662 2586 3712 τοῦ
2640 3660 2775 3712 Θεοῦ
2832 3657 3084 3734 ἀνάρχως
3143 3658 3521 3733 προϋπάρχειν
3571 3656 3794 3733 λέγεται
3846 3716 3852 3721 ,

2132 3748 2310 3816 πάσης
2363 3753 2466 3815 τῆς
2513 3744 2742 3808 κτίσεως
2777 3765 2790 3780 ·
2834 3746 3094 3820 προνοίας
3141 3745 3245 3822 γὰρ
3301 3746 3368 3816 ἦν
3427 3743 3598 3816 θείας,
3657 3744 3794 3816 ἤτοι

2131 3837 2508 3909 προνοήσεῶς,
2539 3835 2628 3890 καὶ
2659 3835 2720 3889 τὸ
2772 3834 3059 3910 βούλεσθαι
3104 3840 3440 3912 παραγαγεῖν
3481 3835 3582 3904 τὴν
3614 3837 3793 3891 κτίσιν

2131 3925 2230 3992 τήν
2259 3923 2675 3980 ἀπολαύσουσαν
2721 3930 2823 3994 τῆς
2867 3930 3242 4000 προνοητικῆς
3294 3923 3458 3979 αὐτοῦ
3512 3923 3796 4000 ἀγαθότηο

2130 4044 2226 4084 τος
2258 4025 2394 4097 (45).
2422 4023 2567 4077 Κατά
2595 4025 2757 4077 τοῦτο
2786 4025 2917 4098 γοῦν
2963 4022 3053 4077 καὶ
3104 4020 3464 4093 ἀτελεύτητος
3495 4024 3531 4092 ἡ
3566 4023 3796 4097 πρόνοια

2135 4110 2352 4186 λέγεται
2384 4109 2460 4172 εἷς
2489 4109 2619 4172 τοὺς
2665 4110 2964 4175 ἀθανάτους
3021 4109 3317 4188 ἀγγέλους,
3368 4110 3460 4166 καὶ
3494 4111 3618 4173 τοὺς
3649 4111 3791 4165 ἀπα-

2135 4200 2698 4272 θανατισθησομένους
2730 4199 2898 4272 ἡμὰς,
2943 4199 3034 4254 καὶ
3081 4200 3150 4256 τὰ
3188 4198 3257 4255 δι’
3290 4203 3442 4275 ἡμᾶς
3470 4200 3642 4276 ἀγαθᾶ
3668 4197 3796 4254 ἐσο-

2140 4290 2274 4363 μένη
2309 4290 2421 4362 (46)
2455 4308 2467 4320 °
2498 4287 2646 4358 πλὴν
2692 4285 2879 4358 ἐπειδή
2927 4288 3018 4344 καὶ
3065 4289 3307 4366 πρόεισιν
3356 4291 3384 4360 ἡ
3417 4289 3673 4366 πρόνοια,
3707 4288 3799 4344 καὶ

2137 4379 2544 4457 ἀνεκφοιτήτως
2584 4377 2634 4432 έν
2678 4382 2748 4453 τῇ
2795 4377 3086 4450 ταύτότητι
3138 4376 3368 4455 έδραίως
3409 4376 3629 4456 ’ίδρυται
3663 4397 3678 4412 ο
3732 4379 3799 4434 οὐ

2134 4468 2234 4542 γὰρ
2265 4464 2539 4541 ὃιαχέεται
2597 4465 2688 4521 καὶ
2737 4465 3099 4543 ἀφανίζεται’
3154 4465 3246 4522 διὰ
3298 4472 3462 4522 τοῦτο
3521 4466 3741 4542 λέγεται
3773 4469 3801 4522 ὁ

2136 4556 2346 4631 κρατὴρ
2381 4555 2615 4612 ἑστάναι.
2677 4551 2978 4628 Οῗκοδομεῖ
3029 4552 3087 4611 δὲ
3133 4558 3168 4627 ἡ
3229 4556 3391 4636 σοφία
3439 4556 3586 4612 οἶκον
3632 4557 3802 4629 ἑαυτῇ

2135 4644 2209 4707 ὡς
2231 4646 2365 4698 εἷναι
2417 4644 2504 4698 καὶ
2552 4639 2653 4713 ἔξω
2686 4643 2872 4714 αὑτοῦ,
2920 4646 3010 4698 καὶ
3060 4644 3112 4699 έν
3162 4645 3329 4717 αὐτῷ.
3382 4645 3496 4703 Καὶ
3538 4643 3591 4699 ἐν
3649 4645 3803 4715 αὐτῷ

2133 4732 2412 4805 έτοιμάζέι
2445 4729 2478 4785 ἃ
2509 4726 2633 4808 ἔφη,
2668 4729 2752 4785 ὅτι
2799 4731 2888 4786 καὶ
2951 4732 3003 4786 έν
3050 4737 3131 4806 τῷ
3162 4734 3318 4790 παντῖ
3349 4736 3384 4804 ἠ
3414 4734 3531 4789 θεία
3561 4734 3804 4808 πρόνοιά

2134 4821 2266 4889 ἰστι,
2299 4821 2388 4875 καὶ
2425 4820 2493 4875 τὰ
2537 4818 2713 4874 πάντα
2761 4818 3030 4896 περιέχει,
3061 4822 3151 4876 καὶ
3209 4821 3262 4877 έν
3307 4826 3386 4894 τῷ
3441 4822 3604 4877 παντὶ
3636 4819 3800 4877 οὐδὲν

2134 4909 2186 4964 ἐν
2215 4907 2395 4964 οὐδενὶ
2449 4910 2566 4964 κατ’
2618 4905 2770 4962 οὐδέν
2823 4909 2956 4978 ἐστι,
3013 4907 3230 4980 δηλαδή
3278 4912 3399 4975 καθ’
3453 4911 3743 4985 ὑπεροχήν
3777 4929 3791 4942 ·

2136 5004 2262 5062 οὐδὲ
2289 5008 2390 5082 γὰρ
2427 5008 2564 5062 κατᾶ
2614 5004 2884 5081 στέρησιν,
2943 5003 3070 5062 οὐδὲ
3127 5005 3196 5062 δι’
3251 5006 3605 5081 ἀνυπαρξίαν,
3651 5005 3805 5062 ἀλλὰ

2132 5097 2219 5151 καὶ
2255 5093 2328 5150 ὢν
2356 5096 2446 5150 καὶ
2483 5094 2615 5170 ὗπὶρ
2674 5098 2842 5150 ταῦτα
2899 5091 2994 5162 ὢν,
3045 5095 3120 5159 ὡς
3157 5095 3210 5150 ἐν
3248 5099 3328 5168 τῷ
3355 5096 3485 5171 Περὶ
3529 5100 3804 5169 μυστικῆς

2135 5183 2416 5261 θεολογίας
2445 5180 2657 5259 εἶ’ρηται
2688 5201 2701 5216 ⁶
2755 5181 3014 5258 ἐξῄρηται
3059 5185 3164 5259 γὰρ
3212 5188 3320 5240 τῶν
3377 5184 3548 5252 ὅλων,
3581 5183 3646 5239 οὐ
3677 5184 3804 5238 κατ’

2134 5270 2275 5328 ἄλλο
2309 5274 2402 5347 μὲν
2433 5273 2654 5339 τούτου,
2695 5271 2812 5326 κατ’
2857 5270 2998 5328 ἄλλο
3057 5269 3114 5327 δὲ
3153 5271 3360 5328 ἐκείνου
3389 5293 3400 5306 ·
3450 5271 3577 5329 οὐδὲ
3604 5270 3800 5334 άλλως

2132 5362 2350 5435 τούτου,
2408 5361 2499 5417 καὶ
2557 5359 2746 5422 ἄλλως
2805 5359 3012 5416 ἐκείνου
3044 5381 3057 5394 ·
3121 5359 3247 5417 οὐδὲ
3302 5361 3502 5418 τούτου
3554 5361 3649 5436 μὲν
3685 5360 3797 5433 ἀεὶ,

2133 5449 2328 5506 τούτου
2378 5448 2436 5505 δέ
2481 5470 2615 5506 ποτε
2647 5468 2659 5480 ·
2713 5446 2863 5504 ἀλλὰ
2906 5449 3236 5511 ταύτῶς-καὶ
3289 5448 3482 5513 ἀϊδίως
3521 5450 3609 5505 καὶ
3657 5449 3804 5504 κατὰ

2133 5539 2302 5594 ταΰτά
2328 5540 2415 5594 καὶ
2472 5537 2733 5601 ὡσαύτως
2788 5531 2956 5613 ἔχων,
2999 5541 3090 5594 καὶ
3142 5536 3403 5614 οὐδαμῶς
3453 5545 3555 5609 τῆς
3584 5537 3793 5600 οἰκείας

2135 5627 2313 5690 ἱστίας
2345 5626 2805 5699 ἀπολειπόμενος,
2855 5621 2958 5699 ἔξω
3007 5623 3267 5697 δηλονότι
3313 5627 3504 5684 ἑαυτοῦ
3533 5626 3802 5705 γιγνόμε-

2134 5737 2226 5779 νος
2260 5733 2274 5747 °
2310 5715 2460 5773 ἑστία
2489 5714 2594 5792 γὰρ
2625 5714 2862 5789 λέγεται,
2903 5735 3179 5772 τουτεστιν
3211 5723 3246 5788 ῆ
3279 5717 3354 5782 ὡς
3384 5715 3495 5773 ἔστι
3524 5716 3793 5792 διαμονή⁹
