4108 6404
378 375 484 429 501

1191 381 1656 435 PACHYMERE
1695 380 2202 435 PARAPHRASIS
2238 381 2313 432 IN
2353 380 2512 432 EPP.
2554 381 2612 433 S.
2655 379 2988 433 DIONYSII.

3702 375 3812 430 502

375 497 470 553 καὶ
503 499 670 562 ἑστὼς
701 497 753 553 ἐν
786 499 980 572 ἑαυτῷ,
1011 499 1101 555 καὶ
1156 499 1233 556 ἀεὶ
1285 501 1422 555 κατὰ
1475 501 1574 569 τὴν
1636 499 1898 576 πρόνοιαν
1957 521 2040 553 κι-

2155 499 2394 561 dicitur,
2429 500 2498 554 ad
2536 498 2904 555 immortales
2936 497 3175 572 angelos
3207 504 3384 572 atque
3415 500 3558 556 adeo
3588 499 3658 555 ad
3701 515 3807 553 nos

376 586 669 660 νούμενος,
706 584 829 643 οὔτε
858 589 1028 653 ἑστὼς
1054 591 1190 645 κατὰ
1228 591 1326 660 τὴν
1378 591 1655 665 πρόνοιαν,
1690 586 1813 643 οὔτε
1858 589 2040 643 κινού-

385 699 551 750 μενος
604 679 739 732 κατὰ
788 676 942 755 φύσιν
979 698 990 711 ·
1032 678 1243 752 μᾶλλον
1297 677 1374 750 δὲ,
1409 676 1596 747 ἐπειδὴ
1629 679 1691 732 τὸ
1732 679 1826 750 μὲν
1876 679 2040 738 ἑστὼς

382 765 476 822 ἰπὶ
507 774 608 836 τῆς
635 767 772 822 κατά
797 768 860 822 τὸ
907 767 1283 824 ἀναλλοίωτον
1335 768 1709 841 μονιμότητος
1761 763 1946 834 ἔλαϐε,
1975 767 2038 820 τὸ

381 856 443 913 δὲ
500 859 823 930 κινούμενος
883 857 969 913 ἐπὶ
1029 863 1128 928 τῆς
1177 860 1301 934 περὶ
1353 859 1421 914 τὰ
1469 856 1596 914 ὄντα
1642 860 1924 934 προνοίας,
1958 844 2041 935 ἐφ’

381 948 642 1022 ἑκατέρου
671 948 880 1002 τούτων
910 954 1051 1003 νοεῖν
1084 951 1230 1023 ἡμᾶς
1259 952 1370 1024 χρή
1403 949 1490 1004 καὶ
1515 949 1804 1024 προσάγειν
1831 947 1892 1003 τό
1919 949 2038 1012 καθ’

379 1033 542 1105 όλου,
571 1034 664 1090 *ίνα
693 1040 940 1091 τοιοῦτον
971 1037 1033 1091 τὸ
1064 1033 1382 1113 λεγόμενον,
1417 1035 1539 1092 οὔτε
1587 1039 1751 1098 ἑστὼς
1797 1037 2036 1092 καθόλου

375 1126 456 1187 ὡς
494 1126 568 1198 μή
601 1127 860 1180 κινεῖσθαι
893 1131 1301 1199 προνοητικῶς,
1335 1123 1459 1181 οὔτε
1505 1127 1826 1199 κινούμενος
1871 1128 2031 1192 καθό-

373 1213 506 1283 λου,
556 1214 631 1275 ὡς
684 1221 783 1284 τῆς
829 1213 1032 1277 οἰκείας
1098 1217 1446 1288 μεθίστασθαι
1509 1215 1896 1289 μονιμότητος.
1935 1218 2034 1272 Διά

366 1303 541 1358 τοῦτο
599 1303 696 1377 γὰρ
759 1302 924 1379 λέγει,
959 1303 1064 1376 ὅτι,
1095 1304 1184 1358 καὶ
1235 1303 1283 1358 εἷ’
1332 1309 1557 1359 κινεῖται
1617 1305 1692 1366 είς
1751 1305 2030 1381 προνοίας,

367 1390 523 1448 ἀλλά
549 1395 612 1446 τὸ
645 1391 876 1466 μόνιμον
910 1390 1026 1468 ἔχει
1061 1409 1075 1425 ⁶
1109 1393 1198 1448 καὶ
1233 1392 1282 1447 εἴ
1313 1392 1460 1466 μένει
1495 1393 1546 1448 ἐν
1584 1398 1664 1466 τῷ
1715 1392 2028 1450 ἀναλλοιώ-

364 1501 472 1553 τῳ,
508 1480 653 1536 ἀλλὰ
692 1486 811 1542 ταῖς
854 1482 1140 1558 προνοίαις
1184 1487 1431 1540 κινεῖται.
1465 1484 1740 1547 Ἐντεῦθεν
1787 1482 2028 1557 διαλαμ-

369 1565 550 1639 6ἀνει,
577 1570 658 1633 τίς
722 1571 818 1643 μὲν
878 1572 912 1640 ἡ
969 1570 1157 1644 στερεὰ
1210 1572 1410 1650 τροφὴ,
1441 1570 1522 1634 τίς
1580 1568 1636 1626 δὶ
1687 1573 1721 1640 ἡ
1776 1572 1932 1650 ὑγρά.
1966 1575 2029 1629 Ή

367 1662 508 1733 γοῦν
558 1659 746 1734 στερεὰ
791 1660 967 1734 τροφή
1016 1654 1294 1732 σύμϐολόν
1347 1660 1457 1715 ἐστι
1492 1679 1503 1691 ·
1554 1665 1717 1716 τοῦτο
1761 1661 1864 1737 γάρ
1916 1662 2025 1717 ἐστι

366 1748 438 1803 τὸ
499 1747 751 1821 σύνθημα
815 1755 915 1817 τῆς
965 1754 1156 1824 νοερᾶς
1217 1751 1304 1803 καὶ
1366 1749 1600 1824 μονίμου
1655 1748 2023 1822 τελειότητος.

2156 589 2293 644 olim
2329 590 2560 644 futuros
2593 590 2955 645 immortales
2988 589 3168 644 relata
3199 608 3210 644 :
3241 595 3296 646 et
3326 591 3395 644 ad
3428 595 3583 646 bona
3613 587 3810 644 omnia

2156 695 2283 750 qua
2325 682 2561 749 propter
2622 695 2728 733 nos
2790 679 3007 732 futura.
3042 679 3327 733 Caeterum
3387 679 3622 750 quando
3680 677 3809 748 ipsa

2156 768 2529 839 progreditur
2547 767 2934 838 providentia,
2951 784 3245 838 nusquam
3269 771 3462 822 tamen
3489 785 3521 822 a
3546 784 3604 822 se
3625 767 3809 821 desci-

2155 857 2464 926 scendo,in
2489 872 2594 910 sua
2629 856 2815 927 ipsius
2836 856 3144 911 identitate
3177 855 3365 912 solide
3397 856 3809 926 conquiescere

2153 945 2524 1001 describitur.
2559 945 2759 1016 Neque
2792 945 2945 1000 enim
2979 945 3292 1000 diﬁ'usione
3345 944 3436 999 sui
3485 944 3803 1015 perefﬂuit,

2151 1035 2507 1090 eximanitur
2546 1038 2646 1088 aut
2678 1037 2990 1089 marcescit
3043 1033 3399 1104 aliquando:
3435 1033 3571 1088 hinc
3602 1032 3809 1088 merito

2151 1129 2340 1180 crater
2370 1125 2496 1195 ipse
2527 1124 2845 1179 consistere
2879 1123 3254 1195 praadicatur.
3292 1122 3562 1177 [Ediﬁcat
3608 1126 3804 1177 autem

2150 1214 2263 1269 sibi
2295 1214 2537 1268 domum
2568 1211 2980 1284 Sapientia(a);
3007 1213 3252 1283 perinde
3285 1215 3374 1267 est
3404 1217 3582 1282 atque
3611 1209 3800 1266 dicat:

2148 1304 2320 1358 Extra
2371 1319 2431 1356 se
2476 1305 2581 1367 est,
2615 1305 2676 1356 et
2723 1302 2878 1356 intra
2921 1317 2982 1355 se
3032 1299 3219 1356 nihilo
3252 1301 3444 1356 secius
3477 1302 3796 1371 permanet.

2150 1393 2311 1448 Intra
2361 1407 2422 1446 se
2468 1390 2705 1461 quidem
2737 1405 2805 1446 ea
2838 1394 3078 1462 apparet
3108 1406 3260 1460 quas,
3296 1389 3378 1444 ait
3407 1389 3581 1445 Pater
3613 1405 3626 1442 :
3659 1388 3800 1459 quia

2147 1487 2204 1538 et
2241 1482 2300 1535 in
2334 1481 2611 1536 omnibus
2642 1479 2842 1534 divina
2872 1483 2961 1534 est
2993 1478 3355 1548 providentia
3383 1477 3660 1532 universa
3690 1493 3796 1533 suo

2145 1571 2414 1627 ambiens
2447 1568 2751 1640 complexu
2780 1584 2793 1622 :
2831 1571 2887 1623 et
2914 1567 2975 1623 in
3007 1569 3281 1624 omnibus
3313 1565 3462 1622 nihil
3495 1566 3556 1621 in
3608 1564 3796 1622 nihilo

2145 1661 2468 1716 secundum
2516 1657 2768 1713 nihilum
2823 1661 2928 1722 est,
2970 1657 3150 1729 idque
3201 1656 3480 1712 eminenti
3540 1655 3793 1725 quadam

2142 1747 2522 1821 praerogativa
2547 1764 2560 1814 ;
2594 1761 2784 1816 neque
2813 1747 2968 1800 enim
3005 1744 3336 1815 privatorie,
3364 1744 3486 1799 sive
3515 1759 3620 1815 per
3649 1743 3790 1798 sub-

366 1835 514 1892 Ποία
545 1834 602 1892 δέ
632 1837 773 1892 ἐστιν
807 1840 842 1906 ἠ
876 1839 1037 1912 νοερὰ
1065 1837 1155 1892 καὶ
1191 1838 1422 1912 μόνιμος
1451 1839 1732 1910 τελειότης
1759 1859 1772 1910 ;
1807 1842 2028 1904 Πάντως

2153 1836 2368 1894 stantia:
2399 1835 2755 1890 ablationem
2781 1843 2877 1889 aut
2895 1833 3195 1890 interitum
3213 1852 3227 1902 ;
3245 1834 3342 1888 sed
3368 1848 3495 1888 vere
3515 1835 3605 1888 est
3624 1831 3788 1888 istis-

363 1927 491 1990 καθ’
524 1928 590 1997 ἢν
618 1930 867 1988 νοοῦντες
898 1928 949 1981 οἱ
1002 1924 1144 2000 ἄξιοι
1183 1927 1274 1982 καὶ
1320 1932 1428 1983 τῶν
1486 1929 1640 1993 θείων
1703 1931 2026 2005 μετέχοντες

360 2018 430 2088 (ἡ
480 2017 585 2091 γὰρ
639 2015 830 2086 νόησις
889 2018 1099 2092 μετοχή
1149 2014 1424 2093 λέγεται·)
1453 2016 1788 2074 τελειοῦνται
1824 2041 1836 2054 ο
1879 2021 2026 2076 ἀλλὰ

359 2107 509 2160 κατά
560 2109 756 2180 γνῶσιν
812 2105 1067 2174 ἑστῶσαν,
1123 2104 1312 2175 ἐπειδή
1373 2108 1463 2161 καὶ
1511 2110 1546 2176 ἡ
1579 2110 1755 2182 τροφή
1815 2110 2022 2185 στερεά,

359 2192 459 2249 καί
491 2193 690 2248 ἐνιαῖον
724 2192 814 2248 καὶ
865 2191 1194 2268 ἀδιαίρετον.
1230 2195 1410 2251 Τοῦτο
1463 2193 1520 2250 δέ.
1569 2217 1752 2274 φησιν,
1789 2199 1870 2253 δτι
1928 2196 2024 2269 δη-

362 2280 514 2352 λαδῆ
540 2283 651 2358 χρή
679 2281 730 2336 ἐν
758 2287 876 2344 τοῖς
907 2283 1030 2358 περὶ
1062 2287 1196 2338 Θεοῦ
1224 2280 1413 2358 λόγοις
1445 2285 1520 2358 μή
1549 2286 1686 2360 πρὸς
1717 2287 1810 2348 τὰς
1837 2287 2026 2350 ὑλικὰς

367 2370 587 2432 ἐννοίας
647 2369 1099 2444 καταμερίζεσθαι
1146 2369 1239 2424 τὸν
1290 2374 1436 2440 νοῦν,
1466 2369 1612 2426 ἀλλά
1671 2373 2028 2447 μονοτρόπως

359 2460 431 2514 τὸ
495 2461 762 2537 ὑπερφυὲς
833 2460 922 2513 καὶ
1005 2458 1400 2534 ἀνεξιχνίαστον
1459 2467 1559 2529 τῆς
1619 2460 1760 2524 θείας
1820 2462 2032 2540 φύσεως

363 2548 709 2623 λογίζεσθαι,
752 2548 842 2603 καὶ
899 2547 1067 2603 ταῦτά
1121 2569 1243 2602 τινα
1284 2550 1377 2603 τὸν
1433 2548 1500 2604 τὰ
1557 2549 1884 2626 αἰσθητήρια
1936 2559 2033 2607 τοῦ

363 2638 526 2701 ἐντὸς
585 2639 876 2712 ἀνθρώπου
949 2639 1372 2715 γεγυμνασμένα
1447 2634 1652 2714 ἔχοντα
1684 2658 1696 2670 ⁸
1751 2639 1803 2694 ἐν
1864 2647 1946 2704 οἷς
2005 2633 2033 2686 ὁ

363 2733 521 2793 θεῖος
609 2725 828 2789 Παῦλος
917 2727 1332 2802 ἀπαρυσάμενος
1413 2731 1511 2797 τῆς
1588 2729 1734 2793 θείας
1790 2731 1982 2806 σοφίας
2018 2751 2030 2764 ·

366 2815 576 2871 τούτου
631 2818 733 2891 γάρ
796 2816 936 2870 ἐστιν
998 2817 1025 2870 6
1087 2814 1280 2886 λόγος’
1314 2818 1444 2874 ’Ὀτε
1500 2817 1652 2890 ἤμην
1711 2820 1927 2889 νήπιος,
1960 2821 2034 2883 ὡς

369 2907 580 2976 νήπιος
633 2905 893 2981 ἐφρόνουν
927 2925 938 2937 ·
1005 2903 1333 2978 μεταδίδωσι
1391 2913 1491 2976 τῆς
1560 2912 1776 2983 στερεᾶς
1830 2917 2037 2984 τροφῆς

372 2999 501 3058 τοῖς
534 2993 787 3061 τελείοις,
824 2998 1041 3068 πρῶτον
1073 2997 1302 3056 ποτίσας
1325 2994 1487 3072 γάλα,
1521 2996 1610 3050 ὅτε
1654 2998 1822 3071 τυχὸν
1885 3001 2036 3073 εἶχον

371 3083 450 3140 τὰ
476 3083 648 3153 νοητὰ
673 3083 1002 3158 αἰσθητήρια
1048 3085 1360 3159 ἀγύμναστα
1389 3104 1401 3118 ·
1437 3085 1510 3148 ὡς
1569 3087 1668 3162 γὰρ
1728 3088 1755 3141 6
1813 3089 2034 3156 νήπιος,

365 3175 446 3230 τὰ
503 3173 791 3246 σωματικά
846 3172 1175 3249 αἶ’σθητήρια
1226 3172 1544 3248 ἀγύμναστα
1605 3174 1772 3250 ἔχων,
1824 3177 1960 3231 ἅπαν
2008 3177 2036 3231 ’ὁ

2136 1942 2247 1999 que
2279 1925 2556 1982 omnibus
2587 1924 3012 1994 supereminet,
3044 1923 3214 1977 sicuti
3249 1923 3306 1976 in
3339 1938 3513 1994 opere
3542 1923 3788 1993 Mystica?

2135 2015 2427 2085 theologia?
2457 2012 2604 2068 mihi
2635 2012 2857 2066 dictum
2889 2015 2997 2066 est.
3029 2011 3372 2066 Eminenter
3411 2011 3484 2066 ab
3515 2009 3786 2065 omnibus

2135 2107 2441 2175 exemptus
2473 2102 2838 2168 dicitur,non
2872 2100 3109 2172 quidem
3142 2101 3470 2156 secundum
3495 2099 3654 2154 aliud
3677 2099 3786 2154 ali-

2137 2194 2280 2267 quid
2312 2194 2382 2248 ab
2415 2193 2545 2260 hoc,
2568 2191 2894 2246 secundum
2928 2193 3123 2245 autem
3151 2190 3310 2245 aliud
3345 2191 3416 2244 ab
3451 2187 3790 2259 illozneque

2139 2284 2309 2340 aliter
2338 2283 2409 2336 ab
2442 2280 2770 2350 illo.Neque
2791 2296 3003 2336 rursus
3029 2279 3099 2334 ab
3129 2280 3238 2334 hoc
3269 2278 3506 2350 quidem
3540 2294 3793 2349 semper,

2141 2375 2210 2429 ab
2236 2371 2334 2427 illo
2365 2373 2504 2426 item
2533 2369 2881 2440 aliquando;
2908 2369 3006 2424 sed
3029 2369 3151 2441 pari
3173 2369 3346 2423 modo
3367 2371 3422 2422 et
3441 2367 3798 2438 sempiterna

2144 2479 2251 2518 nec
2281 2458 2649 2524 ditiormiter,
2684 2458 2783 2513 sed
2828 2459 3001 2513 modo
3057 2457 3347 2512 consimili
3377 2473 3440 2511 se
3469 2457 3714 2524 habens,
3745 2461 3803 2510 et

2144 2565 2438 2621 nusquam
2503 2565 2537 2602 a
2595 2547 2831 2618 propria
2889 2545 3223 2602 desciscens
3282 2545 3606 2611 mansione,
3640 2549 3802 2600 extra

2144 2643 2428 2699 nimirum
2487 2639 2767 2711 seipsam.
2824 2638 3010 2692 Ἑστία
3061 2639 3352 2708 siquidem
3415 2639 3504 2693 hic
3563 2638 3797 2702 dicitur,

2144 2731 2388 2804 perinde
2436 2733 2609 2798 atque
2654 2724 2914 2799 διαμονή,
2947 2727 3005 2781 id
3052 2731 3142 2782 est
3163 2729 3498 2798 permansio.
3533 2729 3600 2781 Et
3631 2731 3798 2782 stans

2145 2823 2206 2877 in
2237 2821 2452 2891 seipsa,
2487 2822 2544 2873 et
2572 2833 2673 2887 per
2715 2817 3089 2888 providentiae
3122 2815 3520 2887 operationem
3563 2831 3798 2886 semper

2146 2915 2322 2967 mota.
2354 2908 2553 2978 Neque
2584 2911 2749 2962 stans
2781 2906 3109 2960 secundum
3141 2904 3796 2976 providentiam,neque

2146 3017 2252 3072 per
2279 3003 2554 3054 naturam
2585 2999 2850 3052 movetur
2882 3011 2894 3050 :
2929 2993 3212 3065 quinimo,
3247 2994 3388 3065 quia
3417 2993 3527 3048 hoc
3556 2993 3793 3064 quidem

2148 3090 2395 3154 dictum,
2425 3091 2589 3142 stans
2639 3085 2698 3139 in
2753 3101 2861 3140 sua
2905 3083 3197 3139 soliditate
3249 3087 3475 3138 naturae
3510 3101 3522 3138 :
3556 3099 3623 3138 eo
3655 3081 3800 3137 dixit

2147 3179 2336 3243 Pater,
2372 3176 2524 3247 quod
2587 3172 2950 3228 inalterabile
2999 3173 3075 3228 sit
3105 3187 3346 3227 numen.
3381 3172 3543 3237 Quod
3602 3177 3798 3227 autem

366 3265 478 3339 ὁρᾷ
503 3263 539 3332 ἢ
571 3242 777 3330 ἀκούει,
814 3263 880 3317 οὗ
929 3242 1111 3326 καθὼς
1161 3242 1284 3337 ἔχει.
1309 3242 1410 3338 ὁρᾷ
1438 3264 1526 3318 καὶ
1559 3242 1790 3318 ἀκοῦει·
1823 3267 1886 3320 τὸ
1933 3266 2035 3340 γὰρ

2153 3267 2369 3322 moveri
2403 3263 2716 3334 scribit,de
2737 3261 3116 3334 providentiae
3142 3261 3371 3317 actione
3391 3260 3801 3332 accipiendum

371 3348 552 3427 μηδὲν
587 3346 818 3428 φοϐερὸν
882 3349 1288 3424 μορμολύκειον
1325 3349 1517 3422 οἷίετᾳι,
1548 3353 1639 3407 καὶ
1671 3352 1835 3427 λόγον
1869 3355 2041 3429 πραῢν

369 3438 656 3504 πολλάκις
686 3441 760 3502 ὡς
789 3439 1152 3510 ἀπειλητικὸν
1188 3438 1407 3515 δέχεται
1441 3459 1453 3471 ·
1489 3440 1630 3496 οὕτω
1661 3443 1750 3496 καὶ
1783 3444 1810 3497 ὁ
1841 3445 2038 3514 νηπιά-

379 3536 495 3600 ζων
522 3530 664 3584 κατά
692 3530 902 3604 ψυχὴν,
937 3529 1248 3605 ἀγύμναστα
1279 3527 1395 3605 ἔχει
1424 3531 1491 3584 τὰ
1519 3533 1615 3600 τῆς
1647 3534 1831 3607 ψυχῆς
1854 3532 2043 3601 αἰσθη-

372 3621 573 3693 τήρια,
606 3617 694 3673 καὶ
756 3618 818 3672 οὗ
880 3615 1165 3687 δύναται
1193 3619 1500 3690 θεάσασθαι,
1533 3620 1569 3688 ἢ
1626 3620 1850 3674 ἀκοῦσαι
1903 3632 2042 3684 θεω-

378 3707 504 3783 ρίαν
559 3706 922 3782 ὓψηλοτὲραν,
952 3708 1014 3777 ἣν
1061 3709 1270 3785 τροφὴν
1321 3709 1533 3779 στερεὰν
1567 3709 1594 3762 6
1637 3707 1803 3784 λόγος
1834 3710 2042 3764 ἀποκα-

380 3794 498 3852 λεῖ.
535 3797 650 3864 Τὴν
710 3793 767 3850 δὲ
826 3795 990 3872 ὑγρὰν
1041 3798 1249 3871 τροφὴν
1305 3796 1556 3869 σύνθημα
1612 3799 1698 3852 καὶ
1762 3794 2042 3871 σύμϐολον

376 3884 554 3941 πάλιν
618 3881 834 3958 οἷόμαι.
868 3890 1039 3940 Τοῦτο
1097 3888 1199 3961 γάρ
1259 3884 1369 3941 ἐστι
1425 3887 1488 3940 τὸ
1539 3885 1646 3941 ἀπὸ
1703 3893 1910 3957 κοινοῦ,
1944 3896 2044 3958 τῆς

380 3974 720 4048 διαχυτικῆς
756 3973 1041 4050 ἐπιρροῆς,
1076 3971 1338 4045 δηλονότι
1383 3981 1481 4044 τῆς
1538 3973 1628 4030 διὰ
1667 3975 1895 4032 πολλῶν
1955 3980 2042 4032 καὶ

384 4067 664 4137 μεριστῶν
696 4059 1047 4125 διδασκαλίας
1080 4065 1194 4137 (47)
1221 4077 1242 4096 ὀ
1277 4063 1387 4138 οὐχ
1434 4065 1508 4118 ἑνὶ
1557 4064 1662 4139 γὰρ
1711 4066 1900 4140 τρόπῳ
1956 4072 2046 4121 καὶ

380 4150 579 4223 ἁπλῷ,
610 4150 756 4206 ἀλλᾶ
785 4148 1070 4206 πολυειδεῖ
1100 4151 1189 4206 καὶ
1247 4150 1491 4225 ποικίλῳ
1541 4153 1668 4215 τοὺς
1719 4151 2048 4228 διδασκομέ-

378 4260 514 4302 νους
601 4239 689 4294 ἐπὶ
767 4241 828 4296 τὸ
912 4239 1120 4296 τὲλειον
1205 4247 1305 4309 τῆς
1392 4242 1720 4316 θιογνωσίας

387 4325 700 4402 συμϐαίνει.
757 4331 850 4385 Διὸ
925 4331 1018 4385 καὶ
1097 4328 1298 4405 δρόσῳ,
1359 4330 1448 4385 καὶ
1502 4329 1679 4402 ὕδατι,
1741 4332 1830 4387 καὶ
1887 4333 2052 4407 γάλα-

384 4441 506 4487 κτι,
550 4419 638 4474 καὶ
690 4416 842 4492 οἴνῳ,
901 4419 992 4474 καὶ
1057 4417 1261 4492 μέλιτι,
1315 4419 1381 4474 τὰ
1436 4425 1552 4483 θεῖα
1626 4419 1790 4496 λόγια
1862 4444 2052 4498 παρει-

1834 4241 2049 4320 ἄγεσθαι

380 4511 642 4578 κάζονται
678 4527 691 4540 ·
745 4505 932 4577 ἐπειδή
983 4509 1083 4584 γὰρ
1137 4505 1310 4563 πάντα
1371 4506 1611 4584 ὑδατηρά
1666 4510 1767 4564 εἰσι
1805 4531 1816 4542 ·
1877 4513 1938 4566 τὸ
1998 4510 2055 4566 δὲ

2147 3361 2238 3413 est
2270 3355 2425 3411 circa
2456 3353 2617 3409 entia
2647 3352 2890 3423 quaevis.
2925 3351 2988 3406 In
3020 3354 3270 3421 utraque
3301 3349 3510 3404 harum
3545 3349 3803 3420 partium

2149 3460 2386 3502 necesse
2417 3449 2507 3498 est
2537 3441 2856 3496 dictionem
2889 3439 3049 3495 illam
3084 3438 3509 3510 intelligamus,
3540 3437 3721 3493 simul
3750 3442 3809 3494 et

2149 3533 2602 3607 pronuntiemus
2661 3527 2927 3598 καθόλου,
2987 3528 3096 3584 hoc
3171 3532 3257 3583 est
3317 3529 3373 3582 in
3431 3529 3803 3582 universum:

2150 3622 2322 3696 quasi
2351 3622 2462 3676 hoc
2495 3624 2663 3691 pacto
2712 3617 3066 3674 sententiam
3102 3615 3482 3671 contexuerit.
3515 3615 3714 3686 Neque
3744 3616 3803 3670 in

2150 3718 2342 3770 totum
2376 3715 2543 3766 stans
2574 3708 2680 3776 sic,
2713 3711 2779 3762 ut
2805 3707 3148 3761 nullatenus
3179 3708 3484 3760 moveatur
3511 3721 3630 3760 suae
3669 3720 3802 3776 pro-

2149 3801 2417 3859 videntiae
2450 3797 2786 3871 operatione
2819 3813 2830 3850 :
2865 3812 3056 3867 neque
3089 3812 3296 3851 rursus
3328 3793 3412 3850 sic
3446 3797 3712 3850 movetur
3741 3794 3801 3849 in

2152 3897 2366 3961 totum,
2383 3893 2446 3945 ut
2469 3907 2499 3944 a
2521 3886 2759 3960 pr0pria
2789 3885 3082 3941 desciscat
3104 3884 3556 3956 transmigretve
3578 3883 3804 3940 stabili-

2154 3979 2530 4038 tate.Idcirco
2563 3976 2721 4032 enim
2755 3975 3073 4046 dicit,quia
3097 3979 3154 4029 et
3182 3973 3231 4028 si
3264 3977 3566 4028 moveatur
3584 3988 3804 4028 numen

2157 4072 2229 4127 ad
2287 4068 2622 4125 obeundam
2680 4064 3041 4120 {unctionem
3095 4079 3214 4118 suae
3273 4061 3676 4134 providentiae,
3707 4061 3811 4118 sed

2158 4159 2305 4216 287
2370 4155 2603 4211 interim
2665 4170 2833 4210 suam
2887 4152 3077 4225 ipsius
3135 4151 3348 4206 retinet
3405 4149 3812 4216 stabilitatem,

2158 4247 2392 4304 etiamsi
2426 4245 2484 4300 in
2519 4260 2628 4299 sua
2659 4240 3014 4297 inalterabili
3039 4243 3366 4312 perseveret
3386 4239 3736 4308 natura;sed
3763 4241 3821 4293 et

2159 4339 2318 4394 idem
2378 4333 2591 4391 ofﬁciis
2649 4334 2917 4388 movetur
2965 4347 3084 4386 suae
3145 4327 3546 4401 providentia.
3601 4327 3820 4383 Dehinc

2163 4425 2431 4497 sequitur
2453 4423 2586 4496 quis
2609 4421 2836 4477 solidus
2861 4419 2939 4475 sit
2960 4419 3129 4474 cibus
3147 4417 3351 4490 quisve
3373 4416 3656 4488 liquidus.
3675 4415 3820 4472 Soli-

2163 4518 2276 4572 dus
2309 4514 2528 4586 quippe
2559 4511 2729 4566 cibus
2761 4507 3092 4580 symbolum
3119 4511 3230 4575 est,
3254 4522 3466 4578 nempe
3496 4505 3731 4576 signum
3763 4508 3822 4560 et

384 4597 543 4672 ὕδωρ
580 4596 850 4674 ζωογόνον
891 4617 904 4630 ⁸
933 4595 1021 4652 διὰ
1049 4598 1147 4666 τὴν
1179 4597 1438 4667 τοιαύτην
1483 4597 1712 4671 δύναμιν
1764 4599 1906 4655 οὕτω
1960 4600 2040 4656 λέ-

2161 4603 2515 4678 significatio
2541 4595 2958 4654 intellectualis
2982 4613 3048 4651 ac
3073 4594 3271 4650 solidae
3295 4593 3690 4681 perfectionis.
3707 4593 3819 4647 Sed

383 4708 608 4764 γονται.
644 4687 716 4741 Οὐ
773 4687 879 4759 μὴν
941 4683 1000 4740 δὲ
1063 4686 1224 4760 μόνον
1283 4687 1346 4741 τὸ
1380 4686 1571 4762 ὑδαρὸν
1630 4683 1873 4763 ἔχουσιν,
1907 4687 2052 4744 ἄλλᾶ

385 4780 651 4855 φέρουσιν
697 4772 922 4830 ἕκαστον
982 4776 1073 4830 καί
1125 4796 1246 4831 τινα
1283 4773 1424 4830 ἰδίαν
1456 4778 1746 4847 ποιότητα.
1779 4778 1866 4839 Ὠς
1922 4783 2052 4852 γοῦν

386 4864 682 4935 αὖξητικᾶ,
733 4863 970 4939 γάλακτι
1016 4863 1260 4919 ἐοίκασι·
1290 4866 1354 4919 τὸ
1403 4867 1505 4940 γὰρ
1568 4864 1712 4939 γάλα
1770 4869 2053 4938 θρεπτικὸν

387 4952 488 5009 καὶ
549 4951 842 5022 αὐξητικόν
878 4972 891 4987 ο

477 5714 560 5786 (a)
589 5713 756 5770 Prov.
787 5727 867 5784 1x,
901 5711 952 5768 1.

955 4953 1028 5014 ὡς
1077 4953 1386 5022 ἀναζωτικὰ
1438 4951 1571 5026 οἷᾭῳ
1603 4971 1616 4985 °
1672 4955 1700 5008 6
1756 4956 1856 5031 γὰρ
1912 4957 2060 5020 οἶνος

395 5041 760 5112 ἀναζωτικὸς,
815 5043 880 5096 τὸ
931 5039 1170 5120 ἔμφυτον
1218 5039 1483 5118 διιγεῖραν
1544 5043 1744 5119 θερμόν
1781 5064 1793 5077 '
1837 5045 1913 5106 ὡς
1960 5066 2061 5100 κα-

394 5131 634 5208 θαρτικὰ
663 5132 748 5185 καὶ
786 5132 1128 5209 φρουρητικὰ
1175 5130 1357 5204 μέλιτι
1391 5150 1404 5164 ⁸
1441 5133 1502 5186 τὸ
1549 5132 1650 5210 γὰρ
1712 5132 1840 5206 μὲλι
1871 5133 2062 5198 καθαί-

398 5242 488 5298 ρει
527 5222 620 5294 μὲν
652 5219 742 5275 καὶ
773 5219 840 5275 τὰ
869 5217 1110 5291 ἑλκώδη,
1145 5220 1400 5296 φυλάττει
1436 5218 1494 5276 δὶ
1549 5222 1638 5276 καὶ
1688 5222 1756 5277 τὰ
1811 5222 1862 5277 ἐν
1917 5223 2065 5296 αὐτῷ

388 5314 510 5366 τῶν
568 5310 803 5384 ὀπωρῶν
865 5304 1276 5383 ἐμϐαλλόμενα.
1311 5309 1489 5364 Ταῦτα
1545 5314 1675 5385 γοῦν
1740 5305 2065 5386 ὑπερϐλύζει

398 5401 438 5467 ἡ
506 5398 626 5452 θεία
678 5400 841 5476 σοφία
891 5399 990 5467 τὴν
1063 5399 1247 5473 ψυχὴν
1311 5395 1652 5472 δροσίζοντα,
1709 5401 1847 5456 κατά
1901 5405 2068 5456 ταῦτα

392 5488 506 5545 καὶ
564 5486 766 5562 ιόωχεῖ
821 5488 850 5542 ὁ
904 5487 1032 5551 Θεὸς
1094 5489 1222 5552 τοὺς
1291 5487 1492 5563 ἀξίους,
1545 5490 1635 5546 καὶ
1692 5490 1852 5554 αὐτὸς
1907 5491 2068 5565 μεθύ-

2161 4711 2288 4766 quas
2320 4693 2557 4747 demum
2594 4687 2717 4742 haec
2751 4682 3168 4740 intellectualis
3197 4687 3287 4738 est
3315 4686 3374 4737 et
3414 4680 3604 4738 solida
3632 4681 3820 4753 perfe-

2164 4783 2320 4840 ctio?
2349 4779 2602 4836 Omnino
2633 4775 2736 4830 illa
2767 4791 2897 4830 esse
2929 4776 3223 4839 censetur,
3258 4771 3585 4827 secundum
3617 4785 3820 4840 quam,

2167 4872 2266 4944 qui
2300 4865 2700 4940 intelligentia)
2732 4865 2885 4919 dono
2937 4861 3162 4934 praediti
3211 4862 3373 4925 sunt,
3405 4859 3579 4914 modo
3634 4856 3819 4928 digni,

2171 4961 2621 5027 divinarumque
2654 4956 2957 5010 consortes
3016 4949 3201 5005 eﬂ‘ecti
3256 4965 3452 5004 rerum
3510 4945 3824 5018 perficiun-

2171 5056 2291 5107 tur.
2316 5045 2696 5117 Participatio
2753 5042 2909 5097 enim
2974 5039 3243 5112 quedam
3305 5041 3398 5094 est
3453 5034 3829 5108 perfectionis

2174 5141 2306 5211 ipsa
2335 5133 2767 5206 intelligentia;
2803 5131 2904 5186 sed
2938 5129 3265 5185 secundum
3301 5122 3833 5194 scientiam,solide

2178 5229 2454 5291 stantem,
2473 5222 2709 5295 quando
2729 5223 2785 5275 et
2811 5219 2907 5274 hic
2935 5218 3100 5273 cibus
3131 5219 3239 5284 est,
3257 5215 3358 5271 sed
3383 5218 3441 5269 et
3470 5211 3834 5284 singularem

2179 5320 2355 5386 atque
2387 5311 2774 5367 individuam.
2801 5307 2916 5362 Hoc
2949 5322 3016 5361 eo
3050 5303 3286 5375 adjecit,
3319 5302 3473 5374 quod
3510 5300 3570 5356 in
3601 5301 3698 5370 iis,
3731 5298 3834 5371 qui

2180 5406 2251 5460 de
2283 5405 2398 5459 Deo
2448 5404 2606 5466 sunt,
2636 5395 3010 5454 sermonibus
3057 5408 3352 5464 nusquam
3403 5392 3615 5448 debeat
3663 5404 3832 5446 mens

2182 5509 2284 5565 per
2313 5493 2614 5548 concretas
2648 5486 2903 5542 materiae
2935 5482 3296 5556 cognitiones
3336 5481 3612 5554 dispesci,
3644 5477 3831 5536 aliove
