4108 6390
343 431 451 489 503

1167 431 1534 485 ΛΡΡΒΝΒΙΧ
1573 429 1674 484 AD
1711 428 1956 484 OPERA
1991 426 2050 479 Β.
2091 424 2411 481 DIONYSII
2451 429 2952 484 AREOPAGITE.

3661 426 3761 482 504

350 555 582 622 diduci;
618 554 718 610 sed
753 551 1126 608 uniformiter
1152 558 1423 625 reputare
1455 568 1658 608 secum
1691 551 2000 606 inenarra-

2131 567 2192 600 ιιν
2255 544 2490 623 λέγεται,
2548 549 2624 612 ὡς
2684 549 2908 626 πλήρης
2965 548 3173 604 τούτων
3232 550 3322 603 καὶ
3382 547 3761 624 ὑπερπλήρης.

350 646 528 701 bilem
551 644 867 711 bancesse,
886 640 1152 713 nullique
1176 659 1279 712 pro
1294 641 1576 714 dignitate
1596 637 2004 711 vestigabilem

349 734 557 789 divinas
589 737 815 787 natura:
849 731 1444 802 majestalemzidque
1475 731 1731 786 maxime
1763 729 2006 784 addecet

350 839 508 888 eum,
537 821 636 893 qui
670 821 936 876 sensoria
968 836 1180 889 organa
1215 820 1390 874 habet
1420 819 1716 874 interioris
1746 817 2008 872 hominis

352 912 673 967 admodum
707 909 1118 972 exercitata,in
1145 908 1362 980 quibus
1395 909 1610 964 Paulus
1645 907 1740 962 ille
1759 906 2008 962 admira-

352 1001 491 1056 bilis
525 1000 724 1056 hausit
755 999 964 1053 divinae
1015 1015 1201 1069 aquas
1259 998 1581 1070 sapientiae.
1613 998 1760 1052 Nam
1820 997 2009 1067 ipsius

351 1093 595 1148 verbum
631 1096 718 1146 est
746 1108 757 1143 :
789 1092 923 1146 Cum
945 1107 1114 1145 essem
1144 1089 1512 1162 parvulus,ut
1535 1089 1802 1161 parvulus
1821 1089 2008 1159 sapie-

356 1183 481 1236 bam
512 1181 590 1251 (ὁ)
625 1197 638 1236 :
667 1177 988 1235 liberaliter
1019 1179 1288 1250 dispertit
1348 1178 1602 1235 solidum
1654 1179 1874 1248 cibum,
1907 1177 2008 1232 sed

346 1271 475 1342 jam
509 1268 726 1324 adultis
759 1284 826 1323 ac
852 1267 1303 1340 perfectis,cum
1336 1270 1572 1324 eosdem
1598 1267 1814 1339 alioqui
1847 1266 2012 1339 prius

358 1362 622 1433 potasset
647 1357 970 1427 lacte,cum
990 1357 1109 1412 illis
1129 1356 1274 1412 forte
1306 1357 1554 1412 necdum
1589 1358 1833 1413 aderant
1853 1372 2012 1412 exer-

360 1448 525 1503 citati
557 1463 772 1502 sensus
805 1445 1162 1518 spirituales.
1181 1446 1252 1501 Ut
1270 1445 1425 1501 enim
1446 1447 1614 1518 pusio
1638 1445 1831 1516 quivis
1845 1460 2012 1516 orga-

365 1554 440 1592 na
488 1535 750 1608 corporis
803 1535 1185 1591 inexercitata
1225 1535 1416 1590 adhuc
1447 1535 1692 1602 habens,
1726 1534 2008 1606 quidquid

362 1625 452 1680 vel
481 1625 642 1680 videt
661 1624 748 1680 vel
783 1625 968 1692 audit,
993 1625 1053 1680 id
1077 1625 1281 1696 utique
1300 1641 1417 1680 non
1440 1625 1594 1679 sicut
1610 1641 1672 1680 se
1701 1625 1878 1680 habet
1899 1639 2013 1690 res,

361 1714 518 1770 videt
565 1718 622 1770 et
673 1713 856 1768 audit.
885 1715 1193 1769 Larvatam
1250 1714 1407 1769 enim
1467 1730 1778 1785 personam
1811 1711 2016 1768 formi-

363 1801 622 1858 dabilem
689 1803 983 1874 deputat,
1035 1801 1184 1857 nihil
1257 1801 1473 1872 alioqui
1533 1800 2012 1870 formidabilem;

2119 639 2436 710 Σημείωσαι
2493 639 2549 695 δὲ
2609 640 2852 706 ἐνταῦθα,
2913 639 2994 696 ὅτι
3053 639 3142 694 καὶ
3200 639 3262 695 τὸ
3322 641 3559 715 εὐωχεῖν
3617 639 3764 715 ῥῆμα

2117 726 2146 780 ὁ
2182 730 2364 803 Ιίατὴρ
2426 730 2529 784 ἀπὸ
2585 734 2681 784 τοὺ⁹
2733 731 2789 784 εὖ
2839 726 2987 804 ἔχειν
3033 727 3382 802 ἐτυμολογεῖ,
3413 729 3597 792 καθὼς
3652 722 3766 803 ἔχει

2115 817 2202 870 καὶ
2239 819 2273 884 ἡ
2306 825 2404 886 τῆς
2467 818 2665 889 εὐεξίας
2727 816 2894 888 λέξις.
2927 820 3017 882 Ὠς
3072 821 3201 894 γοῦν
3262 818 3342 895 ἐφ’
3371 820 3534 890 ἡμῶν
3561 821 3596 887 ἡ
3633 819 3766 890 μὲθη

2117 904 2254 958 κατὰ
2310 906 2372 960 τὸ
2430 914 2617 982 χεῖρον
2689 906 2926 983 λέγεται,
2988 906 3131 962 οὕτω
3189 906 3324 961 κατὰ
3390 907 3452 961 τὸ
3525 913 3770 983 κρεῖττον

2119 993 2206 1048 ἐπὶ
2265 1001 2437 1051 Θεοῦ⁶
2500 999 2621 1061 ὅθεν
2677 999 2768 1052 καὶ
2825 997 2907 1075 ἐφ’
2957 1001 3118 1071 ἡμῶν
3168 999 3202 1068 ἡ
3265 997 3501 1073 ἀμετρία
3557 1001 3771 1071 χεῖρον,

2121 1083 2207 1139 ἐπὶ
2260 1083 2317 1140 δὲ
2375 1092 2530 1156 Θεοῦ,
2581 1092 2849 1163 κρεῖττον.
2892 1089 3012 1144 ’Έτι
3073 1085 3130 1142 δὲ
3175 1087 3265 1141 xui
3321 1084 3383 1140 τὸ
3437 1084 3778 1158 ἐξεπηκὲναι

2121 1172 2207 1227 ἐπὶ
2263 1179 2396 1229 Θεοῦ
2449 1174 2657 1250 λέγεται
2689 1177 2824 1231 κατὰ
2855 1177 2952 1245 τήν
2989 1176 3294 1251 ὑπεροχὴν,
3325 1176 3412 1230 καὶ
3472 1179 3569 1229 τοῦ
3627 1180 3774 1228 νοεῖν

2121 1263 2210 1317 καὶ
2242 1269 2343 1318 τοῦ
2373 1270 2612 1329 νοεῖσθαι
2649 1285 2662 1297 θ
2697 1262 2819 1320 οὔτε
2849 1265 2952 1342 γὰρ
2984 1265 3048 1318 τὰ
3079 1259 3208 1319 ὄντα
3263 1264 3522 1338 γινώσκει
3649 1259 3780 1318 ὅντα

2121 1352 2282 1421 εἰσὶν,
2311 1351 2454 1409 ἀλλὰ
2493 1353 2628 1410 κατᾶ
2672 1376 2792 1410 τινα
2837 1353 3172 1429 ἐξῃρημένην
3226 1351 3316 1408 xui
3377 1353 3508 1428 ὑπὶρ
3566 1349 3778 1426 ἅνθρω-

2123 1463 2224 1498 πον
2257 1443 2466 1512 νόησιν.
2500 1441 2637 1500 Οὔτε
2672 1445 2779 1517 μὴν
2811 1445 2958 1519 παρὰ
2984 1449 3092 1498 τῶν
3144 1443 3304 1513 ἀξίων
3360 1446 3566 1496 νοεῖται
3597 1441 3779 1505 καθὼς

2124 1528 2712 1587 ἔ⁰ἐ¹σ¹⁸¹
2858 1529 3318 1588 ’ὸ“τί’
3539 1530 3734 1586 ’ἅλ’

2153 1552 2239 1607 χει
2353 1554 2441 1587 πει
2475 1555 2560 1588 και
2624 1554 2756 1608 υπερ
2815 1555 2910 1588 αυτ
2989 1553 3051 1588 το
3108 1553 3220 1587 ε.να
3301 1553 3435 1599 εστι,
3465 1552 3555 1586 και
3622 1552 3660 1586 π
3704 1552 3779 1592 ως

2126 1623 2223 1676 ὅσα
2279 1621 2412 1676 sic-iv
2470 1621 2662 1696 ἀγαθὰ,
2693 1623 2784 1677 καὶ
2843 1621 2918 1684 ὠς
2980 1619 3343 1695 ὑπερπλήρης
3403 1620 3634 1691 τούτων,
3686 1640 3782 1692 με-

2127 1709 2268 1774 θύων
2330 1710 2565 1788 λέγεται,
2599 1711 2688 1766 καὶ
2746 1711 2820 1774 ὠς
2877 1710 3032 1774 αὖθις
3081 1707 3182 1782 ἔξω
3229 1711 3319 1765 xui
3369 1709 3616 1766 ἐπέκεινα
3670 1713 3781 1764 τῶν

2124 1799 2390 1854 τοιούτων
2445 1802 2658 1876 ἀγαθῶν
2718 1801 3108 1874 ἀνῳκισμένος,
3155 1797 3456 1870 ἐξεστηκὼς
3518 1797 3730 1874 λέγεται
3768 1817 3782 1830 ⁸

360 1891 505 1964 quin
539 1891 782 1948 verbum
817 1891 1146 1963 quamlibet
1192 1889 1420 1963 placide
1448 1895 1506 1947 et
1537 1890 1853 1946 clementer
1883 1907 2015 1960 pro-

2131 1889 2288 1965 ὁγὰρ
2349 1889 2561 1961 ἐκστὰς,
2597 1886 2697 1960 ἔξω
2749 1888 2964 1944 πάντων
3014 1889 3240 1964 γίνεται,
3274 1887 3364 1943 καὶ
3423 1885 3577 1942 οὐδὲν
3638 1885 3783 1942 οἶδεν

2167 1974 2191 1988 .,
2322 1983 2346 1988 _
2447 1975 2471 1988 .,
2709 1976 2733 1988 .,
2860 1983 2886 1988 _
3023 1979 3042 1988 -
3182 1978 3192 1988 ,
3364 1975 3432 1988 _.
3559 1981 3584 1988 _
3681 1971 3731 1988 υ-

363 1981 575 2050 latum,
634 1980 980 2052 plerumque
1054 1980 1289 2051 accipit,
1347 1981 1517 2050 quasi
1574 1980 2020 2035 comminatorie

365 2069 613 2126 dictum.
631 2071 708 2125 Ad
725 2071 999 2125 eumdem
1025 2069 1293 2135 modum,
1308 2069 1407 2139 qui
1423 2069 1747 2125 secundum
1761 2069 2018 2124 animam

367 2157 628 2231 pusillus
687 2157 880 2214 adhuc
943 2163 1054 2224 est,
1087 2158 1265 2213 habet
1293 2158 1553 2229 profecto
1586 2158 1635 2212 is
1667 2175 1784 2213 suis
1816 2157 2023 2213 anima;

370 2247 642 2303 sensoria
670 2245 1081 2316 inexercitata;
1116 2263 1222 2302 nec
1255 2250 1447 2319 potest
1476 2246 1608 2302 talis
1642 2246 2025 2320 contemplari

376 2353 444 2392 ac
476 2353 547 2391 ne
578 2337 782 2392 audire
812 2337 1051 2408 quidem
1087 2335 1265 2391 ullam
1290 2335 1693 2392 sublimiorem
1717 2337 2024 2407 theoriam,

381 2441 560 2497 quam
613 2425 851 2481 nomine
904 2424 1077 2481 solidi
1137 2425 1251 2479 cibi
1307 2441 1501 2480 sermo
1556 2429 1724 2481 vocat
1770 2425 2026 2481 divinus.

384 2514 634 2570 Proinde
691 2513 977 2586 liquidam
1036 2513 1379 2570 alimoniam
1439 2531 1646 2569 rursus
1677 2514 2027 2570 crediderim

385 2604 569 2675 accipi
600 2604 810 2659 debere
842 2619 945 2675 pro
974 2603 1297 2676 composito
1320 2605 1686 2676 ﬁgurataque
1707 2603 2029 2676 signo.Hoc

374 2693 533 2750 enim
583 2697 672 2749 est
730 2695 883 2764 quod
944 2694 1297 2749 subauditur
1350 2699 1450 2761 τῆς
1510 2690 1833 2767 διαχυτικῆς
1874 2691 2026 2768 ἐπιρ-

380 2780 533 2857 ῥοῆς,
567 2782 624 2838 id
675 2787 786 2850 est,
817 2782 1094 2854 diffusivae
1140 2784 1496 2841 inundantia
1552 2784 1671 2840 sive
1727 2784 1976 2857 inﬂuxus
2007 2802 2026 2838 :

377 2871 651 2928 videlicet
670 2873 944 2928 doctrinae
968 2889 1094 2943 quae
1122 2888 1224 2944 per
1245 2874 1410 2945 plura
1432 2877 1489 2928 et
1508 2873 2022 2929 dividuainstruit.

369 2962 571 3034 Neque
601 2960 757 3016 enim
789 2977 906 3016 uno
933 2978 1000 3017 ac
1032 2961 1286 3032 simplici
1321 2963 1517 3029 modo,
1540 2963 1638 3017 sed
1675 2962 2026 3017 multiformi

363 3050 641 3122 varioque
671 3051 907 3105 edoctos
933 3049 1094 3120 prius
1125 3051 1413 3122 contingit
1433 3051 1503 3105 ad
1530 3051 1842 3121 perfectam
1865 3050 2024 3105 illam

367 3139 469 3194 Dei
501 3138 809 3195 scientiam
859 3140 1231 3210 promoveri;
1267 3139 1516 3211 ideoque
1568 3157 1735 3195 sacra
1791 3138 2024 3212 eloquia

365 3229 503 3299 rori,
537 3227 893 3299 aque,lacti,
925 3229 1060 3283 vino
1093 3234 1270 3302 atque
1302 3229 1448 3284 melli
1483 3228 1773 3285 assimilis
1803 3229 2023 3285 descri-

2132 1974 2254 2033 οὕτε
2281 1983 2388 2033 τῶν
2443 1975 2638 2052 ὄντων,
2671 1976 2795 2034 οὔτε
2822 1983 2929 2033 τῶν
2963 1978 3331 2050 τελουμένων.
3364 1975 3435 2031 Τό
3491 1981 3619 2053 γοῦν
3679 1971 3786 2047 ἔξω

2130 2067 2346 2123 πάντων
2407 2067 2538 2122 εἶναι
2592 2069 2656 2123 τὸ
2713 2073 2856 2132 θεῖον
2914 2067 3050 2122 κατά
3094 2088 3217 2122 τινα
3265 2064 3781 2141 ὑπερανῳκισμένην

2130 2154 2260 2227 ἕξιν,
2289 2155 2388 2227 θίν’,
2421 2156 2595 2219 οὕτως
2642 2156 2800 2229 εἶ’πω,
2859 2158 3063 2231 πρὲπον
3116 2155 3227 2212 ἐστὶ
3275 2160 3354 2228 τῷ
3401 2159 3540 2228 Θεῷ,
3573 2155 3694 2210 καθ’
3723 2156 3790 2223 ἣν

2135 2243 2262 2302 οὐδὲ
2321 2245 2434 2302 οἶδε
2489 2249 2555 2302 τὰ
2613 2243 2740 2302 ὄντα
2885 2243 3015 2301 ὄντα
3063 2245 3220 2319 εἰσὶν,
3253 2243 3382 2300 ἀλλ’
3439 2244 3792 2320 ὑπεροχικῶς

2136 2334 2482 2412 ἐξῃρημένως
2549 2334 2607 2390 ἐκ
2673 2335 2880 2392 τούτων
2940 2336 3283 2412 ὁρμώμενοι,
3338 2335 3429 2389 xui
3485 2335 3554 2390 τὰ
3609 2333 3664 2388 ἐν
3721 2336 3793 2406 τῇ

2141 2424 2392 2502 βασιλείᾳ
2436 2429 2544 2480 τῶν
2587 2425 2828 2501 οὐρανῶν
2877 2422 3068 2480 δεῖπνα
3119 2422 3603 2497 άλληγορήσομεν,
3636 2424 3798 2478 ἅτινα

2137 2513 2456 2590 ἐμφαίνουσι
2487 2515 2675 2584 κοινήν
2731 2534 2851 2568 τινα
2903 2515 2994 2568 xui
3043 2513 3416 2587 ὁμονοητικήν
3469 2516 3578 2567 τῶν
3626 2511 3794 2586 ἁγίων

2137 2604 2448 2672 κοινωνίαν,
2499 2605 2563 2672 ἣν
2625 2601 2712 2658 καὶ
2745 2600 3076 2672 Ἐκκλησίαν
3133 2601 3498 2676 πρωτοτόκων
3543 2600 3710 2678 φησὶν
3768 2602 3798 2655 ὁ

2139 2695 2281 2754 Θεῖος
2315 2693 2654 2754 Ἀπόστολος
2712 2691 2803 2747 καὶ
2858 2693 2958 2760 τήν
3015 2689 3296 2746 ἀνάκλισιν
3330 2690 3626 2745 ἀνάπαυσιν
3682 2694 3797 2744 τῶν

2137 2783 2365 2838 πολλῶν
2422 2783 2680 2855 καμάτων
2716 2777 3065 2858 λογιζόμεθα.
3103 2779 3395 2857 Εὖφραίνει
3453 2777 3511 2834 δὲ
3561 2777 3798 2840 τούτους

2139 2874 2166 2927 ὁ
2200 2873 2395 2946 Σωτὴρ
2428 2875 2590 2944 ἡμῶν
2622 2872 2710 2926 καὶ
2759 2871 3056 2940 Δεσπότης,
3087 2870 3177 2924 καὶ
3229 2868 3524 2940 ἆνακλίνει,
3558 2867 3643 2923 ὅτι
3699 2867 3798 2922 αὖ·

2133 2958 2228 3022 τός
2289 2960 2432 3016 ἰστιν
2491 2959 2663 3022 αῖτιος
2724 2961 2975 3014 ἁπάντων
3021 2963 3129 3013 τῶν
3156 2963 3274 3022 τοῖς
3305 2958 3477 3034 ἁγίοις
3509 2957 3796 3013 ἐναποκει-

2139 3051 2316 3124 μένων
2360 3047 2567 3106 καλῶν,
2602 3048 2676 3103 Σὺ
2732 3047 2790 3104 δὲ
2821 3048 3170 3119 ἐπιζητήσεις
3210 3049 3300 3103 xui
3342 3049 3432 3102 τὸν
3481 3048 3675 3115 ὕπνον,
3700 3045 3795 3101 καὶ

2132 3142 2232 3210 τὴν
2265 3139 2593 3215 ἐγρήγορσιν
2627 3137 2712 3194 ἐπὶ
2745 3142 2881 3194 Θεοῦ
2913 3137 3391 3212 ἆΛληγορηΘῆναι.
3423 3139 3585 3191 ’Ὀταν
3621 3134 3798 3190 ὕπνον

2135 3234 2322 3309 φῶμεν
2352 3227 2556 3301 τοίνυν,
2587 3229 2650 3283 τὸ
2684 3230 2800 3283 οἷον
2829 3227 3295 3303 παραχωρητικὸν
3343 3230 3440 3282 τοῦ
3497 3229 3635 3282 Θεοῦ
3697 3223 3793 3295 δη-

366 3288 628 3385 bun’tur.;
664 3288 1143 3388 quandoquidem
1173 3288 1348 3387 aquei
1398 3316 1644 3388 liquoris
1700 3317 2018 3390 imaginem

2135 3288 2341 3392 λουμεν
2376 3338 2388 3350 ο
2441 3288 2566 3372 6ταῦ
2631 3315 2688 3372 δὶ
2745 3288 3090 3393 ἇγρήγορσιν,
3122 3288 3222 3385 τὴν
3284 3315 3360 3380 εἰς
3415 3316 3478 3370 τὸ
3535 3288 3792 3390 προνοεῖν

367 3408 631 3462 referunt
653 3406 876 3462 omnia.
907 3408 1074 3477 Aqua
1105 3409 1301 3462 autem
1333 3405 1450 3461 vim
1485 3406 1691 3462 sortita
1720 3412 1811 3463 est
1838 3407 2024 3462 vivifi-

369 3494 542 3550 candi
574 3499 632 3550 et
661 3495 1057 3564 fecundandi;
1089 3498 1147 3550 et
1203 3494 1354 3550 288
1402 3495 1509 3550 hac
1557 3496 1764 3566 gratia,
1795 3497 2030 3569 eloquia

374 3599 543 3654 aquae
572 3582 812 3638 nomine
843 3583 1140 3638 dicuntur.
1175 3586 1244 3638 At
1280 3600 1395 3639 non
1429 3584 1582 3639 hanc
1613 3585 1806 3642 solum
1865 3603 2030 3658 aqua:

372 3673 492 3726 vim
523 3672 583 3726 in
616 3687 680 3726 se
708 3671 996 3740 obtinent,
1031 3671 1132 3726 sed
1165 3674 1632 3744 unumquodque
1681 3679 2032 3748 progenerat

366 3761 539 3832 juxta
569 3760 830 3816 innatam
863 3759 977 3815 sibi
1008 3776 1074 3814 ac
1117 3759 1414 3831 propriam
1472 3762 1836 3833 qualitatem,
1870 3768 1935 3818 ut
1963 3780 2032 3821 ea

373 3865 502 3920 quae
535 3848 781 3921 pradita
803 3854 944 3903 sunt
974 3848 1224 3921 augendi
1248 3849 1474 3915 vi,lacti
1499 3851 1882 3923 perhibentur
1901 3869 2030 3908 esse

313 3933 318 3938 ’
369 3937 606 3994 similia.
624 3938 735 3993 Lac
753 3937 1047 4009 siquidem
1080 3942 1137 3994 et
1168 3938 1353 3994 nutrit
1375 3943 1433 3995 et
1455 3939 1725 4012 perducit
1745 3941 1816 3996 ad
1837 3941 2028 3997 incre-

368 4031 652 4083 mentum.
686 4026 815 4081 Pari
849 4027 1043 4093 modo,
1077 4043 1204 4098 quae
1240 4034 1506 4084 recreant
1536 4031 2030 4096 excitantve,vino

365 4115 911 4184 conferuntur;vim
938 4115 1094 4170 enim
1115 4116 1292 4172 habet
1321 4117 1522 4172 vinum
1558 4117 1804 4188 spiritus
1834 4118 2028 4176 vitalis

363 4204 733 4261 excitativam
759 4223 774 4272 ;
799 4205 1006 4259 innata
1025 4204 1183 4260 enim
1207 4204 1292 4260 illi
1318 4204 1406 4260 vis
1425 4210 1516 4260 est
1542 4206 1853 4262 excitativa
1871 4207 2026 4263 calo-

367 4293 471 4348 ris.
487 4292 605 4348 Nec
625 4293 995 4349 dissimiliter
1017 4293 1361 4367 purgatoria
1391 4295 1910 4366 conservativaque
1937 4298 2028 4354 vis

370 4380 728 4448 inestmelli;
754 4385 969 4454 purgat
985 4381 1142 4438 enim
1164 4382 1458 4454 quidquid
1478 4383 1704 4439 saniem
1728 4388 1830 4440 aut
1847 4386 2029 4458 putri-

371 4470 629 4544 laginem
662 4471 898 4542 praefert
929 4470 1255 4527 ulcerosam
1282 4489 1295 4540 ;
1326 4473 1395 4528 ad
1428 4472 1537 4528 hoc
1570 4473 1796 4530 fructus
1825 4476 2027 4531 condi-

369 4562 574 4615 taneos
605 4563 914 4614 conservat
945 4559 1216 4630 injectos.
1249 4560 1380 4616 Haec
1412 4561 1610 4633 itaque
1671 4562 1868 4620 divina
1919 4566 2027 4622 Sa-

2139 3410 2450 3485 προσοχήν.
2485 3405 2560 3460 Σὺ
2617 3404 2675 3460 δὲ
2723 3407 2892 3460 πάλιν
2941 3405 3033 3460 xui
3064 3402 3211 3460 ἄλλα
3253 3405 3529 3474 ζητήσεις.
3566 3404 3662 3458 Διὸ
3708 3400 3803 3458 xui

2137 3497 2386 3573 περιττὸν
2452 3497 2543 3569 μὲν
2606 3493 2906 3565 οῗηθέντες,
2961 3495 3028 3549 τὰ
3084 3493 3220 3549 αὐτᾶ
3267 3492 3806 3564 ἑπανακυκλοῦντες,

2135 3584 2292 3662 ἕτερα
2323 3585 2499 3642 δοκεῖν
2535 3583 2739 3660 λέγειν,
2772 3583 2994 3639 ἐνταῦθα
3045 3585 3316 3657 στήσομεν
3371 3582 3462 3638 τὸν
3522 3589 3625 3651 τῆς
3681 3582 3807 3638 ἐπι-

2139 3675 2340 3744 στολῆς
2393 3673 2583 3749 λόγον,
2639 3670 3050 3734 ἀποδεδωκότες
3124 3671 3201 3736 ὠς
3277 3666 3656 3746 ὑπολαμϐάνω
3710 3672 3807 3726 καί

2137 3763 2389 3833 πλείονα,
2440 3764 2513 3816 ὧν
2564 3761 2616 3816 ἐν
2669 3767 2790 3825 τοῖς
2847 3767 2962 3824 σοῖς
3038 3759 3353 3836 γράμμασιν
3430 3758 3803 3831 ἑπεζήτησας.

2138 3853 2462 3925 Πειθόμενοι
2496 3850 2553 3907 δὲ
2585 3849 2752 3907 πᾶλιν
2789 3853 2918 3925 ὑμῖν
2953 3849 3170 3906 θίλουσι
3219 3847 3342 3924 περὶ
3395 3847 3614 3903 πάντων
3660 3869 3804 3922 μιν-

2139 3943 2331 4013 θάνειν,
2365 3941 2532 4011 αὐτὴν
2591 3939 2728 4011 ὅλην
2785 3941 2889 4010 τὴν
2940 3933 3298 4012 Συμϐολικήν
3332 3933 3620 4011 θεολογίαν
3655 3936 3797 3991 ἀπο-

2138 4028 2461 4103 στέλλομεν,
2509 4030 2626 4084 καθ’
2685 4031 2746 4097 ἣν
2807 4029 3059 4104 εὑρήσεις
3112 4026 3306 4092 πάντα,
3365 4025 3456 4081 καὶ
3513 4026 3637 4102 περί
3690 4032 3794 4094 τῆς

2138 4118 2348 4196 σοφίας,
2379 4118 2469 4174 xui
2526 4117 2650 4194 περὶ
2709 4122 2806 4172 τοῦ
2865 4115 3042 4184 οῖκου,
3091 4115 3182 4170 καὶ
3233 4115 3359 4189 περὶ
3415 4121 3518 4185 τῆς
3578 4117 3790 4188 στερεᾶς

2134 4214 2366 4285 τροφῆς,
2417 4205 2804 4282 διαιρουμένης
2880 4205 2958 4269 εἷς
3027 4202 3221 4278 ἄρτους
3275 4205 3362 4259 xui
3428 4202 3646 4277 θύματα
3701 4200 3797 4257 xui

2135 4298 2260 4372 περὶ
2285 4301 2392 4351 τῶν
2424 4293 2612 4350 ἄλλων
2641 4294 2894 4350 ἁπάντων
2929 4314 2942 4326 °
2988 4291 3101 4349 ἔστι
3143 4293 3242 4370 γὰρ
3290 4293 3355 4348 τὸ
3395 4297 3645 4348 τοιοῦτον
3707 4293 3805 4367 βι-

2137 4382 2294 4442 ϐλίον
2328 4385 2600 4460 εὑρετικὸν
2632 4386 2851 4439 ἁπασῶν
2901 4388 3010 4437 τῶν
3062 4377 3418 4455 συμϐολικῶν
3469 4379 3803 4455 θεολογιῶν,

2137 4475 2225 4531 xui
2258 4477 2581 4550 ὁμοφωνοῦν
2607 4474 2745 4550 πρὸς
2768 4474 2864 4534 τὰς
2896 4472 3044 4547 ἱερὰς
3079 4469 3505 4547 παραδόσεις,’ἆς
3529 4470 3682 4546 παρὰ
3698 4473 3804 4524 τοῦ

2137 4564 2287 4639 ἁγίου
2315 4561 2660 4620 Ἀποστόλου
2690 4561 2779 4616 καὶ
2816 4557 3152 4616 διδασκάλου
3182 4561 3342 4633 ἡμῶν
3375 4553 3802 4633 παρελάϐομεν.

373 4647 598 4719 pientis
630 4648 944 4704 inundanti
976 4664 1046 4704 ex
1077 4665 1140 4704 se
1169 4650 1533 4721 scaturigine
1563 4651 1832 4723 effundit,
1862 4656 2080 4725 quibus
2111 4656 2370 4712 animam
2402 4654 2632 4721 irroret,
2666 4652 3103 4723 clementerque
3133 4653 3427 4722 aspergat.
3460 4650 3801 4705 Secundum

373 4737 499 4793 hac
557 4741 709 4792 Deus
767 4753 831 4794 se
887 4737 1104 4810 dignos
1148 4737 1484 4796 lautissimo
1515 4741 1728 4813 accipit
1758 4745 2041 4801 convivio.
2075 4747 2234 4803 Idem
2294 4760 2529 4816 quoque
2557 4741 2834 4798 inebriari
2893 4739 3200 4808 astruitur,
3260 4740 3477 4812 quippe
3533 4739 3637 4809 qui
3698 4738 3801 4794 his

372 4826 587 4898 plenus
619 4842 750 4882 ese
779 4826 1160 4894 describitur,
1189 4834 1246 4882 et
1275 4843 1560 4899 perquam
1593 4829 1824 4902 plenus.
1859 4833 2100 4889 Interim
2131 4838 2329 4890 tamen
2375 4831 2648 4904 praesenti
2699 4831 2824 4886 loco
2873 4830 3196 4886 notandum
3229 4829 3408 4897 venit,
3443 4827 3584 4900 quia
3631 4827 3798 4882 verbi

363 4915 538 4972 istius
597 4912 829 4988 εὐωχεῖν
881 4919 1142 4987 etymum
1201 4917 1411 4973 beatus
1466 4919 1636 4974 Pater
1684 4919 1910 4976 derivat
1962 4923 2020 4977 al

2131 4922 2150 4975 5
2210 4922 2361 4990 bene,
2393 4919 2701 4989 commode,
2731 4923 2789 4974 et
2846 4912 3017 4991 ἔχειν,
3048 4917 3201 4974 sicut
3251 4921 3309 4973 et
3357 4916 3535 4972 dictio
3594 4913 3792 4985 εὐεξία.

362 5003 437 5059 Ut
465 5004 646 5076 igitur
674 5003 987 5059 hominum
1020 5021 1182 5061 more
1209 5006 1461 5063 ebrietas
1493 5008 1552 5062 in
1585 5009 1844 5079 pejorem
1876 5009 2032 5065 trahi
2066 5009 2216 5067 solet
2246 5010 2604 5082 partem;sic
2633 5009 2964 5064 secundum
2995 5007 3052 5062 id
3077 5007 3231 5079 quod
3265 5007 3651 5079 praestantius
3681 5010 3798 5077 est,

359 5091 421 5148 in
476 5093 613 5150 Deo.
672 5093 838 5150 Unde
895 5095 1095 5150 nostro
1153 5111 1316 5152 more
1372 5095 1677 5168 loquendi,
1737 5097 2061 5156 immodica
2117 5103 2293 5172 potus
2369 5098 2610 5171 repletio
2662 5097 2724 5152 in
2783 5096 3133 5152 deteriorem
3193 5099 3457 5152 sumitur
3513 5098 3798 5166 partem:

357 5184 582 5248 contra,
612 5183 684 5237 de
736 5187 850 5238 Deo
907 5183 1065 5238 dicta
1121 5183 1344 5256 aliquid
1404 5184 1665 5241 declarat
1693 5189 2093 5258 praastantius.
2127 5191 2375 5261 Insuper
2421 5203 2697 5244 excessus
2725 5185 2825 5242 ille
2855 5186 2913 5240 in
2957 5184 3094 5252 Deo,
3127 5185 3198 5240 de
3229 5185 3359 5257 ipso
3392 5199 3497 5257 per
3525 5183 3801 5240 eminen-

357 5268 502 5326 tiam
533 5269 888 5342 praedicatur
916 5287 1100 5345 supra
1130 5289 1309 5345 quam
1337 5275 1671 5345 cogitemus
1704 5279 1808 5331 aut
1837 5276 2262 5351 intelligamus.
2295 5278 2495 5350 Neque
2543 5275 2700 5333 enim
2761 5292 2853 5332 res
2910 5274 3204 5348 agnoscit,
3237 5278 3413 5347 prout
3465 5290 3562 5330 res
3621 5277 3800 5341 sunt;

358 5359 462 5416 sed
486 5359 658 5430 juxta
686 5359 1114 5431 precellentem
1146 5367 1204 5419 et
1233 5379 1412 5435 quam
1442 5363 1704 5420 humana
1735 5365 1834 5434 sit,
1864 5367 2271 5438 angustiorem
2323 5366 2798 5439 intelligentiam.
2831 5365 2938 5420 Sed
2984 5380 3179 5436 neque
3215 5381 3249 5420 a
3279 5363 3546 5435 qualibet
3598 5361 3804 5436 dignis

360 5451 556 5504 mente
584 5448 927 5521 percipitur,
960 5456 1028 5507 ut
1056 5468 1120 5508 se
1149 5456 1314 5508 tanta
1343 5452 1466 5508 hac
1492 5452 1670 5509 habet
1699 5455 2000 5525 majestas.
2033 5457 2322 5521 Quoniam
2354 5457 2594 5528 quidem
2626 5471 2832 5512 omnes
2864 5455 3052 5510 anteit
3090 5453 3312 5526 gradus
3343 5452 3636 5519 essentia,
3670 5453 3795 5508 imo

359 5552 728 5610 quacunque
758 5554 1012 5611 usquam
1057 5540 1214 5597 bona
1245 5546 1386 5598 sunt
1417 5558 1663 5615 prorsus
1694 5546 2137 5617 supergreditur
2170 5563 2184 5600 :
2227 5551 2404 5618 atque
2460 5551 2527 5601 ut
2575 5560 2861 5618 perquam
2920 5543 3132 5615 plenus
3185 5542 3422 5611 horum,
3456 5541 3794 5596 inebriatus

362 5626 580 5684 dicitur
638 5642 786 5684 esse.
813 5627 1063 5700 Rursus,
1096 5632 1253 5702 quod
1311 5635 1474 5690 extra
1531 5632 1710 5690 simul
1741 5638 1799 5690 et
1830 5633 1983 5690 ultra
2029 5635 2236 5693 isthiec
2265 5636 2422 5693 bona
2461 5635 2662 5693 omnia
2713 5633 3064 5707 longissimo
3120 5648 3356 5691 secessu
3392 5631 3552 5688 velut
3581 5634 3791 5687 trans-

435 5756 511 5830 (b)
540 5758 565 5814 Ι
595 5757 722 5815 Cor.
754 5774 877 5826 xm,
913 5757 998 5814 11.
