4108 6390
409 439 525 494 505
1231 442 1697 496 PACHYMERE
1737 440 2246 495 PARAPHRASIS
2282 442 2356 494 IN
2393 443 2552 496 EPP.
2591 445 2651 497 Β.
2692 442 3032 496 DIONYSII.
3738 441 3846 495 506

416 564 730 638 migrarit:
765 562 904 618 hinc
935 562 1153 619 dicitur
1181 565 1528 634 excessisse,
1559 562 1950 620 similitudine
1981 562 2054 616 ab
2084 578 2151 617 eo
2182 563 2382 634 ducta,
2423 565 2579 636 quod
2638 565 2736 636 qui
2797 564 3013 620 exstasi
3070 564 3249 620 semel
3303 564 3635 638 corripitur,
3686 567 3849 621 extra

410 655 618 711 omnia
648 654 736 709 fit.
772 653 826 708 Is
859 652 1015 708 enim
1049 669 1252 709 eorum
1286 671 1413 726 quae
1473 657 1635 723 sunt,
1695 667 1897 724 quaeve
1947 651 2100 706 facta
2141 652 2267 721 jam
2319 657 2479 720 sunt,
2515 653 2660 709 nihil
2693 655 2850 710 novit
2883 653 3145 708 omnino.
3196 655 3586 710 Conveniebat
3632 655 3848 726 quippe

404 743 531 816 ipsi
586 744 723 810 Deo,
771 746 836 796 ut
860 746 1026 797 tanta
1055 741 1158 798 illa
1189 745 1466 814 maiestas
1490 747 1652 799 extra
1681 742 1878 798 omnia
1909 745 2273 796 astrueretur
2300 760 2426 798 esse
2459 745 2783 799 secundum
2817 743 3138 814 quamdam
3172 743 3241 798 ab
3274 745 3552 799 omnibus
3582 744 3844 799 eminen-

407 833 564 889 tiore
597 831 768 888 modo
796 829 1163 902 disparatam
1197 833 1288 904 (ut
1308 833 1393 888 sic
1415 831 1683 904 dixerim)
1716 830 2158 886 habitudinem:
2193 848 2297 902 per
2327 849 2502 904 quam
2538 849 2727 904 neque
2759 833 2914 889 entia
2945 833 3101 888 sicut
3131 833 3288 888 entia
3319 838 3480 905 sunt,
3514 833 3710 902 novit;
3743 834 3842 888 sed

412 920 872 994 pracellentius,
905 919 1209 992 multoque
1241 921 1620 976 eminentius.
1655 921 1754 975 His
1786 921 2025 974 demum
2059 920 2228 975 exciti
2263 925 2436 991 atque
2457 922 2668 978 redditi
2700 921 3031 988 alacriores,
3065 939 3164 978 eas
3194 921 3391 987 etiam,
3420 940 3546 993 quas
3578 922 3634 976 in
3670 921 3845 977 cmlo-

408 1027 548 1066 rum
582 1025 760 1080 regno
802 1015 1228 1082 memorantur,
1253 1010 1556 1066 celebratis
1589 1026 1786 1076 coenae,
1821 1009 1893 1064 ad
1925 1007 2266 1080 allegoriam
2299 1011 2624 1082 trahemus,
2647 1015 2936 1083 quotquot
2958 1011 3076 1067 vice
3098 1011 3322 1083 speculi
3342 1011 3510 1067 nobis
3532 1011 3709 1067 veluti
3741 1011 3842 1065 de-

405 1100 640 1157 lineant
669 1116 983 1155 commune
1014 1098 1160 1154 illud
1196 1104 1536 1156 sanctorum
1569 1115 1923 1171 concorsque
1955 1098 2295 1154 sodalitium
2323 1118 2336 1155 :
2369 1100 2426 1154 id
2452 1101 2604 1170 quod
2629 1101 2882 1156 eximius
2908 1101 3221 1172 Apostolus
3244 1099 3564 1157 Ecclesiam
3588 1099 3848 1172 appellat

402 1188 874 1261 primitivorum.
906 1188 1015 1242 Sed
1049 1193 1105 1243 et
1136 1188 1467 1244 recubitum
1502 1187 1692 1254 illum,
1725 1203 1855 1244 eam
1886 1203 2016 1242 esse
2049 1187 2311 1259 requiem
2346 1205 2656 1244 censemus
2706 1207 2832 1260 quae
2878 1191 3100 1244 sanctis
3144 1189 3443 1257 succedit;
3495 1205 3636 1244 sane
3668 1205 3846 1260 quam

407 1277 619 1334 multis
648 1277 954 1333 laboribus
985 1277 1151 1350 prius
1181 1277 1516 1334 exantlatis.
1553 1279 1694 1334 Mire
1724 1282 1920 1333 autem
1955 1276 2063 1332 hos
2097 1276 2387 1333 exhilarat
2437 1284 2651 1334 nostras
2694 1279 2847 1335 289
2897 1278 3110 1334 salutis
3156 1283 3414 1334 assertor
3451 1282 3508 1334 et
3538 1279 3846 1343 Dominus,

391 1367 689 1440 jubetque
719 1368 1066 1423 accumbere
1091 1385 1104 1422 :
1139 1368 1295 1440 quod
1325 1368 1376 1423 is
1406 1372 1610 1424 auctor
1637 1367 2046 1422 universorum
2075 1366 2171 1436 sit,
2205 1383 2334 1438 quae
2362 1368 2585 1423 sanctis
2611 1369 2867 1440 reposita
2901 1372 3063 1433 sunt,
3090 1368 3402 1423 bonorum.
3459 1366 3603 1423 Dein
3638 1367 3847 1422 scisci-

396 1459 631 1526 tabere,
663 1457 804 1530 quid
840 1473 1109 1524 somnus,
1145 1457 1290 1529 quid
1337 1463 1541 1513 contra
1587 1456 1883 1529 evigilatio
1935 1457 2006 1512 de
2053 1456 2169 1512 Deo
2209 1455 2516 1528 allegorice
2541 1457 2697 1513 dicta
2729 1457 3010 1513 insinuet.
3042 1462 3249 1529 Itaque
3281 1457 3518 1528 quando
3563 1471 3844 1512 somnum

390 1547 688 1615 dicimus,
737 1545 904 1602 illum
951 1545 1223 1603 videlicet
1272 1547 1741 1603 secretissimum
1792 1545 1889 1602 Dei
1940 1544 2312 1602 declaramus
2357 1563 2706 1602 secessum:
2767 1564 2798 1602 e
2851 1547 3102 1614 diverso,
3163 1547 3402 1602 nomine
3453 1545 3845 1618 evigilationis

397 1636 860 1694 subindicamus
918 1639 1210 1692 attentam
1265 1636 1460 1708 ipsius
1520 1641 1698 1708 atque
1756 1634 2104 1708 pervigilem
2163 1652 2388 1705 curam,
2451 1652 2567 1708 qua
2599 1637 2774 1692 rebus
2803 1636 3055 1692 conditis
3087 1635 3282 1691 studio
3313 1652 3432 1690 sum
3462 1634 3842 1706 providentiae

399 1725 693 1784 consulit.
739 1725 848 1780 Sed
897 1729 956 1780 et
1002 1725 1118 1780 alia
1162 1725 1414 1781 subinde
1464 1741 1726 1796 quaerere
1759 1724 1968 1797 possis.
2015 1727 2301 1780 Caeterum
2334 1742 2450 1780 non
2497 1724 2608 1780 hac
2640 1725 2711 1780 de
2739 1742 2800 1781 re
2847 1725 2957 1779 rati
3008 1741 3137 1782 esse
3197 1740 3720 1796 supervacaneum,
3780 1725 3847 1778 ut

406 1814 622 1871 eadem
672 1815 1003 1882 retexendo,
1058 1813 1306 1872 totiesve
1365 1813 1740 1882 inculcando,
1784 1813 1967 1869 videri
2025 1814 2275 1870 velimus
2319 1831 2467 1870 nova
2517 1815 2788 1887 quasdam
2842 1815 3058 1883 dicere,
3118 1814 3214 1870 hic
3274 1815 3518 1870 modum
3570 1811 3848 1886 prasenti

403 1904 792 1976 imponemus
822 1902 1079 1976 epistolae
1105 1921 1118 1959 :
1151 1907 1216 1958 ut
1247 1902 1346 1975 qui
1379 1902 1552 1976 plura
1583 1903 1774 1976 longe,
1807 1919 1986 1974 quam
2021 1908 2137 1960 tuas
2167 1905 2238 1959 ad
2274 1921 2380 1960 nos
2409 1904 2619 1961 litterae
2650 1921 2780 1960 meo
2807 1905 3095 1961 arbitratu
3126 1904 3498 1961 desiderasse
3546 1903 3843 1968 videntur,

398 1993 893 2050 disseruerimus.
929 1993 1176 2049 Proinde
1209 1993 1467 2064 cupienti
1501 1993 1606 2048 tibi
1639 1993 1831 2048 fusius
1861 1993 2092 2049 edoceri
2115 1993 2186 2048 de
2217 1994 2496 2048 omnibus
2529 1993 2622 2049 his
2675 2009 2784 2048 nos
2843 2009 3066 2050 morem
3119 1998 3412 2066 gerentes,
3474 1992 3845 2064 Symbolicam
3917 2056 3920 2058 γ

397 2081 748 2152 theologiam
777 2081 1260 2152 transcribimus,
1294 2082 1394 2137 sed
1427 2085 1485 2136 et
1514 2080 1793 2147 solidam,
1825 2081 1884 2136 in
1919 2097 2038 2152 qua
2066 2081 2331 2138 iuvenies
2363 2081 2621 2137 dilucide
2650 2086 2924 2138 enarrata
2962 2081 3187 2149 omnia,
3236 2099 3362 2153 qua
3412 2082 3482 2136 de
3531 2079 3844 2152 sapientia,

400 2171 480 2226 de
511 2171 708 2235 domo,
741 2170 812 2226 de
837 2169 1026 2226 solido
1058 2170 1186 2226 cibo
1219 2170 1277 2225 in
1311 2187 1492 2243 panes
1524 2187 1592 2226 ac
1623 2169 1890 2225 victimas
1915 2170 2252 2237 distributo,
2286 2171 2477 2242 deque
2509 2171 2566 2226 id
2597 2187 2782 2241 genus
2814 2170 2948 2226 aliis
2981 2171 3039 2225 in
3070 2170 3411 2227 universum
3461 2169 3848 2225 tradebantur

401 2259 744 2316 obscurius.
797 2259 900 2314 Est
937 2259 1096 2313 enim
1145 2257 1383 2314 libellus
1431 2257 1528 2313 hic
1572 2257 1728 2325 talis,
1780 2263 1846 2313 ut
1876 2258 1934 2312 in
1967 2275 2083 2329 quo
2115 2275 2298 2329 queas
2330 2259 2593 2315 invenire
2627 2260 2968 2332 symbolicae
3001 2260 3181 2316 totius
3212 2259 3516 2329 theologia
3548 2258 3844 2314 rationes:

401 2349 512 2419 qui
543 2347 738 2403 verbis
770 2347 1098 2403 etiamnum
1131 2346 1448 2419 Scriptura)
1480 2347 1628 2402 mire
1659 2346 1916 2402 concinit
1934 2347 2108 2418 juxta
2136 2364 2334 2404 sacras
2367 2348 2737 2416 traditiones,
2769 2365 2919 2420 quas
2951 2366 2984 2404 a
3014 2353 3218 2405 sancto
3249 2348 3552 2421 Apostolo,
3584 2345 3842 2404 admira-

399 2435 635 2508 bilique
665 2437 902 2492 doctore
931 2451 1078 2503 meo,
1110 2436 1226 2507 ipsi
1256 2437 1417 2491 velut
1445 2452 1548 2507 per
1567 2452 1781 2492 manus
1813 2436 2170 2508 accepimus.

824 2563 941 2618 ΕΙΣ
974 2563 1120 2617 ΤΗΝ
1151 2561 1567 2618 ΕΠΙΣΤΟΛΗΝ
1599 2564 1653 2618 Γ·

479 2669 544 2725 Ἥ
582 2669 677 2740 μὲν
707 2664 976 2736 ἐπιστολὴ
1018 2667 1138 2740 ἀξια
1189 2674 1292 2737 τῆς
1323 2663 1696 2743 ἀρχαιότητος
1727 2665 1935 2734 ἐκείνης
1964 2673 2066 2736 τῆς

398 2760 562 2833 ἱερᾶς
601 2757 690 2812 καὶ
720 2761 817 2812 τοῦ
851 2759 1118 2831 μαθητοῦ,
1170 2756 1227 2810 ὃν
1257 2755 1444 2830 ἠγάπα
1474 2757 1502 2812 6
1532 2759 1769 2828 Ἰησοῦς,
1799 2758 1898 2825 τήν
1959 2759 2066 2831 χά-

401 2867 495 2923 ριν
547 2843 996 2921 ἀπαγγέλλουσα.
1053 2851 1204 2900 ’Έστι
1255 2843 1312 2900 δὶ
1361 2841 1698 2918 συμϐάλλειν
1740 2844 1800 2900 εκ
1827 2852 1928 2915 τῆς
1957 2843 2069 2900 ἐπι-

399 2935 618 3006 στολῆς
655 2933 880 3006 ταύτης,
927 2933 1018 2988 καὶ
1069 2933 1129 2988 ἕκ
1157 2941 1258 3003 τῆς
1289 2934 1424 3008 πρὸς
1473 2934 1567 2988 τὸν
1600 2932 1748 3008 ἅγιον
1782 2933 2065 3010 Πολύχαρ-

396 3046 510 3080 πον
545 3021 793 3098 ἑϐδόμης
825 3021 1011 3094 οὔσης,
1065 3024 1199 3078 εἶναι
1258 3024 1349 3078 τὸν
1413 3027 1584 3098 μέγαν
1619 3022 1919 3095 Διονύσιον,
1979 3023 2068 3079 ὅτε

397 3119 580 3170 ταῦτα
609 3109 857 3189 ἔγραψεν,
924 3112 1059 3168 ἐτῶν
1105 3111 1230 3186 περί
1285 3133 1391 3167 που
1449 3112 1820 3184 ἐννενήκοντα·
1882 3112 1934 3168 ἐν
1971 3114 2063 3186 μὲν

397 3203 510 3280 γὰρ
543 3206 612 3277 τῇ
643 3203 782 3278 πρὸς
811 3203 901 3257 τὸν
931 3199 1087 3276 ἅγιον
1133 3199 1497 3277 Πολύκαρπόν
1530 3222 1716 3277 φησιν,
1777 3200 1859 3256 ὅτι
1920 3200 1970 3255 ἰν
1998 3204 2066 3266 τῆ

394 3292 525 3348 κατ’
555 3289 828 3367 Αἴγυπτον
879 3287 1235 3345 Ἡλιουπόλει
1283 3287 1504 3366 διάγων,
1539 3288 1790 3353 ἐθεὸίσατο
1821 3291 1919 3359 τὴν
1979 3289 2066 3344 ἒπὶ

395 3385 486 3453 τῷ
534 3378 794 3455 σωτηρίῳ
837 3383 1054 3454 σταυρῷ
1101 3377 1403 3453 γενομένην
1451 3382 1550 3432 τοῦ
1580 3377 1745 3447 ἡλίου
1803 3374 2065 3451 ἔκλειψιν,

396 3469 543 3546 ὅπερ
575 3468 787 3545 γέγονεν
849 3467 900 3523 ἐν
956 3472 1037 3540 τῷ
1089 3465 1541 3540 ὀκτωκαιδεκάτῳ
1589 3465 1696 3522 ἔτει
1732 3474 1834 3538 τῆς
1904 3462 2067 3524 Τιϐε-

401 3558 534 3635 ρίου
571 3556 871 3634 βασιλείας·
931 3561 1010 3627 τῷ
1064 3555 1165 3632 γὰρ
1209 3554 1670 3629 πεντεκαιδεκάτῳ
1703 3550 1807 3611 ἔτει
1865 3555 2068 3631 ἤρξατο

397 3653 507 3704 τοῦ
538 3646 897 3724 κηρύγματος
929 3647 956 3700 6
981 3645 1183 3721 Κύριος
1211 3648 1372 3718 ἡμῶν
1420 3647 1637 3716 Ἰησοῦς
1679 3645 1932 3722 Χριστὸς,
1991 3647 2068 3708 ὡς

395 3737 456 3793 ἐν
489 3742 571 3809 τῷ
601 3736 738 3792 κατᾶ
783 3741 994 3791 Λουκᾶν
1053 3733 1320 3806 δηλοῦται
1361 3734 1492 3807 θείῳ
1525 3734 1867 3810 Εὐαγγελίῳ.
1928 3737 2070 3800 Τρία

409 3825 464 3882 δ’
521 3822 616 3897 ἔτη
653 3830 770 3898 μετ’
801 3825 1004 3901 ὀλίγων
1030 3825 1118 3880 καὶ
1154 3828 1346 3898 μηνῶν
1375 3823 1636 3899 κηρύξας,
1697 3825 1833 3879 ἑκὼν
1864 3825 2069 3899 πάσχει

2097 2565 2154 2632 Α

2712 2565 2784 2620 ΙΝ
2814 2564 3210 2621 EPISTOLAM
3241 2564 3308 2619 X.

2250 2669 2512 2741 Epistola
2538 2670 2658 2725 hec
2688 2675 2894 2726 sancta
2927 2672 3022 2726 illa
3056 2671 3408 2743 antiquitate
3441 2687 3576 2726 cum
3626 2669 3836 2742 primis

2179 2759 2483 2830 digna,sed
2501 2775 2689 2831 neque
2711 2759 3017 2832 indignam
3042 2777 3148 2831 par
3163 2765 3252 2815 est
3271 2759 3496 2815 censeri
3519 2758 3833 2830 discipulo,

2178 2864 2354 2919 quem
2379 2863 2726 2919 magnopere
2758 2848 3042 2919 diligebat
3070 2848 3264 2918 Jesus,
3300 2848 3518 2920 quippe
3549 2863 3676 2918 quae
3707 2863 3836 2918 gra-

2178 2937 2322 2993 tiam
2354 2937 2411 2992 in
2447 2953 2761 2994 commune
2793 2939 3149 3008 pronuntiet.
3182 2939 3342 3003 Quod
3367 2943 3563 2994 autem
3587 2937 3834 2993 eximius

2178 3026 2284 3095 δῖοί
2304 3026 2616 3098 Dionysius
2645 3043 2934 3082 annorum
2968 3027 3154 3083 astatis
3204 3027 3379 3082 fuerit
3410 3026 3835 3099 propemodum

2177 3112 2532 3188 nonaginta,
2578 3117 2812 3186 quando
2869 3117 3018 3172 hanc
3075 3115 3313 3189 scripsit
3354 3114 3665 3188 epistolam
3695 3157 3710 3180 ,
3765 3131 3835 3169 ex

2178 3204 2286 3261 hac
2319 3206 2446 3276 ipsa
2493 3205 2662 3261 liceat
2721 3207 3120 3276 conjecturam
3150 3222 3397 3278 capere;
3450 3222 3519 3260 ex
3569 3221 3638 3260 ea
3667 3205 3833 3273 item,

2179 3311 2308 3366 quas
2341 3295 2411 3349 ad
2434 3299 2700 3350 sanctum
2727 3295 3108 3367 Polycarpum
3129 3295 3333 3351 ordine
3353 3294 3698 3366 septima.In
3722 3293 3832 3348 hac

2179 3385 2466 3456 siquidem
2498 3387 2567 3441 ad
2612 3390 2878 3441 sanctum
2915 3386 3281 3458 Policarpum
3318 3385 3529 3441 asserit
3559 3402 3644 3450 se,
3695 3401 3830 3440 cum

2179 3475 2237 3528 in
2281 3474 2564 3546 Heliopoli
2616 3476 2846 3548 Egypti
2888 3476 3142 3547 degeret,
3177 3475 3547 3548 perspexisse
3579 3473 3831 3530 solarem

2180 3563 2340 3618 illam
2369 3564 2640 3636 eclipsin,
2673 3582 2788 3636 quo
2819 3569 3082 3638 tempore
3104 3566 3390 3620 Dominus
3411 3565 3584 3620 Jesus
3606 3581 3640 3620 a
3668 3563 3831 3619 salu-

2178 3652 2289 3706 tari
2321 3668 2494 3708 cruce
2516 3655 2842 3725 pendebat:
2880 3655 3035 3726 quod
3063 3654 3397 3726 prodigium
3430 3653 3639 3708 incidit
3660 3653 3718 3707 in
3734 3669 3832 3708 an-

2180 3758 2323 3796 num
2357 3743 2519 3814 regni
2573 3743 2788 3798 Tiberii
2823 3748 3095 3799 octavum
3135 3748 3191 3797 et
3223 3744 3543 3799 decimum.
3577 3742 3832 3798 Exorsus

2179 3831 2334 3886 enim
2369 3835 2460 3887 est
2487 3831 2678 3887 lucem
2701 3832 2999 3888 effundere
3029 3849 3147 3888 suae
3178 3831 3609 3904 pradicationis
3641 3831 3834 3887 Domi-

401 3919 433 3973 6
469 3916 749 3986 Δεσπότης
798 3915 1031 4003 Χριστᾼὸς
1081 3915 1170 3970 καὶ
1223 3916 1351 3976 Θεὸς
1383 3917 1564 4003 ἡμων,
1593 3913 1669 3975 ὡς
1728 3915 1861 3969 εἶναι
1907 3909 2065 3970 Τιϐε-

2181 3937 2292 3976 nus
2325 3925 2524 3976 noster
2550 3922 2726 3977 Jesus
2749 3922 3020 3978 Christus
3042 3938 3196 3977 anno
3219 3922 3394 3977 istius
3417 3920 3632 3976 Tiberii
3655 3920 3830 3991 quin-

401 4007 533 4083 ρίου
569 4007 640 4076 ιη’
685 4005 824 4069 ἔτος.
885 3999 1235 4061 Έϐασίλευσε
1285 4000 1343 4058 δὲ
1391 3999 1650 4079 Τιϐέριος
1682 4003 1822 4081 ἀμφὶ
1870 4003 1936 4058 τὰ
1991 4010 2069 4079 κγ’

403 4094 532 4166 ἔτη,
575 4095 651 4155 ὡς
683 4095 815 4149 εἶναι
847 4093 954 4148 ἀπὸ
1005 4089 1101 4148 τοῦ
1153 4091 1427 4167 σωτηρίου
1477 4095 1690 4157 πάθους
1739 4092 1844 4156 ’ἐως
1887 4090 2072 4148 τελευ-

397 4193 510 4254 τῆς
560 4179 809 4259 Τιϐερίου
841 4177 933 4254 ἔτη
971 4183 1038 4246 ς’.
1077 4181 1374 4253 Ἐξωρίσθη
1424 4179 1481 4237 δὲ
1530 4183 1558 4237 6
1607 4183 1759 4259 ἅγιος
1810 4181 2070 4237 ’Δπόστο-

399 4275 510 4336 λος
539 4273 630 4327 καὶ
665 4271 1072 4349 Εὖαγγελιστὴς
1113 4270 1372 4339 ’ίωόίννης
1405 4269 1455 4324 ἐν
1500 4271 1710 4344 Πάτμῳ
1764 4273 1832 4344 τῇ
1891 4271 2066 4342 νήσῳ,

404 4363 536 4431 ἥτις
564 4360 676 4416 ἐστὶ
733 4362 831 4434 μία
872 4365 980 4414 τῶν
1029 4357 1326 4413 Κυκλάδων
1367 4361 1572 4428 νήσων,
1634 4358 1759 4435 περὶ
1789 4360 1852 4414 τὸ
1881 4356 2068 4414 τελευ-

398 4457 563 4507 ταῖον
597 4448 718 4512 ἔτος
766 4455 866 4518 τῆς
908 4451 1240 4521 Δομετιανοῦ
1293 4445 1592 4522 βασιλείας·
1639 4444 1954 4504 ἐϐασίλευσε
2012 4446 2069 4502 δὲ

403 4540 573 4602 οὗτος
621 4536 713 4609 ἔτη
751 4539 830 4608 ιε’,
859 4538 947 4592 καὶ
1001 4543 1178 4608 μῆνας
1227 4537 1283 4592 ε’.
1337 4534 1664 4610 Συνάγονται
1715 4534 1771 4591 δὲ
1819 4537 1926 4591 άπὸ
1970 4541 2068 4592 τοῦ

399 4636 482 4701 ιη’
533 4622 685 4690 ἔτους
728 4622 1009 4698 Τιϐερίου,
1041 4627 1131 4681 ὅτε
1160 4627 1194 4695 ἡ
1238 4622 1481 4700 ἔκλειψις
1523 4628 1766 4700 γέγονεν,
1809 4623 1914 4690 ἕως
1964 4633 2066 4696 τῆς

393 4717 667 4786 τελευτῆς
699 4719 1054 4789 Δομετιανοῦ,
1103 4712 1196 4785 ἔτη
1231 4713 1303 4788 ξδ’
1353 4715 1476 4788 περί
1506 4737 1612 4770 που
1656 4715 1744 4769 καὶ
1800 4723 1968 4788 μῆνες
2004 4717 2063 4784 ζ’.

391 4807 766 4880 ’Υποθώμεθα
799 4803 857 4860 δὲ
898 4803 988 4859 καὶ
1037 4805 1128 4858 τὸν
1173 4806 1317 4858 θεῖον
1369 4803 1670 4872 Διονύσιυν,
1722 4803 1811 4859 ὅτε
1856 4805 1923 4858 τὰ
1977 4803 2064 4859 ἐπὶ

389 4901 478 4969 τῷ
537 4900 754 4970 σταυρῷ
810 4899 908 4949 τοῦ
961 4894 1167 4951 Κυοίου
1223 4891 1380 4963 εἶδεν,
1441 4895 1574 4949 εἶναι
1631 4894 1764 4949 ἐτῶν
1825 4896 1920 4962 κε’,
1976 4896 2066 4949 ἅτε

393 4990 581 5060 οἶμαι,
637 4986 730 5040 καὶ
786 4982 867 5039 ἔτι
917 4983 1386 5058 ἀναγινώσκοντα,
1455 4984 1530 5046 ὡς
1582 4984 1713 5039 εἶναι
1760 4985 1828 5039 τὰ
1892 4983 2067 5040 πάντα

391 5076 541 5153 ἀμφὶ
569 5075 638 5130 τὰ
768 5070 864 5144 ἔτη
915 5075 1049 5146 (48).
1098 5073 1388 5145 Μᾶμνηται
1421 5070 1479 5128 δὶ
1510 5077 1612 5138 τῆς
1653 5073 1741 5128 ἐπὶ
1771 5077 1867 5128 τοῦ
1899 5083 2068 5146 Δομε-

387 5167 588 5221 τιανοῦ
617 5161 826 5237 ἐξορίας
853 5165 952 5216 τοῦ
1011 5160 1319 5236 ἀγιωτάτου
1357 5163 1611 5218 Ἰωάννου
1656 5163 1748 5216 καὶ
1804 5162 2066 5238 θεολόγοι)

386 5252 488 5311 καὶ
551 5251 846 5326 Εἰρηναῖος
891 5249 949 5304 εν
1002 5247 1083 5322 τῷ
1143 5249 1316 5324 τρίτῳ
1367 5251 1457 5304 καὶ
1505 5251 1741 5325 πέμπτῳ
1773 5249 1922 5327 λόγῳ
1950 5255 2060 5308 τῶν

388 5345 542 5402 Κατὸ
604 5343 888 5417 αἱρέσεων,
949 5340 1044 5396 καὶ
1103 5342 1346 5414 Κλήμης
1408 5342 1435 5396 6
1484 5339 1868 5418 Ἀλεξανδρεὺς
1899 5340 1952 5397 ἐν
1983 5347 2060 5414 τῷ

390 5432 555 5507 λόγῳ
585 5435 666 5504 τῷ
695 5429 819 5506 περὶ
878 5434 996 5498 τοῦ,
1057 5430 1157 5490 Τίς
1213 5430 1240 5483 6
1300 5430 1610 5504 σωζόμενος
1660 5430 1946 5492 πλούσιος·
2008 5430 2059 5486 ἐν

389 5523 442 5596 ᾧ
493 5520 585 5576 καὶ
631 5519 756 5593 περὶ
813 5523 910 5574 τοῦ
960 5517 1253 5594 γεγονότος
1301 5518 1622 5594 Λῃστάρχου
1669 5518 1832 5595 λέγει.
1897 5517 2056 5577 Οὕτω

388 5607 741 5684 πληροῦνται
771 5601 1030 5682 Τιϐερίου
1076 5607 1143 5662 τὰ
1196 5605 1475 5678 λείποντα,
1533 5607 1718 5679 Γαίου,
1754 5606 2051 5682 Κλαυδίου,

469 5771 542 5847 (ο)
573 5771 708 5844 Cap.
742 5786 828 5838 ιιι,
860 5769 914 5825 l.

2178 4013 2235 4064 to
2267 4014 2324 4064 et
2355 4009 2602 4076 decimo,
2637 4011 3136 4081 quemadmodum
3160 4009 3538 4082 Evangelium
3565 4010 3731 4065 Luem
3753 4009 3829 4080 (ο)

2177 4097 2350 4168 plane
2379 4097 2644 4153 divinum
2677 4099 2952 4154 declarat.
2986 4100 3202 4155 Tribus
3235 4105 3429 4154 autem
3483 4099 3655 4153 annis
3707 4115 3828 4154 una

2176 4202 2312 4241 cum
2345 4187 2638 4242 mensium
2672 4187 2896 4260 aliquot
2927 4189 3282 4255 accessione,
3318 4189 3418 4242 ubi
3459 4187 3828 4259 praedicatio—

2178 4275 2269 4330 nis
2303 4293 2545 4331 munere
2577 4277 2921 4348 perfunctus
2954 4282 3060 4346 est,
3103 4277 3408 4332 ultroneus
3451 4277 3604 4332 290
3636 4293 3697 4332 se
3739 4276 3829 4331 ot-

2177 4367 2290 4421 fert
2320 4365 2578 4437 passioni
2615 4367 2896 4440 Dominus
2949 4367 3128 4421 simul
3159 4372 3217 4422 et
3247 4367 3398 4422 Deus
3427 4371 3628 4422 noster
3655 4369 3828 4421 Jesus

2176 4455 2469 4520 Christus,
2502 4455 2732 4510 circiter
2771 4471 2990 4510 annum
3025 4455 3245 4510 Tiberii
3278 4459 3546 4511 octavum
3580 4459 3638 4510 et
3667 4455 3828 4510 deci-

2177 4543 2655 4615 mum.Regnavit
2681 4549 2876 4598 autem
2902 4543 3174 4598 Tiberius
3197 4543 3367 4598 annis
3399 4543 3824 4615 propemodum

2176 4634 2366 4688 tribus
2399 4638 2455 4688 et
2477 4632 2704 4703 viginti,
2739 4631 2824 4686 sic
2857 4636 2986 4690 uta
3027 4631 3273 4687 salutari
3304 4631 3517 4686 Christi
3551 4631 3827 4702 passione

2176 4725 2244 4779 ad
2281 4723 2500 4777 exitum
2534 4738 2722 4791 usque
2749 4721 2964 4777 Tiberii
2989 4721 3123 4775 anni
3149 4719 3602 4775 sexintermedii
3624 4735 3827 4775 nume-

2175 4817 2398 4868 rentur.
2431 4811 2682 4866 Proinde
2708 4816 2948 4866 sanctus
2982 4809 3077 4864 hic
3109 4809 3411 4881 apostolus
3443 4813 3500 4864 et
3528 4809 3827 4880 evangeli-

2175 4907 2263 4958 sta
2294 4901 2552 4957 Joannes
2602 4899 2904 4970 ablegatus
2952 4898 3153 4955 exsilio
3193 4902 3283 4954 est
3310 4897 3369 4952 in
3403 4896 3659 4953 insulam
3693 4901 3825 4952 Pat-

2175 5007 2334 5055 mon,
2369 5006 2496 5060 quea
2522 4988 2840 5060 Cycladum
2874 5005 2990 5042 una
3021 4994 3129 5057 est,
3162 4987 3272 5042 sub
3303 4992 3630 5042 extremum
3660 4985 3824 5058 regni

2173 5078 2486 5135 Domitiani
2513 5076 3044 5148 annum.Begnavit
3074 5081 3271 5131 autem
3305 5075 3362 5130 in
3388 5074 3558 5130 annis
3583 5074 3824 5145 quinde-

2175 5167 2309 5235 cim,
2343 5167 2646 5222 mensibus
2677 5167 2816 5220 item
2850 5165 3128 5238 quinque.
3153 5164 3236 5220 Ab
3258 5180 3412 5220 anno
3429 5163 3822 5219 Tiberiiocta-

2173 5273 2241 5311 vo
2271 5263 2327 5310 et
2372 5257 2620 5325 decimo,
2672 5271 2787 5327 quo
2831 5254 3058 5309 celebre
3115 5253 3262 5307 illud
3313 5251 3453 5308 solis
3499 5251 3822 5322 deliquium

2173 5345 2443 5416 contigit,
2476 5345 2545 5399 ad
2573 5349 2818 5400 mortem
2845 5359 3031 5414 usque
3052 5341 3388 5412 Domitiani,
3413 5341 3675 5397 recensio
3705 5341 3825 5398 col-

2168 5435 2376 5507 ligitur
2406 5433 2862 5503 annorum,plus
2896 5432 3097 5486 minus
3130 5435 3384 5502 quatuor
3413 5436 3472 5486 et
3500 5431 3825 5502 sexaginta,

2167 5523 2461 5580 mensium
2495 5538 2726 5593 quoque
2757 5520 3429 5593 septem.Supponamus
3450 5519 3607 5575 enim
3631 5518 3822 5575 admi-

2167 5610 2408 5667 rabilem
2431 5611 2587 5666 hunc
2608 5610 2974 5681 Dionysium,
3004 5609 3240 5682 quando
3262 5608 3532 5682 prodigia
3559 5608 3816 5678 ejusmo-
