4108 6384
346 355 452 412 507

1181 359 1547 414 APPENDIX
1584 360 1682 413 AD
1720 359 1963 415 OPEBA
1997 357 2056 411 Β.
2096 357 2411 417 DIONYSII
2453 363 2954 421 AREOPAGITE.

3655 361 3760 419 508

351 482 433 550 di,
470 481 714 538 Domino
744 482 900 538 cruci
932 481 1126 550 affixo,
1160 482 1473 555 perspexit,
1507 499 1792 540 annorum
1817 481 1999 538 fuisse

2117 479 2386 558 Νᾶρωνος,
2445 486 2895 555 Οὐεσπασιανοῦ,
2956 486 3136 555 Τίτου,
3199 490 3553 560 Δομετιανοῦ.
3609 489 3762 563 Λέγει

351 571 561 644 viginti
593 570 874 643 quinque,
907 572 1408 642 quemadmodum
1443 589 1536 628 me
1567 572 1760 628 adhuc
1788 571 2001 645 legisse

355 659 628 728 arbitror,
679 659 762 715 sic
807 663 872 715 ut
903 676 1108 716 omnes
1141 661 1277 716 anni
1309 661 1524 716 fuerint
1555 661 1788 716 circiter
1814 677 1998 716 nona-

344 749 798 821 ginta.Meminit
826 750 1006 820 hujus
1029 749 1403 821 relegationis
1437 749 1801 806 sanctissimi
1830 749 2001 806 Joan-

345 838 437 893 nis
469 842 526 892 et
576 836 852 907 theologi,
906 839 1232 910 imperante
1285 837 1618 894 Domitiano
1667 840 1848 894 factae.
1884 840 1997 893 Ire-

344 944 508 984 nzeus
564 927 624 982 in
675 927 844 984 tertio
893 932 951 983 et
1000 927 1205 998 quinto
1245 926 1416 982 libris
1448 928 1712 983 Adversus
1743 929 1994 983 haereses.

339 1017 609 1073 Clemens
640 1017 779 1072 item
813 1017 1244 1072 Alexandrinus
1278 1017 1336 1072 in
1370 1033 1436 1072 eo
1468 1019 1761 1089 opere,cui
1794 1017 1998 1072 inscri-

336 1107 462 1179 ptio
494 1111 614 1162 est:
655 1108 786 1175 Qui:
816 1106 964 1161 dives
995 1123 1122 1162 cum
1152 1107 1244 1177 sit,
1273 1109 1443 1178 possit
1490 1107 1678 1162 salvus
1725 1108 1887 1178 ﬁeri;
1934 1106 1994 1160 in

335 1212 456 1268 quo
488 1196 558 1252 de
591 1195 702 1252 isto
729 1195 1069 1267 praedonum
1097 1195 1564 1268 sicariorumque
1584 1197 1844 1269 principe
1875 1197 1994 1252 vio-

333 1285 492 1341 lento
524 1303 638 1340 non
675 1301 865 1356 pauca
897 1285 1195 1340 edisserit.
1237 1287 1428 1358 Atque
1462 1286 1538 1341 ita
1569 1285 1668 1357 qui
1701 1303 1734 1340 a
1763 1286 1994 1342 Tiberio

337 1375 475 1430 anni
508 1374 790 1442 resident,
828 1374 1182 1448 supplentur
1212 1391 1314 1447 per
1345 1376 1800 1431 intercurrentes
1832 1375 1995 1446 prin-

335 1463 495 1538 cipes
540 1464 751 1520 Gaium
794 1464 946 1534 dico,
981 1463 1312 1534 Claudium,
1343 1465 1655 1531 Neronem,
1683 1464 1996 1536 Vespasia-

337 1569 503 1621 num,
536 1553 757 1621 Titum,
793 1553 1214 1608 Domitianum.
1247 1553 1401 1608 Dicit
1422 1553 1603 1626 igitur
1632 1557 1803 1609 Pater
1821 1553 1917 1608 hic
1938 1554 1993 1608 S.

332 1641 545 1699 Joanni
567 1641 995 1714 Theologo,ubi
1021 1643 1281 1714 primum
1307 1658 1409 1714 per
1429 1642 1784 1714 scripturam
1802 1642 1996 1698 verbis

331 1745 467 1789 eum
501 1730 877 1788 salutationis
907 1730 1246 1804 appellavit.
1305 1731 1453 1796 Quid
1486 1731 1874 1788 admiratione
1904 1732 1994 1786 di-

334 1837 538 1894 gnum,
574 1819 620 1876 si
651 1820 943 1891 Christus,
976 1821 1133 1893 quod
1165 1837 1370 1876 verum
1416 1825 1505 1876 est
1555 1819 1888 1893 eloquitur:
1941 1824 1998 1876 et

334 1913 770 1982 persequuntur
796 1907 986 1981 iniqui
1013 1913 1249 1965 sanctos
1263 1910 1291 1964 ?
1311 1913 1386 1965 At
1403 1908 1462 1964 hi
1491 1910 1705 1982 seipsis
1729 1924 1996 1983 peraque

337 2015 403 2054 ac
448 1998 671 2055 sanctis
724 1999 907 2070 digna
953 2003 1187 2071 gerunt.
1243 1999 1468 2072 Seipsis
1521 1998 1788 2071 quidem,
1839 1999 1995 2072 quod

339 2092 685 2143 sanctorum
711 2104 1096 2160 congressum
1133 2104 1378 2160 prorsus
1410 2088 1531 2144 sint
1561 2087 1832 2160 indigni,
1865 2105 1998 2144 san-

338 2178 447 2232 ctis
480 2180 699 2244 autem,
733 2176 888 2248 quod
920 2175 1028 2231 hac
1073 2177 1298 2232 ratione
1347 2177 1723 2249 provideatur
1753 2181 1836 2244 ut,
1871 2193 1997 2248 qua:

336 2271 542 2323 sancta
573 2269 734 2332 sunt,
789 2267 1137 2321 intemerata
1180 2270 1486 2322 serventur
1516 2267 1588 2322 ab
1621 2266 1856 2321 illorum
1889 2267 1996 2321 im-

334 2372 484 2429 pura
527 2354 964 2411 communione.
1000 2354 1204 2411 Isthmo
1234 2355 1388 2411 enim
1423 2355 1680 2411 visibilia
1709 2356 1998 2428 imagines

337 2459 628 2516 expressae
660 2449 801 2499 sunt
832 2442 1240 2500 invisibilium.
1260 2443 1507 2500 Etiamsi
1539 2443 1600 2499 in
1624 2448 1997 2500 sacrosancto

337 2531 648 2605 Evangelio
682 2532 916 2588 recitari
960 2532 1314 2589 audiamus:
1367 2535 1432 2589 Et
1478 2534 1764 2605 separabit
1813 2549 1901 2589 eos
1930 2534 1998 2588 ab

337 2624 575 2678 invicem
619 2622 697 2694 (ά)
747 2638 863 2677 non
923 2623 1200 2678 continuo
1243 2621 1399 2679 credi
1433 2624 1608 2679 debet
1637 2623 1794 2679 Deus
1825 2623 1999 2680 istius

340 2715 545 2767 auctor
574 2727 704 2767 esse
735 2710 1125 2784 separationis
1186 2729 1221 2767 a
1265 2713 1694 2784 peccatoribus,
1765 2713 1865 2784 qui
1924 2713 1995 2767 ad

343 2800 646 2857 sinistram
680 2801 1077 2857 constituendi
1126 2805 1298 2856 sunt:
1333 2802 1528 2858 verius
1558 2802 1614 2857 hi
1651 2801 1764 2856 sibi
1797 2805 1994 2857 aucto-

345 2906 436 2947 res
467 2894 608 2945 sunt
637 2891 766 2960 ejus
799 2889 938 2945 mali
971 2894 1327 2962 peccatores,
1359 2891 1579 2962 quippe
1633 2891 1734 2962 qui
1767 2890 1999 2962 seipsos

346 2995 586 3051 prorsus
638 2977 889 3034 ultronei
944 2985 1395 3050 sequestrarunt
1453 2997 1486 3035 a
1534 2980 1632 3036 Dei
1679 2979 1995 3035 consortio.

337 3068 850 3132 Quemadmodum
882 3068 993 3140 ipsi
1023 3067 1170 3124 alios
1202 3069 1621 3141 perspicimus,
1651 3069 1804 3140 quod
1831 3068 1997 3141 probi

339 3157 461 3213 sint
489 3161 783 3212 amatores
816 3173 1014 3212 rerum
1048 3174 1149 3229 per
1179 3174 1240 3212 se
1264 3158 1664 3223 honestarum,
1688 3157 1804 3213 Deo
1825 3157 1996 3214 fami-

2109 576 2238 645 γοῦν
2269 573 2295 627 6
2327 576 2528 650 πατὴρ,
2579 576 2713 651 πρὸς
2763 577 2856 630 τὸν
2890 575 3274 650 εὐαηελιστήν
3311 578 3460 650 ἅγιον
3507 577 3758 646 Ἰωάννην

2107 660 2200 715 τὸν
2231 661 2510 739 θεολόγον,
2566 666 2696 737 μεθὸ
2759 665 3046 740 ἐγγράφως
3107 665 3270 719 αὐτὸν
3331 663 3758 740 προσηγόρευσε·

2107 750 2171 804 Τί
2230 753 2533 824 θαυμαστὸν
2595 752 2639 807 εί
2699 754 2930 820 Χριστὸς
2989 752 3286 823 ἀληθεύει,
3347 752 3437 807 καὶ
3499 749 3759 806 διώκουσι

2104 839 2232 902 τοῦς
2297 842 2487 917 ἁγίους
2547 841 2598 895 οἱ
2656 839 2856 913 ἄδικοι,
2889 841 3052 912 ἀξίως
3111 846 3391 903 ποιοῦντες
3448 845 3609 895 τοῦτο
3669 841 3756 894 καὶ

2107 929 2319 992 ἑαυτοῖς
2366 932 2455 986 καὶ
2492 937 2608 994 τοῖς
2653 931 2869 1007 ἀγίοις;
2913 932 3124 996 ἑαυτοῖς
3177 932 3294 1004 μὲν,
3353 930 3434 985 ὅτι
3469 929 3566 984 οὐκ
3620 927 3762 999 ἄξιοί

2108 1019 2209 1074 είσι
2241 1026 2338 1088 τῆς
2369 1019 2538 1074 αὐτῶν
2575 1019 2819 1093 ὁμιλίας·
2880 1025 2998 1082 τοῖς
3027 1017 3031 1022 ’
3057 1020 3238 1095 ἁγίοις
3297 1017 3374 1086 δὲ,
3435 1017 3516 1072 ὅτι
3551 1017 3762 1096 φυλάσ-

2107 1111 2284 1163 σεσθαι
2321 1114 2538 1164 ποιοῦσι
2585 1110 2651 1164 τά
2699 1110 2822 1186 ἅγια
2871 1109 3117 1186 ἄχραντα
3168 1109 3273 1163 ἀπὸ
3303 1111 3402 1174 τῆς
3433 1108 3611 1161 αὐτῶν
3640 1127 3763 1160 κοι-

2105 1197 2324 1260 νωνίας.
2379 1196 2554 1252 Ταῦτα
2601 1201 2666 1252 τὸ
2697 1199 2866 1273 ὁρατά
2924 1197 3125 1260 εῗκόνες
3179 1197 3278 1251 εἶσι
3336 1201 3441 1251 τῶν
3496 1195 3764 1271 ἀοράτων,

2104 1287 2194 1342 καὶ
2249 1284 2397 1361 εἷ’-περ
2458 1286 2509 1341 ἐν
2572 1292 2648 1360 τῷ
2705 1299 2832 1359 θειῳ
2893 1285 3214 1363 Εὐαγγελίῳ
3273 1284 3546 1358 ἀκούομεν
3582 1330 3597 1354 ,
3657 1283 3763 1340 Καὶ

2107 1377 2322 1455 ἀφοριεῖ
2376 1375 2570 1438 αὐτοὺς
2629 1377 2718 1430 ἀπ’
2766 1373 3060 1446 ἀλλήλων,
3123 1376 3186 1430 οὐ
3233 1377 3344 1450 χρὴ
3381 1371 3584 1428 οἸεσθαι
3617 1371 3702 1428 ὅτι
3735 1373 3767 1427 6

2105 1466 2234 1527 Θεὸς
2293 1463 2466 1528 α’ίτιός
2495 1466 2606 1520 ἐστι
2635 1469 2731 1520 τοῦ
2764 1464 3072 1544 ἀφορισμοῦ
3103 1469 3234 1526 τοῖς
3263 1459 3640 1538 ἁμαρτωλοῖς,
3664 1469 3772 1530 τῆς

2105 1555 2156 1609 ὲν
2192 1555 2445 1630 ἀριστερᾷ
2504 1556 2763 1617 στάσεως·
2826 1553 2953 1609 ἀλλ’
2985 1553 3137 1609 αὐτοὶ
3188 1553 3401 1614 ὶαυτοῖς
3435 1549 3599 1606 α’ίτιοι
3631 1550 3771 1605 τού-

2103 1665 2211 1698 των
2271 1644 2322 1698 οἱ
2369 1641 2722 1718 ἁμαρτωλοὶ,
2780 1641 3065 1705 παντελῶς
3124 1641 3348 1705 ἑαυτοὺς
3403 1639 3773 1716 ἀφορίσαντες

2104 1735 2201 1786 τοῦ
2269 1737 2422 1787 Θεοῦ’
2485 1732 2665 1805 ὥσπερ
2711 1731 2802 1786 καὶ
2862 1729 3070 1795 ἄλλους
3126 1733 3340 1806 ὁρῶμεν
3403 1729 3475 1791 ὡς
3535 1728 3771 1804 ἐραστάς

2104 1826 2212 1876 τῶν
2271 1820 2454 1876 καλῶν
2521 1822 2654 1896 μετά
2713 1825 2850 1876 Θεοῦ
2903 1820 3226 1896 γινομένους
3259 1866 3273 1892 ,
3329 1817 3381 1873 οἵ
3436 1815 3502 1886 δὴ
3562 1816 3652 1872 καὶ
3705 1816 3772 1871 ἐκ

2104 1917 2204 1980 τῆς
2233 1912 2512 1986 παρούσης
2564 1914 2707 1980 ζωῆς
2765 1915 2867 1978 τῆς
2917 1907 3233 1982 μελλούσης
3262 1906 3604 1982 ἀπάρχονται,
3666 1906 3774 1979 ἆγ-

2103 1999 2462 2078 γελοπρεπῶς
2519 1999 2570 2055 ἐν
2635 2000 2782 2074 μέσῳ
2811 2003 2918 2053 τῶν
2947 1997 3133 2053 ἀλλων
3195 1997 3494 2071 ἀνθρώπων
3529 1992 3772 2068 ἐμπολι-

2103 2089 2386 2164 τευόμενοι
2421 2091 2512 2144 σὺν
2571 2091 2714 2163 πάσῃ
2767 2087 3041 2160 Θεωνυμίᾳ
3087 2087 3176 2142 καὶ
3237 2087 3512 2162 ἁγιότητι.
3545 2091 3772 2139 Θεωνυ-

2111 2179 2235 2253 μίαν
2273 2178 2330 2235 δὲ
2359 2177 2504 2253 λέγει
2563 2181 2597 2250 ἢ
2640 2179 2703 2232 τὸ
2747 2179 2978 2232 πάντοτε
3030 2175 3082 2231 ἐν
3120 2180 3198 2248 τῷ
3239 2174 3466 2248 ὀνόματι
3495 2174 3594 2228 τοῦ
3625 2177 3770 2227 Θεοῦ

2105 2269 2280 2324 πάντα
2330 2271 2583 2342 πράττειν
2623 2267 2840 2328 αὐτοὺς·
2900 2266 2935 2335 ἢ
2989 2265 3050 2319 τὸ
3108 2265 3214 2319 ἀπὸ
3245 2269 3342 2319 τοῦ
3383 2267 3539 2332 Θεοῦ,
3593 2259 3778 2336 ἤγουν

2106 2362 2202 2412 τοῦ
2236 2360 2474 2434 Χριστοῦ
2508 2355 2970 2429 ὀνομαζομένους,
3016 2360 3131 2408 κατ’
3160 2353 3318 2408 αὐτὸν
3365 2351 3781 2415 πολιτεύεσθαι.

2106 2448 2272 2520 Ὑμᾶς
2327 2447 2417 2501 οὗν
2472 2446 2569 2501 οὐκ
2615 2445 2674 2500 ἂν
2731 2466 2864 2500 ποτε
2922 2443 3134 2517 ε’ίποιμι
3180 2444 3440 2517 πάσχειν,
3473 2439 3631 2496 ἀλλὰ
3687 2440 3786 2494 καὶ

2107 2535 2155 2592 ετί
2211 2557 2264 2590 τι
2316 2535 2377 2590 ἄν
2441 2533 2710 2612 πάσχοιτε
2766 2534 3104 2607 σωματικὸν,
3135 2531 3274 2588 κατὰ
3326 2534 3584 2586 τοσοῦτον
3621 2529 3776 2604 λέγω

2105 2624 2335 2701 πάσχειν
2397 2624 2577 2696 ὑμᾶς,
2634 2623 2864 2688 καθόσον
2927 2620 3224 2699 διακρίνετε
3285 2623 3376 2676 καὶ
3429 2617 3774 2686 αἰσθάνεσθε,

2107 2715 2194 2769 ἱνα
2227 2715 2303 2787 μὴ
2364 2711 2730 2788 ἀστεφάνωτοι
2786 2712 3024 2785 μείνητε.
3084 2711 3384 2789 Μὲμφομαι
3435 2708 3492 2765 δὲ
3543 2708 3781 2772 δικαίως

2104 2808 2231 2866 τοὺς
2258 2803 2581 2876 νομίζεντάς
2611 2824 2666 2857 σε
2691 2802 2781 2857 τὸν
2815 2806 2910 2856 τοῦ
2951 2800 3287 2876 Εὐαγγελίου
3336 2799 3500 2870 ἥλιον
3563 2817 3778 2873 περιο-

2109 2893 2295 2968 ρίζειν.
2333 2891 2587 2966 Εὕχομαι
2621 2890 2678 2946 δὲ
2726 2890 2882 2965 ὅμως
2926 2891 3196 2964 ἀνανῆψαι
3245 2890 3336 2944 καὶ
3390 2885 3775 2962 προσδραμεῖν

2107 3003 2214 3052 σοι,
2240 2979 2333 3036 ’ίνα
2397 2979 2751 3057 φωτισθέντες
2782 2984 3048 3044 σωθῶσιν·
3113 2979 3296 3054 ὥσπερ
3354 2977 3457 3053 γὰρ
3523 2977 3766 3049 μέμηνεν

2107 3073 2135 3126 6
2196 3069 2446 3143 οἰόμενος
2484 3070 2576 3124 τὸν
2638 3069 2798 3139 ἥλιον
2855 3073 3047 3124 τοῦτον
3099 3067 3430 3143 περικλείειν
3481 3064 3533 3120 ἐν
3587 3065 3767 3137 τόπῳ,

2113 3159 2256 3216 οὕτω
2285 3159 2374 3214 καί
2432 3160 2581 3213 οὗτοι
2641 3160 2911 3232 μεμήνασι
2945 3156 3261 3230 νομίζοντες
3293 3155 3353 3211 τό
3387 3160 3502 3232 φῶς
3535 3159 3633 3208 τοῦ
3665 3153 3772 3210 Εὖ-

345 3245 550 3300 liarius
575 3245 748 3317 jungi
777 3260 791 3302 :
817 3220 1064 3318 jamque
1094 3246 1241 3303 291
1299 3263 1367 3301 ex
1401 3220 1672 3319 praesenti
1707 3247 1999 3318 primitias

2115 3248 2376 3324 αγγελίου
2423 3220 2905 3322 περιορίζείνπσῦν
2963 3220 3048 3301 σοὶ
3088 3220 3138 3300 6v
3201 3220 3408 3318 Πάτμῷ
3462 3247 3532 3318 τῇ
3592 3244 3767 3314 νήσῳ·

348 3335 636 3408 quasdam
670 3340 958 3390 secuturae
1004 3351 1138 3390 mox
1192 3335 1325 3390 vitae
1358 3352 1736 3407 praecerpere,
1795 3340 1859 3391 ut
1904 3337 2000 3408 qui

343 3426 496 3480 inter
543 3423 814 3480 homines
844 3425 916 3479 ad
973 3423 1247 3496 angelicae
1297 3425 1757 3480 conversationis
1800 3424 2006 3499 imagi-

343 3532 479 3572 nem
545 3531 686 3571 suos
746 3513 859 3586 ipsi
916 3530 1110 3571 mores
1169 3517 1442 3572 decenter
1478 3521 1840 3589 componunt
1868 3533 2002 3572 cum

343 3604 504 3662 omni
537 3603 722 3658 divini
748 3603 1008 3660 nominis
1040 3604 1447 3660 obsecratione
1477 3611 1534 3660 et
1566 3606 2003 3661 sanctitate.Dei

345 3692 588 3764 quidem
615 3691 1155 3748 denominationem
1175 3709 1239 3749 eo
1261 3692 1488 3749 inducit
1518 3694 1686 3750 Pater
1707 3694 1828 3750 sive
1850 3696 2003 3766 quod

339 3782 608 3838 actiones
635 3797 777 3836 suas
827 3797 1032 3838 omnes
1083 3783 1142 3837 in
1181 3781 1276 3838 Dei
1309 3798 1541 3854 semper
1575 3783 1812 3839 nomine
1843 3801 2006 3855 pera-

346 3874 528 3944 gant;
563 3874 666 3926 aut
697 3870 832 3941 quia
864 3888 898 3926 a
921 3871 1347 3941 Deo,nimirum
1381 3872 1635 3939 Christo,
1668 3871 2008 3929 nomencla-

350 3964 548 4016 turam
583 3959 796 4027 sortiti,
831 3959 1048 4015 Christi
1081 3959 1258 4015 vitam
1291 3961 1469 4032 digna
1502 3961 1842 4033 exprimunt
1871 3978 2008 4017 con-

347 4049 707 4104 versatione.
741 4049 871 4104 Jam
899 4055 954 4105 te
994 4049 1234 4122 quidem
1271 4068 1577 4124 nunquam
1611 4052 1855 4106 dixerim
1888 4052 2011 4109 ulla

351 4137 506 4195 afﬁci
538 4137 840 4209 passione;
875 4139 974 4194 sed
1008 4143 1066 4194 et
1096 4139 1144 4194 si
1171 4139 1311 4210 quid
1334 4141 1569 4196 interim
1603 4141 1848 4196 afﬂictat
1878 4158 2011 4197 cor-

351 4243 540 4299 poreae
575 4227 895 4298 passionis,
925 4232 1167 4283 eatenus
1192 4228 1308 4299 pati
1340 4233 1395 4285 te
1423 4230 1778 4300 censuerim,
1807 4234 2008 4302 quate-

351 4330 794 4388 nus,seusuque
826 4316 954 4387 ipso
985 4316 1240 4390 percipis
1274 4318 1555 4385 dolorem,
1589 4324 1654 4373 ut
1676 4335 1750 4375 ne
1771 4337 2010 4376 maneas

349 4405 752 4460 incoronatus.
789 4405 1036 4462 Proinde
1071 4423 1184 4462 non
1240 4407 1458 4478 injuria
1496 4407 1613 4464 illis
1672 4425 2010 4478 succenseo,

354 4495 455 4567 qui
489 4510 552 4550 se
575 4495 880 4550 confidunt
910 4512 1083 4566 posse
1111 4501 1189 4567 te,
1241 4497 1794 4569 splendidissimum
1827 4499 2009 4556 solem

2112 3340 2284 3410 Ἣμᾶς
2318 3335 2375 3391 δὲ
2433 3334 2558 3391 οὐδε
2608 3337 2670 3392 τὸ
2728 3335 2988 3408 ἐναντίον,
3048 3336 3292 3390 τουτέστι
3323 3334 3384 3388 τὸ
3423 3334 3513 3388 καὶ
3544 3331 3771 3406 πορῥω-

2111 3426 2252 3502 τὲρω
2311 3424 2598 3503 ἀφεστάναι
2628 3425 2760 3498 (49),
2797 3425 3043 3498 στερήσει
3100 3427 3198 3477 τοῦ
3231 3426 3327 3477 σοῦ
3385 3419 3590 3498 φωτός·
3647 3416 3783 3474 ἀλλ’

2115 3515 2166 3570 ἐν
2231 3515 2325 3588 μὶν
2383 3518 2462 3585 τῷ
2521 3512 2733 3568 ἀπεῖναί
2791 3534 2867 3582 σε,
2917 3513 2979 3567 τὸ
3031 3513 3121 3566 σὸν
3151 3509 3479 3588 Εὖαγγίλιον
3531 3509 3782 3584 ἀναγνω-

2116 3605 2342 3675 σόμεθα,
2389 3603 2520 3678 ὅπερ
2573 3605 2799 3675 μνήμην
2854 3605 2953 3667 τῆς
3003 3599 3246 3671 ἀληθοῦς
3277 3601 3440 3654 αὐτοῦ
3486 3596 3780 3671 Θεολογίας

2118 3687 2428 3756 εὐθυϐόλως
2461 3692 2739 3764 ὀνομάζει.
2775 3692 2921 3746 Μετᾶ
2955 3689 3133 3766 βραχὺ
3168 3688 3247 3758 δὲ,
3307 3688 3397 3744 ὅτε
3427 3685 3779 3759 ἀνακληθῇς,

2115 3781 2251 3836 κατὰ
2281 3777 2573 3856 πρόσωπον
2600 3779 2874 3851 ἀλλήλοις
2907 3779 3276 3852 ἐντευξόμεθα·
3329 3780 3356 3833 6
3410 3777 3501 3832 καὶ
3530 3777 3604 3838 ὡς
3633 3775 3778 3830 ἀπο-

2116 3868 2411 3944 καλυφθεὶς
2460 3869 2519 3924 ἐκ
2547 3873 2681 3924 Θεοῦ
2724 3868 3078 3944 προφητεύω,
3111 3869 3192 3922 δτι
3245 3865 3374 3922 ἐίσω
3427 3864 3780 3941 βραχυτάτου

2119 3957 2323 4034 χρόνου
2374 3957 2728 4031 ἁνακληθήσῃ
2757 3965 2854 4026 τῆς
2884 3956 3117 4032 ἐξορίας.
3176 3955 3304 4033 Περὶ
3356 3955 3460 4032 γὰρ
3490 3955 3555 4009 τὸ
3584 3954 3775 4009 τελευ-

2117 4053 2268 4102 ταῖον
2301 4045 2422 4110 ἔτος
2455 4049 2553 4112 τῆς
2587 4052 2922 4119 Δομετιανοῦ
2976 4045 3252 4122 βασιλείας
3291 4045 3345 4099 ἐι
3404 4045 3614 4116 Πάτμῳ
3645 4043 3771 4118 ἐφυ-

2119 4135 2380 4213 γαδεύθη,
2432 4135 2674 4212 διωγμὸν
2726 4139 3050 4206 κινήσαντος
3106 4140 3204 4190 τοῦ
3259 4139 3612 4209 Δομετιανοῦ.
3641 4133 3777 4190 Εἶτα

2118 4228 2242 4299 περὶ
2274 4227 2370 4294 τὴν
2401 4225 2658 4294 τελευτὴν
2693 4227 2859 4280 αὐτοῦ
2887 4229 2985 4280 τοῦ
3034 4223 3326 4301 βασιλέως,
3373 4225 3473 4298 ὁρᾷ
3500 4225 3602 4291 τήν
3633 4223 3781 4277 θείαν

2122 4315 2489 4388 ἀποκάλυψιν.
2524 4316 2620 4369 Καὶ
2660 4315 2793 4388 μετὰ
2815 4319 2984 4370 ταῦτα
3026 4313 3300 4389 βασιλεύει
3363 4311 3629 4388 Νερούας’
3692 4310 3786 4366 καὶ

2123 4404 2280 4469 εὐθὺς
2311 4403 2656 4460 ἀνακαλεῖται
2689 4403 2890 4466 πάντας
2917 4401 3047 4466 τοὺς
3080 4403 3473 4476 ἐξορισθέντας,
3505 4401 3596 4457 ὅτε
3635 4401 3724 4456 καὶ
3760 4401 3788 4455 6

2122 4496 2272 4570 ἅγιος
2306 4492 2562 4563 Ἰωάννης
2593 4495 2621 4547 6
2650 4492 2906 4568 θεολόγος
2952 4491 3256 4561 ἐπανῆλθεν
3289 4492 3364 4553 εἰς
3404 4493 3661 4567 ”Εφεσον.
3695 4495 3792 4544 Δεῖ

353 4583 650 4656 Evangelii
693 4584 752 4639 in
783 4583 1058 4640 exsilium
1096 4587 1479 4662 proscribere.
1523 4589 1586 4642 In
1618 4587 1768 4643 votis
1801 4588 1999 4645 nihilo-

2122 4582 2179 4640 δὲ
2203 4585 2484 4658 γινώσκειν
2519 4582 2600 4638 ὅτι
2634 4584 2667 4652 ἠ
2699 4581 2787 4637 ἐπὶ
2818 4585 2916 4652 τὴν
2948 4589 3112 4652 νῆσον
3139 4580 3319 4655 ἐξορία
3341 4581 3789 4654 παρὰῬωμαῖος

359 4673 581 4740 minus,
616 4677 681 4727 ut
711 4673 796 4729 vel
825 4673 886 4728 hi
918 4674 1157 4730 demum
1199 4676 1270 4730 ad
1324 4675 1582 4732 sobriam
1625 4681 1683 4732 et
1712 4678 1999 4734 meliorerr

2123 4671 2425 4752 κεφαλικήν
2458 4673 2734 4748 τιμωρίαν
2765 4671 3038 4744 ἐμιμεῖτο·
3091 4671 3179 4725 καὶ
3238 4669 3453 4745 λέγεται
3515 4665 3791 4743 δεπορτα-

360 4766 620 4818 mentem
655 4763 913 4832 redeant,
951 4768 1006 4819 et
1055 4764 1126 4819 ad
1159 4768 1210 4820 te
1242 4771 1523 4820 accurant
1552 4766 1717 4822 ocius
1747 4784 1758 4821 :
1820 4772 1886 4823 ut
1912 4772 1999 4824 tut

2123 4763 2276 4818 τίων.
2312 4763 2410 4816 Καὶ
2439 4761 2499 4816 οὐ
2534 4759 2752 4816 δύναται
2784 4761 2811 4814 6
2844 4759 3032 4834 ἅρχων
3091 4761 3192 4828 τὴν
3238 4765 3398 4829 νῆσον
3460 4758 3789 4830 ὀνομάζειν,

358 4851 670 4924 splendore
703 4851 1007 4917 illustrati,
1027 4858 1252 4909 aeternae
1287 4853 1498 4910 salutis
1529 4855 1672 4911 fiant
1701 4857 1999 4929 participe:

2127 4851 2171 4908 εἷ
2209 4854 2284 4924 μή
2317 4853 2344 4906 6
2381 4848 2634 4927 βασιλεὺς
2669 4849 2856 4923 μόνος.
2889 4851 2950 4906 Ὁ
2981 4853 3108 4925 γοῦν
3135 4849 3434 4924 ἀγιώτατος
3467 4842 3787 4907 ἀπόστολος

358 4941 870 5008 Quemadmodum
905 4942 1060 4996 enim
1094 4941 1144 4998 is
1175 4943 1422 4999 insania
1488 4945 1693 5000 morbo
1759 4945 1999 5018 percitu:

2124 4942 2213 4997 καὶ
2245 4939 2635 5014 εὐαγγελιστής
2666 4937 2926 5006 Ἰωάννης
2955 4938 2981 4992 6
3010 4935 3270 5011 θεολόγος
3302 4934 3636 5012 δεπορτάτος
3667 4933 3783 5009 ἐγὲ-

357 5029 617 5084 creditur
669 5029 768 5100 qui
802 5046 865 5084 se
904 5034 1072 5101 putat
1099 5029 1284 5087 solem
1325 5031 1481 5087 hunc
1513 5031 1814 5088 includere
1847 5049 1999 5105 posse

2127 5051 2272 5100 νετο,
2303 5026 2475 5103 ἤγουν
2509 5028 2586 5090 εἷς
2617 5033 2781 5097 νῆσον
2812 5026 3104 5101 ιξόριστος.

359 5115 473 5170 1οοὶ
504 5118 840 5188 cujuspiam
876 5119 1211 5192 angustiis:
1247 5120 1401 5175 haud
1454 5137 1626 5177 secus
1681 5121 1761 5176 illi
1811 5122 1957 5177 mihi
2005 5122 2264 5178 insanire
2319 5120 2616 5186 videntur,
2677 5119 2777 5190 qui
2840 5116 3332 5173 micantissimam
3364 5113 3668 5187 Evangelii
3698 5114 3798 5170 lu-

364 5219 490 5259 cem
555 5205 918 5262 arbitrantur
977 5224 1039 5264 se
1099 5225 1270 5280 pcsse
1314 5215 1508 5264 tecum
1557 5211 1710 5265 intra
1759 5211 2050 5268 cancellos
2097 5209 2288 5267 Patmi
2348 5208 2554 5264 insula:
2601 5207 3105 5262 circumscribere.
3167 5205 3286 5261 Nos
3343 5209 3540 5260 autem
3599 5220 3796 5276 neque

368 5293 756 5361 contrarium,
791 5295 901 5351 hoc
931 5301 1037 5366 est,
1071 5296 1419 5368 longissimo
1467 5299 1600 5354 licet
1647 5298 1966 5357 interstitio
2021 5318 2055 5356 a
2107 5298 2277 5356 nobis
2336 5295 2690 5370 sejungaris,
2752 5297 2976 5366 privare
3011 5295 3224 5366 poterit
3276 5298 3393 5350 tuas
3424 5292 3652 5364 fulgore
3700 5309 3800 5349 sa-

367 5380 639 5453 pientiae:
686 5384 828 5454 quin
877 5387 1116 5441 absente
1167 5387 1495 5443 etiamuum
1539 5393 1618 5452 te,
1680 5393 1850 5444 tuum
1903 5388 2291 5445 nihilominus
2322 5386 2644 5442 identidem
2694 5383 3074 5440 recitabimus
3098 5382 3499 5455 Evangelium.
3559 5381 3630 5436 Et
3687 5381 3804 5438 hoc

365 5470 627 5546 profecto
685 5474 1031 5529 memoriam
1084 5475 1403 5531 verissimae
1460 5475 1651 5549 ipsius
1717 5476 2026 5550 theologia;
2094 5475 2239 5533 scite
2287 5475 2607 5530 admodum
2667 5471 2966 5529 nominat.
3027 5472 3167 5528 Post
3219 5486 3355 5528 vero
3413 5469 3799 5541 aliquantum

433 5683 509 5757 (ἀ)
544 5682 753 5742 Matth.
784 5701 924 5753 xxv,
955 5685 1048 5763 32.
