4106 6396
459 386 565 439 527

1276 387 1642 441 APPENDIX
1683 388 1782 438 AD
1825 385 2072 439 OPERA
2111 383 2170 434 S.
2217 378 2540 432 DIONYSII
2582 375 3090 430 AREOPAGITE.

925 663 2246 844 ΤΟΥΑΓΙΟΥ
2377 521 3848 836 ΜΑΞΙΜδ-ἶς

1860 965 2525 1097 ΣΧΟΛΙΑ

657 1232 854 1326 ΕΙΣ
939 1227 1172 1322 ΤΑΣ
1257 1226 1508 1322 ΤΟΥ
1588 1227 1968 1324 ΑΓΙΟΥ
2047 1224 2740 1324 ΔΙΟΝΥΣΙΟΥ
2817 1222 3708 1321 ΑΡΕΟΠΑΓΙΤΟΥ

1679 1396 2690 1582 ΕΠΙΣΤΟΛΑΣ

1197 1847 2077 2017 SANCTI

2247 1843 3195 2012 ΜΑΧΙΜΙ

1783 2137 2626 2263 SCHOLIA

861 2379 995 2473 IN
1064 2375 1762 2493 EPISTOLAS
1832 2379 1925 2473 S.
2000 2374 2570 2471 DIONYSII
2632 2375 3540 2472 AREOPAGITAE.

1055 2573 1406 2653 Interprete
1435 2571 1804 2633 Balthasare
1837 2568 2157 2646 Corderio,
2191 2569 2521 2630 Societatis
2548 2569 2696 2631 Jesu
2728 2568 2986 2632 doctore
3018 2569 3341 2651 theologo.

911 2887 1066 2944 808
1101 2886 1172 2942 IN
1211 2887 1622 2944 EPISTOLAM
1665 2888 1708 2943 Ι.

555 2977 817 3048 Conjicio
849 2977 1052 3033 Caium
1086 2977 1242 3032 hunc
1275 2992 1423 3045 esse,
1459 2977 1530 3031 ad
1587 2991 1761 3047 quem
1794 2974 1857 3029 D.
1891 2973 2151 3029 Joannes

488 3065 854 3135 evangelista
886 3066 1120 3121 tertiam
1164 3081 1333 3121 suam
1367 3065 1608 3137 scripsit
1640 3062 1975 3136 epistolam,
2008 3078 2150 3116 con-

485 3156 776 3226 jecturam
838 3155 988 3210 banc
1044 3171 1276 3226 quoque
1332 3154 1579 3209 ﬁrmans
1637 3169 1705 3208 ex
1747 3151 1898 3219 aliis,
1931 3150 2149 3223 quibus

483 3245 718 3300 divinus
748 3244 842 3300 hic
871 3246 960 3299 vir
993 3261 1110 3299 una
1141 3260 1272 3299 cum
1308 3242 1592 3314 apostolis
1624 3242 1897 3297 convixit.
1930 3240 2148 3296 Thera-

484 3338 696 3406 peutas
729 3338 949 3402 autem,
983 3332 1174 3404 capite
1205 3338 1367 3389 sexto
1401 3334 1475 3388 De
1504 3332 1876 3388 ecclesiastica
1926 3330 2146 3386 hierar-

482 3423 631 3493 chia,
689 3422 838 3478 dixit
893 3421 1176 3494 appellari
1237 3421 1584 3488 monachos,
1647 3420 1866 3476 ibidem
1927 3420 2146 3475 docens

477 3527 734 3583 quanam
765 3511 990 3566 ratione
1015 3509 1431 3581 instituantur,
1467 3526 1603 3566 cum
1636 3527 1752 3566 non
1778 3509 1898 3564 sint
1928 3507 2142 3578 clerici,

479 3599 698 3672 populo
728 3605 925 3656 tamen
969 3599 1362 3656 sublimiores.
1401 3599 1518 3655 Hos
1571 3604 1767 3654 autem
1821 3597 1986 3652 Philo
2032 3597 2140 3652 Ju-

474 3690 636 3744 deus
685 3689 964 3744 admirari
1015 3689 1178 3743 visus
1228 3693 1318 3743 est
1359 3687 1419 3743 in
1465 3688 1614 3743 libro
1655 3688 1730 3742 De
1757 3689 1875 3742 vita
1900 3689 2142 3742 contem-

475 3778 706 3851 plativa,
741 3777 862 3832 sive
891 3779 966 3832 De
995 3777 1364 3848 supplicibus,
1399 3777 1779 3848 therapeutas
1821 3774 1982 3845 ipsos
2039 3791 2141 3829 vo—

477 3882 639 3933 cans,
673 3870 732 3920 et
779 3881 979 3920 eorum
1029 3867 1158 3919 vitae
1214 3864 1556 3920 institutum
1607 3862 1908 3934 explicans
1967 3860 2138 3931 paulo

479 3958 614 4010 ante
643 3953 820 4009 linem
853 3953 1027 4010 istius
1061 3953 1218 4008 libri.
1256 3953 1406 4025 Lege
1437 3953 1508 4008 de
1539 3952 1688 4023 ipsis
1721 3950 1895 4006 verba
1941 3949 2138 4006 Philo-

480 4061 596 4100 D18.

549 4132 656 4188 Sed
683 4149 793 4190 non
831 4131 1135 4189 secundum
1183 4132 1574 4203 privatimzem.
1605 4133 1742 4196 Hoc,
1777 4127 1986 4198 inquit,
2020 4145 2136 4184 non

2165 2885 2221 2951 Α

2661 2885 2783 2941 EIT
2811 2889 2947 2940 ΤΗΝ
2979 2885 3395 2944 ΕΠΙΣΤΟΛΗΝ
3425 2887 3504 2944 A'.

2333 2965 2657 3028 Ἐπιϐάλλω
2700 2974 2860 3028 Γάϊον
2903 2977 3097 3029 τοῦτον
3151 2975 3308 3047 εἶναι,
3356 2976 3404 3048 ᾧ
3446 2976 3545 3045 τὴν
3574 2973 3749 3052 τρίτην
3783 2972 3876 3029 ἑπι-

2260 3057 2461 3130 στολὴν
2513 3059 2741 3136 ἔγραψεν
2775 3061 2806 3116 6'
2856 3067 3001 3128 θεῖος
3048 3061 3450 3139 εὖαγγελιστὴς
3497 3065 3763 3136 Ἰωάννης,
3808 3081 3879 3118 τι·

2256 3150 2630 3225 κμαιρόμενος
2672 3152 2759 3206 καὶ
2810 3149 2872 3208 ἐκ
2910 3157 3018 3208 τῶν
3071 3149 3282 3223 ἄλλων,
3319 3155 3406 3218 οἶς
3457 3152 3744 3230 συγγέγονε
3773 3150 3883 3227 μετὰ

2255 3242 2366 3293 τῶν
2411 3239 2737 3295 ἀποστόλων
2787 3241 2816 3296 ὁ
2867 3247 3011 3305 θεῖος
3057 3241 3216 3304 οὗτος
3259 3243 3426 3320 ἀνήρ.
3481 3241 3798 3319 Θεραπευτὰς
3837 3236 3883 3295 δὶ

2257 3324 2360 3405 ἔφη
2417 3327 2698 3384 καλεῖσθαι
2758 3329 2811 3385 ἦν
2862 3334 2941 3402 τῷ
3000 3331 3131 3406 Περὶ
3185 3338 3288 3402 τῆς
3344 3331 3792 3405 ἐκκλησιαστικῆς
3824 3329 3882 3383 lt-

2258 3416 2492 3492 ραρχίας
2541 3418 2826 3492 κεφαλαίῳ
2883 3420 2933 3482 ς’
2978 3421 3109 3482 τοὺς
3186 3422 3500 3498 μοναχοὺς,
3572 3422 3730 3478 εῗπὼν
3795 3418 3886 3476 ἕκιῖ

2253 3507 2344 3560 καὶ
2374 3510 2493 3569 πῶς
2522 3507 2868 3563 καθίστανται
2903 3508 2980 3582 μὴ
3033 3505 3182 3574 ὄντες
3221 3508 3518 3585 κληρικοὶ,
3552 3509 3693 3568 ἀλλὰ
3721 3509 3888 3564 ἀνώτεο

2255 3614 2343 3667 ροι
2381 3599 2476 3650 τοῦ
2507 3594 2669 3652 λαοῦ.
2729 3597 2974 3659 Τούτους
3024 3595 3082 3652 δὲ
3133 3597 3276 3654 ἔοικε
3328 3602 3627 3674 θαυμάζειν
3667 3597 3882 3654 Φίλωνὸ

2251 3681 2516 3745 Ἰουδαῖος
2547 3683 2600 3738 ἐν
2626 3689 2706 3757 τῷ
2753 3687 2888 3760 Περὶ
2937 3691 3276 3764 θεωρητικοῦ
3327 3690 3369 3760 ἢ
3422 3691 3636 3747 Ἱκετῶν
3683 3687 3886 3760 συντάγ-

2254 3791 2404 3843 ματι,
2466 3773 2794 3845 θεραπευτὰς
2854 3775 3053 3838 αὐτοὺς
3111 3775 3340 3845 καλῶν,
3403 3779 3500 3834 καὶ
3556 3781 3654 3849 τήν
3710 3774 3885 3832 δίαιταν

2248 3859 2423 3914 αὐτῶν
2457 3858 2814 3936 διηγούμενος
2838 3863 2946 3940 πρὸ
2978 3862 3175 3939 ὀλίγου
3205 3870 3302 3919 τοῦ
3335 3866 3538 3931 τέλους
3566 3873 3662 3924 τοῦ
3693 3861 3885 3943 βιϐλίου

2245 3947 2463 4004 τούτου.
2498 3950 2792 4026 Ἀνάγνωθι
2823 3952 2890 4007 τὰ
2915 3956 3013 4007 τοῦ
3039 3952 3204 4008 αὐτοῦ
3236 3953 3529 4021 Φίλωνος.

2318 4124 2493 4183 Ἀλλᾶ
2545 4129 2619 4201 μή
2665 4129 2801 4184 κατὰ
2849 4129 3120 4207 στέρησιν.
3173 4133 3384 4203 Τοῦτο,
3437 4137 3598 4214 φησὶ,
3651 4135 3724 4209 μὴ
3769 4128 3886 4187 κατᾶ

480 4221 806 4278 secundum
839 4236 1184 4276 communes
1216 4235 1430 4276 sensus
1479 4216 1758 4288 accipias,
1795 4217 1948 4288 quod
1983 4216 2135 4274 sicut

2250 4215 2338 4276 τὰς
2388 4217 2574 4279 κοινὰς
2621 4217 2827 4282 ἐννοίας
2882 4215 3186 4295 ὑπολάϐῃς,
3219 4221 3326 4295 ὅτι,
3367 4220 3560 4302 ὥσπερ
3609 4225 3669 4281 τὸ
3720 4220 3888 4281 σκότος

2250 4302 2266 4326 λ
2286 4303 2367 4326 1,,
2400 4325 2405 4326 γ
2601 4306 2616 4326 ‘
2765 4307 2779 4326 ε
2876 4306 2917 4326 l‘
3181 4309 3199 4326 λ
3219 4310 3238 4326 κ
3261 4316 3289 4326 η
3368 4315 3393 4326 -ι
3447 4309 3474 4326 II
3677 4315 3690 4326 ι
3746 4312 3760 4326 1

479 4310 733 4365 tenebrae
766 4309 1078 4365 abolentur
1108 4308 1358 4377 lumine,
1391 4311 1449 4362 et
1498 4305 1824 4377 praesertim
1877 4305 2134 4376 copioso,

477 4399 564 4456 vel
597 4399 750 4455 sicut
781 4398 1131 4472 ignorantia,
1165 4415 1292 4469 quae
1325 4397 1592 4468 quedam
1624 4394 1866 4450 tenebra
1894 4399 2003 4463 est,
2037 4412 2132 4451 co-

477 4487 846 4560 gnitionibus
877 4488 1048 4553 cedit,
1075 4487 1329 4542 maxime
1351 4484 1704 4550 luculentis;
1737 4483 1818 4538 ita
1847 4485 2020 4539 etiam
2045 4501 2134 4556 ea,

478 4595 606 4650 quae
639 4578 964 4633 secundum
991 4582 1170 4632 Deum
1191 4581 1300 4645 est,
1320 4573 1612 4646 ignoratio
1633 4573 1843 4628 similis
1873 4573 1951 4628 sit
1973 4573 2136 4645 igno-

476 4667 710 4732 rationi,
739 4683 867 4737 quas
898 4683 1000 4736 per
1031 4665 1332 4720 inscitiam
1364 4662 1615 4732 exsistit,
1652 4661 1735 4716 uti
1766 4661 2129 4730 dicebamus,

476 4756 575 4812 sed
625 4762 842 4824 quanto
887 4753 1077 4826 magis
1128 4753 1264 4824 quis
1297 4768 1330 4806 a
1360 4751 1476 4806 Deo
1507 4750 1860 4821 illustratur,
1892 4751 2130 4808 uberio-

475 4861 718 4915 remque
747 4860 944 4900 rerum
977 4841 1200 4914 colligit
1226 4840 1646 4911 cognitionem,
1681 4839 1904 4895 scilicet
1953 4840 2128 4896 intel-

473 4934 761 4990 lectilium
792 4937 849 4987 et
872 4930 1359 5001 intelligentium,
1391 4933 1556 4983 tanto
1594 4931 1780 5000 magis
1841 4930 1910 4984 ad
1973 4947 2125 5001 eam,

476 5039 601 5094 qua
635 5023 706 5077 de
733 5026 844 5076 Deo
875 5019 1144 5087 habetur,
1171 5017 1564 5088 cognitionem
1598 5019 1941 5084 ascendens,
1977 5019 2128 5075 divi-

477 5128 615 5166 nam
645 5107 1409 5179 incomprehensibilitatem
1451 5112 1796 5177 cognoscet;
1831 5107 1889 5161 id
1921 5113 2032 5174 est,
2064 5108 2130 5162 il-

473 5199 591 5254 lam
633 5199 728 5254 Dei
756 5197 1206 5269 ignorationem,
1246 5194 1434 5249 lucem
1472 5211 1594 5251 esse
1634 5199 1812 5267 atque
1839 5196 2124 5267 cognitio-

474 5303 608 5342 nem
655 5303 786 5359 quas
835 5290 1048 5340 cuncta
1077 5283 1499 5356 cognoscibilia
1531 5285 1929 5352 transcendat,
1962 5291 2126 5344 ciete-

467 5392 718 5447 rumque
750 5373 904 5429 banc
937 5390 1107 5429 suam
1140 5374 1211 5430 de
1242 5374 1359 5430 Deo
1393 5373 1790 5446 eloquentiam
1839 5375 1995 5429 τοι
2039 5375 2122 5430 si-

465 5464 647 5523 lentio
677 5463 944 5520 honorat.
983 5463 1190 5533 Itaque
1223 5480 1339 5519 non
1372 5465 1698 5519 secundum
1735 5463 2121 5535 privationem

467 5554 686 5610 dicitur
716 5552 822 5609 illa
850 5551 951 5608 Dei
986 5551 1340 5624 ignorantia,
1375 5552 1476 5608 sed
1500 5569 1603 5624 per
1631 5550 2034 5608 excellentiam
2067 5558 2124 5608 et

2245 4302 2428 4359 λύεται
2479 4306 2642 4382 φωτὶ,
2692 4307 2781 4363 καὶ
2817 4306 3056 4381 μάλιστα
3103 4309 3324 4384 πολλῷ,
3358 4315 3398 4385 ἢ
3433 4309 3619 4390 ὥσπερ
3667 4315 3700 4383 ἡ
3737 4312 3886 4385 ἆγνω·

2245 4391 2351 4461 σία,
2410 4392 2533 4463 ἥτις
2590 4395 2678 4450 καὶ
2733 4395 2868 4466 αὐτή
2922 4397 3112 4461 σκότος
3163 4399 3296 4473 ἐστὶ,
3354 4402 3590 4460 παύεται
3637 4401 3886 4480 γνώσεων,

2243 4483 2329 4536 διαὶ
2365 4481 2601 4555 μάλιστα
2648 4483 2876 4541 πολλῶν
2930 4486 3356 4565 ἐπιγενομένων·
3394 4490 3546 4547 οὕτω
3589 4493 3674 4547 κσί
3708 4493 3739 4560 ἡ
3769 4487 3884 4544 κατά

2241 4571 2368 4625 Θεὸν
2418 4573 2654 4647 ἀγνωσία
2703 4571 2845 4629 ἔοικε
2888 4579 2958 4649 τῇ
3008 4578 3144 4632 κατᾶ
3201 4578 3444 4652 ἀμαθίαν
3494 4581 3734 4656 ἀγνωσία
3764 4622 3777 4647 ,
3823 4575 3885 4635 ὥς

2239 4657 2466 4736 ἔφημεν·
2519 4661 2646 4718 ἀλλ’
2677 4662 2788 4736 ὅσῳ
2839 4665 3129 4734 φωτίζεταί
3173 4688 3256 4730 τις
3303 4670 3434 4745 περὶ
3486 4675 3646 4740 Θεοῦ,
3677 4669 3760 4724 καὶ
3789 4665 3883 4735 ὅσῳ

2235 4769 2318 4810 τις
2349 4751 2563 4826 συνάγει
2593 4755 2790 4827 γνῶσιν
2823 4758 2929 4806 τῶν
2983 4750 3172 4825 ὅντων,
3205 4757 3459 4814 τουτέστι
3491 4761 3598 4828 τὴν
3643 4755 3762 4834 περὶ
3788 4756 3878 4809 τῶν

2235 4842 2450 4908 νοητῶν
2478 4839 2567 4893 καὶ
2593 4846 2819 4913 νοερῶν,
2849 4842 3096 4916 τοσούτῳ
3143 4841 3387 4916 μᾶλλον,
3437 4843 3738 4902 ἀναϐαίνων
3776 4838 3877 4912 περῖ

2239 4928 2335 4995 τήν
2385 4931 2585 5002 γνῶσιν
2628 4929 2729 4997 τὴν
2779 4931 2903 5006 περὶ
2954 4933 3106 4999 Θεὸν,
3148 4933 3422 5007 γνώσεται
3471 4936 3577 5005 τὴν
3629 4927 3874 4996 ἀκαταλη-

2235 5013 2384 5088 ψίαν,
2432 5013 2557 5084 ἤτοι
2604 5017 2704 5084 τήν
2753 5017 3012 5091 ἀγνωσίαν
3061 5021 3161 5088 τὴν
3213 5021 3339 5096 περὶ
3390 5025 3554 5095 Θεὸν,
3612 5027 3725 5101 φῶς
3766 5017 3880 5074 εἶναι

2234 5103 2323 5158 καὶ
2368 5109 2566 5178 γνῶσιν
2618 5106 2749 5181 ὑπὲρ
2801 5109 2975 5162 πάντα
3030 5109 3099 5163 τὰ
3156 5110 3498 5185 γνωσθέντα·
3561 5112 3655 5167 καὶ
3710 5104 3880 5164 λοιπὸν

2235 5197 2362 5268 σιγῇ
2403 5199 2538 5267 τιμᾷ
2583 5195 2682 5264 τήν
2729 5196 2853 5270 περί
2905 5197 3034 5252 Θεὸν
3078 5197 3326 5274 ἀφασίαν.
3380 5200 3606 5257 Οὐκοῦν
3661 5199 3723 5255 οὗ
3768 5192 3886 5252 κατᾶ

2234 5282 2480 5358 στέρησιν
2543 5284 2796 5358 γνώσεως
2868 5283 3083 5360 λέγεται
3141 5290 3176 5356 ἡ
3232 5289 3360 5363 περὶ
3436 5293 3577 5344 Θεοῦ
3637 5283 3880 5364 ἀγνωσία,

2232 5370 2379 5427 ἀλλὰ
2431 5373 2550 5427 καθ’
2609 5373 2886 5450 ὑπεροχὴν
2931 5377 3021 5430 καὶ
3087 5371 3408 5452 ὑπερϐολὴν
3471 5378 3702 5453 [πάσης]
3752 5373 3879 5450 γνώ·

2233 5482 2387 5531 σεως,
2420 5463 2502 5516 ὅτι
2535 5459 2674 5539 ἔγνω
2701 5483 2785 5526 τις
2833 5463 2924 5519 τὸν
2975 5469 3107 5520 πᾶσι
3149 5465 3240 5521 καὶ
3285 5466 3469 5540 ἑαυτῷ
3499 5464 3778 5544 ἄγνωστον
3803 5457 3881 5517 καὶ

2231 5550 2641 5622 ἀκατάληπτον.
2692 5555 2872 5611 Ταῦτα
2915 5555 3005 5609 καὶ
3055 5554 3108 5610 ἐν
3149 5559 3231 5628 τῷ
3279 5555 3417 5631 Περὶ
3473 5562 3740 5631 μυστικῆς
3778 5553 3881 5606 θεο·

467 5659 770 5700 excessum
807 5641 1046 5713 [omnis]
1077 5639 1454 5711 cognitionis,
1488 5640 1769 5711 quoniam
1820 5642 2122 5711 cognoscit

2250 5640 2433 5714 λογίας
2488 5638 2770 5716 κεφαλαίῳ
2816 5643 2863 5696 α’
2910 5641 3144 5719 εἴρηται,
3177 5645 3268 5700 καὶ
3319 5629 3374 5699 ἐν
3429 5629 3515 5718 τῷ
3563 5643 3698 5720 Περὶ
3739 5636 3880 5696 θείων

470 5731 604 5804 quis
638 5731 692 5786 id
746 5731 902 5803 quod
952 5729 1230 5785 omnibus
1261 5733 1320 5784 et
1357 5728 1472 5784 sibi
1518 5729 1632 5800 ipsi
1671 5729 2039 5801 incognitum
2067 5734 2127 5786 et

2237 5730 2518 5802 ὀνομάτων
2547 5727 2826 5809 κεφαλαίῳ
2856 5733 2923 5806 β’.

465 5817 1066 5893 incomprehensibile
1119 5817 1370 5876 exsistit.
1417 5817 1546 5875 Haec
1591 5816 1769 5874 etiam
1823 5816 1982 5876 dicta
2029 5822 2173 5877 sunt
2215 5835 2268 5877 c.
2319 5818 2560 5893 Mysticae
2628 5821 2934 5895 theologia,
2982 5824 3042 5880 et
3089 5821 3394 5896 cap.20¢
3438 5822 3661 5881 divinis
3712 5817 3880 5878 nomi-

464 5910 646 5969 nibus.
