4106 6380
235 418 355 476 529

1211 427 1270 481 S.
1311 429 1582 484 ΜΔΧῙΜΙ
1617 428 1923 486 SCHOLIA
1959 432 2036 488 IN
2073 435 2229 490 EPP.
2271 437 2329 490 Β.
2364 435 2700 492 DIONYSII.

3554 436 3666 491 530

316 544 498 604 Ἀλλά
525 568 580 602 τι
625 550 735 602 τῶν
781 547 946 603 αὐτοῦ
993 553 1102 605 τῶν
1152 545 1347 608 ὅντων.
1397 555 1564 610 ’Ὀσον
1625 575 1708 616 τις
1763 549 1903 629 ἔχει,

2090 560 2207 616 Sed
2235 561 2452 632 aliquid
2482 579 2510 619 ε
2537 563 2700 618 rebus
2745 564 2885 635 ejus.
2917 564 3144 628 Quanto
3194 564 3356 620 enim
3405 564 3560 636 quis,
3593 563 3680 620 in-

231 635 403 714 φησὶ,
435 639 543 690 τῶν
577 632 748 690 ὄντων
798 637 897 706 τὴν
950 643 1174 714 γνῶσιν,
1206 641 1296 695 καὶ
1325 641 1388 697 τὸ
1419 642 1476 696 ’ὀν
1509 645 1554 680 ⁸³
1585 647 1723 718 φῶς,
1746 665 1902 700 τουτ-

231 723 358 779 έστι
402 725 624 798 [αὐτὴν]
673 731 775 794 τῆς
824 723 1081 796 ἀληθείας
1128 731 1228 798 τήν
1275 732 1486 801 νοήσιν,
1536 736 1796 787 τοσοῦτον
1842 734 1908 787 τὰ

232 812 372 887 περὶ
423 817 557 867 Θεοῦ
605 813 794 888 ὄψεται
846 811 1118 890 ἄγνωστα·
1172 817 1233 871 οὐ
1284 819 1387 894 γὰρ
1435 825 1514 892 τῷ
1565 821 1702 898 φωτὶ
1755 823 1790 892 ἢ
1837 824 1906 895 τῇ

228 903 448 977 γνώσει
479 908 857 980 φανεροῦνται,
889 903 1035 960 ἀλλὰ
1070 904 1286 979 μᾶλλον
1315 909 1443 972 τοὺς
1484 914 1648 966 ταῦτα
1679 905 1906 986 ἔχοντας

235 989 526 1050 λανθάνει.
561 994 659 1049 Καὶ
689 995 724 1063 ἡ
760 993 811 1048 ἐν
858 994 1077 1060 τούτοις
1127 995 1372 1060 ἐπίδοσίς
1419 1019 1480 1054 τε
1530 1001 1618 1054 καὶ
1665 998 1905 1071 αὔξησις,

225 1084 320 1152 τῷ
355 1079 497 1157 φωτί
528 1103 674 1159 φημι
705 1084 794 1138 καὶ
828 1085 899 1155 τῇ
929 1087 1151 1159 γνώσει,
1181 1087 1245 1142 τὸ
1281 1093 1436 1143 Θεῖον
1471 1086 1700 1144 δεικνύει
1750 1085 1906 1153 ἀθέα-

228 1168 338 1225 τόν
384 1190 444 1225 τε
479 1171 569 1224 καὶ
601 1170 907 1246 ἄγνωστονο
945 1173 1031 1228 ὅτι
1063 1175 1091 1229 6
1122 1176 1250 1230 Θεὸν
1302 1177 1632 1250 θεασάμενος
1663 1179 1751 1233 καὶ
1777 1180 1911 1249 νοή-

233 1278 340 1322 σας
391 1256 422 1314 ὃ
471 1257 630 1332 εἶδεν,
680 1261 844 1317 αὐτὸν
897 1264 994 1334 μὶν
1051 1265 1162 1340 οὐχ
1211 1265 1468 1338 ἱώρακεν,
1509 1266 1656 1323 ἀλλά
1700 1289 1752 1323 τι
1799 1271 1907 1323 τῶν

234 1348 414 1403 αὐτοῦ
444 1353 550 1404 τῶν
587 1345 762 1406 ὄντων
797 1351 887 1406 καὶ
918 1352 1361 1428 γινωσκομένων.

322 1624 488 1698 Αὖτῷ
514 1631 595 1700 τῷ
625 1627 886 1692 καθόλου.
921 1634 1305 1704 Προσεπινοεῖν
1339 1629 1422 1688 δεῖ
1444 1631 1533 1688 καὶ
1565 1632 1652 1688 ἐπὶ
1699 1634 1914 1698 τούτοις

248 1716 314 1770 τὸ
373 1716 512 1786 κατᾶ
553 1715 621 1771 τὰ
671 1713 798 1772 ὄντα
851 1719 940 1772 καὶ
992 1719 1395 1793 γινωσκόμενα.
1443 1723 1513 1776 Τὸ
1563 1720 1620 1778 δὲ
1671 1725 1746 1796 μὴ
1781 1725 1915 1780 εἶναι

201 1842 204 1844 ν
248 1805 601 1879 πρόσκειται,
633 1802 822 1874 ἐπειδη
867 1807 931 1862 τὸ
982 1805 1094 1862 ἐστὶ
1146 1813 1253 1863 τῶν
1309 1815 1540 1866 κτιστῶν
1586 1809 1745 1867 ἐστιν·
1781 1813 1809 1868 6
1857 1810 1915 1868 δὶ

246 1892 388 1956 Θεὸς
412 1892 504 1948 καὶ
541 1894 674 1969 ὑπὶρ
705 1894 768 1950 τὸ
803 1895 959 1964 εἶναι,
996 1893 1137 1951 διότι
1167 1895 1436 1962 ἅκτιστος.

645 2104 761 2156 ΕΙΣ
806 2102 956 2159 ΤΗΝ
1006 2102 1415 2162 ΕΠΙΣΤΟΛΗΝ
1454 2105 1530 2162 B'.

329 2208 460 2269 Πῶς
515 2207 545 2263 6
599 2209 817 2263 πάντων
897 2208 1145 2264 ἐπέκεινα
1179 2252 1192 2267 .
1251 2214 1428 2266 Ταῦτα
1489 2209 1765 2277 πολλάκις
1820 2214 1915 2286 μὶν

248 2296 349 2351 καὶ
386 2293 438 2352 έν
487 2300 566 2368 τῷ
617 2296 748 2371 Περὶ
808 2296 965 2361 θείων
1031 2297 1316 2372 ὀνομάτων
1375 2297 1650 2378 διαφόρως
1683 2301 1914 2375 εἷ’ρηται·

248 2384 376 2439 κατ’
404 2382 674 2460 ἐξαίρετον
725 2382 783 2440 δὲ
831 2384 968 2441 αὐτὰ
1009 2388 1353 2462 ὴρμήνευσεν
1381 2387 1434 2444 ἐν
1467 2389 1614 2462 αὐτῷ
1654 2394 1733 2462 τῷ
1765 2390 1918 2466 λόγῳ

245 2473 545 2550 κεφαλαίῳ
580 2481 665 2546 ια’,
715 2475 838 2551 περί
883 2476 946 2530 τὸ
994 2475 1177 2544 τέλος,
1211 2475 1411 2552 λέγων·
1446 2483 1571 2542 Πῶς
1623 2479 1651 2533 6
1702 2481 1914 2534 πάντων

247 2559 432 2624 αἴτιος
477 2562 567 2617 καὶ
620 2565 813 2635 θεότης
863 2565 954 2619 καὶ
1004 2565 1297 2642 ἀγαθότης,
1353 2568 1444 2622 καὶ
1495 2568 1749 2640 θεότητος
1793 2569 1921 2624 ὑπο-

258 2652 493 2724 στάτης,
567 2653 656 2708 καὶ
732 2655 864 2730 ὑπὲρ
931 2657 1122 2713 ταῦτα.
1182 2654 1342 2712 Οὕτω
1398 2653 1456 2712 δὲ
1525 2658 1916 2734 ἀναγνωστέον·

252 2743 506 2816 Ἐρωτᾷς
556 2745 676 2806 πῶς
732 2743 760 2798 6
820 2743 951 2806 Θεὸς
1012 2745 1142 2821 ὑπὶρ
1203 2743 1460 2816 θεότητος
1519 2747 1744 2822 ἀρχήν;
1791 2748 1920 2802 Εἶτα

249 2829 630 2907 ἀποκρίνεται·
668 2831 732 2889 Εἰ
781 2834 997 2904 νοήσεις
1049 2832 1132 2888 ὅτι
1183 2832 1374 2905 θεότης
1427 2834 1556 2890 αὐτὸ
1594 2837 1657 2890 τὸ
1698 2835 1758 2891 ἐκ
1788 2840 1920 2891 Θεοῦ

254 2917 440 2996 δῶρόν
492 2917 602 2976 ἐστι
655 2922 772 2975 καθ’
805 2922 833 2976 ὃ
879 2921 1166 2996 θεοόμεθα,
1202 2923 1264 2979 οὐ
1316 2924 1426 2996 μὴν
1481 2923 1642 2987 αὐτὸς
1691 2926 1719 2980 6
1769 2925 1919 2993 Θεὸς,

251 3004 413 3086 ἔχεις
456 3011 558 3079 τὴν
611 3009 790 3066 λύσινο
825 3013 852 3067 6
882 3012 983 3088 γὰρ
1034 3013 1186 3083 Θεὸς,
1216 3013 1346 3069 αὐτό
1396 3036 1542 3093 φημι
1570 3014 1660 3069 καὶ
1693 3015 1923 3091 ὑπερού-

255 3120 384 3162 σιος
419 3099 586 3154 οὐσία
617 3099 752 3176 ὑπὲρ
803 3101 904 3168 τὴν
931 3103 1060 3178 παρ’
1090 3101 1255 3157 αὐτοῦ
1300 3100 1653 3178 δωρουμένην
1698 3104 1786 3159 καὶ
1817 3124 1922 3181 χα-

254 3187 568 3264 ριζομένην
632 3189 912 3265 θεαρχίαν,
969 3189 1214 3246 τουτέστι
1268 3192 1460 3256 θέωσιν
1518 3190 1653 3266 ἐστι,
1712 3194 1800 3248 καὶ
1858 3195 1926 3248 τὰ

2015 649 2165 719 quit,
2199 651 2482 721 majorem
2518 651 2696 708 habet
2727 670 2924 709 rerum
2957 653 3324 720 notitiam,ac
3355 669 3549 708 veram
3579 651 3676 708 lu-

2015 754 2164 803 cem,
2209 738 2263 792 id
2326 746 2414 795 est
2471 742 2740 798 veritatis
2798 742 3218 814 cognitionem,
3269 747 3431 797 tanto
3482 743 3674 814 magis

2016 828 2216 898 ignota
2248 836 2445 884 cernet
2475 847 2603 886 esse
2653 831 2755 887 illa
2787 848 2913 902 quae
2945 833 3017 887 de
3049 831 3161 886 Deo
3204 831 3522 900 dicuntur;
3554 848 3672 887 non

2017 917 2174 971 enim
2209 918 2298 971 vel
2329 917 2554 974 lumine
2585 921 2886 992 quopiam,
2922 920 3009 974 vel
3043 919 3375 991 cognitione
3425 920 3672 974 manife-

2019 1010 2277 1076 stantur,
2309 1009 2407 1062 sed
2463 1010 2662 1080 potius
2713 1011 2893 1064 latent
2929 1024 3300 1080 possessores
3349 1025 3509 1064 suos.
3543 1009 3680 1080 ipsa

2017 1113 2253 1168 quoque
2303 1097 2671 1168 quantalibet
2723 1099 3034 1170 promotio,
3070 1102 3124 1152 et
3157 1098 3588 1153 incrementum
3618 1096 3678 1151 in

2019 1185 2134 1256 his,
2161 1185 2381 1240 lumine
2414 1187 2545 1242 dico
2577 1191 2635 1242 et
2665 1187 3020 1259 cognitione,
3044 1188 3224 1241 Deum
3259 1185 3564 1241 declarant
3594 1185 3686 1240 in-

2017 1273 2312 1330 visibilem
2347 1291 2476 1330 esse
2508 1279 2566 1331 et
2623 1275 3164 1345 incognoscibilem,
3193 1274 3467 1346 quoniam
3520 1273 3684 1346 quis-

2020 1363 2155 1435 quis
2187 1364 2311 1420 viso
2343 1364 2459 1420 Deo
2512 1364 2794 1437 intelligit
2822 1365 2879 1420 id
2913 1365 3069 1436 quod
3102 1365 3268 1434 vidit,
3305 1380 3686 1436 nequaquam

2021 1453 2216 1525 ipsum
2247 1454 2414 1525 vidit,
2447 1455 2548 1511 sed
2579 1454 2884 1526 quidpiam
2918 1471 3121 1511 eorum
3155 1471 3285 1526 qua:
3312 1453 3608 1510 exsistunt
3629 1457 3687 1508 et

2021 1551 2484 1613 cognoscuntur.

2094 1635 2200 1688 Hoc
2228 1634 2344 1698 ipso
2374 1632 2516 1704 quod
2546 1634 2860 1688 omnino.In
2894 1632 2988 1688 his
3017 1632 3194 1687 etiam
3229 1630 3682 1701 subintelligen-

2022 1723 2164 1777 dum
2197 1727 2305 1791 est,
2339 1723 2667 1778 secundum
2717 1738 2786 1777 ea
2835 1737 2963 1792 quin
3012 1721 3304 1776 exsistunt
3347 1725 3404 1774 et
3433 1735 3680 1790 cognos~

2025 1815 2258 1867 cuntur.
2293 1811 2511 1865 Verum
2560 1810 2708 1865 illud
2743 1826 2856 1865 non
2890 1826 3018 1865 esse
3049 1809 3163 1881 ipsi
3193 1808 3502 1878 convenit;
3536 1817 3683 1880 quo-

1943 1933 1995 1999 B
2025 1901 2186 1956 niam
2218 1900 2274 1955 id
2332 1900 2512 1971 quod,
2561 1903 2968 1956 creaturarum
3013 1902 3141 1966 est;
3173 1903 3327 1954 Deus
3367 1901 3563 1955 autem
3596 1899 3687 1953 est

2026 2007 2208 2062 supra
2236 1990 2668 2057 exsistentiam,
2702 1989 2921 2061 quippe
2952 1989 3267 2043 increatus.

2540 2105 2614 2163 IN
2657 2104 3064 2161 EPISTOLAM
3107 2107 3176 2160 II.

2099 2214 2373 2284 Quomodo
2422 2214 2518 2286 qui
2568 2218 2646 2268 est
2693 2228 2862 2283 supra
2911 2213 3126 2267 omnia.
3179 2211 3310 2266 Haec
3360 2207 3598 2281 quidem
3633 2207 3690 2262 in

2027 2305 2177 2359 libro
2209 2305 2284 2359 De
2313 2306 2523 2359 divinis
2571 2302 2895 2357 nominibus
2944 2300 3334 2356 diversimode
3385 2297 3689 2369 explicuit,

2028 2393 2376 2449 excellenter
2425 2396 2621 2447 autem
2674 2391 2797 2446 haec
2830 2391 2960 2461 ipsa
3010 2389 3198 2460 capite
3230 2386 3544 2443 undecimo
3578 2384 3690 2439 sub

2030 2484 2203 2536 ﬁnem
2241 2484 2658 2552 interpretatus
2688 2480 3020 2547 est,dicens
3057 2495 3069 2532 :
3103 2476 3406 2541 Quomodo
3435 2474 3536 2546 qui
3570 2489 3692 2529 om-

2029 2571 2192 2627 nium
2227 2576 2316 2625 est
2346 2574 2571 2637 auctor,
2603 2570 2720 2624 imo
2751 2568 2880 2640 ipsa
2926 2567 3113 2622 deitas
3143 2571 3201 2622 et
3231 2565 3488 2634 bonitas,
3519 2564 3692 2618 eil‘ec-

2029 2665 2117 2716 tor
2147 2660 2226 2716 sit
2255 2663 2375 2714 tam
2403 2658 2684 2714 bonitatis
2707 2674 2883 2728 quam
2909 2655 3164 2723 deitatis,
3193 2661 3252 2710 et
3275 2654 3369 2709 his
3409 2653 3690 2708 emineat.

2031 2749 2370 2820 Legendum
2404 2752 2598 2802 autem
2631 2747 2741 2802 hoc
2763 2746 2936 2802 modo
2962 2761 2975 2801 :
3002 2745 3195 2815 Rogas
3219 2742 3514 2814 quomodo
3537 2740 3693 2796 Deus

2030 2840 2109 2895 sit
2126 2855 2303 2909 snpra
2324 2837 2682 2909 principium
2711 2835 3036 2890 divinitatis
3055 2833 3309 2890 ?Deinde
3335 2831 3690 2902 respondet:

2033 2928 2091 2984 Si
2124 2927 2490 2983 divinitatem
2546 2923 2840 2997 intelligas
2888 2940 3016 2980 esse
3069 2923 3289 2978 donum
3340 2920 3539 2991 ipsum
3589 2933 3695 2990 per

2034 3017 2192 3088 quod
2225 3015 2588 3083 deiﬁcamur,
2623 3031 2740 3070 non
2793 3018 2986 3069 tamen
3014 3012 3212 3084 ipsum
3255 3010 3464 3077 Deum,
3516 3007 3699 3062 habes

2036 3105 2428 3162 solutionem:
2463 3109 2615 3159 Deus
2663 3103 2842 3172 enim,
2876 3102 3205 3158 secundum
3237 3099 3597 3170 se,inquam,
3630 3103 3696 3150 ut

2037 3192 2552 3268 superessentialis
2573 3192 2949 3255 essentia,est
2969 3206 3151 3254 supra
3172 3187 3529 3261 principium
3554 3184 3702 3239 illud

254 3278 388 3349 ἑξῆς
425 3277 661 3350 ὁμοίως.
694 3277 827 3332 Εἶτα
870 3275 1068 3335 λοιπὸν
1109 3277 1490 3356 συλλογίζεται
1540 3283 1782 3358 φάσκων,
1817 3281 1922 3350 ὅτι,

2040 3283 2404 3349 divinitatis;
2437 3281 2592 3352 quod
2640 3281 2766 3351 ipse
2812 3281 2913 3334 dat
2961 3283 3135 3349 atque
3182 3274 3606 3339 communicat,
3639 3273 3696 3327 id

255 3365 310 3422 εἴ
339 3367 406 3421 τὸ
438 3365 498 3421 έκ
527 3370 662 3421 Θεοῦ
696 3363 872 3444 δῶρον
905 3367 1053 3444 ἀρχὴ
1084 3368 1288 3445 γίνεται
1330 3374 1426 3424 τοῦ
1473 3372 1722 3434 θεοῦσθαι
1754 3373 1922 3445 ἡμᾶς,

255 3453 462 3526 δῆλον,
497 3453 580 3510 ὅτι
613 3456 688 3530 [ὁ]
720 3457 900 3525 πάσης
935 3457 1115 3533 ἀρχῆς
1147 3455 1341 3529 α⁹ίτιος,
1373 3458 1462 3513 καὶ
1489 3459 1637 3535 ἀρχῆ
1669 3458 1923 3532 ev,an-

255 3545 362 3603 λον
400 3542 459 3600 8‘s
485 3545 840 3621 ὑπεράρχιος,
874 3545 1018 3601 οὕτω
1048 3546 1139 3601 καὶ
1169 3554 1269 3616 τῆς
1312 3545 1612 3624 λεγομένης
1645 3548 1921 3620 θεότητος,

253 3635 294 3706 ἢ
323 3636 403 3697 ὡς
435 3633 696 3711 θεαρχίας
729 3634 974 3690 έπέκεινά
1002 3633 1162 3694 ἐστιν.
1196 3637 1257 3694 Ὁ
1293 3637 1388 3710 μὲν
1411 3637 1512 3712 γὰρ
1543 3636 1674 3700 Θεὸς
1704 3637 1767 3693 οὐ
1788 3637 1926 3692 κατὰ

257 3723 564 3800 σχέσιν,ὡς
594 3725 978 3796 ἡμεῖς,κτᾶται
1010 3724 1072 3779 τὸ
1102 3725 1320 3802 ἀγαθὸν,
1353 3723 1479 3782 ἀλλ’
1505 3725 1752 3801 ἀσχέτως
1783 3723 1920 3801 ἔχει·

256 3817 432 3887 ἡμεῖς
467 3809 524 3868 δὲ
552 3817 765 3888 σχετῶς
797 3815 862 3884 “,
895 3813 1118 3886 τρεπτοὶ
1147 3813 1272 3891 γὰρ,
1304 3813 1506 3878 ἐκεῖνος
1535 3812 1592 3870 δὲ
1640 3812 1923 3891 ἄτρεπτος.

2037 3377 2146 3437 est,
2183 3388 2362 3442 supra
2405 3369 2860 3432 deiﬁcalionem,
2892 3371 2950 3423 et
2981 3367 3066 3423 sic
3097 3367 3169 3422 de
3198 3364 3442 3420 caeteris.
3475 3361 3698 3418 Deinde

2032 3462 2116 3517 sic
2145 3459 2615 3531 argumentando
2665 3457 2768 3525 ait,
2800 3457 2957 3528 quod
2989 3456 3039 3511 si
3095 3455 3205 3510 hoc
3235 3471 3268 3508 a
3299 3453 3416 3508 Deo
3457 3467 3692 3523 proma-

2032 3567 2181 3606 nans
2212 3550 2455 3614 donum,
2489 3546 2844 3618 principium
2897 3549 2989 3600 est
3031 3547 3212 3600 notraa
3269 3539 3686 3606 deificationis,

2035 3639 2240 3710 utique
2270 3638 2444 3693 etiam
2478 3639 2686 3692 auctor
2716 3635 2869 3690 idem
2903 3637 2995 3689 est
3021 3632 3206 3690 totius
3237 3629 3534 3704 principii,
3566 3628 3688 3682 imo

2035 3727 2233 3800 potius
2259 3743 2439 3798 supra
2471 3725 2829 3798 principium
2853 3721 3247 3794 est,atqueita
3267 3720 3486 3776 dictam
3516 3716 3694 3774 etiam

2036 3816 2402 3872 divinitatem
2435 3811 2995 3869 transcendit.Deus
3026 3811 3185 3866 enim
3218 3825 3334 3865 non
3365 3807 3698 3863 secundum

258 3904 578 3974 habitum,
613 3903 699 3960 uti
731 3920 858 3974 nos,
894 3905 1044 3962 805
1083 3905 1406 3962 bonitatem
1441 3906 1689 3974 obtinet,
1720 3909 1823 3963 sed
1855 3906 1982 3963 sine
2013 3906 2216 3962 habitu
2267 3904 2480 3973 habet;
2507 3919 2612 3959 nos
2663 3907 2859 3959 autem
2904 3917 3008 3974 per
3054 3897 3484 3965 habitudinem,
3517 3893 3702 3966 siqui-

262 3995 404 4052 dem
439 4009 551 4050 nos
583 3993 903 4050 mutabiles
928 4011 1159 4066 sumus,
1194 3995 1322 4068 ipse
1351 4012 1486 4052 vero
1519 3995 1934 4052 immutabilis.

337 4089 409 4147 Εἴ
441 4089 675 4162 θεότητα
721 4091 811 4146 καὶ
857 4089 1189 4168 ἂγαθότητα.
1223 4092 1338 4150 Οὐκ
1387 4092 1576 4167 αὐτὴν,
1622 4093 1778 4172 φησὶ,
1829 4095 1927 4162 τὴν

261 4182 382 4237 κατ’
441 4178 627 4235 οὐσίαν
677 4179 910 4250 θεότητα
955 4182 1045 4236 καὶ
1091 4181 1426 4257 ἀγαθότητα,
1472 4184 1502 4237 6'
1547 4203 1599 4237 τι
1648 4183 1780 4238 ποτέ
1818 4181 1932 4237 ἐστι

263 4267 442 4346 λέγω,
473 4267 622 4324 ἀλλᾶ
663 4271 762 4339 τὴν
817 4270 1152 4345 ἀγαθοποιὸν
1197 4271 1288 4326 καὶ
1318 4272 1570 4335 θεοποιὸν
1601 4269 1808 4348 δωρεὰν
1835 4276 1932 4327 τοῦ

265 4355 433 4420 ὄντος
478 4362 614 4414 Θεοῦ
667 4358 758 4413 καὶ
808 4359 1030 4436 ἀγαθοῦ·
1064 4364 1228 4415 τοῦτο
1276 4360 1380 4436 γὰρ
1412 4363 1447 4429 ἡ
1479 4360 1628 4436 ἀρχὴ
1661 4360 1752 4416 καὶ
1787 4359 1934 4415 αἰτία

264 4452 369 4504 τοῦ
424 4448 674 4503 θεοῦσθαι
729 4448 820 4504 καὶ
869 4450 1243 4525 ἀγαθύνεσθαι,
1291 4450 1380 4504 καὶ
1429 4449 1567 4504 κατὰ
1616 4453 1810 4506 τοῦτον
1840 4451 1931 4505 τὸν

263 4536 479 4614 τρόπον
532 4537 666 4616 φησί
723 4536 980 4612 λέγεσθαι
1043 4539 1176 4616 ὑπὶρ
1228 4537 1488 4616 θεαρχίαν
1548 4540 1636 4594 καὶ
1697 4539 1934 4615 ἀγαθαρ-

265 4627 432 4703 χίαν,
461 4627 561 4696 τήν
596 4624 740 4682 οὕτω
773 4623 992 4697 δηλαδή
1036 4627 1364 4701 νοουμένην.
1411 4627 1726 4700 Σημείωσαι
1761 4625 1818 4682 δὲ
1845 4629 1936 4682 καὶ

268 4715 545 4782 έντεῦθεν,
577 4714 661 4770 ὅτι
691 4717 727 4786 ἡ
762 4716 956 4787 θεότης
983 4717 1074 4772 καὶ
1115 4719 1150 4788 ἡ
1183 4716 1455 4793 ἀγαθότης
1501 4716 1601 4772 οὐκ
1645 4717 1940 4772 αὐτοουσία

269 4804 387 4860 έστί
435 4807 535 4860 τοῦ
565 4808 722 4860 Θεοῦ·
753 4804 844 4860 καὶ
891 4807 998 4881 γὰρ
1041 4805 1132 4861 καὶ
1181 4811 1343 4862 τοῦτο
1397 4808 1441 4843 ⁸⁸
1472 4804 1718 4862 ἐπέκεινα
1749 4806 1777 4860 6
1809 4807 1940 4870 Θεὸς

270 4892 498 4969 [μόνος]
559 4891 613 4948 έν
667 4897 749 4967 τῷ
807 4894 939 4968 Περὶ
995 4894 1152 4950 θείων
1211 4894 1498 4970 ὀνομάτων
1537 4893 1822 4974 κεφαλαίῳ
1872 4896 1938 4949 ια’

269 4979 619 5058 πλατύτερον
649 4983 886 5060 εἴρηται.

343 5071 666 5146 ’Δμίμητος
696 5073 788 5127 καί
842 5070 1094 5148 ἄσχετος.
1128 5075 1189 5132 Ὁ
1235 5073 1370 5128 κατὰ
1421 5074 1605 5150 σχέσιν
1658 5071 1756 5128 οὐκ
1793 5067 1937 5149 ἔχων

268 5182 350 5231 τι,
379 5158 509 5216 ἀλλ’
544 5159 596 5233 ἐξ
645 5161 839 5216 ἑαυτοῦ
873 5162 1108 5235 μίμησις
1145 5163 1236 5217 καὶ
1282 5163 1467 5238 σχέσις
1506 5161 1641 5217 αὐτά
1670 5161 1737 5216 τὰ
1764 5161 1934 5237 πράγ-

272 5271 446 5326 ματα,
481 5248 802 5326 μετέχοντες
854 5246 911 5304 δὲ
955 5251 1042 5305 καὶ
1101 5250 1459 5324 μιμούμενοι,
1490 5251 1611 5323 περὶ
1647 5249 1742 5312 οὓς
1769 5253 1937 5305 ταῦτα

269 5343 538 5414 ὁρῶνται.
572 5339 883 5412 ’Δμίμητον
915 5337 972 5394 δὲ
1001 5339 1090 5394 καὶ
1124 5339 1352 5414 ἄσχετον
1382 5337 1482 5417 ἔφη
1513 5339 1576 5393 τὸ
1615 5343 1796 5406 Θεῖον,
1827 5336 1911 5393 ὅτι

273 5429 394 5501 δσῳ
451 5447 536 5490 τις
594 5427 733 5505 πρὸς
766 5426 997 5502 μίμησιν
1055 5427 1146 5483 καὶ
1202 5427 1388 5503 σχέσιν
1438 5431 1572 5483 Θεοῦ
1611 5426 1932 5503 προκόπτει,

2109 4095 2174 4151 Si
2201 4095 2556 4149 divinitatem
2600 4101 2656 4148 et
2705 4091 3028 4148 bonitatem.
3055 4089 3180 4144 Non
3223 4087 3436 4159 ipsam,
3485 4082 3700 4155 inquit,

2042 4185 2374 4241 secundum
2419 4181 2814 4238 substantiam
2863 4178 3230 4234 divinitatem
3264 4182 3322 4232 et
3352 4174 3700 4242 bonitatem,

2041 4274 2172 4330 dico
2206 4273 2346 4345 quid
2380 4273 2620 4328 tandem
2653 4271 2782 4343 ipsa
2812 4271 2909 4335 sit,
2943 4268 3043 4324 sed
3077 4265 3398 4322 boniﬁcum
3449 4266 3506 4318 et
3534 4261 3700 4317 deiﬁ-

2043 4381 2176 4419 cum
2210 4364 2430 4418 donum
2487 4361 2608 4417 veri
2646 4360 2741 4415 Dei
2792 4375 2859 4413 ac
2892 4357 3052 4413 boni.
3087 4357 3203 4411 Hoc
3235 4355 3393 4411 enim
3424 4356 3514 4409 est
3545 4350 3702 4423 prin-

2043 4453 2260 4526 cipium
2294 4455 2351 4507 et
2398 4467 2576 4506 causa
2623 4446 3014 4504 deificationis
3045 4462 3111 4500 ac
3142 4440 3608 4506 boniﬁcationis;
3643 4443 3702 4493 et

2044 4542 2154 4598 hoc
2186 4543 2356 4597 modo
2387 4540 2465 4596 ait
2497 4540 2689 4610 ipsum
2742 4535 2854 4591 dici
2889 4552 3069 4606 supra
3103 4531 3456 4605 principium
3497 4527 3705 4583 divini-

2043 4631 2182 4688 tatis
2231 4647 2298 4686 ac
2345 4627 2650 4693 bonitatis,
2702 4625 2786 4682 sic
2834 4639 3046 4696 nempe
3103 4621 3490 4677 intellectum.
3549 4615 3700 4682 Quin

2046 4719 2224 4776 etiam
2257 4718 2394 4774 hinc
2422 4723 2558 4772 nota
2587 4713 2952 4771 divinitatem
2971 4729 3036 4766 ac
3064 4709 3386 4765 bonitatem
3410 4705 3569 4761 illam
3588 4719 3705 4759 non

2048 4824 2180 4864 esse
2211 4807 2401 4880 ipsam
2451 4806 2550 4861 Dei
2598 4803 2941 4869 essentiam,
2993 4798 3272 4872 quoniam
3328 4811 3510 4867 supra
3553 4791 3708 4880 hanc

2047 4879 2428 4954 etiamrDeus
2478 4898 2591 4960 est,
2633 4897 2699 4949 ut
2745 4894 2819 4948 De
2866 4890 3073 4947 divinis
3115 4887 3459 4952 nominibus,
3513 4879 3706 4953 capite

2047 4986 2384 5054 undecimo,
2417 4983 2605 5039 fusius
2635 4987 2726 5039 est
2755 4979 3133 5052 explicatum.

2117 5076 2206 5132 Est
2239 5074 2592 5130 inimitabilia
2641 5076 2691 5127 et
2734 5071 2949 5127 habitus
2979 5082 3196 5140 expers.
3230 5062 3338 5129 Qui
3371 5059 3704 5118 secundum

2046 5165 2315 5220 habitum
2350 5180 2465 5218 non
2498 5162 2676 5217 habet
2712 5159 3060 5232 quidquam,
3095 5156 3198 5211 sed
3228 5171 3296 5209 ex
3328 5149 3542 5222 seipsis
3571 5147 3708 5203 imi-

2044 5254 2188 5309 tatio
2220 5258 2277 5308 et
2305 5252 2545 5308 habitus
2577 5254 2716 5306 sunt
2746 5265 2838 5304 res
2868 5244 3458 5319 ipsm,participantes
3485 5253 3622 5294 vero
3653 5240 3710 5293 et

2047 5343 2368 5410 imitantes,
2423 5341 2578 5397 circa
2625 5356 2774 5412 quos
2821 5337 2962 5394 talia
3009 5332 3479 5406 conspiciuntur.
3521 5328 3708 5384 Deum

2047 5435 2243 5487 autem
2277 5431 2424 5485 dixit
2447 5427 2856 5484 inimitabilem
2877 5430 2933 5481 et
2958 5423 3197 5480 habitus
3225 5423 3546 5494 expertem:
3563 5431 3711 5488 quo-

1267 5632 1504 5692 νΑιιΙΔι
1540 5633 1938 5696 LEGTIONES
1974 5632 2069 5692 ET
2108 5630 2674 5693 CORREGTIONES.

356 5769 494 5844 δδδτὸ
526 5765 717 5837 ὅντως.
793 5772 838 5810 ⁸⁸
869 5769 1158 5848 σχετικῶς.
1235 5771 1279 5810 ⁸⁵
1309 5768 1538 5833 τούτων.
