4106 6384
423 446 532 504 531

1269 454 1642 510 APPENDIX
1679 455 1781 509 AD
1823 452 2068 507 OPERA
2102 452 2162 505 Β·
2200 450 2515 506 DIONYSII
2553 453 3033 510 AREOPAGITE

3754 450 3857 507 532

430 575 596 633 niam
628 581 851 650 quanto
883 579 1018 652 quis
1053 580 1126 636 ad
1159 580 1550 636 imitationem
1583 584 1641 635 et
1668 578 1768 636 Dei
1795 577 2094 634 habitudi-

2225 579 2463 630 τοσοῦτον
2511 573 2925 650 καταλαμϐάνει
2971 578 3034 632 τὸ
3084 575 3368 655 ἀνέφικτον
3422 583 3524 648 τῆς
3574 579 3859 652 μιμήσεως

431 682 571 722 nem
603 668 938 734 accesserit,
969 674 1132 725 tanto
1165 670 1352 742 magis
1381 669 1676 741 intelligit,
1700 669 1897 740 ipsum
1931 665 2094 723 nulla

424 753 517 812 vel
548 756 878 813 imitatione
909 758 998 814 vel
1027 758 1374 814 habitudine
1403 759 1612 831 attingi
1650 774 1840 830 posse.

934 876 1007 930 IN
1047 875 1452 930 EPISTOLAM
1493 875 1591 930 III.

503 980 744 1050 Repente
772 989 849 1035 est
876 980 933 1035 id
962 980 1104 1051 quod
1129 989 1334 1051 praeter
1362 980 1830 1052 spem.Existimo
1863 979 2096 1051 potissi-

433 1081 596 1122 mum
648 1067 809 1146 istud
865 1069 1274 1139 propheticum
1335 1071 1557 1124 dictum
1618 1069 1911 1124 Malachiie
1969 1085 2096 1138 pro-

432 1155 618 1226 phetas
639 1157 841 1212 Caium
865 1157 1282 1229 interrogasse,
1318 1160 1474 1230 quod
1514 1159 1598 1214 sic
1621 1159 1832 1214 habet:
1863 1160 2097 1230 Repente

431 1247 609 1300 veniet
637 1246 708 1300 ad
736 1247 1003 1318 templum
1033 1263 1197 1302 suum
1231 1250 1505 1303 Dominus
1525 1265 1684 1320 quem
1708 1264 1799 1304 vos
1820 1248 2094 1320 quaeritis,

429 1342 483 1390 et
513 1336 751 1403 angelus
799 1338 1113 1392 testamenti
1141 1353 1297 1408 quem
1346 1354 1437 1393 vos
1461 1338 1793 1393 desideratis
1824 1338 1913 1408 (e).
1950 1337 2093 1392 Mihi

434 1430 631 1480 autem
663 1425 826 1482 visus
856 1431 947 1482 est
973 1427 1091 1482 haec
1123 1430 1541 1500 interrogasse,
1565 1446 1632 1483 eo
1663 1429 1816 1499 quod
1853 1429 2095 1499 subjun-

428 1519 575 1588 gat:
619 1520 734 1572 Hoc
780 1517 1024 1572 arbitror
1073 1519 1424 1589 Scripturam
1481 1519 1794 1584 insinuare,
1853 1517 1954 1572 ubi
2005 1535 2093 1584 ea,

433 1621 562 1675 quas
593 1605 665 1660 de
694 1604 941 1660 Domino
990 1606 1128 1661 Jesu
1180 1607 1415 1665 Christo
1447 1611 1607 1676 sunt,
1640 1607 1888 1661 miriﬁce
1918 1623 2096 1677 expo-

433 1693 540 1749 nit.
575 1694 831 1749 Observa
880 1711 1039 1763 vero,
1075 1697 1371 1767 quomodo
1422 1696 1582 1752 vocis
1635 1693 1888 1771 ἐξαίφνης
1921 1694 2097 1766 origi-

434 1799 568 1838 nem
616 1783 964 1855 investiget;
1000 1783 1343 1855 ibidemque
1372 1789 1509 1840 nota
1558 1785 1859 1842 Christum
1894 1784 2100 1839 huma-

438 1888 578 1926 nam
609 1873 1004 1928 substantiam
1041 1875 1464 1944 assumpsisse.

513 1959 763 2017 Oeeultus
792 1969 976 2016 autem
1023 1970 1118 2017 est.
1155 1918 1409 2017 Occrullus
1457 1962 1530 2017 ab
1577 1961 1705 2034 ipso
1755 1978 1905 2034 saepe
1936 1962 2102 2034 poni-
2133 1950 2182 2016 B

444 2051 543 2102 tur
571 2064 676 2120 pro
725 2065 864 2104 voce
894 2050 1057 2115 Deus,
1091 2054 1147 2104 et
1197 2066 1480 2105 arcanum
1523 2067 1628 2121 pro
1680 2050 2008 2117 divinitate,
2044 2054 2110 2106 ut

445 2151 514 2190 ex
545 2137 1012 2208 praecedentibus
1043 2137 1212 2194 libris
1244 2144 1424 2210 patet.
1447 2139 1700 2195 Occultus
1731 2138 1911 2211 igitur
1931 2140 2107 2196 etiam

446 2223 542 2282 hic
574 2242 679 2299 pro
711 2231 855 2282 Deus
885 2226 1146 2299 ponitur,
1181 2231 1247 2282 ut
1278 2227 1378 2297 qui
1411 2227 1728 2283 invisibilis
1756 2231 1864 2284 est.

949 2341 1024 2397 IN
1064 2340 1472 2398 EPISTOLAM
1503 2347 1600 2397 IV.

513 2449 819 2518 Quomodo,
872 2449 1081 2520 inquis,
1111 2450 1282 2504 Iesus.
1341 2449 1584 2520 Quaeris,
1617 2449 1832 2520 inquit,
1864 2465 2106 2521 quomo-

449 2535 523 2590 do
553 2535 702 2592 hoc?
731 2535 879 2593 Nota
909 2542 1102 2592 autem
1151 2538 1263 2604 hic,
1294 2538 1351 2592 id
1403 2542 1490 2594 est
1534 2539 1592 2593 in
1643 2538 2102 2610 dispensatione,

446 2624 722 2695 quoniam
750 2625 877 2681 sine
924 2625 1054 2692 hac,
1091 2631 1155 2680 ut
1194 2625 1506 2682 hominum
1538 2630 1740 2683 auctor
1770 2629 1941 2697 atque
1973 2627 2100 2698 opi-

438 2712 553 2779 fex,
586 2714 762 2769 etiam
796 2713 973 2770 homo
1006 2714 1243 2772 dicitur.

495 2803 664 2878 .306
695 2803 812 2859 Non
859 2805 1011 2859 enim
1063 2807 1123 2858 ut
1173 2811 1366 2859 auctor
1417 2805 1728 2860 hominum.
1775 2804 1892 2861 Hoc
1924 2805 2100 2860 etiam

437 2891 620 2947 tradit
665 2893 978 2948 Africanus
1033 2893 1093 2948 in
1147 2895 1272 2948 suis
1327 2893 1835 2965 Clironographiis;
1885 2893 2104 2950 dicitur

438 2980 598 3037 enim
649 2982 852 3036 eodem
905 2982 1142 3037 nomine
1190 2983 1346 3039 Deus
1394 2985 1673 3038 omnibus
1703 3000 1830 3054 quas
1878 2999 1948 3037 ex
1973 2982 2101 3053 ipso

441 3075 606 3136 sunt,
637 3070 920 3141 quoniam
953 3070 1012 3124 in
1061 3072 1338 3126 omnibus
1369 3072 1619 3127 exsistit.
1656 3073 1720 3126 In
1765 3072 1872 3127 hac
1904 3076 2100 3127 autem

439 3159 906 3230 dispensatione,
935 3164 1216 3232 tanquam
1271 3162 1597 3216 secundum
1630 3165 1808 3215 totam
1843 3160 2101 3216 hominis

440 3248 835 3304 substantiam
862 3249 1275 3304 substantialis
1299 3250 1473 3305 homo
1497 3251 1730 3319 dicitur,
1747 3251 1921 3321 juxta
1942 3252 2096 3322 quod

437 3336 658 3393 dictum
691 3341 782 3394 est
815 3355 828 3392 :
862 3339 924 3394 In
953 3354 1056 3410 quo
1088 3338 1433 3394 inhabitavit
1462 3341 1641 3394 omnis
1684 3339 1976 3410 plenitudo
2007 3340 2099 3396 di-

433 3425 684 3482 uinitatis
711 3429 1076 3499 corporaliter
1104 3427 1464 3499 (f).0bserva
1494 3433 1690 3484 autem
1722 3432 1912 3484 totum
1944 3429 2098 3502 epis-

434 3515 566 3573 tolas
597 3521 962 3585 contextum,
1007 3518 1292 3590 quoniam
1342 3525 1431 3575 est
1461 3525 1666 3576 contra
1714 3537 1952 3576 omnem
1985 3521 2101 3577 hae-

438 3605 642 3676 resim,
672 3610 795 3662 tam
829 3606 1139 3678 antiquam
1174 3625 1350 3678 quam
1385 3626 1616 3664 novam.

511 3699 620 3751 Nos
649 3698 832 3750 autem
859 3700 1072 3754 Iesum.
1096 3697 1221 3752 Non
1254 3714 1357 3768 per
1393 3697 1852 3764 humanitatem,
1885 3697 2105 3769 inquit,

441 3783 660 3840 Christi
705 3784 906 3856 ipsum
937 3785 1278 3856 definimus,
1311 3787 1433 3841 sive
1480 3804 1661 3859 supra
1691 3786 1992 3841 hominem
2025 3787 2108 3840 di.

445 3872 658 3945 cimus,
690 3874 858 3945 quasi
907 3875 1243 3946 prodigium
1297 3875 1406 3931 hoc
1450 3876 1777 3932 secundum
1820 3875 2106 3932 rationem

445 3963 794 4030 substantiae
818 3964 1154 4020 communis
1179 3968 1401 4019 natura:
1426 3965 1837 4029 deﬁniremus;
1863 3967 1963 4020 sed
1989 3982 2111 4020 ma-

446 4055 657 4110 nifeste
703 4054 1032 4110 secundum
1086 4054 1367 4108 rationem
1403 4052 1752 4109 divinitatis.
1786 4053 1932 4109 Nam
1967 4057 2106 4111 sub-

435 4142 681 4213 junxit:
714 4143 913 4213 Neque
962 4144 1118 4196 enim
1173 4142 1348 4197 homo
1388 4148 1642 4212 tantum,
1674 4159 1878 4198 verum
1930 4145 2107 4200 etiam

444 4233 622 4288 Deus.
656 4231 801 4299 Etsi,
835 4230 1050 4302 inquit,
1087 4236 1270 4286 totam
1307 4231 1565 4286 hominis
1600 4232 1992 4289 substantiam
2024 4251 2112 4290 as-

445 4318 887 4391 sumpsit,haud
921 4324 1119 4375 tamen
1143 4336 1490 4391 separamus
1515 4320 1710 4391 ipsum
1729 4338 1762 4377 a
1783 4321 2106 4393 divinitate;

444 4406 725 4482 quoniam
783 4405 1141 4480 subjungit:
1195 4406 1321 4464 Non
1384 4406 1540 4462 enim
1600 4407 1778 4462 homo
1835 4413 2105 4480 tantum;

445 4497 659 4555 deinde
690 4512 823 4552 cum
855 4495 965 4551 hoc
996 4495 1345 4561 dixit,infert
1381 4513 1392 4552 :
1426 4497 1626 4568 Neque
1657 4499 2109 4568 suprasubstan-

443 4584 604 4642 tialis
635 4584 850 4652 solum,
885 4589 1181 4657 quatenus
1211 4585 1383 4639 etiam
1419 4585 1617 4641 homo.

519 4673 704 4745 Supra
732 4674 1006 4730 homines.
1039 4678 1228 4744 Supra
1278 4673 1551 4728 homines
1583 4676 1843 4747 quidem,
1876 4677 2015 4748 quia
2042 4695 2110 4734 ex
2136 4687 2186 4751 ι)

448 4761 727 4836 Virgine;
759 4762 1086 4819 secundum
1121 4761 1391 4817 homines
1419 4779 1574 4828 vero,
1607 4769 1844 4836 propter
1873 4769 2111 4838 tempus

450 4852 508 4908 in
541 4857 730 4923 utero,
763 4867 974 4922 nempe
1004 4849 1330 4906 secundum
1386 4854 1782 4923 conreptionis
1826 4853 1981 4926 leges
2013 4872 2108 4910 ex-

451 4940 699 5012 pletum.
735 4939 815 4993 Ex
846 4939 1110 4993 humana
1143 4954 1280 4993 vero
1323 4940 1676 5006 substantia,
1711 4943 2011 5015 quoniam,
2047 4949 2112 5000 ut

450 5030 607 5086 idem
640 5031 884 5086 sanctus
914 5027 1086 5083 Pater
1116 5027 1370 5100 dicebat,
1402 5045 1471 5084 ex
1504 5031 1780 5103 virgineis
1806 5034 2110 5106 sanguini.

449 5119 562 5175 bus
591 5123 864 5174 sanctum
895 5116 1113 5173 Christi
1145 5133 1361 5189 corpus
1391 5121 1715 5176 constabat.

516 5213 700 5280 Supra
729 5207 1121 5275 substantiam,
1153 5207 1524 5264 substantiam
1567 5215 1888 5284 assumpsit.
1922 5214 2112 5270 Etiam

449 5301 582 5370 post
611 5295 1081 5352 incarnationem
1135 5299 1880 5368 suprasubstantialitatom
1911 5301 2112 5375 appel-

519 5477 594 5552 (ο)
626 5475 764 5536 Mal.
800 5493 886 5550 ιιι,
920 5477 970 5532 1.
1053 5477 1117 5550 (f)
1148 5477 1369 5537 Coloss.
1404 5496 1469 5552 ιι,
1497 5480 1553 5537 9.

2206 665 2296 718 καὶ
2327 665 2588 740 σχέσεως.

2615 856 2726 910 ΕΙΣ
2762 855 2900 910 ΤΗΝ
2935 856 3343 912 ΕΠΙΣΤΟΛΗΝ
3373 857 3448 912 I“.

2278 959 2567 1036 Ἐξαίφνης
2624 959 2735 1014 ἐστὶ
2789 961 2851 1015 τὸ
2908 962 3034 1037 παρ’
3095 959 3320 1019 ἐλπίδα.
3382 960 3675 1038 Έφίστημι
3713 1003 3727 1028 ,
3788 960 3862 1022 ὡς

2206 1049 2288 1101 δτι
2355 1048 2568 1120 μᾶλλον
2631 1050 2804 1104 ἐκεῖνο
2855 1050 2918 1104 τὸ
2967 1050 3305 1128 προφητικὸν
3355 1054 3453 1105 τοῦ
3504 1051 3795 1127 προφήτου
3821 1052 3865 1086 ⁸⁸

2205 1135 2502 1211 Μαλαχίου
2554 1139 2838 1213 ἠρώτησεν
2885 1140 2912 1192 6
2961 1140 3142 1206 Γάϊος,
3173 1140 3237 1194 τὸ
3281 1135 3431 1214 ἕχον·
3466 1138 3565 1192 Καὶ
3614 1137 3870 1215 ἐξαίφνης

2205 1224 2320 1298 ἥξει
2353 1226 2426 1288 εἷς
2456 1227 2546 1281 τὸν
2579 1228 2705 1281 ναὸν
2749 1227 2911 1282 αὐτοῦ
2966 1229 2993 1281 6
3049 1228 3270 1302 Κύριος,
3310 1229 3368 1282 δν
3415 1226 3573 1300 ὑμεῖς
3634 1233 3870 1298 ζητεῖτε,

2203 1314 2293 1368 καὶ
2358 1317 2385 1370 6
2443 1313 2670 1393 ἅγγελος
2721 1323 2821 1385 τῆς
2874 1314 3166 1388 διαθήκης,
3221 1315 3280 1371 ὃν
3333 1316 3490 1390 ὑμεῖς
3531 1315 3866 1380 ὲπιποθεῖτε.

2216 1401 2406 1474 ’Έίοξε
2464 1402 2520 1459 δέ
2582 1427 2675 1478 μ,ι
2729 1411 2890 1460 τοῦτο
2940 1406 3259 1480 ἡρωτῆσθαι
3314 1404 3374 1460 ἐκ
3417 1409 3516 1460 τοῦ
3555 1403 3868 1480 ἐπαγαγεῖν

2207 1497 2376 1547 Τοῦτο
2434 1497 2588 1566 οἶμαι
2645 1497 2744 1564 τὴν
2799 1493 3088 1569 θεολογίαν
3141 1494 3488 1549 αἰνίττεσθαι·
3542 1493 3864 1566 θαυμασίως

2208 1582 2428 1636 ἐνταῦθα
2459 1583 2799 1658 θεολογεῖτὰ
2845 1584 2969 1659 περὶ
2999 1588 3095 1637 τοῦ
3137 1583 3335 1659 Κυρίου
3369 1584 3550 1653 Ἰησοῦ
3599 1585 3865 1657 Χριστοῦ.

2210 1672 2529 1743 Σημείωσαι
2563 1669 2620 1726 δὲ
2649 1677 2764 1734 πῶς
2797 1672 3128 1748 ἐτυμολογεῖ
3173 1671 3235 1727 τὸ
3275 1671 3517 1748 ἐιίξαίφης⁹
3552 1672 3870 1745 σημείωσαι

2208 1759 2298 1813 καὶ
2329 1762 2391 1816 τὸ
2422 1761 2772 1836 ἀνθρωπίνως
2804 1759 3137 1831 οὐσιωθῆναι
3169 1761 3407 1835 Χριστόν
3440 1763 3504 1817 ⁴⁷.

2693 1919 2827 1977 ἐστι.
2886 1923 2956 1975 Τὸ
3012 1920 3242 1999 κρύφιος
3296 1918 3571 1984 πολλάκις
3619 1920 3738 1975 ἀντὶ
3775 1925 3877 1975 τοῦ

2220 2011 2349 2072 Θεὸς
2383 2013 2521 2078 εἶπε,
2565 2009 2653 2065 καὶ
2691 2009 3031 2084 κρυφιότητα
3076 2010 3174 2078 τὴν
3226 2007 3478 2081 θεότητα,
3528 2009 3604 2072 ὡς
3653 2008 3706 2063 ἐν
3754 2014 3877 2071 τοῖς

2217 2095 2329 2154 ἅνω
2363 2097 2574 2173 λόγοις.
2607 2100 2681 2156 Τὸ
2712 2098 3051 2176 κρύφιότητα
3095 2101 3195 2168 τὴν
3245 2097 3496 2168 θεότητα,
3530 2097 3605 2160 ὡς
3649 2097 3704 2152 ἓν
3755 2103 3882 2161 τοῖς

2219 2191 2330 2243 ἄνω
2361 2187 2571 2264 λόγοις.
2602 2189 2672 2243 Τὸ
2720 2187 2948 2266 κρύφιος
3001 2187 3090 2242 οὖν
3124 2186 3351 2252 ἐνταῦθα
3401 2187 3515 2242 ἀντὶ
3557 2190 3654 2242 τοῦ
3682 2187 3710 2242 ὁ
3742 2186 3878 2249 Θεὸς

2218 2277 2451 2354 εἷ’ρηται,
2484 2278 2557 2340 ὡς
2592 2279 2841 2354 ἀόρατος.

2609 2395 2724 2450 ΕΙΣ
2775 2396 2921 2449 ΤΗΝ
2966 2393 3371 2449 ΕΙΙΙΣΤΟΛΗΝ
3403 2398 3472 2450 A'.

2285 2504 2431 2570 Πῶς,
2484 2499 2610 2574 φῂς,
2655 2501 2887 2570 Ἰησοῦς.
2940 2500 3268 2574 Ἐπερωτᾷς,
3314 2497 3468 2575 φησὶ,
3501 2502 3622 2560 πῶς
3666 2501 3871 2566 τοῦτο;

2217 2589 2536 2663 Σημείωσαι
2587 2586 2643 2644 δὲ
2681 2589 2743 2642 τὸ
2796 2585 3000 2657 ἐνθάδε,
3045 2587 3322 2643 τουτέστιν
3368 2587 3420 2643 ὲν
3451 2591 3520 2660 τῇ
3553 2585 3869 2660 οἰκονομίᾳ,

2214 2677 2328 2734 ἐπεὶ
2364 2676 2493 2754 δίχα
2533 2677 2759 2748 ταύτης,
2810 2676 2898 2731 καὶ
2949 2677 3021 2738 ὡς
3072 2674 3247 2740 αἴτιος
3292 2677 3622 2751 ἀνθρώπων,
3654 2675 3873 2753 λέγεται

2213 2767 2518 2843 ἄνθρωπος,
2550 2768 2625 2829 ὡς
2656 2767 2896 2837 ποιητὴς
2924 2767 3248 2841 ἀνθρώπων.

2283 2857 2360 2914 Οὐ
2417 2857 2518 2932 γὰρ
2581 2857 2655 2919 ὡς
2712 2854 2884 2917 α’ίτιος
2959 2856 3284 2932 ἀνθρώπων.
3352 2854 3522 2910 Τοῦτό
3590 2877 3725 2931 φησι
3779 2855 3872 2911 καὶ

2211 2945 2536 3023 Ἀφρικανὸς
2607 2943 2659 3000 ἐν
2738 2951 2858 3006 ταῖς
2943 2942 3400 3022 Χρονογραφίαιςο
3480 2943 3698 3019 λέγεται
3771 2944 3872 3019 γὰρ

2212 3035 2525 3108 ὁμωνύμως
2557 3037 2584 3090 ὁ
2616 3035 2744 3096 Θεὸς
2795 3039 2924 3093 πᾶσι
2967 3039 3084 3096 τοῖς
3120 3033 3171 3105 ἐξ
3217 3033 3406 3103 αὐτοῦ,
3438 3032 3630 3104 ἐπειδή
3681 3033 3736 3088 ἐν
3769 3040 3873 3089 πᾶ-

2212 3125 2290 3180 σίν
2344 3123 2510 3180 ἐστιν.
2547 3125 2631 3180 Ἐν
2686 3121 2743 3178 δὲ
2771 3127 2838 3195 τῇ
2892 3123 3184 3196 οἰκονομίᾳ
3215 3125 3289 3186 ὡς
3343 3123 3481 3178 κατᾶ
3525 3124 3626 3192 τήν
3683 3122 3870 3178 οὐσίαν

2211 3212 2350 3284 ὅλην
2406 3213 2690 3275 οὐσιωθεῖς
2745 3209 3032 3288 ἄνθρωπος
3085 3212 3328 3286 λέγεται,
3376 3212 3512 3268 κατὰ
3553 3213 3616 3268 τὸ
3649 3211 3872 3286 εἰρημέ-

2131 3315 2175 3383 C
2213 3323 2326 3359 νον·
2361 3305 2446 3360 Ἐν
2495 3304 2540 3374 ᾧ
2589 3308 2832 3356 κατοικεῖ
2873 3306 2976 3356 πᾶν
3025 3309 3126 3371 τῆς
3177 3301 3434 3373 θεότητος
3482 3302 3546 3357 τὸ
3587 3300 3876 3376 πλήρωμα

2211 3397 2564 3466 σωματικῶς,
2598 3395 2775 3447 ΙΙᾶσαν
2808 3387 2866 3444 δὲ
2897 3390 3040 3460 λέξιν
3070 3397 3170 3460 τῆς
3204 3389 3500 3460 ἐπιστολῆς
3539 3392 3874 3465 σημείωσαι·

2209 3478 2320 3538 ἔστι
2361 3481 2461 3556 γὰρ
2511 3481 2649 3536 κατὰ
2695 3481 2875 3550 πάσης
2922 3480 3200 3555 αἱρέσεως,
3255 3475 3625 3557 πρεσϐυτέρας
3674 3501 3736 3535 τε
3784 3479 3875 3534 καὶ

2210 3573 2499 3643 νεωτὲρας.

2285 3714 2478 3786 Ἡμεῖς
2539 3711 2596 3768 δὲ
2650 3711 2742 3766 τὸν
2797 3713 3046 3783 Ἰησοῦν.
3108 3711 3186 3770 Οὐ
3245 3711 3335 3766 διὰ
3389 3711 3452 3766 τὸ
3503 3710 3878 3786 ἀνθρώπινον,

2218 3801 2374 3880 φησὶ,
2423 3806 2518 3856 τοῦ
2576 3803 2818 3874 Χριστοῦ
2873 3800 3035 3856 αὐτὸν
3093 3799 3450 3875 ἀφορίζομεν,
3506 3797 3681 3875 ἤγουν
3743 3801 3879 3876 ὑπὲρ

2219 3889 2500 3965 ἄνθρωπον
2533 3888 2792 3965 λέγομεν,
2825 3891 2898 3952 ὡς
2950 3889 3095 3962 ξένον
3144 3894 3306 3945 τοῦτο
3353 3890 3492 3945 κατὰ
3520 3889 3613 3945 τὸν
3644 3895 3751 3960 τῆς
3785 3889 3881 3945 οὗ·

2220 3980 2332 4042 σίας
2373 3979 2540 4056 λόγον
2570 3983 2666 4034 τοῦ
2713 3983 2899 4034 κοινοῦ
2946 3985 3046 4049 τῆς
3098 3979 3309 4056 φύσεως
3357 3977 3696 4053 ὁριζόμενοι,
3731 3977 3884 4034 ἀλλᾶ

2218 4066 2518 4142 προδήλως
2571 4069 2708 4123 κατὰ
2755 4067 2846 4122 τὸν
2904 4075 3004 4136 τῆς
3055 4067 3312 4139 θεότητος
3365 4067 3552 4144 λόγον.
3599 4069 3886 4144 Ἐπήγαγε

2216 4160 2338 4234 γάρ·
2373 4155 2513 4216 Οὐδὲ
2553 4157 2653 4233 γὰρ
2704 4155 2990 4233 ἄνθρωπος
3041 4158 3227 4229 μόνος,
3277 4154 3424 4212 ἀλλά
3471 4156 3560 4211 καὶ
3614 4157 3776 4219 Θεός.
3820 4155 3886 4213 El

2219 4248 2308 4302 καὶ
2357 4247 2494 4318 ὅλην
2540 4245 2724 4301 οὐσίαν
2776 4245 3068 4321 ἀνθρώπου
3116 4240 3372 4313 ἀνέλαϐε,
3422 4247 3611 4324 φησὶν,
3654 4245 3791 4301 ἀλλ’
3823 4245 3887 4300 οὗ

2218 4333 2532 4410 διαιροῦμεν
2580 4333 2742 4390 αὐτόν
2795 4335 2899 4388 ἀπὸ
2947 4337 3046 4404 τῆς
3077 4333 3362 4405 θεότητος*
3395 4332 3585 4408 ἐπάγει
3633 4334 3768 4409 γάρ·
3806 4333 3887 4391 Οὐ

2214 4426 2316 4502 γὰρ
2369 4422 2652 4501 ἅνθρωπος
2705 4423 2891 4496 μόνον·
2947 4423 3083 4493 εἶτα,
3132 4427 3295 4478 τοῦτο
3356 4423 3546 4492 εῗπὼν,
3608 4421 3889 4500 ἐπιφέρει,

2217 4511 2360 4571 Οὐδὲ
2392 4512 2712 4588 ὑπεροόσιος
2745 4512 2934 4584 μόνον,
2966 4513 3087 4576 καθ’
3118 4513 3146 4567 ὃ
3175 4512 3265 4566 xui
3295 4509 3607 4587 ἅνθρωπος.

2285 4675 2443 4751 Ὑπὲρ
2495 4674 2810 4749 ἀνθρώπους
2847 4716 2859 4728 .
2909 4673 3067 4746 Ὑπὲρ
3129 4672 3448 4746 ἀνθρώπους
3507 4673 3602 4744 μὲν
3669 4669 3766 4728 διὰ
3825 4695 3893 4728 το

2222 4763 2282 4820 ἐκ
2336 4762 2627 4839 παρθενου’
2677 4764 2795 4816 κατ’
2856 4763 3173 4837 ἀνθρώπους
3221 4758 3277 4815 δὲ
3327 4759 3416 4816 διὰ
3461 4762 3551 4816 τὸν
3605 4762 3659 4816 ἐν
3696 4764 3893 4838 μήτρᾳ

2217 4855 2442 4930 χρόνον,
2471 4853 2506 4922 ἢ
2540 4851 2614 4914 ὠς
2659 4851 2786 4914 τοὺς
2838 4851 3042 4925 νόμους
3091 4858 3192 4919 τῆς
3224 4853 3492 4922 κυήσεως.
3535 4853 3633 4907 Ἐκ
3655 4859 3764 4922 τῆς
3799 4856 3891 4908 ἂν·

2220 4944 2451 5019 θρώπων
2486 4939 2542 4996 δὲ
2592 4940 2797 5011 οὐσίας,
2829 4939 2910 4994 ὅτι
2943 4939 3018 5003 ὠς
3065 4939 3226 5002 αὐτὸς
3257 4941 3283 4993 6
3318 4941 3477 5008 ἅγιος
3531 4941 3719 5018 Πατὴρ
3754 4936 3888 5020 ἔφη,

2220 5031 2280 5088 ἐκ
2333 5036 2442 5087 τῶν
2484 5032 2820 5106 παρθενικῶν
2872 5028 3118 5104 αἱμάτων
3177 5029 3240 5084 τὸ
3302 5031 3456 5105 ἅγιον
3513 5034 3677 5104 σῶμα
3733 5036 3892 5107 Χρι-

2223 5126 2371 5180 στοῦ.

2292 5211 2450 5286 Ὑπὲρ
2509 5208 2693 5264 οὐσίαν
2751 5207 3015 5278 οὐσιώθη.
3078 5208 3176 5262 Καὶ
3254 5209 3389 5282 μετὰ
3444 5209 3547 5278 τὴν
3606 5207 3896 5286 ἐνανθρώ..

2222 5322 2387 5371 πησιν
2436 5299 2868 5373 ὑπερουσιότητα
2925 5295 3178 5371 ὠνόμασε
3228 5297 3328 5366 τὴν
3384 5296 3636 5370 θεότητα.
3695 5299 3772 5355 Τὸ
3835 5295 3894 5354 δὶ

1469 5633 1703 5691 VARUE
1739 5635 2127 5696 LECTIONES
2165 5638 2256 5695 ET
2295 5631 2846 5695 CORRECTIONES.

524 5762 570 5801 ⁸⁸
595 5759 692 5816 τοῦ
723 5755 1030 5817 δωδεκάτου
1060 5761 1369 5840 προφήτου.
1447 5763 1490 5798 ‘7
1522 5761 1850 5827 οὑσιωθέντα
1878 5761 2315 5842 προεληλυθέναι
2345 5766 2436 5822 τὸν
2467 5759 2728 5840 Χριστόν.
