4106 6396
311 433 425 491 533

1282 441 1340 492 S.
1379 441 1649 495 MAXIMI
1683 439 1989 496 SCHOLIA
2023 442 2098 495 IN
2137 444 2296 498 EPP.
2337 447 2396 499 Β.
2436 441 2772 497 DIONYSII.

3639 431 3747 486 534

311 556 523 627 ταύτης
578 555 898 631 ὑπερούσιον
944 559 1008 612 τὸ
1071 554 1416 634 ὑπερϐάλλον
1469 565 1570 629 τῆς
1628 557 1831 632 ούσίας,
1879 558 1970 614 καὶ

2093 564 2227 619 lavit
2251 565 2641 619 divinitatem.
2666 562 2856 630 Hujus
2877 564 3071 614 autem
3099 554 3748 626 supersubstantialitas

314 646 535 724 σοφίας,
567 645 658 700 καὶ
697 643 1004 719 δυνάμεως.

393 823 499 880 Καὶ
562 824 694 899 ὑπὲρ
754 825 1062 899 ἄνθρωπον.
1124 825 1446 901 Ἀνθρώπου
1506 827 1599 899 μὲν
1652 825 1716 882 τὸ
1776 826 1836 881 ἐκ
1880 849 1975 902 γυ-

313 912 529 974 ναικός·
567 912 698 988 ὑπὲρ
749 911 1032 988 ἄνθρωπον
1086 911 1163 982 δὲ,
1197 914 1258 967 τὸ
1305 914 1364 969 ἐκ
1409 915 1697 990 παρθένου.
1729 916 1973 989 Σημείω-

316 1021 409 1055 σαι
457 998 536 1073 δὲ,
571 1002 654 1055 ὅτι
707 1003 895 1076 γήϊνον
941 1001 1002 1056 τὸ
1051 1005 1211 1075 σῶμα
1257 1008 1354 1058 τοῦ
1404 1008 1659 1080 Χριστοῦ,
1707 1007 1794 1060 καὶ
1847 1005 1977 1080 ούχὶ

317 1089 599 1166 οὐράνιον,
632 1089 706 1153 ὥς
736 1110 878 1152 τινες
910 1091 1166 1163 ᾠήθησαν
1199 1092 1264 1148 ⁸⁸.

394 1179 633 1252 Δύναμιν
705 1179 1065 1254 ὑπεροχικῆς.
1126 1177 1268 1236 Ἰδοὺ
1343 1178 1432 1235 καὶ
1493 1181 1718 1236 ἐνταῦθα
1777 1182 1979 1257 ὑπερο-

313 1273 500 1343 χικῶς
548 1269 664 1323 εἶπε
711 1269 848 1342 πρὸς
907 1265 1326 1337 ἀντιδιαστολήν
1380 1275 1488 1324 τῶν
1540 1272 1678 1325 κατὰ
1727 1271 1976 1348 στέρησιν

314 1352 787 1430 λαμϐανομένων.
820 1356 994 1421 Εὐθὺς
1048 1355 1106 1412 δὲ
1158 1355 1245 1411 διὰ
1290 1363 1398 1413 τῶν
1449 1359 1802 1435 ἐπαγομένων
1855 1361 1977 1414 ὲαυ-

311 1446 410 1500 τὸν
473 1446 856 1522 ἐφερμηνεύει.
915 1446 982 1502 Τί
1054 1444 1112 1500 δέ
1176 1447 1286 1501 ἐστι
1344 1447 1645 1525 κατάφασις
1678 1493 1692 1518 ,
1752 1449 1976 1523 εἷ’πομεν

314 1532 432 1590 ἄνω
481 1533 536 1590 ἐν
576 1539 658 1608 τῷ
712 1535 839 1610 Περὶ
899 1539 1166 1607 μυστικῆς
1212 1534 1523 1610 θεολογίάς,
1573 1537 1855 1612 κεφαλαίῳ
1907 1540 1976 1614 γ’.

312 1631 445 1687 Πῶς
491 1622 550 1679 δὲ
615 1624 704 1679 ἐπὶ
775 1628 871 1678 τοῦ
945 1624 1143 1698 Κυρίου
1201 1628 1335 1698 ἡμῖν
1395 1628 1575 1696 Ἰησοῦ
1626 1631 1868 1702 Χριστοῦ
1923 1629 1979 1681 αἱ

311 1714 645 1791 καταφάσεις
694 1710 921 1786 δύναμιν
976 1709 1168 1787 ἔχουσι
1217 1713 1593 1790 ὑπερεχούσης
1631 1714 1977 1793 ἀποφάσεως,

311 1804 386 1858 τὰ
443 1802 583 1858 κατᾶ
641 1802 965 1878 ἀνθρώπους
1020 1801 1309 1878 ἐξηγεῖται.
1362 1803 1428 1857 Εἴ
1481 1803 1582 1879 γὰρ
1639 1803 1977 1880 καταφάσκο-

316 1914 419 1967 μεν
452 1893 708 1968 Χριστοῦ,
761 1890 1010 1966 λέγοντες
1057 1888 1340 1968 ἄνθρωπον
1394 1895 1552 1962 εἶναι,
1605 1893 1693 1947 καὶ
1745 1891 1805 1947 ἐκ
1835 1913 1977 1967 παρ-

311 1979 474 2036 θένου
527 1980 734 2054 μητρὸς
782 1981 895 2035 κατ’
947 1978 1130 2034 οὐσίαν
1186 1981 1368 2053 ἡμῶν.
1422 1979 1570 2035 ἀλλὰ
1597 1980 1980 2056 κεκρυμμένην

313 2067 440 2145 ἔχει
501 2070 591 2124 καὶ
655 2069 788 2144 ὑπὲρ
847 2073 973 2123 νοῦν
1033 2070 1133 2138 τήν
1183 2070 1280 2140 τῇς
1349 2068 1668 2147 ἀποφάσεως
1728 2067 1976 2143 δύναμιν.

315 2161 475 2234 Ἐρεῖ
522 2158 624 2234 γὰρ
674 2160 702 2213 6
749 2157 988 2225 ἀκούων,
1035 2158 1137 2212 οὐκ
1182 2154 1488 2233 ἅνθρωπος,
1531 2155 1718 2226 ἔπειδή
1751 2156 1810 2213 ἐκ
1838 2180 1984 2235 παρσ-

314 2250 502 2317 θένου,
551 2245 679 2303 ἀλλ’
733 2248 866 2322 ὑπὲρ
921 2247 1230 2321 ἄνθρωπον,
1282 2246 1327 2301 εἰ
1383 2246 1474 2301 καὶ
1533 2248 1669 2302 κατὰ
1718 2249 1788 2302 τὰ
1837 2248 1982 2303 ἀλλα

311 2337 631 2415 ἅνθρωπος.
682 2337 992 2413 Ἐξηγεῖται
1043 2334 1102 2390 δὲ
1149 2336 1238 2390 καὶ
1287 2339 1470 2404 τοῦτο,
1521 2334 1759 2412 φάσκων,
1793 2337 1875 2391 ὅτι
1919 2339 1982 2391 τὸ

313 2425 504 2503 λέγειν
564 2427 726 2482 αὑτὸν
787 2423 1072 2500 ἄνθρωπον
1126 2429 1526 2502 καταφατικῶς,
1586 2429 1745 2479 τοῦτο
1791 2422 1982 2498 δηλοῖ,

313 2515 423 2571 οὐκ
453 2517 589 2570 εἶναι
640 2516 927 2591 ἄνθρωπον
991 2514 1368 2589 ἆποφατικῶς,
1414 2511 1542 2568 ἀλλ’
1591 2513 1726 2589 ὑπὲρ
1775 2510 1982 2587 ἄνθρω-

311 2626 449 2676 πον,
482 2603 742 2676 δηλονότι
771 2601 860 2660 διὰ
889 2603 956 2659 τὰ
986 2608 1190 2677 σημεῖα
1228 2605 1295 2658 τὰ
1324 2603 1592 2679 γενόμενα
1632 2604 1759 2678 παρ’
1790 2604 1979 2660 αὑτοῦ.

392 2801 474 2860 Ού
533 2800 670 2856 κατᾶ
726 2801 855 2856 Θεὸν
915 2801 985 2855 τὰ
1041 2801 1157 2854 Θεῖα
1207 2797 1448 2876 δράσας.
1513 2799 1592 2856 Ού
1659 2800 1796 2854 κατά
1853 2800 1983 2855 Θεὸν

322 2893 426 2966 μὲν
460 2889 652 2964 δρᾶσαι
678 2890 746 2945 τὰ
777 2894 894 2953 θεῖα
949 2888 1094 2963 λέγει
1145 2889 1236 2943 τὸν
1267 2889 1534 2964 Χριστὸν,
1571 2887 1654 2943 ὅτι
1691 2889 1826 2961 μετὰ
1854 2908 1985 2963 cap-

317 2983 422 3043 κὸς
450 2980 542 3036 καὶ
573 2980 637 3035 ού
669 2983 851 3055 γυμνῇ
881 2982 949 3053 τῇ
1002 2978 1240 3049 θεότητι·
1277 2977 1432 3052 ὅμως
1464 2975 1509 3032 δ“
1558 2976 1651 3033 οὖν
1692 2980 1827 3032 Ocior
1863 2977 1986 3032 οὕτε

319 3071 395 3126 τὰ
447 3069 763 3144 ἀνθρώπινα
809 3070 925 3123 κατ’
976 3065 1281 3144 ἄνθρωπον.
1314 3065 1367 3122 ἐν
1419 3066 1632 3138 ἐξουσίᾳ
1669 3067 1773 3142 γὰρ
1806 3069 1984 3134 θεῖκῆ,

322 3158 423 3214 ὅτε
475 3152 784 3225 ἐϐούλετο,
846 3153 1032 3218 διδοὺς
1087 3156 1276 3227 καιρὸν
1326 3155 1396 3230 τῇ
1454 3156 1609 3231 σαρκὶ
1666 3156 1733 3210 τὰ
1788 3155 1986 3224 ἑαυτῆς

317 3248 584 3324 ἐνεργεῖν·
639 3245 794 3320 ὅμως
850 3243 895 3300 δ’
946 3243 1036 3300 οῦν
1085 3244 1435 3321 ἀνθρώπινα.-
1467 3247 1541 3300 Τὸ
1593 3241 1650 3300 δὲ
1689 3241 1985 3320 ἀνδρωθέν-

2086 656 2177 708 est
2198 654 2520 710 eminentia
2543 650 2888 708 substantiae
2911 651 2968 703 et
2991 645 3292 717 sapientiae
3316 661 3380 699 ac
3411 643 3743 715 potestatis.

2157 743 2222 797 Et
2253 760 2424 814 supra
2457 743 2749 798 hominem.
2789 735 3056 792 Hominis
3087 735 3350 805 quidem,
3385 734 3538 804 quod
3573 732 3649 788 sit
3678 749 3747 787 ex

2090 831 2370 900 muliere;
2406 847 2587 902 supra
2636 828 2941 884 hominem
2985 839 3142 890 vero,
3177 823 3332 893 quod
3367 838 3436 875 ex
3482 821 3742 892 Virgine.

2087 925 2231 976 Nota
2262 925 2458 976 autem
2490 918 2706 976 Christi
2739 933 2950 987 corpus
2981 919 3278 969 terrenum
3314 911 3744 980 exsistere,non

2088 1019 2281 1068 autem
2316 1013 2571 1077 caeleste,
2601 1016 2667 1066 ut
2696 1009 2938 1080 quidam
2972 1005 3436 1060 exsistimarunt.

2164 1103 2281 1158 Vim
2309 1103 2647 1156 excellentis.
2683 1100 2830 1153 Ecce
2853 1096 3028 1152 etiam
3051 1094 3147 1148 hic
3187 1091 3537 1147 excellenter
3581 1090 3744 1155 dixit,

2088 1192 2160 1247 ad
2204 1191 2592 1246 differentiam
2644 1204 2844 1244 eorum
2881 1203 3007 1257 quae
3052 1189 3369 1238 sumuntur
3417 1181 3744 1236 secundum

2089 1279 2711 1353 privationem.Statim
2745 1280 2941 1331 autem
2977 1290 3080 1344 per
3109 1287 3176 1326 ea
3206 1287 3332 1340 quae
3365 1269 3747 1339 subjungun-

2088 1377 2203 1438 tur,
2230 1369 2610 1440 semetipsum
2637 1366 2905 1437 explicat.
2940 1361 3088 1426 Quid
3112 1375 3283 1430 porro
3307 1359 3383 1412 sit
3405 1357 3745 1424 afﬁrmatio,

2088 1460 2344 1514 diximus
2393 1474 2575 1530 supra
2602 1458 2676 1511 De
2720 1455 2950 1527 mystica
2997 1450 3262 1519 theologia
3316 1446 3506 1518 capite
3549 1444 3742 1500 tertio.

2087 1547 2197 1603 Sed
2223 1547 2517 1618 quomodo
2553 1545 2609 1600 in
2645 1543 2895 1599 Domino
2923 1543 3121 1595 nostro
3149 1537 3290 1592 Jesu
3320 1534 3552 1590 Christo
3583 1533 3743 1587 afﬁr-

2089 1636 2375 1691 mationes
2408 1636 2519 1689 vim
2566 1634 2823 1689 habeant
2877 1625 3216 1684 excellentis
3266 1621 3616 1690 negationis,
3650 1637 3744 1676 res

2086 1726 2358 1782 humanae
2409 1723 2724 1780 declarant.
2760 1720 2885 1776 Etsi
2939 1718 3096 1774 enim
3151 1713 3452 1772 Christum
3485 1712 3742 1768 afﬁrme-

2087 1832 2244 1880 mus,
2277 1815 2418 1869 dum
2469 1829 2598 1868 esse
2645 1809 2944 1866 hominem
2996 1805 3272 1870 dicimus,
3307 1806 3363 1857 et
3392 1819 3460 1856 ex
3505 1800 3744 1872 Virgine

2089 1911 2275 1960 matre
2305 1904 2630 1960 secundum
2666 1897 3058 1954 substantiam
3100 1896 3386 1961 nostram,
3418 1895 3615 1945 tamen
3649 1905 3743 1944 oc-

2089 1992 2307 2048 cultam
2337 2007 2569 2063 quoque
2620 1989 2810 2050 habet,
2843 1986 2991 2042 307
3029 1998 3278 2052 eamque
3327 1984 3522 2034 mente
3562 1978 3743 2033 subli-

2091 2084 2333 2139 miorem
2366 2079 2697 2153 negationis
2729 2078 2871 2132 vim.
2906 2073 3186 2144 Quisquis
3218 2071 3373 2124 enim
3417 2069 3525 2123 hoc
3556 2068 3744 2132 audit,

2090 2173 2466 2243 dicet,ipsum
2500 2187 2617 2224 non
2649 2167 2979 2238 simplicem
3011 2179 3140 2218 esse
3174 2159 3645 2226 hominem,cum
3679 2174 3748 2212 ex

2090 2262 2329 2333 Virgine
2357 2265 2532 2315 natus
2562 2257 2765 2323 sit,sed
2797 2254 3035 2310 homine
3065 2247 3747 2315 sublimiorem,etiamsi

2092 2361 2299 2407 caetera
2348 2351 2425 2403 sit
2472 2348 2670 2403 homo.
2726 2343 2987 2415 Explicat
3037 2343 3233 2395 autem
3280 2337 3410 2404 hoc,
3464 2351 3596 2390 cum
3645 2334 3748 2399 ait,

2091 2441 2245 2513 quod
2283 2440 2471 2509 ipsum
2506 2436 2698 2491 dicere
2715 2431 3012 2489 hominem
3058 2427 3427 2490 affirmative,
3460 2423 3750 2496 signiﬁcet

2090 2531 2286 2602 ipsum
2318 2545 2432 2583 non
2461 2542 2591 2582 esse
2620 2523 2916 2580 hominem
2963 2517 3252 2589 negative,
3288 2515 3387 2570 sed
3421 2529 3603 2584 supra
3646 2514 3749 2567 ho-

2092 2620 2336 2688 minem,
2372 2631 2583 2687 nempe
2617 2616 2852 2686 propter
2883 2609 3053 2680 signa
3083 2623 3210 2677 quae
3243 2604 3317 2659 ab
3350 2603 3476 2674 ipso
3510 2602 3750 2657 fiebant.

2163 2709 2281 2764 Non
2311 2724 2416 2780 qua
2450 2706 2587 2760 Deus
2633 2702 2823 2758 divina
2851 2697 3126 2770 patr-abet.
3177 2694 3328 2749 Dicit
3355 2697 3550 2747 autem
3582 2690 3750 2746 Chri-

2094 2801 2254 2854 stum
2304 2813 2417 2851 non
2452 2811 2568 2865 qua
2618 2797 2801 2846 Deum
2851 2787 3046 2842 divina
3098 2783 3396 2856 perficere,
3429 2780 3568 2850 quia
3612 2796 3749 2834 cum

2093 2902 2290 2954 carne,
2321 2889 2378 2940 et
2409 2900 2522 2938 non
2567 2880 2692 2935 sola
2722 2877 3046 2932 divinitate.
3081 2870 3583 2939 Quemadmodum
3640 2867 3749 2938 igi-

2093 2981 2192 3032 tur
2221 2973 2439 3038 divina,
2473 2972 2557 3028 sic
2605 2985 2708 3024 nec
2743 2967 3001 3022 humana
3046 2959 3375 3017 secundum
3428 2957 3749 3025 hominem,

2095 3064 2378 3137 quoniam
2409 3062 2468 3116 in
2495 3061 2782 3132 potestate
2808 3050 3266 3122 divina,quando
3297 3045 3748 3112 volebat,dando

2095 3136 2332 3226 tempus
2364 3150 2522 3206 carni
2556 3145 2789 3220 propria
2833 3140 3112 3214 operandi
3146 3137 3326 3193 simul
3357 3142 3414 3192 et
3443 3136 3707 3190 humana
3734 3154 3747 3203 ;

2093 3225 2240 3299 illud
2272 3246 2470 3298 autem
2501 3240 2589 3294 vir
2613 3242 2810 3306 factus,
2835 3233 2994 3287 idem
3027 3228 3342 3301 signiﬁcat,
3367 3226 3522 3298 quod
3553 3225 3751 3279 incar-

310 3309 424 3399 τος.
462 3309 688 3407 ’δηλοί
720 3335 785 3389 τὸ
845 3309 1393 3405 ἐνανθρωπήσαντος.
1452 3335 1518 3392 Ἦ
1572 3332 1628 3388 δὲ
1685 3309 1976 3410 θεανδρικὴ

2094 3339 2288 3388 natus.
2323 3327 2612 3385 Deivirilis
2663 3329 2858 3380 autem
2893 3318 3151 3393 operatio
3191 3315 3464 3388 designat
3491 3313 3751 3368 divinam

313 3425 563 3500 ένέργεια
597 3423 851 3497 σημαίνει
907 3421 1049 3487 θείαν
1103 3423 1194 3478 καὶ
1245 3422 1612 3499 ἀνθρωπίνην.
1669 3421 1828 3480 Οὕτω
1873 3423 1976 3496 γὰρ

303 3517 477 3589 ἡμῖν,
509 3514 676 3590 ἥγουν
731 3510 799 3568 δι’
852 3515 1025 3585 ἡμᾶς,
1076 3510 1166 3566 ἐπὶ
1211 3519 1316 3587 γῆς
1364 3510 1604 3583 δηλαδὴ,
1646 3509 1976 3566 πεπολιτευ-

308 3603 505 3678 μένος,
541 3600 783 3677 ἔδρασεν,
836 3601 912 3664 ὡς
956 3601 1262 3677 πρόκειται,
1294 3603 1361 3656 τὰ
1409 3606 1526 3666 θεῖα
1549 3601 1640 3656 καὶ
1669 3601 1736 3656 τὰ
1765 3601 1976 3675 ἀνθρώ-

303 3714 466 3750 πινα.
522 3691 840 3766 Σημείωσαι
893 3687 952 3745 δὲ
998 3692 1098 3760 τὴν
1145 3691 1391 3766 ὑπερφυῆ
1441 3691 1532 3745 καὶ
1575 3688 1846 3768 ἄφραστον
1877 3694 1974 3744 τοῦ

303 3781 520 3858 Κυρίου
571 3779 786 3854 ἕνωσιν,
828 3778 911 3835 ὅτι
961 3779 1023 3835 ού
1081 3781 1218 3835 κατὰ
1275 3780 1405 3835 Θεὸν
1454 3779 1521 3834 τά
1561 3781 1678 3835 θεῖα
1727 3777 1971 3855 ἔδρασεν,

304 3874 406 3946 (ἦν
462 3871 568 3947 γὰρ
627 3871 928 3942 ἅνθρωπος)
986 3866 1110 3924 οὔτε
1166 3869 1302 3924 κατὰ
1350 3867 1636 3944 ἄνθρωπον
1668 3870 1736 3922 τὰ
1762 3869 1974 3944 ἀνθρώ-

305 3981 444 4017 πινα
499 3960 589 4033 (ἦν
648 3959 752 4035 γὰρ
798 3957 888 4012 καὶ
944 3956 1118 4031 Θεός).
1163 3960 1324 4022 “Ὀθεν
1388 3961 1712 4032 θαυμαστῶς
1763 3958 1791 4012 6
1833 3959 1977 4020 θεῖος

305 4048 622 4126 Γρηγόριος
678 4049 706 4102 ὁ
764 4045 1026 4122 θιολόγος
1083 4048 1239 4125 φησὶ,
1295 4046 1634 4122 κιρναμένων
1691 4046 1871 4121 ὥσπερ
1931 4049 1976 4083 ⁴⁹

303 4143 422 4194 τῶν
457 4137 694 4213 φύσεων,
741 4133 886 4190 οὕτω
949 4133 1015 4205 δὴ
1073 4135 1162 4191 καὶ
1220 4141 1325 4190 τῶν
1379 4136 1630 4206 κλήσεων
1681 4136 1771 4191 καὶ
1820 4155 1974 4212 περι-

305 4231 621 4305 χωρουσῶν
666 4225 742 4288 εἷς
796 4223 1048 4295 ἀλλήλας
1076 4229 1156 4297 τῷ
1196 4224 1352 4300 λόγῳ
1379 4233 1480 4294 τῆς
1517 4223 1810 4299 συμφυΐας.
1849 4228 1972 4287 Πῶς

305 4315 370 4374 δὲ
429 4316 491 4371 ού
551 4314 688 4370 κατᾶ
745 4315 872 4369 Θεὸν
932 4315 1000 4368 τὰ
1055 4316 1172 4368 θεῖα
1242 4311 1375 4389 ἔργα
1430 4313 1746 4385 πεποίηκε,
1809 4311 1976 4384 δηλοῖ

296 4406 373 4463 τὸ
433 4406 762 4478 σωματικῶς
817 4401 977 4457 ποσὶν
1037 4401 1125 4456 ἐπὶ
1186 4400 1460 4472 θαλάσσης
1521 4399 1778 4477 βαδίσαισ
1840 4405 1973 4457 Θεοῦ

305 4495 410 4570 μὶν
444 4495 548 4570 γὰρ
595 4494 656 4548 τὸ
713 4489 1062 4566 ωμπιλῆσαι
1110 4489 1278 4566 ὕδωρ·
1331 4490 1393 4546 ού
1425 4495 1560 4546 Θεοῦ
1606 4489 1663 4546 δὲ
1690 4492 1752 4546 τὸ
1780 4511 1971 4567 σαρκι-

299 4588 435 4646 κοῖς
483 4583 612 4638 ποσὶ
672 4584 1066 4657 περιπατῆσαι.
1123 4577 1264 4637 Οὑδὲ
1311 4581 1568 4651 Θεότητος
1619 4580 1748 4654 σὰρξ
1788 4577 1970 4634 ποδῶν

2090 3420 2268 3479 simul
2299 3426 2355 3475 et
2399 3418 2745 3472 humanam.
2796 3411 2887 3465 Sic
2937 3408 3090 3464 enim
3139 3405 3334 3470 nobis,
3367 3404 3486 3458 sive
3518 3405 3754 3473 propter

2086 3529 2215 3578 nos,
2241 3510 2298 3564 in
2325 3513 2482 3564 terra
2510 3504 2816 3565 nimirum,
2840 3508 3242 3563 conversatus,
3275 3493 3360 3548 uti
3381 3491 3750 3564 propositum

2085 3597 2410 3668 est,divina
2439 3598 2500 3650 et
2524 3593 2788 3647 humana
2820 3587 3022 3661 gessit.
3061 3584 3304 3639 Adverte
3334 3583 3531 3636 autem
3563 3578 3751 3634 admi-

2085 3687 2332 3744 rabilem
2366 3689 2421 3740 et
2452 3677 2924 3753 inexplicabilem
2975 3671 3204 3730 Domini
3250 3669 3529 3725 unionem
3557 3685 3570 3735 ;
3604 3683 3750 3738 quo-

2085 3777 2244 3834 niam
2275 3791 2393 3830 non
2422 3776 2485 3828 ut
2520 3776 2668 3825 Deus
2701 3767 2898 3822 divina
2942 3762 3128 3837 gessit
3158 3763 3302 3830 (erat
3333 3759 3489 3816 enim
3522 3755 3748 3827 homo),

2085 3883 2190 3922 nec
2213 3870 2271 3921 ut
2295 3863 2474 3920 homo
2498 3861 2756 3915 humana
2776 3856 2925 3927 (erat
2948 3852 3105 3909 enim
3139 3849 3338 3920 Deus).
3375 3847 3537 3903 Unde
3571 3844 3747 3900 mira-

2083 3955 2281 4011 biliter
2311 3954 2481 4008 divus
2506 3947 2823 4019 Gregorius
2847 3941 3175 4013 Theologus
3207 3939 3308 4005 ait,
3339 3935 3569 3992 naturis
3601 3951 3749 4006 quo-

2085 4046 2217 4099 dam
2229 4043 2401 4097 modo
2420 4029 3253 4111 permistis,denominaliones
3269 4041 3502 4097 quoque
3516 4027 3752 4095 propter

2087 4137 2328 4189 mutuas
2354 4124 2950 4184 circuminsessiones
2974 4121 3255 4190 cognatas
3278 4131 3408 4171 esse
3446 4117 3572 4183 (seu
3595 4129 3752 4167 com-

2085 4223 2343 4289 munes).
2380 4217 2686 4282 Quomodo
2717 4229 2852 4268 vero
2902 4227 3020 4265 non
3055 4211 3120 4262 ut
3164 4211 3316 4260 Deus
3348 4202 3545 4258 divina
3575 4216 3752 4272 opera

2083 4311 2351 4384 patrarit,
2387 4307 2649 4363 declarat
2679 4300 2930 4372 id,quod
2962 4294 3260 4368 corporeis
3292 4293 3542 4365 pedibus
3572 4307 3753 4361 supra

2084 4379 2245 4456 mare
2279 4394 2602 4453 ambularit
2630 4411 2642 4448 :
2675 4390 2777 4447 Dei
2811 4389 2967 4444 enim
2998 4391 3088 4440 est
3117 4399 3332 4455 aquam
3365 4379 3749 4446 consolidare,

2083 4506 2200 4545 non
2231 4486 2333 4544 Dei
2365 4490 2564 4541 autem
2596 4477 2892 4552 corporeis
2922 4474 3170 4548 pedibus
3192 4469 3518 4528 ambulare.
3550 4467 3754 4538 Neque

2083 4595 2217 4636 caro
2249 4577 2465 4647 pedum
2494 4577 2552 4628 et
2581 4586 2718 4626 ossa
2747 4563 3076 4622 divinitatis
3123 4565 3283 4616 sunt.
3319 4563 3577 4612 Rursum
3609 4556 3747 4610 item

300 4671 403 4730 καὶ
465 4674 616 4726 ὀστᾶ.
679 4673 814 4724 Θεοῦ
869 4666 1034 4723 πάλιν
1096 4670 1357 4743 παρθένον
1417 4671 1478 4723 τὸ
1527 4669 1672 4724 κύειν
1720 4674 1969 4738 ποιῆσαι·

2093 4669 2184 4724 Dei
2216 4670 2305 4722 est
2329 4664 2580 4726 efﬁcere,
2615 4662 2680 4714 ut
2707 4656 2890 4728 Virgo
2922 4651 3109 4726 pariat
3135 4669 3148 4719 ;
3174 4649 3321 4703 facie
3352 4650 3549 4702 autem
3585 4649 3751 4700 caete-

305 4758 446 4818 ἇλλ’
478 4758 542 4814 ού
589 4757 849 4826 θεότητος
887 4757 951 4812 τὸ
1001 4755 1495 4834 διαμεμορφῶσθαι
1547 4753 1666 4832 ὄψει
1718 4758 1808 4812 καὶ
1857 4762 1975 4819 τοῖς

307 4849 542 4913 λοιποῖς
572 4847 936 4922 ἀνθρωπίνοις
973 4844 1216 4919 μέλεσιν.
1251 4846 1409 4904 Οὕτω
1459 4846 1550 4901 καὶ
1584 4846 1643 4902 ἐκ
1688 4850 1785 4901 τοῦ
1829 4845 1979 4901 ἐναν-

306 4940 444 4995 τίου
489 4937 558 4991 τὰ
599 4935 754 4991 αὐτά·
791 4935 855 4990 οὗ
908 4933 1012 5010 γὰρ
1061 4936 1198 4990 κατᾶ
1245 4936 1534 5012 ἄνθρωπον
1581 4935 1651 4990 τὰ
1680 4935 1980 5010 ἀνθρώπων

313 5025 598 5098 ἰποίησεψ
645 5021 930 5098 ἅνθρωπος
983 5024 1079 5098 μὶν
1136 5024 1240 5100 γὰρ
1293 5025 1360 5094 ἧν
1415 5023 1475 5079 ἐκ
1525 5027 1624 5089 τῆς
1684 5021 1980 5091 Παρθένου,

313 5113 541 5173 ἀλλ’ού
585 5113 725 5169 κατὰ
774 5114 1060 5187 ἄνθρωπον
1113 5116 1296 5168 τοῦτο·
1347 5117 1509 5175 ποῖος
1557 5113 1658 5189 γὰρ
1700 5109 1984 5187 ἅνθρωπος

307 5205 374 5262 ἐκ
404 5205 682 5281 παρθένου
717 5230 732 5273 ς
764 5200 936 5257 Πάλιν
967 5203 1028 5257 τὸ
1062 5202 1190 5257 ποσὶ
1226 5199 1463 5276 βαδίζειν
1497 5200 1788 5278 ἀνθρώπου
1833 5200 1973 5255 ἐστί’

303 5297 374 5352 τὸ
408 5293 467 5350 Si
499 5292 589 5349 ἐπὶ
622 5289 842 5360 ὕδατος,
876 5291 976 5347 οὐκ
1004 5291 1316 5367 ἀνθρώπου·
1352 5296 1512 5353 ποῖος
1542 5292 1643 5367 γὰρ
1694 5288 1985 5366 ἅνθρωπος

307 5388 484 5442 τοῦτο
516 5382 790 5453 πεποίηκε
823 5404 838 5452 ;

2089 4757 2288 4827 risque
2339 4750 2624 4807 membris
2654 4743 2935 4801 humanis
2985 4737 3303 4805 eﬁ‘ormari,
3341 4753 3457 4791 non
3489 4742 3575 4789 est
3603 4733 3749 4788 divi-

2091 4824 2314 4901 nitatis.
2349 4841 2441 4898 Sic
2472 4839 2647 4896 etiam
2678 4853 2708 4892 e
2741 4836 2968 4890 diverso
3003 4829 3265 4885 vicissim
3298 4827 3422 4882 haec
3453 4824 3657 4880 eadem
3688 4838 3752 4878 se

2090 4934 2350 5000 habent;
2383 4947 2500 4985 non
2531 4927 2688 4983 enim
2716 4941 2829 4996 qua
2853 4922 3029 4977 homo
3073 4917 3258 4990 gessit
3286 4932 3354 4971 ea
3397 4930 3528 4985 quae
3557 4912 3751 4968 homi-

2093 5040 2236 5079 num
2271 5017 2734 5089 sunt,siquidem
2768 5013 2943 5068 homo
2973 5013 3096 5064 erat
3126 5023 3194 5062 ex
3226 5004 3457 5076 Virgine
3483 5002 3619 5071 ;sed
3645 5001 3754 5056 hoc

2096 5129 2212 5170 non
2261 5114 2353 5166 est
2399 5106 2728 5163 secundum
2775 5098 3036 5157 hominis
3089 5094 3506 5152 conditionem.
3557 5089 3760 5156 Qualis

2094 5200 2250 5257 enim
2281 5199 2458 5254 homo
2491 5200 2666 5251 natus
2705 5209 2773 5248 ex
2799 5186 3084 5260 Virgine?
3115 5185 3344 5240 Rursus
3385 5181 3636 5253 pedibus
3669 5179 3759 5234 in-

2095 5291 2301 5347 cedere
2333 5291 2422 5343 est
2471 5282 2769 5349 hominis;
2805 5283 2862 5334 at
2892 5293 3074 5348 supra
3103 5289 3341 5345 aquam,
3376 5288 3492 5328 non
3541 5273 3632 5326 est
3661 5267 3765 5325 ho-

2097 5379 2316 5448 minis;
2351 5375 2547 5450 qualis
2577 5371 2734 5429 enim
2767 5370 2944 5424 homo
2973 5365 3082 5420 hoc
3116 5362 3299 5418 fecit?

1351 5617 1588 5678 VARIIE
1623 5616 2014 5676 LECTIONES
2052 5615 2144 5675 ET
2180 5607 2742 5674 CORRECTIONES.

401 5751 449 5787 ⁸⁸
483 5745 705 5828 ἔφασαν.
781 5746 826 5782 ⁴⁹
850 5741 1016 5806 ὅλως.
