4106 6408
371 404 483 464 535

1202 405 1577 461 APPENDIX
1616 407 1715 461 AD
1753 404 1998 461 OPERA
2036 405 2096 460 Β.
2135 403 2451 461 DIONYBII
2486 404 2991 462 AREOPAGITE.

3687 398 3787 458 536

449 532 660 590 Novam
685 529 1003 602 quamdam.
1048 528 1230 585 Nemo
1259 529 1318 584 in
1369 527 1806 600 stultiloquium
1837 544 2033 584 erum-
2061 568 2073 594 λ

2217 529 2427 599 Καινήν
2485 548 2627 583 τινα.
2686 524 2934 597 Μηδεὶς.
2993 525 3071 590 εἰς
3127 521 3475 599 μωρολογίαν
3530 522 3788 597 τραπεὶς,

381 637 532 695 pens
560 619 719 674 dicat
745 617 947 689 ipsum
981 617 1296 674 Dominum
1348 618 1554 674 Jesum
1587 614 1901 690 θεανδρίτην
1948 633 2047 688 ap-

382 708 633 781 pellasse
664 724 678 763 :
713 723 832 763 non
864 706 1023 762 enim
1059 702 1435 780 Θεανδριτικήν
1465 724 1498 761 a
1527 701 1843 781 θεανδρίτης
1874 704 2043 760 effor-

382 796 620 866 mando,
648 796 747 852 sed
777 790 1098 868 θεανδρικήν
1136 811 1239 850 seu
1293 794 1611 850 deivirilem
1646 794 2045 866 operationem

383 884 550 956 dixit,
569 884 735 957 quasi
766 901 801 939 a
829 883 946 940 Deo
977 900 1044 939 ac
1073 884 1196 940 viro
1230 885 1638 956 compositam.
1675 883 1838 939 Unde
1868 884 2046 939 etiam

384 975 565 1030 Deum
614 977 785 1029 vocat
832 969 1192 1047 ἀνδρωθέντα,
1224 972 1283 1027 id
1318 979 1406 1028 est
1447 974 1631 1029 Deum
1681 973 1873 1027 virum
1925 972 2045 1027 fac-

384 1068 538 1119 tum.
570 1063 738 1119 Nunc
789 1066 983 1119 autem
1034 1062 1187 1118 808
1221 1061 1385 1117 illam
1438 1061 1876 1117 miscellaneam
1909 1078 2047 1131 ope-

385 1152 673 1207 rationem
731 1149 915 1206 solam
968 1150 1297 1206 deivirilem
1347 1151 1700 1223 appellavit:
1752 1150 2049 1222 siquidem

386 1244 453 1296 ut
481 1239 635 1296 Deus
670 1243 905 1296 tantum
938 1239 1313 1311 operabatur,
1346 1240 1604 1312 quando,
1637 1239 1873 1306 absens,
1906 1239 2049 1294 Cen-

386 1328 642 1384 turionis
690 1327 881 1383 filium
936 1329 1228 1395 sanabat;
1263 1328 1323 1383 in
1373 1334 1661 1398 quantum
1711 1344 1849 1385 vero
1875 1328 2051 1385 homo

384 1420 616 1473 tantum
650 1416 781 1488 (etsi
825 1416 1004 1472 etiam
1058 1416 1214 1472 Deus
1264 1422 1410 1485 erat)
1442 1418 1680 1488 quando
1711 1417 2054 1473 comedebat

387 1510 445 1562 et
471 1505 841 1563 tristabatur.
876 1504 1097 1561 Mistim
1130 1510 1325 1562 autem
1359 1507 1714 1579 operabatur
1743 1507 2052 1580 miracula,

388 1594 556 1651 cassis
600 1594 802 1651 oculos
851 1593 1163 1650 illiniendo
1214 1595 1554 1665 restituens,
1596 1595 2052 1655 haemorrhousas

392 1685 616 1741 [luxum
646 1683 772 1740 solo
801 1687 961 1740 tactu
994 1683 1231 1739 sistens.

904 1789 978 1846 IN
1019 1790 1419 1847 EPISTOLAM
1458 1791 1527 1849 V.

462 1885 532 1938 In
563 1880 661 1937 hoc
702 1881 942 1937 exsistit.
973 1879 1061 1935 Ad
1094 1878 1547 1952 intelligendum
1576 1881 1635 1937 id
1687 1882 1844 1953 quod
1899 1881 1995 1937 hic
2025 1898 2061 1937 a
2089 1901 2138 1967 Β

394 1970 565 2026 Patre
595 1968 824 2025 dictum
856 1972 968 2037 est,
1001 1985 1172 2025 sume
1218 1969 1554 2041 exemplum
1605 1971 1678 2027 ab
1727 1972 1896 2028 oculo
1928 1988 2058 2028 cor-

393 2060 575 2131 poris.
606 2059 768 2123 Quod
800 2058 959 2114 enim
988 2058 1171 2114 efﬁcit
1200 2058 1469 2114 absentia
1514 2058 1785 2129 luminis,
1836 2060 2063 2117 scilicet

392 2148 760 2204 vacationem
792 2163 1009 2203 sensus
1042 2145 1375 2215 oculorum,
1411 2147 1523 2204 hoc
1550 2149 1731 2204 efficit
1756 2149 2063 2206 intendere

397 2238 508 2294 ﬁxe
537 2235 725 2294 aciem
767 2235 1078 2293 oculorum
1132 2236 1416 2293 adversus
1447 2236 1592 2295 solis
1641 2237 1837 2295 radios
1888 2238 2063 2295 meri-

399 2326 518 2381 die.

902 2413 979 2469 IN
1017 2412 1427 2470 EPISTOLAM
1466 2414 1560 2470 Vl.

478 2504 629 2560 Fieri
657 2504 808 2559 enim
856 2507 1047 2575 potest.
1083 2507 1303 2572 Potest,
1337 2504 1551 2575 inquit,
1598 2504 1895 2577 quispiam
1925 2505 2068 2562 dum

412 2593 566 2650 inter
598 2591 785 2648 multa
814 2591 1193 2665 splendidum
1228 2590 1463 2663 aliquod
1500 2593 1874 2650 mendacium
1908 2610 2070 2651 coar-

410 2683 564 2756 guit,
615 2682 1093 2754 ipsemetavero
1148 2682 1441 2750 aberrare,
1497 2684 1651 2754 quod
1709 2700 1891 2739 unum
1941 2689 2071 2754 est;

416 2770 594 2828 unica
623 2768 782 2825 enim
827 2767 1065 2836 veritas,
1098 2784 1312 2823 arcana
1359 2775 1557 2825 tamen
1589 2776 1826 2842 propter
1868 2772 2073 2844 mysti-

2156 612 2359 691 λεγέτω
2418 616 2502 671 ὅτι
2560 612 2875 690 θεανδρίτην
2938 614 3029 670 τὸν
3091 614 3291 690 Κύριον
3349 614 3559 683 Ἰησοῦν
3617 632 3787 689 φησιν⁸

2156 706 2221 760 οὐ
2279 705 2381 780 γὰρ
2440 701 2813 779 θεανδριτικήν
2876 704 3019 758 εἶπεν
3077 702 3185 757 ἀπὸ
3252 705 3349 756 τοῦ
3402 702 3431 756 ὁ
3489 697 3792 775 θεανδρίτης

2157 793 2529 869 σχηματίσας,
2577 791 2725 849 ἀλλὰ
2779 789 3101 867 θεανδρικὴν
3154 790 3446 867 ἐνέργειαν,
3499 791 3613 843 οἷον
3669 793 3793 844 Θεοῦ

2154 883 2244 938 καὶ
2302 882 2496 957 ἀνδρὸς
2568 879 3064 956 συμπεπλεγμένην
3135 878 3401 954 ἐνέγρειαν
3435 921 3449 934 .
3501 878 3659 934 ’Ὀθεν
3713 878 3794 932 καὶ

2159 969 2499 1047 ἀνδρωθέντα
2528 972 2661 1050 φησί
2716 972 2842 1026 Θεὸν
2884 970 3003 1025 ἀντὶ
3051 973 3171 1036 τοῦ,
3201 968 3328 1024 Θεὸν
3383 963 3554 1043 ἄνδρα
3580 964 3795 1040 γενόμε-

2157 1082 2267 1116 νον.
2306 1064 2416 1120 Νῦν
2449 1058 2507 1116 δὶ
2549 1062 2648 1129 τήν
2706 1061 2904 1134 μικτὴν
2949 1059 3219 1134 ἐνέργειαν
3278 1056 3450 1130 μόνην
3491 1052 3795 1128 θεανδρικήν

2158 1148 2433 1206 ἐκάλεσεν·
2495 1149 2762 1226 ἐνήργησε
2822 1155 2915 1221 μὲν
2977 1148 3081 1223 γὰρ
3141 1146 3217 1209 ὡς
3290 1145 3417 1207 Θεὸς
3479 1144 3666 1216 μόνον,
3719 1142 3802 1199 ὅτε

2160 1239 2312 1294 ἀπὼν
2371 1240 2462 1295 τὸν
2518 1243 2616 1294 τοῦ
2674 1237 3082 1313 ὶκατοντάρχου
3128 1232 3298 1290 παῖδα
3358 1235 3566 1289 ἰάσατο·
3616 1233 3688 1295 ὡς
3725 1232 3805 1286 ἄν·

2161 1328 2384 1403 θρωπος
2432 1325 2492 1382 δὲ
2541 1326 2731 1400 μόνον,
2763 1326 2809 1381 εἷ
2861 1327 2952 1380 καὶ
3000 1326 3129 1386 Θεὸς
3174 1326 3261 1393 ἦν,
3295 1323 3347 1378 ἐν
3390 1327 3473 1394 τῷ
3502 1321 3694 1386 ἐσθίειν
3721 1320 3803 1376 καὶ

2162 1416 2467 1472 λυπεῖσθαι.
2532 1419 2752 1477 Μικτῶς
2809 1412 2867 1470 δὲ
2931 1414 3199 1491 ἐνήργησε
3253 1414 3323 1467 τὰ
3374 1412 3624 1485 θαύματα
3650 1454 3664 1479 ,
3719 1430 3803 1464 τυ-

2162 1503 2330 1584 φλοῖς
2381 1504 2704 1583 ὀφθαλμοὺς
2758 1501 2847 1559 διὰ
2889 1523 3129 1579 χρισεως
3180 1499 3563 1576 δημιουργῶν,
3592 1499 3807 1568 καὶτῆς

2162 1593 2573 1670 αἱμορῥοούσης
2603 1596 2672 1667 τῇ
2703 1594 2811 1671 ἁφῇ
2843 1589 3160 1648 συστέλλων
3187 1591 3288 1660 τήν
3321 1589 3498 1667 ῥύσιν.

2569 1796 2683 1851 ΕΙΣ
2712 1792 2851 1849 ΤΗΝ
2882 1790 3295 1849 ΕΠΙΣΤΟΛΙΙΝ
3325 1788 3405 1845 Ε’.

2235 1883 2326 1940 ’Ev
2386 1880 2567 1952 τούτῳ
2622 1880 2905 1955 γίγνεται.
2967 1879 3045 1936 Τὸ
3115 1876 3409 1953 εῗρημένον
3470 1872 3693 1939 ἐνταῦθα
3739 1876 3809 1946 τῷ

2169 1969 2340 2045 Πατρῖ
2372 1965 2509 2026 λαϐέ
2543 1989 2634 2042 μοι
2686 1967 2792 2023 ἀπὸ
2841 1964 3240 2043 ὑποδείγματος
3266 1968 3365 2019 τοῦ
3410 1965 3549 2019 κατὰ
3593 1964 3683 2018 τὸν
3712 1983 3807 2017 σω-

2174 2059 2399 2133 ματικὸν
2447 2057 2754 2136 ὀφθαλμόν.
2785 2059 2960 2129 ’Όπερ
3008 2055 3113 2130 γὰρ
3160 2059 3311 2109 ποιεῖ
3339 2052 3526 2128 φωτὸς
3572 2050 3808 2123 ἀπουσία,

2171 2144 2549 2224 ἀνενεργησίαν
2616 2151 2726 2201 τῶν
2805 2146 3044 2200 ὁπτικῶν
3103 2141 3391 2216 δυνάμεων
3446 2139 3806 2218 ἐργαζομένη,

2170 2241 2333 2292 τοῦτο
2372 2234 2461 2291 καὶ
2510 2238 2544 2306 ἡ
2594 2235 2733 2311 πρὸς
2779 2232 2944 2304 ἥλιον
2991 2233 3044 2289 ἐν
3098 2225 3426 2307 μεσημϐρίᾳ
3455 2229 3645 2300 ἀτενὴς
3687 2228 3812 2285 ἀπό-

2174 2320 2371 2401 ϐλεψις
2402 2323 2681 2381 ἀποτελεῖ.

2585 2415 2702 2470 E12
2736 2418 2870 2467 ΤΗΝ
2902 2413 3315 2470 ΕΙΙιΣΤΟΑΗΝ
3346 2411 3420 2476 ς’.

2250 2503 2481 2558 Δυνατὸν
2530 2501 2630 2577 γὰρ
2679 2501 2790 2558 καί.
2841 2501 3092 2571 Δύναται,
3142 2504 3307 2579 φησί,
3360 2500 3455 2563 τίς
3500 2495 3556 2554 ἐτ
3601 2493 3815 2558 πολλοῖς

2177 2594 2445 2670 προφανὲς
2494 2588 2690 2665 ψεῦδος
2751 2589 3024 2667 ἐλέγχων,
3077 2591 3237 2653 αὐτὸς
3299 2587 3684 2665 διαμαρτάνειν
3730 2589 3816 2640 τοῦ

2180 2681 2443 2751 ἀληθοῦς,
2502 2679 2635 2754 ὅπερ
2708 2679 2763 2735 ἓν
2837 2682 2984 2754 [οὐκ]
3058 2678 3191 2734 ἔστι·
3269 2678 3367 2753 μία
3452 2677 3550 2754 γάρ
3605 2675 3813 2743 ἐστινὴ

2182 2769 2435 2841 ἀλήθεια,
2493 2769 2721 2847 κρύφιον
2784 2766 2842 2825 δὶ
2895 2766 2985 2824 διὰ
3040 2768 3103 2824 τὸ
3163 2766 3435 2841 μυστικὸν
3491 2769 3599 2821 τῶν
3635 2762 3815 2841 δογμά-

416 2875 546 2916 cam
604 2859 950 2930 dogmatum
1003 2856 1475 2930 intelligentiam,
1522 2859 1826 2931 multaque
1882 2861 2073 2917 adhuc

2190 2880 2313 2927 των,
2361 2857 2451 2914 καὶ
2504 2854 2727 2926 πολλῆς
2782 2856 3003 2931 ἐρεύνης
3063 2857 3197 2930 μετὰ
3244 2863 3345 2925 τῆς
3409 2853 3553 2917 θείας
3590 2848 3817 2927 δεόμενον

417 2966 553 3006 cum
609 2947 713 3004 Dei
771 2946 962 3020 gratia
1020 2963 1169 3018 opus
1228 2947 1403 3004 habet
1456 2948 2073 3021 indagatione;veluti

2190 2948 2435 3024 χάριτος·
2472 2946 2586 3002 οἷον
2619 2944 2911 3022 Νεστόριος
2942 2945 3009 3001 τὰ
3041 2944 3258 3022 Ἀρείου
3286 2945 3383 3000 καὶ
3424 2939 3821 3014 ’Δπολλιναρίου

421 3036 752 3103 Nestorius,
792 3037 936 3091 dum
967 3035 1088 3090 Arii
1121 3033 1581 3109 Apollinariique
1614 3037 1829 3110 placita
1859 3039 2080 3095 convel-

2189 3035 2463 3104 διασείων,
2494 3036 2529 3104 ἢ
2561 3032 2741 3108 ἕτεροι
2770 3039 3015 3090 τοιοῦτοι
3049 3033 3257 3108 ὁμοίων
3291 3034 3375 3089 ἑτέ
3398 3054 3527 3106 ρων,
3557 3031 3632 3095 εἷς
3666 3030 3823 3104 ἐτέρας

418 3125 510 3195 lit;
546 3124 635 3181 vel
665 3123 766 3180 alii
798 3123 1025 3180 similes
1078 3122 1327 3180 aliorum
1362 3125 1674 3190 similium,
1709 3128 1810 3199 qui
1841 3127 1901 3183 in
1933 3127 2073 3185 alias

2190 3124 2425 3187 ἀτόπους
2478 3123 2711 3198 αἱρέσεις
2768 3122 3018 3179 ἐνέπεσον
3056 3167 3068 3181 .
3130 3120 3343 3194 Μηδεὶς
3416 3121 3473 3179 δὲ
3527 3120 3585 3179 ἐκ
3636 3118 3816 3176 τούτων

417 3215 532 3287 ipsi
564 3228 728 3286 asque
757 3212 1048 3269 absurdas
1081 3211 1331 3269 haereses
1366 3213 1722 3271 inciderunt.
1758 3217 1939 3274 Nemo
1979 3234 2078 3273 au-

2189 3215 2615 3291 παρακρουέσθω
2646 3257 2660 3283 ,
2710 3208 3124 3277 ἀποϐάλλεσθαι
3175 3213 3243 3268 τὰ
3298 3212 3445 3268 κατά
3498 3215 3602 3268 τῶν
3658 3209 3815 3284 ἑτερο-

416 3270 532 3361 ιέᾑι
565 3270 704 3359 hinc
733 3302 1087 3371 offendatur,
1111 3302 1456 3359 existimans
1481 3270 2073 3376 improbari

2190 3270 2383 3376 δόξωνΙ
2414 3270 2710 3376 πονήματα
2755 3306 2864 3358 τῶν
2919 3270 3194 3375 Πατέρων·
3254 3300 3317 3357 οὐ
3351 3302 3459 3378 γὰρ
3495 3298 3650 3356 τοῦτό
3700 3270 3810 3372 φησι

417 3391 616 3451 studia
644 3392 704 3446 in
737 3390 1025 3447 haereticis
1057 3392 1383 3449 refutandis
1412 3393 1735 3464 collocata;
1770 3414 1886 3452 non
1919 3396 2073 3453 enim

2190 3393 2250 3449 τὰ
2311 3394 2388 3466 μὴ
2422 3387 2698 3468 ἐιλέγχειν
2760 3390 2850 3446 καί
2896 3391 3213 3465 ἀνατρέπειν
3283 3391 3389 3453 τὰς
3459 3394 3563 3445 τῶν
3632 3379 3810 3442 ἀσεϐῶν

418 3481 531 3538 hoc
579 3480 742 3550 dicit,
775 3479 947 3553 quasi
981 3497 1098 3536 non
1148 3480 1481 3537 refellenda:
1510 3487 1569 3539 et
1607 3486 1930 3542 evertendas
1961 3486 2073 3542 sint

2191 3481 2372 3554 δόξας,
2422 3480 2563 3557 (ἐπεὶ
2610 3485 2727 3543 πῶς
2779 3480 2938 3543 αὐτὸς
2969 3479 3022 3535 ἐν
3067 3484 3149 3552 τῷ
3173 3479 3303 3554 Περὶ
3359 3480 3519 3545 θείων
3561 3474 3812 3549 ὀνομάτων

422 3570 733 3641 opiniones
765 3568 1108 3640 impiorum,
1140 3570 1460 3642 (quomodo
1509 3573 1667 3629 enim
1701 3573 1962 3645 alioquin
1995 3575 2085 3646 ip-

2193 3572 2434 3651 ιραίνεται
2490 3571 2559 3626 τά
2606 3574 2703 3625 τοῦ
2757 3568 2970 3643 Ἑλύμα
3018 3566 3357 3624 διασαλεύων
3393 3574 3433 3639 ς)
3462 3567 3588 3624 ἀλλ’
3639 3563 3712 3619 δτι
3758 3557 3813 3613 οὗ

423 3662 613 3713 semet
640 3657 701 3713 in
726 3656 877 3713 libro
907 3663 988 3713 De
1004 3657 1211 3713 divinis
1231 3663 1553 3716 nominibus
1574 3661 1785 3733 Elyme
1808 3664 2073 3734 dogmata

2195 3662 2309 3737 χρή
2341 3660 2477 3715 κατὰ
2506 3659 2924 3735 προηγούμενον
2979 3656 3148 3734 λόγον
3201 3657 3277 3719 εἷς
3321 3662 3490 3713 τοῦτο
3532 3652 3817 3728 ἐνασχολεῖ·

425 3747 512 3803 sic
561 3746 946 3818 exagitaret?)
974 3748 1075 3803 sed
1127 3764 1242 3803 non
1277 3749 1338 3804 in
1386 3749 1495 3805 hoc
1542 3751 1904 3821 praecipuum
1954 3759 2087 3806 stu-

2198 3751 2339 3818 σθαι,
2370 3747 2432 3836 τὸ
2464 3750 2580 3813 καθ’
2627 3749 2821 3824 ἐτέρων
2879 3746 3082 3824 λέγειν,
3114 3745 3259 3836 ἀλλά
3308 3744 3703 3836 διδασκαλικῶς
3741 3738 3819 3836 τὸν

427 3835 593 3891 dium
626 3836 964 3906 ponendum
997 3841 1221 3901 esse,ut
1248 3842 1452 3892 contra
1482 3837 1626 3894 alios
1643 3838 2002 3906 dicatur,sed
2026 3846 2073 3893 ut

2196 3844 2299 3907 τῆς
2358 3835 2619 3907 ἀληθείας
2688 3837 2981 3901 ἐκτίθεσθαι
3061 3835 3230 3911 λόγον
3302 3830 3818 3913 ἠκριϐωμένως,

427 3924 659 3980 erudite
688 3927 745 3980 et
773 3928 973 3979 exacte
1003 3924 1266 3981 veritatis
1297 3926 1447 3981 ratio
1489 3931 1835 3998 exponatur,
1869 3927 2091 3983 refuta-

2202 3925 2515 4003 ἆντιῤῥήσει
2575 3923 2632 3981 δὲ
2688 3927 2825 3981 κατά
2869 3925 3180 4001 περίστασιν
3243 3926 3289 3963 ⁵⁰
3345 3911 3451 3994 πῆς
3491 3927 3598 3978 τῶν
3646 3911 3824 3975 ἀσεϐῶν

428 4012 512 4067 tio
543 4017 739 4068 autem
774 4011 1128 4068 adhibeatur
1155 4018 1363 4069 contra
1394 4014 1827 4085 oppositionem
1860 4016 2073 4073 instan'

2204 4016 2611 4078 ἐπαναστάσεως
2665 4019 2928 4091 χρῆσθαι.
2989 4012 3213 4076 Ἀλλως
3244 4034 3257 4047 ·
3311 4015 3439 4071 "Ott
3507 4011 3570 4067 ού
3625 4005 3700 4064 δεῖ
3745 4003 3824 4091 τάς

429 4101 522 4156 tia:
569 4100 914 4173 impiorum.
949 4102 1135 4157 Aliter
1167 4121 1180 4158 :
1216 4103 1340 4158 Non
1375 4109 1645 4174 oportere
1686 4103 1936 4160 aliorum
1969 4105 2094 4178 opi-

2201 4105 2312 4159 τῶν
2343 4104 2536 4179 ἑτέρων
2568 4088 2725 4175 δόξας
2776 4099 3121 4175 διαϐάλλειν,
3172 4099 3318 4157 ἀλλὰ
3356 4102 3458 4171 τὴν
3492 4097 3627 4155 ἰδίαν
3651 4088 3824 4171 κρατύ-

429 4189 639 4246 niones
670 4191 947 4258 refutare,
983 4192 1083 4248 sed
1119 4208 1289 4247 suam
1332 4192 1639 4261 stabilire;
1675 4210 1865 4265 neque
1894 4206 2073 4251 contr:

2202 4212 2330 4250 νειν·
2375 4192 2432 4249 ἀ)
2451 4192 2502 4250 λ’
2534 4193 2658 4249 οὐδὲ
2706 4194 2843 4249 κατά
2892 4191 3052 4263 δόξης
3083 4191 3117 4261 ἢ
3169 4192 3465 4267 θρησκείας
3513 4189 3613 4245 οὐκ
3650 4181 3826 4267 ἀγαθῆς

428 4277 772 4350 opinionem
824 4284 927 4334 aut
976 4279 1227 4349 cultum,
1260 4280 1361 4353 qui
1396 4280 1553 4336 haud
1610 4282 1801 4339 bonus
1830 4289 2094 4357 apparet,

2206 4283 2537 4361 φαινομένης
2567 4282 2817 4358 γράφειν,
2840 4279 2968 4337 ἀλλ’
2992 4281 3126 4355 ὑπὲρ
3150 4263 3439 4351 ἀληθείας.
3472 4282 3591 4338 Πῶς
3619 4271 3671 4330 δὶ
3687 4263 3824 4326 τοῦτό

431 4366 535 4424 sed
570 4382 676 4438 pro
707 4366 955 4424 veritate
982 4368 1357 4425 scribendum
1391 4386 1539 4427 esse.
1573 4373 1870 4436 Quomodo
1900 4377 2073 4430 auten

2207 4393 2397 4450 φησιν,
2428 4374 2464 4442 ἢ
2493 4373 2615 4445 ἑξῆς
2643 4369 2908 4441 ἐπιστολὴ
2939 4368 3242 4444 σαφηνίζει.

434 4455 548 4513 hoc
580 4454 891 4529 intelligat,
918 4457 1168 4528 epistola
1197 4458 1475 4531 deinceps
1505 4460 1784 4516 declarat.

506 4545 623 4600 Pro
652 4545 912 4601 veritate.
943 4546 1192 4602 Advorte
1218 4563 1356 4604 vero
1406 4565 1512 4603 cur
1560 4564 1664 4617 pro
1713 4548 1953 4605 veritate
2002 4565 2096 4605 so-

438 4633 564 4689 lum
597 4633 978 4691 scribendum
1011 4636 1108 4703 sit,
1140 4640 1200 4692 et
1227 4653 1342 4692 non
1375 4644 1581 4692 contra
1610 4636 1779 4698 alios,

827 4742 980 4798 809
1023 4744 1098 4798 IN
1138 4742 1551 4800 EPISTOLAM
1592 4746 1715 4800 VII.

513 4830 541 4899 §
572 4831 616 4886 Ι.
650 4830 884 4887 Sanctus
916 4828 1011 4885 hic
1041 4829 1399 4901 Polycarpus
1448 4831 1709 4903 Smyrnae
1738 4832 1796 4888 in
1831 4833 1968 4891 Asia
1997 4835 2109 4892 fuit

441 4916 779 4991 episcopus,
804 4924 864 4975 et
883 4917 1213 4991 discipulus
1234 4920 1423 4975 sancti
1443 4919 1691 4976 Joannis
1711 4922 2103 4996 evangelista,

451 5006 540 5061 uti
570 5011 824 5064 testatur
853 5007 1109 5064 Irenaaus
1139 5006 1290 5062 libro
1322 5009 1493 5064 tertio
1546 5010 1810 5066 Adversus
1838 5013 1974 5081 falsi
2000 5030 2104 5070 ηο-

440 5094 1290 5167 minisscientiam:martyrium
1307 5101 1499 5151 autem
1521 5114 1616 5167 per
1631 5098 1822 5170 ignem
1840 5117 2107 5157 consum-

448 5183 651 5238 mavit.
682 5182 927 5240 Divinus
957 5183 1054 5239 hic
1085 5183 1437 5257 Polycarpus
1470 5189 1709 5259 scripsit
1737 5189 1914 5245 etiam
1946 5190 2105 5261 epis-

443 5272 597 5329 tolas
655 5275 728 5330 ad
790 5274 1219 5346 Philippenses.
1253 5276 1524 5333 Continet
1574 5285 1771 5334 autem
1817 5280 1938 5337 haec
1982 5283 2105 5354 epi-

2285 4552 2442 4626 ’Υπὶρ
2475 4550 2757 4623 ἀληθείας.
2792 4549 3109 4623 Σημείωσαι
3139 4546 3197 4604 δὶ
3227 4545 3318 4603 διὰ
3343 4548 3399 4603 τί
3441 4545 3573 4621 ὑπὲρ
3600 4536 3826 4611 ἀληθείας

2131 4626 2179 4693 Ῑ)
2213 4642 2380 4717 μόνον
2413 4642 2802 4717 συγγραπτέον,
2836 4639 2898 4695 οὐ
2934 4641 3043 4713 μὴν
3074 4639 3192 4703 καθ’
3225 4638 3444 4712 ἑτέρων.

2624 4750 2738 4806 ΕΙΣ
2769 4752 2915 4805 ΤΗΝ
2946 4745 3349 4804 ΕΗΙΣΤΟΛΠΝ
3382 4745 3452 4801 Z'.

2287 4843 2315 4910 §
2346 4840 2387 4896 Ι.
2409 4839 2473 4896 Ὁ
2492 4840 2642 4914 ἅγιος
2665 4835 2823 4900 οὗτος
2846 4834 3209 4911 Πολύκαρπος
3238 4833 3498 4909 Σμύρνης
3514 4835 3612 4898 τῆς
3629 4825 3677 4882 ἓν
3700 4816 3826 4914 ’βτξίᾳ

2215 4905 2429 5002 γέγονεν
2489 4905 2808 4998 ἐπίσκοπος,
2866 4905 3140 4999 ἀκροατὴς
3197 4905 3491 4999 γενομενος
3541 4919 3635 4973 τοῦ
3699 4905 3823 5002 ἀγίίξυ

2212 5014 2470 5073 Ἰωάννου
2525 5020 2624 5071 τοῦ
2671 5011 3081 5089 εὐαγγελιστοῦ,
3134 5011 3208 5075 ὥς
3265 5031 3429 5090 φησιν
3479 5005 3751 5083 Εΐρηναῖος
3783 4992 3825 5090 ἐν

2215 5110 2296 5178 τῷ
2323 5106 2497 5181 τρίτῳ
2557 5083 2922 5180 βιϐλίῳντῶν
2982 5104 3136 5159 Κατὰ
3180 5083 3287 5171 τῆς.
3328 5095 3679 5175 ψευδωνύμου
3705 5083 3826 5181 Tw?”

2216 5171 2371 5256 σε’ωςί
2455 5171 2567 5249 καὶ¹
2633 5171 2918 5270 μαρτυρίῳ
3004 5188 3062 5247 δὲ
3146 5171 3439 5259 ἐτελειῶθη
3517 5182 3603 5240 διὰ
3665 5171 3826 5251 πυρός·

2215 5284 2375 5358 ’Έχει
2436 5280 2494 5337 δὶ
2549 5282 2639 5337 καὶ
2697 5279 2990 5345 ἐπιστολὰς
3039 5282 3068 5336 ὁ
3098 5279 3261 5342 αὐτὸς
3310 5280 3454 5339 θεῖος
3501 5270 3829 5358 Ιῐολύκαρπος

444 5360 598 5419 stola
642 5362 802 5419 beati
850 5363 1112 5436 Dionysii
1174 5365 1361 5423 multa
1417 5367 1768 5425 admiranda
1813 5370 2073 5443 prodigia

2214 5357 2351 5446 πρδς
2381 5369 2815 5443 Φιλιππησίους.
2847 5371 3101 5446 ΠεριέχεΙ
3134 5365 3191 5424 δὲ
3216 5370 3252 5439 ἡ
3290 5369 3387 5422 τοῦ
3442 5357 3696 5439 μακαρίου
3722 5358 3828 5407 Διο-

1453 5591 1697 5651 VARLE
1736 5594 2130 5656 LEGTIONES
2169 5595 2259 5655 ET
2294 5594 2861 5657 CORREGTIONES.

521 5713 568 5752 '°
594 5715 950 5792 παράστασιν.
