4106 6384
331 410 450 468 537

1295 417 1357 469 S.
1397 414 1675 469 MAXIMI
1715 412 2024 469 SCHOLIA
2059 411 2137 467 IN
2172 413 2330 465 EPP.
2374 413 2435 466 S.
2477 411 2822 466 DIONYSII.

3662 410 3774 468 538

335 533 534 589 νυσίου
563 531 697 604 αὕτη
732 533 997 603 ἐπιστολή
1037 533 1227 590 πολλὰ
1277 535 1559 607 θαυμαστὰ
1605 534 1697 588 καὶ
1744 533 1865 603 ξένα
1911 531 2000 587 ἐπὶ

2128 549 2244 606 qua
2292 533 2353 587 in
2408 532 2618 604 eclipsi
2665 531 2772 588 illa
2820 532 2998 589 solari
3054 538 3315 607 tempore
3373 535 3774 592 cruciﬁxionis

330 625 411 697 τῇ
437 625 576 678 κατὰ
603 623 693 678 τὸν
728 624 956 698 σταυρὸν
988 624 1084 678 τοῦ
1119 628 1352 698 Χριστοῦ
1385 622 1594 696 ἡλιακῇ
1631 619 1892 695 ἐκλείψει.

416 711 902 788 Ἐξιλεγχθήσεται
937 756 950 769 .
1010 712 1160 769 Κατά
1234 715 1420 766 κοινοῦ
1465 712 1528 766 τὸ
1586 707 1946 786 ἐξελεγχθήσε
1975 740 2000 752 -

335 821 430 856 ται
462 802 526 838 ⁸⁸·
563 798 707 855 οὕτω
746 800 847 876 γὰρ
895 801 986 856 καὶ
1036 803 1071 870 ἡ
1129 801 1392 870 σύνταξις.
1440 797 1710 874 [Εἴδωλον
1765 798 1882 853 ἀντί
1904 803 2002 854 τοῦ

347 889 632 964 μίμημα-1

414 983 538 1049 §II.
573 980 676 1036 Τὸν
711 980 973 1057 σοφιστήν
1007 976 1425 1056 Ἀπολλοφάνη.
1468 979 1597 1050 Περὶ
1650 975 2001 1055 Ἀπολλοφά-

336 1087 473 1130 νους
522 1071 618 1122 τοῦ
664 1073 942 1138 σοφιστοῦ,
995 1067 1212 1142 ἑταίρου
1259 1066 1547 1143 γεγονότος
1597 1071 1694 1122 τοῦ
1751 1066 2001 1141 μεγάλου

341 1155 654 1226 Διονυσίου,
701 1157 794 1212 καὶ
854 1155 1240 1231 λοιδοροῦντος
1302 1157 1488 1226 αὑτὸν,
1549 1155 1622 1219 ὠς
1681 1162 2002 1230 Χριστιανὸν

333 1241 656 1321 γινόμενον,
690 1248 779 1301 καί
809 1249 929 1310 καθ’
958 1245 1241 1316 Ἑλλήνων
1293 1245 1544 1320 λέγοντα·
1586 1245 1676 1300 καὶ
1708 1245 1812 1320 γὰρ
1843 1246 1931 1300 καὶ
1965 1247 1999 1315 ἠ

336 1335 656 1410 ἀνθρωπίνη
691 1334 852 1413 σοφία
878 1335 937 1390 ἐκ
965 1338 1098 1392 Θεοῦ
1125 1335 1284 1392 ἐστιν.

419 1425 520 1481 Καὶ
574 1424 636 1480 οὗ
691 1425 791 1494 τὴν
844 1428 952 1480 τῶν
1003 1422 1256 1481 πολλῶν.
1299 1424 1376 1480 Τὸ
1423 1423 1586 1499 ῥητὸν
1638 1421 1782 1478 οὕτω
1815 1444 2001 1478 συντα-

334 1514 521 1569 κτέον·
557 1513 660 1571 Καὶ
692 1514 756 1569 οὐ
786 1514 885 1582 τήν
915 1517 1022 1568 τῶν
1053 1510 1286 1568 πολλῶν
1319 1507 1489 1589 ἔγωγε
1519 1512 1668 1589 λέγω
1699 1510 1852 1583 δόξαν
1895 1516 2004 1567 τῶν

337 1602 644 1679 προσύλως
699 1602 791 1658 καὶ
852 1603 1114 1676 ἐμπαθῶς
1173 1602 1616 1676 έναπομενόντων
1701 1608 1819 1665 τοῖς
1893 1606 2002 1657 τῶν

337 1695 593 1762 ποιητῶν
625 1690 812 1768 λόγοις
839 1692 874 1762 ἢ
906 1691 1122 1750 πάθεσι.

415 1783 504 1854 Τῇ
535 1780 640 1856 γὰρ
687 1786 796 1836 τῶν
844 1776 1014 1836 ὄντων
1067 1781 1288 1856 γνώσει.
1336 1785 1462 1839 Τῶν
1512 1777 1683 1836 ὄντων
1724 1781 1924 1855 γνῶσιν
1956 1782 2002 1818 ⁸³

338 1868 595 1942 ἐκάλεσε,
642 1870 706 1925 τὸ
754 1869 1217 1945 ἐπιτετηρημένον
1261 1877 1362 1939 τῆς
1417 1873 1686 1942 κινήσεως
1741 1874 1847 1925 τῶν
1910 1868 2002 1926 οὖ-

338 1958 568 2036 ρανίων,
625 1959 716 2014 καὶ
771 1960 870 2029 τὴν
933 1959 1160 2034 θεωρίαν
1218 1964 1326 2014 τῶν
1387 1957 1574 2014 ἄλλων
1620 1963 1722 2024 τῆς
1776 1959 2004 2021 κτίσεως

342 2052 555 2123 μερῶν,
616 2049 754 2104 κατᾶ
803 2050 896 2104 τὸν
954 2046 1050 2104 ἕνα
1103 2050 1198 2104 τὸν
1252 2052 1352 2114 τῆς
1399 2049 1587 2127 σοφίας
1636 2051 1681 2086 ⁵³
1733 2046 1860 2122 ὅρον
1909 2047 2003 2103 τὸν

338 2136 600 2214 λέγοντα,
649 2141 844 2215 γνῶναι
893 2137 960 2193 τὰ
1012 2135 1140 2193 ὄντα
1188 2137 1226 2213 ἦ
1271 2134 1399 2193 ὄντα
1446 2135 1575 2195 ἐστί.
1607 2141 1712 2192 Τοῦ
1753 2135 2004 2193 δὲἈπο-

339 2225 548 2283 στόλου
579 2230 614 2298 ἡ
666 2228 848 2306 φωνὴ,
876 2232 955 2299 τῷ
1003 2226 1175 2282 εἷ’πεῖν
1225 2225 1277 2282 έν
1309 2230 1378 2302 τῇ
1410 2234 1455 2281 α’
1484 2227 1619 2302 πρὸς
1656 2227 2004 2300 Κορινθίους”

336 2313 571 2386 Ἐπειδὴ
630 2317 735 2393 γὰρ
795 2315 848 2371 ἐν
907 2321 977 2391 τῇ
1040 2315 1202 2395 σοφίᾳ
1256 2321 1353 2371 τοῦ
1429 2314 1564 2371 Θεοῦ
1623 2315 1722 2371 οὐκ
1776 2309 1918 2391 ἔγνω
1977 2316 2005 2370 ὁ

337 2405 556 2479 κόσμος
629 2403 719 2460 διὰ
793 2409 894 2475 τῆς
959 2404 1149 2483 σοφίας
1223 2406 1316 2460 τὸν
1377 2407 1545 2462 Θεόν·
1607 2407 1850 2461 τουτέστι
1907 2408 2008 2470 τῆς

340 2495 760 2574 ἐμφαινομένης
834 2499 915 2568 τῷ
990 2494 1301 2570 ἐναρμονίῳ
1375 2495 1465 2550 καὶ
1530 2498 1848 2570 τεταγμένῳ
1904 2497 2006 2559 τῆς

341 2583 596 2650 κτίσεως,
628 2589 791 2639 τοῦτο
850 2591 1064 2654 συνῆκε.
1130 2583 1448 2658 Σημείωσαι
1510 2582 1622 2653 οὖν,
1680 2582 1764 2639 ὅτι
1812 2586 1847 2652 ἡ
1896 2586 2004 2638 τῶν

342 2669 521 2728 ὄντων
574 2677 773 2749 γνῶσις
832 2672 1130 2751 φιλοσοφία
1182 2672 1420 2748 λέγεται,
1481 2674 1571 2728 καὶ
1622 2672 1746 2728 τίνα
1789 2671 2006 2728 καλεῖὁ

341 2760 686 2825 ’Λπόστολος
759 2761 810 2818 ἐν
889 2766 956 2836 τῇ
1043 2763 1088 2817 α’
1169 2763 1310 2838 πρὸς
1403 2762 1726 2839 Κορινθίους
1814 2762 2004 2840 σοφίαν

341 2856 504 2908 Θεοῦ.
540 2853 696 2925 [Eine
724 2853 825 2927 γὰρ
858 2851 908 2908 ἐν
943 2853 1092 2928 ἀρχῆ
1135 2854 1226 2908 τὸν
1260 2853 1486 2923 σκοπὸν,
1520 2851 1590 2907 δι’
1638 2853 1696 2909 ὃν
1739 2851 1862 2908 οὕτε
1889 2852 2008 2916 καθ⁹

340 2938 659 3013 Ἑλλήνων,
693 2939 816 2996 οὕτε
845 2943 964 3007 καθ’
1004 2943 1201 3020 ἑτέρων
1235 2943 1612 3018 συνέγραψεν.]

419 3117 571 3174 Ἔδει
656 3117 890 3175 συνιδεῖν
973 3121 1066 3176 τὸν
1151 3117 1545 3198 Ἀπολλοφάνη
1594 3163 1606 3175 .
1690 3120 1827 3177 Ἀπὸ
1899 3123 2006 3174 τῶν

342 3211 481 3285 παρ’
528 3208 800 3278 Ἕλλησιν
836 3207 1302 3284 ὁμολογουμένων
1334 3211 1434 3278 τὴν
1467 3206 1703 3279 διάταξιν
1744 3213 1842 3264 τοῦ
1874 3209 2009 3264 πάν-

340 3319 458 3352 των
520 3296 695 3352 αἲτίου
754 3303 888 3353 Θεοῦ
947 3299 1348 3371 παρατίθεται,

344 3387 497 3458 ἄξιον
559 3387 845 3463 ἐπιγνῶναι
893 3389 985 3442 τὸν
1038 3393 1252 3443 πάντων
1306 3389 1567 3461 ὁροθέτην
1616 3389 1768 3458 Θεὸν,
1819 3386 1877 3441 ἐκ
1912 3391 2011 3442 τοῦ

340 3477 447 3533 τὸν
480 3475 645 3546 ἥλιον
693 3478 783 3532 καὶ
827 3479 927 3547 τήν
985 3477 1223 3548 σελήνην
1270 3476 1399 3540 τοὺς
1439 3475 1885 3551 διατεταγμένους
1909 3482 2011 3545 τῆς

344 3563 569 3641 ἡμέρας
599 3559 748 3641 ἔχειν
781 3565 963 3642 ὅρους,
995 3565 1083 3620 καὶ
1132 3570 1212 3638 τῷ
1242 3565 1402 3619 παντὶ
1433 3568 1530 3619 τοῦ
1561 3563 1788 3638 οὐρανοῦ
1825 3563 2013 3636 κύκλῳ

348 3655 762 3727 συμπεριθέειν,
820 3656 1100 3710 τουτέστιν
1159 3653 1210 3724 ἐξ
1271 3651 1551 3708 ἀνατολῶν
1613 3652 1700 3708 ἐπὶ
1755 3651 1961 3726 δυσμάς
1997 3693 2012 3709 .

343 3741 482 3802 Εἴτε
516 3745 593 3816 μή
644 3744 1136 3822 συμπεριφέροιντο
1166 3748 1246 3816 τῷ
1276 3743 1591 3818 περιέχοντι
1624 3740 1818 3804 αὐτοὺς
1851 3741 2013 3818 οὐρα-

345 3837 456 3905 νῷ,
486 3837 584 3888 τοῦ
614 3833 709 3904 μὲν
745 3832 977 3908 οὐρανοῦ
1008 3832 1098 3888 καὶ
1145 3839 1246 3903 τῆς
1276 3832 1552 3894 ἀπλανοῦς
1601 3835 1709 3886 τῶν
1743 3831 2012 3901 ἀκινήτων

346 3923 594 3998 ἀστέρων
630 3923 876 4000 σφαίρας,
911 3921 1016 3980 ἀπὸ
1066 3921 1347 3977 ἀνατολῶν
1377 3922 1454 3984 εἰς
1500 3918 1709 3994 δυσμὰς
1735 3919 2013 3983 κυκλικῶς

347 4012 764 4088 στρεφομένων,
809 4010 985 4067 αὐτῶν
1036 4008 1093 4066 δὲ
1140 4010 1307 4080 ἡλίου
1339 4011 1429 4065 καὶ
1457 4007 1697 4082 σελήνης
1744 4010 1839 4079 τὴν
1873 4008 2018 4065 ἐναν-

345 4100 476 4156 τίαν
530 4104 611 4172 τῷ
663 4102 826 4155 παντὶ
873 4120 1183 4176 τρεχοντων
1235 4099 1294 4154 ἐκ
1338 4097 1560 4172 δυσμῶν
1609 4099 1687 4161 εἷς
1726 4098 2013 4162 ἀνατολάς’

342 4190 446 4244 καὶ
503 4189 647 4244 οὕτω
708 4187 945 4262 μάλιστα
992 4188 1348 4264 γνωρίζεσθαι
1388 4190 1478 4243 καὶ
1527 4189 1886 4262 θαυμάζεσθαι
1938 4186 2016 4243 δί-

347 4299 513 4342 καιος
544 4279 571 4333 ὁ
600 4283 696 4334 τοῦ
737 4279 939 4342 παντὸς
987 4275 1331 4352 δημιουργὸς
1377 4278 1465 4332 καὶ
1520 4274 1811 4348 διατάκτης
1861 4276 2014 4340 Θεός.

347 4372 533 4423 Ταῦτα
575 4367 1005 4443 ἠρμηνεύσαμεν
1079 4367 1217 4421 κατὰ
1292 4364 1720 4443 Ἀπολλοφάνην
1777 4365 1869 4422 τὸν
1927 4365 2016 4421 λέ-

348 4477 546 4533 γοντα,
585 4458 661 4530 μὴ
695 4455 787 4511 σὺν
818 4460 898 4529 τῷ
923 4454 1072 4528 ἡλίῳ
1101 4454 1190 4510 καὶ
1222 4455 1312 4509 τὸν
1361 4454 1592 4528 οὐρανὸν
1627 4454 1840 4510 ἑστάναι
1872 4454 2016 4523 τότε,

349 4544 476 4602 ἰπεὶ
508 4543 560 4599 έν
599 4549 668 4620 τῇ
719 4546 826 4618 πρὸ
874 4544 1082 4614 ταύτης
1130 4546 1420 4620 προγραφῇ
1452 4543 1516 4597 τὸ
1566 4539 1783 4618 ἀκριϐὲς
1833 4564 2021 4620 προει-

355 4635 631 4712 ρήκαμεν.
692 4635 846 4711 [Περὶ
908 4640 1009 4704 τῆς
1061 4637 1172 4690 τῶν
1231 4633 1468 4708 ἀστέρων
1521 4630 1808 4703 διατάξεως
1860 4632 2098 4740 ἔστω-Β

353 4745 464 4794 σης
545 4721 722 4800 βουλῇ
781 4723 937 4792 Θεοῦ,
997 4722 1088 4778 καὶ
1149 4723 1224 4795 μή
1295 4723 1760 4795 μετακινουμένης
1818 4723 1968 4785 αὖθις
2003 4765 2018 4792 ,

357 4815 492 4870 ὅταν
548 4811 735 4888 ἐθέλῃ,
796 4813 870 4876 ὡς
929 4811 1017 4867 ἐπὶ
1067 4814 1246 4883 Ἰησοῦ
1321 4815 1422 4867 τοῦ
1499 4817 1653 4881 Ναυῆ
1707 4813 1798 4867 καὶ
1856 4813 2018 4882 Ἰεζε-

351 4899 544 4976 κιήλ.]

429 4993 594 5047 Ὅταν
667 4989 832 5061 ἥλιος
909 4991 996 5046 ὑπ’
1073 4990 1264 5047 αὐτοῦ.
1345 4991 1422 5045 Τὰ
1494 4994 1591 5045 τοῦ
1667 4990 1847 5060 Ἰησοῦ
1921 4995 2018 5046 τοῦ

351 5087 517 5152 Ναυῆ
553 5081 606 5136 ἰν
651 5080 869 5143 τούτοις
917 5080 1292 5154 παρατίθεται,
1336 5080 1427 5134 καὶ
1473 5079 1876 5153 ἀναμιμνήσκει
1923 5081 2017 5135 τὸν

351 5172 513 5248 ἅγιον
566 5169 928 5245 Πολύκαρπον
981 5177 1083 5239 τῆς
1131 5169 1373 5244 ἱστορίας
1422 5168 1650 5238 ταύτης,
1677 5167 1766 5223 ’ίνα
1819 5169 2019 5240 ταύτην

352 5263 552 5336 ἀντιθῇ
607 5263 687 5332 τῷ
745 5257 1181 5339 ’Δπολλοφάνει.
1246 5259 1421 5329 Φησὶν
1481 5255 1573 5313 οὗν
1655 5257 1792 5313 Εἰπὲ
1848 5259 2015 5332 αὐτῷ*

431 5433 515 5507 (g)
545 5437 682 5506 Cap.
716 5451 761 5502 ι,
788 5450 843 5489 v.
875 5434 966 5490 21.

2111 621 2324 677 Christi
2355 624 2749 693 contigerunt.

2183 713 2486 784 Arguetur.
2531 711 3020 766 Subaudiendum
3074 712 3217 768 illud
3268 713 3655 784 redarguetur,
3686 715 3773 770 sic

2112 800 2268 856 enim
2297 801 2476 872 exigit
2516 802 2900 856 constructio.
2955 803 3193 874 [Idolum
3235 803 3475 875 ponitur
3503 820 3606 876 pro
3637 805 3771 859 imi-

2111 891 2301 962 tatio].

2185 979 2319 1048 §II.
2379 979 2690 1052 Sophislam
2742 980 3201 1052 Apollophanem.
3252 981 3332 1036 De
3375 981 3773 1054 Apollophane

2113 1068 2398 1140 sophista,
2432 1069 2529 1139 qui
2562 1069 2752 1124 fuerat
2785 1070 2980 1125 socius
3015 1071 3210 1142 magni
3244 1070 3526 1143 Dionysii,
3554 1077 3610 1126 et
3632 1087 3772 1126 con-

2114 1156 2438 1213 vitiabatur
2469 1159 2688 1229 ipsum,
2713 1159 2865 1229 quod
2900 1158 3271 1214 Christianus
3299 1159 3489 1214 factus
3519 1164 3691 1224 esset,
3717 1162 3774 1215 et

2113 1247 2396 1303 adversus
2427 1246 2677 1318 gentiles
2704 1247 2940 1304 diceret.
2972 1248 3138 1319 [Nam
3171 1252 3227 1302 et
3258 1247 3518 1304 humana
3547 1248 3776 1320 sapien-

2115 1335 2196 1391 lia
2225 1353 2258 1392 a
2287 1336 2404 1392 Deo
2431 1337 2565 1407 est.]

2182 1431 2368 1496 Neque
2397 1426 2488 1481 hic
2515 1425 2579 1481 de
2625 1425 3031 1482 multitudinis.
3085 1426 3316 1481 Dictum
3368 1426 3479 1482 hoc
3518 1426 3603 1482 sic
3631 1442 3777 1482 con-

2113 1504 2464 1571 struendum
2514 1519 2606 1571 est
2638 1531 2650 1570 :
2683 1520 2885 1586 Neque
2936 1531 3042 1587 ego
3093 1517 3164 1570 de
3215 1514 3618 1570 multitudinis
3649 1515 3776 1586 Opi-

2113 1605 2288 1659 nione
2317 1603 2548 1675 loquor,
2589 1621 2718 1675 quas
2766 1608 3072 1675 poetarum
3105 1603 3321 1659 fabulis
3352 1608 3455 1659 aut
3483 1603 3775 1675 passioni-

2111 1693 2224 1749 bus
2256 1692 2640 1749 materialiter
2669 1693 3068 1765 tenaciterque
3095 1693 3372 1749 adhaeret.

2183 1783 2326 1839 Nam
2379 1799 2479 1856 per
2526 1783 2670 1839 hanc
2717 1785 2895 1856 ipsam
2950 1800 3142 1839 rerum
3187 1784 3496 1840 scientiam.
3549 1783 3769 1840 Rerum

2113 1872 2416 1929 scientiam
2449 1873 2678 1928 vocavit
2725 1872 3192 1928 observationem
3239 1877 3437 1928 motus
3467 1871 3769 1941 caelorum,

2113 1966 2171 2018 et
2188 1961 2437 2019 aliarum
2453 1965 2732 2018 creaturae
2752 1962 3010 2033 partium
3032 1961 3584 2030 considerationem,
3605 1961 3778 2032 juxta

2114 2051 2432 2123 quamdam
2465 2050 2770 2122 sapientiae
2803 2050 3224 2117 deﬁnitionem,
3261 2067 3381 2123 qua
3406 2065 3776 2121 cognoscun-

2112 2144 2212 2195 tur
2242 2156 2333 2196 res
2365 2143 2656 2212 quatenus
2687 2156 2781 2195 res
2811 2143 2967 2195 sunt.
3004 2140 3104 2194 Est
3133 2143 3328 2195 autem
3353 2137 3453 2194 illa
3481 2155 3588 2194 vox
3617 2143 3775 2210 Apo-

2115 2229 2250 2285 stoli
2300 2229 2358 2283 in
2412 2229 2602 2300 prima
2649 2231 2718 2284 ad
2769 2228 3127 2294 Corinthios,
3179 2228 3429 2283 dicentis
3461 2228 3540 2298 (g)
3583 2243 3597 2281 :
3633 2228 3775 2283 Nam

2115 2320 2250 2390 quia
2278 2319 2339 2374 in
2375 2320 2648 2390 sapientia
2677 2319 2777 2374 Dei
2821 2333 2933 2374 non
2960 2319 3210 2388 cognovit
3261 2316 3516 2386 mundus,
3546 2333 3647 2387 per
3673 2331 3774 2371 sa-

2110 2409 2393 2479 pientiam
2422 2411 2634 2469 Deum;
2665 2408 2723 2462 id
2755 2412 2846 2463 est
2873 2424 2976 2476 per
3005 2406 3360 2477 sapientiam
3392 2405 3453 2460 in
3485 2405 3776 2461 concinna

2116 2496 2442 2569 decoraque
2501 2500 2780 2552 creaturae
2841 2495 3266 2567 compositione
3323 2500 3704 2567 apparentem
3756 2510 3772 2562 ;

2116 2600 2244 2658 quae
2270 2586 2380 2642 hoc
2409 2584 2720 2642 intellexit.
2752 2585 2904 2641 Nota
2930 2584 3114 2657 igitur
3151 2599 3347 2640 rerum
3379 2582 3648 2638 notitiam
3676 2598 3775 2638 vo-

2116 2674 2236 2731 cari
2281 2675 2740 2747 philosophiam,
2774 2691 2951 2747 quam
2986 2675 3164 2729 etiam
3211 2671 3528 2744 Apostolus
3558 2671 3618 2725 in
3649 2671 3773 2744 pri-

2117 2779 2214 2819 ma
2243 2765 2316 2819 ad
2349 2763 2680 2820 Corinthios
2715 2763 2811 2820 Dei
2849 2761 3202 2835 sapientiam
3236 2759 3565 2833 appellavit.
3596 2759 3775 2829 [Dixit

2117 2853 2275 2909 enim
2305 2853 2366 2908 in
2400 2854 2711 2926 principio,
2744 2853 3021 2924 quisnam
3053 2867 3269 2923 scopus
3301 2849 3414 2905 sibi
3445 2849 3773 2919 esset,jux-

2116 2947 2177 2998 ta
2207 2958 2381 3014 quem
2413 2958 2602 3015 neque
2649 2950 2852 2998 contra
2903 2942 3133 2997 Grecos
3165 2954 3348 3010 neque
3392 2942 3600 2995 contra
3629 2937 3775 2994 alios

2118 3031 2403 3103 scripsit].

2184 3120 2342 3177 Scire
2370 3120 2598 3177 debebat
2645 3120 3065 3192 Apotloyihanes.
3116 3119 3194 3174 Ex
3243 3134 3310 3174 eo
3358 3132 3570 3188 nempe
3618 3117 3776 3189 quod

2119 3211 2275 3282 apud
2307 3209 2555 3283 gentiles
2586 3210 2649 3266 in
2680 3209 2948 3266 confesso
2979 3213 3089 3279 est,
3112 3225 3306 3264 rerum
3334 3206 3600 3262 omnium
3624 3205 3780 3262 ordi-

1411 3301 1587 3374 φήσας
1623 3342 1639 3366 ,
1698 3298 1757 3352 ἐκ
1811 3298 2006 3352 τούτου

2128 3315 2252 3354 nem
2278 3299 2618 3354 earumdem
2646 3300 2864 3354 auctori
2887 3303 2998 3354 Deo
3021 3297 3401 3353 tribuendum
3425 3296 3780 3364 esse,docet,

2123 3405 2193 3443 ex
2226 3387 2334 3443 hoc
2366 3388 2636 3460 cognosci
2667 3405 2839 3459 posse
2869 3388 3054 3444 Deum
3089 3387 3264 3442 rebus
3295 3383 3782 3456 omnibuslegem

2122 3493 2360 3548 ponere,
2392 3478 2548 3549 quod
2580 3477 2670 3532 sol
2698 3481 2754 3533 et
2782 3476 2925 3532 luna
2951 3477 3238 3532 terminos
3280 3473 3393 3530 diei
3426 3473 3784 3530 constitutos

2121 3566 2399 3632 habeant,
2457 3571 2514 3621 et
2563 3565 2743 3621 simul
2799 3581 2934 3621 cum
2992 3566 3262 3621 universo
3310 3562 3594 3620 caelorum
3643 3559 3784 3617 orbe

2122 3653 2692 3724 oircumvolvantur;
2742 3654 2970 3710 scilicet
3021 3671 3091 3709 ex
3134 3653 3359 3708 oriente
3405 3651 3464 3706 in
3511 3649 3784 3706 occiden-

2121 3747 2266 3800 tem.
2325 3744 2488 3809 Quod
2533 3743 2581 3798 si
2615 3760 2732 3798 non
2766 3744 2921 3799 810
2951 3742 3445 3798 circumferantur
3494 3756 3611 3794 una
3647 3753 3784 3793 cum

2124 3833 2268 3889 caelo
2300 3849 2414 3902 quo
2445 3832 2845 3901 continentur,
2877 3833 2960 3888 ita
2992 3836 3057 3888 ut
3098 3831 3308 3888 coelum
3334 3829 3575 3902 quidem
3605 3831 3662 3883 et
3690 3827 3786 3882 in-

2125 3921 2449 3978 errantium
2500 3926 2678 3992 atque
2725 3921 3030 3976 stabilium
3082 3920 3384 3976 stellarum
3433 3917 3676 3990 sphaerae
3718 3931 3788 3971 ex

2123 4011 2349 4068 Oriente
2379 4011 2437 4065 in
2486 4011 2847 4066 occidentem
2899 4009 3266 4066 circulariter
3310 4011 3631 4076 vertantur,
3662 4005 3790 4077 ipse

2126 4104 2323 4156 autem
2375 4099 2460 4155 801
2511 4106 2570 4155 8t
2623 4100 2764 4154 luna
2811 4100 3170 4155 contrarium
3224 4096 3496 4152 universo
3544 4110 3786 4149 cursum

2125 4193 2367 4244 teneant
2397 4206 2464 4245 ex
2491 4189 2794 4245 occidente
2825 4189 2882 4244 in
2935 4188 3218 4243 orientem
3244 4207 3257 4254 ;
3292 4185 3495 4257 utique
3520 4183 3610 4239 vel
3651 4182 3788 4238 hinc

2127 4278 2382 4335 maxime
2421 4278 2839 4352 cognoscibilis
2889 4281 2945 4334 et
2976 4277 3364 4333 admiratione
3411 4273 3628 4346 dignus
3657 4287 3790 4329 oen-

2127 4367 2357 4423 sebitur
2391 4368 2648 4425 universi
2699 4373 2926 4423 creator
2975 4372 3155 4439 atque
3203 4367 3562 4439 gubernator
3608 4361 3786 4418 Deus.

2128 4457 2260 4512 Haec
2291 4473 2655 4529 exponemus
2705 4460 2909 4512 contra
2954 4455 3420 4527 Apollophanem
3471 4453 3788 4518 dicentem,

2130 4563 2244 4602 non
2280 4564 2396 4602 una
2425 4564 2558 4602 cum
2592 4535 2714 4602 sole
2745 4546 2955 4601 coelum
3003 4547 3110 4601 hoc
3152 4543 3514 4611 constitisse,
3547 4538 3791 4596 tametsi

2129 4635 2187 4691 id
2224 4636 2281 4690 in
2317 4637 2498 4707 priori
2549 4635 2869 4706 scriptione
2916 4639 3188 4690 accurate
3239 4629 3639 4704 probavimus.
3687 4627 3791 4697 [De

2131 4730 2424 4780 astrorum
2471 4725 2879 4797 dispositione,
2913 4740 3037 4792 quae
3074 4723 3313 4795 quidem
3364 4718 3563 4774 divina
3591 4714 3790 4773 volun-

2128 4819 2248 4870 tate
2278 4816 2446 4870 ﬁrma
2477 4819 2604 4884 est;
2638 4818 2920 4880 attamen,
2956 4829 3089 4869 cum
3123 4813 3248 4884 ipse
3297 4809 3566 4876 voluerit,
3600 4806 3788 4864 varia-

2129 4907 2247 4974 tur,
2282 4909 2348 4960 ut
2375 4909 2636 4974 tempore
2662 4904 2844 4960 Josue
2875 4908 2932 4958 et
2961 4901 3326 4972 Ezechielis.]

2203 4995 2430 5062 Quando
2458 4994 2537 5049 sol
2587 4994 2654 5048 ab
2703 4995 2838 5065 ipso.
2890 4992 3170 5065 Pr0ponit
3218 4991 3313 5045 hic
3344 5004 3472 5061 quas
3503 4985 3616 5042 sub
3644 4985 3787 5042 Jesu

2131 5083 2710 5156 Navecontigerunt,
2755 5087 2812 5138 et
2855 5083 2914 5137 B.
2948 5082 3265 5154 Polycarpo
3299 5079 3447 5134 hanc
3476 5075 3790 5133 historiam

2131 5172 2190 5226 in
2217 5174 2556 5227 memoriam
2584 5176 2836 5239 revocat,
2861 5177 2925 5226 ut
2945 5187 3071 5227 eam
3097 5166 3486 5242 Apollophani
3509 5168 3787 5239 opponat.

2131 5261 2222 5317 Ait
2253 5260 2489 5332 itaque:
2516 5261 2618 5317 Dic
2649 5261 2733 5318 illi
2769 5279 2782 5317 :
2821 5261 2983 5318 Disce
3010 5259 3306 5331 quomodo
3338 5262 3489 5314 Deus
3520 5255 3704 5314 solem
3733 5259 3792 5311 et

1379 5602 1624 5661 VARIIE
1662 5602 2054 5665 LEGTIONES
2093 5605 2184 5664 ET
2214 5606 2769 5666 GORRECTIONES.

434 5751 477 5788 ⁵¹
511 5746 924 5826 ἐλεγχθήσεται.
1001 5750 1046 5786 ⁸³
1068 5749 1342 5821 γνώσεων.
1419 5749 1466 5785 ⁵³
1495 5744 1843 5827 φιλοσοφίας.
