4106 6384
348 373 456 430 539

1172 379 1540 434 APPENDIX
1577 378 1678 432 AD
1712 374 1956 433 OPERA
1992 375 2054 428 S.
2093 374 2412 431 DIONYSII
2451 375 2956 433 ABEOPAGITE.

3672 376 3782 432 540

352 504 592 572 lunam;
627 521 762 560 cum
797 506 1126 561 secundum
1154 505 1562 561 diametralem
1594 503 1811 559 lineam
1857 520 1887 558 e
1918 520 2007 558 re-

2146 501 2272 564 νίάθε
2302 504 2418 562 πῶς
2450 502 2477 555 6
2508 501 2640 565 Θεὸς
2686 501 2779 557 τὸν
2834 498 2996 570 ἥλιον
3051 500 3142 556 καὶ
3187 503 3286 572 τήν
3344 499 3583 573 σελήνην
3643 500 3781 558 κατά

353 595 525 665 gione
553 611 682 650 sese
736 598 1156 666 respectarent,
1190 594 1310 650 sole
1358 594 1596 665 quidem
1642 595 1766 662 jam
1815 596 2010 648 dever-

353 689 524 754 gente
553 684 611 738 in
643 701 944 749 occasum,
971 683 1287 739 luminaria
1308 683 1410 738 illa
1441 683 1656 738 stiterit
1678 685 1733 737 in
1761 682 2013 738 statione

355 789 483 838 sua,
517 773 724 845 utique
753 775 968 828 virtute
990 773 1270 828 ineffabili
1299 774 1555 828 auctoris
1576 789 1776 827 eorum
1799 771 1922 827 Dei.
1948 771 2015 827 Et

353 863 658 917 immobile
679 863 858 918 etiam
885 868 1010 918 tum
1035 862 1301 918 substitit
1327 863 1664 916 universum
1689 878 1821 916 cum
1848 866 2014 915 utro-

353 968 466 1021 que
496 949 774 1006 luminari
804 970 818 1020 ;
851 952 1064 1007 etenim
1118 967 1231 1005 non
1264 950 1474 1006 ccelum
1506 951 1723 1022 ipsum,
1760 967 1870 1004 non
1906 965 2016 1004 caa-

354 1045 478 1095 tera
499 1040 694 1095 sidera
714 1040 1453 1108 circumvolvebantur,sed
1481 1057 1598 1094 una
1625 1055 1757 1093 cum
1785 1039 2016 1093 duobus

356 1129 489 1184 istis
519 1129 916 1184 luminaribus
947 1129 1171 1201 absque
1197 1134 1358 1184 motu
1383 1129 1795 1184 substiterunt.
1820 1128 2019 1200 Neque

360 1235 537 1290 parvo
571 1219 853 1273 duntaxat
885 1223 1144 1290 tempore
1177 1235 1386 1274 cursus
1417 1218 1675 1274 universi
1723 1235 1788 1273 ac
1823 1223 2018 1274 motus

358 1307 668 1375 inhibitus,
701 1308 798 1362 sed
833 1307 1061 1379 integro
1089 1307 1300 1373 die,ita
1333 1313 1396 1362 ut
1426 1309 1536 1363 sub
1559 1307 1692 1361 Jesu
1719 1307 1871 1362 Nave
1895 1307 2019 1362 dies

360 1397 534 1453 fuerit
564 1396 885 1468 duplicata,
919 1414 1132 1469 nempe
1181 1399 1252 1452 ad
1296 1396 1504 1468 viginti
1536 1401 1790 1468 quatuor
1820 1396 2018 1466 horas,

359 1485 862 1557 quemadmodum
913 1485 1065 1541 claro
1097 1487 1266 1542 docet
1311 1487 1486 1542 Jesus
1535 1485 1692 1541 ﬁlius
1724 1485 1926 1542 Sirach
1959 1487 2018 1540 in

359 1575 577 1647 hymno
610 1575 871 1630 Patrum.
928 1575 1150 1632 Deinde
1199 1576 1510 1646 subjungit
1546 1591 1558 1630 :
1591 1575 1649 1630 Si
1697 1591 1832 1630 vero
1864 1575 2023 1630 dicat

357 1663 789 1736 Apollophanes
815 1665 869 1719 id
893 1681 1022 1720 esse
1037 1664 1491 1735 impossibile,ut
1505 1683 1624 1720 una
1644 1681 1773 1720 cum
1790 1665 2021 1720 duobus

359 1753 754 1809 luminaribus
783 1756 1022 1818 cmlum,
1053 1759 1112 1809 et
1160 1753 1390 1824 reliqua
1435 1752 1594 1809 astra
1623 1754 2018 1822 substiterint,

361 1844 462 1939 sed
497 1842 598 1898 illa
629 1847 787 1899 mota
810 1843 994 1899 fuisse
1016 1843 1137 1899 sole
1168 1843 1551 1911 subsistente,
1577 1844 1861 1914 responde
1883 1843 2018 1915 ipsi,
2055 1874 2101 1939 B

359 1930 444 1987 vel
477 1931 588 1988 hoc
620 1934 873 1987 maxime
921 1932 991 1987 ad
1027 1948 1228 1987 verum
1265 1937 1444 1988 Deum
1477 1933 1863 2004 ejusdemque
1893 1949 2022 2004 cog-

362 2021 648 2077 nitionem
681 2021 878 2093 ipsum
913 2026 1248 2077 convertere
1296 2022 1592 2092 debuisse,
1625 2023 1782 2094 quod
1815 2039 2026 2094 nempe

361 2109 553 2183 polus,
587 2111 688 2181 qui
734 2109 1053 2167 luminaria
1102 2111 1464 2178 continebat,
1504 2111 2024 2183 circumageretur,

360 2199 679 2256 luminaria
694 2217 849 2269 vero,
865 2217 992 2271 quae
1016 2201 1206 2272 ipsius
1227 2201 1530 2273 complexu
1547 2201 2024 2272 continebantur,

362 2289 610 2345 immota
633 2289 1035 2344 consisterint.
1063 2291 1180 2345 Hoc
1212 2291 1368 2345 enim
1397 2291 1640 2361 majoris
1669 2295 1755 2346 est
1788 2291 2024 2346 virtutis

363 2377 507 2435 omlo
537 2379 878 2450 calorisque
909 2378 1098 2434 stellis
1132 2379 1327 2442 motis,
1361 2379 1544 2435 solem
1577 2385 1635 2434 et
1666 2381 1864 2434 lunam
1897 2380 2026 2435 sine

366 2472 527 2523 motu
560 2466 903 2535 consistere,
928 2473 984 2523 et
1018 2485 1133 2524 non
1156 2470 1359 2524 eodem
1397 2474 1558 2524 motu
1593 2486 1728 2524 cum
1751 2469 2024 2526 universo

366 2555 608 2624 moveri,
639 2573 774 2612 cum
809 2573 925 2629 quo
952 2574 1188 2628 semper
1216 2559 1536 2628 circumagi
1571 2563 2024 2614 consueverunt.

433 2650 706 2718 Statuque
735 2647 998 2703 mirabili
1025 2649 1194 2702 simul
1233 2665 1358 2704 cum
1388 2648 1498 2704 hac
1527 2649 1904 2704 universitate.
1933 2648 2026 2702 Ait

366 2751 597 2806 nempe,
656 2735 952 2806 quomodo
1007 2733 1186 2790 simul
1238 2735 1365 2806 ipso
1425 2734 1557 2806 polo
1606 2735 1848 2790 immoto
1901 2751 2023 2790 ma-

361 2827 537 2880 nente
568 2822 744 2894 (hunc
775 2824 933 2879 enim
965 2824 1414 2880 universitatem
1439 2823 1769 2896 appellavit)
1805 2823 1946 2879 solis
1970 2827 2026 2878 et

361 2911 514 2968 lunae
565 2912 735 2968 statio
787 2913 939 2968 facta
991 2913 1087 2970 sit.
1139 2911 1289 2980 Quin
1339 2913 1555 2984 potius,
1608 2913 1752 2967 3H
1812 2911 2024 2982 inquit,

366 3002 550 3058 multo
583 3003 772 3073 magis
805 3001 1164 3072 mirandum,
1199 3003 1246 3057 si
1283 3001 1452 3074 polus
1497 3001 1736 3073 quidem
1769 3001 2022 3055 circum-

366 3091 651 3163 agebatur
679 3090 857 3160 (hunc
893 3092 1050 3146 enim
1074 3090 1451 3162 signiﬁcavit,
1477 3091 1700 3158 dicens,
1722 3092 2024 3159 universis,

366 3184 424 3236 et
451 3180 778 3250 potioribus,
831 3185 888 3235 et
915 3181 1391 3248 continentibus);
1443 3179 1530 3235 sol
1561 3184 1756 3235 autem
1799 3184 1856 3233 et
1884 3177 2026 3234 luna

2123 586 2412 664 διάμετρον
2469 586 2626 652 ὄντας
2683 590 2806 646 τότε
2862 591 3080 666 ἀντικρὺ
3138 589 3449 662 ἀλλήλων,
3509 589 3778 664 δυομένου

2121 675 2231 746 ἤδη
2278 683 2374 732 τοῦ
2424 677 2610 749 ἡλίου,
2657 679 2874 750 ἔστησεν
2935 679 3024 736 ἐπὶ
3083 682 3254 736 τόπου
3300 679 3429 742 τοὺς
3459 687 3776 758 φωστῆρας,

2126 787 2307 820 στασιν
2366 767 2488 822 τινὰ
2544 770 2681 824 κατὰ
2740 766 2966 842 δύναμίν
3018 791 3141 824 τινα
3196 768 3397 848 ἄφατον
3453 773 3550 824 τοῦ
3599 769 3778 825 αίτίου

2126 855 2303 909 αὐτῶν
2338 861 2492 914 Θεοῦ.
2529 859 2625 912 Καὶ
2671 854 2798 929 ἔστη
2829 859 2892 914 τὸ
2921 865 3022 913 πᾶν
3055 859 3309 930 ἀκίνητον
3364 861 3500 932 μετὰ
3535 863 3643 914 τῶν
3679 857 3776 914 δύο

2126 947 2452 1020 φωστήρων·
2488 943 2612 1002 οὔτε
2640 949 2744 1024 γὰρ
2777 947 3026 1023 οὐρανὸς,
3059 946 3188 1003 οὔτε
3230 950 3282 1002 οἱ
3322 947 3509 1003 λοιποὶ
3559 947 3781 1024 ἀστέρες

2125 1037 2512 1108 περιεπόλουν,
2544 1034 2691 1091 ἀλλὰ
2732 1039 3164 1109 συνειστήκεισαν
3195 1043 3314 1100 τοῖς
3366 1035 3485 1092 δυσὶ
3517 1044 3779 1114 φωστῆρ-

2129 1143 2208 1176 σιν
2242 1123 2516 1194 ἀκίνητοι.
2549 1125 2654 1181 Καὶ
2688 1123 2811 1180 οὔτε
2858 1125 2946 1181 ἐπὶ
2979 1125 3170 1203 ὀλίγον
3200 1129 3228 1182 6
3260 1123 3466 1202 δρόμος
3493 1132 3592 1183 τοῦ
3640 1149 3780 1182 παν⁶

2127 1213 2239 1279 τὸς,
2273 1213 2361 1266 καὶ
2393 1216 2427 1283 ἡ
2459 1213 2669 1285 κίνησις
2716 1212 2843 1286 ἔστη
2883 1216 3070 1288 μόνον,
3119 1215 3248 1272 ἀλλ’
3290 1215 3371 1292 ἐφ’
3404 1217 3612 1291 ἡμέραν
3648 1214 3782 1271 ὀλό-

2128 1303 2361 1376 κληρον,
2405 1303 2480 1366 ὡς
2535 1303 2780 1378 γενέσθαι
2827 1303 2915 1359 ἐπὶ
2966 1306 3149 1376 Ἰησοῦ
3203 1309 3302 1360 τοῖ’)
3361 1313 3510 1374 Ναυῆ
3571 1305 3784 1382 ἡμέραν

2131 1388 2330 1460 διπλῆν
2363 1390 2442 1447 κδ’
2490 1394 2671 1468 ὡρῶν,
2705 1393 2780 1456 ὠς
2837 1399 3019 1470 σαφῶς
3069 1395 3230 1450 τοῦτό
3284 1417 3446 1472 φησιν
3487 1396 3702 1465 Ἰησοῦς
3755 1395 3784 1449 6

2127 1481 2223 1534 τοῦ
2259 1481 2465 1556 Σειράχ
2495 1482 2546 1537 ἐν
2590 1487 2670 1554 τῷ
2717 1483 2872 1556 ὕμνῳ
2920 1489 3028 1539 τῶν
3081 1485 3358 1559 Πατέρων.
3392 1487 3527 1539 Εἶτα
3571 1483 3782 1558 ἐπάγει·

2131 1570 2192 1624 Ei
2226 1567 2282 1624 δὲ
2330 1569 2471 1624 εἷ’ποι
2525 1571 2975 1650 Ἀπολλοφάνης,
3031 1571 3347 1644 Ἀδύνατον,
3390 1573 3452 1629 ού
3500 1573 3605 1648 γὰρ
3652 1570 3782 1644 ἔστη

2132 1659 2266 1732 μετᾶ
2294 1665 2402 1714 τῶν
2435 1657 2530 1715 δύο
2551 1663 2855 1738 φωστήρων
2879 1661 3106 1738 οὐρανὸς
3133 1662 3222 1718 καὶ
3246 1663 3299 1716 οἱ
3329 1661 3783 1738 λοιποὶάστέρες,

2130 1747 2257 1803 ἀλλ’
2287 1747 2483 1803 ἐκεῖνοι
2521 1750 2615 1823 μὶν
2661 1750 2956 1820 ἐκινοῦντο,
3006 1751 3168 1814 οὗτος
3215 1749 3272 1806 δὶ
3304 1750 3518 1806 ⁹ίστατο·
3553 1750 3785 1825 ἀπόκρι-

2131 1858 2216 1891 ναι
2248 1838 2398 1909 αύτῷ
2427 1837 2534 1907 ὅτι,
2567 1839 2822 1896 Μάλιστα
2849 1845 3010 1896 τοῦτο
3044 1843 3156 1916 χρή
3189 1861 3247 1896 σε
3295 1839 3612 1917 ἐπιστρέψαι
3644 1841 3786 1916 πρὸς

2129 1927 2220 1981 τὸν
2274 1926 2454 1998 ἀληθῆ
2487 1929 2616 1984 Θεὸν
2665 1927 2756 1984 καί
2798 1930 2896 1999 τήν
2943 1929 3108 1985 αὐτοῦ
3151 1934 3376 2006 γνῶσιν,
3425 1931 3516 1985 καὶ
3561 1929 3660 1986 τοῖ’)
3697 1950 3786 1986 κι-

2130 2021 2351 2080 νοῦντος
2387 2018 2483 2090 μὲν
2514 2018 2606 2073 τὸν
2661 2020 2990 2096 περιέχοντα
3033 2019 3162 2082 τοὺς
3196 2026 3487 2098 φωστῆρας
3531 2019 3787 2097 οὐρανὸν,

2133 2106 2377 2169 ἱστάντος
2425 2105 2481 2162 δὲ
2511 2109 2806 2179 ἀκινήτους
2850 2110 2981 2171 τοὺς
3010 2109 3440 2186 περιεχομένους
3469 2118 3786 2186 φωστῆρας.

2132 2201 2300 2250 Τοῦτο
2349 2196 2450 2270 γὰρ
2509 2197 2756 2270 μείζονός
2804 2197 2914 2253 ἐστι
2967 2196 3274 2272 δυνάμεως,
3324 2199 3412 2271 τὸ,
3461 2199 3792 2274 κινουμένου

2136 2283 2366 2359 ούρανοῦ
2395 2285 2481 2340 καὶ
2532 2290 2642 2341 τῶν
2695 2283 2905 2342 λοιπῶν
2951 2287 3214 2362 ἀστέρων,
3265 2295 3457 2358 στῆναι
3503 2287 3668 2358 ἥλιον
3700 2289 3791 2344 καὶ

2134 2373 2369 2444 σελήνην
2416 2375 2728 2446 ἀκινήτους,
2759 2377 2850 2432 καὶ
2903 2378 2979 2450 μὴ
3026 2379 3124 2446 τήν
3169 2378 3336 2447 αὐτὴν
3385 2378 3552 2456 φορὰν
3606 2399 3793 2454 συγκι-

2137 2466 2360 2535 νηθῆναι
2394 2470 2471 2537 τῷ
2499 2467 2681 2536 παντὶ,
2719 2468 2836 2539 μεθ’
2869 2467 2931 2521 οὗ
2959 2467 3041 2522 ἀεὶ
3072 2469 3518 2543 συμπεριήγοντο
3550 2470 3618 2524 ⁸⁸.

2207 2643 2672 2721 Ὑπερφυεστάτην
2733 2644 2844 2716 ἅμα
2884 2648 2965 2715 τῷ
3023 2643 3181 2699 παντί
3216 2688 3229 2701 .
3290 2645 3444 2720 Λέγει
3508 2645 3605 2718 μὶν
3639 2688 3653 2714 ,
3715 2649 3794 2710 ὡς

2136 2735 2276 2807 ὁμοῦ
2300 2737 2379 2805 τῷ
2409 2731 2568 2806 πόλῳ
2598 2735 2841 2807 ἀκινήτῳ
2887 2732 3124 2807 μείναντι
3173 2731 3356 2808 (τεοῦτο
3403 2734 3506 2810 γὰρ
3540 2733 3795 2808 ὠνόμασε

2132 2824 2196 2878 τὸ
2244 2825 2372 2896 πᾶν)
2399 2825 2432 2892 ἡ
2465 2827 2561 2877 τοῦ
2607 2821 2780 2892 ἡλίου
2810 2823 2899 2878 καὶ
2928 2830 3030 2893 τῆς
3071 2820 3308 2895 σελήνης
3340 2823 3547 2901 ἐγένετο
3580 2825 3788 2887 στάσις.

2136 2909 2362 2969 Μᾶλλον
2439 2909 2496 2966 δέ
2530 2959 2543 2985 ,
2599 2912 2781 2991 φησὶ,
2840 2910 3041 2985 πολλῷ
3091 2914 3574 2988 θαυμασιώτερον,
3635 2912 3789 2991 εἴπερ

2135 3004 2163 3056 6
2198 3003 2294 3074 μὲν
2325 3000 2498 3064 πόλος
2542 3004 2854 3078 περιήγετο,
2885 3004 3098 3075 (τοῦτον
3147 3003 3248 3077 γὰρ
3281 3000 3580 3076 ἐδήλωσεν,
3615 3003 3784 3058 εἰπὼν

2132 3095 2238 3145 τῶν
2287 3088 2455 3160 ὅλων,
2505 3093 2596 3146 καὶ
2636 3091 2982 3167 κρειττόνων,
3029 3090 3118 3145 καὶ
3167 3091 3586 3167 περιεχόντων),
3618 3090 3788 3162 ήλιος

2143 3179 2201 3235 δὲ
2231 3181 2318 3236 καὶ
2352 3180 2554 3252 σελήνη
2602 3181 2691 3256 (τὰ
2727 3181 2832 3257 γὰρ
2882 3181 3254 3256 περιεχόμενα
3298 3184 3489 3256 ταυτα)
3539 3181 3601 3236 οὐ
3653 3203 3796 3256 συμ-

373 3230 423 3236 --
837 3230 886 3235 --
1378 3230 1391 3246 ι
1443 3230 1530 3235 η-
1563 3230 1756 3235 "nm
1809 3230 1852 3233 --
1891 3230 2026 3234 τμη

366 3269 510 3340 (haec
539 3268 699 3324 enim
737 3270 1197 3336 continebantur)
1247 3286 1364 3324 non
1411 3286 1530 3324 una
1563 3267 1740 3324 simul
1773 3284 1906 3324 cum
1939 3283 2026 3337 eo,

2146 3273 2434 3345 περιήγετο
2463 3230 2554 3343 τῷ.
2573 3230 2908 3347 περιέχοντι.

368 3358 542 3429 cujus
575 3357 882 3429 complexu
914 3359 1292 3426 tenebantur,
1325 3358 1904 3428 circumagebantur.

441 3446 874 3503 Continuatione
902 3448 1022 3517 fere
1071 3448 1237 3517 triplo
1287 3447 1505 3517 longior
1532 3447 1750 3516 e/Iectus
1797 3448 1889 3501 sit.
1922 3448 2037 3517 Ap-

376 3536 576 3608 posuit
599 3537 740 3605 fere,
774 3537 930 3606 quod
965 3536 1089 3592 dies
1113 3536 1210 3592 ille
1241 3554 1356 3592 non
1381 3552 1809 3606 usquequaque
1832 3537 2040 3607 plenus

378 3624 555 3680 tuerit
587 3623 800 3696 triplici
822 3625 1512 3696 dimensione:(duarum
1536 3625 1690 3680 enim
1721 3629 1777 3679 et
1799 3623 2045 3694 triginta

378 3711 490 3768 fuit
517 3711 821 3784 horarum)
857 3714 928 3768 ab
961 3713 1185 3768 oriente
1215 3713 1441 3768 scilicet
1471 3713 1541 3767 ad
1573 3729 1706 3768 eum
1739 3728 1929 3782 usque
1959 3711 2042 3766 lo-

379 3817 539 3865 cum,
572 3799 632 3855 in
667 3817 783 3873 quo
816 3800 902 3856 sol
935 3806 1060 3857 tum
1093 3801 1374 3858 inventus
1405 3806 1513 3869 est,
1547 3801 1785 3872 quando
1817 3799 2045 3854 editum

374 3893 465 3945 est
520 3888 682 3945 istud
736 3889 996 3962 signum,
1052 3890 1249 3947 decem
1305 3889 1460 3946 horae
1509 3889 1932 3961 praeterierant,
1991 3891 2049 3942 et

374 3978 586 4034 iterum
624 3979 850 4049 decem,
874 3980 1016 4035 dum
1049 3979 1212 4035 illinc
1240 3980 1352 4035 iter
1383 3978 1605 4036 reﬂexit
1636 3979 1708 4033 ad
1741 3977 2045 4043 orientem,

373 4072 432 4123 et
462 4067 771 4123 duodecim
804 4068 942 4124 inde
977 4086 1166 4141 usque
1190 4071 1261 4124 ad
1295 4068 1684 4125 occidentem.
1709 4067 1927 4121 Eadem
1952 4083 2050 4120 au-

378 4160 494 4212 tem
532 4155 812 4228 loquendi
862 4158 1115 4214 formula
1169 4158 1261 4214 hic
1296 4174 1441 4213 usus
1473 4160 1584 4222 est,
1635 4156 1792 4227 quod
1839 4170 2047 4225 nempe

375 4245 547 4316 polus
580 4262 697 4301 una
728 4263 863 4302 cum
887 4247 1010 4303 sole
1038 4246 1246 4319 viginti
1271 4252 1525 4318 quatuor
1556 4244 1834 4300 horarum
1861 4246 2046 4315 spatio

375 4333 788 4390 admirandam
823 4336 999 4392 istam
1033 4337 1561 4409 retrogressionem
1597 4333 1817 4406 fecerit,
1841 4333 1927 4390 vel
1959 4333 2046 4390 sol

373 4423 501 4495 ipse
533 4422 720 4480 solus.

453 4511 548 4568 Vel
599 4515 927 4571 universum
979 4516 1195 4589 aequali
1250 4515 1760 4587 temporis'spatio.
1814 4512 2047 4569 Dictum

2222 3453 2368 3509 Κατά
2455 3451 2736 3527 συνέχειαν
2839 3449 3035 3526 σχεδὸν
3133 3449 3599 3526 τριπλασιάζηται
3633 3492 3650 3509 .
3735 3452 3806 3506 Τὸ

2153 3541 2348 3619 σχεδὸν
2406 3543 2739 3617 προσέθηκεν
2778 3585 2792 3610 ,
2835 3539 3023 3610 ἰπειδή
3076 3538 3287 3613 τριπλῆ
3345 3540 3482 3595 κατά
3536 3541 3601 3595 τὸ
3655 3539 3810 3610 πλῆ-

2155 3653 2244 3708 ρες
2292 3633 2395 3687 οὐκ
2432 3631 2641 3706 ἐγένετο
2693 3633 2728 3700 ἡ
2779 3631 2964 3704 ἡμέρα
3013 3629 3192 3700 ἐκείνη
3225 3625 3333 3702 (A6’
3380 3630 3486 3704 γὰρ
3527 3629 3687 3706 ὡρῶν
3718 3629 3809 3704 γέ-

2153 3723 2318 3794 γονε.)
2372 3720 2434 3774 τὸ
2481 3720 2588 3774 ἀπὸ
2637 3719 2909 3789 ἀνατολῆς
2962 3721 3129 3794 μέχρι
3171 3723 3268 3773 τοῦ
3312 3717 3486 3774 τόπου
3535 3717 3589 3773 έν
3641 3719 3687 3791 ᾧ
3715 3719 3808 3789 ἦν,

2156 3812 2247 3865 ὅτε
2297 3809 2359 3863 τὸ
2410 3814 2640 3881 σημεῖον
2692 3806 2880 3879 ἐδόθη,
2911 3809 3001 3863 καὶ
3053 3805 3180 3864 δέκα
3227 3807 3424 3862 ἐκεῖθεν
3473 3806 3562 3862 ἐπὶ
3614 3807 3813 3863 ἀνατο-

2158 3897 2278 3969 λὰς,
2329 3897 2419 3952 καὶ
2468 3895 2678 3951 δώδεκα
2733 3895 2898 3972 μέχρι
2947 3904 3048 3967 τῆς
3094 3896 3407 3959 τελευταίας
3459 3893 3686 3959 δύσεως.
3720 3900 3812 3968 Τῷ

2157 3986 2304 4054 αύτῷ
2337 3985 2395 4042 δὲ
2443 3988 2692 4061 σχήματι
2736 3989 2834 4040 τοῦ
2884 3985 3057 4061 λόγου
3104 3985 3194 4042 καὶ
3244 3985 3470 4041 ἐνταῦθα
3509 3985 3813 4061 ἐχρήσατο,

2157 4077 2242 4132 ὅτι
2282 4077 2315 4147 ἢ
2363 4077 2391 4130 6
2436 4073 2610 4136 πόλος
2668 4074 2824 4136 αὐτὸς
2881 4076 2975 4129 σὺν
3031 4079 3110 4147 τῷ
3161 4073 3312 4148 ἡλίῳ
3361 4075 3412 4130 έν
3461 4097 3542 4147 τῳ
3585 4079 3696 4130 τῶν
3732 4072 3816 4130 κδ’

2157 4167 2316 4239 ὡρῶν
2371 4161 2705 4236 διαστήματι
2751 4164 2852 4232 τήν
2913 4164 3160 4239 ὑπερφυῆ
3221 4162 3431 4234 ἐκείνην
3499 4163 3816 4238 ἀντιπερια-

2157 4256 2342 4332 γωγήν
2377 4253 2702 4324 ἐποιήσατο,
2736 4252 2771 4322 ἢ
2807 4253 2972 4326 μόνος
3002 4253 3030 4307 ὁ
3061 4251 3247 4322 ἥλιος.

2227 4511 2293 4560 Ἡ
2348 4503 2410 4559 τὸ
2436 4509 2539 4558 πᾶν
2574 4501 2837 4558 τοσούτου
2873 4504 3101 4577 χρόνου.
3132 4503 3204 4557 Τὸ
3236 4499 3399 4580 ῥητὸν
3437 4500 3580 4557 οὕτω
3629 4502 3820 4568 σύνθες

378 4601 488 4658 hoc
520 4604 604 4660 ita
633 4610 913 4661 construe
948 4621 960 4661 :
991 4588 1139 4661 cum
1187 4605 1265 4662 sit
1293 4621 1396 4676 per
1426 4603 1856 4674 trajectionem,
1890 4604 2030 4674 quoc‘

2157 4597 2276 4659 καθ’
2331 4588 2624 4670 ὑπέρϐασιν
2684 4588 2786 4646 ὅν·
2848 4593 2916 4648 Ἥ
2967 4593 3030 4647 τὸ
3089 4597 3192 4647 πᾶν
3273 4591 3663 4670 ἐπαναστρέφει
3720 4592 3822 4655 τὰς

376 4707 589 4763 nempe
647 4694 992 4750 universum
1067 4711 1170 4766 per
1246 4692 1576 4749 contrarias
1632 4691 1742 4748 has
1799 4692 2048 4748 lationes

377 4780 590 4851 aequali
624 4783 866 4838 omnino
897 4784 1184 4856 temporis
1225 4781 1416 4854 spatio
1447 4781 1736 4836 mirandis
1765 4781 1892 4837 istis
1920 4799 2046 4837 ver-

379 4869 666 4942 tiginibus
727 4867 1151 4928 retrocesserit.
1215 4872 1343 4926 Haec
1400 4870 1576 4926 etiam
1635 4870 1783 4927 libro
1839 4875 2048 4943 quarto

381 4960 588 5027 Regum
620 4959 1018 5027 declarantur,
1053 4965 1112 5015 et
1143 4958 1468 5031 praesertim
1503 4958 1560 5013 in
1595 4959 1851 5016 editione
1882 4961 2047 5032 Sym-

379 5047 596 5112 machi,
629 5053 689 5104 et
719 5048 868 5105 libro
901 5049 1163 5103 secundo
1197 5048 1686 5119 Paralipomenon.

447 5137 538 5191 Sol
572 5137 629 5190 in
660 5139 889 5210 praprio
931 5153 1120 5192 cursu.
1174 5136 1626 5193 Anniversarius
1677 5137 1818 5193 solis
1850 5141 2048 5193 motus

377 5223 641 5294 quinque
672 5226 813 5281 facit
866 5226 1304 5297 conversiones,
1356 5226 1596 5294 scilicet,
1641 5227 2044 5282 ascensionem

377 5312 702 5380 borealem,
755 5331 933 5384 quam
985 5315 1221 5371 conﬁcit
1271 5334 1303 5371 a
1354 5333 1530 5372 verno
1579 5315 1924 5387 aequinoctio
1975 5316 2044 5370 ad

376 5401 645 5458 aestivum
700 5419 890 5476 usque
947 5403 1269 5462 solstitium
1328 5410 1386 5462 et
1441 5406 1791 5461 descensum
1846 5405 2049 5461 borea-

450 5717 497 5756 “
530 5719 959 5798 συμπεριήγετο.

2159 4683 2400 4746 ἐναντίας
2451 4685 2646 4744 ταύτας
2695 4681 2866 4760 φορὰς
2899 4724 2915 4749 ,
2963 4686 3221 4736 τοσοῦτον
3279 4678 3556 4755 διάστημα
3608 4681 3821 4757 χρόνου

2157 4771 2479 4842 ἀναποδίζον
2528 4776 2646 4834 ταῖς
2699 4771 2828 4845 ὑπὲρ
2884 4768 3052 4846 λόγον
3111 4771 3333 4834 ταύταις
3389 4768 3766 4845 περιδινήσεσι
3802 4813 3818 4828 .

2157 4866 2336 4921 Ταῦτα
2390 4859 2448 4916 δὲ
2502 4859 2595 4915 καὶ
2652 4859 2702 4914 ἐν
2763 4862 2831 4934 τῇ
2902 4856 2944 4914 δ’
2998 4863 3108 4914 τῶν
3164 4857 3466 4915 Βασιλειῶν
3524 4856 3818 4930 δηλοῦται,

2157 4952 2246 5008 καὶ
2302 4953 2539 5025 μάλιστα
2585 4949 2636 5004 έν
2686 4951 2754 5022 τῇ
2803 4948 2940 5003 κατὰ
2992 4947 3303 5023 Σύμμαχον
3355 4945 3587 5018 ἐκδόσει,
3629 4948 3724 5004 καὶ
3760 4947 3814 5004 ἓν

2155 5046 2223 5116 τῇ
2334 5045 2442 5096 τῶν
2472 5037 2994 5115 Ιῐαραλειπομένων.

2227 5132 2291 5187 Ἠ
2325 5131 2352 5184 6
2398 5127 2563 5198 ἥλιος
2615 5126 2666 5182 ἐν
2713 5124 2840 5200 ῗδίῳ
2889 5123 3103 5201 δρόμῳ.
3153 5128 3216 5183 Ἡ
3264 5130 3362 5181 τοῦ
3411 5125 3580 5196 ἡλίου
3630 5124 3818 5181 ἐνιαύ-

2158 5243 2274 5284 σιος
2330 5221 2543 5290 κίνησις
2599 5215 2757 5272 πέντε
2804 5220 3039 5272 ποιεῖται
3093 5215 3332 5289 τροπὰς,
3393 5211 3652 5271 ἀνάϐασιν
3718 5217 3814 5292 βο-

2156 5310 2328 5386 ρείαν,
2376 5308 2648 5363 τουτέστιν
2697 5307 2801 5361 ἀπὸ
2850 5305 3174 5380 ἲσημερινῆς
3225 5304 3276 5361 ἰν
3317 5310 3399 5378 τῷ
3447 5302 3564 5381 ἔαρι
3595 5304 3670 5368 εἷς
3715 5305 3812 5360 τὸν

2159 5400 2366 5476 θερινὸν
2414 5398 2695 5473 τροπικὸν,
2740 5397 2830 5452 καὶ
2881 5390 3175 5452 κατάϐασιν
3229 5395 3447 5472 βορείαν
3493 5396 3584 5452 ἀπ’
3642 5393 3812 5451 αὐτοῦ

1394 5596 1634 5653 VARle
1676 5596 2066 5655 LECTIONES
2102 5597 2194 5656 ET
2231 5591 2786 5655 CORRECTIONE.
