4106 6418
446 453 556 510 541

1423 457 1481 510 S.
1525 455 1796 510 MAXIMI
1834 454 2142 509 SCHOLIA
2176 457 2253 511 IN
2288 458 2446 512 EPP.
2485 460 2544 514 8.
2582 460 2920 516 DIONYSII.

3771 460 3882 516 542

453 576 546 633 ἐπὶ
603 577 694 632 τὸν
761 576 1081 650 ἰσημερινὸν
1137 580 1217 649 τῷ
1277 576 1605 652 μετοπώρῳ,
1663 577 1750 630 καὶ
1815 570 2100 630 κατάϐασιν

2222 577 2358 647 lem,
2395 581 2466 637 ab
2498 583 2700 639 eodem
2732 599 2920 655 usque
2953 583 3022 638 ad
3056 583 3474 656 aequinoctium
3505 585 3870 657 autumnale,

447 665 629 722 νοτίαν
706 665 815 720 ἀπὸ
884 669 982 719 τοῦ
1060 665 1385 740 ἰσημερινοῦ
1463 663 1554 719 ἐπὶ
1627 665 1716 718 τὸν
1795 665 2109 741 χειμερινὸν

444 755 732 830 τροπικὸν,
781 755 870 810 καὶ
921 755 1013 808 ἀπ’
1065 753 1231 810 αὐτοῦ
1281 751 1449 809 πάλιν
1503 748 1760 807 ἀνάϐασιν
1806 753 1988 809 νοτίαν
2022 753 2111 809 ἐπὶ

443 845 540 900 τὸν
617 843 936 917 ἰσημερινὸν
967 888 982 915 ,
1035 845 1123 897 καὶ
1208 843 1464 916 πέμπτην
1533 843 1636 910 τήν
1714 841 1954 898 ἐναντίαν
2031 844 2110 915 τῷ

444 933 631 991 παντί.
673 932 860 990 Εἰπὼν
923 931 1014 987 οὖν
1078 931 1243 987 αὐτοῦ
1297 934 1397 1001 τήν
1453 933 1828 1007 πεντάτροπον
1872 931 2108 1005 κίνησιν,

450 1021 545 1078 διὰ
581 1030 682 1094 τῆς
729 1025 1052 1098 προσθήκης
1105 1025 1201 1076 τοῦ
1254 1020 1477 1096 ἄρθρου,
1532 1024 1747 1076 καὶτοῦ
1795 1023 2109 1098 προσθεῖναι

445 1110 640 1181 αὐτοῦ,
683 1113 784 1180 τήν
840 1112 1124 1186 γνώριμον
1169 1111 1260 1165 καὶ
1313 1112 1519 1180 συνήθη
1573 1110 1829 1188 ὑπέφηνε.
1861 1111 1935 1165 Τὸ
1967 1108 2024 1164 δὲ
2056 1111 2106 1165 ἐν

440 1200 663 1262 τούτοις
721 1199 1021 1275 Αεγόμενον
1089 1200 1193 1254 ὑπὸ
1249 1203 1348 1254 τοῦ
1405 1198 1620 1273 ΙΙατρὸς
1678 1201 1967 1272 νοήσωμεν
2024 1199 2109 1254 οῦ-

441 1311 577 1353 τως·
631 1290 994 1361 ’Υποθώμεθα
1044 1289 1136 1344 τὸν
1189 1287 1351 1357 ἥλιον
1404 1287 1538 1342 εἶναι
1588 1288 1726 1342 κατὰ
1771 1289 1870 1358 τὴν
1903 1287 2110 1362 ἡμέραν

443 1379 656 1450 ἐκείνην
708 1383 777 1453 τῇ
829 1377 946 1453 ὥρᾳ
988 1384 1089 1447 τῆς
1142 1377 1410 1447 ἀνατολῆς
1460 1377 1512 1431 ἐν
1562 1379 1754 1452 πρώτῃ
1810 1376 1988 1454 μοίρᾳ·
2013 1382 2110 1432 τοῦ

443 1472 619 1542 Κριοῦ
678 1467 904 1543 πλήρει,
964 1467 1042 1540 μὴ
1103 1466 1306 1542 ἐχούσῃ
1367 1466 1537 1521 λεπτά
1572 1484 1584 1497 ·
1650 1465 1729 1528 εἷς
1785 1467 1884 1536 τήν
1941 1466 2107 1536 αὐτὴν

445 1561 540 1615 οῦν
574 1563 770 1632 μοῖραν
821 1556 982 1612 αὐτὸν
1037 1553 1350 1612 ἐπανελθεῖν
1399 1556 1496 1610 οὐκ
1548 1559 1637 1625 ἦν,
1694 1557 1770 1629 μὴ
1817 1554 2111 1612 τελέσαντα

441 1649 546 1716 τήν
574 1652 941 1723 προταγεῖσαν
986 1646 1090 1714 τὴν
1140 1646 1514 1720 πεντάτροπον
1562 1645 1794 1716 κίνησιν,
1827 1647 1861 1716 ἢ
1915 1645 1989 1707 ὡς
2040 1643 2108 1699 δι’

441 1738 671 1810 ἡμερῶν
717 1735 839 1806 τξέ,
911 1733 1003 1789 καὶ
1079 1733 1537 1809 τεταρτημορίου.
1603 1734 1690 1790 Ἐν
1744 1738 1862 1796 ταῖς
1926 1735 1955 1786 ι’
2015 1732 2106 1788 οὖν

445 1825 616 1902 ὥραις
672 1829 796 1886 ταῖς
859 1824 964 1879 ἀπὸ
1029 1818 1095 1878 ιϐ’
1148 1825 1192 1860 ⁸⁸
1245 1822 1297 1878 ἐν
1347 1823 1383 1897 ᾖ
1426 1822 1515 1892 ἦν,
1569 1821 1733 1897 μέχρι
1783 1827 1880 1877 τοῦ
1935 1823 2107 1877 τόπου

443 1913 572 1986 ἒνῷ
628 1915 730 1984 τὴν
789 1912 1063 1984 ἀνατολὴν
1124 1913 1290 1968 αὐτοῦ
1354 1912 1676 1981 ἐποιήσατο,
1725 1910 1968 1967 τουτέστι
2006 1919 2107 1982 τῆς

440 2004 672 2080 πρώτης
733 2003 929 2079 μοίρας
983 2005 1079 2057 τοῦ
1138 2005 1304 2074 Κριοῦ
1343 2047 1357 2071 ,
1415 1997 1744 2062 ἀναποδίσας
1807 1999 1860 2055 ἐν
1920 2001 2057 2074 αὐτῇ
2092 2045 2105 2070 ,

437 2091 510 2146 τὰ
565 2098 668 2162 τῆς
724 2090 1102 2166 πεντατρόπου
1166 2092 1434 2161 κινήσεως
1467 2133 1480 2158 ,
1540 2088 1712 2164 ἤγουν
1765 2095 1866 2157 τῆς
1932 2087 2107 2143 ἐνιαυ-

443 2180 625 2236 σιαίου
680 2178 966 2254 περιόδου,
1019 2179 1336 2255 ἐπλήρωσε·
1400 2178 1489 2233 καὶ
1547 2177 1600 2233 ἐν
1658 2182 1778 2241 ταῖς
1823 2176 2020 2241 ἄλλαις
2079 2179 2110 2232 ι’

442 2275 568 2334 ταῖς
634 2271 769 2344 μετὰ
825 2271 919 2324 τὸν
975 2266 1350 2342 ἀναποδισμὸν
1401 2268 1537 2322 κατὰ
1592 2267 1682 2322 τὸν
1730 2262 1897 2321 τόπον
1951 2265 2107 2341 γενό-

450 2380 613 2433 μενος
655 2358 707 2414 ἐν
758 2361 804 2432 ᾧ
834 2361 900 2428 ἦν
954 2357 1044 2414 ὅτε
1090 2359 1152 2413 τὸ
1195 2362 1424 2430 σημεῖον
1459 2353 1645 2428 ἐδόθη,
1681 2356 1754 2418 ὡς
1807 2354 1858 2410 ἐν
1910 2355 2105 2420 ὑποθὲ-

443 2470 526 2504 σει
561 2448 730 2504 εἰπεῖν
763 2447 816 2503 ἐν
868 2451 937 2522 τῇ
991 2452 1089 2521 μιᾷ
1135 2447 1227 2501 καὶ
1281 2445 1510 2518 ἡμισείᾳ
1559 2465 1726 2520 μοιρᾳ
1771 2449 1867 2500 τοῦ
1917 2450 2105 2522 Κριοῦ,

443 2538 662 2612 ὁμοίως
711 2537 778 2593 τὰ
822 2544 924 2607 τῆς
984 2538 1156 2606 αὐτῆς
1215 2536 1587 2610 πεντατρόπου
1636 2536 1902 2605 κινήσεως
1932 2533 2105 2605 ἐπλή-

445 2648 592 2704 ρωσε
655 2627 793 2683 κατὰ
871 2625 1152 2695 ἀνάλυσιν,
1212 2623 1345 2700 ὅπερ
1404 2621 1746 2685 ἀναλυτικῶς
1805 2621 2052 2679 ἐκάλεσεν
2089 2641 2102 2655 ·

441 2718 548 2774 οὐκ
602 2721 669 2787 ἦν
725 2718 831 2792 γὰρ
890 2717 1056 2771 αὐτὸν
1111 2713 1277 2770 πάλιν
1335 2715 1386 2769 ἐν
1447 2718 1517 2788 τῇ
1581 2719 1678 2786 μιᾷ
1731 2713 1822 2768 καί
1880 2712 2107 2787 ἡμισείᾳ

446 2805 619 2881 μοίρᾳ
648 2805 817 2881 ταύτῃ
845 2810 942 2861 τοῦ
996 2809 1160 2881 Κριοῦ
1191 2805 1459 2880 γενέσθαι,
1495 2804 1630 2874 ἅπαξ
1681 2803 1984 2858 ἀποστάντα
2014 2803 2106 2857 ἀπ’

438 2895 637 2967 αὐτῆς,
674 2897 750 2970 μὴ
783 2893 874 2950 διὰ
911 2900 1020 2950 τῶν
1043 2899 1140 2950 τοῦ
1173 2893 1418 2949 ἐνιαυτοῦ
1449 2895 1696 2969 ἡμερῶν,
1730 2894 1804 2954 ὡς
1833 2890 2064 2968 εἷ’ρηται.

518 2987 847 3064 Ἐμφέρεται
899 2987 1136 3063 φήμαις.
1178 2985 1326 3039 Ἀντὶ
1375 2987 1470 3038 τοῦ
1528 2982 1814 3059 ἱστορίαις.

517 3076 736 3148 Μίθρου
782 3073 1002 3129 τελοῦσι
1039 3117 1050 3130 .
1113 3073 1320 3143 Μίθραν
1381 3074 1472 3128 τὸν
1533 3070 1695 3142 ἥλιον
1751 3071 1949 3146 Πέρσαι
2003 3092 2099 3126 κα-

437 3151 626 3221 λοῦσί.
684 3165 760 3222 Τὸ
809 3163 1130 3239 παρὲκταμα
1180 3160 1270 3216 οὖν
1328 3169 1428 3232 τῆς
1480 3163 1690 3236 ἡμέρας
1744 3160 1954 3231 ἐκείνης
2014 3158 2102 3214 διὰ

2221 674 2279 725 et
2310 671 2659 727 descensum
2692 671 3011 727 australem
3046 673 3118 727 ab
3162 672 3271 728 hoc
3301 672 3648 744 aequinoctio
3680 676 3750 730 ad
3786 675 3874 731 bi-

2222 757 2464 814 bernum
2494 777 2682 831 usque
2713 760 3058 830 solstitium,
3090 766 3147 815 et
3184 761 3256 815 ab
3288 761 3399 817 hoc
3430 779 3635 818 rursus
3667 780 3873 820 ascen-

2221 864 2352 902 sum
2386 849 2706 904 australem
2739 850 2809 904 ad
2845 849 3300 921 aequinoctium;
3335 854 3390 904 et
3421 851 3710 921 quintam,
3745 853 3876 908 uni-

2219 953 2388 992 verso
2429 938 2807 994 contrariam.
2861 939 3104 1004 Quando
3133 938 3318 1010 igitur
3361 939 3875 1011 quinqueformem

2219 1027 2348 1097 ejus
2381 1031 2606 1082 motum
2635 1027 2972 1099 appellavit,
3007 1027 3373 1100 appositione
3405 1029 3636 1084 articuli
3669 1031 3873 1085 subin-

2218 1114 2433 1170 dicavit
2461 1115 2631 1171 illum
2686 1122 2908 1172 motum
2960 1121 3015 1171 et
3064 1121 3413 1172 consuetum
3448 1116 3590 1174 solis
3624 1123 3875 1176 motum.

2219 1204 2314 1260 Sic
2347 1204 2543 1276 itaque
2575 1207 2976 1277 expendamus
3001 1205 3141 1277 quid
3171 1222 3203 1260 a
3228 1207 3398 1261 Patre
3431 1223 3535 1278 per
3556 1207 3677 1262 haec
3699 1209 3876 1264 verba

2219 1294 2443 1350 dictum
2476 1295 2572 1351 sit.
2622 1295 3041 1367 Supponamus
3093 1294 3276 1351 solem
3310 1295 3413 1350 illa
3461 1295 3575 1364 die,
3608 1295 3753 1353 hora
3783 1298 3876 1354 sui

2221 1390 2406 1451 ortus,
2438 1386 2622 1438 fuisse
2669 1386 2724 1438 in
2760 1385 2950 1455 prima
2985 1391 3148 1455 parte
3195 1384 3430 1453 Arietis,
3466 1402 3595 1457 quas
3631 1403 3746 1441 non
3775 1387 3880 1442 ba-

2217 1473 2353 1528 beat
2385 1475 2654 1540 minuta;
2689 1490 2804 1528 non
2841 1479 3066 1545 poterat
3097 1474 3294 1544 itaque
3326 1474 3399 1528 ad
3430 1473 3582 1528 hanc
3619 1476 3876 1546 primam

2219 1569 2446 1636 partem
2479 1562 2693 1618 Arietis
2717 1563 2928 1631 redire,
2949 1561 3060 1617 nisi
3095 1563 3573 1633 confecta,quam
3608 1565 3875 1634 praescri-

2220 1653 2472 1724 psimus,
2503 1651 2939 1724 quinqueformi
2991 1651 3266 1721 motione,
3303 1667 3405 1723 per
3454 1651 3578 1706 dies
3609 1652 3880 1711 videlicet

2218 1745 2510 1799 trecentos
2551 1741 2854 1814 sexaginta
2905 1741 3168 1812 quinque
3216 1745 3272 1796 et
3321 1745 3592 1812 quartam
3625 1745 3876 1813 partem-

2220 1832 2284 1886 In
2316 1830 2517 1885 decem
2550 1830 2728 1900 igitur
2775 1830 2954 1897 horis,
2989 1847 3023 1884 a
3069 1829 3440 1896 duodecima,
3491 1829 3550 1884 in
3583 1846 3701 1902 qua
3729 1835 3874 1901 erat,

2219 1936 2407 1990 usque
2436 1920 2508 1974 ad
2559 1919 2751 1975 locum
2777 1919 2838 1975 in
2882 1936 2995 1990 quo
3027 1923 3222 1975 ortum
3253 1935 3428 1974 suum
3457 1919 3612 1988 fecit,
3634 1917 3693 1974 id
3726 1924 3816 1976 est
3845 1937 3880 1977 a

2217 2007 2410 2078 prima
2441 2011 2603 2076 parte
2632 2006 2868 2075 Arietis,
2891 2007 2963 2061 ad
2996 2006 3188 2077 ipsam
3220 2006 3675 2078 retrogradiens,
3701 2007 3876 2078 quin-

2217 2096 2582 2167 queformem
2632 2101 2882 2161 motum,
2917 2094 3036 2150 sive
3087 2110 3352 2150 annuum
3386 2093 3743 2149 curriculum
3774 2112 3786 2163 ;
3819 2098 3879 2151 et

2216 2185 2278 2241 in
2309 2185 2441 2240 aliis
2467 2185 2666 2241 decem
2701 2189 2834 2256 post
2883 2184 3468 2256 retrogradationem,
3501 2184 3655 2240 312
3688 2184 3745 2238 in
3777 2201 3878 2240 eo-

2217 2276 2346 2330 dem
2381 2275 2550 2348 signo
2583 2274 2716 2340 fuit,
2749 2275 2808 2328 in
2841 2290 2958 2345 quo
2990 2278 3134 2341 erat,
3172 2273 3408 2344 quando
3440 2271 3678 2344 signum
3709 2273 3879 2329 exhi-

2216 2364 2449 2435 beatur,
2483 2369 2547 2419 ut
2576 2363 3016 2436 quodammodo
3049 2363 3242 2417 dicam
3274 2377 3344 2417 ex
3374 2360 3778 2432 suppositione
3811 2362 3871 2417 in

2216 2453 2407 2525 prima
2436 2457 2493 2508 et
2524 2453 2772 2508 dimidia
2804 2457 2966 2524 parte
3011 2450 3250 2516 Arietis,
3286 2448 3559 2505 similiter
3589 2450 3648 2505 in
3682 2451 3873 2506 reditu

2217 2543 2388 2615 (quod
2426 2541 2768 2598 resolutorie
2817 2540 2983 2612 dixit)
3028 2540 3301 2595 eumdem
3357 2539 3870 2610 quinqueformem

2215 2637 2442 2688 motum
2476 2630 2744 2703 explevit,
2778 2630 3058 2702 quoniam
3092 2646 3208 2685 non
3239 2632 3469 2701 poterat
3501 2629 3716 2683 iterum
3748 2628 3870 2700 pri-

2213 2738 2370 2778 mam
2405 2726 2462 2777 et
2490 2720 2799 2776 dimidiam
2843 2719 3004 2775 illam
3061 2718 3272 2774 Arietis
3303 2722 3526 2790 partem
3560 2717 3869 2790 attingere,

2212 2815 2528 2884 postquam
2562 2808 2744 2866 semel
2776 2809 2848 2864 ab
2880 2825 2947 2864 ea
2981 2811 3324 2878 recesserat,
3357 2805 3470 2862 nisi
3501 2823 3606 2878 per
3633 2806 3865 2862 dierum

2213 2901 2350 2956 anni
2384 2899 2667 2972 spatium,
2708 2899 2790 2953 uti
2822 2898 3045 2952 dictum
3076 2901 3185 2951 est.

2280 2995 2568 3046 Ferunlur
2596 2990 2765 3056 fama.
2802 2987 2864 3041 Id
2899 2990 2988 3042 est
3017 2983 3302 3040 historiis.

2281 3079 2464 3134 Mithri
2494 3078 2790 3133 celebrant.
2837 3075 3113 3131 Mithram
3162 3076 3375 3128 vocant
3423 3077 3608 3127 Persae
3657 3069 3863 3128 solem.

2209 3169 2329 3223 Diei
2349 3173 2544 3224 autem
2563 3167 2724 3221 illius
2743 3164 3142 3221 extensionem
3160 3179 3260 3234 per
3281 3162 3605 3233 ritus,quos
3628 3165 3868 3233 propter

433 3258 538 3310 τοῦ
581 3252 914 3330 τριπλασίου
964 3252 1222 3325 ἐσήμαινε.
1275 3251 1594 3324 Σημείωσαι
1646 3249 1703 3306 δὲ
1753 3251 1889 3325 πρὸς
1921 3249 2099 3323 τούτῳ

2217 3257 2553 3313 memoriam
2604 3254 2884 3326 triplicati
2934 3253 3076 3308 solis
3123 3252 3456 3319 observant,
3487 3249 3862 3322 signiﬁcavit.

434 3343 527 3398 καὶ
588 3342 714 3418 περὶ
769 3346 868 3397 τοῦ
923 3341 1030 3396 ἀπὸ
1089 3341 1232 3417 ὥρας
1287 3337 1448 3411 ἕκτης
1506 3337 1610 3402 ἕως
1670 3339 1815 3415 ὥρας
1865 3340 1908 3392 θ’
1945 3359 2095 3413 γενο-

2217 3347 2360 3402 Nota
2391 3346 2633 3416 insuper
2657 3343 2797 3415 quid
2832 3343 2986 3397 dicat
3008 3341 3104 3396 hic
3135 3341 3304 3394 Pater
3335 3340 3404 3394 de
3433 3338 3693 3394 tenebris
3723 3337 3863 3404 illis,

441 3434 612 3507 μένου
670 3431 898 3494 σκότους
951 3429 1038 3485 ὲπί
1094 3435 1265 3485 πᾶσαν
1323 3431 1421 3499 τὴν
1482 3436 1585 3505 γῆν
1635 3433 1716 3501 τῷ
1771 3432 1944 3503 καιρῷ
1999 3433 2099 3497 τῆς

432 3525 537 3577 τοῦ
572 3520 770 3596 Κυρίου
802 3519 1174 3594 σταυρώσεως,
1202 3520 1253 3574 τί
1288 3519 1438 3592 λέγει
1471 3520 1497 3573 ὁ
1527 3519 1738 3592 Πατήρ.

515 3611 662 3665 Κατὰ
758 3611 861 3680 τήν
961 3606 1358 3665 Ἡλιούπολιν.
1461 3608 1576 3676 Τὴν
1681 3606 1732 3660 ἐν
1835 3604 2098 3681 Αἰγύπτῳ

432 3696 804 3756 Ἡλιούπολιν
858 3695 995 3760 ’ίσως
1053 3696 1238 3772 φησίν·
1297 3694 1373 3753 ἔτι
1430 3697 1532 3771 γὰρ
1589 3695 1946 3771 ἀνεγίνωσκον
1988 3694 2099 3749 ἐκεῖ

435 3789 574 3862 ἅμα.

512 3873 860 3952 Παραδόξως.
923 3875 1065 3930 Φασὶ
1123 3873 1252 3949 γὰρ,
1317 3875 1392 3948 μή
1456 3874 1652 3949 ἑτέρως
1704 3871 1943 3949 γίνεσθαι
1993 3871 2094 3942 τὴν

431 3961 706 4040 ἔκλειψιν,
739 3964 785 4020 εἷ
821 3966 896 4038 μή
932 3965 1264 4038 συνεμπὲσοι
1286 3965 1320 4033 ἡ
1354 3962 1553 4034 σελήνη
1587 3967 1666 4034 τῷ
1697 3960 1868 4034 ἡλίῳ,

511 4055 678 4120 Αὖθίς
731 4076 791 4110 τε
849 4053 1038 4124 αὐτήν.
1113 4054 1431 4127 Σημείωσαι
1487 4053 1723 4108 ἰντεῦθεν
1778 4053 1878 4121 τὴν
1940 4050 2094 4107 λύσιν

426 4149 532 4202 τοῦ
563 4144 708 4220 παρᾶ
737 4148 816 4215 τῷ
848 4141 1212 4216 εὐαγγελιστῇ
1255 4143 1439 4213 Λουκᾷ
1485 4143 1866 4217 ἀπορήματος.
1901 4137 2095 4203 Οὐδεὶς

433 4232 495 4290 δὲ
551 4234 613 4288 τὸ
673 4233 819 4302 ξενον
873 4235 969 4286 τοῦ
1018 4231 1226 4305 τρόπου
1283 4230 1371 4286 καὶ
1429 4234 1526 4284 τοῦ
1572 4229 1846 4304 θαύματος
1898 4226 2095 4304 διηγή-

429 4343 589 4391 σατο,
643 4321 689 4378 εἰ
748 4322 824 4394 μή
888 4319 1054 4393 μόνος
1112 4319 1268 4380 οὗτος
1313 4363 1327 4375 .
1386 4321 1499 4375 Τοῦ
1549 4319 1649 4393 γὰρ
1710 4318 1855 4382 θείου
1912 4325 2096 4373 Λουκᾶ

432 4409 710 4482 εἰπόντος,
769 4409 875 4464 ἀπὸ
936 4409 979 4473 ς’
1040 4407 1184 4483 ὥρας
1245 4408 1437 4470 σκότος
1493 4407 1544 4462 ἐν
1593 4411 1672 4478 τῷ
1729 4411 1943 4484 σταυρῷ
1997 4411 2094 4462 τοῦ

431 4501 640 4577 Κυρίου
719 4499 1013 4575 γενέσθαι,
1069 4498 1168 4552 τοῦ
1251 4494 1417 4566 ἡλίου
1500 4494 1873 4563 ἐκλείποντος,
1949 4499 2095 4571 παρά

430 4594 597 4645 πᾶσιν
657 4583 1086 4664 ἀμφεὸάλλετο,
1135 4589 1252 4649 πῶς
1301 4582 1545 4660 ἔκλειψιν
1593 4585 1815 4640 ἐκάλεσε
1869 4585 2093 4654 ταύτην,

428 4685 537 4750 τῆς
597 4677 835 4749 σελήνης
892 4673 1529 4750 τεσσαρεσκαιδεκαταίας
1592 4674 1800 4746 οῦσης,
1857 4675 1918 4730 οὐ
1984 4676 2092 4748 μήν
2126 4706 2169 4770 D

434 4765 668 4824 συνόδου
695 4765 863 4838 οὔσης
907 4765 1072 4835 ἡλίου
1120 4765 1210 4819 καὶ
1265 4765 1532 4835 σελήνης.
1574 4765 1641 4822 Οἱ
1688 4764 1788 4841 γὰρ
1833 4763 2090 4838 ἐξηγηταὶ

434 4853 639 4933 σχεδὸν
699 4857 896 4917 πάντες
956 4853 1396 4930 μεταγενέστεροι
1456 4852 1660 4926 πολλῷ
1712 4857 1819 4908 τῶν
1875 4853 2088 4930 χρόνων

428 4946 644 5003 τούτων
674 4941 848 5016 ὅντες,
898 4938 1171 4999 ύπὲλαϐον
1223 4943 1316 4998 τὸν
1370 4940 1535 5012 ἥλιον
1584 4942 1744 4998 αὐτὸν
1790 4941 2088 4997 ἀποοαλεῖν

426 5035 531 5096 τὰς
591 5034 813 5095 ἀκτῖνας
870 5033 966 5095 τὰς
1024 5037 1171 5108 τρεῖς
1221 5030 1364 5106 ὥρας
1410 5028 1515 5094 ἕως
1547 5038 1649 5100 τῆς
1700 5030 1942 5101 ἒννάτης,
1978 5032 2091 5087 Ἐν-

426 5129 604 5190 ταῦθα
651 5125 836 5197 μέντοι
884 5123 974 5177 καὶ
1007 5123 1034 5176 ὁ
1067 5121 1214 5192 ξενος
1262 5123 1466 5196 τρόπος
1511 5119 1723 5194 εἷ’ρηται
1766 5127 1868 5186 τῆς
1914 5119 2090 5176 ἐκλεί-

429 5218 604 5290 ψεως.
640 5213 816 5283 Φησὶν
868 5209 958 5266 οὖν
1011 5209 1096 5266 ὅτι
1126 5211 1217 5265 ἀπ’
1250 5211 1532 5265 ἀνατολῶν
1579 5207 2091 5284 τεσσαρεσκαιδεκα-

427 5304 558 5359 ταία
627 5300 762 5357 οὖσα
835 5300 921 5372 (οὗ
979 5300 1080 5377 γὰρ
1157 5301 1224 5368 ἦν
1286 5297 1516 5354 συνόδου
1575 5299 1814 5374 καιρός·)
1867 5298 2088 5369 ἔφθασεν

431 5393 580 5469 ὥραν
616 5395 659 5458 ς’
685 5393 780 5449 τὸν
837 5389 1026 5462 ἥλιον,
1083 5391 1176 5446 καὶ
1233 5389 1544 5465 ἐμπεσοῦσα
1602 5391 1680 5453 εἰς
1737 5391 1899 5446 αὐτὸν
1962 5391 2089 5445 ὑπέ-

433 5479 665 5557 δραμεν,
726 5479 886 5537 αὐτὸν
951 5473 1318 5535 είσϐἅλλουσα
1376 5478 1451 5542 εἷς
1509 5480 1573 5534 τὸ
1631 5479 1768 5555 πρὸς
1825 5477 2092 5541 ἀνατολὰς

2210 3452 2336 3507 quis
2370 3443 2632 3505 tempore
2655 3429 3051 3488 cruciﬁ'xionis
3083 3428 3317 3485 Domini
3339 3429 3503 3483 factae
3526 3432 3667 3482 sunt
3687 3442 3868 3500 super

2209 3522 2544 3578 universam
2569 3527 2809 3588 terram,
2835 3520 2906 3575 ab
2940 3520 3084 3574 hora
3109 3521 3272 3573 sexta
3303 3532 3490 3588 usque
3522 3515 3592 3571 ad
3621 3531 3863 3571 nonam.

2275 3615 2456 3668 Juxta
2484 3610 2845 3682 Heliopolim.
2896 3606 3304 3663 Verisimiliter
3350 3603 3732 3676 intelligenda
3761 3603 3866 3658 He-

2207 3699 2463 3771 liopolis,
2498 3715 2627 3770 quae
2659 3703 2749 3755 est
2779 3698 2838 3752 in
2861 3698 3126 3769 ngypto,
3154 3695 3235 3751 ibi
3267 3693 3423 3750 enim
3457 3693 3652 3750 adhuc
3681 3691 3864 3749 simul

2206 3790 2515 3862 degebant.

2277 3878 2613 3950 Prodigiosa.
2646 3877 2825 3932 Aiunt
2853 3877 3032 3946 enim,
3071 3891 3183 3930 non
3220 3873 3388 3929 aliter
3417 3871 3686 3944 eclipsim
3719 3870 3866 3942 ﬁeri,

2206 3966 2321 4024 nisi
2353 3967 2496 4022 luna
2530 3982 2665 4021 cum
2696 3965 2817 4022 sole
2849 3963 3145 4020 inciderit.

2279 4061 2343 4114 Et
2373 4055 2616 4112 eamdem
2646 4071 2858 4109 rursus.
2917 4052 3176 4108 Observa
3206 4051 3344 4106 hinc
3376 4049 3728 4106 solutionem
3753 4049 3865 4104 du-

2203 4145 2287 4200 bii
2319 4146 2472 4216 apud
2517 4145 2735 4199 Lucam
2787 4142 3229 4213 evangelistam.
3264 4140 3444 4194 Nemo
3475 4139 3632 4193 enim
3663 4138 3863 4209 prodi-

2202 4235 2434 4307 giosum
2469 4234 2649 4289 istum
2703 4230 2971 4287 miraculi
3024 4231 3263 4285 modum
3300 4227 3624 4299 explicavit,
3661 4231 3868 4299 praeter

2202 4323 2361 4379 hunc
2392 4322 2598 4379 solum.
2652 4325 2794 4377 Cum
2845 4320 3000 4376 enim
3051 4320 3122 4375 D.
3165 4323 3350 4374 Lucas
3398 4317 3572 4384 dicat,
3616 4315 3686 4371 ab
3718 4315 3866 4372 hora

2203 4418 2366 4469 sexta
2397 4413 2668 4467 tenebras
2716 4411 2776 4465 in
2827 4425 2998 4465 cruce
3045 4409 3277 4465 Domini
3329 4408 3513 4463 factas
3558 4422 3709 4478 esse,
3741 4404 3864 4462 sole

2203 4502 2532 4567 deﬁciente,
2563 4500 2634 4556 ab
2684 4499 2962 4555 omnibus
3011 4498 3232 4571 passim
3283 4497 3682 4561 dubitabatur,
3719 4510 3863 4566 quo-

2205 4592 2378 4646 modo
2411 4590 2562 4646 banc
2593 4588 2838 4660 eclipsin
2874 4587 3204 4658 appellarit,
3240 4603 3373 4641 cum
3407 4589 3562 4641 esset
3588 4583 3732 4639 luna
3763 4584 3863 4638 de-

2204 4679 2358 4733 cima
2388 4681 2620 4748 quarta,
2673 4675 2908 4746 quando
2961 4692 3072 4728 non
3107 4679 3196 4728 cst
3243 4671 3583 4744 conjunctio
3634 4669 3777 4727 solis
3807 4674 3865 4726 et

2201 4765 2375 4821 lunre.
2409 4767 2913 4821 Commentatores
2965 4765 3144 4816 ferme
3176 4778 3403 4831 omnes,
3440 4764 3644 4831 utpote
3687 4760 3863 4830 longo

2204 4861 2466 4928 tempore
2521 4854 2874 4924 posteriores
2926 4852 3384 4922 suspicabantur
3427 4849 3611 4905 solem
3663 4848 3862 4919 ipsum

2201 4962 2303 5016 per
2331 4951 2450 5000 tres
2474 4944 2650 4998 horas
2672 4943 2870 4997 radios
2895 4940 3194 4996 abdidisse
3215 4956 3399 5011 usque
3420 4940 3492 4994 ad
3525 4938 3731 4993 horam
3757 4954 3862 4992 no-

2203 5050 2360 5088 nam.
2397 5032 2499 5087 Hic
2530 5036 2684 5086 certe
2709 5047 2892 5086 novus
2921 5029 3018 5085 ille
3049 5029 3373 5100 eclipsandi
3403 5027 3616 5082 modus
3645 5030 3736 5082 est
3763 5042 3864 5081 ex-

2202 5122 2475 5194 plicalus.
2527 5121 2620 5175 Ait
2673 5120 2872 5191 itaque
2924 5119 3077 5191 quod
3131 5119 3203 5174 ab
3251 5118 3498 5183 oriente,
3543 5131 3677 5171 cum
3711 5121 3867 5171 esset

2202 5211 2344 5267 luna
2375 5213 2600 5266 decima
2642 5214 2855 5280 quarta
2901 5212 3110 5278 (neque
3143 5207 3300 5262 enim
3343 5211 3582 5278 tempus
3614 5205 3864 5276 conjun-

2201 5301 2414 5356 ctionis
2447 5300 2591 5370 erat)
2623 5299 2733 5355 sub
2766 5298 2971 5352 horam
3006 5302 3228 5353 sextam
3255 5295 3436 5352 solem
3467 5297 3736 5352 assecuta
3765 5293 3864 5364 sit,

2202 5393 2259 5444 et
2288 5391 2627 5444 coincidens
2661 5388 2771 5443 sub
2805 5388 2933 5459 ipso
2965 5402 3206 5442 cursum
3237 5385 3512 5453 tenuerit,
3545 5387 3742 5458 ipsum
3767 5399 3864 5438 us-

2203 5495 2318 5550 que
2348 5481 2420 5535 ad
2453 5477 2794 5534 orientalem
2828 5476 2989 5532 orbis
3038 5475 3249 5533 solaris
3279 5480 3504 5549 partem
3537 5472 3864 5532 invadenda

1449 5678 1690 5737 νΑΒΙΔι
1723 5677 2116 5738 LEGTIONES
2155 5678 2248 5736 ET
2285 5673 2848 5736 CORRECTIONES.

509 5798 554 5834 ⁸⁸
586 5793 813 5868 δεκάτης
825 5840 836 5852 .
