4106 6398
336 423 444 480 543
1161 423 1528 478 APPBNDIX
1565 423 1663 476 AD
1698 418 1946 476 OPBRA
1981 422 2040 476 Β.
2078 423 2395 480 DIONYSII
2432 422 2938 480 ABEOPAGITE.

3651 421 3754 479 544

343 550 504 607 Unde
533 547 706 604 etiam
743 545 897 602 venit
917 545 1059 601 luna
1089 549 1145 601 et
1165 545 1434 616 ingressa
1464 544 1574 598 sub
1596 543 1720 614 ipso
1751 559 1988 598 cursum

2138 548 2200 598 οῦ
2231 544 2466 614 ἡλιακοῦ
2519 541 2708 600 δίσκου
2759 543 2946 617 μέρος’
2981 540 3101 606 ὅθεν
3135 540 3224 596 καὶ
3263 539 3427 611 ἦλθεν
3460 545 3496 612 ἡ
3531 541 3757 616 σελήνη,

339 638 548 702 tenuit,
583 655 646 692 ac
681 642 1039 707 retrogressa
1070 640 1160 690 est
1202 636 1383 688 donec
1415 637 1601 687 totum
1635 635 1764 702 ejus
1795 633 1996 688 orbem

2136 632 2192 686 ,αὶ
2249 629 2431 691 ετσέϐη
2496 633 2876 708 ὑποτρέχουσα
2946 630 3105 686 αὐτὸν
3165 631 3252 685 καὶ
3314 629 3712 702 ἀναποδίζουσα
3741 677 3756 706 ,

340 726 696 783 obscuravit.
759 725 1076 796 Oportebat
1137 724 1359 794 utique,
1420 724 1467 776 si
1526 721 1744 777 usitata
1790 722 2000 776 fuisset

2136 743 2208 783 ως
2269 722 2330 776 οῦ
2384 720 2512 776 ὅλον
2563 723 2654 776 τὸν
2704 723 2872 776 αὐτοῦ
2927 718 3108 775 δίσκον
3161 719 3420 776 ἑσκίασεν.
3466 719 3614 776 Ἔδει
3645 721 3758 791 οὗν,

340 815 682 887 eclipsis,ex
713 815 917 870 eadem
952 818 1110 884 parte
1133 817 1188 867 et
1219 812 1602 866 defectionem
1633 816 1689 866 et
1721 827 1998 882 repurga-
2108 811 2152 866 εἷ
2184 813 2249 881 ἦν
2310 800 2437 866 κατᾶ

339 907 556 961 tionem
593 905 894 969 exsistere,
932 909 996 958 ut
1027 903 1263 974 quando
1297 901 1434 954 luna
1467 901 1576 956 sub
1605 901 1727 956 sole
1757 916 1998 956 cursum

2108 811 2152 866 εἷ
2184 813 2249 881 ἦν
2310 813 2447 867 κατά
2496 812 2559 867 τὸ
2601 811 2830 881 σύνηθες
2881 807 3146 882 ἔκλειψις,
3200 809 3258 864 έκ
3316 814 3412 865 τοῦ
3460 809 3625 865 αὐτοῦ
3677 811 3764 883 μέ-

2109 921 2233 976 ρους
2267 901 2356 955 καὶ
2386 903 2482 970 τὴν
2537 895 2779 974 ἔκλειψιν
2826 899 2916 955 καὶ
2965 899 3067 968 τήν
3115 898 3472 973 ἀνακάθαρσιν
3504 897 3758 974 γενέσθαιο

344 1012 518 1052 suum
545 993 951 1065 peragit,verbi
981 991 1169 1063 gratia
1191 1006 1258 1045 ex
1280 989 1781 1061 oriente,primam
1807 989 1999 1044 orien-

343 1084 518 1139 talem
547 1082 754 1138 solaris
777 1082 922 1137 disci
949 1087 1169 1152 partem
1197 1080 1349 1135 818
1373 1079 1664 1147 obfuscat,
1687 1079 1799 1134 sub
1822 1095 1997 1150 quam

345 1173 523 1230 etiam
555 1187 788 1226 currere
837 1172 1049 1241 cmpit;
1103 1169 1242 1224 inde
1275 1167 1458 1240 igitur
1505 1169 1681 1224 etiam
1714 1184 1781 1222 ex
1813 1167 2001 1223 orien-

2109 991 2220 1045 οἷον
2254 990 2342 1045 ὅτε
2375 990 2667 1066 ὑποτρέχει
2699 991 2734 1060 ἡ
2772 989 2980 1059 σελήνη
3031 989 3124 1042 τὸν
3164 984 3349 1059 ἥλιον,
3402 988 3532 1064 φέρε
3573 986 3761 1058 εἰπεῖν,

2110 1079 2160 1151 ἐξ
2193 1080 2471 1136 ἀνατολῶν
2519 1084 2737 1154 πρῶτον
2771 1077 3114 1156 ἀντιφράττει
3170 1077 3332 1152 μέρος
3380 1081 3478 1132 τοῦ
3528 1074 3766 1146 ἡλιακοῦ

2111 1168 2295 1224 δίσκου
2341 1171 2404 1224 τὸ
2449 1169 2794 1241 ἀνατολικὸν,
2841 1167 2973 1243 ὅπερ
3019 1167 3108 1222 καὶ
3155 1165 3357 1240 ἤρξατο
3417 1167 3763 1242 ὑποτρέχεινο

346 1261 449 1318 tali
482 1266 645 1332 parte
675 1259 932 1332 primum
984 1257 1192 1330 incipit
1237 1256 1379 1314 solis
1429 1258 1628 1313 discus
1675 1257 1999 1329 repurgari,

2138 1264 2309 1323 κεῖθεν
2341 1261 2430 1314 οὖν
2478 1260 2538 1315 ἐκ
2583 1264 2680 1314 τοῦ
2725 1257 3051 1313 ἀνατολικοῦ
3107 1258 3306 1332 μέρους
3351 1256 3446 1312 καὶ
3479 1255 3769 1311 ἀνακαθαί-

345 1353 484 1406 dum
515 1349 656 1404 luna
672 1349 864 1403 tendit
887 1350 956 1403 ad
978 1348 1362 1410 occidentem,
1379 1352 1435 1401 et
1454 1347 1642 1418 prima
1659 1364 1795 1418 pars
1819 1348 2002 1418 (nem-

2136 1350 2294 1413 ιεσθαι
2323 1347 2549 1425 ἄρχεται
2579 1350 2606 1403 ὁ
2639 1345 2828 1408 δίσκος
2873 1351 2971 1402 τοῦ
3018 1345 3203 1416 ἡλίου,
3259 1352 3360 1412 τῆς
3412 1343 3654 1416 σελήνης
3686 1343 3770 1400 ἐπὶ

347 1457 416 1512 pe
466 1437 790 1506 orientalis,
838 1453 1014 1508 quam
1064 1439 1245 1492 etiam
1299 1436 1547 1506 primam
1596 1434 2004 1508 occultaverat)

2136 1439 2320 1510 ξυσμάς
2368 1437 2699 1514 τρεχούσης,
2749 1437 2838 1492 καὶ
2888 1441 3104 1508 πρῶτον
3159 1432 3650 1504 ἀνακαλυπτούσης
3683 1436 3773 1508 μέ-

346 1529 812 1600 detegitur,dum
847 1528 958 1582 sub
990 1527 1173 1582 solem
1208 1527 1465 1598 praeterit
1494 1531 1670 1598 atque
1701 1530 2002 1581 transcur-

2136 1549 2210 1590 ›ος
2241 1529 2293 1582 ἐν
2343 1532 2422 1600 τῷ
2471 1526 2718 1603 παριέναι
2768 1525 2858 1580 καὶ
2905 1529 3272 1602 παρατρέχειν
3303 1527 3373 1562 ⁵³*
3403 1524 3498 1578 τὸν
3525 1520 3716 1593 ἥλιον,
3747 1524 3775 1579 ὃ

348 1619 443 1674 rit.
501 1618 620 1673 Sub
677 1616 996 1673 salutarem
1057 1619 1252 1670 autem
1307 1615 1663 1687 passionem,
1717 1631 1834 1670 non
1893 1615 2005 1670 hoc

2136 1618 2203 1672 ιαὶ
2257 1622 2476 1692 πρῶτον
2532 1615 2791 1690 ἐκάλυψε,
2852 1615 3097 1671 τουτέστι
3149 1615 3212 1669 τὸ
3262 1612 3614 1669 ἀνατολικόν.
3655 1613 3771 1669 Ἐπὶ

350 1706 524 1762 modo
557 1706 866 1776 contingit,
902 1705 1002 1760 sed
1054 1704 1367 1760 contrario.
1417 1705 1561 1759 Nam
1594 1705 1735 1760 luna
1765 1704 2006 1760 veniens

2136 1709 2173 1762 εὶ
2227 1711 2324 1762 τοῦ
2393 1709 2671 1781 σωτηρίου
2732 1705 2937 1769 πάθονς
2993 1703 3104 1779 οὐχ
3157 1702 3299 1758 οὕτω
3346 1701 3593 1778 γέγονεν,
3634 1699 3777 1758 ἀλλὰ

349 1796 422 1852 ab
454 1796 678 1850 oriente
724 1795 836 1850 sub
886 1793 1067 1851 solem
1101 1793 1382 1862 cucurrit,
1429 1797 1484 1848 et
1531 1797 1719 1849 totum
1751 1795 1880 1864 ejus
1912 1811 2006 1849 or-

2136 1795 2427 1851 τούναντίον
2461 1838 2473 1850 .
2534 1795 2618 1866 Ἐξ
2678 1793 2960 1850 ἀνατολῶν
3018 1793 3123 1868 γὰρ
3180 1792 3414 1848 ἐλθοῦσα
3470 1793 3506 1862 ἡ
3569 1789 3774 1862 σελήνη

347 1885 481 1940 bem
531 1883 814 1952 obduxit;
867 1884 1078 1938 deinde
1130 1900 1247 1939 non
1306 1881 1461 1938 ultra
1519 1883 1589 1937 ad
1640 1883 2000 1939 occidentem

2136 1883 2398 1960 inéBpaps
2443 1886 2534 1940 τὸν
2591 1882 2780 1957 ἥλιον,
2839 1884 2929 1939 καὶ
2988 1877 3208 1961 ἕφραξεν
3271 1881 3405 1939 ὅλον
3463 1880 3558 1936 τὺν
3609 1877 3779 1935 δίσκον

347 1975 606 2046 transiit,
640 1975 742 2030 sed
775 1974 950 2030 rediit
982 1989 1185 2029 rursus
1217 1973 1285 2029 ad
1319 1973 1628 2043 orientem,
1661 1976 1718 2027 et
1749 1973 2006 2045 primum

348 2063 647 2119 denudata
677 2066 766 2119 est
797 2062 1011 2119 solaris
1044 2062 1191 2118 disci
1225 2079 1360 2135 pars
1391 2061 1793 2132 occidentalis,
1825 2061 2012 2132 siqui-

351 2153 484 2208 dem
509 2151 851 2208 retrocessit
876 2169 1082 2208 versus
1113 2152 1396 2209 orientem
1421 2153 1492 2207 ad
1525 2152 1879 2208 diametrum
1903 2151 2012 2206 soli

351 2242 713 2313 oppositum,
747 2242 827 2296 ita
851 2245 928 2295 'ut
955 2241 1294 2312 conjunctio
1325 2246 1382 2296 et
1431 2241 1760 2312 repurgatio
1795 2257 1908 2296 non
1941 2240 2013 2295 ab

354 2331 558 2386 eadem
591 2335 754 2401 parte
805 2331 957 2385 facta
1004 2331 1137 2384 sint.
1191 2329 1448 2401 Phlegon
1498 2330 1731 2400 gentilis
1763 2330 2012 2385 chrono-

353 2418 614 2490 graphus
647 2419 797 2474 libro
828 2417 1056 2474 decimo
1105 2423 1313 2489 quarto
1345 2417 1834 2488 Chronographim
1868 2434 2008 2485 suae,

352 2509 414 2564 in
473 2508 818 2581 Olympiade
888 2509 1209 2562 centesima
1283 2508 1476 2572 tertia,
1537 2508 1717 2578 hujus
1774 2507 2011 2577 quidem

352 2597 641 2670 eclipseos
671 2597 848 2652 etiam
904 2597 1196 2660 meminit,
1229 2596 1430 2652 dicens
1478 2613 1603 2651 eam
1648 2613 1806 2652 more
1838 2597 2013 2653 solito

353 2686 667 2753 accidisse,
721 2687 821 2741 sed
872 2686 1108 2742 modum
1163 2685 1290 2757 ejus
1339 2702 1456 2740 non
1511 2687 1812 2756 expressit.
1860 2688 2010 2751 Quin

357 2777 534 2832 etiam
583 2775 894 2832 Africanus
951 2779 1152 2830 noster
1199 2773 1348 2830 libro
1397 2774 1602 2846 quinto
1650 2776 2013 2848 Cbronogra-

356 2865 532 2938 pbize,
563 2869 621 2920 et
651 2865 939 2921 Eusebius
991 2861 1339 2936 Pamphilus
1371 2864 1589 2919 ibidem
1621 2865 1886 2936 ejusdem
1921 2866 2013 2921 de.

359 2954 630 3011 fectionis
662 2953 1018 3010 mentionem
1053 2953 1206 3010 fecit.

826 3159 898 3215 IN
938 3159 1350 3216 EPISTOLAM
1390 3160 1537 3216 VIII.

2123 1977 2310 2031 αὐτοῦ.
2346 1973 2480 2031 Εέτα
2527 1973 2710 2030 οὐκέτι
2755 1972 2842 2029 ἰπὶ
2893 1971 3103 2047 δυσμὰς
3141 1969 3448 2047 παρῆλθεν,
3489 1969 3616 2027 ἀλλ’
3657 1969 3774 2026 ἀνε-

2122 2064 2315 2120 πόδισε
2365 2063 2528 2120 πάλιν
2590 2063 2678 2120 ἐπὶ
2735 2060 3028 2135 ἀνατολὰς,
3088 2060 3180 2118 καὶ
3226 2060 3514 2136 ἐγύμνωσε
3562 2063 3770 2136 πρῶτον

2127 2152 2290 2228 μέρος
2335 2153 2400 2206 τὸ
2459 2149 2673 2207 δυτικὸν
2723 2155 2820 2206 τοῦ
2864 2151 3105 2221 ἡλιακοῦ
3154 2147 3364 2205 δίσκουο
3428 2147 3505 2211 εἷς
3541 2145 3774 2206 τούπίσω

2120 2242 2220 2316 γὰρ
2253 2239 2549 2316 ἀνέδραμεν
2597 2239 2686 2295 ἐπὶ
2732 2240 2796 2295 τὸ
2846 2239 3085 2295 ἰναντίον
3137 2236 3436 2314 διάμετρον
3487 2242 3584 2294 τοῦ
3623 2237 3775 2308 ἡλίου

2121 2329 2208 2385 ἐπὶ
2267 2330 2555 2391 ἀνατολάς’
2591 2329 2730 2385 ὥστε
2793 2331 2988 2402 μηκέτι
3040 2329 3139 2397 τήν
3201 2327 3488 2400 ἔμπτωσιν
3543 2328 3631 2382 καὶ
3683 2327 3774 2395 τὴν

2121 2419 2479 2494 ἀνακάθαρσιν
2530 2416 2590 2473 ἐκ
2636 2422 2735 2473 τοῦ
2775 2417 2940 2472 αὐτοῦ
2991 2419 3189 2491 μέρους
3239 2417 3513 2492 γενέσθαι.
3561 2417 3776 2487 Μέμνη-

2120 2531 2207 2565 ται
2261 2510 2356 2583 μέν
2403 2510 2493 2564 καὶ
2549 2507 2776 2585 Φλέγων
2824 2511 2852 2564 ὁ
2902 2508 3234 2579 Ἑλληνικὸς
3289 2505 3678 2584 χρονογράφος
3729 2503 3777 2559 έν

2119 2596 2551 2676 τρισκαιδεκάτῳ
2601 2599 3031 2676 Χρονογραιριῶν
3085 2597 3138 2652 ἐν
3190 2599 3260 2670 τῇ
3313 2598 3405 2673 ιγ’
3437 2591 3779 2669 Ὀλυμπιάδι,

2120 2695 2220 2758 τῆς
2279 2687 2580 2761 ἐκλείψεως
2630 2687 2857 2757 ταύτης,
2918 2685 3064 2762 παρά
3113 2687 3176 2741 τὸ
3222 2685 3426 2748 εἰωθὸς
3478 2684 3642 2754 αὐτὴν
3695 2680 3781 2738 λέ-

2122 2799 2248 2862 ’γων
2290 2776 2556 2853 γενέσθαιο
2618 2775 2678 2830 ού
2736 2779 2844 2850 μὴν
2902 2775 2994 2831 τὸν
3052 2775 3254 2849 τρόπον
3314 2772 3588 2850 ἀνέγραψε
3619 2816 3633 2831 .
3680 2770 3782 2830 Καὶ

2141 2869 2456 2946 Αφρικανὸς
2519 2863 2577 2920 δὲ
2618 2867 2645 2920 ὁ
2701 2864 2973 2940 ἡμέτερος
3033 2863 3084 2919 έν
3146 2866 3394 2937 πέμπτῳ
3459 2866 3781 2939 Χρονογρα-

2127 2963 2290 3037 φιῶν,
2341 2958 2432 3013 καὶ
2475 2952 2742 3019 Εὐσέϐιος
2791 2957 2820 3011 ὁ
2849 2954 3149 3035 Παμφίλου
3200 2954 3252 3010 έν
3308 2960 3445 3018 ταῖς
3492 2955 3672 3018 αὐταῖς
3699 2952 3782 3028 μέ·

2134 3068 2335 3121 μνηται
2367 3053 2468 3116 τῆς
2500 3046 2666 3115 αὐτῆς
2698 3043 3012 3120 ἐκλείψεως.

2541 3169 2654 3220 ΕΙΣ
2689 3163 2833 3220 ΤΗΝ
2859 3163 3260 3218 ΕΠΙΣΤΟΛΗΝ
3291 3160 3375 3218 11’.

427 3268 455 3335 §
488 3267 533 3323 I.
557 3265 939 3337 Demophilus
961 3265 1052 3322 hic
1075 3267 1398 3323 monachus
1423 3271 1567 3336 erat,
1596 3271 1662 3324 ut
1686 3267 1906 3324 indicat
1926 3269 2014 3323 in-

2203 3277 2305 3342 ξι.
2369 3269 2693 3345 Δημόφιλος
2746 3270 2903 3331 οὗτος
2969 3271 3212 3344 μοναχὸς
3265 3269 3360 3340 ἦν,
3421 3269 3494 3331 ὡς
3545 3263 3772 3354 δηλοῖῄ

361 3356 645 3430 scriptio;
679 3356 1056 3429 therapcutas
1091 3356 1246 3412 enim
1279 3358 1598 3413 monachos
1621 3357 2014 3430 appellabant.

363 3449 415 3504 Is
435 3451 630 3504 autem
651 3445 976 3502 insultabat
993 3446 1331 3518 presbytero
1354 3464 1482 3516 suo,
1508 3447 1650 3519 quin
1675 3448 1848 3504 etiam
1874 3450 2020 3504 indi-

363 3537 678 3609 gnabatur,
707 3535 865 3607 quod
919 3535 1234 3606 quemdam
1286 3551 1316 3591 e
1365 3536 1787 3607 paenitentibus
1820 3556 2020 3594 susce-

367 3628 572 3697 pisset.
634 3623 1016 3680 Poenitentem
1065 3626 1265 3696 itaque
1314 3627 1656 3682 verberibus
1714 3635 2023 3699 exceptum

365 3715 755 3782 exsturbarat,
780 3715 1186 3786 presbyterum
1215 3731 1350 3770 vero
1373 3715 1797 3786 elim’inaverat,
1822 3723 1880 3770 et
1900 3719 2027 3788 ipse

364 3809 643 3874 tanquam
678 3819 712 3858 a
741 3819 803 3858 se
849 3803 1154 3876 presbyter
1200 3809 1454 3873 creatus,
1489 3804 1725 3862 resedit.
1757 3797 2027 3872 Adverte,

365 3891 549 3964 igitur
602 3891 778 3947 etiam
840 3891 971 3948 istis
1023 3892 1390 3964 temporibus
1447 3893 1623 3948 istius
1683 3892 1839 3948 mala
1890 3909 2027 3948 con-

366 3981 592 4054 tigisse.
644 3981 846 4037 Merito
879 3981 1078 4053 itaque
1129 3982 1274 4036 dicit
1321 3981 1466 4036 illud
1503 3998 1516 4037 :
1553 3983 1592 4039 0
1641 3997 1901 4050 generose
1926 3983 2028 4037 De-

367 4071 628 4142 mophzle,
647 4072 1009 4142 exprobrans
1040 4070 1150 4142 ipsi
1177 4071 1581 4126 fortitudinem
1607 4071 2027 4140 inordinatam,

371 4165 426 4215 et
458 4160 731 4233 pietatem
781 4159 1022 4216 minime
1069 4160 1353 4231 divinam,
1387 4165 1452 4216 ut
1484 4160 1593 4216 hoc
1626 4161 1799 4216 modo
1830 4178 2031 4218 mona-

371 4250 549 4305 chum
585 4249 964 4322 perstringat.

442 4340 516 4394 Ac
545 4337 841 4410 siquando
893 4340 1074 4410 ipsum
1121 4346 1306 4396 extra.
1359 4338 1419 4394 Id
1455 4342 1547 4394 est
1596 4340 1832 4410 quando
1875 4341 2027 4395 Scri-

372 4433 556 4500 pturaa
589 4427 850 4494 tradunt,
896 4427 1094 4500 ipsum
1143 4428 1203 4483 in
1235 4429 1338 4484 Dei
1387 4428 1846 4500 indignationem
1882 4430 2026 4485 inci-

372 4519 552 4586 disse,
583 4522 641 4574 et
671 4520 730 4574 in
754 4519 1117 4575 aversionem
1161 4520 1364 4576 vultus
1403 4523 1554 4590 eius.
1588 4521 1778 4590 Prius,
1811 4522 2027 4593 inquit,

373 4608 675 4664 declarant
692 4609 890 4681 ipsum
915 4626 948 4665 a
969 4610 1427 4666 mansuetudine
1456 4610 1798 4683 descivisse,
1822 4615 1880 4668 et
1899 4616 2026 4669 tum

372 4697 612 4753 demum
645 4713 679 4752 a
708 4697 908 4753 divina
937 4697 1160 4754 visione
1191 4697 1503 4754 excidisse.

442 4876 483 4930 A
511 4877 931 4946 praeminente.
965 4877 1216 4932 Adverte
1246 4873 1651 4946 praestantiam
1680 4879 1738 4932 et
1769 4878 2033 4934 eminen-

372 4963 516 5018 tiam
551 4962 1029 5019 mansuetudinis
1060 4963 1118 5017 in
1161 4963 1278 5018 Deo
1308 4961 1616 5030 imitando,
1651 4968 1708 5018 et
1737 4966 2033 5035 quomodo

372 5054 597 5122 Moyses
625 5057 858 5124 propter
888 5052 1406 5118 mansuetudinem
1450 5051 1546 5106 Dei
1579 5052 1838 5109 famulus
1875 5071 2036 5110 nun-

373 5145 644 5210 cupetur.

442 5231 599 5285 314
628 5229 961 5285 Ambitione.
1014 5229 1272 5287 Ambitio
1325 5233 1561 5304 proprie
1609 5237 1699 5289 est
1739 5233 2040 5305 appetitus

372 5322 429 5375 et
458 5335 625 5376 amor
669 5318 934 5376 honoris.
986 5321 1262 5395 Θεοκρίτῳ
1317 5326 1536 5394 autem,
1591 5340 1708 5380 non
1742 5322 1921 5378 alicui
1953 5327 2037 5385 sic

2060 4663 2108 4728 D

2133 3361 2409 3438 ἐπιγραφή
2447 3378 2460 3390 ·
2524 3359 2850 3432 θεραπευτὰς
2922 3359 3027 3434 γὰρ
3105 3356 3236 3422 τοὺς
3315 3355 3599 3438 μοναχοὺς
3668 3352 3776 3410 ἐκά-

2133 3450 2287 3508 λουν.
2334 3437 2678 3526 Τυραννήσας
2733 3446 2790 3504 δὲ
2847 3448 2982 3503 κατὰ
3039 3441 3417 3523 πρεσϐυτέρου
3473 3437 3655 3516 αὐτοῦ,
3695 3441 3774 3499 καί

2133 3541 2508 3616 ἀγανακτήσας
2538 3587 2552 3611 ,
2613 3537 2695 3593 ὅτι
2747 3536 2960 3608 έδέξατό
3013 3557 3134 3593 τινα
3206 3536 3259 3592 ἐν
3339 3535 3593 3610 μετανοίᾳ
3663 3531 3776 3588 ὄντα

2137 3627 2570 3702 ἁμαρτημάτων,
2629 3621 2867 3700 ἐξέϐαλε,
2924 3629 3205 3697 τυπτήσας
3259 3625 3355 3680 τὸν
3409 3627 3774 3699 μετανοοῦντα,

2136 3718 2228 3772 τὸν
2285 3715 2344 3771 δε
2398 3711 2763 3792 πρεσϐύτερον
2821 3716 3058 3786 έξώθησε
3093 3759 3107 3784 ,
3163 3714 3252 3769 καὶ
3320 3714 3568 3779 ἐκάθισεν
3628 3713 3776 3767 αύτο-

2139 3806 2528 3881 χειροτόνητος
2586 3801 2973 3881 πρεσϐύτερος.
3037 3807 3357 3877 Σημείωσαι
3420 3805 3538 3874 οῦν,
3591 3800 3670 3857 ὅτι
3717 3799 3777 3854 τὰ

2137 3895 2277 3949 κακᾶ
2322 3899 2492 3949 ταῦτα
2545 3894 2634 3949 καὶ
2689 3893 2777 3950 ἐπὶ
2840 3893 3058 3949 ἐκείνων
3117 3897 3226 3948 τῶν
3289 3892 3508 3967 χρόνων
3565 3891 3774 3966 ἐγένετο.

2139 3979 2384 4048 Εἰκότως
2460 3984 2551 4038 οῦν
2623 3983 2705 4038 τό·
2786 3988 2851 4038 Ὢ
2918 3986 3128 4059 γενναῖε
3208 3982 3550 4061 Δημόφιλε,
3606 3977 3775 4058 φησὶν,

2143 4073 2298 4148 ἰσχὺν
2359 4071 2585 4128 ἄτακτον
2646 4073 2737 4127 καὶ
2795 4070 2894 4127 οὐκ
2933 4066 3233 4127 εὐλάϐειαν
3285 4068 3469 4136 ἔνθεον
3517 4065 3773 4137 ὀνειδίζων

2141 4162 2309 4236 αὐτῷ,
2341 4163 2431 4218 καὶ
2461 4162 2630 4236 ταύτῃ
2664 4160 2931 4236 διασύρων
2964 4160 3056 4215 τὸν
3093 4161 3356 4237 μοναχόν.

2211 4342 2318 4399 Καὶ
2404 4338 2586 4396 εἷ’ποτε
2667 4339 2828 4395 αὐτὸν
2909 4335 3032 4410 ἔξω.
3114 4339 3407 4396 Τουτέστιν
3439 4384 3452 4408 ,
3539 4334 3657 4392 ὅταν
3729 4329 3779 4386 αἱ

2140 4431 2349 4508 Γραφαὶ
2381 4428 2643 4506 λέγωσιν,
2694 4427 2746 4484 έν
2793 4429 3154 4506 ἀγανακτήσει
3203 4431 3337 4483 Θεοῦ
3397 4428 3662 4506 γεγονέναι
3697 4420 3782 4476 αὖ·

2138 4522 2255 4591 τὸν,
2288 4521 2379 4575 καὶ
2413 4518 2465 4575 ἐν
2495 4519 2817 4597 ἀποστροφῇ
2848 4523 2944 4575 τοῦ
2974 4519 3274 4596 προσώπου
3303 4516 3491 4575 αὐτοῦ.
3528 4513 3780 4592 Ηρότερον

2142 4609 2218 4667 δὶ⁶
2373 4610 2388 4631 ‘
2461 4607 2488 4664 δ
2623 4609 2636 4629 ’
2892 4607 2905 4629 ’
2955 4609 2969 4626 ‘
3097 4615 3126 4626 “
3321 4607 3348 4662 ό
3561 4599 3610 4676 ’Ἑ
3753 4628 3779 4641 -

2257 4632 2413 4689 φησι,
2496 4630 2795 4664 εικνυουσιν
2848 4630 3007 4664 αυτον
3059 4630 3160 4679 της
3207 4627 3317 4683 πρα
3351 4629 3518 4680 τητος
3560 4627 3584 4661 ε
3615 4625 3656 4658 ω
3697 4619 3751 4677 γε

2140 4702 2381 4778 γονέναι,
2416 4698 2506 4754 καὶ
2557 4699 2650 4754 εἶθ’
2695 4696 2837 4753 οὕτω
2880 4699 3069 4754 παθεῖν
3111 4697 3173 4753 τὸ
3203 4697 3310 4754 ἀπὸ
3351 4693 3531 4772 ὅψεως
3558 4691 3777 4772 γενέσθαι

2138 4795 2236 4848 τοῦ
2269 4793 2425 4848 Θεοῦ.

2215 4882 2309 4937 Ἐκ
2375 4885 2476 4948 τῆς
2553 4875 2933 4954 προύχούσης.
2995 4875 3314 4950 Σημείωσαι
3390 4876 3473 4931 ὅτι
3536 4872 3781 4954 ἐξαίρετον

2142 4969 2236 5025 καὶ
2306 4968 2552 5045 προῦχον
2600 4953 2709 5028 θεὶς
2772 4965 3004 5041 μίμησιν
3082 4970 3220 5021 Θεοῦ
3272 4967 3308 5034 ἡ
3383 4963 3647 5042 πραότης,
3699 4953 3779 5012 καὶ

2148 5061 2231 5116 ὅτι
2293 5055 2382 5113 διὰ
2435 5058 2536 5128 τήν
2591 5055 2874 5128 πραότητα
2951 5061 3193 5126 Μωϋσῆς
3265 5053 3478 5131 λέγεται
3551 5047 3777 5126 θεράπων

2149 5152 2303 5204 Θεοῦ.

2223 5237 2577 5311 Φιλοτιμίας.
2623 5233 2927 5309 Φιλοτιμία
2977 5237 3181 5312 κυρίως
3234 5235 3297 5289 τὸ
3349 5238 3517 5307 τιμῆς
3563 5227 3780 5307 ἐφίεσθαι

2152 5327 2242 5383 καὶ
2291 5325 2432 5400 έρᾷν.
2495 5324 2768 5400 Θεοκρίτῳ
2817 5322 2875 5381 δὶ
2931 5324 3042 5400 οὐχ
3095 5323 3238 5380 οὕτω
3294 5323 3400 5378 τινῖ
3455 5316 3779 5391 καλουμένῳ,

375 5408 690 5482 appellato,
743 5408 844 5465 sed
896 5426 930 5465 a
975 5414 1091 5468 Deo
1144 5412 1217 5468 ad
1264 5411 1580 5486 imperium
1642 5412 1934 5470 destinato
1989 5435 2019 5474 e

2155 5413 2303 5471 ἀλλὰ
2352 5415 2415 5470 τὸ
2473 5413 2533 5470 έκ
2582 5417 2717 5470 Θεοῦ
2765 5413 2843 5479 είς
2885 5412 2950 5470 τὸ
2997 5409 3185 5490 ἄρχειν
3228 5406 3640 5490 κρινομένῳκαὶ
3670 5403 3778 5461 ἐπι-

379 5499 612 5558 idoneo.

2154 5502 2378 5577 τηδείῳ.

1385 5656 1628 5715 VARle
1667 5657 2060 5719 LECTIONES
2100 5659 2192 5719 ET
2228 5657 2794 5720 GORREGTIONES.

453 5755 523 5792 ⁸⁸*
553 5754 894 5834 περιτρέχειν
906 5801 918 5818 .
