4106 6386
377 370 492 426 545

1331 375 1393 428 8.
1434 375 1707 429 ΜΔΧῙΜΙ
1744 374 2055 428 SCHOLIA
2092 375 2167 428 IN
2208 376 2364 428 EPP.
2405 380 2465 431 S.
2507 379 2846 433 DIONYSII.

3695 375 3806 433 546

453 494 523 554 Τί
595 493 654 551 δὶ
720 497 813 550 τὸν
891 495 1220 570 θεοπάτορα.
1279 498 1403 554 ’Ὁτι
1475 495 1778 571 Θεοπάτορα
1853 495 2036 569 καλεῖ,

2226 499 2366 567 Quid
2395 519 2561 574 porro
2593 503 2757 558 illum
2805 503 2900 558 Dei
2937 504 3362 574 progenitorem.
3399 501 3674 559 Davidem
3703 518 3802 560 vo-

377 581 472 640 διὰ
499 586 591 641 τὸν
645 584 901 660 Χριστὸν,
933 586 1026 642 τὸν
1076 583 1262 642 Δαυίδ.
1314 587 1456 656 Φησὶ
1505 586 1606 662 γὰρ
1638 587 1666 642 6
1701 590 1845 650 θεῖος
1891 589 2035 641 Παῦ-

375 673 500 737 λος·
571 673 984 753 Ἀφωρισμὲνος
1060 674 1138 740 εἷς
1213 674 1548 752 Εὐαγγέλιον
1581 719 1597 747 ,
1653 676 1682 730 ’ὁ
1756 695 2038 751 προεπηγ-

374 761 604 839 γείλατο
653 761 705 818 ἐν
752 769 988 840 Γραφαῖς
1032 764 1209 839 ἁγίαις
1259 765 1384 839 περὶ
1415 767 1512 819 τοῦ
1559 764 1688 819 Υἱοῦ
1718 763 1908 832 αὐτοῦ,
1939 766 2038 818 τοῦ

375 852 675 930 γενομένου
707 851 768 907 ἑκ
809 851 1119 929 σπέρματος
1165 850 1331 908 Δαυῖδ
1388 858 1524 909 κατά
1573 852 1764 929 σάρκα.
1797 853 2040 914 Εἰκότως

381 940 478 996 οὗν
509 939 792 1016 θεοπάτωρ
821 942 850 996 6
881 939 1062 998 Δαυίὸ.

459 1028 653 1088 Καίτοι
703 1028 796 1085 καὶ
832 1030 1056 1104 θεσμός.
1105 1029 1408 1108 Γέγραπται
1460 1032 1567 1110 γὰρ
1624 1031 1675 1088 ἰν
1723 1037 1804 1105 τῷ
1858 1031 2038 1105 νόμῳ,

381 1115 528 1174 ὥστε
554 1117 741 1174 καὶτὸ
782 1122 882 1174 τοῦ
928 1117 1130 1196 ἐχθροῦ
1170 1119 1462 1199 ὑποζύγιον
1518 1126 1854 1178 ηταπῖπτον
1900 1119 2038 1196 ἐγεί-

382 1228 499 1284 ρειν
531 1210 600 1267 ⁸⁸.

458 1296 616 1356 Ἀλλ’
645 1295 735 1354 ἐπὶ
783 1299 847 1354 τὸ
900 1298 1139 1362 ἄναντες.
1190 1298 1313 1354 Ἐπὶ
1369 1300 1432 1355 τὸ
1503 1296 1866 1376 ὑψηλότερον.
1926 1307 2039 1372 Ση-

385 1384 620 1459 μείωσαι
675 1384 733 1442 δὶ
777 1388 841 1442 τὸ
888 1385 1277 1466 φιλάνθρωπον
1326 1391 1435 1444 τῶν
1483 1387 1756 1466 ἀγγέλων,
1813 1389 1902 1445 καὶ
1954 1388 2038 1444 δτι

381 1472 594 1533 δέονται
647 1477 780 1552 ὑπὶρ
831 1477 997 1542 ἐθνῶν
1040 1483 1139 1533 τοῦ
1183 1481 1337 1546 Θεοῦ,
1369 1478 1459 1556 καὶ
1512 1478 1594 1535 ὅτι
1641 1485 1760 1542 ταῖς
1799 1481 2040 1536 ἀποστα-

376 1572 560 1630 τικαῖς
641 1565 938 1642 ἐπιτιμῶσι
1025 1564 1330 1642 δυνάμεσι,
1395 1569 1641 1626 τουτέστι
1715 1575 1832 1634 τοῖς
1929 1567 2042 1626 δαί-

387 1675 574 1729 μοσιν.

457 1743 640 1801 ’Δλλὰ
722 1749 821 1800 τοῦ
906 1741 1078 1810 ὅντως
1154 1745 1405 1821 ἀγαθοῦ.
1493 1748 1622 1825 Περὶ
1700 1747 2040 1824 ἆγαθότητος

381 1837 486 1889 τοῦ
538 1832 744 1910 Κυρίου
811 1837 971 1908 ἡμῶν
1047 1837 1229 1906 Ἰησοῦ
1303 1841 1538 1910 Χριστοῦ
1599 1837 1702 1893 τοῦ
1775 1836 2042 1907 ἀληθινοῦ

385 1927 545 1983 Θεοῦ.
580 1924 807 1996 [Ὄντως
859 1923 995 1980 εἶναι
1027 1929 1197 1994 ποιεῖ,
1246 1929 1396 1981 τοῦτ’
1445 1923 1557 1981 ἔστι
1602 1922 1881 2002 διακρατεῖ
1908 1926 2048 2001 πρὸς

387 2009 713 2086 διαμονήν.]

463 2101 566 2160 Καὶ
617 2105 789 2159 πάντα
841 2101 1098 2180 βούλεται
1146 2104 1228 2160 ἀεὶ
1279 2106 1551 2180 γενέσθαι.
1609 2103 1832 2175 Ἐπειδὴ
1877 2104 2050 2161 πάντα

387 2193 441 2246 ε*
593 2191 617 2247 ἰ
677 2190 722 2248 8‘
829 2198 852 2210 “
958 2197 983 2208 ⁸
1165 2193 1180 2213 ‘
1220 2192 1245 2212 "
1507 2194 1521 2216 ‘
1593 2197 1600 2214 '
2002 2194 2016 2215 “

422 2212 560 2260 ιπεν,
621 2215 646 2246 ν
711 2213 735 2248 ε
762 2214 879 2256 τοις
911 2213 1040 2248 πασι
1090 2214 1182 2248 και
1215 2196 1404 2269 αψυχα
1433 2216 1522 2250 και
1568 2193 1763 2270 ἁλογα,
1793 2206 2052 2270 προσθεις

386 2281 527 2336 κατά
576 2282 678 2351 τὴν
730 2283 968 2338 ἑκάστων
1029 2278 1452 2354 ἰπιτηδειότητα
1480 2327 1496 2354 ,
1552 2285 1651 2354 τήν
1717 2286 2047 2364 ὑφορμῶσαν

382 2368 658 2426 ἀντίθεσιν
687 2371 1138 2447 προεθεράπευσε.

461 2461 568 2516 Καὶ
629 2459 955 2539 φιλονεικεῖ.
1017 2466 1141 2526 Πῶς
1197 2461 1292 2538 ἐρᾷ
1347 2463 1564 2519 πάντων
1620 2465 1647 2519 6
1697 2463 1914 2539 Κύριος,
1960 2463 2051 2519 καὶ

387 2547 706 2624 παρακαλεῖ
752 2552 902 2623 ἡμᾶς
959 2552 1035 2625 μὴ
1087 2549 1329 2607 ἐκπεσεῖν
1377 2551 1563 2624 αὐτοῦ,
1615 2551 1736 2616 ὅθεν
1791 2555 1880 2609 καὶ
1943 2559 2052 2608 Πα-

392 2638 674 2716 ράκλητος
708 2639 915 2696 ἀκούει.

469 2727 569 2782 Καὶ
642 2726 1032 2802 θρυπτομᾶνων
1067 2772 1080 2785 .
1141 2727 1476 2801 Θρύπτεσθαι
1549 2730 1754 2808 κυρίως
1823 2731 1888 2786 τὸ
1953 2752 2050 2786 κα-

389 2814 719 2881 τακλᾶσθαι·
779 2814 998 2893 λέγεται
1056 2815 1113 2873 δὲ
1161 2821 1196 2888 ἡ
1249 2816 1392 2893 λὲξις
1435 2818 1526 2875 καὶ
1574 2818 1663 2876 ἐπὶ
1691 2823 1800 2876 τῶν
1841 2818 2051 2896 ἱρωμέ-

393 2935 530 2983 νων,
563 2914 762 2986 οἳ,τήν
807 2916 945 2992 πρὸς
993 2915 1121 2980 τοὺς
1170 2915 1407 2991 ἕρῶντας
1455 2912 1895 2992 ἀναϐαλλόμενοι
1925 2939 2050 2972 συν-

392 3003 619 3081 τυχίαν,
675 3005 913 3078 τοιούτῳ
979 3011 1058 3080 τῷ
1105 3012 1405 3080 σωματικῷ
1441 3051 1455 3078 ,
1506 3007 1750 3063 τουτέστι
1821 3027 2054 3062 κατακε-

391 3093 715 3168 κλασμὲνῳ,
773 3097 1072 3171 κέχρηνται
1130 3093 1272 3166 ἤθει.
1340 3098 1500 3155 Ὅθεν
1565 3092 1902 3172 λαμϐάνεται
1959 3097 2052 3153 καὶ

387 3183 482 3240 ἆπὶ
514 3181 702 3240 ἄλλων
735 3184 1121 3262 ὁμοιοτρόπων
1153 3184 1513 3262 πραγμάτων.

460 3369 657 3441 ’Ὀμως
737 3372 1025 3442 προσιοῦσι
1105 3368 1498 3444 προστρέχει.
1560 3371 1644 3428 Τὰ
1719 3373 1818 3440 τῆς
1897 3369 2050 3446 εὐαγ-

385 3454 624 3532 γελικῆς
673 3452 994 3532 παραϐολῆς
1045 3461 1141 3512 τοῦ
1192 3458 1405 3513 ἀσώτου
1467 3459 1779 3523 ὑποτίθεται
1834 3459 1885 3514 ὲν
1925 3481 2052 3514 του-

385 3566 538 3617 τοις,
589 3545 680 3600 καὶ
729 3547 798 3600 τὰ
840 3544 1027 3620 ὅμοια.
1061 3545 1386 3620 Θαυμασίως
1411 3544 1469 3601 δὲ
1513 3547 1604 3602 καὶ
1633 3547 1696 3602 τὸ
1727 3545 1859 3610 ὅλος
1889 3546 2054 3610 ὅλους

390 3634 552 3713 φησὶ,
584 3635 962 3711 καταισχύνων
1009 3634 1144 3698 τοὺς
1192 3635 1317 3691 τότε
1364 3637 1694 3712 αἱρετικοὺς,
1725 3635 1922 3700 οἷ’τινες
1951 3641 2052 3712 ψυ-

391 3724 510 3800 χὴν
565 3723 734 3798 μόνην
786 3725 1048 3794 σώζεσθαι
1085 3725 1187 3780 ὑπὸ
1213 3729 1368 3795 Θεοῦ,
1400 3727 1492 3781 καὶ
1536 3727 1600 3781 οὗ
1631 3731 1808 3800 σῶμα,
1844 3724 2048 3803 ἔλεγον.

389 3812 564 3876 Ὀλος
615 3811 727 3885 οὖν,
778 3815 966 3890 φησὶν,
995 3816 1023 3869 6
1057 3814 1277 3888 Κύριος,
1307 3815 1383 3878 ὡς
1428 3817 1615 3891 ψυχὴν
1643 3817 1732 3870 καὶ
1763 3821 1924 3890 σῶμα
1955 3816 2054 3871 λα-

387 3896 530 3971 ϐὼν,
562 3901 729 3966 ὅλους
779 3905 929 3976 ἡμᾶς
973 3902 1102 3965 τοὺς
1136 3903 1196 3958 ἐκ
1225 3907 1412 3979 ψυχῆς
1461 3905 1551 3959 καὶ
1593 3906 1847 3978 σώματος
1880 3907 2053 3960 σέσω-

383 4011 504 4048 κεν.
557 3993 725 4047 Ἦσαν
781 3989 839 4046 δὲ
883 3993 1008 4048 τότε
1050 3993 1314 4068 αἱρετικοὶ
1358 3994 1464 4049 ἀπὸ
1517 3993 1791 4068 Σίμωνος,
1847 3995 1923 4056 ὡς
1953 3991 2051 4064 δη-

386 4081 582 4135 λοῦσιν
621 4080 916 4157 Εΐρηναῖος
962 4083 1054 4136 καὶ
1110 4081 1459 4145 Ἱππόλυτος.
1496 4085 1594 4140 Καὶ
1647 4084 1698 4138 οἱ
1739 4085 1806 4139 τὰ
1836 4085 2049 4159 Ὠριγὲ-

381 4190 519 4232 νους
559 4168 618 4226 δὶ
664 4168 1087 4245 δογματίζοντες
1137 4173 1205 4226 τὰ
1235 4171 1372 4228 αὐτὰ
1419 4177 1701 4250 φρονοῦσι.
1735 4173 1970 4252 Περιφὺς
1994 4170 2052 4228 δὶ

382 4257 509 4314 ἀντὶ
535 4263 633 4315 τοῦ
662 4280 762 4336 περ
773 4259 1022 4323 ιπλακείς
1038 4304 1048 4318 .

464 4435 690 4509 Δηλαδή
761 4437 890 4502 τοὺς
973 4436 1226 4514 ἀγαθούς.
1309 4437 1627 4512 Σημείωσαι
1697 4439 1846 4504 τίνας
1913 4441 2048 4518 φησὶ

383 4531 433 4566 ⁸⁷
489 4527 617 4590 τοὺς
669 4525 1146 4604 συγκαλουμὲνους
1185 4524 1397 4605 φίλους·
1435 4529 1550 4601 μετ’
1603 4527 1770 4604 ὀλίγα
1820 4526 1878 4584 66
1918 4529 2046 4594 τοὺς

2075 1882 2124 1948 Β

2153 593 2244 644 cat
2272 589 2372 646 Dei
2416 591 2850 664 progenitorem
2902 595 3140 664 propter
3167 590 3486 647 Christum.
3516 591 3614 647 Ait
3643 591 3803 649 enim

2155 679 2216 733 D.
2251 679 2466 735 Paulus
2488 680 2569 752 (h)
2593 697 2605 736 :
2646 681 2973 752 Segregatu:
3002 681 3063 735 in
3092 681 3474 751 Evangelium,
3504 679 3647 752 quod
3668 696 3803 753 pro-

2151 769 2302 823 misit
2340 771 2402 824 in
2432 769 2731 840 Scriptum
2771 773 2979 826 sanctis
3029 769 3092 826 de
3138 770 3277 826 Filio
3324 785 3442 840 suo,
3473 771 3571 841 qui
3613 769 3802 840 facta:

2150 866 2229 912 est
2257 875 2326 913 ex
2351 861 2559 914 semine
2605 859 2774 916 David
2821 859 3117 916 secundum
3160 876 3405 914 carnem.
3439 859 3640 916 Merito
3684 859 3798 933 igi-

2151 949 2250 1000 tur
2278 946 2458 1001 David
2489 952 2579 1004 est
2615 947 2708 1004 Dei
2745 952 2928 1019 pater.

2224 1035 2367 1102 Quin
2395 1037 2563 1091 etiam
2611 1036 2725 1106 lege
2751 1039 3057 1092 sancitum.
3088 1037 3386 1108 Scriptum
3433 1037 3593 1093 enim
3622 1041 3712 1094 est
3739 1037 3800 1093 in

2151 1123 2275 1195 lege
2303 1125 2384 1195 (ί),
2419 1129 2483 1181 ut
2528 1125 2704 1181 etiam
2757 1125 2979 1181 inimici
3027 1125 3338 1198 subjugale
3385 1127 3601 1183 cadens
3649 1126 3805 1184 leva-

2153 1219 2333 1269 retur.

2227 1303 2497 1360 Caeterum
2527 1305 2604 1360 ad
2632 1303 2868 1361 altiora.
2899 1305 2986 1361 Ad
3017 1305 3097 1372 id,
3117 1305 3270 1377 quod
3300 1303 3639 1361 sublimius.
3658 1304 3807 1362 Nota

2155 1397 2354 1449 autem
2403 1393 2865 1467 benignissimos
2897 1393 3138 1468 angelos
3185 1394 3363 1450 etiam
3396 1411 3501 1467 pro
3531 1393 3808 1467 gentibus

2155 1482 2339 1538 Deum
2371 1484 2692 1556 deprecari,
2724 1487 2781 1540 et
2810 1484 3168 1557 apostaticas
3197 1484 3464 1555 virtutes,
3488 1483 3545 1540 id
3577 1487 3668 1541 est
3695 1483 3809 1540 dm-

2156 1588 2361 1628 mones
2391 1573 2713 1646 increpare.

2227 1751 2329 1808 Sed
2357 1768 2481 1809 vere
2513 1753 2658 1809 boni.
2691 1753 2771 1809 De
2805 1753 3026 1809 Domini
3059 1752 3245 1809 nostri
3268 1753 3407 1808 Jesu
3439 1751 3656 1809 Christi
3685 1751 3808 1809 veri

2155 1841 2256 1897 Dei
2291 1842 2673 1914 benignitate.
2705 1844 2877 1913 [Vere
2900 1859 3030 1898 esse
3054 1843 3215 1912 facit,
3242 1842 3347 1898 hoc
3369 1846 3460 1898 est
3480 1846 3807 1911 conservat,

2158 1935 2222 1986 ut
2254 1933 2680 2003 permaneant]

2229 2115 2292 2169 Et
2320 2114 2509 2169 omnia
2545 2113 2664 2170 vult
2703 2129 2915 2185 semper
2941 2113 3086 2184 ﬁeri.
3120 2115 3267 2169 Cum
3320 2111 3562 2169 dixisset
3591 2111 3810 2180 omnia,

2157 2203 2312 2259 inter
2341 2203 2540 2259 omnia
2571 2207 2768 2259 autem
2801 2201 2977 2259 etiam
3001 2202 3123 2258 sint
3149 2202 3476 2259 inanimata
3504 2205 3562 2258 et
3588 2201 3816 2260 irratio-

2159 2293 2338 2363 nalis,
2390 2293 2614 2350 addens
2671 2293 2998 2349 secundum
3057 2293 3349 2363 cujusque
3397 2291 3812 2364 aptitudinem,

2161 2381 2560 2439 suborientem
2592 2382 3021 2454 oppositionem
3052 2383 3389 2438 moderatus
3420 2386 3529 2438 est.

2230 2475 2294 2528 Et
2347 2488 2532 2527 amore
2579 2471 2879 2527 contendit.
2928 2471 3230 2537 Quomodo
3281 2470 3565 2526 Dominus
3609 2486 3816 2526 omnes

2162 2570 2337 2631 amet,
2372 2572 2428 2621 ot
2458 2565 2725 2622 hortetur
2764 2581 2893 2632 nos,
2925 2581 2996 2620 ne
3026 2566 3098 2620 ab
3131 2564 3257 2635 ipso
3288 2564 3650 2632 excidemus,
3681 2579 3818 2636 pro-

2161 2665 2288 2729 pter
2316 2656 2472 2726 quod
2505 2654 2680 2709 etiam
2713 2653 3048 2709 Paracletus
3074 2651 3424 2724 appellatur.

2232 2745 2410 2799 Etiam
2469 2743 2778 2798 deliciosos.
2826 2741 3095 2797 Deliciari
3157 2757 3260 2796 seu
3319 2739 3574 2797 molliter
3626 2738 3819 2796 vivere

2160 2831 2391 2906 proprie
2421 2835 2511 2887 est
2541 2829 2806 2886 enervari
2846 2845 2950 2886 seu
2999 2828 3311 2901 confringi.
3344 2829 3571 2885 Dicitur
3617 2832 3814 2885 autem

2161 2924 2284 2979 haec
2313 2921 2488 2977 dictio
2520 2921 2698 2976 etiam
2743 2921 2813 2976 de
2858 2919 2934 2974 iis
2964 2919 3064 2990 qui
3098 2918 3399 2974 amoribus
3427 2921 3655 2985 vacant,
3689 2917 3814 2990 qui,

2163 3019 2491 3068 amatorum
2557 3009 2927 3082 adeptionem
2990 3007 3512 3081 procrastinantes,
3568 3011 3818 3062 utuntur

2161 3102 2271 3158 hac
2320 3115 2618 3171 corporea,
2652 3099 2709 3154 id
2742 3103 2832 3155 est
2875 3097 3177 3170 praafracla
3204 3101 3264 3152 et
3293 3095 3457 3153 molli
3502 3099 3818 3153 consuetu-

2162 3192 2318 3247 dine.
2339 3189 2502 3246 Unde
2532 3189 2710 3244 etiam
2744 3187 2816 3244 ad
2850 3203 2942 3244 res
2971 3185 3264 3259 quaslibet
3283 3185 3620 3243 consimiles
3653 3191 3818 3242 tran-

2163 3279 2440 3337 sumitur.

2233 3369 2509 3424 Similzter
2538 3366 2957 3422 adventantibus
2986 3365 3242 3420 occurrit.
3276 3363 3683 3437 Evangelicam
3718 3380 3818 3436 pa-

2163 3457 2422 3514 rabolam
2459 3455 2686 3528 prodigi
2735 3454 2793 3508 in
2832 3454 2926 3510 his
2956 3454 3252 3526 proponit,
3284 3457 3343 3509 et
3391 3469 3522 3525 quas
3568 3457 3708 3508 sunt
3738 3451 3817 3508 si-

2163 3545 2346 3603 milia.
2377 3546 2531 3613 Quin
2563 3545 2739 3600 etiam
2772 3547 2932 3598 totus
2960 3547 3138 3609 totos,
3171 3543 3388 3613 inquit,
3412 3542 3502 3598 sui
3535 3541 3819 3613 temporis

2162 3635 2468 3691 haereticos
2496 3633 2886 3698 confundens,
2912 3632 3013 3703 qui
3043 3631 3282 3703 quidem
3317 3631 3576 3686 animam
3605 3630 3821 3687 salvari

2163 3742 2196 3780 ιι
2249 3726 2383 3794 Deo,
2426 3740 2540 3778 non
2590 3722 2731 3777 item
2781 3737 3019 3792 corpus,
3069 3719 3486 3792 praedicabant.
3517 3718 3612 3774 Ait
3658 3735 3819 3791 ergo,

2161 3818 2323 3869 totus
2357 3811 2662 3878 Dominus,
2697 3815 2760 3865 ut
2792 3810 2891 3882 qui
2920 3811 3182 3865 animam
3216 3813 3274 3864 et
3303 3825 3520 3881 corpus
3552 3823 3821 3879 assump-

2162 3903 2258 3970 sit,
2294 3920 2401 3958 nos
2446 3906 2623 3971 totos,
2656 3899 2758 3972 qui
2812 3899 3013 3954 anima
3060 3903 3116 3954 et
3161 3914 3403 3970 corpore
3451 3901 3817 3964 constamus,

2161 3993 2356 4049 salvos
2388 3992 2541 4047 fecit.
2579 3991 2756 4044 Erant
2797 3988 2956 4044 enim
3000 3994 3142 4043 tunc
3174 3989 3232 4042 in
3265 4004 3460 4044 errore
3489 3987 3602 4043 isto
3631 3987 3820 4042 Simo-

2162 4082 2256 4137 nis
2286 4080 2584 4152 discipuli,
2618 4080 2701 4134 uti
2737 4080 2992 4133 lrenaeus
3022 4083 3081 4134 et
3109 4076 3460 4148 Hippolytus
3490 4074 3814 4131 declarant.

2159 4170 2492 4235 Quinetiam
2526 4168 2864 4239 Origenistaa
2914 4167 3119 4222 eadem
3159 4167 3371 4221 docent
3416 4181 3483 4220 ac
3529 4165 3814 4220 sentiunt.

2160 4255 2394 4335 Περιφύς
2442 4273 2577 4312 vero
2635 4256 2802 4323 dixit,
2849 4272 2954 4327 pro
3016 4252 3397 4330 περιπλακείς,
3446 4253 3507 4309 id
3557 4257 3650 4310 est
3692 4268 3814 4309 am-

2158 4349 2416 4419 plectem.

2237 4437 2501 4492 Videlicet
2547 4435 2728 4490 bonos.
2765 4433 2915 4489 Nota
2958 4450 3108 4504 quos
3162 4432 3384 4488 amicos
3415 4430 3574 4486 dicat
3602 4446 3816 4486 convo-

2157 4531 2350 4593 catos;
2401 4528 2535 4597 post
2585 4539 2774 4595 pauca
2803 4537 2936 4578 vero
2982 4520 3244 4593 intelligo
3290 4521 3400 4576 hos
3450 4533 3582 4576 esse
3630 4519 3815 4575 bonos

391 4616 630 4694 ἀγαθοὺς
677 4615 946 4692 ἀγγέλους
999 4616 1134 4671 εἶναι
1176 4615 1405 4678 τούτους
1451 4621 1589 4675 νοεῖ.
1641 4619 1782 4692 ’Ὸρα
1825 4615 1883 4673 δὲ
1930 4624 2045 4681 πῶς

2173 4616 2423 4688 angelos.
2449 4615 2598 4670 315
2622 4613 2767 4668 Vide
2799 4616 3003 4667 autem
3025 4610 3320 4682 quomodo
3351 4609 3462 4665 hoc
3486 4606 3812 4680 intelligat:

377 4712 502 4763 νοεῖ
563 4707 648 4777 τὸ,
709 4709 822 4762 Ἵνα
1006 4706 1222 4761 πάντων
1282 4704 1720 4784 εὐφραινομένων
1797 4710 1832 4776 ἡ
1917 4729 2044 4764 κατ-

384 4797 562 4854 οικία.

464 4885 541 4940 Σὺ
573 4883 652 4956 66,
687 4887 762 4947 ὡς
790 4885 858 4940 τὰ
901 4881 1206 4960 γράμματά
1252 4905 1348 4939 σου
1395 4881 1582 4954 δηλοῖ.
1619 4885 1696 4939 Σὺ
1742 4882 1820 4954 δὲ,
1855 4886 2040 4963 φησὶν,

384 4977 438 5030 ὦ
483 4973 792 5052 Δημόφιλε,
824 4974 913 5029 καὶ
942 4975 1034 5029 τὸν
1069 4974 1214 5049 ἱερὲα
1262 4967 1506 5049 ὕϐρισας,
1548 4973 1770 5029 εἰπόντα
1817 4973 2041 5042 ἐλεητὸν

382 5066 601 5139 [sinu],
630 5064 906 5119 τουτέστιν
954 5061 1141 5124 ἐλέους
1192 5059 1360 5132 ἄξιον,
1390 5063 1482 5117 τὸν
1535 5059 1702 5132 ἀσεϐῆ
1753 5064 1840 5118 καὶ
1881 5085 2042 5137 μετα-

378 5157 639 5209 νοοῦντα.
677 5158 833 5207 Δοκεῖ
867 5150 923 5207 δέ
957 5173 1054 5224 μοι
1087 5152 1114 5204 6
1147 5148 1470 5228 Δημόφιλος
1497 5147 1860 5226 πρεσϐύτερον
1893 5148 2044 5227 ὑϐρι-

376 5243 561 5298 κὲναι·
620 5241 749 5304 τοὺς
795 5241 896 5316 γὰρ
955 5241 1130 5315 ἱερέας
1179 5234 1582 5315 πρεσϐυτέρους
1633 5238 1792 5305 εἷ’ωθε
1828 5239 2040 5313 καλεῖν,

380 5331 465 5394 ὡς
521 5329 572 5386 ὲν
630 5334 709 5403 τῷ
745 5329 888 5405 ’Περὶ
944 5331 1044 5399 τῆς
1089 5325 1550 5398 ἐκκλησιαστικῆς
1606 5329 1889 5406 ἱεραρχίας
1929 5327 2044 5386 διε-

455 5473 538 5546 (h)
570 5473 739 5528 Rom.
769 5487 810 5539 ι,
844 5471 954 5526 1-3.
1037 5470 1100 5540 (i)
1130 5468 1301 5526 Deut.
1333 5485 1474 5538 xm,
1506 5469 1560 5524 4.

2161 4707 2221 4763 Ut
2251 4707 2324 4761 sit
2353 4705 2601 4760 omnium
2631 4703 2949 4760 lmtantium
2979 4701 3274 4756 habitatio.

2226 4887 2300 4940 Tu
2327 4901 2477 4950 vero,
2508 4892 2571 4940 ut
2601 4893 2714 4940 tua?
2758 4885 2964 4938 litterae
3004 4879 3308 4936 declarant.
3341 4879 3430 4934 Tu
3461 4882 3684 4947 autem,
3717 4876 3807 4931 in-

2153 4975 2300 5046 quit,
2343 4991 2375 5028 o
2425 4973 2784 5044 Demophile,
2814 4971 2990 5028 etiam
3047 4968 3335 5025 sacerdoti
3386 4965 3809 5023 contumeliam

2153 5065 2363 5130 iecisti,
2389 5065 2543 5134 quod
2577 5063 2798 5117 diceret
2826 5060 3253 5124 miserandum,
3275 5058 3334 5112 id
3366 5063 3456 5113 est
3486 5056 3812 5112 misericor-

2152 5153 2249 5208 dia
2265 5153 2509 5224 dignum
2527 5167 2657 5206 esse
2680 5150 2926 5222 impium
2945 5165 3011 5204 ac
3030 5147 3430 5220 pcenitentem.
3451 5145 3594 5201 Mihi
3611 5149 3809 5201 autem

2150 5244 2380 5299 videtur
2401 5239 2786 5311 Demophilus
2808 5239 3151 5310 presbytero
3183 5236 3466 5307 injuriam
3496 5233 3808 5302 intulisse;

2151 5331 2301 5390 solet
2348 5330 2506 5388 enim
2557 5328 2931 5401 presbyteros
2979 5341 3186 5383 vocare
3234 5325 3587 5392 sacerdotes,
3621 5322 3707 5380 uti
3747 5320 3810 5378 in

1381 5617 1623 5675 VARIE
1662 5619 2061 5680 LECTIONES
2099 5619 2190 5678 ET
2228 5617 2794 5678 CORRECTIONES.

457 5723 505 5760 ⁵⁸
535 5717 850 5800 ἀνεγείρειν.
927 5719 971 5759 ⁸⁷
1001 5719 1132 5775 νοεῖ.
