4106 6398
389 363 496 418 547

1223 367 1587 421 APPENDIX
1625 369 1720 420 AD
1757 365 1996 419 OPERA
2035 365 2094 416 S.
2137 361 2451 420 DIONYSII
2493 362 2993 419 AREOPAGITE.

3688 369 3782 426 548

389 489 766 544 Ecclesiastica
825 489 1145 544 hierarchz'a
1203 490 1357 544 clare
1406 489 1628 544 docuit.
1662 488 1811 554 Quin
1866 485 2037 540 etiam

2165 487 2417 558 εράνωσε.
2454 488 2550 542 Καὶ
2597 485 2815 540 ἐνεαῦθα
2868 483 2926 540 δὲ
2983 484 3117 556 μετά
3151 485 3364 559 βραχέα
3416 486 3701 545 ὑποκατιῶν
3727 493 3783 548 τὸ

390 576 488 632 hic
521 577 696 646 infra,
729 577 904 650 paulo
948 583 1081 650 post
1111 580 1314 634 eodem
1349 579 1522 634 modo
1553 576 1867 632 dictionem
1901 573 2052 628 hanc

391 665 692 738 intelligit.
716 667 1088 723 Constructio
1126 672 1320 722 autem
1353 667 1473 721 haec
1505 670 1595 720 est
1624 681 1727 736 per
1756 663 2049 734 trajectio-

391 771 524 811 nem
542 756 697 827 (cum
719 757 824 827 ait)
846 773 858 811 :
879 756 1246 812 Convitiatus
1263 773 1325 811 es
1344 756 1707 811 sacerdotem
1722 753 2051 825 justiﬁcan-

397 850 546 915 tem,
568 846 650 899 uti
685 849 740 899 et
773 843 918 899 illud
953 863 966 900 :
1010 844 1260 916 impium
1309 844 1714 900 miserandum
1763 857 1914 906 esse,
1947 857 2050 896 seu

391 933 806 990 misericordia
842 934 1109 1006 dignum.

461 1023 665 1078 Sancta
705 1028 1029 1078 sanctorum
1080 1023 1377 1079 sustulisti.
1409 1021 1717 1078 Sustulisti
1769 1037 1873 1094 pro
1920 1018 2048 1073 vili-

391 1112 647 1183 pendisti
679 1117 735 1166 et
765 1111 1126 1179 extenuasti;
1159 1111 1250 1166 vel
1287 1112 1335 1167 si
1368 1112 1476 1167 hoc
1509 1129 1649 1180 non,
1681 1117 1879 1165 tamen
1913 1125 2049 1164 sus-

389 1200 599 1269 tulisti,
647 1217 752 1273 pro
803 1201 1245 1266 contemerasti,
1297 1202 1468 1273 quasi
1524 1201 1716 1256 dicat:
1751 1199 2049 1264 Quodam-

392 1289 568 1344 modo
618 1289 942 1360 abstulisti,
976 1294 1033 1346 et
1079 1306 1109 1344 e
1158 1290 1414 1347 sacrario
1463 1290 1831 1360 tulisti,cum
1885 1288 1942 1343 id
1993 1291 2052 1341 et

389 1377 651 1433 diaconis
681 1383 740 1434 et
770 1379 1132 1451 presbyteris
1163 1379 1286 1450 lege
1315 1381 1560 1434 vetitum
1593 1379 1692 1448 sit,
1717 1396 1844 1450 quae
1867 1377 2049 1440 dicit;

386 1469 452 1522 Et
479 1467 787 1522 sacerdotes
834 1469 1091 1523 vetabunt
1123 1474 1337 1531 sancta.
1368 1471 1450 1523 uti
1478 1469 1654 1524 etiam
1706 1469 1921 1540 pagina
1955 1483 2049 1522 se-

389 1557 590 1628 quenti
624 1557 723 1612 ait.

455 1647 619 1717 Ne/as
648 1647 1014 1702 sacerdotem.
1049 1647 1338 1710 Quoniam
1373 1665 1486 1702 non
1519 1652 1746 1720 oportet
1777 1646 2052 1702 sacerdo-

387 1738 532 1800 tem,
591 1735 726 1790 hcet
793 1742 1154 1806 peccantem,
1214 1754 1247 1792 a
1305 1738 1550 1792 diacono
1612 1736 1699 1792 vel
1760 1735 2047 1792 monacho

2161 572 2447 648 είρημένον
2505 596 2597 646 μοι
2647 574 2948 644 συνίστησι.
2984 575 3115 638 Καθ’
3173 568 3472 649 ὑπερϐατὸν
3520 573 3574 631 δὲ
3609 577 3644 652 ᾗ
3675 579 3784 634 συν-

2156 662 2330 731 ταξις,
2381 659 2628 738 Ὕϐριζες
2678 665 2770 718 τὸν
2823 663 2969 739 ἱερέα
3018 660 3384 717 δικαιώσαντα
3435 663 3522 718 καὶ
3570 667 3649 735 τὸ,
3701 670 3785 724 τὸν

2158 746 2324 821 ἀσεϐῆ
2359 750 2580 821 ἐλεητὸν
2619 751 2882 828 ὑπάρχειν
2915 750 3086 826 ἤγουν
3124 750 3308 814 ἐλέους
3340 749 3505 824 ἄξιον.

2231 1021 2314 1079 Τὰ
2365 1023 2529 1096 ’Ἀγια
2601 1025 2706 1074 τῶν
2767 1020 2935 1095 ἁγίων
3007 1018 3355 1082 συνέστειλας
3387 1062 3399 1076 -
3464 1020 3796 1089 Συνὲστειλας

2161 1111 2276 1168 ἀντὶ
2321 1115 2418 1166 τοῦ
2468 1109 2854 1177 έταπείνωσας,
2905 1111 2989 1164 καὶ
3045 1108 3400 1184 έσμίκρυναςο
3429 1110 3465 1178 ἢ
3517 1110 3578 1165 οὐ
3623 1117 3792 1185 τοῦτο,

2161 1198 2305 1254 ἀλλὰ
2337 1197 2694 1269 συνέστειλας,
2727 1199 2843 1253 ἀντὶ
2872 1203 2970 1253 τοῦ
3001 1199 3254 1269 σδνῆξας,
3291 1199 3369 1262 ὡς
3399 1197 3795 1274 εἴρηται,οἷ¹ονεῖ

2160 1290 2385 1364 ἐπῆρας,
2435 1287 2494 1343 ἐκ
2539 1290 2636 1344 τοῦ
2687 1288 3073 1362 θυσιαστηρίου
3131 1288 3424 1364 βαστάσας,
3468 1289 3641 1344 καίτοι
3691 1287 3796 1346 δια-

2159 1381 2330 1436 κόνων
2381 1378 2471 1433 καὶ
2525 1372 2904 1453 πρεσϐυτέρων
2960 1381 3124 1432 τοῦτο
3176 1382 3353 1432 ποιεῖν
3413 1376 3798 1454 ἐπιτετραμμέ-

2157 1492 2264 1524 νων
2295 1473 2391 1524 τοῦ
2416 1467 2590 1540 νόμου
2622 1466 2902 1540 λέγοντος·
2938 1467 3043 1522 Καὶ
3093 1468 3256 1541 ἱερεῖς
3312 1464 3690 1542 περιπελοῦσι
3736 1467 3800 1523 τὰ

2160 1562 2308 1635 ἅγια,
2341 1560 2414 1620 ὡς
2449 1556 2538 1612 καὶ
2571 1557 2616 1611 ἐκ
2654 1553 2733 1628 τῷ
2767 1555 2888 1629 ἑξῆς
2919 1555 3119 1634 φύλλῳ
3150 1556 3332 1634 φησίν.

2229 1648 2300 1702 Οὐ
2347 1648 2565 1720 θεμιτὸν
2627 1645 2791 1720 ἱερέα.
2841 1649 2964 1704 ’Ὁτι
3018 1647 3082 1701 οὐ
3145 1643 3227 1700 δεῖ
3273 1641 3661 1722 πρεσϐύτερον,
3708 1645 3796 1700 κᾶν

2157 1738 2460 1813 ἁμαρτάνῃ,
2495 1736 2598 1791 ὑπὸ
2648 1734 2902 1790 διακόνου
2952 1737 2986 1806 ἢ
3024 1737 3358 1807 μονάζοντος
3403 1734 3709 1799 εὐθύνεσθαι
3736 1738 3797 1807 ⁵⁸,

384 1821 625 1893 corrigi,
659 1825 880 1878 nedum
913 1841 947 1879 a
977 1823 1167 1894 laicis,
1221 1827 1544 1897 praesertim
1598 1830 1759 1881 extra
1809 1825 2039 1880 electio-

2165 1830 2234 1900 μή
2267 1829 2317 1881 τί
2350 1849 2411 1900 γε
2464 1827 2566 1880 ὑπὸ
2619 1824 2849 1890 λαϊκῶν,
2890 1829 3059 1878 ταῦτα
3110 1821 3167 1878 δὲ
3199 1821 3334 1900 δίχα
3364 1824 3640 1899 αἱρέσεως·
3677 1824 3797 1900 ὑπὲρ

384 1927 550 1977 nem;
598 1928 734 1966 nam
791 1917 881 1967 est
933 1930 1113 1984 supra
1163 1915 1426 1970 ordinem
1483 1915 1929 1980 monachorum,
1961 1930 2050 1998 vel

383 1999 795 2056 ministrorum
846 2017 949 2056 seu
994 2002 1396 2059 diaconorum.
1432 2004 1595 2067 Quod
1631 2021 1766 2060 cum
1813 2005 1896 2060 ita
1947 2002 2047 2089 sit,

382 2087 570 2143 multo
620 2090 816 2160 majus
868 2091 1031 2147 nefas
1065 2091 1142 2146 sit
1185 2093 1529 2165 episcopum
1563 2110 1597 2148 a
1626 2093 1904 2166 qu0piam
1953 2087 2047 2148 in?

382 2193 600 2232 CUSRI‘I.

455 2266 769 2324 Sacerdotes
809 2275 997 2324 autem
1045 2271 1242 2339 angeli
1287 2277 1436 2326 sunt.
1473 2272 1620 2328 Nota
1664 2272 1816 2342 quod
1867 2271 2043 2327 etiam

380 2356 720 2411 sacerdotes
751 2358 942 2428 angeli
967 2363 1026 2412 et
1058 2359 1433 2432 interpretes,
1462 2361 1520 2415 id
1547 2366 1635 2416 est
1658 2366 2044 2433 praeceptores

378 2443 1103 2514 divinorumjudiciorum
1150 2448 1270 2503 sint
1318 2454 1451 2520 post
1498 2451 1833 2522 episcopos;
1865 2455 1922 2506 et
1951 2456 2040 2510 vel

375 2531 515 2587 hinc
550 2533 803 2590 maxime
834 2540 1016 2607 patet,
1053 2537 1376 2608 Epistolam
1419 2539 1570 2594 hanc
1601 2541 1881 2611 scriptam
1913 2557 2042 2596 esse

376 2622 448 2675 de
500 2623 854 2694 presbytero,
903 2625 1003 2696 qui
1054 2643 1086 2680 a
1137 2628 1427 2682 monacho
1478 2629 1948 2700 persecutionem
1982 2633 2040 2685 et

373 2709 654 2780 injuriam
689 2727 902 2781 passus
935 2713 1142 2768 fuerat.

440 2797 806 2854 Mediantibus
833 2802 1130 2857 ministris.
1166 2803 1315 2882 Nota
1361 2806 1515 2877 quod
1550 2805 1647 2876 qui
1681 2822 1772 2862 res
1805 2807 2037 2862 divinas

371 2903 405 2941 a
436 2887 794 2960 presbyteris
835 2891 984 2946 scire
1017 2892 1241 2958 volunt,
1279 2911 1391 2949 non
1443 2912 1546 2966 per
1597 2912 1657 2950 se
1709 2895 1818 2950 hoc
1867 2913 2037 2968 agere

371 2977 646 3046 debeant,
694 2979 924 3034 tametsi
977 2981 1248 3036 monachi
1301 2984 1442 3052 sint,
1479 2984 1580 3039 sed
1632 2984 2035 3040 mediantibus

372 3065 663 3134 diaconis;
699 3067 872 3138 idque
901 3071 1138 3139 quando
1185 3075 1419 3144 tempus
1460 3073 1715 3128 adfuerit
1745 3079 2033 3145 opportu-

377 3170 543 3209 num.

439 3248 554 3298 Per
597 3259 729 3315 quos
779 3246 946 3301 etiam
985 3249 1045 3301 ul
1092 3264 1253 3304 esses.
1307 3249 1380 3304 Ut
1426 3249 1685 3306 diximus
1734 3267 1916 3323 supra
1972 3253 2028 3306 in
2064 3230 2106 3298 ο

364 3332 746 3389 Ecclesiastica
811 3337 1148 3404 hierarchia,
1211 3339 1400 3410 capite
1468 3340 1540 3394 de
1592 3341 2029 3396 consecratione

367 3422 815 3493 monachorum,
850 3442 883 3479 a
927 3428 1338 3483 sacerdotibus
1388 3428 1534 3500 ipsis
1583 3430 1710 3485 dari
1759 3430 2029 3486 habitum

369 3511 811 3568 monachicum.
847 3581 850 3584 ,

439 3601 752 3656 Distinctio.
787 3602 921 3674 Agit
963 3604 1032 3657 de
1082 3605 1496 3662 ecclesiasticis
1528 3609 2028 3676 distinctionibus,

369 3692 428 3742 et
457 3690 615 3759 quod
662 3691 740 3745 sit
787 3691 1182 3749 ministerium
1230 3697 1651 3753 monachorum
1690 3717 1703 3755 :
1737 3699 2030 3768 siquidem

370 3775 478 3831 hos
507 3777 762 3833 cultores
795 3786 978 3836 vocat.
1015 3781 1145 3838 Haec
1172 3785 1348 3840 etiam
1381 3787 1562 3841 tradit
1613 3787 1672 3841 in
1727 3787 2028 3842 Ecclesias-

367 3868 486 3920 tica
517 3865 857 3925 hierarchia.

444 3955 600 4010 ³16
632 3957 935 4029 Adytorum
963 3968 1158 4030 postes.
1209 3963 1482 4020 Diaconis
1531 3965 1691 4020 enim
1748 3964 2033 4020 attributa

367 4049 460 4098 est
492 4051 794 4115 portarum
827 4048 1090 4106 ecclesiae
1133 4053 1424 4121 custodia,
1457 4059 1523 4108 ut
1553 4052 1610 4107 in
1645 4052 2030 4109 Eeclesiastica

369 4133 708 4201 luerarchia,
739 4139 929 4209 capite
972 4140 1051 4195 De
1081 4143 1624 4198 consecrationibus
1656 4143 2029 4200 sacerdotali-

369 4222 503 4292 bus,
537 4225 712 4294 paulo
744 4238 876 4298 post
905 4228 1142 4285 initium
1175 4230 1384 4302 capitis
1413 4232 1613 4288 tradit.

437 4404 770 4461 Divinarum
815 4409 1269 4467 velamentorum.
1327 4411 1612 4478 Quoniam
1666 4413 1842 4469 etiam
1897 4419 2024 4472 tum

364 4491 696 4550 velamenta
726 4502 892 4553 erant
923 4498 1145 4554 circum
1179 4499 1388 4557 altare.

2157 1917 2261 1992 γὰρ
2291 1919 2390 1986 τήν
2421 1914 2564 1987 τάξιν
2597 1919 2704 1969 τῶν
2761 1918 3043 1988 μοναχῶν,
3075 1913 3111 1982 ἢ
3141 1917 3252 1967 τῶν
3303 1911 3638 1988 λειτουργῶν
3683 1910 3799 1982 ἤτοι

2159 2004 2444 2060 διακόνων.
2480 2003 2583 2060 Καὶ
2633 2003 2679 2057 εἷ’
2705 2007 2892 2072 τοῦτο,
2924 2000 3125 2075 πολλῷ
3172 2000 3392 2076 μᾶλλον
3440 1999 3571 2058 οὐδὲ
3598 2001 3800 2057 ἐπίσκο-

2157 2117 2257 2150 πον
2287 2099 2711 2169 κατηγορεῖσθαι
2741 2094 2898 2166 θέμις
2932 2091 3034 2148 ὑπό
3065 2112 3238 2154 τινος.

2227 2276 2293 2331 Οἱ
2353 2271 2410 2328 δὲ
2458 2274 2620 2345 ἱερεῖς
2679 2269 2927 2346 ἄγγελοι.
2991 2269 3312 2343 Σημείωσαι
3373 2269 3466 2324 ὅτι
3514 2269 3605 2324 καὶ
3651 2270 3801 2341 ἱερεῖς

2153 2359 2376 2437 ἄγγελοι
2407 2361 2496 2416 καὶ
2531 2361 2829 2434 ὑποφῆται,
2861 2358 3105 2415 τουτέστι
3139 2356 3467 2415 διδάσκαλοι
3506 2363 3614 2414 τῶν
3653 2358 3799 2413 θείων

2151 2449 2428 2525 κριμᾶτων
2465 2449 2567 2505 εἰσί
2613 2453 2747 2522 μετὰ
2790 2449 2916 2513 τοὺς
2950 2449 3232 2524 ἱεράρχαςο
3274 2448 3364 2504 καὶ
3405 2448 3489 2504 ὅτι
3517 2447 3639 2525 περὶ
3684 2467 3802 2523 πρε-

2152 2535 2413 2616 σϐυτέρου
2446 2538 2778 2614 διωχθέντος
2825 2537 2917 2592 καὶ
2972 2532 3322 2610 ὑϐρισθέντος
3349 2538 3507 2612 παρᾶ
3556 2537 3801 2610 μονάζον-

2147 2649 2239 2691 τος
2272 2632 2305 2697 ἡ
2339 2627 2602 2697 ἐπιστολή
2637 2627 2864 2704 ἐγράφη,
2899 2626 3137 2690 ἐντεῦθεν
3177 2625 3425 2699 μάλιστα
3456 2623 3735 2697 δηλοῦται.

2221 2807 2317 2862 Διά
2370 2806 2546 2880 μέσων
2593 2811 2699 2861 τῶν
2754 2805 3107 2881 λειτουργῶν.
3153 2805 3493 2878 Σημείωσαι
3539 2805 3620 2859 δτι
3668 2803 3717 2858 οἱ
3743 2803 3804 2858 τὰ

2148 2903 2264 2959 θεῖα
2323 2901 2608 2966 ζητοῦντες
2661 2895 2807 2968 παρᾶ
2865 2890 3245 2969 πρεσϐυτέρων
3322 2894 3548 2967 μαθεῖν,
3625 2890 3682 2947 οὗ
3739 2888 3802 2946 δι’

2144 2986 2345 3040 ἑαυτῶν
2379 2989 2540 3040 10510
2591 2985 2852 3059 πράττειν
2903 2983 3210 3058 ὀφείλουσι,
3243 2979 3340 3036 κᾶν
3397 2981 3684 3059 ὑπάρχωσι
3715 3001 3804 3053 μο-

2141 3073 2324 3149 ναχοί,
2358 3071 2502 3128 ἀλλᾶ
2534 3070 2622 3128 διὰ
2655 3073 2832 3144 μέσων
2856 3069 3146 3138 διακόνων,
3168 3070 3258 3125 καὶ
3288 3073 3468 3126 τοῖὶτο
3499 3070 3622 3126 ὅταν
3646 3065 3800 3146 ἁρμό-

2147 3161 2264 3225 διος
2294 3167 2442 3236 παρῇ
2474 3161 2685 3235 καιρός.

2219 3253 2296 3305 Δι’
2343 3253 2414 3305 ὧν
2473 3250 2561 3305 καὶ
2609 3251 2671 3304 τὸ
2715 3252 2873 3306 εἶναι.
2925 3252 3130 3324 ’Ὠσπερ
3181 3248 3415 3323 εἴπομεν
3467 3247 3574 3304 ἄνω
3623 3247 3673 3303 ἐν
3722 3249 3788 3320 τῇ

2142 3340 2602 3413 Ἐκκλησιαστικῇ
2683 3337 2960 3414 ἱεραρχίᾳ,
3019 3337 3072 3392 ἐν
3149 3336 3229 3410 τῷ
3297 3339 3429 3414 περὶ
3493 3341 3787 3412 μοναχικῆς

2137 3431 2474 3491 τελειώσεως
2508 3426 2813 3506 κεφαλαίῳ,
2847 3425 2936 3480 διὰ
2966 3420 3350 3502 πρεσϐυτέρων
3378 3427 3569 3490 αὐτοῖς
3599 3423 3789 3480 δίδοται

2135 3521 2200 3574 τὸ
2237 3519 2539 3593 μοναχικὸν
2569 3523 2676 3593 σχῆ
2690 3536 2784 3589 μα.

2208 3610 2270 3664 Ἣ
2331 3606 2694 3680 διακόσμησις
2729 3648 2741 3660 .
2803 3604 2933 3678 Περὶ
2992 3608 3098 3658 τῶν
3160 3601 3632 3676 έκκλησιαστικῶν
3691 3600 3792 3656 δια-

2137 3699 2382 3768 κόσμιον,
2407 3697 2493 3750 καὶ
2526 3696 2606 3756 τίς
2637 3697 2670 3764 ἡ
2703 3699 2808 3748 τῶν
2848 3694 3195 3766 μοναζόντων
3231 3693 3576 3770 λειτουργίαν
3605 3689 3789 3751 αὐτοὺς

2136 3787 2236 3860 γὰρ
2281 3784 2440 3840 καλεῖ
2489 3785 2837 3858 θεραπευτάς.
2889 3787 3065 3837 Ταῦτα
3107 3782 3196 3837 καὶ
3243 3781 3294 3837 ἐν
3350 3786 3422 3858 τῇ
3475 3780 3787 3851 Ἐκκλησια-

2138 3878 2293 3947 στικῇ
2326 3872 2584 3948 ἱεραρχία
2611 3873 2795 3949 φησίν.

2214 3965 2278 4017 Ai
2337 3961 2505 4016 πύλαι
2554 3967 2661 4016 τῶν
2719 3959 2950 4017 ἀδύτων.
3007 3961 3287 4022 Διακόνοις
3341 3961 3448 4038 γὰρ
3501 3964 3537 4031 ἡ
3585 3957 3788 4038 φυλακή

2135 4057 2240 4106 τῶν
2295 4060 2394 4121 τῆς
2459 4049 2786 4120 Ἐκκλησίας
2846 4047 3036 4104 πυλῶν
3099 4049 3434 4127 ἀφώρισται,
3497 4050 3572 4112 ὡς
3624 4047 3674 4103 ἐν
3729 4044 3793 4116 τῇ

2138 4140 2598 4214 Ἐκκλησιαστικῇ
2647 4137 2929 4215 ἱεραρχίᾳ,
2963 4137 3014 4193 ἐν
3065 4143 3144 4210 τῷ
3175 4138 3300 4210 περὶ
3349 4144 3462 4193 τῶν
3507 4138 3786 4214 ἱερατικῶν

2135 4229 2468 4286 τελειώσεων
2500 4228 2784 4306 κεφαλαίῳ
2816 4227 2974 4306 φησὶ,
3010 4228 3123 4300 μετ’
3157 4225 3320 4301 ὀλίγα
3348 4235 3456 4298 τῆς
3495 4228 3675 4302 ἀρχῆς
3701 4225 3792 4279 τοῦ

2134 4319 2456 4398 κεφαλαίου.

2207 4412 2330 4466 Τῶν
2389 4408 2544 4462 θείων
2606 4405 3135 4482 παραπετασμάτων.
3199 4405 3322 4460 ’Ότι
3381 4405 3478 4461 καὶ
3529 4403 3654 4460 τότε
3693 4420 3794 4458 πα-

2135 4499 2521 4574 ραπετάσματα
2550 4497 2615 4565 ἧν
2645 4495 2772 4568 περὶ
2802 4496 2864 4549 τὸ
2897 4495 3305 4567 θυσιαστήριον.

435 4582 617 4654 Neque
645 4586 949 4657 quidquam
995 4588 1196 4645 habeas
1235 4606 1425 4646 eorum
1455 4606 1576 4661 qua?
1605 4592 1819 4647 decent.
1853 4592 2024 4666 Nota,

2205 4586 2340 4642 Οὔτε
2391 4586 2536 4662 ἔχεις
2585 4607 2636 4640 τι
2690 4589 2798 4640 τῶν
2849 4582 3266 4659 προσηκόντων.
3330 4583 3661 4658 Σημείωσαι
3713 4576 3788 4634 ὅτι

365 4670 651 4740 quoniam
683 4679 894 4744 praeter
924 4677 1192 4734 ordinem
1223 4681 1280 4734 et
1310 4695 1507 4735 sacros
1535 4680 1704 4748 ritus,
1729 4681 1788 4736 in
1821 4688 2024 4739 sancta

365 4757 678 4829 involarat,
711 4762 857 4819 nihil
889 4780 958 4820 ex
990 4765 1131 4831 illis,
1165 4783 1355 4838 neque
1385 4769 1600 4841 videre,
1634 4787 1822 4842 neque
1852 4771 2022 4827 audi-

367 4864 449 4919 re,
482 4864 675 4921 neque
725 4853 940 4912 habere
989 4856 1282 4927 credatur,
1314 4860 1552 4914 tametsi
1607 4863 1878 4920 manibus
1923 4864 2024 4921 illa

363 4942 776 4998 contrectaret.

437 5028 831 5099 Praesumeret,
873 5032 1097 5101 nedum,
1129 5037 1220 5088 etc
1274 5033 1781 5113 Subaudiendum,
1814 5044 2022 5101 merito

364 5115 698 5190 puniretur,
731 5121 1243 5190 quemadmodum
1275 5127 1332 5180 et
1361 5124 1477 5183 hic.

437 5207 664 5275 Quando
692 5209 818 5279 quis
863 5211 1076 5280 majora
1123 5213 1340 5268 meritis
1387 5219 1700 5275 attentaret.
1731 5221 2018 5285 Quoniam

365 5293 414 5347 si
448 5295 584 5367 quis
611 5295 792 5350 etiam
821 5311 890 5352 ea
936 5313 1064 5368 quia
1097 5306 1490 5360 consentanea
1520 5317 1656 5364 sunt
1688 5309 1885 5380 faciat,
1916 5313 2020 5370 sed

367 5387 576 5454 praeter
604 5383 879 5526 lordinem
911 5391 967 5442 et
997 5387 1363 5465 dignitatem,
1396 5393 1491 5450 hic
1539 5400 1738 5454 tamen
1763 5401 1864 5471 jus
1895 5402 2020 5458 fas-

369 5485 481 5526 συθ
510 5471 600 5526 vio
627 5478 704 5526 at.

369 5485 481 5542 que
510 5471 704 5529 violat.

2136 4681 2162 4734 ὁ
2193 4677 2434 4738 ἀτάκτως
2466 4677 2555 4731 καὶ
2607 4674 2754 4749 παρᾶ
2796 4672 2924 4737 τοὺς
2967 4672 3148 4747 ἱεροὺς
3181 4671 3422 4746 θεσμοὺς
3469 4677 3593 4734 τοῖς
3623 4670 3792 4746 ἁγίοις

2133 4764 2500 4838 ἐπεισπηδῶν,
2534 4763 2686 4820 οὐδὲν
2721 4764 2770 4837 ἐξ
2802 4763 2978 4818 αὐτῶν
3009 4759 3134 4821 οὔτε
3166 4758 3327 4834 ’ἴδεῖν,
3367 4759 3499 4818 οὔτε
3549 4761 3790 4826 ἀκοῦσαι,

2134 4856 2256 4912 οὔτε
2285 4855 2432 4932 ἔχειν
2482 4855 2814 4927 πιστεύεται,
2846 4853 2890 4907 εἷ
2922 4851 3013 4906 καὶ
3050 4856 3172 4914 ταῖς
3206 4852 3399 4928 χερσὶν
3429 4851 3614 4909 αὐτῶν
3648 4850 3796 4905 ἅπτει

2130 4968 2240 5004 ται.

2203 5035 2562 5110 Ἐτόλμησενσ
2615 5033 2768 5089 οὕπω
2819 5030 2944 5108 γάρ·
2998 5031 3143 5086 Κατὰ
3187 5034 3380 5087 κοινοῦ
3429 5033 3496 5088 τὸ
3542 5027 3791 5089 Ἐνδίκως

2129 5127 2474 5202 ἐτιμωρεῖτο,
2506 5124 2701 5178 ὡσανεὶ
2728 5123 2818 5177 καὶ
2849 5121 3030 5183 οὗτος.

2199 5219 2360 5270 Ὅταν
2407 5215 2540 5290 ὑπερ
2589 5213 2736 5283 ἀξίαν
2787 5233 2870 5274 τις
2916 5209 3207 5285 ἰγχειρῶν.
3266 5210 3419 5281 "011,
3477 5211 3527 5266 ei
3583 5209 3675 5264 καὶ
3717 5203 3782 5261 τὰ

2130 5306 2314 5362 εἲκότα
2357 5327 2442 5367 τις
2490 5307 2660 5373 ποιεῖ,
2709 5321 2856 5377 παρα
2902 5301 3002 5371 τὴν
3054 5297 3257 5355 οἰκείαν
3307 5295 3369 5355 δὲ
3423 5299 3576 5372 τάξιν
3617 5292 3785 5353 τεκαὶ

2129 5399 2298 5471 ἀξίαν,
2321 5395 2410 5452 καὶ
2444 5396 2598 5457 οὗτος
2627 5394 2689 5448 τὸ
2721 5391 2936 5468 ἐφικτὸν
2973 5383 3311 5466 ὑπερϐαίνει.

1361 5581 1606 5643 νΑΒΙιιε
1653 5588 2046 5650 LECTIONES
2084 5592 2174 5649 ET
2213 5585 2780 5648 CORREGTIONES.

440 5656 486 5697 ⁸⁸
511 5663 950 5738 κατηγορεῖσθαι.
