4106 6390
351 407 464 464 549

1311 414 1370 467 S.
1411 413 1681 467 ΜΔΧΙΜΙ
1724 413 2032 468 SCHOLIA
2069 416 2144 467 IN
2183 417 2337 468 EPP.
2381 419 2436 470 S.
2479 418 2813 473 DIONYSII.

3674 422 3785 478 550

432 533 693 607 Δαίμονες
745 532 966 605 ἀληθῶς
1017 533 1423 612 θεολογοῦντες.
1472 536 1603 611 Περὶ
1649 540 1758 592 τῶν
1811 535 2006 599 θεολο-

2195 543 2472 599 Daemones
2513 559 2636 600 vere
2682 545 2852 600 Deum
2897 545 3232 616 proﬁtentes.
3286 552 3366 604 De
3414 548 3784 608 daemonibus

353 625 603 702 γούντων
634 627 724 682 τὸν
759 627 971 699 Ἰησοῦν
1005 624 1309 686 δαιμόνων.

432 713 592 772 Ἀλλ’
621 714 975 792 ἐκκήρυκτος.
1007 719 1134 775 "O1:
1163 716 1497 795 ἐκκήρυκτος
1524 722 1593 794 τῇ
1627 717 1888 794 θεολογίᾳ
1915 724 2018 781 πᾶς

355 801 923 882 ἀλλοτριεπίσκοπος.

435 984 535 1038 Καὶ
593 985 645 1039 oi
696 985 858 1060 ἱερεῖς
907 984 1366 1061 περιστέλλουσι.
1415 985 1572 1048 Τίνες
1627 987 1870 1060 συνάγειν
1929 984 2017 1040 καὶ

359 1071 602 1149 ἐπαίρειν
667 1071 920 1130 δύνανται
978 1077 1047 1130 τὰ
1103 1077 1254 1152 ἅγια,
1309 1073 1400 1130 καὶ
1461 1075 1543 1129 6'1:
1594 1074 1656 1129 οὐ
1704 1079 1864 1129 πᾶσιν
1898 1073 2018 1152 ἐφι-

358 1163 509 1221 κτόν.

432 1253 540 1309 Καὶ
570 1253 800 1329 Μαριὰμ
841 1252 1158 1330 λεπροῦται.
1213 1253 1530 1328 Σημείωσαι
1581 1255 1680 1324 τὴν
1732 1254 1907 1309 αἰτίαν
1951 1250 2020 1307 δι’

359 1344 424 1412 ἣν
459 1341 750 1418 ἐλεπρώθη
785 1343 972 1418 Μαρία
1003 1346 1036 1414 ἡ
1069 1348 1166 1398 τοῦ
1201 1342 1483 1407 Μωυσέως
1510 1342 1748 1422 ἀδελφή.

432 1432 537 1488 Καὶ
567 1431 656 1488 ἐπὶ
685 1432 814 1497 τοὺς
843 1438 1018 1488 Σκευᾶ
1069 1433 1243 1496 υἱούς.
1295 1434 1420 1492 Ἐπὶ
1467 1433 1597 1497 τοὺς
1643 1432 1795 1495 υἱοὺς
1839 1429 1896 1488 δὲ
1923 1436 2020 1487 τοῦ

360 1526 539 1576 Σκευᾶ
566 1522 633 1576 τὰ
664 1519 917 1594 δαιμόνια
947 1522 1213 1597 ἐφήλατο,
1243 1525 1326 1578 ὅτι
1370 1526 1510 1597 μήτε
1557 1524 1899 1584 πιστεύοντες
1943 1522 2020 1583 εἷς

358 1611 616 1686 Χριστὸν,
653 1614 794 1685 μήτε
845 1613 1369 1688 κεχειροτονημένοι
1419 1610 1711 1687 ἐξώρκιζον
1750 1611 1876 1674 τοὺς
1911 1608 2022 1666 δαί-

362 1722 556 1773 μονας,
617 1699 751 1778 ὅπερ
804 1707 922 1763 τοῖς
981 1701 1356 1772 έπιορκισταῖς
1418 1701 1608 1774 μόνοις
1669 1701 1889 1775 θεμιτὸν
1934 1699 2017 1766 ἦν.

355 1791 538 1845 Τοῦτο
570 1788 622 1844 έν
653 1795 773 1851 ταῖς
807 1791 1033 1866 Πράξεσι
1063 1795 1172 1844 τῶν
1205 1789 1528 1846 ἀποστόλων
1563 1795 1759 1846 κεῖται.

433 1877 577 1935 Οὐδὲ
631 1878 698 1934 τὰ
769 1876 949 1934 δίκαια
1027 1881 1104 1954 μή
1163 1881 1280 1934 κατ’
1335 1879 1480 1950 ἀξίαν
1519 1921 1532 1934 .
1593 1878 1911 1952 Σημείωσσι
1968 1875 2020 1932 τί

358 1966 498 2025 ἐστι.
549 1968 783 2030 Δικαίως
833 1967 1080 2038 διώξεται
1128 1968 1192 2023 τὸ
1244 1966 1476 2038 δίκαιον,
1511 1967 1542 2024 6'
1585 1989 1719 2047 φησι
1762 1969 2018 2040 Μωϋσῆς,

355 2056 450 2111 καὶ
484 2055 568 2113 6'1:
596 2055 724 2113 οὐδὲ
754 2060 822 2112 τὰ
853 2055 1038 2113 δίκαια
1070 2058 1290 2132 θεμιτὸν
1327 2059 1403 2132 μὴ
1436 2060 1550 2113 κατ’
1585 2056 1736 2128 ἀξίαν
1777 2053 2018 2112 διώκειν.

355 2149 548 2222 ’Έχεις
583 2145 640 2202 δὲ
667 2152 834 2203 τοῦτο
863 2149 954 2202 καὶ
1004 2148 1055 2202 ἐν
1099 2153 1216 2210 τοῖς
1251 2147 1395 2218 ἑξῆς.
1434 2143 1692 2209 Ιιλατέως
1725 2144 1782 2200 δὲ
1812 2147 2021 2218 [τοῦτο]

357 2232 713 2312 διαγυμνάζει
748 2235 1036 2312 Ὠριγένης
1066 2236 1119 2292 ἐν
1148 2241 1228 2310 τῷ
1264 2243 1292 2290 ι’
1321 2241 1429 2292 τῶν
1476 2235 1553 2301 εἷς
1594 2235 1723 2298 τοὺς
1754 2233 2020 2310 Ἱερεμίου

355 2327 628 2401 Θρήνους.

432 2505 464 2579 §
494 2510 562 2560 II.
594 2503 655 2558 Τί
703 2506 796 2561 οὗν
829 2505 934 2582 φῄς
969 2525 982 2576 ;
1020 2507 1316 2568 Ἀντίθεσις
1358 2507 1433 2568 ὡς
1465 2504 1525 2560 ἐκ
1554 2503 1904 2583 Δημοφίλου,
1938 2501 2020 2558 ὅτι

367 2593 522 2650 ἐστὶν
557 2587 778 2650 ἀσέϐεια
807 2592 861 2649 έν
885 2600 1002 2658 τοῖς
1036 2593 1237 2672 ἱερεῦσι
1274 2595 1351 2668 μὴ
1384 2593 1736 2668 εὐθυνομένη.

433 2773 584 2848 Ἐγὼ
634 2769 692 2828 δὲ
739 2772 1169 2848 ἀπολογήσομαί
1222 2794 1328 2830 σοι.
1382 2771 1686 2848 Ἀπολογία
1733 2773 1871 2848 πρὸς
1922 2771 2022 2839 τὴν

357 2861 634 2926 ἀντίθεσιν
667 2863 793 2938 περὶ
824 2859 1191 2940 ῗδιοπραγίας.

437 2952 515 3026 [α]
543 2953 645 3008 Καὶ
681 2952 758 3024 μή
807 2955 1071 3012 τοπικῶς.
1125 2953 1249 3009 "01:
1296 2951 1366 3006 τὰ
1412 2950 1537 3026 περὶ
1567 2953 1676 3004 τῶν
1719 2947 2022 3026 ἀγγελικῶν

357 3036 688 3095 ὑποϐάσεων
718 3040 806 3095 καὶ
853 3039 1053 3111 τάξεων
1107 3040 1170 3095 οὐ
1219 3043 1463 3102 τοπικῶς
1513 3036 1595 3093 δεῖ
1634 3036 1908 3114 δέχεσθαι,
1942 3036 2025 3092 ὅτι

354 3127 733 3200 πλησιάζουσι
783 3134 923 3201 Θεῷ,
956 3127 1103 3184 ἀλλὰ
1147 3129 1284 3204 πρὸς
1312 3129 1412 3197 τὴν
1456 3126 1682 3184 έκάστου
1713 3123 2026 3197 ἐπιτηδειό-

351 3236 524 3289 τητα·
685 3216 748 3272 οὐ
778 3239 880 3294 γαρ
913 3217 965 3272 ἐν
996 3216 1152 3290 τόπῳ
1177 3217 1205 3272 ὁ
1237 3217 1385 3279 Θεός’
1423 3215 1648 3279 εἰκότως
1681 3215 1776 3273 οὖν
1816 3213 1930 3271 οὐδ’
1970 3213 2026 3268 αἱ

353 3306 559 3380 νοηταὶ
591 3305 872 3380 δυνάμεις.

445 3489 520 3562 [γ]
583 3481 850 3560 Σύμϐολα
927 3483 1332 3562 Χριστοειδῶς.
1410 3486 1670 3542 Τουτέστι
1743 3485 1840 3553 τήν
1921 3489 2028 3539 τῶν

366 3575 691 3652 μυστηρίων
737 3573 1170 3651 τελεσιουργίαν.
1230 3571 1599 3650 Χριστοειδῶς
1653 3569 1730 3646 δι,
1789 3569 1930 3628 διότι
1981 3574 2033 3628 οἱ

363 3668 564 3741 ἱερεῖς,
593 3670 712 3729 τοῖς
743 3667 909 3730 θείοις
939 3663 1300 3740 ἐπευχόμενοι
1324 3660 1525 3739 δώροις
1545 3660 1671 3732 ἤτοι
1703 3657 2033 3736 συμϐόλοις,

363 3757 474 3826 τὴν
501 3758 599 3810 τοῦ
629 3756 864 3830 Χριστοῦ
892 3754 1040 3825 τάξιν
1075 3753 1388 3830 ἐπέχουσιν.

446 3848 476 3914 §
505 3849 602 3901 III.
635 3841 708 3918 [δ]
738 3841 896 3901 Ἀλλ’
937 3843 999 3898 οὐ
1033 3842 1362 3922 Δημοφίλῳ.
1399 3841 1476 3899 Οὐ
1519 3842 1621 3918 γὰρ
1652 3837 1841 3911 ἔξεστι,
1875 3841 2030 3919 φησὶ,

369 3932 686 4011 Δημοφίλῳ
718 3936 1020 4010 θεραπευτῇ
1071 3928 1208 4001 ὄντι,
1257 3936 1424 3987 ταῦτα
1473 3930 1710 3986 εὐθύνειν
1743 3931 1809 3986 τὰ
1857 3932 2032 4007 ἁμαρ-

366 4025 442 4095 τή
455 4043 618 4096 ματα.

449 4113 644 4167 Δίκαια
689 4109 747 4167 δέ
791 4111 925 4168 ἐστι.
973 4111 1040 4168 Τί
1093 4111 1228 4179 ἐστι,
1262 4108 1486 4173 δικαίως
1524 4111 1590 4165 τὰ
1638 4107 1818 4164 δίκαια
1874 4129 2033 4182 μετα-

369 4199 619 4271 διώκειν,
651 4201 741 4256 καῖ
776 4200 860 4256 6'1:
891 4199 1148 4275 ἀγγέλοις
1171 4200 1235 4255 τὸ
1269 4197 1478 4254 δίκαιον
1513 4199 1864 4272 ἀπονέμεται.

451 4292 534 4364 [ε’]
591 4289 915 4369 Δημόφιλος
978 4287 1037 4344 δὲ
1091 4287 1244 4365 λόγῳ
1277 4329 1290 4343 .
1350 4287 1611 4344 Τουτέστι
1683 4289 1782 4356 τὴν
1843 4288 2034 4342 ἑαυτοῦ

367 4379 624 4456 ἀλογίαν,
666 4381 755 4435 καὶ
799 4379 893 4434 τὸν
928 4380 1124 4452 θυμὸν,
1154 4377 1248 4432 καὶ
1286 4378 1387 4446 τὴν
1421 4375 1712 4450 ἐπιθυμίαν
1761 4375 1860 4443 τῆς
1912 4376 2033 4430 έαυ-

364 4473 472 4525 τοῦ
505 4468 806 4548 φιλαρχίας
835 4466 1117 4538 κολαζέτω
1150 4468 1178 4522 ὁ
1210 4464 1556 4544 Δημόφιλος.
1587 4468 1670 4539 [ζ’]
1715 4463 2035 4540 Σημείωσαι

369 4556 456 4628 δὲ,
489 4559 566 4620 ὡς
596 4556 648 4612 ἐν
681 4563 810 4613 πᾶσι
842 4563 960 4620 τοῖς
991 4557 1109 4612 οὖσι
1143 4554 1232 4611 διὰ
1259 4559 1369 4610 τῶν
1415 4555 1649 4630 πρώτων
1695 4558 1815 4616 τοῖς
1857 4551 2034 4608 δευτέ-

369 4669 494 4726 ροις
525 4647 854 4721 ἀπονέμεται
883 4647 950 4702 τὰ
977 4647 1094 4701 κατ’
1128 4645 1298 4718 ἀξίαν.

580 4735 739 4792 Ἀλλ’
797 4735 1106 4812 ἐπαρχὲτω.
1166 4735 1482 4812 Κρατείτω,
1539 4732 1726 4810 φησὶν,
1782 4732 1810 4786 6
1868 4729 2035 4808 λόγος

368 4831 556 4900 θυμοῦ
605 4827 698 4882 καὶ
745 4825 1058 4898 ἐπιθυμίας·
1092 4828 1261 4880 ταῦτα
1305 4825 1407 4901 γὰρ
1454 4824 1523 4878 τὰ
1566 4823 1846 4902 ὑφειμένα⁸
1880 4820 1932 4876 ἐν
1963 4825 2034 4895 τῇ

365 4915 586 4972 τούτων
637 4915 742 4990 γὰρ
795 4913 980 4989 ἐποχῇ
1029 4916 1065 4984 ὴ
1112 4912 1312 4988 λογικὴ
1373 4913 1616 4990 φαίνεται
1678 4911 1892 4982 έξουσία
1944 4910 2036 4966 καὶ

369 5004 634 5079 δύναμις,
677 5000 816 5059 ὥστε
851 5006 927 5077 μή
961 5001 1178 5073 ἁπλῶς,
1213 5000 1360 5058 ἀλλὰ
1388 5003 1526 5075 πρός
1557 5022 1610 5056 τι
1641 5002 1922 5076 χρήσιμον
1947 5021 2036 5055 κε-

369 5098 622 5172 χρῆσθαι
654 5093 864 5154 αὐτοῖς.

449 5185 548 5241 Ἐκ
575 5186 710 5238 Θεοῦ
739 5183 1064 5256 νομοθέτης.
1103 5180 1212 5238 Τὸν
1244 5181 1388 5234 θεῖον
1417 5177 1639 5235 Παῦλόν
1669 5199 1858 5255 φησιν.

451 5272 566 5331 Οὐκ
596 5271 741 5342 ἀξιοῖ
767 5274 868 5336 τῆς
915 5268 1262 5340 Ἐκκλησίας.
1297 5270 1390 5324 Ἐκ
1437 5275 1538 5338 τῆς
1584 5269 1724 5343 πρὸς
1769 5265 2036 5341 Τιμόθεον

372 5359 646 5431 ἐπιστολῆ
659 5382 704 5423 ς.

453 5452 485 5526 §
531 5451 626 5507 IV.
685 5450 766 5505 Τὰ
819 5449 937 5504 καθ’
993 5447 1146 5518 ἀξίαν
1201 5446 1450 5524 ἀφόριζε.
1512 5445 1831 5519 Σημείωσαι
1887 5446 2035 5516 τάξιν

375 5539 777 5614 ἰπαινουμένην
832 5535 1313 5607 ὶκκλησιαστικήν,
1365 5533 1460 5590 ’ίνα
1514 5539 1632 5597 τοῖς
1715 5534 2037 5608 μονάζουσιν

2051 1924 2098 1989 Β

2064 4669 2112 4735 D

2126 629 2329 686 Jesum
2365 635 2460 687 Dei
2496 632 2708 690 Filium
2745 633 3184 691 conﬁtentibus.

2203 725 2411 776 Verum
2453 719 2807 794 ἐκκήρυκτος.
2841 723 3128 787 Quoniam
3180 722 3510 798 έκκήρυκτος
3553 744 3658 786 seu
3690 745 3782 784 re-

2119 809 2417 880 jiciendus
2459 827 2493 864 a
2541 810 2838 885 theologia
2884 813 3078 868 omnis
3133 811 3462 871 alienorum
3511 816 3782 873 curiosus

2131 898 2227 952 ind
2239 905 2464 970 agatur.

2201 991 2274 1042 lit
2304 989 2610 1045 sacerdotes
2638 991 3057 1059 circumtegunt.
3088 993 3339 1057 Quinam
3383 993 3612 1066 possint
3647 1011 3785 1051 san-

2129 1081 2224 1131 cta
2255 1094 2605 1150 componere
2652 1088 2704 1135 et
2753 1079 2995 1151 elevare,
3032 1081 3211 1153 idque
3241 1099 3357 1138 non
3389 1083 3667 1140 omnibus
3712 1083 3783 1139 li-

2129 1167 2286 1223 bere.

2203 1259 2266 1310 Et
2296 1257 2471 1312 Maria
2523 1258 2736 1329 leprosa
2773 1259 2853 1328 ﬁt.
2887 1258 3144 1314 Observa
3187 1276 3429 1316 causam
3480 1261 3553 1317 ob
3603 1278 3782 1334 quam

2130 1344 2336 1413 Maria,
2371 1364 2536 1402 soror
2567 1347 2802 1419 Moysis,
2832 1347 3064 1420 leprosa
3095 1349 3244 1405 tacta
3277 1351 3372 1405 sit.

2202 1439 2264 1492 Et
2300 1437 2359 1490 in
2388 1437 2532 1505 ﬁlios
2560 1442 2766 1494 Scevaz.
2798 1440 2861 1492 In
2891 1438 3041 1494 filios
3070 1445 3256 1494 autem
3284 1443 3474 1495 Scevas
3495 1439 3784 1498 daemonia

2130 1523 2490 1592 insilierunt,
2521 1527 2674 1596 quod
2727 1543 2860 1582 curn
2891 1527 2950 1582 in
2983 1527 3280 1583 Christum
3313 1545 3427 1583 non
3459 1531 3786 1600 crederent,

2131 1632 2321 1685 neque
2361 1614 2596 1670 ordines
2643 1615 3060 1687 suscepissent,
3093 1616 3389 1671 daemones
3421 1617 3786 1688 adiurarent,

2131 1705 2282 1776 quod
2319 1703 2460 1759 solis
2509 1703 2814 1759 exorcistis
2845 1705 3234 1776 competebat.
3269 1705 3540 1761 Refertur
3585 1705 3694 1762 hoc
3724 1705 3786 1762 in

2130 1794 2290 1848 Actis
2328 1793 2730 1864 apostolorum
2765 1793 2856 1862 (Ιε).

2205 1884 2383 1954 Neque
2413 1899 2474 1938 ca
2507 1899 2627 1953 quae
2647 1883 2803 1953 ῥυσια
2849 1891 2994 1951 sunt,
3045 1900 3153 1937 non
3205 1885 3506 1939 secundum
3538 1883 3789 1953 dignita-

2131 1974 2258 2026 tem.
2297 1976 2460 2041 Nota,
2495 1972 2638 2043 quid
2669 1971 2781 2026 sibi
2812 1971 2950 2027 velit
2977 1971 3125 2028 illud
3160 1989 3174 2028 :
3205 1975 3374 2045 Iuste,
3407 1972 3548 2045 quod
3575 1975 3793 2044 justum

2131 2065 2228 2131 est,
2275 2063 2616 2132 exsequeris,
2652 2061 2808 2133 quod
2860 2062 3085 2133 Moyses
3127 2063 3207 2116 ait
3234 2063 3296 2134 (l)
3333 2079 3346 2116 :
3383 2068 3440 2118 et
3473 2079 3588 2119 non
3618 2063 3795 2119 licere

2133 2149 2312 2205 etiam
2346 2168 2412 2205 ea
2441 2167 2569 2222 quae
2605 2150 2767 2218 justa
2814 2155 2975 2222 sunt,
3010 2168 3125 2208 non
3176 2152 3506 2208 secundum
3539 2151 3794 2224 dignita-

2130 2245 2246 2296 tem
2281 2239 2541 2310 exsequi.
2566 2239 2716 2302 Quin
2749 2240 2926 2296 etiam
2958 2239 3066 2296 hoc
3096 2239 3280 2297 habes
3311 2241 3370 2296 in
3403 2240 3793 2314 sequentibus

2130 2329 2344 2384 Fusius
2376 2335 2572 2384 autem
2601 2329 2658 2383 id
2687 2329 2938 2400 explicat
2969 2329 3252 2402 Origenes
3289 2330 3535 2387 bomilia
3564 2331 3794 2387 decima

2132 2420 2192 2474 in
2228 2419 2460 2474 Threnos
2487 2421 2759 2475 Jeremiz.

2204 2509 2231 2574 §
2263 2510 2332 2563 II.
2369 2509 2510 2576 Quid
2542 2509 2717 2577 igitur
2755 2510 2989 2580 inquis?
3035 2509 3338 2581 Oppositio
3371 2509 3540 2581 quasi
3575 2525 3639 2565 ex
3670 2526 3792 2580 per-

2131 2613 2278 2651 sona
2315 2596 2637 2668 Demophili
2685 2597 2960 2665 dicentis,
2993 2599 3147 2669 quod
3201 2599 3478 2670 impietas
3504 2597 3564 2654 in
3598 2614 3788 2655 sacer-

2132 2685 2369 2740 dotibus
2401 2686 2480 2740 sit
2511 2685 2636 2741 sine
2668 2686 3047 2742 correctione.

2207 2776 2314 2841 Ego
2343 2779 2526 2830 autem
2571 2775 2677 2830 tibi
2719 2775 3071 2846 respondebo.
3103 2776 3427 2848 Responsio
3477 2777 3548 2832 ad
3594 2776 3789 2848 objec-

2133 2863 2354 2919 tionem
2387 2865 2455 2918 de
2491 2864 2662 2919 rebus
2688 2865 2941 2936 propriis
2972 2866 3274 2921 curandis.

2205 2953 2268 3006 At
2299 2953 2394 3023 qui
2425 2969 2538 3006 non
2570 2953 2846 3008 localiter.
2882 2952 3168 3017 Quoniam
3215 2951 3337 3023 illa,
3371 2969 3498 3023 quae
3549 2955 3690 3008 sunt
3718 2952 3789 3008 de

2135 3039 2723 3096 subordinationibus
2752 3043 2809 3096 et
2849 3039 3159 3096 ordinibus
3209 3040 3510 3113 angelicis,
3544 3045 3647 3097 aut
3693 3057 3791 3098 sc-

2137 3129 2398 3183 cundum
2436 3128 2585 3183 317
2623 3126 2818 3182 locum
2852 3126 3195 3198 accipienda
3214 3128 3372 3198 quod
3395 3132 3556 3198 sunt,
3583 3143 3796 3199 nempe

2138 3221 2253 3274 Deo
2285 3218 2784 3288 appropinquent,
2815 3219 2914 3272 sed
2963 3217 3036 3272 de
3067 3216 3385 3287 cujuslibet
3433 3217 3794 3289 capacitate;

2053 3295 2097 3362 C
2138 3323 2329 3378 neque
2379 3306 2536 3362 enim
2586 3306 2646 3360 in
2696 3306 2821 3361 loco
2855 3306 3011 3362 Deus
3043 3309 3154 3371 est,
3185 3312 3365 3378 atque
3411 3307 3555 3362 adeo
3606 3321 3798 3377 neque

2138 3397 2386 3452 virtutes
2418 3394 2866 3450 intellectuales.

2214 3483 2483 3556 Symbola
2524 3483 3009 3557 Christi/orrniter.
3044 3485 3101 3539 Id
3155 3488 3245 3538 est
3292 3486 3797 3539 sacramentorum

2145 3574 2666 3630 consecrationem.
2704 3573 2856 3628 Dicit
2897 3577 3093 3629 autem
3129 3573 3639 3642 Cbristitormiter,
3662 3573 3804 3643 quia

2143 3663 2476 3720 sacerdotes
2506 3664 2647 3718 dum
2697 3662 2898 3717 divina
2930 3679 3178 3718 munera
3210 3662 3328 3718 sive
3380 3661 3552 3734 signa
3597 3677 3802 3718 conse-

2144 3759 2333 3817 crant,
2364 3751 2578 3806 Christi
2613 3752 2798 3806 vicem
2838 3751 3157 3808 sustinent.

2217 3845 2243 3910 §
2278 3841 2370 3896 IlI.
2407 3841 2471 3896 At
2503 3857 2612 3896 non
2662 3841 2996 3913 DemOphito.
3030 3841 3157 3896 Non
3213 3841 3367 3896 enim
3414 3839 3550 3896 licet
3599 3841 3798 3896 Demo~

2145 3931 2328 4005 philo,
2361 3948 2493 3986 cum
2531 3931 2862 3986 monachus
2907 3930 3009 3999 sit,
3043 3930 3384 3986 istiusmodi
3415 3933 3651 4002 peccata
3681 3945 3808 3986 cor-

2145 4023 2351 4088 rigere.

2214 4111 2372 4165 Juxta
2400 4124 2524 4164 vero
2553 4112 2703 4164 sunt.
2738 4109 2887 4176 Quid
2923 4108 3021 4178 sit,
3051 4109 3212 4180 jusle
3237 4110 3405 4178 justa
3433 4108 3809 4179 exsequenda

2145 4213 2296 4264 esse,
2330 4203 2504 4265 atque
2536 4198 2758 4268 angelis
2781 4198 3082 4268 justitiam
3115 4197 3316 4252 tribui.

2215 4287 2572 4358 Demophilus
2604 4289 2789 4358 itaque
2818 4288 3084 4344 sermoni.
3124 4287 3182 4342 ld
3216 4291 3327 4356 est,
3361 4303 3531 4342 suam
3570 4284 3806 4342 temeri-

2142 4379 2344 4446 tatem,
2377 4381 2434 4432 et
2478 4377 2760 4443 furorem,
2792 4379 2850 4430 et
2881 4375 3266 4447 cupiditatem
3311 4374 3653 4430 ambitionis
3685 4389 3808 4430 suae

2144 4465 2532 4537 Demophilus
2564 4464 2790 4536 puniat.
2823 4464 3080 4520 Observa
3109 4481 3266 4532 vero,
3301 4465 3594 4536 quomodo
3625 4463 3683 4517 in
3715 4479 3804 4518 re-

2144 4555 2257 4610 bus
2290 4554 2569 4610 omnibus
2603 4570 2702 4625 per
2734 4553 2983 4625 priores,
3015 4552 3444 4625 posterioribus
3475 4551 3804 4608 secundum

2145 4643 2355 4700 merita
2390 4644 2746 4698 tribuantur.

2213 4732 2320 4790 Sed
2342 4732 2684 4788 dominetur.
2717 4732 3088 4802 Compescat,
3120 4729 3339 4802 inquit,
3367 4729 3517 4786 ratio
3547 4727 3805 4785 furorem

2145 4827 2202 4881 et
2231 4821 2642 4894 cupiditatem;
2671 4821 2794 4875 haec
2823 4820 2981 4875 enim
3013 4819 3293 4875 inferiora
3317 4824 3490 4888 sunt;
3523 4817 3805 4890 quoniam

2146 4912 2207 4968 in
2239 4911 2449 4966 borum
2485 4908 2854 4979 subiectione
2894 4907 3200 4964 rationalis
3230 4912 3492 4979 potestas
3522 4923 3590 4963 ac
3617 4906 3806 4962 virtus

2146 5004 2408 5073 apparet,
2443 5003 2508 5054 ut
2541 5015 2656 5053 non
2705 4995 3076 5070 simpliciter,
3110 4997 3212 5053 sed
3268 4997 3341 5053 ad
3386 4995 3606 5068 aliquid
3660 4992 3807 5051 utile

2148 5089 2223 5146 iis
2255 5092 2480 5143 utatur.

2219 5178 2452 5233 Divinas
2485 5177 2702 5247 tegi/er.
2735 5174 2803 5230 D.
2835 5173 3084 5230 Paulum
3117 5173 3416 5246 intelligit.

2219 5268 2337 5323 Non
2366 5265 2596 5336 dignum
2635 5271 2820 5320 censet
2861 5264 3140 5321 Ecclesiae.
3173 5264 3276 5320 Est
3322 5279 3393 5320 ex
3441 5260 3707 5337 Epistola
3734 5260 3808 5318 ad

2147 5355 2524 5411 Timotheum
2550 5356 2669 5426 (γη).

2221 5446 2250 5519 §
2283 5445 2368 5502 IV.
2400 5446 2508 5500 Pro
2538 5444 2756 5498 meritis
2801 5442 3112 5513 przscribe.
3145 5441 3395 5498 Adverte
3443 5438 3805 5498 laudabilem

2149 5535 2416 5592 ordinem
2468 5530 2962 5602 ecclesiasticum,
2991 5535 3059 5589 ut
3109 5530 3417 5589 monachis
3465 5527 3720 5598 diaconi,
3750 5529 3808 5584 et

456 5761 540 5839 (lc)
570 5765 701 5824 Act.
730 5777 850 5832 nx,
884 5759 972 5817 14.
1045 5759 1113 5834 (ι)
1141 5758 1309 5816 Deut.
1339 5774 1455 5828 1m,
1483 5757 1576 5815 20.
1653 5756 1755 5830 (m)
1785 5757 1811 5813 Ι
1839 5755 1995 5814 Tim.
2027 5771 2091 5831 II,
2121 5755 2179 5814 5.
