4106 6396
403 387 510 443 551
1224 377 1594 433 APPENDIX
1633 379 1729 432 AD
1766 375 2006 430 OPERA
2043 377 2103 430 S.
2143 376 2458 436 DIONYSII
2497 384 2999 442 AREOPAGITE.
3691 389 3786 446 552

406 513 501 570 his
541 507 886 584 presbyteri,
922 509 978 562 et
1025 505 1382 578 presbyteris
1431 503 1687 576 episcopi
1741 500 2054 556 adhibeant

2192 499 2222 551 rt
2283 499 2544 574 διάκονοι,
2594 507 2682 561 καὶ
2739 508 2957 572 τούτοις
3016 507 3067 562 οἱ
3123 501 3494 582 πρεσϐύτεροι,
3550 511 3633 566 καὶ
3684 521 3786 580 τοῖς

407 600 866 664 correctionem;
915 595 1206 668 episcopis
1252 611 1386 650 vero
1438 590 1708 665 apostoli,
1742 594 1798 646 et
1847 589 2060 644 horum

405 704 799 748 successores.
837 684 1254 758 Apostolorum
1304 684 1560 753 denique
1607 695 1980 736 successores
2029 695 2062 732 a

407 779 533 836 suis
563 775 897 849 aequalibus
929 773 1328 845 corriguntur.

477 956 542 1010 Et
570 955 836 1028 episc0pis
867 953 1121 1024 apostoli.
1155 951 1323 1018 Nota,
1358 914 1512 1021 quod
1556 947 1735 1004 etiam
1767 943 2060 1018 episcopis

405 1045 660 1117 majores
682 1044 800 1100 sint
825 1041 1096 1115 apostoli,
1122 1039 1641 1112 apostolorumque
1663 1051 2057 1098 successores,

405 1138 463 1190 et
493 1135 650 1206 quod
703 1131 949 1204 quilibet
981 1131 1052 1186 ab
1097 1129 1302 1186 ordine
1351 1144 1458 1183 suo
1509 1126 1800 1182 sanctiore
1846 1123 2060 1194 corrigi

404 1223 632 1279 debeat.
667 1220 1078 1294 Apostolorum
1127 1223 1326 1274 autem
1375 1231 1745 1272 successores
1786 1212 2057 1270 existimo

405 1326 563 1369 nunc
594 1327 720 1367 esse
751 1309 1138 1383 patriarchas.

469 1401 658 1457 Nescio
687 1415 791 1471 quo
823 1402 974 1455 statu
1003 1399 1284 1469 plangam.
1322 1390 1811 1459 Amaritudinem,
1835 1391 1923 1449 vel
1957 1408 2057 1464 po-

403 1491 522 1546 tius
554 1489 1027 1560 compassionem
1062 1486 1271 1542 Patris.

475 1580 696 1635 Etenim
724 1579 843 1633 nisi
872 1578 1028 1632 illius
1057 1577 1204 1631 boni.
1238 1575 1487 1640 Etenim,
1522 1571 1742 1646 inquit,
1773 1571 1887 1626 nisi
1920 1569 2057 1626 boni

2169 589 2558 668 πρεσϐυτέροις
2618 597 2670 651 o't
2719 595 3008 652 ἐπίσκοποι
3068 595 3384 669 ἰπιτιμῶσιο
3429 602 3540 659 τοῖς
3589 596 3642 654 δὲ
3685 599 3788 656 ἐπι-

2170 683 2394 747 σκόποις
2425 685 2476 739 οἱ
2527 684 2830 740 ἀπόστολοι
2879 686 2968 741 καὶ
3001 687 3053 741 οἱ
3089 685 3296 743 τούτων
3335 682 3598 762 διάδοχοι.
3628 691 3708 746 ’Ev
3738 690 3788 748 δὲ

2167 779 2286 836 τοῖς
2313 778 2420 827 τῶν
2455 774 2777 830 ἀποστόλων
2835 773 3120 851 διαδόχοις
3151 777 3298 849 παρά
3323 779 3428 830 τῶν
3463 777 3786 853 ὁμοταγῶνή

2169 861 2507 935 ἐπιτίμησις.

2241 952 2340 1006 Καὶ
2369 959 2486 1015 τοῖς
2542 954 2826 1030 ἱεράρχαις
2877 955 2930 1008 οἱ
2977 950 3280 1009 ἀπόστολοι
3356 953 3664 1027 Σημείωσαι
3717 954 3791 1012 ὅτι

2169 1041 2257 1096 καὶ
2288 1040 2596 1098 ἐπισκόπων
2635 1043 2850 1116 μείζους
2884 1044 2934 1098 οἱ
2965 1040 3288 1113 ἀπόστολοι,
3318 1041 3408 1097 καὶ
3443 1042 3492 1096 οἱ
3521 1047 3623 1098 τῶν
3667 1044 3789 1099 ἀπο-

2169 1130 2379 1186 στόλων
2413 1129 2690 1208 διάδοχοι,
2723 1133 2812 1188 καὶ
2845 1131 2926 1187 ὅτι
2953 1129 3178 1194 ἕκαστος
3209 1131 3355 1208 παρά
3393 1135 3486 1186 τοῦ
3515 1131 3792 1209 ἁγιωτέρου

2167 1225 2264 1286 τῆς
2295 1220 2459 1276 αὐτοῦ
2504 1221 2702 1292 τάξεως
2747 1221 3059 1286 εὐθύνεσθαι
3113 1221 3345 1300 ὀφείλει.
3375 1219 3714 1278 Ἀποστόλων
3745 1219 3794 1278 δὲ

2169 1306 2465 1385 διαδόχους
2493 1309 2618 1372 τοὺς
2649 1315 2740 1365 νῦν
2765 1311 3108 1385 πατριάρχας
3141 1313 3384 1386 ἡγοῦμαι
3417 1309 3572 1367 εἶναι.

2237 1399 2352 1456 Οὐκ
2377 1396 2476 1454 οἶδ’
2509 1399 2657 1462 ὅπως
2707 1398 3040 1473 κλαύσομαι.
3075 1387 3152 1470 Ση
3166 1397 3395 1471 μείωσαὶ
3441 1398 3541 1468 τὴν
3571 1398 3795 1472 πικρίαν,

2166 1488 2202 1557 ἢ
2238 1487 2449 1561 μᾶλλον
2485 1488 2819 1562 συμπάθειαν
2848 1494 2946 1544 τοῦ
2979 1488 3212 1564 Πατρός.

2240 1577 2336 1633 Καὶ
2365 1577 2467 1652 γὰρ
2519 1577 2568 1632 εἷ
2617 1579 2693 1650 μὴ
2741 1579 2837 1634 τοῦ
2877 1577 3102 1654 ἀγαθοῦ.
3151 1576 3250 1633 Καὶ
3297 1575 3403 1653 γὰρ
3452 1575 3499 1632 εἷ
3552 1577 3626 1651 μὴ
3661 1577 3799 1651 νομί-

408 1669 505 1725 Dei
554 1667 746 1724 cultor
774 1684 808 1723 a
838 1666 1009 1721 nobis
1061 1665 1348 1729 habearis,
1384 1679 1626 1736 prorsus
1656 1666 1712 1717 et
1740 1678 1773 1716 a
1803 1661 1973 1716 nobis
2002 1663 2054 1714 et

2192 1673 2296 1733 ζεις,
2356 1665 2511 1744 φησὶ,
2555 1670 2652 1721 τοῦ
2702 1667 2903 1744 ἀγαθοῦ
2961 1672 3096 1723 Θεοῦ
3151 1669 3289 1721 εἶναι
3339 1670 3438 1721 τοῦ
3482 1667 3606 1740 παρ’
3651 1668 3794 1739 ἡμῶν

403 1758 476 1814 ab
510 1758 783 1814 universa
813 1755 1069 1811 Ecclesia
1100 1753 1330 1809 alienus
1369 1751 1625 1808 exsistis.
1658 1751 1807 1806 Nota
1835 1755 2056 1814 autem,

402 1855 702 1920 peccatum
739 1847 846 1901 hoc
879 1844 1148 1901 fortassis
1175 1843 1462 1899 accidisse
1491 1843 1550 1896 in
1576 1839 1831 1912 parmcia
1859 1838 2056 1910 magni

401 1935 680 2009 Dionysii,
717 1935 1032 2007 ipsumque
1080 1931 1438 1989 monachum
1490 1928 1905 2002 Demophilum
1953 1927 2054 1984 isti

400 2024 660 2082 ecclesiae
695 2023 1046 2096 prefecisse.

476 2203 630 2261 818
669 2203 756 2258 Vel
787 2202 1000 2271 duplici
1042 2209 1276 2272 peccato.
1321 2199 1489 2270 Nota,
1523 2197 1698 2272 quale
1744 2200 1906 2253 vocet
1951 2196 2055 2252 du-

403 2293 534 2366 plex
563 2297 890 2366 peccatum,
915 2291 1147 2361 quando
1179 2290 1461 2345 nimirum
1493 2288 1708 2360 aliquis
1738 2291 2054 2359 postquam

405 2381 682 2454 peccavit,
719 2398 831 2436 non
875 2379 1144 2451 agnoscit
1173 2395 1234 2434 se
1265 2395 1560 2450 peccasse.
1596 2379 1712 2434 Hoc
1741 2383 1935 2431 autem
1964 2377 2056 2430 est

399 2471 689 2540 Jeremias,
743 2471 898 2525 sicut
946 2467 1220 2539 deinceps
1269 2467 1573 2523 declarat:
1627 2467 1900 2535 Quoniam
1947 2464 2056 2520 duo

396 2561 646 2632 peccavit
673 2558 906 2631 populus
935 2575 952 2612 :
983 2573 1072 2612 me
1108 2558 1521 2628 dereliquerunt
1550 2559 1753 2628 fontem
1796 2556 1928 2611 vitae
1950 2554 2052 2626 (n),

405 2652 516 2704 etc.

477 2734 633 2805 Quod
686 2734 1040 2807 Demophilus
1096 2734 1420 2789 arbitretur.
1474 2733 1686 2805 Ingens
1737 2738 1796 2789 et
1843 2748 2055 2803 magna

408 2823 742 2898 compassio
777 2841 842 2879 ac
872 2823 1194 2879 consolatio
1225 2826 1615 2894 peccatorum.

476 2917 544 2971 At
571 2915 760 2970 divino
787 2914 1119 2986 principalis
1164 2913 1260 2968 ille
1308 2913 1582 2983 pontifex.
1621 2911 1929 2968 Dominum
1963 2913 2054 2965 in-

404 3003 645 3076 telligit,
708 3003 988 3074 quoniam
1050 3019 1165 3058 non
1221 3001 1384 3073 paria
1439 3002 1668 3074 reponit
1725 2999 2051 3072 Demophili

401 3094 594 3149 factis.

470 3183 533 3237 El
564 3181 680 3236 hac
711 3183 840 3253 quia
881 3179 1274 3252 peccatoribus.
1308 3179 1508 3235 Citans
1561 3179 1708 3234 illud
1741 3178 2000 3252 Apostoli
2033 3195 2046 3233 :

2165 1757 2520 1830 θεραπευτής,
2552 1755 2768 1819 πάντως
2798 1757 2888 1811 καὶ
2937 1759 3100 1830 ἡμῶν
3155 1757 3246 1811 καὶ
3277 1754 3418 1826 ὅλης
3445 1761 3544 1824 τῆς
3588 1754 3799 1826 Ἐκκληο

2168 1845 2284 1906 σίας
2333 1843 2630 1918 ἀλλότριος
2680 1846 2970 1921 ὑπάρχεις.
3007 1845 3328 1918 Σημείωσαι
3362 1841 3445 1913 δὲ,
3477 1844 3561 1899 ὅτι
3587 1843 3724 1920 τάχα
3750 1843 3795 1899 ἐν

2165 1933 2422 2010 παροικίᾳ
2446 1938 2605 1990 τοῦτο
2631 1939 2728 1989 τοῦ
2780 1934 3021 2012 μεγάλου
3053 1935 3341 1990 Διονυσίου
3374 1935 3691 2010 ἡμαρτήθη,
3717 1934 3794 1989 καὶ

2164 2023 2247 2079 δτι
2305 2025 2396 2078 τὸν
2450 2023 2770 2103 Δημόφιλον
2819 2024 2980 2088 αὐτὸς
3033 2024 3278 2099 μοναχὸν
3331 2030 3437 2094 τῆς
3492 2020 3798 2095 Ἐκκλησίας

2165 2109 2338 2184 ἔταξεν
2351 2157 2364 2171 .

2237 2205 2303 2260 ἸΙ
2384 2204 2484 2272 τήν
2569 2200 2765 2272 διπκῆν
2849 2203 3119 2277 ἁμαρτίαν
3156 2247 3169 2260 .
3255 2200 3579 2275 Σημείωσαι
3650 2200 3799 2257 ποίαν

2164 2291 2324 2347 καλεῖ
2370 2290 2572 2360 διπλῆν
2606 2291 2889 2367 ἁμαρτίαν,
2949 2291 3075 2347 ὅταν
3130 2293 3463 2368 ἁμαρτάνων
3517 2311 3598 2355 τις
3646 2291 3797 2366 ἀγνοῇ

2165 2383 2247 2435 ὅτι
2278 2379 2512 2456 ἥμαρτε.
2544 2385 2711 2435 Τοῦτο
2762 2379 2819 2435 δὲ
2867 2384 2964 2436 τοῦ
3007 2380 3270 2456 Ἱερεμίου
3319 2378 3494 2452 ἐστὶν,
3526 2380 3598 2442 ὡς
3626 2379 3798 2454 ἐφεξῆς

2166 2470 2465 2546 σαφηνίζεν
2492 2472 2614 2527 ’Ὀτι
2648 2468 2744 2524 δύο
2783 2467 3024 2545 ἥμαρτεν
3053 2471 3081 2525 ὁ
3114 2467 3270 2533 λαός’
3309 2468 3418 2543 ἐμὲ
3466 2465 3796 2546 ἐγκατελιπον

2165 2560 2352 2634 πηγὴν
2389 2564 2556 2628 ζωῆς,
2589 2558 2679 2614 καὶ
2709 2559 2776 2614 τὰ
2805 2559 2949 2629 ἑξῆς.

2235 2741 2355 2794 ’Ὀτι
2415 2737 2738 2816 Δημόφιλος
2797 2735 2986 2794 οἷέται.
3050 2736 3246 2808 Πολλὴ
3307 2740 3410 2794 καὶ
3472 2736 3676 2816 μεγάλη
3729 2737 3808 2793 καὶ

2167 2830 2458 2901 συμπαθὴς
2495 2826 2842 2902 παράκλησις
2872 2833 2990 2890 τοῖς
3021 2827 3415 2904 ἁμαρτωλοῖς.

2240 2916 2399 2972 Ἀλλ’
2469 2917 2496 2970 ὁ
2577 2917 2870 2992 θεαρχικὸς
2933 2914 3375 2992 ἱεροτελεστής,
3444 2919 3551 2976 Τὸν
3635 2916 3810 2993 Κύριον

2168 3006 2334 3081 λέγει,
2367 3005 2448 3061 ὅτι
2483 3007 2590 3081 οὐχ
2621 3005 2788 3078 ὅμοια
2815 3004 3149 3062 διατάττεται
3178 3012 3297 3069 τοῖς
3330 3007 3452 3063 ὑπὸ
3509 3004 3812 3084 Δημοφίλου

2163 3099 2566 3172 γεγενημένοις.

2239 3186 2337 3242 Κατ
2395 3189 2562 3240 ταῦτα
2609 3188 2714 3238 τῶν
2777 3185 3147 3257 ἁμαρτωλῶν.
3206 3187 3517 3263 Ἀμαρτίαν
3568 3186 3667 3261 γὰρ
3718 3182 3807 3238 οὐκ

397 3274 690 3328 Peccatum
718 3271 866 3325 enim
892 3287 1003 3325 non
1028 3273 1180 3340 fecit,
1211 3285 1384 3339 neque
1413 3270 1666 3324 inuentus
1696 3274 1775 3324 est
1802 3268 1959 3324 dolus
1990 3271 2050 3324 in

2192 3275 2432 3344 ποίησεν,
2492 3272 2618 3328 οὐδὲ
2675 3275 2868 3347 εὑρέθη
2933 3271 3096 3335 δόλος
3129 3273 3179 3328 ἐν
3211 3242 3292 3346 It];
3347 3242 3590 3350 ἀτόματι⁶
3633 3242 3802 3342 αὐτοῦ,

397 3377 492 3417 ore
517 3361 636 3432 ejus
656 3361 752 3430 (0).
785 3359 890 3413 Cui
939 3364 1224 3414 consonat
1270 3358 1413 3412 illud
1452 3374 1463 3412 :
1498 3359 1830 3431 Segregatus
1857 3375 1891 3413 a
1918 3375 2046 3431 pec-

397 3449 694 3520 catoribus,
726 3449 997 3505 excelsior
1017 3449 1164 3502 caelis
1192 3449 1380 3517 factus
1408 3448 1506 3519 (p).

473 3631 534 3686 El
563 3631 702 3698 iuste
741 3645 866 3685 eum
912 3629 1155 3700 propriis
1201 3629 1319 3699 [rui
1360 3629 1530 3697 jubet.
1567 3629 1628 3683 Id
1681 3632 1769 3683 est
1817 3629 2054 3700 propria

397 3719 784 3791 benignitate,
816 3725 874 3774 et
905 3735 1021 3773 non
1053 3716 1307 3773 tenebris
1340 3734 1406 3771 ac
1437 3715 1747 3789 supplicio.

442 3876 678 3969 'Quippe
707 3898 824 3954 suis
859 3897 1051 3952 etiam.
1082 3894 1356 3951 Refertur
1389 3894 1495 3949 hoc
1526 3895 1585 3949 in
1617 3891 1931 3964 Evangelio
1963 3910 2052 3949 se-

399 3989 658 4043 cundum
695 3989 910 4042 Lucam
943 3986 1038 4056 (q).

466 4079 493 4146 §
524 4076 590 4133 V.
621 4077 793 4144 Absit,
827 4091 937 4130 non
977 4073 1264 4129 habemus.
1298 4072 1482 4128 Multa
1531 4071 1634 4127 tibi
1685 4073 1838 4127 bona
1887 4072 2050 4142 flant,

2159 3365 2220 3419 τὸ
2261 3367 2357 3418 τοῦ
2405 3361 2748 3418 Ἀποστόλου
2799 3361 2994 3436 λέγων·
3048 3363 3302 3439 ἄντικρυς
3349 3365 3437 3434 τὸ,
3483 3361 3806 3442 ’Λφωρισμὲ-

2160 3473 2251 3514 νος
2296 3453 2400 3506 ἀπὸ
2446 3455 2554 3505 τῶν
2604 3447 2977 3524 ἁμαρτωλῶν,
3031 3453 3118 3506 καὶ
3173 3451 3526 3530 ὑψηλότερος
3567 3458 3673 3509 τῶν
3720 3450 3806 3506 οὖ-

2163 3546 2337 3616 ρανῶν
2367 3541 2680 3615 γενόμενος.

2235 3634 2450 3684 Δικαιοῖ
2504 3625 2561 3682 δὲ
2616 3633 2724 3683 τῶν
2777 3627 2992 3684 οἷ’κείων
3053 3628 3380 3688 ἀπολαύειν.
3431 3632 3687 3687 Τουτέστι
3720 3631 3808 3693 τῆς

2165 3718 2364 3778 οἶκείας
2418 3716 2849 3794 φιλανθρωπίας,
2889 3717 2980 3774 καί
3041 3720 3118 3792 μὴ
3174 3725 3272 3776 τοῦ
3333 3722 3570 3787 σκότους
3622 3721 3711 3777 καὶ
3743 3739 3812 3773 τι·

2169 3809 2402 3882 μωρίας.

2235 3896 2335 3952 Καὶ
2359 3897 2463 3972 γὰρ
2495 3897 2584 3951 καὶ
2617 3903 2731 3960 τοῖς
2764 3899 2837 3960 εἷς
2867 3898 3050 3956 αὐτόν.
3085 3901 3171 3955 Ἐν
3197 3901 3277 3973 τῷ
3307 3903 3452 3958 κατὰ
3481 3903 3577 3958 τὸν
3615 3903 3811 3957 Λουκᾶν

2162 3992 2336 4040 κεῖται
2368 3985 2709 4060 Εὐαγγελίῳ.

2234 4080 2261 4146 §
2303 4079 2362 4134 V.
2395 4079 2628 4149 Ἄπαγε,
2652 4077 2756 4132 οὐκ
2780 4072 3007 4152 ἔχομεν.
3033 4078 3229 4136 Πολλά
3261 4099 3350 4135 σοι
3383 4081 3567 4159 ἀγαθὰ
3592 4080 3813 4158 γίνοιτο,

398 4173 562 4239 pater
594 4166 849 4220 maxime
878 4178 1004 4220 com
1017 4165 1265 4234 patiens.

2192 4167 2328 4237 τάτερ
2360 4167 2768 4238 συμπαθὲστατε
2794 4169 2806 4223 ί

467 4257 612 4324 Quin
645 4258 698 4310 et
725 4252 1127 4308 divinissimus.
1161 4250 1310 4306 Nota
1341 4251 1496 4321 quod
1532 4250 1759 4305 Domini
1793 4249 2050 4322 discipu-

2234 4255 2336 4311 Καὶ
2388 4254 2491 4330 γὰρ
2540 4255 2628 4310 καὶ
2689 4256 2716 4309 ὁ
2768 4256 3062 4321 θειότατος.
3113 4257 3440 4330 Σημείωσαι
3493 4258 3578 4315 ὅτι
3633 4257 3820 4332 ἀμετά-

392 4346 484 4401 los
515 4345 781 4416 expertes
807 4342 964 4398 dicat
992 4339 1247 4412 Spiritus
1273 4340 1486 4407 sancti,
1511 4340 1746 4412 quando
1778 4340 2054 4411 petebant

2192 4365 2298 4420 ίους
2331 4345 2476 4420 Λὲγει
2523 4343 2649 4407 τοὺς
2704 4347 2947 4419 μαθητὰς
2999 4351 3097 4402 τοῦ
3128 4347 3331 4425 Κυρίου
3380 4349 3705 4424 Πνεύματος
3731 4347 3819 4401 τοῦ

398 4438 464 4490 ut
494 4432 650 4506 ignis
683 4431 740 4486 in
775 4431 1180 4486 Samaritanos
1213 4430 1534 4498 detonaret,
1567 4433 1741 4502 prout
1774 4429 1833 4483 in
1866 4429 2053 4485 Evan-

2192 4433 2336 4508 εγίου,
2373 4437 2667 4503 ζητοῦντας
2712 4439 2818 4510 πῦρ
2865 4430 3217 4512 ἑπομὸρῆσαι
3259 4443 3387 4502 τοῖς
3440 4437 3823 4514 Σαμαρείταις,

398 4523 547 4595 gelio
581 4521 928 4594 reperimus.
955 4520 1256 4584 Quomodo
1283 4519 1464 4591 igitur
1485 4519 1556 4574 ad
1585 4519 1744 4590 ipsos
1765 4518 2052 4575 Dominus

2192 4545 2238 4586 ›ς
2271 4521 2321 4576 ἐν
2350 4526 2429 4593 τῷ
2457 4521 2769 4596 [εὐαγγελίῳ
2802 4524 3142 4599 εὑρίσκομεν.
3175 4529 3296 4589 [Ιῶς
3333 4529 3431 4583 οὗν
3466 4529 3610 4601 πρὸς
3641 4522 3824 4584 αὐτοὺς

399 4612 480 4668 ait
512 4629 526 4668 :
561 4612 793 4668 Nescitis
821 4611 984 4678 cuius
1024 4612 1254 4682 spiritus
1287 4610 1417 4664 estis
1439 4608 1556 4680 (r)?
1605 4609 1718 4663 Sed
1753 4609 1898 4664 forte
1947 4608 2054 4664 hoc

2192 4645 2194 4659 .
2247 4611 2438 4685 Κύριός
2484 4631 2671 4689 φησιν’
2706 4611 2816 4667 Οὐχ
2864 4611 3046 4669 οἴδατε
3088 4615 3250 4671 ποίου
3297 4618 3627 4692 πνεύματός
3675 4616 3825 4681 ἐστεῖ

399 4701 572 4756 Pater
594 4699 763 4766 dixit,
783 4704 845 4755 ut
869 4700 1203 4756 ostenderet
1228 4698 1387 4770 quali
1411 4701 1601 4768 gratia
1621 4698 1694 4752 ad
1719 4697 2054 4754 ministran-

2192 4699 2319 4759 Αλλ⁹
2356 4701 2483 4762 ἴσως
2527 4705 2688 4756 τοῦτο
2720 4702 2835 4758 εἶπε
2881 4700 3091 4767 δεικνὺς
3139 4704 3273 4777 ποίᾳ
3311 4706 3515 4782 χάριτι
3567 4705 3826 4762 διακονεῖ-

400 4792 543 4845 dum
575 4789 741 4845 electi
765 4795 992 4855 essent;
1021 4789 1165 4860 quin
1188 4789 1360 4843 etiam
1387 4787 1532 4840 forte
1562 4786 1673 4842 hoc
1693 4786 1842 4842 dixit
1865 4787 2050 4854 Pater,

2192 4792 2288 4845 θαι
2331 4789 2674 4864 ἐξελὲγησαν’
2706 4789 2836 4853 ἴσως
2865 4789 2924 4846 δὲ
2941 4791 3028 4847 καῖ
3065 4794 3092 4848 ὁ
3118 4794 3329 4869 Πατὴρ,
3350 4796 3501 4872 πρὸς
3533 4797 3600 4851 τὸ
3628 4792 3826 4850 τέλειον

397 4881 467 4935 ad
503 4877 836 4935 absolutam
870 4877 1027 4932 illam
1081 4875 1400 4946 respiciens
1430 4878 1628 4943 gratiae
1671 4877 2052 4946 int'usionem,

2195 4886 2262 4948 ἧς
2293 4875 2496 4953 δωρεᾶς
2548 4875 2778 4946 ἀπιδὼν,
2827 4880 2893 4948 ἧς
2941 4875 3139 4935 ἔλαϐον
3195 4883 3330 4954 μετά
3377 4885 3486 4953 τὴν
3520 4885 3821 4946 ἀνάστασιν,

396 4985 575 5038 quam
625 4973 758 5038 post
807 4965 1296 5022 resurrectionem
1345 4969 1724 5034 acceperunt;
1777 4966 2051 5036 quoniam

2197 4973 2322 5022 οῦτο
2347 4966 2550 5042 εἶ’ρηκε,
2585 4965 2672 5022 διὰ
2699 4968 2762 5022 τὸ
2791 4970 3112 5044 γεγράφθαι·
3157 4969 3327 5026 Οῦπω
3358 4972 3470 5048 γὰρ
3504 4976 3574 5041 ἦν
3619 4974 3828 5042 Πνεῦμα

397 5057 683 5128 scriptum
716 5061 806 5109 est
839 5071 851 5109 :
889 5053 1137 5108 Nondum
1185 5053 1335 5106 enim
1373 5056 1494 5106 erat
1525 5052 1762 5124 Spiritus
1808 5064 2048 5121 sanctus,

2192 5060 2337 5133 ἷγιον,
2397 5061 2478 5112 ὅτι
2540 5062 2749 5128 Ἰησοῦς
2807 5058 3021 5114 οὐοὲπω
3079 5058 3366 5133 ἐδοξάσθη,
3429 5063 3738 5140 Ἰεροθέτην
3774 5057 3826 5113 δὲ

398 5146 536 5216 quia
565 5145 718 5199 Iesus
748 5141 992 5199 nondum
1020 5147 1139 5196 erat
1168 5140 1506 5212 gloriﬁcatus
1527 5142 1613 5213 (δ).
1640 5145 1876 5198 Sacrum
1914 5161 2052 5216 prae-

2192 5145 2321 5202 .αλεῖ
2359 5147 2447 5202 τὸν
2473 5148 2626 5221 ἅγιον
2660 5146 2966 5203 ἀπόστολον
2992 5148 3233 5218 Παῦλον,
3255 5152 3328 5213 ὡς
3352 5153 3827 5228 χειροτονήσαντα

397 5235 690 5306 ceptorem
715 5235 881 5287 vocat
901 5233 1169 5285 sanctum
1196 5229 1528 5300 apostolum
1556 5231 2052 5305 Paulum,quippe

2192 5239 2206 5272 θ
2264 5235 2409 5309 αὖτῷ
2472 5237 2573 5306 τὴν
2635 5237 3049 5312 ἀρχιερωσύνην
3125 5241 3226 5304 τῆς
3301 5239 3656 5311 Ἐκκλῃσίας
3724 5242 3824 5293 τῶν

395 5383 562 5513 “1(a);
563 5383 704 5510 ger.
747 5400 812 5454 ιι,
860 5381 945 5439 13.
1024 5382 1091 5456 (ο)
1142 5386 1164 5436 Ι
1215 5387 1368 5439 Petr.
1421 5403 1486 5454 ιι,
1536 5385 1626 5443 22.
1703 5388 1778 5460 (p)
1812 5389 1986 5448 Hebr.
2018 5409 2054 5449 ν

2192 5393 2252 5448 :6.
2327 5391 2406 5464 (q)
2439 5395 2571 5446 Luc.
2605 5407 2766 5459 XXIII,
2797 5391 2886 5449 33.
2968 5392 3032 5466 (r)
3063 5393 3200 5450 Luc.
3250 5411 3329 5466 1x,
3383 5396 3484 5454 55.
3567 5397 3827 5470 (s)Joan.

1388 5583 1632 5641 VARIZE
1681 5587 2074 5649 LECTIONES
2113 5592 2206 5649 ET
2249 5589 2814 5648 CORRECTIONES.

465 5708 511 5747 "
539 5707 834 5785 χειροθετή
843 5728 1027 5767 σαντα.
