4106 6374
316 367 428 424 553

1283 372 1343 425 8.
1383 370 1653 424 ΜΔΧΙΜΙ
1690 368 1996 424 SCHOLIA
2032 369 2108 423 IN
2145 371 2303 425 EPP.
2345 373 2405 425 S.
2449 372 2786 429 DIONYSII.

3633 370 3704 425 55
3710 371 3739 425 4

313 490 598 562 Ἀθηνῶν,
659 487 840 552 καθὼς
890 485 944 542 ἐν
992 492 1109 552 ταῖς
1152 489 1328 567 ἱεφαῖς
1373 492 1482 545 τῶν
1531 487 1854 545 ἀποστόλων
1885 489 1967 565 γὲ-

2093 492 2186 564 qui
2218 494 2416 565 ipsum
2466 494 2736 551 Ecclesiae
2776 493 3153 550 Atheniensis
3201 495 3544 568 episcopum
3579 496 3741 552 ordi-

316 598 554 655 γραπται
589 582 904 652 Διαταγαῖς.

398 753 760 820 Λιδάσκεσθαι
811 757 938 831 γὰρ,
997 755 1058 811 οὐ
1105 762 1464 832 τιμωρεῖσθαι
1521 757 1657 832 χρή.
1716 757 1976 829 Σημείω-

316 867 408 902 σαι
444 847 645 920 ὡραῖον
679 850 774 900 καῖ
835 844 1070 918 μάλιστα
1126 849 1218 900 νῦν
1277 848 1584 921 χρήσιμον,
1617 844 1698 900 ὅτι
1734 841 1976 900 διδάσκει

314 937 442 990 σθαι
474 937 613 1011 χρὴ,
643 935 734 990 καὶ
766 934 828 990 οὐ
867 935 1212 1007 κολάζεσθαι,
1245 935 1372 999 τοὺς
1414 933 1757 1010 ἀγνοοῖητας,
1792 934 1974 1009 ὥσπερ

314 1023 410 1080 καί
437 1024 566 1089 τοὺς
623 1024 866 1099 τυφλοὺς
925 1022 1252 1100 ὀδηγοῦμεν,
1313 1024 1375 1079 οὐ
1418 1023 1748 1097 κολάζομεν.
1799 1024 1877 1080 Τὸ
1919 1021 1975 1078 δὲ

313 1115 456 1169 κατὰ
485 1112 693 1190 κόῤῥης
729 1114 872 1176 τινὶς
929 1115 1024 1185 μὲν
1079 1114 1170 1168 τὸν
1226 1113 1496 1192 κρόταφόν
1543 1134 1722 1192 φασιν,
1752 1108 1884 1167 ἔνιοι
1918 1110 1976 1167 δὲ

310 1204 416 1272 τὴν
456 1203 680 1278 γνάθον,
715 1201 878 1258 ἄλλοι
913 1200 969 1257 δὶ
1020 1203 1183 1278 μέρος
1213 1224 1264 1257 τι
1304 1206 1406 1267 τῆς
1443 1200 1709 1280 κεφαλῆς.
1745 1201 1970 1258 Βὲλτιον

317 1289 379 1346 δὲ
407 1290 637 1368 κόῤῥην,
672 1292 747 1353 ὡς
799 1285 955 1368 ἔφην,
1005 1292 1098 1346 τὸν
1144 1291 1412 1368 κρόταφον
1459 1290 1631 1365 λέγειν
1668 1310 1680 1323 '
1725 1293 1974 1365 Ὅμηρος

318 1381 511 1454 μέντοι
561 1376 764 1455 κόρσην
827 1379 991 1450 αὐτὴν
1061 1380 1239 1437 καλεῖ.
1318 1380 1761 1455 Παροξυτονεῖται
1823 1377 1880 1434 δὲ
1935 1382 1970 1448 ἡ

313 1469 518 1547 κόῤῥη.
551 1469 646 1534 Εἲς
675 1471 768 1525 τὸν
799 1469 1067 1548 κρόταφον
1103 1469 1193 1525 οὗν
1238 1468 1425 1544 ἔτυψεν
1456 1470 1484 1524 ὁ
1515 1465 1841 1546 Δημόφιλος
1870 1468 1961 1523 τὸν

319 1564 713 1633 μιτανοοῠντα.

389 1830 459 1886 Οἱ
502 1828 596 1902 μὶν
637 1829 738 1903 γὰρ
788 1823 1014 1882 ἀδικεῖν.
1082 1825 1399 1898 Σημείωσαι
1461 1825 1546 1880 οἷά
1605 1847 1766 1904 φησιν
1835 1825 1969 1880 ἐπα-

315 1917 608 1973 κολουθεῖν
657 1921 775 1980 τοῖς
821 1913 1026 1972 ἀδικεῖν
1075 1912 1111 1984 ἤ
1159 1913 1448 1992 εὐεργετεῖν
1498 1936 1648 1979 τινας
1695 1914 1971 1991 βουλομέ-

314 2026 470 2078 νοδς,
491 2005 587 2060 κᾶν
619 2007 695 2079 μὴ
725 2005 862 2080 πρὸς
894 2000 1052 2080 ἔργον
1084 2002 1318 2078 ἤνεγκαν
1351 2004 1382 2059 ἃ
1413 2000 1828 2060 ἐϐουλεύσαντο.

394 2186 860 2259 Ἐπιχειροῦντες.
917 2181 1190 2245 Ἐκιίνους
1246 2179 1465 2251 δηλαδὴ
1517 2179 1608 2244 οὓς
1657 2181 1974 2257 προῃρέθη-

315 2295 414 2328 σαν
453 2274 710 2343 ἀοιιιῆσαι
757 2271 794 2342 ἤ
841 2271 1216 2348 εὐεργετῆσαι,
1266 2271 1327 2325 οὐ
1377 2272 1615 2342 πάντως,
1661 2271 1818 2344 φησὶ,
1863 2269 1971 2326 διὲ-

308 2365 510 2433 θηκαν,
544 2363 724 2426 καθὼς
772 2356 1175 2433 ἐϐουλήθησαν.
1225 2357 1513 2435 Πρόδηλον
1557 2357 1634 2429 δὲ,
1668 2359 1752 2414 ὅτι
1780 2361 1841 2415 τὸ
1875 2361 1969 2434 μὲν

307 2447 629 2523 ἀϐούλητον
657 2455 764 2506 τῶν
798 2449 1285 2526 εὐεργετουμένων,
1334 2451 1397 2505 τὸ
1441 2447 1499 2504 δὲ
1529 2450 1676 2523 παρὰ
1702 2450 1764 2504 τὸ
1805 2446 1971 2525 ἀδρα-

305 2541 397 2603 νὲς
421 2544 530 2596 τῶν
565 2537 920 2595 ἀδικούντων.

388 2719 494 2775 Καὶ
527 2714 710 2774 ἐνθάδε
732 2719 821 2772 καὶ
878 2716 1008 2772 ἐκεῖ.
1057 2717 1184 2773 "Ott
1243 2716 1296 2770 οἱ
1356 2713 1555 2770 δίκαιοι
1613 2717 1678 2770 οὐ
1713 2717 1876 2788 μόνον
1914 2715 1965 2771 ἐν

307 2812 396 2880 τῷ
431 2805 695 2880 μέλλοντι
728 2805 911 2875 αἰῶνι,
944 2802 1090 2860 ἀλλὰ
1137 2805 1227 2860 καὶ
1272 2803 1323 2859 ἐν
1353 2809 1432 2877 τῷ
1462 2809 1550 2859 νῦν
1587 2804 1690 2880 βίῳ
1721 2804 1966 2880 ἀγγέλων

305 2899 534 2972 ἀγαθῶν
590 2893 809 2964 ὀπαδοὶ,
853 2892 1022 2971 ἤγουν
1069 2892 1386 2963 ἀκόλουθοι,
1437 2893 1527 2949 καὶ
1578 2892 1969 2970 συνοδοιπόροι

306 2987 440 3042 εἰσί.

379 3091 458 3149 Τό
514 3091 730 3147 πάντων
809 3091 1020 3166 ἀγαθῶν
1101 3090 1380 3166 μέγιστον.
1458 3093 1581 3148 ’Ότι
1631 3091 1694 3145 τὸ
1755 3089 1965 3145 πάντων

295 3187 416 3238 τῶν
503 3181 713 3257 ἀγαθῶν
801 3177 1050 3256 μέγιστόν
1122 3177 1232 3235 ἐστι
1307 3179 1370 3234 τὸ
1437 3179 1518 3234 ἀεὶ
1605 3181 1740 3234 εἶναι
1833 3180 1966 3253 μετά

303 3274 468 3327 Θεοῦ.

376 3360 476 3414 Καὶ
510 3355 715 3427 ἐνθάδε,
774 3357 864 3412 καὶ
927 3357 1060 3432 μετά
1119 3356 1365 3422 θάνατον.
1425 3359 1551 3414 ’Ὁτι
1601 3359 1653 3412 οἱ
1705 3358 1963 3432 ἁμαρτω-

306 3448 403 3505 λοὶ
439 3448 529 3503 καὶ
563 3445 615 3502 ἐν
648 3451 726 3519 τῷ
761 3448 867 3523 βίῳ
894 3446 1100 3519 τούτῳ,
1149 3447 1240 3501 καὶ
1293 3447 1346 3502 ἐν
1375 3451 1455 3519 τῷ
1499 3445 1761 3520 μέλλοντι
1789 3468 1966 3519 τιμω-

305 3541 556 3613 ροῦνται,
617 3537 752 3609 μετὰ
805 3540 914 3591 τῶν
986 3533 1262 3609 δαιμόνων
1319 3536 1452 3590 εἶναι
1507 3535 1964 3610 κατακρινόμενοι

304 3626 418 3682 ὑπὸ
447 3629 556 3680 τῶν
591 3622 745 3680 ἰδίων
779 3627 964 3680 παθῶν
997 3625 1030 3679 ἃ
1064 3624 1462 3699 προετίμησαν.

383 3719 931 3792 Ἐπιμνησθήσομαι.
1017 3717 1337 3789 Σημείωσαι
1419 3718 1519 3786 τὴν
1606 3714 1790 3790 ὅρασιν
1871 3721 1966 3772 τοῦ

304 3806 464 3883 ἁγίου
534 3807 781 3883 Κάρπου,
868 3805 1044 3876 πόσης
1128 3806 1328 3882 φρίκης
1397 3804 1486 3861 καὶ
1571 3803 1968 3880 παρακλήσεως

304 3897 495 3970 γέμει.

379 3989 411 4055 §
444 3985 537 4040 VI.
575 3983 868 4058 Γενόμενόν
907 3984 972 4055 μὲ
1019 4004 1172 4039 ποτε.
1234 3984 1497 4058 Διήγημα
1553 3982 1753 4057 ὡραῖον
1787 3981 1868 4036 ὅτι
1903 3983 1966 4036 ού

305 4076 425 4150 χρὴ
457 4077 574 4135 τοῖς
610 4073 1037 4146 ἆμαρτάνουσιν,
1097 4071 1148 4126 εἷ’
1195 4073 1284 4126 καὶ
1333 4074 1468 4147 πρὸς
1500 4071 1631 4127 Θεὸν
1662 4071 1966 4139 πταίουσιν,

304 4161 632 4237 ἐπαρᾶσθαι.
683 4159 1032 4236 Σημειωτέον
1090 4159 1180 4215 οὖν
1226 4163 1326 4230 τὴν
1377 4160 1641 4236 ἱστορίαν,
1673 4161 1965 4234 περιέχου-

303 4273 404 4307 σαν
451 4249 825 4320 ἀνεκλάλητον
893 4249 1295 4324 εὐσπλαγχνίαν
1380 4247 1476 4304 τοῦ
1557 4250 1755 4323 Κυρίου
1803 4251 1965 4322 ἡμῶν

301 4344 494 4412 Ἰησοῦ
554 4343 814 4414 Χριστοῦ,
871 4339 962 4393 καὶ
1020 4337 1144 4413 περὶ
1211 4337 1641 4411 μετανοούντων.
1705 4341 1863 4413 Λέγει
1911 4335 1968 4392 δὲ

300 4431 396 4486 καὶ
427 4429 553 4504 περὶ
583 4436 683 4498 τῆς
742 4427 1037 4504 ἁγιότητος
1085 4430 1182 4482 τοῦ
1244 4425 1390 4490 θείου
1440 4426 1684 4502 Κάρπου.
1735 4429 1879 4482 Ἐστι
1911 4425 1968 4481 δὲ

302 4516 469 4580 οὗτος
502 4518 531 4572 ὁ
563 4516 786 4591 Κάρπος
844 4515 906 4571 οὗ
964 4521 1237 4590 μέμνηται
1293 4515 1320 4570 ὁ
1363 4514 1702 4578 Ἀπόστολος
1736 4515 1788 4571 ἐν
1818 4520 1887 4590 τῇ

298 4609 446 4685 πρὸς
476 4607 751 4681 Τιμόθεον
787 4604 1112 4680 Ἐπιστολῇ.

375 4714 526 4770 Κατᾶ
603 4714 700 4777 τὰς
783 4711 1139 4789 προτελείους
1215 4710 1409 4785 εὐχάς.
1482 4709 1810 4786 Προτελείας
1869 4712 1964 4784 μὶν

296 4804 542 4862 ἐκάλουν
575 4804 856 4874 Ἀθηναῖοι
913 4802 1009 4864 τὰς
1067 4800 1219 4876 [πρὸ]
1275 4804 1384 4854 τῶν
1443 4801 1633 4874 γάμων
1697 4800 1831 4874 μετά
1857 4806 1963 4856 τῶν

301 4897 512 4949 θυσιῶν
549 4891 719 4967 εὐχάς
751 4911 764 4924 ’
797 4890 891 4946 τὸν
923 4891 1024 4966 γὰρ
1072 4889 1249 4964 γάμον
1301 4886 1463 4950 τέλος
1494 4887 1746 4958 ἐκάλουν,
1781 4891 1854 4952 ὡς
1884 4911 1964 4944 τε·

301 4980 495 5038 λειοῦν
526 4980 595 5036 τὰ
620 4980 756 5055 πρὸς
779 4980 871 5035 τὸν
910 4977 1028 5054 βίον
1073 4981 1163 5032 τὸν
1210 4979 1498 5052 ἄνθρωπον
1532 4997 1544 5010 ·
1594 4979 1684 5032 καὶ
1714 4983 1880 5033 τοῦτο
1909 4979 1968 5034 ἐκ

297 5068 538 5127 πολλῶν
574 5067 900 5144 κωμῳδίαις
944 5087 955 5102 ·
990 5072 1236 5138 ποιητῶν
1267 5065 1534 5122 δεικνύναι
1567 5065 1814 5124 δυνάτον.
1851 5076 1966 5125 Μυ-

295 5162 534 5234 στήριον
566 5163 697 5233 γοῦν
731 5159 882 5234 εἶχον
930 5159 1022 5213 τὸν
1086 5158 1286 5231 γάμον.
1345 5155 1571 5232 Ἔλεγον
1624 5154 1681 5211 δὲ
1708 5155 1964 5231 προτελί-

299 5256 491 5320 ζεσθαι
548 5249 638 5303 καὶ
700 5249 762 5303 τὸ
808 5247 1196 5323 προμυὲῖσθαι,
1253 5246 1344 5300 καὶ
1403 5245 1569 5301 οἱονεὶ
1599 5247 1967 5322 προκαθαίρε-

295 5340 424 5392 σθαι
487 5334 562 5399 ε’ίς
629 5336 946 5409 ἒτοιμασίαν
1023 5333 1350 5409 μυσνηρίου,
1418 5334 1491 5396 ὡς
1552 5340 1812 5410 Κρατῖνος
1868 5333 1965 5407 δη-

295 5424 450 5496 λαδὴ
484 5425 536 5480 ἒν
599 5423 815 5496 Πυλαία
872 5422 1130 5499 δράματι.
1192 5421 1445 5480 Μάλιστα
1493 5423 1596 5498 γὰρ
1645 5425 1712 5478 τὰ
1756 5426 1963 5497 μυστή-

297 5515 394 5594 ριά
445 5535 594 5577 τινος
665 5518 772 5570 τῶν
833 5511 1170 5588 ψευωνύμων
1225 5512 1399 5566 αὐτῶν
1451 5517 1584 5576 θεῶν
1662 5511 1795 5582 τέλη
1875 5514 1961 5567 καὶ

291 5603 527 5666 τελετὰς
593 5601 841 5672 ἐκάλουν,
904 5602 978 5664 ὡς
1037 5599 1354 5663 τελειούσας
1403 5601 1493 5656 καὶ
1537 5601 1612 5664 εἰς
1661 5602 1723 5656 τὸ
1752 5601 1964 5657 τέλειον

294 5693 540 5771 ἀγούσας
591 5692 716 5756 τοὺς
764 5690 1151 5766 τελουμὲνους.
1214 5691 1290 5749 Τὸ
1339 5695 1470 5766 γοῦν
1516 5692 1644 5768 παρ’
1691 5689 1964 5762 Ἕλλησιν

587 5827 853 5889 Pas-non.
897 5825 1009 5886 Gn.
1053 5823 1160 5886 IV.

2087 587 2344 651 navarat,
2363 585 2864 655 quemadmodum
2890 585 2947 638 in
2974 583 3160 640 sacris
3179 584 3578 656 apostolorum
3598 584 3743 642 Con-

2087 671 2498 728 stitutionibus
2529 673 2815 744 scriptum
2852 671 3160 743 reperitur.

2159 765 2359 816 Docere
2405 763 2577 828 enim,
2627 778 2735 817 non
2779 763 2988 833 punire
3033 765 3259 832 oportet.
3305 761 3561 817 Observa
3607 761 3742 833 pul-

2085 850 2290 904 chrum
2323 855 2379 904 et
2407 851 2731 906 etiamnum
2765 849 3150 905 utilissimum
3179 851 3424 916 dictum,
3448 851 3742 907 docendos

2086 953 2234 1008 esse,
2257 943 2314 993 et
2345 939 2590 994 minime
2621 939 2950 1012 puniendos
2981 939 3341 1010 ignorantes,
3362 940 3748 1009 quemadmo-

2087 1027 2228 1081 dum
2261 1027 2429 1083 caecis
2461 1029 2741 1084 ducatum
2775 1033 3147 1100 praestamus,
3175 1044 3292 1082 non
3329 1026 3623 1099 supplicia
3650 1028 3743 1082 in-

2085 1115 2346 1186 ﬁgimus.
2389 1117 2539 1172 lllud
2601 1123 2796 1172 autem
2846 1114 2980 1170 κατά
3031 1114 3254 1189 κόρῥης,
3309 1116 3491 1187 aliqui
3538 1117 3744 1172 dicunt

2085 1204 2419 1274 significare
2459 1205 2726 1281 κρόταφον
2761 1223 2864 1261 seu
2912 1209 3146 1276 tempus
3196 1204 3428 1276 capitis,
3460 1205 3555 1260 alii
3608 1223 3741 1262 vero

2083 1309 2286 1364 genas,
2322 1295 2419 1349 alii
2453 1296 2705 1367 denique
2755 1300 2977 1366 partem
3029 1294 3288 1366 aliquam
3322 1293 3554 1366 capitis.
3592 1295 3742 1350 Prte-

2085 1386 2203 1438 stat
2252 1388 2448 1440 autem
2497 1382 2724 1459 κόῤῥην,
2760 1384 2844 1439 uti
2891 1383 3181 1452 dicebam,
3217 1400 3320 1455 pro
3374 1383 3742 1456 temporibus

2085 1473 2368 1543 accipere,
2438 1491 2573 1529 nam
2645 1479 2701 1529 et
2766 1474 3056 1529 Homerus
3123 1472 3224 1528 illa
3287 1470 3489 1546 κόρσην
3552 1477 3740 1529 vocat.

2086 1559 2270 1636 Κόῤῥη
2324 1567 2519 1618 autem
2569 1562 2628 1617 in
2682 1561 3012 1634 penultima
3051 1561 3300 1617 acuitur.
3334 1562 3487 1617 319
3538 1562 3744 1633 Itaque

2084 1651 2467 1722 DemOphilus
2523 1652 2904 1723 posnitentem
2967 1651 3026 1705 in
3082 1650 3450 1720 temporibus
3498 1667 3742 1723 percus-

2083 1745 2262 1795 serat.

2157 1828 2438 1899 Siquidem
2488 1830 2590 1900 qui
2619 1828 2854 1901 injuriis
2884 1830 3126 1899 afﬁcere.
3163 1827 3311 1884 Nota
3359 1827 3557 1900 qualia
3588 1828 3743 1886 dicat

2083 1934 2182 1973 eos
2214 1918 2402 1990 sequi,
2427 1919 2522 1988 qui
2568 1918 2804 1989 injuriis
2860 1918 2950 1974 vel
3001 1916 3300 1973 beneﬁciis
3351 1916 3580 1988 aliquos
3611 1919 3740 1972 affi-

2083 2024 2212 2063 cere
2242 1997 2550 2073 conantur,
2584 2007 2818 2064 etiamsi
2852 2008 3045 2079 reipsa
3077 2023 3193 2062 non
3225 2005 3481 2062 inferant
3511 2023 3579 2063 ea
3610 2024 3737 2079 quas

2080 2096 2376 2152 volebant.

2153 2187 2565 2256 Aggredicntes.
2601 2185 2721 2241 Illis
2754 2201 2963 2256 nempe
2995 2185 3213 2256 quibus
3244 2183 3494 2255 injurias
3523 2183 3612 2240 vel
3645 2186 3743 2240 be-

2084 2275 2288 2330 neﬁcia
2309 2276 2571 2331 conferre
2592 2279 2942 2340 statuerant,
2957 2292 3070 2329 non
3097 2289 3544 2346 usquequaque,
3562 2277 3740 2346 prout

2082 2364 2539 2434 destinaverant,
2584 2369 2993 2436 reposuerunt.
3025 2363 3236 2435 Liquet
3279 2361 3596 2434 imprimis,
3630 2362 3741 2417 hoc

2081 2453 2421 2524 contingere
2452 2471 2556 2524 per
2585 2453 3031 2520 incogitantiam
3060 2468 3264 2507 eorum
3298 2453 3356 2506 in
3389 2468 3539 2523 quos
3567 2451 3742 2506 bene-

2081 2541 2316 2596 ficentia
2337 2542 2657 2609 confertur,
2681 2541 2824 2596 illud
2850 2557 2984 2596 vero
3016 2557 3131 2612 prta
3164 2541 3515 2613 impotentia
3536 2556 3740 2596 eorum

2079 2629 2179 2701 qui
2213 2629 2426 2685 inferre
2460 2635 2672 2702 parant
2702 2630 2976 2700 injurias.

2153 2718 2335 2774 Ethic
2363 2727 2415 2774 et
2454 2719 2554 2773 ibi.
2589 2719 2873 2784 Quoniam
2919 2718 3069 2789 justi
3124 2735 3239 2773 non
3293 2718 3484 2774 solum
3538 2719 3596 2774 in
3649 2720 3743 2774 fu-

2079 2812 2210 2864 turo
2242 2807 2478 2875 seculo,
2509 2809 2609 2862 sed
2655 2807 2833 2863 etiam
2886 2807 2946 2862 in
2996 2807 3106 2862 hac
3135 2806 3277 2876 vita,
3310 2808 3602 2863 bonorum
3637 2824 3742 2862 an.

2078 2897 2342 2970 gelorum
2403 2897 2572 2965 socii,
2634 2897 2753 2952 sive
2808 2894 3066 2961 assecla,
3117 2912 3182 2951 ac
3233 2901 3536 2952 consortes
3586 2897 3739 2952 exsi-

2080 2990 2268 3041 stunt.

2152 3093 2300 3162 Quod
2349 3093 2658 3148 maximum
2707 3101 2788 3148 est
2837 3093 3103 3148 bonorum
3149 3094 3416 3148 omnium.
3451 3093 3739 3157 Quoniam

2082 3183 2368 3238 bonorum
2397 3182 2662 3238 omnium
2698 3182 3022 3237 maximum
3055 3186 3165 3251 est,
3191 3198 3324 3237 cum
3358 3182 3471 3238 Deo
3506 3199 3741 3255 semper

2082 3287 2234 3327 esse.

2151 3360 2284 3416 Cum
2316 3362 2426 3427 hic,
2461 3363 2578 3415 tum
2617 3364 2736 3432 post
2782 3368 3030 3416 mortem.
3065 3360 3352 3426 Quoniam
3404 3365 3740 3432 peccatores

2077 3453 2133 3506 et
2178 3451 2238 3505 in
2279 3449 2384 3505 hac
2422 3449 2542 3505 vita
2591 3455 2648 3505 et
2699 3450 2756 3504 in
2805 3451 3006 3505 futura
3045 3450 3386 3522 punientur,
3438 3466 3573 3504 cum
3625 3451 3741 3505 dm-

2076 3539 2355 3596 monibus
2386 3539 2708 3595 damnandi
2759 3543 2997 3612 propter
3043 3539 3349 3612 passiones
3381 3555 3530 3611 quas
3580 3555 3740 3594 ama-

2077 3633 2237 3684 runt.

2148 3719 2470 3776 Memorabo.
2505 3719 2654 3774 Nota
2704 3718 2988 3775 visionem
3016 3723 3072 3775 S.
3110 3718 3303 3792 Carpi,
3344 3723 3564 3792 quanto
3604 3718 3741 3776 hor-

2077 3825 2206 3864 rore
2235 3826 2300 3864 ac
2331 3807 2729 3864 consolatione
2761 3808 2936 3880 plena
2968 3809 3066 3866 sit.

2150 3988 2298 4056 §VI.
2336 3987 2470 4043 Cum
2499 3989 2768 4043 venissem
2805 3987 3125 4059 aliquando.
3161 3985 3408 4043 Pulchra
3454 3987 3736 4055 narratio,

2079 4077 2233 4148 quod
2267 4094 2384 4132 non
2427 4081 2692 4147 Oporteat
2733 4075 3136 4147 peccatoribus
3186 4073 3343 4130 mala
3393 4074 3732 4147 imprecari,

2077 4165 2317 4222 tametsi
2369 4172 2571 4222 contra
2621 4170 2799 4221 Deum
2854 4170 3118 4237 peccent.
3151 4164 3487 4219 Notandum
3540 4169 3737 4220 autem

2080 4253 2383 4310 historiam
2406 4255 2558 4310 hanc
2580 4255 2856 4310 exhibere
2887 4253 3243 4310 ineffabilem
3273 4253 3736 4309 misericordiam

2079 4335 2311 4398 Domini
2345 4343 2528 4398 nostri
2558 4343 2702 4398 Jesu
2745 4343 2963 4398 Christi
3003 4359 3141 4414 erga
3183 4343 3555 4414 pcenitentes.
3589 4343 3738 4407 Quin

2078 4431 2253 4487 etiam
2302 4433 2425 4504 agit
2462 4435 2534 4487 de
2578 4433 2891 4486 sanctitate
2944 4432 3130 4486 sancti
3161 4431 3372 4502 {Carpi
3408 4436 3509 4487 Est
3539 4435 3739 4486 autem

2077 4520 2173 4576 hic
2204 4522 2450 4592 Carpus,
2493 4523 2664 4591 cujus
2707 4519 2984 4576 meminit
3027 4519 3345 4592 Apostolus
3375 4521 3434 4576 in
3481 4519 3743 4591 Epistola

1995 4602 2041 4666 D
2073 4611 2334 4666 secunda
2366 4611 2437 4666 ad
2473 4609 2873 4666 Timotheum.

2146 4719 2298 4772 Inter
2334 4719 2780 4788 praeparatoria:
2811 4715 3105 4770 orationes.
3141 4712 3472 4788 Προτιλείας
3500 4715 3738 4786 quidem

2076 4806 2453 4878 appellabant
2475 4806 2888 4873 Athenienses,
2906 4821 3106 4877 preces
3132 4803 3266 4859 illas
3289 4821 3436 4876 quas
3465 4821 3580 4859 una
3603 4821 3738 4860 cum

2076 4895 2288 4951 hostiis
2323 4894 2549 4966 nuptiis
2591 4894 3052 4965 praemittebant;
3103 4893 3342 4964 nuptias
3391 4893 3546 4949 enim
3577 4891 3739 4953 τέλος

2075 4983 2476 5055 appellabant,
2502 4987 2566 5038 ut
2591 5000 2719 5054 quae
2741 4982 3043 5038 hominem
3071 4982 3381 5054 perficiant
3411 4983 3468 5036 in
3505 4982 3578 5038 iis
3609 4999 3739 5054 qua:

2075 5074 2148 5128 ad
2183 5073 2335 5128 hanc
2364 5073 2546 5128 vitam
2600 5075 2893 5144 spectant,
2927 5071 3010 5127 uti
3060 5088 3128 5126 ex
3180 5071 3385 5126 multis
3436 5071 3740 5128 comoediis

2075 5167 2382 5234 poetarum
2442 5161 2726 5217 declarari
2781 5165 2995 5233 potest.
3032 5163 3221 5228 Quare
3270 5160 3448 5216 etiam
3500 5161 3743 5233 nuptias

2077 5267 2181 5322 pro
2214 5255 2586 5305 sacramento
2609 5250 2926 5306 habebant.
2954 5249 3241 5304 Dicebant
3262 5254 3458 5305 autem
3489 5248 3746 5326 προτελί-

2079 5339 2259 5405 ζεσθαι
2292 5344 2349 5393 et
2379 5339 2767 5410 προμυεῖσθαι,
2801 5354 2866 5394 ac
2899 5337 2947 5392 si
2981 5338 3281 5394 dicerent:
3315 5341 3466 5395 Ante
3499 5356 3620 5396 rem
3655 5358 3746 5396 sa-

2077 5443 2236 5482 cram
2270 5427 2508 5482 lustrari
2544 5444 2643 5482 seu
2681 5426 2921 5498 purgari
2963 5428 3032 5482 ad
3068 5428 3333 5500 mysterii
3365 5434 3739 5500 apparatum,

2077 5516 2252 5583 sicut,
2302 5517 2462 5571 verbi
2521 5517 2731 5588 gratia,
2784 5516 3062 5572 Cratinus
3115 5516 3173 5571 in
3227 5517 3400 5592 Pylea
3449 5519 3738 5576 dramate.

2077 5604 2329 5661 Maxime
2357 5605 2514 5661 enim
2550 5605 2832 5678 mysteria
2873 5605 3127 5677 alicujus
3174 5623 3206 5663 e
3254 5607 3422 5663 falsis
3469 5607 3734 5680 ipsorum

2077 5695 2193 5751 diis
2222 5691 2355 5764 τὲλη
2391 5699 2448 5752 et
2475 5692 2696 5756 τελετάς
2727 5694 3128 5769 appellabant,
3161 5697 3331 5770 quasi
3364 5698 3735 5770 perﬁcerent,

3375 5827 3454 5886 18
