4106 6394
378 344 487 398 555

1211 338 1578 392 APPENDIX
1612 338 1714 391 AD
1750 335 1994 392 ΟΡΕΒΔ
2027 336 2039 386 Ι

2158 333 2442 392 MONst
2485 338 2988 396 ΔΒΕΟΡΔΘῙΤΕ.
3664 347 3757 404 556

380 472 439 524 et
469 467 538 523 ad
573 466 895 539 perfectum
937 463 1296 519 adducerent
1333 459 1617 516 initiatos.
1649 459 1812 523 Quod
1848 457 2030 529 igitur

2158 450 2354 544 Ξισεϐῶς
2407 454 2700 532 λεγόμενον
2760 481 2837 523 εις
2883 463 2946 516 τὸ
2999 467 3102 532 τῆς
3172 461 3428 534 ἀληθείας
3485 470 3756 544 μυστήριον

380 576 414 613 a
441 555 765 629 gentilibus
787 554 857 609 ad
891 554 1254 624 impietatem
1282 550 1660 615 referebatur,
1689 548 1746 602 id
1783 563 2036 619 magnus
2062 560 2070 567 '

378 646 694 717 Dionysius
726 644 795 698 ad
827 642 1090 697 veritatis
1123 640 1468 712 mysterium
1503 638 1782 704 traduxit,
1815 639 1867 691 et
1897 653 2036 706 προ-

379 731 625 795 τελείους
655 734 810 789 320
842 729 1006 805 εὐχάς
1049 731 1194 785 dixit
1238 745 1338 784 eas
1389 743 1591 798 preces
1639 742 1770 797 qua)
1818 723 2033 778 vivifici

379 822 735 880 sacramenti
768 820 1265 876 consecrationem
1301 815 1658 887 praecedunt,
1696 830 1798 886 pro
1832 813 2033 884 expia-

379 914 541 968 tione
571 928 636 966 ac
679 910 1104 981 deprecatione,
1140 923 1210 962 ue
1259 904 1613 960 sacramenti
1663 901 2033 974 participatio

383 1003 552 1058 cedat
581 1001 640 1055 in
664 997 957 1070 judicium
990 992 1476 1059 communicanti,
1507 996 1564 1047 et
1597 1008 1700 1063 pro
1732 990 2034 1063 perfectis-

384 1091 536 1146 simo
575 1105 643 1144 ac
693 1086 1030 1160 perﬁciente
1074 1082 1501 1139 sacriﬁciorum
1552 1095 1795 1136 munere
1843 1080 2034 1152 impe-

383 1179 616 1234 trando.
651 1171 1054 1247 Ἐξεναγώγησε
1101 1175 1300 1228 autem
1349 1171 1570 1243 posuit,
1605 1185 1731 1241 pro,
1777 1167 2033 1240 hospitio

383 1266 630 1338 excepit.

454 1355 591 1410 Cum
617 1355 796 1410 adhuc
823 1352 937 1406 dies
971 1351 1173 1406 hitarii
1209 1365 1304 1405 seu
1347 1348 1679 1403 Hilaritatis.
1713 1347 1891 1402 Erant
1921 1345 2035 1400 ali-

381 1444 482 1516 qui
512 1444 639 1498 dies
686 1440 1032 1510 idololatria,
1068 1455 1217 1510 quos
1263 1437 1516 1493 Hilarios
1545 1436 1854 1501 vocabant,
1887 1438 1943 1490 et
1974 1433 2034 1489 hi

378 1533 618 1604 quidem
642 1535 810 1586 erant
840 1528 1049 1602 privati
1073 1533 1128 1582 et
1154 1527 1372 1590 hilarii,
1397 1530 1462 1580 ut
1482 1541 1611 1580 cum
1635 1523 1770 1596 quis
1795 1539 2032 1578 uxorem

377 1622 644 1688 duxerat,
677 1619 763 1674 vel
816 1619 1003 1673 ﬁlium
1053 1619 1364 1688 genuerat;
1418 1629 1765 1670 communes
1795 1629 1927 1667 vero
1968 1628 2033 1666 ac

375 1709 621 1782 publici,
658 1712 721 1763 ut
748 1724 881 1784 cum
915 1706 1211 1777 quispiam
1245 1721 1343 1760 rex
1375 1705 1765 1773 inauguratus
1797 1717 1899 1756 seu
1932 1700 2032 1755 de-

375 1799 656 1868 claratus,
691 1796 959 1869 publicos
1012 1795 1261 1849 Hilarios
1293 1792 1419 1848 dies
1450 1791 1767 1847 indicebat.
1803 1789 2033 1844 Nemini

376 1905 480 1960 per
516 1904 616 1943 eos
665 1886 790 1940 dies
848 1884 1065 1939 licebat
1112 1881 1437 1953 quidquam
1491 1879 1737 1949 lugubre
1783 1883 2035 1950 gestare,

379 1977 481 2032 sed
515 1974 852 2047 spectacula
892 1972 1296 2042 sacriﬁciaque
1341 1971 1398 2024 in
1433 1969 1558 2024 dies
1591 1968 1858 2039 singulos
1889 1966 2035 2022 cele-

381 2066 730 2133 brabantur,
761 2068 819 2118 et
863 2062 1131 2132 lugentes
1164 2065 1291 2114 tum
1325 2059 1436 2114 sibi
1467 2075 1499 2112 a
1530 2057 1691 2112 luctu
1742 2063 2037 2128 tempera-

381 2153 548 2220 bant,
581 2156 757 2223 atque
802 2148 1154 2222 spectaculis
1186 2150 1529 2212 intererant,
1564 2146 1742 2216 inque
1786 2143 2038 2217 publicis

384 2241 668 2296 conviviis
701 2239 1036 2296 istiusmodi
1071 2239 1194 2292 dies
1223 2236 1472 2292 Hilarios
1505 2235 1928 2305 transigebant.
1952 2233 2036 2287 Ad

382 2331 507 2386 haec
537 2329 711 2385 etiam
752 2333 879 2385 erat
925 2327 1206 2382 Romanis
1254 2325 1569 2398 peculiaris
1620 2324 1860 2396 quidam
1913 2322 2039 2377 dies

381 2421 570 2476 festus
589 2418 845 2474 Hilarius
869 2417 927 2472 in
949 2416 1232 2471 honorem
1257 2414 1464 2470 matris
1484 2413 1726 2468 deorum
1748 2411 2038 2482 ipsorum,

384 2509 528 2580 quin
560 2507 762 2580 potius
785 2505 1314 2568 daemoniorummt
1343 2501 1538 2573 inquit
1565 2499 1950 2572 Demophilus
1981 2499 2040 2554 in

379 2597 531 2653 libro
563 2599 641 2652 De
668 2597 960 2666 sacriﬁciis
988 2611 1055 2650 ac
1083 2593 1486 2663 festivitatibus
1516 2592 1893 2661 antiquorum.

456 2693 563 2744 Per
592 2695 764 2743 totam
792 2686 983 2742 vitam.
1023 2686 1080 2739 Id
1111 2689 1201 2740 est
1232 2683 1493 2755 quandiu
1527 2683 1584 2736 in
1620 2680 1890 2753 presenti
1924 2679 2042 2734 vita

384 2776 566 2848 degit.
601 2776 937 2831 Notandum
979 2779 1174 2828 autem
1221 2772 1443 2828 amicos
1477 2771 1578 2827 Dei
1610 2787 1711 2841 per
1738 2773 1921 2824 totam
1949 2769 2041 2822 vi-

383 2871 505 2921 tam
541 2865 751 2920 debere
801 2868 1064 2918 errantes
1116 2862 1450 2926 instituere,
1483 2865 1539 2914 et
1583 2858 1920 2931 pertrahere
1969 2857 2041 2912 ad

387 2953 749 3026 agnitionem
785 2951 1070 3008 veritatis.
1106 2951 1224 3005 Hoc
1267 2950 1461 3021 ipsum
1514 2948 1713 3018 itaque
1760 2947 2038 3012 observa;

389 3043 629 3113 quidam
661 3041 817 3096 enim
857 3039 1130 3112 imperite
1161 3037 1521 3093 contrarium
1573 3039 1866 3102 asserunt,
1899 3050 2042 3106 apo-

392 3128 595 3186 stolico
627 3128 864 3185 oraculo
897 3130 1230 3194 abutentes,
1256 3143 1371 3198 quo
1415 3125 1636 3180 dicitur
1668 3139 1681 3178 :
1719 3123 2043 3178 tlwreticum

2146 542 2422 615 ὠνόμασεν
2459 549 2486 601 ὁ
2531 550 2698 622 μέγας
2748 550 3046 622 Διονύσιος,
3099 551 3188 606 καὶ
3236 551 3582 627 προτελείους
3628 542 3759 614 εἶπεν

2144 631 2307 707 εὐχὰς
2364 635 2457 696 τὰς
2513 638 2618 712 πρὸ
2672 642 2770 692 τοῦ
2857 644 3131 707 ζωοποιοῦ
3225 643 3522 713 μυστηρίου
3576 645 3764 702 τελειο-

2140 720 2302 784 τάτας
2353 720 2566 793 δεήσεις
2616 726 2748 802 ὑπὲρ
2789 729 3103 804 καθάρσεως
3148 730 3239 784 καὶ
3285 731 3634 805 ἀκατακρίτου
3679 757 3764 807 με·

2139 811 2432 884 ταλήψεως
2471 818 2569 868 τοῦ
2617 814 2964 872 τελειοτάτου
3009 816 3100 872 καί
3147 818 3495 874 τελειοποιοῦ
3548 826 3649 876 τῶν
3681 835 3762 886 θυ-

2145 902 2275 953 σιῶν
2309 897 2508 976 δώρου.
2539 905 2960 980 ⁰Εζεναγώγησε
3006 903 3063 961 δὲ
3089 905 3206 961 ἀντὶ
3234 911 3355 978 τοῦ,
3387 907 3458 969 ὡς
3490 908 3635 981 ξένον
3665 908 3766 966 ἰδε-

2145 987 2395 1057 ειώσατο.

2177 989 2395 1045 ιώσατο.

2212 1347 2329 1400 Ἔτι
2387 1348 2494 1398 τῶν
2547 1344 2796 1418 Ἰλαρίων
2854 1347 3102 1420 ἡμερῶν.
3160 1347 3328 1403 Ἦσαν
3387 1345 3529 1410 τινὶς
3582 1345 3771 1422 ἡμέραι

2141 1439 2258 1496 τοῖς
2293 1431 2745 1507 εἰδωλολάτραις,
2779 1433 2836 1496 ἃς
2887 1431 3128 1506 Ἱλαρίας
3173 1433 3402 1491 ἐκάλουν
3438 1454 3452 1467 ·
3483 1434 3571 1489 καὶ
3602 1437 3654 1489 αἱ
3688 1437 3774 1508 μὶν

2143 1524 2277 1592 ἦσαν
2312 1519 2442 1576 ξ’διαι
2471 1523 2560 1576 καὶ
2613 1521 2842 1596 ἱλάριοι,
2893 1524 2969 1586 ὡς
3023 1523 3147 1579 δταν
3201 1545 3287 1588 τις
3342 1522 3569 1600 ἔγημεν,
3599 1522 3634 1594 ἤ
3665 1525 3771 1579 υἱόν

2143 1611 2334 1666 ἐκτᾶτο
2364 1630 2375 1643 ·
2405 1611 2459 1664 αἱ
2492 1607 2549 1664 δὲ
2578 1611 2752 1666 κοιναὶ
2791 1611 2879 1666 καὶ
2936 1609 3197 1685 δημόσιαι
3230 1611 3444 1687 ἱλάριαι
3477 1612 3778 1685 ἐκαλοῦντο,

2145 1702 2218 1762 ὡς
2275 1698 2398 1754 ὅταν
2465 1699 2721 1772 βασιλεὺς
2796 1701 3289 1776 ἀναγορευόμενος,
3366 1703 3462 1764 τὰς
3521 1698 3774 1775 δημοσίας

2146 1788 2388 1864 Ἱλαρίας
2421 1794 2676 1864 παρεῖχε.
2726 1789 2824 1844 Καὶ
2874 1789 2998 1844 οὕτε
3040 1791 3280 1864 πένθιμα
3338 1789 3392 1846 ἐν
3419 1791 3637 1853 ταύταις
3688 1811 3775 1868 φο-

2150 1883 2258 1955 ρεῖν
2315 1876 2457 1947 ἐξῆν,
2517 1877 2663 1932 ἀλλὰ
2708 1876 2798 1932 καί
2855 1880 2970 1932 θεαι
3028 1880 3117 1934 καὶ
3166 1881 3346 1934 θυσίαι
3395 1881 3514 1934 καθ’
3565 1877 3774 1950 ἑκάστην

2147 1967 2358 2039 ἡμέραν
2419 1962 2755 2022 διετελοῦντο
2836 1963 3120 2040 δημόσιαι,
3198 1967 3287 2022 καὶ
3368 1969 3421 2023 οἱ
3478 1971 3780 2033 πενθοῦντες

2149 2054 2432 2126 ἐπαύοντο,
2463 2059 2551 2109 καί
2610 2053 2898 2129 ἐθεώρουν,
2949 2056 3037 2110 καὶ
3093 2055 3144 2111 ἐν
3201 2057 3470 2132 εὐωχίαις
3501 2055 3780 2120 ἀπαύστοις

2149 2141 2343 2217 διῆγον
2395 2143 2489 2208 τὰς
2541 2144 2844 2219 ὡρισμένας
2895 2146 3104 2218 ἡμέρας
3161 2151 3282 2210 ταῖς
3337 2145 3621 2208 τοιαύταις
3659 2145 3786 2203 Ἱλα-

2152 2234 2312 2309 ρίαις.
2373 2238 2468 2286 Ἢν
2527 2229 2583 2286 δὲ
2638 2233 2728 2287 καὶ
2787 2233 3021 2308 Ἱλαρία,
3081 2235 3242 2310 ὲορτή
3303 2233 3461 2304 ἷδικὴ
3519 2236 3787 2308 Ῥωμαίων

2149 2322 2226 2385 εἷς
2270 2323 2437 2393 τιμὴν
2493 2328 2592 2390 τῆς
2654 2323 2861 2395 μητρὸς
2905 2327 3011 2377 τῶν
3065 2328 3199 2387 θεῶν
3255 2324 3468 2393 αὐτῶν,
3502 2321 3709 2396 μᾶλλον
3744 2321 3793 2378 δὶ

2149 2405 2446 2482 δαιμόνων,
2480 2408 2554 2471 ὥς
2599 2409 2729 2484 φησὶ
2785 2409 3107 2490 Δημόφιλος
3160 2413 3211 2469 ἓν
3263 2417 3344 2486 τῷ
3383 2413 3516 2489 Περὶ
3545 2416 3650 2467 τῶν
3679 2413 3792 2487 παρ’

2149 2497 2402 2573 ἀρχαίοις
2433 2499 2629 2553 θυσιῶν
2659 2499 2749 2554 καὶ
2781 2499 3001 2576 ἑορτῶν.

2222 2677 2317 2730 Διά
2350 2676 2474 2750 βίου
2503 2677 2725 2739 παντός.
2775 2679 3031 2734 Τουτέστι
3095 2679 3261 2755 μέχρι
3318 2679 3399 2734 τὰ
3455 2685 3556 2749 τῆς
3607 2676 3799 2754 παρού-

2151 2786 2250 2836 σης
2309 2764 2558 2836 ἐνέστηκε
2620 2772 2788 2837 ζωῆς.
2871 2769 3221 2840 Σημειωτέον
3281 2765 3338 2823 δὶ
3407 2768 3492 2823 ὅτι
3553 2765 3633 2822 δεῖ
3681 2764 3798 2827 τοὺς

2153 2852 2427 2932 θεοφιλεῖς
2459 2851 2548 2909 διά
2607 2855 2728 2931 βίου
2787 2857 2988 2918 παντὸς
3028 2862 3299 2920 νουθετεῖν
3374 2855 3504 2918 τοὺς
3534 2853 3800 2924 πεπλανη-

2157 2940 2374 3015 μένους,
2407 2944 2498 2996 καὶ
2532 2943 2608 3007 εἷς
2645 2943 2934 3019 ἐπίγνωσιν
2984 2943 3244 3013 ἀληθείας
3290 2939 3508 3002 ἕλκειν.
3563 2943 3801 3017 Σημείω-

2153 3051 2238 3085 σαι
2267 3029 2358 3086 οὖν
2386 3031 2514 3086 αὐτό
2549 3051 2561 3065 °
2594 3034 2733 3096 τινὲς
2774 3035 2877 3108 γὰρ
2923 3034 3147 3106 ἀμαθῶς
3192 3034 3256 3088 τὸ
3289 3033 3544 3090 ἐναντίον
3577 3032 3804 3110 λέγουσι,

2151 3121 2492 3196 κεχρημένοι
2524 3125 2603 3193 τῷ
2645 3119 2997 3194 ἀποστολικῷ
3051 3122 3202 3198 ῥητῷ
3231 3127 3311 3195 τῷ
3342 3122 3575 3200 λέγοντι
3611 3142 3623 3157 ⁸
3658 3123 3805 3197 Αἱρε-

394 3220 678 3275 hominem
707 3227 822 3289 post
847 3221 1096 3288 primam
1137 3219 1187 3272 et
1230 3217 1464 3271 alteram
1494 3213 1925 3268 admonitionem
1953 3212 2039 3268 de-

2158 3211 2308 3264 τικὺν
2367 3207 2650 3284 ἄνθρωπον
2714 3211 2848 3283 μετὰ
2919 3211 3145 3285 πρώτην
3223 3210 3315 3266 καὶ
3384 3210 3634 3286 δευτέραν
3690 3230 3799 3265 νου-

389 3309 506 3363 vita
532 3308 625 3379 (t);
661 3307 776 3362 vim
828 3307 1117 3361 dictorum
1173 3303 1418 3360 minime
1467 3301 1884 3374 intelligentes,
1917 3317 2045 3373 quas

389 3413 494 3468 per
520 3397 828 3468 sequentia
848 3396 1025 3450 verba
1049 3394 1300 3449 maxime
1323 3391 1673 3448 declaratur.
1699 3393 1864 3446 Tunc
1886 3391 2045 3446 enim

387 3491 523 3557 post
580 3485 834 3556 primam
884 3489 941 3539 et
988 3483 1307 3539 secundam
1361 3481 1772 3551 monitionem,
1813 3479 2044 3536 evitatio

375 3575 541 3644 justa
572 3573 798 3628 censeri
850 3573 1043 3640 debet,
1067 3572 1304 3644 quando
1357 3570 1457 3643 qui
1509 3574 1728 3639 monet,
1762 3571 1834 3625 ad
1867 3571 2046 3625 evita-

379 3663 604 3718 tionem
663 3663 950 3734 procedit,
997 3665 1365 3732 compertum
1417 3660 1642 3716 habens
1690 3659 1868 3714 talem
1918 3659 2044 3728 jam

383 3752 738 3806 subversum
773 3767 922 3818 esse,
945 3751 1177 3805 etiarnsi
1210 3750 1265 3804 id
1312 3749 1510 3815 lateat,
1536 3765 1671 3803 cum
1703 3747 1782 3802 sit
1813 3745 2047 3816 proprio

373 3839 603 3911 judicio
634 3840 1082 3894 condemnatus.
1116 3837 1491 3893 Manifestum
1542 3836 1698 3891 enim
1732 3833 1873 3906 quia
1905 3850 2047 3887 san—

384 3929 499 3984 ctis
529 3928 868 3983 doctoribus
901 3926 1192 3982 revelatur
1222 3931 1416 3982 status
1438 3924 1768 3980 conditiove
1800 3936 2052 3992 praesen-

382 4017 556 4072 tium.
589 4015 702 4071 Alii
733 4033 866 4072 vero
899 4016 1121 4072 dictum
1165 4015 1295 4081 hoc,
1326 4017 1446 4085 post
1477 4028 1648 4067 unam
1699 4013 1752 4066 et
1799 4011 2046 4065 alteram

384 4108 771 4172 monitionem,
796 4105 879 4160 sic
910 4104 1349 4169 intellexerunt,
1375 4118 1440 4158 ac
1471 4102 1520 4156 si
1543 4099 1766 4155 dictum
1791 4099 1886 4165 sit,
1913 4104 2047 4170 post

388 4196 714 4251 doctrinam
747 4212 815 4250 ex
845 4193 1036 4250 Veteri
1067 4193 1345 4263 Novoque
1367 4192 1746 4246 Testamento
1778 4190 2047 4262 deprom-

388 4289 572 4357 ptam.

459 4375 828 4429 Consueverat
875 4373 1026 4428 enim
1077 4380 1227 4426 tunc.
1277 4373 1425 4424 Nota
1477 4367 1854 4423 traditionem
1905 4385 2042 4440 apo-

384 4461 654 4520 stolicam
680 4466 996 4517 nocturnas
1031 4458 1371 4532 psalmodiae
1405 4455 1639 4528 regulas
1670 4456 2004 4512 tradidisse.

454 4642 662 4712 Absque
701 4641 1134 4713 perturbatione.
1171 4637 1280 4693 Illa
1310 4634 1600 4708 particula
1634 4636 1902 4707 negativa
1931 4653 2038 4693 non

388 4745 523 4786 cum
557 4732 669 4786 isto
700 4730 903 4801 absque
947 4728 1357 4794 perturbatione
1405 4726 1805 4779 construenda
1832 4730 1943 4792 est,
1977 4732 2041 4782 ut

384 4820 464 4876 sit
492 4836 706 4876 sensus
732 4836 745 4874 ε
771 4821 1156 4890 Experrectus
1189 4813 1466 4876 surrexit,
1501 4829 1635 4868 cum
1669 4830 1908 4870 somnos
1939 4832 2042 4887 pa-

384 4927 517 4966 rum
552 4911 783 4982 quietos
813 4909 885 4964 ob
918 4923 1121 4963 eorum
1172 4904 1666 4974 interruptionem
1717 4905 2043 4971 habuisset,

386 5016 579 5072 neque
619 5001 845 5071 absque
895 4994 1335 5067 perturbatione
1367 4994 1513 5049 82]
1551 4997 1728 5065 esset,
1759 4995 1833 5050 ob
1883 5012 2044 5052 som-

384 5090 618 5144 niorum
651 5085 1137 5158 interruptiones.

453 5177 804 5232 Precabatur
835 5177 1004 5230 Deum
1034 5178 1096 5227 ut
1122 5172 1366 5244 fulgetra
1397 5171 1676 5244 quopiam.
1707 5173 1927 5246 Fulgur
1958 5179 2048 5231 est

380 5265 621 5336 obliqua
653 5265 806 5320 aeris
838 5262 1189 5318 inﬂammati
1226 5261 1405 5322 motio
1457 5277 1709 5334 superne
1741 5263 2042 5324 deorsum.

453 5429 520 5502 (t)
553 5428 670 5484 Tit.
705 5445 790 5496 In,
830 5427 916 5482 10.

2157 3299 2334 3363 θεσίαν
2387 3305 2676 3373 παραιτοῦ,
2741 3301 2816 3372 μὴ
2868 3303 3117 3361 νοοῦντες
3173 3304 3284 3354 τῶν
3348 3301 3662 3376 εἰρημένων
3712 3299 3800 3367 τὴν

2158 3386 2408 3460 δύναμιν,
2450 3388 2509 3442 ἐκ
2562 3392 2666 3443 τῶν
2724 3388 3006 3460 ἑπομένων
3066 3388 3247 3464 ῥητῶν
3305 3390 3554 3463 μάλιστα
3598 3407 3804 3466 σαφηνι-

2159 3477 2414 3549 ζομένην.
2447 3477 2588 3534 Τότε
2628 3478 2730 3552 γὰρ
2770 3475 3002 3551 εὕλογοσ
3047 3478 3082 3546 ἡ
3137 3479 3270 3550 μετὰ
3317 3479 3553 3555 πρώτην
3581 3477 3668 3533 καὶ
3699 3473 3805 3530 δευν

2153 3569 2310 3642 τέραν
2340 3567 2619 3621 νουθεσίαν
2679 3565 3031 3639 παραίτησις,
3090 3564 3218 3621 ὅταν
3282 3567 3312 3621 ὁ
3378 3564 3654 3622 διδάσκων
3680 3563 3804 3639 πρὸς

2155 3656 2254 3722 τὴν
2286 3654 2609 3729 παραίτησιν
2644 3653 2802 3728 ἔλθῃ,
2846 3652 3003 3716 εἰδὼς
3055 3653 3139 3709 ὅτι
3188 3655 3554 3731 έξέστραπται
3587 3657 3615 3712 ὁ
3643 3656 3808 3711 τοιοῦ-

2155 3763 2270 3812 τος,
2327 3742 2416 3796 καὶ
2477 3741 2725 3807 λανθάνει
2771 3741 2843 3798 ὢν
2901 3741 3386 3821 αὐτοκανέἱκριτος·
3448 3743 3633 3817 Δῆλον
3690 3744 3805 3820 γὰρ,

2157 3831 2231 3892 ὡς
2262 3830 2314 3884 ἐν
2363 3830 2478 3894 τοὶς
2539 3833 2712 3908 ἱεροῖς
2769 3830 3121 3896 διδασκάλοις
3171 3832 3637 3891 ἀποκαλύπτεται
3665 3832 3808 3900 καὶῆ

2154 3925 2262 3975 τῶν
2295 3924 2630 3997 προσιόντων
2697 3922 3045 3986 κακάστασις.
3124 3927 3348 3999 ’Έτεροι
3426 3925 3510 3996 δὲ,
3570 3927 3632 3981 τὸ
3688 3922 3814 3999 μετᾶ

2154 4013 2380 4084 πρώτην
2423 4011 2513 4066 καὶ
2562 4010 2807 4088 δευτέραν
2868 4014 3166 4081 νουθεσίαν,
3219 4013 3403 4080 οὕτως
3456 4013 3715 4089 ἐνόμισαν
3752 4013 3816 4075 ⁸⁸,

2154 4099 2268 4154 ἀντὶ
2295 4105 2412 4171 τοῦ,
2449 4102 2581 4174 μετά
2608 4103 2707 4170 τήν
2749 4100 2808 4157 ἐκ
2854 4105 2952 4172 τῆς
3004 4101 3247 4167 Παλαιᾶς
3298 4105 3396 4160 καὶ
3444 4104 3591 4168 Νέας
3624 4102 3817 4172 Διαθή-

2153 4209 2254 4259 κης
2286 4185 2657 4246 διδασκαλίαν.

2225 4276 2420 4332 Εἰώθει
2480 4278 2578 4354 γὰρ
2637 4277 2713 4342 είς
2757 4279 2934 4336 τόνδε.
2979 4279 3298 4354 Σημείωσαι
3359 4284 3448 4338 ὅτι
3513 4285 3549 4352 ἠ
3587 4282 3820 4336 ἀποστο-

2155 4365 2284 4434 λική
2317 4364 2614 4442 παράδοσις
2645 4367 2774 4431 τοὺς
2817 4369 3161 4446 νυκτερινοὺς
3185 4374 3294 4426 τῶν
3331 4369 3694 4446 ψαλμῳδιῶν
3728 4388 3821 4425 κα·

2151 4456 2309 4519 νόνας
2341 4455 2670 4534 παρέδωκεν.

2221 4547 2363 4616 Ἓξω
2409 4555 2681 4623 ταραχῆς.
2742 4548 2820 4604 Τὸ
2877 4546 2938 4602 ού
2973 4548 3262 4624 ἀρνητικὸν
3323 4550 3533 4627 μόριον
3591 4551 3727 4628 πρὸς
3765 4547 3823 4604 τὸ

2152 4631 2252 4705 ἔξω
2281 4643 2531 4711 ταραχῆς
2585 4636 2927 4708 συντακτέον,
2981 4635 3071 4693 ’ἕνα
3126 4637 3162 4714 ᾖ
3217 4639 3278 4693 τὸ
3334 4639 3478 4697 ὅλον
3527 4645 3819 4696 τοιοῦτον·

2151 4725 2514 4794 Διανίσταται,
2543 4724 2666 4781 ούδὶ
2707 4730 2814 4781 τῶν
2874 4726 3055 4782 ὕπνων
3114 4727 3348 4784 πολλῶν
3406 4725 3617 4799 ὅντων,
3652 4728 3739 4785 διὰ
3763 4727 3819 4782 τὸ

2155 4817 2505 4894 ἐγκόπτεσθαι
2563 4817 2756 4880 αὐτοὺς
2823 4817 3159 4891 ἀπολαύσας,
3215 4817 3345 4876 οὐδὲ
3408 4817 3519 4893 ἔξω
3579 4826 3824 4899 ταραχῆς

2157 4908 2442 4982 ὑπάρχων,
2471 4904 2560 4961 διὰ
2587 4908 2649 4962 τὸ
2680 4906 2769 4962 καὶ
2795 4906 2922 4972 τοὺς
2951 4907 3151 4972 ὕπνους
3184 4908 3584 4984 ἐγκόπτεσθαι.

2228 5173 2434 5230 Ἐδεῖτο
2481 5179 2578 5229 τοῦ
2631 5179 2764 5232 Θεοῦ
2819 5178 3097 5253 πρηστῆρί
3151 5198 3280 5234 τινι.
3346 5174 3634 5255 Πρηστήρ
3700 5178 3838 5234 ἐστιν

2157 5262 2467 5333 ἑλικοειδὴς
2525 5265 2735 5337 κίνησις
2816 5264 3014 5322 ἄνωθεν
3100 5268 3249 5323 κάτω
3301 5267 3480 5343 ἀέρος
3547 5269 3834 5346 διαπύρου.

1385 5525 1625 5583 νΛΗΙίΕ
1665 5528 2061 5589 LECTIONES
2100 5533 2191 5590 ET
2229 5531 2795 5590 CORBECTIONES.

466 5646 511 5682 ⁸ο
543 5641 787 5716 ἐνόησαν.
