4106 6386
278 375 388 432 557

1247 379 1307 433 Β.
1348 377 1613 434 ΜΔΧΙΜΙ
1653 380 1958 434 SCHOLIA
1994 381 2068 435 IN
2108 381 2265 435 ΕΡΡ.
2305 384 2364 437 Β.
2404 383 2743 437 DIONYSII.

3595 379 3703 434 558

281 498 436 556 Καίει
470 496 528 554 δὲ
571 500 636 555 τὸ
688 502 960 569 τοιοῦτον,
995 498 1114 556 ὅθεν
1145 501 1237 557 καὶ
1267 501 1414 575 παρὰ
1466 500 1529 556 τὸ
1560 505 1807 576 πιμπρᾷν
1845 499 1933 556 Λέ-

2071 503 2261 560 tdurit
2310 509 2528 574 autem,
2571 505 2729 561 unde
2776 505 2952 562 etiam
3005 521 3038 560 a
3085 506 3334 578 πιμπρᾷν
3384 502 3704 560 derivatur.

281 609 431 663 γεται
442 630 454 641 .

354 676 626 752 Ἀπείρων
656 675 1095 752 ἆνθρωποειδῶς.
1142 676 1458 751 Σημείωσαι
1505 676 1587 733 ὅτι
1616 679 1703 733 καὶ
1742 678 1947 754 ἀνθρω-

280 763 522 828 ποειδῶς
553 771 670 829 τοῖς
699 765 874 842 ἁγίοις
904 767 1123 843 ἄγγελοι
1155 767 1549 845 ἐπιφαίνονται.

354 855 488 910 Ὑπὸ
542 855 645 924 τῆς
692 857 799 910 τῶν
852 854 1066 910 οἰκείων
1114 853 1321 913 ποδῶν.
1378 854 1695 928 Σημείωσαι
1744 857 1806 910 τὸ
1839 855 1943 910 ὐπὸ

280 951 383 1013 τῆς
415 948 526 998 τῶν
569 941 780 998 οῗκείων
832 941 1016 998 ποδῶν
1048 943 1326 1012 ἀστασίας,
1367 945 1397 998 ’ὃ
1444 941 1610 1014 δηλοῖ
1659 944 1722 999 τὸ
1771 946 1943 1000 εὐπα-

284 1035 529 1112 ράφορον
554 1037 656 1103 τῆς
695 1031 1085 1108 προαιρέσεως·
1148 1033 1224 1106 μὴ
1277 1032 1607 1108 βουλόμενοι
1654 1035 1784 1110 γὰρ,
1842 1034 1944 1088 οὐκ

281 1123 534 1178 ἔπιπτον.

350 1212 448 1274 Εἷς
506 1210 568 1266 τὸ
617 1209 845 1286 ἀχανές.
907 1211 1224 1285 Σημείωσαι
1275 1213 1393 1273 πῶς
1452 1211 1479 1265 ὁ
1537 1205 1798 1273 διάϐολος
1853 1209 1941 1286 ῥί-

277 1319 399 1354 πτει
455 1298 584 1364 τοὺς
642 1300 958 1374 ἀνθρώπους
1018 1298 1091 1356 εἷς
1146 1297 1210 1354 τὸ
1268 1300 1459 1361 σκότος
1512 1300 1573 1354 τὸ
1622 1298 1880 1374 ἐξώτερον
1923 1344 1937 1368 ,

279 1387 415 1465 ὅπερ
469 1387 696 1443 ἂνταῦθα
756 1388 954 1464 ἀχανὲς
1008 1387 1188 1455 καλεῖ,
1240 1389 1488 1444 τουτέστι
1546 1388 1841 1464 βάραθρον,
1902 1391 1937 1459 ἢ

280 1479 528 1546 ἀπατῶν,
586 1476 622 1546 ἢ
684 1476 841 1532 ὠθῶν
889 1476 1018 1540 τοὺς
1070 1474 1424 1550 πειθομένους
1480 1476 1647 1549 αὐτῷ.
1696 1478 1846 1532 ’Ἐστι
1880 1476 1939 1532 δὲ

279 1569 370 1623 ὅτε
417 1566 509 1622 καὶ
557 1563 808 1642 ἀσελγεῖς
870 1565 1187 1640 ἀνθρώπους
1243 1565 1534 1641 συνεργοὺς
1593 1565 1758 1619 αὐτοῦ
1799 1563 1939 1638 λαμ·

281 1651 433 1710 ϐἀνει
468 1653 546 1718 εἷς
574 1656 674 1723 τὴν
724 1654 920 1727 ἐτέρων
954 1655 1188 1725 ἀπάτην,
1243 1655 1316 1717 ὡς
1365 1655 1457 1708 καὶ
1500 1655 1592 1709 τὸν
1627 1651 1936 1710 εἰδωλολά-

277 1766 415 1821 τρην
446 1744 533 1799 ἐπὶ
562 1745 654 1798 τὸν
685 1747 775 1797 νῦν
805 1741 1168 1813 ἀπατηθέντα,
1195 1743 1316 1818 περὶ
1348 1741 1410 1798 οὗ
1442 1744 1469 1797 6
1499 1741 1689 1818 λόγος.
1723 1743 1816 1797 Διὸ
1847 1743 1936 1796 καὶ

279 1834 333 1892 ἐν
360 1837 431 1909 τῇ
467 1833 699 1904 ὀπτασίᾳ
729 1832 924 1907 ἄνδρας
958 1833 1057 1907 ὁρᾷ
1086 1831 1279 1905 μεταξὺ
1309 1834 1416 1886 τῶν
1463 1826 1660 1908 ὄφεων,
1691 1832 1938 1886 τουτέστι

276 1927 388 1979 τῶν
421 1921 720 1995 δαιμόνων,
752 1917 1011 1983 ἕλκοντας
1041 1920 1166 1983 τοὺς
1210 1921 1310 1976 ὑπὸ
1341 1924 1437 1976 τοῦ
1469 1916 1732 1976 διαϐόλου
1777 1941 1935 1990 νικη-

276 2015 489 2078 θέντας,
523 2013 598 2066 ὧν
629 2014 776 2083 ἡμᾶς
809 2011 837 2065 6
865 2010 1066 2084 Κύριος
1101 2009 1481 2085 ἐλευθερώσω.

347 2103 480 2156 Ὑπὸ
547 2105 645 2155 τοῦ
712 2103 902 2154 κακοῦ.
952 2099 1269 2170 Σημείωσαι
1327 2099 1389 2153 τὸ
1442 2098 1544 2152 ὑπὸ
1594 2101 1692 2152 τοῦ
1740 2101 1932 2165 κακοῦ,

269 2191 519 2246 τουτέστι
568 2191 666 2258 τῆς
711 2186 998 2262 ἁμαρτίας,
1054 2188 1184 2261 ὅπερ
1235 2187 1433 2264 κυρίως
1482 2187 1644 2241 κακὸν
1697 2185 1751 2240 ἐν
1795 2207 1933 2260 προ-

270 2280 478 2352 αιρέσει
508 2278 828 2350 τικτόμενόν
856 2298 1052 2355 φαμεν.
1104 2278 1179 2334 Τὸ
1223 2274 1278 2331 δὲ
1327 2275 1548 2338 ἄκοντες
1600 2275 1687 2329 καὶ
1746 2274 1932 2350 βιαζό-

274 2389 434 2445 μενοι
497 2370 572 2442 μὴ
635 2367 1028 2444 ἀναγκαστικήν
1079 2387 1200 2421 τινα
1249 2363 1496 2439 δύναμιν,
1538 2363 1780 2420 τουτέστι
1837 2363 1929 2418 τὸν

271 2455 538 2515 διάϐολον
594 2459 846 2525 νοητέον,
903 2455 980 2518 ὡς
1038 2456 1366 2530 Μανιχαίοις
1424 2453 1514 2509 καὶ
1563 2452 1931 2514 Μεσαλιανοῖς

273 2547 454 2604 δοκεῖ·
487 2545 613 2602 ἀλλ’
661 2547 744 2601 ὅτι
781 2543 1098 2617 πειθόμενοι
1145 2543 1206 2598 τὸ
1253 2544 1417 2598 κακὸν
1439 2542 1656 2617 πρᾶξαι,
1683 2545 1763 2612 τῷ
1792 2541 1929 2596 ἀπα-

267 2643 442 2694 τῶντι
499 2635 688 2713 χώραν
744 2628 1000 2706 διδόαμεν
1061 2635 1306 2707 συνεχῶς
1351 2634 1486 2704 ἡμῖν
1563 2629 1931 2701 ἐπιτίθεσθαι,

268 2729 323 2799 ἐξ
374 2730 539 2800 ἡμῶν
595 2727 712 2788 καθ’
767 2725 928 2796 ἡμῶν
982 2715 1336 2794 λαμϐάνοντα
1386 2721 1486 2788 τὴν
1522 2719 1703 2793 ἰσχύν·
1736 2715 1930 2772 ἀδυνα-

264 2818 428 2887 τήσει
487 2813 567 2883 δὲ,
632 2814 707 2886 μὴ
762 2808 1101 2885 πειθομένων
1151 2812 1336 2883 ἡμῶν,
1378 2806 1566 2877 ἔπειδή
1597 2806 1756 2883 ἐγγύς
1787 2805 1928 2861 ἐστιν

262 2909 436 2979 ἡμῶν
486 2906 520 2973 ἡ
576 2903 805 2977 βοήθεια
845 2903 943 2955 τοῦ
994 2903 1128 2954 Θεοῦ
1185 2891 1790 2972 συνεπιλαμϐανομένη,
1854 2895 1929 2956 ὡς

264 2993 444 3058 δηλοῖ
471 2994 538 3048 τὰ
568 2992 711 3064 ἑξῆς.

341 3081 444 3136 Καὶ
478 3086 640 3156 χεῖρα
669 3078 871 3156 ἀγαθὴν
910 3076 1142 3152 ὀρέγειν.
1195 3073 1512 3148 Σημείωσαι
1565 3074 1665 3142 τὴν
1727 3070 1928 3147 ἄφατον

260 3176 366 3227 τοῦ
401 3167 606 3245 Κυρίου
638 3164 1064 3242 εὖσπλαγχνίαν.

340 3267 456 3330 Τῆς
488 3243 679 3335 χειρὸς
706 3253 816 3328 ἤδη
848 3255 1278 3330 προτεταμὲνης.
1310 3259 1420 3323 Τῆς
1444 3252 1632 3328 χειρὸς
1660 3254 1758 3306 τοῦ
1783 3251 1926 3326 Κάρ·
1963 3243 2005 3310 C

267 3370 385 3405 που
418 3343 702 3419 δηλονότι.

346 3437 442 3505 Μὴ
476 3434 687 3493 ἄλλων.
737 3435 860 3491 Τῶν
917 3428 1287 3506 σταυροόντων
1333 3425 1572 3500 δηλαδὴ,
1621 3432 1701 3500 τῷ
1731 3428 1937 3504 Κάρπῳ

276 3525 450 3603 φησὶν
484 3526 511 3580 6
541 3524 760 3598 Κύριος.

352 3616 596 3689 Ἀγαθῶν
657 3611 747 3667 καὶ
814 3609 1235 3689 φιλανθρώπων.
1320 3604 1638 3680 Σημείωσαι
1715 3607 1800 3660 δτι
1847 3603 1935 3659 καὶ

275 3704 446 3766 αὐτὸς
479 3704 506 3758 6
542 3702 737 3778 Κύριος
770 3698 998 3776 ἀγαθοὺς
1029 3699 1117 3754 καὶ
1153 3695 1578 3776 φιλανθρώπους
1607 3692 1768 3751 καλεῖ
1809 3693 1936 3756 τοὺς

272 3792 572 3871 ἀγγέλους.

693 3879 809 3936 ΕΙΣ
847 3878 984 3934 ΤΗΝ
1023 3876 1428 3933 ΕΙΙΙΣΤΟΛΗΝ
1468 3874 1521 3928 Θ¹

349 4010 382 4083 ξ
416 4013 461 4062 Ι.
495 4006 558 4063 Ὀ
589 4005 743 4080 ἅγιος
771 4001 936 4063 Τίτος
959 3999 1114 4062 οὗτός
1137 3998 1278 4054 ἐστιν
1299 4000 1326 4054 ὁ
1354 4003 1435 4071 τῷ
1455 3996 1941 4072 Ἀποστόλῳγνώ-

275 4117 473 4175 ριμος,
506 4095 564 4150 ’ὸν
610 4093 701 4148 καὶ
742 4093 968 4166 Κρήτης
1010 4087 1332 4158 κατέστησεν
1383 4086 1678 4142 ἐπίσκοπον
1708 4128 1723 4155 ,
1785 4086 1858 4147 ὡς
1903 4085 1938 4152 ἡ

272 4174 425 4262 πρὸς
457 4184 621 4240 αὐτὸν
653 4181 806 4237 Τίτον
837 4184 1104 4256 γραφεῖσα
1132 4175 1430 4246 Ἐπιστολὴ
1473 4176 1618 4251 παρά
1645 4180 1742 4231 τοῦ
1775 4174 1940 4240 θείου.

276 4271 511 4333 Παύλου
537 4269 718 4351 φησίν.

357 4362 521 4419 Ἀλλ’
549 4347 601 4416 έν
627 4364 696 4434 τῇ
727 4352 1076 4432 Συμϐολικῇ.
1126 4355 1186 4408 Τί
1234 4349 1481 4430 περιέχει
1527 4355 1562 4423 ἡ
1617 4347 1942 4426 Συμϐολικὴ

280 4451 552 4528 θεολογία
575 4454 672 4506 τοῦ
705 4446 946 4524 μεγάλου
978 4444 1282 4500 Διονυσίου.

359 4539 933 4614 Ἐναπομόργνυνται.
1013 4533 1491 4607 Ἀπομόρξασθαι,
1575 4529 1686 4585 έστῖ
1753 4531 1816 4586 τὸ
1867 4528 1947 4584 ἐν-

2124 684 2187 737 In
2227 687 2478 739 numeris
2518 685 2764 739 humana
2808 686 3016 755 forma.
3050 683 3198 738 Nota
3244 681 3419 738 etiam
3467 682 3708 755 angelos

1999 831 2004 836 ,
2053 770 2316 826 humana
2347 772 2535 828 forma
2567 774 2788 828 sanctis
2821 788 3120 844 apparere.

2127 865 2256 917 Prae
2282 861 2483 932 pedum
2515 879 2761 918 suorum.
2795 862 2944 917 Nota
2971 861 3139 932 illud,
3166 875 3289 932 pre
3329 860 3541 930 pedum
3579 876 3708 916 suo-

2052 966 2178 1004 rum
2208 951 2547 1018 lubricz'tate,
2578 952 2731 1023 quod
2778 950 3100 1006 voluntatis
3145 949 3577 1020 proclivitatem
3609 950 3710 1004 de-

2053 1039 2279 1110 signat;
2315 1056 2448 1095 nam
2481 1040 2530 1095 si
2562 1038 2914 1106 noluissent,
2949 1055 3065 1093 non
3101 1037 3473 1093 cecidissent.

2121 1217 2183 1272 In
2213 1217 2560 1287 voraginem.
2593 1215 2741 1272 Nota
2772 1214 3068 1286 quomodo
3120 1212 3394 1269 diabolus
3441 1212 3714 1270 homines

2051 1307 2328 1361 detrudat
2350 1307 2406 1360 in
2434 1307 2706 1361 tenebras
2731 1304 3234 1374 exteriores,quas
3260 1303 3354 1357 hic
3373 1302 3713 1373 voraginem

2051 1394 2326 1466 appellat,
2361 1395 2419 1448 id
2453 1397 2544 1450 est
2574 1394 2948 1459 barathrum,
2982 1393 3104 1448 sive
3137 1391 3416 1463 decipiat,
3449 1391 3568 1446 sive
3599 1391 3715 1446 im-

2051 1484 2228 1554 pellat
2260 1500 2292 1537 a
2323 1499 2386 1538 se
2410 1499 2744 1552 persuasos.
2774 1481 3078 1536 Interdum
3105 1480 3281 1536 etiam
3315 1479 3586 1534 homines
3617 1479 3718 1534 ila-

2048 1571 2292 1642 gitiosos
2324 1569 2435 1626 sibi
2467 1569 2901 1625 commilitones
2931 1569 3168 1624 asciscit
3205 1569 3265 1622 in
3308 1567 3711 1639 deceptionem

2049 1661 2323 1730 aliorum,
2349 1665 2412 1714 ut
2443 1660 2815 1715 idololatram
2845 1658 3014 1713 illum
3039 1659 3111 1713 ad
3142 1657 3548 1713 seductionem
3580 1657 3710 1726 ejus

2047 1750 2118 1804 de
2150 1765 2265 1820 quo
2299 1749 2471 1804 modo
2502 1764 2696 1804 sermo
2719 1751 2828 1803 est.
2853 1748 3221 1818 Quapropter
3250 1745 3311 1800 in
3342 1745 3567 1801 visione
3598 1744 3708 1800 hac

2046 1838 2192 1892 vidit
2219 1838 2395 1892 etiam
2428 1837 2584 1894 viros
2625 1837 2682 1891 in
2736 1837 2926 1892 medio
2979 1839 3342 1905 serpentum,
3375 1834 3431 1888 id
3468 1837 3559 1889 est
3588 1833 3706 1888 da-

2047 1942 2312 1994 monum,
2340 1925 2745 1997 pertrahentes
2769 1941 2868 1980 eos
2893 1923 2994 1996 qui
3025 1940 3058 1978 a
3090 1921 3324 1978 diabolo
3346 1922 3480 1977 victi
3514 1925 3706 1992 erant,

2046 2033 2077 2070 a
2109 2015 2328 2086 quibus
2361 2032 2469 2070 nos
2496 2013 2705 2070 liberet
2735 2013 3044 2068 Dominus.

2114 2105 2151 2159 Α
2185 2107 2350 2160 male.
2385 2104 2532 2159 Nota
2572 2103 2743 2170 illud,
2775 2121 2808 2158 a
2839 2104 3004 2173 male,
3040 2101 3096 2156 id
3134 2104 3225 2156 est
3255 2103 3514 2172 peccato,
3549 2099 3705 2170 quod

2044 2192 2266 2248 malum
2301 2193 2558 2264 Eproprie
2592 2193 2651 2246 in
2682 2191 2985 2246 voluntate
3035 2190 3195 2262 gigni
3248 2189 3524 2244 dicimus.
3557 2187 3709 2242 Illud

2043 2287 2261 2348 autem,
2297 2283 2467 2336 inviti
2497 2285 2554 2336 et
2585 2280 2790 2345 coacti,
2825 2297 2939 2335 non
2974 2278 3046 2334 de
3077 2277 3197 2333 ulla
3229 2276 3600 2333 necessitatis
3631 2275 3709 2341 vi,

2042 2371 2098 2425 id
2125 2374 2214 2424 est
2236 2370 2306 2425 de
2332 2369 2586 2439 diabolo,
2611 2369 3062 2440 intelligendum
3087 2371 3199 2436 est,
3218 2368 3374 2422 sicut
3400 2363 3710 2421 Manichzei

2042 2467 2100 2518 et
2132 2462 2466 2518 Messaliani
2513 2463 2812 2529 sentiunt;
2847 2461 2944 2516 sed
2980 2459 3140 2532 quia,
3165 2457 3433 2529 persuasi
3467 2459 3532 2510 ut
3562 2453 3706 2509 mali

2043 2551 2705 2624 quidpiamZoperemur,
2733 2548 3040 2620 impostori
3068 2547 3263 2602 locum
3288 2547 3522 2612 damus,
3547 2543 3707 2598 unde

2044 2657 2150 2695 nos
2183 2639 2422 2694 assidue
2453 2639 2778 2704 adoriatur,
2813 2654 2882 2692 ex
2921 2637 3092 2692 nobis
3135 2636 3284 2706 ipsis
3315 2635 3467 2689 vires
3497 2634 3708 2688 adver-

2043 2745 2145 2783 sus
2176 2743 2282 2782 nos
2315 2727 2628 2799 colligens;
2663 2741 2851 2797 neque
2896 2725 3077 2792 enim,
3112 2740 3225 2778 non
3263 2721 3564 2794 persuasis
3596 2737 3707 2776 no-

2043 2817 2154 2886 bis,
2186 2817 2398 2888 poterit
2419 2815 2722 2887 quidpiam
2757 2815 3038 2870 adversus
3062 2829 3190 2878 nos,
3217 2810 3702 2882 quandoquidem

2040 2906 2100 2961 in
2135 2909 2405 2977 promptu
2441 2905 2609 2959 adest
2657 2902 2828 2959 nobis
2862 2901 3147 2958 auxilium
3192 2900 3317 2966 Dei,
3351 2915 3457 2955 nos
3489 2897 3704 2954 sufful-

2042 2994 2225 3060 ciens,
2261 2993 2346 3048 uti
2378 2992 2686 3064 sequentia
2719 2991 3044 3046 declarant.

2112 3083 2176 3136 Et
2205 3098 2441 3136 manum
2476 3082 2778 3150 benignam
2805 3085 3112 3150 porrigere.
3144 3078 3394 3132 Advorte
3435 3072 3700 3130 ineﬂ‘abi‘

2043 3170 2158 3228 lem
2191 3172 2424 3227 Domini
2460 3169 2949 3225 misericordiam.

2113 3263 2279 3317 Manu
2300 3262 2425 3331 jam
2453 3263 2697 3315 extenta.
2734 3259 2912 3314 Manu
2945 3273 3157 3328 nempe
3188 3255 3384 3327 Carpi.

2117 3442 2197 3495 Ne
2237 3437 2362 3493 alii.
2416 3436 2647 3494 Scilicet
2704 3435 3136 3508 cruciﬁgentes,
3191 3432 3476 3489 Dominus
3519 3431 3705 3502 Carpo

2049 3526 2151 3582 ait.

2118 3617 2398 3671 Bonorum
2436 3624 2487 3670 et
2525 3615 3107 3670 clementissimorum.
3139 3611 3287 3667 Nota
3315 3609 3473 3682 quod
3525 3608 3703 3664 etiam

2047 3701 2175 3775 ipse
2205 3705 2488 3760 Dominus
2520 3704 2704 3759 bonos
2735 3708 2792 3758 et
2821 3701 3108 3773 benignos
3136 3703 3304 3758 vocet
3332 3697 3593 3771 angelos.

2549 3882 2622 3938 IN
2662 3880 3073 3937 EPISTOLAM
3111 3879 3202 3935 IX.

2122 4013 2150 4078 ἓ
2181 4010 2222 4065 Ι.
2257 4008 2360 4064 Ηίο
2392 4007 2490 4064 ille
2542 4008 2601 4063 S.
2637 4007 2803 4062 Titus
2850 4004 3115 4078 Apostoli
3165 4001 3498 4070 familiaris,
3532 4015 3710 4072 quem

2053 4103 2109 4154 et
2134 4099 2313 4154 Creta:
2345 4096 2602 4169 praefecit
2631 4095 3002 4168 episc0pum;
3037 4097 3101 4148 ut
3124 4091 3387 4166 Epistola
3409 4108 3443 4148 a
3462 4095 3528 4146 D.
3556 4088 3710 4145 822

2054 4187 2236 4244 Paulo
2266 4187 2340 4242 ad
2368 4186 2567 4258 ipsum
2598 4185 2795 4241 Titum
2829 4185 3052 4257 scripta
3082 4181 3362 4239 declarat.

2127 4367 2230 4422 Sed
2259 4366 2322 4421 in
2351 4365 2686 4436 Symbolica.
2715 4362 2863 4428 Quid
2895 4362 3192 4419 contineat
3221 4360 3542 4432 Symbolica
3571 4355 3718 4414 theo-

2058 4457 2212 4529 logia
2244 4453 2441 4525 magni
2477 4451 2762 4524 Dionysii.

2129 4543 2480 4616 Imprimunt.
2516 4537 2975 4614 Ἀπομόρξασθαι,
3008 4538 3163 4594 idem
3210 4541 3300 4593 est
3331 4537 3487 4608 quod
3520 4532 3715 4588 tvauto-

277 4629 691 4704 απομάίξασθαι,
721 4627 812 4681 καὶ
853 4619 1116 4698 ἐμϐαλεῖν
1145 4643 1197 4676 τι
1227 4620 1302 4684 εἷς
1329 4623 1428 4691 τὴν
1459 4621 1650 4675 ἑαυτοῦ
1681 4617 1942 4688 διάνοιαν,

2071 4615 2317 4702 agnem
2349 4629 2440 4684 καὶ
2472 4623 2756 4702 έμϐαλεῖν,
2789 4629 2845 4683 id
2878 4632 2966 4683 est
3021 4627 3301 4683 instillare
3331 4629 3386 4681 et
3415 4621 3718 4680 immittere

281 4721 349 4778 ἆκ
385 4722 696 4796 μεταφορᾶς
724 4717 832 4770 τῶν
859 4711 1182 4790 ζωγράφων,
1216 4708 1287 4766 o'l.
1320 4709 1688 4796 προσέχοντες
1719 4711 1789 4782 τῇ
1817 4706 1950 4778 ἀλη-

283 4809 432 4880 θείᾳ,
465 4794 734 4883 γρᾶφουσι
765 4803 860 4864 τὰς
892 4800 1120 4862 εἰκόνας.
1154 4803 1267 4869 Τῆς
1307 4796 1623 4874 ἀπορρήτου
1669 4794 1726 4851 δὲ
1757 4797 1947 4874 σοφίας

282 4898 526 4971 πατέρας
549 4894 677 4956 τοὺς
708 4893 995 4970 προφήτας
1023 4888 1202 4967 φησίν.

363 4985 522 5042 Οὕτω
591 4984 694 5059 γὰρ
761 4980 823 5036 ’ἀν
894 4980 1156 5052 θεώμενοι
1211 4975 1556 5054 σεφθείημεν.
1618 4974 1949 5052 Σεφθείημεν

284 5077 410 5133 ἀντὶ
460 5078 558 5131 τοῦ
609 5072 661 5128 έν
709 5065 969 5142 σεϐασμῷ
997 5066 1385 5140 ποιησοίμεθα,
1441 5067 1795 5138 τιμήσοιμεν,
1827 5066 1952 5118 θαυ-

291 5167 589 5240 μάσοιμεν,
678 5158 1106 5234 ἐκπλαγείημεν.
1198 5155 1514 5228 Σημείωσαι
1568 5151 1649 5209 -δὶ
1720 5152 1807 5208 ἐπὶ
1857 5160 1957 5222 τῆς

289 5256 458 5331 ἁγίας
503 5252 594 5307 καὶ
643 5253 1027 5325 προσκυνητῆς
1058 5242 1287 5321 Τριάδος
1332 5244 1412 5298 τό·
1477 5245 1670 5318 Πηγὴν
1701 5248 1845 5312 ζωῆς
1880 5242 1958 5304 εἷς

290 5328 496 5411 ἑαυτὴν
559 5338 860 5417 χεομένην,
927 5337 1017 5392 καὶ
1082 5333 1164 5394 ἐφ’
1241 5334 1434 5402 ἑαυτῆς
1502 5333 1773 5388 ἑστῶσανο
1847 5328 1956 5386 δεῖ..

289 5453 484 5489 κνυται
533 5431 634 5505 γὰρ
678 5428 914 5484 ἐντεῦθεν
947 5424 1036 5480 καὶ
1065 5424 1128 5479 τὸ
1184 5422 1498 5495 ὁμοούσιον,
1547 5421 1636 5476 καὶ
1671 5420 1752 5476 ὅτι
1785 5423 1819 5489 ἡ
1857 5442 1956 5493 μο-

290 5524 392 5584 νὰς
439 5519 516 5582 εἷς
567 5514 778 5592 Τριάδα
851 5510 1209 5588 προελθοῦσα,
1261 5510 1456 5586 μέχρις
1504 5510 1672 5579 αὐτῆς
1717 5507 1954 5564 τίσταται.

293 5617 464 5678 Οὕτω
511 5617 600 5672 καὶ
645 5616 674 5671 6
715 5611 980 5690 θεολόγος
1031 5609 1330 5687 Γρηγόριος
1358 5609 1413 5664 έν
1445 5613 1524 5680 τῷ
1564 5609 1768 5685 πρώτῳ
1829 5608 1954 5682 Περὶ

290 5704 646 5786 Υἱοῢλλόγῳ
693 5702 849 5786 φησὶ,
895 5701 984 5758 καὶ
1034 5698 1086 5758 ἂν
1113 5703 1195 5774 τῷ
1238 5697 1470 5777 δευτέρῳ
1506 5696 1804 5775 Εἰρηνικῷ.
1853 5702 1959 5769 Ση-

2060 4721 2280 4794 aliquid
2314 4718 2496 4775 menti
2519 4734 2662 4789 suae,
2687 4717 3032 4788 metaphora
3063 4733 3096 4771 τι
3127 4714 3448 4788 pictoribus
3469 4711 3720 4768 deducta

2061 4811 2185 4884 qui,
2218 4810 2591 4866 attendentes
2618 4807 2868 4874 veritati,
2903 4805 3227 4877 depingunt
3270 4802 3581 4874 imagines.
3614 4803 3721 4855 Ar-

2063 4917 2219 4955 cana:
2251 4902 2448 4953 autem
2482 4895 2783 4967 sapientiae
2817 4899 3009 4966 patres
3040 4899 3208 4950 vocat
3239 4891 3577 4965 prophetas.

2138 4990 2272 5056 Quae
2303 4988 2450 5042 enim
2492 4989 2553 5041 in
2593 4987 2715 5056 ipsa
2760 4986 3120 5039 extrinsecus.
3144 4979 3581 5041 Venerabimur,
3617 4990 3722 5048 pro

2067 5079 2123 5132 in
2167 5076 2542 5131 veneratione
2588 5073 2959 5141 habebimus,
2991 5073 3440 5139 honorabimus,
3470 5065 3726 5122 admira-

2066 5166 2284 5232 bimur,
2337 5165 2844 5234 obstupescemus.
2883 5162 3029 5218 Nota
3078 5166 3297 5228 autem,
3333 5160 3404 5215 de
3437 5159 3642 5212 sancta
3670 5157 3731 5210 et

2067 5254 2368 5310 adoranda
2397 5253 2682 5307 Trinitate
2724 5250 2837 5305 dici
2866 5268 2878 5305 :
2909 5252 3045 5307 Vitae
3071 5253 3299 5322 fontem,
3333 5249 3394 5303 in
3440 5263 3496 5302 se
3545 5246 3730 5316 ipsum

2068 5345 2322 5415 effusum,
2355 5347 2406 5397 et
2438 5343 2494 5395 in
2529 5341 2707 5410 seipse
2737 5337 3164 5394 consistentem:
3197 5340 3337 5394 hinc
3361 5337 3516 5392 enim
3549 5331 3730 5389 etiam

2069 5429 2660 5487 consubstantialitas
2692 5429 3156 5495 demonstratur,
3181 5433 3238 5485 et
3262 5427 3415 5500 quod
3443 5423 3642 5481 unitas
3671 5419 3732 5475 in

2066 5521 2417 5575 Trinitatem
2451 5517 2834 5589 progrediens
2890 5518 2958 5572 ad
3006 5517 3195 5589 ipsam
3231 5533 3421 5589 usque
3452 5513 3732 5578 sistatur;

2070 5610 2154 5666 uti
2187 5607 2506 5682 Gregorius
2544 5621 2775 5680 quoque
2804 5605 3136 5683 Theologus
3169 5607 3352 5665 tradit
3378 5606 3438 5661 in
3470 5598 3738 5661 oratione

2069 5701 2265 5773 prima
2294 5700 2366 5756 de
2395 5695 2561 5765 Filio,
2590 5699 2648 5754 et
2667 5695 2729 5754 in
2761 5697 3026 5755 secunda
3045 5698 3118 5755 de
3148 5703 3318 5757 Pace.
3349 5695 3502 5754 Nota
3531 5691 3731 5749 autem
