4106 6394
444 347 554 402 559

1268 347 1634 401 APPENDIX
1671 347 1768 400 AD
1804 344 2048 399 OPERA
2081 345 2141 398 Β.
2181 343 2502 398 DIONYBII
2540 343 3044 401 ΔΒΕΟΡΔΟῙΤΒ.

3727 353 3823 412 560

447 473 592 528 illud
630 489 643 527 :
685 473 758 527 Ae
810 486 1026 542 semper
1080 485 1136 526 se
1186 485 1283 542 per
1328 471 1568 541 seipsam
1613 467 2093 539 contemplantem,

2224 465 2440 519 ,ιείωσαι
2475 462 2643 552 δὲ-τό.
2675 466 2784 552 Ἀεί
2816 463 2885 520 δι’
2909 465 3101 536 ἑαυτῆς
3131 465 3324 534 ἑαυτὴν
3377 468 3658 542 θεωμένην·
3711 480 3817 552 περὶ

448 564 622 617 etiam
656 562 725 616 de
757 565 962 616 sancta
991 558 1277 614 Trinitate
1308 559 1550 613 dictum.

521 651 646 718 Quae
676 650 829 704 enim
859 651 918 702 in
941 651 1057 718 ipsa
1078 647 1442 703 extrinsecus.
1468 647 1529 700 In
1555 645 1686 716 ipsa
1706 660 1916 715 nempe
1946 660 2100 715 sym-

446 739 639 793 bolica
671 739 920 793 ﬁctione.
946 737 1208 792 Positum
1241 741 1436 791 autem
1461 735 1553 789 hic
1575 734 1752 789 etiam
1775 739 1864 789 est
1894 729 2098 800 ὁπόσης

445 844 553 899 pro
584 823 802 892 πολλῆς
836 843 848 880 :
883 824 1028 879 illud
1062 826 1219 880 enim
1263 825 1605 880 extrinsecus
1655 823 1775 878 sive
1804 822 1974 878 obvio
2006 821 2096 876 di-

447 915 656 971 ctionis
686 931 863 970 sensu
897 914 1285 984 signiﬁcatur.

525 1006 746 1061 Uterum
803 1002 902 1057 Dei
955 1000 1337 1073 corporaliter.
1398 999 1638 1056 Uterum
1697 999 1797 1055 Dei
1863 1003 2100 1072 propter

444 1091 591 1148 illud
645 1108 657 1146 :
715 1093 806 1146 Ea:
861 1099 1016 1146 utero
1073 1098 1205 1145 ante
1252 1089 1695 1161 Luciferum(u).
1727 1088 1986 1144 Verbum
2036 1088 2097 1144 in

447 1197 665 1248 aerem,
699 1183 934 1251 prapter
965 1177 1110 1233 illud
1147 1194 1160 1235 :
1194 1177 1476 1233 Eructavit
1503 1193 1594 1233 cor
1641 1194 1822 1233 meum
1867 1179 2097 1231 verbum

447 1271 646 1325 bonum
669 1270 764 1339 (v).
812 1267 1097 1338 Spiritum
1147 1267 1562 1338 exspirantem,
1614 1270 1851 1338 propter
1895 1264 2095 1321 illud:

443 1360 511 1413 Et
532 1357 735 1429 spiritu
762 1359 880 1412 oris
922 1357 1166 1427 δίκερε).
1199 1357 1375 1410 Sinus
1423 1372 1580 1423 vero,
1614 1361 1852 1426 propter
1898 1354 2042 1408 illud
2081 1369 2094 1406 ε

449 1446 771 1518 Unigenitus
817 1447 913 1516 qui
957 1449 1034 1500 est
1082 1447 1140 1500 in
1189 1447 1319 1499 sinu
1369 1443 1556 1500 Patris
1589 1445 1689 1514 (y).
1740 1443 1803 1498 In
1854 1443 2098 1497 modum

442 1553 578 1591 vero
610 1551 712 1590 seu
766 1534 1014 1590 formam
1068 1534 1290 1604 stirpis,
1326 1536 1562 1605 propter
1610 1532 1754 1586 illud
1798 1549 1810 1586 :
1858 1533 2100 1600 Lignum

442 1624 572 1679 vita:
604 1624 710 1695 (2.);
758 1627 814 1677 et
845 1622 989 1677 illud
1043 1639 1055 1677 :
1111 1624 1182 1677 De
1230 1623 1487 1694 virgulto,
1539 1622 1649 1676 Fili
1694 1622 1793 1689 mi,
1841 1621 2099 1678 ascendi-

444 1715 518 1768 ,ςιὶ
547 1714 653 1783 (α);
705 1716 763 1766 et
810 1710 956 1766 illud
993 1729 1007 1768 :
1041 1711 1282 1766 Florebit
1330 1717 1382 1767 et
1429 1712 1763 1782 germinabit
1810 1711 1969 1766 Jacob
1997 1710 2097 1781 (ὁ),

445 1819 548 1874 pro
597 1800 827 1855 Christo
877 1806 1206 1870 acceptum,
1250 1802 1421 1871 cujus
1469 1800 1697 1854 fructus
1748 1798 1936 1854 salute
1985 1798 2098 1852 im-

444 1891 628 1962 plevit
677 1895 922 1956 terram,
973 1894 1031 1944 et
1079 1888 1318 1944 similia.
1372 1889 1521 1943 Nota
1570 1889 1772 1959 igitur,
1807 1887 2100 1959 quomodo

447 1980 518 2034 de
553 1979 668 2034 Deo
701 1977 898 2032 dictus
932 1977 1010 2032 sit
1042 1982 1265 2044 uterus,
1300 1981 1358 2032 et
1403 1977 1686 2032 eructatio
1716 1976 1900 2044 verbi,
1931 1981 1988 2030 et
2021 1974 2101 2029 si-

449 2066 638 2121 milia.

521 2156 630 2210 Aut
657 2157 834 2224 fontes
865 2171 1160 2226 aquarum.
1187 2155 1397 2209 Fontes
1421 2169 1709 2224 aquarum
1736 2154 1905 2223 juxta
1926 2151 2103 2206 illud:

452 2243 610 2314 Apud
637 2246 691 2299 te
716 2252 798 2299 est
824 2246 951 2310 fons
979 2247 1106 2298 vitm
1127 2244 1227 2314 (c);
1260 2246 1317 2296 et
1359 2241 1506 2296 illud
1535 2259 1547 2296 :
1589 2243 1666 2298 Me
1695 2239 2108 2314 dereliquerunt

452 2335 665 2403 fontem
695 2350 853 2404 aquae
887 2335 1116 2388 viventis
1148 2332 1256 2404 (d);
1291 2337 1348 2387 et
1377 2348 1744 2403 quacunque
1774 2336 1914 2386 sunt
1943 2331 2107 2386 simi-

452 2421 552 2476 lia.
586 2421 939 2493 Splendores
988 2438 1119 2476 vero
1172 2426 1411 2492 propter
1456 2421 1648 2476 illud;
1698 2423 1813 2489 Qui
1861 2437 1986 2475 cum
2035 2420 2110 2476 sit

451 2509 710 2581 splendor
755 2510 954 2580 gloria:
984 2510 1086 2580 (e);
1117 2513 1215 2564 et:
1254 2511 1510 2574 Domine,
1559 2509 1619 2563 in
1664 2510 1874 2565 lumine
1927 2510 2111 2565 vultus

453 2600 541 2652 tui
569 2597 960 2664 ambulabunt,
993 2601 1052 2652 in
1097 2598 1310 2652 lumine
1334 2609 1429 2653 tuo
1459 2597 1762 2653 videbimus
1810 2599 1998 2653 lumen
2021 2599 2110 2669 (Ι),

457 2691 516 2742 et
547 2687 640 2742 his
672 2686 912 2742 similia.

525 2776 599 2830 De
629 2775 1045 2830 intellectilibus
1088 2784 1292 2830 autem.
1329 2775 1464 2838 Quis
1506 2775 1746 2846 quidem
1800 2775 2110 2847 providen-

453 2865 567 2919 tias
599 2863 932 2936 designant,
956 2866 1128 2935 juxta
1158 2863 1302 2918 illud
1337 2880 1348 2917 :
1398 2864 1552 2920 323
1585 2864 1736 2918 Sicut
1767 2865 1955 2934 aquila
1985 2880 2112 2934 pro-

450 2956 591 3023 teget
619 2953 815 3007 nidum
843 2970 1005 3008 suum
1028 2953 1124 3024 (g),
1149 2958 1282 3019 etc.,
1307 2951 1545 3007 ibidem.
1572 2953 1731 3008 Bona
1763 2953 2114 3022 item,juxta

453 3041 602 3096 illud
639 3059 650 3096 :
687 3044 888 3112 Aperis
917 3044 977 3096 tu
1011 3058 1236 3096 manum
1265 3051 1427 3096 tuam
1447 3041 1555 3112 (h);
1581 3045 1638 3096 et
1667 3040 1810 3095 illud
1842 3058 1854 3095 :
1886 3042 1992 3108 Qui
2018 3040 2114 3095 dat

451 3147 633 3185 escam
655 3131 811 3185 omni
838 3130 998 3185 carni
1022 3132 1109 3200 (i),
1140 3134 1196 3185 et
1228 3129 1605 3198 providentiae
1653 3129 1762 3185 hoc
1806 3129 1992 3201 magis
2024 3133 2112 3185 est

2205 558 2305 620 τῆς
2339 553 2494 626 ἀγιας
2529 550 2585 606 δὲ
2617 550 2853 626 Τριάδος
2880 553 2970 607 καὶ
2999 553 3162 607 τοῦτό
3193 573 3347 630 φησι.

2275 641 2351 694 Τὰ
2378 641 2478 715 γὰρ
2511 640 2660 702 ἐκτὸς
2685 641 2874 711 αὐτῆς.
2908 644 3022 710 Τῆς
3050 641 3238 711 αὐτῆς,
3284 638 3536 712 δηλονότι
3588 643 3826 721 συμϐολι-

2205 732 2309 793 κῆς
2339 729 2610 809 πλάσεως.
2674 735 2855 785 Κεῖται
2905 727 2961 784 δὲ
3011 731 3100 784 καὶ
3157 729 3380 784 ἐνταῦθα
3425 732 3484 786 τὸ
3515 734 3605 806 μὲν
3637 736 3825 809 ὁπόσης

2206 819 2324 873 ἀντὶ
2354 822 2449 872 τοῦ
2476 808 2721 883 τπολλῆς·
2747 819 2816 874 τὸ
2849 816 2906 873 δὲ
2924 820 2989 873 τὰ
3020 818 3194 888 ἐκτὸς,
3237 817 3361 889 ἤτοι
3407 821 3472 874 τά
3511 808 3822 901 προχείρως,

2207 905 2266 962 ἐκ
2292 911 2392 976 τῆς
2424 906 2620 980 λέξεως
2654 908 3112 984 ὑπαγορευόμενα.

2279 998 2514 1074 Γαστέρα
2576 1003 2710 1053 Θεοῦ
2784 1002 3153 1071 σωματικῶς.
3235 997 3468 1074 Γαστὲρα
3554 1006 3681 1056 Θεοῦ
3755 1001 3833 1060 διὰ

2206 1086 2288 1141 τό.
2345 1087 2437 1140 ἐχ
2506 1087 2728 1162 γαστρὶς
2774 1087 2879 1161 πρὸ
2933 1085 3272 1164 Ἑωσφόρου.
3337 1088 3510 1164 Λόγον
3571 1088 3644 1152 εἰς
3695 1091 3828 1164 ἀὲρα,

2209 1172 2298 1230 διὰ
2365 1175 2448 1230 τό·
2519 1175 2871 1250 Ἐξηρεύξατο
2938 1178 2972 1246 ἡ
3025 1173 3220 1250 καρδία
3271 1197 3377 1249 μου
3427 1175 3585 1251 λόγον
3632 1179 3830 1254 ἀγαθόν.

2209 1269 2426 1338 Πνεῦμα
2468 1265 2851 1338 ἐκπνεόμενον,
2902 1262 2991 1320 διὰ
3037 1260 3120 1320 τό·
3167 1266 3261 1320 Καὶ
3314 1269 3396 1338 τῷ
3444 1265 3696 1338 πνεύματι
3749 1274 3831 1324 τοῦ

2208 1355 2476 1425 στόματος
2522 1353 2684 1408 αὐτοῦ
2720 1398 2732 1410 .
2777 1352 3033 1417 Κόλπους
3090 1351 3186 1422 δὲ,
3239 1351 3328 1408 διὰ
3386 1352 3486 1409 τό⁶
3541 1357 3826 1431 Μονογενής

2207 1444 2235 1496 ὁ
2296 1443 2368 1497 ὥν
2429 1443 2504 1504 εἷς
2562 1443 2654 1496 τὸν
2710 1441 2918 1497 κόλπον
2979 1447 3075 1496 τοῦ
3129 1442 3337 1518 Πατρός
3372 1486 3384 1500 .
3460 1444 3686 1506 Φυτικὸς
3739 1442 3830 1530 δὲ,

2207 1530 2378 1604 ἤγουν
2437 1529 2569 1584 κατά
2619 1532 2718 1599 τήν
2776 1534 2884 1584 τῶν
2944 1534 3124 1604 φυτῶν
3178 1527 3346 1601 ἰδέαν,
3409 1527 3497 1585 διὰ
3539 1532 3619 1586 τό·
3663 1527 3830 1587 Ξόλον

2211 1622 2356 1687 ζωῆς
2414 1617 2525 1673 ἐστι
2561 1637 2573 1651 ·
2636 1618 2724 1673 καὶ
2783 1621 2866 1672 τό·
2922 1620 3014 1673 Ἐκ
3077 1619 3315 1693 βλαστοῦ
3349 1661 3364 1688 ,
3423 1617 3510 1673 Tit
3572 1639 3671 1691 μου
3724 1619 3838 1675 ἀνά-

2208 1702 2333 1777 ϐης·
2393 1709 2480 1762 καὶ
2531 1707 2614 1762 τό·
2678 1709 2927 1778 Ἀνθήσει
2976 1709 3065 1762 καὶ
3099 1703 3459 1777 ἐκϐλαστήσει
3515 1703 3720 1776 Ἰακὼϐ,
3757 1707 3831 1763 ἐπὶ

2208 1801 2448 1871 Χριστοῦ
2499 1795 2726 1874 ληφθὲν,
2787 1797 2848 1851 οὗ
2904 1798 2932 1851 ὁ
2990 1797 3195 1870 καρπὸς
3221 1803 3324 1866 τῆς
3382 1796 3650 1872 σωτηρίας
3680 1796 3834 1866 ἐπλή-

2215 1905 2352 1961 ρωσε
2401 1885 2500 1954 τὴν
2551 1892 2676 1958 γῆν,
2721 1885 2810 1940 καὶ
2834 1884 2901 1939 τὰ
2940 1887 3126 1958 ὅμοια.
3191 1884 3511 1958 Σημείωσαι
3570 1884 3680 1953 οὗν,
3732 1889 3834 1946 πῶς

2214 1970 2424 2050 εἴρηται
2483 1973 2570 2028 ἐπὶ
2629 1979 2764 2029 Θιοῦ
2821 1975 3056 2049 γαστὴρ,
3113 1973 3203 2028 καὶ
3236 1973 3403 2050 ἀρυγή
3445 1975 3542 2028 τοῦ
3571 1971 3732 2028 λόλου
3759 1971 3834 2027 καὶ

2214 2064 2280 2117 τὰ
2308 2066 2552 2120 τοιαῦτα.

2289 2155 2354 2206 ’Ή
2408 2152 2585 2228 πηγὰς
2636 2149 2867 2207 ὑδάτων.
2919 2151 3108 2228 Πηγὰς
3143 2149 3355 2207 ὑδάτων
3412 2150 3548 2206 κατὰ
3573 2149 3652 2206 τό·
3710 2151 3844 2224 Παρά

2220 2262 2304 2296 σοι
2352 2243 2504 2316 πηγή
2555 2247 2727 2311 ζωῆςο
2789 2241 2877 2296 καὶ
2936 2241 3017 2295 τό·
3083 2242 3215 2314 Ἐμὲ
3269 2240 3622 2317 ἰγκατᾶλιπον
3682 2239 3841 2315 πηγὴν

2223 2334 2367 2400 ζωῆς
2428 2328 2621 2394 ὕδατος
2679 2335 2903 2399 ζῶντος,
2957 2329 3046 2385 καὶ
3098 2329 3196 2385 ὅσα
3272 2333 3523 2386 τοιαῦτα.
3601 2326 3844 2403 Ἀπαυγά-

2222 2440 2400 2492 σματα
2452 2417 2532 2488 δὲ,
2591 2417 2681 2474 διὰ
2737 2420 2820 2474 τό·
2871 2421 2965 2480 "Oc
3019 2417 3092 2473 ὣν
3139 2418 3482 2494 ἀπαύγασμα
3534 2423 3630 2487 τῆς
3687 2415 3843 2487 δόξης*

2220 2507 2331 2563 καί’
2393 2507 2584 2582 Κύριε,
2641 2506 2691 2563 ἐν
2747 2512 2827 2580 τῷ
2885 2508 3024 2584 φωτὶ
3075 2512 3172 2563 τοῦ
3228 2509 3530 2582 προσώπον
3562 2527 3652 2561 σου
3681 2505 3848 2580 πορώ-

2223 2618 2430 2669 σονται,
2478 2597 2569 2651 καὶ
2612 2595 2662 2651 ἐν
2694 2598 2775 2670 τῷ
2806 2598 2945 2675 φωτὶ
2989 2596 3235 2671 ὀψόμεθα
3266 2602 3411 2675 φῶς,
3453 2595 3542 2652 καὶ
3589 2595 3650 2651 τὰ
3701 2615 3848 2671 παρα-

2223 2683 2455 2754 πλήσια.

2295 2776 2416 2830 Ἐπὶ
2467 2772 2524 2829 δὲ
2573 2779 2680 2829 τῶν
2737 2779 2972 2844 νοητῶν.
3033 2773 3364 2848 Δηλωτικὰ,
3432 2778 3540 2829 τῶν
3600 2775 3689 2848 μὲν
3733 2792 3852 2848 προ-

2223 2869 2405 2934 νοιῶν,
2463 2863 2546 2918 τό’
2605 2865 2692 2925 Ὠς
2749 2864 2900 2926 ἀετὸς
2961 2864 3215 2918 σκεπάσει
3244 2863 3343 2931 τὴν
3413 2861 3621 2919 νοσσιὰν
3665 2863 3848 2926 ἑαυτοῦ,

2222 2952 2312 3006 καὶ
2339 2952 2406 3006 τὰ
2437 2951 2527 3006 σὺν
2562 2953 2730 3023 αὐτῷ.
2755 2952 2833 3008 Τὸ
2856 2949 3074 3027 δωρεῶν
3098 2949 3354 3024 δὲ,ὡςτό·
3404 2951 3659 3026 Ἀνοίγεις
3686 2949 3741 3004 σὺ
3769 2949 3849 3017 τὴν

2225 3042 2384 3117 χεῖρά
2412 3063 2530 3112 σου,
2581 3041 2667 3096 καὶ
2716 3041 2800 3095 τό’
2863 3041 2924 3097 Ὁ
2985 3037 3168 3104 διδοὺς
3221 3041 3448 3117 τροφὴν
3508 3041 3647 3114 πάσῃ
3699 3037 3848 3112 σαρδὼ

2225 3129 2437 3204 μᾶλλον
2519 3127 2576 3184 δὲ
2643 3131 2731 3184 καὶ
2787 3132 2974 3183 τοῦτο.
3021 3135 3122 3198 τῆς
3180 3128 3455 3203 προνοίας
3507 3127 3846 3205 γνωριστικόν.

453 3219 762 3275 indicium.
790 3219 859 3273 Et
881 3219 1271 3285 ostensiones,
1297 3223 1361 3274 ut
1390 3235 1524 3274 cum
1549 3218 1606 3272 in
1633 3219 1822 3291 ﬁgura
1852 3219 2107 3274 hominis

2225 3219 2563 3296 Ἐκφάνσεων
2594 3213 2671 3283 δὶ,
2723 3215 2813 3270 διὰ
2851 3217 2911 3271 τὸ
2943 3214 2994 3270 ἐν
3057 3218 3305 3291 σχήματι
3360 3218 3647 3294 ἀνθρώπου
3700 3215 3844 3294 ὀφθῆ-

453 3308 776 3379 apparebat
792 3307 1018 3364 Veteris
1035 3308 1394 3364 Testamenti
1414 3308 1636 3364 sanctis
1651 3307 1749 3379 (k),
1764 3312 1819 3363 et
1842 3308 1898 3363 in
1919 3308 2111 3380 specie

454 3396 762 3464 columbae,
791 3398 1045 3468 Spiritus
1077 3401 1341 3453 sanctus.
1367 3399 1445 3452 Ad
1497 3397 1927 3469 providentiam
1960 3414 2112 3468 quo-

453 3502 567 3556 que
597 3486 850 3556 pertinet
885 3487 1110 3557 punitio
1161 3487 1480 3558 impiorum
1513 3505 1525 3542 :
1556 3487 1779 3542 dictum
1834 3503 2046 3557 nempe
2079 3504 2114 3542 a

453 3575 744 3645 propheta
778 3591 790 3628 :
826 3575 979 3630 Sicut
1011 3593 1142 3631 ursa
1182 3577 1458 3647 indigens,
1489 3583 1542 3633 et
1572 3580 1714 3631 sicut
1743 3577 1995 3646 pardali:
2026 3577 2107 3647 (ι).

451 3662 753 3718 Potentius
785 3669 983 3719 autem
1028 3670 1446 3737 repraesentant
1475 3665 1650 3731 oculi,
1685 3670 1739 3720 et
1771 3671 2112 3720 ceterarum

455 3751 710 3821 partium
733 3769 1147 3824 corporearum
1171 3753 1698 3809 denominationes.
1724 3754 2112 3822 Proprietates

454 3856 612 3906 vero,
649 3845 713 3894 ut
744 3843 896 3912 apud
933 3846 1132 3912 Amos,
1164 3843 1421 3896 Adamas
1448 3842 1569 3912 (ιη),
1593 3841 1874 3912 quoniam
1907 3842 2113 3894 divinaa

457 3931 680 3983 naturas
706 3930 1007 4001 proprium
1037 3936 1127 3986 est
1153 3947 1266 3984 non
1294 3946 1464 4002 posse
1494 3929 1843 4000 pati,neque
1865 3927 2111 3984 domari.

456 4017 962 4080 Quemadmodum
982 4019 1156 4073 etiam
1173 4019 1438 4089 quiavim
1463 4018 1635 4073 habet
1653 4034 1861 4088 pravos
1877 4017 2113 4073 habitus

455 4109 843 4162 consumendi
866 4106 1112 4161 dicitur:
1137 4108 1276 4160 Deus
1294 4111 1482 4161 noster
1505 4108 1646 4176 ignis
1665 4123 1986 4161 consumens
2005 4107 2111 4177 (η).

455 4194 676 4250 Οωῐριια
698 4200 919 4260 autem,
944 4211 1072 4265 quae
1097 4195 1256 4249 dicta
1298 4199 1459 4264 sunt,
1485 4195 1764 4250 studiosis
1796 4195 2114 4251 lectoribus

459 4282 777 4337 manifesta
801 4283 1112 4347 exsistunt,
1139 4283 1231 4338 his
1263 4285 1440 4339 etiam
1471 4283 1790 4355 anagogica
1811 4289 1869 4339 et
1900 4285 2112 4356 allego-

457 4369 578 4426 rica
599 4371 1015 4443 contemplatio
1050 4372 1294 4427 minime
1317 4373 1606 4428 dissentit.
1628 4373 1776 4436 Quin
1810 4372 1987 4428 etiam
2019 4389 2114 4428 ac-

453 4458 645 4529 cipere
679 4459 850 4515 liceat
880 4466 1069 4515 sortes
1092 4467 1148 4516 et
1169 4461 1508 4517 mansiones
1532 4478 1636 4532 pro
1659 4462 1868 4515 divina;
1894 4467 2113 4516 natura)

453 4547 940 4605 immutabilitate
981 4555 1157 4621 atque
1188 4552 1540 4617 constantia,
1575 4566 1703 4620 quae
1751 4567 1854 4621 per
1901 4551 2113 4606 funda-

455 4635 741 4692 mentales
774 4637 998 4709 lapides
1035 4639 1392 4695 insinuatur.
1427 4638 1836 4694 Emanationes
1867 4656 2000 4695 vero
2033 4645 2118 4696 at-

457 4739 572 4796 que
612 4728 989 4798 secretiones,
1025 4728 1227 4782 dicunt
1277 4727 1869 4783 communicationem
1903 4729 2114 4784 divinas

455 4812 737 4869 bonitatis
798 4815 910 4886 ipsi
969 4816 1318 4871 naturaliter
1373 4816 1805 4884 inexsistentis;
1865 4818 2115 4890 exempli

462 4903 655 4974 gratia
685 4921 788 4975 per
819 4904 929 4959 lilii
963 4905 1371 4975 fragrantiam,
1398 4905 1554 4958 unde
1579 4909 1752 4959 etiam
1773 4905 1988 4961 dicitur
2016 4909 2116 4976 ﬂos

456 4993 656 5062 campi,
682 4996 740 5047 et
761 4992 947 5047 lilium
967 4994 1305 5047 convallium
1323 4993 1422 5064 (0).
1452 4995 1535 5048 [ta
1556 4993 1731 5048 etiam
1761 4995 2008 5051 uniones
2031 4997 2116 5051 in-

456 5079 809 5152 telligendas,
835 5083 993 5153 quod
1027 5081 1309 5136 nimirum
1348 5083 1496 5136 Deus
1529 5084 1694 5138 uniat
1724 5100 1924 5139 secum
1960 5102 2115 5140 crea-

456 5174 645 5238 turas,
665 5173 722 5224 et
752 5171 822 5224 ad
858 5186 920 5226 se
949 5175 1268 5235 convertat,
1298 5175 1364 5226 ut
1403 5187 1534 5226 cum
1579 5171 1797 5228 dicitur
1825 5173 1974 5246 lapis
2007 5192 2111 5230 an-

455 5255 699 5327 gularis.
728 5257 984 5314 Ornatus
1013 5258 1154 5313 item
1190 5259 1528 5329 muliebres,
1549 5261 1753 5332 quales
1785 5268 1926 5319 sunt
1955 5265 2111 5336 apud

528 5435 609 5507 (u)
642 5436 790 5492 Psal.
825 5453 935 5503 cur,
968 5439 1020 5493 3.
1101 5441 1168 5511 (υ)
1203 5441 1350 5497 Psal.
1387 5460 1538 5511 κων,
1574 5445 1621 5499 1.
1701 5446 1780 5516 (x)
1818 5445 1968 5502 Psal.
2001 5463 2107 5501 xxx

528 5529 531 5559 ι
566 5511 676 5563 Isa.
712 5525 889 5575 xxvn,
922 5512 976 5566 6.
1037 5511 1107 5575 (ε)
1139 5513 1291 5570 Psal.
1327 5532 1478 5575 xxxv.
1514 5516 1601 5569 10.
1662 5517 1737 5575 (di
1767 5518 1886 5572 Jer.
1920 5535 1982 5575 ιι.
2018 5521 2101 5573 13.

2224 5449 2423 5575 indi.)

566 5511 889 5591 Ifa.‘xxv11,
922 5507 1112 5591 6._‘(c)'
1135 5513 1291 5591 Psal.
1327 5532 1478 5591 xxxv,
1514 5507 1601 5569 10.
1657 5507 1737 5591 (rt)
1767 5507 1886 5591 'Jer.
1920 5535 1982 5591 ιι,
2018 5521 2101 5573 13.
2163 5507 2238 5591 (ε)
2269 5519 2350 5576 He

2221 3329 2305 3362 ναι
2338 3312 2453 3368 τοῖς
2496 3305 2548 3360 ἐν
2595 3310 2664 3378 τῇ
2716 3304 2932 3375 Παλαιᾷ
2964 3305 3155 3381 ἁγίοις,
3211 3305 3303 3360 καὶ
3359 3306 3414 3362 ιν
3463 3305 3588 3362 εἷ’δει
3630 3322 3844 3380 περιστε-

2224 3403 2342 3468 ρᾶς,
2394 3396 2456 3451 τὸ
2519 3397 2740 3467 Ηνεῦμα
2766 3395 2828 3449 τὸ
2885 3391 3054 3470 ἅγιον.
3116 3394 3389 3469 Προνοίας
3441 3394 3518 3466 δὲ,
3549 3395 3636 3451 καὶ
3675 3395 3729 3448 τὸ
3755 3396 3842 3446 τῶν

2223 3481 2430 3540 ἀσεϐῶν
2483 3483 2900 3559 τιμωρητικόν·
2965 3481 3175 3558 εἷ’ρηται
3219 3487 3356 3559 γοῦν
3407 3485 3552 3562 παρὰ
3607 3489 3680 3556 τῷ
3734 3485 3847 3557 Προ-

2223 3577 2368 3652 φήτῃ
2405 3593 2418 3606 ·
2470 3576 2558 3636 Ὡς
2618 3570 2814 3645 ἄρκτος
2868 3571 3264 3645 ἀπορουμένη,
3308 3573 3405 3628 καὶ
3464 3575 3537 3636 ὡς
3587 3568 3844 3646 πάρδαλις.

2222 3667 2342 3719 Τῶν
2405 3663 2498 3735 μὶν
2556 3663 2645 3715 οὗν
2714 3659 2994 3734 δυνάμεων
3051 3662 3404 3740 ὑπογραφικὰ
3461 3660 3726 3743 ὀφθαλμοὶ
3775 3657 3848 3712 καὶ

2224 3750 2420 3823 ἐτέρων
2478 3754 2804 3824 σωματικῶν
2864 3749 3048 3824 μελῶν
3111 3751 3394 3826 ὀνόματα.
3457 3749 3754 3822 Ἰδιοτήτων
3783 3745 3846 3815 δὶ,

2225 3839 2298 3900 ὡς
2348 3840 2494 3914 παρά
2547 3841 2609 3893 τὸ
2666 3841 2849 3910 Ἁμὼς
2909 3838 3159 3914 ἀδάμας·
3223 3838 3366 3897 ἴδιον
3429 3842 3533 3918 γὰρ
3587 3847 3684 3909 τῆς
3730 3836 3852 3901 θείας

2225 3927 2436 4004 φύσεως
2492 3928 2554 3982 τὸ
2606 3928 2806 3992 ἀπαθὲς
2853 3931 2942 3984 καὶ
2987 3927 3319 4002 ἀδάμαστον.
3377 3933 3580 3998 ’Ὠσπερ
3636 3930 3718 3982 οὗν
3774 3922 3848 3978 καὶ

2222 4017 2284 4072 τὸ
2343 4015 2678 4073 ἀναλωτικὸν
2709 4022 2817 4072 τῶν
2871 4021 3171 4094 μοχθηρῶν
3199 4015 3388 4089 ἕξεων,
3435 4022 3551 4074 καθ’
3585 4018 3613 4072 ὕ
3645 4014 3849 4090 εἴρηται·

2223 4098 2276 4160 Ὀ
2329 4107 2456 4168 Θεὸς
2503 4109 2664 4178 ἡμῶν
2711 4111 2818 4181 πῦρ
2867 4106 3279 4163 καταναλίσκον.
3344 4107 3446 4163 Καὶ
3497 4109 3565 4162 τὰ
3611 4104 3766 4162 λοιπὰ
3808 4098 3855 4154 δδ

2222 4201 2330 4250 τῶν
2365 4194 2955 4271 εἶ’ρημένων,πρόδηλα
2985 4203 3102 4259 τοῖς
3121 4197 3469 4272 φιλοπόνως
3502 4196 3590 4252 καὶ
3613 4199 3646 4264 ἡ
3675 4191 3852 4248 τούτων

2224 4285 2534 4360 ἀναγωγική
2566 4306 2623 4339 τε
2651 4286 2739 4339 καὶ
2772 4283 3120 4360 ἀλληγορικὴ
3145 4287 3370 4360 θεωρία,
3406 4287 3508 4342 οὐκ
3538 4284 3851 4360 ἀσύμφωνον·

2225 4375 2378 4429 Ἐστι
2430 4371 2486 4427 δὲ
2528 4374 2615 4428 καὶ
2668 4369 2876 4443 λαϐεῖν,
2927 4372 3110 4445 λήξεις
3165 4375 3259 4448 μὶν
3324 4377 3416 4431 καὶ
3484 4373 3666 4449 μονὰς,
3693 4370 3752 4426 τὸ
3772 4372 3856 4435 τῆς

2225 4462 2357 4516 θείαι
2419 4462 2626 4538 φύσεως
2686 4461 3083 4534 ἀναλλοίωτον,
3143 4465 3229 4520 καὶ
3301 4464 3690 4538 ἀμετάστατον,
3745 4456 3855 4529 ὅπερ

2146 4573 2193 4638 D
2227 4549 2315 4606 διὰ
2343 4555 2449 4606 τῶν
2483 4551 2890 4625 θεμελιωτικῶν
2942 4552 3106 4607 λίθων
3160 4553 3566 4624 ὑποδηλοῦταιο
3614 4544 3852 4638 προόδου(

2229 4639 2285 4695 δὶ
2314 4641 2403 4695 καὶ
2428 4639 2720 4713 διακρίσεις
2748 4643 2848 4710 τήν
2869 4645 2978 4696 τῶν
3003 4647 3246 4718 φυσικῶς
3279 4644 3434 4716 αὐτῷ
3467 4631 3850 4716 ἐνυπαρχόντων

2225 4730 2433 4806 ἀγαθῶν
2478 4728 2787 4804 μετάδοσιν,
2843 4731 3024 4806 ὥσπερ
3075 4732 3129 4787 ἐν
3179 4731 3565 4806 ὑποδείγματι,
3605 4734 3638 4800 ἡ
3697 4727 3750 4782 ἐκ
3771 4724 3850 4778 τοῦ

2224 4821 2409 4895 κρίνου
2437 4820 2684 4894 εὐοσμία,
2716 4823 2841 4896 παρ’
2873 4822 2901 4876 ὃ
2951 4823 3039 4876 καὶ
3068 4822 3284 4898 λέγεται
3315 4820 3482 4887 ἄνθος
3540 4825 3634 4876 τοῦ
3663 4813 3849 4878 πεδίου,

2223 4909 2406 4985 κρίνον
2459 4915 2567 4964 τῶν
2637 4908 2938 4968 κοιλάδων.
2991 4911 3178 4976 Οὕτως
3239 4911 3330 4966 οὖν
3361 4913 3589 4983 νοητὲον
3640 4907 3723 4962 καὶ
3773 4901 3852 4960 τὰς

2223 4997 2438 5059 ἐνώσεις
2483 4999 2546 5053 τὸ
2594 5000 2731 5073 πρὸς
2773 4999 2931 5054 αὐτὸν
2985 4999 3400 5075 ὶπιστρεπτικόν
3453 5001 3541 5055 καὶ
3577 4989 3852 5052 συνδετικὸν

2221 5091 2328 5142 τῶν
2382 5089 2718 5159 κτισμάτων,
2767 5085 2854 5142 διὰ
2897 5093 2994 5144 τοῦ
3036 5089 3440 5165 ἀκρογωνιαίου
3485 5088 3639 5146 λίθου
3671 5075 3850 5165 δηλοιξ·

2226 5197 2407 5248 μενον.
2460 5177 2712 5250 Κόσμους
2743 5175 2801 5231 δὶ
2857 5163 3203 5252 γυναικείους
3250 5178 3318 5233 τὰ
3363 5178 3517 5252 παρὰ
3562 5179 3641 5246 τῷ
3686 5163 3852 5233 Ἡσαΐᾳ

2220 5265 2460 5339 κείμενα,
2510 5266 2572 5320 τὸ
2606 5263 2950 5322 παντοδαπὸν
2982 5274 3081 5337 τῆς
3129 5267 3273 5330 θείας
3323 5265 3587 5343 προνοίας
3641 5254 3851 5332 ὑπογρά-

2456 5449 2699 5523 δοβηοιῖς
2739 5451 2852 5523 ίδκ
2902 5450 2974 5523 (κ)
3004 5451 3344 5520 Apoc-11,7.
3377 5522 3396 5523 η
3427 5450 3500 5519 (a)
3529 5451 3638 5504 Isa.
3672 5437 3842 5523 LIII,“2-

2399 5509 2484 5594 ξι,
2517 5522 2569 5576 3.
2631 5509 2699 5591 (fi
2729 5521 2879 5577 Psal.
2906 5509 3083 5586 xxxv,
3119 5525 3203 5577 10.
3257 5509 3337 5594 ’(9)
3374 5509 3557 5594 Deut;
3575 5531 3742 5594 xxxii,

481 5577 541 5666 lt)
566 5579 725 5666 feel.
760 5577 944 5666 σχειν,
983 5577 1064 5639 16.
1091 5577 1099 5583 ’
1126 5586 1192 5657 (ἰ)
1223 5586 1374 5643 Psal.
1408 5577 1613 5658 cxxxv,
1646 5577 1733 5644 25:
1796 5589 1879 5660 (lc)
1913 5577 2056 5649 Gen.
2085 5608 2107 5648 Σ

2224 5577 2245 5649 ’.
2289 5592 2360 5663 (ι)
2385 5577 2515 5649 Ose.
2549 5577 2736 5662 xniﬁ,
2767 5596 2821 5650 8.
2883 5595 2980 5666 (m)
3011 5577 3209 5651 Amos.
3243 5577 3344 5650 vir].
3413 5592 3496 5664 (η)
3525 5577 3846 5654 Βουῑ.ιν,2¹ιο

482 5650 534 5722 o)
565 5649 728 5707 Cant.
763 5669 825 5722 ιι,
863 5655 911 5709 1.
