4106 6372
324 467 430 524 561

1286 474 1345 527 S.
1386 473 1658 530 ΜΔΧΙΜῙ
1695 472 2003 529 SCHOLIA
2040 474 2116 526 IN
2153 473 2310 527 EPP.
2351 475 2409 528 Β.
2453 474 2792 531 DIONYSII.

3652 476 3762 531 562

323 612 519 669 φοντα.
551 593 756 666 ’Ὠσπερ
780 591 869 645 οὗν
902 591 992 646 καὶ
1037 592 1133 660 τήν
1181 593 1412 668 χωνείαν
1463 593 1552 650 καὶ
1601 595 1663 649 τὸ
1696 606 1976 671 χωνευτή-

2096 595 2329 662 Isaiam,
2356 596 2571 667 quibus
2605 598 2960 654 describitur
2991 615 3163 654 omne
3182 615 3370 670 genus
3390 599 3602 657 divinae
3627 618 3762 674 pro-

322 700 446 754 ριον
485 677 832 750 ὑποληπτέον
875 682 973 749 τήν
1026 679 1435 751 ἀναπλαστικήν
1486 683 1768 758 πρόνοιαν,
1817 681 1852 752 ἥ
1883 685 1982 752 τὴν

324 766 676 843 διακριτικήν
721 790 780 824 τε
825 770 913 824 καὶ
963 771 1292 845 καθαρτικὴν
1347 768 1594 845 δύναμιν.
1646 773 1722 826 Τὰ
1763 773 1860 847 γὰρ
1886 778 1986 842 τῆς

327 857 631 923 ὁπλιτικῆς
661 855 947 926 διασκευῆς
994 857 1252 933 πρόδηλα
1294 860 1388 932 μὲν
1439 859 1560 915 ἔνθα
1599 867 1802 916 κεῖνται
1838 881 1851 896 ο
1887 858 1984 930 δη-

324 945 490 1002 λοῦσι
523 944 581 1001 δὲ
629 948 692 1002 τὸ
739 948 1118 1022 καθαιρετικὸν
1169 947 1258 1002 καὶ
1315 949 1639 1026 ἀφανιστιγὰ
1684 954 1792 1005 τῶν
1835 949 1985 1005 ἐναν-

327 1034 487 1092 τίων.
523 1030 870 1111 Βαρϐαρικάς
904 1033 962 1090 δὲ
1005 1035 1334 1101 ὁπλοποιίας
1382 1030 1514 1100 ἴσως
1557 1039 1730 1094 ἐκεῖνο
1761 1039 1823 1094 τό
1851 1058 1863 1072 ’
1898 1041 1983 1096 Ἐν

321 1125 649 1198 ἰμαστισμῷ
701 1121 1006 1200 διαχρύσῳ,
1052 1124 1162 1183 καί.
1217 1125 1516 1201 Περίζωσαι
1565 1131 1664 1198 τὴν
1713 1128 1984 1206 ῥομφαίαν

322 1234 423 1267 σου
447 1213 535 1268 ἐπὶ
556 1213 651 1268 τὸν
707 1215 882 1288 μηρόν
934 1235 1052 1283 σου,
1101 1211 1311 1270 δυνατέ.
1345 1217 1407 1272 Ἡ
1440 1216 1538 1291 γὰρ
1574 1217 1819 1294 ῥομφαία
1854 1218 1986 1292 βαρ-

324 1296 554 1376 ϐαρικόν
589 1303 730 1358 ἐστιν
757 1301 951 1373 ὅπλον,
985 1303 1060 1366 ὠς
1091 1304 1299 1379 ἱστορεῖ
1320 1303 1638 1380 Φύλαρχος.
1662 1306 1906 1380 Ὁμοίως
1932 1304 1989 1360 δὲ

323 1389 417 1444 καὶ
455 1390 721 1466 βαναυσός
755 1391 863 1446 ἐστι
886 1396 990 1453 πᾶς
1011 1392 1269 1467 τεχνίτης
1295 1391 1383 1447 διὰ
1407 1395 1573 1469 πυρὸς
1598 1394 1984 1469 ἐργαζόμενος.

2093 684 2978 757 videntim(p).0uemadmodum
2999 690 3596 745 etiamconﬂatoriam
3619 691 3761 762 ﬁgu.

2095 772 2276 828 linani
2309 775 2606 830 ofﬁcinam
2640 777 2899 848 accipere
2930 779 3179 848 oportet,
3203 782 3266 831 ut
3289 777 3621 849 significent
3639 779 3760 833 haec

2095 862 2152 916 in
2185 862 2301 918 Deo
2333 865 2757 934 providentiam
2791 867 3209 921 reformantem
3255 883 3320 920 ac
3352 868 3755 938 reﬁngentem,

2095 956 2199 1005 aut
2244 952 2360 1006 vim
2411 958 2466 1008 et
2516 953 2853 1009 facultatem
2887 955 3230 1010 secernendi
3281 958 3336 1009 et
3382 957 3756 1026 repurgandi.

2097 1041 2256 1104 Quod
2291 1041 2447 1096 enim
2477 1043 2546 1097 ad
2581 1059 2879 1098 armorum
2914 1043 3312 1099 instrumenta
3343 1043 3759 1116 pertinet,quaa

2098 1129 2194 1184 hic
2245 1129 2436 1200 palam
2489 1138 2887 1202 recensentur,
2940 1133 3251 1204 designant
3292 1134 3409 1187 vim
3470 1133 3762 1188 contraria

2099 1219 2436 1273 destruendi
2472 1225 2528 1275 et
2558 1221 2852 1276 abolendi.
2881 1221 3224 1276 Barbaricas
3269 1226 3464 1276 autem
3498 1228 3760 1277 armatu-

2098 1325 2192 1362 ras
2222 1309 2363 1363 forte
2396 1309 2584 1364 illud:
2641 1312 2701 1364 In
2752 1314 2956 1365 vestitu
3012 1311 3294 1378 deaurato,
3346 1316 3421 1378 et,
3473 1312 3764 1382 Accingere

2097 1397 2280 1468 gladio
2311 1414 2476 1469 super
2502 1401 2689 1470 femur
2718 1403 2900 1466 tuum,
2923 1401 3294 1471 potentissime
3316 1400 3410 1470 (q).
3435 1400 3536 1455 Est
3565 1405 3762 1456 autem

323 1481 671 1554 rhomphaaa
699 1483 1076 1539 barbaricum
1125 1482 1332 1554 telum,
1366 1489 1432 1541 ut
1457 1486 1538 1541 ait
1568 1485 1924 1558 Phylarchus
1973 1485 2315 1542 historicus.
2346 1487 2633 1544 Similiter
2679 1492 2735 1544 et
2786 1489 3151 1545 fornacarius
3181 1495 3272 1545 est
3317 1489 3512 1546 omnis
3559 1490 3768 1546 artifex

318 1570 426 1641 qui
461 1587 565 1642 per
593 1576 788 1642 ignem
818 1576 1114 1644 operatur.

391 1659 494 1713 Καὶ
540 1656 725 1721 δαιτάς
772 1681 945 1722 τινας.
1007 1663 1202 1723 Δαῖτάς
1238 1673 1404 1724 ’τινας
1450 1661 1546 1726 τὰς
1595 1661 1838 1737 εὐωχίας
1868 1684 1978 1740 φη-

318 1748 426 1816 σὶν,
461 1748 546 1809 ὡς,
575 1746 628 1802 ἐν
680 1753 759 1820 τῷ
807 1748 1148 1825 Εὗαγγελίῳ,
1198 1748 1288 1805 ὅτε
1336 1752 1363 1805 6
1415 1751 1626 1825 μόσχος
1657 1752 1684 1806 ὁ
1716 1751 1977 1823 σιτευτὸς,

316 1835 412 1890 καὶ
443 1836 513 1890 τὰ
543 1835 732 1906 λοιπά,
764 1839 965 1914 γίνεται
997 1838 1048 1892 ἐν
1080 1837 1161 1912 τῷ
1190 1838 1388 1912 ἀσώτῳ
1419 1840 1541 1912 υἱῷ.

2161 1666 2225 1720 Et
2282 1667 2538 1722 convivia
2596 1666 2869 1736 quaedam.
2930 1667 3205 1723 Convivia
3272 1667 3538 1740 quaedam
3597 1672 3762 1723 vocat

2090 1753 2294 1824 epulas
2328 1759 2392 1809 ut
2421 1760 2510 1811 est
2543 1755 2601 1810 in
2629 1756 2937 1827 Evangelio
2964 1758 3198 1826 (r),cum
3215 1756 3439 1813 vitulus
3456 1756 3758 1828 saginatus

2096 1842 2408 1913 occiditur,
2442 1848 2579 1910 etc.,
2601 1843 2658 1899 in
2693 1845 2878 1899 reditu
2911 1845 3015 1898 filii
3047 1844 3297 1916 prodigi.

390 1926 477 1982 Τὰ
512 1922 781 1995 πολυειδῆ
831 1927 922 1981 καὶ
972 1926 1126 1998 λοξά.
1184 1929 1480 2003 Ἀμαρτίας
1533 1927 1876 2004 ἐπαγγελιῶν
1925 1928 1976 1982 έν

2159 1930 2492 1997 Multiplices
2537 1936 2589 1987 et
2630 1933 2905 2004 obliquas.
2940 1935 3374 1990 Frustrationes
3412 1934 3754 2006 promissio-

316 2013 545 2077 τούτοις
579 2015 712 2092 φησὶ
741 2015 805 2070 τὸ
835 2010 887 2070 ἕν
912 2037 1019 2071 τισι
1051 2021 1159 2071 τῶν
1192 2017 1577 2094 προρρήσεων,
1609 2019 1746 2072 κατὰ
1775 2019 1836 2073 τὸ
1855 2017 1987 2093 πρό-

325 2122 521 2178 χειρον
556 2102 756 2175 δοκεῖν,
795 2105 872 2177 μὴ
902 2104 1060 2166 τέλος
1093 2101 1280 2162 λαϐεῖν
1312 2107 1379 2160 τὰ
1411 2105 1806 2182 ἐπαγγελθέντα
1830 2126 1842 2139 ·
1871 2106 1982 2160 οἷόν

330 2190 498 2259 ἑστιν,
533 2191 607 2253 ὡς
638 2192 697 2247 ἐκ
744 2192 976 2248 πολλῶν
1026 2191 1187 2268 ὀλίγα
1236 2196 1589 2270 παραθέσθαι,
1633 2199 1697 2250 τὸ
1727 2196 1862 2269 πρὸς
1893 2195 1982 2249 τὸν

327 2275 530 2337 Ἰακὼϐ
589 2279 782 2358 λεχθέν
817 2302 830 2316 ⁸
905 2282 1064 2338 Γίνου
1134 2283 1323 2359 κύρίος
1380 2288 1475 2338 τοῦ
1544 2281 1784 2361 ἀδελφοῦ
1839 2305 1935 2338 σου
1968 2303 1982 2318 ·

325 2367 423 2423 καὶ
454 2368 520 2424 τὰ
548 2369 672 2444 περὶ
702 2377 804 2440 τῆς
853 2368 1120 2444 διαμονῆς
1170 2379 1271 2442 τῆς
1323 2372 1399 2435 εἷς
1442 2374 1540 2442 τὴν
1579 2372 1856 2448 βασιλείαν
1883 2375 1984 2427 τοῦ

327 2457 647 2533 σπέρματος
694 2458 882 2531 Δαυὶδ,
942 2460 1076 2537 ἅπερ
1126 2459 1178 2515 ἐν
1235 2465 1316 2534 τῷ
1362 2467 1632 2537 προφανεῖ
1679 2459 1981 2537 διήμαρτον

323 2552 432 2615 τῆς
466 2542 758 2617 ἐκϐάσεως,
790 2549 928 2603 κατά
978 2547 1035 2603 δὲ
1087 2550 1184 2619 τὴν
1213 2545 1411 2622 ἀκριϐῆ
1446 2549 1672 2625 θεωρίαν
1701 2548 1982 2624 οὐδαμῶς.

325 2636 407 2691 Τὸ
441 2636 536 2709 μὶν
569 2637 668 2710 γὰρ
697 2640 796 2692 τοῦ
836 2632 1034 2694 Ἰακὼϐ
1084 2636 1173 2693 διὰ
1218 2645 1318 2708 τῆς
1343 2643 1448 2692 τῶν
1483 2637 1533 2709 ἐξ
1565 2637 1727 2694 αὐτοῦ
1759 2639 1985 2711 ἐπικρα-

321 2723 475 2787 τείας
532 2725 622 2780 καὶ
677 2733 780 2796 τῆς
839 2726 914 2788 εἷς
968 2728 1198 2801 Χριστὸν
1258 2729 1542 2802 ἀναγωγῆς
1596 2727 1981 2802 πεπλήρωται,

325 2812 515 2889 ὥσπερ
543 2814 634 2868 καὶ
667 2815 724 2869 αἱ
752 2817 888 2890 πρὸς
937 2817 1030 2871 τὸν
1079 2811 1331 2892 Ἀϐραὰμ
1381 2815 1698 2893 ἐπαγγελίαι
1728 2815 1851 2890 περὶ
1880 2822 1982 2886 τῆς

324 2904 714 2978 κατασχέσεως
742 2911 842 2974 τῆς
879 2911 982 2980 γῆς
1030 2906 1121 2960 καὶ
1177 2913 1278 2976 τῆς
1333 2910 1442 2961 τῶν
1496 2905 1664 2961 ἰθνῶν
1706 2903 1982 2979 εὐλογίας.

324 2991 415 3048 Τὰ
444 2987 504 3046 δὲ
543 2993 682 3069 πρὸς
721 2991 884 3048 Δαυὶδ
934 2994 1115 3068 μόνως
1149 2995 1224 3057 είς
1253 2995 1344 3050 τὸν
1378 2995 1606 3070 Χριστὸν
1641 2993 1982 3072 ἀναφέρεται.

319 3080 574 3152 Ὁμοίως
621 3078 681 3135 δε
728 3082 817 3136 καὶ
876 3080 944 3137 τὰ
999 3081 1122 3158 περὶ
1186 3081 1555 3157 Σολομῶντος
1614 3080 1877 3137 δοκοῦντα
1930 3080 1982 3137 ἐν

321 3172 410 3240 τῷ
444 3167 536 3241 μδ’
579 3168 825 3245 εἰρῆσθαι
876 3169 1104 3245 ψαλμῷ·
1155 3173 1264 3235 Τὰς
1313 3169 1408 3226 οὖν
1455 3171 1506 3227 ἂν
1535 3169 1750 3234 τούτοις
1784 3171 1984 3246 ἐξηγη-

319 3256 484 3319 τικὰς
514 3255 827 3330 ἀποδόσεις,
858 3259 921 3315 τὸ
967 3258 1224 3317 ποικίλον
1272 3259 1529 3337 ἐχούσας,
1563 3259 1830 3330 πολυειδῆ
1866 3261 1983 3315 ἐκά-

317 3343 451 3402 λεσε
504 3345 832 3424 σοφίσματα,
884 3347 990 3424 οὐχ
1055 3351 1131 3412 ὡς
1189 3349 1667 3427 παραλογιστικῶς
1722 3348 1982 3424 τεχναζό-

322 3455 465 3509 μενοι
493 3437 594 3506 τὴν
647 3434 931 3509 ἀλήθειαν,
981 3438 1108 3494 ἀλλ’
1151 3439 1226 3504 ὡς
1274 3443 1456 3518 σαφῶς
1488 3432 1892 3495 ἀναπτύσσοντα
1918 3437 1983 3493 τὸ

318 3524 683 3600 ζητούμενον.

395 3615 554 3690 [Περὶ
584 3619 683 3671 τοῦ
721 3617 1002 3690 ’Ἂσματος
1047 3619 1157 3672 τῶν
1202 3616 1482 3692 ᾀσμάτων,
1533 3614 1615 3672 ὅτι
1664 3617 1814 3692 ἅγιον
1846 3619 1982 3673 κατά

311 3701 450 3766 τοὺς
481 3704 670 3778 ἁγίους
700 3703 926 3767 τούτους
950 3723 964 3737 ο
990 3702 1270 3781 Θεόδωρος
1300 3707 1400 3781 γὰρ
1434 3707 1461 3761 6
1491 3707 1835 3780 Μοψυεστίας
1869 3704 1983 3762 διέ-

319 3786 493 3847 ϐαλεν
517 3793 648 3847 αὑτὸ
678 3791 917 3862 ἠλιθίως
946 3794 1132 3868 πάνυ.]

394 3883 520 3938 Τῶν
561 3879 947 3954 συνθημάτων.
997 3881 1371 3956 Συνθημάτων
1415 3882 1548 3961 φησὶ
1599 3888 1706 3938 τῶν
1768 3878 1977 3957 συμϐο-

313 3969 499 4033 λικῶς
547 3972 878 4044 γινομένων,
936 3970 969 4026 ἃ
1041 3971 1172 4045 ὑπὲρ
1227 3972 1455 4041 ἑαυτῶν,
1507 3971 1783 4028 τουτέστιν
1845 3972 1975 4046 ὑπὲρ

308 4061 416 4114 τοῦ
443 4055 620 4121 οὕτως
659 4061 704 4097 ⁰¹
753 4069 992 4123 νοεῖσθαι
1037 4059 1192 4130 αὐτὰ,
1241 4061 1315 4123 ὡς
1363 4062 1426 4116 τὸ
1467 4060 1794 4139 φαινόμενον
1829 4058 1974 4137 ἔχειν

306 4147 410 4202 καὶ
466 4146 530 4201 τὸ
583 4148 815 4223 γράμμα
871 4146 1050 4221 ψιλῶς
1110 4149 1476 4226 ὑπαγορεύει·
1538 4149 1599 4204 οὗ
1657 4151 1974 4218 τυπωθῆναι

311 4255 511 4313 φησιν,
543 4232 695 4291 ἀλλὰ
722 4235 1102 4312 προκάλυμμα
1150 4237 1282 4292 εἶναι
1331 4237 1421 4292 καὶ
1464 4238 1633 4292 τύπον
1665 4241 1775 4292 τῶν
1810 4238 1976 4312 βαθυ-

308 4322 490 4401 τέρων
523 4325 768 4394 νοήσεων
821 4325 912 4379 καὶ
962 4323 1317 4398 ὑπολήψεων.
1373 4329 1547 4380 Τοῦτο
1589 4323 1646 4380 δέ
1675 4347 1862 4404 φησιν,
1894 4325 1978 4382 ὅτι

309 4412 384 4468 τὰ
419 4406 675 4485 σύμϐολα
723 4411 831 4489 οὐχ
880 4413 1012 4489 ὑπὲρ
1067 4415 1268 4469 ἑαυτῶν
1314 4415 1381 4469 τὰ
1426 4417 1746 4488 συνθήματα
1783 4415 1849 4470 τὰ
1875 4439 1977 4490 μυ-

312 4498 478 4556 στικὰ
526 4499 844 4573 ἰπενόησαν,
905 4500 1052 4558 ἀλλὰ
1108 4499 1199 4556 διὰ
1253 4500 1386 4566 τοὺς
1439 4502 1713 4576 ἀναξίους,
1748 4501 1840 4559 τίνα
1874 4506 1975 4578 μή,

311 4587 656 4665 προκείμενα
687 4588 891 4663 αὐτοῖς,
925 4589 1369 4669 εὐκαταφρόνητα
1399 4588 1616 4662 δοκοίη.

2095 2036 2235 2074 num
2271 2024 2435 2076 vocat
2464 2020 2582 2086 hic,
2615 2037 2747 2077 cum
2797 2038 2884 2088 ea,
2919 2038 3048 2092 quas
3096 2022 3391 2094 promissa
3442 2027 3604 2088 sunt,
3638 2039 3756 2077 non

2093 2107 2366 2164 videntur
2397 2109 2468 2164 ad
2502 2110 2721 2164 exitum
2753 2111 3058 2181 producta,
3094 2116 3387 2182 quatenus
3420 2111 3620 2167 sensui
3651 2128 3758 2182 ap-

2096 2203 2279 2269 paret,
2298 2199 2455 2253 verbi
2500 2199 2798 2270 gratia,ut
2840 2216 2908 2255 ex
2949 2201 3103 2255 324
3145 2200 3349 2254 multis
3389 2217 3577 2271 pauca
3617 2200 3758 2255 refe-

2096 2302 2239 2353 ram,
2290 2288 2444 2356 quod
2498 2289 2857 2358 promissum
2909 2288 3021 2343 fuit
3067 2289 3286 2344 Jacob:
3333 2289 3459 2344 Esto
3505 2288 3759 2344 dominus

2090 2377 2295 2446 fratris
2328 2376 2413 2430 tui
2442 2378 2543 2447 (s);
2575 2382 2629 2432 et
2660 2378 2730 2433 de
2762 2377 3147 2448 perpetuitate
3178 2377 3342 2448 regni
3367 2377 3612 2433 seminis
3642 2377 3757 2432 Da-

2093 2464 2210 2530 vid,
2249 2481 2375 2536 quaa
2406 2466 2682 2522 videntur
2711 2466 2868 2521 exitu
2903 2467 3185 2521 frustrata
3216 2467 3541 2522 secundum
3573 2483 3757 2537 appa-

2094 2554 2365 2623 rentiam,
2399 2557 2502 2610 sed
2537 2572 2914 2626 nequaquam
2947 2555 3269 2610 secundum
3318 2556 3635 2626 perfectam
3665 2555 3755 2609 in-

2092 2641 2478 2713 telligentiam
2519 2644 2784 2715 spiritus.
2817 2644 2980 2706 Quod
3032 2643 3189 2698 enim
3237 2643 3599 2714 promissum
3647 2643 3758 2698 fuit

2093 2731 2270 2785 Jacob
2291 2731 2364 2786 de
2397 2732 2723 2801 dominatu,
2748 2731 3054 2802 impletum
3096 2736 3186 2788 est
3215 2732 3273 2786 in
3306 2733 3534 2788 Christo
3567 2748 3634 2787 ex
3664 2749 3754 2788 se-

2095 2822 2252 2874 mine
2273 2821 2440 2890 ejus;
2471 2821 2624 2875 sicut
2650 2820 2827 2876 etiam
2861 2820 3285 2891 promissiones
3319 2821 3478 2876 factae
3511 2819 3753 2875 Abraha:

2092 2908 2162 2963 de
2219 2909 2594 2980 possessione
2651 2913 2838 2976 terrae,
2885 2913 2943 2966 et
3000 2909 3408 2965 benedictione
3461 2909 3751 2982 gentium.

2093 3000 2227 3062 Quae
2260 3002 2455 3053 autem
2496 2998 2569 3052 ad
2609 2997 2787 3053 David
2820 3003 2982 3064 sunt,
3007 3000 3076 3053 ad
3111 2999 3301 3054 solum
3333 2998 3630 3055 Christum
3663 3013 3754 3052 re-

2095 3086 2384 3142 feruntur,
2419 3086 2704 3142 Similiter
2732 3087 2909 3142 etiam
2939 3104 3067 3159 quae
3117 3088 3188 3142 de
3237 3086 3566 3154 Salomone,
3600 3087 3756 3142 Psal.

2093 3192 2242 3247 XLIV,
2277 3176 2433 3231 dicta
2463 3179 2625 3232 sunt.
2657 3175 2864 3232 Varias
2898 3175 3098 3247 itaque
3139 3176 3200 3230 in
3248 3176 3342 3231 his
3391 3176 3760 3248 acceptiones

2098 3264 2386 3319 diversam
2419 3264 2868 3336 explicationem
2899 3265 3279 3320 admittentes
3298 3264 3649 3336 multiplicia
3672 3282 3763 3320 so-

2096 3353 2397 3424 phismata
2425 3353 2669 3420 vocavit,
2693 3370 2809 3409 non
2841 3354 3012 3425 quasi
3043 3357 3247 3426 argute
3280 3371 3346 3409 ac
3375 3355 3637 3425 captiose
3657 3370 3758 3409 ve-

2092 3441 2328 3498 ritatem
2362 3441 2667 3514 deludant,
2701 3443 2803 3499 sed
2854 3443 3010 3500 clare
3052 3442 3110 3498 id
3155 3443 3311 3514 quod
3343 3442 3626 3514 quaeritur
3655 3457 3755 3499 ex-

2091 3529 2329 3602 plicent.

2162 3621 2262 3692 [De
2290 3621 2528 3677 Cantico
2564 3621 2954 3692 canticorum,
2989 3622 3143 3692 quod
3177 3637 3412 3676 sacrum
3467 3619 3545 3675 sit
3582 3620 3754 3690 juxta

2089 3713 2325 3766 sanctos
2347 3710 2532 3766 istos:
2567 3710 2912 3766 Theodorus
2943 3710 3101 3766 enim
3133 3709 3584 3782 Mopsuestenus
3605 3707 3753 3763 illud

2089 3797 2328 3854 omnino
2360 3799 2569 3854 insane
2596 3799 2951 3869 contempsit
2982 3801 3039 3853 et
3067 3798 3310 3854 infamia
3341 3797 3608 3868 notavit.]

2161 3887 2644 3958 Compositionum.
2680 3886 3142 3958 Compositiones
3181 3885 3464 3958 intelligit
3493 3902 3591 3942 eas
3625 3901 3753 3956 quas

2087 3975 2407 4048 symbolice
2436 3976 2605 4042 ﬁunt,
2634 3976 2735 4048 qui
2779 3993 2882 4048 pro
2937 3993 3050 4032 non
3103 3976 3320 4048 seipsis
3375 3975 3537 4030 facta:
3587 3978 3753 4041 sunt,

2087 4064 2198 4121 hoc
2255 4069 2364 4132 est,
2400 4069 2466 4120 ut
2497 4065 2581 4120 sic
2613 4065 2756 4136 ipsa:
2783 4065 3215 4136 concipiantur,
3249 4063 3752 4137 quemadmodum

2087 4154 2320 4226 signum
2353 4153 2722 4225 propositum
2758 4153 3032 4218 continet.
3063 4159 3120 4210 et
3159 4155 3318 4208 nuda
3366 4153 3560 4208 littera
3605 4151 3754 4207 insi-

2087 4246 2270 4310 nuat;
2305 4242 2406 4297 sed
2444 4241 2793 4312 velamenta,
2826 4241 3042 4314 inquit,
3069 4245 3207 4298 sunt
3232 4245 3289 4297 et
3320 4242 3505 4314 ﬁgura
3533 4239 3754 4296 intelli-

2087 4331 2422 4404 gentiarum
2470 4349 2535 4387 ac
2585 4348 2871 4388 sensuum
2903 4331 3375 4403 profundiorum.
3401 4331 3518 4386 Hoc
3550 4334 3751 4386 autem

2086 4421 2186 4491 ait,
2210 4421 2362 4490 quod
2389 4419 2658 4493 symbola
2690 4437 2806 4476 non
2833 4425 3075 4492 propter
3093 4421 3370 4493 mysticas
3401 4419 3561 4492 ipsas
3592 4435 3753 4474 com-

2086 4509 2408 4580 positiones
2450 4509 2858 4581 excogitarint,
2893 4509 2994 4564 sed
3039 4513 3278 4580 propter
3324 4507 3622 4579 indignos,
3657 4523 3750 4577 ne,

2088 4597 2138 4653 si
2167 4597 2242 4652 iis
2273 4597 2441 4653 obvia
2471 4597 2684 4663 forent,
2707 4595 2878 4652 facile
2908 4596 3270 4668 contemptui
3299 4596 3678 4652 haberentur.

388 4679 509 4747 Τὴν
575 4678 671 4751 μὲν
729 4677 1064 4755 ἀπόρῥητον.
1139 4668 1262 4748 Τὴν
1353 4680 1446 4753 μὲν
1519 4678 1830 4756 ἀπόρρητον
1886 4681 1976 4736 καὶ

2162 4689 2336 4744 Unam
2365 4687 2595 4759 quidam
2627 4703 2914 4742 arcanam.
2948 4691 3240 4743 Arcanam
3276 4687 3517 4757 quidem
3550 4691 3608 4742 et
3637 4702 3755 4757 my-

319 4767 593 4841 μυστικὴν
626 4764 928 4843 παράδοσιν
986 4774 1086 4838 τῆς
1147 4774 1365 4846 Γραφῆς
1415 4769 1586 4838 αὐτὴν
1611 4768 1972 4844 ἐπεξηγεῖται,

311 4854 507 4912 καλῶν
539 4850 912 4928 ωμϐολικήν,
965 4859 1056 4912 ἅτε
1105 4853 1193 4912 διὰ
1243 4853 1538 4931 συμϐόλων
1576 4856 1976 4934 χρησμοδοτη-

313 4946 498 5000 Θεῖσαν
535 4961 549 4976 ⁸
599 4942 744 5000 ἀλλὰ
798 4944 889 5000 καὶ
939 4943 1274 5016 τελεστικὴν,
1335 4946 1408 5009 ὠς
1461 4947 1556 5009 τὰς
1603 4944 1827 5010 τελετὰς
1866 4952 1972 5002 τῶν

323 5033 649 5109 μυστηρίων
683 5031 735 5087 έθ
783 5028 1088 5108 συμϐόλοις
1133 5032 1533 5111 παραδιδοῦσαν
1586 5032 1672 5091 διὰ
1703 5042 1801 5106 τῆς
1830 5037 1974 5111 ἱερα-

311 5125 479 5192 τικῆς
527 5119 904 5198 παραδόσεως.
963 5123 1180 5196 Ταύτην
1240 5121 1298 5179 δὲ
1341 5126 1442 5194 τὴν
1504 5125 1814 5202 ἀπόρρητον
1848 5123 1973 5194 ἤτοι

309 5207 667 5287 συμϐολικήν
710 5233 872 5290 φησιν
923 5209 1068 5288 ἔχειν
1123 5213 1621 5288 συμπεπλεγμένην
1671 5218 1752 5287 τῷ
1800 5213 1973 5290 ῥητῷ,

306 5303 562 5359 τουτέστι
617 5305 698 5375 τῷ
757 5301 990 5378 ῥηθῆναι
1039 5301 1488 5381 ἐπιτετραμμένῳ
1547 5298 1834 5378 συμϐόλῳ,
1885 5303 1974 5358 καὶ

306 5394 406 5451 τὸν
439 5390 680 5470 ἅρῤητον
732 5389 859 5464 ἤτοι
913 5396 1193 5468 μυστικόν.
1247 5394 1632 5451 Συνεσκίαοται
1679 5396 1782 5472 γὰρ
1814 5393 1866 5450 ἐν
1896 5398 1976 5466 τῷ

386 5549 473 5623 (p)
500 5551 616 5610 Isa.
652 5566 739 5611 ni.
815 5551 896 5625 (q)
924 5549 1078 5610 Psal.
1110 5567 1262 5620 xmv,
1295 5551 1383 5624 10,
1417 5551 1471 5608 4.

2089 4776 2297 4832 sticam
2323 4776 2636 4847 Scriptura
2661 4775 3041 4832 traditionem
3065 4775 3334 4847 explicat,
3357 4776 3498 4830 dum
3521 4775 3754 4845 symbo-

2086 4863 2260 4920 licam
2299 4869 2493 4932 vocat,
2524 4868 2724 4937 utpote
2774 4881 2877 4937 per
2924 4864 3190 4937 symbola
3238 4865 3552 4931 traditam;
3589 4878 3752 4917 eam-

2088 4953 2339 5024 demque
2358 4949 2678 5022 τελεστικήν
2705 4953 2981 5025 appellat,
3011 4960 3076 5008 ut
3098 4970 3223 5024 quae
3245 4957 3752 5008 sacramentorum

2087 5042 2451 5098 caerimonias
2502 5041 2563 5097 in
2613 5042 2900 5115 symbolis
2931 5042 3128 5097 tradat
3176 5059 3280 5114 per
3327 5039 3751 5098 sacerdotalem

2085 5131 2661 5187 traditionem.Hanc
2690 5136 2884 5187 autem
2917 5147 3189 5187 arcanam
3210 5130 3330 5186 sive
3365 5129 3752 5202 symbolicam

2089 5220 2231 5276 dicit
2260 5220 2522 5276 oratione
2553 5221 2869 5292 implexam
2920 5235 3071 5286 esse,
3103 5220 3163 5276 id
3211 5229 3298 5275 est
3343 5218 3591 5292 proferri
3635 5235 3754 5275 una

2088 5325 2222 5364 cum
2254 5308 2519 5383 symbolo
2553 5309 2665 5365 sibi
2695 5309 3330 5380 accommodato,quod
3356 5313 3553 5365 tamen
3575 5309 3752 5366 etiam

2093 5414 2379 5455 arcanum
2411 5401 2502 5455 est
2533 5414 2634 5454 seu
2666 5398 3004 5471 mysticum.
3032 5397 3266 5455 Veritas
3297 5398 3454 5455 enim
3491 5398 3551 5453 in
3593 5414 3752 5470 sym-

1549 5549 1622 5624 (r)
1655 5549 1796 5608 Luc.
1827 5566 1921 5608 xv.
1998 5550 2066 5624 (ις)
2099 5549 2241 5608 Gen.
2273 5567 2454 5622 xxvn,
2481 5551 2573 5607 29.

1337 5701 1583 5762 VARI/ﬁ
1624 5701 2018 5764 LECTIONES
2056 5702 2147 5761 ET
2185 5702 2749 5762 CORRECTIONES.

386 5792 436 5834 ⁸1
471 5785 668 5858 ὅντως.
