4106 6388
445 441 552 496 563
1268 453 1630 508 APPENDIX
1665 454 1764 508 AD
1803 453 2044 508 ΟΡΕΒΔ

2196 451 2492 506 ἩΟΝῩΒΙΙ
2533 452 3040 510 ΔΒΕΟΡΔΟΙΤΕ.
3727 457 3817 513 564

447 563 580 619 bolo
630 569 718 621 est
764 568 1136 638 adumbrata,
1171 588 1275 628 nec
1322 573 1496 645 vulgo
1541 574 1918 646 propalanda,
1949 575 2068 630 uti

2217 565 2485 644 συμϐόλῳ
2535 572 2598 626 τὸ
2665 571 2866 643 ἀληθὲς
2916 572 3006 628 καὶ
3063 569 3483 644 ἀδημοσίευτον,
3541 574 3613 636 ὡς
3663 573 3710 631 ἰν
3753 583 3821 650 τῷ

447 652 726 724 paschate
768 655 965 728 legali,
989 676 1187 716 verum
1224 662 1465 733 pascha,
1488 663 1641 718 sicut
1663 665 1941 736 scriptum
1973 667 2064 718 est

2213 665 2426 732 νομικῷ
2455 661 2641 736 πάσχα
2697 663 2756 715 τὸ
2814 660 3038 731 ἀληθὲς,
3101 659 3234 736 ὅπερ
3280 657 3485 734 εἷ’ρηται
3519 681 3531 693 ·
3564 662 3630 716 Τὸ
3659 663 3821 740 πάσχα

442 743 655 797 Pascha
695 754 946 801 nostrum
981 751 1296 804 immolatus
1324 760 1400 806 est
1429 753 1681 808 Christus
1715 754 1794 824 (ι).
1838 753 1942 808 llla
1974 770 2063 808 ver

2215 751 2376 821 ἡμῶν
2421 749 2552 824 ὑπὲρ
2607 753 2767 822 ἡμῶν
2827 750 2987 821 ἐτύθη
3051 751 3305 826 Χριστός.
3370 750 3442 805 Τὸ
3497 747 3553 805 δὶ
3604 749 3824 828 δεύτερον

445 830 631 886 altera
661 833 959 905 theologiaa
993 855 1129 908 pars
1159 839 1394 895 evidens
1427 846 1535 908 est,
1570 847 1626 896 et
1666 847 1821 909 nota,
1857 860 1970 898 non
2004 859 2066 896 au

2222 837 2412 910 μόριον
2471 838 2572 906 τὴς
2645 837 2969 915 θεολογικῆς
3041 836 3392 915 παραδόσεως
3458 838 3680 917 ἐμφανὲς
3732 842 3824 898 ἐστι

441 926 560 976 tem
595 939 697 993 per
726 925 1022 996 symbols;
1059 928 1207 982 hanc
1229 939 1388 984 vocat
1421 930 1889 1002 philosophicam
1923 937 1981 986 et
2007 932 2062 986 de

2217 927 2304 979 καὶ
2337 926 2633 1000 γνώριμον,
2675 927 2736 982 οὐ
2791 929 2896 1000 μὴν
2945 925 3033 982 διὰ
3082 923 3375 1001 συμϐόλων
3412 947 3424 959 ·
3476 928 3602 1001 ὅπερ
3643 930 3728 984 καὶ
3753 953 3825 1008 φι-

444 1016 899 1080 monstrantem,
929 1015 1121 1086 qualis
1151 1023 1240 1073 est
1273 1017 1392 1083 illa,
1423 1036 1549 1089 quae
1586 1020 1831 1075 moralia
1860 1024 1916 1075 et
1940 1025 2065 1074 nati

2220 1013 2454 1092 λόσονρον
2511 1016 2690 1088 καλεῖ,
2749 1017 2837 1071 καὶ
2897 1014 3296 1088 ἀποδεικτικὸν,
3351 1016 3462 1072 οἶόν
3519 1017 3625 1072 ἐστι
3675 1020 3733 1073 τὸ
3775 1019 3831 1074 τὰ

443 1098 590 1154 ralia
603 1105 781 1172 atque
795 1119 970 1174 opera
1002 1106 1150 1162 325
1178 1108 1492 1163 creationis
1509 1114 1789 1164 recenset.
1810 1111 1936 1164 Haec
1951 1108 2064 1163 enin

2218 1103 2384 1171 ἠθικᾶ
2438 1105 2528 1158 καὶ
2584 1107 2804 1182 φυσικὰ,
2859 1107 2946 1160 καὶ
3018 1106 3290 1182 πρακτικὰ
3342 1105 3441 1172 τῆς
3496 1103 3829 1182 δημιουργίας

445 1187 908 1247 manifestiorem
941 1195 1260 1264 quamdam
1293 1197 1409 1250 vim
1444 1198 2066 1268 persuadendihabet,1

2218 1190 2538 1266 παραδιδόν.
2597 1198 2770 1248 Τοῦτο
2850 1193 2908 1248 δὲ
2989 1195 3052 1248 τὸ
3133 1193 3525 1272 ἐμφανέστερον
3581 1191 3691 1269 ἔχει
3729 1195 3832 1250 τινὰ

449 1276 760 1334 veritatem
819 1283 1198 1352 conjunctam
1259 1301 1393 1340 cum
1453 1286 1524 1342 iis
1575 1304 1702 1358 quae
1762 1293 2070 1342 narrantur

2220 1279 2412 1349 πειθὼ,
2446 1280 2534 1336 καί
2584 1279 2974 1354 συνδεδεμένην
3022 1283 3120 1352 τὴν
3170 1283 3427 1354 ἀλήθειαν
3473 1288 3587 1346 τοῖς
3624 1281 3829 1358 λεγομί·

453 1379 636 1434 quare
665 1368 842 1424 etiam
873 1376 962 1426 est
989 1372 1771 1446 demonstrans.Symbolica
1800 1392 1934 1430 vero
1966 1374 2065 1429 nih

2220 1390 2334 1431 νοις
2368 1389 2380 1402 ·
2409 1371 2548 1426 κατᾶ
2592 1375 2752 1426 τοῦτο
2805 1371 2908 1447 γάρ
2959 1371 3070 1427 ἐστι
3127 1372 3217 1426 καὶ
3273 1369 3662 1429 ἀποδεικτινόν.
3689 1373 3758 1428 Τὸ
3785 1370 3833 1427 δὶ

455 1455 634 1510 habet
662 1473 777 1529 quo
810 1462 1186 1530 persuadeat,
1217 1463 1318 1518 sed
1350 1463 1525 1518 habet
1555 1464 1877 1520 efﬁcaciam
1911 1481 2076 1535 quam

2222 1453 2560 1531 συμϐολικὸν
2603 1462 2704 1516 οὐκ
2745 1459 2862 1536 ἔχει
2919 1463 2982 1516 τὸ
3024 1461 3251 1529 πείθειν,
3296 1458 3425 1516 ἀλλ’
3451 1460 3701 1536 ἰνὲργειάν
3732 1482 3833 1516 τινα

445 1543 580 1599 dam
599 1545 878 1614 divinam,
905 1566 1033 1620 qua:
1055 1551 1286 1606 animas
1310 1552 1692 1623 mysticarum
1717 1569 1912 1608 rerum
1938 1557 2066 1623 atqu

2222 1548 2366 1611 θείαν
2399 1547 2571 1622 ἀφανῆ
2627 1550 2717 1603 καὶ
2768 1547 3116 1625 δραστήριον,
3169 1549 3292 1619 ἥτις
3344 1546 3730 1623 μυστηριώδεις
3758 1549 3833 1603 καὶ

443 1635 960 1706 contemplationis
991 1641 1314 1710 studiosae,
1329 1657 1432 1712 per
1452 1642 1722 1714 mystica,
1747 1641 1802 1696 id
1827 1645 1916 1697 est
1945 1658 2064 1714 εγω

2223 1638 2557 1712 θεωρητικὰς
2591 1637 2770 1712 ψυχὰς
2819 1636 2907 1692 διὰ
2951 1643 3057 1693 τῶν
3095 1643 3393 1712 μυστικῶν,
3447 1637 3570 1707 ἥτοι
3601 1633 3836 1710 συμϐολι-

447 1721 639 1778 bolica
688 1726 1005 1799 aenigmata
1051 1730 1397 1796 communit,
1445 1735 1503 1786 et
1552 1731 1611 1786 in
1660 1730 1892 1788 Christo
1944 1748 2068 1802 qua:

2220 1730 2329 1780 κῶν
2391 1725 2723 1802 αἶ’νιγμάτων
2785 1725 3038 1802 ἐνιδρύει,
3095 1728 3185 1782 καὶ
3244 1726 3413 1781 οἱονεὶ
3470 1725 3711 1805 Θεμελσιοῖ
3770 1725 3833 1788 εἷς

446 1811 658 1866 fundat
687 1831 790 1885 per
820 1818 1118 1890 mysteria,
1153 1836 1277 1890 quze
1311 1819 1472 1874 nullo
1506 1837 1775 1876 sermone
1807 1821 2067 1875 docentu:

2220 1815 2472 1887 Χριστὸν,
2507 1813 2596 1868 διὰ
2622 1819 2730 1870 τῶν
2766 1817 2840 1888 μή
2889 1812 3039 1889 λόγῳ
3090 1812 3494 1887 διδασκομένων
3531 1813 3832 1887 μυστηρίων,

445 1900 548 1956 sed
578 1901 812 1959 silentio
829 1911 885 1960 et
902 1906 1232 1963 divinarum
1268 1908 1732 1964 illustrationum
1768 1908 2066 1964 revelatior

2225 1903 2369 1958 ἀλλὰ
2400 1908 2525 1978 σιγῇ
2580 1905 2667 1958 καὶ
2719 1903 3059 1977 ἀποκαλύψει
3108 1903 3439 1978 ἰλλάμψεων
3482 1907 3614 1960 Θεοῦ
3641 1903 3834 1977 φωτίζει

447 1989 877 2060 percipiuntur,
898 2011 1002 2050 nec
1026 2013 1141 2051 non
1173 2003 1427 2052 mentem
1453 1999 1524 2052 ad
1551 1997 1871 2054 ineﬁ'abilia
1906 2003 2068 2070 mystt

2220 1993 2311 2046 τὸν
2341 1997 2470 2046 νοῦν
2506 1993 2581 2055 εἷς
2626 1993 2720 2055 τὰς
2765 1998 2872 2048 τῶν
2925 1993 3175 2069 ἂρῥήτων
3233 1992 3548 2068 μυστηρίων
3598 1993 3835 2061 κατανοή-

449 2076 540 2131 ria
586 2081 963 2152 percipienda
1010 2084 1336 2141 collustrat.
1387 2085 1644 2143 Observa
1701 2092 1894 2143 autem
1954 2103 2069 2158 quo

2222 2101 2352 2141 σεις.
2389 2082 2707 2154 Σημείωσαι
2764 2079 2841 2154 δὲ,
2891 2083 2965 2144 ὡς
3015 2079 3186 2150 διπλῆ
3238 2083 3351 2138 ἐστι
3383 2087 3491 2137 τῶν
3525 2081 3833 2156 θεολογωνὴ

447 2166 666 2238 duplex
691 2169 768 2226 sit
797 2171 1204 2246 theologorum
1237 2173 1492 2243 traditio,
1522 2180 1579 2231 et
1626 2191 1754 2248 quae
1803 2175 2068 2248 qualisqu

1668 2193 1754 2231 ua:
1803 2175 2112 2248 qualisque
2220 2167 2539 2247 παράδοσις,
2573 2171 2663 2226 καὶ
2693 2176 2834 2242 πῶς,
2868 2173 2960 2227 καὶ
2997 2171 3130 2228 ποία
3161 2171 3289 2228 ἐστί.

447 2254 547 2312 sit.

517 2346 582 2400 Et
631 2350 992 2420 symbolicam
1039 2352 1282 2424 quidem.
1315 2352 1705 2425 Symbolicam
1755 2359 1812 2409 et
1859 2355 1930 2409 ad
1983 2372 2111 2426 my-

2291 2350 2388 2406 Καὶ
2431 2353 2532 2420 τήν
2590 2351 2685 2422 μὶν
2726 2345 3096 2423 συμϐολικήν.
3152 2345 3519 2424 Συμϐολικὴν
3575 2351 3661 2405 καὶ
3710 2348 3837 2406 τελε·

443 2435 624 2490 steria
649 2439 1039 2509 pertinentem
1094 2447 1262 2497 vocat
1310 2442 1497 2513 illam,
1531 2461 1657 2514 quae
1709 2459 1777 2499 ex
1825 2443 2064 2515 symbol?

2220 2442 2407 2509 στικὴν
2439 2441 2538 2508 τήν
2569 2437 2657 2495 διὰ
2706 2435 3000 2512 συμϐόλων
3045 2439 3414 2514 τελουμένην,
3449 2440 3536 2494 οἶα
3560 2439 3625 2494 τὰ
3650 2446 3739 2508 τῆς
3765 2459 3841 2492 νο-

441 2525 772 2594 conﬁcitur,
803 2531 1135 2600 cujusmodi
1167 2535 1305 2586 sunt
1337 2532 1617 2602 mysteria
1648 2533 1843 2587 cultus
1879 2531 2062 2603 legali:

2222 2532 2389 2603 μίκῆς
2423 2529 2697 2606 λατρείας,
2729 2530 2818 2585 καὶ
2863 2531 2932 2586 τὰ
2977 2538 3078 2600 τῆς
3133 2537 3405 2604 μυστικῆς
3449 2534 3550 2595 τῆς
3585 2530 3703 2603 παρ’
3733 2531 3837 2600 ἡμῖν

439 2616 498 2668 et
540 2617 820 2687 mysteria
875 2620 1056 2674 nostri
1112 2620 1262 2675 sacri
1320 2620 1536 2688 cultus,
1600 2621 1836 2676 tametsi
1899 2620 2060 2676 altior

2219 2617 2522 2694 ἱερουργίας
2587 2621 2880 2694 μυστήρια,
2941 2620 2986 2675 εἰ
3041 2619 3130 2674 καὶ
3195 2617 3418 2692 μᾶλλον
3469 2616 3652 2692 ὑψηλά
3683 2637 3736 2672 τε
3768 2616 3839 2671 καὶ

439 2707 602 2771 sunt,
653 2708 710 2759 et
765 2707 958 2778 magis
1015 2707 1329 2778 spiritalia,
1375 2713 1599 2763 nostra.
1629 2708 2060 2780 Philosophicai

2219 2708 2557 2780 πνευματικὰ
2613 2709 2681 2762 τὰ
2753 2709 3012 2782 ἡμέτερα.
3077 2707 3401 2786 Φιλόσοφον
3475 2705 3532 2762 δὲ
3593 2706 3677 2762 καὶ
3729 2706 3840 2760 ἀπο-

438 2795 635 2846 autem
665 2809 732 2848 ac
762 2796 1267 2852 demonstrantem
1301 2803 1470 2852 vocat
1501 2813 1653 2864 eam,
1687 2813 1816 2868 quae
1875 2801 2058 2853 exsist

2218 2794 2494 2864 δεικτικήν
2524 2799 2622 2866 τὴν
2659 2794 2749 2851 διὰ
2802 2804 2901 2866 τῆς
2956 2799 3339 2868 κατανοήσεως
3398 2801 3507 2852 τῶν
3535 2794 3835 2868 κτισμάτων,

441 2877 504 2933 in
547 2883 965 2954 perspicientia
1009 2890 1437 2954 creaturarum,
1490 2886 1820 2958 divinaeque
1875 2886 1933 2940 in
1985 2904 2062 2960 qu

2221 2885 2304 2940 καὶ
2361 2890 2525 2940 τινῶν
2574 2885 2732 2949 θείων
2814 2885 3145 2958 οἰκονομιῶν
3223 2886 3314 2940 καὶ
3388 2889 3484 2954 τῆς
3541 2884 3842 2958 θεωρητικῆς

443 2969 698 3026 busdam
731 2974 908 3028 rebus
939 2975 1336 3046 providentia,
1361 2981 1419 3031 et
1449 2976 1812 3046 expositione
1845 2978 2064 3048 speculi

2219 2974 2524 3048 ἐξηγήσεως
2547 2978 2655 3029 τῶν
2683 2974 2806 3046 περί
2855 2972 2990 3029 Θεοῦ
3036 2972 3347 3050 λεγομενων
3414 2974 3466 3030 ἐν
3494 2979 3610 3036 ταῖς
3641 2975 3840 3048 Γραφαῖς

441 3059 588 3114 trice
616 3076 820 3117 eorum
865 3079 993 3134 quae
1042 3064 1114 3119 de
1163 3064 1278 3120 Deo
1324 3064 1382 3120 in
1435 3064 1756 3136 Scripturis
1807 3066 2062 3121 dicuntu:

1042 3064 1114 3119 de
1163 3064 1278 3120 Deo
1324 3064 1382 3120 in
1435 3064 1756 3136 Scripturis
1807 3066 2104 3121 dicuntur.
2217 3067 2629 3134 συνισταμένην.

515 3151 825 3206 Persuadet
856 3157 906 3207 et
935 3152 1218 3225 astringit.
1253 3153 1575 3208 Persuadet
1618 3159 1676 3209 et
1723 3156 2016 3226 astringit,
2047 3155 2108 3209 id

2288 3153 2464 3217 Ηείθει
2495 3152 2583 3207 καὶ
2633 3149 2963 3223 καταδεῖται,
3009 3151 3185 3216 Πείθει
3229 3153 3320 3208 καὶ
3351 3150 3682 3221 καταδεῖται,
3711 3151 3837 3206 οἱον-

443 3241 755 3294 esteorum
787 3257 915 3312 quas
947 3242 1227 3297 dicuntur
1257 3242 1561 3297 veritatem
1593 3245 1874 3314 tanquam
1910 3242 2064 3315 sigill

2216 3243 2261 3306 εὶ
2322 3241 2517 3316 δεσμόν
2575 3264 2696 3299 τινα
2751 3244 2840 3298 καὶ
2903 3239 3174 3320 σφραγῖδα
3222 3243 3500 3314 ἐπιτίθησι
3545 3247 3658 3304 τοῖς
3704 3239 3833 3314 λεγο-

440 3328 696 3396 quodam
757 3311 1047 3400 obsignat,
1081 3337 1138 3387 et
1186 3332 1364 3387 efficit
1417 3336 1480 3387 ut
1529 3332 1629 3403 qui
1676 3311 1926 3388 audiunt
1967 3311 2061 3389 crs

2217 3334 2398 3405 μένοις
2429 3333 2528 3400 τὴν
2586 3331 2869 3403 ἀλήθειαν,
2927 3332 3018 3387 καὶ
3074 3331 3137 3387 τὸ
3188 3333 3384 3387 πιστὸν
3447 3337 3562 3394 τοῖς
3611 3330 3831 3388 ἀκούουσι

438 3417 598 3471 dant.
622 3418 956 3490 Symbolica
983 3437 1260 3492 vero,per
1290 3437 1355 3476 ea
1383 3437 1512 3492 quas
1546 3422 1697 3474 ﬁunt
1729 3422 1996 3494 adjungit
2027 3440 2059 3476 a

2213 3421 2425 3480 δίδωσι.
2456 3422 2530 3478 Τὸ
2561 3419 2619 3478 δὲ
2650 3417 2985 3495 συμϐολικὸν
3021 3418 3110 3475 διὰ
3148 3425 3256 3476 τῶν
3284 3420 3666 3494 τελουτμένων
3691 3437 3834 3491 προσ-

434 3509 621 3562 Deum
653 3509 904 3578 quodam
962 3510 1151 3582 ipsius
1203 3510 1283 3564 rei
1333 3509 1538 3565 habitu
1571 3516 1628 3565 et
1661 3511 2055 3569 informatiom

2212 3517 2407 3567 οικειοῖ
2461 3516 2540 3583 τῷ
2598 3516 2736 3583 Θεῷ,
2797 3513 3150 3585 πραγματικῇ
3197 3507 3305 3582 (ἔξει
3355 3531 3415 3566 τε
3463 3510 3554 3566 καὶ
3609 3508 3833 3574 cumam,

438 3596 595 3664 QUOd
629 3596 801 3652 etiam
833 3600 1057 3652 νοοανίι
1085 3593 1406 3658 ἀοιδάκτους
1465 3597 1862 3672 μυσταγωγίας,
1903 3602 1961 3656 id
2013 3607 2104 3657 est
2213 3599 2346 3675 ὅπερ
2379 3600 2468 3656 καὶ
2499 3597 2824 3664 ἀδιδάκτους
2859 3599 3239 3675 μυσταγωγίας
3269 3597 3550 3656 ἐκάλεσεν.

438 3698 744 3739 sacrorum
775 3684 1139 3741 initiationes
1171 3703 1202 3740 a
1236 3685 1470 3742 nemine
1502 3687 1760 3742 edoctus.

516 3774 628 3826 Αυι
651 3772 846 3844 legalis
863 3773 1492 3838 traditionis.0uoniam
1517 3791 1633 3828 non
1656 3775 1843 3829 solum
1868 3777 2122 3842 traditio,

2282 3780 2349 3832 Ἣ
2407 3785 2506 3847 τῆς
2553 3784 2790 3850 νομικῆς
2855 3774 3226 3852 παραδόσεως.
3297 3779 3423 3834 ’Ὁτι
3485 3777 3548 3832 ού
3608 3773 3832 3849 μόνονὴ

443 3857 674 3931 legalis,
708 3878 910 3917 verum
944 3861 1116 3916 etiam
1156 3867 1490 3917 nostrorum
1547 3863 1963 3934 mysteriorum
1989 3864 2064 3920 ini

2215 3867 2416 3938 νομική
2441 3863 2763 3940 παράδοσις,
2797 3863 2944 3921 ἀλλᾶ
2986 3865 3075 3922 καὶ
3118 3868 3154 3935 ἡ
3206 3863 3406 3935 τελετή
3438 3870 3549 3922 τῶν
3575 3865 3686 3920 καθ’
3718 3865 3836 3934 ἡμᾶς

443 3947 630 4019 tiatio,
682 3951 868 4008 sacris
917 3947 1205 4023 symbolis
1251 3965 1402 4021 Opus
1456 3949 1682 4006 habuit.
1732 3951 1803 4006 Et
1850 3951 1995 4007 nihil
2044 3953 2058 4008 i

2215 3953 2526 4028 μυστηρίων
2557 3958 2666 4009 τῶν
2714 3955 2874 4028 ἱερῶν
2933 3951 3129 4024 ἐδεήθη
3189 3949 3512 4026 συμϐόλων.
3568 3953 3661 4008 Καὶ
3705 3948 3832 4006 οὐδὲν

442 4038 661 4095 mirum
693 4045 802 4110 est,
827 4056 958 4096 cum
993 4039 1172 4094 etiam
1204 4039 1394 4111 angeli
1429 4055 1533 4109 per
1561 4040 1878 4111 aenigmata
1908 4039 2062 4094 divin

2214 4043 2542 4114 θαυμαστὸν,
2567 4042 2704 4097 ὅπου
2724 4041 2812 4096 καὶ
2837 4043 2888 4096 οἱ
2919 4039 3139 4118 ἄγγελοι
3173 4039 3242 4096 δι’
3274 4042 3614 4119 αἰνιγμάτων
3653 4041 3715 4095 τὰ
3741 4042 3835 4103 θεῖα

437 4129 719 4201 mysteria
757 4133 1048 4201 promunt.
1083 4126 1233 4196 Quin
1265 4133 1324 4182 et
1354 4127 1480 4199 ipse
1512 4127 1796 4184 Dominus
1830 4146 1922 4186 res
1953 4129 2058 4183 divi

2215 4135 2486 4206 μυστήρια
2515 4133 2836 4207 προάγουσι.
2899 4131 3004 4189 Καὶ
3052 4131 3216 4194 αὐτὸς
3266 4132 3296 4188 ὁ
3356 4131 3556 4212 Κύριος
3593 4130 3644 4186 ἐν
3686 4146 3836 4204 παρα-

435 4234 544 4274 nas
573 4219 631 4273 in
666 4218 963 4290 parabolis
991 4217 1304 4274 tradidisse
1336 4217 1622 4273 cernitur.

1398 4217 1622 4273 .rnitur.
2210 4215 2406 4283 ϐολαῖς
2439 4219 2681 4297 φαίνεται
2716 4219 3019 4295 θεολογῶν.

956 4323 1310 4396 Theologica
1341 4323 1580 4380 traditio
2549 4329 2577 4383 ']

2549 4329 2666 4396 Τῆς
2697 4330 2805 4382 τῶν
2843 4324 3115 4402 θεολόγων
3147 4324 3523 4401 παραδόσεως.

433 4412 553 4468 alia
594 4413 834 4486 quidem
883 4419 972 4469 est
1017 4428 1232 4469 arcana
1305 4412 1422 4468 alia
1487 4429 1620 4468 vero
1682 4413 1994 4484 perspicua
2043 4430 2054 4469 ι

2216 4419 2241 4486 ἡ
2278 4418 2370 4488 μὲν
2405 4415 2851 4493 ἂπόῤῥητος-καὶ
2886 4438 2987 4488 μυ-
3060 4418 3095 4486 ἡ
3149 4414 3206 4472 δὶ
3253 4415 3506 4494 ἐμφανὴς
3551 4412 3837 4489 καῖγνώρι-

506 4506 562 4558 et
613 4502 878 4576 mystica,
922 4520 1050 4576 quas
1099 4503 1238 4559 item
1386 4507 1684 4573 nota,quae
1718 4507 1807 4557 est
1839 4501 2097 4573 philoso-

2279 4503 2990 4577 στικὴ,ἥτιςέστὶκαὶσυμ-
3141 4525 3261 4578 μος,
3312 4505 3440 4576 ἥτις
3489 4505 3600 4561 ἐστὶ
3639 4502 3835 4581 φιλόσο-

506 4592 850 4663 symbolica,
893 4598 950 4649 et
995 4592 1239 4654 initians
1387 4591 1639 4662 phica,et
1659 4592 2095 4658 demonstrans,

2279 4589 2502 4663 ϐολικὴ,
2530 4593 2621 4648 καὶ
2663 4591 2983 4663 τελεπική-
3131 4614 3229 4672 φος
3333 4594 3430 4649 καὶ
3512 4587 3832 4654 ἀποδεικτική

509 4683 567 4736 et
596 4681 837 4750 efﬁcax;
1388 4685 1446 4736 et
1477 4680 1864 4751 persuadens.
2129 4733 2130 4738 η

1832 4697 1864 4736 ι.
2129 4675 2178 4739 D
2277 4683 2369 4738 καὶ
2399 4681 2658 4759 δραστική
2693 4701 2704 4714 ·
3101 4683 3190 4738 καὶ
3222 4686 3453 4754 πιθανή.

509 4786 814 4858 Symbolis.
866 4787 1100 4845 Naturae;
1159 4786 1477 4842 conformis
1539 4786 1708 4852 ratio,
1751 4803 1856 4841 cur
1897 4786 2097 4860 aliqua

2286 4785 2618 4864 Συμϐόλων.
2679 4786 2996 4866 Φυσολογία
3064 4789 3166 4858 τὴν
3237 4789 3415 4844 αἷνίαν
3479 4787 3701 4865 ἔχουσα,
3752 4779 3826 4838 διὰ

438 4877 680 4948 quidem
712 4875 1027 4950 Scriptum
1056 4875 1186 4932 loca
1218 4874 1543 4948 symbolica
1571 4874 1709 4943 sint,
1738 4874 1937 4946 aliqua
1968 4894 2059 4933 ver

2210 4877 2260 4932 τί
2305 4877 2371 4933 τᾶ
2422 4879 2516 4949 μὶν
2572 4871 2905 4950 συμϐολικὰ,
2961 4876 3028 4932 τὰ
3083 4874 3140 4932 δὶ
3183 4874 3434 4954 ἅχραντα
3484 4883 3586 4948 τῆς
3642 4875 3831 4950 Γραφῆς

437 4982 608 5037 pura.

2209 4965 2595 5040 παραδέδοται.

507 5061 616 5114 Per
659 5058 993 5130 enigmata.
1027 5062 1132 5112 Per
1179 5056 1513 5128 aenigmata,
1563 5061 1630 5112 ut
1677 5058 1832 5128 apud
1882 5059 2098 5114 Zacha-

2282 5059 2360 5110 Δι’
2415 5053 2778 5131 αἲνιγμᾶτων.
2831 5055 2908 5108 Δι’
2963 5053 3322 5130 αίνιγμάτων,
3386 5057 3466 5120 ὡς
3523 5057 3552 5111 ὁ
3606 5049 3834 5128 παρὰτῷ

434 5147 583 5204 riam
616 5149 690 5219 (u)
723 5149 967 5218 angelus
1000 5147 1100 5218 qui
1133 5147 1204 5201 de
1236 5147 1390 5202 320
1420 5147 1554 5200 .lesu
1590 5145 1708 5202 ﬁlio
1746 5149 2008 5214 Josedec,
2041 5165 2055 5201 ε

2213 5146 2452 5220 Ζαχαρία
2496 5143 2728 5219 ἄγγελος
2784 5143 2850 5196 τὰ
2906 5143 3030 5218 περὶ
3086 5147 3184 5198 τοῦ
3240 5146 3425 5215 Ἰησοῦ
3482 5147 3581 5198 τοῦ
3611 5134 3834 5200 Ἰοσεδὲκ,

435 5237 508 5292 de
537 5237 689 5292 stola
720 5239 848 5307 ejus
881 5237 939 5291 in
971 5235 1277 5304 aenigmate
1326 5235 1628 5305 loquitur:
1681 5242 1735 5289 et
1781 5237 1935 5306 apud
1985 5236 2056 5290 Ds

2213 5235 2426 5304 καὶτῆς
2476 5232 2681 5301 στολῆς
2737 5230 2901 5286 αὑτοῦ
2949 5236 3132 5286 τυπῶν
3180 5232 3269 5286 καὶ
3323 5234 3501 5308 λὲγῶν
3536 5251 3550 5265 °
3601 5230 3685 5286 καὶ
3713 5220 3834 5298 παρᾶ

434 5325 651 5382 nielem
701 5323 955 5392 Gabriel,
984 5323 1085 5394 qui
1136 5324 1206 5378 de
1253 5324 1482 5379 Christo
1536 5323 1796 5390 disserit,
1830 5330 1888 5379 et
1919 5324 2055 5379 simt

2209 5328 2287 5395 τῷ
2317 5321 2521 5392 Δανιὴλ
2557 5323 2584 5375 ὁ
2639 5315 2903 5396 Γαϐριὴλ,
2934 5320 3001 5375 τὰ
3044 5320 3170 5394 περὶ
3205 5326 3445 5395 Χριστοῦ
3478 5317 3830 5394 διηγούμενος.

430 5415 548 5488 ipsi
606 5413 858 5486 mystica
916 5412 1242 5484 denuntiat,
1296 5412 1529 5484 aliaque
1587 5413 1825 5468 similia.
1878 5413 2051 5468 Deiﬁc

2209 5412 2296 5468 καὶ
2350 5412 2418 5464 τὰ
2476 5409 2568 5465 σὺν
2618 5410 2767 5480 αὐτῷ
2829 5409 3059 5482 μυστικὰ
3119 5409 3502 5484 ὑπαγορεύων,
3562 5407 3650 5462 καὶ
3704 5401 3830 5474 ἕτερα

432 5510 633 5560 autem
662 5507 830 5558 vocat
865 5501 952 5558 vel
1003 5501 1158 5572 quod
1211 5501 1304 5557 sui
1353 5505 1655 5558 consortes
1686 5501 1978 5570 deiﬁcent,
2005 5519 2053 5558 νε

2206 5505 2446 5558 τοιαῦτα.
2505 5499 2744 5573 Θεουργᾶ
2791 5494 2849 5553 δέ
2897 5519 3058 5574 φησιν
3105 5497 3140 5569 ἥ
3188 5498 3256 5554 τὰ
3300 5499 3433 5553 Θεὸν
3489 5495 3827 5552 ἀποτελοῦντα

433 5595 592 5667 quod
631 5594 726 5648 Dei
758 5608 931 5663 opera
963 5592 1124 5647 ﬁant.

2202 5592 2293 5646 τὸν
2329 5588 2632 5663 μετέχοντα
2677 5585 2874 5656 αὐτῶν,
2928 5582 2966 5655 ἤ
3012 5587 3081 5641 τὰ
3126 5586 3273 5662 παρὰ
3314 5590 3453 5642 Θεοῦ
3497 5578 3815 5661 εἱργασμὲνα.

501 5777 566 5849 (ι)
599 5776 620 5830 Ι
653 5776 777 5832 Cor.
810 5790 865 5842 v,
896 5774 950 5827 7.
1028 5771 1110 5844 (ιι)
1140 5775 1276 5844 Cap.
1311 5789 1392 5829 Ill.
