4106 6390
359 449 474 506 565

1323 455 1383 507 8.
1426 451 1702 508 ΜΔΧῙΜΙ
1743 447 2052 505 ΒΟΗΟΙιΙΔ
2087 450 2165 503 ΙΝ
2202 451 2359 505 ΕΡΡ.
2399 455 2458 506 S.
2498 451 2842 508 DIONYSII.

3684 455 3793 510 566

437 573 538 628 Διὰ
591 579 828 644 τυπικῆς
891 574 1304 648 τραπεζώσεως.
1366 572 1709 650 Τραπέζωσίν
1765 591 1895 648 φησι
1967 570 2010 624 τε

2216 575 2323 630 Per
2350 575 2597 646 typicam
2643 591 2911 631 mensam.
2962 574 3313 646 Τραπέζωσιν
3365 581 3532 633 vocat
3578 593 3646 634 ea
3693 595 3790 634 sa-

358 662 416 717 έν
476 667 545 737 τῇ
609 663 724 734 θείᾳ
777 663 1018 739 τραπέζῃ
1077 660 1167 718 διὰ
1220 667 1317 718 τοῦ
1364 663 1520 738 ἁγίου
1570 664 1736 738 ἄρτου
1784 660 1874 716 καὶ
1931 661 2010 713 τοῑ

2138 671 2595 736 cramenta,qua=.
2626 666 2683 720 in
2715 665 2916 720 divina
2944 681 3149 720 mensa
3181 682 3282 736 per
3310 683 3542 722 sacrum
3575 684 3788 740 panem

356 752 634 827 ποτηρίου
662 758 763 820 τῆς
795 750 1049 828 εὐλογίας
1087 751 1390 825 τελούμενα
1443 753 1736 826 μυστήρια.
1773 747 2030 822 Σημείω-

2139 757 2197 807 et
2255 752 2498 808 calicem
2559 753 2986 809 benedictionis
3047 759 3385 809 consecrata
3433 761 3590 811 sunt.
3644 758 3792 813 Nota

357 861 448 894 σαι
484 838 543 894 δὲ
573 839 656 895 ὅτι
683 841 775 894 καὶ
804 843 839 910 ἡ
871 839 1083 895 παλαιά
1113 841 1202 894 καὶ
1233 843 1268 909 ἡ
1308 841 1400 895 νέα
1457 841 1644 918 Γραφὴ
1703 836 1891 894 πολλά
1937 834 2010 891 διέ

2138 858 2293 909 vero,
2327 858 2463 896 cum
2497 843 2556 897 in
2588 844 2832 914 antiqua
2858 847 2982 898 tum
3015 843 3074 896 in
3107 859 3257 898 nova
3284 842 3412 914 lege
3433 844 3618 902 multa
3637 845 3792 901 tradi

355 923 657 1002 συμϐόλων
686 926 1054 1005 παραδίδωσι,
1085 929 1175 984 καὶ
1209 927 1297 984 διὰ
1323 930 1398 985 τί.

432 1021 508 1092 [α]
599 1019 716 1088 Τὴν
795 1018 1144 1094 ἀνθρωπίνην
1235 1021 1404 1089 ζωήν.
1463 1019 1786 1094 Ἀμέριστον
1870 1016 2026 1088 οἶμαι

355 1106 632 1184 εἰρηκέναι
665 1107 829 1162 αὐτὸν
855 1109 959 1178 τὴν
1015 1107 1358 1183 ἀνθρωπίνην
1391 1108 1535 1177 ζωὴν
1586 1107 1676 1162 καὶ
1740 1105 2021 1181 μεριστὴν,

348 1197 414 1252 τὸ
463 1197 560 1270 μὲν
619 1193 708 1250 διὰ
759 1197 822 1251 τὸ
880 1203 980 1266 τῆς
1011 1199 1202 1271 ψυχῆς
1234 1197 1431 1272 ἀμερὲς
1480 1197 1574 1251 καὶ
1617 1195 1930 1269 ἀσώματον,
1960 1192 2022 1247 τὸ

358 1283 418 1341 δὶ
451 1282 633 1340 διὰτὸ
667 1290 764 1340 τοῦ
822 1287 1079 1359 σώματος
1138 1285 1394 1341 ποικίλον
1443 1307 1503 1340 τε
1550 1285 1640 1340 καὶ
1688 1283 2021 1360 πολυμερές.

353 1376 496 1450 Ὅρα
546 1372 626 1443 δὲ,
658 1380 778 1437 πῶς
837 1375 1155 1449 θαυμασίως
1206 1375 1275 1430 τὰ
1305 1381 1405 1446 τῆς
1439 1378 1624 1450 ψυχῆς
1655 1370 2021 1449 παραδίδωσι.

350 1465 427 1519 Τὸ
480 1465 577 1538 μὲν
624 1465 726 1539 γὰρ
779 1463 946 1534 αὐτῆς
1001 1463 1290 1539 ἀμέριστόν
1351 1485 1536 1540 φησιν,
1595 1463 1624 1517 ’ὁ
1674 1463 1764 1517 καὶ
1818 1461 2019 1525 ἀπαθὲς

351 1549 520 1607 καλεῖ
550 1571 564 1584 ο
597 1557 758 1607 τοῦτο
786 1551 843 1608 δέ
873 1551 985 1608 έστι
1027 1553 1089 1607 τὸ
1133 1560 1234 1624 τῆς
1292 1556 1477 1628 ψυχῆς
1537 1552 2015 1630 ἀκραιφνέστατον,

347 1640 444 1695 καὶ
503 1640 659 1709 αὐτὸ,
689 1642 764 1704 ὡς
828 1642 889 1696 ἅν
939 1663 1024 1704 τις
1086 1639 1258 1709 εἷ’ποι,
1289 1643 1352 1698 τὸ
1401 1640 1578 1713 ἄνθος,
1610 1643 1742 1716 ὅπερ
1792 1638 1934 1695 ἐστὶν
1987 1641 2015 1693 ὁ

344 1734 498 1797 νοῦς,
534 1731 563 1784 ὁ
593 1729 684 1785 καὶ
742 1731 804 1786 τὸ
850 1730 1076 1806 λογικὸν
1127 1730 1410 1808 προχέων,
1460 1731 1578 1785 καθ’
1641 1730 1699 1783 ὃν
1751 1733 1875 1782 νοῦν
1925 1728 2015 1782 καὶ

344 1819 516 1890 νοερᾶ
546 1821 580 1888 ἡ
615 1821 792 1895 ψυχὴ,
826 1819 877 1873 ἐν
911 1821 1060 1896 ᾧπερ
1110 1823 1188 1892 νῷ
1239 1820 1307 1874 τὰ
1349 1819 1499 1874 ἁπλᾶ
1535 1819 1622 1872 καὶ
1674 1819 1788 1871 οἷον
1838 1815 2018 1890 γυμνὰ

345 1902 650 1979 συμϐόλων
711 1907 887 1984 χωρὶς
951 1910 1224 1984 μυστήρια
1277 1906 1584 1978 ἐπιπητῶς
1633 1905 2010 1960 έποπτεύεται.

348 1997 432 2052 Τὸ
467 1992 526 2050 δὲ
577 1997 748 2066 αὐτῆς
802 1995 1056 2070 μεριστόν
1103 1995 1322 2061 έστιν,’ὀ
1353 1997 1440 2050 καὶ
1495 1994 1795 2065 παθητικόν
1855 2013 2011 2071 φησι,

349 2088 518 2140 τοῦτο
551 2082 608 2140 δέ
639 2085 782 2142 ἐστιν
812 2088 846 2156 ἡ
880 2093 980 2156 τῆς
1014 2089 1199 2161 ψυχῆς
1243 2082 1495 2158 δύναμις,
1528 2088 1564 2153 ἡ
1612 2084 1748 2158 πρὸς
1787 2083 1881 2145 τὰς
1929 2081 2014 2136 αἰ·-

355 2175 580 2244 σθήσεις
605 2173 869 2248 ένουμένη
904 2173 994 2230 διὰ
1019 2179 1118 2230 τοῦ
1173 2173 1482 2246 πνεύματος
1539 2177 1637 2227 τοῦ
1690 2172 1856 2245 μέσου
1911 2178 2012 2240 τῆς

355 2265 548 2338 ψυχῆς
597 2264 690 2319 καὶ
727 2268 826 2319 τοῦ
885 2264 1161 2337 σώματος,
1190 2263 1244 2318 έν
1307 2263 1353 2336 ᾧ
1401 2262 1669 2335 πνεύματι
1720 2261 2014 2330 έναπεστη-

353 2351 613 2427 ριγμέναι
645 2352 781 2408 εἷ’σὶν
813 2354 868 2407 αἱ
895 2360 996 2422 τῆς
1034 2353 1334 2424 αἰσθήσεως
1381 2353 1471 2406 καὶ
1520 2355 1628 2406 τῶν
1681 2348 2011 2420 διανοήσεων

346 2444 463 2495 τῶν
497 2437 588 2496 διὰ
615 2447 715 2511 τῆς
747 2443 990 2516 σκέψεως
1050 2444 1470 2519 γνωριζομένων
1532 2437 1806 2513 δυνάμεις.
1840 2442 2014 2493 Τοῦτο

350 2526 448 2584 οὖν
481 2531 780 2602 παθητικόν
811 2530 921 2586 ἐστι
965 2537 1069 2601 τῆς
1131 2534 1340 2605 ψυχῆς,
1375 2531 1467 2585 ἅτε
1514 2527 1604 2584 διὰ
1656 2533 1764 2583 τῶν
1823 2528 2014 2598 αἰσθή-

346 2638 490 2672 σεων
540 2619 618 2682 εἰς
670 2621 1040 2695 προσπάθειαν
1111 2619 1314 2690 ταύτης
1379 2622 1489 2674 τῶν
1567 2617 1843 2686 «homo»;
1915 2637 2014 2670 κα-

343 2709 754 2786 ταφερομένης.
787 2713 960 2764 Τοῦτο
1020 2707 1078 2764 δὲ
1133 2709 1195 2763 τὸ
1260 2709 1445 2784 μέρος,
1496 2709 1624 2782 φέρε
1682 2706 1871 2773 εἰπεῖν,
1912 2711 2013 2774 τῆς

345 2799 567 2872 ψυχῆς,
626 2797 704 2860 ὡς
756 2799 784 2851 ὁ
843 2802 992 2869 νοῦς,
1050 2796 1149 2852 οὐκ
1224 2793 1333 2853 ἔστι
1390 2796 1649 2871 καθαρὸν,
1709 2791 1832 2849 οὔτε
1887 2792 2013 2848 έπο-

349 2889 585 2940 πτεῦσαι
644 2883 863 2941 δύναται
915 2886 984 2941 τὰ
1040 2889 1157 2942 θεῖα
1211 2887 1300 2941 καὶ
1375 2885 1638 2956 ἐπιστητὰ
1697 2883 1788 2938 καὶ
1845 2881 2015 2953 νοητὰ

343 2973 600 3046 ἁμέσως,
648 2972 799 3030 ἀλλὰ
857 2972 1027 3030 δεῖται
1080 2973 1246 3048 μέσου
1291 2976 1435 3038 τινὸς
1487 2971 1826 3048 παχυτέρου,
1853 2970 2016 3034 καθά-

345 3081 455 3138 περ
493 3068 964 3141 χειραγωγοῦντος
992 3062 1122 3120 αὐτὸ
1155 3064 1243 3120 έπὶ
1272 3065 1340 3118 τὰ
1378 3063 1526 3119 ἁπλᾶ
1579 3062 1673 3117 καὶ
1728 3062 2011 3137 ἀμέριστα,

352 3149 493 3226 ὅπερ
526 3158 676 3208 ποιεῖ
703 3154 772 3208 τὰ
829 3147 1088 3226 σύμϐολὰ
1143 3150 1234 3208 διὰ
1287 3157 1397 3208 τῶν
1446 3155 1736 3226 μεριστῶν,
1765 3150 2012 3206 τουτέστι

346 3245 464 3295 τῶν
497 3239 772 3314 αἲσθητῶν
803 3241 894 3296 καὶ
938 3242 1278 3320 φαινομένων
1337 3240 1424 3296 ἐπὶ
1481 3242 1548 3295 τὰ
1599 3239 1809 3316 ἄρρητα
1863 3241 2012 3311 ξενα-

346 3349 509 3404 γουν.
711 3378 721 3387 .

571 3417 672 3476 Καὶ
732 3420 796 3474 τὸ
879 3419 974 3492 μὶν
1055 3419 1254 3482 ἀπαθὲς
1338 3425 1437 3487 τῆς
1517 3420 1726 3492 ψυχῆς.
1783 3416 2013 3480 Ἀπαθὲς

339 3513 450 3575 τῆς
479 3510 667 3581 ψυχῆς
695 3508 759 3562 τὸ
790 3507 1000 3583 νοερὸν,
1032 3507 1140 3582 οὐχ
1170 3508 1247 3576 ὡς
1267 3509 1443 3576 πάντη
1474 3505 1751 3580 ἀμέτοχον
1780 3504 2007 3574 πάθους,

343 3593 482 3650 ἀλλ’
517 3595 594 3659 ὡς
623 3594 814 3667 ἔξωθεν
845 3599 942 3651 τοῦ
965 3594 1196 3671 πάσχειν
1256 3593 1355 3650 ούκ
1404 3591 1532 3671 ἕχον
1581 3594 1678 3656 τὰς
1736 3593 2007 3671 ἀφορμὰς,

343 3683 535 3760 ὥσπερ
563 3685 627 3740 τὸ
675 3690 837 3759 σῶμα
890 3685 1174 3747 πλείστοις
1223 3685 1530 3740 ὑποπίπτον
1578 3689 1766 3746 κακοῖς
1793 3687 1839 3720 ⁶²
1869 3704 2006 3754 συμ-

339 3775 662 3847 πτώμασιν,
695 3775 830 3850 ἇίπερ
887 3777 922 3844 ἡ
983 3775 1136 3849 ψυχὴ
1201 3771 1321 3829 ἄνευ
1368 3781 1469 3843 τῆς
1517 3773 1720 3835 οἰκείας
1761 3772 2005 3827 ἑκουσιό-

339 3881 515 3932 τητος
549 3861 658 3937 οὐχ
691 3863 973 3936 ὑπομένει.
1006 3861 1316 3932 ΙΙαθητικὸν
1351 3858 1409 3916 δὶ
1435 3861 1603 3931 αὐτῆς
1648 3861 1712 3915 τὸ
1761 3857 1851 3915 διὰ
1895 3865 2002 3915 τῶν

343 3951 654 4021 αἰσθήσεων
735 3950 1128 4022 ἀντιληπτικὸν
1190 3956 1298 4007 τῶν
1375 3949 1592 4024 ἔξωθεν,
1649 3949 1803 4023 ᾧτινι
1879 3972 2005 4028 συγ-

338 4040 497 4116 γενὶς
555 4035 656 4118 ἔφη
714 4041 777 4095 τὸ
837 4037 928 4094 διὰ
984 4035 1278 4112 συμϐόλων
1355 4043 1683 4113 σωματικῶς
1773 4037 2004 4114 παραδί-

342 4123 538 4190 δοσθαι
596 4125 664 4181 τὰ
722 4128 862 4196 θεῖα,
894 4123 965 4181 δι’
996 4128 1068 4182 ὧν
1127 4127 1266 4204 πρὸς
1309 4127 1409 4196 τήν
1441 4132 1549 4182 τῶν
1577 4126 1760 4182 αύλων
1810 4127 2004 4203 ἀναγό-

346 4217 490 4289 μεθα
523 4216 643 4280 θέαν
654 4258 668 4272 .

419 4307 499 4380 [γ]
559 4302 858 4379 θεολογίας
917 4309 1140 4382 σαφοῦς.
1182 4307 1305 4362 ’Ότι
1350 4305 1442 4360 καὶ
1485 4306 1540 4359 οἱ
1577 4303 1863 4381 θεολογίας
1910 4325 2003 4361 σα-

341 4397 484 4470 φοῦς
525 4393 614 4449 καὶ
645 4397 862 4468 γυμνῆς
908 4392 1395 4467 προκαλυμμάτων
1447 4393 1768 4467 ἀκηκοότες,
1798 4393 2002 4458 τύπους

337 4483 498 4543 τινὰς
557 4479 609 4536 ἰν
666 4483 878 4543 ἑαυτοῖς
934 4480 1339 4537 ἀναπλάττουσι
1396 4482 1535 4557 πρὸς
1608 4481 1798 4552 νόησιν
1868 4482 2000 4545 τοὺς

336 4569 734 4646 ἀκροωμένους
766 4575 1252 4646 χειραγωγοῦντες.
1283 4568 1511 4633 ’Ἀλλως
1534 4589 1547 4602 '
1581 4569 1882 4645 Θεολογίας
1914 4591 2002 4625 σα-

2136 947 2241 1003 per
2275 931 2562 1001 symbola,
2595 936 2651 986 et
2676 948 2799 987 cur.

2207 1021 2524 1075 Humanam
2604 1020 2799 1076 vitam.
2867 1019 3140 1075 Arbitror
3213 1021 3540 1077 humanam
3610 1021 3792 1079 vitam

2134 1107 2355 1179 ipsum,
2385 1109 2745 1164 individuam
2777 1114 2834 1163 et
2866 1109 3164 1164 dividuam
3195 1109 3436 1167 dixisse.
3475 1109 3623 1166 Illud
3655 1110 3792 1183 qui-

2133 1196 2265 1252 dem
2299 1201 2538 1268 propter
2567 1196 2776 1252 animae
2807 1196 3282 1253 individuitatem
3313 1203 3490 1268 atque
3519 1198 3789 1271 incorpo-

2133 1286 2424 1356 reitatem,
2475 1285 2586 1341 hoc
2636 1301 2770 1341 vero
2832 1292 3069 1358 propter
3125 1288 3387 1359 corporis
3443 1289 3665 1343 variam
3717 1305 3784 1345 ac

2133 1373 2634 1430 multimembrem
2702 1376 3161 1448 proportionem.
3231 1378 3486 1433 Observa
3559 1381 3783 1447 autem,

2130 1480 2306 1534 quam
2339 1465 2585 1520 miriﬁce
2613 1465 2812 1520 tradat
2840 1481 2909 1520 ea
2939 1481 3067 1536 quaa
3096 1470 3240 1520 sunt
3269 1466 3502 1521 animae.
3536 1466 3682 1522 Nam
3724 1466 3784 1522 id

2128 1555 2285 1624 quod
2313 1555 2442 1624 ejus
2473 1557 2765 1619 est,vocat
2793 1553 3167 1608 individuum
3203 1558 3378 1626 atque
3407 1571 3615 1626 expers
3645 1571 3783 1626 pas-

2127 1642 2345 1710 sionis;
2381 1643 2488 1698 hoc
2539 1647 2733 1698 autem
2791 1647 2878 1698 est
2925 1644 2978 1697 id
3031 1644 3187 1715 quod
3240 1644 3298 1698 in
3349 1646 3549 1700 anima
3596 1644 3783 1700 subli-

2127 1731 2464 1787 missimum
2497 1737 2588 1787 est
2617 1737 2812 1803 atque,
2846 1741 2905 1787 ul
2932 1733 3016 1788 ita
3047 1732 3181 1803 quis
3214 1732 3390 1804 dicat,
3422 1738 3527 1789 ﬂos
3571 1733 3780 1803 animi,

2125 1821 2282 1891 quod
2305 1825 2394 1876 est
2416 1837 2608 1889 mens,
2639 1839 2670 1875 a
2695 1838 2810 1892 qua
2845 1821 3021 1876 etiam
3056 1822 3298 1892 proﬂuit
3331 1823 3418 1876 vis
3450 1822 3776 1890 rationalis,

2125 1912 2342 1965 secund
2355 1911 2647 1982 um;quam
2670 1911 2846 1965 etiam
2863 1910 3060 1966 anima
3074 1911 3438 1983 intelligit.In
3455 1911 3564 1967 hac
3577 1917 3774 1968 mente

2123 1999 2418 2070 simplicia
2446 2004 2504 2055 et
2530 2000 2700 2070 quasi
2732 2000 2891 2054 nuda
2919 1999 3221 2072 fmysteria
3269 2000 3397 2055 sine
3431 2001 3771 2073 symbolieis

2123 2089 2268 2144 scite
2299 2089 2766 2160 conspiciuntur.
2823 2089 2960 2144 Pars
3010 2093 3203 2144 autem
3255 2091 3383 2160 ejus
3434 2089 3770 2158 divisibilis,

2123 2193 2300 2247 quam
2334 2182 2391 2232 et
2419 2176 2758 2247 passibilem
2789 2176 3064 2249 appellat,
3094 2182 3186 2233 est
3214 2193 3281 2233 ea
3309 2177 3396 2232 vis
3428 2178 3775 2249 animi,qua3

2123 2284 2257 2322 cum
2289 2267 2566 2322 sensibus
2598 2266 2804 2322 unitur
2852 2266 3149 2322 mediante
3198 2267 3411 2338 spiritu
3461 2267 3670 2323 animae
3720 2272 3778 2323 et

2123 2356 2420 2427 corporis;
2454 2356 2513 2411 in
2558 2372 2675 2426 quo
2724 2355 2939 2426 spiritu
2988 2356 3246 2412 fundatae
3295 2360 3435 2411 sunt
3482 2357 3778 2413 sentiendi

2123 2449 2182 2500 et
2238 2443 2627 2514 intelligendi,
2680 2459 2957 2499 nec-non
3014 2443 3284 2499 intuitive
3327 2444 3780 2516 contemplanda

2123 2534 2537 2605 cognoscendi,
2571 2534 2902 2589 facultates.
2956 2533 3090 2590 Haec
3142 2534 3341 2606 itaque
3389 2552 3527 2607 pars
3577 2536 3782 2591 animis

2123 2623 2389 2695 patibilis
2416 2627 2524 2689 est,
2559 2623 2617 2676 in
2652 2627 2942 2692 quantum
2973 2639 3072 2692 per
3104 2639 3318 2679 sensus
3346 2625 3416 2679 ad
3467 2623 3779 2679 sensilium

2126 2712 2494 2768 affectionem
2527 2714 2945 2766 commovetur.
2979 2710 3112 2766 Haec
3144 2715 3337 2767 autem
3370 2729 3530 2784 pars,
3579 2717 3646 2768 ut
3697 2712 3782 2767 ita

2125 2800 2338 2867 dicam,
2367 2800 2600 2864 animae,
2626 2816 2682 2854 v.
2717 2815 2773 2871 g.
2809 2815 2998 2866 mens,
3033 2816 3150 2854 non
3181 2804 3271 2855 est
3319 2801 3559 2856 omnino
3608 2817 3777 2871 pura,

2124 2906 2230 2945 nec
2273 2905 2365 2944 res
2414 2889 2642 2943 divinas
2688 2892 2746 2944 et
2790 2887 3159 2944 intellectiles
3203 2905 3270 2944 ac
3320 2888 3616 2958 spiritales
3667 2889 3778 2944 im-

2125 2978 2378 3034 mediate
2427 2976 2691 3033 contueri
2741 2979 2955 3048 potest,
3005 2977 3108 3031 sed
3158 2993 3308 3048 opus
3357 2977 3535 3032 habet
3583 2977 3778 3033 medio

2123 3068 2380 3139 quodam
2430 3065 2716 3121 crassiore
2765 3064 2958 3136 ipsam
3011 3065 3177 3135 quasi
3229 3066 3665 3121 manuducente
3703 3065 3775 3120 ad

2122 3155 2418 3228 simplicia
2447 3154 2867 3225 individuaque
2888 3155 3044 3225 quod
3079 3153 3347 3227 symbola
3375 3159 3655 3225 praestant
3676 3169 3780 3225 per

2120 3262 2213 3300 res
2245 3245 2537 3313 dividuas,
2569 3244 2626 3298 id
2668 3247 2758 3299 est
2785 3243 3030 3299 sensiles
3057 3248 3236 3314 atque
3283 3247 3653 3315 apparentes,
3705 3243 3779 3298 ad

2037 3309 2082 3380 C
2121 3350 2336 3390 arcana
2366 3333 2783 3404 promovendo.

2188 3424 2362 3493 Atque
2387 3424 2589 3477 animae
2609 3421 2831 3492 quidem
2846 3436 2985 3492 pars
3007 3420 3360 3492 impatibilis.
3387 3420 3612 3476 Anima
3641 3437 3779 3492 pars

2117 3511 2472 3584 impatibilis
2502 3515 2592 3566 est
2622 3527 2759 3582 pars
2790 3509 3146 3581 intelligens,
3182 3527 3297 3566 non
3331 3510 3488 3582 quod
3539 3509 3778 3566 omnino

2117 3616 2325 3672 expers
2356 3600 2436 3654 sit
2463 3599 2784 3670 passionis,
2818 3600 2921 3654 sed
2955 3599 3110 3669 quod
3144 3604 3496 3654 internarum
3547 3597 3780 3668 passio-

2116 3706 2258 3744 num
2291 3688 2466 3744 nullaa
2497 3705 2561 3744 se
2589 3705 2779 3744 causa)
2812 3688 3080 3755 offerant,
3097 3677 3253 3743 sicut
3285 3688 3394 3743 hoc
3425 3703 3639 3758 corpus
3671 3703 3775 3741 no-

2116 3784 2308 3835 strum
2341 3777 2616 3849 plurimis
2655 3777 2988 3848 expositum
3039 3779 3130 3832 est
3176 3776 3594 3841 incommodis,
3645 3792 3772 3846 quae

2116 3868 2316 3924 anima
2335 3868 2463 3922 sine
2485 3866 2720 3938 propria
2741 3883 2849 3922 sua
2869 3864 3169 3921 voluntate
3193 3881 3308 3920 non
3331 3867 3603 3920 sustinet.
3628 3868 3772 3920 Pars

2113 3973 2246 4014 vero
2269 3957 2398 4026 ejus
2423 3954 2680 4027 patibilis
2709 3959 2798 4010 est
2819 3971 2906 4022 ea,
2941 3971 3071 4026 qua:
3091 3970 3194 4025 per
3213 3971 3426 4010 sensus
3456 3971 3548 4010 res
3579 3958 3781 4009 exter:

2116 4063 2223 4102 nas
2251 4046 2402 4101 321
2438 4043 2848 4116 apprehendit,
2882 4045 2976 4099 cui
3011 4042 3474 4099 connaturaliter
3519 4043 3620 4112 ait,
3670 4059 3774 4114 per

2113 4133 2384 4207 symbola
2421 4149 2702 4204 corporea
2732 4149 2824 4187 res
2855 4131 3086 4204 divinas
3118 4131 3291 4200 tradi,
3319 4130 3534 4202 quibus
3563 4132 3636 4186 ad
3669 4131 3777 4186 im-

2113 4221 2511 4279 materialium
2543 4237 2742 4277 rerum
2774 4220 3332 4292 contemplationem
3365 4221 3738 4276 adducimur.

2183 4314 2386 4382 Aperta
2416 4311 2706 4381 theologia.
2741 4310 2902 4374 Quod
2956 4310 3135 4365 etiam
3184 4309 3225 4364 ii
3274 4310 3374 4379 qui
3421 4308 3774 4380 theologiam

2112 4405 2377 4473 apertam
2410 4403 2468 4455 et
2496 4400 2568 4454 ab
2600 4398 2922 4453 involucris
2957 4400 3239 4454 nudatam
3274 4398 3775 4469 audiunt,ﬁguras

2111 4489 2345 4560 aliquas
2367 4492 2428 4542 in
2452 4487 2666 4559 seipsis
2689 4485 3222 4557 efﬁngant,quibus
3248 4486 3545 4542 auditores
3576 4486 3649 4541 ad
3680 4485 3774 4541 in-

2110 4576 2499 4649 telligentiam
2534 4575 3145 4630 manuducunt.Aliter
3163 4592 3183 4629 :
3202 4574 3530 4645 Thcologiaa
3559 4577 3772 4645 apertae

340 4664 505 4738 φοῦς,
537 4661 654 4715 οἷον
688 4678 703 4694 ο
736 4661 916 4735 ’Ὠφθη
950 4659 1149 4735 Κύριος
1177 4663 1257 4732 τῷ
1281 4654 1551 4734 Ἀϐραὰμ,
1583 4659 1618 4729 ἢ
1648 4663 1728 4730 τῷ
1755 4661 2001 4732 Μωυσεῖ,

2127 4669 2346 4731 sunt,ut
2375 4681 2510 4720 cum
2545 4664 2832 4719 Dominus
2861 4662 3196 4718 Abrahamo
3223 4661 3312 4718 vel
3361 4661 3538 4734 Moysi
3588 4678 3770 4734 appa-

338 4747 437 4805 καί
475 4766 488 4781 ⁸
523 4749 687 4806 Εἶπεν
737 4749 765 4803 6
816 4747 1017 4824 Κύριος
1050 4767 1063 4780 ’
1097 4749 1212 4816 καί,
1246 4749 1488 4823 Ἐγένετο
1519 4749 1546 4803 ὁ
1579 4747 1748 4822 λόγος
1803 4750 2002 4823 Κυρίου

338 4838 487 4913 πρὸς
540 4837 633 4893 τὸν
681 4839 995 4916 προφήτην,
1028 4838 1118 4892 καὶ
1179 4836 1512 4893 τὰτοιαῦτα.
1546 4841 1759 4914 Σαφοῦς
1816 4835 1894 4907 δὲ,
1927 4836 2003 4899 ὠς

341 4926 413 4981 οὐ
442 4924 534 4981 διὰ
561 4920 852 4999 συμϐόύων
895 4930 1239 4983 τυπωτικῶν.
1273 4927 1450 4982 Τύπον
1509 4924 1598 4980 οὖν
1651 4947 1815 5004 φησιν
1873 4925 2001 4981 ἀνα-

339 5011 751 5088 πλαττόμενον,
780 5016 844 5084 ἣν
876 5013 1200 5088 ἐπινοοῦμεν
1236 5013 1324 5071 ἰπὶ
1351 5018 1467 5076 τοῖς
1503 5013 1774 5076 τοιούτοις
1815 5012 2002 5091 ῥητοῖς

341 5097 545 5168 εὐσεϐῆ
577 5101 832 5178 θεωρίαν,
860 5104 953 5160 καὶ
981 5106 1050 5178 τῇ
1083 5102 1198 5176 θείᾳ
1227 5102 1378 5181 φύσει
1412 5102 1789 5174 κατάλληλον.

413 5284 441 5353 §
471 5288 542 5340 Π·
577 5279 652 5357 [δ]
686 5282 877 5340 Τύπον
907 5282 1030 5338 τινὰ
1057 5283 1194 5359 πρὸς
1231 5281 1330 5351 τήν
1363 5279 1574 5351 νόησιν.
1620 5283 1824 5357 ’Ὠσπερ
1876 5278 2001 5336 ὅταν

333 5371 402 5428 ἐκ
434 5367 674 5446 δένδρων
706 5373 803 5435 τὰς
837 5371 1158 5434 ὑποστάσεις
1188 5377 1290 5441 τῆς
1334 5376 1721 5446 προσκυνητῆς
1773 5365 2004 5445 Τριάδος

411 5528 492 5600 (υ)
526 5527 703 5586 Exod.
735 5545 836 5587 vn.
914 5528 995 5602 (ω)
1023 5529 1142 5586 Jer.
1173 5544 1349 5600 van,
1383 5528 1433 5583 1.

2114 4755 2500 4822 ruit,et:Dzwit
2516 4754 2782 4808 Dominus
2802 4751 2901 4823 (v);
2921 4755 2978 4806 et
3002 4767 3014 4806 :
3038 4755 3270 4808 Factum
3289 4760 3368 4806 est
3395 4751 3623 4806 verbum
3651 4755 3770 4806 Do-

2112 4843 2258 4897 mini
2285 4841 2356 4896 ad
2382 4842 2704 4912 prophetam
2733 4839 2840 4910 (re),
2870 4845 2928 4895 et
2959 4840 3481 4911 similia.Apertam
3512 4855 3644 4894 vero
3673 4855 3770 4894 vo-

2115 4935 2227 4999 cat,
2262 4934 2463 5002 utpote
2494 4947 2610 4985 non
2644 4946 2746 5000 per
2796 4927 3153 4998 symbolicas
3203 4929 3444 5000 figuras.
3490 4928 3766 5000 Figuram

2115 5019 2370 5091 denique
2416 5021 2612 5073 ﬁctam
2664 5017 2920 5089 appellat
2977 5017 3135 5089 piam
3195 5015 3770 5087 contemplationem,

2116 5125 2296 5180 quam
2328 5109 2388 5162 in
2427 5105 2766 5162 istiusmodi
2797 5104 2970 5161 dictis
3021 5095 3409 5177 concipimUs,
3460 5108 3518 5160 et
3563 5103 3773 5161 divina

2117 5200 2340 5251 naturae
2375 5211 2490 5250 non
2521 5193 2932 5265 incongruam.

2185 5286 2213 5357 ἕ
2239 5285 2528 5355 II.Typum
2551 5282 2839 5355 quemdam
2868 5283 2939 5337 ad
2969 5281 3509 5350 intelligentiamUt
3538 5282 3776 5354 quando

2116 5372 2184 5428 D.
2217 5372 2575 5429 Athanasius
2625 5388 2694 5428 ex
2743 5370 3054 5428 arboribus
3107 5371 3424 5428 adoranda
3470 5371 3776 5429 Trinitatis

1257 5721 1272 5734 -
1354 5680 1597 5743 VARUE
1627 5683 2022 5745 LECTIONES
2059 5685 2154 5746 ET
2183 5685 2743 5745 CORRECTIONES.

415 5770 465 5807 ⁶²
496 5773 849 5834 κακωτικοῒς.
