4106 6400
391 435 499 490 567

1216 434 1583 490 APPENDIX
1621 432 1721 487 AD
1758 434 2002 488 OPERA
2036 434 2094 486 Β.
2134 430 2454 485 DIONYSII
2492 433 2996 487 AREOPAGITE.
3677 439 3768 494 568

392 573 675 629 personas
706 557 1108 626 represented,
1142 558 1199 610 et
1231 555 1328 610 alii
1362 555 1547 611 sancti
1579 572 1646 611 ex
1680 554 1855 610 rebus
1886 553 2040 610 aliis.

2171 549 2482 624 παρίστησιν
2537 553 2564 606 ὁ
2622 553 2765 614 θεῖος
2825 551 3167 622 Ἀθανάσιος,
3224 551 3312 605 καὶ
3383 551 3432 622 ἐξ
3501 552 3672 612 ἄλλων
3724 563 3772 616 οἱ

395 645 542 710 Quin
574 650 631 700 et
658 645 790 716 ipsa
838 643 1045 698 mundi
1093 649 1361 698 creatura
1408 644 1810 716 symbolorum
1863 643 2046 699 vicem

2171 641 2346 693 λοιποὶ
2380 641 2546 714 ἅγιοι.
2576 641 2640 697 Τί
2671 643 2714 678 ⁸³
2743 641 2831 695 καὶ
2863 643 2896 709 ἠ
2927 644 3024 695 τοῦ
3053 639 3265 712 κόσμου
3309 635 3630 718 δημιουργία
3677 651 3772 702 τῶν

393 735 693 802 obtinens,
725 731 1123 788 invisibilibus
1158 733 1254 787 Dei
1287 733 1541 788 obducta
1572 738 1679 788 est.

465 912 618 968 Sicut
646 911 857 966 Paulus
887 910 986 966 ait.
1022 911 1115 965 Sic
1145 909 1302 965 enim
1329 908 1653 982 Apostolus
1694 909 1775 964 ait
1825 926 1838 964 :
1893 910 2049 972 Quo-

2156 727 2398 802 ἀοράτων
2431 734 2526 783 τοῦ
2557 735 2690 784 Θεοῦ
2738 724 3140 806 προϐέϐληται,
3169 729 3374 802 τρόπον
3416 732 3534 786 τινὰ
3585 730 3778 806 συμϐό-

2158 814 2270 870 λων
2303 817 2447 888 τάξιν
2483 817 2776 893 ἐπέχουσα.

2234 908 2299 978 [ε]
2358 908 2606 982 Καθάπερ
2693 907 2824 985 φησί
2901 906 3136 971 Παῦλος.
3185 908 3242 960 '0
3321 907 3414 980 μὲν
3468 909 3782 974 Ἀπόστολος

393 1001 556 1057 niam
615 999 934 1056 invisibilia
995 1002 1186 1069 ipsius,
1235 998 1571 1070 sempiterna
1620 1014 1831 1071 quoque
1878 999 2051 1052 virtus

2171 993 2302 1049 δῧτω
2350 997 2482 1073 φησί
2515 1017 2526 1028 ·
2588 997 2667 1054 Τά
2720 997 2820 1072 γάρ
2850 997 3052 1072 ἀόρατα
3110 998 3300 1069 αὐτοῦ,
3330 995 3364 1066 ἥ
3396 1018 3453 1051 τε
3484 995 3651 1061 ἀΐδιος
3694 1000 3785 1054 αὐ-

393 1090 601 1161 ejus,in
625 1090 895 1145 creaturis
925 1088 1343 1158 conspiciuntur
1371 1089 1631 1160 (y).Quin
1669 1093 1725 1143 et
1754 1087 2049 1142 Christus:

394 1180 578 1250 (hunc
610 1179 792 1245 enim,
843 1183 908 1232 ut
957 1177 1249 1245 existimo,
1301 1183 1474 1233 vocat
1522 1177 1777 1233 Verbum
1828 1180 2051 1244 verum)

395 1285 529 1322 cum
562 1268 643 1322 ait
675 1284 686 1321 :
720 1267 782 1321 Si
805 1275 1017 1322 terrena
1051 1266 1175 1320 dixi
1207 1266 1374 1333 vobis,
1409 1275 1460 1322 et
1489 1283 1600 1322 non
1629 1266 1860 1321 crediti:
1883 1284 1900 1320 :
1923 1281 2054 1336 quo-

393 1356 550 1410 modo
570 1357 623 1409 si
646 1355 837 1411 dixero
867 1356 1126 1423 caelestia,
1147 1354 1376 1411 credetis
1407 1356 1479 1426 (πρ)
1502 1355 1528 1408 ?
1561 1360 1616 1410 et
1645 1371 1768 1425 qua:
1791 1359 1932 1409 sunt
1952 1355 2057 1409 hu-

396 1444 680 1514 jusmodi'

467 1533 838 1605 Quamobrem
878 1538 1052 1588 etiam
1105 1533 1370 1605 theologi.
1422 1532 1682 1588 Civiliter
1710 1532 1945 1604 quidem
1997 1536 2056 1586 et

399 1622 666 1694 legaliter
697 1622 1121 1694 (considerant)
1154 1626 1552 1678 correctorum
1597 1623 2054 1694 susceptionem,

401 1717 576 1784 atque
627 1711 990 1782 felicitatem,
1045 1718 1102 1766 et
1157 1712 1527 1783 peccantium
1575 1712 1940 1784 punitionem
1992 1727 2060 1766 ac

399 1801 976 1857 condemnationem.
1030 1801 1362 1866 Quinetiam
1408 1801 1710 1872 expiantes
1761 1817 1826 1856 ac
1878 1817 2058 1872 puras

2159 1088 2255 1136 τοῦ
2309 1081 2557 1158 δύναμις,
2618 1085 2668 1139 ἐν
2735 1091 2850 1148 τοῖς
2931 1087 3208 1158 ποιήμασι
3259 1089 3568 1161 καθορᾶται.
3625 1089 3682 1146 Ὁ
3735 1086 3786 1143 δὲ

2162 1173 2401 1246 Χριστὸς
2431 1178 2647 1247 (τοῦτον
2675 1174 2799 1249 γὰρ,
2831 1175 3008 1247 οἶμαι,
3041 1172 3201 1230 καλεῖ
3228 1176 3319 1230 τὸν
3363 1175 3542 1246 ἀληθῆ
3606 1178 3789 1252 Λόγον)

2165 1263 2288 1316 ὅταν
2346 1262 2478 1337 λέγῃ
2514 1284 2525 1295 ·
2587 1263 2651 1321 Εἰ
2707 1264 2773 1319 τά
2829 1264 3035 1340 ἐπίγεια
3093 1264 3241 1320 εἶπον
3307 1265 3455 1337 ὑμῖν,
3489 1265 3575 1320 xui
3619 1267 3678 1320 οὐ
3709 1287 3791 1320 πι-

2165 1351 2375 1406 στεύετε
2409 1371 2420 1382 ’
2455 1357 2592 1423 πῶς,
2627 1351 2712 1406 ἐὰν
2765 1351 2900 1407 εἶ’πω
2951 1354 3078 1426 ὑμῖν
3122 1355 3191 1408 τά
3241 1352 3551 1430 ἐπουράνια,
3593 1355 3793 1410 πιστεύ-

2167 1462 2284 1496 σετε
2310 1460 2322 1510 ;
2354 1441 2444 1494 καὶ
2474 1440 2570 1495 ὅσα
2598 1445 2843 1498 τοιαῦτα.

2243 1531 2314 1602 [ς]
2371 1529 2464 1583 Διὸ
2516 1530 2606 1584 καὶ
2666 1531 2718 1584 οἱ
2777 1530 3054 1606 θεολόγοι.
3089 1530 3398 1594 Πολιτικῶς
3462 1532 3555 1604 μὲν
3585 1533 3672 1586 καὶ
3723 1532 3797 1586 ἐν-

2167 1617 2354 1690 νόμως
2411 1619 2512 1687 τὴν
2563 1623 2670 1673 τῶν
2724 1620 3134 1695 κατορθούντων
3168 1617 3455 1696 ἀποδοχὴν
3511 1619 3598 1675 καὶ
3653 1621 3800 1676 εὐπά-

2169 1709 2312 1769 θείαν
2345 1706 2433 1760 καὶ
2462 1711 2568 1760 τῶν
2602 1704 3087 1780 πλημμελούντων
3119 1710 3218 1777 τὴν
3242 1711 3480 1764 κάκωσιν
3512 1709 3598 1763 καὶ
3652 1709 3799 1764 κατά-

2165 1817 2360 1870 κρισιν.
2391 1795 2755 1870 Καθαρτικοὺς
2801 1794 2858 1851 δὲ
2902 1797 2992 1852 καὶ
3043 1799 3349 1872 ἀχράντους
3391 1798 3487 1859 τὰς
3541 1799 3800 1862 νουθεσίας

401 1890 847 1958 instructiones,
879 1906 944 1944 ac
977 1894 1398 1960 praeservantes
1430 1889 1882 1945 admonitiones.
1934 1889 2053 1943 Hu-

2171 1887 2255 1940 xui
2285 1884 2729 1962 προφυλακτικάς
2784 1888 3148 1961 παραινέσεις.
3183 1888 3577 1962 Ἀνθρωπικῶς
3623 1885 3678 1942 δὲ
3719 1889 3800 1942 καὶ

2224 1975 2234 1989 ⁸
2342 1995 2345 1996 ν
2432 1977 2454 1994 ν
2606 1975 2625 1996 ‘7
2790 1974 2803 1994 Ῑ
2994 1976 3007 1996 ἳ
3142 1975 3154 1994 Ι
3237 1981 3281 1996 π
3321 1980 3345 1989 α·
3397 1977 3448 1996 ,Δ
3469 1971 3499 1996 ρ
3533 1976 3554 1996 Ἴ
3609 1975 3622 1994 ί
3665 1973 3714 1996 ’θ
3747 1976 3765 1996 Χ

404 1995 578 2034 mano
613 1984 808 2034 autem
843 1995 908 2033 ac
943 1978 1134 2033 medio
1167 1980 1340 2034 modo
1371 1980 1849 2050 (accipiunt)v.g.
1886 1979 2058 2032 inter-

404 2069 932 2140 rogationesjuxta
961 2067 1108 2122 illud
1140 2083 1153 2122 :
1193 2068 1292 2124 Ubi
1321 2072 1399 2125 est
1428 2070 1561 2123 Abel
1587 2071 1768 2139 frater
1797 2074 1923 2123 tuus
1953 2067 2061 2137 (a)?

404 2162 462 2213 et
495 2156 640 2212 illud
676 2175 688 2212 :
720 2157 1064 2212 Descendens
1092 2157 1280 2212 videbo
1313 2158 1386 2228 (b)
1409 2159 1574 2212 .Item
1609 2157 2061 2214 illud:Dominus

402 2246 716 2314 interrogat
737 2247 958 2316 justum
987 2251 1041 2300 et
1073 2246 1310 2316 impium
1339 2247 1431 2318 (ο).
1465 2249 1599 2312 Quae
1641 2245 1816 2302 etiam
1867 2246 2060 2300 medio

402 2336 576 2390 modo
610 2351 673 2390 se
707 2335 946 2404 habent,
981 2335 1133 2388 inter
1163 2351 1231 2389 ea
1261 2351 1389 2406 qua:
1421 2335 1538 2391 Deo
1583 2335 1956 2405 conveniunt,
2007 2340 2064 2389 et

398 2425 554 2479 inter
586 2441 654 2478 ea
685 2441 812 2494 quas
845 2425 1086 2478 omnino
1117 2424 1358 2480 dissona
1388 2425 1682 2492 videntur,
1718 2436 1781 2480 ut
1812 2429 1953 2480 sunt
1983 2423 2062 2479 si-

401 2513 772 2568 militudines
804 2512 1129 2567 bestiarum
1162 2518 1216 2567 et
1270 2514 1649 2568 materiarum
1709 2514 2061 2568 inanimata-

403 2619 561 2657 rum.
599 2602 876 2668 Quasdam
911 2603 1048 2656 item
1082 2603 1552 2673 supermundiali
1586 2608 1643 2657 et
1673 2603 1924 2673 perfecta
1975 2619 2061 2657 ra-

404 2692 564 2746 tione
597 2689 895 2761 intelligit,
931 2696 994 2745 ut
1025 2689 1332 2760 miracula,
1365 2709 1492 2763 qua:
1526 2698 1679 2746 Deus
1706 2690 1831 2746 sola
1855 2689 2060 2745 volun-

405 2785 523 2836 tate
552 2796 662 2834 sua
687 2780 845 2834 facit.
901 2783 1080 2852 Leges
1132 2785 1329 2835 autem
1383 2785 1734 2852 apparentes
1781 2784 1950 2835 vocat
1999 2783 2063 2834 ut

405 2870 643 2941 quando
675 2868 1114 2939 quodammodo
1145 2873 1388 2924 excusat
1414 2869 1702 2939 virginem
1753 2869 1812 2924 in
1863 2884 2060 2924 eremo

401 2957 703 3024 violatam,
737 2960 796 3012 et
848 2957 1087 3012 similia.
1139 2957 1380 3013 Occulta
1426 2975 1563 3014 vero
1611 2956 1850 3013 oracula
1899 2961 2057 3026 sunt,

395 3063 448 3101 ν.
487 3061 544 3116 g.
571 3044 715 3100 illud
745 3061 758 3098 :
790 3046 960 3102 Iacob
990 3045 1190 3112 dilexi,
1220 3048 1367 3101 Esau
1393 3050 1577 3102 autem
1607 3046 1729 3101 odio
1760 3045 1932 3100 habui
1961 3045 2058 3116 (εἰ),

407 3133 638 3206 aliaque
669 3133 912 3188 similia.
945 3134 1102 3189 Dixit
1144 3140 1340 3190 autem
1391 3135 1560 3190 Pater
1602 3133 2059 3206 multiformiter;

402 3221 685 3294 quoniam
718 3221 834 3278 alia
864 3223 1106 3294 quidem
1139 3222 1484 3294 symbolice,
1518 3222 1635 3278 alia
1664 3239 1800 3278 vero
1833 3239 1975 3295 pure
2005 3227 2062 3278 et

399 3311 962 3382 supermundialiter
991 3310 1294 3382 Scriptura
1324 3312 1590 3366 tradidit.

465 3401 620 3457 828
652 3401 780 3457 Alia
808 3400 1029 3472 quidem
1079 3399 1344 3457 civiliter.
1393 3400 1771 3474 Philosophia
1813 3401 2052 3472 quidem

402 3491 618 3563 partim
651 3495 741 3546 est
770 3490 1269 3562 practica,partim
1302 3490 1768 3562 speculativa.Ac
1801 3491 2056 3562 practica

396 3579 542 3634 item
574 3578 692 3634 alia
722 3583 812 3635 est
839 3579 1074 3650 publica
1105 3595 1207 3634 seu
1233 3579 1588 3647 communis,
1607 3584 1664 3634 et
1690 3579 1929 3650 politica
1949 3596 2054 3635 seu

400 3667 588 3721 civilis
620 3666 970 3738 appellatur,
1004 3671 1068 3722 ut
1099 3666 1427 3739 legislatio;
1480 3667 1597 3722 alia
1643 3683 1776 3722 vero
1827 3666 2053 3737 privata

395 3771 496 3810 seu
531 3755 924 3827 particularis,
959 3761 1025 3811 ut
1054 3755 1246 3811 ethica
1278 3773 1378 3811 seu
1409 3755 1672 3810 moralis.
1716 3754 1905 3809 Media
1954 3771 2053 3808 au-

397 3852 510 3900 tem
543 3843 699 3898 inter
747 3843 1065 3914 practicam
1112 3850 1202 3900 est
1251 3843 1630 3913 mconomica,
1681 3841 2052 3912 speculativaa

390 3949 527 3989 vero
559 3949 696 4003 pars
725 3931 845 4000 illa,
871 3950 997 4003 quas
1048 3949 1139 3988 res
1188 3931 1432 3988 sensiles
1476 3948 1542 3986 ac
1573 3929 1888 3985 mutabiles
1918 3947 2052 4002 spe-

391 4026 528 4090 ctat,
563 4021 806 4094 physica
835 4027 888 4077 et
921 4022 1312 4092 cosmologica
1341 4026 1738 4092 nuncupatur;
1761 4036 1886 4090 quas
1916 4036 2049 4075 vero

387 4109 753 4166 intellectilia
783 4116 839 4166 et
869 4117 1086 4166 aeterna
1117 4109 1569 4181 contemplatur,
1598 4108 2049 4179 contemplativa

387 4204 444 4252 et
472 4199 803 4270 theologica
833 4199 1084 4265 dicitur;
1117 4204 1292 4269 atque
1343 4197 1465 4252 haec
1511 4197 2044 4268 impraesentiarum

384 4289 868 4360 exposuit.Media
891 4293 1085 4343 autem
1111 4288 1264 4342 inter
1285 4286 1707 4358 speculativam
1732 4290 1822 4341 est
1853 4293 2044 4342 astro-

385 4377 640 4448 nomica,
670 4382 727 4432 et
758 4376 1197 4442 mathematica,
1232 4391 1359 4446 quae
1393 4375 1753 4446 sempiterna
1782 4373 1880 4430 illa
1909 4392 2045 4430 sen-

383 4463 520 4520 silia
550 4465 905 4521 considerat.
940 4465 1058 4520 Hoc
1092 4463 1395 4535 Scriptura
1423 4463 1661 4534 quidem
1713 4479 1823 4518 non
1879 4463 2040 4534 dicit,

389 4555 490 4609 sed
523 4554 746 4610 Hebraei
779 4553 997 4610 habent
1026 4554 1086 4608 in
1119 4553 1594 4609 Deuteronomio.

452 4643 574 4698 Non
629 4645 783 4699 enim
833 4643 1042 4699 nudam
1090 4643 1407 4698 historiam.
1463 4639 1748 4704 Quoniam
1800 4657 1867 4696 ea
1909 4657 2036 4712 quae.
2067 4669 2115 4735 Ι)

381 4731 722 4804 symbolice,
753 4733 874 4788 sive
914 4732 1190 4789 historice
1240 4734 1300 4787 in
1349 4730 1651 4800 Scriptura
1699 4736 2034 4794 narrantur,

380 4819 540 4876 haud
587 4821 808 4877 nudam
862 4821 1173 4877 historiam
1224 4820 1546 4882 continent,
1599 4819 1697 4873 sed
1749 4818 2034 4875 vivificam

377 4909 820 4980 perfectionem.
853 4910 1156 4965 Vivificam
1179 4914 1374 4964 autem
1402 4907 1816 4978 perfectionem
1847 4913 2033 4976 vocat,

375 4999 528 5069 quod
581 4999 803 5055 sanctis
834 5015 1049 5070 scopas
1080 4999 1180 5062 sit,
1215 5013 1318 5068 per
1344 4996 1672 5066 Scripturas
1706 4997 1948 5064 erudiri,
1981 5001 2038 5052 et

373 5085 445 5140 ad
479 5087 656 5142 vitam
689 5091 966 5143 aeternam
998 5085 1220 5158 perfici.
1247 5084 1378 5139 Haec
1411 5087 1605 5139 autem
1638 5084 1801 5154 dicit,
1838 5090 2037 5141 osten-

371 5175 536 5246 dens,
553 5175 886 5232 necessario
921 5190 1225 5246 anagogen
1256 5177 1315 5230 et
1343 5172 1680 5244 allegoriam
1715 5175 2034 5231 admitten-

369 5261 507 5319 dam
538 5278 689 5319 esse.

438 5435 517 5506 (y)
547 5434 712 5492 Bom.
746 5451 786 5506 ι,
817 5434 906 5489 20’

2175 1975 2372 2048 μέσως,
2400 1977 2514 2027 οἷον
2561 1975 2658 2036 τάς
2707 1974 2942 2046 πεύσεις,
2975 1976 3048 2039 ὠς
3093 1975 3156 2030 τό
3190 1995 3201 2009 ·
3237 1980 3350 2030 Ποῦ
3397 1971 3566 2032 Ἅϐελ
3599 1975 3624 2030 ὁ
3656 1973 3800 2031 ἀδελ-

2171 2064 2268 2141 φός
2325 2083 2420 2116 σου
2448 2082 2460 2130 ;
2492 2063 2581 2116 καὶ
2638 2064 2700 2117 τό
2738 2085 2748 2098 ·
2803 2059 3054 2128 Καταϐἀς
3111 2061 3317 2138 ὄψομαι
3355 2084 3368 2096 °
3427 2065 3515 2119 xui
3562 2065 3621 2119 1:6
3654 2086 3666 2099 ·
3715 2063 3804 2118 Κύ-

2171 2173 2285 2228 ριος
2343 2151 2571 2221 ἐξετάζει
2623 2153 2714 2206 τὸν
2776 2149 2984 2208 δίκαιον
3039 2154 3129 2207 xui
3209 2155 3300 2208 τὸν
3377 2148 3571 2223 ἀσεϐῆ.
3627 2156 3804 2209 Ἀτινα

2170 2240 2260 2296 καὶ
2326 2241 2503 2312 μέσως
2564 2238 2753 2316 ἔχουσι
2809 2247 2920 2296 τῶν
2968 2263 3023 2297 τε
3057 2247 3162 2313 θεῷ
3192 2238 3517 2316 πρεπόντων
3573 2243 3659 2296 καὶ
3711 2246 3807 2297 τῶν

2171 2329 2344 2399 πάντη
2405 2328 2761 2407 ἀπεμφαίνειν
2820 2327 3154 2399 δοκούντων,
3203 2330 3452 2386 τουτέστι
3511 2331 3809 2404 ὁμοιώσεως

2173 2418 2376 2491 θηρίων
2431 2418 2520 2472 καὶ
2564 2417 2706 2473 ὑλῶν
2754 2419 3001 2494 ἀψύχων.
3033 2418 3448 2494 Τπερκοσμίως
3500 2416 3558 2473 δὲ
3609 2419 3695 2474 καὶ
3741 2439 3808 2472 τε·

2173 2505 2566 2582 λεσιουργιιιῶς
2623 2529 2754 2585 φησι
2812 2508 2906 2569 τὰς
2965 2508 3116 2584 λόγῳ
3173 2508 3263 2563 xui
3314 2509 3476 2582 μόνῳ
3523 2507 3814 2584 βουλήματι

2171 2593 2649 2671 παραδοξοποιίας.
2710 2596 2934 2669 Νόμους
2993 2594 3051 2652 δὲ
3130 2598 3522 2674 φαινομένους,
3579 2598 3649 2659 ὡς
3701 2595 3809 2652 ὅταν

2171 2683 2473 2760 ἀπολογίας
2517 2687 2658 2756 ἀξιοῖ
2704 2686 2800 2755 τὴν
2853 2685 2904 2741 ἐν
2955 2686 3150 2759 ἐρήμῳ
3195 2687 3512 2762 βιασθεῖσαν
3545 2686 3812 2762 παρθένον,

2170 2775 2258 2828 καὶ
2313 2776 2379 2828 τὰ
2436 2773 2624 2847 ὅμοια.
2659 2776 2905 2852 Ἀφανεῖς
2960 2772 3018 2829 δὲ
3065 2774 3321 2848 θεσμοὺς,
3356 2779 3483 2830 οἷον
3521 2795 3532 2808 '
3564 2776 3668 2832 Τὸν
3713 2776 3810 2830 Ἰα-

2169 2858 2286 2917 κὼϐ
2346 2865 2630 2937 ἠγάπησα,
2688 2865 2781 2918 τὸν
2837 2861 2894 2918 δὶ
2953 2865 3116 2920 Ἠσαῦ
3203 2863 3473 2938 ἐμίσησα,
3531 2864 3618 2920 καὶ
3671 2861 3812 2940 ἕτερα

2167 2956 2408 3008 τοιαῦτα.
2445 2955 2531 3026 [ζ’]
2566 2951 2937 3026 Πολυτρόπως
2992 2951 3049 3007 δὲ
3094 2949 3194 3032 ἔφη
3249 2954 3276 3008 ὁ
3323 2955 3548 3030 Πατὴρ,
3583 2951 3714 3010 διότι
3756 2954 3813 3008 τὰ

2173 3042 2268 3114 μὲν
2302 3036 2678 3114 συμϐολικῶς,
2711 3041 2775 3097 τὰ
2813 3039 2870 3098 δὶ
2901 3041 3189 3119 ἀχράντως
3219 3042 3309 3098 xui
3369 3043 3811 3119 ὖπερκοσμίωςή

2172 3130 2356 3207 Γραφή
2389 3126 2762 3204 παραδέδωκε.

2237 3395 2316 3450 Tu
2365 3395 2460 3468 μὲν
2520 3394 2843 3459 πολιτικῶς.
2898 3401 3006 3465 Τῆς
3063 3395 3396 3474 φιλοσοφίας
3452 3399 3514 3453 τὸ
3575 3399 3665 3472 μὲν
3713 3395 3809 3452 ἔστι

2166 3483 2484 3558 πρακτικὸν,
2506 3484 2568 3538 τὸ
2601 3481 2658 3539 δὶ
2706 3483 3063 3559 θεωρητικόν.
3096 3485 3194 3540 Καὶ
3242 3491 3346 3542 τοῦ
3402 3489 3496 3562 μὶν
3530 3487 3810 3563 πρακτικοῦ

2166 3573 2227 3626 τὸ
2263 3574 2355 3645 μὲν
2391 3571 2500 3627 ἔστι
2531 3574 2727 3642 κοινὸν,
2745 3573 2773 3627 '6
2796 3574 2883 3628 xui
2915 3573 3200 3630 πολιτικὸν
3223 3572 3637 3650 καλεῖται,οἷον
3655 3577 3714 3631 τὸ
3733 3593 3810 3628 νο-

2171 3662 2453 3734 μοθετικόν
2487 3681 2499 3696 ’
2531 3664 2593 3717 τὸ
2627 3660 2685 3717 δὲ
2716 3661 2872 3734 ἴδιον,
2907 3664 3022 3718 οἷον
3052 3663 3114 3720 τό
3142 3665 3362 3734 ἠθικόν.
3398 3666 3583 3724 Μέσον
3617 3663 3672 3720 δὶ
3693 3684 3810 3740 πρα-

2164 3753 2352 3804 κτικοῦ
2381 3751 2443 3804 τὸ
2482 3749 2924 3824 οἱκονομητικόν.
2958 3755 3072 3810 Τοῦ
3118 3751 3177 3808 δὲ
3224 3755 3573 3830 θεωρητικοῦ
3620 3756 3678 3809 τὸ
3723 3752 3806 3826 μὲν

2166 3836 2478 3910 ὠνόμασται
2510 3840 2754 3916 φυσικὸν,
2786 3842 2848 3895 τὸ
2879 3839 2933 3896 ἐν
2965 3841 3248 3913 αἲσθητοῖς
3293 3845 3391 3898 καὶ
3428 3839 3808 3918 μεταϐλητοῖς,

2164 3927 2193 3980 ’ό
2223 3927 2313 3980 καὶ
2343 3927 2748 4003 κοσμολογικόν
2780 3929 2892 3985 ἐστι
2930 3949 2945 3966 ο
2969 3931 3034 3985 τὸ
3065 3928 3123 3986 δὲ
3153 3930 3455 3988 ἐποπτικὸν
3508 3933 3596 3988 καὶ
3633 3929 3809 3996 θεολο-

2163 4015 2340 4090 γικὸν,
2371 4017 2432 4071 τὸ
2486 4015 2537 4071 ἐν
2595 4023 2815 4088 νοητοῖς
2864 4018 2956 4073 καὶ
3004 4017 3224 4082 ἀϊδίοις.
3255 4025 3443 4076 ’ταῦτα
3493 4019 3585 4077 νῦν
3619 4018 3809 4093 ἐξέθετο

2161 4103 2213 4156 ἐν
2270 4104 2509 4168 τούτοις.
2540 4107 2718 4162 Μέσοι
2773 4105 2832 4162 δὲ
2881 4113 2979 4163 τοῦ
3011 4110 3352 4182 θεωρητικοῦ
3397 4110 3462 4166 τὸ
3513 4109 3566 4166 ἐν
3626 4105 3809 4166 ἀϊδίοις

2159 4193 2249 4247 καὶ
2299 4193 2602 4264 αἰσθητοῖς,
2637 4195 2768 4270 ὅπερ
2825 4195 2965 4252 ἐστὶν
3027 4198 3432 4274 ἀστρονομικὸν
3494 4199 3588 4254 καὶ
3653 4197 3812 4270 μαθη-

2163 4282 2388 4354 ματικόν
2422 4302 2436 4316 ·
2473 4282 2605 4360 ὅπερ
2653 4287 2688 4354 ἡ
2744 4287 2837 4358 μὲν
2873 4289 3059 4363 Γραφή
3103 4285 3164 4341 οὗ
3197 4285 3368 4365 λέγει,
3404 4289 3459 4343 οἱ
3492 4289 3550 4344 ὃὶ
3580 4281 3811 4361 Ἑϐραῖοι

2159 4370 2210 4424 ἐν
2241 4375 2321 4443 τῷ
2350 4373 2752 4448 Δευτερονομίῳ
2779 4373 3028 4451 ἔχουσιν.

2227 4643 2308 4715 [η]
2359 4641 2436 4700 Οὐ
2489 4642 2589 4718 γὰρ
2646 4639 2888 4716 ἱστορίαν
2943 4641 3134 4716 ψιλήν.
3168 4646 3288 4702 Ὅτι
3341 4644 3414 4700 τὰ
3463 4640 3810 4719 συμϐολικῶς

2145 4726 2269 4797 ἤτοι
2302 4732 2590 4806 ἱστορικῶς
2619 4734 2686 4804 τῇ
2721 4737 2908 4810 Γραφῇ
2942 4732 3205 4806 εἰρημένα
3236 4731 3342 4808 οὐχ
3397 4733 3650 4809 ἱστορίαν
3699 4728 3805 4806 ἔχει

2147 4817 2340 4891 ψιλὴν,
2369 4819 2516 4875 ἀλλά
2548 4821 2783 4889 ζωτικὴν
2813 4819 3111 4878 τελείωσίν.
3149 4823 3396 4892 Ζωτικήν
3442 4820 3503 4878 δὲ
3532 4821 3806 4878 τελείωσιν

2148 4905 2293 4983 λέγει
2351 4910 2412 4962 τὸ
2467 4909 2665 4962 σκοπὸν
2729 4912 2864 4964 εἶναι
2924 4916 3040 4973 τοῖς
3074 4910 3246 4984 ἁγίοις
3273 4908 3364 4966 διὰ
3413 4916 3526 4966 τῶν
3590 4911 3802 4985 Γραφῶν

2145 4997 2284 5070 πρὸς
2334 4999 2432 5065 τήν
2484 4996 2709 5051 αῗώνιον
2764 4998 2907 5066 ζωὴν
2947 4998 3289 5064 τελειοῦσθαι
3317 4999 3451 5062 τοὺς
3487 4996 3806 5070 διδασκομέ-

2145 5106 2291 5147 νους.
2326 5087 2505 5142 Ταῦτα
2559 5082 2616 5139 δέ
2673 5107 2828 5162 φησι,
2884 5084 3096 5149 δεικνὺς
3157 5088 3465 5164 ἀναγκαίως
3520 5090 3624 5157 τὴν
3681 5086 3800 5140 ἁνα-

2145 5176 2333 5249 γωγήν
2363 5175 2455 5230 καὶ
2488 5173 2830 5250 ἀλληγορίαν
2863 5172 3411 5252 παραλαμϐάνεσθαι.

983 5434 1057 5508 (2.)
1086 5435 1254 5496 Joan.
1285 5453 1369 5508 ιιι,
1405 5437 1491 5492 12.
1574 5439 1650 5510 (α)
1678 5441 1820 5495 Gen.
1854 5455 1930 5507 Iv,
1961 5438 2016 5496 9.

2171 5455 2175 5497 I
2204 5437 2346 5496 Gen.
2380 5453 2540 5510 xvm,
2567 5439 2656 5494 21.
2736 5438 2806 5511 (c)
2839 5437 2992 5496 Psal.
3025 5455 3080 5507 ι,
3106 5438 3162 5493 6.
3238 5437 3318 5510 (ἀ)
3348 5437 3528 5496 Rom.
3563 5453 3642 5507 Ix,
3677 5434 3759 5492 13.

1383 5631 1625 5690 VARIIE
1662 5632 2051 5692 LECTIONES
2089 5633 2179 5694 ET
2223 5632 2754 5694 CORRECTIONE

437 5725 482 5760 ⁸³
512 5722 619 5780 ὅτι.
