4106 6388
324 437 434 494 569

397 561 763 634 Ἱεροπρεπῶς
865 554 1198 616 διαϐαίνειν.

325 648 417 702 καὶ
451 643 792 717 διαϐάλλειν,
823 647 852 702 ὃ
882 647 1021 702 ἐστιν
1064 643 1336 705 εἰσϐαλεῖν
1386 650 1476 704 καὶ
1523 648 1808 714 εἰσελθεῖν,
1859 645 1987 702 εἷ’σω

324 758 384 792 τε
443 738 693 812 γενέσθαι
723 741 821 791 τοῦ
870 737 1206 813 πράγματος·
1271 738 1414 794 οὕτω
1457 738 1589 816 φησὶ
1650 738 1741 792 καὶ
1801 746 1986 812 Διογε-

326 825 530 887 νιανός.

399 915 485 972 Τὰ
516 913 812 989 ὑπερούσια
851 919 1025 989 φῶτα.
1064 916 1382 991 Ὑπερούσια
1431 919 1604 993 φῶτα,
1652 914 1742 969 καὶ
1792 913 1988 984 νοητά,

323 1003 418 1058 καὶ
452 1005 590 1074 θεῖα,
619 1004 718 1072 τὴν
751 1004 1132 1079 πανάχρσντον
1166 1005 1254 1058 καὶ
1287 1005 1551 1078 παναγίαν
1597 999 1804 1079 Τριάδα
1831 1002 1984 1080 φησί·

324 1091 558 1162 νοητοὺς
591 1089 650 1146 δὲ
682 1091 948 1168 ἀγγέλους
973 1092 1100 1156 τοὺς
1150 1087 1718 1168 ὑπεραναϐεϐηκότας.
1768 1093 1876 1160 Τὴν
1931 1088 1990 1145 δὲ

326 1178 592 1258 διαφορὰν
640 1180 847 1236 τούτων
898 1183 1361 1257 παρατεθείκαμεν
1417 1181 1466 1236 έν
1518 1183 1598 1254 τῷ
1648 1181 1778 1257 Περῖ
1831 1179 1985 1244 θείων

325 1269 616 1342 ὀνομάτων
647 1268 892 1332 τελείως.

401 1360 549 1414 Κατὰ
577 1363 684 1413 τῶν
717 1363 928 1428 νοητῶν
961 1360 1126 1414 αὐτοῦ
1156 1365 1450 1436 προνοιῶν.
1486 1361 1608 1417 Ἐπὶ
1649 1361 1744 1432 μὶν
1786 1380 1989 1434 προνο-

327 1452 451 1518 ιῶν,
485 1447 561 1510 ὡς
586 1449 648 1502 τὸ
681 1445 734 1502 ἐν
768 1447 1155 1524 Εὖαγγελίοις·
1193 1453 1305 1525 Πῦρ
1336 1447 1510 1518 ἦλθον
1545 1448 1730 1524 βαλεῖν
1775 1447 1864 1502 ἐπὶ
1891 1449 1990 1517 τήν

320 1544 452 1612 γῆν⁶
490 1535 674 1610 λόγων
708 1534 787 1605 δὲ,
822 1537 895 1598 ὡς
943 1538 1092 1613 παρά
1121 1543 1199 1610 τῷ
1229 1539 1484 1612 Ἱερεμίᾳ⁸
1521 1538 1646 1612 Οὐχ
1703 1535 1876 1598 οὕτως
1937 1537 1990 1590 0':

321 1623 487 1701 λόγοι
522 1647 627 1698 μου
659 1625 840 1702 ὥσπερ
877 1631 1008 1700 πῦρ,
1042 1627 1188 1702 λέγει
1216 1625 1418 1702 Κύριος
1447 1646 1459 1697 ;
1511 1627 1630 1695 Τὴν
1660 1631 1758 1680 τοῦ
1816 1623 1988 1699 πυρὸς

323 1713 425 1769 οῦν
459 1713 642 1770 εἰκόνα
670 1712 926 1783 δηλονότι
959 1715 1048 1770 ἐπὶ
1078 1720 1176 1770 τοῦ
1203 1720 1337 1770 Θεοῦ
1370 1715 1556 1777 ἄλλως
1591 1712 1673 1769 δεῖ
1715 1709 1988 1781 ἐκλαϐεῖν,

324 1804 422 1858 καὶ
455 1802 646 1867 ἄλλως
678 1803 765 1859 ἐπὶ
793 1809 902 1859 τῶν
924 1809 1164 1877 νοητῶν,
1190 1804 1440 1880 ἀγγέλων
1466 1802 1723 1875 δηλονότι
1750 1804 1837 1858 καὶ
1862 1823 1992 1878 προ-

322 1898 497 1948 νοιῶν
532 1897 665 1948 Θεοῦ
695 1894 783 1948 καί
817 1893 1019 1969 λόγων.

1287 442 1346 493 S.
1385 443 1655 496 MAXIM!
1691 439 1998 496 SCHOLIA
2031 442 2106 495 IN
2145 441 2304 494 EPP.
2343 443 2402 495 Β.
2443 439 2779 494 DIONYSII.

1312 555 1616 615 Διαϐαίνειν
1721 561 1981 634 γράφεται

2170 561 2334 617 Sacro
2359 562 2513 616 modo
2545 569 2847 632 penetrare.
2881 554 3203 630 Διαϐαίνειν,
3236 561 3352 617 alia
3375 561 3544 617 lectio
3573 561 3751 617 habet

3641 441 3751 494 570

2100 643 2439 717 διαϐάλλειν,
2471 651 2527 705 id
2560 655 2651 706 est
2683 650 2910 722 ingredi
2941 655 2999 706 et
3029 651 3266 717 intrare,
3314 655 3371 706 et
3416 651 3574 706 intra
3623 666 3746 705 rem

2098 739 2286 812 ipsam
2321 757 2482 807 esse;
2517 741 2599 794 uti
2632 740 2810 795 etiam
2842 739 3239 812 Diogenianus
3271 740 3371 795 ait.

2169 918 2639 989 Supernaturalia
2662 919 2899 973 lumina.
2933 918 3009 972 Su
3020 917 3536 987 persubstantialia
3563 921 3621 972 et
3649 917 3749 972 in-

2097 1006 2396 1063 tellectilia
2427 1024 2494 1062 ac
2525 1007 2724 1063 divina
2770 1006 2998 1062 lumina
3046 1015 3212 1062 vocat
3259 1005 3642 1079 purissimam
3693 1009 3752 1061 et

2098 1096 2540 1152 sanctissimam
2563 1096 3270 1167 Trinitatem,superiores
3291 1101 3485 1151 autem
3512 1094 3752 1167 angelos

2097 1191 2264 1242 vocat
2292 1185 2688 1241 intellectiles.
2722 1185 2938 1241 Horum
2972 1191 3166 1240 autem
3198 1185 3592 1240 dilferentiam
3624 1201 3754 1254 per-

2099 1276 2246 1330 fecte
2276 1275 2707 1346 assignavimus
2735 1274 2793 1329 in
2826 1274 2974 1330 libro
3006 1277 3077 1330 De
3105 1275 3312 1330 divinis
3341 1274 3678 1329 nominibus.

2175 1370 2250 1420 De
2280 1364 2700 1420 intellectilibus
2729 1365 2850 1434 ejus
2879 1364 3261 1435 providentiis.
3311 1368 3388 1418 De
3438 1363 3752 1434 providen-

2098 1453 2197 1508 tiis
2251 1453 2513 1524 quidem,
2565 1458 2628 1508 ut
2668 1453 2726 1508 in
2758 1453 3086 1522 Evangeliis
3121 1470 3132 1509 :
3167 1457 3356 1524 Ignem
3387 1454 3510 1507 veni
3533 1451 3754 1512 mittere

2100 1544 2163 1597 in
2192 1550 2401 1598 terram
2433 1544 2524 1614 (e).
2559 1543 2638 1598 De
2669 1542 3044 1598 sermonibus
3071 1559 3227 1609 vero,
3276 1546 3342 1597 ut
3385 1541 3540 1613 apud
3588 1541 3753 1595 Jere-

2102 1631 2280 1686 miam
2312 1649 2324 1687 :
2362 1632 2624 1702 Nunquid
2653 1649 2762 1689 non
2811 1633 2975 1689 verba
3019 1649 3142 1687 mea
3190 1633 3349 1703 quasi
3400 1631 3567 1699 ignis,
3618 1629 3755 1684 dicit

2101 1721 2365 1776 Dominus
2390 1720 2499 1792 (1‘)?
2529 1721 2853 1793 Imaginem
2881 1721 3060 1793 igitur
3088 1719 3240 1792 ignis
3268 1735 3384 1790 v.3.
3404 1718 3462 1773 in
3501 1720 3611 1774 Deo
3644 1717 3750 1773 ali-

2101 1815 2190 1864 ter
2215 1809 2476 1881 accipere
2509 1815 2755 1880 oportet,
2787 1815 2842 1866 et
2872 1811 3041 1866 aliter
3071 1809 3128 1863 in
3162 1807 3603 1864 intellectilibus
3635 1805 3754 1862 sive

2103 1898 2349 1969 angelis,
2383 1915 2446 1953 ac
2478 1898 2579 1954 Dei
2608 1899 2992 1970 providentiis
3023 1916 3090 1954 ac
3120 1897 3516 1953 sermonibus.

405 1983 512 2039 Καί
569 1984 670 2052 τὴν
730 1984 825 2055 μὲν
884 1946 1002 2038 δίατ’
1054 1982 1250 2041 αἰτίαν.
1310 1984 1424 2052 Τὴν
1464 1987 1562 2037 τοῦ
1614 1983 1787 2057 πυρὸς
1816 1980 1981 2036 εἰκόνα

2175 1946 2349 2058 itque,
2374 1987 2532 2042 illam
2560 1946 2776 2059 quidem
2804 1987 3098 2042 secundum
3129 2002 3373 2040 causam.
3422 1986 3525 2039 Illa
3575 1983 3756 2054 igitur

326 2071 454 2126 κατ’
481 2069 680 2139 αἰτίαν,
715 2068 931 2142 δηλαδὴ
967 2070 1052 2126 ἐπὶ
1076 2076 1182 2126 τῶν
1209 2070 1408 2147 λογίων
1439 2070 1660 2136 Κυρίου·
1683 2071 1782 2139 τήν
1803 2067 1860 2124 δὲ
1879 2058 2000 2124 καθ’

329 2160 566 2236 ὕπαρξιν
599 2161 686 2214 ἐπὶ
713 2165 873 2216 Θεοῦ·
905 2163 1003 2230 τήν
1034 2157 1091 2216 δὲ
1116 2163 1252 2216 κατὰ
1284 2161 1492 2233 μέθεξιν
1541 2159 1628 2214 ἐπὶ
1676 2165 1783 2214 τῶν
1830 2158 1994 2233 ἀγγέ-

324 2247 468 2304 λων.
505 2249 583 2306 Τὸ
617 2247 674 2304 δὲ
703 2250 820 2304 καθ’
850 2250 1073 2323 ὕπαρξιν
1099 2249 1196 2304 τοῦ
1225 2250 1363 2304 κατᾶ
1395 2250 1600 2322 μέθεξιν
1649 2245 1888 2323 διαφέρει
1937 2245 1989 2302 ἐν

316 2337 569 2401 τούτοις·
621 2339 684 2393 τὸ
741 2339 834 2412 μὲν
874 2341 976 2413 γὰρ
1009 2336 1178 2409 δηλοῖ
1205 2337 1389 2393 οὐσίαν
1423 2339 1542 2401 καθ’
1576 2338 1769 2404 έαυτήν
1804 2337 1986 2408 οὖσαν,

312 2428 414 2483 καὶ
443 2428 759 2484 ἐπείσακτον
793 2425 1026 2504 ἔχουσαν
1075 2429 1140 2484 τὸ
1197 2426 1455 2498 θεοειδές,
1509 2428 1690 2504 ὥσπερ
1736 2427 1822 2482 ἐπὶ
1877 2431 1985 2481 τῶν

311 2516 595 2594 ἀγγέλων·
621 2520 684 2573 τὸ
717 2516 775 2574 Si
805 2520 923 2583 καθ’
952 2518 1173 2593 ὕπαρξιν
1204 2525 1450 2595 πρᾶγμα,
1495 2517 1530 2588 ἢ
1566 2519 1767 2594 Λόγιον
1818 2524 1983 2591 θεῖον³

308 2608 598 2662 τουτέστιν
631 2607 691 2663 έκ
719 2613 853 2664 Θεοῦ
879 2610 1180 2682 προαχθέν.

2103 2074 2422 2147 imaginem
2455 2077 2780 2131 secundum
2813 2093 3051 2131 causam
3087 2073 3477 2140 nimirum,de
3505 2070 3757 2143 eloquiis

2109 2165 2357 2232 Domini;
2386 2165 2547 2220 illam
2570 2181 2702 2220 vero
2726 2165 3052 2221 secundum
3076 2163 3477 2219 exsistentiam
3512 2162 3583 2216 de
3613 2160 3752 2228 Deo;

2102 2251 2262 2308 illam
2297 2255 2550 2325 denique
2577 2255 2904 2310 secundum
2933 2252 3538 2324 participationem,de
3571 2265 3754 2321 ange-

2099 2341 2172 2397 lis
2202 2343 2442 2414 (dictam
2474 2345 2644 2414 esse).
2681 2344 2825 2398 lllud
2858 2348 3076 2407 autem,
3105 2342 3259 2413 quod
3293 2346 3385 2397 est
3424 2339 3750 2396 secundum

2097 2431 2519 2499 exsistentiam,
2540 2431 2732 2487 diil‘ert
2762 2432 2833 2487 ab
2865 2448 2930 2486 eo
2961 2431 3114 2501 quod
3145 2434 3236 2486 est
3265 2429 3587 2485 secundum
3617 2443 3752 2498 par-

2095 2519 2520 2592 tieipationem,
2555 2521 2612 2575 in
2645 2520 2760 2589 his,
2795 2519 2947 2590 quod
2982 2519 3260 2574 nimirum
3311 2517 3455 2572 illud
3506 2515 3746 2587 quidem

2092 2610 2360 2681 designet
2389 2609 2784 2664 substantiam
2817 2625 2920 2680 per
2948 2625 3010 2664 se
3041 2610 3442 2673 exsistentem,
3462 2606 3563 2662 sed
3595 2603 3743 2659 asci-

316 2697 516 2754 titiam
545 2698 701 2755 329
734 2698 1048 2754 habentem
1081 2697 1536 2766 deformitatem,
1570 2703 1634 2752 ut
1663 2699 1722 2753 in
1756 2696 2016 2770 angelis;
2049 2695 2159 2753 hoc
2191 2715 2322 2753 vero
2361 2713 2481 2753 rem
2535 2698 2724 2770 ipsam
2779 2697 3104 2753 secundum
3155 2695 3572 2765 substantiam,
3624 2693 3746 2748 sive

310 2787 582 2844 Verbum
615 2788 906 2858 divinum,
940 2788 997 2842 id
1030 2792 1120 2844 est
1149 2805 1182 2842 a
1214 2787 1330 2842 Deo
1362 2787 1735 2859 productum.

387 2891 479 2953 Ὧς
509 2892 546 2960 ἡ
573 2893 691 2946 κατ’
722 2892 860 2950 αὐτὰ
889 2891 1111 2968 θεωρία.
1166 2893 1292 2950 "01:
1342 2891 1479 2966 πρὸς
1524 2891 1591 2945 τὰ
1649 2891 1984 2964 ὑποκείμενα

305 2979 405 3033 καὶ
441 2979 494 3034 οἱ
523 2977 689 3034 τύπαι
719 2983 994 3048 νοοῦνται,
1025 2977 1123 3034 κᾶν
1153 2980 1205 3034 οἱ
1236 2979 1393 3034 αὐτοὶ
1426 2976 1575 3035 ὦσιν.

394 3157 511 3236 Ὑφ’
561 3159 712 3230 ὑμῶν
762 3159 990 3229 ζήτησιν
1019 3201 1032 3215 .
1075 3156 1277 3215 Ἦλθεν
1333 3156 1409 3220 εἰς
1463 3155 1729 3233 ἐρώτησιν
1781 3156 1872 3212 καὶ
1918 3159 1981 3214 τὸ

313 3250 430 3302 τῶν
463 3250 786 3323 Παροιμιῶν
817 3241 1145 3324 πρόϐλημα,
1171 3245 1261 3302 καί
1321 3267 1453 3321 φησι
1514 3247 1639 3321 περὶ
1697 3244 1980 3319 δυνάμεως

301 3342 543 3413 τροφῆς.

2169 2894 2231 2950 Ut
2268 2894 2578 2950 secundum
2604 2896 2727 2965 ipsa
2753 2893 3177 2964 contemplatio.
3209 2890 3496 2956 Quoniam
3531 2904 3743 2944 secun-

2092 2983 2235 3038 dum
2267 2983 2533 3054 subjecta
2561 2983 2738 3039 etiam
2769 2983 2970 3055 ﬁgure
3003 2981 3434 3052 intelliguntur,
3474 2976 3745 3050 quamvis

2092 3073 2296 3128 eadem
2330 3072 2470 3129 sint.

2161 3163 2201 3216 A
2223 3162 2382 3217 nobis
2402 3160 2783 3233 quaestionem.
2799 3163 3050 3216 Venerat
3074 3159 3254 3216 etiam
3276 3158 3338 3214 in
3361 3156 3743 3229 quaestionem

2090 3249 2392 3322 proposito
2426 3250 2693 3322 quadam
2725 3266 2756 3306 e
2784 3248 3132 3318 Proverbiis,
3152 3247 3254 3304 ubi
3286 3248 3358 3304 de
3388 3245 3502 3302 cibi
3531 3245 3748 3302 virtute

2092 3337 2236 3410 agit.

383 3425 500 3494 Τὴν
535 3422 594 3479 δὲ
626 3423 815 3500 ὑγράν.
842 3424 1160 3499 Σημείωσαι
1182 3423 1265 3480 6'1:
1285 3425 1349 3480 τὸ
1371 3423 1544 3480 πίνειν
1573 3425 1740 3500 ὑγρᾶν
1766 3424 1976 3501 τροφὴν

2163 3427 2460 3500 Liquidam
2490 3443 2635 3484 vero.
2669 3428 2840 3494 Nota,
2872 3426 3069 3500 ipsum
3102 3429 3308 3498 potum
3335 3424 3631 3497 liquidum
3661 3423 3746 3480 ci-

312 3509 564 3568 ἐκάλεσε.

385 3602 611 3678 Κρατήρ
671 3604 998 3678 περιφερής.
1059 3600 1269 3676 Θεωρία
1297 3606 1396 3657 τοῦ
1451 3608 1728 3680 κρατῆρος
1755 3601 1846 3657 καὶ
1873 3609 1974 3672 τῆς

309 3689 482 3745 αὐτοῦ
511 3691 884 3770 περιφερείας.

384 3780 663 3854 Ἀνάρχου
721 3779 811 3835 καὶ
871 3780 1274 3852 ἀτελευτήτου.
1346 3780 1623 3856 νΛναρχόν
1690 3802 1823 3854 φησι
1879 3784 1978 3835 τοῦ

313 3872 454 3924 Θεοῦ
478 3870 578 3939 τὴν
611 3869 895 3940 πρόνοιαν,
930 3870 1037 3947 οὐχ
1095 3870 1180 3927 ὅτι
1230 3875 1340 3927 τῶν
1392 3867 1560 3926 ὄντων
1594 3872 1668 3933 ὡς
1694 3871 1979 3946 συνάρχων

310 3955 564 4031 προενόει
595 3956 732 4011 κατά
767 3957 896 4020 τοὺς
935 3957 1296 4036 άφραίνοντας
1344 3958 1435 4014 καὶ
1485 3957 1771 4034 λέγοντας,
1830 3959 1980 4030 Ἀμα

313 4044 472 4113 Θεὸς,
522 4045 636 4117 ἅμα
663 4046 856 4100 πάνταο
892 4043 1020 4100 ἀλλ’
1050 4045 1134 4102 ὅτι
1181 4049 1271 4103 καὶ
1312 4048 1440 4125 πρὶν
1481 4049 1508 4118 ἢ
1566 4053 1883 4123 πραχθῆναι
1911 4047 1980 4101 τὰ

308 4127 444 4186 ὄντα
504 4131 560 4189 έν
604 4139 726 4195 ταῖς
783 4131 973 4202 ἰδέαις,
1022 4132 1146 4205 ἤτοι
1204 4134 1611 4212 παραδείγμασι
1666 4140 1764 4191 τοῦ
1821 4139 1977 4207 Θεοῦ,

304 4221 588 4276 τουτέστιν
621 4219 674 4275 ἐν
703 4227 822 4285 ταῖς
852 4219 1048 4282 ἀϊδίοις
1107 4223 1272 4280 αὐτοῦ
1319 4227 1572 4295 νοήσεσιν
1627 4224 1710 4298 (ἂς
1747 4244 1979 4301 προορι-

310 4307 486 4382 σμοῦς
519 4308 806 4384 ὀνομάζειν
837 4310 929 4365 τὸν
960 4312 1102 4366 θεῖον
1139 4311 1356 4368 Παῦλον
1406 4311 1460 4368 έν
1507 4318 1586 4385 τῷ
1634 4314 1764 4388 Περὶ
1820 4313 1975 4368 θείων

310 4398 605 4470 ὀνομάτων
656 4395 910 4476 ἔφημεν),
971 4401 1091 4464 καθ’
1147 4399 1209 4462 ἃς
1264 4399 1410 4462 ἰδέας
1470 4401 1560 4456 καὶ
1615 4404 1834 4473 νοήσεις
1881 4406 1978 4457 τοῦ

309 4489 448 4540 Θεοῦ
477 4487 546 4542 τὰ
597 4484 872 4560 μέλλοντα
914 4488 1244 4565 παράγεσθαι
1291 4489 1733 4566 προετετύπωτο,
1791 4490 1880 4545 καὶ
1938 4491 1973 4561 ἡ

313 4573 549 4648 πρόνοια
603 4579 700 4630 τοῦ
759 4580 894 4632 Θεοῦ
933 4575 1191 4652 ἀνάρχως
1237 4581 1568 4654 προϋπῆρχε
1625 4581 1803 4650 πάσης
1860 4578 1976 4634 κτί-

311 4684 474 4726 σεως.
508 4665 781 4740 Προνοίας
828 4665 932 4741 γὰρ
982 4665 1125 4729 θείας
1174 4667 1264 4738 ἧν,
1295 4664 1420 4737 ἤτοι
1449 4669 1879 4742 προεννοήσεως,
1910 4667 1974 4722 τὸ

312 4751 608 4828 βούλεσθαι
657 4759 990 4830 παραγαγεῖν
1043 4755 1216 4810 κτίσιν
1247 4757 1347 4826 την
1397 4754 1812 4812 ἀπολαύσουσαν
1870 4763 1972 4826 τῆς
2003 4797 2052 4862 D

366 4861 376 4862 κ
624 4849 653 4860 CI
763 4842 776 4862 ν
854 4847 881 4858 ην
937 4843 951 4862 9
1032 4843 1090 4862 ΔΙ
1327 4847 1370 4862 τ’
1453 4845 1468 4862 \
1584 4851 1610 4861 -
1760 4843 1790 4862 ν
1958 4847 1970 4862 ε

307 4849 688 4917 προνοητικῆς
719 4842 885 4898 αὐτοῦ
926 4843 1281 4920 ἆγαθότητος.
1326 4845 1478 4901 Κατὰ
1517 4851 1678 4901 τοῦτο
1729 4843 1821 4901 οῦν
1881 4847 1971 4901 καὶ

305 4928 673 5002 άτελεύτητος
722 4933 756 5002 ἡ
807 4933 1042 5008 πρόνοια
1107 4931 1327 5008 Λέγεται
1369 4933 1445 4996 εἰς
1491 4933 1620 4998 τοὺς
1673 4935 1970 4998 ἀθανάτους

302 5018 570 5097 ἀγγέλους
599 5021 690 5076 καὶ
719 5020 848 5086 τοὺς
877 5021 1554 5098 ἀπαθανατισθησομένους
1581 5026 1752 5099 ἡμᾶς,
1783 5025 1874 5080 καὶ
1903 5025 1972 5079 τὰ

302 5105 379 5163 δι’
431 5112 581 5185 ἡμᾶς
601 5110 774 5186 ἀγαθὰ
801 5109 1061 5186 ἐσομένη.

375 5287 770 5364 Οἷκοδομοῦσα
801 5287 858 5346 δὶ
886 5289 974 5346 καὶ
1006 5293 1041 5360 ἡ
1071 5290 1250 5370 σοφία.
1281 5291 1349 5350 Τί
1379 5290 1489 5348 ἐστι
1534 5292 1598 5348 τὸ
1656 5290 1967 5366 οἰκοδομεῖν

295 5379 402 5448 τὴν
428 5377 620 5457 σοφίαν
652 5379 816 5454 έαυτῇ
847 5379 1017 5450 οἶκον,
1050 5378 1140 5435 καὶ
1172 5380 1224 5436 έν
1256 5381 1396 5457 αὐτῇ
1436 5379 1744 5457 ἑτοιμάζειν
1776 5380 1809 5437 ’ὰ
1837 5380 1963 5461 ἔφη,

301 5467 402 5523 καὶ
431 5461 534 5542 ἔξω
565 5465 699 5524 εἰναι
721 5465 912 5541 αὐτοῦ,
941 5466 1032 5524 καὶ
1065 5465 1118 5524 έν
1147 5467 1315 5544 αὐτῷ.

397 5761 475 5834 (ο)
502 5759 645 5819 Luc.
667 5772 777 5832 xu,
804 5756 895 5817 ιο.
971 5757 1042 5833 (Ι)
1065 5758 1188 5821 Jer.
1216 5776 1380 5836 χχιιι,
1400 5762 1496 5823 29.

2088 3515 2230 3572 bum
2264 3515 2615 3587 appellasse.

2160 3606 2352 3661 Crater
2402 3606 2692 3663 rotundus.
2744 3603 3173 3678 Contemplatio
3206 3603 3469 3672 crateris,
3503 3606 3560 3658 et
3587 3601 3746 3673 ejus-

2087 3693 2221 3750 dem
2252 3693 2758 3751 circumferentia.

2119 3785 2442 3854 .Principio
2498 3792 2554 3839 et
2605 3783 2714 3852 ﬁne
2769 3785 3042 3839 carentis.
3099 3781 3379 3852 Principii
3447 3774 3790 3853 expertem'

2088 3871 2233 3928 dicit
2261 3871 2364 3927 Dei
2394 3873 2826 3944 providentiam
2857 3889 2973 3930 non
2996 3870 3168 3943 quasi
3199 3868 3375 3926 simul
3399 3885 3533 3925 cum
3567 3868 3744 3924 rebus

2088 3961 2370 4017 exsistere
2398 3960 2711 4033 incipiens,
2745 3962 2894 4034 ipsis
2925 3960 3263 4033 prospiciat,
3283 3960 3454 4030 juxta
3487 3956 3621 4012 illos
3651 3955 3748 4011 in-

2089 4066 2286 4119 sanos,
2319 4049 2418 4121 qui
2451 4050 2659 4105 dicunt
2691 4067 2702 4104 :
2735 4048 2923 4105 Simul
2956 4049 3132 4119 Deus,
3163 4046 3344 4104 simul
3375 4045 3606 4114 omnia;
3641 4045 3744 4101 sed

2089 4139 2228 4210 quia
2259 4138 2614 4210 priusquum
2663 4154 2758 4193 res
2804 4139 3271 4210 producerentur
3317 4135 3378 4190 in
3430 4134 3577 4190 ideis
3623 4134 3744 4190 sive

2089 4225 2525 4298 exemplaribus
2557 4225 2791 4296 divinis,
2824 4225 2880 4280 id
2914 4228 3005 4280 est
3035 4225 3092 4279 in
3125 4223 3362 4278 aeternis
3392 4222 3521 4292 ejus
3553 4219 3742 4276 notio-

2089 4315 2264 4371 nibus
2294 4315 2468 4386 (quas
2498 4315 2564 4371 D.
2609 4313 2857 4370 Paulum
2910 4311 3400 4386 priedeﬁnitiones
3448 4308 3744 4382 appellare

2088 4404 2344 4459 diximus
2376 4405 2435 4458 in
2468 4404 2616 4459 libro
2646 4405 2721 4458 De
2746 4403 2956 4458 divinis
3003 4400 3366 4471 nominibus),
3412 4399 3741 4455 secundum

2089 4509 2237 4565 quas
2263 4493 2425 4549 ideas
2458 4497 2515 4549 et
2543 4492 2814 4548 notiones
2847 4490 2971 4558 Dei,
3004 4507 3098 4546 res
3149 4491 3359 4545 futura:
3402 4489 3528 4560 jam
3577 4488 3747 4542 erant

2087 4582 2493 4654 praeformata,
2526 4585 2704 4652 atque
2755 4581 2900 4636 adeo
2951 4577 3321 4652 providentia
3368 4575 3468 4631 Dei
3521 4575 3747 4646 absque

2087 4669 2376 4743 principio
2407 4670 2514 4726 fuit
2537 4674 2671 4725 ante
2710 4684 2941 4726 omnem
2977 4670 3328 4724 creaturam.
3362 4661 3744 4722 Providentia:

2087 4760 2244 4816 enim
2279 4760 2489 4815 divinas
2517 4759 2638 4815 sive
2669 4757 2900 4815 consilii
2933 4755 3349 4830 prospicientis
3399 4762 3525 4810 erat
3567 4751 3746 4808 etiam

2084 4848 2232 4904 velle
2263 4850 2580 4920 producere
2601 4851 2954 4912 creaturam,
2979 4843 3312 4917 providenti
3336 4843 3466 4914 ejus
3489 4841 3747 4897 bonitate

2082 4938 2422 4994 fruituram.
2459 4937 2796 4994 Secundum
2823 4936 2934 4991 hoc
2966 4934 3174 5006 utique
3205 4931 3385 4989 etiam
3418 4931 3532 4986 fine
3562 4931 3744 4984 caret.

2082 5027 2187 5084 Vel
2218 5027 2435 5083 dicitur
2467 5025 2836 5098 providentia
2867 5023 3060 5096 quoad
3088 5019 3454 5076 immortales
3483 5014 3746 5089 angelos,

2080 5119 2138 5172 et
2168 5132 2278 5172 nos
2309 5114 2469 5187 ipsos
2500 5113 2947 5171 immortalitate
2977 5110 3308 5176 donandos,
3345 5110 3614 5180 respectu
3643 5105 3747 5162 bo-

2089 5221 2301 5261 norum
2333 5221 2460 5276 quae
2493 5208 2733 5276 propter
2763 5218 2870 5258 nos
2901 5205 3094 5257 erunt.

2150 5293 2444 5366 Sapientia
2493 5296 2678 5349 autem
2726 5290 2964 5360 aediﬁcat
3006 5288 3123 5345 sibi
3175 5287 3426 5344 domum.
3479 5283 3630 5350 Quid
3680 5282 3758 5339 sit

2081 5382 2431 5454 sapientiam
2464 5381 2578 5438 sibi
2610 5381 2852 5438 domum
2890 5378 3204 5445 aediﬁcare,
3235 5381 3292 5434 et
3323 5376 3383 5432 in
3415 5375 3546 5448 ipsa
3576 5389 3754 5446 appa-

2081 5487 2210 5528 rere
2236 5487 2365 5545 quae
2396 5469 2680 5543 narravit,
2713 5483 2964 5542 eamque
2993 5471 3053 5526 et
3079 5469 3249 5524 extra
3278 5465 3471 5539 ipsam
3501 5466 3561 5521 et
3595 5462 3755 5518 intra

2078 5559 2272 5634 ipsam
2305 5560 2606 5620 exsistere.
