4106 6394
444 438 548 492 571

1277 439 1784 511 ΔΡΡΕΝΒῙΧξΔΙ)
1821 439 2062 496 ΟΡΕΒΔ

2211 438 2516 497 DIONYSII
2552 444 3054 502 AREOPAGITE.
3733 461 3827 520 572

515 567 581 618 Et
610 562 672 616 in
700 565 957 620 universo
986 568 1090 620 est.
1126 568 1202 620 De
1232 564 1344 620 hoc
1393 566 1568 621 etiam
1619 566 1841 620 dictum
1891 567 1982 619 est
2029 563 2074 618 in

2278 563 2374 617 Καὶ
2438 560 2490 617 ἐν
2544 568 2624 636 τῷ
2672 567 2835 620 παντὶ
2889 567 3146 643 γίγνεται.
3205 569 3338 645 Περὶ
3391 572 3580 630 τούτου
3635 579 3824 655 εἴρηται

444 650 594 706 libro
628 657 706 707 De
733 652 944 708 divinis
976 654 1614 725 nominibus,quomodo
1647 659 1761 709 stet
1790 659 1847 710 et
1877 656 2095 710 sedeat.

2205 649 2294 702 καὶ
2353 649 2404 704 ἐν
2454 655 2532 722 τῷ
2590 654 2718 727 Περὶ
2786 655 2942 710 θείων
2999 655 3326 730 ὀνομάτων,
3383 659 3496 723 πῶς
3549 649 3825 732 ἐστὼξήὶ

445 739 782 796 Notandum
811 745 1010 797 autem
1043 743 1237 813 ipsum
1281 743 1374 798 hic
1423 742 1845 814 providentiam
1892 760 2074 799 vocare

2211 739 2549 812 κινούμενος.
2614 745 2962 816 Σημειωτέον
3014 743 3071 799 δὶ
3126 745 3208 801 ὅτι
3265 749 3518 819 πρόνοιαν
3573 754 3661 809 τὸν
3713 762 3824 816 Θεὸν

444 826 654 882 Deum.

509 935 574 988 In
603 951 660 989 se
682 936 1107 992 excellenterJn
1141 935 1233 991 his
1265 935 1441 992 etiam
1474 936 1620 992 illud
1654 939 1980 994 excellenter
2008 955 2097 994 ac-

440 1022 777 1094 cipiendum
813 1030 902 1079 est
927 1042 1052 1096 pro,
1089 1025 1333 1080 minime
1363 1027 1680 1097 privanter,
1715 1029 1835 1083 sive
1863 1045 1977 1083 non
2011 1045 2095 1083 se.

2205 848 2277 899 φη
2290 848 2369 881 σιν
2383 871 2394 886 .

2277 934 2366 990 Ἐν
2413 940 2493 1008 τῷ
2525 939 2673 1009 αὑτῷ
2697 941 2817 1003 καθ’
2852 941 3154 1016 ὑπεροχήν.
3187 942 3285 997 Καὶ
3333 942 3381 998 ἐν
3408 946 3616 1011 τούτοις
3641 953 3700 1006 τὸ
3725 959 3828 1020 καθ’

2208 1021 2488 1098 ὑπεροχὴν
2523 1027 2658 1100 πρὸς
2701 1028 2762 1081 τὸ
2797 1030 2872 1102 μή
2914 1035 3050 1085 κατά
3098 1033 3349 1108 στέρησιν
3399 1035 3486 1089 καὶ
3537 1037 3830 1118 ἀνυπαρξίαν

443 1113 704 1167 cundum
737 1113 1091 1169 exsistentiaa
1123 1114 1468 1182 carentiam,
1511 1117 1594 1171 uti
1645 1119 1944 1188 proposita
1993 1135 2074 1174 su-

2211 1107 2396 1167 λαϐεῖν
2427 1116 2575 1187 ἡμᾶς
2605 1117 2672 1170 τὰ
2700 1117 3054 1192 προκείμενα,
3083 1107 3365 1188 εἲλήπται.

443 1205 707 1257 muntur.

507 1291 582 1343 Et
627 1293 796 1344 stans.
849 1289 952 1346 Hic
999 1291 1230 1347 videtur
1271 1293 1415 1348 mihi
1467 1294 1784 1364 declarare,
1835 1297 1972 1369 quid
2021 1297 2094 1353 sit

437 1375 608 1443 ἑστία,
640 1377 697 1432 id
730 1382 821 1432 est
848 1382 1009 1449 quasi
1038 1381 1273 1449 mansio,
1310 1382 1391 1438 ita
1421 1387 1488 1439 ut
1515 1400 1728 1440 nomen
1761 1384 1908 1439 ἱστία
1939 1386 2092 1441 deri-

434 1471 602 1520 vetur
631 1483 664 1522 a
692 1468 866 1522 verbo
898 1464 1028 1524 ἐστί.

503 1573 563 1625 El
592 1588 867 1643 nusquam
897 1578 1056 1629 castra
1093 1592 1170 1630 se.
1223 1575 1367 1632 Cum
1403 1577 1545 1633 illud
1595 1585 1747 1634 stans
1801 1581 2091 1652 acceperit

426 1658 498 1713 de
531 1663 963 1729 perseverantia
989 1665 1316 1719 secundum
1350 1665 2083 1739 immutabilitatem,illud

425 1762 482 1802 se
510 1764 729 1804 movens
759 1750 831 1804 de
863 1767 1060 1806 rerum
1093 1753 1476 1826 providentia,
1499 1757 1558 1810 in
1590 1763 1841 1830 utroque
1873 1759 2085 1815 horum

425 1834 596 1891 nobis
630 1837 1079 1909 intelligendum
1108 1847 1198 1896 est
1228 1847 1286 1897 et
1315 1844 1788 1902 subaudiendum
1833 1852 2080 1920 omnino,

2276 1293 2375 1347 Καὶ
2423 1292 2686 1364 ἑστηκώς.
2745 1299 3005 1361 Ἐνταῦθα
3054 1296 3206 1354 δοκεῖ
3264 1321 3356 1373 μοι
3409 1303 3730 1380 σαφηνίζειν,
3781 1309 3827 1363 τί

2203 1380 2370 1452 ἱστία,
2402 1385 2676 1440 τουτέστιν
2726 1387 2761 1456 ἡ
2820 1387 2895 1448 ὡς
2948 1381 3058 1442 ἔστι
3116 1385 3374 1460 διαμονή,
3428 1389 3534 1446 ἀπὸ
3587 1397 3679 1448 τοῦ
3732 1393 3828 1451 ἐστὶ

2203 1475 2560 1547 παρηγμένου
2589 1479 2686 1530 τοῦ
2718 1475 2986 1549 ὀνόματος
3015 1484 3116 1546 τῆς
3145 1477 3339 1543 έστίας.

2275 1579 2379 1634 Καὶ
2411 1577 2666 1654 οὐδαμῶς
2723 1578 2824 1653 ἔξω
2871 1583 3060 1639 αὐτοῦ.
3122 1583 3346 1654 Ἐπειδὴ
3407 1588 3468 1641 τὸ
3530 1587 3620 1660 μὲν
3679 1588 3827 1654 ἰστὼς

2198 1665 2284 1722 ἐπὶ
2343 1674 2442 1738 τῆς
2497 1670 2633 1724 κατὰ
2673 1671 2734 1725 τὸ
2767 1670 3138 1728 ἀναλλοίωτον
3175 1674 3546 1747 μονιμότητος
3575 1671 3744 1746 ἔλαϐε,
3773 1681 3826 1734 τὸ

2198 1752 2255 1811 δὲ
2283 1758 2604 1830 κινούμενος
2635 1759 2721 1814 ἐπὶ
2751 1767 2852 1830 τῆς
2883 1759 2959 1824 είς
2987 1763 3054 1816 τὰ
3100 1757 3227 1817 ὅντα
3274 1763 3554 1836 προνοίας,
3613 1765 3689 1842 ἐφ’
3719 1765 3824 1821 tm-

2193 1845 2352 1920 τέρου
2406 1848 2613 1902 τούτων
2663 1855 2806 1903 νοεῖν
2861 1852 3011 1922 ἡμᾶς
3069 1852 3181 1926 χρή
3240 1853 3328 1906 καὶ
3381 1853 3731 1929 προσεπάγειν
3768 1856 3821 1909 τὸ

425 1924 510 1980 ita
543 1932 605 1980 ut
635 1927 713 1981 sit
741 1944 953 1983 sensus
985 1945 999 1983 :
1029 1929 1229 2001 Neque
1259 1933 1498 1988 omnino
1530 1939 1715 2001 stans,
1748 1939 1917 2008 quasi
1961 1958 2074 1997 non

2211 1934 2445 2007 ιαθόλου,
2493 1934 2585 1991 ’ίνα
2696 1941 2944 1992 τοιοῦτον
2994 1924 3436 2015 τὸγ-λεγόμενον(
3487 1924 3820 2005 Οὔτε-ἑστὼς

421 2015 494 2070 ad
517 2014 947 2086 providendum
973 2025 1308 2089 moveatur;
1343 2021 1498 2077 330
1523 2040 1712 2095 neque
1743 2027 1982 2085 omnino
2015 2047 2079 2086 se

425 2118 690 2170 movens,
721 2104 888 2174 quasi
919 2121 952 2162 a
997 2107 1318 2164 stabilitate
1362 2126 1471 2166 sua
1513 2112 1802 2170 deflectat.
1851 2117 2028 2174 Aliter
2057 2137 2076 2176 .-

423 2189 579 2246 lllud
608 2208 822 2263 semper
846 2201 990 2249 stare
1017 2199 1068 2250 et
1094 2197 1307 2252 moveri
1338 2200 1408 2255 de
1441 2204 1552 2256 Deo
1582 2201 1828 2274 dictum,
1885 2209 2078 2278 provi-

427 2278 566 2333 dam
587 2280 718 2349 ejus
740 2279 797 2336 in
831 2283 1150 2340 stabilitate
1181 2287 1576 2358 operationem
1605 2291 1894 2366 designat.
1926 2295 2076 2352 Illud

426 2372 622 2423 autem
653 2385 824 2440 neque
849 2379 995 2427 stare
1025 2388 1200 2445 neque
1229 2378 1593 2449 moveri,ejus
1625 2381 1684 2435 in
1717 2384 2076 2453 providendo

424 2458 919 2528 perseverantiam
949 2470 1342 2532 reprmsentat.
1374 2467 1504 2522 Haec
1535 2473 1728 2526 autem
1770 2474 1970 2530 omnia
2017 2476 2074 2530 in

426 2543 578 2601 libro
607 2547 681 2602 De
711 2546 916 2603 divinis
944 2551 1262 2607 nominibus
1293 2570 1446 2626 saepe
1476 2557 1876 2628 exposuimus.

494 2720 646 2793 §IV.
693 2724 945 2781 Solidum
993 2727 1213 2797 quidem
1272 2730 1481 2787 cibum.
1535 2733 1675 2797 Quis
1725 2737 1805 2792 sit
1850 2737 2076 2797 solidus

422 2809 612 2876 cibus,
645 2815 858 2883 etquis
880 2813 1143 2885 liquidus
1179 2834 1192 2873 :
1226 2824 1401 2891 atque
1430 2822 1685 2879 solidum
1718 2827 1916 2883 cibum
1947 2845 2077 2885 esse

426 2898 696 2955 stabilem
733 2902 1170 2973 perfectionem.

491 3006 556 3059 Et
583 3013 857 3076 potentem
887 3019 937 3065 et
967 3012 1332 3080 singularem.
1367 3015 1735 3088 Singularem
1774 3025 1831 3077 et
1857 3021 2073 3080 indivi-

2185 2022 2446 2092 καθόλου,
2481 2025 2554 2088 ὡς
2607 2027 2681 2098 μὴ
2733 2033 2993 2092 κινεῖσθαι
3045 2035 3453 2102 προνοητικῶς,
3503 2027 3622 2085 οὔτε
3657 2030 3818 2086 κινού-

2189 2133 2350 2186 μενος
2391 2113 2656 2181 καθόλου,
2717 2115 2791 2178 ὡς
2834 2121 2935 2186 τῆς
2968 2116 3168 2180 οἰκείας
3227 2118 3576 2191 μεθίστασθαι
3607 2120 3816 2192 μονιμό-

2183 2221 2370 2269 τητος.
2420 2199 2667 2264 ’Ἄλλωςο
2724 2204 2848 2260 ’Ὀτι
2905 2203 2967 2258 τὸ
3022 2204 3102 2258 ἀεὶ
3164 2204 3385 2260 ἑστάναι
3432 2206 3521 2260 καὶ
3578 2212 3818 2270 κινεῖσθαι

2185 2289 2309 2363 περὶ
2354 2293 2485 2344 Θεοῦ
2535 2286 2834 2364 λεγόμενον
2884 2293 2983 2361 τὴν
3028 2291 3079 2347 έν
3107 2297 3176 2367 τῇ
3211 2294 3547 2366 μονιμότητι
3602 2315 3818 2368 προνοη-

2184 2379 2341 2446 τικὴν
2401 2378 2564 2433 αὐτοῦ
2622 2379 2887 2457 ἐνέργειαν
2931 2378 3117 2452 δηλοῖ.
3179 2381 3257 2439 Τὸ
3317 2380 3384 2438 δὲ
3443 2381 3581 2456 μηδὲ
3633 2382 3817 2438 ἐστάναι

2191 2464 2331 2538 μηδέ
2390 2471 2650 2523 κινεῖσθαι
2724 2470 2824 2538 τὴν
2880 2469 2935 2524 έν
2990 2475 3071 2542 τῷ
3121 2475 3384 2545 προνοεῖν
3447 2471 3608 2526 αὐτοῦ
3667 2473 3818 2545 μονήν

2183 2555 2497 2631 παρίστησι.
2553 2559 2734 2613 Πάντα
2791 2555 2849 2612 δὲ
2893 2558 2959 2613 τὰ
3015 2559 3241 2623 ἰνταῦθα
3297 2557 3349 2616 έν
3418 2565 3494 2633 τῷ
3524 2561 3652 2636 Περὶ
3683 2560 3816 2615 θείων

2186 2643 2467 2717 ὀνομάτων
2501 2645 2775 2709 πολλάκις
2807 2643 3215 2721 διεληλύθαμεν
3229 2691 3241 2705 .

2255 2737 2282 2802 §
2317 2735 2409 2790 IV.
2442 2735 2549 2804 Τὴν
2613 2736 2706 2808 μὲν
2764 2736 2854 2790 οῦν
2915 2734 3129 2811 στερεὰν
3187 2739 3370 2815 τροφή
3385 2761 3433 2796 ν.
3465 2738 3559 2800 Τίς
3591 2740 3623 2808 ἡ
3654 2738 3819 2812 στερεὰ

2181 2824 2383 2895 τροφὴ,
2431 2823 2522 2877 καὶ
2580 2824 2662 2886 τίς
2702 2827 2736 2894 ἡ
2773 2825 2928 2900 ὑγρά·
2975 2824 3067 2880 καὶ
3124 2824 3208 2881 ὅτι
3241 2827 3442 2902 στερεᾶ
3480 2829 3648 2904 τροφή
3697 2826 3816 2881 ἐστιν

2183 2911 2217 2978 ἡ
2254 2911 2485 2984 μόνιμος
2511 2912 2819 2984 τελειότης.

2253 3019 2356 3072 Καὶ
2395 3015 2624 3088 δυνατὴν
2675 3019 2763 3074 καὶ
2818 3019 3037 3077 ἑνιαίαν.
3100 3021 3332 3078 Ἐνιαίαν
3403 3023 3492 3078 καὶ
3549 3020 3815 3098 ἀδιαίρετον

421 3092 595 3148 duam
630 3096 940 3154 scientiam
972 3100 1134 3168 dicit,
1169 3119 1300 3158 cum
1334 3104 1616 3163 nimirum
1646 3107 1705 3163 in
1739 3109 1831 3180 iis,
1863 3113 1963 3184 qui
2002 3115 2073 3170 de

2211 3105 2374 3160 ‘VGlO’iV
2407 3128 2540 3184 φησι
2570 3107 2631 3162 τὸ
2663 3107 2714 3163 έν
2746 3115 2866 3172 τοῖς
2914 3110 3039 3184 περὶ
3071 3115 3204 3166 Θεοῦ
3237 3110 3438 3188 λόγοις
3481 3115 3555 3186 μή
3587 3092 3712 3188 πρὸς
3736 3109 3814 3170 τὰς

419 3185 535 3236 Deo
567 3190 726 3252 sunt,
763 3188 1159 3257 sermonibus,
1211 3208 1586 3265 nequaquam
1635 3198 1693 3252 in
1742 3203 2072 3259 materiales

2183 3191 2373 3257 ὑλικὰς
2406 3193 2613 3260 έννοίας
2643 3197 3092 3270 καταμερίζεσθαι
3126 3200 3226 3269 ,τὸν
3274 3205 3435 3274 νοῦν,
3484 3199 3624 3256 ἀλλᾶ
3665 3219 3808 3273 μονο-

413 3269 837 3345 intelligentias
870 3293 1037 3332 mens
1068 3277 1381 3348 dividitur;
1417 3283 1516 3338 sed
1551 3285 1919 3344 uniformiter
1957 3309 2060 3348 su-

2211 3281 2389 3353 ρόπως
2420 3284 2482 3337 τὸ
2518 3285 2649 3359 ὑπὲρ
2683 3269 2841 3361 φύσιν
2867 3286 2954 3341 καὶ
2989 3287 3400 3362 ἀνεξιχνίαστον
3421 3269 3530 3360 ’τῆς
3563 3289 3697 3353 θείας
3721 3286 3805 3365 φύ-

420 3363 861 3430 pernaturalem
896 3369 951 3420 et
1000 3365 1441 3425 inscrutabilem
1490 3373 1746 3431 divinam
1796 3384 2070 3437 naturam

404 3454 683 3519 reputat;
719 3452 940 3525 quippe
970 3471 1100 3525 quas
1135 3458 1400 3514 sensoria
1431 3476 1652 3532 organa
1690 3463 1949 3525 hominis
1981 3470 2071 3526 in-

405 3537 641 3594 terioris
670 3540 889 3597 habeat
921 3545 1243 3601 admodum
1274 3548 1607 3608 exercitata.

483 3647 551 3699 Et
575 3661 680 3715 per
707 3646 934 3703 dividua
964 3666 1061 3705 seu
1090 3653 1567 3723 mulliplicia.Per
1593 3659 2070 3722 subauditionem

415 3747 626 3788 censeo
659 3733 768 3790 hoc
793 3735 965 3807 juxta
994 3741 1495 3798 constructionem
1528 3746 1902 3806 referendum
1943 3767 2072 3810 esse

410 3819 482 3874 ad
514 3822 724 3892 fusam,
758 3829 868 3880 etc.

475 3911 825 3968 Manuducit.
861 3913 1064 3987 Neque
1094 3916 1252 3972 enim
1283 3934 1399 3975 uno
1453 3936 1520 3976 ac
1570 3922 1825 3994 simplici
1873 3931 2070 3990 modo,

410 3999 514 4054 sed
545 3999 897 4058 multiformi
921 4004 1200 4077 varioque
1221 4007 1457 4063 edoctos
1479 4010 1552 4065 ad
1575 4013 1891 4082 perfectam
1907 4016 2071 4076 illam

409 4085 513 4143 Dei
545 4089 857 4148 scientiam
892 4095 1220 4163 promoveri
1253 4097 1498 4153 scimus.

478 4193 618 4264 [Cur
645 4195 784 4262 rori,
819 4213 1008 4268 aquai,
1044 4197 1207 4268 lacti,
1237 4202 1398 4272 vino,
1432 4207 1490 4258 et
1520 4204 1678 4261 melli
1713 4207 1910 4266 divina
1948 4212 2068 4269 elo-

407 4280 549 4352 quia
576 4293 1022 4356 comparentur:
1043 4292 1102 4343 et
1131 4290 1274 4360 quid
1304 4290 1426 4348 haec
1457 4294 1657 4352 omnia
1685 4297 2066 4375 significent]

481 4458 658 4518 Donat
681 4461 1083 4521 accedentibus.
1117 4467 1267 4532 Quid
1299 4471 1568 4542 symbols
1596 4473 1954 4547 signiﬁcent.

2185 3391 2320 3433 σεως
2353 3371 2659 3449 λογίζεσθαι
2709 3375 2801 3429 τὸν
2851 3375 2918 3430 τὰ
2965 3375 3294 3455 αἲσθητήρια
3323 3383 3424 3434 τοῦ
3455 3378 3599 3440 ἐντὸς
3628 3376 3805 3451 ἀνθρώ-

2182 3481 2289 3514 που
2319 3462 2740 3536 γεγυμνασμένα
2762 3460 2981 3539 ἔχοντα.

2253 3659 2359 3714 Καὶ
2394 3665 2684 3733 μεριστῶν.
2717 3661 2867 3717 Κατὰ
2895 3667 3082 3716 κοινοῦ
3111 3665 3174 3718 τὸ
3207 3664 3450 3741 σύνθεμα
3497 3664 3663 3743 φέρειν
3709 3659 3804 3716 οἷό-

2186 3768 2281 3821 μαι
2309 3753 2409 3817 τῆς
2443 3747 2789 3823 διαχυτικῆς,
2820 3751 2910 3806 καὶ
2939 3751 3006 3806 τὰ
3034 3752 3177 3824 ἑξῆς.

2251 3924 2736 4000 Χειραγωγούσης.
2769 3929 2897 4003 Οὐχ
2926 3928 3000 3984 ἑνὶ
3033 3929 3134 4006 γὰρ
3162 3929 3378 4006 τρόπῳ,
3417 3929 3562 3988 ἀλλὰ
3604 3942 3802 3985 πολυει-

2181 4011 2264 4069 δεῖ
2291 4014 2381 4068 καὶ
2413 4015 2651 4088 ποικίλῳ
2665 4018 2792 4079 τοὺς
2817 4015 3240 4092 διδασκομένους
3272 4019 3365 4077 ἐπὶ
3394 4024 3458 4078 τὸ
3489 4020 3687 4077 τέλειον
3715 4021 3799 4086 τῆς

2178 4104 2504 4178 θεογνωσίας
2534 4105 2750 4181 ἄγεσθαι
2782 4101 2962 4180 ἴσμεν.

2247 4211 2369 4284 [Διὰ
2395 4209 2448 4264 τί
2479 4207 2660 4284 δρόσῳ
2705 4213 2796 4268 καὶ
2845 4210 2998 4269 ὕδατι
3025 4215 3117 4269 καὶ
3154 4215 3389 4292 γάλακτι
3438 4217 3526 4273 καὶ
3557 4213 3686 4288 οἴνῳ
3725 4211 3802 4266 καὶ

2177 4298 2360 4372 μέλιτι
2390 4301 2456 4355 τὰ
2487 4301 2604 4355 θεῖα
2632 4301 3010 4378 παρεικάζεται
3037 4303 3219 4379 λόγια·
3265 4306 3359 4361 καὶ
3407 4306 3491 4370 τίς
3537 4307 3571 4376 ἡ
3603 4304 3801 4360 ἑκάστου

2170 4387 2378 4444 τούτων
2409 4386 2682 4462 δύναμις.]

2245 4481 2505 4552 Δωρεῖται
2581 4483 2698 4541 τοῖς
2782 4483 3097 4555 προσιοῦσι.
3166 4482 3227 4537 Τί
3305 4481 3479 4555 δηλοῖ
3545 4482 3612 4540 τὰ
3679 4479 3797 4552 σύμ-

2172 4559 2329 4622 ϐολα.

477 4639 766 4696 Veraciter
822 4643 1064 4714 epulari.
1113 4645 1286 4733 l‘lota,
1339 4649 1495 4719 quod
1547 4667 1762 4709 nomen
1813 4655 2051 4732 εὐωχίας

2231 4656 2300 4710 Τὸ
2384 4654 2609 4726 ἀληθῶς
2691 4657 2946 4733 εὐωχεῖν.
3034 4660 3380 4733 Σημείωσαι,
3461 4664 3543 4718 δτι
3608 4662 3667 4715 τὸ
3714 4655 3795 4723 τῆς

401 4724 496 4782 hic
521 4730 694 4785 Pater
722 4731 946 4790 derivet
977 4734 1049 4789 ab
1085 4730 1164 4806 εὖ,
1197 4735 1256 4791 id
1305 4741 1392 4793 est
1443 4738 1596 4807 bene,
1649 4746 1704 4797 et
1751 4739 1897 4816 ἔχειν
1929 4724 2050 4804 ’θια-

403 4816 546 4871 bere.

481 4906 771 4976 Viviﬁcans
799 4911 994 4980 simul,
1025 4921 1078 4968 et
1103 4912 1372 4984 parvulos
1408 4919 1687 4974 nutriens.
1738 4923 2054 4984 Educando

2168 4743 2406 4820 εὐωχίας
2464 4741 2641 4819 ὄνομα
2696 4747 2724 4802 ὁ
2775 4749 2965 4825 Πατὴρ
3006 4749 3083 4812 εἰς
3127 4751 3191 4805 τὸ
3249 4752 3306 4808 εὗ
3351 4747 3498 4828 ἔχειν
3548 4745 3794 4823 ἔτυμολο-

2165 4853 2276 4907 γει.

2238 4922 2516 4984 Ζωοποιὸς
2548 4923 2662 4997 ἅμα
2715 4924 2804 4981 καὶ
2837 4929 3236 5006 κουροτρόφος.
3269 4932 3343 4986 Τὸ
3371 4932 3582 5008 τρέφειν
3607 4924 3791 4982 νεανίας

403 4991 630 5052 scilicet
643 4997 890 5066 juvenes
913 4999 1149 5070 probos.
1183 5001 1303 5056 Hoc
1334 5007 1532 5060 autem
1564 5012 1933 5086 κουροτρόφος
1965 5021 2056 5073 est

2211 5010 2422 5084 γαθούς.
2485 4991 2851 5088 ’ἓξ-Ὁμήρου
2883 4991 3151 5073 δέιτοῦτά
3199 4991 3367 5096 κόρος
3536 5019 3563 5072 ὁ
3590 5012 3790 5080 νεανίας,

395 5079 642 5140 Homero
682 5103 695 5142 :
731 5103 864 5143 nam
895 5085 1058 5157 κόρος
1096 5092 1186 5143 est
1206 5089 1463 5159 juvenis,
1497 5097 1553 5148 et
1583 5079 1686 5167 per
1717 5079 2052 5159 redundan-

388 5169 534 5225 tiam
567 5191 619 5241 υ,
651 5175 870 5247 κοῦρος,
905 5176 1062 5230 unde
1093 5177 1270 5233 etiam
1301 5182 1692 5259 κουροτρόφος,

465 5275 495 5347 §
522 5278 588 5330 V.
622 5279 767 5334 Deus
798 5280 1075 5336 inebriari
1101 5282 1325 5339 dicitur.
1358 5286 1506 5343 Nota
1547 5295 1839 5360 quomodo
1888 5297 2051 5354 dica-

2160 5100 2249 5154 καὶ
2306 5101 2443 5155 κατὰ
2485 5100 2830 5177 πλεονασμὸν
2876 5110 2974 5160 τοῦ
3032 5128 3060 5161 υ
3109 5111 3326 5185 κοῦρος,
3356 5109 3475 5166 ὅθεν
3503 5105 3591 5162 καὶ
3619 5121 3790 5178 κουρο-

2160 5190 2380 5267 τρόφος.

2233 5299 2262 5372 ἓ
2299 5297 2373 5353 ν.
2415 5297 2545 5359 Θεὸς
2580 5299 2793 5371 μεθύειν
2823 5296 3062 5377 λέγεται.
3096 5307 3418 5378 Σημείωσαι
3449 5307 3567 5366 πῶς
3599 5296 3786 5376 μεθύειν

391 5365 492 5418 tur
541 5365 695 5421 Deus
747 5368 1047 5437 inebriari,
1099 5377 1154 5427 et
1197 5375 1376 5444 unde,
1421 5380 1480 5431 et
1545 5395 1674 5449 quae
1723 5384 1802 5438 sit
1848 5392 2050 5444 nostra

2211 5365 2377 5460 έγεται
2409 5387 2436 5439 ὁ
2468 5365 2618 5457 Θεὸς,
2647 5387 2735 5442 καὶ
2769 5388 2827 5444 ἐκ
2856 5365 3004 5453 τίνος
3035 5391 3125 5446 καὶ
3155 5365 3237 5457 τίς
3265 5395 3299 5464 ἡ
3326 5393 3410 5468 ἐφ’
3443 5365 3608 5466 ἡμῶν,
3643 5390 3784 5464 μέθη,

391 5451 670 5521 ebrietas,
703 5459 760 5512 et
789 5459 1083 5528 quomodo
1113 5461 1185 5517 de
1216 5466 1329 5519 Deo
1355 5467 1572 5523 extasis
1602 5469 1852 5528 dicatur.

461 5558 640 5632 Supra
669 5564 1109 5635 intelligentiam
1137 5570 1424 5626 exsislens.
1456 5575 1745 5637 Quoniam
1773 5584 1924 5637 Deus
1954 5589 2045 5640 est

2156 5470 2244 5527 καὶ
2274 5476 2394 5535 πῶς
2425 5471 2639 5551 λέγεται
2672 5475 2759 5531 ἐπὶ
2793 5481 2926 5533 Θεοῦ
2955 5475 3223 5543 ἔκστασις.

2225 5577 2385 5653 Ὑπὶρ
2435 5578 2498 5632 τὸ
2528 5584 2672 5635 νοεῖν
2707 5577 2804 5637 ὤν.
2837 5585 2956 5638 Ὅτι
2989 5583 3016 5638 ὁ
3045 5585 3174 5647 Θεὸς
3219 5587 3306 5641 καὶ
3363 5586 3496 5661 ὑπὶρ
3544 5581 3606 5638 τὸ
3655 5581 3776 5634 νοεῖν

393 5649 727 5750 tam‘supra
751 5651 809 5708 id
844 5655 999 5725 quod
1030 5654 1327 5730 intelligit,
1359 5674 1536 5730 quam
1572 5679 1755 5736 supra
1784 5666 1844 5724 id
1886 5672 2042 5742 quod

2211 5686 2286 5738 τι,
2317 5649 2407 5722 καὶ
2441 5667 2575 5745 ὑπερ
2603 5670 2666 5725 τὸ
2695 5672 2958 5746 νοεῖσθαι,
2987 5672 3079 5729 καὶ
3113 5674 3243 5750 ὑπὲρ
3271 5673 3332 5730 τὺ
3365 5649 3519 5731 εῖνάι.

386 5733 766 5814 intelligitur,
793 5745 852 5800 et
877 5758 1058 5817 supra
1087 5744 1148 5803 id
1179 5747 1338 5819 quod
1367 5752 1477 5806 est.
