4106 6402
356 452 466 508 573

1319 459 1380 512 Β.
1421 457 1690 511 MAXIM]
1724 457 2033 512 BCHOLIA
2067 459 2145 510 IN
2182 459 2341 511 EPP.
2380 461 2441 512 Β.
2480 458 2815 513 DIONYBII.

3661 458 3770 513 574

428 574 856 647 Μεμεθυσμὲνος
913 575 1048 647 ἅμα.
1095 577 1414 651 Σημείωσαι
1470 575 1522 631 ἐν
1569 578 1845 650 συντόμῳ,
1893 577 2003 638 πῶς

2195 579 2379 636 Simul
2409 579 2739 634 inebriatus.
2763 579 2910 634 Nota
2943 580 3192 635 breviter
3221 581 3511 651 quomodo
3541 581 3775 638 dicatur

360 663 778 736 μεμεθυσμένος
806 662 895 718 καὶ
925 662 1226 736 ἐξεστηκὼς
1260 664 1473 740 λέγεται
1503 667 1530 720 6
1563 665 1712 726 Θεός,

431 751 578 805 Κατὰ
623 752 716 806 τὸ)
783 751 941 806 αὐτὸν
1010 750 1384 827 ἐκληψόμεθα.
1445 754 1579 810 Τίνα
1625 755 1692 808 τὰ
1747 752 2016 828 λεγόμεναι

356 835 551 894 δεῖπνα
598 837 726 908 ἤτοι
797 840 1072 915 συμπόσια
1130 841 1180 896 ἐν
1239 845 1308 916 τῇ
1373 841 1624 916 βασιλείᾳ
1674 847 1784 897 τῶν
1846 843 2016 917 οὐρα-

354 949 484 985 νων.

428 1018 542 1085 Τὴν
592 1015 898 1075 ἀνάκλισιν.
933 1018 1034 1082 Τίς
1077 1021 1111 1088 ἡ
1166 1018 1219 1074 ἐν
1269 1022 1337 1093 τῇ
1375 1017 1626 1095 βασιλείᾳ
1679 1024 1787 1075 τῶν
1849 1019 2011 1095 οὐρα-

354 1110 460 1160 νῶν
486 1105 767 1168 ἀνάκλισις
795 1126 808 1139 ⁸
842 1105 924 1162 ὅτι
981 1107 1300 1178 ἀνάπαυσις,
1326 1109 1417 1164 καὶ
1475 1104 1724 1180 ἀϐλαϐὴς
1758 1110 1896 1180 ζωὴ,
1922 1109 2012 1164 καὶ

347 1197 416 1250 τά
449 1195 595 1265 ἑξῆς.

425 1285 563 1340 Καθ’
619 1285 682 1358 ἣν
742 1283 1094 1362 εὐφροσύνην.
1155 1287 1270 1356 Τὴν
1337 1286 1694 1365 εὐφροσύνην,
1753 1284 1879 1356 ἤτοι
1947 1287 2008 1341 τὸ

354 1373 636 1452 εὖφρονεῖν
672 1377 742 1413 ⁸³*
773 1379 954 1450 (τοῦτο
987 1378 1090 1452 γάρ
1121 1376 1263 1434 ἐστιν
1315 1377 1644 1457 εὐφροσύνη)
1672 1380 1763 1434 τὸν
1797 1381 2008 1448 Ἰησοῦν

352 1463 585 1526 εἰκότως
618 1462 786 1541 λέγει.

422 1557 450 1623 §
489 1553 583 1610 VI.
636 1554 740 1611 Καὶ
785 1555 880 1611 τὸν
926 1553 1347 1632 εὐφημούμενον
1393 1553 1583 1612 ὕπνον.
1635 1560 1757 1618 Πῶς
1819 1551 2010 1611 ἔλαϐεν

347 1640 441 1696 ἐπὶ
474 1645 609 1697 Θεοῦ
638 1642 806 1698 ὕπνον
837 1644 926 1697 καὶ
959 1643 1306 1720 ἐγρήγορσιν.

423 1731 534 1800 Τὴν
614 1725 959 1803 συμϐολικὴν
1045 1731 1349 1809 θεολογίαν.
1407 1732 1725 1806 Σημείωσαι
1800 1732 1852 1786 τί
1913 1753 2008 1787 πε-

351 1819 533 1893 ριέχει
594 1822 629 1889 ἡ
692 1815 1020 1892 Συμϐολικὴ
1079 1820 1360 1896 θεολογία.
1419 1820 1866 1896 Διεξοδικώτερον
1927 1818 2007 1892 δὲ,

2123 668 2279 724 Deus
2311 667 2660 734 inebriatus,
2693 673 2748 724 et
2777 683 3082 724 excessum
3119 669 3366 740 patiens.

2194 758 2391 812 Eodem
2411 758 2571 813 modo
2591 757 2942 829 accipiemus.
2967 759 3243 822 Quaenam
3267 759 3382 814 sint
3409 760 3575 816 dictas
3597 777 3773 816 omna:

2124 846 2246 903 sive
2277 847 2542 904 convivia
2574 847 2632 903 in
2665 863 2845 920 regno
2877 846 3180 904 caelorum.

2193 1026 2341 1082 381
2377 1026 2738 1082 Discubz'tum.
2785 1026 2925 1093 Quis
2974 1028 3047 1083 sit
3099 1027 3434 1084 discubitus
3483 1029 3543 1082 in
3591 1044 3770 1100 regno

2121 1115 2426 1184 caelorum,
2470 1132 2725 1186 eumque
2767 1131 2897 1172 esse
2944 1118 3204 1188 requiem
3263 1122 3320 1172 et
3366 1117 3547 1172 vitam
3611 1133 3770 1173 noxas

2121 1209 2441 1276 expertem,
2478 1210 2588 1260 etc.

2194 1294 2312 1361 Qua
2338 1293 2544 1365 gaudio
2591 1295 2899 1364 replentur.
2932 1299 3043 1350 Per
3085 1291 3444 1369 εὐφροσύνην,
3476 1294 3598 1350 sive
3627 1310 3773 1366 gau-

2121 1382 2284 1438 dium
2317 1384 2400 1454 (id
2451 1383 2606 1439 enim
2656 1383 2961 1456 gignificat
3009 1380 3333 1459 εὐφροσύνη)
3363 1382 3776 1439 verosimiliter

2118 1471 2322 1529 Jesum
2355 1471 2651 1543 intelligit.

2189 1562 2217 1628 §
2247 1561 2345 1616 VI.
2378 1564 2444 1616 Et
2471 1561 2736 1617 celebrem
2775 1562 2942 1616 istum
2969 1577 3239 1616 somnum.
3273 1561 3575 1625 Quomodo
3603 1576 3770 1616 acce-

2119 1651 2272 1722 perit
2299 1650 2358 1704 in
2395 1655 2507 1705 Deo
2539 1666 2815 1706 somnum
2850 1655 2901 1706 et
2934 1649 3388 1722 evigilationem.

2187 1739 2556 1810 Symbolz'cam
2614 1739 2978 1809 theologiam.
3030 1739 3178 1794 Nota
3239 1739 3377 1810 quid
3439 1735 3766 1809 Symbalica

2119 1829 2399 1897 theologia
2439 1829 2754 1883 contineat.
2793 1828 2898 1883 Ubi
2947 1828 3160 1897 fusius,
3192 1828 3247 1882 id
3299 1832 3388 1883 est
3434 1826 3631 1894 latius,
3664 1843 3768 1881 seu

344 1906 595 1963 mortem
675 1907 1037 1986 πλατύτερον,
1097 1906 1429 1986 διήρθρωται
1506 1911 1594 1967 καὶ
1674 1909 2003 1966 διατετύπω-

2124 1917 2356 1990 planius
2387 1921 2444 1972 et
2476 1916 2848 1972 articulatius
2897 1916 3254 1988 explicatum
3302 1921 3359 1971 et
3407 1915 3768 1986 descriptum

342 2017 461 2055 ται.

751 2092 866 2142 ΕΙΣ
907 2089 1055 2145 ΤΗΝ
1096 2091 1498 2145 ΕΠΙΣΤΟΛΗΝ
1542 2090 1600 2146 1’.

416 2176 483 2233 Ἡ
535 2176 630 2249 μὲν
681 2173 949 2246 ἐπιστολὴ
984 2176 1102 2247 ἀξία
1132 2183 1233 2246 τῆς
1261 2176 1632 2253 ἀρχαιότητος
1665 2177 1872 2248 ἐκείνης
1902 2179 2001 2245 τῆς

337 2265 517 2339 ἱερᾶς,
577 2265 668 2320 καὶ
711 2269 809 2320 τοῦ
861 2270 1136 2339 μαθητοῦ,
1195 2267 1254 2320 ’ὸν
1308 2267 1494 2343 ἠγάπα
1549 2267 1577 2320 6
1639 2267 1870 2336 Ἰησοῦς,
1901 2267 1999 2334 τὴν

337 2354 510 2429 χάριν
568 2352 1011 2429 ἀπαγγέλλουσα.
1070 2356 1224 2412 ’Ἐστι
1295 2351 1352 2410 δὲ
1421 2351 1720 2428 συμϐαλεῖν
1789 2354 1848 2410 ἐκ
1900 2361 2000 2424 τῆς

338 2443 486 2518 πρὸς
535 2443 629 2498 τὸν
687 2444 836 2520 ἅγιον
884 2442 1249 2520 Πολύκαρπον
1282 2445 1321 2512 ζ’
1354 2440 1544 2515 οὔσης,
1578 2445 1708 2500 εἶναι
1758 2445 1849 2498 τὸν
1909 2445 2002 2516 μὲ-

337 2551 444 2605 γαν
505 2531 809 2605 Διονύσιον,
860 2531 950 2587 ὅτε
999 2537 1169 2587 ταῦτα
1225 2530 1473 2610 ἔγραφεν,
1531 2532 1662 2588 ἐτῶν
1722 2532 1846 2608 περί
1897 2553 2002 2587 που

342 2619 725 2691 ἆννενήγοντα.
778 2622 865 2679 Ἐν
928 2622 1023 2694 μὲν
1083 2621 1186 2696 γὰρ
1240 2625 1311 2694 τῇ
1345 2621 1483 2696 πρὸς
1530 2621 1622 2676 τὸν
1681 2622 1834 2696 ἅγιον
1893 2623 2002 2678 Ho-

347 2705 636 2784 λύκαρπόν
711 2731 917 2781 φησιν,
980 2709 1031 2766 ἐν
1106 2713 1175 2784 τῇ
1241 2711 1358 2765 κατ’
1433 2707 1706 2784 Αἴγυπτον
1779 2708 2002 2766 Ἡλιου-

344 2796 514 2853 πόλει
583 2796 805 2876 διάγων,
873 2799 1162 2863 θεάσασθαι
1231 2801 1330 2869 τὴν
1398 2799 1544 2872 παρὰ
1615 2798 1771 2868 φύσιν
1847 2818 2002 2874 γενο-

346 2886 522 2959 μὲνην
580 2885 823 2961 ἔκλειψιν
885 2893 984 2943 τοῦ
1058 2887 1225 2957 ἡΛίου
1286 2886 1339 2942 ἐν
1395 2892 1476 2960 τῷ
1532 2888 1792 2964 σωτηρίῳ
1845 2907 2004 2940 σταυ-

342 2979 432 3050 ρῷ
485 2979 532 3014 ⁸⁸
586 2981 683 3031 τοῦ
735 2979 994 3045 Χριστοῦ,
1055 2977 1188 3054 ὅπερ
1243 2977 1430 3054 γέγονε
1480 2981 1562 3050 τῷ
1623 2979 1691 3048 ιη’
1741 2975 1846 3032 ἔτει
1901 2983 2002 3046 τῆς

339 3059 606 3138 Τιϐερίου
659 3065 938 3140 βασιλείας
974 3083 986 3096 ·
1013 3069 1095 3137 τῷ
1121 3085 1222 3142 γαρ
1257 3073 1314 3120 ιε’
1339 3064 1442 3120 ἔτει
1475 3065 1640 3120 αὐτοῦ
1682 3062 1882 3140 ἤρξατο
1906 3067 2004 3119 τοῦ

337 3153 705 3228 κηρύγματος
740 3155 768 3209 6
816 3154 1020 3228 Κύριος
1065 3155 1301 3226 Ἰησοῦς,
1335 3156 1408 3218 ὡς
1454 3154 1505 3210 ἐν
1551 3159 1632 3228 τῷ
1677 3153 1815 3209 κατὰ
1868 3161 2005 3208 Λου-

338 3245 444 3297 κᾶν
506 3240 774 3314 δηλοῦται
818 3241 1158 3319 Εὖαγγελίῳ.
1211 3245 1352 3319 Τρία
1398 3243 1456 3299 δὶ
1501 3246 1546 3282 ⁸⁸
1589 3243 1681 3314 ἔτη
1736 3244 1849 3316 μετ’
1891 3241 2005 3296 ὀλί-

341 3352 461 3407 γων
522 3305 710 3405 μηνῶν
767 3305 1027 3408 κηρύξας,
1087 3305 1225 3388 ἑκὼν
1261 3305 1494 3408 ,πάσχει
1569 3334 1597 3387 6
1654 3305 1856 3408 Ιξύριος
1914 3331 2002 3386 καὶ
2035 3305 2080 3372 C

341 3422 480 3485 Θεὸς
536 3423 718 3495 ἡμῶν,
753 3422 827 3484 ὡς
881 3422 1015 3476 εἶναι
1069 3416 1327 3497 Τιϐερίου
1389 3423 1460 3493 ιη’
1493 3419 1635 3490 ἔτος,
1667 3417 2011 3478 Ἐϐασίλευσε

347 3507 411 3565 δὶ
458 3505 707 3586 Τιϐέριος
751 3509 891 3588 ἀμφὶ
937 3509 1005 3565 τὰ
1047 3517 1126 3586 κγ’
1156 3509 1272 3582 ἔτη,
1302 3511 1379 3573 ὡς
1429 3511 1556 3566 εἶναι
1596 3510 1702 3564 ἀπὸ
1744 3515 1840 3565 τοῦ
1897 3532 2007 3565 σω-

343 3598 547 3675 τηρίου
571 3597 773 3661 πάθους
823 3595 928 3661 ἓως
957 3596 1219 3668 τελευτῆς
1253 3594 1511 3674 Τιϐερίου
1539 3595 1736 3673 σχεδὸν
1778 3593 1870 3669 ἔτη
1919 3595 1998 3669 ἓξ.

340 3687 648 3764 Ἐξωρίσθη
723 3685 780 3743 δὲ
857 3688 885 3742 6
962 3688 1120 3762 ἅγιος
1201 3687 1588 3764 εὐαγγελιστὴς
1644 3688 1899 3757 Ἰωάννης
1953 3687 2004 3742 ἐν

334 3775 554 3850 Πάτμῳ
581 3781 650 3850 τῇ
681 3778 858 3849 νήσῳ,
888 3775 1014 3845 ἥτις
1045 3775 1156 3831 ἐστὶ
1192 3777 1292 3850 μία
1347 3781 1454 3831 τῶν
1509 3774 1835 3846 Κυκλάδων,
1880 3769 2005 3851 περὶ

336 3866 406 3921 τὸ
435 3864 753 3920 τελευταῖον
803 3859 922 3928 ἔτος
970 3871 1072 3935 τῆς
1107 3865 1442 3938 Δομετιανοῦ
1497 3862 1798 3940 βασιλείας.
1841 3859 2005 3921 Ἐϐα-

337 3956 562 4012 σίλευσε
617 3951 676 4010 δὲ
733 3955 891 4018 οὗτος
920 3949 1011 4025 ἔτη
1051 3956 1108 4010 ιε’
1137 3955 1229 4010 καὶ
1286 3961 1461 4029 μῆνας
1495 3956 1551 4012 ε’.
1588 3955 1918 4030 Συνάγονται
1949 3952 2007 4009 δὲ

334 4045 448 4101 ἀπὸ
505 4049 602 4100 τοῦ
637 4047 707 4114 ιη’
737 4039 891 4108 ἔτους
916 4039 1190 4119 Τιϐερίου,
1223 4043 1313 4099 ὅτε
1347 4046 1382 4114 ἡ
1432 4039 1699 4117 ἔκλειψις,
1745 4041 1847 4105 ἔως
1902 4049 2001 4112 τῆς

334 4135 600 4200 τελευτῆς
631 4137 964 4207 Δομετιανοῦ
1010 4131 1104 4204 ἔτη
1167 4130 1238 4204 ξδ’
1268 4132 1392 4207 περί
1422 4153 1528 4188 που
1577 4133 1664 4187 καὶ
1714 4139 1889 4206 μῆνας
1941 4133 2000 4201 ζ’.

338 4222 705 4297 Ὑποθώμεθα
732 4225 777 4261 ⁸⁸
825 4219 882 4278 δὲ
936 4223 1027 4277 καὶ
1086 4223 1177 4278 τὸν
1237 4227 1381 4286 θεῖον
1443 4220 1747 4290 Διονύσιον,
1804 4222 1894 4276 ὅτε
1937 4220 2004 4275 τά

343 4311 438 4368 ἐπὶ
494 4317 576 4386 τῷ
634 4316 849 4386 σταυρῷ
897 4315 996 4367 τοῦ
1053 4311 1259 4386 Κυρίου
1309 4308 1470 4378 εἶδεν,
1522 4311 1656 4365 εἶναι
1721 4316 1795 4365 κε’
1843 4309 1998 4378 ἐτῶν,

338 4403 436 4457 ἅτε
468 4401 646 4475 οἶμαι,
675 4401 765 4457 καὶ
797 4399 874 4456 ἔτι
907 4400 1366 4476 ἀναγινώσκοντα,
1400 4399 1476 4461 ὡς
1527 4400 1658 4454 εἶναι
1709 4399 1776 4454 τὰ
1826 4400 2000 4453 πάντα

335 4492 483 4568 ἀμφὶ
557 4491 624 4545 τὰ
702 4490 1056 4560 ἐννενήκοντα
1125 4486 1240 4558 ἔτη.
1293 4489 1584 4560 Μέμνηται
1642 4485 1700 4542 δὲ
1748 4493 1849 4557 τῆς
1908 4487 1998 4542 ἐπὶ

333 4583 672 4654 Δομετιανοῦ
743 4577 951 4653 ἑξορίας
1025 4581 1121 4632 τοῦ
1209 4575 1513 4649 ἁγιωτάτου
1571 4574 1846 4647 Ἰωάννου,
1905 4575 1994 4630 καὶ

2113 2012 2221 2063 est.

2633 2094 2704 2152 IN
2745 2094 3149 2150 EPISTOLAM
3186 2093 3252 2148 X.

2186 2183 2453 2254 Epistola
2484 2183 2605 2238 haec
2635 2189 2842 2239 sancta
2887 2183 2988 2239 illa
3036 2183 3388 2254 antiquitate
3419 2179 3767 2252 cumprimis

2113 2271 2314 2344 digna,
2349 2273 2434 2328 uti
2467 2278 2525 2328 et
2570 2272 2861 2344 discipulo
2910 2288 3084 2344 quem
3140 2271 3422 2343 diligebat
3447 2274 3639 2336 Jesus,
3670 2269 3764 2325 cui

2112 2361 2361 2432 gratiam
2387 2361 2722 2418 annuntiat.
2747 2362 2901 2417 Licet
2921 2366 3118 2416 autem
3136 2359 3407 2431 colligere
3429 2377 3499 2414 ex
3518 2360 3627 2414 hac
3647 2358 3765 2430 epi-

2113 2450 2264 2506 stola
2293 2455 2350 2505 et
2379 2466 2447 2506 ex
2477 2449 2577 2506 illa
2617 2451 2686 2506 ad
2741 2455 3009 2506 sanctum
3063 2450 3441 2522 Polycarpum
3491 2448 3762 2520 septima,

2113 2556 2394 2611 magnum
2427 2538 2796 2610 Dionysium,
2825 2539 3062 2609 quando
3112 2537 3234 2593 haec
3282 2537 3539 2609 scripsit,
3574 2553 3761 2591 anno-

2111 2645 2243 2683 rum
2276 2629 2508 2683 circiter
2537 2628 2860 2698 nonaginta
2907 2628 3110 2682 fuisse.
3135 2629 3196 2683 In
3230 2627 3332 2682 illa
3361 2625 3653 2698 siquidem
3687 2625 3759 2679 ad

2110 2717 2166 2772 S.
2185 2715 2570 2788 Polycarpum
2597 2716 2677 2770 ait
2694 2731 2777 2782 se,
2794 2731 2927 2770 cum
2950 2714 3233 2786 Heliopoli
3256 2714 3483 2786 Egypti
3505 2714 3763 2785 degeret,

2113 2806 2478 2875 perspexisse
2496 2805 2744 2859 solarem
2768 2804 2942 2858 istam
2959 2802 3534 2873 eclipsim,salutaris
3549 2799 3768 2855 Christi

2114 2893 2306 2947 crucis
2328 2897 2613 2963 tempore,
2639 2908 2766 2962 quae
2797 2891 3008 2946 incidit
3030 2891 3088 2946 in
3114 2907 3334 2945 annum
3363 2891 3526 2962 regni
3548 2887 3769 2945 Tiberii

2113 2981 2407 3036 decimum
2429 2985 2699 3036 octavum
2719 2997 2730 3035 :
2747 2980 2927 3050 hujus
2947 2980 3103 3036 enim
3121 2996 3273 3035 anno
3295 2979 3520 3034 decimo
3538 2979 3768 3049 quinto,

2112 3086 2355 3126 exorsus
2385 3074 2509 3125 erat
2539 3069 3015 3141 praedicationem
3054 3085 3221 3124 suam
3259 3068 3539 3124 Dominus
3567 3067 3762 3135 Jesus,

2115 3161 2179 3213 ut
2208 3158 2267 3213 in
2299 3157 2611 3228 Evangelio
2652 3157 2980 3212 secundum
3015 3157 3231 3212 Lucam
3269 3157 3622 3212 declaratur.
3656 3153 3767 3210 Ubi

2117 3251 2312 3303 autem
2345 3247 2536 3302 tribus
2567 3247 2740 3302 annis
2772 3251 2828 3301 et
2853 3246 3055 3317 paucis
3086 3245 3393 3301 mensibus
3423 3243 3767 3316 praedicave-

2117 3341 2230 3402 rat,
2264 3335 2549 3391 Dominus
2573 3351 2639 3390 ac
2662 3339 2813 3390 Deus
2843 3339 3042 3390 noster
3065 3338 3273 3406 sponte
3295 3350 3507 3406 passus
3537 3336 3627 3388 est
3656 3331 3768 3388 cir-

2117 3440 2184 3479 ca
2207 3441 2426 3478 annum
2452 3423 2662 3478 Tiberii
2699 3422 2993 3478 decimum
3025 3429 3316 3478 octavum.
3348 3421 3636 3493 Regnavit
3665 3437 3770 3475 au-

2116 3515 2236 3567 tem
2260 3511 2531 3567 Tiberius
2557 3511 2726 3566 annis
2745 3511 2980 3565 circiter
2999 3511 3190 3566 tribus
3210 3514 3268 3566 et
3286 3510 3521 3581 viginti,
3546 3508 3713 3565 utsic
3737 3526 3770 3564 a

2118 3599 2362 3656 salutari
2397 3599 2672 3670 passione
2701 3600 2771 3654 ad
2805 3599 3030 3654 obitum
3055 3614 3243 3670 usque
3273 3598 3487 3654 Tiberii
3521 3597 3638 3653 fere
3669 3613 3770 3652 sex

2116 3690 2253 3744 anni
2275 3687 2733 3744 intercesserint.
2759 3687 2932 3742 Porro
2955 3691 3196 3742 sanctus
3218 3686 3574 3759 evangelista
3593 3685 3764 3741 Joan-

2114 3794 2220 3833 nes
2249 3777 2554 3849 ablegatus
2587 3780 2679 3831 est
2703 3775 2764 3830 in
2796 3775 3069 3830 Patmum
3101 3775 3380 3842 insulam,
3404 3792 3531 3844 quas
3561 3774 3767 3846 Cycla-

2115 3867 2256 3922 dum
2289 3883 2408 3922 una
2439 3869 2545 3931 est,
2573 3865 2685 3919 sub
2716 3868 3043 3919 extremum
3068 3864 3205 3919 anni
3232 3863 3391 3932 regni
3424 3863 3765 3919 Domitiani.

2114 3955 2216 4011 Hic
2248 3961 2442 4011 autem
2478 3953 2742 4026 regnavit
2788 3952 2959 4008 annis
3001 3952 3338 4024 quindecim
3369 3956 3428 4007 et
3457 3951 3764 4008 mensibus

2111 4045 2394 4116 quinque.
2424 4043 2511 4098 Ab
2543 4059 2696 4097 anno
2727 4058 2861 4096 vero
2893 4041 3107 4096 Tiberii
3141 4041 3367 4096 decimo
3399 4045 3623 4107 octavo,
3648 4057 3764 4111 quo

2111 4133 2346 4204 eclipsis
2375 4131 2478 4187 illa
2507 4130 2776 4202 contigit,
2801 4131 2874 4184 ad
2919 4133 3169 4187 mortem
3205 4145 3392 4200 usque
3422 4128 3763 4198 Domitiani,

2110 4221 2471 4293 colliguntur
2500 4218 2638 4276 anni
2685 4217 2918 4274 circiter
2949 4221 3200 4288 quatuor
3248 4221 3306 4272 et
3353 4217 3675 4287 sexaginta,
3707 4221 3766 4271 et

2109 4325 2346 4367 menses
2375 4313 2625 4380 septem.
2660 4308 3078 4378 Supponamus
3115 4307 3276 4377 item,
3305 4307 3367 4362 D.
3391 4305 3760 4376 Dionysium,

2109 4399 2344 4470 quando
2378 4397 2492 4453 ista
2521 4396 2632 4452 sub
2664 4394 3101 4451 cruciﬁxionem
3123 4393 3357 4450 Domini
3386 4393 3554 4459 vidit,
3578 4409 3762 4448 anno-

2107 4505 2238 4544 rum
2273 4489 2456 4544 l'uisse
2478 4485 2685 4558 viginti
2708 4485 2992 4556 quinque,
3017 4485 3517 4556 quemadmodum
3550 4499 3642 4540 me
3663 4485 3764 4538 ad-

2106 4579 2222 4635 huc
2254 4577 2469 4650 legisse
2500 4580 2766 4644 autumo,
2790 4575 2876 4629 sic
2907 4579 2972 4629 ut
3000 4591 3204 4629 omnes
3237 4573 3375 4629 anni
3407 4574 3628 4631 fuerint
3657 4573 3766 4629 cir-

336 4667 638 4743 Εἰρηναῖος
671 4664 724 4721 ἐν
755 4664 922 4740 τρίτῳ
971 4663 1062 4720 καὶ
1110 4663 1349 4737 πέμπτῳ
1375 4666 1483 4717 τῶν
1534 4661 1684 4718 Κατὰ
1713 4658 1993 4736 αἱρέσεων,

2124 4668 2254 4724 :iter
2284 4667 2628 4738 nonaginta.
2662 4662 2928 4720 Meminit
2956 4664 3132 4718 etiam
3175 4662 3356 4733 hujus
3387 4661 3766 4734 relegationis

338 4755 468 4812 ἔνθα
514 4754 605 4810 καὶ
658 4754 754 4809 τὸν
809 4752 1006 4828 χρόνον
1060 4751 1437 4825 ὲσημειώοατο
1471 4767 1484 4783 ⁸
1535 4749 1625 4806 καὶ
1683 4749 1920 4823 Κλήμης
1966 4751 1994 4804 6

331 4841 748 4920 Ἀλεξανδρεὺς,
781 4839 834 4897 ἐν
860 4845 939 4914 τῷ
966 4839 1122 4917 λόγῳ
1149 4843 1232 4912 τῷ
1260 4839 1384 4915 περί
1418 4857 1432 4873 ⁸
1463 4837 1563 4902 Τίς
1613 4839 1641 4893 6
1691 4837 1998 4913 σωζόμενος

328 4933 605 4996 πλούσιος
623 4950 639 5002 ;

413 5113 558 5174 Οὖδέ
637 5111 740 5190 γὰρ
825 5110 878 5165 ἐν
933 5114 1051 5171 τοῖς
1127 5109 1310 5166 αῗῶσι.
1371 5108 1689 5182 Σημείωσαι
1746 5109 1828 5165 ὅτι
1889 5112 1998 5186 οὐχ

339 5207 372 5261 6
403 5204 536 5267 Θεὸς
566 5201 738 5263 αἴτιος
767 5197 865 5256 τοῦ
898 5199 1208 5277 ἀφορισμοῦ
1233 5203 1350 5260 τοῖς
1383 5198 1736 5273 ἁμαρτωλοῖς
1786 5206 1886 5270 τῆς
1944 5199 1996 5253 ἐν

339 5295 602 5370 ἀριστερᾷ
642 5291 898 5357 στάσεως,
944 5286 1071 5343 ἀλλ’
1115 5287 1270 5342 αὗτοὶ
1318 5288 1531 5352 ἑαυτοῖς
1579 5285 1743 5343 αἴτιοι
1790 5288 1998 5344 τούτων

334 5384 391 5441 οἱ
452 5379 796 5457 ἁμαρτωλοὶ,
857 5373 1138 5440 παντελῶς
1196 5375 1420 5440 ὶαυτοὺς
1488 5377 1841 5454 ἀφορίσαντες
1900 5381 1999 5434 τοῦ

335 5474 498 5528 Θεοῦ.

2107 4755 2470 4813 sanctissimi
2512 4752 2759 4809 Joannis
2793 4751 2906 4807 sub
2943 4751 3270 4806 Domitiano
3318 4752 3483 4807 factis
3515 4752 3766 4807 Irenazus

2105 4846 2166 4902 in
2201 4845 2375 4901 tertio
2407 4847 2465 4899 et
2485 4842 2691 4914 quinto
2723 4839 2872 4895 libro
2924 4855 3030 4896 suo
3079 4840 3347 4894 Adversus
3376 4840 3629 4910 hereses,
3661 4839 3764 4894 ubi

2106 4941 2164 4993 et
2193 4940 2431 5005 tempus
2475 4930 2786 4999 indicavit;
2821 4928 3088 4984 Clemens
3121 4929 3259 4984 item
3310 4928 3761 4992 Alexandrinus,

2105 5024 2167 5079 in
2199 5040 2265 5079 eo
2298 5035 2471 5094 opere
2503 5019 2597 5075 cui
2630 5017 2938 5089 inscriptio
2971 5034 2985 5072 :
3022 5019 3158 5086 Quis
3187 5017 3336 5073 dives
3362 5018 3588 5072 salvus?

2179 5113 2333 5169 832
2363 5111 2547 5181 Neque
2574 5107 2726 5164 enim
2755 5110 2816 5163 in
2844 5108 3086 5164 saeculis.
3111 5106 3260 5163 Nota
3282 5107 3465 5162 Deum
3498 5121 3614 5161 non
3636 5121 3763 5162 esse

2108 5217 2350 5260 causam
2408 5196 2798 5270 separationis
2856 5201 3271 5270 peccatorum,
3317 5213 3436 5267 qua
3492 5195 3564 5250 ad
3622 5195 3763 5253 sini-

2109 5297 2293 5348 stram
2326 5287 2710 5355 collocantur,
2747 5284 2847 5340 sed
2898 5285 3011 5339 sibi
3044 5284 3190 5356 ipsis
3223 5288 3555 5356 peccatores
3586 5285 3766 5354 hujus

2109 5379 2192 5437 rei
2223 5394 2414 5436 causae
2445 5379 2606 5447 sunt,
2640 5375 2782 5430 dum
2815 5372 2930 5445 ipsi
2980 5389 3042 5430 se
3089 5373 3326 5444 penitus
3357 5389 3391 5430 ιι
3420 5373 3536 5430 Deo
3566 5388 3764 5444 segre-

2109 5472 2269 5541 gant.

1345 5655 1582 5716 VARLE
1620 5655 2010 5716 LECTIONES
2053 5657 2146 5716 ET
2185 5650 2752 5716 CORRECTIONES.

407 5787 485 5826 εν
513 5783 571 5840 αὖ
603 5784 846 5858 φρονεῖν.
926 5779 974 5816 ⁸⁸
999 5776 1088 5834 ἐπὶ
1115 5782 1197 5854 τῷ
1223 5782 1460 5856 σταυρῷ.
1535 5781 1580 5820 ⁸⁸
1605 5781 1732 5858 γάρ.
1805 5783 1850 5824 ⁸⁸
1879 5782 2193 5860 ὑποθῶμεν.
