4106 6390
413 432 521 488 575

1225 435 1595 492 APPENDIX
1633 438 1730 491 AD
1765 435 2008 490 OPRBA
2043 434 2096 488 Β.
2141 433 2458 489 DIONYBII
2494 435 2994 494 AREOPAGITE.
3693 442 3792 501 576

491 560 554 615 Et
581 558 682 615 Dei
705 559 945 615 nomine.
980 559 1078 615 Dei
1127 576 1338 616 nomen
1371 562 1473 628 ait,
1499 561 1620 616 sive
1667 559 1822 631 quod
1857 574 2062 614 omnes

2248 557 2346 610 Καὶ
2379 549 2673 631 θεωνυμῖᾳ.
2705 559 3020 632 Θεωνυμεαν
3081 557 3242 636 φησὶν
3303 558 3339 627 ἢ
3368 559 3429 615 τὸ
3474 563 3694 620 πάντοτε
3745 566 3793 624 ἓν

418 648 678 704 actiones
709 665 847 704 suas
877 648 934 704 in
973 651 1067 704 Dei
1099 666 1331 721 semper
1363 649 1598 705 nomine
1631 652 1936 720 peragant,
1963 652 2067 702 aut

419 735 557 807 quia
582 755 611 791 a
647 737 769 792 Deo
801 737 922 793 sive
950 738 1178 794 Christo
1225 755 1437 794 nomen
1477 737 1688 805 sortiti,
1714 752 1782 792 ex
1810 753 1877 792 eo
1909 737 2062 808 quod

420 826 745 881 secundum
806 825 1002 898 ipsum
1049 827 1232 882 vitam
1285 843 1456 882 suam
1504 826 1845 894 instituunt,
1886 827 2064 881 etiam

418 914 657 986 ipsimet
690 914 770 969 dii
802 914 1187 987 appellentur.

491 1005 784 1075 Evangelii
829 1005 1017 1060 solem.
1051 1003 1253 1059 Merito
1301 1004 1500 1060 divum
1548 1005 1834 1061 Joannem
1881 1006 2065 1058 Evan-

421 1091 558 1164 gelii
617 1092 798 1147 solem
857 1097 1170 1163 nuncupat.
1216 1093 1357 1149 Jure
1411 1093 1613 1165 igitur,
1673 1094 1883 1162 inquit,
1934 1091 2067 1146 illos

422 1180 784 1252 reprehendo
840 1184 894 1235 et
951 1180 1208 1252 increpo,
1254 1182 1355 1251 qui
1411 1199 1474 1236 se
1528 1181 1707 1237 solem
1764 1179 2064 1252 Evangelii

422 1269 827 1334 exterminare,
876 1285 1048 1340 posse
1096 1274 1328 1339 putant.
1359 1271 1627 1324 Attamen
1675 1275 1810 1341 opto
1861 1273 1925 1322 ut
1973 1283 2065 1321 re-

421 1357 693 1428 spiciant,
726 1361 782 1411 et
825 1357 896 1412 ad
945 1364 1003 1412 te
1052 1363 1380 1423 accurrant,
1415 1363 1477 1413 ut
1527 1358 1805 1413 illustrati
1836 1356 2066 1412 salven-

419 1450 536 1501 tur.
573 1446 1081 1512 Quemadmodum
1134 1447 1290 1502 enim
1344 1448 1584 1513 insanit,
1635 1447 1736 1518 qui
1787 1462 1848 1501 se
1899 1448 2068 1517 putat

420 1533 604 1589 solem
657 1533 814 1590 hunc
863 1535 1212 1591 concludere
1241 1535 1366 1591 loco
1399 1553 1589 1608 posse,
1621 1536 1707 1592 sic
1753 1540 1812 1591 et
1862 1535 1921 1590 bi
1972 1535 2062 1589 inv

420 1623 662 1678 saniunt
693 1625 792 1695 qui
834 1625 1024 1680 lucem
1065 1625 1362 1698 Evangelii
1406 1625 1770 1680 arbitrantur
1800 1641 1862 1680 se
1892 1638 2066 1696 posse

419 1716 614 1767 tecum
647 1712 802 1768 intra
831 1717 1103 1769 Patmum
1136 1713 1392 1770 insulam
1426 1714 1930 1771 circumscribere.

491 1893 597 1948 Nos
637 1899 827 1949 autem
872 1910 903 1950 ε
947 1895 1161 1950 diverso
1206 1909 1397 1965 neque.
1431 1894 1560 1960 Pro,
1595 1909 1784 1966 neque
1831 1892 2065 1965 longius

421 1982 480 2034 te
524 1980 752 2035 abesse.
794 1981 940 2036 Nota
994 1986 1190 2037 autem
1249 1998 1530 2054 magnum
1579 1981 1919 2053 Dionysium
1972 1980 2067 2034 hic

420 2069 598 2123 etiam
645 2067 1048 2141 prOpbetasse,
1097 2086 1233 2125 eum
1283 2070 1438 2125 clare
1488 2069 1663 2136 dicat,
1705 2070 1839 2139 sibi,
1873 2071 1958 2125 uti
2010 2074 2069 2125 et

425 2157 594 2212 beato
636 2157 849 2212 Joanni
901 2157 1221 2214 revelatum
1269 2174 1420 2228 esse,
1450 2159 1646 2232 ipsum
1696 2159 1852 2213 intra
1899 2159 2070 2214 breve

424 2249 660 2316 tempus
699 2246 771 2300 ab
817 2245 1019 2302 exsilio
1049 2247 1238 2302 Patmi
1288 2249 1678 2304 revocandum
1729 2264 1881 2315 esse,
1912 2247 2069 2320 quod

425 2336 483 2387 et
511 2333 776 2404 contigit.
809 2333 980 2403 Nam,
1013 2340 1078 2390 ut
1124 2335 1400 2403 diximus,
1436 2336 1610 2408 paulo
1653 2341 1806 2408 post,
1838 2337 1949 2392 sub
1980 2335 2069 2391 ul-

428 2421 638 2476 timum
671 2439 894 2478 annum
928 2424 1083 2496 regni
1127 2424 1464 2494 Domitiani,
1498 2427 1554 2480 in
1597 2430 1867 2481 Patmum
1901 2426 2069 2480 insu-

421 2509 540 2564 lam
592 2512 783 2567 tuerat
839 2510 1150 2581 relegatus,
1211 2513 1542 2569 Domitiano
1603 2513 2068 2586 persecutionem

421 2597 744 2668 excitante;
799 2603 859 2656 at
915 2600 1150 2656 interim
1209 2603 1322 2658 sub
1383 2602 1558 2658 istius
1615 2603 1769 2674 regis
1826 2602 2068 2672 exitum,

423 2687 714 2744 maximus
754 2687 850 2744 hic
879 2690 1240 2763 evangelista
1283 2691 1544 2748 Joannes
1593 2692 1854 2748 divinam
1903 2690 2070 2748 illam

419 2775 835 2852 Apocalypsim
871 2778 1039 2834 vidit.

2171 649 2250 716 τῷ
2300 645 2526 718 ὀνόματι
2578 648 2672 701 τοῦ
2735 652 2869 702 Θεοῦ
2952 649 3124 702 πάντα
3195 647 3442 723 πράττειν
3515 651 3794 726 αὖτοὺς,ἢ

2175 732 2298 788 ὅταν
2353 734 2482 797 τοὺς
2533 735 2639 790 ἀπὸ
2686 741 2782 790 τοῦ
2833 740 2988 802 Θεοῦ,
3018 734 3191 811 ἤγουν
3242 741 3340 792 τοῦ
3396 739 3647 814 Χριστοῦ,
3688 744 3796 800 ὀνο-

2178 822 2542 895 μαζομένους,
2600 826 2717 879 κατ’
2768 824 2929 880 αὐτὸν
2996 823 3376 890 πολιτεύεσθαι
3435 828 3672 905 ὑπάρχῃ,
3718 834 3799 888 καὶ

2172 909 2369 974 αὐτοὺς
2403 910 2736 986 λεγομένους
2765 913 2938 977 θεούς.

2244 1003 2350 1054 Τοῦ
2399 999 2737 1077 Εὖαγγελίου
2787 1001 2878 1057 τὸν
2929 1000 3115 1071 ἥλιον.
3167 1002 3270 1061 Τὸν
3332 1007 3428 1058 τοῦ
3490 1004 3801 1083 Εὗαγγελίου

2174 1085 2336 1158 ἥλιον
2391 1094 2583 1145 τοῦτον
2635 1092 2730 1145 τὸν
2780 1096 2923 1154 θεῖον
2955 1093 3210 1162 Ἰωάννην
3268 1091 3520 1165 ὀνομάζει
3576 1092 3800 1156 δικαίως.

2176 1179 2352 1249 Φησὶν
2387 1176 2480 1233 οὖν
2517 1198 2528 1211 ·
2561 1182 2686 1236 ’Ὀτι
2727 1179 2860 1255 ἐγὼ,
2895 1180 3120 1244 εἰκότως
3165 1181 3492 1255 αἰτιώμενος
3535 1183 3619 1238 καὶ
3672 1205 3804 1258 μεμ-

2175 1268 2412 1346 φόμενος
2470 1267 2597 1330 τοὺς
2645 1269 2962 1342 νομίζονῖάς
3022 1291 3079 1324 σε
3140 1270 3232 1326 τὸν
3314 1275 3411 1325 τοῦ
3492 1270 3806 1348 Εὗαγγελίου

2173 1354 2337 1425 ἥλιον
2399 1357 2727 1432 περιορίζων
2786 1356 2840 1413 ἐν
2892 1358 3070 1431 τόπῳ,
3111 1356 3348 1434 εὔχομαι
3407 1358 3560 1432 ὅμως
3619 1359 3804 1431 ἀνανῆ-

2173 1449 2268 1518 ψαι
2326 1445 2416 1500 καὶ
2475 1443 2846 1520 προσδραμεῖν
2896 1468 3002 1515 σοι,
3031 1446 3124 1502 ’ἱνα
3181 1450 3398 1503 σωθῶσι
3452 1447 3802 1526 φωτισθέντες.

2173 1537 2377 1608 ’Ὠσπερ
2436 1534 2536 1611 γὰρ
2601 1534 2839 1608 μέμηνεν
2896 1537 2924 1590 ὁ
2957 1535 3215 1609 οΐόμενος
3268 1537 3359 1592 τὸν
3420 1535 3580 1606 ἥλιον
3630 1543 3802 1593 τοῦτον

2172 1621 2504 1696 περικλείειν
2562 1623 2741 1697 τόπῳ,
2781 1624 2924 1678 οὕσω
2979 1626 3068 1679 καὶ
3127 1625 3276 1681 οὗτοι
3338 1627 3806 1698 μεμήτασι,νομί-

2177 1717 2357 1781 ζοντες
2409 1711 2473 1765 τὸ
2524 1716 2641 1788 φῶς
2687 1716 2784 1767 τοῦ
2838 1711 3170 1789 Εὐαγγελίου
3219 1735 3315 1769 σου
3359 1713 3679 1790 περιορίζειν
3722 1714 3803 1770 σὺν

2175 1799 2260 1854 σοὶ
2292 1799 2342 1854 ἐν
2379 1801 2590 1873 Πάτμῳ
2616 1804 2684 1874 τῇ
2713 1803 2885 1874 νήσῳ.

2245 1889 2421 1960 Ἠμᾶς
2510 1885 2567 1942 δὲ
2639 1886 2764 1944 οὐδὶ
2835 1890 3168 1946 τούναντίον.
3230 1891 3382 1946 Ἀντί
3427 1895 3544 1960 τοῦ,
3591 1889 3803 1946 οὐδὲτὸ

2175 1975 2512 2052 ποῤῥωτὲρω
2553 1999 2610 2031 σε
2655 1979 2918 2053 γενέσθαι.
2969 1977 3287 2053 Σημείωσαι
3335 1976 3396 2034 δὲ
3443 1980 3524 2035 δτι
3571 1979 3656 2034 καὶ
3684 2000 3804 2054 προ-

2178 2067 2466 2142 εφήτευσεν
2507 2067 2535 2120 ὁ
2586 2067 2752 2142 μέγας
2801 2067 3102 2139 Διονύσιος,
3136 2073 3318 2146 σαφῶς
3369 2067 3539 2124 εῗπὼν
3586 2067 3643 2123 ἐκ
3685 2071 3802 2123 Θεοῦ

2178 2155 2634 2230 ἀποκαλυφθῆναι
2691 2155 2861 2227 αὐτῷ,
2893 2157 2969 2218 ὡς
3010 2157 3098 2211 καὶ
3147 2161 3224 2228 νῷ
3271 2157 3417 2232 ἁγίῳ
3446 2155 3680 2231 Ἰωάννῃ,
3733 2156 3804 2211 ὅτι

2179 2241 2306 2296 εἷ’σω
2355 2242 2700 2318 βραχυτάτου
2751 2244 2957 2320 χρόνου
3007 2244 3451 2316 ἀνακληθήσεται
3483 2252 3580 2314 τῆς
3624 2244 3673 2299 ἐν
3712 2246 3806 2300 Πά-

2176 2353 2302 2404 τμῳ
2360 2330 2570 2405 ἐξορίας
2605 2351 2618 2364 ⁸
2679 2333 2708 2386 ὃ
2759 2332 2824 2402 δὴ
2876 2335 2965 2388 καὶ
3028 2333 3272 2409 γᾶγονεν.
3304 2335 3402 2396 Ὡς
3445 2336 3544 2410 γὰρ
3597 2331 3807 2411 ἔφημεν,

2178 2423 2286 2500 πρὸ
2347 2423 2584 2500 βραχέος
2636 2425 2760 2501 περὶ
2813 2427 2876 2481 τὸ
2923 2425 3236 2482 τελευταῖον
3270 2421 3400 2489 ἔτος
3426 2433 3526 2497 τῆς
3583 2434 3813 2500 Δομετια-

2178 2509 2270 2566 νοῦ
2324 2512 2605 2587 βασιλείας
2649 2513 2727 2576 εἷς
2770 2516 2869 2583 τήν
2921 2515 3143 2589 Πάτμον
3186 2513 3555 2593 ἐφυγαδεύθη,
3589 2513 3810 2590 διωγμὸν

2177 2603 2497 2671 κινήσαντος
2526 2601 2624 2656 τοῦ
2657 2608 2992 2676 Δομετιανοῦ
3027 2623 3040 2637 ο
3077 2607 3192 2659 εἶτα
3236 2606 3359 2680 περὶ
3427 2605 3526 2674 τὴν
3579 2602 3812 2671 τελευτὴν

2177 2688 2274 2745 τοῦ
2336 2689 2603 2766 βασιλέως
2660 2693 2762 2766 ὁρᾷ
2795 2693 2895 2761 τήν
2929 2692 3071 2756 θείαν
3106 2691 3494 2769 ’Δποκάλυψιν
3527 2695 3554 2749 ὁ
3588 2693 3812 2768 μέγιστος

2178 2780 2336 2844 οὗτος
2367 2778 2762 2856 εὐαγγελιστής
2790 2781 3044 2854 Ἰωάννης
3069 2784 3135 2841 ⁸⁷.

1419 2981 1665 3037 VARI/ﬁ
1705 2979 2101 3037 LECTIONES
2141 2980 2230 3036 ET
2269 2978 2831 3035 COBRECTIONES.

488 3093 532 3128 ⁸⁷
562 3093 705 3155 Θεῖος
739 3091 1130 3170 ᾧαγγελιστής
1161 3095 1340 3151 Ἰωάν.
