4106 6376
287 339 402 395 577

1417 345 1824 414 chomUM,
1862 345 1965 398 sx
2002 345 2292 400 manans
2328 344 2626 399 GBECIS.

3601 348 3709 404 578

773 634 2324 840 SCRIPTORES
2485 638 3230 844 VARII.

1696 967 2312 1132 VIT/E

306 1258 1050 1413 SANCTI
1191 1259 2120 1413 DIONYSII
2261 1263 3709 1421 AREOPAGITXE.

1749 1500 2284 1531 ———.———_

841 1642 1373 1816 ΒΙΟΣ
1463 1644 1868 1814 ΚΑΙ
1954 1647 3179 1822 ΕΓΚΩΜΙΟΝ

477 1939 768 2038 ΤΟΥ
846 1939 1304 2036 ΑΓΙΟΥ
1439 1941 2282 2040 ΔΙΟΝΥΣΙΟΥ
2403 1944 3558 2045 ΑΡΕΙΟΠΑΓΙΤΟΥ

951 2137 1047 2194 Ἐκ
1076 2141 1181 2192 τῶν
1215 2139 1478 2208 Μηναίων
1510 2144 1609 2209 τῆς
1641 2137 1693 2194 ἐν
1729 2136 1958 2196 Ἑλλάδι
1987 2139 2340 2213 Ἐκκλησίας,
2375 2142 2548 2216 μηνὸς
2580 2137 2920 2216 Ὀκτωϐρίου
2949 2146 3019 2217 τῇ
3050 2143 3117 2217 γ’.

961 2447 1458 2601 VITA
1583 2449 1840 2600 ET
1961 2448 3073 2608 ENGOMIUM

683 2715 1270 2812 SANCTI
1375 2716 2130 2814 DIONYSII
2238 2721 3360 2819 AREOPAGITIE

1347 2907 1454 2968 Ea:
1499 2908 1738 2969 Menaeis
1779 2908 2023 2984 Graecis,
2071 2913 2282 2972 mensis
2323 2912 2447 2974 Oct.
2495 2912 2594 2974 die
2623 2915 2680 2974 3.

887 3065 1236 3145 Interprete
1262 3028 1451 3129 Petro
1483 3067 1829 3141 Lansselio,
1864 3069 2349 3150 Gravelingano,
2382 3073 2526 3134 Soc.
2557 3074 2705 3136 Jesu
2739 3073 3127 3153 presbytero.

369 3390 674 3470 Ἀγκίστρῳ
704 3397 803 3462 τῆς
862 3392 1091 3469 χάριτος
1144 3396 1328 3471 σοφῶς
1385 3395 1413 3449 ὁ
1465 3393 1683 3456 Παῦλος
1716 3395 1745 3450 ὁ
1776 3390 1954 3459 ἔνθεος

2139 3402 2491 3460 888-385
2554 3404 2758 3460 Divino
2816 3407 3117 3476 correptus
3175 3403 3424 3458 numine
3486 3400 3722 3470 Paulus,

293 3479 709 3555 δημηγορήσας
743 3481 1047 3556 ἐζώγρησεν
1107 3480 1488 3558 ἱεροφάντορα,
1536 3483 1627 3537 καὶ
1657 3480 1762 3536 τῶν
1792 3483 1960 3560 ἀποβ-

303 3571 490 3648 ρήτων
553 3569 756 3644 θεωρὸν
808 3568 1113 3644 εἰργάσατο,
1191 3570 1248 3624 σὲ
1310 3573 1498 3633 σκεῦος
1557 3569 1790 3646 ἐκλογῆς
1848 3583 1965 3636 θεα-

295 3662 558 3734 σάμενος,
594 3661 712 3733 μεθ’
737 3658 799 3714 οὗ
817 3657 1188 3731 δυσώπησον⁶,
1222 3660 1531 3737 Θεοῤῥῆμον
1567 3661 1966 3733 Διονύσιε,τοί›ς

299 3751 464 3823 πόθῳ
497 3749 801 3822 ὑμνοῦντας
827 3769 904 3805 σε.
1550 3770 1554 3774 ’

376 3925 660 4004 ’Δγγὲλοις
711 3926 982 4000 ὁμότιμον
1031 3925 1123 3982 τὸν
1169 3931 1320 4000 νοῦν,
1369 3929 1537 4000 πάτερ
1597 3928 1862 4001 Διονύσιε,
1898 3926 1969 3984 δι’

299 4017 504 4092 ἀρετῆς
541 4013 940 4092 ἐργασάμενος,
991 4017 1090 4086 τὴν
1143 4015 1509 4092 ὑπερκόσμιον
1554 4023 1656 4086 τῆς
1688 4017 1969 4093 ἱεραρχίας

300 4104 571 4175 εὐταξίαν,
629 4103 890 4180 πάνσοφε,
956 4106 1058 4173 τήν
1132 4103 1341 4159 τούτων
1392 4107 1553 4180 ἱερῶς
1610 4105 1970 4180 ἀνιστορήσας

297 4196 427 4250 καθ’
455 4193 524 4262 ἢν
573 4191 903 4270 ἐῤῥύθμισας
953 4192 1278 4264 Ἐκκλησίας
1327 4195 1394 4250 τὰ
1443 4197 1783 4268 συστήματα,
1817 4195 1973 4272 ούρα-

297 4283 432 4340 νίων
460 4283 555 4345 τὰς
585 4282 763 4353 τάξεις
801 4281 1166 4356 μιμούμενος.
1591 4298 1599 4305 ·

380 4373 935 4453 Ἐμφιλοσοφώτατα,
991 4378 1128 4446 Θεῷ,
1197 4375 1374 4450 μάκαρ
1430 4376 1696 4449 Διονύσιε,
1746 4377 1775 4432 ὃ
1816 4373 1973 4432 δυνα-

303 4465 402 4520 τὸν
433 4461 826 4536 ὁμοιούμενος,
883 4467 991 4518 τῶν
1050 4463 1332 4536 ὀνομάτων
1392 4469 1488 4518 σοῦ
1547 4470 1824 4537 μυστικῶς
1865 4471 1974 4522 τῶν

308 4552 470 4620 θείων
504 4548 738 4616 εύσεϐὦς
781 4551 1104 4624 ἑξήπλωσας
1148 4555 1249 4623 τήν
1295 4551 1504 4623 ἔνθεον,
1546 4554 1798 4634 θεόφρον,
1843 4557 1977 4611 ἀνά-

309 4642 527 4713 πτυξιν,
577 4640 764 4696 ἒνώσει
823 4640 1092 4715 κρείττονι
1158 4642 1388 4714 μυηθεὶς
1441 4645 1510 4698 τὰ
1562 4643 1694 4720 ὑπὲρ
1746 4638 1974 4714 ἔννοιαν,

309 4733 404 4788 καὶ
442 4732 656 4804 μυήσας
685 4733 785 4784 τοῦ
811 4729 1024 4802 κόσμου
1051 4729 1118 4784 τὰ
1145 4731 1370 4805 πέρατα.

487 4915 742 4994 Ἀνδρέου
771 4915 1235 4990 Ἱεροσολυμίτου,
1268 4919 1322 4972 οἱ
1355 4923 1376 4945 "
1408 4915 1466 4974 δὲ
1497 4919 1814 4988 Βυζαντίου.

384 5019 501 5088 Τῆς
563 5015 818 5090 οὐρανίου
874 5015 1126 5091 γνώσεως
1182 5017 1494 5091 ἀθεώρητον
1557 5018 1714 5093 βυθόν
1771 5039 1829 5072 σε
1883 5040 1979 5074 κα-

311 5105 590 5179 λέσωμεν,
647 5103 1003 5179 λαμπρότατε
1058 5105 1264 5182 μάρτυς
1319 5111 1417 5162 τοῦ
1476 5108 1733 5183 Χριστοῦ,
1777 5108 1851 5169 ὡς
1888 5108 1980 5163 καὶ

312 5192 555 5266 ὁπλίτην
611 5196 703 5248 καὶ
761 5191 986 5270 στιῤῥὸν
1074 5194 1401 5272 ὑπερμαχον
1476 5200 1577 5261 τῆς
1624 5194 1979 5265 Ἐκκλησίας.

315 5286 701 5360 Ἀνυμνοῦμέν
736 5307 814 5354 σε,
848 5284 981 5363 σοφὲ
1013 5304 1025 5317 ·
1060 5287 1189 5362 πυρὶ
1220 5289 1319 5362 γὰρ
1347 5287 1684 5366 ἐλλαμφθεὶς
1711 5291 1791 5360 τῷ
1819 5289 1983 5363 ἁγνο-

318 5377 472 5449 τάτῳ
500 5375 746 5446 ἠξιώθη(
779 5376 890 5447 ἅμα
919 5379 1036 5436 ταῖς
1081 5372 1192 5430 ἄνω
1223 5376 1661 5453 στρατολογίαις,
1692 5377 1756 5432 τὸ
1787 5398 1984 5456 φωτει-

325 5466 420 5521 νὸν
477 5460 836 5541 περιϐόλαιον
892 5461 1210 5530 ἐνδύσασθαι
1263 5469 1516 5543 Χριστὸν,
1568 5469 1658 5522 καὶ
1707 5466 1987 5542 λαμπρυν-

331 5555 446 5620 θεὶς
502 5558 572 5630 τῇ
629 5551 798 5630 αἴγλῃ
877 5557 977 5608 τοῦ
1048 5554 1358 5629 πνεύματος
1431 5557 1554 5612 τὸνν
1596 5560 1748 5627 νοῦν,
1800 5555 1987 5612 Διονύ-

334 5666 440 5703 σιε.
475 5645 568 5702 Διὸ
617 5647 712 5700 σοῦ
762 5643 862 5714 τήν
919 5643 1258 5720 παγχόσμιον
1320 5647 1547 5722 μνήμην
1586 5644 1986 5723 πανηγυρίζον-

2073 3491 2353 3548 concione
2376 3494 2446 3547 ad
2471 3493 2754 3564 papulum
2780 3493 2998 3558 habita,
3019 3509 3321 3548 sacrorum
3346 3490 3726 3563 interpretem

2073 3581 2273 3652 gratia;
2305 3581 2477 3636 hamo
2507 3581 2636 3637 vitaz
2667 3582 2966 3654 sapienter
2997 3581 3178 3651 dedit,
3215 3579 3728 3650 ineﬂ‘abiliumque

2075 3671 2599 3742 contemplatorem
2630 3672 2839 3738 effecit,
2872 3671 3014 3726 dum
3047 3675 3104 3726 te
3127 3687 3228 3726 vas
3260 3667 3565 3726 electionis
3590 3683 3728 3722 con-

2077 3760 2291 3830 spexit,
2320 3777 2456 3815 cum
2488 3777 2625 3832 quo,
2658 3759 3021 3831 diviniloque
3051 3758 3314 3832 Dionysi,
3347 3774 3450 3831 pro
3482 3757 3730 3812 landum

2077 3853 2312 3904 tuarum
2344 3849 2577 3922 cupidis
2609 3850 2794 3905 Deum
2825 3865 3018 3904 exora.

2151 3939 2402 3994 Mentem
2452 3938 2675 4010 angelis
2727 3938 2945 3994 honore
2997 3955 3221 4012 parem,
3259 3937 3426 3992 Pater
3472 3932 3738 4006 Dionysi,

2079 4027 2294 4083 virtute
2325 4027 2671 4100 praestitisti,
2708 4029 2927 4083 mundo
2959 4028 3323 4100 superiorem
3375 4025 3583 4079 horum
3619 4022 3741 4076 hie-

2081 4116 2324 4172 rarchiaa
2373 4117 2596 4172 bonum
2648 4117 2915 4174 ordinem
2966 4121 3167 4173 sancte
3212 4112 3534 4186 indagasti,
3565 4111 3737 4182 cujus

2083 4223 2292 4261 norma
2321 4211 2506 4262 coetus
2536 4206 2805 4263 Ecclesiae
2839 4205 3248 4278 composuisti,
3282 4200 3609 4258 caelestium
3641 4215 3741 4255 or-

2087 4295 2253 4350 dines
2285 4295 2573 4351 imitatus.

2158 4384 2411 4440 Maxima
2458 4401 2592 4441 cum
2644 4384 2955 4456 sapientia,
2979 4385 3146 4439 beate
3181 4380 3443 4452 Dionysi,
3469 4377 3570 4450 qui
3606 4378 3746 4447 Deo,

2087 4479 2373 4542 quantum
2422 4473 2578 4538 licet,
2611 4489 2674 4528 es
2706 4472 2941 4539 similis,
2964 4477 3130 4527 tuam
3164 4470 3495 4524 divinorum
3548 4465 3744 4521 nomi-

2089 4578 2227 4616 num
2263 4561 2379 4617 Deo
2412 4561 2645 4633 plenam
2686 4561 3112 4632 expositionem
3147 4573 3357 4612 arcano
3396 4571 3570 4610 sensu
3605 4552 3744 4608 reli-

2089 4651 2274 4722 giose,
2305 4656 2368 4705 tu
2401 4651 2501 4721 qui
2533 4651 2733 4706 divina
2776 4649 2958 4722 sapis,
2991 4645 3347 4719 explicuisti,
3381 4642 3748 4700 excellentis-

2009 4776 2058 4842 B
2091 4739 2242 4795 sima
2273 4739 2536 4795 unitione
2568 4755 2696 4811 quae
2733 4743 2989 4794 mentem
3019 4736 3264 4791 vincunt
3293 4734 3540 4789 edoctus
3572 4747 3749 4786 mun-

2089 4829 2264 4901 dique
2295 4829 2573 4884 erudiens
2607 4829 2776 4884 ﬁnes.

2315 4926 2546 4982 Andrew
2577 4926 3070 4998 Hierosolymitani
3096 4931 3194 4979 aut
3232 4917 3515 4992 Byzantii.

2163 5025 2520 5082 Invisibilem
2555 5024 2761 5079 divinae
2793 5023 3148 5095 cognitionis
3180 5014 3636 5091 profunditatem
3670 5019 3746 5079 te,

2091 5112 2493 5169 illustrissime
2542 5112 2757 5169 Christi
2811 5115 3053 5184 martyr,
3096 5105 3553 5181 appellabimus,
3593 5102 3752 5158 sicut

2093 5203 2269 5259 etiam
2294 5203 2485 5272 gravis
2501 5210 2815 5257 armaturas
2834 5200 3103 5268 militem,
3119 5214 3186 5254 ac
3202 5195 3458 5251 validum
3479 5191 3748 5247 Ecclesia

2096 5295 2609 5364 propugnatorem.
2633 5291 2732 5355 'l‘e,
2755 5307 2786 5346 ο
2811 5290 3070 5362 sapiens,
3095 5284 3486 5360 pradicamus
3517 5297 3532 5337 :
3558 5281 3752 5354 puris-

2097 5385 2246 5438 simo
2285 5381 2441 5436 enim
2475 5379 2846 5436 illuminatus
2892 5379 3048 5450 igne,
3092 5375 3464 5446 fulgoresque
3504 5369 3752 5443 spiritus

2099 5475 2316 5536 mente,
2333 5469 2590 5542 Dionysi,
2616 5468 3020 5539 resplendens,
3036 5467 3254 5538 dignus
3274 5480 3336 5520 es
3357 5461 3596 5517 habitus
3617 5473 3752 5514 cum

2098 5559 2432 5615 cmlestibus
2449 5558 2804 5614 exercitibus
2827 5555 3192 5629 splendidam
3216 5556 3436 5609 vestem
3451 5547 3751 5607 Christum

2100 5648 2502 5720 induere,ideo
2519 5646 2962 5705 ornatissimam
2985 5646 3070 5702 tui
3093 5642 3437 5702 memoriam
3455 5637 3749 5696 celebran-
