4106 6386
394 359 504 415 579

1625 358 1687 409 s.
1728 355 2042 409 momen
2081 351 2583 410 ABEOPAGITE.
2718 309 2721 312 ’
3687 365 3782 420 580

397 485 627 550 tes,fide
649 481 1090 552 laudamus,qui
1105 484 1160 536 te
1173 480 1494 552 gloriosum
1507 478 1693 535 voluit
1706 477 2043 534 Dominum.

2195 497 2245 537 ες
2301 478 2508 538 πιστῶς
2592 473 2885 548 δοξάζομεν
2963 478 3056 532 τὸν
3131 473 3421 548 δοξάζοντά
3475 501 3532 536 σε
3586 484 3782 560 Κύριον,

402 575 554 630 336
580 573 760 627 Canon
785 573 966 626 sancti
985 573 1144 643 cujus
1165 569 1489 626 acrostichi:
1509 588 1562 623 :a
1587 569 1815 623 Mentem
1845 567 2048 623 honoro

611 662 951 733 sapientium
981 659 1390 724 doctrinarum,
1415 681 1438 710 ι
1477 657 1835 728 Theophanis.

469 756 514 803 A
547 750 743 803 divino
770 747 946 804 Paulo
974 748 1297 803 caelestium
1330 745 1789 818 contemplatore
1822 744 2052 800 institu-

397 844 515 906 tus,
563 838 825 910 Dionysi,
881 853 1014 892 mox
1070 836 1323 892 ccelestis
1382 835 1663 906 magister
1711 839 1767 890 et
1813 835 2048 890 divinus

397 929 776 984 concionator
805 926 1066 981 evasisti.

471 1016 679 1071 Divina
705 1014 1034 1070 illustratus
1055 1013 1265 1085 gratia,
1288 1012 1545 1077 illustra,
1567 1030 1598 1068 o
1630 1013 1820 1080 beate,
1845 1028 2047 1068 eorum

397 1107 498 1178 qui
529 1109 585 1160 te
615 1104 856 1159 laudant
899 1103 1151 1172 animas,
1186 1106 1251 1158 ut
1278 1108 1413 1158 tuas
1446 1103 1562 1158 Deo
1613 1103 1844 1158 atﬂatas
1873 1100 2050 1156 intel-

399 1193 590 1266 ligant
619 1192 935 1258 doctrinas,
973 1191 1235 1263 Dionysi.

475 1282 686 1337 Mentis
709 1285 884 1351 atque
907 1279 1119 1336 animus
1150 1280 1397 1352 puritate
1418 1278 1745 1335 ccelestium
1777 1279 2048 1334 ordinum

397 1370 656 1443 fulgores
689 1369 993 1424 addiscere
1040 1367 1339 1431 meruisti,
1370 1383 1693 1440 eorumque
1723 1366 1915 1423 videre
1947 1382 2051 1438 per

395 1459 604 1516 choros
638 1458 1082 1530 dispositiones,
1119 1457 1379 1529 Dionysi.

1087 1546 1165 1600 Ad
1197 1548 1259 1602 Β.
1301 1547 1354 1599 ν.

465 1637 700 1694 Lucifer
742 1634 1041 1691 thalamus
1081 1633 1511 1690 incarnationis
1541 1633 1806 1688 omnium
1838 1632 2048 1688 Condi-

395 1727 540 1783 toris
570 1743 674 1796 pro
708 1724 877 1780 nobis
920 1725 1101 1789 factae,
1128 1723 1396 1793 judicata
1425 1739 1516 1790 es;
1549 1738 1618 1777 ex
1651 1727 1706 1777 te
1736 1722 1917 1787 enim,
1953 1720 2049 1775 Dei

396 1815 651 1889 genitrix
681 1819 942 1868 nostram
977 1811 1174 1866 induit
1205 1826 1462 1866 carnem.

466 1910 656 1975 Supra
686 1901 951 1958 ccelestes
981 1899 1241 1955 elevatus
1267 1899 1543 1966 fornices,
1569 1902 1790 1964 sancte,
1833 1899 2054 1954 mundo

395 1992 768 2065 superiorum
802 1989 1039 2045 ordines
1071 1993 1129 2044 et
1160 1989 1450 2042 exercitus
1472 1991 1527 2042 et
1548 1986 1914 2059 splendores,
1937 2003 2057 2041 om-

393 2082 559 2137 nium
597 2077 843 2135 sublimi
894 2094 1167 2132 sermone
1219 2076 1799 2148 sapientissimisque
1828 2074 2056 2147 exposi-

392 2170 658 2226 tionibus
690 2165 1103 2222 manifestasti.

469 2257 610 2312 Altae
667 2257 988 2310 immersus
1042 2252 1541 2325 contemplationi,
1593 2252 1865 2324 gloriose,
1911 2252 2056 2308 divi-

404 2362 618 2402 norum
672 2345 978 2408 nominum
1031 2341 1478 2414 explicationem
1511 2342 1706 2396 divine
1739 2340 2056 2413 protulisti,

405 2435 714 2492 Trinitatis
766 2433 1076 2505 theologus
1136 2431 1377 2486 effectus
1422 2431 1526 2486 Dei
1575 2430 1786 2503 gratia,
1837 2430 1899 2485 in
1943 2429 2059 2485 Deo

409 2523 770 2580 beatissime.

479 2614 692 2667 Amore
748 2610 944 2665 divino
1001 2613 1273 2664 mortuus
1332 2607 1738 2681 praesentibus,
1790 2607 2059 2680 philoso-

409 2699 677 2773 phiaeque
728 2699 992 2753 intentus
1022 2697 1240 2766 studio,
1275 2697 1638 2753 vivificarum
1686 2713 1866 2768 supra
1898 2713 2058 2752 men-

406 2793 526 2844 tem
559 2787 882 2860 gratiarum
913 2786 1212 2841 Deit'erum
1255 2787 1440 2854 fuisti,
1475 2786 1662 2855 Pater,
1697 2785 2060 2841 instrumen-

405 2879 556 2932 tum.

1101 2962 1180 3018 Ad
1207 2964 1272 3017 B.
1310 2964 1366 3020 ν.

476 3053 653 3126 Virgo
685 3053 1050 3126 agricultura
1079 3055 1291 3107 cuncta
1338 3051 1608 3107 facientis
1659 3050 1904 3122 spiritus
1933 3064 2058 3105 om-

405 3143 571 3196 nium
604 3144 848 3197 Domino
881 3157 1096 3212 corpus
1130 3158 1230 3211 pro
1263 3140 1459 3195 fructu
1498 3138 1818 3210 protulisti,
1851 3137 1911 3192 in
1944 3155 2058 3209 quo

2232 566 2293 621 Ὀ
2323 565 2495 619 κανὼν
2531 569 2628 620 τοῦ
2677 564 2851 640 ἁγίου,
2905 566 2966 619 οὐ
3006 568 3040 634 ἠ
3093 567 3410 642 ἀκροστιχίς
3446 587 3458 600 ο
3495 594 3520 620 ‹‹
3551 572 3644 626 Τὸν
3674 580 3784 629 νοῦν

2229 653 2466 730 γεραίρω
2495 657 2601 707 τῶν
2630 658 2812 730 σοφῶν
2845 652 3218 729 διδαγμάτων,
3257 680 3283 705 ››
3308 659 3624 735 Θεοφάνους.

2231 746 2328 815 Τῷ
2356 742 2556 815 Παύλῳ
2584 747 2662 814 τῷ
2694 743 2822 815 θείῳ
2875 745 3230 816 μαθητευθεὶς
3257 750 3337 818 τῷ
3379 751 3484 801 τῶν
3514 749 3788 825 οὐρανίων,

2161 833 2426 900 Διονύσιε,
2483 833 2668 906 θεατῇ,
2745 831 2993 906 οὐράνιος
3072 833 3281 906 μύστης
3341 839 3638 912 παραυτίκα
3707 843 3788 897 καὶ

2161 920 2421 994 θεηγόρος
2451 919 2848 996 ἐχρημάτισας.

2229 1009 2290 1066 Ὁ
2323 1010 2510 1084 χάριτι
2567 1010 2685 1080 θείᾳ
2737 1012 3150 1084 καταυγασθεὶς,
3207 1011 3555 1087 καταύγασον,
3603 1015 3790 1092 μάκαρ,

2158 1103 2267 1154 τῶν
2304 1097 2618 1171 ὑμνούντων
2649 1119 2707 1152 σε
2761 1099 2858 1162 τὰς
2911 1100 3092 1175 ψυχὰς
3136 1100 3231 1162 τὰς
3291 1102 3386 1163 σὰς
3435 1103 3660 1158 συνιέναι
3682 1107 3790 1160 θεο-

2158 1187 2452 1249 πνεύστους
2487 1184 2856 1255 διδασκαλίας,
2890 1189 3152 1244 Διονύσιε.

2232 1277 2370 1339 Νοὸς
2399 1276 2727 1350 καθαρότητι
2775 1276 2865 1331 καὶ
2913 1280 3100 1352 ψυχῆς
3155 1281 3263 1332 τῶν
3323 1275 3648 1345 ἐπουρανίων
3689 1278 3793 1336 δια-

2158 1368 2382 1438 κόσμων
2409 1364 2507 1426 τὰς
2547 1365 2821 1440 ἀστραπὰς
2882 1371 3068 1438 μαθεῖν
3115 1367 3382 1438 ἠξιώθης,
3427 1367 3517 1422 καὶ
3561 1368 3652 1431 τὰς
3678 1372 3794 1424 τού-

2158 1477 2268 1510 των
2299 1454 2661 1531 χοροστασίας
2693 1453 2848 1524 ἰδεῖν,
2883 1455 3149 1514 Διονύσιε.

2896 1544 2997 1600 θόκ
3025 1545 3066 1601 ’⁷.

2231 1632 2473 1709 Νυμφῶν
2536 1631 2858 1706 φωτοφόρος
2940 1638 3039 1702 τῆς
3123 1633 3253 1708 ὑπὲρ
3313 1636 3438 1689 τοῦν
3491 1635 3794 1708 σαρκώσεως

2165 1719 2312 1792 ὤθης
2357 1725 2454 1775 τοῦ
2503 1725 2609 1774 τῶν
2659 1718 2804 1775 ὅλων
2867 1718 3206 1797 δημιουργοῦ
3239 1741 3254 1756 ο
3314 1722 3374 1777 ἐκ
3432 1726 3528 1777 σοῦ
3582 1723 3680 1799 γὰρ
3707 1725 3794 1792 τήν

2084 1845 2132 1910 Β
2163 1810 2352 1884 σάρκα,
2387 1816 2695 1883 Θεομῆτορ,
2725 1810 2826 1878 τὴν
2858 1809 3128 1885 ἡμετέραν
3159 1811 3498 1887 ἠμφιάσατο.

2236 1897 2514 1972 Οὐρανίων
2571 1895 2778 1972 ἀψίδων
2850 1899 3164 1974 ὑπεραρθεὶς
3233 1898 3368 1968 ὅσιε,
3428 1903 3535 1955 τῶν
3594 1901 3802 1976 ὑπερκοο

2165 1989 2342 2061 σμίων
2372 1989 2465 2049 τὰς
2494 1987 2670 2058 τάξεις
2725 1988 2813 2042 καὶ
2864 1989 2931 2042 τὰ
2978 1987 3376 2061 σσρατεύματα,
3432 1989 3521 2043 καὶ
3545 1990 3638 2050 τὰς
3669 1990 3799 2062 λαμ-

2163 2078 2440 2151 πρότητας
2476 2076 2804 2150 ὑψηγορίαις
2853 2079 2959 2130 τῶν
3011 2074 3189 2154 λόγων
3236 2078 3326 2131 καὶ
3356 2079 3655 2156 πανσόφοις
3681 2077 3802 2155 φρά-

2166 2185 2285 2218 σεσε
2313 2170 2442 2218 πᾶσι
2485 2162 2808 2238 ἐτράνωσας.

2237 2252 2486 2327 ’Υψηλῆς
2543 2253 2770 2328 θεωρίας
2844 2252 3200 2332 ἐμφορηθεὶς,
3277 2249 3482 2327 ἔνδοξε,
3565 2255 3660 2325 τήν
3712 2260 3807 2311 τῶν

2169 2342 2452 2414 ὀνομάτων
2501 2346 2609 2396 τῶν
2669 2341 2823 2396 θείων
2881 2342 3169 2416 ἀνάπτυξιν
3229 2343 3620 2420 ἐθεολόγησας,
3673 2365 3809 2419 τρια-

2169 2429 2318 2493 δικὸς
2347 2428 2608 2506 θεολόγος
2637 2429 2872 2507 γεγονὼς
2901 2435 2971 2505 τῇ
2997 2431 3207 2508 χάριτι,
3239 2432 3655 2508 θεομακάριστε.

2238 2607 2547 2685 Νεκρωθεὶς
2591 2612 2710 2671 τοῖς
2753 2613 2987 2685 παροῦσι
3038 2613 3117 2680 τῷ
3169 2609 3305 2685 πρὸς
3354 2612 3492 2666 Θεὸν
3525 2609 3701 2686 ἔρωτι,
3727 2611 3807 2666 καὶ

2167 2697 2467 2776 φιλοσοφία
2519 2697 2788 2760 συντόνως
2829 2696 3321 2773 ἐγγυμνασάμενος,
3389 2703 3496 2755 τῶν
3559 2700 3684 2774 ὑπὲρ
3736 2695 3809 2755 ἕν-

2165 2807 2316 2841 νοιαν
2352 2791 2640 2855 ζωοποιῶν
2700 2787 3058 2862 χαρισμάτων
3114 2787 3384 2864 θεοφόρον
3441 2783 3683 2866 ὄργανον,
3715 2789 3808 2844 Πά-

2165 2896 2277 2949 τερ,
2309 2876 2619 2951 γεγίνησαι.

2921 2965 3041 3021 θόκ.

2237 3053 2486 3128 Γεωργία
2535 3053 2772 3128 Παρθένε
2814 3056 2912 3106 τοῦ
2951 3055 3295 3128 παντουργοῦ
3335 3052 3681 3128 Ηνεύματος,
3719 3057 3812 3109 σῶ-

2173 3163 2248 3215 μα
2301 3146 2381 3212 τῷ
2428 3143 2672 3216 Δεσπότῃ
2728 3145 2835 3196 τῶν
2923 3140 3068 3196 ὅλων
3139 3141 3616 3222 ἐκαρποφόρησας,
3672 3143 3718 3197 ἐν
3768 3144 3806 3214 ᾧ

403 3231 608 3286 mundi
635 3235 937 3300 peccatum
963 3228 1394 3297 condemnavit,
1416 3227 1716 3299 vitamque
1737 3243 2052 3299 perennem

2189 3211 2440 3305 ιατὲκρινε
2467 3232 2566 3300 τὴν
2628 3211 2894 3305 άμαρτίαν
2941 3231 3034 3284 τοῦ
3099 3211 3337 3304 κόσμου,
3361 3211 3462 3288 ’καὶ
3486 3211 3654 3304 ’ζωῆν
3685 3211 3802 3303 ὶπήλ

400 3320 589 3376 instar
619 3319 799 3375 fontis
831 3319 1050 3374 emisit.

471 3410 696 3464 Bonum
744 3409 1140 3463 Ecclesiarum
1190 3407 1456 3461 ordinem
1507 3405 1928 3478 composuisti;
1991 3407 2051 3461 in

397 3498 544 3568 ipsis
593 3496 773 3562 enim,
813 3497 1004 3565 Pater,
1038 3495 1346 3550 formando
1396 3495 1710 3565 depinxisti
1761 3494 2052 3566 imagines

398 3601 577 3640 sacrae
610 3584 864 3639 ﬁctionis
893 3585 1176 3639 virtutum
1214 3585 1418 3638 formas
1446 3584 1771 3654 expertium
1804 3582 2051 3651 similes,

397 3689 502 3745 per
523 3690 670 3744 quas
695 3672 1028 3728 instituitur
1048 3689 1114 3727 ac
1137 3671 1471 3728 illustratur
1491 3671 1765 3728 universa
1789 3671 2050 3727 ﬁdelium

398 3761 671 3833 religiosa
702 3777 807 3817 oon
817 3760 1098 3832 gregatio.

469 3853 602 3906 Tuis
635 3850 854 3906 ﬂuenta
884 3849 1213 3922 theologia,
1249 3866 1284 3905 a
1314 3850 1428 3906 Deo
1459 3853 1747 3921 correpte,
1768 3852 1936 3919 prata
1965 3863 2054 3902 ra-

397 3938 642 3995 tionalia
671 3944 727 3994 et
759 3955 992 4010 semper
1019 3939 1268 3994 virentia
1297 3943 1473 4010 atque
1506 3938 1561 3992 in
1589 3937 1725 3992 ﬁdei
1757 3933 2055 3990 rectitudi-

397 4045 471 4083 ne
498 4029 728 4084 consita
753 4029 922 4083 valde
961 4027 1241 4099 irrigant;
1275 4029 1562 4082 unitatem
1594 4026 1750 4080 enim
1784 4025 2051 4079 essentias

397 4117 457 4172 in
491 4133 879 4189 personarum
912 4117 1196 4173 Trinitate
1225 4117 1619 4173 venerandam
1648 4112 2048 4169 monarchiam

397 4207 752 4278 praedicasti.

471 4295 800 4350 Vehemens
830 4294 1171 4350 hierarchiee
1202 4293 1456 4351 caelestis
1485 4292 1844 4348 desiderium
1877 4295 2052 4361 atque

399 4400 536 4454 erga
569 4389 750 4439 Deum
783 4401 1066 4454 amorem,
1098 4389 1156 4439 et
1197 4384 1430 4439 ﬁrmam
1461 4399 1598 4452 erga
1629 4380 1884 4436 divinam
1918 4397 2052 4436 nec-

400 4490 518 4528 non
534 4473 1190 4544 incomprebensibilem
1210 4473 1582 4529 altitudinem
1605 4471 2051 4542 propensionem

2159 3341 2289 3396 γασε
2316 3322 2415 3389 τήν
2450 3319 2829 3389 αἷωνίζουσαν.

2235 3407 2576 3478 Ἐκκλησιῶν
2607 3409 2708 3476 τὴν
2765 3405 3062 3480 εὐκοσμίαν
3111 3406 3449 3484 ἐῤῥύθμισας
3485 3430 3498 3444 ·
3549 3407 3598 3466 ἐν
3631 3409 3800 3471 αὐταῖς

2159 3497 2282 3572 γὰρ,
2346 3495 2540 3572 Πάτερ,
2601 3495 2994 3574 ἑζωγράφησας
3057 3503 3426 3574 μορφωτικῶς
3477 3500 3679 3563 τύπους
3720 3498 3803 3570 ἐμ-

2162 3590 2339 3660 φερεῖς
2391 3585 2778 3658 ἱεροπΛαστίας
2833 3590 2941 3639 τῶν
2993 3585 3342 3664 ἀμορφώτων
3401 3585 3700 3662 δυνάμεων,
3739 3585 3799 3641 δι’

2161 3673 2238 3725 ὧν
2269 3672 2512 3748 θεόφρων
2545 3674 2841 3750 ὁμήγυρις.

2231 3853 2446 3928 Ῥειθρα
2473 3858 2572 3921 τῆς
2597 3858 2695 3921 σῆς
2743 3852 3049 3928 θεολογίας,
3102 3850 3398 3929 θεόληπτε,
3446 3855 3574 3919 τοὺς
3609 3853 3802 3928 λειμῶ-

2161 3960 2253 4002 νας
2283 3937 2409 4016 ἄγαν
2467 3937 2855 4012 καταρδεύουσι
2910 3941 3041 4004 τοὺς
3096 3941 3359 4018 λογικοὺς
3415 3945 3507 4000 καὶ
3551 3942 3799 4003 ἀειθαλεῖς

2159 4030 2249 4084 καὶ
2280 4029 2714 4107 πεφυτευμένους
2771 4029 2858 4084 ἐπὶ
2911 4027 3202 4106 δογμάτων
3254 4033 3568 4108 ὀρθότητι·
3615 4029 3803 4107 μονάδα

2161 4119 2263 4194 γὰρ
2298 4119 2477 4181 οὐσίας
2509 4117 2559 4173 ἐν
2591 4114 2779 4195 Τριάδι
2811 4120 3122 4194 προσώπων
3153 4122 3253 4190 τήν
3287 4125 3494 4195 σεπτήν
3527 4120 3805 4198 μοναρχίαν

2162 4208 2445 4282 ἐκήρυξας.

2235 4296 2561 4372 Ἀγγελικῆς
2595 4296 2879 4374 ἱεραρχίας
2901 4299 2995 4353 τὸν
3028 4297 3306 4370 σύντονον,
3341 4300 3601 4375 ἱεράρχα,
3633 4301 3804 4366 πόθον,

2160 4386 2250 4440 καὶ
2279 4386 2372 4440 τὸν
2401 4385 2574 4462 ἔρωτα
2605 4387 2739 4460 πρὸς
2793 4388 2888 4442 τὸν
2941 4389 3094 4457 Θεὸν,
3144 4389 3233 4443 καὶ
3279 4389 3383 4457 τὴν
3428 4389 3621 4458 ἀκλινῆ
3653 4391 3804 4442 νεῦσιν

2161 4476 2299 4551 πρὸς
2345 4477 2407 4530 τὸ
2465 4476 2599 4551 ὕψος
2651 4477 2711 4531 τὸ
2771 4482 2912 4540 θεῖον
2971 4477 3062 4531 καὶ
3133 4475 3524 4548 ἀκατάληπτον
3583 4474 3805 4545 ἐδίδαξας

399 4566 721 4636 prudenter
750 4563 1000 4620 docuisti
1051 4581 1150 4620 eos
1183 4564 1283 4635 qui
1315 4564 1373 4618 in
1404 4563 1520 4618 ﬁde
1561 4563 1835 4630 clamant,
1869 4561 2052 4633 gloria

2197 4565 2454 4642 μφρόνως
2481 4564 2610 4627 τοὺς
2672 4565 2724 4619 ἐν
2775 4564 2955 4621 πίστει
3012 4567 3277 4642 βοῶντας,
3331 4571 3403 4642 τῇ
3466 4564 3686 4640 δυνάμει
3725 4584 3806 4619 σου

399 4653 676 4724 potestati
709 4657 845 4723 tuae,
879 4669 911 4708 ο
944 4669 1153 4708 amans
1187 4653 1518 4707 hominum.

1012 4742 1161 4797 837
1196 4740 1275 4796 Ad
1307 4743 1369 4796 Β.
1405 4740 1460 4797 ν.

470 4834 642 4887 Sacer
687 4830 897 4887 salutis
929 4835 1200 4901 operator
1235 4831 1347 4884 fuit
1379 4829 1560 4883 Filius
1606 4832 1746 4884 tuus
1777 4829 2053 4885 omnibus

401 4924 460 4974 te
491 4919 876 4976 laudantibus
931 4923 987 4974 et
1025 4918 1127 4973 viae
1157 4922 1210 4974 et
1243 4918 1394 4972 lucis
1448 4917 1658 4972 ductor
1705 4920 1760 4972 et
1801 4917 2048 4987 justitia,

399 5007 598 5078 Virgo,
633 5013 690 5063 et
736 5007 1062 5078 redemptio
1097 5025 1108 5061 :
1143 5011 1448 5077 propterea
1479 5009 1533 5060 te
1575 5005 1900 5077 Deiparam,
1924 5022 2054 5062 vere

403 5113 470 5152 ac
502 5097 736 5168 proprie
769 5096 1130 5150 unanimiter
1159 5095 1566 5167 praedicamus.

474 5271 664 5326 Sonus
694 5268 1007 5324 verborum
1039 5272 1300 5335 tuorum,
1321 5272 1603 5342 tanquam
1628 5270 1881 5327 cmlestis
1903 5289 2055 5343 quae-

401 5359 538 5415 dam
570 5375 680 5414 vox
701 5357 932 5412 delatus
955 5363 1182 5415 mentes
1205 5359 1306 5415 Dei
1337 5364 1603 5432 expertes
1627 5361 1907 5417 attonitas
1929 5361 2051 5417 red-

398 5447 550 5502 didit
593 5445 790 5516 gratiw
840 5461 1132 5517 sermone,
1164 5466 1232 5503 ac
1281 5449 1610 5504 divinarum
1664 5448 2053 5508 lucidissimis

400 5534 798 5591 doctrinarum
832 5535 1013 5593 radiis
1043 5538 1220 5593 corda
1251 5537 1512 5594 ﬁdelium
1545 5536 1922 5594 illuminavit.

2166 4653 2316 4726 δόξα,
2351 4652 2718 4730 φιλάνθρωπε.

2931 4751 3050 4809 θόκ.

2233 4832 2532 4908 ’ίερουργὸς
2563 4838 2666 4902 τῆς
2721 4833 2993 4909 σωτηρίας
3044 4832 3254 4908 ἐγένετο
3311 4835 3340 4888 ὁ
3401 4833 3528 4896 Υἱός
3570 4853 3662 4888 σου
3691 4835 3803 4886 πᾶσι

2160 4925 2278 4982 τοῖς
2331 4918 2560 4994 ὑμνοῦσί
2619 4941 2675 4975 σε
2730 4922 2817 4975 καὶ
2900 4919 3142 4996 ποδηγὸς
3197 4921 3288 4977 καὶ
3346 4921 3681 5000 φωταγωγὸς
3728 4915 3804 4972 καὶ

2164 5007 2502 5080 δικαιοσύνη.
2553 5010 2810 5085 Ιίαρθινε,
2859 5010 2950 5066 καὶ
3007 5009 3392 5086 ἀπολύτρωσις
3427 5031 3440 5046 ο
3495 5009 3580 5066 διὸ
3611 5008 3666 5064 δὲ
3689 5014 3804 5063 Θεο-

2160 5100 2321 5154 τόκον
2356 5097 2580 5170 ἀληθῶς
2607 5099 2697 5154 καὶ
2742 5100 2945 5174 κυρίως
2995 5101 3047 5155 οἱ
3096 5099 3279 5155 πιστοὶ
3311 5098 3642 5178 ἀμοφρόνως
3667 5094 3808 5166 δοξά-

2166 5193 2224 5256 ζο
2234 5209 2350 5260 μεν.

2235 5274 2525 5348 Ῥημάτων
2573 5297 2669 5331 σου
2727 5278 2754 5332 ὁ
2846 5277 3104 5355 φθόγγος,
3193 5272 3377 5351 ὥσπερ
3444 5297 3528 5339 τις
3578 5274 3810 5350 οὐράνιος

2161 5365 2304 5438 ἦχος
2364 5367 2682 5440 φερόμενος.
2766 5365 2863 5428 τὰς
2922 5367 3113 5430 ἀθέους
3185 5368 3381 5444 φρένας
3439 5360 3808 5438 κατεϐρόντησε

2162 5451 2317 5527 λόγῳ
2347 5460 2447 5522 τῆς
2479 5455 2734 5530 χάριτος,
2765 5457 2856 5510 καὶ
2907 5453 3195 5528 δογμάτων
3244 5454 3402 5510 θείων
3440 5450 3806 5529 μαρμαρυγαῖς

2162 5546 2285 5604 ταῖς
2319 5545 2646 5620 φανοτάταις
2672 5547 2778 5600 τῶν
2832 5549 3039 5601 πιστῶν
3082 5545 3176 5608 τὰς
3206 5541 3432 5622 καρδίας
3463 5542 3804 5618 ἐλάμπρυνεν.

474 5660 499 5686 ⁸
531 5659 898 5719 Abbreviatio
933 5663 1092 5722 vocis
1123 5661 1393 5736 Θεοτόκῳ,
1423 5664 1484 5723 h.
1516 5680 1567 5722 ο.
1602 5665 1882 5739 Deiparse.
1913 5665 2076 5724 Enrr.
2107 5672 2279 5729 Pun.
