4106 6380
286 324 395 380 581

1395 328 1804 395 ENCOMIUM,
1845 331 1945 384 EX
1982 331 2273 385 MENEIB
2313 328 2617 386 GRJECIS.

3615 334 3725 389 582

367 444 684 517 Ὧμοιώθης
726 443 953 519 ἐμπόρῳ
997 449 1077 516 τῷ
1122 444 1248 508 τοὺς
1295 446 1627 522 μαργαρίτας
1679 451 1953 518 ζητοῦντι,

2142 449 2364 507 Similis
2420 451 2584 506 fuisti
2643 453 2948 508 mercatori
3009 454 3354 526 margaritas
3413 457 3721 527 quaerenti,

288 528 583 603 πανόλὸιε,
616 532 704 587 καὶ
756 533 926 608 εὑρὼν
971 535 1063 588 τὸν
1105 533 1200 588 ἕνα
1249 534 1590 610 μαργαρίτην
1641 535 1734 590 τὸν
1784 531 1956 600 ὅντως

287 620 634 694 πολύτιμον,
660 621 750 675 καὶ
782 621 1058 695 θαυμάσας
1081 622 1280 678 τούτου
1310 623 1406 687 τὰς
1439 625 1732 698 θεουργοὺς
1783 646 1957 701 φωτο-

287 705 512 775 6ολίας,
545 711 806 786 ἱεράρχα,
837 712 962 765 Θεὸν
989 709 1384 786 ὡμολόγησας.

361 800 472 867 Τὴν
531 799 715 871 πηγὴν
761 805 860 866 τῆς
919 798 1110 876 σοφίας
1158 797 1696 876 ἐμφιλοσοφώτατα.
1755 798 1953 872 Πάτερ,

287 887 612 961 ἠγάπησας,
655 885 744 940 καὶ
793 889 874 959 τῷ
916 885 1120 958 ταύτης
1171 886 1385 962 φίλτρῳ
1413 887 1502 942 καὶ
1534 889 1720 962 ἀγάπῃ
1755 909 1958 960 συμπε-

290 973 680 1052 ριφερόμενος,
728 972 1040 1036 πολλοστὸς
1089 974 1295 1050 ἐγένου,
1341 974 1430 1030 καὶ
1461 974 1747 1050 ποταμοὺς
1795 975 1952 1040 θείων

285 1064 550 1137 ναμάτωγ
585 1061 820 1126 ἀεννάως
847 1063 1135 1138 πηγάζεις,
1168 1062 1506 1121 θεόπνευστε.

1063 1179 1185 1236 θόκ.

359 1294 452 1357 Ὦς
491 1293 916 1368 κεχαριτωμένη
960 1293 1060 1362 τὴν
1116 1292 1457 1350 καλλοποιὸν
1521 1292 1820 1370 ὑπερεδέξω
1868 1293 1955 1349 εὐ-

284 1380 550 1458 πρέπειαν
597 1383 696 1452 τήν
746 1381 814 1436 τὰ
856 1383 1031 1436 πάντα
1082 1383 1230 1455 μόνῳ
1273 1384 1354 1455 τῷ
1415 1381 1730 1458 βουλήματι
1789 1403 1956 1438 κατα-

285 1473 644 1540 σκευάσασαν,
695 1473 782 1526 καὶ
828 1476 909 1543 τῷ
969 1471 1098 1544 θείῳ
1143 1471 1338 1527 κάλλει
1386 1472 1477 1527 καὶ
1531 1478 1803 1552 φωτισμῷ
1855 1481 1956 1544 τῆς

286 1555 588 1630 εὐσεϐείας,
620 1561 928 1635 Θεομῆτορ,
961 1562 1112 1634 ἡμᾶς
1141 1559 1596 1618 καλλωπίσασαν.

363 1648 638 1723 Νομίμως
670 1645 986 1724 φιλοσόφων
1017 1649 1206 1727 σοφίας
1239 1647 1401 1726 δώρῳ
1431 1650 1713 1726 ἐπέτυχες·
1760 1649 1954 1714 ἐνθέως

289 1737 630 1814 ἐνθεολογῶν
661 1735 924 1814 ὁρθόδοξα
956 1735 1219 1814 δόγματα,
1270 1739 1598 1815 παμμάκαρ,
1645 1738 1955 1814 κατέλιπες,

284 1827 363 1883 ὧν
391 1826 787 1902 κατετρύχθης·
822 1827 876 1881 οἱ
905 1826 1090 1881 πιστοὶ
1123 1827 1180 1881 σε
1215 1826 1609 1901 μακαρίζομεν.

362 2007 583 2062 Συνέσει
631 2008 941 2081 θεοπρεπεῖ,
994 2004 1245 2083 θεόφρον,
1296 2004 1812 2078 καλλωπιζόμενος,
1869 2009 1952 2077 τῷ

285 2095 422 2168 θείῷ
479 2098 823 2170 μυσταγωγῷ
876 2094 939 2148 τὸ
993 2094 1086 2154 οὖς
1136 2114 1230 2148 σου
1274 2092 1650 2168 ὑπερέκλινας,
1700 2094 1793 2148 καὶ
1849 2095 1948 2162 τὴν

289 2185 664 2261 ὑπερκόσμιον
700 2183 787 2237 ὑπ’
820 2181 984 2237 αὐτοῦ
1008 2181 1196 2258 σοφίαν
1225 2181 1497 2255 ἐμυήθης,
1530 2181 1797 2238 Διονύσιε.

361 2365 424 2421 Ὁ
459 2362 580 2437 βίος
609 2382 706 2416 σου
757 2360 1084 2433 θαυμαστὸς,
1123 2361 1151 2415 6
1201 2359 1367 2435 λόγος
1397 2351 1872 2436 θαυμασιώτερος.
1916 2362 1951 2428 ἡ

287 2450 521 2528 γλῶσσά
574 2470 670 2504 σου
703 2449 1017 2527 φωταυγὴς,
1065 2448 1128 2502 τὸ
1173 2449 1350 2522 στόμα
1385 2448 1710 2524 πυρίπνοον,
1776 2449 1953 2522 μάκαρ

261 2539 556 2611 ,Διονύσιεο
591 2539 618 2593 ὸ
651 2537 708 2594 δὲ
738 2541 861 2600 νοῦς
903 2558 1023 2606 σου,
1076 2535 1273 2611 Πάτερ,
1333 2533 1573 2611 ἀκριϐῶς
1626 2534 1958 2602 θεοειδέστα-

286 2650 408 2694 τος.

1063 2733 1188 2790 θόκ.

363 2843 564 2913 Φωνήν
613 2862 699 2896 σοι
744 2843 846 2896 τοῦ
890 2834 1160 2914 Γαϐριὴλ,
1191 2839 1254 2895 τὸ
1287 2840 1476 2914 Χαῖρε,
1510 2840 1688 2892 πίστει
1719 2837 1956 2913 κραυγά-

288 2937 486 3004 ζομεν,
517 2929 569 3002 ἐξ
600 2930 668 3000 ἧς
722 2927 1007 3008 ἂφράστως
1048 2929 1186 3002 ἡμῖν
1228 2929 1256 2982 6
1305 2931 1767 3003 ζωαρχικώτατος
1817 2927 1954 3001 ἀνὴρ

284 3022 636 3097 ἐχρημάτισε
680 3019 775 3075 καὶ
823 3019 1220 3096 συνανεστράφη
1270 3023 1388 3081 τοῖς
1435 3015 1747 3094 ἀνθρώποις
1797 3017 1825 3072 6
1867 3038 1955 3095 φι-

281 3109 419 3166 λάνο
427 3131 632 3186 ρωπος.

2068 539 2438 608 beatissime;
2469 557 2701 611 unaque
2724 558 2922 596 revera
2954 543 3382 613 pretiosissima
3408 545 3724 614 margarita

2067 627 2324 696 inventa,
2359 645 2425 683 ac
2457 629 2586 698 ejus
2617 630 2856 686 deiﬁcas
2888 632 3139 687 miratus
3170 631 3319 688 lucis
3350 634 3720 702 emissiones,

2071 716 2394 783 hierarcha,
2429 717 2612 772 Deum
2644 735 2706 773 es
2737 720 3068 775 confessus.

2138 805 2448 876 Sapientiae
2497 807 2717 862 fontem
2763 808 3222 879 sapientissime,
3258 813 3447 876 Pater,
3481 811 3717 880 amasti,

2065 893 2313 964 ejusque
2345 894 2561 964 philtro
2588 899 2644 951 et
2669 913 2866 951 amore
2896 898 3290 953 circumactus
3324 915 3479 953 unus
3509 916 3539 954 e
3570 900 3720 954 mul-

2065 983 2143 1037 tis
2191 983 2376 1051 fuisti,
2428 984 2790 1055 ﬂuminaque
2831 986 3164 1041 divinorum
3207 985 3472 1057 laticum,
3524 987 3721 1043 afﬂate

2065 1071 2207 1133 Deo.
2242 1072 2576 1144 perenniter
2607 1074 2772 1130 facis.

2759 1188 2837 1244 Ad
2866 1189 2929 1242 B.
2969 1189 3023 1246 V.

2139 1300 2309 1356 Velut
2335 1301 2524 1373 gratia
2553 1302 2726 1373 plena
2757 1303 3168 1374 pulchrificum
3193 1319 3373 1375 supra
3393 1321 3601 1362 omnes
3632 1321 3722 1362 ac-

2066 1391 2271 1460 cepisti
2323 1391 2741 1462 decorem,qui
2771 1391 3072 1447 voluntate
3119 1392 3244 1448 sola
3275 1393 3540 1449 condidit
3586 1395 3718 1448 uni-

2063 1495 2255 1548 versa,
2287 1479 2605 1550 divinaque
2652 1479 3112 1552 pulchritudine,
3145 1485 3320 1552 atque
3367 1482 3605 1554 pietatis
3647 1482 3716 1537 il-

2067 1567 2441 1635 lustrations,
2476 1569 2574 1624 Dei
2604 1569 2876 1640 genitrix,
2906 1571 3262 1627 venustavit.

2138 1657 2310 1728 Legis
2357 1657 2697 1729 prmscripto
2729 1657 3218 1730 philosophorum
3267 1660 3574 1731 sapientia;
3611 1661 3720 1716 do-

2067 1761 2212 1800 num
2243 1751 2617 1813 consecutus,
2651 1745 2844 1801 divine
2883 1747 2998 1802 Deo
3040 1746 3250 1817 plenus
3281 1749 3352 1803 de
3384 1754 3552 1804 rectae
3583 1749 3722 1805 ﬁdei

1983 1823 2032 1888 B
2065 1834 2442 1905 dogmatibus
2475 1834 2796 1899 disserens,
2830 1835 3167 1903 deseruisti,
3200 1837 3562 1907 beatissime,
3587 1838 3722 1908 qui-

2061 1923 2174 1977 bus
2207 1922 2618 1978 absumebaris
2653 1941 2666 1978 :
2702 1923 2904 1979 ﬁdeles
2937 1927 2994 1978 te
3024 1924 3291 1980 beamus.

2133 2011 2220 2066 Tu
2252 2012 2351 2076 qui
2386 2011 2586 2065 divina
2637 2011 2818 2082 sapis,
2852 2017 3032 2066 Deum
3062 2013 3302 2067 decente
3352 2019 3598 2070 ornatus
3627 2014 3722 2069 in-

2061 2099 2325 2163 tellectu,
2357 2101 2425 2154 ad
2463 2100 2727 2154 divinum
2779 2105 3196 2171 praceptorem
3248 2118 3420 2157 aures
3470 2107 3602 2158 tuas
3633 2103 3724 2159 in-

2064 2187 2330 2258 clinasti,
2389 2204 2455 2242 ac
2509 2187 3055 2258 supermundanam
3114 2189 3189 2244 ab
3243 2204 3310 2244 eo
3369 2190 3722 2262 sapientiam

2064 2277 2306 2332 edoctus
2339 2291 2423 2342 es,
2456 2275 2718 2348 Dionysi.

2134 2365 2267 2421 Vita
2297 2370 2398 2420 tua
2424 2365 2814 2432 admirabilis,
2839 2379 3034 2421 sermo
3066 2365 3495 2436 admirabilior,
3521 2367 3724 2438 lingua

2064 2457 2169 2509 tua
2200 2453 2530 2525 spiendida,
2565 2469 2629 2508 os
2660 2458 2830 2508 tuum
2864 2453 3060 2526 ignem
3095 2453 3349 2526 spirans,
3384 2455 3554 2511 beate
3581 2455 3723 2511 Dio-

2063 2543 2217 2614 nysi,
2251 2548 2353 2597 tua
2385 2559 2514 2598 vero
2566 2558 2752 2611 mens,
2787 2542 2976 2612 Pater,
3010 2559 3242 2599 summe
3274 2543 3390 2600 Deo
3428 2561 3608 2615 quam
3641 2545 3721 2602 si-

2017 2715 2022 2720 ,
2067 2630 2342 2687 millima.

2754 2737 2839 2792 Ad
2866 2739 2931 2792 B.
2971 2739 3027 2794 γ.

2135 2842 2220 2897 Ad
2255 2844 2311 2896 te
2341 2839 2631 2896 Gabrielis
2679 2856 2900 2910 vocem,
2933 2841 3060 2910 Ave,
3107 2839 3222 2895 fide
3272 2838 3621 2909 clamamus,
3655 2857 3725 2897 ex

2067 2947 2185 3002 qua
2223 2930 2393 2986 nobis
2447 2929 2819 2986 ineﬂ'abiliter
2848 2929 2946 3000 qui
2979 2928 3470 2984 excellentissime
3519 2935 3725 2986 auctor

2065 3021 2155 3073 est
2184 3017 2338 3082 vitae,
2374 3017 2456 3072 vir
2485 3023 2658 3073 natus
2687 3023 2797 3084 est,
2832 3034 2898 3072 ac
2932 3033 3064 3072 cum
3098 3016 3442 3072 hominibus
3476 3031 3722 3073 conver-

2065 3114 2230 3162 satus
2261 3106 2356 3160 ille
2390 3105 2698 3161 hominum
2732 3122 2963 3160 amans.

359 3181 452 3262 Ὠς
487 3193 704 3274 ὅμϐροσ
732 3195 984 3274 οὐράνιος
1015 3194 1066 3251 ἐν
1098 3199 1168 3270 γῇ
1198 3193 1408 3270 διψώσῃ
1432 3195 1500 3250 τὰ
1529 3195 1595 3250 σὰ
1643 3191 1950 3268 διδάγματα

2133 3195 2296 3250 Sicut
2328 3195 2580 3250 caelestis
2629 3195 2818 3249 imber
2859 3194 2919 3249 in
2969 3193 3189 3249 sitienti
3241 3198 3398 3250 terra
3443 3194 3727 3250 doctrinas

283 3293 398 3343 τῶν
429 3292 636 3342 πιστῶν
664 3287 760 3351 τὰς
796 3283 1022 3360 καρδίας
1068 3285 1150 3340 ἀεὶ
1199 3283 1472 3349 ποθούσας
1516 3282 1956 3351 καταπιαίνουσι,

281 3377 380 3432 καὶ
413 3375 718 3450 ἀκορεστως
757 3376 885 3450 βοᾷν
915 3371 1344 3430 ἐκδιδάσκουσιν·
1391 3370 1711 3448 Εὐλογητὸς
1744 3372 1771 3426 6
1821 3370 1958 3435 Θεὸς

289 3467 319 3521 6
348 3470 458 3520 τῶν
492 3463 739 3540 πατέρων
772 3466 955 3536 ἡμῶν.

369 3559 606 3629 Δοχεῖον
637 3551 952 3626 Πνεύματος
981 3554 1078 3606 τοῦ
1105 3549 1369 3626 παναγίου
1403 3547 1589 3628 ὤφθης
1623 3547 1956 3621 ἐνάρμοστον

283 3643 383 3699 καὶ
414 3647 484 3717 τῇ
513 3641 711 3697 τούτου
741 3640 1030 3715 ἐμπνεύσει
1059 3640 1148 3695 καὶ
1172 3640 1472 3715 φανερώσει
1493 3640 1960 3715 προφητικώτατα

282 3730 704 3808 προαγορεύων,
749 3730 882 3807 σοφὲ
929 3729 1197 3798 Διονύσιε,
1257 3727 1598 3803 Εὐλογητὸς,
1658 3722 1885 3800 ἐκϐοῶν,
1930 3727 1958 3781 6

284 3826 402 3877 τῶν
437 3821 688 3897 πατέρων
723 3820 875 3882 Θεός.

1073 4019 1194 4077 θόκ.

366 4122 515 4184 Ἰδοὺ
571 4121 663 4178 νῦν
713 4119 1076 4196 πεπλήρωται
1126 4122 1222 4174 τοῦ
1263 4118 1485 4176 Ἡσαΐου
1538 4121 1573 4188 ἡ
1628 4118 1964 4194 προαγόρευ-

297 4233 410 4277 σις⁶
468 4213 520 4269 ἐν
572 4213 764 4288 γαστρί
825 4231 943 4278 σου,
994 4209 1250 4284 Παρθένε,
1306 4209 1400 4263 τὸν
1458 4207 1639 4284 Λόγον
1675 4204 1832 4282 ἔσχες
1872 4207 1963 4262 καὶ

294 4301 614 4373 ἆπεκύησας
670 4302 764 4356 τὸν
825 4295 1126 4368 ζωοδότην,
1186 4297 1232 4368 ᾧ
1288 4298 1483 4359 πάντες
1538 4299 1958 4372 κραυγάζομενο

289 4390 622 4467 Εὐλογητὸς
652 4391 680 4446 6
713 4387 865 4451 Θεός.

371 4481 636 4558 Διαφανὶς
688 4479 762 4541 ὼς
813 4473 1076 4552 ἔσοπτρον
1126 4475 1390 4552 γεγονὼς,
1428 4473 1693 4547 Διονύσιε,
1724 4475 1815 4529 καὶ
1847 4494 1964 4550 χω-

2064 3287 2178 3338 tuas
2213 3283 2474 3338 fidelium
2517 3284 2692 3338 corda
2741 3299 2973 3354 semper
3019 3283 3190 3337 avida
3236 3282 3631 3354 impinguant,
3666 3288 3726 3338 et

2067 3373 2279 3428 docent
2335 3371 2750 3428 insatiabiliter
2805 3370 3061 3427 clamare
3108 3387 3120 3426 :
3163 3371 3514 3427 Benedictus
3570 3371 3727 3427 Deus

2069 3467 2307 3533 patrum
2339 3465 2700 3516 nostrorum.

2139 3549 2504 3605 Concinuum
2554 3548 2809 3619 Spiritus
2863 3547 3050 3603 sancti
3110 3545 3516 3602 habitaculum
3566 3547 3732 3604 visus

2070 3654 2154 3703 es,
2179 3641 2356 3708 atque
2387 3637 2566 3707 hujus
2589 3636 2972 3707 inspiratione
2995 3651 3062 3690 ac
3086 3634 3482 3691 declarations
3511 3652 3579 3692 ea
3600 3653 3732 3709 quae

2071 3726 2374 3799 prophetis
2406 3725 2644 3798 propria
2688 3730 2848 3795 sunt,
2883 3741 3062 3797 quam
3096 3724 3350 3780 maxime
3380 3726 3727 3797 prmdicens,

2073 3817 2310 3886 sapiens
2339 3815 2602 3884 Dionysi,
2632 3813 2972 3870 exclamans
3007 3829 3020 3869 :
3055 3813 3408 3869 Benedictus
3437 3813 3594 3870 Deus
3627 3831 3730 3887 pa-

2072 3907 2256 3960 trum.

2766 4009 2845 4064 Ad
2878 4009 2938 4063 Β.
2979 4008 3034 4066 γ.

2144 4128 2286 4179 Ecce
2319 4139 2474 4179 nunc
2506 4121 2814 4194 impletum
2849 4127 2939 4178 est
2971 4122 3130 4178 Isaiae
3161 4121 3543 4179 vaticinium:
3577 4123 3730 4180 838

2072 4213 2132 4268 in
2169 4218 2334 4268 utero
2368 4217 2490 4281 tuo,
2525 4212 2720 4284 Virgo,
2753 4211 3010 4267 Verbum
3052 4211 3314 4266 habuisti
3346 4214 3735 4284 datoremque

2073 4303 2206 4358 vitae
2253 4301 2533 4374 genuisti,
2566 4301 2660 4355 cui
2712 4300 3044 4356 clamamus
3095 4317 3300 4356 omnes
3336 4317 3350 4358 :
3391 4301 3737 4358 Benedictus

2078 4397 2250 4446 Deus.

2149 4481 2222 4537 Ut
2251 4484 2633 4550 transparens
2676 4477 2987 4546 speculum
3043 4477 3228 4546 fuisti,
3269 4478 3524 4551 Dionysi,
3558 4495 3732 4550 pura-

293 4556 525 4648 ρητικὸν
568 4573 678 4624 τῶν
731 4571 981 4643 καθαρῶν
1026 4565 1313 4643 ἐμφάσεων
1363 4563 1458 4619 τὸν
1493 4567 1616 4618 νοῦν
1669 4562 1959 4638 ἐργασάμε-

2090 4583 2613 4640 rumquecapacem
2641 4565 3105 4620 illustrationum
3133 4571 3389 4620 mentem
3415 4567 3629 4621 virtute
3653 4570 3738 4622 cr-

293 4682 394 4724 νος
427 4659 500 4716 δι’
546 4661 767 4738 ἀρετῆς,
796 4651 1086 4727 πανόλϐιε,
1135 4657 1230 4717 τὰς
1282 4654 1646 4730 μαρμαρυγὰς
1675 4659 1784 4709 τῶν
1836 4655 1968 4729 ὑπὲρ

293 4755 428 4807 νοῦν
490 4745 865 4823 λαμπηδόνων
916 4743 1254 4821 δεχόμενος,
1315 4738 1509 4805 ἐϐόαςσ
1568 4746 1749 4818 Ἰερεῖς
1809 4742 1968 4798 εὐλο-

341 4860 475 4895 ειτε.

297 4861 760 5007 γίξλέθονωτέρα
837 4926 1002 5000 χάρις
1079 4943 1176 4977 σου
1243 4920 1471 4997 ἐξεχύθη
1529 4926 1647 4983 τοῖς
1704 4921 1968 4997 χείλεσιν·

298 5019 429 5083 ὅθεν
494 5014 589 5079 τὰς
657 5013 870 5076 ἐνθέους
933 5009 1161 5087 διδαχᾶς
1220 5012 1551 5084 παρέθηκας,
1605 5012 1704 5080 τήν
1761 5010 1968 5066 τούτων

303 5106 550 5163 διάνοιαν
615 5105 903 5180 ὑπερφυῶς
934 5104 1073 5171 ἡμῖν
1099 5097 1370 5171 ἐξαπλῶν,
1402 5099 1492 5154 καὶ
1526 5097 1849 5173 διατρανῶν,
1879 5101 1968 5154 καὶ

298 5195 598 5268 τηλαυγῶς
626 5191 978 5248 ἀναπτύσσων
1011 5195 1124 5253 τοῖς
1157 5190 1335 5245 πίστει
1368 5186 1734 5264 μελῳδοῦσιν·
1769 5189 1972 5265 Ἱερεῖς,

305 5283 618 5358 εὐλογεῖτε.
1461 5328 1466 5332 ,

382 5369 786 5446 Γνωριμωτέρα
850 5369 1045 5444 γὲγονε
1111 5365 1200 5422 διὰ
1276 5371 1395 5437 σοῦ,
1459 5367 1724 5438 Διονύσιε,
1785 5367 1819 5435 ἡ
1866 5370 1976 5420 τῶν

304 5461 615 5532 Ἀθηναίων
651 5457 880 5528 εὐκλεὴς
917 5458 1289 5534 μητρόπολις,
1321 5461 1540 5530 Χριστῷ
1577 5456 1977 5532 προσενέγκασα

300 5551 401 5609 καὶ
433 5549 686 5626 ἄπαρχον
717 5549 974 5625 πανίερον
1001 5552 1080 5620 τῷ
1108 5541 1452 5623 παμϐασιλεῖ
1493 5543 1758 5618 διηνεκῶς
1793 5544 1976 5620 μελῳ-

307 5640 509 5699 δοῦσαι.
543 5639 612 5698 Οἱ
643 5635 855 5710 παῖδες,
888 5636 1189 5716 εὐλογεῖτε.

2077 4659 2294 4725 fecisti,
2325 4675 2357 4712 ο
2394 4655 2732 4711 felicissime
2765 4673 2776 4712 :
2811 4653 3199 4708 scintillarum
3257 4659 3513 4710 mentem
3562 4672 3736 4711 exce-

2080 4746 2344 4802 dentium
2398 4744 2741 4816 splendores
2787 4741 3120 4814 suscipiens
3152 4742 3454 4799 clamabas
3489 4759 3501 4799 :
3536 4744 3740 4800 Sacer-

2078 4837 2268 4905 dotes,
2301 4832 2648 4890 benedicite.

2149 4922 2680 4980 Abundantissima
2711 4920 2925 4976 diﬂ‘usa
2954 4922 3043 4975 est
3075 4919 3134 4975 in
3159 4918 3332 4975 labiis
3355 4918 3472 4975 tuis
3504 4921 3733 4991 gratia;

2079 5016 2236 5070 unde
2269 5012 2566 5069 doctrinas
2595 5011 2706 5065 Deo
2729 5009 2932 5081 plenas
2957 5008 3339 5081 praposuisti,
3373 5009 3581 5064 harum
3608 5026 3742 5065 sen-

2081 5121 2212 5159 sum
2243 5103 2415 5157 modo
2431 5105 2704 5155 naturam
2720 5099 2984 5153 vincente
3004 5097 3304 5170 explicans
3330 5103 3387 5153 et
3409 5097 3739 5169 declarans,

2081 5210 2149 5249 ac
2180 5191 2508 5247 clarissime
2539 5189 2808 5258 aperiens
2840 5187 3010 5242 nobis
3042 5187 3142 5258 qui
3177 5187 3290 5243 fide
3312 5187 3583 5244 canimus
3608 5205 3620 5242 :
3645 5194 3744 5246 Sa-

2083 5281 2372 5346 cerdotes,
2407 5277 2759 5333 benedicite.

2156 5367 2477 5427 Notissima
2525 5365 2638 5420 fuit
2689 5381 2790 5436 per
2845 5370 2920 5433 te,
2970 5364 3230 5436 Dionysi,
3267 5363 3516 5420 celebris
3565 5365 3746 5420 Athe-

2083 5457 2382 5514 niensium
2431 5453 2789 5525 metropolis,
2817 5453 2957 5507 dum
2990 5453 3222 5508 Christo
3271 5453 3742 5510 sacratissimum

2084 5547 2262 5603 etiam
2313 5542 2623 5617 praesulem
2672 5541 2906 5608 obtulit,
2938 5542 3203 5599 omnium
3257 5543 3378 5617 regi
3428 5543 3744 5601 concinens

2083 5639 2369 5709 perpetuo
2405 5650 2419 5690 :
2453 5631 2641 5704 Pueri,
2674 5631 3028 5688 benedicite.
