4106 6396
452 348 559 403 583

1140 469 1228 525 Ad
1257 471 1319 524 Β.
1355 469 1410 524 γ.

528 562 710 616 Mater
757 557 860 615 Dei
909 557 1472 630 irreprehensibilis,
1532 557 1738 613 animae
1788 572 1932 612 mem
1976 556 2104 612 vul-

457 667 616 718 nera,
649 653 708 704 et
738 648 957 720 peccati
1011 648 1313 702 cicatrices
1345 646 1498 713 dele;
1533 645 1743 701 Filium
1793 647 1952 702 enim
2001 663 2102 717 ge-

454 738 660 807 nuisti,
695 738 796 809 qui
831 741 1180 809 potestatem
1234 736 1412 790 habet
1463 736 1686 789 catenis
1714 734 1946 806 lapsum
1976 735 2102 790 vin-

452 833 578 884 ctos
609 846 677 883 ex
709 826 1223 884 indissolubilibus
1270 825 1518 881 vinculis
1562 825 1730 882 facile
1780 825 2102 896 relaxandi,

451 916 553 988 qui
586 917 750 972 solus
780 921 870 972 est
903 917 1052 970 Deus
1083 914 1415 970 benefactor
1444 913 1503 969 in
1535 915 1770 970 saecula.

523 1094 750 1166 Dignus
785 1092 946 1148 fuisti
978 1109 1105 1148 esse
1146 1101 1483 1147 sanctorum
1525 1093 1925 1165 apostolorum
1959 1110 2102 1148 con-

450 1183 788 1254 templator,
822 1197 887 1237 ao
917 1181 1304 1236 collaborator
1345 1181 1509 1237 fuisti
1559 1182 1849 1254 particeps
1881 1181 2098 1254 gloriae,

449 1278 627 1344 atque
657 1290 788 1329 cum
822 1272 966 1344 ipsis
1001 1272 1293 1328 festinasti
1325 1273 1397 1327 ad
1429 1275 1807 1342 conspectum
1841 1273 2102 1344 corporis

445 1363 640 1433 reipsa
669 1363 797 1416 vitae
831 1361 1102 1432 principii
1136 1361 1320 1416 solius
1369 1361 1628 1432 Deipara
1659 1366 1715 1416 et
1745 1361 2101 1433 augustissi-

441 1467 571 1521 mas,
606 1467 784 1522 quam
819 1467 923 1521 pro
958 1450 1182 1504 meritis
1215 1465 1490 1522 magnam
1523 1450 1937 1521 praedicamus.

508 1540 702 1595 Haeres
745 1538 926 1594 divini
973 1539 1032 1592 in
1067 1537 1226 1594 caelis
1258 1537 1420 1610 regni
1455 1539 1641 1593 factus
1673 1555 1756 1606 es,
1791 1544 1856 1594 ut
1905 1539 2100 1611 legiti-

440 1645 573 1685 mus
605 1628 941 1700 episcopus,
976 1631 1170 1696 Pater,
1201 1631 1267 1682 ut
1297 1626 1550 1682 invictus
1593 1626 1753 1698 pugil
1788 1627 2100 1683 sacerdotii

439 1722 742 1790 unguento
772 1716 1124 1788 sanguinem
1169 1716 1445 1786 martyris
1476 1715 1937 1784 commiscuisti;
1970 1716 2098 1770 ideo

1682 350 1742 402 S.
1780 346 2097 402 DIONYSII
2135 347 2643 404 ARBOPAGITE.

2127 481 2183 548 Α

3723 367 3814 424 584

2979 473 3100 530 θόκ.

2285 564 2490 650 Μῆτερ,
2519 562 2653 614 Θεοῦ
2691 561 3020 650 πανάμωμε,
3070 568 3170 632 τῆς
3222 567 3406 640 ψυχῆς
3449 590 3547 640 μου
3574 571 3635 626 τὰ
3673 577 3810 650 τραύ.

2219 667 2361 718 ματα
2407 648 2496 702 καὶ
2537 651 2633 716 τῆς
2685 649 2952 724 ἁμαρτίας
2995 651 3091 715 τὰς
3142 651 3309 715 οὐλὰς
3357 655 3659 733 ἐξάλειψοΨ
3706 648 3816 721 -Υἱὸν

2212 735 2312 810 γὰρ
2359 735 2644 811 ἐγέννησας
2685 739 2774 792 τὸν
2825 737 3063 811 ἐξουσίαν
3119 736 3316 816 ἔχοντα
3361 744 3483 808 τοὺς
3543 748 3818 825 πεπεδημέ-

2212 845 2338 886 νους
2380 830 2499 887 ταῖς
2547 828 2751 899 σειραῖς
2797 831 2903 880 τῶν
2955 830 3310 902 πταισμάτων
3361 831 3592 897 εὐκόλως
3646 839 3819 895 ἀνιέναι

2211 918 2319 967 τῶν
2353 911 2566 987 δεσμῶν
2596 919 2703 968 τῶν
2751 913 2988 984 ἀλύτων,
3032 917 3124 972 τὸν
3184 918 3348 990 μόνον
3399 920 3667 998 εὐεργέτην
3712 929 3820 984 Θεὸν

2213 1001 2290 1064 εἷς
2317 1003 2444 1064 τοὺς
2479 1002 2698 1064 αἰῶνας.
3129 1013 3136 1016 ’

2283 1091 2478 1167 Ἁγίων
2541 1092 2864 1148 ἀποστόλων
2924 1093 3173 1164 ἀξιωθεὶς
3235 1098 3427 1166 θεατὴς
3491 1104 3820 1175 χρηματίσαι,

2211 1181 2300 1235 καὶ
2335 1180 2609 1253 σύμπονος
2642 1183 3002 1256 συγκοινωνὸς
3029 1183 3249 1259 γέγονας
3278 1193 3378 1254 τῆς
3419 1185 3596 1262 δόξης,
3624 1192 3705 1245 καὶ
3747 1193 3824 1248 σὺν

2211 1269 2397 1332 αὐτοῖς
2444 1269 2531 1324 ἐπὶ
2589 1272 2688 1340 τὴν
2736 1270 2855 1326 θέαν
2907 1267 3164 1335 ἔσπευσας
3229 1275 3481 1347 σώματος
3537 1283 3630 1332 τοῦ
3678 1277 3824 1344 ὅπως

2214 1362 2528 1432 ζωαρχικοῦ
2575 1360 2673 1427 τῆς
2725 1358 2898 1431 μόνης
2945 1361 3211 1415 Θεοτόκου
3247 1363 3335 1417 καὶ
3387 1360 3825 1439 σεϐασμιωτάτης,

2209 1447 2272 1514 ἣν
2304 1445 2531 1516 ἐπαξίως
2567 1445 2837 1523 μεγαλύνο
2847 1468 2941 1520 μεν
2952 1493 2964 1505 .

2281 1538 2396 1604 Τῆς
2446 1534 2589 1599 θείας
2641 1533 2918 1610 βασιλείας
2966 1537 3018 1592 ἐν
3065 1537 3315 1615 οὐρανοῖς
3367 1538 3699 1617 κληρονόμος
3729 1544 3828 1620 ἐγέ-

2207 1644 2324 1691 νου,
2383 1624 2459 1686 ὡς
2517 1620 2745 1698 ἔννομος
2807 1627 3089 1702 ἀρχιεςενς
3124 1673 3137 1699 ,
3199 1629 3405 1707 Πάτερ,
3458 1631 3531 1694 ὡς
3588 1635 3828 1706 ἀήττητος

2210 1709 2455 1783 ἀθλητὴς
2510 1713 2810 1786 ἱερωσύνης
2858 1716 3124 1791 χρίσματι
3171 1720 3311 1792 αἷμα
3357 1721 3677 1797 συγκεράσας
3709 1744 3824 1799 μαρυ

439 1807 707 1879 duplices
738 1823 986 1862 coronas
1031 1804 1240 1861 merito
1289 1805 1591 1877 accepisti,
1626 1821 1792 1862 sacre
1839 1805 2076 1861 initiato:

2207 1802 2462 1875 τυρικόν·
2534 1800 2618 1856 διὸ
2674 1800 2904 1868 διπλοῦς
2956 1804 3248 1882 στεφάνους
3306 1807 3610 1886 ἀπείληφας
3649 1809 3830 1882 ἀξίως,

436 1894 698 1967 Dionysi.

508 1983 583 2039 Ut
614 1984 835 2039 habens
867 1981 1142 2053 loquendi
1173 1998 1306 2037 cum
1336 1983 1446 2037 Deo
1477 1981 1829 2052 libertatem,
1853 1983 2090 2054 sapiens

433 2073 706 2145 episcopo
759 2071 1017 2142 Dionysi,
1052 2087 1281 2141 semper
1330 2073 1645 2141 intercede,
1676 2075 1740 2126 ut
1778 2071 1880 2142 qui
1913 2071 2006 2143 pie
2035 2076 2089 2127 te

431 2161 678 2217 laudant
719 2177 789 2216 ex
828 2159 1254 2215 tentationibus
1297 2159 1666 2231 eripiantur:
1702 2159 2087 2215 ineﬂ‘ahilium

433 2249 700 2306 initiator
739 2247 1328 2320 contemplationum,
1361 2249 1516 2304 sicut
1547 2265 1773 2304 arcana:
1826 2266 1891 2304 ac
1941 2248 2087 2304 divi-

435 2339 698 2396 nissimae
730 2337 1014 2395 bonitatis
1046 2353 1210 2393 sacer
1239 2355 1299 2393 es
1330 2337 1638 2410 interpres.

1132 2443 1212 2498 Ad
1242 2445 1304 2500 Β.
1344 2447 1398 2500 ν.

505 2535 914 2590 Venerandam
956 2533 1276 2589 Ecclesiam
1328 2533 1580 2589 haereses
1629 2550 1907 2604 generose
1955 2534 2086 2589 vin-

429 2628 663 2679 centem
723 2621 985 2690 ostende,
1038 2639 1219 2694 quam
1268 2621 1557 2688 Christus,
1592 2640 1624 2678 o
1655 2624 1844 2696 gratia
1892 2623 2082 2695 plena,

430 2712 615 2768 Filius
647 2717 784 2768 tuus
835 2712 1091 2783 pretioso
1124 2711 1412 2783 sanguine
1443 2728 1549 2767 suo
1581 2717 1644 2767 ut
1691 2712 1881 2767 bonus
1913 2728 2073 2767 com-

428 2801 678 2875 paravit,
711 2805 767 2855 et
797 2800 1076 2872 periculis
1125 2800 1304 2872 eripe,
1340 2805 1516 2872 atque
1565 2801 1637 2856 ab
1686 2817 1754 2856 ea
1801 2817 1928 2872 quae
1977 2818 2084 2858 nos

428 2895 680 2963 occupat
705 2889 1014 2962 tyrannide
1046 2889 1289 2944 redime.

501 2979 742 3051 Dionysi
771 2977 1114 3033 beatissime
1141 2976 1387 3033 celebris
1413 2977 1682 3050 corypbei
1713 2978 1881 3033 Pauli
1913 2977 2086 3034 disci-

428 3068 588 3141 pule,
623 3068 986 3123 occultorum
1017 3067 1411 3137 cognitionem
1439 3068 1511 3122 ab
1537 3084 1603 3123 eo
1633 3067 1875 3123 edoctus
1897 3067 2080 3138 fuisti,

422 3158 582 3212 unde
614 3156 934 3228 fulgentem
967 3159 1026 3210 in
1062 3156 1324 3211 Ecclesia
1367 3157 1550 3212 facem
1585 3157 1772 3228 ponit,
1803 3158 1956 3212 889
1991 3173 2078 3212 re-

417 3243 640 3316 ligiosas
681 3245 1046 3300 Athenarum
1079 3244 1331 3300 civitatis
1379 3245 1658 3300 ordinans
1707 3245 2072 3318 episcopum,

420 3349 600 3404 quam
634 3337 792 3387 recta
823 3331 1127 3403 praeditam
1178 3332 1292 3386 fide
1341 3332 1461 3387 tuis
1508 3332 1805 3404 precibus,
1836 3333 2072 3404 sapien-

419 3422 652 3478 tissime
682 3421 782 3476 Dei
815 3437 1025 3493 prrsco,
1058 3421 1312 3475 custodi.

1110 3527 1190 3582 Ad
1220 3529 1282 3581 Β.
1322 3529 1377 3583 ν.

489 3619 549 3670 In
584 3615 928 3671 honoranda
958 3616 1309 3672 dormitione
1327 3619 1451 3683 tua,
1469 3616 1646 3688 Virgo
1669 3617 2068 3685 sanctissima,

417 3704 730 3775 Dionysius
775 3704 974 3759 aderat
1021 3720 1159 3759 cum
1211 3704 1523 3759 Hierotheo
1555 3710 1613 3759 et
1641 3704 1838 3760 divino
1869 3705 2071 3760 Timo-

413 3791 574 3862 theo,
609 3791 861 3863 quisque
893 3809 1012 3847 una
1060 3808 1194 3846 cum
1229 3792 1512 3863 apostolis
1556 3792 1839 3861 hymnum
1873 3794 2069 3864 glorias

411 3884 525 3935 ture
577 3881 1018 3937 convenientem
1066 3881 1409 3948 decantans,
1444 3897 1578 3936 cum
1629 3880 1844 3950 quibus
1891 3881 2068 3937 etiam

411 3985 569 4024 nunc
603 3971 870 4025 mortalis
901 3970 1103 4040 lingua
1132 3970 1328 4025 omnis
1353 3975 1409 4025 te
1440 3969 1541 4024 Dei
1573 3975 1872 4041 parentem
1902 3987 2070 4025 mun-

411 4058 587 4130 dique
620 4069 927 4131 patronam
959 4058 1182 4114 laudat.

483 4151 637 4204 Inter
671 4149 1003 4204 sacerdotes
1034 4152 1089 4202 et
1122 4154 1408 4218 martyres
1451 4149 1706 4216 excellis,
1740 4154 1960 4212 sancte,
1997 4149 2063 4202 ﬁ-

408 4236 519 4291 dus
551 4243 828 4292 ostensus
861 4253 922 4292 es
957 4242 1175 4308 pastor,
1211 4242 1266 4292 et
1309 4236 1550 4293 calicem
1585 4237 1798 4292 Christi
1831 4237 2061 4308 bibistij;

408 4342 592 4398 quare
623 4326 680 4380 in
717 4329 964 4396 utroque
1016 4327 1130 4397 ipsi
1160 4327 1387 4382 Christo
1438 4327 1584 4382 bene
1633 4325 1926 4396 placuisti,
1962 4344 2064 4382 ora

405 4431 508 4487 pro
541 4415 713 4470 nobis
743 4416 1044 4482 omnibus,
1076 4416 1173 4486 qui
1219 4433 1354 4472 cum
1397 4415 1736 4471 caelestibus
1769 4414 2062 4471 ministris

404 4503 464 4559 in
499 4503 726 4560 lumine
755 4504 1007 4562 habitas.

1061 4594 1405 4650 Contactam.

485 4681 761 4739 Coelestes
803 4687 1120 4755 penetrans
1170 4683 1230 4738 in
1284 4683 1496 4754 spiritu
1548 4685 1764 4753 portas,
1799 4681 2058 4754 Apostoli

407 4772 509 4842 qui
575 4789 756 4840 supra
811 4778 929 4827 tres
978 4772 1155 4827 caelos
1202 4772 1490 4836 ascendit,
1551 4772 1760 4838 factus,
1793 4771 2057 4844 Dionysi,

403 4859 759 4933 discipulus,
789 4877 1027 4916 omnem
1059 4859 1446 4915 ineﬂ'abilium
1470 4860 1861 4932 cognitionem
1891 4861 2060 4916 uber-

400 4949 512 5003 tim
545 4949 852 5020 accepisti;
884 4965 1101 5018 eosque
1142 4948 1243 5018 qui
1295 4949 1352 5002 in
1407 4949 1666 5004 tenebris
1715 4949 2055 5020 ignorantiae

406 5037 798 5103 dormiebant,
858 5035 1239 5104 illuminasti;
1298 5035 1428 5091 ideo
1487 5037 1861 5092 clamamus:
1916 5041 2051 5102 Ave,

401 5125 662 5181 universi
695 5129 861 5198 pater
897 5125 1122 5179 mundi.

1133 5212 1323 5270 0Ecus.

473 5300 786 5373 Dionysius
820 5316 1070 5373 magnus
1096 5301 1195 5374 qui
1229 5319 1298 5357 ex
1327 5303 1668 5360 hominibus
1699 5305 1772 5360 ob
1802 5305 2052 5361 virtutes

399 5389 646 5460 angelus
677 5399 916 5446 vocatus
937 5396 1044 5458 est,
1062 5392 1402 5448 universam
1426 5399 1708 5464 tanquam
1738 5393 1921 5467 aliger
1947 5412 2055 5450 cce-

393 5477 599 5534 ]estcm
633 5480 873 5535 edoctus
905 5485 995 5535 est
1025 5481 1417 5553 cognitionem
1455 5500 1467 5537 :
1503 5499 1683 5553 quare
1711 5483 1955 5538 canticis
1988 5489 2052 5539 ut

395 5567 669 5640 angelum
693 5569 1072 5636 honoremus,
1090 5571 1161 5625 ad
1183 5570 1354 5626 illum
1375 5570 1515 5627 talia
1532 5571 1854 5628 clamantes
1877 5589 1890 5629 ε
1909 5574 2046 5641 Ave,

395 5657 494 5729 qui
526 5657 823 5714 Christum
847 5674 950 5730 per
970 5658 1215 5715 Paulum
1241 5660 1561 5732 agnovisti;
1593 5666 1734 5732 Ave,
1761 5661 1859 5734 qui
1894 5661 2045 5718 mul-

2089 4573 2138 4637 D

2205 1889 2503 1965 Ῑερομύστα
2549 1891 2811 1949 Διονύσιε.

2269 1979 2357 2040 Ὠς
2399 1976 2544 2053 ἔχων
2595 1979 2904 2056 παρῥησίαν
2954 1983 3089 2056 πρὸς
3121 1983 3212 2038 τὸν
3245 1986 3400 2055 Θεὸν,
3451 1987 3676 2064 ἰεράρχα
3718 1991 3829 2066 σοφὲ

2200 2067 2466 2136 Διονύσιε,
2500 2066 2590 2122 διὰ
2614 2070 2812 2131 παντὸς
2843 2066 3103 2141 πρέσϐευε
3131 2071 3395 2148 ῥυσθῆναι
3433 2074 3491 2129 ἐκ
3536 2082 3822 2151 πειρασμῶν

2197 2155 2326 2217 τοὺς
2391 2152 2626 2221 εὐσεϐῶς
2695 2159 2994 2229 ὑμνοῦντᾶς
3043 2181 3120 2230 σε,
3174 2161 3349 2233 μύστα
3423 2168 3528 2218 τῶν
3592 2165 3817 2240 ἀρῥήτων

2198 2246 2459 2320 θεωριῶν,
2510 2248 2585 2308 ὡς
2647 2249 2745 2315 τῆς
2812 2249 3223 2324 κρυφιομύστου
3279 2251 3373 2307 καὶ
3405 2254 3819 2330 θεαρχικῶτάτης

2197 2333 2524 2408 ἱεροφάντης
2553 2335 2911 2412 ἀγαθότητος,

2963 2444 3082 2502 θόκ.

2265 2534 2517 2586 Νικῶσαν
2575 2531 2670 2593 τὰς
2737 2533 2969 2606 αἱρέσεις
3015 2538 3277 2597 νεανικῶς
3322 2536 3428 2604 τὴν
3483 2537 3676 2606 σεπτὴν
3721 2539 3824 2593 Ἐκ-

2192 2618 2422 2690 κλησίαν
2473 2617 2772 2693 ἀνάδειξον,
2820 2620 2887 2690 ἥς
2938 2623 2966 2676 ὁ
3029 2625 3259 2698 Χριστὸς
3307 2623 3501 2697 α’ίματι
3554 2625 3713 2699 τιμίῳ
3756 2631 3822 2697 τῷ

2193 2707 2384 2762 ἑαυτοῦ
2434 2709 2509 2771 ὡς
2569 2709 2769 2783 ἀγαθὸς
2835 2707 3122 2782 ἐκτήσατο,
3188 2715 3631 2788 κεχαριτωμένη,
3674 2716 3700 2769 ὁ
3743 2716 3821 2776 σὸς

2192 2796 2339 2866 Υἱὸς,
2371 2796 2462 2851 καὶ
2495 2801 2668 2851 σῶσον
2704 2798 2764 2852 ἐκ
2793 2796 3080 2869 κινδύνων,
3129 2800 3222 2855 καὶ
3250 2804 3351 2871 τῆς
3381 2802 3707 2879 ἐπικρατείας
3734 2811 3818 2874 τῆς

2189 2884 2531 2960 κατεχούσης
2562 2888 2709 2959 ἡμᾶς
2741 2883 3038 2964 λύτρωσαι.

2263 2976 2358 3046 Τῷ
2407 2973 2628 3047 Παύλῳ,
2681 2976 2946 3045 Διονύσιε,
2975 2982 3055 3050 τῷ
3102 2976 3306 3052 κλεινῷ
3357 2980 3632 3057 κορυφαίῳ
3659 2983 3814 3055 μαθη-

2188 3062 2418 3134 τευθεὶς,
2476 3059 2764 3133 πανόλϐιε,
2816 3065 2903 3119 ὑπ’
2947 3065 3111 3122 αὐτοῦ
3159 3066 3410 3142 ἐμυήθης
3460 3075 3565 3125 τῶν
3609 3069 3817 3144 ἀποκρύ-

2191 3172 2306 3228 φων
2340 3153 2440 3221 τὴν
2492 3155 2715 3226 γνῶσινο
2767 3152 2887 3216 ὅθεν
2935 3155 3025 3210 καὶ
3076 3155 3381 3233 λαμπτῆρα
3429 3163 3498 3233 τῇ
3552 3159 3816 3230 Ἐκκλησία

2186 3240 2398 3311 τίθησιν
2436 3241 2695 3311 Ἀθηνῶν,
2728 3245 3087 3319 προχειρίσας
3144 3252 3244 3315 τῆς
3295 3243 3549 3312 εὐσεϐοῦς
3579 3248 3812 3323 ἱεράρχην

2181 3327 2421 3400 πόλεως,
2481 3331 2545 3399 ἦν
2594 3329 2888 3407 φυλάττοις
2936 3331 3372 3408 ὐρθοδοξοῦσαν,
3421 3336 3673 3415 πάνσοφε,
3717 3339 3816 3398 σαῖς

2181 3417 2392 3492 εὐχαῖς,
2428 3419 2695 3494 θεοκῆρυξ
2723 3421 2733 3475 l

2949 3530 3069 3587 θόκ.

2253 3615 2339 3670 Ἐν
2371 3618 2440 3688 τῇ
2475 3619 2644 3688 σεπτῇ
2692 3619 2951 3689 κοιμήσει
2985 3639 3103 3688 σου,
3134 3620 3375 3694 παναγία
3414 3621 3662 3698 Παρθένε,
3689 3639 3807 3694 παρ·

2177 3705 2242 3770 ἧν
2296 3703 2322 3756 ὁ
2379 3703 2655 3767 Διονύσιος
2710 3706 2801 3760 σὺν
2871 3711 2949 3778 τῷ
3011 3706 3253 3784 Ἱεροθέῳ
3320 3710 3413 3765 καὶ
3456 3709 3698 3784 Τιμοθέῳ
3745 3713 3811 3779 τῷ

2179 3790 2308 3862 θείῳ
2358 3793 2471 3863 ἅμα
2526 3799 2643 3856 τοῖς
2704 3794 3060 3866 ἀποστόλοις,
3129 3797 3300 3870 ὕμνον
3361 3797 3560 3871 έξᾴδων
3607 3796 3808 3858 ἕκαστος

2178 3878 2488 3956 πρόσφορον
2521 3886 2587 3953 τῇ
2632 3885 2697 3955 σῇ
2731 3880 2878 3956 δόξῃ,
2914 3885 3031 3957 μεθ’
3077 3886 3149 3939 ὧν
3197 3887 3286 3941 καὶ
3319 3892 3413 3942 νῶν
3446 3893 3586 3943 πᾶσα
3615 3888 3808 3964 γλῶσσα

2183 3967 2428 4041 βρότειος
2460 3969 2684 4042 ἀνυμνεῖ
2714 3992 2771 4026 σε
2797 3973 2897 4041 τὴν
2927 3977 3024 4028 τοῦ
3056 3978 3189 4029 Θεοῦ
3239 3973 3572 4052 λοχεύτριαν
3600 3978 3681 4032 καὶ
3724 3977 3804 4030 τοῦ

2174 4057 2387 4129 κόσμου
2413 4061 2727 4132 προστάτιν.

2248 4146 2334 4202 Ἐν
2399 4147 2598 4220 ἱερεῦσι
2647 4149 2736 4202 καὶ
2786 4149 3017 4222 μάρτυσι
3078 4149 3384 4228 διαπρέψας
3445 4155 3594 4226 ὅσιε,
3637 4152 3800 4212 πιστὸς

2175 4231 2498 4311 ἆνεδείχθης
2545 4238 2754 4310 ποιμὴν
2806 4239 2896 4293 καὶ
2954 4242 3188 4315 Χριστοῦ
3235 4245 3380 4298 πιὼν
3432 4246 3492 4300 τὸ
3540 4246 3800 4317 ποτήριον

2174 4319 2280 4390 διὸ,
2333 4322 2398 4407 ,ἐν
2466 4323 2738 4402 ἑκατέροις
2805 4327 3162 4404 εὐαρεστήσας
3231 4331 3382 4404 αὐτῷ
3446 4338 3527 4406 τῷ
3591 4334 3797 4407 Χριστῷ,

2171 4406 2435 4486 πρέσϐευε
2487 4415 2618 4488 ὑπὲρ
2669 4416 2884 4471 πάντων
2933 4419 3117 4490 ἡμῶν,
3152 4418 3244 4474 σὺν
3297 4427 3420 4484 τοῖς
3443 4421 3553 4478 ἄνω
3584 4406 3798 4491 λειτουρ·

2172 4505 2297 4574 γοῖς
2320 4498 2371 4556 ἐν
2404 4503 2543 4576 φωτὶ
2575 4500 2964 4578 αὐλιζόμενος.

2841 4595 3133 4650 Κοντάκιον
3144 4642 3156 4655 .

2239 4678 2340 4740 Τὰς
2390 4678 2670 4752 οὐρανίους
2719 4677 2912 4746 διαϐὰς
2961 4683 3138 4747 πύλας
3187 4685 3240 4741 ἐν
3286 4687 3592 4762 πνεύματι,
3642 4695 3793 4760 μαθη·

2165 4767 2371 4829 τευθεὶς
2399 4773 2478 4840 τῷ
2519 4769 2651 4846 ὑπὲρ
2698 4776 2846 4846 τρεῖς
2878 4772 3142 4846 οὐρανοὺς
3173 4775 3431 4853 φθάσαντι
3484 4774 3794 4846 Ἀποστόλῳ,

2167 4856 2449 4930 Διονύσιε,
2499 4863 2608 4913 τῶν
2661 4859 2911 4936 ἀρρήτων
2970 4861 3334 4935 έπλουτίσθης
3381 4871 3552 4921 πᾶσαν
3599 4869 3790 4940 γνῶσιν·

2164 4944 2254 4998 καὶ
2286 4945 2627 5023 κατηύγασας
2657 4947 2787 5011 τοὺς
2829 4949 2880 5005 έν
2931 4953 3107 5008 σκότει
3143 4955 3410 5029 ἀγνωσίας
3439 4953 3788 5021 καθεύδοντας·

2166 5029 2251 5087 διὸ
2280 5035 2573 5110 κράζομεν·
2608 5038 2856 5114 Χαίροις,
2889 5039 3055 5117 πάτερ
3089 5044 3414 5119 παγκόσμιε.

2855 5220 2916 5276 Ὁ
2947 5223 3120 5285 οἶκος.

2234 5302 2508 5378 Ἀγγελος
2558 5303 2608 5376 ἐξ
2659 5307 2956 5382 ἀνθρώπων
3012 5311 3229 5386 ἀρεταῖς
3267 5311 3612 5388 χρηματίσας
3658 5309 3788 5383 ὁμέ-

2159 5412 2255 5466 γας
2310 5393 2612 5464 Διονύσιος,
2639 5401 2811 5451 πᾶσαν
2847 5399 2919 5460 ὡς
2948 5399 3253 5474 ὑπόπτερος
3286 5401 3500 5473 ἐμυήθη
3546 5402 3632 5456 τὸν
3673 5401 3781 5453 νοῦν

2159 5482 2259 5549 τήν
2295 5480 2540 5556 οὐράνιον
2567 5487 2787 5560 γνῶσιν·
2825 5483 2908 5541 διὸ
2939 5486 3138 5562 ᾄσμασι
3181 5491 3256 5551 ὡς
3287 5488 3511 5564 ἄγγελον
3556 5489 3779 5562 τιμήσω·

2161 5591 2280 5644 μεν,
2340 5573 2576 5646 βοῶντες
2607 5575 2744 5649 πρὸς
2790 5576 2948 5633 αὐτὸν
2975 5583 3218 5635 τοιαῦτα’
3252 5582 3441 5656 Χαῖρε,
3473 5583 3502 5637 ὅ
3528 5579 3674 5657 γνοὺς
3699 5577 3775 5632 τὸν

2157 5660 2511 5738 Χριστὸνβιά
2560 5663 2801 5722 Παύλου·
2850 5673 3033 5744 χαῖρε,
3084 5669 3330 5732 πολλοὺς
3386 5673 3520 5745 πρὸς
3571 5668 3773 5746 Χριστὸν
