4106 6406
300 400 412 454 585

1411 406 1816 471 ENCOMIUM,
1858 407 1956 459 EX
1996 406 2288 460 MENEIS
2325 406 2618 462 GRECIS.

3618 405 3726 459 586

300 520 631 600 ἐπιστρέψας
669 543 684 562 ⁶
713 531 896 602 χαῖρε,
929 503 1206 591 πολυθίου
1237 534 1442 598 σκηνῆς
1473 526 1762 604 ὀλετήριον
1789 546 1801 558 ·
1836 533 1964 603 χαῖ-

2093 547 2168 585 ;os
2193 529 2264 585 ad
2284 530 2580 586 Christum
2623 529 2978 588 convertisti.
3003 536 3141 600 Ave,
3163 529 3524 586 tabernaculi
3548 530 3726 603 pluri«

302 635 390 690 ρε,
420 616 758 690 θεογνώστου
794 615 1002 693 βουλῆς
1052 621 1446 692 σκοπευτήριον
1483 637 1495 649 ·
1538 623 1720 694 χαῖρε,
1774 612 1968 692 βίϐλος

301 705 702 780 θεοχάρακτος,
742 707 1058 780 μυστηρίων
1107 705 1342 782 θησαυρέ
1378 726 1389 738 ·
1424 712 1606 782 χαῖρε,
1638 707 1794 779 πίναξ
1846 718 1966 770 θεο‹

305 793 567 870 μόρφωτε
601 794 691 848 καὶ
726 786 956 870 διόκπτρα
1008 797 1240 871 οὐρανοῦ
1280 814 1290 828 ·
1332 801 1516 871 χαῖρε,
1549 794 1631 853 ὅτι
1680 796 1742 850 τὸ
1797 797 1968 859 πάθος

297 888 398 937 τοῦ
434 882 634 957 Κυρίου
667 881 909 946 κατεῖδες
933 903 944 916 ·
984 890 1165 961 χαῖρε,
1197 884 1346 961 ῥανὶς
1376 886 1730 940 κοιλαίνουσα
1760 886 1967 938 ἄνοιαν·

302 977 494 1047 χαῖρε,
547 975 801 1050 φραγμὸς
868 969 1072 1028 ἀσεϐῶν
1132 972 1420 1048 παροδείας
1453 993 1466 1005 ο
1501 979 1681 1050 χαῖρε,
1745 976 1968 1050 φωστὴρ

304 1061 438 1123 τοὺς
487 1061 712 1126 πιστοὺς
763 1064 1115 1139 καταυγάζων
1155 1083 1166 1095 °
1201 1069 1385 1140 χαῖρε,
1417 1064 1583 1139 πάτερ
1638 1063 1965 1139 παγκόσμιε.

379 1278 554 1338 Οὗτος
604 1276 854 1351 πλούτῳ,
905 1279 994 1333 καὶ
1044 1276 1196 1354 δόξῃ,
1229 1281 1321 1334 καὶ
1381 1282 1610 1352 συνέσει,
1661 1280 1751 1334 καὶ
1810 1277 1971 1354 σοφίᾳ

308 1371 421 1421 τῶν
484 1368 735 1422 ἁπάντων
800 1367 1101 1444 ὑπερέχων,
1153 1373 1261 1423 τῶν
1321 1368 1373 1423 ἐν
1427 1371 1506 1441 τῷ
1565 1368 1761 1440 Ἀρείῳ
1815 1369 1970 1443 πάγῳ

309 1455 628 1530 βουλευτῶν
679 1458 755 1518 εἷς
787 1458 851 1526 ἦν
890 1478 903 1492 ο
937 1458 1028 1512 καὶ
1077 1456 1352 1534 ἀγρευθεῖς
1409 1459 1512 1512 ὑπὸ
1567 1461 1664 1512 τοῦ
1727 1457 1969 1531 μεγάλου

307 1543 558 1612 Παύλου,
586 1545 678 1600 καὶ
743 1547 1080 1622 βαπτισθεὶς,
1115 1552 1508 1622 χειροτονεῖται
1557 1547 1875 1616 ἐπίσκοπος,
1904 1546 1971 1600 τὰ

305 1635 599 1712 ἆπὸῥρητα
642 1637 872 1709 μυηθεὶς
906 1637 1008 1691 ὑπὸ
1049 1642 1148 1691 τοῦ
1196 1642 1365 1715 σοφοῦ
1405 1637 1688 1712 Ἱεροθέου,
1716 1637 1805 1691 καὶ
1840 1658 1968 1710 συγ-

303 1724 613 1798 γράμματα
662 1723 1080 1788 καταλελοιπὼς
1112 1723 1410 1798 παράδοξα,
1441 1727 1530 1780 καὶ
1577 1727 1860 1799 θαυμαστοί
1913 1746 1971 1780 τε

305 1814 397 1867 καὶ
432 1813 776 1887 ὑψηλότατα,
811 1815 882 1868 ὧν
919 1815 1035 1876 ἑνὸς
1080 1816 1215 1877 τέως
1268 1821 1640 1888 μνημονεῦσαι
1688 1815 1969 1890 ἐπικαιρό-

2075 620 2184 674 bus
2215 620 2588 675 inservientis
2620 620 2733 675 diis
2764 620 3071 692 pernicies.
3115 626 3253 686 Ave,
3287 620 3516 675 consilii
3551 638 3585 676 a
3615 621 3732 676 Deo

2078 709 2296 780 cogniti
2319 708 2577 780 specula.
2599 712 2734 778 Ave,
2755 709 2904 764 liber
2926 727 2959 765 a
2982 710 3096 765 Deo
3123 710 3399 780 inscripta
3423 710 3734 782 mysterio-

2079 815 2207 852 rum
2261 799 2553 854 thesaure.
2585 801 2720 864 Ave,
2755 798 2953 854 tabula
2984 818 3016 854 a
3046 799 3161 854 Deo
3212 800 3479 869 formata,
3518 803 3574 854 et
3604 799 3733 855 coeli

2080 887 2331 958 dioptra.
2357 890 2489 954 Ave,
2518 889 2669 959 quod
2705 888 2937 942 Domini
2971 889 3308 960 passionem
3336 888 3731 959 conspexeris.

2075 978 2213 1046 Ave,
2245 982 2412 1048 gutta
2454 977 2775 1031 amentiam
2828 995 3133 1033 excavans.
3165 979 3306 1046 Ave,
3337 975 3733 1047 sepimentum

2079 1071 2280 1120 contra
2314 1066 2628 1135 impiorum
2673 1083 2999 1121 accessum.
3035 1070 3166 1133 Ave,
3200 1066 3292 1121 fax
3345 1065 3549 1120 ﬁdeles
3598 1065 3732 1120 illu-

2079 1159 2299 1212 strans.
2332 1157 2468 1226 Ave,
2496 1160 2662 1226 pater
2694 1155 2952 1210 universi
2984 1155 3210 1210 mundi.

2150 1280 2253 1334 Hic
2301 1280 2543 1349 divitiis,
2565 1285 2621 1336 et
2668 1280 2874 1352 gloria,
2908 1285 2965 1335 et
3014 1280 3280 1350 scientia,
3313 1283 3369 1335 et
3417 1279 3731 1349 sapientia,

2079 1385 2286 1424 omnes
2315 1387 2622 1441 superans,
2655 1387 2811 1425 unus
2855 1385 2924 1423 ex
2970 1369 3142 1424 Areio
3196 1385 3342 1440 pago
3389 1374 3732 1424 senatorum

2080 1465 2225 1528 erat,
2249 1465 2424 1530 atque
2457 1477 2489 1513 a
2518 1476 2730 1531 magno
2765 1458 2939 1514 Paulo
2970 1463 3180 1513 venatu
3216 1463 3427 1529 captus
3457 1463 3512 1512 et
3542 1458 3738 1528 bapti-

2079 1555 2244 1604 zatus
2295 1550 2604 1603 ordinatur
2651 1549 2985 1620 episcopus,
3021 1547 3340 1603 ineffabilia
3390 1547 3668 1618 mysteria
3703 1563 3736 1601 a

2079 1639 2342 1708 sapiente
2374 1638 2686 1694 Hierotbeo
2719 1639 2984 1704 edoctus,
3007 1643 3064 1692 et
3089 1635 3272 1692 libros
3319 1635 3559 1707 reliquit
3608 1635 3737 1706 opi-

2081 1729 2254 1783 nione
2278 1730 2551 1797 majores,
2569 1733 2627 1783 et
2649 1728 3052 1792 admirandos,
3075 1730 3132 1781 et
3162 1725 3646 1792 sublimissimos,
3670 1741 3741 1780 ex

2081 1819 2298 1888 quibus
2320 1819 2555 1872 interim
2580 1817 2757 1871 unius
2778 1816 3120 1871 meminisse
3137 1814 3600 1887 Opportunissim
3613 1831 3735 1870 um.

303 1924 490 1959 τατον.
528 1903 827 1976 Γενόμενόν
879 1925 966 1976 με,
1014 1904 1170 1981 φησὶ,
1219 1905 1352 1959 ποτὶ
1399 1905 1536 1960 κατὰ
1579 1907 1680 1975 τήν
1725 1907 1967 1979 Κρήτην,

2093 1906 2226 1961 Sum
2273 1907 2590 1978 aliquando
2640 1907 2697 1961 in
2751 1906 2980 1960 Cretam
3031 1905 3345 1970 venissem,
3390 1904 3602 1975 inquit,
3639 1919 3735 1958 me

320 1994 350 2048 ὁ
383 1992 530 2067 ἱερὸς
560 1991 927 2068 ἐξεναγώγησε
957 1993 1195 2068 Κάρπος,
1227 1994 1386 2069 ἀνὴρ,
1421 1994 1469 2049 εἷ’
1516 1994 1605 2049 καί
1633 2015 1715 2056 τις
1774 1991 1966 2062 ἄλλος,

313 2078 406 2136 διὰ
451 2081 673 2152 πολλὴν
722 2083 1070 2156 καθαρότητα
1126 2088 1217 2138 νοῦ
1273 2085 1410 2158 πρὸς
1469 2085 1720 2147 θεοπτίαν
1786 2083 1970 2153 ἐπιτη-

309 2168 615 2232 δειότατος.
650 2171 750 2228 Καὶ
793 2176 934 2245 ,γοῦν
966 2170 1090 2226 οὐδὲ
1122 2178 1239 2234 ταῖς
1269 2178 1375 2228 τῶν
1435 2172 1600 2249 ἁγίων
1656 2172 1968 2245 μυστηρίων

308 2259 559 2322 τελεταῖς
590 2259 882 2335 ἐπεχείρει,
921 2262 996 2333 μὴ
1031 2261 1293 2338 πρότερον
1344 2261 1490 2334 αὗτῷ
1536 2263 1670 2318 κατᾶ
1715 2264 1810 2324 τὰς
1842 2283 1974 2336 προο

305 2347 558 2410 τελείους
591 2349 757 2424 εὐχὰς
786 2351 935 2425 ἱερᾶς
974 2351 1063 2404 καὶ
1121 2351 1380 2424 εὐμενοῦς
1431 2351 1666 2427 ὁράσεως
1722 2350 1972 2430 ἐκφαινο-

315 2439 509 2510 μένης.
556 2437 777 2513 Ἔλεγεν
861 2437 976 2507 οῦν,
1033 2439 1139 2512 ὅτι,
1200 2439 1578 2511 Λελυπηκότος
1661 2440 1818 2496 αὐτὸν
1863 2445 1972 2494 τῶν

315 2527 562 2582 ἀπίστων
621 2528 767 2589 τινός
802 2548 812 2559 ·
954 2527 1100 2598 λύπη
1137 2527 1193 2584 δὲ
1221 2532 1309 2598 ἦν,
1344 2530 1425 2584 δτι
1485 2537 1585 2599 τῆς
1646 2529 1975 2599 Ἐκκλησίας

311 2617 524 2680 ἐκεῖνος
581 2618 702 2672 τινὰ
750 2618 887 2691 πρὸς
929 2618 992 2672 τὸ
1052 2617 1206 2673 ἄθεον
1267 2617 1807 2692 ἀπεπλάνησεν·)ἴτι
1864 2624 1970 2673 τῶν

311 2705 568 2782 Ἱλαρίων
613 2706 762 2779 αὖτῷ
808 2710 1031 2782 ἡμερῶν
1079 2709 1450 2781 τελουμένων,
1485 2706 1602 2763 δέον
1651 2708 1971 2786 ἀμφοτέρων

314 2797 718 2871 ἀγαθοπρεπῶς
785 2796 1192 2872 ὑπερεύξασθαι,
1235 2799 1327 2852 καὶ
1413 2798 1542 2853 Θεὸν
1615 2796 1977 2872 συλλήπτορα

313 2880 581 2952 λαϐόντα,
611 2884 703 2938 τὸν
742 2885 835 2957 μὶν
883 2881 1187 2960 ἔπιτρὲψαι,
1219 2887 1309 2940 τὸν
1373 2883 1428 2941 δὶ
1477 2887 1774 2961 ἀγαθότητι
1823 2893 1976 2954 νικῆ-

314 2994 407 3027 σαι
444 2993 456 3006 ·
500 2973 591 3027 καὶ
635 2974 712 3045 μὴ
755 2972 1026 3029 διαλιπεῖν
1057 2977 1407 3030 νουθετοῦντα
1463 2974 1552 3030 διὰ
1604 2977 1723 3051 βίου
1779 2976 1980 3038 παντὸς

315 3058 485 3136 ἄχρις
543 3064 604 3116 οὗ
633 3063 695 3117 τὸ
728 3065 994 3138 σήμερον,
1026 3063 1116 3119 καὶ
1149 3064 1323 3128 οὕτως
1353 3064 1440 3119 ἐπὶ
1490 3068 1589 3134 τὴν
1649 3065 1790 3120 θείαν
1848 3064 1976 3118 ταύ-

311 3173 418 3222 την
455 3151 676 3228 ἀγαγεῖν
709 3157 932 3228 γνῶσιν,
965 3153 1039 3215 ὡς
1072 3152 1132 3209 ἂν
1161 3151 1272 3224 ἤδη
1313 3155 1402 3209 καὶ
1452 3159 1560 3209 τῶν
1619 3149 1978 3232 ἀμφισϐητη-

314 3239 496 3313 σίμων
530 3241 719 3304 αὐτοῖς
764 3243 1125 3314 κρινομένων,
1156 3243 1245 3296 καὶ
1284 3247 1390 3297 τῶν
1433 3242 1656 3318 ’ἀλόγως
1716 3255 1980 3316 θρασυνο-
2009 3281 2052 3350 c

370 3330 380 3350 1
561 3328 574 3350 ἳ
661 3329 672 3350 Ι
826 3327 872 3350 δν
1233 3337 1255 3346 π-
1325 3331 1338 3350 3
1527 3338 1552 3350 ν
1641 3333 1650 3350 Ι
1863 3331 1905 3350 ’Ν
1924 3329 1944 3350 Ἴ
1966 3332 1976 3349 9

315 3330 499 3402 μένων
557 3328 770 3402 ἐννόμῳ
822 3327 944 3404 δίκῃ
985 3337 1282 3408 σωφρονεῖν
1315 3331 1768 3408 ἀναγκαζομένων
1803 3351 1815 3364 ·
1850 3329 1976 3386 ἀλλ’

313 3417 414 3492 ὅγε
474 3419 550 3489 μὴ
604 3419 868 3494 πρότερον
910 3424 1071 3474 τοῦτο
1120 3421 1329 3489 παθὼν,
1364 3421 1464 3475 οὐκ
1521 3419 1626 3475 οἷδ’
1676 3423 1824 3475 ὅπως
1857 3421 1982 3476 τότε

312 3506 544 3576 πολλὴν
579 3505 897 3580 ’δυσμένειαν
928 3509 1018 3563 καὶ
1058 3510 1276 3582 πικρίαν
1306 3509 1528 3580 ἐντήξας
1569 3515 1636 3583 τῇ
1670 3513 1822 3586 ψυχῇ
1855 3531 1981 3565 κατ-

327 3594 537 3670 έδραμε
591 3597 684 3668 μὶν
720 3597 862 3651 οὕτω
893 3603 1075 3659 κακῶς
1123 3597 1266 3673 ἔχων
1304 3618 1315 3629 '
1351 3600 1549 3672 ἑσπέρα
1594 3601 1694 3674 γὰρ
1734 3601 1822 3668 ἦν·
1858 3601 1979 3674 περὶ

317 3684 380 3741 δὲ
447 3687 610 3758 μέσας
669 3685 863 3748 νύκτας
923 3687 1126 3760 (εἰώθει
1172 3688 1275 3764 γὰρ
1327 3688 1404 3749 είς
1435 3687 1590 3743 τόνδε
1643 3690 1733 3743 τὸν
1791 3689 1980 3765 καιρὸν

320 3775 487 3835 αὐτὸς
548 3775 628 3851 ἐφ’
660 3776 852 3830 ἑαυτοῦ
908 3777 1045 3851 πρὸς
1101 3776 1227 3838 τοὺς
1276 3777 1451 3841 θείους
1499 3778 1703 3850 ὕμνους
1750 3777 1983 3854 ἐγρηγο-

321 3866 525 3934 ρέναν)
558 3861 891 3919 διανίσταται
943 3866 1059 3937 μὲν,
1096 3863 1220 3920 οὐδὲ
1250 3872 1356 3921 τῶν
1399 3867 1578 3922 ὕπνων
1613 3868 1811 3934 αὐτῶν,
1845 3867 1983 3922 πολ-

319 3952 438 4009 λῶν
503 3974 566 4027 γε
624 3950 793 4008 ὄντων
845 3955 935 4008 καὶ
985 3954 1066 4009 ἀεὶ
1107 3955 1544 4030 έγκοπτομένων,
1579 3956 1678 4027 ἔξω
1729 3963 1980 4032 ταραχῆς

319 4042 761 4116 παραπολαύσας
799 4062 810 4075 ⁸
858 4045 1023 4105 ἑστὼς
1084 4041 1141 4098 δὲ
1193 4047 1346 4117 ὅμως
1395 4045 1468 4107 εἷς
1516 4048 1616 4115 τὴν
1665 4046 1808 4100 θείαν
1858 4048 1982 4118 ὁμι-

322 4130 472 4197 λίαν,
507 4131 606 4185 οῦκ
638 4132 846 4207 εὐαγῶς
877 4134 1069 4202 ἠνιᾶτο
1119 4135 1209 4187 καὶ
1254 4132 1654 4210 ἐδυσχέραινεν,
1690 4137 1791 4189 οὐκ
1847 4138 1982 4189 εἶναι

323 4218 537 4275 δίκαιον
602 4219 804 4296 λέγων,
840 4222 888 4276 εἴ
947 4227 1111 4290 ζῶσιν
1160 4219 1350 4298 ἄνδρες
1398 4225 1544 4286 ἄθεοι
1593 4226 1683 4278 καὶ
1742 4222 1984 4299 διαστρέ-

321 4330 488 4388 φουσι
533 4309 630 4371 τὰς
677 4307 837 4372 ὁδοὺς
890 4310 1090 4385 Κυρίου
1138 4311 1232 4372 τὰς
1283 4311 1518 4374 εὐθείας.
1550 4315 1645 4367 Καὶ
1687 4317 1855 4368 ταῦτα
1903 4312 1988 4367 λέ-

319 4422 436 4476 γων
491 4397 664 4455 ἐδεῖτο
710 4405 805 4455 τοῦ
858 4405 1014 4466 Θεοῦ,
1047 4400 1326 4476 πρηστῆρί
1372 4423 1474 4455 τινι
1523 4402 1616 4464 τὰς
1668 4404 1989 4481 ἀμφοτέρων

324 4488 407 4549 εἶς
440 4489 576 4560 ἅπαξ
619 4490 864 4559 ἀνηλεῶς
899 4491 1208 4544 ἀποσπάσαι
1256 4492 1417 4559 ζωὰς.
1449 4492 1550 4547 Καὶ
1607 4492 1774 4547 ταῦτα
1823 4491 1986 4546 εἰπὼν

322 4575 487 4653 ἔλεγε
540 4575 688 4650 δόξαι
747 4577 881 4634 ἰδεῖν
932 4577 1084 4654 ἄφνω
1125 4580 1216 4634 τὸν
1261 4580 1432 4648 οἶκον,
1466 4579 1518 4634 ἐν
1549 4579 1696 4656 ᾧπερ
1731 4584 1990 4651 εἱστήκει,

2079 1996 2304 2067 Carpus
2334 1996 2589 2067 hospitio
2620 1997 2865 2066 excepit,
2890 1995 2995 2060 vir,
3038 1994 3087 2050 si
3121 1993 3255 2064 quis
3283 1993 3453 2062 alius,
3498 1997 3735 2064 propter

2081 2101 2358 2155 magnam
2413 2085 2627 2140 mentis
2671 2085 2989 2155 puritatem
3041 2083 3114 2137 ad
3153 2082 3514 2136 cernendum
3551 2083 3731 2136 Deum

2081 2174 2448 2245 aptissimus.
2473 2178 2673 2244 Neque
2716 2173 2875 2228 enim
2908 2189 3107 2228 sacros
3140 2172 3550 2243 mysteriorum
3583 2170 3733 2224 ritus

2083 2263 2553 2335 aggrediebatur,
2579 2261 2692 2317 nisi
2742 2263 2906 2334 prius
2939 2259 3048 2333 ipsi
3081 2261 3140 2314 in
3173 2261 3245 2314 iis
3277 2261 3569 2332 precibus,
3605 2275 3732 2329 quae

2083 2360 2256 2408 antea
2286 2354 2441 2408 340
2475 2352 2671 2421 perfici
2705 2353 2914 2420 solent,
2934 2369 3102 2407 sacra
3121 2357 3180 2407 et
3200 2349 3331 2405 laeta
3362 2349 3736 2420 apparuisset

2085 2443 2250 2497 visio.
2281 2443 2336 2497 Is
2369 2442 2606 2514 quidem
2642 2443 2939 2508 narrabat,
2973 2457 3107 2495 cum
3155 2458 3188 2495 a
3237 2441 3517 2511 quodam,
3552 2439 3653 2510 qui
3703 2456 3737 2494 a

2085 2533 2199 2586 ﬁde
2231 2531 2627 2602 religioneque
2661 2536 2861 2586 nostra
2890 2530 3251 2597 abhorreret,
3288 2531 3435 2584 forte
3475 2529 3736 2583 offensus

2085 2626 2242 2677 esset
2273 2621 2546 2692 (tristitiae
2580 2626 2773 2676 autem
2810 2637 2989 2676 causa
3038 2623 3182 2686 erat,
3205 2620 3360 2690 quod
3394 2617 3492 2674 ille
3522 2619 3594 2674 ab
3628 2619 3741 2672 Ec-

2084 2709 2260 2765 clesia
2282 2711 2592 2781 quemdam
2611 2710 2680 2764 ad
2697 2710 2946 2780 impium
2970 2708 3193 2764 cultum
3221 2708 3600 2777 traduxerat),
3616 2711 3743 2761 tum

2086 2816 2218 2855 cum
2253 2801 2428 2854 etiam
2462 2799 2534 2854 ab
2567 2799 2695 2870 ipso
2725 2797 3348 2870 (scilicetGhristiano,
3381 2801 3617 2866 propter
3645 2797 3743 2850 ba-

2086 2888 2395 2960 ptismum)
2425 2886 2648 2941 Hilaria
2687 2891 3034 2957 agerentur;
3085 2901 3219 2940 cum
3269 2884 3584 2955 benignam
3637 2900 3739 2954 pro

2088 2983 2339 3048 utroque
2361 2977 2430 3031 ad
2456 2975 2642 3031 Deum
2674 2977 3068 3046 precationem
3101 2974 3344 3030 fundere
3374 2989 3613 3029 necesse
3644 2988 3742 3028 es-

2088 3066 2448 3136 set,Deoque
2470 3070 2765 3120 servatore
2795 3066 3062 3134 adiutore
3091 3064 3393 3133 adjuncto,
3415 3062 3584 3117 illum
3607 3061 3740 3132 qui-

2089 3158 2222 3211 dem
2255 3160 2610 3220 convertere,
2635 3154 2792 3209 hunc
2822 3170 2954 3210 vero
2987 3153 3216 3210 vincere
3248 3152 3609 3224 benignitate
3634 3168 3739 3207 nec

2092 3245 2375 3300 desistere
2405 3245 2722 3300 admonere
2769 3259 2872 3314 per
2920 3260 3093 3298 omne
3143 3248 3398 3314 tempus,
3434 3257 3620 3312 usque
3667 3240 3740 3295 ad

2092 3331 2248 3386 hunc
2279 3332 2476 3402 ipsum
2521 3331 2698 3399 diem,
2729 3335 2906 3402 atque
2955 3331 3038 3386 ita
3082 3331 3321 3386 demum
3371 3346 3470 3385 eos
3519 3331 3590 3384 ad
3643 3329 3745 3384 Dei

2090 3422 2359 3476 notitiam
2393 3421 2706 3488 deducere;
2748 3420 2916 3492 quasi
2945 3423 3069 3491 jam
3101 3437 3186 3490 ea,
3222 3421 3292 3474 de
3325 3419 3543 3491 quibus
3573 3423 3750 3473 antea

2091 3509 2449 3574 dubitarent,
2476 3509 2799 3579 dijudicata
2829 3516 3048 3579 essent,
3081 3515 3138 3564 et
3178 3510 3248 3564 ab
3281 3507 3354 3563 iis
3385 3525 3513 3580 quae
3545 3507 3750 3562 incon-

2092 3599 2343 3653 siderate
2369 3598 2498 3653 ausi
2530 3603 2748 3665 essent,
2771 3598 3115 3669 resipiscere
3147 3597 3411 3669 legitima
3447 3597 3754 3652 severitate

2093 3693 2478 3759 cogerentur;
2510 3693 2636 3742 tum
2658 3693 2850 3742 tamen
2880 3687 2935 3741 id
2961 3687 3110 3758 quod
3137 3704 3437 3760 nunquam
3463 3686 3574 3741 sibi
3606 3701 3749 3740 usu-

2091 3779 2363 3842 venisset,
2400 3777 2553 3830 haud
2609 3778 2729 3832 scio
2777 3777 3072 3848 quomodo
3121 3793 3332 3847 magno
3382 3776 3634 3846 quodam
3689 3778 3747 3828 et

2092 3866 2299 3922 acerbo
2331 3866 2513 3920 animi
2544 3865 2742 3920 dolore
2772 3868 3120 3931 confectum,
3149 3865 3329 3936 quieti
3362 3865 3632 3930 dedisse;
3676 3880 3743 3918 ac

2092 3971 2154 4011 se
2185 3956 2420 4027 quidem
2456 3955 2742 4010 dormisse
2773 3955 2853 4009 ita
2884 3954 3033 4009 male
3063 3955 3335 4009 affectum
3386 3959 3531 4021 (erat
3579 3952 3738 4008 enim

2091 4046 2375 4114 vespera);
2406 4044 2595 4099 media
2627 4049 2821 4099 autem
2856 4043 3087 4097 circiter
3117 4049 3282 4098 nocte
3314 4043 3548 4114 (solitus
3579 4043 3738 4098 enim

2090 4137 2216 4189 erat
2254 4133 2362 4188 hoc
2401 4138 2665 4205 tempore
2696 4149 2798 4204 per
2826 4149 2888 4188 se
2919 4133 2991 4186 ad
3022 4131 3251 4186 divinos
3297 4131 3542 4203 hymnos
3591 4131 3741 4202 vigi-

2093 4223 2234 4291 lare)
2267 4224 2591 4278 surrexisse
2638 4221 2902 4294 quidem,
2936 4239 3068 4276 cum
3103 4238 3207 4277 nec
3235 4238 3513 4276 somnum
3544 4220 3741 4292 ipsum

2097 4313 2198 4384 qui
2230 4311 2386 4367 altus
2417 4311 2646 4378 fuisset,
2678 4315 2736 4365 et
2763 4327 2995 4382 semper
3048 4311 3420 4382 interruptus
3453 4310 3579 4364 sine
3610 4326 3748 4364 con-

2099 4401 2434 4456 turbatione
2467 4400 2738 4471 cepisset,
2772 4405 3026 4454 stantem
3070 4405 3267 4454 tamen
3302 4401 3371 4454 ad
3405 4399 3601 4455 divina
3633 4397 3752 4454 col-

2098 4491 2319 4562 loquia,
2352 4489 2674 4553 irreligiose
2731 4488 3014 4556 doluisse,
3042 4493 3098 4542 et
3145 4490 3351 4544 acerbe
3398 4488 3626 4556 tulisse,
3661 4489 3753 4543 di-

2103 4589 2353 4651 centem,
2388 4597 2503 4635 non
2536 4596 2664 4634 esse
2705 4595 2939 4650 aequum
2989 4579 3146 4633 viros
3194 4579 3408 4650 impios
3456 4580 3667 4646 vivere,
3697 4582 3755 4634 et

326 4664 730 4737 διαόονηθέντα
774 4668 1180 4744 πρότερον,καὶ
1241 4667 1301 4723 ἐκ
1358 4675 1456 4738 τῆς
1507 4670 1716 4747 ὀροφῆς
1771 4670 1846 4731 είς
1896 4667 1980 4724 δύ(

2105 4670 2206 4743 qui
2249 4669 2372 4724 vias
2421 4666 2646 4722 Domini
2698 4672 2888 4722 rectas
2922 4672 3354 4738 perverterent:
3402 4668 3523 4723 haec
3552 4668 3753 4722 dicen-

331 4753 502 4828 μέσος
538 4753 892 4832 διαιρεθέντα,
925 4757 1014 4812 καί
1060 4778 1178 4812 τινα
1207 4758 1378 4834 πυρὸς
1426 4757 1608 4834 φλόγα
1663 4757 1996 4837 πολνὸφωτον

325 4841 639 4919 ἔμπροσθεν
699 4846 888 4914 αὐτοῦ,
949 4847 1037 4900 καὶ
1099 4845 1326 4917 ταύτην,
1363 4843 1559 4920 (έδὸκει
1625 4847 1726 4923 γὰρ
1798 4847 1995 4903 λοιπὸν

326 4933 596 5010 ὕπαιθρος
627 4935 655 4988 ὁ
685 4933 902 5006 τόποςο)
934 4933 1132 4990 λοιπὸν
1162 4935 1222 4990 ἐκ
1257 4940 1355 4990 τοῦ
1388 4935 1640 5012 ούρανίου
1673 4937 1863 5011 χώρου
1899 4938 1999 5010 μέ,

331 5043 467 5099 χρις
527 5023 693 5078 αὐτοῦ
750 5024 1190 5102 καταφερομένην
1228 5044 1241 5057 ·
1294 5026 1386 5079 τὸν
1449 5024 1507 5080 δὲ
1563 5025 1785 5101 οὖρανὸν
1839 5025 1996 5080 αὐτὸν

325 5112 810 5186 ἀναπεπταμένον,
852 5113 938 5168 καὶ
975 5113 1064 5168 ἐπὶ
1120 5117 1200 5185 τῷ
1251 5113 1410 5186 νώτῳ
1458 5118 1555 5168 τοῦ
1615 5115 1849 5189 οὐρανοῦ
1906 5113 1998 5168 τὸν

329 5204 574 5271 Ἰησοῦν,
627 5201 863 5279 ἀπείρων
914 5202 1060 5275 αὐτῷ
1109 5200 1526 5278 ἀνθρωποειδῶς
1583 5204 1999 5279 παρισταμένων

329 5288 608 5366 ἀγγέλων.
648 5293 743 5346 Καὶ
778 5297 948 5346 ταῦτα
1012 5294 1104 5366 μὶν
1168 5289 1366 5356 ἄνωθεν
1411 5294 1657 5367 ὁρᾶσθαι,
1691 5293 1782 5347 καὶ
1842 5293 1999 5346 αὐτὸν

331 5379 633 5454 θαυμάζειν
673 5400 685 5413 ·
720 5382 869 5436 κάτω
925 5379 982 5436 δὲ
1029 5381 1202 5455 κύψας
1235 5383 1263 5436 ὁ
1305 5381 1545 5458 Κάρπος,
1580 5379 1713 5436 ἰδεῖν
1767 5379 1866 5459 ἔφη
1913 5383 2000 5437 καὶ

329 5472 400 5526 τὸ
435 5465 633 5545 ἔδαφος
663 5471 799 5547 πρὸς
829 5470 1027 5546 ἀχανές
1057 5492 1109 5525 τι
1153 5471 1341 5546 χάσμα
1383 5470 1471 5526 καὶ
1537 5471 1808 5526 σκοτεινὸν
1859 5469 2000 5547 815,5-

335 5558 644 5636 ῥηγμένον,
676 5560 768 5615 καὶ
795 5560 922 5622 τοὺς
955 5561 1050 5634 μὲν
1079 5558 1275 5638 ἄνδρας
1322 5560 1554 5622 ἐκείνους
1602 5562 1686 5624 οῖς
1734 5559 2000 5636 ἐπηρᾶτο,

2104 4766 2245 4825 tem,
2286 4763 2589 4830 precatum
2648 4773 2779 4812 esse
2829 4773 2861 4811 a
2910 4755 3047 4821 Deo,
3081 4759 3145 4810 ut
3192 4757 3504 4812 amborum
3554 4757 3756 4822 vitam,

2108 4849 2233 4906 sine
2267 4845 2667 4903 misericordia
2709 4845 2943 4900 turbine
2991 4845 3186 4916 aliquo
3234 4847 3404 4916 igneo
3447 4847 3760 4916 abrumpe-

2109 4943 2215 4994 ret.
2241 4939 2375 5003 Quae
2426 4952 2560 4990 cum
2593 4934 2859 5004 dixisset,
2893 4933 3394 4989 commemorabat
3425 4933 3535 4989 sibi
3566 4934 3759 4989 visum

2108 5043 2238 5082 esse
2269 5026 2465 5080 videre
2495 5027 2731 5096 repente
2761 5024 3004 5078 domum
3046 5024 3106 5078 in
3153 5041 3269 5096 qua
3317 5028 3518 5093 staret,
3551 5023 3764 5096 agitari

2111 5118 2392 5188 primum,
2425 5113 2635 5168 deinde
2668 5130 2700 5167 a
2724 5112 2938 5167 vertice
2964 5112 3021 5167 in
3055 5113 3203 5169 duas
3236 5117 3430 5184 partes
3486 5112 3769 5167 dimidias

2111 5203 2308 5273 divxdi,
2330 5207 2387 5258 et
2413 5208 2546 5258 ante
2577 5219 2640 5257 se
2673 5218 2879 5274 rogum
2916 5203 3236 5274 quemdam
3270 5203 3466 5276 magni
3502 5201 3769 5272 luminis,

2113 5309 2366 5364 eumque
2398 5291 2531 5362 (sub
2566 5291 2659 5346 dio
2693 5291 2849 5345 enim
2883 5289 3051 5346 locus
3081 5290 3180 5346 ille
3209 5308 3338 5347 esse
3380 5292 3707 5363 videbatur)
3743 5307 3771 5346 e

2114 5382 2258 5439 coelo
2290 5397 2479 5452 usque
2511 5380 2580 5435 ad
2615 5379 2876 5450 seipsum
2911 5380 3158 5436 deferri:
3192 5381 3400 5436 ccelum
3435 5398 3569 5437 vero
3603 5398 3772 5454 aper-

2115 5481 2232 5527 tum
2267 5475 2324 5526 et
2350 5470 2410 5524 in
2445 5485 2701 5524 convexa
2731 5467 2860 5523 caeli
2911 5470 3221 5540 superﬁcie
3251 5473 3455 5527 Jesum
3487 5472 3772 5526 assisten-

2115 5561 2273 5616 tibus
2303 5556 2839 5614 innumerabilibus
2871 5558 3122 5631 angelis,
3154 5559 3465 5615 hominum
3499 5560 3690 5633 ﬁgura
3719 5575 3778 5624 et

335 5647 448 5724 πρὸ
481 5648 647 5705 αὐτοῦ
679 5648 816 5706 κατᾶ
848 5651 912 5704 τὸ
960 5650 1185 5724 στόμιον
1234 5648 1515 5722 ἕστηκέναι
1573 5653 1670 5705 τοῦ
1718 5646 2005 5729 χᾶσματος

337 5739 719 5817 ὗποτρόμους,
770 5738 1062 5816 ἐλεεινοὺς,
1111 5738 1238 5796 ὅσον
1324 5737 1478 5798 οὔπω
1541 5738 2009 5820 καταφερομένους

2117 5650 2331 5724 specie.
2365 5651 2554 5720 Atque
2605 5647 2725 5702 haec
2781 5647 3022 5720 quidem
3056 5666 3089 5705 a
3120 5647 3264 5707 ccelo
3315 5649 3499 5706 videri
3543 5664 3780 5705 summa

2117 5756 2254 5799 cum
2295 5755 2405 5796 sua
2444 5735 2857 5796 admiratione.
2892 5741 3035 5795 Cum
3081 5743 3279 5796 autem
3327 5740 3453 5811 ipse
3501 5739 3774 5795 deorsum

675 5871 939 5933 PATBOL.
988 5875 1098 5933 Gn.
1146 5872 1246 5932 1V.
3381 5868 3454 5924 19
