4106 6398
391 363 498 421 587

1623 361 1684 413 s.
1724 357 2045 413 momen
2085 361 2596 423 AREOPAGI'm.
3701 360 3797 426 588

393 489 596 547 oculos
627 484 1029 552 convertisset,
1049 498 1286 539 cernere
1309 498 1372 538 se
1399 481 1592 538 aiebat
1623 480 1799 538 etiam
1830 484 2047 536 terram

2170 481 2274 538 ὑπὸ
2328 489 2428 550 τῆς
2483 491 2592 542 τῶν
2654 485 2867 543 οἷ’κείων
2927 484 3112 542 ποδῶν
3144 484 3441 549 ἀστασίιις⁶
3475 489 3702 546 κάτωθεν
3751 491 3801 548 δὶ

393 580 587 652 ipsam
620 577 701 631 ita
729 573 1098 640 discessisse,
1123 575 1188 628 ut
1218 574 1506 628 obscurus
1536 569 1777 643 quidam
1811 574 1866 624 et
1887 574 2048 625 tene-

393 668 662 724 bricosos
685 665 882 720 hiatus
905 661 1186 717 exsistere
1220 661 1540 716 videretur:
1576 663 1752 729 atque
1784 658 2052 714 homines

395 756 635 828 quidem
685 752 821 808 illos
871 751 1090 823 quibus
1124 751 1276 805 male
1307 753 1577 821 precatus
1614 752 1792 816 esset,
1824 752 1960 802 ante
1990 764 2054 803 se

396 846 470 901 ad
516 861 582 900 os
633 842 830 898 hiatus
877 846 1033 897 stare
1077 844 1396 894 trementes
1443 843 1502 893 et
1549 836 1820 906 miseros,
1852 840 1909 892 et
1952 836 2053 908 qui

397 936 515 990 fere
549 949 663 1005 prae
696 932 914 1004 pedum
949 945 1190 985 suorum
1225 926 1610 983 instabilitate
1641 927 2052 998 demergeren-

398 1031 519 1080 tur:
564 1023 636 1078 ab
669 1021 942 1076 inferiore
975 1023 1170 1074 autem
1205 1015 1332 1073 loco
1364 1033 1432 1072 ex
1467 1015 1630 1071 hiatu
1663 1032 1889 1087 angues
1920 1032 2053 1070 sur-

396 1129 530 1169 sum
565 1127 816 1182 serpere,
852 1113 1027 1178 atque
1058 1107 1129 1161 ad
1163 1122 1366 1161 eorum
1419 1105 1597 1177 pedes
1647 1121 1782 1160 cum
1827 1103 2051 1159 sensim

395 1205 790 1267 moverentur,
823 1198 969 1252 841
1010 1195 1310 1250 interdum
1360 1194 1598 1266 quidem
1653 1193 1891 1250 sibilare
1941 1192 2050 1248 mi-

393 1294 624 1358 nantes,
649 1286 829 1343 simul
860 1292 917 1342 et
946 1284 1348 1356 deprimentes
1380 1288 1556 1355 atque
1585 1283 1887 1338 trahentes
1915 1299 1927 1336 :
1962 1283 2052 1338 in-

390 1381 620 1435 terdum
653 1387 851 1432 autem
884 1375 1163 1430 dentibus
1185 1378 1285 1428 aut
1309 1373 1513 1428 caudis
1538 1371 1940 1442 incendentes,
1965 1371 2051 1426 vel

390 1469 813 1530 demulcentes,
845 1463 1126 1534 omnique
1159 1463 1385 1518 ratione
1433 1467 1696 1533 agentes,
1733 1467 1796 1516 ut
1843 1477 1942 1516 eos
1991 1461 2052 1516 in

389 1558 621 1614 hiatum
653 1555 822 1610 illum
870 1554 1201 1624 injicerent.
1234 1552 1378 1606 Esse
1428 1552 1606 1606 etiam
1658 1550 1942 1622 quosdam
1991 1549 2052 1604 in

389 1647 605 1715 medio,
639 1645 737 1718 qui
776 1660 892 1699 una
924 1658 1055 1697 cum
1089 1640 1464 1712 serpentibus
1508 1639 1567 1694 in
1619 1639 1890 1696 homines
1920 1638 2055 1695 illos

391 1736 734 1792 invaderent
787 1730 1198 1804 cxagitatione,
1260 1729 1456 1800 pulsu,
1508 1733 1565 1784 et
1614 1729 1995 1801 percussione
2039 1747 2052 1784 :

389 1825 548 1881 visos
603 1829 799 1879 autem
852 1836 981 1877 esse
1029 1821 1186 1875 viros
1235 1818 1525 1886 decidere,
1560 1818 1772 1890 partim
1825 1823 2054 1890 sponte,

389 1914 606 1987 partim
665 1912 865 1976 invite,
900 1910 1057 1982 quod
1109 1925 1142 1964 a
1190 1906 1344 1963 malo
1397 1907 1628 1962 sensim
1681 1913 2051 1978 cogerentur.

389 2005 679 2060 Narrabat
711 2017 882 2073 porro
914 2000 1138 2071 Carpus
1169 2014 1231 2052 se
1260 1996 1624 2068 voluptatem
1675 2013 1880 2068 capere
1911 1996 2050 2052 soli-

388 2097 539 2158 tum,
576 2107 712 2147 cum
743 2089 1023 2144 inferiora
1070 2086 1378 2160 aspiceret,
1414 2085 1719 2158 superiora
1768 2101 1901 2140 vero
1948 2103 2049 2140 ne-

387 2181 646 2252 gligere:
697 2179 951 2252 graviter
997 2182 1196 2232 autem
1244 2177 1392 2230 ferre
1442 2181 1499 2230 et
1547 2174 1859 2246 negligere,
1894 2175 2048 2246 quod

387 2271 649 2325 nondum
682 2267 1065 2332 decidissent,
1099 2270 1275 2335 atque
1305 2264 1364 2318 in
1401 2263 1548 2319 hanc
1583 2278 1700 2317 rem
1735 2280 1864 2318 cum
1897 2279 2051 2334 saepe

390 2358 784 2422 incubuisset,
818 2373 924 2411 nec
978 2353 1344 2427 profecisset,
1373 2358 1430 2408 et
1479 2353 1684 2408 acerbe
1734 2351 1963 2419 tulisse,
1995 2357 2052 2407 et

391 2449 544 2505 male
574 2453 870 2520 precatum
899 2459 1057 2500 esse:
1083 2459 1215 2498 cum
1246 2443 1340 2496 vix
1361 2443 1598 2496 tandem
1632 2442 1842 2496 caelum
1877 2459 2051 2512 aspe-

385 2537 596 2604 xisset,
626 2535 845 2591 vidisse
875 2534 1116 2606 quidem
1161 2531 1307 2586 illud
1359 2547 1618 2596 rursum,
1669 2532 2050 2602 quemadmo-

388 2627 530 2682 dum
561 2625 735 2680 eliam
769 2630 942 2679 antea
971 2622 1246 2677 vidisset:
1280 2622 1479 2676 Jesum
1513 2626 1704 2676 autem
1753 2636 1929 2691 quem
1976 2621 2048 2675 ad

391 2714 886 2780 misericordiam,
920 2712 978 2766 id
1025 2710 1180 2782 quod
1240 2709 1556 2781 gerebatur
1612 2709 2047 2775 commovisset,

388 2803 716 2861 surrexisse
745 2819 814 2858 ex
844 2799 1064 2856 caelesti
1097 2798 1266 2867 solio,
1300 2804 1357 2854 et
1387 2815 1520 2854 cum
1565 2799 1636 2853 ad
1669 2814 1770 2854 eos
1802 2799 2046 2854 descen-

388 2894 591 2961 disset,
645 2908 888 2947 manum
939 2889 1258 2961 benignam
1310 2888 1658 2960 porrexisse,
1701 2894 1758 2942 et
1807 2887 2048 2959 angelos

387 2986 487 3058 qui
523 3001 641 3040 una
669 2982 955 3039 auxilium
989 2981 1224 3047 ferrent,
1250 2979 1403 3036 viros
1423 2978 1604 3034 alium
1640 2978 1756 3034 alia
1782 2995 1851 3034 ex
1883 2984 2048 3049 parte

2164 573 2273 629 ἀπὸ
2329 579 2426 630 τοῦ
2492 579 2800 652 χάσματος,
2849 574 2998 652 ὄφεις
3055 576 3330 652 ἀνέρπειν,
3381 577 3469 630 καὶ
3523 579 3642 652 περὶ
3691 581 3804 646 τοὺς

2162 657 2336 724 πόδας
2395 662 2570 718 αὐτῶν
2637 663 3126 736 ὑποκινουμένους,
3178 664 3314 718 ποτὶ
3382 665 3477 736 μὶν
3559 667 3801 741 συρίττειν

2163 749 2684 825 έπαπειΛουμένους,
2719 756 2830 827 ἅμα
2875 753 2964 808 καὶ
3013 748 3432 828 έπιῦαροῦντας,
3485 756 3573 809 καὶ
3620 753 3798 813 ’έλκον-

2159 861 2256 902 τας
2292 859 2304 872 ·
2336 841 2469 896 ποτὶ
2495 839 2551 896 δὲ
2595 843 2683 898 καὶ
2713 849 2830 904 τοὶς
2863 841 3107 917 οὐραίοις
3139 842 3508 920 ὑποτύφοντας
3556 845 3641 899 καὶ
3677 845 3798 902 ὑπο-

2159 927 2735 1006 γαργαλίζοντας,καὶ
2793 929 2882 985 διά
2930 931 3143 992 παντὸς
3198 929 3276 992 εἷς
3321 931 3384 986 τὸ
3432 930 3625 1007 ἀχανὶς
3664 929 3816 1006 ἐμϐα-

2162 1016 2278 1072 λεῖν
2328 1021 2789 1094 μηχανωμένους,
2851 1019 3002 1076 Εἶναι
3071 1016 3128 1073 δὲ
3188 1015 3277 1072 καί
3331 1015 3525 1094 ἄνδρας
3577 1021 3720 1084 τινὰς
3766 1022 3812 1078 ἂν

2165 1107 2313 1181 μέσῳ
2360 1113 2476 1170 τοῖς
2535 1105 2708 1187 ὄφεσι,
2762 1109 2899 1163 κατά
2971 1112 3082 1163 τῶν
3149 1104 3358 1181 ἀνδρῶν
3419 1111 3811 1184 συνεπιτιθεμέ-

2159 1194 2714 1265 νους,διαδονοῦντας
2775 1198 2890 1270 ἅμα
2937 1197 3027 1251 καὶ
3084 1197 3459 1268 ὑπωθοῦντας,
3489 1198 3579 1251 καὶ
3636 1200 3820 1252 παίον-

2160 1307 2254 1347 τας
2289 1307 2301 1320 ο
2339 1284 2559 1341 ἰδόκουν
2589 1287 2646 1342 δὲ
2678 1289 2817 1342 εἷναι
2848 1286 2984 1360 πρὸς
3013 1285 3082 1340 τὸ
3132 1290 3316 1340 πεσεῖν
3366 1283 3589 1358 ἐκεῖνοι,
3619 1287 3685 1342 τὰ
3735 1289 3820 1361 μὶν

2165 1374 2268 1430 ἐκό
2295 1398 2439 1445 ντες,
2486 1379 2553 1430 τά
2613 1375 2668 1431 δὲ
2720 1374 2962 1446 ἔχοντες,
3031 1375 3135 1430 ὑπὸ
3183 1379 3280 1429 τοῦ
3325 1379 3496 1430 κακοῦ
3548 1376 3821 1451 βιαζόμενο

2163 1467 2286 1519 κατ’
2319 1464 2510 1540 ὀλίγον
2562 1467 2674 1538 ἅμα
2711 1466 2801 1520 καὶ
2850 1464 3189 1537 πειθόμενοι.
3241 1465 3437 1539 Ἔλεγε
3486 1461 3544 1518 δὶ
3597 1464 3745 1519 αὐτὸν
3787 1467 3811 1521 ὁ

2168 1555 2390 1628 Κάρπος
2419 1551 2643 1623 ἥδεσθαι
2675 1555 2826 1608 κάτω
2861 1552 3157 1629 βλέποντα,
3186 1557 3294 1608 τῶν
3329 1550 3440 1607 ἄνω
3473 1549 3531 1607 δὶ
3559 1552 3771 1626 ἀμελεῖν
3798 1572 3810 1587 ·

2167 1639 2536 1719 δυσχεραίνειν
2598 1641 2655 1698 δὶ
2706 1643 2798 1698 καὶ
2854 1642 3172 1717 ὀλιγωρεῖν,
3205 1641 3290 1697 ὅτι
3339 1642 3417 1715 μή
3460 1639 3568 1712 ἤδη
3601 1643 3811 1696 πεπτώ-

2164 1753 2310 1801 κασι,
2369 1732 2458 1786 καὶ
2513 1731 2594 1804 τῷ
2646 1733 2926 1806 πράγματι
2992 1729 3268 1792 πολλάκις
3338 1729 3654 1804 ἐπιθέμενον
3728 1731 3810 1786 καὶ

2167 1818 2594 1890 ἀδυνατήσαντα,
2661 1820 2996 1895 ἀχθεσθῆναι
3033 1865 3047 1889 ,
3093 1821 3183 1874 καὶ
3277 1818 3644 1894 ἐπαράσασθαι
3672 1837 3686 1853 ·
3731 1819 3813 1874 καὶ

2165 1907 2526 1964 ἀνανεύσαντα
2578 1908 2764 1982 μόλις,
2825 1906 2960 1964 ἰδεῖν
3013 1909 3109 1982 μὲν
3188 1906 3340 1972 αὖθις
3413 1909 3508 1962 τὸν
3579 1906 3810 1981 οὐρανὸν,

2161 1999 2341 2072 ὥσπερ
2371 1998 2462 2053 καὶ
2508 1998 2770 2074 πρότερον
2833 1999 3060 2072 ἑωράκει
3102 2015 3117 2033 ⁸
3145 1997 3237 2052 τὸν
3284 1994 3341 2052 δὲ
3389 1997 3626 2066 Ἰησοῦν,
3659 1995 3807 2067 ἐλεή-

2162 2108 2325 2142 σαντα
2373 2087 2436 2141 τὸ
2491 2087 2799 2161 γινόμενον,
2861 2086 3208 2157 ἐξαναστῆναι
3275 2089 3377 2140 τοῦ
3433 2084 3807 2160 ὑπερουρανίου

2163 2176 2376 2252 θρόνου,
2409 2175 2498 2230 καὶ
2523 2173 2628 2240 ἓως
2659 2175 2832 2230 αὐτῶν
2877 2171 3182 2230 καταϐάντα
3227 2180 3395 2250 χεῖρα
3443 2174 3648 2250 ἀγαθήν
3699 2173 3810 2247 ὀρέ-

2159 2287 2269 2340 γειν
2306 2284 2319 2297 ’
2352 2265 2441 2320 καὶ
2468 2267 2597 2327 τοὺς
2630 2264 2915 2341 ἀγγέλους,
2949 2264 3095 2336 αὐτῷ
3145 2257 3810 2336 συνεπιλαμϐανομένους,

2162 2353 2332 2410 ἄλλον
2367 2352 2600 2418 ἄλλοθεν
2634 2355 2950 2429 ἀντέχεσθαι
2979 2359 3096 2408 τοῖν
3132 2351 3380 2428 ἀνδροῖν,
3411 2352 3506 2407 καὶ
3555 2352 3718 2407 εἰπεῖν
3741 2357 3813 2424 τῷ

2162 2445 2364 2519 Κάρπῳ
2418 2444 2511 2498 τὸν
2546 2445 2785 2513 Ἰησοῦν,
2820 2450 2922 2513 τῆς
2972 2442 3160 2518 χειρὸς
3208 2440 3318 2513 ⁴ἤδη
3369 2442 3811 2518 προτεταμένηςο

2162 2558 2190 2585 ‹‹
2221 2539 2353 2587 Παῖε
2397 2533 2517 2588 κατ’
2543 2532 2678 2605 ἐμοῦ
2706 2533 2901 2588 λοιπόν
2940 2553 2952 2567 ο
2985 2529 3210 2605 ἓτοιμος
3243 2531 3344 2607 γάρ
3385 2530 3504 2604 εἶμι
3554 2532 3641 2586 καὶ
3675 2529 3814 2592 αὖθις

2163 2623 2294 2698 ὑπὲρ
2332 2623 2627 2698 ἀνθρώπων
2661 2622 3088 2694 ἀνασωζομένων
3131 2627 3347 2691 παθεῖν,
3386 2620 3479 2676 ιαὶ
3531 2619 3817 2694 προσφιλές

2167 2733 2263 2784 μοι
2295 2708 2480 2778 τοῦτο,
2516 2712 2592 2783 μὴ
2626 2709 2814 2766 ἄλλων
2849 2710 3269 2787 ἁμαρτανόντων
3306 2710 3642 2786 ἀνθρώπων.
3671 2707 3812 2776 Πλὴν

2159 2800 2260 2875 ὅρα
2309 2800 2353 2854 εί
2402 2799 2586 2862 καλῶς
2633 2798 2748 2875 ἔχει
2799 2821 2883 2854 σοι
2926 2801 3025 2867 τὴν
3065 2799 3118 2854 ἐν
3148 2803 3228 2871 τῷ
3253 2797 3538 2874 χάρματι,
3571 2797 3661 2853 καὶ
3695 2795 3818 2871 μετά

2155 2893 2264 2942 τῶν
2297 2884 2470 2966 ὄφεων
2509 2889 2679 2961 μονὴν
2721 2886 3153 2958 ἀνταλλάξασθαι
3190 2894 3290 2958 τῆς
3347 2888 3500 2960 μετὰ
3558 2891 3688 2942 Θεοῦ
3735 2884 3817 2940 καὶ

2157 2981 2264 3032 τῶν
2295 2979 2508 3053 ἀγαθῶν
2542 2977 2632 3032 καὶ
2665 2976 3068 3055 φιλανθρώπων
3103 2975 3357 3054 ἀγγέλων
3381 3023 3394 3035 .
3428 3001 3457 3032 ››

385 3072 722 3136 retinuisse,
753 3071 970 3126 dixisse
999 3073 1184 3140 Carpo
1213 3069 1416 3124 Jesum
1453 3072 1779 3138 porrectam
1810 3066 2004 3122 adhuc
2036 3083 2276 3122 manum
2310 3067 2586 3123 babenti:
2624 3090 2651 3117 ‹‹
2683 3067 2808 3122 Feri
2842 3083 2935 3122 me
2957 3068 3084 3138 jam
3113 3086 3126 3138 ;
3171 3071 3428 3138 paratus
3480 3082 3614 3124 sum
3663 3063 3808 3121 enim

384 3177 624 3219 rursum
665 3159 877 3216 salutis
906 3159 1215 3214 hominum
1248 3172 1424 3212 causa
1456 3164 1700 3211 mortem
1736 3157 1996 3228 perpeti:
2052 3157 2317 3228 mihique
2349 3157 2458 3212 hoc
2491 3162 2829 3229 pergratum
2877 3162 2990 3222 est,
3023 3157 3163 3212 dum
3221 3156 3318 3212 alii
3384 3157 3664 3212 homines
3712 3169 3814 3209 non

385 3255 648 3325 peccent.
683 3250 790 3305 Sed
822 3248 974 3319 vide,
1006 3264 1150 3303 num
1185 3246 1288 3301 tibi
1323 3243 1465 3300 utile
1495 3245 1572 3299 sit
1603 3243 1754 3300 hanc
1788 3245 1845 3299 in
1875 3245 2035 3301 hiatu
2069 3251 2125 3301 et
2155 3262 2290 3302 cum
2323 3247 2698 3318 serpentibus
2733 3245 3124 3313 mansionem,
3159 3247 3468 3304 mansioni
3519 3261 3652 3302 cum
3707 3245 3808 3299 Deo

385 3346 444 3397 et
473 3339 743 3412 benignis
775 3338 1204 3409 hominumque
1236 3333 1572 3390 amantibus
1604 3333 1828 3406 angelis
1858 3339 2233 3405 anteponere.
2268 3356 2297 3384 »

456 3469 589 3536 Ipse
637 3463 836 3535 igitur,
871 3463 1119 3518 formam
1160 3459 1568 3516 ecclesiasticae
1601 3459 2042 3516 constitutionis

2220 3458 2395 3523 Αὐτὸς
2422 3457 2601 3514 τοίνυν
2637 3459 2728 3513 καὶ
2758 3465 2858 3528 τῆς
2913 3455 3379 3529 έκκλησιαστικῆς
3441 3457 3807 3517 καταστάσεως

383 3555 827 3624 interpretatus,
863 3557 1066 3624 postea
1096 3550 1168 3604 ad
1203 3547 1594 3604 occidentales
1635 3557 1824 3620 partes
1855 3550 2044 3621 impe-

385 3648 555 3698 rante
587 3641 920 3697 Domitiano
963 3638 1246 3711 pervenit,
1284 3637 1606 3710 multisque
1655 3638 1936 3694 exhibitis
1985 3637 2044 3691 in

385 3732 618 3788 civitate
649 3729 966 3786 Parisiensi
1011 3727 1335 3796 miraculis,
1367 3727 1552 3799 capite
1601 3727 1880 3798 plectitur
1911 3743 1925 3781 :
1979 3741 2046 3780 ao

383 3822 526 3877 dum
558 3820 754 3892 ipsum
789 3817 1042 3892 propriis
1086 3817 1362 3872 manibus
1407 3817 1787 3887 suscepisset,
1823 3815 1895 3869 ad
1930 3814 2046 3866 duo

385 3911 642 3968 miliaria
672 3927 1023 3983 progressus
1054 3912 1164 3972 est,
1191 3925 1326 3963 cum
1361 3908 1754 3980 spectantium
1789 3905 2047 3958 admira-

382 4003 563 4068 tione,
597 4017 783 4071 nsque
834 4000 1000 4072 prius
1039 3999 1233 4070 ipsum
1265 3997 1526 4061 demisit,
1559 4012 1737 4066 quam
1793 3990 2045 4058 mulieri,

383 4091 478 4146 cui
514 4107 726 4146 nomen
758 4087 983 4158 Catula,
1019 4103 1355 4156 occurrens,
1389 4086 1461 4140 ab
1511 4101 1600 4149 ea,
1632 4082 1832 4137 divino
1881 4098 2046 4152 pror-

381 4197 486 4236 sus
528 4179 797 4244 consilio,
827 4177 1322 4249 comprehensus,
1356 4175 1484 4245 ejus
1538 4173 1812 4227 manibus
1866 4168 2046 4226 veluti

379 4268 726 4324 thesaurum
755 4266 1012 4339 aliquem
1037 4266 1454 4338 imposuisset:
1477 4259 1751 4316 similiter
1770 4259 2048 4314 Rusticus

379 4362 438 4412 et
479 4355 852 4413 Eleutherius
904 4354 1067 4409 illius
1117 4349 1395 4424 discipuli
1446 4349 1637 4420 capite
1688 4348 2045 4420 plectuntur,

379 4451 561 4518 atque
589 4461 724 4500 cum
758 4444 910 4500 sacri
943 4443 1232 4516 praeconis
1250 4437 1600 4510 etinartyris
1633 4448 1874 4508 corpore
1906 4453 2046 4492 san-

379 4541 611 4591 ctorum
644 4550 892 4606 corpora
936 4532 1322 4604 abjiciuntur,
1359 4528 1498 4584 feris
1526 4532 1582 4582 et
1612 4527 1819 4582 avibus
1852 4527 1910 4580 in
1946 4543 2045 4597 pa-

377 4624 586 4680 bulum
638 4625 886 4694 objecta.
939 4621 1191 4685 Quidam
1249 4634 1385 4672 vero
1447 4615 1708 4671 ﬁdelium
1766 4615 2045 4686 reliquias

377 4720 718 4768 sanctorum
765 4711 1030 4783 capiunt,
1062 4714 1120 4764 et
1161 4707 1221 4761 in
1270 4707 1522 4762 obscuro
1569 4703 1694 4760 loco
1740 4705 2046 4774 deponunt

377 4805 615 4872 propter
645 4799 1018 4871 ingruentem
1051 4794 1396 4851 carnificum
1431 4791 1703 4848 timorem
1735 4810 1745 4847 :
1795 4809 1929 4846 cum
1960 4791 2048 4862 illi

377 4895 574 4946 autem
601 4887 1092 4954 abiissent,beata
1109 4881 1314 4939 Catula
1333 4887 1658 4954 martyrum
1681 4881 1960 4953 reliquias
1984 4880 2042 4935 in

376 4978 576 5050 aliquo
629 4977 847 5048 templo
895 4973 1172 5040 collocat,
1218 4969 1312 5026 die
1359 4970 1531 5026 tertia
1575 4969 1858 5026 Octobris.
1907 4970 2044 5025 Erat

376 5083 535 5137 vero,
561 5066 611 5122 si
644 5079 984 5136 corpoream
1029 5066 1258 5132 spectes
1307 5060 1584 5132 speciem,
1609 5062 1763 5117 342
1810 5060 2041 5132 magni-

374 5157 579 5211 tudine
617 5153 917 5216 mediocri,
944 5165 1160 5216 macer,
1189 5149 1584 5220 subpallibus,
1607 5167 1748 5206 naso
1771 5151 2041 5221 aliquan-

374 5243 568 5300 tulum
619 5244 919 5313 depresso,
954 5237 1288 5309 superciliis
1346 5240 1684 5307 contractis,
1717 5239 1902 5295 oculis
1936 5239 2040 5294 de-

373 5333 574 5398 fossis,
606 5331 852 5387 auribus
901 5329 1133 5399 magnis
1182 5331 1482 5399 preditus,
1509 5347 1713 5400 canus,
1747 5334 2036 5396 comatus,

374 5421 560 5476 barba
577 5435 704 5490 quae
724 5417 890 5472 labra
922 5416 1157 5487 quidem
1190 5419 1363 5473 vestit
1394 5419 1690 5474 moderate
1724 5417 2036 5490 promissa,

377 5526 505 5580 qua:
537 5512 736 5562 autem
761 5524 792 5561 a
821 5510 1016 5560 mento
1039 5506 1158 5562 exit
1180 5524 1335 5577 rara,
1359 5507 1670 5579 paululum
1704 5513 2036 5573 ventrosus,

376 5596 575 5668 digitis
593 5595 1138 5670 oblongis.Festum
1169 5597 1295 5669 ejus
1329 5597 1661 5654 celebratur
1693 5597 1751 5652 in
1788 5597 2035 5652 sanctis-

379 5685 532 5742 sima
563 5701 777 5760 magna
808 5684 1084 5743 Ecclesia.

2157 3547 2494 3621 ἑρμηνεύσας
2549 3546 2642 3602 τὸν
2701 3547 2894 3616 τύπον,
2957 3547 3093 3619 μετά
3146 3551 3317 3601 ταῦτα
3370 3542 3702 3602 καταλαϐὼν
3752 3541 3814 3597 τά

2157 3635 2377 3710 ἑσπέρια
2429 3636 2568 3708 μέρη
2629 3634 2716 3690 έπὶ
2785 3643 2888 3705 τῆς
2976 3635 3256 3711 βασιλείας
3318 3637 3683 3710 Δομετιανοῦ,
3732 3628 3812 3686 καὶ

2156 3722 2345 3778 πολλὰ
2374 3723 2621 3796 θαύματα
2672 3722 3097 3798 ἐπιδειξάμενος,
3127 3723 3180 3779 έν
3233 3725 3477 3800 Παρισίᾳ
3522 3728 3594 3798 τῇ
3641 3721 3811 3789 πόλει,

2156 3814 2257 3880 τὴν
2301 3812 2544 3881 κεφαλὴν
2578 3813 2934 3886 ἀποτέμνεται
2974 3835 2986 3847 ο
3019 3813 3112 3868 καὶ
3160 3812 3370 3885 ταύτην
3427 3811 3591 3875 ῗδίαις
3641 3810 3814 3888 χερσὶν

2163 3899 2579 3973 ὑποδεξάμενος,
2618 3901 2782 3978 μέχρι
2815 3901 2910 3958 δύο
2952 3902 3152 3976 μιλίων
3203 3898 3450 3972 έϐάδισε,
3485 3905 3667 3974 θαῦμα
3707 3903 3812 3958 τοῖς

2160 3990 2361 4064 ὁρῶσιν
2401 3990 2798 4064 ἐνστησάμενος
2821 4011 2833 4023 ⁸
2866 3992 2958 4046 καὶ
2991 3991 3051 4046 οὐ
3083 3991 3351 4067 πρότερον
3387 3991 3598 4061 ταύτην
3639 3989 3812 4058 ἀνῆκε,

2158 4079 2283 4150 πρὶν
2341 4081 2430 4135 ὅτε
2481 4081 2694 4156 γυναικὶ
2753 4081 2983 4154 ὀνόματι
3041 4078 3293 4152 Κατοῦλᾳ
3356 4081 3694 4150 ὑπαντήσας,
3736 4075 3814 4130 καὶ

2156 4169 2293 4224 κατά
2336 4169 2475 4224 Θείαν
2535 4172 2750 4232 πάντως
2783 4171 3066 4246 συσχεθεὶς
3112 4170 3406 4246 πρόνοιαν,
3439 4174 3561 4231 ταῖς
3621 4166 3815 4233 ἐκείνης

2157 4256 2440 4332 παλάμαις
2501 4259 2615 4314 οἷόν
2673 4281 2795 4314 τινα
2855 4260 3128 4336 θησαυρὸν
3182 4259 3507 4324 ἐναπέθετο.
3559 4255 3816 4314 Ὡσαύτως

2157 4349 2465 4412 Ῥουστικὸς
2515 4350 2604 4404 καὶ
2650 4348 2995 4424 Ἐλευθέριος
3053 4353 3505 4423 καρατομοῦνται
3567 4347 3618 4401 oi
3667 4344 3815 4399 αὐτοῦ

2159 4437 2414 4511 φοιτηταί
2455 4456 2467 4468 °
2497 4438 2583 4492 καὶ
2640 4437 2731 4491 σὺν
2777 4442 2856 4509 τῷ
2909 4441 3227 4512 μαρτυρικῷ
3270 4440 3497 4510 σώματι
3535 4439 3635 4490 τοῦ
3683 4433 3817 4506 ἱεροῦ

2155 4524 2394 4596 κήρυκος
2425 4526 2493 4579 τά
2520 4529 2628 4580 τῶν
2660 4525 2825 4600 ἁγίων
2865 4526 3094 4598 σώματα
3128 4524 3441 4600 ῥίπτονται,
3475 4521 3640 4597 θηρσὶ
3694 4516 3817 4597 βορὰ

2155 4612 2246 4666 καὶ
2306 4612 2512 4687 ὀρνέοις
2581 4613 2937 4690 προκείμενα.
3003 4618 3210 4670 ΙΙιστῶν
3283 4611 3343 4668 δέ
3400 4634 3551 4675 τινες
3601 4610 3668 4666 τὰ
3717 4610 3814 4662 τῶν

2157 4698 2325 4773 ἁγίων
2378 4695 2720 4772 λαμϐάνουσι
2770 4699 3022 4774 λείψανα,
3053 4700 3143 4754 καὶ
3195 4699 3248 4755 ἰν
3304 4704 3390 4772 τῷ
3438 4699 3634 4776 ἀφανεῖ
3664 4712 3814 4750 κατα-

2155 4789 2390 4844 τίθενται
2425 4786 2513 4843 διά
2540 4790 2634 4845 τὸν
2668 4789 3008 4863 ἐπικείμενον
3042 4784 3212 4868 φόϐον
3262 4793 3376 4843 τῶν
3432 4787 3654 4861 δημίων
3685 4805 3698 4819 ο
3728 4779 3817 4837 κᾶ-

2851 4851 2862 4863 .
3055 4851 3066 4868 .
3490 4851 3525 4861 ..

2078 4851 2345 4931 1)›ιείνων
2405 4875 2857 4953 ἀπαλλαγέντων,
2917 4875 2969 4933 ἔν
3027 4899 3134 4932 τινι
3203 4878 3270 4932 τά
3349 4881 3466 4931 τῶν
3534 4871 3811 4950 μαρτύρων

2153 4968 2382 5042 λείψανα
2431 4971 2467 5037 ἡ
2531 4967 2770 5044 μακαρία
2831 4967 3079 5025 ΚατοόΑα
3147 4965 3443 5040 δομήματι
3504 4961 3813 5029 κατατίθησι

2150 5059 2342 5130 τρίτην
2379 5053 2688 5131 ὀκτωϐρίου
2739 5058 2912 5131 μηνὸς
2966 5055 3218 5132 ἄγοντος.
3253 5058 3357 5113 Ἦν
3427 5053 3488 5110 δὶ
3547 5054 3682 5108 κατά
3733 5049 3813 5102 τὸν

2154 5147 2462 5220 σωματικὸν
2490 5147 2657 5200 τύπον
2690 5147 2751 5201 τὸ
2785 5146 3012 5222 μέγεθος
3060 5146 3244 5220 μέσος,
3281 5144 3508 5218 ἴσχνὸς,
3541 5142 3813 5216 ὕπωχρος,

2155 5237 2426 5309 ὑπόσιμος
2457 5238 2558 5305 τὴν
2592 5236 2736 5312 ῥῖνα,
2764 5237 2861 5300 τὰς
2892 5237 3060 5314 ὀφρῦς
3111 5233 3583 5306 συνεσπασμένος,
3637 5226 3814 5285 κοῖλος

2148 5329 2274 5389 τοὺς
2311 5325 2652 5404 ὀφθαλμοὺς,
2686 5323 2799 5380 ὦτα
2834 5324 3043 5401 μεγάλα
3079 5322 3251 5400 ἔχων,
3281 5321 3515 5390 πολιὸς,
3548 5319 3813 5393 κομήτης,

2153 5418 2389 5490 μετρίως
2427 5414 2796 5489 βαθυνόμενος
2824 5415 2923 5484 τὴν
2957 5416 3198 5485 ὑπήνην,
3229 5411 3427 5486 ἀραιὸς
3457 5411 3562 5477 τὴν
3607 5406 3810 5482 ἔκφυσιν

2145 5509 2241 5559 τοῦ
2285 5503 2517 5580 γενείου,
2562 5502 2743 5579 ἡμέρα
2790 5503 3142 5579 προγάστωρ,
3180 5496 3646 5575 μακροδάκτυλος
3700 5495 3810 5550 ταῖς

2145 5593 2354 5672 χερσίν.
2387 5594 2450 5650 Ἥ
2503 5590 2560 5648 δὶ
2590 5594 2802 5664 σύναξις
2833 5593 2999 5650 αὐτοῦ
3041 5590 3275 5649 τελεῖται
3329 5588 3386 5644 ἰν
3435 5589 3512 5662 τῇ
3542 5583 3804 5662 ἁγιωτάτῃ

2148 5681 2362 5758 μεγάλῃ
2397 5683 2720 5756 Ἐκκλησία.
