4106 6384
1288 357 1484 428 VITA,
1521 359 1860 416 AUCTORE
1895 363 2238 418 SYMEONE
2276 367 2831 425 METAPHRABTE.
3671 378 3782 436 590

353 515 2916 546 _______________________________________________

649 671 1606 806 ΕΥΜΕΩΝΟΣ
1713 678 2062 809 ΤΟΥ
2174 683 3490 824 ΜΕΤΑΦΡΑΣΤΟΥ

1162 925 1574 1056 ΒΙΟΣ
1689 929 1998 1059 ΚΑΙ
2113 935 2969 1070 ΠΟΓΙΤΕΙΑ

1218 1176 1638 1274 ΑΓΙΟΙΣ
1751 1181 2249 1281 ΠΑΤΡΟΣ
2370 1187 2741 1284 ΗΜΩΝ
2860 1193 3554 1294 ΔΙΟΝΥΣΙΟΥ

1314 1370 1717 1428 ΕΠΙΣΟΠΚΟΥ
1766 1374 2074 1442 ΑΘΗΝΩΝ,
2105 1377 2238 1432 ΤΟΥ
2278 1377 2810 1437 ΑΡΕῙΟΠΑΓΙΤΟΥ.

567 1173 818 1270 ΤΟΥ
935 1176 1096 1270 ΕΝ

870 1682 1758 1814 SYMEONIS
1889 1688 3250 1827 METAPHBAST/E

1329 1891 1617 1985 VITA
1671 1891 1828 1987 ET
1899 1893 2790 2038 CONVERSATIO

980 2079 1450 2167 SANCTI
1534 2081 2152 2172 DIONYSII
2237 2089 2393 2192 AR
2432 2088 3134 2180 EOPAGIT/E

1576 2248 1934 2310 EPISCOPI
1979 2252 2534 2317 ATHENIENSIS.

337 2381 590 2443 Incerto
620 2379 993 2460 intreprete,
1029 2399 1258 2477 rursus
1295 2399 1439 2441 cum
1491 2383 1708 2477 Grmco
1759 2383 2107 2477 exemplari
2157 2385 2388 2449 collata
2419 2409 2460 2477 ει
2487 2394 2673 2454 Petro
2721 2395 3069 2477 Lansselio,
3105 2395 3595 2477 Gravelingano,
3627 2395 3771 2462 Soc.

1225 2462 1372 2524 Jesn
1405 2464 1795 2543 presbytero,
1832 2462 2215 2547 qui—primus
2245 2486 2382 2530 eam
2417 2474 2632 2534 Graece
2670 2474 2890 2537 edidit.

450 2757 861 2815 ΜΑΡΤΥΡῙΟΝ
905 2759 1040 2814 ΤΟΥ
1090 2758 1297 2815 ΔΓΙΟΥ
1339 2759 1707 2816 ΔΙΟΝΥΣΙΟΥ
1749 2757 1887 2816 ΤΟΥ

901 2833 988 2886 ΑΡ
1000 2830 1429 2887 ΕΙΟΠΔΓῙΤΟΥ.

870 2944 1033 3022 χόριε
1058 2990 1072 3017 ,
1141 2944 1466 3021 εὖλόγησον.

414 3053 592 3109 Πάλαι
625 3053 719 3125 μὲν
763 3049 813 3107 ἒν
847 3052 1041 3115 τόποις
1093 3053 1156 3120 ἦν
1199 3054 1274 3109 τὰ
1309 3059 1408 3122 τῆς
1441 3051 1674 3114 πίστεως
1707 3053 1793 3107 καὶ
1829 3052 1998 3127 αἰνίγ-

347 3164 502 3216 μασι,
532 3142 623 3198 καὶ
655 3142 718 3197 τὸ
748 3149 848 3213 τῆς
891 3140 1151 3210 ἀληθείας
1202 3143 1409 3220 φέγγος
1435 3146 1515 3210 τῷ
1535 3144 1633 3211 τῆς
1668 3147 1821 3204 σκιᾶς
1853 3141 1998 3220 νὲφει

338 3231 795 3288 συνεκαλύπτετο.
857 3230 1008 3288 Ἑπεί
1063 3229 1121 3286 δὲ
1167 3232 1228 3286 τὸ
1283 3232 1420 3306 μὲγα
1467 3238 1566 3301 τῆς
1615 3233 1774 3304 ἡμῶν
1820 3252 2000 3302 σωτη-

338 3321 458 3396 ρίας
490 3319 912 3396 ἐπραγματεῦθη
959 3323 1286 3396 μυστήριον,
1331 3320 1421 3375 καὶ
1453 3321 1481 3375 6
1513 3319 1725 3382 πλάσας
1757 3319 2000 3392 καταμόο

336 3431 434 3473 νας
490 3413 586 3473 τὰς
640 3408 867 3486 καρδίας
933 3412 1092 3482 ἡμῶν
1155 3414 1234 3482 τῷ
1281 3416 1382 3478 τῆς
1422 3408 1623 3471 οἰκείας
1671 3409 1794 3482 περὶ
1851 3411 2000 3481 ἡμᾶς

341 3498 514 3574 οἴκτῳ
545 3499 930 3577 χρηστότητος
977 3500 1374 3573 ἀναμαρτήτως
1423 3502 1639 3574 γέγονεν
1682 3499 1757 3560 ὡς
1788 3500 1954 3571 ἡμεῖς
1984 3517 1996 3530 ·

335 3589 523 3646 τᾶλλα
551 3611 611 3647 τε
654 3586 917 3660 ὕπῆλθεν,
971 3588 1069 3644 ὅσα
1110 3596 1210 3657 τῆς
1264 3589 1610 3662 ἀνθρωπίνης
1654 3585 1795 3642 ἐστὶν
1847 3588 2000 3642 ἀσθε-

335 3680 506 3751 νείας,
550 3677 628 3733 τίν⁹
671 3678 777 3757 ιγὼ
825 3680 922 3748 τήν
973 3679 1198 3751 πρώτην
1246 3672 1514 3732 ἀπολάϐω
1564 3678 1830 3751 εὐγένειαν
1863 3695 1876 3709 ⁸
1909 3676 2000 3731 καὶ

335 3768 503 3830 τέλος
535 3769 626 3824 τὸν
662 3766 750 3823 διὰ
782 3773 1016 3842 σταυροῦ
1067 3769 1292 3822 θάνατον
1325 3767 1701 3843 κατακρίνεται
1737 3785 1750 3798 ’
1792 3764 1881 3821 καὶ
1907 3763 2000 3820 ’ἱνα

341 3859 422 3931 μὴ
451 3859 518 3912 τὰ
544 3859 662 3912 καθ’
689 3854 913 3914 ἕκαστον
947 3856 1116 3933 λὲγῳ,
1160 3853 1368 3930 (πολλᾶ
1391 3857 1490 3932 γὰρ
1517 3856 1583 3910 τᾶι
1615 3854 1666 3910 ἐν
1703 3855 1852 3928 μὲσῳ
1899 3861 1998 3923 τῆς

335 3946 660 4019 οἰκονομίας
695 3945 859 4001 αὖνοῦ
894 3947 1169 4020 μυστήρια
1309 3943 1476 4019 πὲρας
1523 3945 1592 3998 τὰ
1619 3946 1718 4012 τῆς
1755 3964 1997 4015 σωματι-

329 4043 442 4105 κῆς
476 4032 736 4108 ἐνδημίας
770 4033 989 4111 δέχεται
1024 4053 1038 4066 ⁸
1071 4035 1137 4089 τὰ
1168 4031 1226 4089 δὲ
1257 4039 1355 4088 τοῦ
1385 4032 1695 4107 πνεύματος
1728 4029 1955 4107 ἄρχεται
1978 4052 1992 4066 ο

328 4125 425 4180 καὶ
463 4124 539 4186 εἰς
571 4123 833 4196 οὐρανοὺς
866 4125 894 4179 6
925 4122 1055 4197 ἐμὸς
1079 4123 1309 4196 Χριστὸς
1341 4121 1658 4200 ἀναφέρεται
1691 4138 1706 4152 ⁸
1736 4120 1826 4175 καὶ
1859 4118 1996 4196 πρὸς
2029 4155 2077 4220 Β

326 4215 425 4270 τὸν
461 4214 732 4286 πακρικὸν
763 4211 1004 4268 ἐπάνεισι
1059 4212 1250 4288 θρόνον
1285 4230 1297 4242 ·
1351 4212 1441 4266 καὶ
1472 4211 1534 4266 τὸ
1564 4209 1997 4285 ἐκπορευόμενον

331 4304 503 4360 αὖτοῦ
536 4307 755 4376 Πνεῦμα
801 4302 889 4358 ἐπὶ
933 4304 1036 4371 τήν
1083 4307 1189 4356 τῶν
1238 4300 1476 4356 ἀπίστων
1528 4300 1694 4364 ἐνθῶν
1723 4319 1999 4370 καταπεμ-

330 4414 426 4448 πει
460 4398 575 4456 τοῖς
611 4394 880 4466 μαθηταῖς
911 4390 1162 4467 ἀδηγίαν,
1189 4390 1260 4446 δι’
1290 4391 1353 4445 οὗ
1383 4389 1471 4445 καὶ
1503 4391 1530 4444 6
1561 4389 1826 4464 μακάριος
1857 4387 2004 4442 Παῦ-

331 4481 440 4546 λος
465 4481 570 4538 ἆπὸ
598 4489 699 4552 τῆς
732 4481 886 4544 σγιὰς
938 4481 1365 4556 ἐχειραγωγήθη
1412 4480 1550 4555 πρὸς
1587 4481 1685 4547 τὴν
1716 4476 2001 4551 ἀλήθειαν,

329 4571 461 4626 τότε
492 4568 559 4641 δὴ
591 4571 716 4626 τότε
751 4573 908 4642 ζήλῳ
938 4574 1018 4643 τῷ
1041 4569 1168 4645 περὶ
1211 4571 1305 4624 τὸν
1351 4568 1583 4640 Χριστὸν
1617 4567 1777 4628 οὗτος
1809 4565 2001 4637 ἁλοὺς,

331 4662 393 4716 ὃν
427 4659 720 4737 ἐζωγρήθη
775 4660 977 4734 τρόπον
1018 4660 1155 4736 πρὸς
1198 4660 1297 4729 τὴν
1360 4651 1657 4726 εὐσέϐειαν,
1688 4661 1879 4710 τοῦτον
1910 4657 2002 4710 καὶ

329 4751 437 4819 τήν
471 4749 803 4823 οἶκουμὲνην
837 4747 1090 4804 ἔσπευδεν
1124 4746 1636 4813 ἐπισπάσασθαι,καὶ
1659 4748 1881 4820 Χριστῷ
1912 4743 2004 4800 διὰ

329 4845 440 4908 τῆς
472 4837 708 4900 πίστεως
743 4838 1145 4893 οἰκειώσασθαι.
1198 4837 1304 4893 Καὶ
1331 4834 1422 4891 *ἱνα
1470 4835 1536 4890 τὰ
1573 4835 1628 4890 ἐν
1662 4831 2003 4912 Ἀμφιπόλει

330 4929 425 4983 καὶ
462 4927 734 5000 Θεσσαλίᾳ
764 4932 944 5004 παρῶ,
978 4927 1066 4982 καὶ
1098 4927 1150 4982 ἐν
1190 4927 1269 4988 οἷς
1302 4928 1330 4982 6
1369 4924 1566 4980 τούτου
1595 4923 1783 4999 λόγος,
1819 4923 2000 4997 ὥσπερ

328 5038 417 5080 τις
450 5024 688 5093 σαγήνη,
713 5018 842 5079 τοὺς
894 5015 1142 5079 πολλοὺς
1181 5017 1320 5091 πρὸς
1346 5015 1445 5084 τήν
1480 5008 1748 5069 εὐσέϐειαν
1781 5009 2003 5086 ἤγρευε,

326 5111 442 5162 τῶν
478 5106 532 5161 ἐν
562 5108 820 5176 Ἀθήναις
879 5106 1057 5179 μόνων
1115 5107 1520 5179 μνησθήσομαι,
1563 5100 1632 5157 δι’
1676 5103 1748 5156 ὧν
1779 5103 2004 5173 θήραμα

330 5195 418 5270 τῷ
452 5194 777 5268 Ἀποστόλῳ
814 5195 903 5250 καὶ
959 5197 987 5250 ὁ
1037 5196 1206 5270 μέγας
1249 5189 1422 5256 ὄντως
1468 5193 1783 5248 καθίσταται
1815 5189 2004 5244 Διονύ-

329 5306 454 5347 σιος
487 5304 500 5317 ⁸
534 5285 592 5348 ’ὸς
651 5282 916 5360 πατρίδος
969 5285 1064 5358 μὶν
1112 5281 1432 5362 ἐπιφανοῦς,
1493 5281 1765 5358 ἰπιφανῶν
1818 5276 1875 5333 δὲ
1913 5273 2003 5333 καὶ

325 5373 680 5450 γεννητόρων
712 5375 922 5450 τυχὼν,
973 5373 1061 5430 ἐπὶ
1122 5372 1263 5449 μέγα
1313 5370 1474 5443 δόξης
1509 5370 1752 5446 ἄφίκετο.
1787 5368 2002 5423 Δίκαιοι

333 5465 435 5537 μὲν
464 5464 590 5540 γὰρ,
623 5459 776 5538 εἴπερ
823 5483 906 5525 τις
956 5462 1291 5533 Ἀθηναίων,
1336 5459 1428 5516 ’ίνα
1475 5461 1552 5534 μή
1607 5458 1754 5533 λέγῳ
1789 5456 1947 5530 μόνοι
1985 5473 2000 5488 ·

2023 2765 2078 2832 Α

2254 2766 2697 2826 MARTYRIUM
2737 2771 3372 2900 AEIONYSII
3409 2774 3631 2831 ABEO-

2677 2943 2935 3012 Domine,
2970 2942 3213 3000 benedic.

2179 3042 2332 3100 Olim
2382 3045 2621 3116 quidem
2654 3047 2800 3104 ﬁdes
2832 3050 2950 3106 sita
2978 3054 3103 3106 erat
3150 3049 3209 3105 in
3265 3049 3494 3122 ﬁguris,
3526 3054 3585 3106 et
3629 3051 3771 3107 aani-

2108 3134 2433 3205 gmatihus,
2465 3139 2521 3191 et
2552 3137 2707 3193 nube
2752 3138 2975 3194 umbrae
3009 3143 3160 3195 tecta
3189 3143 3314 3195 erat
3341 3138 3443 3195 lux
3471 3139 3762 3198 veritatis.

2113 3223 2425 3294 Postquam
2444 3231 2639 3281 autem
2659 3232 2868 3284 nostrae
2899 3228 3111 3285 salutis
3143 3245 3425 3301 magnum
3459 3235 3764 3301 peractum

2111 3311 2221 3367 fuit
2253 3313 2618 3384 mysterium,
2651 3320 2708 3371 et
2738 3317 2838 3388 qui
2872 3317 3040 3374 ﬁnxit
3068 3317 3410 3390 singulatim
3442 3319 3620 3374 corda
3652 3335 3765 3376 no-

2112 3405 2255 3469 stra,
2287 3419 2410 3458 suae
2465 3403 2850 3477 benignitatis
2899 3407 2961 3462 in
3011 3424 3117 3463 nos
3164 3406 3588 3473 misericordia,
3619 3407 3767 3464 citra

2113 3498 2418 3561 peccatum
2451 3497 2623 3549 natus
2655 3499 2744 3550 est
2771 3495 2924 3550 sicut
2954 3513 3094 3552 nos:
3144 3500 3201 3552 et
3248 3495 3365 3550 alia
3395 3495 3601 3564 subiit,
3635 3512 3765 3568 quea

2112 3583 2253 3634 sunt
2283 3580 2552 3636 humanae
2583 3581 3105 3652 imbecillitatis,ut
3125 3600 3230 3657 ego
3261 3585 3515 3656 primam
3548 3583 3770 3657 recipe-

2111 3685 2231 3723 rem
2275 3670 2682 3739 nobilitatem;
2732 3677 2790 3727 et
2839 3678 3135 3745 postremo
3183 3675 3615 3731 condemnatus
3655 3675 3768 3732 fuit

2110 3763 2298 3814 morte
2347 3760 2574 3816 crucis:
2636 3765 2694 3817 et
2742 3779 2813 3818 ne
2863 3763 3056 3819 dicam
3109 3763 3348 3836 singula
3387 3763 3556 3836 (sunt
3603 3764 3765 3820 enim

2110 3865 2165 3902 m
2179 3847 2299 3904 ulta
2315 3848 2327 3902 i
2341 3851 2664 3906 ntermedia
2680 3851 3015 3907 mconomiae
3034 3852 3230 3909 carnis
3247 3858 3532 3925 susceptis
3553 3858 3770 3922 myste-

2107 3937 2215 4006 ria)
2266 3937 2440 3994 ﬁnem
2490 3939 2712 4010 accepit
2758 3957 3038 4012 corporea
3094 3941 3501 4010 conversatio;
3556 3942 3781 4014 incipit

2107 4030 2304 4081 autem
2336 4027 2694 4098 spiritualis;
2717 4033 2775 4084 et
2797 4029 2853 4084 in
2878 4031 3090 4085 cmlum
3114 4031 3382 4086 ascendit
3404 4047 3572 4086 meus
3597 4031 3769 4087 Chri-

2107 4119 2256 4182 stus,
2281 4120 2338 4170 et
2369 4116 2439 4171 ad
2473 4117 2674 4172 sedem
2722 4122 3027 4190 paternam
3070 4118 3408 4189 revertitur;
3465 4125 3542 4186 et,
3575 4120 3679 4192 qui
3705 4135 3777 4176 ex

2110 4218 2238 4276 ipso
2257 4205 2540 4276 procedit,
2559 4205 2841 4278 Spiritum
2860 4208 3122 4263 demittit
3145 4207 3477 4279 discipulis,
3494 4212 3559 4264 ut
3573 4213 3778 4266 essent

2109 4297 2287 4349 duces
2317 4296 2583 4367 gentium
2619 4296 3096 4353 inﬁdelium.Per
3111 4313 3282 4367 quem
3308 4299 3515 4354 beatus
3540 4314 3776 4370 quoque

2111 4383 2330 4440 Paulus
2360 4401 2430 4440 ex
2460 4387 2673 4440 umbra
2704 4387 2998 4443 deductus
3028 4387 3140 4442 fuit
3161 4387 3232 4442 ad
3257 4388 3779 4444 veritatem.Tunc

2112 4474 2320 4543 is,zelo
2343 4473 2560 4528 Christi
2585 4474 2868 4545 percitus,
2888 4476 3390 4546 quemadmodum
3414 4477 3541 4548 ipse
3563 4481 3777 4548 captus

2114 4564 2223 4617 fuit
2244 4563 2315 4616 ad
2341 4562 2640 4632 pietatem,
2665 4563 2747 4617 ita
2779 4563 2954 4619 etiam
2981 4564 3182 4619 orbem
3205 4571 3366 4620 terrae
3390 4565 3462 4620 ad
3485 4581 3547 4620 se
3569 4565 3770 4621 stude-

2112 4653 2214 4708 bat
2243 4653 2558 4720 attrahere,
2593 4658 2648 4708 et
2692 4652 2924 4709 Christo
2958 4670 3058 4726 per
3087 4653 3264 4709 ﬁdem
3297 4656 3676 4725 conjungere.
3709 4653 3776 4732 Et

2115 4746 2180 4797 ut
2210 4759 2278 4798 ea
2309 4742 2580 4798 omittam
2613 4759 2738 4813 quas
2769 4743 2842 4798 ab
2874 4743 3002 4814 ipso
3053 4741 3390 4814 Amphipoli
3424 4743 3576 4798 facta
3606 4747 3772 4810 sunt,

2113 4835 2171 4886 et
2204 4833 2259 4886 in
2290 4830 2622 4900 Thessalia,
2654 4837 2712 4887 et
2754 4832 3032 4887 omnibus
3063 4832 3120 4886 in
3153 4829 3320 4900 locis,
3356 4831 3414 4885 in
3449 4832 3603 4887 348
3635 4831 3775 4902 qui-

2113 4919 2226 4975 bus
2257 4920 2386 4991 ejus
2417 4935 2633 4985 sermo,
2669 4919 2908 4991 perinde
2939 4935 3007 4976 ac
3037 4919 3306 4990 quaedam
3340 4935 3577 4991 sagena,
3611 4919 3775 4973 mul-

2112 5015 2203 5065 tos
2233 5014 2482 5064 venatus
2512 5013 2602 5065 est
2632 5009 2702 5064 ad
2737 5009 3035 5081 pietatem,
3068 5025 3271 5066 eorum
3324 5007 3515 5064 solum
3565 5007 3780 5064 memi-

2115 5115 2276 5165 nero,
2310 5114 2438 5169 quas
2491 5097 2734 5152 Athenis
2768 5099 2918 5153 facta
2949 5104 3109 5168 sunt,
3144 5114 3246 5169 per
3294 5115 3423 5169 quas
3471 5096 3647 5153 etiam
3700 5097 3774 5153 ab

2111 5185 2392 5257 Apostolo
2416 5184 2545 5256 ipso
2567 5201 2699 5240 vere
2718 5200 2970 5257 magnus
2993 5190 3201 5256 captus
3219 5183 3329 5239 fuit
3350 5183 3659 5256 Dionysius
3677 5182 3776 5255 (g);

2115 5277 2238 5348 qui,
2266 5275 2518 5347 patriam
2552 5274 2792 5346 quidem
2823 5273 3039 5330 claram
3059 5278 3116 5328 et
3135 5278 3409 5345 parentes
3427 5272 3616 5330 claros
3638 5288 3778 5328 con-

2115 5368 2377 5431 secutus,
2413 5365 2484 5419 ad
2545 5380 2822 5436 magnam
2856 5352 3119 5435 pervenit
3148 5362 3422 5435 gloriam.
3454 5362 3601 5418 Nam
3626 5361 3776 5433 justi

2115 5454 2353 5527 quidem
2387 5457 2573 5524 erant,
2609 5451 2658 5508 si
2709 5452 2814 5507 ulli
2842 5468 2910 5507 ex
2940 5451 3419 5522 Atheniensibus,
3458 5466 3532 5507 ne
3580 5451 3775 5506 dicam

325 5529 423 5610 καὶ
456 5529 772 5624 δικαιοσύνη
803 5555 920 5616 τοῖς
966 5529 1214 5628 γονεῦσιν
1257 5529 1324 5623 ἦν
1375 5551 1437 5607 τὸ
1477 5529 1992 5626 ξπίσημον,φίλοις
2026 5541 2032 5589 ί

2114 5543 2245 5616 soli,
2277 5543 2360 5599 ita
2389 5545 2455 5599 ut
2477 5541 2716 5614 justitia
2747 5540 2982 5614 insigne
3011 5539 3134 5598 illis
3164 5540 3512 5614 esset,aaqui
3545 5538 3776 5606 amicis,

410 5709 493 5785 (ο)
518 5710 643 5773 tot.
668 5726 811 5787 xm,
