4106 6400
390 377 493 432 591

1627 370 1688 422 S.
1730 366 2052 424 DIONYBII
2089 368 2592 428 ABEOPAGITE.

3685 376 3778 434 592

392 501 692 560 mansueti
739 495 1156 569 hospitalibus,
1208 492 1448 564 benigni
1498 493 1556 547 in
1603 491 1945 562 familiares,
1993 497 2043 548 et

2165 492 2447 568 ἐπιεικεῖς,
2481 497 2683 573 ¹ἥμεροι
2711 501 2828 560 τοῖς
2861 496 3054 569 ξένοις,
3095 501 3216 559 τοῖς
3262 493 3478 560 οἷ’κείοις
3509 496 3786 577 φιλάνθρω-

390 610 527 648 vera
577 591 812 646 bonitas
842 591 968 642 erat
997 585 1081 640 eis
1113 583 1368 653 bonitas,
1403 599 1518 637 non
1554 581 1891 648 ostentatio,
1927 598 2054 656 quas

393 682 574 738 habet
634 677 1076 752 improbitatem
1146 688 1360 741 magna
1419 687 1486 726 ex
1537 673 1700 742 partc
1760 669 2056 726 insidian-

394 777 551 837 tem;
599 770 717 824 imo
767 767 1004 838 quidam
1057 767 1297 834 apertus
1346 760 1556 814 anima:
1607 759 1800 826 fastus,
1829 763 1887 814 et
1917 759 2057 815 cha-

399 865 589 916 racter
635 858 879 912 internae
929 851 1275 908 affectionis.
1317 853 1640 920 Postquam
1693 852 1892 903 autem
1949 847 2059 902 fuit

396 949 619 1005 Paulus
670 944 936 1012 Athenis,
971 947 1028 996 et
1058 955 1409 1008 congressus
1462 953 1597 992 cum
1647 937 1950 1007 Epicureis
2001 942 2060 992 et

397 1038 630 1106 Stoicis,
663 1035 766 1106 qui
813 1032 1152 1105 Pythagoras
1201 1029 1473 1099 dogmata
1533 1027 1929 1093 sectabantur,
1963 1025 2058 1080 in-

403 1129 601 1184 stabat
629 1124 811 1196 operi,
849 1136 1056 1191 nempe
1104 1123 1171 1174 ut
1217 1134 1318 1172 eos
1367 1117 1685 1172 abduceret
1735 1133 1768 1171 a
1819 1117 2059 1184 dogma-

388 1218 555 1274 tibus
612 1211 958 1285 impietatis,
1013 1212 1071 1263 et
1127 1207 1463 1262 traduceret
1520 1206 1591 1261 ad
1645 1206 1945 1277 pietatem,
1999 1209 2054 1259 et

401 1307 684 1362 everteret
734 1299 957 1372 templa
1017 1295 1505 1362 simulacrorum,
1564 1299 1622 1350 et
1681 1294 2060 1365 persuaderet

390 1390 872 1455 Atheniensibus,
907 1389 1028 1443 fore
1059 1392 1124 1441 ut
1165 1388 1544 1456 resurgerent
1593 1384 1652 1438 in
1702 1383 1913 1438 ultimo
1963 1383 2058 1438 die

389 1483 633 1556 judicii,
682 1485 740 1537 et
786 1481 992 1534 darent
1039 1492 1244 1548 poenas
1292 1490 1494 1530 eorum
1543 1490 1670 1545 quae
1722 1473 1999 1528 fecissent
2040 1488 2053 1528 :

407 1574 555 1640 ii,ut
612 1570 714 1642 qui
777 1571 976 1623 essent
1019 1565 1152 1621 aliis
1201 1564 1393 1619 ati'ecti
1455 1563 1956 1634 superstitiosius,
2001 1567 2058 1616 et

399 1662 461 1717 in
496 1659 716 1716 multas
748 1657 920 1712 divisi
951 1657 1151 1711 essent
1198 1653 1525 1724 opiniones,
1561 1651 2058 1724 aggrediebantur

398 1767 532 1807 eum
564 1749 954 1815 subsannare,
970 1746 1242 1800 vocantes
1273 1757 1407 1797 eum
1441 1740 1918 1796 annuntiatorem
1952 1756 2056 1794 no-

2171 603 2288 654 ποι,
2326 586 2636 659 χρηστότης
2687 585 2872 648 αὐτοῖς
2921 587 3023 641 οὑκ
3066 583 3343 657 ἐπίδειξις,
3392 587 3780 662 ὑποκαθημένην

2172 672 2246 733 ὡς
2274 673 2342 727 τὰ
2392 673 2580 729 πολλὰ
2637 677 2736 745 τήν
2792 676 3089 746 σκαιότητα
3145 669 3369 750 ἔχουσα,
3408 674 3549 730 ἀλλά
3569 698 3618 731 τι
3645 682 3788 757 σαφὶς

2168 762 2415 835 γέννημα
2443 772 2543 832 τῆς
2585 768 2795 840 ψυχῆς,
2847 765 2933 820 καὶ
2984 771 3082 834 τῆς
3131 759 3282 818 ἔνδον
3329 767 3602 841 χαρακτήρ
3635 765 3791 832 διαθέ-

2172 873 2330 913 σεως.
2366 851 2590 923 Ἐπειδή
2644 852 2700 909 δὲ
2753 856 3016 930 Ἀθήνῃσι
3064 850 3280 914 Ηαῦλος
3333 853 3559 928 ἐγένετο,
3589 856 3797 921 καὶτοῖς

2170 940 2567 1015 Ἐπικουρείοις
2624 943 2690 998 τὰ
2749 943 3071 1019 Πυθαγόρου
3120 941 3439 1017 κρατύνουσι
3497 939 3792 1016 συμϐαλὼν,

2170 1028 2327 1105 ἔργου
2362 1029 2544 1106 εἷ’χετο
2573 1037 2653 1105 τῷ
2681 1040 2782 1102 τῆς
2833 1029 3076 1094 ἀσεϐείας
3117 1031 3312 1094 αὐτοὺς
3356 1032 3647 1102 ἀποστῆσαι
3679 1032 3794 1110 δογ-

2171 1119 2379 1192 μάτων,
2428 1122 2514 1175 καὶ
2571 1127 2876 1195 μεταθεῖναι
2927 1122 3063 1196 πρὸς
3112 1123 3211 1190 τῆν
3257 1115 3542 1189 εὐσέϐειαν,
3589 1123 3706 1185 τούς
3743 1146 3794 1180 τε

2168 1213 2275 1263 τῶν
2309 1208 2557 1265 εἰδώλων
2607 1211 3064 1290 καταστρέφεσθαι
3096 1210 3277 1280 ναοὺς,
3316 1211 3402 1264 καὶ
3443 1216 3619 1264 πεῖσαι
3646 1214 3795 1284 Ἀθη-

2169 1298 2364 1360 ναίους
2392 1298 2443 1353 ἐν
2475 1304 2544 1373 τῇ
2578 1300 2783 1375 ἐσχάτῃ
2817 1300 3000 1373 ἡμέρα
3027 1307 3129 1369 τῆς
3167 1299 3397 1374 κρίσεως
3437 1298 3797 1370 ἀναστήσεσθαι

2174 1385 2421 1459 μέλλειν,
2456 1388 2545 1444 καὶ
2577 1387 2728 1451 δίκας
2753 1393 2862 1444 τῶν
2889 1389 3074 1450 αὐτοῖς
3094 1387 3459 1464 εἷ’ργασμένων
3491 1388 3798 1464 εἰσπραχθῆ-

2167 1479 2352 1532 σεσθαι
2385 1496 2398 1509 ⁸
2433 1479 2584 1533 οὗτοι
2616 1477 2693 1547 δὲ,
2727 1483 2832 1533 τῶν
2881 1477 3066 1535 ἄλλων
3116 1477 3208 1533 ἅτε
3257 1475 3791 1555 δεισιδαιμονέστερον

2169 1563 2525 1640 διακείμενοι,
2557 1568 2645 1622 καὶ
2696 1568 2773 1630 εἷς
2824 1567 3042 1630 πολλὰς
3091 1564 3248 1638 δόξας
3300 1567 3392 1621 καὶ
3435 1568 3635 1631 πίστεις
3666 1589 3798 1644 μερι-

2171 1656 2412 1728 ζόμενοι,
2449 1657 2796 1732 μυκτηρίζειν
2841 1657 3001 1713 αὐτὸν
3046 1656 3392 1732 ἐπεχείρουν,
3422 1662 3618 1712 καινῶν
3647 1662 3795 1712 τινῶν

2165 1747 2255 1799 καὶ
2288 1745 2449 1815 ξένων
2483 1744 2778 1819 δαιμονίων
2830 1746 3167 1821 καταγγελὼ
3207 1743 3502 1808 καλοῦντες
3536 1767 3549 1781 ο
3583 1746 3724 1808 ὅπως
3753 1744 3803 1801 δὲ

393 1855 600 1896 verum
652 1835 1047 1909 quorumdam
1099 1831 1546 1886 daemoniorum.
1603 1830 1684 1884 Ne
1733 1833 1928 1884 autem
1981 1829 2043 1883 at

2171 1835 2249 1935 μη
2283 1840 2650 1911 μυκτηρισμῷ
2684 1835 2848 1908 μόνον
2899 1836 3027 1911 παρ’
3068 1834 3242 1890 αὐτῶν
3273 1832 3562 1911 βάλλοιτο,
3593 1833 3730 1890 ἀλλά
3754 1857 3801 1890 τι

394 1929 482 1985 eis
513 1929 887 2000 appeteretur
917 1921 1043 1978 sola
1073 1919 1555 1986 subsannatione,
1588 1918 1688 1973 sed
1741 1918 2051 1973 molestum

393 2018 569 2074 etiam
621 2014 843 2085 aliquid
895 2011 1246 2078 sustineret,
1308 2010 1456 2063 dans
1505 2007 1791 2062 rationem
1849 2023 2051 2063 eorum

393 2120 522 2175 quas
555 2105 626 2158 ab
657 2103 785 2173 ipso
835 2098 1326 2172 prmdicabantur,
1363 2094 1870 2166 apprehendentes
1917 2109 2052 2149 eum

394 2194 686 2248 duxerunt
705 2190 1169 2259 inAreopagum,
1197 2184 1296 2256 qui
1320 2190 1460 2238 tunc
1485 2183 1718 2252 quidem
1745 2189 1868 2238 erat
1891 2183 2054 2238 locus

393 2278 888 2353 congregationis,
913 2283 970 2332 et
993 2275 1354 2330 Athenarum
1379 2277 1506 2327 erat
1525 2271 2052 2342 adhucjudicium.

393 2372 543 2428 Nam
575 2369 685 2424 etsi
715 2373 856 2424 tunc
885 2363 1131 2422 Romani
1164 2363 1222 2418 in
1256 2378 1463 2417 omnes
1505 2361 1841 2416 obtinerent
1870 2362 2054 2430 impe-

394 2458 968 2523 rium,Atbenienses
982 2458 1177 2508 tamen
1193 2457 1249 2506 et
1262 2449 1738 2506 Lacedaemonios
1780 2451 1870 2504 sui
1901 2451 2055 2520 juris

397 2548 774 2604 demiserant.
799 2542 1017 2600 Fabula
1037 2547 1258 2610 autem,
1284 2542 1437 2596 sicut
1462 2540 1570 2611 ipsi
1598 2540 2054 2605 dicunt,nomen

395 2637 643 2708 accepit,
667 2634 822 2706 quod
855 2632 1162 2703 Neptunus
1194 2630 1254 2683 iu
1287 2644 1354 2683 eo
1386 2633 1590 2683 contra
1626 2629 1869 2683 Martem
1913 2645 2055 2684 cau-

394 2741 520 2781 sam
546 2720 1077 2791 sustinuerit,quod
1099 2719 1200 2788 buj
1213 2735 1280 2773 us
1303 2717 1489 2772 lilium
1516 2716 1940 2772 Halirrothium
1964 2733 2056 2771 oc-

391 2812 811 2868 cidisset.Cum
839 2826 974 2865 eum
999 2825 1136 2879 ergo
1159 2808 1546 2862 adduxissent
1569 2807 1624 2860 in
1653 2805 1889 2861 illorum
1915 2822 2054 2860 con-

390 2910 678 2974 spectum,
713 2901 812 2973 qui
865 2903 922 2954 et
972 2901 1211 2969 pr0pter
1260 2895 1488 2952 sedium
1543 2895 2051 2964 altitudinem,et,

389 3007 514 3060 quas
545 2995 882 3058 evacuatur,
913 2985 1290 3058 sapientiam,
1330 3001 1392 3040 se
1439 2984 1748 3056 magnifice
1795 2984 2049 3038 circum-

386 3080 750 3152 spiciebant:
784 3082 840 3132 et
869 3075 1048 3132 simul
1080 3091 1281 3130 eorum
1317 3091 1446 3145 qua:
1478 3073 1718 3140 ﬁebant,
1752 3072 2050 3127 auditores

387 3174 445 3224 et
467 3169 700 3238 judices
730 3165 1146 3239 praesidebant,
1177 3179 1432 3234 quorum
1494 3179 1650 3217 unus
1699 3161 1875 3217 etiam
1927 3167 2050 3216 erat

2163 1921 2252 1974 καὶ
2282 1923 2392 1976 τῶν
2440 1923 2674 1996 ἀνιαρῶν
2717 1923 2981 1993 ὑποσταίη
3035 1919 3189 1986 δίκας
3232 1927 3343 1977 τῶν
3400 1923 3487 1976 ὑπ’
3537 1921 3692 1976 αὑτοῦ
3719 1944 3805 1992 κη-

2164 2009 2505 2085 ρυττομένων
2529 2008 2738 2082 διδοὺς,
2761 2007 3154 2084 ἐπιλαϐόμενοι
3179 2011 3343 2066 αὑτοῦ
3369 2011 3457 2065 ἐπὶ
3486 2011 3576 2065 τὸν
3605 2014 3800 2085 ’Ἀρειον

2162 2101 2332 2173 πάγον
2365 2099 2566 2175 ἤγαγον
2603 2118 2615 2131 ·
2650 2101 2708 2162 ’ὃς
2754 2100 2926 2162 τόπος
2971 2101 3066 2172 μὲν
3109 2102 3175 2170 ἦν
3209 2107 3560 2176 συναγωγῆς,
3591 2101 3800 2155 καὶτῶν

2165 2189 2409 2259 Ἀθηνῶν
2443 2187 2519 2244 ἔτι
2571 2189 2858 2244 καθίστατο
2906 2188 3279 2266 δικαστήριον.
3339 2190 3403 2246 Εἰ
3442 2191 3540 2264 γὰρ
3565 2190 3652 2243 καὶ
3685 2191 3808 2243 Ῥω-

2170 2283 2322 2350 μαῖοι
2382 2278 2598 2332 πάντων
2649 2279 2774 2333 τότε
2837 2277 3116 2352 ἐκράτουν,
3177 2277 3305 2334 ἀλλ’
3358 2278 3676 2347 Ἀθηναίους
3728 2278 3807 2332 καὶ

2165 2364 2633 2439 Λακεδαιμονίους
2679 2367 3018 2439 αὐτονόμους
3062 2369 3296 2446 ἀφῆκαν.
3352 2365 3583 2440 Εἴρηται
3633 2365 3686 2422 δὶ
3718 2389 3806 2440 μυ-

2167 2461 2336 2520 θικῶς
2367 2457 2532 2527 οὕτω,
2589 2459 2830 2532 καθάπερ
2869 2457 3066 2513 ἐκεῖνοί
3123 2478 3306 2536 φασιν,
3376 2458 3484 2513 ἀπὸ
3534 2461 3630 2511 τοῦ
3658 2455 3798 2528 δίκην

2168 2545 2219 2599 ἐν
2255 2547 2403 2616 αὐτῷ
2431 2547 2521 2600 τὸν
2551 2544 2798 2602 Ποσειδῶ
2853 2547 2989 2602 κατά
3033 2551 3136 2601 τοῦ
3169 2553 3389 2621 ’Ἄρεως
3421 2548 3698 2621 ὑποσχεῖν,
3730 2545 3804 2600 ὅτι

2163 2635 2254 2689 τὸν
2285 2634 2482 2690 τούτου
2539 2635 2652 2689 υἱὸν
2706 2635 3013 2690 ἀπέκτεινεν
3063 2634 3445 2711 Ἁλιρρόθιον.
3504 2636 3804 2711 Ἀγαγόντες

2163 2721 2254 2778 οὖν
2287 2724 2450 2778 αὐτὸν
2479 2723 2617 2797 (ἐπεὶ
2648 2730 2742 2780 καῖ
2789 2729 2871 2797 τῶ
2916 2730 3023 2780 τῶν
3071 2724 3276 2799 θρόνων
3329 2722 3486 2799 ὕψει,
3519 2723 3605 2780 καί
3633 2729 3698 2798 τῇ
3721 2745 3805 2779 κα-

2159 2816 2503 2889 ταργουμένῃ
2535 2816 2698 2892 σοφίᾳ
2743 2816 2878 2890 μέγα
2905 2810 3210 2890 ἐφρόνουν,
3261 2815 3366 2869 καὶ
3399 2816 3512 2888 ἅμα
3537 2819 3642 2870 τῶν
3669 2835 3806 2889 γινο-

2166 2903 2336 2974 μένων
2364 2903 2621 2976 ἀκροαταὶ
2677 2902 2766 2957 καὶ
2804 2903 2985 2977 κριταὶ
3031 2904 3421 2979 προεκάθηντο
3455 2924 3470 2938 ο
3518 2905 3589 2959 ὧν
3631 2906 3702 2966 εἷς
3728 2903 3805 2959 καὶ

2160 2990 2439 3053 Διονύσιος
2469 2992 2556 3062 ἦν,
2588 2991 2683 3046 κᾶν
2731 2997 2850 3054 τοῖς
2902 2989 3093 3068 λόγοις
3145 2992 3240 3047 κάν
3278 2999 3407 3057 τοῖς
3449 2990 3802 3066 δικαστηρίοις

2157 3079 2219 3134 τὸ
2249 3078 2444 3135 πλεῖον
2473 3079 2898 3159 ἀποφερόμενος)
2933 3100 2962 3114 ο·
2984 3105 3012 3133 ‹‹
3042 3080 3134 3144 Τίς
3167 3083 3202 3150 ἠ
3230 3083 3398 3151 καινή
3431 3082 3565 3153 αὕτη
3592 3082 3680 3137 καὶ
3709 3081 3800 3135 ὑπὸ

2159 3172 2254 3222 σοῦ
2282 3167 2625 3241 λαλουμένη,
2662 3193 2683 3219 ιι
2720 3169 2857 3244 πρὸς
2885 3169 2978 3223 τὸν
3009 3167 3226 3224 Παῦλον
3261 3166 3495 3248 ἔφησαν,
3532 3194 3559 3222 α
3592 3167 3804 3244 διδαχὴ,

387 3235 927 3328 Dionysium-cujus
958 3259 1014 3310 et
1043 3255 1102 3308 in
1138 3252 1408 3318 dicendo,
1440 3255 1497 3306 et
1538 3250 1860 3322 judicando
1895 3268 2039 3323 prae-

2156 3255 2246 3311 καὶ
2276 3257 2344 3312 τὰ
2365 3259 2505 3333 σοφὰ
2557 3259 2643 3312 καὶ
2689 3259 3121 3334 περινενοημένα
3163 3259 3481 3336 σοφίσματα
3512 3277 3527 3329 ;
3558 3259 3649 3314 καὶ
3679 3258 3752 3320 τίς
3779 3257 3802 3312 ὁ

388 3346 572 3418 cipuzs
603 3349 772 3400 erant
802 3348 1024 3416 partes:
1060 3363 1087 3392 «
1112 3342 1385 3406 Quanam
1414 3344 1503 3395 est
1525 3340 1646 3394 haec
1667 3357 1835 3404 nova,
1860 3356 1986 3411 quas
2009 3357 2042 3395 a

386 3440 443 3492 te
465 3433 993 3505 dicitur,doctrina,
1013 3453 1038 3480 »
1063 3430 1242 3485 Paulo
1265 3430 1554 3495 dixerunt,
1581 3451 1607 3478 ‹‹
1635 3429 2041 3501 sapientiaque

389 3529 447 3581 et
468 3524 772 3596 ingeniosa
795 3521 1124 3577 decreta?et
1144 3519 1275 3590 quis
1299 3523 1388 3574 est
1405 3519 1579 3574 Jesus
1607 3521 1754 3574 Deus
1767 3518 2035 3590 ethomo,

389 3618 446 3669 et
475 3613 532 3668 in
565 3612 723 3684 ligno
753 3611 882 3666 vitae
912 3611 1082 3665 dator
1106 3615 1163 3664 et
1183 3608 1390 3678 judex,
1413 3626 1445 3663 a
1467 3625 1581 3678 quo
1605 3609 1662 3663 in
1686 3609 1781 3678 ius
1802 3613 2040 3663 vocatur

383 3701 631 3775 quilibet
662 3700 1000 3756 redditurus
1033 3697 1362 3754 rationem?
1389 3697 1664 3762 Quaedam
1698 3697 1854 3752 enim
1891 3715 2036 3752 nova

381 3797 438 3848 et
468 3790 660 3846 aliena
690 3790 881 3845 defers
934 3789 1005 3843 ad
1057 3804 1229 3842 aures
1274 3791 1527 3842 nostras.
1562 3785 1849 3840 Volumus
1898 3802 2034 3856 ergo

375 3879 546 3945 scire,
582 3880 722 3951 quid
761 3878 877 3932 haec
910 3876 1022 3932 sibi
1054 3875 1275 3942 volunt,
1309 3879 1366 3929 et
1413 3891 1528 3946 quo
1576 3873 1900 3928 tendunt.»
1934 3871 2034 3926 Ille

374 3975 569 4026 autem
596 3987 686 4027 res
708 3985 908 4025 eorum
935 3969 1090 4024 844
1113 3967 1370 4038 primum
1393 3964 1678 4020 extollens
1692 3961 2031 4028 etlaudans,

375 4077 447 4117 ne
470 4060 720 4116 insuetis
743 4064 799 4116 et
822 4057 1030 4114 alienis
1053 4058 1248 4112 verbis
1269 4052 1828 4124 irritarentur(iram
1851 4051 2028 4118 enim,

373 4151 457 4205 ait
488 4150 608 4220 ille,
640 4149 850 4204 avertit
880 4164 942 4203 se
971 4145 1331 4202 submittens
1364 4142 1668 4214 responsio
1691 4141 1801 4211 (h):
1857 4140 2029 4196 «Viri

369 4240 586 4311 inquit,
630 4238 1043 4302 Athenienses,
1075 4235 1148 4290 de
1178 4235 1251 4290 iis
1283 4250 1410 4304 quae
1443 4232 1838 4303 interrogatis,
1872 4235 2029 4302 post-

368 4329 612 4384 modum
645 4327 691 4382 si
731 4327 814 4382 ita
847 4326 1141 4381 videbitur
1171 4324 1497 4378 disseram:
1534 4338 1688 4375 nunc
1708 4326 1900 4376 autem
1930 4337 2030 4390 per

367 4417 565 4474 omnia
598 4416 768 4490 quasi
799 4414 1333 4487 superstitiosiores
1363 4428 1466 4466 vos
1498 4411 1685 4465 video.
1707 4410 2026 4465 Transiens

369 4507 549 4573 enim,
595 4510 654 4561 et
701 4505 996 4576 aspiciens
1047 4519 1116 4558 ea
1161 4519 1289 4574 quae
1341 4500 1554 4566 colitis,
1606 4499 1798 4553 inveni
1849 4499 2022 4554 etiam

2150 3347 2495 3419 θεάνθρωπος
2539 3348 2790 3417 Ἰησοῦς;
2835 3347 2925 3403 καὶ
2976 3348 3004 3401 ὁ
3054 3347 3141 3402 ἐπὶ
3192 3347 3363 3418 ξύλου
3417 3346 3689 3418 ζωοδότης
3723 3346 3802 3402 καὶ

2149 3437 2340 3509 κριτὴς
2374 3435 2737 3508 εὖθυνόμενος
2789 3456 2804 3504 ;
2856 3435 3133 3507 ξενίζοντα
3189 3438 3292 3511 γάρ
3353 3459 3476 3493 τινα
3533 3436 3706 3512 φέρεις
3733 3434 3800 3497 εἲς

2144 3529 2241 3586 τάς
2273 3525 2436 3587 ἀκοὰς
2474 3529 2652 3598 ἡμῶν·
2721 3524 3047 3597 Βουλόμεθα
3099 3523 3190 3580 οὖν
3234 3532 3469 3600 γνῶναι,
3523 3527 3576 3581 τί
3609 3527 3664 3582 ἃν
3696 3524 3803 3602 βού-

2148 3611 2306 3668 λοιτο
2335 3619 2522 3683 ταῦτα,
2553 3616 2643 3669 καὶ
2673 3616 2809 3690 πρὸς
2841 3616 2869 3670 ὃ
2904 3617 3147 3692 φέρουσι,
3184 3641 3210 3666 ››
3251 3616 3357 3672 Καὶ
3393 3617 3474 3684 ὃς,
3505 3617 3568 3672 τὸ
3591 3621 3790 3692 πρῶτον

2148 3701 2383 3776 ἐπαίρων
2416 3723 2474 3757 τε
2504 3702 2616 3776 ἅμα
2658 3704 2725 3758 τὰ
2771 3703 2988 3758 ἐκείνων
3038 3704 3129 3757 καὶ
3172 3701 3242 3758 δι’
3277 3703 3505 3760 ἐπαίνου
3536 3707 3798 3778 τιθέμενος

2146 3791 2258 3845 οἷον
2306 3791 2467 3860 εἰκὸς,
2513 3790 2604 3846 ’ίνα
2635 3795 2710 3865 μὴ
2741 3799 2864 3855 τοῖς
2893 3793 3083 3863 ἀήθεσι
3116 3795 3206 3847 καὶ
3238 3796 3416 3866 ξένοις
3441 3795 3635 3870 λόγοις
3687 3814 3802 3870 τρα-

2147 3879 2403 3954 χύνοιντο
2460 3883 2655 3953 (θυμὸν
2696 3881 2797 3958 γὰρ
2852 3882 3201 3960 ὑποστρέφει,
3262 3885 3468 3960 φησὶν,
3531 3884 3800 3956 ἀπόκρισις

2145 3968 2546 4042 ὑποπίπτουσα)
2575 3987 2588 4002 ·
2633 3991 2654 4020 ι
2703 3968 2949 4045 Ἄνδρες,
3001 3973 3175 4038 εἶπεν,
3229 3973 3549 4043 Ἀθηναῖοι,
3579 3973 3696 4047 περὶ
3731 3971 3796 4024 ὧν

2153 4059 2492 4125 υτνθάνεσθε,
2544 4059 2784 4132 ὕστερον,
2831 4059 2881 4114 εἷ’
2932 4057 3106 4130 δοκεῖ,
3157 4058 3510 4136 διηγήσομαι
3546 4082 3558 4094 ·
3612 4065 3703 4115 νῦν
3749 4057 3799 4112 δὲ

2143 4147 2280 4200 κατὰ
2309 4147 2480 4201 πάντα
2513 4147 2587 4210 ὡς
2623 4145 3220 4225 δεισιδαιμονεστέρους
3252 4150 3400 4222 ὑμᾶς
3426 4153 3638 4226 θεωρῶ.
3664 4157 3798 4221 Διερ-

2140 4235 2380 4311 χόμενος
2410 4238 2510 4312 γάρ
2542 4238 2631 4291 καὶ
2661 4237 2727 4292 τὰ
2751 4233 3062 4311 σεϐάσματα
3092 4239 3246 4312 ὑμῶν
3276 4240 3636 4313 ἀναθεωρῶν,
3658 4239 3797 4310 εὗρον

2136 4327 2225 4380 καὶ
2284 4326 2494 4400 βωμὸν,
2529 4325 2578 4380 ἐν
2630 4328 2675 4398 ᾦ
2717 4326 3114 4402 ἐπεγέγραπτο’
3163 4328 3478 4402 Ἀγνώστῳ
3532 4333 3668 4401 Θεῷ.
3712 4330 3795 4379 "Ov

2145 4415 2238 4469 οὗν
2301 4415 2618 4488 ἀγνοοῦντες
2671 4410 2962 4488 εὐσεϐεῖτε,
3020 4421 3211 4472 τοῦτον
3272 4415 3388 4491 ἐγὼ
3457 4414 3800 4495 καταγγέλλω

2142 4503 2269 4575 ὑμῖν
2307 4521 2319 4535 ⁸
2355 4503 2400 4557 εἰ
2431 4503 2533 4576 ἄρα
2573 4503 2928 4578 ψηλαφήσετε
2977 4504 3160 4576 αὐτὸν,
3214 4505 3306 4559 καὶ
3346 4504 3590 4582 εὕροιτε,
3632 4504 3716 4560 καί
3744 4522 3798 4576 γε

368 4613 551 4662 aram,
588 4595 644 4649 in
698 4611 817 4666 qua
865 4593 1218 4664 inscriptum
1269 4595 1429 4646 erat:
1467 4591 1656 4659 Ignoto
1686 4590 1809 4644 Deo.
1844 4591 2024 4653 Quem

2156 4589 2208 4645 οὐ
2245 4591 2450 4663 μακράν
2499 4592 2587 4670 ἀφ’
2636 4592 2863 4647 ἑκάστου
2923 4593 3074 4666 ὑμῶν
3127 4594 3480 4670 ὑπάρχοντα,
3535 4596 3624 4652 Ἐν
3669 4591 3800 4662 αὑτῷ

369 4701 506 4758 ergo
533 4686 870 4756 ignorantes
894 4682 1108 4752 colitis,
1132 4696 1264 4735 eum
1289 4679 1576 4734 annuntio
1599 4678 1791 4746 vobis;
1817 4679 1862 4733 si
1888 4695 2025 4734 eum

362 4774 512 4831 forte
561 4770 1080 4838 contrectaveritis,
1113 4773 1170 4824 et
1217 4767 1584 4835 inveneritis,
1619 4766 1727 4823 etsi
1781 4785 1894 4822 non
1952 4768 2029 4822 sit

363 4863 537 4936 longe
570 4864 640 4918 ab
675 4875 1027 4933 unoquoque
1057 4862 1346 4913 vestrum.
1379 4855 1443 4911 In
1496 4855 1623 4926 ipso
1675 4857 1831 4911 enim
1885 4855 2026 4911 vivi-

363 4969 521 5021 mus,
555 4957 610 5008 et
641 4959 966 5016 movemur,
994 4952 1051 5003 et
1081 4962 1314 5002 sumus.
1339 4967 1366 4995 »
1389 4949 1521 5000 Haec
1546 4962 1674 5000 cum
1702 4945 1787 5002 illi
1811 4946 2030 5002 audiis-

366 5045 517 5111 sent,
534 5040 813 5113 quoniam
840 5037 1116 5110 gravibus
1138 5033 1450 5090 sententiis
1476 5034 1648 5106 plena
1672 5041 1795 5091 erat
1817 5036 2024 5103 oratio,

365 5134 649 5202 tanquam
686 5145 830 5184 sono
863 5125 1084 5180 tonitru
1118 5127 1316 5179 essent
1333 5125 2026 5198 obstupefacti,elirgues

365 5223 426 5275 et
447 5217 596 5274 muti
621 5214 1098 5272 evaserant.Cum
1120 5217 1316 5268 autem
1337 5213 1429 5267 vix
1447 5215 1685 5269 tandem
1711 5215 2023 5272 dixissent:

369 5331 397 5360 «
429 5308 757 5362 Audiemus
789 5312 843 5359 te
875 5302 1181 5375 postridie,
1217 5325 1244 5352 ››
1292 5318 1425 5358 cum
1478 5303 1838 5359 dimiserunt
1869 5305 2025 5376 eju-

367 5399 541 5454 dicio.
565 5394 876 5466 Egreditur
897 5409 1035 5464 ergo
1059 5391 1421 5464 Paulus,non
1446 5394 1744 5459 inanibus,
1764 5399 1828 5450 ut
1848 5394 2026 5466 vulgo

365 5483 1018 5555 dicitur,manibus,sed
1044 5499 1245 5540 secum
1270 5483 1636 5556 accepto,qu
1661 5500 1794 5540 eum
1822 5502 2027 5558 seque-

439 5691 519 5761 (ἢ)
549 5688 716 5745 Prov.
747 5706 840 5748 xv.

2145 4679 2246 4758 γὰρ
2282 4684 2458 4752 ζῶμεν
2481 4682 2567 4735 καὶ
2601 4682 2899 4753 κινούμεθα
2942 4682 3030 4736 καὶ
3074 4681 3256 4755 ἐσμέν.
3293 4707 3321 4735 ››
3357 4683 3584 4740 Τοότων
3618 4682 3797 4737 ἐκεῖνοι

2143 4769 2492 4839 ἀκούσαντες,
2524 4769 2615 4824 καὶ
2647 4769 2729 4825 ὅτι
2760 4769 2985 4845 πλήρης
3007 4773 3035 4826 ὁ
3064 4770 3226 4846 λόγος
3255 4777 3491 4847 κομψῆς
3523 4772 3796 4848 ἐτύγχανεν

2146 4856 2411 4928 διανοίας,
2471 4861 2559 4914 οἶα
2618 4861 2850 4935 βροντῆς
2900 4861 3030 4936 ἤχῳ
3080 4860 3554 4938 καταπλαγέντες,
3603 4858 3796 4938 ἀφωνία

2141 4948 2483 5023 συνείχοντο.
2519 4950 2652 5022 Ὀψὶ
2697 4947 2754 5004 δὲ
2800 4949 2890 5004 καὶ
2939 4949 3104 5022 μόλις
3134 4975 3154 5001 ι
3193 4951 3584 5024 Ἀκουσόμεθά
3614 4971 3705 5005 σου
3732 4944 3793 5012 vi

2142 5039 2415 5114 ὑστεραίᾳ,
2451 5062 2478 5088 ››
2525 5036 2997 5116 ἐπιφθεγξάμενοι,
3047 5043 3144 5094 τοῦ
3195 5037 3565 5115 δικαστηρίου
3621 5042 3797 5094 τοῦτον

2139 5129 2373 5204 ἀφῆκαν.
2408 5128 2638 5198 Ἕξεισιν
2682 5127 2771 5182 οὖν
2823 5130 2851 5183 ὁ
2907 5128 3129 5192 Ηαῦλος
3175 5131 3239 5185 οὐ
3289 5135 3483 5196 κεναῖς
3531 5125 3793 5205 χερσὶ,τὸ

2138 5215 2402 5290 ᾀδόμενον
2437 5235 2450 5248 ⁸
2485 5215 2611 5272 ἀλλ’
2647 5216 2971 5295 ἐφεπόμενον
3003 5219 3094 5274 τὸν
3126 5216 3396 5295 πρόεδρόν
3431 5241 3492 5275 τε
3522 5219 3612 5275 καὶ
3643 5237 3792 5291 κορυ-

2137 5311 2293 5384 φαῖον
2344 5313 2442 5375 τῆς
2487 5309 2594 5360 τῶν
2638 5311 2906 5380 σοφιστῶν
2959 5307 3270 5382 συμμορίας
3313 5304 3677 5384 παραλαϐὼν,
3707 5306 3789 5359 τὸν

2141 5394 2312 5470 μέγαν
2341 5395 2530 5450 τοῦτόν
2557 5416 2702 5474 φημι
2752 5395 3033 5452 Διονύσιον
3068 5415 3079 5427 ·
3123 5397 3214 5452 καὶ
3245 5392 3436 5472 ὥσπερ
3469 5417 3556 5460 τις
3591 5395 3791 5467 Ὀλυμ·

2137 5485 2390 5556 πιονίκης
2423 5487 2458 5556 ἢ
2511 5485 2834 5562 στρατηγὸς,
2889 5492 2990 5557 τῆς
3046 5484 3188 5550 ΐδίας
3243 5484 3512 5563 γλώττης
3544 5485 3796 5564 τρόπαιον
