4106 6388
372 429 485 485 593

1343 435 1533 500 νιΤΔ,
1576 434 1911 488 AUCTORE
1949 432 2292 487 ΒΥΜΕΟΝΕ
2333 438 2888 496 METAPHRASTE.

3698 446 3810 503 594

374 558 540 615 αὐτὸν
599 560 975 634 ποιησάμενος
1047 563 1136 618 καὶ
1193 564 1397 638 καρπὸν
1451 566 1702 618 τοιοῦτον
1754 566 1852 617 τοῦ
1905 561 2043 634 πρὸς

2162 566 2352 635 batur,
2386 568 2727 641 praeside,et
2757 571 2964 628 classis
2989 572 3388 645 sophistarum
3409 577 3809 650 principe,hoe

377 649 713 720 Ἀθηναίους
769 648 936 726 λόγου
986 650 1219 726 θερίσας.
1269 657 1400 714 Τοῖς
1443 651 1542 727 γὰρ
1593 652 1740 728 παρὰ
1793 649 1889 706 τοῦ
1946 657 2048 720 τῆς

381 737 646 808 ἀληθείας
704 742 944 815 κήρυκος
1003 742 1126 818 περί
1188 746 1285 796 τοῦ
1339 743 1521 812 Ἴησοῦ
1575 740 1898 816 λεγομένοις
1943 741 2042 810 τὴν

381 835 784 903 προοραθεῖσαν
815 830 960 902 αὐτῷ
997 833 1133 886 κατὰ
1158 831 1250 886 τὸν
1296 833 1486 906 καιρὸν
1516 836 1613 886 τοῦ
1675 832 1881 892 πάθους
1937 835 2042 884 τῶν

380 921 690 996 φωστήρων
747 920 1099 994 καινοτομίαν
1175 916 1472 994 συμϐαλὼν
1519 920 1743 992 ἐκεῖνος,
1800 920 1890 975 καὶ
1946 922 2044 988 τῆς

372 1007 729 1083 ἀνθρωπίνης
759 1011 960 1080 ταύτης
998 1010 1198 1084 σοφίας
1250 1008 1541 1084 ὑπεριδὼν,
1587 1015 1684 1066 τοῦ
1726 1008 1897 1086 λόγου
1942 1013 2044 1075 τῆς

378 1095 642 1168 ἀληθείας
673 1101 901 1172 γίνεται,
950 1099 1038 1153 καὶ
1088 1098 1167 1172 τῷ
1217 1099 1539 1173 Ἀποστόλῳ
1588 1099 1906 1154 συντίθεται·
1964 1102 2044 1170 τῷ

381 1207 443 1242 τε
501 1184 722 1263 λουτρῷ
774 1191 874 1254 τῆς
931 1187 1353 1264 παλιγγενεσίας
1397 1188 1731 1257 τελειωθεὶς,
1798 1190 2046 1262 μαθητὴς

377 1278 523 1350 ὁμοῦ
567 1277 658 1332 καὶ
708 1280 879 1354 κῆρυξ
929 1283 1164 1353 Χριστοῦ
1206 1283 1304 1334 τοῦ
1346 1280 1569 1355 πρώτου
1629 1286 1728 1349 τῆς
1785 1277 2045 1349 ἀληθείας

379 1363 717 1422 διδασκάλου
775 1368 1116 1432 καθίσταται.
1168 1369 1266 1423 Καὶ
1319 1371 1386 1424 τὰ
1431 1373 1623 1444 πρῶτα
1670 1375 1770 1438 τῆς
1818 1366 2042 1437 ἡλικίας

376 1453 701 1534 διατριϐῶν,
771 1459 861 1514 καὶ
922 1457 1171 1524 παιδείας
1235 1466 1316 1533 τῷ
1380 1460 1651 1536 μακαρίτῃ
1702 1461 2042 1530 κοινωνήσας

371 1546 647 1621 Ἰιροθέῳ,
687 1546 804 1621 βίον
838 1549 942 1603 ὑπό
971 1547 1151 1622 τούτῳ
1198 1549 1288 1604 καὶ
1340 1548 1504 1626 λόγον
1564 1547 1900 1605 παιδεύεται’
1952 1549 2042 1602 καὶ

374 1639 480 1702 τῆς
515 1637 688 1706 αὐτῆς
721 1638 988 1710 αὐτῷτοῦ
1019 1638 1173 1713 ἁγίου
1204 1638 1520 1712 Πνεύματος
1566 1637 1853 1700 κοινωνίας
1913 1658 2044 1692 κατ-

378 1728 646 1798 αξιοῖηαι,
697 1725 788 1781 καὶ
830 1721 1116 1788 ἀναϐάσεις
1147 1726 1198 1780 ἐν
1256 1730 1326 1801 τῇ
1387 1724 1582 1801 καρδίᾳ
1635 1723 2041 1798 ἀνατιθέμενος,

381 1811 682 1891 φιλοσοφεῖ
733 1816 832 1885 τήν
893 1815 1179 1886 ἀλήθειαψ
1242 1821 1395 1885 ζητεῖ
1447 1816 1582 1889 μετά
1627 1823 1725 1885 τῆς
1781 1814 2040 1886 ἀληθείας

2159 674 2387 729 magno,
2423 660 2690 732 inquam,
2727 662 3018 732 Dionysio.
3049 661 3129 717 De
3159 679 3294 734 quo,
3329 671 3600 737 tanquam
3641 670 3807 741 quis-

2159 747 2312 818 piam
2372 749 2556 805 victor
2612 749 2970 821 Olympicus,
3025 755 3128 807 aut
3175 753 3293 808 dux
3341 755 3647 826 exercitus,
3683 776 3805 816 sum

2154 837 2369 907 linguae
2399 840 2580 894 erexit
2612 840 2959 911 trophaeum,
2995 850 3050 896 et
3092 842 3248 897 hunc
3294 844 3542 900 fructum
3575 847 3809 919 collegit

2155 943 2224 980 ex
2249 927 2510 983 oratione
2537 945 2710 1000 quam
2737 929 2939 985 habuit
2971 931 3039 985 ad
3063 931 3477 988 Athenienses.
3513 935 3590 989 Iis
3631 937 3810 1004 enim,

2156 1031 2282 1087 quae
2317 1017 2387 1071 de
2414 1017 2549 1072 Jesu
2573 1018 2920 1073 dicebantur
2965 1036 2999 1074 a
3053 1035 3315 1091 praecone
3358 1021 3644 1090 veritatis,
3677 1041 3808 1081 cum

2155 1122 2190 1160 a
2219 1122 2279 1161 se
2308 1106 2472 1177 prius
2495 1107 2678 1162 visam
2702 1108 2761 1164 in
2785 1113 3048 1179 tempore
3068 1109 3359 1180 passionis
3382 1110 3816 1171 innovationem

2155 1193 2269 1249 sibi
2291 1194 2402 1266 ipsi
2423 1195 2802 1267 explicuisset
2823 1196 3228 1264 luminarium,
3244 1203 3302 1255 et
3318 1199 3467 1256 hanc
3487 1200 3813 1259 humanam

2152 1286 2516 1357 despexisset
2539 1287 2914 1359 sapientiam,
2947 1293 3208 1344 sectatur
3254 1291 3494 1346 verbum
3531 1293 3812 1362 veritatis,

2155 1380 2210 1430 et
2239 1376 2583 1448 adjungitur
2611 1376 2923 1445 Apostolo;
2963 1382 3021 1432 et
3068 1380 3522 1450 regenerationis
3578 1382 3811 1439 lavacro

2153 1470 2625 1533 consummatus,
2670 1466 2734 1521 fit
2773 1466 2951 1522 simul
2977 1467 3332 1539 discipulus,
3357 1475 3414 1526 et
3435 1487 3617 1540 prisco
3640 1471 3809 1527 Chri-

2152 1555 2252 1623 sti,
2287 1557 2389 1626 qui
2421 1565 2506 1611 est
2534 1556 2760 1626 primus
2784 1558 2983 1612 doctor
3012 1557 3295 1614 veritatis.
3330 1559 3551 1616 Etcum
3586 1562 3812 1632 primas

2155 1645 2286 1699 ﬁdei
2309 1645 2757 1701 exercitationes
2778 1649 2835 1700 et
2855 1645 3206 1718 disciplinas
3243 1663 3277 1702 ει
3319 1647 3486 1704 beato
3519 1650 3810 1722 percepis-

2152 1740 2242 1790 set
2262 1735 2590 1801 Hierotheo,
2614 1739 2673 1790 et
2695 1735 2754 1791 in
2785 1736 2984 1802 verbo,
3014 1739 3072 1790 et
3109 1735 3170 1791 in
3208 1737 3324 1792 vita
3347 1738 3421 1793 ab
3451 1754 3517 1794 eo
3541 1741 3806 1809 docetur,

2153 1827 2210 1880 et
2229 1824 2416 1880 sancti
2439 1823 2694 1896 Spiritus
2716 1827 3192 1880 communionem
3218 1826 3290 1882 ab
3315 1843 3382 1883 eo
3405 1829 3804 1901 consequitur.

379 1903 505 1978 περὶ
560 1907 773 1980 ψυχῆς,
827 1903 952 1981 περὶ
983 1905 1261 1978 σώματος,
1292 1907 1413 1981 περὶ
1474 1913 1572 1976 τῆς
1601 1910 1708 1960 τῶν
1758 1907 2038 1981 πρακτέων

2157 1913 2379 1970 Deinde
2409 1914 2784 1969 ascensiones
2823 1914 2881 1969 in
2905 1916 3074 1972 corde
3103 1932 3210 1970 suo
3239 1915 3581 1988 disponens,
3613 1918 3806 1991 philo-

383 1994 706 2068 ὑπάρξεως·
758 1995 936 2048 πάντα
993 1999 1178 2067 νεκροῖ
1222 1993 1290 2049 τὰ
1333 1993 1474 2068 μὲλη
1523 1996 1590 2048 τὰ
1644 1994 1731 2048 ἐπὶ
1779 1997 1876 2062 τῆς
1923 2001 2046 2066 γῆς,

393 2082 584 2139 πολλὰ
633 2087 703 2157 τῇ
738 2083 892 2158 σαρκὶ
915 2085 1313 2156 νομοθετήσας,
1356 2083 1433 2148 εἴς
1464 2084 1739 2160 ὑποταγὴν
1766 2087 1865 2138 τοῦ
1890 2083 2050 2138 πνεύ-

392 2191 590 2246 ματοςο
623 2171 967 2248 παιδαγωγεῖ
995 2174 1093 2241 τὴν
1128 2175 1296 2243 ἀκοὴν
1327 2172 1425 2229 ὅσα
1451 2178 1570 2237 θεῖα
1611 2174 1700 2229 καὶ
1762 2172 1887 2248 περὶ
1918 2177 2051 2229 Θεοῦ

391 2261 769 2318 ἐνωτίσασθαι·
827 2268 945 2325 τοῖς
999 2259 1057 2317 δὲ
1084 2261 1291 2318 τούτων
1347 2263 1500 2326 ἐκτὸς
1535 2265 1626 2318 τὸν
1678 2267 1820 2326 θεῖον
1881 2257 2050 2338 φόϐον

390 2352 639 2428 θυρωρὸν
705 2351 984 2427 ἐφίστησιν
1051 2352 1458 2427 ἀπαραίτητον·
1509 2350 1640 2408 ὅλον
1695 2352 1910 2428 μετάγει
1961 2352 2055 2407 τὸν

376 2440 485 2517 ἀφθ
501 2440 684 2515 αλμὸν
716 2440 805 2497 ἐπὶ
835 2443 934 2510 τήν
967 2440 1250 2512 ἀλήθειαν.
1291 2441 1370 2497 Τὰ
1411 2443 1512 2518 γὰρ
1554 2444 1652 2510 τῆς
1699 2440 1973 2516 γλώττης,
2007 2441 2052 2497 εί

376 2531 472 2587 καὶ
537 2531 614 2603 μὴ
665 2530 717 2586 ἑν
752 2533 834 2594 οἷς
884 2529 1055 2606 ἐχρῆν
1083 2532 1370 2606 πρότερον,
1431 2529 1558 2586 ἀλλ’
1589 2531 1682 2585 οὗν
1732 2531 2056 2609 φιλοσόφως

393 2640 454 2676 τε
497 2621 590 2675 καὶ
649 2624 916 2682 Ἀττικῶς
973 2619 1063 2674 καὶ
1113 2621 1250 2695 πρὸς
1299 2614 1574 2694 ἀκρίϐειαν
1620 2618 2056 2676 ἐνεπεπαίδευτοο

391 2711 517 2779 Καὶ,
553 2703 598 2763 ὤ
629 2713 726 2764 τοῦ
773 2708 1048 2782 θαύματος
1083 2711 1094 2764 ί
1155 2708 1206 2762 ἐν
1253 2709 1454 2784 βραχεῖ
1497 2707 1697 2770 πάντας
1746 2705 2053 2782 ὑπερϐαίνει

376 2797 507 2860 τοὺς
539 2795 869 2870 ἔμπροσθεν,
900 2797 962 2852 ού
1013 2795 1220 2871 κλέψας
1258 2797 1360 2866 τήν
1403 2797 1648 2867 ἐξουσίαν
1701 2795 1829 2853 οὐδέ
1874 2799 2050 2874 ἀρπά-

383 2908 498 2955 σας,
542 2885 693 2943 ἀλλᾶ
721 2887 852 2951 τοὺς
899 2888 1047 2942 κάτω
1082 2886 1323 2961 βαθμοὺς
1356 2883 1668 2959 διεξελθών.
1701 2887 1800 2941 Καὶ
1828 2887 1890 2942 τὸ
1920 2909 2048 2943 ποι-

380 2976 670 3050 μαίνεσθαι
704 2975 895 3037 καλῶς
925 2975 1198 3048 ἐκμαθὼν,
1231 2980 1336 3029 τῶν
1372 2977 1482 3029 ἄνω
1510 2974 1654 3050 ταχὺ
1681 2974 1906 3052 γίνεται,
1955 2977 2044 3032 καὶ

377 3065 663 3139 ποιμαίνει
698 3065 834 3138 μετὰ
861 3071 962 3134 τῆς
987 3064 1175 3140 πείρας
1198 3063 1439 3140 ὕστερον.
1471 3064 1565 3118 καὶ
1596 3064 1847 3126 ἐπιεικῶς
1876 3062 2046 3142 ἄρχε-

379 3165 500 3218 σθαι
542 3155 750 3228 μαθὼν,
784 3152 944 3230 ἄρχει
977 3152 1397 3230 ἐπιεικέστερον·
1449 3153 1540 3208 καὶ
1594 3155 1730 3227 μετὰ
1773 3161 1876 3224 τῆς
1910 3155 2046 3226 ἀλη-

373 3243 523 3307 θείας
571 3240 824 3314 διδάξας,
879 3240 968 3298 διὰ
1019 3243 1196 3314 πάσης
1245 3264 1303 3298 τε
1353 3241 1526 3298 ἐλθὼν
1590 3243 1827 3314 εὐταξίας
1877 3243 2040 3306 τέλος

2158 2003 2446 2075 sophatur
2471 2002 2800 2072 veritatem;
2826 2003 3035 2074 quaerit
3056 2020 3188 2059 cum
3216 2005 3473 2075 veritate,
3499 2008 3568 2063 de
3585 2008 3803 2079 anima,

2159 2095 2231 2150 de
2260 2108 2526 2166 corpore,
2559 2109 2624 2148 ac
2654 2094 2724 2148 de
2749 2093 3081 2148 substantia
3130 2109 3324 2149 rerum
3366 2097 3753 2166 gerendarum
3789 2114 3805 2155 :

2161 2184 2480 2240 mortificat
2501 2181 2700 2238 omnia
2721 2182 2988 2239 membra
3009 2198 3135 2252 sua,
3157 2199 3284 2255 quis
3323 2189 3459 2240 sunt
3480 2202 3657 2258 super
3684 2189 3804 2242 ter-

2161 2290 2311 2339 ram,
2329 2271 2524 2328 carnis
2543 2271 2759 2327 multas
2774 2273 2926 2342 leges
2941 2272 3302 2329 constituens
3322 2274 3394 2328 ad
3412 2274 3805 2331 obediendum

2163 2353 2421 2427 spiritui;
2447 2355 2615 2410 docet
2647 2369 2816 2408 aures
2839 2351 3166 2409 auscultare
3189 2370 3315 2425 qua:
3336 2353 3556 2426 divina,
3589 2360 3648 2410 et
3676 2371 3808 2426 quae

2165 2448 2306 2500 sunt
2330 2445 2400 2499 de
2418 2444 2534 2499 Deo
2562 2441 2887 2508 audienda;
2922 2441 2994 2497 iis
3011 2445 3203 2497 autem
3227 2458 3355 2514 qua;
3374 2448 3515 2499 sunt
3532 2447 3696 2500 extra
3715 2461 3806 2512 ea,

2164 2534 2422 2590 divinum
2455 2539 2677 2588 metum
2722 2531 3142 2587 inexorabilem
3175 2531 3409 2588 adhibet
3439 2533 3758 2604 janitorem
3791 2549 3807 2589 :

2163 2628 2219 2680 et
2239 2627 2422 2679 totum
2459 2620 2694 2678 oculum
2719 2620 2974 2675 traducit
2986 2622 3057 2676 ad
3083 2622 3383 2677 veritatem
3407 2621 3811 2694 contemplan-

2160 2713 2314 2768 dam.
2341 2712 2501 2776 Quod
2534 2714 2730 2766 autem
2769 2709 2839 2764 ad
2870 2708 3130 2779 linguam
3167 2710 3434 2781 pertinet,
3458 2713 3567 2767 etsi
3599 2728 3715 2768 non
3749 2712 3808 2768 in

2160 2801 2253 2869 iis,
2279 2801 2337 2856 in
2363 2801 2580 2873 quibus
2601 2799 2926 2870 oportebat,
2958 2798 3098 2854 olim
3139 2799 3345 2856 edocta
3371 2800 3578 2868 fuerat,
3610 2801 3806 2873 philo-

2159 2890 2397 2962 sophice
2426 2893 2621 2944 tamen
2653 2891 2712 2943 et
2739 2887 2944 2955 Attice,
2973 2887 3280 2960 multaque
3320 2905 3454 2944 cum
3503 2889 3808 2961 diligentia

2157 2979 2384 3037 erudita
2414 2982 2556 3034 erat.
2589 2977 2788 3048 Itaque
2823 2976 2982 3032 brevi
3007 2976 3319 3049 Dionysius
3341 2980 3393 3047 (ο
3427 2977 3805 3050 miraculum)

2153 3072 2392 3142 superat
2412 3083 2636 3137 omnes,
2661 3065 2759 3137 qui
2799 3071 3218 3138 pracesserant
3239 3083 3253 3121 :
3277 3067 3427 3124 845
3452 3072 3664 3124 etcum
3697 3085 3805 3140 po-

2152 3163 2424 3214 testatem
2449 3149 2566 3212 non
2589 3156 2936 3211 subfuratus
2958 3156 3238 3224 esset,sed
3266 3172 3367 3226 per
3379 3157 3598 3227 gradus
3621 3166 3808 3214 trans-

2152 3248 2321 3303 iisset
2349 3245 2681 3311 inferiores,
2708 3242 2950 3315 pulchre
2982 3243 3143 3314 pasci
3164 3243 3492 3315 didicisset,
3515 3245 3588 3300 ad
3625 3261 3807 3317 supe-

365 3332 466 3399 τὴν
519 3335 627 3386 τῶν
682 3333 926 3402 Ἀθηνῶν
980 3331 1288 3395 πιστευθεὶς
1334 3328 1651 3407 προεδρίαν,
1678 3336 1788 3387 τῶν
1835 3333 2037 3388 οἰάκων

2153 3336 2307 3391 riora
2330 3352 2461 3391 mox
2485 3333 2767 3405 pervenit,
2801 3335 2859 3387 et
2887 3332 3078 3404 pascit
3098 3336 3301 3404 postea
3333 3348 3470 3388 cum
3501 3333 3805 3404 experien-

366 3423 470 3490 τῆς
523 3419 853 3492 Ἐκκλησίας
905 3420 1364 3496 ὑπερκαθέζεται”
1418 3421 1481 3476 τό
1537 3442 1596 3476 τε
1650 3428 1752 3491 τῆς
1811 3423 2036 3497 γνώμης

362 3515 614 3587 γενναῖον
679 3507 1031 3578 ἰπιδεικνύει,
1079 3511 1169 3565 καὶ
1219 3507 1569 3585 προπολεμεῖ
1623 3515 1722 3579 τῆς
1769 3512 2034 3584 ποίμνης,

371 3599 466 3654 καὶ
497 3594 764 3654 ἀποσοϐεῖ
792 3599 919 3663 τοὺς
951 3601 1142 3671 θῆρας,
1173 3599 1264 3653 καὶ
1293 3603 1391 3653 τοῦ
1435 3597 1794 3668 νενοσηκότος
1841 3597 2037 3672 ἐπιμε-

372 3686 578 3762 λεῖται,
617 3688 710 3743 καὶ
740 3689 803 3743 τὸ
840 3690 1138 3764 μακρυνθὶν
1169 3688 1448 3762 ἀπανάγει·
1481 3688 1570 3742 καὶ
1604 3687 1896 3743 συνελόντα
1944 3689 2040 3767 φά-

368 3799 480 3847 ναι,
513 3784 647 3832 πᾶσι
677 3778 746 3832 τὰ
775 3777 950 3833 πάντα
979 3779 1114 3832 κατὰ
1140 3777 1232 3832 τὸν
1265 3777 1429 3831 αὐτοῦ
1462 3773 1789 3832 διδάσκαλον
1811 3777 2030 3854 γίνεται.

366 3866 530 3925 Οὕτω
561 3889 621 3922 τε
646 3865 880 3938 διδάξας,
915 3868 1000 3922 καὶ
1035 3869 1132 3936 τήν
1190 3863 1397 3942 Τριάδα
1447 3864 1802 3939 θεολογήσας,
1855 3872 2037 3942 σαφῶς

361 3955 489 4031 περὶ
517 3961 624 4011 τῶν
660 3954 847 4011 ἄλλων
883 3950 1244 4028 διαλαμϐάνει
1280 3952 1584 4029 δυνάμεων.

2147 3426 2342 3491 tia;et
2398 3439 2532 3478 cum
2588 3423 2848 3477 modeste
2905 3437 3107 3492 parere
3163 3420 3490 3486 didicisset,
3552 3422 3809 3494 imperat

2149 3513 2514 3578 modestius;
2538 3515 2595 3566 et
2625 3527 2759 3566 cum
2786 3509 3229 3582 docuisset-cum
3253 3510 3517 3582 veritate,
3542 3511 3809 3568 obiisset—

2149 3619 2264 3674 que
2286 3618 2496 3658 omnes
2521 3601 2655 3655 boni
2691 3599 2921 3655 ordinis
2955 3603 3153 3672 partes
3183 3601 3419 3656 tandem
3442 3600 3494 3657 ei
3527 3602 3805 3656 mandato

2146 3692 2512 3748 Athenarum
2547 3689 2913 3762 pontificatu,
2957 3689 3138 3744 clavis
3186 3689 3462 3759 prasidet
3508 3689 3806 3756 Ecclesiae,

2149 3781 2523 3852 ostenditque
2556 3795 2732 3834 suum
2758 3793 3109 3849 generosum
3155 3779 3442 3845 animum,
3478 3782 3536 3834 et
3581 3782 3807 3851 pugnat

2148 3887 2250 3941 pro
2282 3886 2453 3943 grege
2479 3885 2492 3924 :
2517 3867 2872 3940 expellitque
2903 3866 3127 3922 bestias
3147 3872 3205 3922 et
3230 3869 3382 3939 ejus,
3405 3869 3561 3939 quod
3601 3869 3806 3924 morbo

2151 3961 2398 4025 laborat,
2427 3975 2629 4013 curam
2683 3957 2855 4029 gerit,
2888 3961 2946 4011 et
2977 3957 3128 4027 quod
3182 3956 3354 4028 longe
3393 3962 3480 4014 est
3513 3962 3803 4012 remotum

368 4048 596 4102 reducit
625 4063 638 4102 :
677 4053 753 4115 et,
789 4051 852 4101 ut
883 4047 1064 4102 semel
1099 4047 1312 4114 dicam,
1345 4048 1497 4103 sicut
1555 4048 1685 4118 eius
1735 4049 2040 4120 magister,
2071 4050 2351 4107 omnibus
2384 4049 2449 4103 ﬁt
2507 4046 2816 4118 omnia(i).
2855 4049 3002 4102 Cum
3035 4045 3121 4102 sic
3151 4052 3346 4102 autem
3395 4045 3696 4102 docuisset
3746 4050 3804 4101 et

365 4138 441 4192 de
471 4137 779 4192 Trinitatis
811 4135 1118 4191 divinitate
1138 4136 1540 4201 disseruisset,
1574 4137 1729 4192 clare
1760 4142 1970 4193 tractat
2001 4139 2073 4196 de
2113 4139 2389 4212 supernis
2419 4137 2761 4191 virtutibus.

443 4223 547 4281 Καὶ
579 4222 654 4285 εἷς
682 4227 849 4279 τοῦτο
881 4221 1111 4299 χάριτος
1163 4221 1361 4294 ἐλθὼν,
1408 4224 1506 4291 ὡς,
1557 4223 1718 4292 ἡνίκα
1765 4225 1826 4278 τὸ
1874 4230 2039 4280 πνεῦ-

370 4333 449 4388 μα
493 4315 596 4378 τῆς
641 4312 909 4367 Θεοτόκου
938 4313 1193 4385 σώματος
1225 4309 1500 4384 ἐξεδήμει,
1535 4317 1651 4374 τοῖς
1701 4312 2040 4376 ἀποστόλοις

367 4400 460 4457 διὰ
507 4400 818 4476 πνεύματος
869 4401 960 4456 καὶ
1011 4400 1244 4479 νεφέλης
1271 4403 1340 4474 τῇ
1372 4401 1492 4474 ἱερᾷ
1538 4399 1734 4456 τούτου
1791 4401 2037 4458 ἐπιστᾶσι

363 4496 514 4572 ταφῇ
547 4497 930 4568 συμπαρεῖναι·
967 4492 1070 4546 οὐκ
1107 4485 1185 4546 ἔτι
1217 4487 1327 4546 δεῖν
1375 4486 1511 4562 ᾤετο
1562 4495 1660 4564 μιᾷ
1706 4491 1866 4547 πόλει
1917 4497 2038 4556 ταῖς

366 4584 628 4652 Ἀθήναις
670 4583 763 4636 τὸν
803 4585 1064 4636 τοσοῦτον
1110 4579 1441 4655 περιγράψαι
1489 4579 1727 4634 πλοῦτον
1777 4587 1881 4650 τῆς
1929 4583 2036 4658 χά-

369 4687 544 4746 ριτος⁶
580 4668 725 4725 ἀλλᾶ
752 4671 814 4724 τὸ
857 4667 1125 4724 τάλαντον
1176 4667 1622 4723 πολυπλασιάσαι
1673 4667 2033 4742 βουλόμενος,

2220 4228 2366 4283 Cnm
2425 4242 2558 4281 vero
2609 4224 2681 4280 ad
2736 4228 2956 4279 tantam
3018 4223 3380 4297 pervenisset
3433 4223 3680 4296 gratiam
3739 4225 3806 4277 ut

2149 4316 2386 4389 quando
2445 4314 2722 4386 Deiparaa,
2757 4315 2914 4385 quod
2981 4315 3162 4369 Deum
3225 4313 3487 4384 suscepit
3539 4311 3802 4385 corporis

2147 4405 2458 4476 emigravit
2487 4403 2756 4474 spiritus,
2803 4401 2982 4457 simul
3033 4403 3268 4457 adesset
3313 4418 3448 4456 cum
3495 4399 3797 4472 apostolis,

2147 4495 2245 4565 qui
2278 4510 2381 4565 per
2411 4491 2683 4564 spiritum
2717 4495 2776 4546 et
2807 4491 3024 4547 nubem
3057 4493 3125 4546 ad
3161 4491 3310 4546 hanc
3343 4507 3571 4546 sacram
3603 4505 3800 4546 acces-

2145 4587 2346 4640 serant
2375 4581 2763 4654 sepulturam,
2797 4596 2911 4634 non
2946 4581 3180 4650 amplus
3223 4579 3579 4635 existimavit
3625 4595 3802 4651 opor-

2146 4677 2268 4728 tere
2299 4689 2416 4727 una
2463 4671 2718 4736 civitate,
2760 4685 2974 4741 nempe
3010 4669 3274 4738 Athenis,
3316 4667 3802 4725 circumscribere

369 4759 466 4814 καὶ
512 4763 631 4814 κατ’
683 4756 845 4833 ἴχνος
892 4754 1116 4813 ἕπεσθαι
1163 4761 1243 4828 τῷ
1293 4754 1630 4830 διδασκάλῳ,
1657 4757 1754 4819 τὰς
1803 4757 2035 4828 Ἀθήνας

2153 4761 2292 4818 tales
2324 4777 2464 4832 opes
2495 4760 2726 4832 gratiae;
2776 4757 2876 4813 sed
2924 4757 3125 4812 volens
3173 4757 3567 4829 multiplicare
3615 4756 3801 4812 talen-

369 4845 687 4919 ἀπολιπὼν,
737 4846 925 4902 πολλὰ
983 4847 1076 4920 μὲν
1130 4845 1270 4901 κατὰ
1316 4852 1418 4922 γῆν
1470 4847 1678 4918 παθὼν,
1732 4846 1922 4902 πολλὰ
1978 4844 2036 4901 δὲ

365 4938 459 4994 καὶ
522 4939 660 4994 κατὰ
711 4936 982 5002 θάλασσαν
1029 4933 1326 5010 ὑπομείνας
1375 4936 1442 4990 τὰ
1491 4933 1732 5012 δυσχερῆ
1782 4935 1872 4990 καὶ
1926 4957 2034 5010 μη-

366 5025 427 5085 δὲ
489 5029 593 5084 ὑπὸ
650 5026 858 5083 τούτων
913 5025 1311 5101 κατασχεθεὶς,
1386 5022 1512 5082 ἀλλ’
1575 5025 1705 5102 ὑπὶρ
1763 5026 1832 5082 τὰ
1888 5025 2036 5082 κάτω

365 5117 544 5175 πάντα
589 5120 658 5191 τῇ
703 5115 812 5171 τῶν
859 5112 970 5170 ἅνω
1021 5114 1220 5190 θεωρίᾳ
1266 5116 1578 5190 γενόμενος,
1635 5116 1736 5185 τὴν
1781 5113 2036 5190 βασιλίδα

365 5208 593 5280 Ῥώμην
643 5199 1096 5278 καταλαμϐάνει,
1164 5203 1254 5258 καὶ
1298 5205 1546 5277 πρόσεισι
1606 5203 1885 5277 Κλήμεντι
1943 5205 2033 5259 τὸν

366 5293 742 5353 ἀποστολικὸν
800 5297 1097 5364 τηνικαῦτα
1153 5291 1343 5367 θρόνον
1401 5291 1664 5348 διέποντι·
1726 5294 1784 5356 ὃς
1845 5294 2035 5370 Πέτρῳ

365 5391 452 5459 τῷ
503 5383 726 5462 μεγάλῳ
760 5383 971 5462 ἐφοίτα,
1017 5385 1104 5438 καὶ
1155 5384 1247 5438 τὸν
1292 5382 1477 5457 θρόνον
1534 5385 1621 5439 ὑπ’
1668 5383 1877 5439 ἐκείνου
1936 5405 2036 5438 πε-

360 5477 644 5532 πίστευτο.
679 5473 871 5546 Τούτῳ
901 5473 991 5527 οὖν
1023 5471 1271 5547 πρόσεισι
1304 5471 1607 5542 Διονύσιος,
1653 5472 1743 5528 καὶ
1793 5473 1855 5526 τὸ
1914 5474 2034 5527 καθ’

365 5564 560 5622 ἑαυτὸν
604 5559 960 5640 προσαναθεὶς
1014 5558 1344 5638 Εὐαγγέλιον
1395 5560 1458 5616 τό
1504 5583 1563 5617 τε
1606 5567 1710 5632 τῆς
1761 5558 2038 5624 διακονίας

446 5782 514 5857 (ἱ)
545 5781 568 5838 Ι
597 5781 726 5840 Cor.
759 5794 837 5849 ix,
866 5777 959 5834 22.

2145 4856 2270 4906 tum
2303 4856 2358 4906 et
2388 4849 2555 4921 sequi
2611 4848 2703 4903 sui
2752 4847 3020 4919 magistri
3054 4846 3320 4917 vestigia,
3354 4845 3573 4901 relictis
3622 4845 3799 4900 Athe-

2145 4940 2256 5011 nis,
2297 4944 2354 4995 et
2380 4943 2535 4994 terra
2564 4941 2619 4993 et
2651 4937 2800 4991 mari
2837 4935 3024 4990 multa
3069 4951 3280 5007 passus
3322 4934 3540 5006 gravia,
3576 4950 3679 4989 nec
3708 4939 3798 4989 ta-

2146 5046 2281 5088 men
2314 5030 2386 5087 ab
2412 5028 2497 5085 eis
2525 5025 2998 5092 retardatus,sed
3024 5040 3416 5098 supernarum
3438 5039 3634 5079 rerum
3659 5039 3798 5080 con-

2145 5121 2524 5191 templatione
2566 5117 2774 5172 inferis
2813 5115 3090 5172 omnibus
3132 5115 3450 5187 superatis,
3485 5113 3556 5169 ad
3579 5113 3801 5184 regiam

2145 5214 2349 5269 urbem
2408 5208 2674 5281 pervenit
2731 5208 3018 5274 Romam;
3080 5210 3138 5261 et
3193 5205 3417 5261 accedit
3446 5204 3685 5276 quidem
3728 5204 3801 5259 ad

2144 5301 2521 5366 Clementem,
2556 5297 2657 5369 qui
2689 5301 2829 5351 tunc
2860 5297 3061 5350 sedem
3112 5295 3348 5350 tenebat
3395 5293 3800 5366 apostolicam,

2147 5392 2420 5464 quiquea
2453 5405 2665 5460 magno
2715 5387 2886 5441 Petro
2942 5386 3129 5439 fuerat
3176 5386 3448 5454 edoctus,
3489 5389 3545 5438 et
3592 5382 3686 5439 cui
3728 5384 3803 5438 ab

2145 5481 2245 5536 illo
2292 5482 2483 5534 fuerat
2540 5478 2760 5533 credita
2819 5476 3008 5531 sedes.
3070 5476 3155 5530 Ad
3206 5491 3340 5530 eum
3390 5491 3529 5546 ergo
3578 5475 3806 5528 accedit

2146 5560 2484 5631 Dionysius,
2517 5562 2576 5614 et
2631 5572 2766 5612 cum
2814 5557 2866 5612 ei
2911 5571 3086 5612 suum
3141 5553 3510 5627 exposuisset
3537 5554 3801 5625 Evange-
