4106 6390
391 439 501 495 595

1623 443 1682 501 8.
1724 439 2038 495 DIONYSII
2080 442 2580 500 ABEOPAGITE.

3707 449 3810 503 596

394 563 648 632 1ium,et
676 577 825 634 opus
882 561 1033 618 sacri
1091 561 1429 633 ministerii,
1491 565 1552 617 ut
1609 563 1710 634 qui
1760 567 1916 620 esset
1947 563 2046 620 iis-

2178 557 2316 640 ἔργον
2373 564 2447 629 ὠς
2503 563 2803 641 ὁμοτρόπῳ
2840 564 2931 620 καὶ
2985 565 3337 641 ὁμογνώμονι
3393 568 3810 641 κοινωσάμενος,

396 653 528 708 dem
580 651 846 708 moribus
894 655 953 707 et
1003 651 1295 707 sententia
1353 651 1872 722 communicasset,
1925 653 2053 725 ipse

396 757 532 797 eum
570 741 919 796 adhortatur
965 744 1030 794 ut
1079 743 1340 794 transeat
1389 739 1460 794 ad
1499 743 1692 810 partes
1723 740 2052 795 occidenta-

395 831 503 888 les.
535 833 680 887 Cum
712 847 782 886 ex
832 830 908 885 iis
955 846 1115 902 ergo,
1149 829 1248 901 qui
1299 846 1434 884 eum
1479 830 1902 901 sequebantur,
1939 829 2054 883 mi-

397 921 603 978 nistris
661 938 766 994 per
819 921 978 976 vicos
1036 925 1094 975 et
1149 920 1413 974 civitates
1467 918 1613 974 alios
1665 919 1803 975 alibi
1855 918 2056 974 distri-

397 1011 646 1081 buisset,
678 1021 733 1066 et
753 1009 1012 1067 salutare
1045 1008 1145 1064 Dei
1180 1008 1562 1081 Evangelium
1588 1009 1878 1080 jussisset
1907 1026 2056 1080 prm-

399 1101 614 1170 dicare,
657 1102 895 1172 ipseque
945 1098 1249 1154 Rusticum
1297 1103 1355 1154 et
1402 1099 1836 1167 Eleutherium,
1888 1098 2056 1154 illum

403 1189 644 1261 quidem
677 1187 1005 1245 Cbrismate
1035 1187 1371 1253 sacerdotii,
1411 1187 1564 1242 hunc
1592 1192 1812 1254 autem,
1847 1203 2058 1258 nempe

399 1278 824 1349 Eleutherium,
881 1278 1265 1335 honestatum
1343 1278 1683 1348 diaconatu,
1735 1279 2058 1351 accepisset

399 1369 718 1441 adjutores,
777 1387 892 1425 non
947 1385 1118 1426 secus
1177 1385 1243 1425 ac
1303 1385 1560 1441 magnus
1588 1371 1899 1442 Apostolus
1930 1367 2056 1440 Syl-

400 1475 616 1516 vanum
647 1463 702 1515 et
733 1458 1140 1524 Timotheum,
1171 1463 1226 1513 et
1258 1459 1330 1512 ad
1370 1457 1570 1514 Gallos
1622 1459 1874 1514 venisset
1903 1457 2057 1514 occi-

403 1548 686 1617 dentales,
720 1564 835 1604 non
890 1547 1085 1602 solum
1136 1547 1331 1602 verbis
1379 1547 1686 1614 doctrinae,
1718 1547 1821 1602 sed
1881 1547 2059 1602 etiam

403 1636 703 1705 signorum
736 1635 1015 1708 operibus
1039 1635 1391 1708 fungebatur
1413 1651 1654 1692 munere
1673 1635 2058 1708 apostolatus,

404 1724 639 1781 medius
689 1741 981 1797 apparens
1036 1724 1110 1779 iis
1169 1725 1268 1796 qui
1315 1725 1374 1780 in
1425 1741 1775 1796 unaquaque
1830 1724 2062 1780 civitate

405 1813 850 1883 conveniebant,
883 1817 941 1868 et
979 1815 1050 1869 de
1092 1813 1304 1884 pietate
1364 1813 1542 1868 verba
1574 1813 1790 1868 faciens
1819 1811 1949 1868 sine
1975 1813 2063 1866 in-

410 1901 800 1973 termissione,
840 1907 897 1958 et
936 1903 1224 1958 inducens
1271 1902 1567 1958 auditores
1603 1903 1673 1957 ad
1705 1902 2061 1974 agnitionem

410 1992 542 2062 ejus
578 1991 680 2063 qui
728 1991 889 2063 ipsos
921 1991 1155 2047 creavit.
1183 1995 1326 2046 Cum
1355 1990 1439 2046 sic
1467 2007 1601 2062 ergo
1647 1992 1907 2047 veritatis
1938 2008 2065 2046 ver-

411 2081 556 2136 bum
592 2080 1031 2152 predicaretur,
1065 2085 1123 2136 et
1178 2081 1376 2135 divina
1423 2081 1660 2152 quidem
1714 2081 1858 2136 fides
1909 2081 2063 2136 846

405 2170 1270 2235 confirmaretur,amoveretur
1304 2174 1500 2226 autem
1534 2171 1725 2226 omnis
1755 2171 1915 2226 fraus
1947 2171 2066 2225 dte-

409 2276 680 2331 monum,
717 2260 1035 2331 quemdam
1069 2277 1139 2316 ex
1175 2261 1248 2316 iis
1271 2261 1372 2332 qui
1413 2278 1547 2316 cum
1573 2277 1638 2316 eo
1661 2262 2064 2331 versabantur,

403 2352 716 2426 inclytum,
743 2353 1012 2425 inquam,
1038 2351 1383 2422 Lucianum,
1410 2353 1512 2425 qui
1541 2354 1718 2410 etiam
1744 2355 2066 2427 presbyteri

407 2442 696 2514 dignitate
713 2447 837 2498 erat
858 2447 1098 2498 ornatus
1116 2445 1267 2512 (eum
1293 2443 1447 2498 enim
1474 2445 1876 2515 sequebantur
1896 2444 2067 2500 multi

409 2548 481 2588 ex
509 2532 582 2587 iis
610 2532 709 2604 qui
737 2532 1010 2589 virtutem
1037 2532 1564 2604 amplectebantur;
1590 2534 1784 2590 simile
1801 2535 1978 2602 enim,
2002 2539 2069 2590 ut

411 2620 654 2688 dicitur,
684 2621 864 2676 simili
890 2620 1434 2693 delectatur),misit
1455 2623 1526 2676 ad
1550 2623 1838 2678 civitatem
1863 2623 2070 2678 insulis

424 2709 815 2776 Belvacensis,
835 2710 1293 2781 praedicaturum
1323 2711 1593 2782 pietatem
1620 2729 1633 2778 ;
1677 2712 1801 2783 ipse
1836 2729 1968 2768 vero
1991 2712 2070 2767 si-

413 2798 538 2852 mul
561 2815 698 2854 cum
723 2798 963 2854 Rustico
987 2804 1044 2853 et
1069 2798 1403 2855 Eleutherio
1425 2799 1617 2855 Gallia
1654 2799 1952 2872 Cisalpina
1982 2818 2069 2857 re-

409 2887 568 2959 licta,
602 2905 736 2945 cum
759 2888 870 2944 hoc
894 2904 1246 2960 responsum
1270 2889 1579 2944 habuisset
1619 2891 1692 2945 ab
1715 2889 1942 2963 angelo,
1972 2908 2070 2946 ve-

406 2977 496 3032 nit
522 2978 582 3033 in
613 2976 934 3044 civitatem,
960 2993 1090 3048 quas
1137 2977 1363 3032 dicitur
1399 2977 1629 3044 Parisii,
1671 2983 1736 3033 ut
1756 2996 1889 3034 cum
1913 2980 1972 3035 in
2004 2997 2074 3035 ea

405 3067 650 3122 verbum
693 3067 1049 3123 seminasset
1078 3066 1409 3138 pietatis,et
1446 3066 1756 3123 redimitus
1800 3074 1954 3124 esset
1975 3085 2071 3124 co-

413 3172 558 3211 rona
577 3157 1000 3228 martyrii,cum
1024 3156 1244 3212 ﬁducia
1265 3156 1578 3212 sisteretur
1598 3173 1794 3213 coram
1807 3158 1923 3213 Deo
1939 3174 2072 3229 ago-

407 3243 671 3313 notheta,
691 3245 850 3316 quod
869 3245 1143 3315 equidem
1167 3243 1219 3300 ei
1242 3245 1301 3300 in
1326 3244 1475 3300 votis
1503 3250 1647 3315 erat,
1668 3251 1725 3301 et
1752 3247 1863 3303 hoc
1893 3246 1952 3302 in
1984 3264 2068 3302 se-

407 3333 726 3405 quentibus
757 3349 992 3390 narrare
1024 3337 1312 3406 satagam.

482 3461 624 3516 Cum
655 3474 791 3532 ergo
842 3458 1097 3515 venisset
1144 3459 1215 3514 ad
1267 3459 1420 3515 hanc
1473 3459 1834 3516 Parisiorum
1871 3461 2073 3518 civita-

410 3549 554 3614 tem,
587 3553 646 3602 et
675 3563 802 3602 eam
833 3547 1156 3603 invenisset
1187 3545 1419 3618 plenam
1471 3547 1916 3618 incredulitate;
1951 3568 2073 3621 quae

415 3653 618 3693 eorum
651 3636 918 3708 quidem,
949 3653 1077 3708 quas
1133 3636 1190 3691 in
1251 3637 1382 3710 ipsa
1436 3644 1606 3694 erant
1657 3639 2076 3710 puchritudine

422 3729 480 3781 et
510 3723 852 3781 excellentia
900 3724 1238 3780 civitatibus
1289 3726 1520 3798 magnis
1569 3732 1692 3781 erat
1722 3726 1895 3797 longe
1921 3725 2073 3781 infe—

423 3814 564 3883 rior,
607 3813 908 3885 impietate
945 3824 1137 3870 autem
1171 3815 1316 3869 adeo
1339 3822 1462 3870 erat
1484 3815 1764 3870 omnibus
1787 3816 2070 3885 superior,

421 3907 487 3958 ut
540 3918 612 3957 ne
647 3906 886 3974 possent
915 3903 1152 3974 quidem
1212 3919 1348 3958 cum
1400 3920 1466 3958 ea
1514 3903 1781 3957 conferre
1816 3902 2075 3971 undique

420 3992 494 4046 ab
528 3991 890 4048 immanibus
923 3996 1206 4062 occupata
1231 3991 1689 4056 habitatoribus,
1713 3996 1771 4045 et
1796 3994 2073 4060 tanquam

419 4078 568 4136 vallo
601 4078 798 4151 aliquo
846 4080 1011 4136 valde
1045 4081 1274 4135 munita
1317 4080 1554 4135 illorum
1613 4078 1984 4145 crudelitate,
2018 4086 2076 4137 et

419 4184 548 4224 eam
567 4185 893 4241 opponens,
924 4174 1208 4240 tanquam
1241 4169 1476 4239 aliquod
1513 4167 1673 4223 aliud
1707 4167 2070 4237 praesidium.

420 4259 580 4314 Addo
610 4259 766 4330 quod
801 4275 934 4314 cum
965 4259 1234 4313 omnium
1285 4258 1583 4312 fructuum
1639 4261 1798 4313 esset
1844 4259 2078 4314 fertilis-

421 4345 596 4413 sima,
616 4351 674 4402 et
703 4347 1034 4402 abundaret
1068 4346 1322 4402 maxima
1353 4362 1552 4400 rerum
1591 4347 1858 4402 omnium
1889 4348 2075 4419 copia,

420 4433 574 4490 cives
605 4452 745 4491 suos
777 4434 967 4507 magis
1019 4433 1304 4490 incitabat
1333 4434 1405 4489 ad
1456 4435 1616 4488 vitia.
1652 4435 1794 4489 Cum
1834 4433 1891 4488 in
1926 4434 2076 4491 hanc

419 4540 555 4597 ergo
586 4525 668 4582 sic
699 4527 970 4583 affectam
1022 4525 1276 4582 venisset
1332 4524 1656 4592 civitatem,
1691 4525 1894 4580 obibat
1942 4542 2075 4597 per-

419 4622 689 4672 scrutans
711 4615 760 4671 si
794 4629 970 4688 quem
1002 4614 1198 4671 locum
1239 4619 1444 4686 aptum
1493 4613 1781 4669 inveniret
1815 4615 1885 4670 ad
1920 4613 2077 4686 quie-

2167 654 2269 708 ὑπὸ
2340 653 2537 709 τούτου
2609 657 2976 732 προτρέπεται
3031 655 3122 710 καὶ
3187 655 3326 730 πρὸς
3389 654 3612 731 ἑσπέρια
3662 679 3812 730 μετα-

2166 737 2329 812 ϐῆναι
2392 743 2555 818 μὲρη·
2607 743 2811 806 ἄλλους
2870 745 2965 817 μὶν
3021 745 3112 798 οὗν
3169 750 3276 800 τῶν
3333 743 3616 818 ἑπομένων
3678 747 3816 820 αὐτῷ

2167 829 2504 908 λειτουργῶν
2555 833 2810 909 ἀλλαχοῦ
2837 838 2945 888 τῶν
2977 839 3181 907 κωμῶν
3235 855 3293 889 τε
3338 835 3431 890 καὶ
3461 833 3681 890 πόλεων
3709 833 3817 891 δια-

2166 919 2352 993 νείμας
2386 969 2400 992 ,
2452 923 2538 976 καῖ
2598 924 2660 978 τὸ
2717 928 2815 978 τοῦ
2872 927 3007 978 Θεοῦ
3057 925 3328 998 σωτήριον
3391 923 3819 1000 εὐαγγελίζεσθαι

2164 1011 2729 1085 παρεγγυησάμενος,
2797 1013 3108 1068 Ῥουστικὸν
3185 1011 3346 1074 αὐτὸς
3413 1013 3505 1068 καὶ
3581 1015 3820 1079 Ἐλευθέο

2170 1119 2304 1176 ριον,
2353 1101 2442 1155 τὸν
2501 1103 2593 1174 μὲν
2645 1103 2946 1176 ἱερωσύνης
3003 1101 3268 1177 χρίσματι
3326 1099 3578 1173 διακονίᾳ
3629 1100 3686 1158 δὲ
3738 1125 3820 1158 τε-

2165 1188 2472 1262 τιμημένον
2538 1189 2630 1244 τὸν
2684 1187 3066 1266 Ἐλευθέριον,
3120 1189 3446 1265 συνεργοὺς,
3508 1192 3746 1269 καθάπερ
3794 1195 3820 1248 ὀ

2173 1278 2336 1353 μέγας
2410 1277 2750 1342 Ἀπόστολος
2818 1278 3121 1334 Σιλουανὸν
3172 1279 3263 1334 καὶ
3306 1280 3604 1352 Τιμόθεον,
3663 1301 3822 1358 παρα·

2169 1362 2354 1422 λαϐὼν
2390 1411 2403 1435 ,
2449 1368 2538 1423 καὶ
2607 1367 2736 1431 τοὺς
2801 1368 3084 1444 ἑσπερίους
3134 1364 3467 1424 καταλαϐὼν
3535 1369 3820 1441 Γαλάτας,

2170 1455 2231 1510 οὐ
2265 1453 2499 1532 διδαχῆς
2535 1456 2701 1529 μόνον
2736 1457 2995 1533 ῥήμασιν,
3036 1456 3182 1514 ἀλλά
3205 1457 3296 1513 καὶ
3348 1458 3600 1532 σημείων
3649 1454 3820 1535 ἔργοις

2169 1545 2488 1615 ἀποστολῆς
2541 1544 2696 1622 ἔργον
2758 1547 3072 1622 εἰργάζετο,
3131 1548 3294 1620 μέσος
3347 1553 3471 1610 τοῖς
3538 1551 3656 1613 καθ’
3712 1549 3822 1604 ἑκά-

2171 1655 2300 1702 στην
2354 1636 2619 1689 συνιοῦσιν
2695 1635 3086 1714 ἑκφαινόμενος
3123 1680 3137 1704 ,
3213 1635 3342 1698 τούς
3414 1658 3474 1691 τε
3542 1640 3642 1706 τῆς
3693 1638 3827 1694 εὗσε-

2171 1718 2321 1785 6είας
2373 1721 2576 1798 λόγους
2635 1721 2998 1787 ἀδιαλείπτως
3049 1725 3342 1792 ἀνακινῶν,
3402 1724 3495 1781 καὶ
3553 1727 3688 1804 πρὸς
3729 1727 3820 1795 τὴν

2169 1816 2268 1866 τοῖί
2333 1815 2701 1882 πεποιηκότος
2769 1813 3056 1890 ἐπίγνωσιν
3120 1814 3248 1876 τοὺς
3306 1815 3581 1891 ἀκροατὰς
3639 1815 3821 1889 ἐπαγό-

2175 1923 2352 1974 μενος.
2416 1902 2604 1964 Οὕτως
2662 1903 2751 1957 οὗν
2801 1901 2897 1957 τοῦ
2947 1901 3112 1980 λόγου
3151 1911 3250 1974 τῆς
3308 1903 3576 1975 ἀληθείας
3623 1926 3818 1982 κηρυσ-

2174 1989 2408 2063 σομὲνου
2444 2037 2458 2057 ,
2532 1990 2623 2045 καὶ
2699 1998 2798 2060 τῆς
2867 1993 2963 2065 μὲν
3031 1993 3178 2056 θείας
3249 1993 3660 2067 κρατυνομὲνης
3736 1993 3817 2048 πί-

2176 2101 2364 2148 στεως,
2424 2076 2751 2152 δαιμονικῆς
2803 2077 2860 2136 δὲ
2900 2082 3082 2152 πάσης
3129 2083 3340 2152 ἀπάτης
3391 2081 3453 2138 ἐκ
3505 2080 3684 2138 ποδῶν
3741 2105 3816 2158 γι-

2174 2170 2434 2242 νομένης,
2493 2173 2599 2223 τῶν
2660 2168 2746 2224 ἐπὶ
2800 2171 2978 2242 τούτῳ
3023 2171 3145 2225 τινὰ
3198 2171 3474 2226 συνόντων
3537 2171 3815 2227 Δουκιανόν

2177 2280 2321 2337 φημι
2377 2259 2469 2313 τὸν
2497 2256 2769 2331 ἀοίδιμον,
2801 2260 2861 2322 ὃς
2908 2260 2997 2314 καὶ
3145 2263 3244 2314 τοῦ
3287 2255 3658 2335 πρεσϐυτέρου
3712 2259 3821 2330 ἀξίᾳ

2177 2346 2490 2421 ἐτετίμητο,
2518 2350 2877 2420 (συνήπτοπο
2925 2349 3026 2424 γὰρ
3079 2348 3228 2420 αὐτῷ
3254 2347 3469 2404 πολλοὶ
3498 2353 3605 2404 τῶν
3642 2349 3821 2422 ἀρετῆς

2183 2436 2681 2511 μεταποιουμὲνων·
2733 2442 2812 2510 τῷ
2859 2437 3058 2511 ὁμοίῳ,
3121 2439 3272 2516 φασὶ,
3307 2438 3379 2493 τὸ
3434 2438 3670 2512 δμοισνο)
3699 2437 3821 2513 πρὸς

2177 2527 2276 2595 τὴν
2327 2533 2425 2596 τῆς
2460 2525 2849 2589 Βελουακένσις
2898 2529 3068 2596 νήσου
3117 2523 3280 2583 πόλιν
3332 2526 3620 2602 ἐκπέμψας
3671 2525 3823 2600 κηρόο

2152 2619 2342 2688 -ξοντα
2396 2617 2494 2684 τήν
2557 2612 2831 2670 εὐσέϐειαν
2867 2659 2882 2685 ,
2963 2615 3122 2678 αὐτὸς
3192 2618 3306 2690 ἅμα
3387 2618 3682 2688 Ῥουστικῷ
3746 2616 3826 2670 καὶ

2182 2705 2507 2780 Ἐλευθερίῳ
2557 2707 2656 2774 τὴν
2705 2703 2943 2760 Γαλλίαν
2999 2705 3220 2779 λιπὼν,
3282 2703 3494 2771 ἄνωθεν
3554 2707 3698 2778 αὐτῷ
3750 2725 3826 2759 κε-

2180 2796 2659 2872 χρηματισμένον,
2713 2795 2764 2850 ἐν
2824 2796 3057 2870 Παρισίᾳ
3085 2796 3370 2872 λεγομένῃ
3412 2799 3480 2870 τῇ
3512 2794 3668 2850 πόλει
3697 2794 3826 2869 γίνε-

2179 2907 2289 2954 ται,
2349 2885 2424 2946 ὡς
2483 2883 2542 2939 ἃν
2598 2885 2733 2957 μετά
2773 2884 3082 2961 παρρησίας
3131 2883 3269 2958 αὐτῇ
3325 2885 3431 2940 τὸν
3461 2892 3559 2956 τῆς
3589 2884 3823 2954 ἀληθείας

2183 2973 2349 3048 λόγον
2427 2973 2906 3048 ἑγκατασπείραντι
2936 3018 2953 3046 ,
3033 2973 3123 3029 καὶ
3195 2974 3288 3029 τὸν
3377 2979 3476 3030 τοῦ
3549 2971 3824 3048 μαρτυρίου

2182 3060 2578 3134 ἀναδησαμένῳ
2654 3063 2912 3138 στέφανον
2944 3106 2958 3132 ,
3036 3064 3170 3134 μετὰ
3233 3061 3553 3140 παρῤησίας
3619 3061 3704 3118 καὶ
3755 3064 3824 3132 τῷ

2182 3152 2496 3225 ἀγωνοθέτῃ
2560 3158 2898 3226 παραστῆναι
2969 3155 3088 3223 Θεῷ
3161 3149 3439 3224 γένηται,
3511 3153 3538 3207 ὃ
3608 3149 3672 3220 δὴ
3726 3153 3820 3204 τῶν

2182 3238 2382 3316 ἐφετῶν
2414 3239 2562 3312 αὐτῷ
2588 3239 2650 3294 τὸ
2680 3238 2998 3312 ἀκρότατον·
3032 3237 3123 3292 καὶ
3154 3238 3184 3292 ὂ
3217 3237 3315 3312 μτὶ
3348 3240 3561 3316 προϊὼν
3593 3239 3621 3293 ὁ
3671 3235 3818 3311 λόγος

2096 3306 2138 3373 C
2188 3326 2510 3400 δηλώσειεν.

2255 3455 2344 3510 Ἐν
2419 3453 2596 3508 τοίνυν
2672 3456 2742 3527 τῇ
2812 3453 3049 3528 Παρισίᾳ
3113 3451 3284 3528 ταύτῃ
3371 3451 3680 3530 γενόμενος,
3747 3449 3821 3504 καὶ

2185 3542 2376 3615 πλήρη
2435 3543 2534 3610 τήν
2596 3540 2761 3597 πόλιν
2824 3541 3075 3603 ἀπιστίας
3133 3541 3334 3618 εὑρὼν,
3385 3540 3580 3598 κάλλει
3615 3541 3704 3614 μὶν
3747 3537 3824 3594 καὶ

2190 3631 2396 3707 μεγέθει
2439 3631 2529 3685 καὶ
2579 3629 2781 3701 πλήθει
2823 3635 2930 3684 τῶν
2965 3629 3016 3685 ἰν
3058 3629 3194 3704 αὐτῇ
3227 3631 3377 3686 πολύ
3415 3653 3469 3686 τι
3516 3635 3621 3686 τῶν
3681 3625 3824 3702 μεγά-

2187 3720 2301 3775 λων
2332 3719 2549 3774 πόλεων
2585 3718 3054 3793 ἀπολειπομένην·
3111 3723 3180 3792 τῇ
3232 3717 3288 3774 δὲ
3340 3715 3560 3790 ἀσεϐείᾳ
3602 3716 3821 3786 τοσούτῳ

2185 3813 2370 3862 πασῶν
2414 3801 2760 3883 κρατοῦσαν,
2821 3807 2934 3880 ὅσῳ
2995 3806 3138 3880 μηδὲ
3191 3803 3536 3884 παραϐαλεῖν
3593 3804 3822 3867 δύνασθαι

2185 3895 2413 3967 ἀπηνέσι
2471 3917 2530 3950 τε
2589 3900 2852 3962 πάντοθεν
2906 3895 3337 3971 ἀπειλημμένην
3395 3897 3697 3972 οἴκήτορσι,
3745 3888 3822 3946 καὶ

2186 3985 2365 4060 ὥσπερ
2442 3985 2549 4041 τινὶ
2625 3986 2820 4063 τειχίῳ
2895 3987 3421 4062 περιπεφραγμένην
3483 3986 3714 4060 ἰσχυρῶς
3764 3981 3820 4052 τῇ

2187 4075 2403 4129 ἐκείνων
2480 4075 2751 4149 ὠμότητι,
2824 4076 2915 4130 καὶ
2991 4074 3192 4145 ταύτην
3269 4076 3386 4131 ἀντ’
3461 4073 3633 4130 ἄλλου
3698 4068 3824 4129 τινὸς

2184 4162 2559 4242 φυλακτηρίου
2615 4162 2988 4240 προίσχουσαν
3027 4183 3040 4196 ⁸
3113 4163 3300 4226 ἄλλως
3370 4185 3429 4219 τε
3505 4160 3563 4218 δὲ
3619 4159 3704 4216 καὶ
3751 4157 3822 4210 ὅτι

2187 4253 2322 4327 πρὸς
2377 4258 2597 4326 καρπῶν
2660 4252 2909 4307 ἀπάντων
2971 4254 3139 4330 φορὰν
3172 4253 3408 4327 γόνιμος
3469 4252 3534 4321 ἦν
3595 4245 3820 4319 ἡπόλις,

2185 4341 2422 4404 καὶτοῖς
2474 4341 2791 4419 φιλοτίμοις
2837 4348 2996 4397 πᾶσιν
3057 4341 3360 4412 εὐθηνοῦσα
3404 4341 3495 4397 καὶ
3549 4337 3821 4413 περιττοῖς,

2187 4431 2216 4485 ’ὀ
2259 4430 2348 4485 καὶ
2402 4430 2613 4504 μᾶλλον
2672 4432 2800 4493 τοὺς
2847 4431 3084 4493 πολίτας
3135 4428 3366 4508 ἤλειφεν
3401 4431 3476 4494 είς
3525 4427 3723 4484 κακίαν¹
3779 4420 3821 4474 ἐν

2186 4519 2322 4594 αὐτῇ
2376 4521 2553 4575 τοίνυν
2618 4521 2791 4583 οὕτως
2847 4520 3052 4595 ἐχούσῃ
3079 4520 3399 4595 γενόμενος,
3455 4516 3665 4592 περιῄει
3718 4512 3816 4566 ἀνε·

2187 4614 2405 4686 ρευνῶν,
2439 4607 2492 4665 εἷ’
2515 4632 2618 4666 που
2649 4611 2770 4666 τινὰ
2800 4611 2938 4684 πρὸς
2969 4610 3203 4685 ἡσυχίαν
3252 4609 3402 4686 εὕροι
3451 4608 3613 4664 τόπον
3671 4601 3820 4669 ἑαυτῷ

417 4707 560 4761 tem.
584 4703 746 4768 Quod
774 4685 973 4760 autem
1006 4685 1306 4775 querebat
1337 4705 1714 4769 consecutus,
1776 4718 1880 4773 pro
1936 4702 2067 4758 viri-

2185 4685 2535 4771 ἐπιτήδειον.
2611 4700 2710 4754 Καὶ
2769 4697 2836 4769 δὴ
2891 4699 2982 4754 τὸν
3040 4685 3376 4773 ζητούμενον
3436 4697 3618 4773 τυχὼι
3674 4689 3818 4755 ναὸν,

419 4795 533 4850 bus
558 4793 756 4850 statim
789 4793 1078 4865 templum
1111 4793 1320 4847 habuit
1353 4797 1447 4845 :et
1480 4797 1544 4846 ut
1585 4793 1684 4862 qui
1736 4793 1793 4846 in
1839 4793 2076 4864 regione

420 4882 610 4940 aliena
634 4886 792 4938 esset
840 4881 1055 4954 hospes
1103 4885 1160 4936 et
1188 4881 1431 4946 advena,
1484 4884 1540 4935 et
1573 4879 1786 4936 multos
1835 4881 2076 4937 haberet

421 4973 694 5028 adversos
743 4975 980 5044 propter
1036 4969 1430 5025 diversitatem
1500 4969 1815 5040 opinionis,
1863 4972 2078 5027 excitat

419 5061 737 5117 oratorium
763 5066 822 5116 et
851 5058 1160 5132 templum,
1195 5060 1351 5130 quod
1384 5058 1553 5131 plane
1599 5065 1723 5115 erat
1753 5059 1913 5116 salus
1948 5062 2072 5116 ani-

422 5166 674 5206 marum.
697 5153 841 5205 Nam
869 5165 1003 5204 cum
1029 5147 1341 5203 maximam
1366 5149 1599 5220 piorum
1633 5138 2072 5206 multitudinem

419 5239 482 5293 in
541 5253 608 5293 eo
639 5242 1075 5311 congregasset,
1135 5241 1192 5292 et
1249 5254 1425 5307 puros
1472 5238 1899 5295 sacriﬁcatores
1959 5242 2070 5296 Deo

417 5327 806 5393 exhibuisset,
859 5331 1130 5382 sanctum
1183 5343 1438 5399 gregem,
1494 5333 1559 5382 ut
1615 5328 1795 5384 semel
1854 5329 2068 5400 dicam,

418 5415 712 5488 templum
745 5415 962 5483 efﬁcit;
998 5417 1169 5485 cujus
1201 5417 1326 5487 ipse
1366 5421 1491 5472 erat
1531 5424 1732 5489 pastor
1762 5434 1876 5472 non
1913 5435 2068 5472 mer-

419 5505 693 5562 cenarius
740 5524 753 5562 :
804 5504 1154 5578 quemlibet,
1206 5507 1307 5578 qui
1354 5505 1588 5561 errabat
1636 5506 2066 5573 incredulitate,

417 5594 682 5652 veritatis
712 5594 912 5651 fistula
940 5594 1011 5650 ad
1042 5595 1218 5650 ﬁdem
1253 5612 1552 5664 revocans,
1576 5599 1634 5651 et
1679 5611 1779 5652 eos
1829 5595 1932 5668 qui
1976 5611 2064 5651 er-

417 5697 550 5739 rore
607 5684 986 5757 wgrotabant,
1022 5699 1195 5740 curas
1226 5683 1587 5741 salutaribus
1621 5683 2065 5740 medicamentis

415 5772 854 5846 Scripturarum
892 5791 905 5831 :
943 5790 1044 5832 eos
1074 5778 1294 5846 autem,
1321 5773 1426 5846 qui
1448 5775 1575 5846 jam
1606 5776 1774 5830 erant
1804 5771 2066 5844 contriti,

2185 4787 2336 4850 εὐθὺς
2386 4789 2520 4858 ὡςὴ
2557 4785 2781 4861 δύναμις
2815 4787 2952 4863 εἶχε,
2999 4789 3090 4841 καὶ
3122 4789 3213 4842 οἷα
3265 4787 3315 4841 ἐν
3376 4782 3641 4859 ἀλλοτρίᾳ
3691 4777 3818 4850 ξένος

2184 4874 2258 4930 ὢν
2299 4877 2501 4940 ἐκεῖνος
2532 4878 2621 4932 καὶ
2673 4873 2904 4947 ἔπηλυς,
2960 4877 3053 4931 καὶ
3083 4874 3334 4939 πολλοὺς
3385 4872 3527 4950 ἔχων
3584 4870 3702 4930 τοὺς
3739 4863 3820 4918 ἀν·

2181 4968 2520 5040 τικειμένους
2573 4965 2662 5021 διὰ
2717 4967 2780 5021 τὸ
2836 4963 3200 5042 ἐτερόδοξον,
3261 4965 3516 5040 ἀνεκείρει
3568 4958 3819 5042 εὐκτήριᾷον

2181 5057 2271 5111 καὶ
2329 5039 2497 5130 ναὸν,
2556 5052 2891 5132 αὐτόχρημα
2943 5039 3240 5133 σωτηρίαν
3296 5039 3519 5131 ψυχῶν.
3578 5039 3821 5136 Ηάμπολιῖ

2179 5149 2278 5223 γάρ
2328 5167 2380 5201 τι
2430 5146 2642 5216 πλῆθος
2696 5141 2966 5210 θεοσεϐῶν
3020 5145 3072 5201 ἐν
3122 5147 3303 5219 τούτῳ
3359 5138 3700 5217 συναγαγὼν,
3744 5141 3817 5184 καί

2180 5237 2340 5299 θῦτας
2390 5235 2659 5312 καθαροὺς
2716 5240 2796 5308 τῷ
2845 5240 2961 5306 Θεῷ
3017 5237 3540 5310 παραστησάμενος,
3594 5223 3815 5312 ποίμνην

2179 5325 2357 5400 ἁγίαν,
2411 5327 2485 5388 ὡς
2531 5306 2739 5398 εἰπεῖν,
2772 5306 2864 5379 τὸν
2915 5326 3038 5379 ναὸν
3087 5306 3470 5401 ἀπειργάσατο,
3521 5319 3585 5387 ἧς
3636 5306 3818 5382 ποιμὴν

2180 5413 2336 5470 οὗτος
2399 5412 2460 5470 οὕ
2543 5416 2840 5488 μισθωτός
2902 5413 3072 5468 πάντα
3101 5415 3191 5469 τὸν
3225 5412 3447 5482 ἀπιστίᾳ
3492 5403 3814 5488 πλανώμινςλν

2175 5508 2246 5578 τῇ
2313 5510 2415 5574 τῆς
2477 5503 2753 5574 ἀληθείας
2823 5502 3038 5580 σύριγγι
3093 5504 3228 5577 πρὸς
3301 5503 3481 5557 πίστιν
3539 5481 3809 5550 ἀνακαλού-

2184 5614 2374 5668 μενος,
2415 5593 2505 5649 καὶ
2549 5594 2678 5657 τοὺς
2740 5594 2832 5668 μὲν
2881 5592 2950 5667 τῇ
3007 5591 3191 5668 πλάνῃ
3251 5594 3539 5649 νοσοῦντας
3588 5583 3695 5640 τοῖς
3719 5591 3808 5668 σφ’

2169 5660 2464 5758 τηριώόεσι
2544 5687 2652 5738 τῶν
2716 5660 2940 5760 έραφῶν
3006 5660 3317 5760 φαρμάκοις
3389 5679 3643 5766 ἰώμενος,
3699 5660 3807 5766 “ibi

2175 5755 2388 5843 SE‘KM
2439 5755 2932 5850 συντετριμμένους
3085 5755 3444 5842 διδασκαλίᾳ
3489 5755 3803 5827 καταδεσμιῖδν
