  <div class='ocr_page' id='page_1' title='image "/cluster/home/n/w/nwhite01/storage/ocr_20150623/4:no.2/coo.31924054872837/306.png"; bbox 0 0 4106 6410; ppageno 0'>
   <div class='ocr_carea' id='block_1_1' title="bbox 396 433 506 489">
    <p class='ocr_par' dir='ltr' id='par_1_1' title="bbox 396 433 506 489">
     <span class='ocr_line' id='line_1_1' title="bbox 396 433 506 489; baseline -0.036 0"><span class='ocrx_word' id='word_1_1' title='bbox 396 433 506 489; x_wconf 85' lang='grc'>597</span> 
     </span>
    </p>
   </div>
   <div class='ocr_carea' id='block_1_2' title="bbox 1346 436 2895 503">
    <p class='ocr_par' dir='ltr' id='par_1_2' title="bbox 1346 436 2895 503">
     <span class='ocr_line' id='line_1_2' title="bbox 1346 436 2895 503; baseline 0 -15"><span class='ocrx_word' id='word_1_2' title='bbox 1346 437 1540 503; x_wconf 77' lang='lat' dir='ltr'>VITA,</span> <span class='ocrx_word' id='word_1_3' title='bbox 1582 436 1916 491; x_wconf 78' lang='lat' dir='ltr'>AUCTORE</span> <span class='ocrx_word' id='word_1_4' title='bbox 1955 436 2301 490; x_wconf 77' lang='grc' dir='ltr'>ΒΥΜΕΟΝΕ</span> <span class='ocrx_word' id='word_1_5' title='bbox 2339 437 2895 490; x_wconf 77' lang='lat' dir='ltr'>METAPHRASTE.</span> 
     </span>
    </p>
   </div>
   <div class='ocr_carea' id='block_1_3' title="bbox 3720 429 3831 484">
    <p class='ocr_par' dir='ltr' id='par_1_3' title="bbox 3720 429 3831 484">
     <span class='ocr_line' id='line_1_3' title="bbox 3720 429 3831 484; baseline -0.009 0"><span class='ocrx_word' id='word_1_6' title='bbox 3720 429 3831 484; x_wconf 85' lang='lat'>598</span> 
     </span>
    </p>
   </div>
   <div class='ocr_carea' id='block_1_4' title="bbox 397 556 2060 635">
    <p class='ocr_par' dir='ltr' id='par_1_4' title="bbox 397 556 2054 635">
     <span class='ocr_line' id='line_1_4' title="bbox 397 556 2054 635; baseline -0.001 -20"><span class='ocrx_word' id='word_1_7' title='bbox 397 560 490 616; x_wconf 80' lang='grc' dir='ltr'>καὶ</span> <span class='ocrx_word' id='word_1_8' title='bbox 522 559 660 635; x_wconf 85' lang='grc' dir='ltr'>πρὸς</span> <span class='ocrx_word' id='word_1_9' title='bbox 688 559 787 628; x_wconf 83' lang='grc' dir='ltr'>τήν</span> <span class='ocrx_word' id='word_1_10' title='bbox 838 556 1108 628; x_wconf 75' lang='grc' dir='ltr'>ἀληθινὴν</span> <span class='ocrx_word' id='word_1_11' title='bbox 1152 557 1293 633; x_wconf 81' lang='grc' dir='ltr'>ἄγων</span> <span class='ocrx_word' id='word_1_12' title='bbox 1345 557 1542 634; x_wconf 84' lang='grc' dir='ltr'>ὑγείαν.</span> <span class='ocrx_word' id='word_1_13' title='bbox 1576 559 1736 616; x_wconf 87' lang='grc' dir='ltr'>Ἀλλ’</span> <span class='ocrx_word' id='word_1_14' title='bbox 1759 558 1914 635; x_wconf 70' lang='grc' dir='ltr'>’ίναγε</span> <span class='ocrx_word' id='word_1_15' title='bbox 1939 562 2054 624; x_wconf 83' lang='grc' dir='ltr'>καθ’</span> 
     </span>
    </p>
   </div>
   <div class='ocr_carea' id='block_1_5' title="bbox 2157 556 3825 635">
    <p class='ocr_par' dir='ltr' id='par_1_5' title="bbox 2174 557 3825 634">
     <span class='ocr_line' id='line_1_5' title="bbox 2174 557 3825 634; baseline -0.002 -17"><span class='ocrx_word' id='word_1_16' title='bbox 2174 561 2440 618; x_wconf 81' lang='lat' dir='ltr'>doctrina</span> <span class='ocrx_word' id='word_1_17' title='bbox 2472 561 2745 634; x_wconf 84' lang='lat' dir='ltr'>alligans,</span> <span class='ocrx_word' id='word_1_18' title='bbox 2780 565 2837 617; x_wconf 91' lang='lat' dir='ltr'>et</span> <span class='ocrx_word' id='word_1_19' title='bbox 2869 560 2940 616; x_wconf 89' lang='lat' dir='ltr'>ad</span> <span class='ocrx_word' id='word_1_20' title='bbox 2981 575 3177 616; x_wconf 83' lang='lat' dir='ltr'>veram</span> <span class='ocrx_word' id='word_1_21' title='bbox 3221 560 3443 615; x_wconf 87' lang='lat' dir='ltr'>ducens</span> <span class='ocrx_word' id='word_1_22' title='bbox 3489 557 3825 614; x_wconf 81' lang='lat' dir='ltr'>sanitatem.</span> 
     </span>
    </p>
   </div>
   <div class='ocr_carea' id='block_1_6' title="bbox 396 644 2056 723">
    <p class='ocr_par' dir='ltr' id='par_1_6' title="bbox 396 644 2056 723">
     <span class='ocr_line' id='line_1_6' title="bbox 396 644 2056 723; baseline 0 -21"><span class='ocrx_word' id='word_1_23' title='bbox 396 646 522 704; x_wconf 85' lang='grc' dir='ltr'>ὁδὸν</span> <span class='ocrx_word' id='word_1_24' title='bbox 554 651 582 702; x_wconf 90' lang='grc' dir='ltr'>ὁ</span> <span class='ocrx_word' id='word_1_25' title='bbox 625 647 792 723; x_wconf 81' lang='grc' dir='ltr'>λόγος</span> <span class='ocrx_word' id='word_1_26' title='bbox 847 649 984 720; x_wconf 79' lang='grc' dir='ltr'>ἡμῖν</span> <span class='ocrx_word' id='word_1_27' title='bbox 1034 644 1228 721; x_wconf 76' lang='grc' dir='ltr'>προΐῃ,</span> <span class='ocrx_word' id='word_1_28' title='bbox 1288 649 1373 703; x_wconf 78' lang='grc' dir='ltr'>καὶ</span> <span class='ocrx_word' id='word_1_29' title='bbox 1431 653 1593 704; x_wconf 86' lang='grc' dir='ltr'>τοῦτο</span> <span class='ocrx_word' id='word_1_30' title='bbox 1651 647 1929 723; x_wconf 83' lang='grc' dir='ltr'>τέράστιον</span> <span class='ocrx_word' id='word_1_31' title='bbox 1948 653 2056 704; x_wconf 85' lang='grc' dir='ltr'>τῶν</span> 
     </span>
    </p>
   </div>
   <div class='ocr_carea' id='block_1_7' title="bbox 392 735 2056 812">
    <p class='ocr_par' dir='ltr' id='par_1_7' title="bbox 392 735 2056 812">
     <span class='ocr_line' id='line_1_7' title="bbox 392 735 2056 812; baseline -0.001 -20"><span class='ocrx_word' id='word_1_32' title='bbox 392 739 586 806; x_wconf 81' lang='grc' dir='ltr'>αὐτοῦ,</span> <span class='ocrx_word' id='word_1_33' title='bbox 645 737 719 799; x_wconf 86' lang='grc' dir='ltr'>ὡς</span> <span class='ocrx_word' id='word_1_34' title='bbox 772 736 832 791; x_wconf 81' lang='grc' dir='ltr'>ἐκ</span> <span class='ocrx_word' id='word_1_35' title='bbox 879 741 986 791; x_wconf 81' lang='grc' dir='ltr'>τῶν</span> <span class='ocrx_word' id='word_1_36' title='bbox 1039 736 1244 792; x_wconf 88' lang='grc' dir='ltr'>ἐκείνου</span> <span class='ocrx_word' id='word_1_37' title='bbox 1295 735 1368 792; x_wconf 78' lang='grc' dir='ltr'>ἔνι</span> <span class='ocrx_word' id='word_1_38' title='bbox 1422 739 1628 808; x_wconf 81' lang='grc' dir='ltr'>μαθεῖν.</span> <span class='ocrx_word' id='word_1_39' title='bbox 1665 735 2005 812; x_wconf 79' lang='grc' dir='ltr'>διηγήσομαι</span> <span class='ocrx_word' id='word_1_40' title='bbox 2044 757 2056 770; x_wconf 88' lang='grc'><strong>·</strong></span> 
     </span>
    </p>
   </div>
   <div class='ocr_carea' id='block_1_8' title="bbox 393 824 2057 902">
    <p class='ocr_par' dir='ltr' id='par_1_8' title="bbox 393 824 2057 902">
     <span class='ocr_line' id='line_1_8' title="bbox 393 824 2057 902; baseline -0.001 -20"><span class='ocrx_word' id='word_1_41' title='bbox 393 837 666 899; x_wconf 88' lang='grc' dir='ltr'>Διονυσιῳ</span> <span class='ocrx_word' id='word_1_42' title='bbox 717 826 1041 900; x_wconf 78' lang='grc' dir='ltr'>θεραπευταὶ</span> <span class='ocrx_word' id='word_1_43' title='bbox 1098 827 1192 898; x_wconf 75' lang='grc' dir='ltr'>μὲν</span> <span class='ocrx_word' id='word_1_44' title='bbox 1239 827 1329 881; x_wconf 81' lang='grc' dir='ltr'>καὶ</span> <span class='ocrx_word' id='word_1_45' title='bbox 1384 824 1582 902; x_wconf 66' lang='grc' dir='ltr'>ἕτεροι,</span> <span class='ocrx_word' id='word_1_46' title='bbox 1615 830 1692 889; x_wconf 87' lang='grc' dir='ltr'>εἴς</span> <span class='ocrx_word' id='word_1_47' title='bbox 1745 825 1802 881; x_wconf 79' lang='grc' dir='ltr'>δέ</span> <span class='ocrx_word' id='word_1_48' title='bbox 1849 849 1933 892; x_wconf 87' lang='grc' dir='ltr'>τις</span> <span class='ocrx_word' id='word_1_49' title='bbox 1962 827 2057 882; x_wconf 78' lang='grc' dir='ltr'>αὐ-</span> 
     </span>
    </p>
   </div>
   <div class='ocr_carea' id='block_1_9' title="bbox 388 913 2056 993">
    <p class='ocr_par' dir='ltr' id='par_1_9' title="bbox 388 913 2056 993">
     <span class='ocr_line' id='line_1_9' title="bbox 388 913 2056 993; baseline 0 -21"><span class='ocrx_word' id='word_1_50' title='bbox 388 922 501 972; x_wconf 81' lang='grc' dir='ltr'>τῶν</span> <span class='ocrx_word' id='word_1_51' title='bbox 535 916 624 971; x_wconf 84' lang='grc' dir='ltr'>καὶ</span> <span class='ocrx_word' id='word_1_52' title='bbox 674 913 1019 992; x_wconf 89' lang='grc' dir='ltr'>Δημόφιλος.</span> <span class='ocrx_word' id='word_1_53' title='bbox 1072 915 1380 993; x_wconf 87' lang='grc' dir='ltr'>Δημοφίλῳ</span> <span class='ocrx_word' id='word_1_54' title='bbox 1426 913 1484 970; x_wconf 74' lang='grc' dir='ltr'>δὲ</span> <span class='ocrx_word' id='word_1_55' title='bbox 1529 914 1691 978; x_wconf 88' lang='grc' dir='ltr'>πόλις</span> <span class='ocrx_word' id='word_1_56' title='bbox 1738 919 1772 986; x_wconf 71' lang='grc' dir='ltr'>ἡ</span> <span class='ocrx_word' id='word_1_57' title='bbox 1821 921 1932 972; x_wconf 83' lang='grc' dir='ltr'>τῶν</span> <span class='ocrx_word' id='word_1_58' title='bbox 1965 918 2056 972; x_wconf 77' lang='grc' dir='ltr'>Ἀ-</span> 
     </span>
    </p>
   </div>
   <div class='ocr_carea' id='block_1_10' title="bbox 392 1003 2058 1082">
    <p class='ocr_par' dir='ltr' id='par_1_10' title="bbox 392 1003 2058 1082">
     <span class='ocr_line' id='line_1_10' title="bbox 392 1003 2058 1082; baseline 0 -22"><span class='ocrx_word' id='word_1_59' title='bbox 392 1009 574 1077; x_wconf 80' lang='grc' dir='ltr'>θηνῶν</span> <span class='ocrx_word' id='word_1_60' title='bbox 610 1005 875 1082; x_wconf 80' lang='grc' dir='ltr'>ἐπαρχία,</span> <span class='ocrx_word' id='word_1_61' title='bbox 922 1003 1119 1081; x_wconf 83' lang='grc' dir='ltr'>σχῆμά</span> <span class='ocrx_word' id='word_1_62' title='bbox 1164 1025 1224 1059; x_wconf 90' lang='grc' dir='ltr'>τε</span> <span class='ocrx_word' id='word_1_63' title='bbox 1279 1005 1371 1059; x_wconf 81' lang='grc' dir='ltr'>καὶ</span> <span class='ocrx_word' id='word_1_64' title='bbox 1426 1005 1544 1080; x_wconf 87' lang='grc' dir='ltr'>βίος</span> <span class='ocrx_word' id='word_1_65' title='bbox 1579 1007 1826 1081; x_wconf 77' lang='grc' dir='ltr'>μονήρης</span> <span class='ocrx_word' id='word_1_66' title='bbox 1860 1025 1872 1038; x_wconf 75' lang='grc' dir='ltr'><strong>ο</strong></span> <span class='ocrx_word' id='word_1_67' title='bbox 1905 1008 1968 1061; x_wconf 88' lang='grc' dir='ltr'>τὸ</span> <span class='ocrx_word' id='word_1_68' title='bbox 2000 1003 2058 1060; x_wconf 72' lang='grc' dir='ltr'>δὲ</span> 
     </span>
    </p>
   </div>
   <div class='ocr_carea' id='block_1_11' title="bbox 395 1092 2055 1172">
    <p class='ocr_par' dir='ltr' id='par_1_11' title="bbox 395 1092 2055 1172">
     <span class='ocr_line' id='line_1_11' title="bbox 395 1092 2055 1172; baseline -0.001 -22"><span class='ocrx_word' id='word_1_69' title='bbox 395 1102 639 1172; x_wconf 85' lang='grc' dir='ltr'>μονῆρες</span> <span class='ocrx_word' id='word_1_70' title='bbox 695 1094 877 1166; x_wconf 80' lang='grc' dir='ltr'>τούτῳ</span> <span class='ocrx_word' id='word_1_71' title='bbox 937 1095 991 1149; x_wconf 74' lang='grc' dir='ltr'>αἱ</span> <span class='ocrx_word' id='word_1_72' title='bbox 1035 1093 1265 1170; x_wconf 86' lang='grc' dir='ltr'>καθαραὶ</span> <span class='ocrx_word' id='word_1_73' title='bbox 1315 1094 1404 1148; x_wconf 79' lang='grc' dir='ltr'>καὶ</span> <span class='ocrx_word' id='word_1_74' title='bbox 1449 1092 1873 1170; x_wconf 75' lang='grc' dir='ltr'>ἱεροτελεπικαὶ</span> <span class='ocrx_word' id='word_1_75' title='bbox 1933 1103 2055 1150; x_wconf 86' lang='grc' dir='ltr'>Διο-</span> 
     </span>
    </p>
   </div>
   <div class='ocr_carea' id='block_1_12' title="bbox 389 1181 2054 1262">
    <p class='ocr_par' dir='ltr' id='par_1_12' title="bbox 389 1181 2054 1262">
     <span class='ocr_line' id='line_1_12' title="bbox 389 1181 2054 1262; baseline 0.001 -23"><span class='ocrx_word' id='word_1_76' title='bbox 389 1183 583 1240; x_wconf 86' lang='grc' dir='ltr'>νυσίου</span> <span class='ocrx_word' id='word_1_77' title='bbox 623 1189 807 1261; x_wconf 82' lang='grc' dir='ltr'>χεῖρες</span> <span class='ocrx_word' id='word_1_78' title='bbox 854 1182 1132 1248; x_wconf 80' lang='grc' dir='ltr'>ἐπέθεσαν.</span> <span class='ocrx_word' id='word_1_79' title='bbox 1180 1183 1344 1254; x_wconf 79' lang='grc' dir='ltr'>Τάξις</span> <span class='ocrx_word' id='word_1_80' title='bbox 1396 1181 1530 1254; x_wconf 67' lang='grc' dir='ltr'>αὕτη</span> <span class='ocrx_word' id='word_1_81' title='bbox 1587 1185 1734 1262; x_wconf 79' lang='grc' dir='ltr'>παρὰ</span> <span class='ocrx_word' id='word_1_82' title='bbox 1773 1184 2054 1240; x_wconf 81' lang='grc' dir='ltr'>Διονυσίου</span> 
     </span>
    </p>
   </div>
   <div class='ocr_carea' id='block_1_13' title="bbox 388 1272 2053 1350">
    <p class='ocr_par' dir='ltr' id='par_1_13' title="bbox 388 1272 2053 1350">
     <span class='ocr_line' id='line_1_13' title="bbox 388 1272 2053 1350; baseline 0.001 -21"><span class='ocrx_word' id='word_1_83' title='bbox 388 1273 481 1329; x_wconf 72' lang='grc' dir='ltr'>καὶ</span> <span class='ocrx_word' id='word_1_84' title='bbox 515 1272 834 1350; x_wconf 81' lang='grc' dir='ltr'>λειτουργία</span> <span class='ocrx_word' id='word_1_85' title='bbox 869 1277 949 1344; x_wconf 82' lang='grc' dir='ltr'>τῷ</span> <span class='ocrx_word' id='word_1_86' title='bbox 995 1272 1172 1349; x_wconf 83' lang='grc' dir='ltr'>ἀνδρὶ,</span> <span class='ocrx_word' id='word_1_87' title='bbox 1220 1277 1339 1336; x_wconf 82' lang='grc' dir='ltr'>ταῖς</span> <span class='ocrx_word' id='word_1_88' title='bbox 1387 1277 1484 1329; x_wconf 88' lang='grc' dir='ltr'>τοῦ</span> <span class='ocrx_word' id='word_1_89' title='bbox 1523 1279 1656 1329; x_wconf 83' lang='grc' dir='ltr'>ναοῦ</span> <span class='ocrx_word' id='word_1_90' title='bbox 1700 1273 1904 1340; x_wconf 72' lang='grc' dir='ltr'>πύλαις</span> <span class='ocrx_word' id='word_1_91' title='bbox 1933 1274 2053 1349; x_wconf 82' lang='grc' dir='ltr'>ἐφε-</span> 
     </span>
    </p>
   </div>
   <div class='ocr_carea' id='block_1_14' title="bbox 390 1384 604 1420">
    <p class='ocr_par' dir='ltr' id='par_1_14' title="bbox 390 1384 604 1420">
     <span class='ocr_line' id='line_1_14' title="bbox 390 1384 604 1420; baseline 0.009 -2"><span class='ocrx_word' id='word_1_92' title='bbox 390 1384 604 1420; x_wconf 84' lang='grc' dir='ltr'>σταναι.</span> 
     </span>
    </p>
   </div>
   <div class='ocr_carea' id='block_1_15' title="bbox 459 1466 2051 1548">
    <p class='ocr_par' dir='ltr' id='par_1_15' title="bbox 459 1466 2051 1548">
     <span class='ocr_line' id='line_1_15' title="bbox 459 1466 2051 1548; baseline -0.003 -20"><span class='ocrx_word' id='word_1_93' title='bbox 459 1471 522 1528; x_wconf 91' lang='grc' dir='ltr'>Ὁ</span> <span class='ocrx_word' id='word_1_94' title='bbox 574 1469 750 1525; x_wconf 90' lang='grc' dir='ltr'>τοίνυν</span> <span class='ocrx_word' id='word_1_95' title='bbox 803 1468 1127 1548; x_wconf 82' lang='grc' dir='ltr'>Δημόφιλος</span> <span class='ocrx_word' id='word_1_96' title='bbox 1179 1471 1361 1540; x_wconf 80' lang='grc' dir='ltr'>οὗτος,</span> <span class='ocrx_word' id='word_1_97' title='bbox 1419 1471 1512 1527; x_wconf 83' lang='grc' dir='ltr'>τὸν</span> <span class='ocrx_word' id='word_1_98' title='bbox 1569 1472 1760 1526; x_wconf 71' lang='grc' dir='ltr'>ἑαυτοῦ</span> <span class='ocrx_word' id='word_1_99' title='bbox 1817 1466 2051 1546; x_wconf 75' lang='grc' dir='ltr'>πρεσϐύ-</span> 
     </span>
    </p>
   </div>
   <div class='ocr_carea' id='block_1_16' title="bbox 381 1559 2052 1636">
    <p class='ocr_par' dir='ltr' id='par_1_16' title="bbox 381 1559 2052 1636">
     <span class='ocr_line' id='line_1_16' title="bbox 381 1559 2052 1636; baseline -0.001 -20"><span class='ocrx_word' id='word_1_100' title='bbox 381 1581 544 1636; x_wconf 87' lang='grc' dir='ltr'>τερον</span> <span class='ocrx_word' id='word_1_101' title='bbox 626 1559 951 1634; x_wconf 81' lang='grc' dir='ltr'>θεσσάμενος</span> <span class='ocrx_word' id='word_1_102' title='bbox 1036 1559 1428 1636; x_wconf 73' lang='grc' dir='ltr'>ἐπιστραφέντα</span> <span class='ocrx_word' id='word_1_103' title='bbox 1512 1560 1633 1615; x_wconf 83' lang='grc' dir='ltr'>τινὰ</span> <span class='ocrx_word' id='word_1_104' title='bbox 1689 1562 1824 1635; x_wconf 90' lang='grc' dir='ltr'>πρὸς</span> <span class='ocrx_word' id='word_1_105' title='bbox 1895 1561 2052 1634; x_wconf 77' lang='grc' dir='ltr'>μετά-</span> 
     </span>
    </p>
   </div>
   <div class='ocr_carea' id='block_1_17' title="bbox 385 1647 2050 1726">
    <p class='ocr_par' dir='ltr' id='par_1_17' title="bbox 385 1647 2050 1726">
     <span class='ocr_line' id='line_1_17' title="bbox 385 1647 2050 1726; baseline 0.001 -22"><span class='ocrx_word' id='word_1_106' title='bbox 385 1670 543 1704; x_wconf 87' lang='grc' dir='ltr'>νοιαν</span> <span class='ocrx_word' id='word_1_107' title='bbox 606 1654 909 1723; x_wconf 79' lang='grc' dir='ltr'>συμπαθῶς</span> <span class='ocrx_word' id='word_1_108' title='bbox 977 1647 1432 1724; x_wconf 77' lang='grc' dir='ltr'>προσδεξάμενον,</span> <span class='ocrx_word' id='word_1_109' title='bbox 1503 1651 1690 1724; x_wconf 81' lang='grc' dir='ltr'>πράως</span> <span class='ocrx_word' id='word_1_110' title='bbox 1752 1649 1850 1705; x_wconf 79' lang='grc' dir='ltr'>οὐκ</span> <span class='ocrx_word' id='word_1_111' title='bbox 1906 1651 2050 1726; x_wconf 71' lang='grc' dir='ltr'>ἔνεγ-</span> 
     </span>
    </p>
   </div>
   <div class='ocr_carea' id='block_1_18' title="bbox 382 1737 2046 1814">
    <p class='ocr_par' dir='ltr' id='par_1_18' title="bbox 382 1737 2046 1814">
     <span class='ocr_line' id='line_1_18' title="bbox 382 1737 2046 1814; baseline -0.001 -20"><span class='ocrx_word' id='word_1_112' title='bbox 382 1739 523 1805; x_wconf 83' lang='grc' dir='ltr'>κὼν,</span> <span class='ocrx_word' id='word_1_113' title='bbox 584 1737 732 1794; x_wconf 81' lang='grc' dir='ltr'>ἀλλὰ</span> <span class='ocrx_word' id='word_1_114' title='bbox 785 1741 1128 1814; x_wconf 79' lang='grc' dir='ltr'>χαλεπήνας,</span> <span class='ocrx_word' id='word_1_115' title='bbox 1210 1737 1338 1793; x_wconf 80' lang='grc' dir='ltr'>εἷ’σω</span> <span class='ocrx_word' id='word_1_116' title='bbox 1415 1761 1472 1794; x_wconf 91' lang='grc' dir='ltr'>τε</span> <span class='ocrx_word' id='word_1_117' title='bbox 1534 1744 1642 1794; x_wconf 80' lang='grc' dir='ltr'>τῶν</span> <span class='ocrx_word' id='word_1_118' title='bbox 1712 1744 1807 1794; x_wconf 88' lang='grc' dir='ltr'>τοῦ</span> <span class='ocrx_word' id='word_1_119' title='bbox 1861 1741 2046 1793; x_wconf 88' lang='grc' dir='ltr'>θυσια-</span> 
     </span>
    </p>
   </div>
   <div class='ocr_carea' id='block_1_19' title="bbox 384 1823 2045 1902">
    <p class='ocr_par' dir='ltr' id='par_1_19' title="bbox 384 1823 2045 1902">
     <span class='ocr_line' id='line_1_19' title="bbox 384 1823 2045 1902; baseline -0.001 -20"><span class='ocrx_word' id='word_1_120' title='bbox 384 1828 619 1901; x_wconf 86' lang='grc' dir='ltr'>στηρίοτ</span> <span class='ocrx_word' id='word_1_121' title='bbox 679 1823 890 1882; x_wconf 79' lang='grc' dir='ltr'>ἀδύτων</span> <span class='ocrx_word' id='word_1_122' title='bbox 943 1827 1258 1902; x_wconf 87' lang='grc' dir='ltr'>γενόμενος,</span> <span class='ocrx_word' id='word_1_123' title='bbox 1321 1829 1393 1882; x_wconf 82' lang='grc' dir='ltr'>ὧν</span> <span class='ocrx_word' id='word_1_124' title='bbox 1453 1823 1750 1882; x_wconf 76' lang='grc' dir='ltr'>ἐπιϐαίνειν</span> <span class='ocrx_word' id='word_1_125' title='bbox 1807 1827 1906 1883; x_wconf 80' lang='grc' dir='ltr'>οὐκ</span> <span class='ocrx_word' id='word_1_126' title='bbox 1955 1829 2045 1882; x_wconf 89' lang='grc' dir='ltr'>ἀσ-</span> 
     </span>
    </p>
   </div>
   <div class='ocr_carea' id='block_1_20' title="bbox 2172 649 3829 722">
    <p class='ocr_par' dir='ltr' id='par_1_20' title="bbox 2172 649 3829 722">
     <span class='ocr_line' id='line_1_20' title="bbox 2172 649 3829 722; baseline -0.001 -16"><span class='ocrx_word' id='word_1_127' title='bbox 2172 652 2280 706; x_wconf 88' lang='lat' dir='ltr'>Sed</span> <span class='ocrx_word' id='word_1_128' title='bbox 2317 656 2382 706; x_wconf 92' lang='lat' dir='ltr'>ut</span> <span class='ocrx_word' id='word_1_129' title='bbox 2413 656 2573 707; x_wconf 90' lang='lat' dir='ltr'>certa</span> <span class='ocrx_word' id='word_1_130' title='bbox 2599 651 2769 707; x_wconf 89' lang='lat' dir='ltr'>nobis</span> <span class='ocrx_word' id='word_1_131' title='bbox 2801 651 2890 706; x_wconf 93' lang='lat' dir='ltr'>via</span> <span class='ocrx_word' id='word_1_132' title='bbox 2914 650 3189 722; x_wconf 83' lang='lat' dir='ltr'>procedat</span> <span class='ocrx_word' id='word_1_133' title='bbox 3219 649 3428 716; x_wconf 80' lang='lat' dir='ltr'>oratio,</span> <span class='ocrx_word' id='word_1_134' title='bbox 3461 649 3570 703; x_wconf 89' lang='lat' dir='ltr'>hoc</span> <span class='ocrx_word' id='word_1_135' title='bbox 3593 665 3829 720; x_wconf 84' lang='lat' dir='ltr'>quoque</span> 
     </span>
    </p>
   </div>
   <div class='ocr_carea' id='block_1_21' title="bbox 2169 737 3826 810">
    <p class='ocr_par' dir='ltr' id='par_1_21' title="bbox 2169 737 3826 810">
     <span class='ocr_line' id='line_1_21' title="bbox 2169 737 3826 810; baseline -0.002 -16"><span class='ocrx_word' id='word_1_136' title='bbox 2169 741 2298 810; x_wconf 82' lang='lat' dir='ltr'>ejus</span> <span class='ocrx_word' id='word_1_137' title='bbox 2355 741 2721 805; x_wconf 84' lang='lat' dir='ltr'>admirabile,</span> <span class='ocrx_word' id='word_1_138' title='bbox 2774 745 2839 795; x_wconf 89' lang='lat' dir='ltr'>ut</span> <span class='ocrx_word' id='word_1_139' title='bbox 2862 757 2930 795; x_wconf 80' lang='lat' dir='ltr'>ex</span> <span class='ocrx_word' id='word_1_140' title='bbox 2959 738 3121 794; x_wconf 89' lang='lat' dir='ltr'>illius</span> <span class='ocrx_word' id='word_1_141' title='bbox 3154 737 3422 810; x_wconf 81' lang='lat' dir='ltr'>epistolis</span> <span class='ocrx_word' id='word_1_142' title='bbox 3454 737 3590 792; x_wconf 91' lang='lat' dir='ltr'>sciri</span> <span class='ocrx_word' id='word_1_143' title='bbox 3611 740 3826 808; x_wconf 87' lang='lat' dir='ltr'>potest,</span> 
     </span>
    </p>
   </div>
   <div class='ocr_carea' id='block_1_22' title="bbox 2171 826 3823 902">
    <p class='ocr_par' dir='ltr' id='par_1_22' title="bbox 2171 826 3823 902">
     <span class='ocr_line' id='line_1_22' title="bbox 2171 826 3823 902; baseline -0.002 -18"><span class='ocrx_word' id='word_1_144' title='bbox 2171 832 2441 887; x_wconf 77' lang='lat' dir='ltr'>narrabo.</span> <span class='ocrx_word' id='word_1_145' title='bbox 2496 831 2698 886; x_wconf 89' lang='lat' dir='ltr'>Plures</span> <span class='ocrx_word' id='word_1_146' title='bbox 2767 831 3007 902; x_wconf 84' lang='lat' dir='ltr'>quidem</span> <span class='ocrx_word' id='word_1_147' title='bbox 3061 833 3230 884; x_wconf 87' lang='lat' dir='ltr'>erant</span> <span class='ocrx_word' id='word_1_148' title='bbox 3289 827 3561 899; x_wconf 84' lang='lat' dir='ltr'>Dionysio</span> <span class='ocrx_word' id='word_1_149' title='bbox 3629 826 3823 881; x_wconf 82' lang='lat' dir='ltr'>thera-</span> 
     </span>
    </p>
   </div>
   <div class='ocr_carea' id='block_1_23' title="bbox 2169 915 3824 994">
    <p class='ocr_par' dir='ltr' id='par_1_23' title="bbox 2169 915 3824 994">
     <span class='ocr_line' id='line_1_23' title="bbox 2169 915 3824 994; baseline -0.004 -17"><span class='ocrx_word' id='word_1_150' title='bbox 2169 929 2378 994; x_wconf 70' lang='lat' dir='ltr'>peutaa,</span> <span class='ocrx_word' id='word_1_151' title='bbox 2413 939 2567 977; x_wconf 89' lang='lat' dir='ltr'>unus</span> <span class='ocrx_word' id='word_1_152' title='bbox 2599 927 2796 976; x_wconf 89' lang='lat' dir='ltr'>autem</span> <span class='ocrx_word' id='word_1_153' title='bbox 2829 936 2898 974; x_wconf 81' lang='lat' dir='ltr'>ex</span> <span class='ocrx_word' id='word_1_154' title='bbox 2928 919 3001 974; x_wconf 89' lang='lat' dir='ltr'>iis</span> <span class='ocrx_word' id='word_1_155' title='bbox 3033 924 3160 975; x_wconf 86' lang='lat' dir='ltr'>erat</span> <span class='ocrx_word' id='word_1_156' title='bbox 3195 919 3368 974; x_wconf 87' lang='lat' dir='ltr'>etiam</span> <span class='ocrx_word' id='word_1_157' title='bbox 3418 915 3824 988; x_wconf 87' lang='lat' dir='ltr'>Demophilus,</span> 
     </span>
    </p>
   </div>
   <div class='ocr_carea' id='block_1_24' title="bbox 2167 1005 3827 1084">
    <p class='ocr_par' dir='ltr' id='par_1_24' title="bbox 2167 1005 3827 1084">
     <span class='ocr_line' id='line_1_24' title="bbox 2167 1005 3827 1084; baseline -0.004 -18"><span class='ocrx_word' id='word_1_158' title='bbox 2167 1012 2267 1084; x_wconf 88' lang='lat' dir='ltr'>qui</span> <span class='ocrx_word' id='word_1_159' title='bbox 2299 1012 2443 1066; x_wconf 90' lang='lat' dir='ltr'>civis</span> <span class='ocrx_word' id='word_1_160' title='bbox 2472 1015 2597 1065; x_wconf 88' lang='lat' dir='ltr'>erat</span> <span class='ocrx_word' id='word_1_161' title='bbox 2627 1009 2938 1082; x_wconf 75' lang='lat' dir='ltr'>provinciae</span> <span class='ocrx_word' id='word_1_162' title='bbox 2980 1007 3381 1073; x_wconf 79' lang='lat' dir='ltr'>Atheniensis,</span> <span class='ocrx_word' id='word_1_163' title='bbox 3413 1005 3738 1076; x_wconf 80' lang='lat' dir='ltr'>habituque</span> <span class='ocrx_word' id='word_1_164' title='bbox 3770 1009 3827 1060; x_wconf 89' lang='lat' dir='ltr'>et</span> 
     </span>
    </p>
   </div>
   <div class='ocr_carea' id='block_1_25' title="bbox 2164 1095 3826 1166">
    <p class='ocr_par' dir='ltr' id='par_1_25' title="bbox 2164 1095 3826 1166">
     <span class='ocr_line' id='line_1_25' title="bbox 2164 1095 3826 1166; baseline -0.004 -11"><span class='ocrx_word' id='word_1_165' title='bbox 2164 1105 2281 1156; x_wconf 84' lang='lat' dir='ltr'>vita</span> <span class='ocrx_word' id='word_1_166' title='bbox 2307 1099 2633 1155; x_wconf 81' lang='lat' dir='ltr'>monachus</span> <span class='ocrx_word' id='word_1_167' title='bbox 2660 1124 2674 1166; x_wconf 84' lang='lat'><strong>;</strong></span> <span class='ocrx_word' id='word_1_168' title='bbox 2708 1098 3130 1154; x_wconf 88' lang='lat' dir='ltr'>monachatum</span> <span class='ocrx_word' id='word_1_169' title='bbox 3145 1105 3341 1152; x_wconf 91' lang='lat' dir='ltr'>aulem</span> <span class='ocrx_word' id='word_1_170' title='bbox 3355 1096 3404 1150; x_wconf 89' lang='lat' dir='ltr'>ei</span> <span class='ocrx_word' id='word_1_171' title='bbox 3421 1095 3826 1166; x_wconf 85' lang='lat' dir='ltr'>imposuerant</span> 
     </span>
    </p>
   </div>
   <div class='ocr_carea' id='block_1_26' title="bbox 2165 1182 3820 1262">
    <p class='ocr_par' dir='ltr' id='par_1_26' title="bbox 2165 1182 3820 1262">
     <span class='ocr_line' id='line_1_26' title="bbox 2165 1182 3820 1262; baseline -0.004 -17"><span class='ocrx_word' id='word_1_172' title='bbox 2165 1207 2324 1262; x_wconf 66' lang='lat' dir='ltr'>purae</span> <span class='ocrx_word' id='word_1_173' title='bbox 2356 1190 2506 1244; x_wconf 76' lang='lat'><strong>347</strong></span> <span class='ocrx_word' id='word_1_174' title='bbox 2553 1192 2609 1243; x_wconf 88' lang='lat' dir='ltr'>et</span> <span class='ocrx_word' id='word_1_175' title='bbox 2657 1188 2843 1243; x_wconf 87' lang='lat' dir='ltr'>sacris</span> <span class='ocrx_word' id='word_1_176' title='bbox 2893 1187 3206 1242; x_wconf 88' lang='lat' dir='ltr'>initiantes</span> <span class='ocrx_word' id='word_1_177' title='bbox 3255 1201 3470 1241; x_wconf 90' lang='lat' dir='ltr'>manus</span> <span class='ocrx_word' id='word_1_178' title='bbox 3518 1182 3820 1254; x_wconf 83' lang='lat' dir='ltr'>Dionysii;</span> 
     </span>
    </p>
   </div>
   <div class='ocr_carea' id='block_1_27' title="bbox 2163 1271 3824 1344">
    <p class='ocr_par' dir='ltr' id='par_1_27' title="bbox 2163 1271 3824 1344">
     <span class='ocr_line' id='line_1_27' title="bbox 2163 1271 3824 1344; baseline -0.005 -10"><span class='ocrx_word' id='word_1_179' title='bbox 2163 1281 2304 1335; x_wconf 92' lang='lat' dir='ltr'>ordo</span> <span class='ocrx_word' id='word_1_180' title='bbox 2334 1279 2430 1334; x_wconf 91' lang='lat' dir='ltr'>hic</span> <span class='ocrx_word' id='word_1_181' title='bbox 2469 1282 2526 1334; x_wconf 92' lang='lat' dir='ltr'>et</span> <span class='ocrx_word' id='word_1_182' title='bbox 2571 1277 2970 1332; x_wconf 82' lang='lat' dir='ltr'>ministerium</span> <span class='ocrx_word' id='word_1_183' title='bbox 3008 1276 3130 1331; x_wconf 92' lang='lat' dir='ltr'>viro</span> <span class='ocrx_word' id='word_1_184' title='bbox 3180 1274 3281 1331; x_wconf 86' lang='lat' dir='ltr'>isti</span> <span class='ocrx_word' id='word_1_185' title='bbox 3319 1293 3352 1329; x_wconf 86' lang='lat' dir='ltr'>a</span> <span class='ocrx_word' id='word_1_186' title='bbox 3399 1271 3699 1344; x_wconf 79' lang='lat' dir='ltr'>Dionysio,</span> <span class='ocrx_word' id='word_1_187' title='bbox 3755 1274 3824 1326; x_wconf 89' lang='lat' dir='ltr'>ut</span> 
     </span>
    </p>
   </div>
   <div class='ocr_carea' id='block_1_28' title="bbox 2163 1365 2924 1442">
    <p class='ocr_par' dir='ltr' id='par_1_28' title="bbox 2163 1365 2924 1442">
     <span class='ocr_line' id='line_1_28' title="bbox 2163 1365 2924 1442; baseline -0.009 -17"><span class='ocrx_word' id='word_1_188' title='bbox 2163 1373 2440 1442; x_wconf 73' lang='lat' dir='ltr'>praeesset</span> <span class='ocrx_word' id='word_1_189' title='bbox 2463 1366 2669 1438; x_wconf 89' lang='lat' dir='ltr'>januis</span> <span class='ocrx_word' id='word_1_190' title='bbox 2698 1365 2924 1436; x_wconf 88' lang='lat' dir='ltr'>templi.</span> 
     </span>
    </p>
   </div>
   <div class='ocr_carea' id='block_1_29' title="bbox 2233 1470 3820 1551">
    <p class='ocr_par' dir='ltr' id='par_1_29' title="bbox 2233 1470 3820 1551">
     <span class='ocr_line' id='line_1_29' title="bbox 2233 1470 3820 1551; baseline -0.006 -16"><span class='ocrx_word' id='word_1_191' title='bbox 2233 1480 2337 1535; x_wconf 88' lang='lat' dir='ltr'>Hic</span> <span class='ocrx_word' id='word_1_192' title='bbox 2375 1495 2512 1551; x_wconf 90' lang='lat' dir='ltr'>ergo</span> <span class='ocrx_word' id='word_1_193' title='bbox 2586 1475 2968 1548; x_wconf 83' lang='lat' dir='ltr'>DemOphilus</span> <span class='ocrx_word' id='word_1_194' title='bbox 3011 1492 3145 1530; x_wconf 89' lang='lat' dir='ltr'>cum</span> <span class='ocrx_word' id='word_1_195' title='bbox 3200 1473 3517 1546; x_wconf 87' lang='lat' dir='ltr'>aliquando</span> <span class='ocrx_word' id='word_1_196' title='bbox 3572 1470 3820 1526; x_wconf 90' lang='lat' dir='ltr'>vidisset</span> 
     </span>
    </p>
   </div>
   <div class='ocr_carea' id='block_1_30' title="bbox 2160 1563 3814 1644">
    <p class='ocr_par' dir='ltr' id='par_1_30' title="bbox 2160 1563 3814 1644">
     <span class='ocr_line' id='line_1_30' title="bbox 2160 1563 3814 1644; baseline -0.007 -18"><span class='ocrx_word' id='word_1_197' title='bbox 2160 1586 2329 1644; x_wconf 86' lang='lat' dir='ltr'>suum</span> <span class='ocrx_word' id='word_1_198' title='bbox 2366 1568 2797 1640; x_wconf 82' lang='lat' dir='ltr'>presbyterum,</span> <span class='ocrx_word' id='word_1_199' title='bbox 2831 1566 3149 1637; x_wconf 89' lang='lat' dir='ltr'>quemdam</span> <span class='ocrx_word' id='word_1_200' title='bbox 3184 1563 3430 1636; x_wconf 88' lang='lat' dir='ltr'>impium</span> <span class='ocrx_word' id='word_1_201' title='bbox 3464 1567 3638 1632; x_wconf 88' lang='lat' dir='ltr'>atque</span> <span class='ocrx_word' id='word_1_202' title='bbox 3680 1576 3814 1632; x_wconf 91' lang='lat' dir='ltr'>pec-</span> 
     </span>
    </p>
   </div>
   <div class='ocr_carea' id='block_1_31' title="bbox 2159 1651 3812 1727">
    <p class='ocr_par' dir='ltr' id='par_1_31' title="bbox 2159 1651 3812 1727">
     <span class='ocr_line' id='line_1_31' title="bbox 2159 1651 3812 1727; baseline -0.007 -12"><span class='ocrx_word' id='word_1_203' title='bbox 2159 1663 2411 1715; x_wconf 89' lang='lat' dir='ltr'>catorem</span> <span class='ocrx_word' id='word_1_204' title='bbox 2455 1658 2524 1711; x_wconf 91' lang='lat' dir='ltr'>ad</span> <span class='ocrx_word' id='word_1_205' title='bbox 2565 1656 2970 1727; x_wconf 79' lang='lat' dir='ltr'>paenitentiam</span> <span class='ocrx_word' id='word_1_206' title='bbox 3004 1669 3377 1721; x_wconf 90' lang='lat' dir='ltr'>conversum,</span> <span class='ocrx_word' id='word_1_207' title='bbox 3428 1651 3632 1722; x_wconf 89' lang='lat' dir='ltr'>illique</span> <span class='ocrx_word' id='word_1_208' title='bbox 3678 1665 3812 1719; x_wconf 87' lang='lat' dir='ltr'>pro-</span> 
     </span>
    </p>
   </div>
   <div class='ocr_carea' id='block_1_32' title="bbox 2157 1736 3814 1813">
    <p class='ocr_par' dir='ltr' id='par_1_32' title="bbox 2157 1736 3814 1813">
     <span class='ocr_line' id='line_1_32' title="bbox 2157 1736 3814 1813; baseline -0.006 -11"><span class='ocrx_word' id='word_1_209' title='bbox 2157 1748 2446 1802; x_wconf 89' lang='lat' dir='ltr'>cidentem</span> <span class='ocrx_word' id='word_1_210' title='bbox 2475 1743 2933 1799; x_wconf 85' lang='lat' dir='ltr'>misericorditer</span> <span class='ocrx_word' id='word_1_211' title='bbox 2951 1741 3276 1813; x_wconf 83' lang='lat' dir='ltr'>excepisse,</span> <span class='ocrx_word' id='word_1_212' title='bbox 3309 1739 3553 1796; x_wconf 71' lang='lat' dir='ltr'>minime</span> <span class='ocrx_word' id='word_1_213' title='bbox 3608 1736 3814 1792; x_wconf 88' lang='lat' dir='ltr'>leviter</span> 
     </span>
    </p>
   </div>
   <div class='ocr_carea' id='block_1_33' title="bbox 2157 1825 3812 1905">
    <p class='ocr_par' dir='ltr' id='par_1_33' title="bbox 2157 1825 3812 1905">
     <span class='ocr_line' id='line_1_33' title="bbox 2157 1825 3812 1905; baseline -0.007 -15"><span class='ocrx_word' id='word_1_214' title='bbox 2157 1837 2371 1905; x_wconf 79' lang='lat' dir='ltr'>ferens,</span> <span class='ocrx_word' id='word_1_215' title='bbox 2405 1840 2465 1890; x_wconf 92' lang='lat' dir='ltr'>at</span> <span class='ocrx_word' id='word_1_216' title='bbox 2485 1834 2862 1889; x_wconf 84' lang='lat' dir='ltr'>exacerbatus</span> <span class='ocrx_word' id='word_1_217' title='bbox 2892 1836 2950 1887; x_wconf 93' lang='lat' dir='ltr'>et</span> <span class='ocrx_word' id='word_1_218' title='bbox 2978 1831 3131 1886; x_wconf 81' lang='lat' dir='ltr'>intra</span> <span class='ocrx_word' id='word_1_219' title='bbox 3162 1829 3405 1887; x_wconf 87' lang='lat' dir='ltr'>sacrarii</span> <span class='ocrx_word' id='word_1_220' title='bbox 3447 1828 3622 1900; x_wconf 83' lang='lat' dir='ltr'>adyta</span> <span class='ocrx_word' id='word_1_221' title='bbox 3658 1825 3812 1881; x_wconf 84' lang='lat' dir='ltr'>exsi-</span> 
     </span>
    </p>
   </div>
   <div class='ocr_carea' id='block_1_34' title="bbox 383 1914 2060 2006">
    <p class='ocr_par' dir='ltr' id='par_1_34' title="bbox 383 1914 2044 1995">
     <span class='ocr_line' id='line_1_34' title="bbox 383 1914 2044 1995; baseline 0 -23"><span class='ocrx_word' id='word_1_222' title='bbox 383 1916 578 1995; x_wconf 75' lang='grc' dir='ltr'>φαλὲς.</span> <span class='ocrx_word' id='word_1_223' title='bbox 639 1914 764 1972; x_wconf 66' lang='grc' dir='ltr'>οὐδὲ</span> <span class='ocrx_word' id='word_1_224' title='bbox 821 1917 1154 1991; x_wconf 81' lang='grc' dir='ltr'>προσψαύειν</span> <span class='ocrx_word' id='word_1_225' title='bbox 1216 1916 1388 1986; x_wconf 80' lang='grc' dir='ltr'>ὅσιον,</span> <span class='ocrx_word' id='word_1_226' title='bbox 1445 1917 1890 1991; x_wconf 75' lang='grc' dir='ltr'>ἐκπομπευθῆναι</span> <span class='ocrx_word' id='word_1_227' title='bbox 1949 1918 2044 1992; x_wconf 76' lang='grc' dir='ltr'>μὶν</span> 
     </span>
    </p>
   </div>
   <div class='ocr_carea' id='block_1_35' title="bbox 2157 1914 3807 2006">
    <p class='ocr_par' dir='ltr' id='par_1_35' title="bbox 2157 1915 3807 1996">
     <span class='ocr_line' id='line_1_35' title="bbox 2157 1915 3807 1996; baseline -0.006 -15"><span class='ocrx_word' id='word_1_228' title='bbox 2157 1930 2317 1981; x_wconf 87' lang='lat' dir='ltr'>stens</span> <span class='ocrx_word' id='word_1_229' title='bbox 2348 1943 2472 1994; x_wconf 70' lang='lat' dir='ltr'>quae</span> <span class='ocrx_word' id='word_1_230' title='bbox 2504 1923 2732 1996; x_wconf 87' lang='lat' dir='ltr'>ingredi</span> <span class='ocrx_word' id='word_1_231' title='bbox 2765 1937 3077 1993; x_wconf 89' lang='lat' dir='ltr'>nequaque</span> <span class='ocrx_word' id='word_1_232' title='bbox 3108 1925 3325 1990; x_wconf 90' lang='lat' dir='ltr'>tutum,</span> <span class='ocrx_word' id='word_1_233' title='bbox 3379 1933 3569 1988; x_wconf 91' lang='lat' dir='ltr'>neque</span> <span class='ocrx_word' id='word_1_234' title='bbox 3625 1915 3807 1972; x_wconf 88' lang='lat' dir='ltr'>attin-</span> 
     </span>
    </p>
   </div>
   <div class='ocr_carea' id='block_1_36' title="bbox 380 2004 2038 2082">
    <p class='ocr_par' dir='ltr' id='par_1_36' title="bbox 380 2004 2038 2082">
     <span class='ocr_line' id='line_1_36' title="bbox 380 2004 2038 2082; baseline 0 -22"><span class='ocrx_word' id='word_1_235' title='bbox 380 2006 451 2060; x_wconf 73' lang='grc' dir='ltr'>τὰ</span> <span class='ocrx_word' id='word_1_236' title='bbox 507 2008 674 2081; x_wconf 77' lang='grc' dir='ltr'>’Ἅγια</span> <span class='ocrx_word' id='word_1_237' title='bbox 720 2009 829 2060; x_wconf 86' lang='grc' dir='ltr'>τῶν</span> <span class='ocrx_word' id='word_1_238' title='bbox 880 2006 1050 2082; x_wconf 82' lang='grc' dir='ltr'>ἁγίων</span> <span class='ocrx_word' id='word_1_239' title='bbox 1111 2012 1279 2075; x_wconf 82' lang='grc' dir='ltr'>ποιεῖ,</span> <span class='ocrx_word' id='word_1_240' title='bbox 1337 2007 1429 2062; x_wconf 89' lang='grc' dir='ltr'>τὸν</span> <span class='ocrx_word' id='word_1_241' title='bbox 1480 2004 1538 2061; x_wconf 72' lang='grc' dir='ltr'>δὲ</span> <span class='ocrx_word' id='word_1_242' title='bbox 1586 2007 1782 2079; x_wconf 75' lang='grc' dir='ltr'>ἀγαθὸν</span> <span class='ocrx_word' id='word_1_243' title='bbox 1838 2006 2038 2062; x_wconf 84' lang='grc' dir='ltr'>ἐκεῖνον</span> 
     </span>
    </p>
   </div>
   <div class='ocr_carea' id='block_1_37' title="bbox 379 2090 2041 2174">
    <p class='ocr_par' dir='ltr' id='par_1_37' title="bbox 379 2090 2041 2174">
     <span class='ocr_line' id='line_1_37' title="bbox 379 2090 2041 2174; baseline 0.001 -26"><span class='ocrx_word' id='word_1_244' title='bbox 379 2095 532 2170; x_wconf 70' lang='grc' dir='ltr'>ἱερέα</span> <span class='ocrx_word' id='word_1_245' title='bbox 560 2095 651 2150; x_wconf 82' lang='grc' dir='ltr'>καὶ</span> <span class='ocrx_word' id='word_1_246' title='bbox 707 2093 917 2171; x_wconf 75' lang='grc' dir='ltr'>ἥμερον</span> <span class='ocrx_word' id='word_1_247' title='bbox 973 2093 1214 2169; x_wconf 82' lang='grc' dir='ltr'>πληγαῖς</span> <span class='ocrx_word' id='word_1_248' title='bbox 1265 2096 1328 2151; x_wconf 80' lang='grc' dir='ltr'>οὐ</span> <span class='ocrx_word' id='word_1_249' title='bbox 1389 2101 1654 2174; x_wconf 84' lang='grc' dir='ltr'>φορηταῖς</span> <span class='ocrx_word' id='word_1_250' title='bbox 1688 2090 1992 2151; x_wconf 78' lang='grc' dir='ltr'>ὑποϐάλλει</span> <span class='ocrx_word' id='word_1_251' title='bbox 2025 2113 2041 2129; x_wconf 88' lang='grc'>⁶</span> 
     </span>
    </p>
   </div>
   <div class='ocr_carea' id='block_1_38' title="bbox 377 2183 2041 2261">
    <p class='ocr_par' dir='ltr' id='par_1_38' title="bbox 377 2183 2041 2261">
     <span class='ocr_line' id='line_1_38' title="bbox 377 2183 2041 2261; baseline 0.001 -23"><span class='ocrx_word' id='word_1_252' title='bbox 377 2183 516 2239; x_wconf 84' lang='grc' dir='ltr'>κατά</span> <span class='ocrx_word' id='word_1_253' title='bbox 571 2205 631 2239; x_wconf 91' lang='grc' dir='ltr'>τε</span> <span class='ocrx_word' id='word_1_254' title='bbox 669 2190 770 2253; x_wconf 82' lang='grc' dir='ltr'>τῆς</span> <span class='ocrx_word' id='word_1_255' title='bbox 818 2183 1024 2261; x_wconf 71' lang='grc' dir='ltr'>κοῤῥης</span> <span class='ocrx_word' id='word_1_256' title='bbox 1071 2185 1244 2240; x_wconf 86' lang='grc' dir='ltr'>παίων</span> <span class='ocrx_word' id='word_1_257' title='bbox 1297 2186 1549 2253; x_wconf 84' lang='grc' dir='ltr'>ἀντωθεῖ,</span> <span class='ocrx_word' id='word_1_258' title='bbox 1601 2185 1692 2240; x_wconf 82' lang='grc' dir='ltr'>καὶ</span> <span class='ocrx_word' id='word_1_259' title='bbox 1745 2186 1879 2258; x_wconf 84' lang='grc' dir='ltr'>μετὰ</span> <span class='ocrx_word' id='word_1_260' title='bbox 1902 2186 2041 2240; x_wconf 89' lang='grc' dir='ltr'>πολ-</span> 
     </span>
    </p>
   </div>
   <div class='ocr_carea' id='block_1_39' title="bbox 376 2269 2041 2350">
    <p class='ocr_par' dir='ltr' id='par_1_39' title="bbox 376 2269 2041 2350">
     <span class='ocr_line' id='line_1_39' title="bbox 376 2269 2041 2350; baseline 0.002 -23"><span class='ocrx_word' id='word_1_261' title='bbox 376 2269 484 2342; x_wconf 85' lang='grc' dir='ltr'>λῆς</span> <span class='ocrx_word' id='word_1_262' title='bbox 562 2279 663 2342; x_wconf 83' lang='grc' dir='ltr'>τῆς</span> <span class='ocrx_word' id='word_1_263' title='bbox 722 2271 910 2335; x_wconf 81' lang='grc' dir='ltr'>αἰδοῦς</span> <span class='ocrx_word' id='word_1_264' title='bbox 989 2273 1286 2348; x_wconf 85' lang='grc' dir='ltr'>προσιόντα</span> <span class='ocrx_word' id='word_1_265' title='bbox 1362 2273 1602 2350; x_wconf 89' lang='grc' dir='ltr'>θρασέως</span> <span class='ocrx_word' id='word_1_266' title='bbox 1666 2273 2041 2342; x_wconf 80' lang='grc' dir='ltr'>ἀπολακτίζει.</span> 
     </span>
    </p>
   </div>
   <div class='ocr_carea' id='block_1_40' title="bbox 375 2357 2045 2439">
    <p class='ocr_par' dir='ltr' id='par_1_40' title="bbox 375 2357 2045 2439">
     <span class='ocr_line' id='line_1_40' title="bbox 375 2357 2045 2439; baseline 0.001 -25"><span class='ocrx_word' id='word_1_267' title='bbox 375 2357 548 2430; x_wconf 77' lang='grc' dir='ltr'>ἀσεϐῆ</span> <span class='ocrx_word' id='word_1_268' title='bbox 583 2358 764 2436; x_wconf 83' lang='grc' dir='ltr'>λέγων</span> <span class='ocrx_word' id='word_1_269' title='bbox 815 2361 905 2416; x_wconf 88' lang='grc' dir='ltr'>καὶ</span> <span class='ocrx_word' id='word_1_270' title='bbox 957 2359 1269 2438; x_wconf 81' lang='grc' dir='ltr'>ἀλιτήριον,</span> <span class='ocrx_word' id='word_1_271' title='bbox 1318 2364 1412 2418; x_wconf 87' lang='grc' dir='ltr'>τὸν</span> <span class='ocrx_word' id='word_1_272' title='bbox 1457 2358 1752 2439; x_wconf 84' lang='grc' dir='ltr'>ἀγαθότητι</span> <span class='ocrx_word' id='word_1_273' title='bbox 1803 2367 2045 2438; x_wconf 84' lang='grc' dir='ltr'>παρορᾷν</span> 
     </span>
    </p>
   </div>
   <div class='ocr_carea' id='block_1_41' title="bbox 371 2447 2046 2526">
    <p class='ocr_par' dir='ltr' id='par_1_41' title="bbox 371 2447 2046 2526">
     <span class='ocr_line' id='line_1_41' title="bbox 371 2447 2046 2526; baseline 0.001 -24"><span class='ocrx_word' id='word_1_274' title='bbox 371 2447 684 2522; x_wconf 79' lang='grc' dir='ltr'>ἠξιωμένον</span> <span class='ocrx_word' id='word_1_275' title='bbox 715 2449 782 2504; x_wconf 78' lang='grc' dir='ltr'>τὰ</span> <span class='ocrx_word' id='word_1_276' title='bbox 829 2452 929 2503; x_wconf 78' lang='grc' dir='ltr'>τοῦ</span> <span class='ocrx_word' id='word_1_277' title='bbox 974 2449 1112 2504; x_wconf 85' lang='grc' dir='ltr'>λαοῦ</span> <span class='ocrx_word' id='word_1_278' title='bbox 1165 2449 1513 2525; x_wconf 80' lang='grc' dir='ltr'>ἀγνοήματα,</span> <span class='ocrx_word' id='word_1_279' title='bbox 1565 2450 1655 2505; x_wconf 86' lang='grc' dir='ltr'>καὶ</span> <span class='ocrx_word' id='word_1_280' title='bbox 1685 2454 1766 2522; x_wconf 79' lang='grc' dir='ltr'>τῷ</span> <span class='ocrx_word' id='word_1_281' title='bbox 1797 2450 2046 2526; x_wconf 83' lang='grc' dir='ltr'>ἀρχιερεῖ</span> 
     </span>
    </p>
   </div>
   <div class='ocr_carea' id='block_1_42' title="bbox 378 2538 2040 2615">
    <p class='ocr_par' dir='ltr' id='par_1_42' title="bbox 378 2538 2040 2615">
     <span class='ocr_line' id='line_1_42' title="bbox 378 2538 2040 2615; baseline 0.001 -23"><span class='ocrx_word' id='word_1_282' title='bbox 378 2539 651 2611; x_wconf 85' lang='grc' dir='ltr'>Διονυσίῳ</span> <span class='ocrx_word' id='word_1_283' title='bbox 678 2539 769 2593; x_wconf 84' lang='grc' dir='ltr'>καὶ</span> <span class='ocrx_word' id='word_1_284' title='bbox 819 2538 1201 2614; x_wconf 83' lang='grc' dir='ltr'>ἀρχιποιμένι,</span> <span class='ocrx_word' id='word_1_285' title='bbox 1259 2540 1332 2602; x_wconf 84' lang='grc' dir='ltr'>ὡς</span> <span class='ocrx_word' id='word_1_286' title='bbox 1387 2541 1527 2615; x_wconf 91' lang='grc' dir='ltr'>μέγα</span> <span class='ocrx_word' id='word_1_287' title='bbox 1570 2562 1620 2594; x_wconf 90' lang='grc' dir='ltr'>τι</span> <span class='ocrx_word' id='word_1_288' title='bbox 1669 2540 1808 2615; x_wconf 86' lang='grc' dir='ltr'>πρὸς</span> <span class='ocrx_word' id='word_1_289' title='bbox 1844 2540 2040 2615; x_wconf 79' lang='grc' dir='ltr'>ἀρετὴν</span> 
     </span>
    </p>
   </div>
   <div class='ocr_carea' id='block_1_43' title="bbox 379 2625 2042 2705">
    <p class='ocr_par' dir='ltr' id='par_1_43' title="bbox 379 2625 2042 2705">
     <span class='ocr_line' id='line_1_43' title="bbox 379 2625 2042 2705; baseline 0 -23"><span class='ocrx_word' id='word_1_290' title='bbox 379 2627 759 2704; x_wconf 77' lang='grc' dir='ltr'>εἷργασμένος,</span> <span class='ocrx_word' id='word_1_291' title='bbox 817 2625 1167 2705; x_wconf 77' lang='grc' dir='ltr'>διαχαράττει</span> <span class='ocrx_word' id='word_1_292' title='bbox 1214 2629 1276 2683; x_wconf 84' lang='grc' dir='ltr'>τὸ</span> <span class='ocrx_word' id='word_1_293' title='bbox 1334 2629 1586 2705; x_wconf 88' lang='grc' dir='ltr'>γεγονὸς,</span> <span class='ocrx_word' id='word_1_294' title='bbox 1633 2628 1744 2683; x_wconf 76' lang='grc' dir='ltr'>ἄνω</span> <span class='ocrx_word' id='word_1_295' title='bbox 1773 2629 1864 2683; x_wconf 79' lang='grc' dir='ltr'>καὶ</span> <span class='ocrx_word' id='word_1_296' title='bbox 1896 2629 2042 2683; x_wconf 85' lang='grc' dir='ltr'>κάτω</span> 
     </span>
    </p>
   </div>
   <div class='ocr_carea' id='block_1_44' title="bbox 375 2715 2043 2794">
    <p class='ocr_par' dir='ltr' id='par_1_44' title="bbox 375 2715 2043 2794">
     <span class='ocr_line' id='line_1_44' title="bbox 375 2715 2043 2794; baseline 0.001 -23"><span class='ocrx_word' id='word_1_297' title='bbox 375 2715 636 2791; x_wconf 80' lang='grc' dir='ltr'>θρυλλῶν</span> <span class='ocrx_word' id='word_1_298' title='bbox 694 2724 796 2788; x_wconf 83' lang='grc' dir='ltr'>τῆς</span> <span class='ocrx_word' id='word_1_299' title='bbox 855 2718 1105 2794; x_wconf 91' lang='grc' dir='ltr'>θρασείας</span> <span class='ocrx_word' id='word_1_300' title='bbox 1156 2716 1366 2788; x_wconf 81' lang='grc' dir='ltr'>ἐκείνης</span> <span class='ocrx_word' id='word_1_301' title='bbox 1411 2717 1733 2788; x_wconf 79' lang='grc' dir='ltr'>ἐπιστολῆς,</span> <span class='ocrx_word' id='word_1_302' title='bbox 1793 2718 1866 2780; x_wconf 85' lang='grc' dir='ltr'>ὡς</span> <span class='ocrx_word' id='word_1_303' title='bbox 1934 2717 2043 2794; x_wconf 79' lang='grc' dir='ltr'>οὐχ</span> 
     </span>
    </p>
   </div>
   <div class='ocr_carea' id='block_1_45' title="bbox 376 2804 2040 2879">
    <p class='ocr_par' dir='ltr' id='par_1_45' title="bbox 376 2804 2040 2879">
     <span class='ocr_line' id='line_1_45' title="bbox 376 2804 2040 2879; baseline 0 -19"><span class='ocrx_word' id='word_1_304' title='bbox 376 2807 565 2861; x_wconf 68' lang='grc' dir='ltr'>ἑαυτὸν</span> <span class='ocrx_word' id='word_1_305' title='bbox 620 2804 858 2879; x_wconf 82' lang='grc' dir='ltr'>μᾶλλον,</span> <span class='ocrx_word' id='word_1_306' title='bbox 917 2805 1063 2862; x_wconf 90' lang='grc' dir='ltr'>ἀλλά</span> <span class='ocrx_word' id='word_1_307' title='bbox 1119 2807 1208 2862; x_wconf 79' lang='grc' dir='ltr'>καὶ</span> <span class='ocrx_word' id='word_1_308' title='bbox 1261 2808 1352 2862; x_wconf 82' lang='grc' dir='ltr'>τὸν</span> <span class='ocrx_word' id='word_1_309' title='bbox 1414 2807 1546 2862; x_wconf 74' lang='grc' dir='ltr'>Θεὸν</span> <span class='ocrx_word' id='word_1_310' title='bbox 1605 2805 1928 2878; x_wconf 81' lang='grc' dir='ltr'>ἐκδικήσειε.</span> <span class='ocrx_word' id='word_1_311' title='bbox 1980 2806 2040 2860; x_wconf 92' lang='grc' dir='ltr'>Τί</span> 
     </span>
    </p>
   </div>
   <div class='ocr_carea' id='block_1_46' title="bbox 383 2892 2038 2969">
    <p class='ocr_par' dir='ltr' id='par_1_46' title="bbox 383 2892 2038 2969">
     <span class='ocr_line' id='line_1_46' title="bbox 383 2892 2038 2969; baseline 0.001 -21"><span class='ocrx_word' id='word_1_312' title='bbox 383 2892 476 2948; x_wconf 81' lang='grc' dir='ltr'>οῦν</span> <span class='ocrx_word' id='word_1_313' title='bbox 547 2892 798 2966; x_wconf 68' lang='grc' dir='ltr'>ἐκεῖνος,</span> <span class='ocrx_word' id='word_1_314' title='bbox 857 2897 942 2969; x_wconf 83' lang='grc' dir='ltr'>ἆρ’</span> <span class='ocrx_word' id='word_1_315' title='bbox 992 2894 1028 2964; x_wconf 74' lang='grc' dir='ltr'><strong>ἢ</strong></span> <span class='ocrx_word' id='word_1_316' title='bbox 1076 2896 1139 2950; x_wconf 85' lang='grc' dir='ltr'>τὸ</span> <span class='ocrx_word' id='word_1_317' title='bbox 1182 2901 1290 2951; x_wconf 81' lang='grc' dir='ltr'>τῶν</span> <span class='ocrx_word' id='word_1_318' title='bbox 1343 2895 1576 2952; x_wconf 82' lang='grc' dir='ltr'>πολλῶν</span> <span class='ocrx_word' id='word_1_319' title='bbox 1633 2893 1848 2965; x_wconf 67' lang='grc' dir='ltr'>ἔπαθεν,</span> <span class='ocrx_word' id='word_1_320' title='bbox 1881 2895 1916 2965; x_wconf 73' lang='grc' dir='ltr'><strong>ἥ</strong></span> <span class='ocrx_word' id='word_1_321' title='bbox 1949 2895 2038 2950; x_wconf 85' lang='grc' dir='ltr'>καὶ</span> 
     </span>
    </p>
   </div>
   <div class='ocr_carea' id='block_1_47' title="bbox 380 2981 2036 3064">
    <p class='ocr_par' dir='ltr' id='par_1_47' title="bbox 380 2981 2036 3064">
     <span class='ocr_line' id='line_1_47' title="bbox 380 2981 2036 3064; baseline 0.001 -26"><span class='ocrx_word' id='word_1_322' title='bbox 380 2986 579 3058; x_wconf 89' lang='grc' dir='ltr'>μικρὸν</span> <span class='ocrx_word' id='word_1_323' title='bbox 637 2983 784 3047; x_wconf 85' lang='grc' dir='ltr'>ὅλως</span> <span class='ocrx_word' id='word_1_324' title='bbox 835 2992 938 3054; x_wconf 84' lang='grc' dir='ltr'>τῆς</span> <span class='ocrx_word' id='word_1_325' title='bbox 1008 2985 1308 3064; x_wconf 75' lang='grc' dir='ltr'>συντρόφου</span> <span class='ocrx_word' id='word_1_326' title='bbox 1389 2981 1716 3059; x_wconf 76' lang='grc' dir='ltr'>μεταϐαλεῖν</span> <span class='ocrx_word' id='word_1_327' title='bbox 1775 2986 2036 3060; x_wconf 84' lang='grc' dir='ltr'>ἐνομίσθη</span> 
     </span>
    </p>
   </div>
   <div class='ocr_carea' id='block_1_48' title="bbox 377 3066 2040 3150">
    <p class='ocr_par' dir='ltr' id='par_1_48' title="bbox 377 3066 2040 3150">
     <span class='ocr_line' id='line_1_48' title="bbox 377 3066 2040 3150; baseline 0.001 -22"><span class='ocrx_word' id='word_1_328' title='bbox 377 3075 805 3150; x_wconf 86' lang='grc' dir='ltr'>χρηστότητος;</span> <span class='ocrx_word' id='word_1_329' title='bbox 871 3071 1162 3148; x_wconf 71' lang='grc' dir='ltr'>οὕμενουν,</span> <span class='ocrx_word' id='word_1_330' title='bbox 1242 3075 1342 3130; x_wconf 79' lang='grc' dir='ltr'>οὐκ</span> <span class='ocrx_word' id='word_1_331' title='bbox 1412 3066 1556 3131; x_wconf 70' lang='grc' dir='ltr'>ἔστιν</span> <span class='ocrx_word' id='word_1_332' title='bbox 1628 3075 1798 3132; x_wconf 79' lang='grc' dir='ltr'>εἶ’πεῖν</span> <span class='ocrx_word' id='word_1_333' title='bbox 1834 3095 1847 3108; x_wconf 90' lang='grc'><strong>·</strong></span> <span class='ocrx_word' id='word_1_334' title='bbox 1927 3073 2040 3131; x_wconf 82' lang='grc' dir='ltr'>οὐδ’</span> 
     </span>
    </p>
   </div>
   <div class='ocr_carea' id='block_1_49' title="bbox 377 3161 2040 3242">
    <p class='ocr_par' dir='ltr' id='par_1_49' title="bbox 377 3161 2040 3242">
     <span class='ocr_line' id='line_1_49' title="bbox 377 3161 2040 3242; baseline 0.001 -24"><span class='ocrx_word' id='word_1_335' title='bbox 377 3161 524 3238; x_wconf 74' lang='grc' dir='ltr'>ἔργῳ</span> <span class='ocrx_word' id='word_1_336' title='bbox 585 3165 678 3219; x_wconf 85' lang='grc' dir='ltr'>τὸν</span> <span class='ocrx_word' id='word_1_337' title='bbox 739 3165 1104 3238; x_wconf 81' lang='grc' dir='ltr'>ἡμαρτηκότα</span> <span class='ocrx_word' id='word_1_338' title='bbox 1177 3165 1449 3239; x_wconf 75' lang='grc' dir='ltr'>ἠμύνατο,</span> <span class='ocrx_word' id='word_1_339' title='bbox 1516 3163 1663 3221; x_wconf 81' lang='grc' dir='ltr'>ἀλλᾶ</span> <span class='ocrx_word' id='word_1_340' title='bbox 1711 3165 1862 3242; x_wconf 90' lang='grc' dir='ltr'>λόγω</span> <span class='ocrx_word' id='word_1_341' title='bbox 1912 3166 2040 3238; x_wconf 80' lang='grc' dir='ltr'>θείῳ</span> 
     </span>
    </p>
   </div>
   <div class='ocr_carea' id='block_1_50' title="bbox 375 3250 2035 3330">
    <p class='ocr_par' dir='ltr' id='par_1_50' title="bbox 375 3250 2035 3330">
     <span class='ocr_line' id='line_1_50' title="bbox 375 3250 2035 3330; baseline 0.003 -26"><span class='ocrx_word' id='word_1_342' title='bbox 375 3250 467 3304; x_wconf 83' lang='grc' dir='ltr'>καὶ</span> <span class='ocrx_word' id='word_1_343' title='bbox 499 3250 842 3325; x_wconf 84' lang='grc' dir='ltr'>σωτηριώδει</span> <span class='ocrx_word' id='word_1_344' title='bbox 891 3251 1222 3308; x_wconf 87' lang='grc' dir='ltr'>πεπαίδευκε</span> <span class='ocrx_word' id='word_1_345' title='bbox 1253 3273 1265 3286; x_wconf 91' lang='grc'><strong>·</strong></span> <span class='ocrx_word' id='word_1_346' title='bbox 1317 3255 1417 3323; x_wconf 80' lang='grc' dir='ltr'>τὴν</span> <span class='ocrx_word' id='word_1_347' title='bbox 1477 3254 1611 3330; x_wconf 90' lang='grc' dir='ltr'>πρὸς</span> <span class='ocrx_word' id='word_1_348' title='bbox 1666 3255 1862 3329; x_wconf 79' lang='grc' dir='ltr'>ἀρετὴν</span> <span class='ocrx_word' id='word_1_349' title='bbox 1893 3256 2035 3327; x_wconf 86' lang='grc' dir='ltr'>ὁμοῦ</span> 
     </span>
    </p>
   </div>
   <div class='ocr_carea' id='block_1_51' title="bbox 373 3339 2038 3419">
    <p class='ocr_par' dir='ltr' id='par_1_51' title="bbox 373 3339 2038 3419">
     <span class='ocr_line' id='line_1_51' title="bbox 373 3339 2038 3419; baseline 0.002 -25"><span class='ocrx_word' id='word_1_350' title='bbox 373 3340 464 3394; x_wconf 84' lang='grc' dir='ltr'>καὶ</span> <span class='ocrx_word' id='word_1_351' title='bbox 520 3347 692 3396; x_wconf 77' lang='grc' dir='ltr'>πᾶσαν</span> <span class='ocrx_word' id='word_1_352' title='bbox 753 3339 1046 3415; x_wconf 78' lang='grc' dir='ltr'>εὐκοσμίαν</span> <span class='ocrx_word' id='word_1_353' title='bbox 1093 3343 1364 3398; x_wconf 86' lang='grc' dir='ltr'>τυποῦσάν</span> <span class='ocrx_word' id='word_1_354' title='bbox 1421 3364 1481 3398; x_wconf 85' lang='grc' dir='ltr'>τε</span> <span class='ocrx_word' id='word_1_355' title='bbox 1527 3343 1617 3397; x_wconf 83' lang='grc' dir='ltr'>καὶ</span> <span class='ocrx_word' id='word_1_356' title='bbox 1677 3342 2038 3419; x_wconf 79' lang='grc' dir='ltr'>ῥυθμίζουσαν</span> 
     </span>
    </p>
   </div>
   <div class='ocr_carea' id='block_1_52' title="bbox 373 3427 2038 3507">
    <p class='ocr_par' dir='ltr' id='par_1_52' title="bbox 373 3427 2038 3507">
     <span class='ocr_line' id='line_1_52' title="bbox 373 3427 2038 3507; baseline 0.002 -25"><span class='ocrx_word' id='word_1_357' title='bbox 373 3427 587 3499; x_wconf 78' lang='grc' dir='ltr'>ἐκείνην</span> <span class='ocrx_word' id='word_1_358' title='bbox 647 3429 860 3505; x_wconf 78' lang='grc' dir='ltr'>γράψας</span> <span class='ocrx_word' id='word_1_359' title='bbox 913 3429 1232 3501; x_wconf 79' lang='grc' dir='ltr'>έπιστολήν,</span> <span class='ocrx_word' id='word_1_360' title='bbox 1306 3431 1395 3486; x_wconf 85' lang='grc' dir='ltr'>καὶ</span> <span class='ocrx_word' id='word_1_361' title='bbox 1454 3428 1764 3507; x_wconf 79' lang='grc' dir='ltr'>πραότητος</span> <span class='ocrx_word' id='word_1_362' title='bbox 1817 3429 2038 3486; x_wconf 82' lang='grc' dir='ltr'>ὑπόδει-</span> 
     </span>
    </p>
   </div>
   <div class='ocr_carea' id='block_1_53' title="bbox 368 3518 2038 3602">
    <p class='ocr_par' dir='ltr' id='par_1_53' title="bbox 368 3518 2038 3602">
     <span class='ocr_line' id='line_1_53' title="bbox 368 3518 2038 3602; baseline 0.003 -31"><span class='ocrx_word' id='word_1_363' title='bbox 368 3538 490 3592; x_wconf 90' lang='grc' dir='ltr'>γμα</span> <span class='ocrx_word' id='word_1_364' title='bbox 534 3518 630 3573; x_wconf 85' lang='grc' dir='ltr'>τὸν</span> <span class='ocrx_word' id='word_1_365' title='bbox 672 3519 910 3602; x_wconf 74' lang='grc' dir='ltr'>³Ααρῲν,</span> <span class='ocrx_word' id='word_1_366' title='bbox 942 3521 1032 3575; x_wconf 86' lang='grc' dir='ltr'>τὸν</span> <span class='ocrx_word' id='word_1_367' title='bbox 1094 3518 1279 3592; x_wconf 78' lang='grc' dir='ltr'>Δαυὶδ,</span> <span class='ocrx_word' id='word_1_368' title='bbox 1332 3521 1421 3576; x_wconf 79' lang='grc' dir='ltr'>καὶ</span> <span class='ocrx_word' id='word_1_369' title='bbox 1481 3522 1697 3594; x_wconf 75' lang='grc' dir='ltr'>ἑτέρους</span> <span class='ocrx_word' id='word_1_370' title='bbox 1749 3541 2038 3597; x_wconf 84' lang='grc' dir='ltr'>παραστη-</span> 
     </span>
    </p>
   </div>
   <div class='ocr_carea' id='block_1_54' title="bbox 373 3605 2042 3686">
    <p class='ocr_par' dir='ltr' id='par_1_54' title="bbox 373 3605 2042 3686">
     <span class='ocr_line' id='line_1_54' title="bbox 373 3605 2042 3686; baseline 0.001 -26"><span class='ocrx_word' id='word_1_371' title='bbox 373 3606 616 3679; x_wconf 70' lang='grc' dir='ltr'>σάμενος</span> <span class='ocrx_word' id='word_1_372' title='bbox 650 3623 668 3639; x_wconf 78' lang='grc'><strong>⁸</strong></span> <span class='ocrx_word' id='word_1_373' title='bbox 699 3607 770 3676; x_wconf 82' lang='grc' dir='ltr'>ἦς</span> <span class='ocrx_word' id='word_1_374' title='bbox 813 3605 906 3662; x_wconf 68' lang='grc' dir='ltr'>’ἶνα</span> <span class='ocrx_word' id='word_1_375' title='bbox 961 3610 1060 3678; x_wconf 84' lang='grc' dir='ltr'>τήν</span> <span class='ocrx_word' id='word_1_376' title='bbox 1112 3606 1292 3679; x_wconf 73' lang='grc' dir='ltr'>ἄλλην</span> <span class='ocrx_word' id='word_1_377' title='bbox 1339 3611 1477 3684; x_wconf 86' lang='grc' dir='ltr'>πρὸς</span> <span class='ocrx_word' id='word_1_378' title='bbox 1527 3610 1591 3664; x_wconf 88' lang='grc' dir='ltr'>τὸ</span> <span class='ocrx_word' id='word_1_379' title='bbox 1641 3609 1835 3686; x_wconf 82' lang='grc' dir='ltr'>ἀγαθὸν</span> <span class='ocrx_word' id='word_1_380' title='bbox 1882 3630 2042 3664; x_wconf 88' lang='grc' dir='ltr'>κατα-</span> 
     </span>
    </p>
   </div>
   <div class='ocr_carea' id='block_1_55' title="bbox 377 3693 2039 3773">
    <p class='ocr_par' dir='ltr' id='par_1_55' title="bbox 377 3693 2039 3773">
     <span class='ocr_line' id='line_1_55' title="bbox 377 3693 2039 3773; baseline 0.001 -23"><span class='ocrx_word' id='word_1_381' title='bbox 377 3693 530 3750; x_wconf 87' lang='grc' dir='ltr'>λίπω</span> <span class='ocrx_word' id='word_1_382' title='bbox 591 3695 966 3770; x_wconf 82' lang='grc' dir='ltr'>παρακλησιν,</span> <span class='ocrx_word' id='word_1_383' title='bbox 1027 3695 1174 3753; x_wconf 72' lang='grc' dir='ltr'>ἀλλὰ</span> <span class='ocrx_word' id='word_1_384' title='bbox 1227 3705 1327 3767; x_wconf 81' lang='grc' dir='ltr'>τῆς</span> <span class='ocrx_word' id='word_1_385' title='bbox 1376 3699 1639 3773; x_wconf 78' lang='grc' dir='ltr'>ὁράσεως,</span> <span class='ocrx_word' id='word_1_386' title='bbox 1698 3699 1766 3768; x_wconf 78' lang='grc' dir='ltr'>ἧς</span> <span class='ocrx_word' id='word_1_387' title='bbox 1822 3695 2039 3768; x_wconf 82' lang='grc' dir='ltr'>διέξεισι</span> 
     </span>
    </p>
   </div>
   <div class='ocr_carea' id='block_1_56' title="bbox 376 3784 2042 3864">
    <p class='ocr_par' dir='ltr' id='par_1_56' title="bbox 376 3784 2042 3864">
     <span class='ocr_line' id='line_1_56' title="bbox 376 3784 2042 3864; baseline 0.002 -24"><span class='ocrx_word' id='word_1_388' title='bbox 376 3784 518 3861; x_wconf 86' lang='grc' dir='ltr'>πρὸς</span> <span class='ocrx_word' id='word_1_389' title='bbox 552 3785 712 3842; x_wconf 82' lang='grc' dir='ltr'>αὐτὸν</span> <span class='ocrx_word' id='word_1_390' title='bbox 744 3789 818 3850; x_wconf 81' lang='grc' dir='ltr'>ὡς</span> <span class='ocrx_word' id='word_1_391' title='bbox 883 3789 986 3844; x_wconf 83' lang='grc' dir='ltr'>ὑπὸ</span> <span class='ocrx_word' id='word_1_392' title='bbox 1038 3793 1134 3844; x_wconf 93' lang='grc' dir='ltr'>τοῦ</span> <span class='ocrx_word' id='word_1_393' title='bbox 1178 3795 1286 3845; x_wconf 83' lang='grc' dir='ltr'>τῶν</span> <span class='ocrx_word' id='word_1_394' title='bbox 1345 3791 1518 3864; x_wconf 83' lang='grc' dir='ltr'>ἁγίων</span> <span class='ocrx_word' id='word_1_395' title='bbox 1563 3791 1860 3862; x_wconf 86' lang='grc' dir='ltr'>θεαθείσης,</span> <span class='ocrx_word' id='word_1_396' title='bbox 1906 3813 2042 3864; x_wconf 87' lang='grc' dir='ltr'>μνη-</span> 
     </span>
    </p>
   </div>
   <div class='ocr_carea' id='block_1_57' title="bbox 378 3875 1537 3952">
    <p class='ocr_par' dir='ltr' id='par_1_57' title="bbox 378 3875 1537 3952">
     <span class='ocr_line' id='line_1_57' title="bbox 378 3875 1537 3952; baseline 0.006 -24"><span class='ocrx_word' id='word_1_397' title='bbox 378 3876 677 3948; x_wconf 81' lang='grc' dir='ltr'>σθήσομαι.</span> <span class='ocrx_word' id='word_1_398' title='bbox 711 3875 849 3952; x_wconf 77' lang='grc' dir='ltr'>Εἶχε</span> <span class='ocrx_word' id='word_1_399' title='bbox 879 3875 939 3932; x_wconf 69' lang='grc' dir='ltr'>δὲ</span> <span class='ocrx_word' id='word_1_400' title='bbox 977 3878 1116 3934; x_wconf 85' lang='grc' dir='ltr'>κατὰ</span> <span class='ocrx_word' id='word_1_401' title='bbox 1144 3877 1285 3949; x_wconf 86' lang='grc' dir='ltr'>λέξιν</span> <span class='ocrx_word' id='word_1_402' title='bbox 1321 3878 1493 3942; x_wconf 74' lang='grc' dir='ltr'>οὕτως</span> <span class='ocrx_word' id='word_1_403' title='bbox 1523 3899 1537 3913; x_wconf 76' lang='grc'><strong>⁸</strong></span> 
     </span>
    </p>
   </div>
   <div class='ocr_carea' id='block_1_58' title="bbox 452 4072 2041 4157">
    <p class='ocr_par' dir='ltr' id='par_1_58' title="bbox 452 4072 2041 4157">
     <span class='ocr_line' id='line_1_58' title="bbox 452 4072 2041 4157; baseline 0.004 -29"><span class='ocrx_word' id='word_1_404' title='bbox 452 4072 752 4147; x_wconf 85' lang='grc' dir='ltr'>Γινόμενόν</span> <span class='ocrx_word' id='word_1_405' title='bbox 814 4076 881 4148; x_wconf 91' lang='grc' dir='ltr'>μέ</span> <span class='ocrx_word' id='word_1_406' title='bbox 939 4097 1070 4131; x_wconf 87' lang='grc' dir='ltr'>ποτε</span> <span class='ocrx_word' id='word_1_407' title='bbox 1143 4078 1279 4133; x_wconf 88' lang='grc' dir='ltr'>κατά</span> <span class='ocrx_word' id='word_1_408' title='bbox 1341 4081 1443 4149; x_wconf 75' lang='grc' dir='ltr'>τὴν</span> <span class='ocrx_word' id='word_1_409' title='bbox 1514 4081 1752 4154; x_wconf 80' lang='grc' dir='ltr'>Κρήτην,</span> <span class='ocrx_word' id='word_1_410' title='bbox 1813 4081 1842 4135; x_wconf 85' lang='grc' dir='ltr'>ὁ</span> <span class='ocrx_word' id='word_1_411' title='bbox 1893 4081 2041 4157; x_wconf 73' lang='grc' dir='ltr'>ἱερὸς</span> 
     </span>
    </p>
   </div>
   <div class='ocr_carea' id='block_1_59' title="bbox 382 4161 2042 4242">
    <p class='ocr_par' dir='ltr' id='par_1_59' title="bbox 382 4161 2042 4242">
     <span class='ocr_line' id='line_1_59' title="bbox 382 4161 2042 4242; baseline 0.004 -24"><span class='ocrx_word' id='word_1_412' title='bbox 382 4161 752 4240; x_wconf 74' lang='grc' dir='ltr'>ἐξεναγωγητε</span> <span class='ocrx_word' id='word_1_413' title='bbox 811 4165 1055 4240; x_wconf 82' lang='grc' dir='ltr'>Κάρπος,</span> <span class='ocrx_word' id='word_1_414' title='bbox 1114 4165 1276 4242; x_wconf 72' lang='grc' dir='ltr'>ἀνὴρ,</span> <span class='ocrx_word' id='word_1_415' title='bbox 1331 4167 1422 4223; x_wconf 84' lang='grc' dir='ltr'>καὶ</span> <span class='ocrx_word' id='word_1_416' title='bbox 1481 4165 1536 4222; x_wconf 77' lang='grc' dir='ltr'>εἷ’</span> <span class='ocrx_word' id='word_1_417' title='bbox 1572 4190 1654 4230; x_wconf 86' lang='grc' dir='ltr'>τις</span> <span class='ocrx_word' id='word_1_418' title='bbox 1705 4167 1899 4237; x_wconf 83' lang='grc' dir='ltr'>ἄλλος,</span> <span class='ocrx_word' id='word_1_419' title='bbox 1953 4167 2042 4224; x_wconf 74' lang='grc' dir='ltr'>διὰ</span> 
     </span>
    </p>
   </div>
   <div class='ocr_carea' id='block_1_60' title="bbox 376 4249 2043 4332">
    <p class='ocr_par' dir='ltr' id='par_1_60' title="bbox 376 4249 2043 4332">
     <span class='ocr_line' id='line_1_60' title="bbox 376 4249 2043 4332; baseline 0.005 -26"><span class='ocrx_word' id='word_1_420' title='bbox 376 4249 602 4321; x_wconf 71' lang='grc' dir='ltr'>πολλὴν</span> <span class='ocrx_word' id='word_1_421' title='bbox 629 4254 981 4329; x_wconf 87' lang='grc' dir='ltr'>καθαρότητα</span> <span class='ocrx_word' id='word_1_422' title='bbox 1025 4260 1118 4310; x_wconf 88' lang='grc' dir='ltr'>νοῦ</span> <span class='ocrx_word' id='word_1_423' title='bbox 1171 4257 1309 4332; x_wconf 83' lang='grc' dir='ltr'>πρὸς</span> <span class='ocrx_word' id='word_1_424' title='bbox 1363 4257 1615 4321; x_wconf 85' lang='grc' dir='ltr'>θεοπτίαν</span> <span class='ocrx_word' id='word_1_425' title='bbox 1670 4257 2043 4326; x_wconf 78' lang='grc' dir='ltr'>ἐπιτηδειότα-</span> 
     </span>
    </p>
   </div>
   <div class='ocr_carea' id='block_1_61' title="bbox 377 4341 2042 4423">
    <p class='ocr_par' dir='ltr' id='par_1_61' title="bbox 377 4341 2042 4423">
     <span class='ocr_line' id='line_1_61' title="bbox 377 4341 2042 4423; baseline 0.005 -27"><span class='ocrx_word' id='word_1_426' title='bbox 377 4362 473 4404; x_wconf 82' lang='grc' dir='ltr'>τος</span> <span class='ocrx_word' id='word_1_427' title='bbox 509 4360 522 4374; x_wconf 93' lang='grc'><strong>·</strong></span> <span class='ocrx_word' id='word_1_428' title='bbox 555 4342 648 4397; x_wconf 81' lang='grc' dir='ltr'>καὶ</span> <span class='ocrx_word' id='word_1_429' title='bbox 694 4347 822 4420; x_wconf 86' lang='grc' dir='ltr'>γοῦν</span> <span class='ocrx_word' id='word_1_430' title='bbox 884 4341 1010 4400; x_wconf 64' lang='grc' dir='ltr'>οὐδὲ</span> <span class='ocrx_word' id='word_1_431' title='bbox 1056 4351 1178 4407; x_wconf 87' lang='grc' dir='ltr'>ταῖς</span> <span class='ocrx_word' id='word_1_432' title='bbox 1225 4346 1402 4420; x_wconf 86' lang='grc' dir='ltr'>ἁγίαις</span> <span class='ocrx_word' id='word_1_433' title='bbox 1441 4352 1548 4402; x_wconf 81' lang='grc' dir='ltr'>τῶν</span> <span class='ocrx_word' id='word_1_434' title='bbox 1605 4348 1917 4423; x_wconf 90' lang='grc' dir='ltr'>μυστηρίων</span> <span class='ocrx_word' id='word_1_435' title='bbox 1949 4370 2042 4404; x_wconf 90' lang='grc' dir='ltr'>τε-</span> 
     </span>
    </p>
   </div>
   <div class='ocr_carea' id='block_1_62' title="bbox 379 4430 2043 4512">
    <p class='ocr_par' dir='ltr' id='par_1_62' title="bbox 379 4430 2043 4512">
     <span class='ocr_line' id='line_1_62' title="bbox 379 4430 2043 4512; baseline 0.004 -24"><span class='ocrx_word' id='word_1_436' title='bbox 379 4430 565 4494; x_wconf 86' lang='grc' dir='ltr'>λεταῖς</span> <span class='ocrx_word' id='word_1_437' title='bbox 653 4431 938 4510; x_wconf 74' lang='grc' dir='ltr'>ἐνεχείρει,</span> <span class='ocrx_word' id='word_1_438' title='bbox 1029 4436 1105 4508; x_wconf 83' lang='grc' dir='ltr'>μὴ</span> <span class='ocrx_word' id='word_1_439' title='bbox 1170 4435 1431 4512; x_wconf 81' lang='grc' dir='ltr'>πρότερον</span> <span class='ocrx_word' id='word_1_440' title='bbox 1516 4437 1663 4509; x_wconf 80' lang='grc' dir='ltr'>αὖτῷ</span> <span class='ocrx_word' id='word_1_441' title='bbox 1748 4440 1884 4494; x_wconf 85' lang='grc' dir='ltr'>κατᾶ</span> <span class='ocrx_word' id='word_1_442' title='bbox 1944 4438 2043 4502; x_wconf 80' lang='grc' dir='ltr'>τὰς</span> 
     </span>
    </p>
   </div>
   <div class='ocr_carea' id='block_1_63' title="bbox 377 4517 2043 4601">
    <p class='ocr_par' dir='ltr' id='par_1_63' title="bbox 377 4517 2043 4601">
     <span class='ocr_line' id='line_1_63' title="bbox 377 4517 2043 4601; baseline 0.004 -26"><span class='ocrx_word' id='word_1_443' title='bbox 377 4517 734 4596; x_wconf 87' lang='grc' dir='ltr'>προτελείονς</span> <span class='ocrx_word' id='word_1_444' title='bbox 788 4521 978 4598; x_wconf 75' lang='grc' dir='ltr'>εὐχὰς,</span> <span class='ocrx_word' id='word_1_445' title='bbox 1062 4523 1211 4600; x_wconf 81' lang='grc' dir='ltr'>ἱερᾶς</span> <span class='ocrx_word' id='word_1_446' title='bbox 1296 4524 1383 4578; x_wconf 79' lang='grc' dir='ltr'>καὶ</span> <span class='ocrx_word' id='word_1_447' title='bbox 1473 4525 1728 4598; x_wconf 81' lang='grc' dir='ltr'>εὐμενοῦς</span> <span class='ocrx_word' id='word_1_448' title='bbox 1806 4525 2043 4601; x_wconf 83' lang='grc' dir='ltr'>ὁράσεως</span> 
     </span>
    </p>
   </div>
   <div class='ocr_carea' id='block_1_64' title="bbox 382 4610 2043 4690">
    <p class='ocr_par' dir='ltr' id='par_1_64' title="bbox 382 4610 2043 4690">
     <span class='ocr_line' id='line_1_64' title="bbox 382 4610 2043 4690; baseline 0.005 -25"><span class='ocrx_word' id='word_1_449' title='bbox 382 4610 830 4690; x_wconf 84' lang='grc' dir='ltr'>έπιφαινομένης.</span> <span class='ocrx_word' id='word_1_450' title='bbox 878 4611 1100 4690; x_wconf 87' lang='grc' dir='ltr'>Ἔλεγεν</span> <span class='ocrx_word' id='word_1_451' title='bbox 1163 4612 1278 4683; x_wconf 74' lang='grc' dir='ltr'>οὖν,</span> <span class='ocrx_word' id='word_1_452' title='bbox 1338 4614 1444 4686; x_wconf 73' lang='grc' dir='ltr'>ὅτι,</span> <span class='ocrx_word' id='word_1_453' title='bbox 1517 4615 1898 4687; x_wconf 82' lang='grc' dir='ltr'>λελυπηκότος</span> <span class='ocrx_word' id='word_1_454' title='bbox 1948 4618 2043 4673; x_wconf 82' lang='grc' dir='ltr'>αὐ-</span> 
     </span>
    </p>
   </div>
   <div class='ocr_carea' id='block_1_65' title="bbox 2154 2005 3806 2088">
    <p class='ocr_par' dir='ltr' id='par_1_65' title="bbox 2154 2005 3806 2088">
     <span class='ocr_line' id='line_1_65' title="bbox 2154 2005 3806 2088; baseline -0.006 -18"><span class='ocrx_word' id='word_1_455' title='bbox 2154 2031 2290 2088; x_wconf 88' lang='lat' dir='ltr'>gere</span> <span class='ocrx_word' id='word_1_456' title='bbox 2320 2019 2618 2082; x_wconf 90' lang='lat' dir='ltr'>sanctum,</span> <span class='ocrx_word' id='word_1_457' title='bbox 2652 2014 2868 2068; x_wconf 82' lang='lat' dir='ltr'>Sancta</span> <span class='ocrx_word' id='word_1_458' title='bbox 2907 2015 3246 2067; x_wconf 91' lang='lat' dir='ltr'>sanctorum</span> <span class='ocrx_word' id='word_1_459' title='bbox 3278 2007 3511 2081; x_wconf 90' lang='lat' dir='ltr'>publice</span> <span class='ocrx_word' id='word_1_460' title='bbox 3549 2005 3806 2061; x_wconf 86' lang='lat' dir='ltr'>ludibrio</span> 
     </span>
    </p>
   </div>
   <div class='ocr_carea' id='block_1_66' title="bbox 2151 2094 3805 2168">
    <p class='ocr_par' dir='ltr' id='par_1_66' title="bbox 2151 2094 3805 2168">
     <span class='ocr_line' id='line_1_66' title="bbox 2151 2094 3805 2168; baseline -0.007 -10"><span class='ocrx_word' id='word_1_461' title='bbox 2151 2101 2356 2158; x_wconf 90' lang='lat' dir='ltr'>haberi</span> <span class='ocrx_word' id='word_1_462' title='bbox 2396 2101 2555 2168; x_wconf 81' lang='lat' dir='ltr'>facit,</span> <span class='ocrx_word' id='word_1_463' title='bbox 2607 2101 2828 2156; x_wconf 91' lang='lat' dir='ltr'>bonum</span> <span class='ocrx_word' id='word_1_464' title='bbox 2878 2102 3077 2154; x_wconf 91' lang='lat' dir='ltr'>autem</span> <span class='ocrx_word' id='word_1_465' title='bbox 3125 2097 3294 2151; x_wconf 91' lang='lat' dir='ltr'>illum</span> <span class='ocrx_word' id='word_1_466' title='bbox 3331 2094 3694 2150; x_wconf 86' lang='lat' dir='ltr'>sacerdotem</span> <span class='ocrx_word' id='word_1_467' title='bbox 3747 2097 3805 2147; x_wconf 89' lang='lat' dir='ltr'>et</span> 
     </span>
    </p>
   </div>
   <div class='ocr_carea' id='block_1_67' title="bbox 2154 2181 3805 2263">
    <p class='ocr_par' dir='ltr' id='par_1_67' title="bbox 2154 2181 3805 2263">
     <span class='ocr_line' id='line_1_67' title="bbox 2154 2181 3805 2263; baseline -0.007 -15"><span class='ocrx_word' id='word_1_468' title='bbox 2154 2196 2535 2248; x_wconf 86' lang='lat' dir='ltr'>mansuetum</span> <span class='ocrx_word' id='word_1_469' title='bbox 2579 2189 2769 2263; x_wconf 86' lang='lat' dir='ltr'>plagis</span> <span class='ocrx_word' id='word_1_470' title='bbox 2799 2187 3278 2244; x_wconf 87' lang='lat' dir='ltr'>intolerabilibus</span> <span class='ocrx_word' id='word_1_471' title='bbox 3326 2181 3589 2254; x_wconf 87' lang='lat' dir='ltr'>subjicit,</span> <span class='ocrx_word' id='word_1_472' title='bbox 3629 2187 3805 2253; x_wconf 90' lang='lat' dir='ltr'>atque</span> 
     </span>
    </p>
   </div>
   <div class='ocr_carea' id='block_1_68' title="bbox 2152 2276 3807 2353">
    <p class='ocr_par' dir='ltr' id='par_1_68' title="bbox 2152 2276 3807 2353">
     <span class='ocr_line' id='line_1_68' title="bbox 2152 2276 3807 2353; baseline -0.005 -18"><span class='ocrx_word' id='word_1_473' title='bbox 2152 2281 2215 2336; x_wconf 93' lang='lat' dir='ltr'>in</span> <span class='ocrx_word' id='word_1_474' title='bbox 2249 2281 2453 2336; x_wconf 86' lang='lat' dir='ltr'>faciem</span> <span class='ocrx_word' id='word_1_475' title='bbox 2487 2279 2824 2353; x_wconf 88' lang='lat' dir='ltr'>percutiens</span> <span class='ocrx_word' id='word_1_476' title='bbox 2851 2276 3154 2346; x_wconf 81' lang='lat' dir='ltr'>obnititur,</span> <span class='ocrx_word' id='word_1_477' title='bbox 3187 2279 3245 2330; x_wconf 89' lang='lat' dir='ltr'>et</span> <span class='ocrx_word' id='word_1_478' title='bbox 3275 2289 3409 2328; x_wconf 90' lang='lat' dir='ltr'>cum</span> <span class='ocrx_word' id='word_1_479' title='bbox 3445 2287 3662 2344; x_wconf 87' lang='lat' dir='ltr'>magna</span> <span class='ocrx_word' id='word_1_480' title='bbox 3713 2287 3807 2326; x_wconf 89' lang='lat' dir='ltr'>re-</span> 
     </span>
    </p>
   </div>
   <div class='ocr_carea' id='block_1_69' title="bbox 2150 2361 3807 2439">
    <p class='ocr_par' dir='ltr' id='par_1_69' title="bbox 2150 2361 3807 2439">
     <span class='ocr_line' id='line_1_69' title="bbox 2150 2361 3807 2439; baseline -0.007 -12"><span class='ocrx_word' id='word_1_481' title='bbox 2150 2373 2413 2428; x_wconf 88' lang='lat' dir='ltr'>verentia</span> <span class='ocrx_word' id='word_1_482' title='bbox 2457 2373 2854 2439; x_wconf 83' lang='lat' dir='ltr'>accedentem,</span> <span class='ocrx_word' id='word_1_483' title='bbox 2907 2369 3188 2425; x_wconf 86' lang='lat' dir='ltr'>audacter</span> <span class='ocrx_word' id='word_1_484' title='bbox 3230 2365 3492 2422; x_wconf 88' lang='lat' dir='ltr'>calcibus</span> <span class='ocrx_word' id='word_1_485' title='bbox 3554 2361 3807 2434; x_wconf 86' lang='lat' dir='ltr'>repellit,</span> 
     </span>
    </p>
   </div>
   <div class='ocr_carea' id='block_1_70' title="bbox 2152 2452 3809 2534">
    <p class='ocr_par' dir='ltr' id='par_1_70' title="bbox 2152 2452 3809 2534">
     <span class='ocr_line' id='line_1_70' title="bbox 2152 2452 3809 2534; baseline -0.007 -17"><span class='ocrx_word' id='word_1_486' title='bbox 2152 2462 2402 2534; x_wconf 89' lang='lat' dir='ltr'>impium</span> <span class='ocrx_word' id='word_1_487' title='bbox 2426 2478 2493 2517; x_wconf 90' lang='lat' dir='ltr'>ac</span> <span class='ocrx_word' id='word_1_488' title='bbox 2523 2459 2838 2516; x_wconf 83' lang='lat' dir='ltr'>scelestum</span> <span class='ocrx_word' id='word_1_489' title='bbox 2872 2458 3073 2514; x_wconf 91' lang='lat' dir='ltr'>dicens</span> <span class='ocrx_word' id='word_1_490' title='bbox 3125 2473 3259 2512; x_wconf 91' lang='lat' dir='ltr'>eum</span> <span class='ocrx_word' id='word_1_491' title='bbox 3294 2455 3392 2527; x_wconf 90' lang='lat' dir='ltr'>qui</span> <span class='ocrx_word' id='word_1_492' title='bbox 3454 2469 3524 2508; x_wconf 83' lang='lat' dir='ltr'>ex</span> <span class='ocrx_word' id='word_1_493' title='bbox 3573 2452 3809 2508; x_wconf 91' lang='lat' dir='ltr'>miseri-</span> 
     </span>
    </p>
   </div>
   <div class='ocr_carea' id='block_1_71' title="bbox 2153 2541 3816 2622">
    <p class='ocr_par' dir='ltr' id='par_1_71' title="bbox 2153 2541 3816 2622">
     <span class='ocr_line' id='line_1_71' title="bbox 2153 2541 3816 2622; baseline -0.007 -16"><span class='ocrx_word' id='word_1_494' title='bbox 2153 2550 2348 2606; x_wconf 88' lang='lat' dir='ltr'>cordia</span> <span class='ocrx_word' id='word_1_495' title='bbox 2380 2551 2582 2622; x_wconf 90' lang='lat' dir='ltr'>populi</span> <span class='ocrx_word' id='word_1_496' title='bbox 2635 2548 3002 2620; x_wconf 87' lang='lat' dir='ltr'>ignorantias</span> <span class='ocrx_word' id='word_1_497' title='bbox 3051 2545 3352 2618; x_wconf 88' lang='lat' dir='ltr'>despicere</span> <span class='ocrx_word' id='word_1_498' title='bbox 3396 2541 3723 2608; x_wconf 89' lang='lat' dir='ltr'>slatuisset,</span> <span class='ocrx_word' id='word_1_499' title='bbox 3756 2542 3816 2594; x_wconf 87' lang='lat' dir='ltr'>et</span> 
     </span>
    </p>
   </div>
   <div class='ocr_carea' id='block_1_72' title="bbox 2151 2629 3814 2712">
    <p class='ocr_par' dir='ltr' id='par_1_72' title="bbox 2151 2629 3814 2712">
     <span class='ocr_line' id='line_1_72' title="bbox 2151 2629 3814 2712; baseline -0.007 -17"><span class='ocrx_word' id='word_1_500' title='bbox 2151 2640 2428 2712; x_wconf 84' lang='lat' dir='ltr'>Dionysio</span> <span class='ocrx_word' id='word_1_501' title='bbox 2458 2639 2756 2711; x_wconf 85' lang='lat' dir='ltr'>episc0po,</span> <span class='ocrx_word' id='word_1_502' title='bbox 2782 2643 2960 2708; x_wconf 86' lang='lat' dir='ltr'>atque</span> <span class='ocrx_word' id='word_1_503' title='bbox 2993 2639 3296 2708; x_wconf 89' lang='lat' dir='ltr'>pastorum</span> <span class='ocrx_word' id='word_1_504' title='bbox 3328 2630 3602 2704; x_wconf 90' lang='lat' dir='ltr'>principi,</span> <span class='ocrx_word' id='word_1_505' title='bbox 3643 2629 3814 2701; x_wconf 89' lang='lat' dir='ltr'>quasi</span> 
     </span>
    </p>
   </div>
   <div class='ocr_carea' id='block_1_73' title="bbox 2151 2717 3813 2800">
    <p class='ocr_par' dir='ltr' id='par_1_73' title="bbox 2151 2717 3813 2800">
     <span class='ocr_line' id='line_1_73' title="bbox 2151 2717 3813 2800; baseline -0.008 -16"><span class='ocrx_word' id='word_1_506' title='bbox 2151 2745 2432 2800; x_wconf 87' lang='lat' dir='ltr'>magnum</span> <span class='ocrx_word' id='word_1_507' title='bbox 2483 2729 2619 2799; x_wconf 93' lang='lat' dir='ltr'>quid</span> <span class='ocrx_word' id='word_1_508' title='bbox 2687 2728 2758 2783; x_wconf 91' lang='lat' dir='ltr'>ad</span> <span class='ocrx_word' id='word_1_509' title='bbox 2815 2727 3089 2781; x_wconf 87' lang='lat' dir='ltr'>virtutem</span> <span class='ocrx_word' id='word_1_510' title='bbox 3157 2721 3468 2789; x_wconf 79' lang='lat' dir='ltr'>effecisset,</span> <span class='ocrx_word' id='word_1_511' title='bbox 3531 2717 3813 2775; x_wconf 89' lang='lat' dir='ltr'>describit</span> 
     </span>
    </p>
   </div>
   <div class='ocr_carea' id='block_1_74' title="bbox 2151 2807 3809 2891">
    <p class='ocr_par' dir='ltr' id='par_1_74' title="bbox 2151 2807 3809 2891">
     <span class='ocr_line' id='line_1_74' title="bbox 2151 2807 3809 2891; baseline -0.008 -17"><span class='ocrx_word' id='word_1_512' title='bbox 2151 2819 2305 2891; x_wconf 90' lang='lat' dir='ltr'>quod</span> <span class='ocrx_word' id='word_1_513' title='bbox 2331 2818 2642 2887; x_wconf 89' lang='lat' dir='ltr'>acciderat,</span> <span class='ocrx_word' id='word_1_514' title='bbox 2667 2831 2890 2888; x_wconf 88' lang='lat' dir='ltr'>susque</span> <span class='ocrx_word' id='word_1_515' title='bbox 2935 2815 3125 2885; x_wconf 90' lang='lat' dir='ltr'>deque</span> <span class='ocrx_word' id='word_1_516' title='bbox 3165 2812 3403 2883; x_wconf 89' lang='lat' dir='ltr'>jactans</span> <span class='ocrx_word' id='word_1_517' title='bbox 3451 2811 3510 2864; x_wconf 93' lang='lat' dir='ltr'>in</span> <span class='ocrx_word' id='word_1_518' title='bbox 3559 2807 3663 2863; x_wconf 90' lang='lat' dir='ltr'>illa</span> <span class='ocrx_word' id='word_1_519' title='bbox 3704 2824 3809 2862; x_wconf 90' lang='lat' dir='ltr'>au-</span> 
     </span>
    </p>
   </div>
   <div class='ocr_carea' id='block_1_75' title="bbox 2151 2898 3805 2980">
    <p class='ocr_par' dir='ltr' id='par_1_75' title="bbox 2151 2898 3805 2980">
     <span class='ocr_line' id='line_1_75' title="bbox 2151 2898 3805 2980; baseline -0.008 -15"><span class='ocrx_word' id='word_1_520' title='bbox 2151 2909 2278 2966; x_wconf 92' lang='lat' dir='ltr'>daci</span> <span class='ocrx_word' id='word_1_521' title='bbox 2310 2907 2583 2980; x_wconf 89' lang='lat' dir='ltr'>epistola,</span> <span class='ocrx_word' id='word_1_522' title='bbox 2618 2908 2774 2980; x_wconf 93' lang='lat' dir='ltr'>quod</span> <span class='ocrx_word' id='word_1_523' title='bbox 2803 2923 2916 2961; x_wconf 94' lang='lat' dir='ltr'>non</span> <span class='ocrx_word' id='word_1_524' title='bbox 2951 2909 3074 2960; x_wconf 88' lang='lat' dir='ltr'>tam</span> <span class='ocrx_word' id='word_1_525' title='bbox 3115 2902 3376 2974; x_wconf 88' lang='lat' dir='ltr'>scipsum</span> <span class='ocrx_word' id='word_1_526' title='bbox 3405 2916 3582 2971; x_wconf 91' lang='lat' dir='ltr'>quam</span> <span class='ocrx_word' id='word_1_527' title='bbox 3625 2898 3805 2953; x_wconf 89' lang='lat' dir='ltr'>Deum</span> 
     </span>
    </p>
   </div>
   <div class='ocr_carea' id='block_1_76' title="bbox 2151 2985 3802 3065">
    <p class='ocr_par' dir='ltr' id='par_1_76' title="bbox 2151 2985 3802 3065">
     <span class='ocr_line' id='line_1_76' title="bbox 2151 2985 3802 3065; baseline -0.008 -11"><span class='ocrx_word' id='word_1_528' title='bbox 2151 2999 2312 3054; x_wconf 89' lang='lat' dir='ltr'>ultus</span> <span class='ocrx_word' id='word_1_529' title='bbox 2344 3003 2521 3054; x_wconf 64' lang='lat' dir='ltr'>esset.</span> <span class='ocrx_word' id='word_1_530' title='bbox 2557 2998 2703 3063; x_wconf 87' lang='lat' dir='ltr'>Quid</span> <span class='ocrx_word' id='word_1_531' title='bbox 2755 3013 2888 3063; x_wconf 78' lang='lat' dir='ltr'>ergo</span> <span class='ocrx_word' id='word_1_532' title='bbox 2943 2989 3604 3065; x_wconf 41' lang='lat' dir='ltr'>ille?,Num,utvulgus</span> <span class='ocrx_word' id='word_1_533' title='bbox 3632 2985 3802 3054; x_wconf 89' lang='lat' dir='ltr'>solet,</span> 
     </span>
    </p>
   </div>
   <div class='ocr_carea' id='block_1_77' title="bbox 2148 3076 3804 3157">
    <p class='ocr_par' dir='ltr' id='par_1_77' title="bbox 2148 3076 3804 3157">
     <span class='ocr_line' id='line_1_77' title="bbox 2148 3076 3804 3157; baseline -0.008 -14"><span class='ocrx_word' id='word_1_534' title='bbox 2148 3088 2260 3144; x_wconf 79' lang='lat' dir='ltr'>fuit</span> <span class='ocrx_word' id='word_1_535' title='bbox 2289 3087 2486 3143; x_wconf 89' lang='lat' dir='ltr'>animo</span> <span class='ocrx_word' id='word_1_536' title='bbox 2515 3085 2898 3157; x_wconf 89' lang='lat' dir='ltr'>perturbatus</span> <span class='ocrx_word' id='word_1_537' title='bbox 2918 3083 2946 3138; x_wconf 89' lang='lat'><strong>?</strong></span> <span class='ocrx_word' id='word_1_538' title='bbox 2977 3086 3077 3137; x_wconf 90' lang='lat' dir='ltr'>aut</span> <span class='ocrx_word' id='word_1_539' title='bbox 3107 3083 3413 3152; x_wconf 90' lang='lat' dir='ltr'>reputatus</span> <span class='ocrx_word' id='word_1_540' title='bbox 3443 3084 3533 3134; x_wconf 90' lang='lat' dir='ltr'>est</span> <span class='ocrx_word' id='word_1_541' title='bbox 3560 3076 3647 3132; x_wconf 90' lang='lat' dir='ltr'>vel</span> <span class='ocrx_word' id='word_1_542' title='bbox 3698 3091 3804 3147; x_wconf 91' lang='lat' dir='ltr'>pa-</span> 
     </span>
    </p>
   </div>
   <div class='ocr_carea' id='block_1_78' title="bbox 2150 3168 3806 3246">
    <p class='ocr_par' dir='ltr' id='par_1_78' title="bbox 2150 3168 3806 3246">
     <span class='ocr_line' id='line_1_78' title="bbox 2150 3168 3806 3246; baseline -0.008 -14"><span class='ocrx_word' id='word_1_543' title='bbox 2150 3194 2282 3232; x_wconf 87' lang='lat' dir='ltr'>rum</span> <span class='ocrx_word' id='word_1_544' title='bbox 2315 3178 2454 3246; x_wconf 90' lang='lat' dir='ltr'>quid</span> <span class='ocrx_word' id='word_1_545' title='bbox 2488 3175 2729 3232; x_wconf 91' lang='lat' dir='ltr'>omnino</span> <span class='ocrx_word' id='word_1_546' title='bbox 2761 3171 3085 3228; x_wconf 90' lang='lat' dir='ltr'>mutavisse</span> <span class='ocrx_word' id='word_1_547' title='bbox 3134 3173 3206 3226; x_wconf 93' lang='lat' dir='ltr'>de</span> <span class='ocrx_word' id='word_1_548' title='bbox 3252 3187 3320 3226; x_wconf 91' lang='lat' dir='ltr'>ea</span> <span class='ocrx_word' id='word_1_549' title='bbox 3368 3168 3630 3223; x_wconf 87' lang='lat' dir='ltr'>bonitate</span> <span class='ocrx_word' id='word_1_550' title='bbox 3677 3179 3806 3237; x_wconf 74' lang='lat' dir='ltr'>quae</span> 
     </span>
    </p>
   </div>
   <div class='ocr_carea' id='block_1_79' title="bbox 2152 3254 3808 3332">
    <p class='ocr_par' dir='ltr' id='par_1_79' title="bbox 2152 3254 3808 3332">
     <span class='ocr_line' id='line_1_79' title="bbox 2152 3254 3808 3332; baseline -0.008 -10"><span class='ocrx_word' id='word_1_551' title='bbox 2152 3267 2202 3323; x_wconf 92' lang='lat' dir='ltr'>ei</span> <span class='ocrx_word' id='word_1_552' title='bbox 2235 3265 2574 3322; x_wconf 83' lang='lat' dir='ltr'>coaluerat?</span> <span class='ocrx_word' id='word_1_553' title='bbox 2601 3265 2718 3320; x_wconf 87' lang='lat' dir='ltr'>Hoc</span> <span class='ocrx_word' id='word_1_554' title='bbox 2759 3263 3005 3319; x_wconf 90' lang='lat' dir='ltr'>minime</span> <span class='ocrx_word' id='word_1_555' title='bbox 3029 3260 3144 3316; x_wconf 90' lang='lat' dir='ltr'>dici</span> <span class='ocrx_word' id='word_1_556' title='bbox 3169 3264 3396 3332; x_wconf 86' lang='lat' dir='ltr'>potest:</span> <span class='ocrx_word' id='word_1_557' title='bbox 3427 3257 3629 3328; x_wconf 89' lang='lat' dir='ltr'>Neque</span> <span class='ocrx_word' id='word_1_558' title='bbox 3649 3254 3808 3310; x_wconf 91' lang='lat' dir='ltr'>enim</span> 
     </span>
    </p>
   </div>
   <div class='ocr_carea' id='block_1_80' title="bbox 2152 3347 3810 3424">
    <p class='ocr_par' dir='ltr' id='par_1_80' title="bbox 2152 3347 3810 3424">
     <span class='ocr_line' id='line_1_80' title="bbox 2152 3347 3810 3424; baseline -0.008 -11"><span class='ocrx_word' id='word_1_559' title='bbox 2152 3358 2304 3413; x_wconf 85' lang='lat' dir='ltr'>facto</span> <span class='ocrx_word' id='word_1_560' title='bbox 2336 3356 2498 3411; x_wconf 91' lang='lat' dir='ltr'>ultus</span> <span class='ocrx_word' id='word_1_561' title='bbox 2530 3359 2620 3410; x_wconf 91' lang='lat' dir='ltr'>est</span> <span class='ocrx_word' id='word_1_562' title='bbox 2660 3370 2819 3422; x_wconf 91' lang='lat' dir='ltr'>eum,</span> <span class='ocrx_word' id='word_1_563' title='bbox 2854 3352 2954 3424; x_wconf 94' lang='lat' dir='ltr'>qui</span> <span class='ocrx_word' id='word_1_564' title='bbox 2987 3355 3362 3424; x_wconf 88' lang='lat' dir='ltr'>peccaverat;</span> <span class='ocrx_word' id='word_1_565' title='bbox 3415 3347 3516 3404; x_wconf 90' lang='lat' dir='ltr'>sed</span> <span class='ocrx_word' id='word_1_566' title='bbox 3542 3347 3720 3424; x_wconf 62' lang='lat' dir='ltr'>iacto</span> <span class='ocrx_word' id='word_1_567' title='bbox 3751 3349 3810 3400; x_wconf 89' lang='lat' dir='ltr'>et</span> 
     </span>
    </p>
   </div>
   <div class='ocr_carea' id='block_1_81' title="bbox 2149 3422 3812 3511">
    <p class='ocr_par' dir='ltr' id='par_1_81' title="bbox 2149 3422 3812 3511">
     <span class='ocr_line' id='line_1_81' title="bbox 2149 3422 3812 3511; baseline -0.008 -10"><span class='ocrx_word' id='word_1_568' title='bbox 2149 3462 2419 3501; x_wconf 85' lang='lat' dir='ltr'>sermone</span> <span class='ocrx_word' id='word_1_569' title='bbox 2452 3443 2697 3500; x_wconf 87' lang='lat' dir='ltr'>salutari</span> <span class='ocrx_word' id='word_1_570' title='bbox 2732 3422 2970 3511; x_wconf 49' lang='lat' dir='ltr'>erud—iit,</span> <span class='ocrx_word' id='word_1_571' title='bbox 2990 3422 3134 3511; x_wconf 9' lang='lat' dir='ltr'>aqua;</span> <span class='ocrx_word' id='word_1_572' title='bbox 3158 3438 3335 3494; x_wconf 89' lang='lat' dir='ltr'>simul</span> <span class='ocrx_word' id='word_1_573' title='bbox 3363 3437 3434 3492; x_wconf 91' lang='lat' dir='ltr'>ad</span> <span class='ocrx_word' id='word_1_574' title='bbox 3457 3422 3734 3490; x_wconf 74' lang='lat' dir='ltr'>virtutem</span> <span class='ocrx_word' id='word_1_575' title='bbox 3753 3437 3812 3487; x_wconf 87' lang='lat' dir='ltr'>et</span> 
     </span>
    </p>
   </div>
   <div class='ocr_carea' id='block_1_82' title="bbox 2149 3521 3805 3596">
    <p class='ocr_par' dir='ltr' id='par_1_82' title="bbox 2149 3521 3805 3596">
     <span class='ocr_line' id='line_1_82' title="bbox 2149 3521 3805 3596; baseline -0.009 -6"><span class='ocrx_word' id='word_1_576' title='bbox 2149 3550 2385 3590; x_wconf 90' lang='lat' dir='ltr'>omnem</span> <span class='ocrx_word' id='word_1_577' title='bbox 2419 3533 2883 3589; x_wconf 87' lang='lat' dir='ltr'>moderationem</span> <span class='ocrx_word' id='word_1_578' title='bbox 2910 3529 3192 3585; x_wconf 87' lang='lat' dir='ltr'>informat</span> <span class='ocrx_word' id='word_1_579' title='bbox 3218 3531 3275 3583; x_wconf 89' lang='lat' dir='ltr'>et</span> <span class='ocrx_word' id='word_1_580' title='bbox 3295 3523 3610 3596; x_wconf 90' lang='lat' dir='ltr'>componit,</span> <span class='ocrx_word' id='word_1_581' title='bbox 3642 3521 3805 3577; x_wconf 88' lang='lat' dir='ltr'>illam</span> 
     </span>
    </p>
   </div>
   <div class='ocr_carea' id='block_1_83' title="bbox 2150 3612 3807 3695">
    <p class='ocr_par' dir='ltr' id='par_1_83' title="bbox 2150 3612 3807 3695">
     <span class='ocr_line' id='line_1_83' title="bbox 2150 3612 3807 3695; baseline -0.01 -13"><span class='ocrx_word' id='word_1_582' title='bbox 2150 3625 2414 3682; x_wconf 88' lang='lat' dir='ltr'>scribens</span> <span class='ocrx_word' id='word_1_583' title='bbox 2443 3622 2776 3695; x_wconf 88' lang='lat' dir='ltr'>epistolam,</span> <span class='ocrx_word' id='word_1_584' title='bbox 2825 3625 2882 3676; x_wconf 89' lang='lat' dir='ltr'>et</span> <span class='ocrx_word' id='word_1_585' title='bbox 2929 3618 3260 3689; x_wconf 82' lang='lat' dir='ltr'>exemplum</span> <span class='ocrx_word' id='word_1_586' title='bbox 3310 3612 3807 3677; x_wconf 88' lang='lat' dir='ltr'>mansuetudinis,</span> 
     </span>
    </p>
   </div>
   <div class='ocr_carea' id='block_1_84' title="bbox 2153 3702 3807 3783">
    <p class='ocr_par' dir='ltr' id='par_1_84' title="bbox 2153 3702 3807 3783">
     <span class='ocr_line' id='line_1_84' title="bbox 2153 3702 3807 3783; baseline -0.009 -12"><span class='ocrx_word' id='word_1_587' title='bbox 2153 3723 2365 3782; x_wconf 84' lang='lat' dir='ltr'>Aaron,</span> <span class='ocrx_word' id='word_1_588' title='bbox 2398 3715 2606 3783; x_wconf 88' lang='lat' dir='ltr'>David,</span> <span class='ocrx_word' id='word_1_589' title='bbox 2638 3719 2696 3770; x_wconf 93' lang='lat' dir='ltr'>et</span> <span class='ocrx_word' id='word_1_590' title='bbox 2729 3713 2878 3769; x_wconf 91' lang='lat' dir='ltr'>alios</span> <span class='ocrx_word' id='word_1_591' title='bbox 2913 3712 3235 3768; x_wconf 89' lang='lat' dir='ltr'>adducens.</span> <span class='ocrx_word' id='word_1_592' title='bbox 3287 3709 3470 3780; x_wconf 87' lang='lat' dir='ltr'>Cujus</span> <span class='ocrx_word' id='word_1_593' title='bbox 3511 3711 3577 3761; x_wconf 89' lang='lat' dir='ltr'>ut</span> <span class='ocrx_word' id='word_1_594' title='bbox 3633 3702 3807 3760; x_wconf 92' lang='lat' dir='ltr'>omit-</span> 
     </span>
    </p>
   </div>
   <div class='ocr_carea' id='block_1_85' title="bbox 2151 3791 3807 3860">
    <p class='ocr_par' dir='ltr' id='par_1_85' title="bbox 2151 3791 3807 3860">
     <span class='ocr_line' id='line_1_85' title="bbox 2151 3791 3807 3860; baseline -0.008 0"><span class='ocrx_word' id='word_1_595' title='bbox 2151 3809 2273 3860; x_wconf 90' lang='lat' dir='ltr'>tam</span> <span class='ocrx_word' id='word_1_596' title='bbox 2303 3804 2480 3860; x_wconf 89' lang='lat' dir='ltr'>aliam</span> <span class='ocrx_word' id='word_1_597' title='bbox 2531 3804 2602 3858; x_wconf 86' lang='lat' dir='ltr'>ad</span> <span class='ocrx_word' id='word_1_598' title='bbox 2661 3803 2882 3859; x_wconf 92' lang='lat' dir='ltr'>bonum</span> <span class='ocrx_word' id='word_1_599' title='bbox 2944 3799 3435 3860; x_wconf 80' lang='lat' dir='ltr'>exhortationem,</span> <span class='ocrx_word' id='word_1_600' title='bbox 3485 3791 3807 3850; x_wconf 87' lang='lat' dir='ltr'>meminero</span> 
     </span>
    </p>
   </div>
   <div class='ocr_carea' id='block_1_86' title="bbox 2151 3884 3805 3963">
    <p class='ocr_par' dir='ltr' id='par_1_86' title="bbox 2151 3884 3805 3963">
     <span class='ocr_line' id='line_1_86' title="bbox 2151 3884 3805 3963; baseline -0.008 -14"><span class='ocrx_word' id='word_1_601' title='bbox 2151 3899 2307 3950; x_wconf 89' lang='lat' dir='ltr'>certe</span> <span class='ocrx_word' id='word_1_602' title='bbox 2353 3893 2621 3963; x_wconf 89' lang='lat' dir='ltr'>visionis,</span> <span class='ocrx_word' id='word_1_603' title='bbox 2684 3907 2862 3963; x_wconf 88' lang='lat' dir='ltr'>quam</span> <span class='ocrx_word' id='word_1_604' title='bbox 2910 3889 2961 3944; x_wconf 80' lang='lat' dir='ltr'>ei</span> <span class='ocrx_word' id='word_1_605' title='bbox 3010 3891 3228 3955; x_wconf 83' lang='lat' dir='ltr'>narrat,</span> <span class='ocrx_word' id='word_1_606' title='bbox 3281 3890 3348 3941; x_wconf 91' lang='lat' dir='ltr'>ut</span> <span class='ocrx_word' id='word_1_607' title='bbox 3416 3900 3544 3956; x_wconf 72' lang='lat' dir='ltr'>qua:</span> <span class='ocrx_word' id='word_1_608' title='bbox 3602 3884 3805 3937; x_wconf 84' lang='lat' dir='ltr'>sancto</span> 
     </span>
    </p>
   </div>
   <div class='ocr_carea' id='block_1_87' title="bbox 2150 3970 3806 4054">
    <p class='ocr_par' dir='ltr' id='par_1_87' title="bbox 2150 3970 3806 4054">
     <span class='ocr_line' id='line_1_87' title="bbox 2150 3970 3806 4054; baseline -0.008 -16"><span class='ocrx_word' id='word_1_609' title='bbox 2150 3983 2336 4054; x_wconf 91' lang='lat' dir='ltr'>Carpo</span> <span class='ocrx_word' id='word_1_610' title='bbox 2369 3978 2732 4053; x_wconf 86' lang='lat' dir='ltr'>apparuerit.</span> <span class='ocrx_word' id='word_1_611' title='bbox 2767 3978 2860 4033; x_wconf 92' lang='lat' dir='ltr'>Sic</span> <span class='ocrx_word' id='word_1_612' title='bbox 2879 3981 3076 4032; x_wconf 88' lang='lat' dir='ltr'>autem</span> <span class='ocrx_word' id='word_1_613' title='bbox 3109 3992 3172 4032; x_wconf 89' lang='lat' dir='ltr'>se</span> <span class='ocrx_word' id='word_1_614' title='bbox 3202 3974 3380 4029; x_wconf 89' lang='lat' dir='ltr'>habet</span> <span class='ocrx_word' id='word_1_615' title='bbox 3409 3971 3480 4027; x_wconf 91' lang='lat' dir='ltr'>ad</span> <span class='ocrx_word' id='word_1_616' title='bbox 3519 3970 3764 4026; x_wconf 88' lang='lat' dir='ltr'>verbum</span> <span class='ocrx_word' id='word_1_617' title='bbox 3792 3982 3806 4024; x_wconf 88' lang='lat'>:</span> 
     </span>
    </p>
   </div>
   <div class='ocr_carea' id='block_1_88' title="bbox 2223 4075 3808 4158">
    <p class='ocr_par' dir='ltr' id='par_1_88' title="bbox 2223 4075 3808 4158">
     <span class='ocr_line' id='line_1_88' title="bbox 2223 4075 3808 4158; baseline -0.009 -15"><span class='ocrx_word' id='word_1_618' title='bbox 2223 4089 2366 4143; x_wconf 90' lang='lat' dir='ltr'>Cum</span> <span class='ocrx_word' id='word_1_619' title='bbox 2399 4085 2722 4158; x_wconf 88' lang='lat' dir='ltr'>aliquando</span> <span class='ocrx_word' id='word_1_620' title='bbox 2751 4083 2809 4138; x_wconf 94' lang='lat' dir='ltr'>in</span> <span class='ocrx_word' id='word_1_621' title='bbox 2845 4082 3075 4138; x_wconf 87' lang='lat' dir='ltr'>Cretam</span> <span class='ocrx_word' id='word_1_622' title='bbox 3108 4080 3428 4147; x_wconf 91' lang='lat' dir='ltr'>venissem,</span> <span class='ocrx_word' id='word_1_623' title='bbox 3451 4093 3545 4132; x_wconf 90' lang='lat' dir='ltr'>me</span> <span class='ocrx_word' id='word_1_624' title='bbox 3583 4075 3808 4145; x_wconf 90' lang='lat' dir='ltr'>Carpus</span> 
     </span>
    </p>
   </div>
   <div class='ocr_carea' id='block_1_89' title="bbox 2151 4168 3806 4248">
    <p class='ocr_par' dir='ltr' id='par_1_89' title="bbox 2151 4168 3806 4248">
     <span class='ocr_line' id='line_1_89' title="bbox 2151 4168 3806 4248; baseline -0.01 -14"><span class='ocrx_word' id='word_1_625' title='bbox 2151 4176 2407 4248; x_wconf 88' lang='lat' dir='ltr'>hospitio</span> <span class='ocrx_word' id='word_1_626' title='bbox 2476 4173 2724 4245; x_wconf 85' lang='lat' dir='ltr'>excepit,</span> <span class='ocrx_word' id='word_1_627' title='bbox 2769 4172 2882 4241; x_wconf 88' lang='lat' dir='ltr'>vir,</span> <span class='ocrx_word' id='word_1_628' title='bbox 2934 4170 2982 4226; x_wconf 92' lang='lat' dir='ltr'>si</span> <span class='ocrx_word' id='word_1_629' title='bbox 3029 4169 3130 4241; x_wconf 91' lang='lat' dir='ltr'>qui</span> <span class='ocrx_word' id='word_1_630' title='bbox 3178 4168 3351 4237; x_wconf 89' lang='lat' dir='ltr'>alius,</span> <span class='ocrx_word' id='word_1_631' title='bbox 3403 4170 3640 4239; x_wconf 84' lang='lat' dir='ltr'>propter</span> <span class='ocrx_word' id='word_1_632' title='bbox 3680 4179 3806 4218; x_wconf 90' lang='lat' dir='ltr'>ma-</span> 
     </span>
    </p>
   </div>
   <div class='ocr_carea' id='block_1_90' title="bbox 2151 4252 3811 4340">
    <p class='ocr_par' dir='ltr' id='par_1_90' title="bbox 2151 4252 3811 4340">
     <span class='ocr_line' id='line_1_90' title="bbox 2151 4252 3811 4340; baseline -0.01 -18"><span class='ocrx_word' id='word_1_633' title='bbox 2151 4283 2326 4340; x_wconf 86' lang='lat' dir='ltr'>gnam</span> <span class='ocrx_word' id='word_1_634' title='bbox 2360 4263 2577 4320; x_wconf 89' lang='lat' dir='ltr'>mentis</span> <span class='ocrx_word' id='word_1_635' title='bbox 2607 4261 2928 4334; x_wconf 90' lang='lat' dir='ltr'>puritatem</span> <span class='ocrx_word' id='word_1_636' title='bbox 2962 4261 3029 4315; x_wconf 87' lang='lat' dir='ltr'>ad</span> <span class='ocrx_word' id='word_1_637' title='bbox 3054 4258 3414 4315; x_wconf 88' lang='lat' dir='ltr'>cernendum</span> <span class='ocrx_word' id='word_1_638' title='bbox 3436 4260 3615 4310; x_wconf 88' lang='lat' dir='ltr'>Deum</span> <span class='ocrx_word' id='word_1_639' title='bbox 3633 4252 3811 4324; x_wconf 84' lang='lat' dir='ltr'>aptis-</span> 
     </span>
    </p>
   </div>
   <div class='ocr_carea' id='block_1_91' title="bbox 2152 4343 3810 4423">
    <p class='ocr_par' dir='ltr' id='par_1_91' title="bbox 2152 4343 3810 4423">
     <span class='ocr_line' id='line_1_91' title="bbox 2152 4343 3810 4423; baseline -0.009 -13"><span class='ocrx_word' id='word_1_640' title='bbox 2152 4355 2365 4410; x_wconf 90' lang='lat' dir='ltr'>simus.</span> <span class='ocrx_word' id='word_1_641' title='bbox 2396 4353 2595 4423; x_wconf 91' lang='lat' dir='ltr'>Neque</span> <span class='ocrx_word' id='word_1_642' title='bbox 2626 4351 2784 4407; x_wconf 89' lang='lat' dir='ltr'>enim</span> <span class='ocrx_word' id='word_1_643' title='bbox 2817 4365 3018 4405; x_wconf 89' lang='lat' dir='ltr'>sacros</span> <span class='ocrx_word' id='word_1_644' title='bbox 3049 4348 3458 4420; x_wconf 85' lang='lat' dir='ltr'>mysteriorum</span> <span class='ocrx_word' id='word_1_645' title='bbox 3506 4343 3655 4398; x_wconf 89' lang='lat' dir='ltr'>ritus</span> <span class='ocrx_word' id='word_1_646' title='bbox 3706 4356 3810 4412; x_wconf 87' lang='lat' dir='ltr'>ag-</span> 
     </span>
    </p>
   </div>
   <div class='ocr_carea' id='block_1_92' title="bbox 2152 4432 3808 4517">
    <p class='ocr_par' dir='ltr' id='par_1_92' title="bbox 2152 4432 3808 4517">
     <span class='ocr_line' id='line_1_92' title="bbox 2152 4432 3808 4517; baseline -0.01 -17"><span class='ocrx_word' id='word_1_647' title='bbox 2152 4444 2551 4517; x_wconf 87' lang='lat' dir='ltr'>grediebatur,</span> <span class='ocrx_word' id='word_1_648' title='bbox 2585 4440 2702 4495; x_wconf 92' lang='lat' dir='ltr'>nisi</span> <span class='ocrx_word' id='word_1_649' title='bbox 2735 4438 2900 4511; x_wconf 90' lang='lat' dir='ltr'>prius</span> <span class='ocrx_word' id='word_1_650' title='bbox 2945 4437 3058 4509; x_wconf 86' lang='lat' dir='ltr'>ipsi</span> <span class='ocrx_word' id='word_1_651' title='bbox 3106 4436 3168 4492; x_wconf 88' lang='lat' dir='ltr'>in</span> <span class='ocrx_word' id='word_1_652' title='bbox 3216 4435 3290 4491; x_wconf 89' lang='lat' dir='ltr'>iis</span> <span class='ocrx_word' id='word_1_653' title='bbox 3335 4432 3631 4506; x_wconf 91' lang='lat' dir='ltr'>precibus,</span> <span class='ocrx_word' id='word_1_654' title='bbox 3681 4446 3808 4500; x_wconf 63' lang='lat' dir='ltr'>quas</span> 
     </span>
    </p>
   </div>
   <div class='ocr_carea' id='block_1_93' title="bbox 2153 4521 3808 4605">
    <p class='ocr_par' dir='ltr' id='par_1_93' title="bbox 2153 4521 3808 4605">
     <span class='ocr_line' id='line_1_93' title="bbox 2153 4521 3808 4605; baseline -0.01 -17"><span class='ocrx_word' id='word_1_655' title='bbox 2153 4539 2325 4590; x_wconf 85' lang='lat' dir='ltr'>antea</span> <span class='ocrx_word' id='word_1_656' title='bbox 2353 4530 2552 4605; x_wconf 83' lang='lat' dir='ltr'>perﬁci</span> <span class='ocrx_word' id='word_1_657' title='bbox 2577 4529 2790 4595; x_wconf 88' lang='lat' dir='ltr'>solent,</span> <span class='ocrx_word' id='word_1_658' title='bbox 2823 4544 2992 4582; x_wconf 89' lang='lat' dir='ltr'>sacra</span> <span class='ocrx_word' id='word_1_659' title='bbox 3021 4530 3080 4582; x_wconf 90' lang='lat' dir='ltr'>et</span> <span class='ocrx_word' id='word_1_660' title='bbox 3127 4524 3262 4580; x_wconf 64' lang='lat' dir='ltr'>laeta</span> <span class='ocrx_word' id='word_1_661' title='bbox 3310 4521 3684 4595; x_wconf 89' lang='lat' dir='ltr'>apparuisset</span> <span class='ocrx_word' id='word_1_662' title='bbox 3724 4521 3808 4572; x_wconf 90' lang='lat' dir='ltr'>vi-</span> 
     </span>
    </p>
   </div>
   <div class='ocr_carea' id='block_1_94' title="bbox 2155 4607 3812 4692">
    <p class='ocr_par' dir='ltr' id='par_1_94' title="bbox 2155 4607 3812 4692">
     <span class='ocr_line' id='line_1_94' title="bbox 2155 4607 3812 4692; baseline -0.009 -15"><span class='ocrx_word' id='word_1_663' title='bbox 2155 4621 2263 4678; x_wconf 89' lang='lat' dir='ltr'>sio.</span> <span class='ocrx_word' id='word_1_664' title='bbox 2298 4623 2352 4677; x_wconf 92' lang='lat' dir='ltr'>Is</span> <span class='ocrx_word' id='word_1_665' title='bbox 2393 4619 2634 4692; x_wconf 89' lang='lat' dir='ltr'>quidem</span> <span class='ocrx_word' id='word_1_666' title='bbox 2701 4616 3000 4682; x_wconf 87' lang='lat' dir='ltr'>narrabat,</span> <span class='ocrx_word' id='word_1_667' title='bbox 3049 4630 3183 4669; x_wconf 90' lang='lat' dir='ltr'>cum</span> <span class='ocrx_word' id='word_1_668' title='bbox 3234 4628 3268 4667; x_wconf 88' lang='lat' dir='ltr'>a</span> <span class='ocrx_word' id='word_1_669' title='bbox 3311 4612 3590 4684; x_wconf 87' lang='lat' dir='ltr'>quodam,</span> <span class='ocrx_word' id='word_1_670' title='bbox 3644 4607 3745 4680; x_wconf 90' lang='lat' dir='ltr'>qui</span> <span class='ocrx_word' id='word_1_671' title='bbox 3776 4623 3812 4662; x_wconf 86' lang='lat' dir='ltr'>a</span> 
     </span>
    </p>
   </div>
   <div class='ocr_carea' id='block_1_95' title="bbox 386 4682 2060 4781">
    <p class='ocr_par' dir='ltr' id='par_1_95' title="bbox 386 4701 2045 4779">
     <span class='ocr_line' id='line_1_95' title="bbox 386 4701 2045 4779; baseline 0.005 -24"><span class='ocrx_word' id='word_1_672' title='bbox 386 4701 482 4756; x_wconf 87' lang='grc' dir='ltr'>τόν</span> <span class='ocrx_word' id='word_1_673' title='bbox 535 4722 671 4757; x_wconf 90' lang='grc' dir='ltr'>ποτε</span> <span class='ocrx_word' id='word_1_674' title='bbox 723 4707 834 4758; x_wconf 84' lang='grc' dir='ltr'>τῶν</span> <span class='ocrx_word' id='word_1_675' title='bbox 896 4703 1136 4760; x_wconf 85' lang='grc' dir='ltr'>ἀπίστων</span> <span class='ocrx_word' id='word_1_676' title='bbox 1182 4706 1350 4775; x_wconf 86' lang='grc' dir='ltr'>τινὸς,</span> <span class='ocrx_word' id='word_1_677' title='bbox 1509 4705 1656 4778; x_wconf 76' lang='grc' dir='ltr'>λύπη</span> <span class='ocrx_word' id='word_1_678' title='bbox 1719 4705 1775 4762; x_wconf 79' lang='grc' dir='ltr'>δὲ</span> <span class='ocrx_word' id='word_1_679' title='bbox 1825 4711 1910 4777; x_wconf 81' lang='grc' dir='ltr'>ἦν,</span> <span class='ocrx_word' id='word_1_680' title='bbox 1962 4710 2045 4764; x_wconf 82' lang='grc' dir='ltr'>ὅτι</span> 
     </span>
    </p>
   </div>
   <div class='ocr_carea' id='block_1_96' title="bbox 2157 4682 3812 4781">
    <p class='ocr_par' dir='ltr' id='par_1_96' title="bbox 2157 4682 3812 4781">
     <span class='ocr_line' id='line_1_96' title="bbox 2157 4682 3812 4781; baseline -0.009 -16"><span class='ocrx_word' id='word_1_681' title='bbox 2157 4711 2268 4765; x_wconf 82' lang='lat' dir='ltr'>ﬁde</span> <span class='ocrx_word' id='word_1_682' title='bbox 2301 4682 2702 4781; x_wconf 75' lang='lat' dir='ltr'>religioneque</span> <span class='ocrx_word' id='word_1_683' title='bbox 2734 4710 2938 4761; x_wconf 88' lang='lat' dir='ltr'>nostra</span> <span class='ocrx_word' id='word_1_684' title='bbox 2976 4682 3343 4770; x_wconf 70' lang='lat' dir='ltr'>abhorreret,</span> <span class='ocrx_word' id='word_1_685' title='bbox 3375 4701 3522 4754; x_wconf 85' lang='lat' dir='ltr'>forte</span> <span class='ocrx_word' id='word_1_686' title='bbox 3551 4696 3812 4753; x_wconf 79' lang='lat' dir='ltr'>otl‘ensus</span> 
     </span>
    </p>
   </div>
   <div class='ocr_carea' id='block_1_97' title="bbox 386 4785 2047 4868">
    <p class='ocr_par' dir='ltr' id='par_1_97' title="bbox 386 4785 2047 4868">
     <span class='ocr_line' id='line_1_97' title="bbox 386 4785 2047 4868; baseline 0.005 -27"><span class='ocrx_word' id='word_1_687' title='bbox 386 4790 492 4852; x_wconf 76' lang='grc' dir='ltr'>τῆς</span> <span class='ocrx_word' id='word_1_688' title='bbox 551 4785 888 4859; x_wconf 85' lang='grc' dir='ltr'>Ἐκκλησίας</span> <span class='ocrx_word' id='word_1_689' title='bbox 963 4789 1172 4855; x_wconf 79' lang='grc' dir='ltr'>ἐκεῖνος</span> <span class='ocrx_word' id='word_1_690' title='bbox 1224 4791 1346 4846; x_wconf 80' lang='grc' dir='ltr'>τινὰ</span> <span class='ocrx_word' id='word_1_691' title='bbox 1398 4792 1538 4868; x_wconf 76' lang='grc' dir='ltr'>πρὸς</span> <span class='ocrx_word' id='word_1_692' title='bbox 1592 4793 1654 4847; x_wconf 85' lang='grc' dir='ltr'>τὸ</span> <span class='ocrx_word' id='word_1_693' title='bbox 1707 4794 1862 4858; x_wconf 76' lang='grc' dir='ltr'>ἄθεον</span> <span class='ocrx_word' id='word_1_694' title='bbox 1913 4797 2047 4849; x_wconf 82' lang='grc' dir='ltr'>ἀπε-</span> 
     </span>
    </p>
   </div>
   <div class='ocr_carea' id='block_1_98' title="bbox 385 4873 2042 4958">
    <p class='ocr_par' dir='ltr' id='par_1_98' title="bbox 385 4873 2042 4958">
     <span class='ocr_line' id='line_1_98' title="bbox 385 4873 2042 4958; baseline 0.005 -29"><span class='ocrx_word' id='word_1_695' title='bbox 385 4873 710 4952; x_wconf 76' lang='grc' dir='ltr'>πλάνησενο)</span> <span class='ocrx_word' id='word_1_696' title='bbox 771 4877 852 4933; x_wconf 77' lang='grc' dir='ltr'>ἔτι</span> <span class='ocrx_word' id='word_1_697' title='bbox 899 4883 1009 4935; x_wconf 81' lang='grc' dir='ltr'>τῶν</span> <span class='ocrx_word' id='word_1_698' title='bbox 1061 4879 1312 4956; x_wconf 86' lang='grc' dir='ltr'>Ἰλαρίων</span> <span class='ocrx_word' id='word_1_699' title='bbox 1373 4882 1597 4958; x_wconf 82' lang='grc' dir='ltr'>ἡμερῶν</span> <span class='ocrx_word' id='word_1_700' title='bbox 1655 4883 1806 4954; x_wconf 81' lang='grc' dir='ltr'>αὐτῷ</span> <span class='ocrx_word' id='word_1_701' title='bbox 1851 4883 2042 4940; x_wconf 85' lang='grc' dir='ltr'>τελου-</span> 
     </span>
    </p>
   </div>
   <div class='ocr_carea' id='block_1_99' title="bbox 389 4964 2046 5047">
    <p class='ocr_par' dir='ltr' id='par_1_99' title="bbox 389 4964 2046 5047">
     <span class='ocr_line' id='line_1_99' title="bbox 389 4964 2046 5047; baseline 0.005 -27"><span class='ocrx_word' id='word_1_702' title='bbox 389 4965 590 5040; x_wconf 87' lang='grc' dir='ltr'>μένων,</span> <span class='ocrx_word' id='word_1_703' title='bbox 679 4964 799 5023; x_wconf 81' lang='grc' dir='ltr'>δέον</span> <span class='ocrx_word' id='word_1_704' title='bbox 867 4970 1188 5047; x_wconf 78' lang='grc' dir='ltr'>ἀμφοτέρων</span> <span class='ocrx_word' id='word_1_705' title='bbox 1264 4971 1653 5046; x_wconf 83' lang='grc' dir='ltr'>ἀγαθοπρεπῶς</span> <span class='ocrx_word' id='word_1_706' title='bbox 1755 4971 2046 5047; x_wconf 75' lang='grc' dir='ltr'>ὑπερεύξαο</span> 
     </span>
    </p>
   </div>
   <div class='ocr_carea' id='block_1_100' title="bbox 385 5056 2041 5138">
    <p class='ocr_par' dir='ltr' id='par_1_100' title="bbox 385 5056 2041 5138">
     <span class='ocr_line' id='line_1_100' title="bbox 385 5056 2041 5138; baseline 0.005 -29"><span class='ocrx_word' id='word_1_707' title='bbox 385 5056 529 5123; x_wconf 86' lang='grc' dir='ltr'>σθαι,</span> <span class='ocrx_word' id='word_1_708' title='bbox 590 5056 679 5110; x_wconf 85' lang='grc' dir='ltr'>καὶ</span> <span class='ocrx_word' id='word_1_709' title='bbox 740 5059 870 5114; x_wconf 79' lang='grc' dir='ltr'>Θεὸν</span> <span class='ocrx_word' id='word_1_710' title='bbox 932 5066 1155 5134; x_wconf 83' lang='grc' dir='ltr'>σωτῆρα</span> <span class='ocrx_word' id='word_1_711' title='bbox 1209 5057 1573 5138; x_wconf 70' lang='grc' dir='ltr'>συλλήπτορα</span> <span class='ocrx_word' id='word_1_712' title='bbox 1625 5056 1882 5129; x_wconf 75' lang='grc' dir='ltr'>λαϐόντα,</span> <span class='ocrx_word' id='word_1_713' title='bbox 1951 5062 2041 5117; x_wconf 86' lang='grc' dir='ltr'>τὸν</span> 
     </span>
    </p>
   </div>
   <div class='ocr_carea' id='block_1_101' title="bbox 388 5141 2041 5225">
    <p class='ocr_par' dir='ltr' id='par_1_101' title="bbox 388 5141 2041 5225">
     <span class='ocr_line' id='line_1_101' title="bbox 388 5141 2041 5225; baseline 0.007 -30"><span class='ocrx_word' id='word_1_714' title='bbox 388 5143 484 5214; x_wconf 79' lang='grc' dir='ltr'>μὲν</span> <span class='ocrx_word' id='word_1_715' title='bbox 535 5141 878 5220; x_wconf 80' lang='grc' dir='ltr'>ἐπιστρέψαι,</span> <span class='ocrx_word' id='word_1_716' title='bbox 937 5148 1030 5203; x_wconf 85' lang='grc' dir='ltr'>τὸν</span> <span class='ocrx_word' id='word_1_717' title='bbox 1094 5146 1151 5202; x_wconf 74' lang='grc' dir='ltr'>δὲ</span> <span class='ocrx_word' id='word_1_718' title='bbox 1207 5148 1505 5223; x_wconf 82' lang='grc' dir='ltr'>ἀγαθότητι</span> <span class='ocrx_word' id='word_1_719' title='bbox 1547 5156 1786 5220; x_wconf 82' lang='grc' dir='ltr'>νικῆσαι,</span> <span class='ocrx_word' id='word_1_720' title='bbox 1830 5151 1921 5205; x_wconf 81' lang='grc' dir='ltr'>καὶ</span> <span class='ocrx_word' id='word_1_721' title='bbox 1966 5158 2041 5225; x_wconf 81' lang='grc' dir='ltr'>μὴ</span> 
     </span>
    </p>
   </div>
   <div class='ocr_carea' id='block_1_102' title="bbox 385 5226 2046 5316">
    <p class='ocr_par' dir='ltr' id='par_1_102' title="bbox 385 5226 2046 5316">
     <span class='ocr_line' id='line_1_102' title="bbox 385 5226 2046 5316; baseline 0.006 -32"><span class='ocrx_word' id='word_1_722' title='bbox 385 5226 661 5287; x_wconf 84' lang='grc' dir='ltr'>διαλιπεῖν</span> <span class='ocrx_word' id='word_1_723' title='bbox 705 5240 1060 5299; x_wconf 80' lang='grc' dir='ltr'>νουθετοῦντα</span> <span class='ocrx_word' id='word_1_724' title='bbox 1116 5233 1206 5290; x_wconf 75' lang='grc' dir='ltr'>διὰ</span> <span class='ocrx_word' id='word_1_725' title='bbox 1265 5235 1390 5312; x_wconf 84' lang='grc' dir='ltr'>βίου</span> <span class='ocrx_word' id='word_1_726' title='bbox 1433 5239 1657 5309; x_wconf 87' lang='grc' dir='ltr'>παντὸς,</span> <span class='ocrx_word' id='word_1_727' title='bbox 1701 5240 1865 5316; x_wconf 78' lang='grc' dir='ltr'>ἄχρις</span> <span class='ocrx_word' id='word_1_728' title='bbox 1891 5238 1952 5295; x_wconf 80' lang='grc' dir='ltr'>οῦ</span> <span class='ocrx_word' id='word_1_729' title='bbox 1981 5239 2046 5296; x_wconf 86' lang='grc' dir='ltr'>τὸ</span> 
     </span>
    </p>
   </div>
   <div class='ocr_carea' id='block_1_103' title="bbox 383 5321 2044 5408">
    <p class='ocr_par' dir='ltr' id='par_1_103' title="bbox 383 5321 2044 5408">
     <span class='ocr_line' id='line_1_103' title="bbox 383 5321 2044 5408; baseline 0.008 -34"><span class='ocrx_word' id='word_1_730' title='bbox 383 5321 647 5396; x_wconf 81' lang='grc' dir='ltr'>σήμερον,</span> <span class='ocrx_word' id='word_1_731' title='bbox 702 5327 792 5381; x_wconf 82' lang='grc' dir='ltr'>καὶ</span> <span class='ocrx_word' id='word_1_732' title='bbox 838 5326 1014 5390; x_wconf 73' lang='grc' dir='ltr'>οὕτως</span> <span class='ocrx_word' id='word_1_733' title='bbox 1073 5327 1161 5383; x_wconf 85' lang='grc' dir='ltr'>ἐπὶ</span> <span class='ocrx_word' id='word_1_734' title='bbox 1213 5329 1312 5398; x_wconf 80' lang='grc' dir='ltr'>τήν</span> <span class='ocrx_word' id='word_1_735' title='bbox 1367 5329 1513 5385; x_wconf 85' lang='grc' dir='ltr'>θείαν</span> <span class='ocrx_word' id='word_1_736' title='bbox 1572 5324 1771 5396; x_wconf 75' lang='grc' dir='ltr'>αὖτοὺς</span> <span class='ocrx_word' id='word_1_737' title='bbox 1821 5333 2044 5408; x_wconf 84' lang='grc' dir='ltr'>ἀγαγεῖν</span> 
     </span>
    </p>
   </div>
   <div class='ocr_carea' id='block_1_104' title="bbox 381 5413 2047 5496">
    <p class='ocr_par' dir='ltr' id='par_1_104' title="bbox 381 5413 2047 5496">
     <span class='ocr_line' id='line_1_104' title="bbox 381 5413 2047 5496; baseline 0.008 -33"><span class='ocrx_word' id='word_1_738' title='bbox 381 5413 608 5486; x_wconf 82' lang='grc' dir='ltr'>γνῶσὶν,</span> <span class='ocrx_word' id='word_1_739' title='bbox 643 5413 717 5477; x_wconf 82' lang='grc' dir='ltr'>ὡς</span> <span class='ocrx_word' id='word_1_740' title='bbox 748 5413 809 5469; x_wconf 80' lang='grc' dir='ltr'>ἂν</span> <span class='ocrx_word' id='word_1_741' title='bbox 860 5414 968 5486; x_wconf 75' lang='grc' dir='ltr'>ἤδη</span> <span class='ocrx_word' id='word_1_742' title='bbox 1011 5419 1096 5472; x_wconf 81' lang='grc' dir='ltr'>καὶ</span> <span class='ocrx_word' id='word_1_743' title='bbox 1158 5418 1266 5472; x_wconf 80' lang='grc' dir='ltr'>τῶν</span> <span class='ocrx_word' id='word_1_744' title='bbox 1314 5413 1816 5496; x_wconf 75' lang='grc' dir='ltr'>ἀμφισϐητησίμων</span> <span class='ocrx_word' id='word_1_745' title='bbox 1859 5422 2047 5483; x_wconf 84' lang='grc' dir='ltr'>αὐτοῖς</span> 
     </span>
    </p>
   </div>
   <div class='ocr_carea' id='block_1_105' title="bbox 389 5502 2046 5582">
    <p class='ocr_par' dir='ltr' id='par_1_105' title="bbox 389 5502 2046 5582">
     <span class='ocr_line' id='line_1_105' title="bbox 389 5502 2046 5582; baseline 0.008 -31"><span class='ocrx_word' id='word_1_746' title='bbox 389 5502 760 5578; x_wconf 81' lang='grc' dir='ltr'>κρινομένων,</span> <span class='ocrx_word' id='word_1_747' title='bbox 790 5506 882 5560; x_wconf 87' lang='grc' dir='ltr'>καὶ</span> <span class='ocrx_word' id='word_1_748' title='bbox 937 5511 1046 5560; x_wconf 83' lang='grc' dir='ltr'>τῶν</span> <span class='ocrx_word' id='word_1_749' title='bbox 1090 5505 1312 5580; x_wconf 85' lang='grc' dir='ltr'>ἀλόγως</span> <span class='ocrx_word' id='word_1_750' title='bbox 1358 5509 1774 5582; x_wconf 80' lang='grc' dir='ltr'>θρασυνομένων</span> <span class='ocrx_word' id='word_1_751' title='bbox 1834 5509 2046 5582; x_wconf 83' lang='grc' dir='ltr'>ἐννόμῳ</span> 
     </span>
    </p>
   </div>
   <div class='ocr_carea' id='block_1_106' title="bbox 394 5584 2046 5672">
    <p class='ocr_par' dir='ltr' id='par_1_106' title="bbox 394 5584 2046 5672">
     <span class='ocr_line' id='line_1_106' title="bbox 394 5584 2046 5672; baseline 0.007 -30"><span class='ocrx_word' id='word_1_752' title='bbox 394 5584 517 5662; x_wconf 80' lang='grc' dir='ltr'>δίκῃ</span> <span class='ocrx_word' id='word_1_753' title='bbox 576 5600 875 5672; x_wconf 80' lang='grc' dir='ltr'>σωφρονεῖν</span> <span class='ocrx_word' id='word_1_754' title='bbox 937 5596 1386 5671; x_wconf 79' lang='grc' dir='ltr'>ἀναγκαζομένων</span> <span class='ocrx_word' id='word_1_755' title='bbox 1418 5613 1431 5627; x_wconf 91' lang='grc'><strong>·</strong></span> <span class='ocrx_word' id='word_1_756' title='bbox 1484 5595 1605 5652; x_wconf 89' lang='grc' dir='ltr'>ἀλλ’</span> <span class='ocrx_word' id='word_1_757' title='bbox 1654 5597 1707 5652; x_wconf 86' lang='grc' dir='ltr'>ἐν</span> <span class='ocrx_word' id='word_1_758' title='bbox 1757 5599 1932 5672; x_wconf 74' lang='grc' dir='ltr'>ἑαυτῷ</span> <span class='ocrx_word' id='word_1_759' title='bbox 1969 5598 2046 5672; x_wconf 79' lang='grc' dir='ltr'>μὴ</span> 
     </span>
    </p>
   </div>
   <div class='ocr_carea' id='block_1_107' title="bbox 395 5677 2044 5758">
    <p class='ocr_par' dir='ltr' id='par_1_107' title="bbox 395 5677 2044 5758">
     <span class='ocr_line' id='line_1_107' title="bbox 395 5677 2044 5758; baseline 0.007 -28"><span class='ocrx_word' id='word_1_760' title='bbox 395 5677 659 5754; x_wconf 86' lang='grc' dir='ltr'>πρότερον</span> <span class='ocrx_word' id='word_1_761' title='bbox 702 5687 864 5739; x_wconf 85' lang='grc' dir='ltr'>τοῦτο</span> <span class='ocrx_word' id='word_1_762' title='bbox 914 5685 1127 5756; x_wconf 84' lang='grc' dir='ltr'>παθὼν,</span> <span class='ocrx_word' id='word_1_763' title='bbox 1176 5683 1278 5740; x_wconf 74' lang='grc' dir='ltr'>οὐκ</span> <span class='ocrx_word' id='word_1_764' title='bbox 1331 5681 1432 5740; x_wconf 76' lang='grc' dir='ltr'>οἶδ’</span> <span class='ocrx_word' id='word_1_765' title='bbox 1474 5687 1623 5748; x_wconf 86' lang='grc' dir='ltr'>ὅπως</span> <span class='ocrx_word' id='word_1_766' title='bbox 1672 5687 1795 5743; x_wconf 89' lang='grc' dir='ltr'>τότε</span> <span class='ocrx_word' id='word_1_767' title='bbox 1824 5685 2044 5758; x_wconf 87' lang='grc' dir='ltr'>πολλήν</span> 
     </span>
    </p>
   </div>
   <div class='ocr_carea' id='block_1_108' title="bbox 391 5766 2051 5851">
    <p class='ocr_par' dir='ltr' id='par_1_108' title="bbox 391 5766 2051 5851">
     <span class='ocr_line' id='line_1_108' title="bbox 391 5766 2051 5851; baseline 0.005 -29"><span class='ocrx_word' id='word_1_768' title='bbox 391 5783 514 5822; x_wconf 77' lang='grc' dir='ltr'>τινα</span> <span class='ocrx_word' id='word_1_769' title='bbox 560 5766 661 5840; x_wconf 79' lang='grc' dir='ltr'>τήν</span> <span class='ocrx_word' id='word_1_770' title='bbox 708 5767 1027 5848; x_wconf 76' lang='grc' dir='ltr'>δυσμένειαν</span> <span class='ocrx_word' id='word_1_771' title='bbox 1069 5771 1170 5830; x_wconf 44' lang='grc' dir='ltr'>’καὶ</span> <span class='ocrx_word' id='word_1_772' title='bbox 1226 5772 1327 5844; x_wconf 78' lang='grc' dir='ltr'>τὴν</span> <span class='ocrx_word' id='word_1_773' title='bbox 1366 5773 1587 5850; x_wconf 81' lang='grc' dir='ltr'>πικρίαν</span> <span class='ocrx_word' id='word_1_774' title='bbox 1639 5776 1862 5851; x_wconf 67' lang='grc' dir='ltr'>δντήξας</span> <span class='ocrx_word' id='word_1_775' title='bbox 1903 5775 2051 5832; x_wconf 73' lang='grc' dir='ltr'>ἐκοι-</span> 
     </span>
    </p>
   </div>
   <div class='ocr_carea' id='block_1_109' title="bbox 2153 4785 3806 4866">
    <p class='ocr_par' dir='ltr' id='par_1_109' title="bbox 2153 4785 3806 4866">
     <span class='ocr_line' id='line_1_109' title="bbox 2153 4785 3806 4866; baseline -0.011 -10"><span class='ocrx_word' id='word_1_776' title='bbox 2153 4805 2312 4856; x_wconf 90' lang='lat' dir='ltr'>esset</span> <span class='ocrx_word' id='word_1_777' title='bbox 2341 4796 2624 4866; x_wconf 67' lang='lat' dir='ltr'>(tristitiae</span> <span class='ocrx_word' id='word_1_778' title='bbox 2657 4800 2852 4850; x_wconf 90' lang='lat' dir='ltr'>autem</span> <span class='ocrx_word' id='word_1_779' title='bbox 2886 4809 3064 4848; x_wconf 91' lang='lat' dir='ltr'>causa</span> <span class='ocrx_word' id='word_1_780' title='bbox 3093 4795 3240 4857; x_wconf 87' lang='lat' dir='ltr'>erat,</span> <span class='ocrx_word' id='word_1_781' title='bbox 3274 4789 3429 4861; x_wconf 88' lang='lat' dir='ltr'>quod</span> <span class='ocrx_word' id='word_1_782' title='bbox 3462 4787 3561 4842; x_wconf 93' lang='lat' dir='ltr'>ille</span> <span class='ocrx_word' id='word_1_783' title='bbox 3590 4786 3662 4842; x_wconf 93' lang='lat' dir='ltr'>ab</span> <span class='ocrx_word' id='word_1_784' title='bbox 3705 4785 3806 4839; x_wconf 88' lang='lat' dir='ltr'>Ec-</span> 
     </span>
    </p>
   </div>
   <div class='ocr_carea' id='block_1_110' title="bbox 2157 4876 3809 4958">
    <p class='ocr_par' dir='ltr' id='par_1_110' title="bbox 2157 4876 3809 4958">
     <span class='ocr_line' id='line_1_110' title="bbox 2157 4876 3809 4958; baseline -0.01 -15"><span class='ocrx_word' id='word_1_785' title='bbox 2157 4888 2334 4943; x_wconf 83' lang='lat' dir='ltr'>clesia</span> <span class='ocrx_word' id='word_1_786' title='bbox 2366 4887 2684 4958; x_wconf 88' lang='lat' dir='ltr'>quemdam</span> <span class='ocrx_word' id='word_1_787' title='bbox 2725 4884 2796 4940; x_wconf 87' lang='lat' dir='ltr'>ad</span> <span class='ocrx_word' id='word_1_788' title='bbox 2848 4881 3098 4953; x_wconf 90' lang='lat' dir='ltr'>impium</span> <span class='ocrx_word' id='word_1_789' title='bbox 3151 4879 3373 4934; x_wconf 91' lang='lat' dir='ltr'>cultum</span> <span class='ocrx_word' id='word_1_790' title='bbox 3421 4876 3809 4941; x_wconf 80' lang='lat' dir='ltr'>traduxerat),</span> 
     </span>
    </p>
   </div>
   <div class='ocr_carea' id='block_1_111' title="bbox 2155 4963 3808 5044">
    <p class='ocr_par' dir='ltr' id='par_1_111' title="bbox 2155 4963 3808 5044">
     <span class='ocr_line' id='line_1_111' title="bbox 2155 4963 3808 5044; baseline -0.009 -12"><span class='ocrx_word' id='word_1_791' title='bbox 2155 4983 2282 5032; x_wconf 90' lang='lat' dir='ltr'>tum</span> <span class='ocrx_word' id='word_1_792' title='bbox 2316 4992 2452 5031; x_wconf 91' lang='lat' dir='ltr'>cum</span> <span class='ocrx_word' id='word_1_793' title='bbox 2483 4974 2686 5041; x_wconf 88' lang='lat' dir='ltr'>etiam,</span> <span class='ocrx_word' id='word_1_794' title='bbox 2712 4973 2787 5029; x_wconf 90' lang='lat' dir='ltr'>ab</span> <span class='ocrx_word' id='word_1_795' title='bbox 2836 4973 2963 5044; x_wconf 91' lang='lat' dir='ltr'>ipso</span> <span class='ocrx_word' id='word_1_796' title='bbox 3017 4968 3371 5042; x_wconf 86' lang='lat' dir='ltr'>(Christiano</span> <span class='ocrx_word' id='word_1_797' title='bbox 3425 4969 3665 5038; x_wconf 89' lang='lat' dir='ltr'>propter</span> <span class='ocrx_word' id='word_1_798' title='bbox 3705 4963 3808 5018; x_wconf 89' lang='lat' dir='ltr'>ba-</span> 
     </span>
    </p>
   </div>
   <div class='ocr_carea' id='block_1_112' title="bbox 2154 5055 3813 5141">
    <p class='ocr_par' dir='ltr' id='par_1_112' title="bbox 2154 5055 3813 5141">
     <span class='ocr_line' id='line_1_112' title="bbox 2154 5055 3813 5141; baseline -0.01 -18"><span class='ocrx_word' id='word_1_799' title='bbox 2154 5065 2464 5141; x_wconf 89' lang='lat' dir='ltr'>ptismum)</span> <span class='ocrx_word' id='word_1_800' title='bbox 2518 5064 2732 5120; x_wconf 89' lang='lat' dir='ltr'>hilaria</span> <span class='ocrx_word' id='word_1_801' title='bbox 2777 5065 3107 5134; x_wconf 79' lang='lat' dir='ltr'>agerentur,</span> <span class='ocrx_word' id='word_1_802' title='bbox 3154 5075 3288 5115; x_wconf 89' lang='lat' dir='ltr'>cum</span> <span class='ocrx_word' id='word_1_803' title='bbox 3345 5055 3659 5129; x_wconf 88' lang='lat' dir='ltr'>benignam</span> <span class='ocrx_word' id='word_1_804' title='bbox 3708 5067 3813 5124; x_wconf 91' lang='lat' dir='ltr'>pro</span> 
     </span>
    </p>
   </div>
   <div class='ocr_carea' id='block_1_113' title="bbox 2155 5147 3818 5228">
    <p class='ocr_par' dir='ltr' id='par_1_113' title="bbox 2155 5147 3818 5228">
     <span class='ocr_line' id='line_1_113' title="bbox 2155 5147 3818 5228; baseline -0.009 -16"><span class='ocrx_word' id='word_1_805' title='bbox 2155 5165 2405 5228; x_wconf 88' lang='lat' dir='ltr'>utroque</span> <span class='ocrx_word' id='word_1_806' title='bbox 2465 5156 2533 5210; x_wconf 91' lang='lat' dir='ltr'>ad</span> <span class='ocrx_word' id='word_1_807' title='bbox 2589 5155 2772 5209; x_wconf 89' lang='lat' dir='ltr'>Deum</span> <span class='ocrx_word' id='word_1_808' title='bbox 2825 5150 3228 5224; x_wconf 88' lang='lat' dir='ltr'>precationem</span> <span class='ocrx_word' id='word_1_809' title='bbox 3288 5147 3531 5202; x_wconf 82' lang='lat' dir='ltr'>fundere</span> <span class='ocrx_word' id='word_1_810' title='bbox 3577 5155 3818 5199; x_wconf 89' lang='lat' dir='ltr'>necesse</span> 
     </span>
    </p>
   </div>
   <div class='ocr_carea' id='block_1_114' title="bbox 2155 5230 3821 5315">
    <p class='ocr_par' dir='ltr' id='par_1_114' title="bbox 2155 5230 3821 5315">
     <span class='ocr_line' id='line_1_114' title="bbox 2155 5230 3821 5315; baseline -0.01 -14"><span class='ocrx_word' id='word_1_811' title='bbox 2155 5251 2332 5313; x_wconf 88' lang='lat' dir='ltr'>esset,</span> <span class='ocrx_word' id='word_1_812' title='bbox 2368 5245 2605 5315; x_wconf 90' lang='lat' dir='ltr'>Deoque</span> <span class='ocrx_word' id='word_1_813' title='bbox 2637 5246 2933 5298; x_wconf 90' lang='lat' dir='ltr'>servatore</span> <span class='ocrx_word' id='word_1_814' title='bbox 2965 5240 3254 5310; x_wconf 87' lang='lat' dir='ltr'>adjutore,</span> <span class='ocrx_word' id='word_1_815' title='bbox 3301 5237 3600 5306; x_wconf 87' lang='lat' dir='ltr'>adjuncto,</span> <span class='ocrx_word' id='word_1_816' title='bbox 3649 5230 3821 5286; x_wconf 89' lang='lat' dir='ltr'>illum</span> 
     </span>
    </p>
   </div>
   <div class='ocr_carea' id='block_1_115' title="bbox 2155 5320 3820 5406">
    <p class='ocr_par' dir='ltr' id='par_1_115' title="bbox 2155 5320 3820 5406">
     <span class='ocr_line' id='line_1_115' title="bbox 2155 5320 3820 5406; baseline -0.009 -17"><span class='ocrx_word' id='word_1_817' title='bbox 2155 5335 2394 5406; x_wconf 91' lang='lat' dir='ltr'>quidem</span> <span class='ocrx_word' id='word_1_818' title='bbox 2423 5337 2783 5399; x_wconf 89' lang='lat' dir='ltr'>convertere,</span> <span class='ocrx_word' id='word_1_819' title='bbox 2815 5330 2974 5385; x_wconf 88' lang='lat' dir='ltr'>hunc</span> <span class='ocrx_word' id='word_1_820' title='bbox 3031 5331 3226 5383; x_wconf 87' lang='lat' dir='ltr'>autem</span> <span class='ocrx_word' id='word_1_821' title='bbox 3272 5325 3502 5380; x_wconf 89' lang='lat' dir='ltr'>vincere</span> <span class='ocrx_word' id='word_1_822' title='bbox 3550 5320 3820 5394; x_wconf 86' lang='lat' dir='ltr'>benigni-</span> 
     </span>
    </p>
   </div>
   <div class='ocr_carea' id='block_1_116' title="bbox 2152 5413 3820 5492">
    <p class='ocr_par' dir='ltr' id='par_1_116' title="bbox 2152 5413 3820 5492">
     <span class='ocr_line' id='line_1_116' title="bbox 2152 5413 3820 5492; baseline -0.008 -15"><span class='ocrx_word' id='word_1_823' title='bbox 2152 5428 2293 5492; x_wconf 91' lang='lat' dir='ltr'>tate,</span> <span class='ocrx_word' id='word_1_824' title='bbox 2327 5438 2434 5476; x_wconf 88' lang='lat' dir='ltr'>nec</span> <span class='ocrx_word' id='word_1_825' title='bbox 2457 5421 2741 5476; x_wconf 79' lang='lat' dir='ltr'>desistere</span> <span class='ocrx_word' id='word_1_826' title='bbox 2773 5419 3098 5473; x_wconf 90' lang='lat' dir='ltr'>admonere</span> <span class='ocrx_word' id='word_1_827' title='bbox 3128 5431 3231 5486; x_wconf 92' lang='lat' dir='ltr'>per</span> <span class='ocrx_word' id='word_1_828' title='bbox 3274 5430 3448 5469; x_wconf 91' lang='lat' dir='ltr'>omne</span> <span class='ocrx_word' id='word_1_829' title='bbox 3495 5413 3623 5468; x_wconf 66' lang='lat' dir='ltr'>vitae</span> <span class='ocrx_word' id='word_1_830' title='bbox 3671 5416 3820 5466; x_wconf 88' lang='lat' dir='ltr'>tem-</span> 
     </span>
    </p>
   </div>
   <div class='ocr_carea' id='block_1_117' title="bbox 2155 5503 3816 5582">
    <p class='ocr_par' dir='ltr' id='par_1_117' title="bbox 2155 5503 3816 5582">
     <span class='ocr_line' id='line_1_117' title="bbox 2155 5503 3816 5582; baseline -0.007 -18"><span class='ocrx_word' id='word_1_831' title='bbox 2155 5528 2267 5582; x_wconf 88' lang='lat' dir='ltr'>pus</span> <span class='ocrx_word' id='word_1_832' title='bbox 2300 5527 2488 5581; x_wconf 91' lang='lat' dir='ltr'>usque</span> <span class='ocrx_word' id='word_1_833' title='bbox 2515 5512 2586 5565; x_wconf 91' lang='lat' dir='ltr'>ad</span> <span class='ocrx_word' id='word_1_834' title='bbox 2615 5509 2773 5564; x_wconf 89' lang='lat' dir='ltr'>hunc</span> <span class='ocrx_word' id='word_1_835' title='bbox 2807 5508 3002 5579; x_wconf 89' lang='lat' dir='ltr'>ipsum</span> <span class='ocrx_word' id='word_1_836' title='bbox 3037 5505 3215 5570; x_wconf 91' lang='lat' dir='ltr'>diem,</span> <span class='ocrx_word' id='word_1_837' title='bbox 3247 5510 3422 5575; x_wconf 87' lang='lat' dir='ltr'>atque</span> <span class='ocrx_word' id='word_1_838' title='bbox 3453 5503 3537 5558; x_wconf 89' lang='lat' dir='ltr'>ita</span> <span class='ocrx_word' id='word_1_839' title='bbox 3574 5504 3816 5557; x_wconf 77' lang='lat' dir='ltr'>demum</span> 
     </span>
    </p>
   </div>
   <div class='ocr_carea' id='block_1_118' title="bbox 2157 5591 3811 5665">
    <p class='ocr_par' dir='ltr' id='par_1_118' title="bbox 2157 5591 3811 5665">
     <span class='ocr_line' id='line_1_118' title="bbox 2157 5591 3811 5665; baseline -0.008 -9"><span class='ocrx_word' id='word_1_840' title='bbox 2157 5617 2256 5656; x_wconf 88' lang='lat' dir='ltr'>eos</span> <span class='ocrx_word' id='word_1_841' title='bbox 2285 5599 2355 5654; x_wconf 91' lang='lat' dir='ltr'>ad</span> <span class='ocrx_word' id='word_1_842' title='bbox 2391 5599 2490 5654; x_wconf 90' lang='lat' dir='ltr'>Dei</span> <span class='ocrx_word' id='word_1_843' title='bbox 2523 5598 2794 5654; x_wconf 85' lang='lat' dir='ltr'>notitiam</span> <span class='ocrx_word' id='word_1_844' title='bbox 2827 5597 3140 5660; x_wconf 89' lang='lat' dir='ltr'>deducere,</span> <span class='ocrx_word' id='word_1_845' title='bbox 3173 5593 3327 5649; x_wconf 72' lang='lat'>848</span> <span class='ocrx_word' id='word_1_846' title='bbox 3359 5592 3530 5665; x_wconf 90' lang='lat' dir='ltr'>quasi</span> <span class='ocrx_word' id='word_1_847' title='bbox 3553 5591 3683 5661; x_wconf 88' lang='lat' dir='ltr'>jam</span> <span class='ocrx_word' id='word_1_848' title='bbox 3723 5605 3811 5654; x_wconf 88' lang='lat' dir='ltr'>ea,</span> 
     </span>
    </p>
   </div>
   <div class='ocr_carea' id='block_1_119' title="bbox 2159 5681 3816 5760">
    <p class='ocr_par' dir='ltr' id='par_1_119' title="bbox 2159 5681 3816 5760">
     <span class='ocr_line' id='line_1_119' title="bbox 2159 5681 3816 5760; baseline -0.008 -15"><span class='ocrx_word' id='word_1_849' title='bbox 2159 5689 2230 5745; x_wconf 90' lang='lat' dir='ltr'>de</span> <span class='ocrx_word' id='word_1_850' title='bbox 2254 5688 2468 5760; x_wconf 90' lang='lat' dir='ltr'>quibus</span> <span class='ocrx_word' id='word_1_851' title='bbox 2501 5692 2672 5744; x_wconf 89' lang='lat' dir='ltr'>antea</span> <span class='ocrx_word' id='word_1_852' title='bbox 2715 5685 3073 5751; x_wconf 86' lang='lat' dir='ltr'>dubitarent,</span> <span class='ocrx_word' id='word_1_853' title='bbox 3124 5683 3448 5754; x_wconf 86' lang='lat' dir='ltr'>dijudicata</span> <span class='ocrx_word' id='word_1_854' title='bbox 3493 5683 3713 5748; x_wconf 90' lang='lat' dir='ltr'>essent,</span> <span class='ocrx_word' id='word_1_855' title='bbox 3757 5681 3816 5732; x_wconf 90' lang='lat' dir='ltr'>et</span> 
     </span>
    </p>
   </div>
   <div class='ocr_carea' id='block_1_120' title="bbox 2159 5768 3813 5848">
    <p class='ocr_par' dir='ltr' id='par_1_120' title="bbox 2159 5768 3813 5848">
     <span class='ocr_line' id='line_1_120' title="bbox 2159 5768 3813 5848; baseline -0.006 -16"><span class='ocrx_word' id='word_1_856' title='bbox 2159 5776 2234 5832; x_wconf 92' lang='lat' dir='ltr'>ab</span> <span class='ocrx_word' id='word_1_857' title='bbox 2263 5776 2337 5832; x_wconf 90' lang='lat' dir='ltr'>iis</span> <span class='ocrx_word' id='word_1_858' title='bbox 2369 5793 2493 5848; x_wconf 72' lang='lat' dir='ltr'>quas</span> <span class='ocrx_word' id='word_1_859' title='bbox 2524 5774 2959 5832; x_wconf 88' lang='lat' dir='ltr'>inconsiderate</span> <span class='ocrx_word' id='word_1_860' title='bbox 2992 5770 3122 5828; x_wconf 88' lang='lat' dir='ltr'>ausi</span> <span class='ocrx_word' id='word_1_861' title='bbox 3151 5774 3371 5840; x_wconf 84' lang='lat' dir='ltr'>essent,</span> <span class='ocrx_word' id='word_1_862' title='bbox 3401 5768 3662 5842; x_wconf 85' lang='lat' dir='ltr'>legitime</span> <span class='ocrx_word' id='word_1_863' title='bbox 3694 5782 3813 5838; x_wconf 80' lang='lat' dir='ltr'>poe-</span> 
     </span>
    </p>
   </div>
  </div>
