4106 6412
347 391 456 447 599
1577 399 1636 451 S.
1677 392 1991 449 DIONYBII
2031 392 2535 449 AREOPAGITE.
3670 399 3775 454 600

353 535 464 574 nas
501 519 695 577 dando
727 518 1071 592 resipiscere
1108 524 1490 594 cogerentur;
1528 523 1649 576 tum
1697 523 1898 575 tamen
1944 516 2000 572 id
2035 575 2038 582 λ

2151 515 2272 586 ιήθη
2311 533 2322 545 ·
2356 509 2657 591 κατέδάρθη
2720 515 2838 589 μὶν,
2899 514 3043 571 οὕτω
3092 520 3275 578 κακῶς
3333 514 3490 594 ἔχων
3527 536 3542 551 °
3578 518 3782 595 ἐσπέρα

353 609 508 679 quod
542 625 576 662 n
588 624 847 680 unquam
862 608 973 665 sibi
994 610 1381 679 usuvenisset,
1406 609 1564 665 haud
1579 608 1700 664 scio
1714 606 2005 680 quomodo

2151 603 2214 679 ἀρ
2266 606 2330 673 ἦν
2368 623 2379 635 ·
2442 603 2567 681 περὶ
2633 601 2691 658 δὲ
2740 606 2905 677 μέσας
2988 603 3185 670 νύκτας
3260 605 3465 678 (εἰώθει
3537 610 3645 684 γὰρ
3705 608 3779 672 εἷς

352 713 564 767 magno
597 698 854 768 quodam
885 703 944 754 et
973 700 1180 755 acerbo
1212 698 1395 754 animi
1430 698 1627 754 dolore
1650 697 2003 762 confectum,

2151 690 2272 748 όνδε
2299 693 2391 748 τὸν
2423 694 2610 766 καιρὸν
2663 694 2823 756 αὑτὸς
2875 693 2956 772 ἐφ’
3003 694 3195 750 ἐαυτοῦ
3246 696 3384 770 πρὸς
3436 695 3571 761 τοὺς
3603 699 3780 762 θείους

351 786 529 856 quieti
562 803 624 841 se
650 787 985 856 dedisse,ac
1018 788 1252 859 quidem
1269 788 1576 843 dormiisse
1608 787 1685 842 ita
1700 784 1851 841 male
1868 784 2005 839 affe-

2153 803 2321 855 μνους
2375 784 2730 859 ἐγρηγορέναι
2765 803 2776 814 ·
2822 785 2838 856 )
2887 781 3223 839 διανίσταται
3304 787 3433 857 μὶν,
3486 783 3615 840 οὐδὲ
3675 793 3779 843 τῶν

352 881 511 930 ctum
542 876 691 947 (erat
729 877 886 932 enim
932 878 1240 949 vespera);
1289 877 1482 933 media
1532 880 1727 933 autem
1777 873 2009 930 circiter

2152 893 2299 927 πνων
2348 872 2547 941 αὐτῶν,
2590 871 2819 929 πολλῶν
2862 894 2925 949 γε
2971 869 3163 944 ὄντων,
3224 874 3313 929 καὶ
3365 875 3449 930 ἀεὶ
3516 874 3783 950 ἐγκοπτο·

352 967 522 1020 nocte
550 963 783 1020 (solitus
804 964 960 1020 enim
983 970 1107 1029 erat
1130 965 1236 1021 hoc
1260 970 1525 1037 tempore
1548 982 1650 1037 per
1680 982 1740 1021 se
1763 964 1832 1019 ad
1859 961 2007 1018 divi-

2151 962 2295 1016 ιένων
2335 1007 2348 1029 ,
2436 960 2538 1031 ἔξω
2621 962 2868 1037 ταραχῆς
2949 961 3380 1037 παραπολαύσας
3415 983 3429 996 ·
3487 964 3659 1029 ἑστὼς
3731 964 3787 1022 δὲ

353 1068 462 1107 nos
494 1052 744 1126 hymnos
771 1053 1036 1125 vigilare)
1057 1053 1381 1110 surrexisse
1413 1055 1674 1126 quidem,
1716 1070 1850 1109 cum
1902 1066 2007 1105 nec

2156 1072 2273 1121 μως
2303 1050 2378 1112 εἷς
2429 1052 2525 1119 τήν
2577 1050 2719 1106 θείαν
2774 1049 2999 1124 ὁμιλίαν
3044 1051 3146 1107 οὐκ
3195 1051 3406 1128 εὐαγῶς
3460 1055 3659 1124 ἠνιᾶτο
3700 1055 3786 1110 καὶ

355 1158 632 1199 somnum
664 1144 861 1214 ipsum
894 1146 991 1215 qui
1027 1145 1182 1199 altus
1215 1145 1445 1216 fuisset,
1471 1149 1526 1199 et
1560 1161 1790 1216 semper
1826 1143 2008 1197 inter-

2151 1136 2517 1215 δυσχέραινιν,
2566 1141 2667 1194 οὑκ
2715 1141 2848 1195 εἶναι
2895 1138 3104 1195 δίκαιον
3156 1141 3355 1218 λέγων,
3413 1141 3467 1197 εἷ’
3519 1148 3652 1216 ζῷεν
3704 1141 3789 1200 ἄν·

354 1236 589 1302 ruptus,
635 1233 763 1288 sine
801 1234 1252 1290 conturbatione
1299 1234 1590 1307 cepisset;
1622 1238 1880 1289 stantem
1925 1236 2009 1286 ta-

2151 1235 2247 1303 ῑρες
2275 1229 2423 1292 ἄθεοι
2480 1228 2570 1283 καὶ
2620 1226 3031 1307 διαστρέφοντες
3089 1231 3187 1288 τὰς
3249 1228 3414 1294 ὀδοὺς
3458 1232 3669 1306 Κυρίοο
3696 1234 3789 1296 τὰς

355 1336 488 1376 men
538 1323 609 1377 ad
656 1322 855 1377 divina
902 1323 1216 1396 colloquia,
1269 1324 1589 1395 irreligioso
1637 1324 1896 1380 doluisse
1955 1327 2012 1377 et

2152 1317 2367 1379 ὐθείας·
2431 1318 2520 1372 καὶ
2567 1322 2735 1373 ταῦτα
2787 1316 3005 1393 λέγων,
3065 1315 3238 1375 ἐδεῖτο
3293 1324 3395 1375 τοῦ
3457 1321 3594 1376 Θεοῦ
3647 1343 3787 1397 πρη-

357 1412 563 1468 acerbe
584 1412 817 1478 tulisse,
842 1414 1135 1470 dicentem
1169 1432 1284 1470 non
1309 1432 1437 1471 esse
1459 1432 1692 1487 aequum
1713 1415 1870 1470 viros
1899 1414 2011 1468 im-

2151 1407 2282 1481 τῆρί
2340 1428 2447 1460 νινι
2503 1407 2597 1469 τὰς
2673 1408 2997 1485 ἀμφοτέρων
3056 1408 3275 1482 εἰσάπαξ
3347 1408 3603 1480 ἀνηλεῶς
3654 1412 3785 1467 ἀπο-

357 1501 486 1572 pios
515 1501 726 1570 vivere,
766 1508 823 1559 et
853 1504 954 1576 qui
1015 1503 1141 1559 vias
1191 1504 1422 1559 Domini
1472 1510 1662 1561 rectas
1719 1507 2013 1576 perverte-

2151 1499 2323 1550 παῦσαι
2378 1501 2538 1565 ζωὰς.
2599 1499 2779 1554 Ταῦτα
2850 1495 2908 1552 δὲ
2966 1496 3157 1571 εἰπὼν,
3219 1495 3375 1575 ἔλεγε
3436 1497 3589 1570 δόξαι
3660 1497 3788 1557 ἰδεῖν

357 1596 525 1659 rent;
552 1591 675 1647 haec
706 1590 1024 1660 dicentem,
1056 1595 1353 1664 precatum
1387 1610 1513 1649 esse
1544 1611 1579 1648 a
1608 1593 1745 1663 Deo,
1780 1598 1845 1648 ut
1884 1609 2012 1647 am-

2151 1584 2272 1663 Ξφνω
2301 1585 2393 1639 τὸν
2435 1588 2586 1639 οἷκον
2617 1584 2669 1640 ἐν
2724 1586 2875 1662 ᾧπερ
2906 1586 3161 1659 τεῗστήκει
3213 1584 3611 1659 διαδονηθέντα
3656 1591 3791 1662 πρό-

359 1677 569 1734 borum
602 1680 780 1735 vitam
806 1680 932 1736 sine
960 1680 1608 1751 misericordiaturbine
1622 1682 1820 1753 aliquo
1844 1682 2015 1753 igneo

2159 1694 2302 1750 ερον,
2334 1674 2422 1728 καὶ
2459 1674 2517 1728 ἐκ
2544 1681 2644 1744 τῆς
2685 1676 2896 1752 ὀροφῆς
2939 1674 3014 1738 εἷς
3067 1673 3163 1730 δύο
3218 1676 3383 1749 μέσον
3436 1674 3789 1752 διαιρεθέντα,

361 1768 761 1841 abrumperet.
828 1771 964 1835 Quae
1009 1788 1143 1826 cum
1200 1771 1463 1838 dixisset,
1516 1773 2018 1828 commemorabat

2151 1762 2215 1818 ιαί
2272 1785 2393 1818 τινα
2446 1764 2621 1838 πυρὰν
2678 1764 3009 1843 πολύφωτον
3066 1764 3398 1841 ἐπίπροσθεν
3460 1764 3649 1837 αὑτοῦ,
3702 1770 3786 1825 καὶ

364 1874 426 1914 se
447 1858 642 1913 visum
667 1875 798 1915 esse
828 1860 1026 1916 videre
1057 1865 1294 1932 repente
1320 1861 1561 1916 domum
1594 1860 1653 1915 in
1680 1877 1797 1931 qua
1836 1865 2020 1917 staret

2151 1852 2331 1924 ταύτην
2392 1850 2596 1927 (ἐδόσει
2655 1853 2757 1930 γὰρ
2817 1851 3016 1909 λοιπὸν
3078 1853 3348 1932 ὕπαιθρος
3407 1856 3435 1910 ὁ
3492 1857 3706 1932 τόπος),
3736 1857 3793 1914 ἐκ

371 1946 577 2016 agitari
610 1946 900 2020 primum,
951 1948 1162 2003 deinde
1194 1966 1227 2004 a
1275 1948 1488 2004 vertice
1534 1949 1592 2006 in
1644 1950 1795 2004 duas
1833 1956 2027 2021 partes

382 2038 661 2095 dimidias
691 2040 965 2107 dividi,et
988 2045 1121 2096 ante
1152 2057 1214 2097 se
1235 2057 1441 2113 rogum
1466 2043 1778 2113 quemdam
1811 2044 2038 2116 magni-

378 2128 650 2192 luminis,
682 2146 938 2201 eumque
963 2130 1097 2201 (sub
1127 2130 1224 2186 dio
1256 2130 1415 2187 enim
1457 2130 1620 2187 locus
1642 2130 1743 2186 ille
1782 2148 1911 2187 esse
1953 2131 2036 2185 vi-

381 2219 652 2289 debatur)
684 2234 714 2274 e
736 2219 879 2274 coelo
915 2235 1104 2291 usque
1140 2220 1212 2275 ad
1240 2220 1500 2292 seipsum
1550 2221 1761 2275 deferri
1789 2238 1800 2275 :
1827 2220 2038 2275 coelum

378 2324 514 2363 vero
567 2312 862 2380 apertum,
910 2308 1059 2364 etin
1097 2325 1355 2365 convexa
1403 2308 1529 2364 coeli
1579 2309 1893 2382 superﬁcie
1942 2314 2039 2366 Je-

377 2412 536 2459 sum,
570 2396 989 2452 assistentibus
1048 2398 1586 2455 innumerabilibus
1640 2398 1887 2472 angelis,
1941 2398 2042 2454 bo-

379 2485 608 2540 minum
642 2486 832 2557 ﬁgura
862 2490 920 2542 et
949 2486 1163 2558 specie.
1194 2491 1386 2558 Atque
1411 2487 1533 2543 haec
1574 2489 1811 2560 quidem
1838 2505 1870 2543 a
1897 2486 2041 2543 caelo

377 2572 563 2629 videri
592 2590 831 2630 summa
861 2592 994 2630 cum
1028 2592 1140 2630 sua
1182 2576 1595 2632 admiratione.
1644 2578 1786 2634 Cum
1845 2582 2042 2632 autem

375 2663 504 2734 ipse
535 2663 811 2719 deorsum
844 2665 1047 2721 oculos
1079 2667 1481 2735 convertisset,
1505 2683 1741 2722 cernere
1771 2684 1833 2723 se
1885 2666 2041 2722 dice-

375 2751 476 2805 bat
506 2750 680 2806 etiam
722 2757 937 2807 terram
970 2754 1159 2823 ipsam
1195 2754 1278 2809 ita
1307 2754 1678 2823 discessisse,
1713 2760 1778 2810 ut
1826 2756 2040 2813 obscu-

374 2856 477 2894 rus
510 2840 751 2912 quidam
785 2846 841 2897 et
870 2843 1277 2899 tenebricosus
1309 2843 1509 2899 hiatus
1542 2844 1821 2901 exsistere
1875 2847 2040 2904 vide-

376 2935 539 2985 retur
568 2948 587 2985 :
619 2935 795 3001 atque
854 2931 1126 2987 homines
1167 2932 1406 3003 quidem
1440 2932 1574 2990 illos
1615 2934 1829 3004 quibus
1889 2935 2043 2992 male

377 3025 649 3090 precatus
680 3023 856 3089 esset,
889 3025 1025 3077 ante
1078 3037 1141 3077 se
1174 3023 1244 3077 ad
1308 3038 1373 3077 os
1435 3022 1631 3077 hiatus
1691 3034 1847 3079 stare
1914 3029 2033 3080 tre-

376 3112 606 3163 mentes
638 3113 697 3163 et
730 3108 999 3179 miseros,
1032 3115 1089 3165 et
1122 3110 1220 3182 qui
1256 3111 1373 3167 fere
1402 3127 1518 3184 pres
1538 3112 1755 3183 pedum
1791 3130 2033 3169 suorum

376 3195 758 3253 instabilitate
789 3200 1312 3271 demergerentur:
1370 3200 1441 3256 ab
1500 3200 1775 3257 inferiore
1833 3205 2031 3258 autem

2143 1947 2240 1997 τοῦ
2290 1944 2548 2017 οὐρανίου
2603 1944 2793 2019 χώρου
2849 1944 3046 2019 μέχρις
3100 1943 3264 1999 αὐτοῦ
3295 1947 3743 2024 καταφερομένην
3774 1970 3786 1984 ’

2144 2033 2235 2100 τὸν
2296 2030 2354 2087 δὲ
2407 2031 2634 2106 οὐρανὸν
2692 2033 2851 2088 αὐτὸν
2900 2033 3375 2108 ἀναπεπταμένον,
3428 2034 3521 2091 καί
3575 2035 3663 2091 ἐπὶ
3718 2042 3790 2109 τῷ

2146 2124 2306 2196 νώτῳ
2349 2126 2447 2177 τοῦ
2506 2123 2740 2200 οὐρανοῦ
2786 2123 2879 2177 τὸν
2935 2124 3173 2195 Ἰησοῦν,
3224 2125 3471 2202 ἀπείρων
3522 2125 3800 2203 ἀνθρωπο-

2148 2209 2307 2267 ειδῶν
2344 2212 2491 2284 αὐτῷ
2536 2212 2959 2285 παρεστηκόσων
3003 2212 3275 2289 ἀγγέλων.
3330 2214 3443 2271 Καὶ
3490 2219 3656 2270 ταῦτα
3713 2217 3801 2289 μὲν

2150 2299 2344 2357 ἄνωθεν
2405 2302 2653 2377 ὁρᾶσθαι,
2725 2301 2816 2357 καὶ
2887 2302 3051 2358 αὐτὸν
3131 2302 3431 2377 θαυμάζειν
3471 2324 3484 2337 °
3550 2306 3695 2360 κάτω
3749 2302 3802 2360 δὶ

2148 2391 2321 2464 κύψας
2353 2391 2381 2445 ὁ
2414 2390 2662 2466 Κάρπος,
2723 2388 2855 2446 ἰδεῖν
2906 2388 3008 2470 ἔφη
3060 2391 3150 2447 καὶ
3197 2389 3486 2468 τοῦδαφος
3520 2392 3648 2449 αὐτὸ
3675 2394 3802 2467 πρὸς

2151 2481 2351 2557 ἀχανές
2406 2502 2460 2535 τι
2517 2479 2707 2555 χάσμα
2762 2479 2853 2535 καὶ
2904 2481 3182 2538 σκοτεινὸν
3235 2479 3643 2559 διερῥηγμένον
3683 2483 3802 2538 ’καὶ

2149 2570 2277 2632 τοὺς
2312 2571 2407 2643 μὶν
2464 2566 2661 2645 ἄνδρας
2707 2567 2965 2641 ἐκείνους,
3018 2572 3100 2632 οἷς
3153 2568 3434 2647 ἐπηρᾶτο,
3493 2572 3601 2648 πρὸ
3647 2573 3803 2627 αὐτοῦ

2150 2660 2287 2714 κατά
2327 2660 2390 2714 τὸ
2438 2660 2662 2732 στόμιον
2717 2656 3000 2730 έστηκέναι
3058 2664 3155 2714 τοῦ
3207 2662 3532 2736 χάσματος,
3584 2662 3801 2738 ὑποτρό-

2156 2771 2311 2823 μους,
2373 2747 2666 2817 ἐλεεινοὺς,
2735 2748 2859 2804 ὅσον
2938 2747 3090 2803 οὕπω
3165 2752 3648 2826 καταφερομένους
3708 2750 3801 2806 ὑπὸ

2149 2842 2248 2903 τῆς
2293 2843 2401 2893 τῶν
2449 2837 2663 2893 οἷ’κείων
2716 2836 2898 2893 ποδῶν
2953 2839 3208 2900 ἀστασίας
3239 2858 3253 2871 ·
3314 2841 3571 2905 κάτωθεν
3625 2837 3680 2895 ὀὶ
3703 2840 3797 2895 ἀπὸ

2148 2932 2245 2983 τοῦ
2295 2928 2575 3003 χάσματος
2626 2924 2774 3003 ὄφεις
2822 2926 3089 3004 ἀνέρπειν,
3142 2926 3233 2982 καὶ
3283 2930 3417 3004 περί
3464 2930 3592 2992 τοὺς
3639 2927 3793 2991 πόδας

2150 3016 2324 3072 αὐτῶν
2375 3015 2859 3090 ὐποκινουμὶνους,
2922 3017 3056 3071 ποτὲ
3121 3017 3218 3090 μὲν
3278 3018 3596 3095 ἀποσύρειν,
3655 3018 3793 3073 ἐπαν-

2151 3104 2510 3178 ειλουμένους
2578 3104 2692 3178 ἅμα
2760 3107 2851 3161 καὶ
2920 3101 3334 3181 ἐπιϐαροῦντας,
3421 3110 3511 3163 καὶ
3588 3107 3793 3163 ἐπανέλ-

2151 3217 2345 3258 κοντας
2380 3217 2392 3230 ο
2426 3195 2560 3251 ποτε
2590 3193 2647 3250 δὶ
2692 3201 2809 3260 τοῖς
2855 3193 3095 3269 ὀδοῦσιν,
3142 3194 3179 3266 ἤ
3226 3202 3347 3260 τοῖς
3391 3197 3631 3275 οὖραίοις
3667 3199 3792 3254 ὑπο-

374 3284 501 3341 ]οοο
553 3300 621 3340 ex
668 3286 826 3342 hiatu
880 3303 1103 3360 angues
1150 3305 1390 3344 sursum
1446 3305 1699 3361 serpere,
1742 3294 1917 3362 atque
1958 3292 2030 3346 ad

2151 3284 2432 3363 τύφοντας,
2473 3280 2510 3353 ἤ
2570 3265 3126 3361 ὑπογαργαλίζοντας,
3168 3265 3273 3341 καὶ
3338 3284 3428 3343 διὰ
3459 3265 3675 3352 ’παντὸς
3724 3285 3790 3348 εἰς

374 3390 578 3429 corum
610 3374 811 3446 pedes,
844 3392 977 3430 cum
1012 3377 1233 3431 sensim
1280 3385 1670 3444 moverentur,
1731 3377 2029 3434 interdum

376 3462 615 3534 quidem
638 3464 874 3519 trahere
904 3464 1287 3538 complicatos
1318 3466 1492 3522 simul
1524 3471 1583 3523 et
1613 3468 2032 3539 deprimentes,

379 3555 559 3624 atque
591 3552 1001 3622 detrahentes;
1037 3554 1333 3611 interdum
1365 3556 1643 3613 dentibus
1676 3563 1777 3613 aut
1826 3558 2033 3614 caudis

379 3640 783 3707 incendentes,
838 3641 928 3695 vel
985 3642 1410 3714 demulcentes,
1473 3646 1753 3717 omnique
1811 3648 2037 3703 ratione

383 3732 647 3800 agentes,
680 3731 747 3783 ut
794 3745 893 3783 eos
944 3729 1000 3783 id
1060 3730 1224 3785 illam
1279 3733 1635 3788 immensam
1693 3735 2035 3804 voraginem

382 3818 713 3891 praecipites
758 3819 1010 3890 darent;
1068 3822 1251 3877 fuisse
1300 3823 1479 3877 etiam
1541 3823 1697 3878 viros
1748 3824 2038 3895 quosdam

382 3911 442 3965 in
475 3908 688 3977 medio,
723 3908 822 3980 qui
854 3925 968 3964 una
1023 3925 1157 3965 cum
1231 3912 1604 3983 serpentibus
1656 3910 1717 3964 in
1772 3911 2043 3966 homines

2149 3380 2213 3430 τῦ
2271 3374 2471 3450 ἀχανὲς
2544 3370 2804 3447 ἐμϐαλεῖν
2876 3376 3319 3451 μηχανωμένους
3416 3379 3544 3432 εἶναι
3605 3374 3658 3432 δὲ
3714 3374 3793 3431 καὶ

2154 3462 2349 3540 ἄνδρας
2381 3464 2534 3528 τινὰς
2579 3462 2633 3518 ἐν
2689 3464 2857 3538 μέσῳ,
2907 3471 3024 3529 τοῖς
3072 3461 3225 3544 ὄφεσι
3272 3467 3415 3523 κατά
3460 3472 3567 3523 τῶν
3608 3464 3796 3542 ἀνδρῶν

2146 3554 2658 3626 συνεπιτιθεμένους
2693 3573 2705 3585 ·
2760 3550 3143 3618 διαδονοῦντας
3201 3553 3317 3629 ἅμα
3369 3557 3461 3611 καὶ
3520 3557 3781 3620 ὑπωθοῦν-

2145 3664 2239 3706 τας
2295 3642 2387 3697 καὶ
2434 3644 2853 3707 καταπαίοντας.
2928 3640 3189 3701 Ἐδόκουν
3270 3643 3332 3700 δὲ
3391 3648 3527 3702 εἶναι
3572 3645 3700 3721 πρὸς
3729 3642 3783 3697 τὸ

2147 3737 2330 3785 πεσεῖν
2417 3730 2609 3785 ἐκεῖνοι
2692 3731 2762 3786 τὰ
2849 3732 2944 3805 μὲν
3021 3730 3268 3807 ἄκοντες,
3341 3736 3409 3789 τὰ
3460 3732 3518 3789 δὲ
3572 3734 3788 3801 ἑκόντες,

2152 3820 2255 3873 ὑπὸ
2284 3823 2381 3873 τοῦ
2427 3824 2597 3874 κακοῦ
2639 3821 2756 3874 κατ’
2807 3816 2996 3896 ὀλίγον
3050 3822 3371 3897 βιαζόμενοι
3420 3823 3533 3898 ἅμα
3568 3821 3652 3878 καὶ
3679 3839 3786 3875 πει-

2155 3909 2400 3982 θόμενοι.

382 3998 520 4055 illos
548 3998 913 4065 invaderent,
927 3997 1629 4071 exagitatione,pulsu,et
1658 3999 2072 4072 percussione;
2103 4000 2261 4059 viros
2294 4004 2490 4055 autem
2522 4016 2651 4055 esse
2680 4000 2834 4056 viros
2868 3999 3003 4057 illos
3033 4000 3543 4077 decidere,partim
3573 4000 3784 4058 invitos.

382 4088 597 4161 partim
642 4091 870 4160 sponte,
904 4088 1060 4159 quod
1093 4105 1126 4143 a
1165 4087 1323 4144 malo
1366 4087 1589 4143 sensim
1622 4092 1988 4160 cogerentur.

453 4212 745 4269 Narrabat
785 4229 962 4285 porro
1018 4212 1246 4284 Carpus
1303 4228 1365 4268 se
1421 4211 1784 4285 voluptatem
1844 4229 2049 4284 capere

384 4301 648 4367 solitum,
675 4318 810 4358 cum
860 4300 1143 4357 inferiora
1189 4301 1498 4374 aspiceret,
1561 4302 1867 4374 superiora
1915 4320 2046 4360 vero

386 4389 718 4464 negligere:
752 4391 1007 4462 graviter
1036 4395 1236 4448 autem
1271 4392 1419 4447 ferre
1449 4395 1505 4446 et
1535 4391 1853 4463 indignari,
1889 4392 2044 4463 quod

387 4483 652 4537 nondum
711 4481 865 4536 849
919 4481 1318 4550 decidissent;
1370 4487 1549 4552 atque
1601 4481 1659 4535 in
1715 4481 1865 4536 hanc
1919 4499 2042 4538 rem

390 4587 523 4627 cum
556 4569 1124 4643 saepeincubuisset,
1176 4587 1281 4627 nec
1337 4570 1698 4643 profecisset,
1735 4575 1794 4625 et
1837 4572 2043 4627 acerbe

390 4658 622 4725 tulisse,
650 4664 708 4714 et
736 4660 890 4715 male
928 4664 1229 4732 precatum
1283 4676 1449 4727 esse;
1485 4675 1620 4713 cum
1673 4658 1762 4713 vix
1804 4660 2044 4717 tandem

394 4747 602 4804 cretum
636 4749 983 4821 aspexisset,
1015 4751 1234 4806 vidisse
1283 4749 1523 4820 quidem
1578 4747 1721 4802 illud
1782 4766 2043 4818 rursum,

394 4838 897 4909 quemadmodum
932 4840 1109 4893 etiam
1126 4849 1296 4893 antea
1315 4838 1538 4891 viderat
1562 4854 1576 4904 ;
1599 4836 1798 4892 Jesum
1824 4845 2041 4905 autem,

394 4943 569 4998 quem
601 4927 674 4981 ad
708 4926 1248 4982 misericordiamid
1281 4926 1434 4996 quod
1451 4926 1764 4996 gerebatur
1784 4943 2045 4982 commo-

391 5017 593 5083 visaet,
634 5033 879 5073 manum
936 5016 1257 5087 benignam
1304 5015 1655 5086 porrexisse,
1701 5022 1755 5070 et
1801 5015 2043 5087 angelos

395 5106 495 5177 qui
528 5122 645 5162 una
668 5106 954 5162 auxilium
991 5105 1228 5171 ferrent,
1260 5104 1415 5160 viros
1448 5103 1628 5159 alium
1650 5103 1765 5160 alia
1787 5122 1855 5161 ex
1881 5110 2044 5178 parte

393 5195 734 5261 retinuisse,
765 5193 1101 5265 dixisseque
1119 5193 1305 5265 Carpo
1335 5194 1537 5249 Jesum
1558 5200 1823 5266 porrecta
1853 5197 2045 5251 adhuc

392 5299 612 5339 manu:
642 5304 670 5334 ιι
701 5283 829 5339 Feri
860 5299 953 5338 me
975 5285 1098 5354 jam
1124 5301 1139 5351 ;
1175 5286 1413 5355 paratus
1432 5300 1564 5339 sum
1596 5283 1749 5339 enim
1780 5301 2045 5354 rursum,

400 5371 615 5428 salutis
646 5371 959 5427 hominum
993 5388 1193 5441 causa,
1228 5378 1473 5429 mortem
1506 5370 2045 5444 perpetizmihique

394 5460 506 5518 hoc
536 5465 882 5535 pergratum
915 5465 1025 5532 est,
1052 5461 1193 5517 dum
1217 5461 1314 5519 alii
1347 5464 1616 5518 homines
1636 5479 1751 5517 non
1782 5466 2041 5533 peccent.

397 5550 508 5606 Sed
536 5550 687 5620 vide,
722 5565 861 5604 num
894 5549 999 5605 tibi
1033 5551 1175 5607 utile
1204 5551 1281 5608 sit
1309 5551 1460 5608 hanc
1491 5552 1550 5606 in
1605 5550 1766 5606 hiatu
1806 5553 1863 5605 et
1909 5566 2044 5606 cum

397 5637 776 5712 serpentibus
807 5638 1194 5709 mansionem,
1231 5641 1527 5697 mansioni
1560 5656 1694 5695 cum
1728 5643 1839 5694 Deo
1869 5642 1925 5694 et
1945 5639 2044 5694 be-

397 5726 596 5800 nignis
616 5724 1044 5801 hominumque
1068 5728 1407 5786 amantibus
1424 5727 1648 5801 angelis
1670 5730 2043 5800 anteponere.

2229 4209 2422 4287 Ἔλεγε
2480 4208 2536 4266 δε
2581 4211 2609 4266 ὁ
2666 4210 2882 4287 Κάρπος
2939 4211 3127 4268 ἐαυτὸν
3187 4211 3416 4283 ⁴ἥδεσθαι
3464 4211 3608 4270 κάτω
3667 4207 3779 4287 βλέ-

2154 4318 2370 4356 ποντα⁶
2401 4305 2511 4356 τῶν
2572 4298 2683 4355 ἅνω
2744 4298 2803 4356 δὲ
2861 4299 3126 4375 ἀμελεῖν·
3181 4301 3555 4381 δυσχεραίνειν
3609 4300 3663 4357 δὲ
3704 4297 3779 4353 καὶ

2154 4389 2468 4465 ὀλιγωρεῖν,
2530 4390 2611 4444 ὅτι
2676 4390 2752 4463 μή
2809 4391 3156 4448 πεπτώκασιν
3215 4390 3351 4465 ἤδη,
3403 4394 3491 4450 γαὶ
3546 4396 3620 4463 τῷ
3661 4387 3784 4462 πρά-

2150 4501 2317 4555 γματι
2374 4478 2649 4543 πολλάκις
2707 4479 3023 4554 ἐπιθέμενον
3084 4483 3175 4538 καὶ
3232 4481 3652 4555 ἀδυνατήσαντα,
3705 4473 3782 4531 καὶ

2152 4569 2482 4643 ἁχθεσθῆναι
2562 4568 2653 4623 καὶ
2752 4568 3117 4643 ἐπαράσασθαι
3183 4592 3194 4604 ·
3292 4573 3383 4628 καὶ
3460 4569 3780 4626 ἀνανεύσαντα

2077 4644 2122 4710 D
2156 4655 2342 4731 μόλις,
2380 4654 2510 4713 ἰδεῖν
2547 4658 2640 4731 μὲν
2700 4655 2854 4723 αὖθις
2903 4658 2995 4714 τὸν
3043 4661 3297 4735 οὐρανὸν,
3331 4660 3509 4736 ὥσπερ
3538 4658 3625 4714 καὶ
3659 4651 3779 4729 πρό-

2150 4767 2304 4819 τερον
2332 4746 2560 4823 ἑωράκει
2586 4767 2599 4779 ’
2631 4747 2723 4802 τὸν
2775 4746 2833 4803 δὲ
2882 4749 3117 4820 Ἰησοῦν,
3166 4749 3467 4822 ἐλεήσαντα
3511 4748 3571 4804 τὸ
3607 4742 3776 4821 γιγνό-

2157 4857 2338 4909 μενον,
2396 4835 2745 4907 ἐξαναστῆναι
2817 4841 2916 4893 τοῦ
2988 4839 3379 4916 ὑπερουρανίου
3439 4837 3651 4915 θρόνου,
3698 4828 3773 4885 καὶ

2150 4922 2254 4987 ἕως
2314 4925 2487 4980 αὐτῶν
2544 4921 2875 4995 καταϐάντα,
2940 4926 3031 4982 καὶ
3089 4934 3250 5004 χεῖρα
3304 4929 3506 5004 ἀγαθὴν
3565 4922 3772 5000 ὀρέγειν,

2154 5014 2397 5070 καὶτοὺς
2437 5014 2700 5090 ἀγγέλους
2740 5014 2885 5089 αὖτῷ
2929 5013 3595 5092 συνεπιλαμϐανομένους,
3620 5008 3772 5066 ἄλλον

2154 5103 2386 5160 ἄλλοθεν
2442 5103 2761 5180 ἀντέχεσθαι
2831 5112 2948 5162 τοῖν
3021 5106 3241 5183 ἀνδροῖν
3273 5129 3286 5144 ·
3357 5106 3446 5163 καὶ
3503 5104 3659 5160 εἰπεῖν
3707 5097 3774 5165 τῷ

2152 5194 2364 5268 Κάρπῳ
2411 5194 2503 5249 τὸν
2540 5196 2775 5265 Ἰησοῦν,
2816 5202 2916 5267 τῆς
2964 5198 3152 5272 χειρὸς
3197 5196 3307 5270 ἤδη
3350 5189 3728 5273 προτεταμένης
3757 5198 3769 5213 ⁸

2156 5308 2181 5334 ‹‹
2217 5288 2349 5338 Παῖε
2376 5289 2492 5338 κατ’
2526 5282 2661 5357 ἐμοῦ
2710 5282 2904 5340 λοιπόν
2941 5305 2954 5317 ·
3005 5283 3228 5359 ἕτοιμος
3262 5290 3363 5364 γάρ
3398 5286 3507 5358 εἰμι
3536 5281 3619 5337 καὶ
3656 5274 3769 5364 ὗῖτξρ

2156 5370 2455 5445 ἀνθρώπων
2542 5373 2969 5447 ἀνασωζομένων
3044 5377 3255 5446 παθεῖν,
3333 5374 3419 5432 καὶ
3498 5360 3768 5444 προσφιλές

2157 5480 2251 5533 μοι
2281 5464 2466 5527 τοῦτο,
2502 5462 2578 5534 μὴ
2612 5458 2797 5517 ἄλλων
2841 5463 3261 5538 ἁμαρνανόντων
3291 5464 3597 5539 ἀνθρώπων.
3630 5450 3761 5539 Πλῆγ

2154 5548 2275 5621 ὅρα,
2334 5548 2379 5604 εἷ
2426 5546 2610 5612 καλῶς
2656 5548 2771 5626 ἔχει
2839 5534 2966 5623 σοι,
3012 5554 3111 5623 τήν
3185 5553 3238 5609 ἐν
3289 5534 3638 5627 τῷτχάσματι
3681 5534 3757 5627 καὶ

2157 5636 2291 5712 μετά
2337 5642 2443 5694 τῶν
2514 5622 2724 5717 ὄφεων-ν
2760 5622 2937 5713 μονὴν
3004 5622 3455 5718 ἀνταλλάξασθαι⁷
3497 5640 3591 5704 τῆς
3640 5622 3755 5702 μετὰ

2154 5729 2286 5782 Θεοῦ
2316 5725 2407 5782 καὶ
2452 5727 2560 5783 τῶν
2609 5728 2821 5796 ἀγαθῶν
2870 5725 2960 5785 καὶ
3010 5727 3408 5809 φιλανθρώπων
3454 5719 3693 5801 ἀγγέλων.
3723 5732 3743 5762 ³
