4106 6392
353 415 454 469 601

1299 422 1490 488 VITA,
1533 421 1870 477 AUC'I‘ORE
1905 423 2246 478 SYMEONE
2287 425 2837 478 METAPHRASTE.

3673 421 3781 474 602

353 539 540 595 Ταῦτά
576 536 719 593 ἔστιν
773 538 804 594 ἃ
851 537 956 617 ἐγώ
1013 541 1269 611 ἀκηκοὼς
1326 541 1564 598 πιστεύω
1613 542 1795 613 ἀληθῆ
1854 543 2012 602 εἶναι.

2136 545 2262 601 Haec
2311 550 2451 602 sunt
2507 562 2633 618 qua
2710 561 2816 617 ego
2884 543 3103 612 audita,
3182 559 3320 599 vera
3387 559 3518 600 esse
3586 546 3782 600 credo.

426 627 588 685 Οὕτω
609 629 675 683 τὰ
703 628 876 684 πάντα
904 636 1081 705 πρᾶος
1109 630 1176 700 ἧν
1201 633 1291 686 καὶ
1348 633 1638 704 συμπαθὴς
1671 632 1762 687 καὶ
1816 631 2020 707 ἀόργη-

353 738 472 786 τος,
505 718 620 791 ὅσῳ
647 724 764 781 τοῖς
797 716 978 794 ἔργοις
1010 721 1232 794 ὑψοῦτο,
1265 720 1516 794 τοσούτῳ
1569 726 1648 792 τῷ
1701 725 2016 798 φρονήματι

354 806 781 881 ταπεινούμενος
815 828 826 841 ·
861 810 1036 864 κανὼν
1064 816 1180 872 τοῖς
1211 815 1338 865 πᾶσι
1370 812 1508 886 πρὸς
1537 811 1734 886 ἀρετήν
1761 829 1774 842 ⁶
1811 809 2018 886 λύχνος

358 896 434 958 εἷς
466 894 694 973 ὁδηγίαν
745 904 842 953 τοῦ
896 898 1220 975 κρείττονος.
1251 903 1328 954 Δι’
1360 900 1388 953 ὃ
1425 897 1566 973 μηδέ
1622 901 1724 954 ὑπὸ
1773 904 1863 954 τὸν
1919 901 2017 973 μό-

359 983 473 1040 διον
527 988 556 1041 ὁ
604 992 713 1042 τῶν
768 989 1016 1042 ἁπάντων
1058 987 1229 1051 αἴτιος
1267 989 1432 1061 μόνος
1480 989 1809 1063 κρύπτεσθαι
1866 1011 2020 1045 συνε-

357 1076 616 1150 χώρησεν
651 1097 663 1109 ·
695 1075 822 1132 ἀλλ’
853 1078 934 1155 ἐφ’
967 1075 1184 1149 ὑψηλοῦ
1235 1076 1302 1132 δι’
1335 1078 1528 1154 ἀρετῆς
1575 1081 1758 1149 τίθησι
1796 1099 1806 1111 ⁸
1845 1081 1932 1134 καὶ
1984 1082 2018 1149 ἡ

359 1166 432 1241 φή
446 1187 549 1237 μη,
581 1165 780 1229 εὐθίως
813 1163 1076 1238 λαϐοῦσα,
1111 1165 1201 1222 διὰ
1229 1169 1446 1222 πάντων
1479 1167 1576 1242 ᾖδε
1621 1169 1935 1241 στομάτων,
1969 1168 2021 1223 ἐν

357 1259 492 1308 πᾶσι
523 1256 742 1311 πάντων
771 1261 985 1330 κρατεῖν
1039 1255 1343 1313 Διονύσιον.
1377 1258 1473 1311 Καὶ
1529 1254 1596 1326 δὴ
1645 1258 1784 1332 πρὸς
1830 1263 2023 1313 τοῦτον

356 1345 558 1406 πάντες
589 1344 843 1422 ἰπέρῤεον
879 1366 892 1379 ο
926 1346 987 1400 οὐ
1017 1347 1080 1401 τὸ
1113 1343 1176 1417 δη
1191 1343 1370 1419 μῶδες
1401 1346 1564 1420 μόνον
1598 1347 1690 1402 καὶ
1739 1348 2022 1423 ἀγοραῖον,

357 1433 487 1490 ἀλλ’
520 1436 644 1488 ὅσον
685 1436 906 1490 καὶτῶν
941 1435 1258 1510 ἐλλογίμων
1287 1436 1354 1505 ἦν
1386 1436 1476 1491 καὶ
1523 1435 1798 1511 ἐπιφανῶν
1825 1455 1838 1466 ·
1875 1435 1928 1490 οτί
1965 1458 2025 1504 τε

353 1525 622 1600 πρότερον
652 1525 722 1596 τῇ
755 1524 918 1597 μανίᾳ
941 1523 1404 1598 κατειλημμένοι,
1430 1525 1522 1580 καὶ
1569 1527 1753 1600 θηρῶν
1809 1525 2027 1599 ὠμότε-

357 1634 452 1688 ρον
488 1615 588 1683 τῆν
637 1613 964 1685 Ἐκκλησίαν
1015 1617 1428 1690 σπαράττοντες,
1461 1615 1534 1676 ὡς
1575 1615 1667 1669 τὸν
1718 1612 1888 1689 ἄνδρα
1935 1637 2024 1690 γι-

353 1703 601 1776 νόμενοι,
630 1703 853 1772 καὶτῆς
887 1710 1203 1776 θαυμαστῆς
1243 1702 1453 1774 ἐκείνης
1497 1703 1589 1758 καὶ
1639 1705 1786 1767 θείας
1838 1702 2027 1778 γλώτ-

355 1813 458 1862 της
503 1792 816 1858 ἀκοόοντες,
846 1793 909 1847 τό
950 1814 1010 1847 τε
1045 1797 1152 1846 τῶν
1199 1790 1436 1868 καρδιῶν
1485 1790 1726 1869 σκληρὸν
1781 1791 2027 1866 ἑμειλάτ-

358 1902 546 1950 τοντο,
578 1882 667 1936 καὶ
697 1887 777 1954 τῷ
808 1881 1057 1954 ἀληθινῷ
1105 1883 1194 1937 καὶ
1252 1881 1456 1957 πρώτῳ
1516 1885 1655 1961 φωτὶ
1716 1883 2022 1957 προσῄεσαν

365 1967 458 2025 διὰ
484 1975 582 2025 τοῦ
618 1970 990 2044 βαπτίσματος
1024 1989 1035 2001 ·
1089 1969 1201 2043 ὅσῳ
1260 1969 1428 2026 πλέον
1478 1976 1588 2026 τῶν
1643 1970 1830 2027 ἄλλων
1888 1972 2026 2044 πρὸς

362 2060 554 2115 κακίαν
583 2060 778 2134 πρώην
801 2058 1189 2138 ἐφλέγμαινον,
1221 2060 1466 2134 τοσούτῳ
1519 2061 1705 2129 ζὲοντα
1749 2061 1840 2115 τὸν
1888 2066 2028 2135 Χρι-

366 2150 691 2222 στιανισμὸν
719 2146 1119 2220 ἐνδεικνύμενοι
1156 2169 1169 2182 ·
1205 2149 1294 2204 καὶ
1326 2149 1474 2211 ὅλως
1505 2147 1659 2204 οόδὶν
1707 2149 1880 2212 οὕτως
1928 2151 2028 2204 ἀνὰ

364 2239 544 2312 στόμα
563 2243 682 2301 τοῖς
713 2245 897 2306 πᾶσιν,
933 2240 1016 2292 δτι
1053 2241 1128 2310 μὴ
1164 2237 1448 2301 Διονύσιος
1481 2239 1571 2308 ἦν.
1605 2240 1693 2301 Ὡς
1743 2238 1835 2293 οὖν
1882 2238 2026 2293 οὕτω

358 2332 552 2397 ταῦτα,
585 2327 677 2382 καὶ
728 2331 763 2398 ὴ
797 2330 958 2406 φήμη
1011 2325 1309 2403 διέτρεχεν,
1342 2330 1376 2397 ἡ
1412 2325 1740 2384 διδασκαλία
1768 2349 1827 2382 τε
1864 2326 2028 2383 ἐπλα-

357 2417 576 2484 τύνετο,
629 2417 719 2472 καὶ
781 2421 816 2487 ἡ
885 2416 1064 2478 πίστις
1140 2412 1458 2472 ἐϐεϐαιοῦτο
1531 2417 1880 2492 τρανότερον,
1949 2417 2027 2479 εἰς

359 2508 531 2568 ἀκοὰς
587 2505 710 2575 ἥκει
767 2507 831 2561 τὸ
887 2512 1118 2581 πρᾶγμα
1173 2511 1512 2579 Δομετιανῷ,
1569 2511 1884 2579 Δομετιανῷ
1949 2510 2028 2577 τῷ

359 2597 539 2651 πάντα
584 2593 745 2666 δεινῷ
777 2616 789 2630 ο
825 2600 1170 2668 Δαιμονιανῷ
1219 2592 1277 2649 δὶ
1309 2595 1523 2668 μᾶλλον
1552 2594 1720 2650 εἷ’πεῖν
1773 2590 2029 2650 οἰκειότε-

366 2705 484 2760 ρον,
518 2689 596 2756 τῷ
627 2683 932 2754 λαλήσαντι
965 2684 1102 2739 κατᾶ
1129 2688 1226 2738 τοῦ
1259 2689 1392 2739 Θεοῦ
1441 2681 1677 2753 ἀδικίαν,
1719 2683 1771 2739 ἐν
1819 2686 2025 2756 ὑπερη-

366 2773 533 2852 φανίᾳ
562 2773 652 2828 καὶ
683 2771 1049 2844 ἐξουδενώσει,
1081 2773 1170 2828 καὶ
1224 2778 1384 2848 χεῖρα
1417 2772 1693 2848 θεομάχον
1735 2773 1870 2828 κατὰ
1926 2780 2027 2842 τῆς

367 2867 475 2918 τῶν
529 2867 874 2939 Χριστιανῶν
927 2859 1110 2938 ἅραντι
1153 2863 1408 2924 πίστεως.
1459 2864 1632 2924 Οὗτος
1677 2860 1767 2916 οῦν
1817 2862 1868 2916 τί
1919 2884 2028 2934 μη-

367 2959 627 3028 χανᾶται,
664 2951 878 3025 μᾶλλον
913 2949 971 3006 δὲ
997 2951 1050 3007 τί
1081 2953 1227 3027 παρὰ
1255 2956 1354 3006 τοῦ
1395 2953 1600 3024 πατρὸς
1631 2952 1803 3006 αὐτοῦ
1854 2957 2026 3006 Σατᾶν

369 3038 782 3109 ἐκπαιδεύεται;
816 3040 1031 3096 πάντων
1085 3043 1179 3113 μὲν
1227 3045 1336 3096 τῶν
1392 3041 1510 3096 ὅσοι
1566 3041 1632 3095 τὰ
1690 3045 2026 3116 Χριστιανῶν

369 3133 689 3208 φρονοῦσιν,
753 3127 1048 3204 ὑπεριδεῖν,
1102 3136 1384 3185 Διονύσιον
1437 3127 1495 3184 δὲ
1557 3131 1722 3204 μόνον
1778 3128 2028 3196 ἐλεῖν,εὖ

364 3217 554 3287 εἰδὼς,
584 3220 682 3290 ῶς,
705 3219 750 3273 εἰ
780 3221 982 3273 τούτου
1013 3221 1366 3294 περιγένηται
1403 3219 1598 3292 μόνου,
1630 3219 1844 3274 πάντων
1879 3217 2029 3274 ἔσται

2198 636 2514 708 Dionysius
2546 637 2742 706 itaque
2764 636 2821 690 in
2856 635 3031 690 rebus
3061 634 3342 690 omnibus
3373 641 3496 690 erat
3513 635 3658 691 adeo
3677 636 3784 690 mi-

2127 729 2225 797 tis,
2261 729 2616 794 misericors,
2652 727 2723 782 ab
2757 728 2845 781 ira
2875 726 3124 796 alienus,
3153 731 3215 781 ut
3262 743 3376 797 quo
3427 727 3599 783 altior
3647 744 3785 782 eva-

2129 819 2303 874 debat
2337 818 2524 885 factis,
2558 833 2624 872 eo
2655 833 2718 871 se
2749 815 2937 888 magis
2967 816 3248 871 modestia
3291 815 3641 884 demitteret,
3692 832 3786 871 re-

2128 907 2268 980 gula
2297 908 2486 962 factus
2519 906 2795 961 omnibus
2827 907 2896 959 ad
2948 907 3272 970 veritatem,
3323 911 3381 959 et
3423 904 3661 960 lucerna
3709 906 3781 960 ad

2129 997 2541 1051 deducendum
2577 995 2647 1049 ad
2682 996 2736 1048 id
2770 995 2926 1065 quod
2957 999 3046 1049 est
3078 993 3316 1049 melius.
3351 995 3636 1059 Quocirca
3677 1009 3786 1048 nec

2129 1102 2258 1141 eam
2291 1085 2574 1140 abscondi
2606 1085 2716 1139 sub
2751 1085 2946 1139 modio
2979 1084 3114 1138 sivit
3138 1084 3209 1150 is,
3243 1083 3341 1154 qui
3363 1089 3454 1138 est
3482 1082 3647 1138 solus
3678 1099 3788 1136 au-

2131 1179 2258 1230 ctor
2287 1173 2552 1229 omnium
2584 1189 2598 1252 g
2633 1176 2732 1228 sed
2765 1173 2822 1227 in
2851 1172 2970 1227 alto
3010 1172 3175 1244 ponit
3217 1189 3322 1244 per
3368 1172 3644 1228 virtutem
3675 1188 3689 1226 :
3731 1175 3791 1227 et

2133 1266 2290 1319 fama
2321 1259 3290 1335 protinus'pervadens,canebatur
3311 1260 3370 1316 in
3386 1261 3787 1330 oreomnium,

2135 1354 2192 1407 in
2225 1353 2503 1407 omnibus
2529 1367 2734 1405 omnes
2767 1350 2997 1404 vincere
3040 1349 3409 1420 Dionysium.
3455 1353 3632 1406 Porro
3681 1366 3788 1404 au-

2133 1448 2250 1496 tem
2283 1441 2573 1496 omnesad
2596 1456 2728 1494 eum
2753 1438 3148 1502 conﬂuebant,
3177 1455 3292 1493 non
3317 1437 3506 1493 solum
3539 1436 3791 1509 popula-

2135 1547 2226 1586 res
2257 1536 2313 1585 et
2343 1531 2626 1594 forenses,
2660 1528 2759 1582 sed
2784 1528 2882 1598 qui
2915 1532 3081 1582 erant
3101 1526 3314 1582 eruditi
3336 1527 3703 1598 etinsignes:
3736 1528 3792 1580 et

2135 1619 2236 1692 qui
2271 1619 2432 1689 prius
2464 1617 2814 1673 laborabant
2842 1616 3094 1684 insania,
3119 1621 3177 1672 et
3207 1615 3346 1671 feris
3377 1615 3677 1672 crudelius
3707 1615 3794 1670 la-

2135 1709 2411 1764 cerabant
2432 1706 2771 1774 Ecclesiam,
2806 1707 2877 1760 ad
2911 1705 3078 1760 illum
3125 1706 3314 1760 virum
3365 1705 3687 1772 venientes,
3735 1707 3794 1760 et

2135 1796 2542 1852 admirabilem
2568 1796 2730 1850 illam
2761 1801 2820 1850 et
2849 1796 3106 1850 divinam
3144 1794 3409 1868 linguam
3459 1795 3790 1864 audientes,

2136 1887 2330 1942 cordis
2363 1886 2454 1940 sui
2489 1885 2834 1940 molliebant
2865 1883 3172 1954 duritiam,
3206 1889 3260 1939 et
3278 1885 3348 1939 ad
3372 1900 3568 1939 veram
3593 1889 3649 1939 et
3671 1883 3790 1956 pri-

2137 1992 2292 2031 mam
2331 1977 2518 2030 lucem
2550 1975 2909 2029 accedebant
2939 1990 3041 2045 per
3065 1973 3394 2044 baptisma;
3435 1990 3551 2046 quo
3600 1974 3792 2044 magis

2137 2071 2304 2120 erant
2333 2063 2685 2118 inﬂammati
2717 2063 2785 2117 ad
2818 2062 3052 2128 vitium,
3074 2077 3140 2118 eo
3165 2063 3574 2118 ferventiorem
3594 2067 3792 2117 osten-

2137 2155 2342 2208 dentes
2372 2151 2904 2217 christianismum,
2937 2156 2993 2206 et
3023 2152 3092 2205 ad
3129 2168 3451 2222 summam,
3486 2150 3634 2206 nihil
3667 2155 3791 2206 tam

2137 2247 2260 2298 erat
2283 2241 2343 2296 in
2375 2259 2474 2297 ore
2501 2240 2791 2308 omnium,
2817 2257 2994 2311 quam
3015 2241 3342 2312 Dionysius.
3365 2240 3506 2295 Cum
3519 2255 3656 2312 ergo
3670 2238 3794 2295 haec

2137 2331 2294 2386 fama
2325 2330 2408 2387 sic
2431 2330 2792 2402 pervaderet,
2816 2329 3084 2385 doctrina
3106 2335 3304 2385 autem
3331 2327 3706 2398 dilataretur,
3737 2331 3795 2383 et

2137 2421 2284 2476 ﬁdes
2318 2421 2763 2476 conﬁrmaretur
2792 2419 3146 2487 evidentius,
3196 2436 3292 2475 res
3339 2417 3534 2475 delata
3580 2421 3670 2474 est
3715 2417 3788 2472 ad

2138 2509 2556 2578 Domitianum,
2589 2510 2659 2563 ad
2693 2507 3340 2580 sevissimuminquam
3373 2507 3792 2573 Domitianum,

2135 2599 2224 2654 vel
2260 2603 2324 2654 ut
2355 2599 2544 2670 magis
2565 2597 3019 2669 propriedicam,
3039 2597 3502 2665 Daemonianum,
3527 2597 3628 2668 qui
3651 2612 3794 2651 con-

2137 2693 2228 2742 tra
2259 2688 2446 2742 Deum
2478 2687 2712 2742 locutus
2746 2687 2854 2740 fuit
2886 2686 3260 2757 iniquitatem
3319 2687 3378 2741 in
3425 2685 3700 2757 superbia
3737 2688 3796 2740 et

2137 2777 2596 2848 contemptione,
2630 2781 2685 2832 et
2717 2794 2959 2833 manum
2990 2776 3105 2832 Deo
3137 2776 3438 2832 inimicam
3463 2775 3671 2832 extulit
3692 2776 3795 2830 ad-

2138 2887 2340 2925 versus
2364 2871 2538 2924 ﬁdem
2570 2869 3050 2924 cbristianorum.
3085 2868 3188 2924 Hic
3219 2885 3358 2940 ergo
3388 2867 3527 2938 quid
3572 2865 3796 2922 machi-

2139 2965 2313 3013 natur
2332 2957 2359 3012 ?
2389 2958 2475 3013 vel
2505 2958 2701 3029 potius
2733 2957 2874 3028 quid
2909 2958 3154 3011 docetur
3183 2974 3215 3010 a
3241 2963 3402 3028 patre
3416 2957 3747 3011 suoSatana
3768 2955 3796 3010 ‘l

2138 3046 2356 3102 Omnes
2387 3045 2625 3118 quidem
2649 3046 2774 3116 qui,
2798 3062 2925 3116 quae
2949 3044 3259 3100 christiani
3286 3044 3570 3113 sentiunt,
3598 3043 3795 3115 despi-

2139 3152 2266 3192 cere
2298 3155 2313 3204 ;
2347 3135 2690 3207 Dionysium
2725 3141 2922 3191 autem
2956 3134 3150 3190 solum
3199 3135 3270 3190 de
3313 3135 3504 3190 medio
3557 3132 3792 3200 tollere;

2138 3225 2248 3282 hoc
2278 3226 2493 3293 sciens,
2529 3225 2686 3296 quod
2719 3227 2770 3279 si
2821 3241 2953 3279 eum
3007 3224 3201 3279 solum
3253 3224 3476 3288 vicerit,
3517 3224 3797 3280 omnibus

367 3310 646 3382 κρατήσας
677 3327 691 3340 ·
725 3308 772 3362 εἴ
801 3305 860 3362 δὲ
891 3311 966 3380 μὴ
998 3308 1218 3375 τούτου,
1253 3313 1585 3381 Δομετιανοῦ
1624 3309 1815 3370 πάντες
1873 3308 2023 3385 στερ-

2140 3315 2314 3370 fucrit
2343 3316 2499 3372 850
2529 3314 2838 3384 superior;
2865 3313 2955 3368 sin
2982 3313 3204 3380 minus,
3227 3329 3429 3368 omnes
3457 3313 3582 3368 fore
3602 3311 3796 3367 Domi-

362 3397 601 3475 ῥότεροι.
635 3398 785 3454 Ἐπεὶ
822 3394 879 3452 δὲ
917 3402 1086 3452 ταῦτα
1117 3397 1338 3468 ἐνενόει,
1367 3399 1394 3452 ὁ
1447 3400 1616 3471 θυμὸς
1663 3397 1822 3452 αὐτὸν
1883 3398 2028 3472 ἐγεί-

362 3507 443 3561 ρει
475 3487 614 3541 κατὰ
635 3491 734 3542 τοῦ
764 3488 1060 3560 μάρτυρος,
1092 3487 1182 3541 καὶ
1232 3491 1407 3558 ζητῶν
1456 3494 1557 3557 τῆς
1612 3487 1807 3559 μανίας
1867 3484 2024 3561 ἴαμα,

353 3580 520 3630 τοῦτο
574 3576 739 3649 μόνον
775 3576 1032 3650 εὑρίσκει,
1063 3577 1155 3630 τὸν
1184 3576 1350 3630 αὐτοῦ
1383 3577 1628 3640 θάνατον,
1662 3577 1888 3652 Ἀμέλει
1936 3577 2026 3632 καὶ

356 3665 562 3726 πάντας
608 3664 737 3730 τοὺς
796 3665 897 3720 ὑπὸ
955 3670 1120 3741 χεῖρα
1175 3665 1520 3740 συναγαγὼν,
1550 3665 1680 3729 τοὺς
1729 3667 2023 3737 ἀπηνεστὲ-

359 3774 490 3829 ρους
523 3774 581 3808 τε
609 3755 698 3809 καὶ
734 3753 982 3816 ἐοικότας
1013 3753 1160 3826 αὐτῷ
1191 3755 1293 3823 τήν
1349 3754 1609 3809 ἀπόνοιαν
1665 3751 2022 3830 παραλαϐὼν,

356 3843 498 3898 κατὰ
530 3845 756 3913 ζήτησιν
805 3841 1070 3916 ἐκπέμπει
1119 3847 1218 3898 τοῦ
1267 3844 1561 3919 μάρτυρος,
1595 3844 1706 3913 καὶ,
1737 3869 1763 3895 ‹‹
1813 3844 1882 3902 Ei
1928 3845 2025 3918 μὲν

357 3937 441 4004 τῷ
469 3933 728 4006 ἡμετέρῳ
758 3933 974 4002 τοῦτον,
1006 3933 1162 4004 φησὶ,
1200 3933 1516 4005 μεταθέσθαι
1576 3930 1874 4006 σεϐάσματι
1906 3934 2022 3989 πεί-

360 4043 501 4086 σετε,
531 4022 678 4075 τοῦτ’
727 4020 853 4094 ἐμοὶ
896 4021 959 4076 τὸ
1006 4021 1372 4094 ποθούμενον,
1405 4023 1495 4077 καὶ
1545 4018 1808 4085 λαϐόντες
1863 4023 2020 4079 αὐτὸν

361 4112 482 4184 μεθ’
512 4111 739 4166 ἑαυτῶν.
775 4110 1138 4186 ἀναστρέψατε
1169 4128 1183 4141 ·
1221 4110 1268 4164 εί
1301 4107 1359 4164 δὶ
1388 4105 1464 4166 ἔτι
1497 4115 1564 4186 τῇ
1610 4108 1856 4167 δυσσεϐεῖ
1912 4111 2027 4167 ἐπι-

361 4200 539 4274 μένων
575 4197 658 4270 εἷή
694 4199 976 4276 θρησκείᾳ,
1010 4199 1237 4254 θάνατον
1272 4199 1436 4255 αὐτοῦ
1461 4201 1832 4277 κατακρίνατε.
1868 4225 1896 4254 ››

428 4419 496 4476 Oi
547 4414 624 4485 δὶ,
654 4420 815 4472 τοῦτο
863 4415 1010 4491 παρᾶ
1059 4419 1154 4470 τοῦ
1197 4420 1526 4492 κρατοῦντος
1577 4417 1917 4490 ἀκούσαντες,
1948 4421 2017 4493 τῇ

353 4529 413 4563 τε
440 4507 674 4580 συνοίκῳ
728 4507 895 4578 μανίᾳ
948 4505 1377 4584 ὑποτυφόμενοι,
1408 4505 1498 4560 καὶ
1560 4505 1881 4584 δραστήριοι
1935 4514 2018 4582 τῷ

354 4599 632 4672 πέμψαντι
667 4593 814 4669 δόξαι
847 4595 1332 4670 φιλοτιμούμενοι,
1359 4594 1474 4650 ἐπεὶ
1504 4598 1603 4665 τήν
1638 4595 1873 4653 Γαλλίαν
1897 4619 2018 4653 κατ-

2139 3403 2295 3459 tiano
2322 3403 2610 3458 fortiores.
2635 3401 2958 3473 Postquam
2987 3407 3182 3457 autem
3203 3402 3326 3456 haec
3349 3406 3543 3457 mente
3574 3400 3798 3472 agitas.

2134 3505 2244 3558 set,
2275 3510 2410 3547 eum
2443 3492 2656 3547 excitat
2688 3492 2773 3546 ira
2795 3492 3076 3546 adversus
3108 3494 3452 3561 martyrem,
3485 3494 3543 3545 et
3575 3490 3794 3544 furoris

2135 3597 2404 3652 quaerens
2423 3580 2944 3649 medicamentum,
2969 3579 3198 3635 nullum
3220 3577 3640 3643 aliudinvenit,
3657 3594 3795 3649 prae.

2135 3679 2225 3725 ter
2253 3671 2382 3742 ejus
2413 3675 2685 3726 mortem.
2719 3669 2862 3724 Cum
2897 3669 3098 3740 itaque
3130 3683 3359 3735 omnes,
3393 3668 3494 3740 qui
3517 3669 3646 3738 ejus
3676 3667 3792 3722 im-

2138 3762 2298 3833 perio
2321 3762 2624 3832 parebant,
2658 3764 3096 3831 congregasset,
3122 3775 3342 3828 eosque
3363 3758 3794 3828 assumpsisset

2135 3851 2230 3921 qui
2264 3855 2430 3906 erant
2459 3850 2508 3904 ei
2543 3849 2803 3904 amentia
2834 3847 3080 3917 similes,
3117 3848 3386 3902 mittitad
3407 3847 3792 3918 quaerendum

2135 3945 2475 4011 martyrem.
2515 3961 2535 3987 ι
2567 3938 2657 4005 Ει,
2692 3938 2740 3993 si
2773 3937 2824 3992 ei
2850 3937 3088 4007 quidem
3115 3935 3328 4008 inquit,
3354 3934 3791 4008 persuaseritis,

2136 4033 2198 4083 ut
2228 4030 2298 4084 ad
2325 4032 2585 4084 nostram
2611 4028 2956 4082 traducatur
2978 4025 3343 4098 religionem,
3368 4025 3477 4081 boc
3497 4030 3606 4095 est,
3634 4024 3790 4095 quod

2133 4117 2438 4173 desidero:
2471 4132 2726 4186 cumque
2755 4131 2890 4171 eum
2950 4114 3293 4187 acceperitis
3336 4113 3663 4182 vobiscum,
3697 4128 3790 4167 re-

2129 4207 2447 4262 vertimini.
2477 4205 2577 4262 Sin
2611 4211 2807 4261 autem
2837 4205 3032 4261 adhuc
3075 4203 3466 4277 permanserit
3496 4203 3555 4258 in
3606 4201 3790 4272 impia

2128 4295 2426 4367 religione,
2461 4312 2593 4351 eum
2617 4300 2805 4351 morte
2823 4296 3230 4350 condemnata.
3268 4316 3298 4343 »

2200 4421 2289 4476 Illi
2322 4427 2516 4477 autem
2540 4437 2674 4476 cum
2709 4421 2827 4475 hac
2861 4419 3190 4476 audiissent
3222 4419 3296 4474 ab
3327 4416 3788 4492 imperatore,ed

2127 4501 2324 4566 furore
2357 4510 2839 4574 accenderentur,
2871 4507 2970 4579 qui
3002 4508 3062 4562 in
3116 4508 3200 4563 eis
3247 4506 3576 4569 habitabat,
3610 4509 3668 4561 et
3716 4504 3789 4560 ad

2129 4614 2223 4654 res
2249 4600 2536 4670 gerendas
2564 4614 2726 4653 acres
2776 4597 2959 4651 videri
3010 4596 3229 4652 vellent
3262 4596 3314 4651 ei
3363 4595 3464 4666 qui
3523 4594 3790 4659 miserat,

357 4681 580 4756 ἑλαϐον,
616 4685 690 4748 ὥς
741 4705 880 4747 τινες
928 4682 1230 4756 εἶσπηδῶσι
1281 4687 1442 4761 θῆρες
1478 4704 1490 4718 ·
1528 4685 1619 4740 καὶ
1674 4692 1848 4741 πᾶσαν
1897 4684 2022 4741 δια-

2136 4693 2442 4761 postquam
2479 4691 2766 4743 venerunt
2797 4686 2856 4740 in
2890 4685 3139 4741 Galliam
3164 4689 3451 4757 tanquam
3487 4684 3616 4739 ferae
3641 4700 3796 4755 qua:-

355 4776 679 4852 ταράξαντες
728 4775 827 4844 τὴν
875 4773 1212 4849 περίχωρον,
1250 4773 1637 4852 ὑποφθείρουσι
1684 4774 1811 4838 τοὺς
1862 4775 2020 4830 εῦκο-

359 4865 664 4939 λωτὲρους,
687 4864 755 4918 τὰ
783 4864 920 4917 κατὰ
944 4864 1036 4917 τὸν
1075 4861 1339 4938 μακάριον
1374 4861 1580 4934 διδάξαι
1610 4885 1669 4918 τε
1705 4864 1795 4919 καὶ
1847 4864 2016 4920 εἰπεῖν

357 4953 660 5009 Διονύσιον.
693 4953 780 5014 Ὡς
812 4949 867 5006 δὲ
896 4956 1086 5006 τοῦτον
1122 4951 1174 5006 ἐν
1211 4952 1442 5026 ἷῘαρισίᾳ
1469 4956 1537 5026 τῇ
1596 4949 1755 5008 πόλει
1813 4951 2021 5030 διατρί-

357 5039 472 5098 ϐειν
509 5042 792 5109 ἐπύθοντο,
823 5037 977 5096 οὔπω
1024 5039 1086 5094 τὸ
1118 5046 1220 5095 πᾶν
1269 5039 1556 5109 ἐπύθοντο,
1586 5043 1675 5097 καὶ
1733 5047 1802 5117 τῇ
1858 5043 2018 5098 πόλει

355 5133 690 5198 ἐφίστανται.
725 5130 858 5188 Εἶτα
898 5129 965 5185 τὰ
996 5130 1119 5206 περὶ
1168 5135 1276 5185 τῶν
1303 5133 1643 5206 Χριστιανῶν
1703 5132 2016 5210 ἐρευνῶσιν,

355 5222 668 5298 εὑρίσκουσι
727 5223 982 5296 πανταχῇ
1040 5221 1108 5276 τὰ
1161 5228 1262 5290 τῆς
1319 5222 1552 5284 πίστεως
1603 5224 2021 5297 κατεσπαρμὲνα

360 5309 690 5386 διδάγματα.
728 5311 854 5384 Περὶ
906 5313 1013 5364 τῶν
1060 5314 1158 5364 τοῦ
1214 5311 1489 5386 μάρτυρος
1537 5311 1832 5369 τεοαστίων
1885 5334 2020 5385 μαν-

359 5403 636 5469 θάνουσιν,
670 5401 744 5461 ὡς
777 5400 900 5461 τοὺς
949 5399 1074 5473 περί
1131 5421 1181 5454 τι
1245 5403 1499 5472 πονήρως
1542 5397 1768 5476 ἔχοντας
1817 5401 2018 5466 πάντας

363 5487 597 5542 ἰάσαιτο.
653 5486 942 5541 Κάντεῦθεν
992 5485 1054 5539 τὸ
1110 5491 1218 5542 τῶν
1287 5489 1527 5542 ἀπίστων
1605 5489 1753 5562 αῦτῷ
1831 5495 2020 5567 στῖφος

365 5575 686 5655 ἐπιρῥεῦσαν
745 5579 812 5648 τῇ
873 5569 1147 5647 θεοσεϐείᾳ
1186 5575 1431 5640 συνέθετο
1467 5577 1596 5633 ’καὶ
1651 5579 1728 5643 ὡς
1784 5581 1818 5650 ἡ
1879 5583 2025 5635 πᾶσα

365 5666 642 5739 Γερμανία
670 5663 908 5729 πολλοῖς
935 5665 997 5719 τὸ
1029 5665 1259 5738 πρόσθεν
1288 5668 1378 5722 καὶ
1409 5664 1602 5732 δεινοῖς
1637 5666 2021 5744 δεδουλωμὲνη

365 5755 648 5823 πάθεσίτε
690 5755 779 5810 καὶ
809 5752 1084 5830 πράξεσιν,
1117 5753 1179 5811 οὐ
1227 5755 1336 5831 μὴν
1368 5754 1514 5814 ἀλλὰ
1559 5757 1648 5814 καὶ
1705 5755 2022 5822 εἶδωλικοῖς

2129 4778 2262 4832 dam
2294 4777 2569 4832 irruunt:
2603 4781 2659 4831 et
2689 4793 2822 4830 cum
2859 4792 3118 4841 omnem,
3153 4792 3280 4846 quae
3304 4773 3459 4830 circa
3490 4774 3605 4828 sita
3645 4775 3792 4838 erat,

2129 4867 2576 4924 conturbassent
2598 4866 2919 4937 regionem,
2945 4867 3337 4935 corrumpunt
3377 4861 3791 4934 simpliciores,

2129 4961 2196 5011 ut
2227 4957 2504 5011 docerent
2534 4955 2774 5009 ubinam
2829 4955 3032 5009 beatus
3076 4952 3392 5025 Dionysius
3429 4954 3788 5005 versaretur.

2132 5046 2447 5117 Postquam
2481 5048 2676 5100 autem
2711 5044 3026 5099 audierunt
3056 5058 3192 5097 eum
3224 5040 3442 5096 versari
3465 5039 3524 5094 in
3557 5038 3791 5094 civitate

2132 5134 2512 5200 Parisiorum,
2547 5133 2797 5188 necdum
2832 5148 2953 5186 rem
2981 5136 3162 5186 totam
3184 5131 3496 5186 audierant
3516 5145 3651 5184 cum
3672 5127 3791 5183 illic

2132 5225 2370 5280 adsunt.
2403 5223 2620 5279 Deinde
2654 5227 3062 5294 percontantes
3096 5221 3168 5276 de
3211 5222 3390 5277 rebus
3440 5217 3794 5275 cbristiano-

2133 5331 2286 5383 rum,
2310 5312 2620 5369 inveniunt
2652 5310 2786 5367 ﬁdei
2817 5309 3146 5366 doctrinam
3180 5318 3308 5366 esse
3331 5309 3661 5381 dispersam
3691 5323 3795 5378 per

2134 5408 2319 5459 totam
2359 5402 2652 5458 civitatem
2681 5417 2694 5455 :
2727 5401 2797 5456 de
2833 5398 3134 5455 miraculis
3167 5400 3444 5472 martyris
3476 5399 3628 5453 ﬁunt
3666 5413 3793 5451 cer-

2130 5493 2327 5565 tiores,
2358 5491 2512 5565 quod
2545 5507 2749 5546 omnes
2773 5488 3017 5558 scilicet,
3052 5489 3152 5562 qui
3186 5488 3338 5546 male
3381 5505 3443 5544 se
3485 5486 3791 5552 baberent,

2133 5589 2430 5639 curasset:
2465 5586 2522 5637 et
2553 5581 2682 5636 ideo
2706 5578 3148 5635 incredulorum
3181 5579 3252 5635 ad
3281 5595 3414 5635 eum
3436 5575 3793 5634 conﬂuxisse

2133 5675 2508 5740 catervam,et
2535 5686 2598 5726 se
2627 5668 2976 5740 adjunxisse
3006 5685 3141 5726 vero
3173 5668 3274 5725 Dei
3300 5667 3520 5724 cultui:
3555 5669 3612 5721 et
3632 5661 3791 5733 quod

2135 5762 2330 5818 omnis
2361 5756 2679 5817 Germania
2704 5775 2832 5831 qua
2866 5756 3074 5815 multis
3105 5759 3272 5830 prius
3320 5756 3599 5829 gravibus
3636 5750 3790 5806 vitiis
