4106 6410
381 414 490 472 603

1619 418 1678 470 8.
1716 408 2036 468 DIONYSII
2073 411 2580 470 ABEOPAGITE.

3712 410 3815 465 604

385 537 671 596 servierat
696 539 754 592 et
783 535 976 602 factis,
1009 536 1333 607 quinetiam
1383 537 1649 606 subjecta
1689 539 1815 591 erat
1861 531 2045 590 cultui

2172 531 2492 606 ὃποκειμένη
2527 528 2848 606 σεϐάσμασι,
2875 532 2968 586 τὸν
2999 529 3200 586 οἲκεῖον
3253 529 3484 607 αὐχένα,
3533 537 3657 594 ταῖς
3701 541 3822 590 Διο-

389 626 868 692 simulacrorum,
902 625 1116 681 collum
1135 642 1309 681 suum
1323 643 1390 681 ex
1413 627 1505 681 his
1524 627 1915 692 subtractum,
1939 624 2042 678 do-

391 716 580 772 ctrina
609 715 894 786 Dionysii.
928 714 1235 784 subjunxit
1257 716 1404 786 jugo
1425 715 1662 770 Christi.
1696 713 1839 768 Cum
1872 729 2042 784 ergo-

381 805 525 871 hsec,
559 809 618 858 et
657 804 846 858 multa
877 803 994 859 alia
1017 804 1172 859 facta
1213 820 1364 874 esse,
1417 805 1486 858 ad
1538 819 1740 859 eorum
1788 803 2041 858 venisset

381 895 803 966 cognitionem,
851 899 908 948 et
971 893 1186 948 Christi
1236 909 1471 965 gregem
1527 893 1748 964 augeri,
1799 897 1856 947 et
1903 907 2043 947 suos

375 985 516 1039 deos
535 983 825 1038 vidissent
848 982 1081 1037 habitos
1129 983 1454 1053 despectui,
1506 988 1564 1038 et
1611 999 1721 1038 sua
1771 982 2046 1054 mysteria

381 1073 704 1139 contemni,
728 1077 787 1126 et
818 1071 1159 1126 inclinatam
1185 1087 1315 1126 esse
1340 1071 1724 1143 impietatem,
1745 1071 1935 1143 magis
1957 1087 2046 1126 ac-

382 1162 742 1226 cenduntur,
773 1164 830 1214 et
849 1165 1059 1231 rogant
1086 1160 1333 1216 ubinam
1367 1161 1683 1232 habitaret,
1707 1161 1807 1233 qui
1838 1177 2043 1216 eorum

386 1258 514 1306 erat
544 1253 746 1304 auctor
777 1266 790 1304 :
825 1252 883 1303 et
915 1253 1153 1320 repente
1185 1249 1244 1304 in
1264 1251 1496 1305 beatum
1519 1250 1811 1306 irruentes
1829 1249 2044 1321 Diony-

384 1338 562 1408 sium,
586 1354 722 1393 eum
754 1336 930 1392 simul
961 1337 1146 1408 ligant
1166 1355 1302 1393 cum
1323 1339 1398 1394 iis
1420 1340 1518 1409 qui
1546 1356 1680 1395 cum
1701 1340 1829 1411 ipso
1852 1343 2042 1407 erant,

383 1427 445 1483 in
479 1444 578 1483 ore
610 1425 869 1481 divinam
892 1426 1086 1482 adhuc
1110 1427 1421 1483 habentem
1446 1428 1771 1484 doctrinam
1796 1447 1810 1496 ;
1845 1428 2044 1499 praesi-

386 1517 548 1580 dent,
583 1514 807 1568 rabiem
842 1518 898 1568 et
929 1513 1184 1569 furorem
1218 1515 1513 1586 spirantes
1544 1515 1614 1569 ad
1659 1513 2043 1570 examinatio-

381 1620 538 1660 nem.
565 1604 1088 1675 Ingrediaturergo
1122 1603 1209 1657 vir
1244 1619 1564 1675 generosus
1578 1604 1757 1660 simul
1775 1621 1908 1659 cum
1925 1605 2043 1660 Ru-

384 1695 533 1751 stico
568 1699 626 1751 et
658 1693 1022 1763 Eleutherio,
1057 1698 1250 1749 mente
1280 1695 1451 1749 ﬁrma
1472 1711 1538 1750 ac
1569 1695 1764 1750 stabili
1788 1694 2044 1750 etlibero

378 1785 600 1849 animo,
645 1783 893 1855 perinde
921 1800 987 1838 ao
1016 1783 1064 1838 si
1098 1789 1402 1838 vocaretur
1421 1785 1491 1839 ad
1534 1785 1775 1855 festum,
1821 1801 1938 1840 non
1971 1784 2044 1838 ad

2152 620 2333 676 νυσίου
2367 620 2644 698 διδαχαῖς,
2678 615 2888 677 ἐκεῖθεν
2935 619 3285 691 ὑπεξελοῦσα,
3319 625 3400 692 τῷ
3439 625 3542 674 τοῦ
3591 627 3821 696 Χριστοῦ

2156 714 2304 783 ζυγῷ
2360 711 2690 787 ὑπηγάγετο.
2725 713 2814 772 Ὠς
2875 709 2967 764 οὖν
3030 709 3106 771 εἷς
3157 713 3349 784 γνῶσιν
3415 709 3633 779 αὐτοῖς,
3681 711 3817 767 οὕτω

2152 805 2318 855 ταῦτα
2373 803 2460 855 καὶ
2520 799 2708 857 πολλὰ
2763 799 2918 874 ἕτερα
2975 801 3253 876 γεγονέναι
3311 800 3570 874 ἀφίκετο,
3613 804 3714 872 τήν
3768 825 3824 859 τε

2152 896 2250 946 τοῦ
2300 895 2538 966 Χριστοῦ
2579 893 2818 966 ποίμνην
2871 893 3266 965 αὐξανομένην,
3297 893 3387 946 καὶ
3428 891 3561 954 τοὺς
3618 893 3818 950 ἑαυτῶν

2156 980 2311 1042 θεοὺς
2361 984 2817 1058 παρεωραμένους
2869 982 3079 1056 ἐώρων,
3108 979 3202 1042 τάς
3250 1001 3310 1034 τε
3350 979 3582 1042 τελετὰς
3634 1003 3823 1057 περιυ-

2155 1065 2471 1146 ϐρισμένας,
2511 1074 2602 1127 καὶ
2651 1071 2726 1134 εἷς
2776 1070 2907 1147 γόνυ
2952 1069 3206 1125 κλίνασαν
3253 1069 3351 1137 τήν
3404 1064 3680 1142 ἂσέὸειαν,
3738 1070 3822 1126 ἐπὶ

2159 1159 2378 1234 μᾶλλον
2412 1159 2746 1230 ἐκκαίονται,
2776 1157 2989 1214 καὶτὸν
3047 1157 3255 1213 τούτων
3302 1155 3483 1212 αἶ’τιον
3542 1157 3684 1214 ὅπου
3734 1160 3819 1216 καὶ

2157 1245 2448 1325 διατρίϐων
2474 1247 2583 1322 εἶἠ,
2615 1250 3004 1313 πυνθάνονταιο
3039 1245 3130 1304 καὶ
3165 1247 3257 1302 τὸν
3296 1247 3594 1322 μακάριον,
3628 1247 3821 1325 ἀθρόον

2156 1335 2565 1402 ἐπεισπεσόντες
2598 1361 2611 1374 ·
2645 1339 2739 1394 σὺν
2802 1339 2915 1412 ἅμα
2973 1335 3232 1412 δεσμοῦσι
3289 1343 3411 1398 τοῖς
3463 1338 3583 1410 μετ’
3643 1336 3819 1406 αὐτοῦ,

2152 1430 2252 1497 τὴν
2294 1428 2440 1484 θείαν
2470 1428 2570 1484 ἀνὰ
2619 1429 2796 1501 στόμα
2846 1425 3082 1503 διδαχὴν
3125 1422 3205 1480 ἔτι
3247 1425 3510 1503 φέροντα,
3541 1426 3633 1482 καὶ
3690 1448 3820 1504 προ-

2155 1520 2417 1588 κάθηνται
2466 1515 2746 1582 λυσσῶδές
2787 1538 2839 1571 τι
2894 1517 2986 1571 καὶ
3044 1517 3266 1590 μανικὸν
3301 1514 3390 1570 ἐπὶ
3436 1518 3540 1585 τὴν
3597 1516 3822 1589 ἐξέτασιν

2154 1608 2428 1669 πνέοντες.
2465 1605 2698 1663 Εἶ’σεισιν
2726 1604 2816 1661 οῦν
2860 1606 2888 1660 ὁ
2938 1602 3201 1678 γεννάδας
3248 1605 3361 1678 ἅμα
3403 1606 3704 1677 Ῥουστικῷ
3734 1599 3816 1660 καὶ

2155 1693 2508 1768 Ἐλευθερίῳ,
2571 1694 2798 1768 ἆτρόμῳ
2849 1692 3070 1764 διανοίᾳ
3137 1693 3230 1748 καὶ
3299 1692 3822 1770 πεπαῤῥησιασμένῃ

2155 1787 2334 1860 ψυχῇ,
2369 1786 2550 1856 ὥσπερ
2584 1783 2660 1846 εἷς
2694 1785 2915 1858 έορτήν,
2956 1783 3054 1836 οῦκ
3083 1781 3161 1844 είς
3223 1783 3416 1856 ἀγῶνα
3462 1780 3823 1855 καλούμενος.

385 1879 704 1929 certamen.
776 1873 1134 1944 Arroganter
1193 1873 1372 1944 igitur
1424 1879 1481 1928 et
1522 1890 1748 1944 aspere,
1799 1879 1863 1928 ut
1913 1890 2045 1928 eum

2172 1872 2255 1927 ἰαὶ
2307 1869 2373 1940 δὴ
2425 1871 2662 1948 θρασέως
2717 1871 2860 1927 οὕτω
2907 1870 2995 1926 xui
3046 1870 3352 1945 αὐστηρῶς,
3400 1867 3477 1924 τίν’
3527 1869 3589 1925 ἐκ
3629 1891 3818 1947 προοι-

386 1963 912 2036 perterrefacerent
962 1961 1164 2017 statim
1204 1962 1263 2018 in
1306 1963 1616 2035 principio,
1668 1963 1719 2018 ei
1787 1962 1992 2018 dicunt
2029 1962 2043 2002 ³

395 2072 423 2108 ε
479 2055 560 2107 Tu
620 2069 705 2118 es,
768 2069 800 2107 ο
871 2053 1293 2108 exsecrandum
1361 2058 1560 2124 caput,
1637 2053 1737 2125 qui
1816 2057 2049 2109 nostros

388 2143 532 2198 deos
565 2141 733 2196 nihili
767 2141 934 2206 facis,
963 2146 1021 2196 et
1041 2141 1348 2198 contendis
1383 2143 1533 2200 35]
1592 2143 1664 2198 de
1711 2143 1904 2199 medio
1945 2158 2049 2197 no-

397 2236 584 2288 stram
608 2230 812 2286 tollere
845 2229 1189 2301 religionem
1221 2231 1249 2284 ?
1281 2231 1589 2302 Responde
1619 2247 1776 2304 ergo,
1798 2233 1952 2304 quod
1977 2231 2055 2286 sit

399 2324 570 2376 tuum
606 2336 812 2389 genus,
848 2337 973 2391 quae
999 2326 1054 2375 te
1081 2320 1285 2376 tulerit
1316 2320 1523 2392 patria,
1573 2325 1630 2376 et
1677 2321 1832 2392 quod
1882 2326 2052 2376 tuum

399 2411 689 2468 studium.
727 2431 748 2461 ι
787 2409 890 2466 Ille
921 2417 1141 2476 autem,
1174 2428 1374 2468 amore
1405 2413 1465 2467 in
1516 2412 1816 2468 Christum
1877 2414 1927 2468 ei
1958 2413 2056 2469 ad-

407 2501 582 2555 dente
620 2499 908 2567 animum,
960 2505 1019 2554 et
1064 2499 1308 2556 faciente
1356 2517 1487 2556 eum
1533 2501 2054 2559 conﬁdentiorem:

407 2611 436 2640 «
472 2593 586 2659 Ego
620 2590 884 2660 quidem,
916 2589 1130 2660 inquit,
1164 2607 1335 2656 ovos,
1357 2595 1422 2645 ut
1443 2596 1498 2645 et
1521 2607 1708 2662 genus
1730 2599 1783 2646 el
1810 2591 2057 2662 patriam

402 2695 434 2733 o
450 2678 683 2733 mittam
719 2678 775 2732 in
809 2679 1139 2750 praesentia,
1161 2695 1253 2734 me
1274 2679 1488 2734 Christi
1519 2696 1751 2736 servum
1773 2697 1902 2736 esse
1922 2698 2060 2737 con-

401 2768 595 2836 ﬁteor,
629 2772 686 2822 et
715 2784 848 2822 eum
886 2767 1099 2836 solum,
1132 2776 1190 2822 ct
1218 2773 1469 2837 Patrem,
1499 2770 1598 2841 qui
1637 2775 1798 2825 caret
1845 2772 2061 2842 princi-

404 2857 524 2928 pio,
547 2861 606 2911 et
626 2861 979 2912 comternum
999 2857 1128 2927 ejus
1150 2857 1276 2913 colo
1297 2858 1602 2930 Spiritum.
1625 2860 1838 2932 Aufugi
1864 2865 2062 2916 autem

399 2960 434 2999 a
469 2950 662 2999 vestro
695 2961 912 3012 errore,
947 2945 1354 3001 validissimus
1379 2947 1461 3018 (in
1494 2964 1621 3003 meo
1643 2949 1801 3003 enim
1834 2949 2065 3004 Christo

400 3033 588 3089 habeo
608 3034 902 3106 ﬁduciam)
920 3041 1244 3091 vetrorum
1263 3036 1506 3092 deorum
1527 3037 1894 3101 deturbator,
1911 3037 2064 3092 chri-

403 3121 845 3194 stianorumque
867 3124 940 3178 ad
972 3124 1247 3180 virtutem
1300 3125 1643 3181 exhortator
1695 3126 2065 3196 promptissi-

405 3211 661 3266 mus.Ad
697 3211 817 3267 haec
849 3213 1098 3282 lacite,si
1133 3214 1272 3284 quid
1303 3219 1390 3268 est
1419 3215 1581 3270 vobis
1621 3216 1998 3285 imperatum.
2037 3237 2064 3265 »

402 3299 682 3356 Videntes
714 3306 909 3356 autem
948 3303 1248 3370 malevoli,
1282 3303 1471 3358 sancti
1503 3304 1892 3360 constantiam
1935 3321 2069 3360 cum

399 3390 715 3462 prudentia
731 3393 861 3461 conj
878 3397 1144 3462 unctam,
1160 3393 1308 3448 iram
1327 3398 1563 3448 mutant
1577 3395 1633 3448 in
1647 3395 2069 3467 adulationem,

2161 1960 2289 2035 μίου
2323 1958 2477 2023 εὐθὺς
2509 1959 2926 2032 καταπλήξωσι,
2962 1960 3088 2037 φασὶ
3119 1960 3257 2033 πρὸς
3303 1958 3472 2013 αὐτόν
3505 1977 3518 1990 ⁸
3553 1983 3581 2011 ‹‹
3636 1959 3710 2013 Σὺ
3753 1960 3814 2014 εἷ-

2160 2049 2204 2105 ὦ
2234 2051 2510 2126 καταράτη
2543 2050 2778 2127 κεφαλὴ,
2813 2051 2841 2104 ὁ
2870 2049 2998 2114 τοὺς
3045 2049 3352 2125 ἡμετέρους
3401 2047 3560 2112 θεοὺς
3607 2047 3660 2102 ἐν
3711 2070 3814 2120 μη-

2161 2137 2272 2194 δενὶ
2302 2140 2604 2212 τιθέμενος,
2636 2139 2726 2194 καὶ
2756 2141 2855 2209 τήν
2883 2141 3046 2211 ἡμῶν
3096 2137 3158 2193 ἐκ
3205 2139 3377 2211 μέσου
3413 2145 3643 2207 ποιῆσαι
3694 2149 3812 2213 θρη-

2162 2227 2341 2284 σκείαν
2399 2227 2764 2307 φιλονεικῶν;
2826 2227 3150 2302 Ἀπόκριναι
3205 2227 3321 2294 οὖν,
3375 2227 3442 2281 τὸ
3499 2227 3676 2301 γένος,
3721 2224 3812 2291 τὴν

2165 2320 2549 2394 ἐνεγκαμένην,
2580 2320 2642 2374 τὸ
2696 2315 3061 2390 ἐπιτήδευμα.
3098 2341 3126 2370 ››
3159 2317 3216 2370 Ὀ
3269 2314 3351 2388 δὲ,
3387 2314 3816 2391 θαρῥαλεώτερος

2170 2405 2382 2481 μᾶλλον
2432 2412 2513 2478 τῷ
2567 2407 2704 2482 πρὸς
2761 2407 2998 2482 Χριστὸν
3049 2405 3346 2480 γενόμενος
3393 2401 3599 2480 ἔρωτι*
3632 2427 3660 2455 ‹‹
3690 2402 3819 2476 Ἐγὼ

2171 2497 2290 2571 μὶν,
2325 2498 2370 2551 ῶ
2419 2497 2603 2563 οὗτος,
2633 2497 2818 2574 φησὶν,
2849 2493 2939 2550 ’ίνα
2995 2495 3062 2550 τὰ
3118 2499 3215 2550 τοῦ
3261 2495 3466 2570 γένους
3521 2492 3583 2548 τό
3634 2513 3695 2568 γε
3741 2495 3821 2544 νῦν

2169 2585 2298 2662 ἔχον
2343 2586 2434 2641 καὶ
2484 2588 2585 2655 τήν
2635 2582 2873 2660 πατρίδα
2923 2588 3104 2660 παρῶ,
3146 2588 3392 2660 Χριστοῦ
3453 2581 3648 2643 δοῦλος
3702 2580 3820 2635 εἶναι

2172 2674 2462 2750 ὁμολογῶ,
2489 2673 2580 2729 καὶ
2637 2674 2789 2747 μόνῳ
2817 2673 2995 2746 τούτῳ
3023 2678 3101 2745 τῷ
3129 2694 3189 2728 τε
3243 2674 3483 2748 άνάρχῳ
3535 2669 3697 2744 Ηατρὶ
3741 2666 3819 2724 καὶ

2170 2769 2250 2836 τῷ
2337 2761 2592 2836 συναϊδίῳ
2672 2762 2836 2818 αὐτοῦ
2909 2761 3155 2838 λατρεύω
3228 2762 3509 2835 Πνεύματι
3541 2781 3552 2794 ’
3603 2760 3821 2835 πέφευγα

2175 2851 2233 2908 δὲ
2262 2853 2352 2908 καὶ
2393 2860 2494 2922 τῆς
2551 2852 2706 2925 ὑμῶν
2745 2851 2959 2922 πλάνης
2990 2871 3004 2885 ·
3034 2849 3114 2924 τῷ
3156 2851 3260 2926 γὰρ
3307 2850 3437 2924 ἐμῷ
3482 2853 3691 2924 Χριστῷ
3736 2847 3816 2902 πέο

2174 2944 2363 3015 ποιθα,
2421 2943 2747 3016 καθαιρέτης
2826 2940 3205 3018 στερρότατος,
3257 2937 3534 3011 ἀλείπτης
3593 2941 3818 3013 Χριστια-

2175 3037 2289 3095 νοῖς
2340 3029 2479 3104 πρὸς
2539 3030 2734 3105 ἀρετὴν
2813 3028 3190 3102 ἑτοιμότατος.
3251 3030 3407 3103 Πρὸς
3461 3033 3627 3084 ταῦτα
3683 3024 3731 3081 εἷ’
3773 3045 3818 3079 τι

2175 3121 2646 3197 προστεταγμένον
2683 3120 2836 3193 ὑμῖν,
2867 3119 3152 3194 πράσσετε.
3187 3143 3215 3171 ››
3248 3119 3364 3175 Καὶ
3419 3120 3518 3188 τήν
3545 3121 3638 3172 τοῦ
3679 3116 3816 3191 ἁγίου

2181 3210 2399 3286 γνόντες
2452 3210 2503 3263 οἱ
2564 3207 2845 3282 δυσμενεῖς
2908 3209 3043 3280 μετὰ
3101 3208 3370 3271 συνέσεως
3426 3204 3684 3278 ἔνστασιν,
3734 3205 3813 3259 τὸν

2185 3301 2354 3374 θυμὸν
2389 3299 2463 3361 εἷς
2496 3297 2730 3363 θωπείαν
2764 3292 3077 3372 ἀμείϐουσι,
3107 3299 3218 3365 xui,
3253 3323 3282 3351 «
3319 3300 3414 3368 Μή
3446 3298 3544 3366 τὴν
3571 3298 3665 3365 σὴν
3695 3291 3815 3348 ἔντι-

2189 3414 2288 3465 μον
2321 3389 2521 3445 πολιὰν
2556 3390 2862 3464 ἀτιμώσῃς,
2899 3389 3048 3467 φασὶ,
3083 3389 3352 3463 Διονύσιε,
3385 3386 3527 3463 μηδὲ
3553 3385 3692 3442 τέλει
3728 3383 3813 3451 τὴν

2184 3481 2353 3560 φίλην
2386 3480 2622 3556 ἑταιρίαν
2654 3484 2837 3554 πικρῷ
2880 3476 3140 3554 παραδῷς
3170 3498 3183 3512 ·
3217 3479 3475 3550 πείσθητι
3519 3476 3584 3532 τὰ
3625 3471 3816 3551 χρηστά

2185 3565 2648 3643 συμϐουλεύουσι,
2681 3569 2771 3624 καὶ
2798 3569 2861 3623 τὸ
2893 3573 2990 3623 τοῦ
3026 3567 3295 3644 βασιλέως
3328 3568 3531 3643 κράτος
3583 3565 3649 3620 δι’
3675 3565 3813 3635 ἡμῶν

2188 3658 2425 3713 ἱκετεῦόν
2460 3679 2516 3712 σε
2549 3655 2906 3728 δοσωπήθητι
2942 3678 2954 3692 ·
2990 3658 3265 3728 πείσθητι,
3301 3657 3431 3736 φίλε
3461 3653 3662 3732 χρηστὲ
3704 3660 3811 3736 Διοέ

2184 3747 2354 3813 νύσιε,
2411 3752 2528 3809 τοῖς
2588 3748 2884 3821 ἡμετέροις
2942 3748 3097 3802 θῦσαι
3169 3735 3339 3820 θεοῖς,
3397 3746 3683 3815 πείσθητι·
3737 3735 3812 3794 καὶ

2185 3839 2404 3910 πρῶτος
2461 3839 2567 3890 τῶν
2627 3836 2730 3890 ὑπὸ
2756 3837 2855 3906 τήν
2893 3835 3172 3912 βασιλείαν
3199 3835 3295 3911 ἔσῃ
3329 3836 3466 3910 μετά
3491 3839 3598 3889 τῶν
3643 3834 3756 3886 σῶν.
3786 3848 3810 3875 »

2185 3925 2241 3977 Ὀ
2273 3921 2352 3992 δὲ,
2372 3950 2400 3976 ‹‹
2435 3923 2807 3996 Πεπλάνησθε,
2831 3926 2985 4003 φησὶ,
3018 3933 3116 3994 τῆς
3143 3926 3416 4002 προτέρας
3444 3924 3652 3990 πλάνην
3679 3917 3734 3973 οὐ
3757 3916 3813 3988 (¹)

2185 4015 2432 4089 χείρονα,
2468 4013 2514 4069 εί
2549 4013 2645 4087 ἐμὲ
2677 4013 2932 4085 συλήσειν
2965 4012 3000 4084 ἤ
3031 4036 3156 4070 τινα
3182 4019 3292 4070 τῶν
3343 4014 3490 4088 ἐμῶν
3535 4010 3672 4071 ὅλως
3714 4005 3810 4078 ᾠή-

2187 4103 2317 4172 θητε
2350 4123 2362 4135 ·
2393 4105 2543 4176 ἡμᾶς
2591 4107 2715 4177 γὰρ,
2747 4101 2804 4158 εὗ
2851 4101 2984 4173 ἴστε,
3019 4103 3081 4159 οὐ
3130 4105 3313 4177 τιμαὶ,
3357 4103 3458 4159 οὐκ
3499 4097 3720 4172 ἀτιμίαι,
3759 4091 3811 4146 οὗ

399 3482 476 3544 et,
508 3500 536 3528 «
569 3478 650 3533 Ne
683 3485 866 3546 tuam,
896 3496 928 3534 ο
959 3479 1222 3553 Dionysi,
1243 3482 1480 3551 dicunt,
1503 3482 1781 3539 canitiem
1807 3484 2069 3539 aﬁ‘eceris

401 3566 782 3637 contumelia,
803 3584 956 3639 nequ
986 3585 1015 3624 e
1031 3570 1240 3625 charos
1271 3571 1503 3626 sodales
1519 3588 1572 3626 m
1588 3573 1698 3627 orti
1721 3573 1942 3628 acerbae
1961 3577 2076 3628 tra-

410 3654 666 3724 dideris;
698 3673 836 3726 pare
881 3663 1034 3712 recte
1085 3658 1565 3730 consulentibus,
1606 3665 1663 3716 et
1705 3661 2075 3732 imperatoris

402 3745 748 3816 potentiam,
781 3762 884 3816 per
919 3763 1024 3801 nos
1057 3751 1114 3802 te
1147 3753 1484 3820 rogantem,
1526 3748 1780 3804 revereri
1831 3765 2078 3819 persua-

407 3834 624 3902 dearis,
655 3851 688 3890 ο
720 3835 891 3890 chare
923 3841 981 3891 et
1016 3837 1161 3893 bone
1197 3837 1481 3910 Dionysi:
1503 3837 1616 3893 diis
1639 3836 1862 3892 nostris
1893 3837 2075 3891 sacri-

413 3924 589 3979 ﬁcare
612 3925 1022 3994 persuadearis
1054 3931 1112 3981 et
1140 3927 1255 3982 eris
1287 3944 1420 3982 cum
1457 3925 1574 3981 tuis
1605 3925 1838 3997 primus
1869 3940 2072 3979 eorum

412 4012 513 4083 qui
546 4017 684 4066 sunt
715 4013 1280 4087 subimperio.»llle
1297 4021 1497 4071 autem
1522 4031 1534 4068 :
1557 4035 1580 4066 ιι
1610 4017 1840 4079 Vester,
1863 4012 2075 4083 inquit,

410 4100 506 4157 hic
538 4118 698 4157 error
729 4109 820 4158 est
852 4105 1016 4176 pejor
1050 4104 1263 4176 priore,
1297 4104 1346 4159 si
1389 4105 1610 4175 putetis
1660 4103 1799 4172 fore,
1851 4107 1917 4157 ut
1951 4118 2066 4172 me,

409 4195 512 4246 aut
541 4208 808 4247 meorum
841 4192 1102 4265 aliquem
1135 4194 1456 4249 scducatis.
1491 4193 1609 4248 Hoc
1642 4193 1794 4247 enim
1845 4193 2060 4264 sciatis,

2187 4196 2439 4264 θωπεῖαι,
2465 4190 2528 4246 οὐ
2564 4193 2811 4268 βάσανοι,
2846 4192 2950 4248 οὐκ
2979 4191 3121 4249 ἄλλο
3153 4213 3204 4247 τι
3234 4197 3345 4249 τῶν
3396 4191 3640 4246 ἁπάντων
3680 4179 3810 4239 οὐδὲν

409 4280 566 4350 quod
597 4298 704 4335 nos
741 4298 855 4337 non
888 4282 1162 4353 honores,
1197 4299 1311 4338 non
1345 4281 1738 4349 contumelias,
1758 4298 1873 4336 non
1909 4282 2060 4337 blan-

2188 4280 2419 4355 χωρίσει
2450 4285 2718 4356 Χριστοῦ.
2755 4304 2784 4332 ››
2834 4279 2843 4286 ’

401 4367 582 4439 ditia,
608 4387 721 4426 non
753 4374 1070 4436 tormenta,
1103 4387 1291 4443 neque
1317 4370 1545 4442 aliquid
1596 4370 1754 4426 aliud
1787 4371 2027 4427 omnino
2057 4371 2356 4445 separabit
2390 4389 2422 4426 a
2459 4371 2710 4427 Christo.
2741 4393 2770 4423 ››

490 4459 774 4532 Deinceps
811 4477 950 4533 ergo
982 4478 1116 4517 cum
1149 4479 1266 4517 non
1298 4465 1542 4534 possent
1575 4461 1946 4533 persuadere,
1971 4461 2060 4517 de-

2255 4461 2552 4531 Ἐντεῦθεν,
2585 4459 2702 4515 ἐπεὶ
2769 4461 2845 4533 μή
2904 4460 3014 4514 οἶοί
3069 4481 3128 4516 τε
3181 4460 3385 4518 πείθειν
3436 4457 3735 4532 ἐτύγχανον,
3759 4447 3810 4503 τὸ

402 4549 598 4620 posita
634 4566 886 4621 persona
915 4557 972 4605 et
1005 4551 1406 4621 simulatione,
1438 4567 1572 4606 cum
1593 4549 1679 4605 ira
1699 4550 2060 4622 magiseﬂ'er-

2191 4554 2546 4622 προσωπεῖον
2602 4548 2694 4604 καὶ
2749 4551 2851 4618 τὴν
2909 4548 3193 4626 ὑπόκρισιν
3252 4549 3596 4622 ἀποθέμενοι,
3642 4545 3714 4612 τῷ
3763 4554 3810 4588 τε

403 4635 694 4703 buissent,
726 4643 784 4692 et
817 4654 847 4692 e
885 4639 1165 4694 cathedra
1195 4640 1440 4706 furiose,
1473 4644 1531 4694 et
1561 4643 1754 4693 mente
1787 4639 2060 4710 quodam

2195 4643 2354 4711 θυμῷ
2401 4635 2570 4693 πλέον
2625 4639 2889 4708 ζέσαντες,
2913 4639 3006 4694 καὶ
3055 4643 3155 4704 τῆς
3199 4637 3462 4712 καθέδρας
3511 4628 3718 4728 μανικόν
3764 4641 3804 4728 τέ

2190 4729 2281 4782 καὶ
2337 4729 2842 4804 παρακεκινημένον
2892 4727 3264 4799 ἐξαναστάντες
3299 4747 3311 4761 ·
3348 4753 3376 4781 (ι
3426 4724 3554 4800 Ηαρ¹
3585 4721 3741 4792 ὑμῶν,
3769 4721 3804 4763 ὼ

2191 4817 2437 4889 ἀνόητοι,
2467 4815 2734 4891 Διονυσίῳ
2795 4819 2921 4893 φασὶ
2976 4817 3065 4872 καὶ
3112 4823 3229 4880 τοῖς
3285 4817 3420 4891 μετὰ
3460 4813 3638 4879 αὐτοῦ,
3668 4805 3726 4859 τά
3757 4817 3804 4853 τε

2185 4911 2296 4962 τῶν
2323 4908 2456 4962 θεῶν
2489 4907 2803 4980 ἀτιμοῦται,
2836 4907 2926 4963 καὶ
2955 4907 3023 4963 τὰ
3050 4906 3147 4962 τοῦ
3178 4905 3570 4983 αὐτοκράτορος
3627 4910 3802 4971 μυκτη-

2190 4995 2419 5070 ρίζεται,
2452 4997 2542 5051 καὶ
2573 5002 2830 5072 μαγικαῖς
2863 4997 3128 5062 ἐπινοίαις
3173 4993 3332 5068 δῆθεν
3382 4995 3455 5056 ὡς
3505 4996 3804 5072 θαυματουρς

2188 5085 2337 5160 γίαις
2373 5087 2526 5159 ὑμεῖς
2556 5085 2684 5148 τοὺς
2721 5087 2824 5141 ὑπὸ
2848 5088 2948 5156 τήν
2979 5086 3186 5142 τούτων
3219 5087 3398 5162 ἀρχὴν
3432 5075 3712 5138 ὑποσυλᾶτε
3731 5062 3803 5122 καίἱ

2193 5174 2602 5252 σφετερίζεσθε;
2639 5200 2666 5227 ››
2701 5176 2768 5233 Oi
2803 5174 2860 5230 δέ
2891 5177 3058 5252 ἅγιοι,
3088 5202 3107 5226 ι
3138 5179 3362 5250 ’Ὁμοιοι
3396 5171 3570 5228 αὐτοῖς
3597 5162 3800 5252 γένοιῖτο

2191 5265 2248 5317 oi
2304 5265 2610 5337 τιμῶντεςί
2649 5288 2676 5317 ››
2713 5269 2812 5338 μιᾷ
2867 5266 3004 5340 πρὸς
3059 5265 3256 5328 αὐτοὺς
3305 5261 3501 5340 ἔφησαν
3531 5258 3595 5328 τῇ
3625 5266 3754 5328 φωνῖὶ
3786 5256 3800 5273 ’

2186 5355 2416 5424 «ἡμεῖς
2477 5349 2536 5407 δέ
2598 5352 2659 5406 οὐ
2722 5359 2974 5429 μαγικαῖς
3025 5353 3316 5422 ἐπινοίαις,
3346 5352 3420 5412 ὡς
3474 5341 3618 5400 αὐτοί
3669 5349 3792 5429 iure:

2183 5439 2330 5496 ἀλλὰ
2359 5445 2426 5514 τῇ
2459 5445 2559 5495 τοῦ
2591 5445 2725 5496 Θεοῦ
2759 5445 2919 5516 ἡμῶν
2957 5441 3046 5497 καὶ
3077 5446 3144 5517 τῇ
3203 5447 3298 5498 τοῦ
3355 5433 3610 5508 ζωοποιοῦ
3651 5423 3791 5517 uting

2181 5506 2491 5603 Ιίνεύματος
2542 5506 2830 5602 ἐπικλήσει
2887 5531 2975 5587 xui
3027 5506 3270 5609 ἐνεργείᾳ
3319 5506 3640 5609 τῦφλοῖςᾲτξ
3678 5506 3784 5586 βλέ’

2181 5599 2333 5691 mw,
2354 5623 2564 5697 κωφοῖς
2593 5619 2656 5674 τὸ
2688 5599 2904 5689 λαλεῖν,
2941 5621 3092 5696 βάσιν
3113 5599 3183 5676 ’τὲ
3227 5599 3453 5697 χωλοῖς,
3483 5607 3565 5667 καὶ
3617 5599 3781 5670 δαιμ⁰“

402 4725 580 4780 modo
635 4732 829 4782 emota
860 4727 1298 4784 surrexissent:
1338 4749 1360 4779 ε
1394 4729 1440 4782 Α
1468 4727 1658 4788 vobis.
1709 4743 1741 4783 ο
1791 4732 2080 4784 amentes,

397 4815 674 4885 Dionysio
743 4816 968 4885 dicunt,
1003 4821 1060 4872 et
1089 4817 1160 4872 iis
1192 4818 1292 4888 qui
1317 4833 1450 4872 cum
1475 4817 1603 4888 ipso
1622 4822 1806 4884 erant,
1833 4817 1912 4872 dii
1944 4834 2082 4874 con-

403 4907 782 4975 temnuntur,
832 4911 889 4960 et
918 4907 1240 4980 imperator
1268 4906 1584 4963 irridetur:
1619 4919 1667 4962 el
1714 4907 1937 4964 artibus
1960 4925 2082 4963 ma-

403 4993 570 5065 gicis,
612 4993 856 5066 perinde
897 5011 962 5050 ac
1010 4993 1339 5063 miraculis,
1382 5012 1478 5051 eos
1531 4996 1630 5067 qui
1691 4997 1819 5067 ejus
1873 5001 2083 5068 parent

399 5080 673 5152 imperio,
711 5084 783 5137 ab
818 5098 886 5137 eo
914 5083 1233 5149 abducitis,
1268 5089 1323 5138 et
1353 5085 1423 5139 ad
1459 5091 1686 5142 vestras
1715 5091 1911 5157 partes
1953 5091 2076 5141 tra-

400 5169 617 5224 ducitis
649 5171 677 5223 ‘I
703 5195 723 5222 ι
750 5171 1190 5238 Sanctiautem,
1211 5195 1236 5221 «
1256 5172 1489 5229 Similes
1504 5175 1586 5229 eis
1603 5175 1763 5243 fiant,
1786 5176 1883 5246 qui
1915 5176 2078 5246 ipsos

396 5255 619 5322 colunt,
638 5280 659 5308 ι
682 5259 766 5314 eis
784 5276 902 5313 una
920 5260 1383 5331 vocedixerunt;
1411 5285 1430 5310 α
1452 5279 1558 5318 nos
1578 5269 1773 5319 autem
1803 5281 1918 5319 non
1955 5281 2077 5319 ma-

397 5344 548 5416 gicis
588 5347 838 5414 artibus,
876 5352 938 5401 ut
971 5348 1190 5417 dicitis,
1219 5350 1322 5405 sed
1370 5351 1470 5406 Dei
1522 5352 1707 5408 nostri
1757 5357 1813 5408 et
1860 5352 2075 5407 viviﬁci

403 5434 533 5504 ejus
567 5434 824 5505 Spiritus
853 5435 1216 5494 invocatione
1256 5443 1313 5494 et
1359 5442 1719 5513 operatione,
1753 5443 1923 5498 caecis
1983 5442 2072 5496 vi-

404 5539 562 5592 sum,
597 5525 778 5580 mutis
806 5541 1167 5597 sermonem,
1202 5528 1432 5586 claudis
1463 5531 1824 5603 ingressum,
1856 5537 1915 5587 et
1962 5532 2073 5586 daa-

411 5611 698 5669 moniacis
728 5614 1059 5686 praebemus
1107 5619 1491 5676 curationem.
1539 5623 1801 5685 Quorum
1852 5637 1925 5677 ne
1959 5619 2074 5677 sibi

476 5735 547 5807 (')
573 5737 685 5796 Aut
718 5738 1036 5814 legendum
1065 5740 1290 5819 χείρονα
1323 5745 1450 5802 sine
1482 5743 1566 5814 οὐ,
1599 5761 1736 5803 cum
1769 5745 2060 5819 interpret

2172 5749 2237 5804 ut
2272 5745 2653 5804 scribendum
2685 5744 2750 5802 ού
2778 5743 3080 5824 κρείττονα.
3117 5747 3276 5806 Enrr.
3309 5745 3472 5804 Pars.
