4106 6410
383 457 495 511 605

1347 457 1539 524 VITA,
1582 455 1919 511 AUCTORE
1954 455 2274 511 SIMEONE
2313 458 2869 512 METAPHRASTE.

3711 455 3819 511 606

381 581 518 632 νῶσι
564 577 913 652 προσέχομεν
965 571 1132 630 ἴασιν·
1197 571 1274 630 ὧν
1333 571 1458 630 οὐδὲ
1515 575 1725 636 έαυτοῖς
1783 571 1936 629 οὐδὲν
1993 574 2045 628 οἱ

2161 577 2400 648 quidem
2424 577 2868 650 possuntvestri
2891 576 2972 632 dii
2995 576 3319 650 quidquam
3344 577 3694 650 praebere,ut
3715 577 3817 649 qui

384 667 642 744 ὑμέτεροι
702 665 838 732 θεοὶ,
875 666 965 719 ἅτε
997 663 1130 735 ξύλα
1157 664 1248 719 καὶ
1281 663 1451 732 λίθοι,
1488 661 1673 718 δοῦναι
1708 661 2047 734 δεδύνηνταιο

385 753 579 828 Στόμα
636 755 739 829 γὰρ
798 749 1023 828 ἔχουσι,
1082 753 1171 808 καὶ
1224 753 1285 807 οὐ
1344 751 1604 808 λαλοῦσιν
1637 771 1650 783 ⁸
1708 751 2046 830 ὀφθαλμοὺς,

380 845 470 899 καὶ
554 843 616 898 ού
693 843 1028 919 βλέπουσιν·
1091 845 1232 912 ὦτα,
1287 844 1374 897 καὶ
1432 841 1531 896 οὐκ
1583 842 1890 897 ἀκούουσιν.
1953 843 2047 896 ’Ἑν

378 937 546 988 τοῦτο
601 933 767 1006 μόνον
801 933 927 1005 ὑμῖν
972 931 1268 1007 ἐνεργοῦσι,
1296 932 1358 985 τὸ
1389 930 1753 1001 ἀτελεύτητον
1783 936 1890 1006 πῦρ
1923 930 2048 985 ἀνα-

381 1021 703 1100 φλέγουσιν.
741 1020 1028 1083 »Τούτοις
1057 1022 1322 1076 ἀντειπεῖν
1376 1021 1440 1074 οὐ
1474 1018 1785 1090 δυνηθέντες
1843 1020 1893 1073 οἱ
1949 1018 2048 1074 τύ-

382 1131 586 1188 ραννοι,
623 1109 791 1187 δριμύ
821 1133 873 1165 τι
905 1111 994 1166 καὶ
1027 1111 1340 1188 παράφορον
1395 1108 1470 1171 εἷς
1501 1108 1697 1172 αὐτοὺς
1743 1105 2045 1177 ὑπιδόντες,

380 1201 566 1256 καὶτὰ
617 1199 742 1278 ξίφη
778 1198 1136 1274 σπασάμενοι,
1187 1199 1323 1274 πρὸς
1368 1199 1460 1253 τὸν
1490 1197 1653 1276 φόνον
1703 1195 2046 1266 ὁπλίζονται’

381 1291 478 1346 καὶ
537 1286 605 1358 δὴ
665 1291 742 1352 ὡς
792 1289 899 1343 ἀπὸ
953 1289 1190 1362 σημείου
1248 1287 1477 1351 τούτους
1537 1286 1885 1363 ἐξαγαγόντες
1945 1293 2045 1355 τῆς

380 1378 627 1447 πόλεως,
689 1377 776 1433 ἐπί
836 1399 959 1434 τινα
1016 1379 1257 1456 κορυφὴν
1311 1375 1595 1451 δεσμώτας
1623 1376 1903 1453 ἀνάγουσι,
1956 1376 2043 1430 καὶ

377 1472 499 1530 τοῖς
548 1465 775 1540 δημίοις
805 1467 870 1522 τὰ
923 1467 1059 1542 πρὸς
1117 1467 1325 1543 σφαγὴν
1377 1465 1770 1542 ἐγχειρίζουσι.
1834 1464 2046 1537 Μεταξὺ

381 1554 442 1612 δὲ
494 1559 686 1632 καιρὸν
766 1554 818 1611 ο⁸ί
894 1555 1043 1630 ἅγιοι
1102 1555 1313 1610 αἰτοῦσι
1351 1561 1714 1631 Ἦροσευχῆς,
1769 1555 1857 1609 καὶ
1916 1553 2047 1630 γόνυ

377 1644 690 1702 κλίνουσιν.
752 1647 838 1700 Ἐν
896 1643 1142 1717 τοσούτῳ
1201 1642 1258 1699 δὶ
1317 1645 1345 1699 ὁ
1403 1645 1730 1720 ἱερομάρτυς
1761 1644 1858 1698 τοῦ
1911 1644 2048 1719 Χρι-

379 1739 512 1791 στοῦ
581 1734 898 1803 Διονύσιος,
955 1734 1018 1789 τὸ
1071 1730 1230 1807 ὄμμα
1287 1733 1364 1796 εἰς
1423 1732 1686 1803 οὐρανοὺς
1745 1732 2044 1793 ἀνατείνας’

380 1847 410 1875 ‹‹
449 1823 694 1878 Δέσποτα
751 1823 848 1878 Θεέ
901 1822 1298 1898 παντόκρατορ,
1345 1822 1473 1893 Υἱὲ,
1529 1823 1683 1899 φησὶ,
1739 1821 2045 1897 μονογενὲς,

378 1913 475 1968 καὶ
509 1915 664 1988 ἅγιον
698 1916 936 1984 Πνεῦμα,
968 1911 1138 1988 Τριὰς
1194 1911 1320 1986 ἁγία
1374 1908 1580 1985 ἄναρχε
1626 1911 1718 1964 καὶ
1767 1911 2045 1984 ἀμέριστε,
2083 1956 2126 2021 Β

476 2001 488 2021 9
534 1998 558 2021 θ
593 2002 614 2021 ν
773 2001 787 2018 \
924 2004 951 2015 υ
1081 2005 1104 2015 ο
1206 1998 1229 2021 β
1281 1997 1325 2021 ΙἾ
1479 1998 1492 2021 Ἰ
1597 1999 1632 2021 κ’
1653 2019 1664 2021 -
1695 2001 1708 2021 Ι
1857 2002 1866 2021 Ι
1921 1999 1993 2021 --λ
2015 2020 2024 2021 κ

379 1998 673 2077 πρόσδιξαι
728 2001 825 2063 τὰς
883 2004 993 2055 τῶν
1039 2005 1147 2054 σῶν
1202 1997 1417 2054 δούλων
1475 1998 1528 2054 έν
1591 1999 1781 2075 εἰρήνῃ
1843 1999 2047 2074 ψυχὰς,

382 2088 472 2144 δτι
528 2086 685 2144 ἕνεκά
741 2109 839 2144 σου
899 2088 1294 2161 θανατούμεθα.
1361 2112 1388 2138 ››
1449 2089 1548 2144 Καὶ
1608 2093 1716 2142 τῶν
1778 2087 1945 2163 ἁγίων
1984 2089 2047 2142 τὸ

382 2202 413 2232 α
446 2181 631 2252 Ἀμὴν
666 2200 692 2231 ν
717 2177 1204 2256 ἐπιφωνησάντων,
1229 2177 1368 2252 πρὸς
1389 2175 1518 2240 τοὺς
1540 2175 1773 2250 δημίους
1798 2175 2049 2252 ἐπιστρα-

379 2268 524 2345 φεὶς,
561 2291 588 2320 ί(
621 2269 697 2326 Τὸ
753 2266 1039 2323 κελευσθὲν
1091 2269 1217 2339 ὑμῖν
1277 2265 1564 2336 ἐκτελεῖτε,
1595 2290 1625 2318 ››
1670 2266 1855 2344 φησίν,
1889 2268 1956 2324 Οἱ
1989 2263 2046 2320 δὲ

373 2357 570 2430 πρῶτα
622 2357 718 2430 μὶν
765 2358 865 2426 την
906 2361 1005 2410 τοῦ
1052 2355 1320 2430 μακαρίου
1365 2353 1671 2426 Διονυσίου,
1726 2357 1842 2409 εἶτα
1889 2356 2046 2412 Ῥου-

373 2450 568 2501 στικοῦ
618 2445 706 2500 καί
761 2439 1106 2521 Ἐλευθερίου
1165 2443 1486 2517 ἰκτέμνουσι
1544 2441 1831 2522 κεφαλήν.
1888 2441 2046 2522 Ἀλλξ

372 2532 507 2589 οὐδὲ
566 2535 747 2607 τούτῳ
804 2538 922 2604 σοῦ,
970 2533 1238 2602 Διονύσιε,
1299 2533 1326 2587 ὁ
1387 2531 1475 2588 διὰ
1507 2534 1565 2588 σὲ
1604 2532 1792 2588 παθὼν
1845 2537 1943 2589 τοῦ
1975 2512 2044 2588 διν

373 2623 538 2678 αὐτὸν
571 2625 902 2694 θνήσκοντος
933 2621 1317 2692 ἐπιλέλησται·
1352 2621 1497 2677 ἀλλά
1534 2643 1585 2676 τι
1635 2622 1724 2677 καὶ
1771 2622 1894 2698 περὶ
1941 2623 2040 2690 τὴν

371 2711 620 2788 έκτομὴν
675 2713 954 2788 τεράστιον
1015 2709 1402 2768 ἐπιδείκνυται.
1458 2711 1558 2766 Καὶ
1617 2712 1718 2787 γὰρ
1775 2713 1874 2780 τήν
1920 2712 2042 2766 έαυ-

367 2806 470 2857 τοῦ
529 2799 801 2877 κεφαλὴν,
860 2799 1042 2875 ὥσπερ
1101 2823 1158 2856 τι
1220 2796 1499 2876 βραϐεῖον,
1559 2798 1611 2854 ἐν
1642 2805 1760 2854 ταῖν
1794 2805 1983 2876 χεροῖν
2015 2800 2041 2854 ὁ

375 2892 584 2966 μάρτυς
645 2887 954 2963 δεξάμενος,
1013 2888 1093 2968 ἂρ’
1152 2891 1331 2944 ἱκανὸν
1389 2889 1558 2944 τόπον
1622 2886 1834 2944 δίεισιν.
1871 2893 2042 2965 Ἔφε-

373 3001 462 3056 ρεν
512 2979 606 3034 οῦν
659 2982 760 3049 τὴν
816 2977 1086 3056 κεφαλὴν,
1144 2981 1384 3054 καθάπερ
1416 3001 1467 3034 τι
1498 2977 1784 3054 τρόπαιον,
1820 2977 1906 3033 ἐπὶ
1935 2983 2043 3033 τῶν

375 3075 582 3147 χειρῶν
622 3069 804 3141 αὐτὸς,
859 3069 962 3124 ὑπὸ
997 3067 1142 3131 θείας
1186 3067 1400 3130 πάντως
1429 3067 1727 3146 φερόμενος
1789 3070 2040 3145 χάριτος,

372 3161 466 3216 καὶ
527 3158 591 3214 ού
623 3159 888 3234 πρότερον
932 3158 1120 3228 ἀνῆκε,
1179 3156 1306 3234 πρίν
1366 3157 1456 3212 ὅτε
1513 3155 1580 3228 δὴ
1636 3159 1846 3235 γυναικί
1904 3159 2043 3212 κατὰ

372 3247 522 3302 Θείαν
601 3249 820 3310 πάντως
887 3249 1226 3322 συνενεχθεὶς
1284 3249 1546 3324 πρόνοιαν
1604 3247 1813 3318 ἐκείνης
1871 3245 2041 3303 παλά-

373 3357 525 3410 μαις,
606 3338 698 3393 οἷά
767 3357 887 3392 τινα
960 3338 1254 3412 θησαυρὸν,
1313 3336 1618 3401 ἐναπέθετο.
1672 3340 1921 3394 Ἔκειντο
1982 3325 2113 3391 δὶα

370 3423 729 3499 ἀμελούμενα
780 3426 849 3480 τὰ
904 3429 1010 3479 τῶν
1072 3424 1238 3499 ἁγίων
1301 3426 1590 3502 μαρτύρων
1621 3426 1781 3498 τίμια
1811 3426 2040 3497 σώματα

373 3515 539 3588 θηρσὶ
590 3515 730 3591 βορὰ
780 3515 870 3569 καὶ
919 3513 1133 3590 ὀρνέοις
1191 3515 1546 3590 προκείμενα,
1593 3514 1737 3590 μηδὲ
1766 3522 1866 3586 τῆς
1897 3535 2042 3570 νενο-

375 3604 650 3676 μισμένης
678 3601 924 3680 λαχόντα
953 3611 1149 3682 ταφῆς.

444 3693 512 3750 Οἱ
570 3697 757 3766 μέντοι
818 3690 1012 3765 δήμιοι
1073 3689 1200 3748 οὐδὲ
1261 3691 1426 3769 μέχρι
1484 3691 1683 3748 τούτου
1732 3700 1832 3762 τῆς
1872 3693 2044 3770 ὀργῆς

372 3779 624 3852 ἔστησαν·
669 3780 934 3837 ἀλλὰκαὶ
990 3786 1111 3842 τοῖς
1173 3779 1457 3854 λειψάνοις
1516 3782 1701 3844 αὐτοῖς
1733 3782 2044 3855 ἐπιμαίνον-

374 3891 486 3940 ται,
544 3868 790 3945 θαλάσσῃ
854 3867 1040 3926 δοῦναι
1094 3871 1184 3925 καὶ
1234 3872 1382 3946 βυθῷ
1435 3871 1911 3946 προθυμούμενοι,
1970 3872 2044 3933 ὡς

375 3959 438 4015 ἂν
503 3961 579 4033 μὴ
624 3959 720 4022 τὰς
779 3959 963 4027 αὐτὰς,
1014 3960 1103 4014 καὶ
1152 3959 1342 4035 ἄψυχα
1395 3956 1544 4033 ὄντα,
1605 3963 2047 4038 θαυματουργίας

374 4046 746 4120 ἐνδείξαιντο,
819 4047 1102 4114 κάντεῦθεν
1158 4048 1357 4123 ’ὲλξωσι
1416 4049 1546 4112 τοὺς
1605 4048 1854 4112 πολλοὺς
1911 4051 2050 4124 πρὸς

375 4138 688 4216 ἐπίγνωσιν.
736 4141 806 4196 "0
869 4136 959 4209 δὴ,
1023 4140 1096 4201 ὡς
1154 4139 1342 4202 αὐτοῖς
1403 4136 1572 4209 ἔδοξε,
1629 4141 1845 4216 γέγονεν
1880 4137 1965 4208 ἃν,
1998 4133 2048 4194 εἷ’

377 4230 455 4302 μὴ
503 4233 572 4302 τῇ
632 4233 851 4304 πονηρᾷ
904 4228 1074 4303 ταύτῃ
1112 4229 1283 4304 πέρας
1333 4228 1692 4304 ἐπενεχθῆναι
1723 4227 1906 4305 βουλῆ
1936 4226 2048 4284 διευ

371 4315 617 4372 κώλυσεν
669 4318 698 4372 ὁ
760 4314 914 4380 Θεὸς.
975 4316 1285 4390 Αῗσθυμένη
1326 4317 1430 4392 γὰρ
1456 4323 1552 4371 τοῦ
1588 4315 1968 4392 βουλεύματος
2011 4319 2045 4387 ἡ

369 4406 475 4476 τὴν
523 4407 712 4480 τιμίαν
767 4411 848 4478 τῷ
909 4410 1026 4479 Θεῷ
1073 4405 1318 4484 κεφαλὴν
1376 4402 1640 4480 δεξαμένη
1692 4403 1888 4480 (ὄνομα
1945 4413 2046 4460 Κα-

374 4494 551 4551 τούλα
601 4500 671 4570 τῇ
728 4495 964 4573 γυναικί)
1022 4494 1300 4550 κοινοῦταί
1329 4516 1451 4550 τινα
1501 4500 1620 4557 τοῖς
1652 4501 1869 4559 πιστοῖς
1901 4497 2045 4572 γνώ-

383 4606 492 4659 μην
549 4585 623 4648 ὡς
683 4586 912 4660 ἀρεστὴν
971 4590 1053 4656 τῷ
1111 4588 1228 4657 Θεῷ
1268 4584 1356 4638 καὶ
1420 4581 1742 4638 ἀπόδεκτον·
1795 4583 1885 4639 καὶ
1942 4606 2044 4639 πο-

2160 667 2282 722 sint
2309 667 2471 739 ligna
2490 673 2546 723 et
2568 667 2813 739 lapides.
2836 667 2906 724 Os
2935 669 3083 722 enim
3116 666 3341 737 habent,
3365 675 3547 723 etnon
3581 668 3821 739 loquun-

2158 759 2253 809 tur
2274 775 2293 811 :
2314 758 2523 825 oculos,
2546 766 2600 812 et
2628 775 2744 812 non
2776 759 3009 813 vident:
3031 772 3219 827 aures,
3243 761 3436 812 etnon
3458 756 3700 812 audiunt
3719 757 3816 829 (1;),

2161 844 2353 900 Unum
2387 847 2495 902 hoc
2518 847 2708 902 solum
2730 847 2896 902 vobis
2920 846 3220 902 efﬁciunt:
3249 847 3576 901 accendunt
3599 849 3820 918 ignem,

2161 935 2256 1004 qui
2286 953 2588 1006 nunquam
2613 936 2908 991 desinet.»
2935 937 3234 990 Adversus
3254 935 3375 990 haec
3399 951 3530 989 cum
3555 952 3668 990 non
3697 951 3824 1006 p05'

2161 1029 2293 1079 sent
2315 1025 2547 1093 tyranni
2577 1025 2996 1091 contradicere,
3024 1030 3181 1080 torve
3212 1030 3269 1079 et
3301 1024 3509 1079 insane
3539 1040 3636 1079 eos
3666 1023 3824 1094 aspi-

2159 1113 2401 1183 cientes,
2438 1114 2661 1169 strictis
2692 1113 2908 1186 gladiis
2940 1131 3001 1169 se
3036 1120 3242 1185 parant
3273 1114 3427 1170 352
3462 1113 3534 1168 ad
3567 1112 3818 1180 caedem;

2159 1208 2217 1258 et
2246 1219 2402 1270 cum,
2437 1206 2718 1275 tanquam
2764 1201 2934 1274 signo
2966 1203 3124 1272 dato,
3149 1218 3248 1258 eos
3288 1202 3631 1257 eduxissent
3659 1205 3823 1256 extra

2158 1291 2728 1360 civitatem,vinctos
2769 1293 2995 1348 ducunt
3039 1294 3108 1347 ad
3162 1292 3462 1362 quoddam
3513 1306 3823 1356 cacumen,

2158 1385 2215 1436 et
2257 1383 2499 1436 tradunt
2544 1381 2871 1449 lictoribus,
2908 1386 2973 1436 ut
3020 1397 3118 1437 eos
3168 1379 3544 1436 interﬁciant.
3597 1380 3824 1435 Interea

2158 1475 2348 1526 autem
2387 1474 2591 1542 petunt
2620 1471 2804 1526 sancti
2847 1477 3082 1542 tempus
3116 1470 3416 1542 precandi,
3451 1469 3695 1525 ﬂectunt
3724 1485 3824 1540 ge-

2159 1577 2296 1615 nua.
2331 1561 2481 1614 Tum
2520 1567 2938 1615 sacrosanctus
2969 1560 3186 1614 Christi
3232 1569 3455 1627 martyr
3483 1558 3823 1631 Dionysius,

2159 1650 2408 1706 sublatis
2440 1651 2498 1704 in
2533 1651 2741 1705 cmlum
2776 1650 2964 1706 oculis
2989 1667 3003 1704 :
3031 1673 3056 1699 (ι
3087 1650 3330 1705 Domine
3375 1649 3529 1704 Deus
3559 1648 3826 1720 omnipo-

2157 1745 2309 1806 tens,
2369 1740 2500 1804 Fili,
2542 1740 2756 1811 inquit,
2808 1740 3131 1810 unigenite,
3182 1744 3239 1794 et
3286 1742 3488 1794 sancte
3545 1736 3821 1808 Spiritus,

2156 1833 2362 1885 sancta
2389 1830 2647 1884 Trinitas
2694 1829 2983 1901 principio
3028 1844 3258 1896 carens,
3291 1833 3348 1883 et
3374 1828 3436 1882 in
3471 1843 3647 1898 quam
3701 1843 3819 1882 non

2158 1919 2313 1973 cadit
2339 1918 2570 1988 divisio,
2596 1917 2832 1988 suscipe
2855 1934 3153 1973 servorum
3178 1921 3413 1972 tuorum
3447 1917 3502 1971 in
3529 1933 3671 1989 pace
3696 1915 3824 1970 ani-

2159 2024 2306 2076 mas,
2329 2007 2609 2079 quoniam
2645 2012 2881 2079 propter
2903 2013 2958 2062 te
2983 2012 3170 2061 morte
3196 2007 3509 2060 alﬁcimur.
3533 2024 3559 2058 ι»
3591 2005 3817 2060 Etcum

2158 2097 2369 2164 sancti,
2396 2119 2424 2147 «
2453 2102 2654 2162 Amen,
2675 2121 2696 2148 ι
2722 2095 3172 2161 acclamassent,
3199 2111 3516 2150 conversus
3548 2094 3620 2147 ad
3651 2093 3820 2148 licto-

2156 2202 2250 2241 res
2276 2202 2288 2241 :
2314 2209 2341 2234 ‹‹
2377 2185 2590 2251 Facite,
2613 2185 2826 2256 inquit,
2851 2185 3006 2256 quod
3043 2184 3152 2238 fuit
3183 2183 3348 2238 vobis
3384 2183 3758 2254 imperatum.
3790 2204 3811 2230 ι

2160 2275 2246 2330 Illi
2277 2279 2471 2330 autem
2515 2275 2772 2346 primum
2807 2274 3043 2345 quidem
3089 2273 3243 2328 beati
3296 2271 3576 2344 Dionysii,
3604 2271 3817 2326 deinde

2157 2364 2383 2420 Rustici
2422 2369 2478 2419 et
2518 2362 2832 2419 Eleutherii
2881 2367 3056 2434 caput
3104 2365 3437 2433 amputant.
3471 2361 3580 2417 Sed
3615 2376 3721 2414 nec
3752 2358 3814 2415 in

2155 2454 2266 2510 hoc
2308 2455 2545 2526 quidem
2580 2455 2634 2524 (ο
2661 2453 2922 2525 Dionysi)
2955 2452 3027 2523 is,
3059 2451 3161 2523 qui
3214 2460 3447 2522 propter
3495 2454 3552 2505 te
3599 2465 3812 2521 passus

2154 2547 2265 2610 est,
2300 2543 2411 2598 fuit
2441 2542 2659 2598 oblitus
2710 2543 2839 2614 ejus
2871 2542 2971 2612 qui
3014 2546 3250 2612 propter
3295 2541 3493 2612 ipsum
3525 2539 3811 2605 moritur;

2155 2635 2252 2688 sed
2289 2632 2637 2688 miraculum
2671 2633 2844 2688 etiam
2881 2631 3138 2686 ostendit
3160 2630 3218 2684 in
3244 2628 3666 2702 amputatione.
3689 2628 3818 2683 Ete-

2154 2723 2275 2777 nim
2308 2738 2443 2777 cum
2476 2738 2652 2776 suum
2685 2726 2862 2792 caput
2891 2725 3175 2791 tanquam
3219 2718 3453 2790 aliquod
3498 2717 3806 2789 praemium

2153 2815 2377 2879 martyr
2409 2811 2533 2866 suis
2573 2809 2898 2882 accEpisset
2936 2809 3233 2876 manibus,
3265 2807 3481 2863 transit
3510 2808 3582 2862 ad
3618 2822 3813 2860 remo-

2152 2901 2359 2956 tiorem
2394 2898 2613 2955 locum.
2638 2899 2877 2953 Ferebat
2897 2913 3032 2968 ergo
3068 2897 3194 2968 ipse
3217 2904 3390 2967 caput
3421 2895 3482 2950 in
3516 2893 3814 2961 manibus,

2151 2995 2434 3061 tanquam
2470 2988 2706 3060 aliquod
2742 2988 3089 3059 trophaaum,
3124 3003 3157 3041 a
3183 2985 3380 3040 divina
3409 2984 3651 3039 omnino
3682 2999 3817 3054 por-

2151 3085 2311 3134 tatus
2364 3081 2576 3150 gratia,
2620 3094 2809 3150 neque
2862 3076 3028 3148 prius
3072 3074 3319 3138 dimisit,
3352 3091 3527 3146 quam
3581 3071 3818 3128 mulieri

2151 3169 2349 3224 divina
2381 3169 2639 3238 quadam
2691 3167 2932 3222 omnino
2973 3181 3290 3220 occurrens
3339 3162 3722 3235 providentia,
3757 3159 3817 3214 in

2152 3257 2314 3312 illius
2366 3256 2642 3311 manibus
2673 3255 2970 3326 deposuit,
3002 3253 3179 3308 veluti
3213 3253 3528 3324 quemdam
3579 3249 3819 3305 thesau-

2155 3363 2310 3402 rum.
2342 3345 2630 3401 Jacebant
2661 3349 2858 3399 autem
2909 3341 3176 3414 neglecta
3222 3345 3562 3396 sanctorum
3597 3342 3820 3409 marty-

2154 3451 2285 3490 rum
2322 3433 2655 3489 veneranda
2703 3449 2968 3503 corpora,
3003 3430 3141 3486 feris
3174 3436 3229 3485 et
3261 3429 3470 3484 avibus
3521 3427 3590 3482 ad
3644 3427 3820 3481 eden-

2155 3527 2299 3581 dum
2331 3523 2615 3596 eXposita,
2649 3527 2706 3579 et
2739 3538 2844 3577 nec
2867 3521 3033 3591 justa
3063 3519 3298 3591 quidem
3332 3517 3650 3592 sepultura:
3682 3532 3824 3572 con-

2155 3619 2380 3668 secuta.

2231 3701 2484 3756 Lictores
2516 3703 2715 3756 autem
2747 3715 2819 3754 ne
2849 3697 3136 3754 hactenus
3159 3697 3399 3769 quidem
3431 3694 3607 3751 irasci
3638 3693 3821 3751 desie-

2157 3795 2318 3859 runt,
2342 3789 2444 3844 sed
2479 3790 2654 3844 etiam
2691 3788 2746 3842 in
2794 3787 2958 3860 ipsas
2989 3787 3196 3841 furunt
3229 3785 3531 3854 reliquias,
3556 3788 3819 3840 statuen-

2155 3883 2247 3934 tes
2273 3895 2372 3934 eas
2394 3878 2452 3932 in
2480 3878 2662 3932 maris
2693 3876 3053 3948 profundum
3087 3873 3391 3947 projicere,
3421 3891 3492 3929 ne
3519 3872 3601 3927 vel
3637 3869 3822 3926 inani-

2157 3973 2329 4022 matae
2362 3967 2660 4022 efﬁcerent
2689 3963 2998 4034 miracula,
3031 3968 3089 4020 et
3119 3963 3248 4019 ideo
3280 3962 3642 4018 attraherent
3672 3959 3823 4016 mul-

2155 4063 2248 4114 tos
2281 4061 2351 4114 ad
2385 4059 2770 4130 agnitionem.
2805 4057 2966 4120 Quod
3006 4056 3208 4123 etiam,
3236 4058 3301 4109 ut
3329 4053 3416 4109 eis
3448 4052 3641 4108 visum
3675 4055 3822 4121 erat,

2158 4149 2375 4203 factum
2399 4150 2578 4212 esset,
2598 4147 2710 4200 nisi
2734 4145 2843 4201 hoc
2867 4145 3089 4200 malum
3115 4142 3429 4198 consilium
3454 4141 3524 4195 ad
3548 4141 3820 4196 effectum

2157 4235 2368 4292 deduci
2392 4241 2541 4291 Deus
2562 4233 2981 4307 prohibuisset.
2998 4232 3142 4287 Nam
3163 4247 3296 4286 cum
3318 4229 3604 4284 sensisset
3619 4241 3819 4281 eorum

2157 4325 2423 4394 consilia,
2451 4342 2520 4380 ea
2549 4340 2680 4395 quae
2712 4322 3030 4392 pretiosum
3064 4320 3340 4391 martyris
3372 4327 3545 4389 caput
3574 4331 3819 4387 accepe-

2156 4421 2246 4469 rat
2266 4413 2521 4486 (mulieri
2546 4427 2758 4468 nomen
2783 4417 2908 4466 erat
2925 4409 3172 4478 Catule),
3195 4413 3450 4464 mentem
3475 4421 3644 4462 suam
3667 4421 3821 4460 com-

2157 4504 2500 4560 municabat
2539 4501 2831 4570 ﬁdelibus,
2867 4506 2932 4554 ut
2962 4499 3077 4555 Deo
3109 4503 3338 4570 gratam
3387 4502 3447 4553 et
3494 4499 3822 4567 acceptam.

2155 4595 2224 4649 Et
2256 4611 2389 4649 cum
2426 4591 2794 4664 splendidam
2826 4593 2882 4644 et
2913 4589 3134 4643 lautam
3162 4590 3508 4659 apparasset
3530 4599 3820 4649 mensam,

379 4672 588 4744 λυτελῆ
646 4675 994 4752 παραθεμένη
1035 4675 1136 4744 τήν
1189 4673 1481 4750 τράπεζαν,
1541 4672 1618 4735 εἷς
1649 4672 1888 4748 εὐωχίαν
1913 4673 2043 4735 τοὺς

2158 4682 2393 4738 lictores
2419 4678 2944 4753 accepitconvivio.
2965 4677 3207 4732 Interim
3231 4692 3388 4744 vero,
3406 4676 3546 4729 dum
3570 4671 3610 4727 ii
3633 4672 3826 4729 convi-

382 4761 622 4838 δημίους
684 4759 992 4836 παρέλαϐεν
1026 4809 1040 4822 .
1118 4765 1202 4819 Ἐν
1279 4763 1391 4836 ὅσῳ
1451 4759 1509 4818 δὲ
1567 4761 1715 4818 οὗτοι
1767 4762 2044 4817 εἱστιῶντο

381 4855 530 4931 παρὰ
557 4859 627 4920 τῆ
677 4855 915 4928 γυναιγὶ,
973 4859 1082 4910 τῶν
1139 4858 1348 4909 πιστῶν
1407 4874 1551 4915 τινες
1609 4852 1676 4907 τὰ
1731 4851 1889 4926 τίμια
1935 4856 2044 4907 τῶν

383 4944 670 5020 μαρτύρων
733 4940 1184 5018 ὑπολαμϐάνουσι
1228 4943 1458 5017 λείψανα
1506 4943 1597 4996 καὶ
1637 4941 1688 4995 έν
1720 4947 1801 5014 τῷ
1857 4941 2050 5020 ἀφανεῖ

376 5033 774 5097 κατατίθενται.
836 5035 1004 5104 Εἶτα,
1063 5037 1162 5102 τῆς
1216 5032 1452 5106 εὐωχίας
1509 5029 1896 5104 διαλυθείσης,
1931 5037 2046 5093 τοῖς

377 5119 606 5194 δημίοις
635 5123 697 5177 τὸ
745 5127 974 5199 πρᾶγμα
1017 5123 1335 5199 φωρᾶσασιν
1398 5122 1486 5176 ἐπὶ
1543 5123 1680 5196 μέγα
1734 5121 1825 5175 καὶ
1880 5118 2046 5175 πάλιν

375 5210 674 5266 ἆνεκινεῖτο
699 5212 765 5266 τὰ
793 5216 891 5266 τοῦ
933 5216 1110 5286 θυμοῦ
1164 5211 1254 5267 καὶ
1306 5209 1728 5288 διεθερμαίνετο·
1784 5207 1931 5265 ἀλλὰ
1984 5211 2049 5265 τὸ

323 5307 477 5381 κτῆς
508 5300 674 5377 ὀργῆς
708 5301 822 5371 ζέον
880 5303 944 5356 τὰ
997 5299 1147 5376 δῶρα
1204 5301 1490 5376 κατέψυξε,
1541 5302 1628 5356 καὶ
1680 5303 1742 5355 τὸ
1776 5298 1922 5356 πολὺ
1951 5304 2049 5355 τοῦ

381 5392 563 5464 θυμοῦ
593 5393 878 5468 χρήμασιν
935 5393 970 5461 ἡ
1020 5392 1157 5468 γυνή
1206 5391 1498 5468 παραλύει.
1551 5390 1835 5446 Κάκείνων
1868 5388 2049 5444 ἀπαλ-

387 5479 688 5553 λαγέντων,
747 5479 799 5535 ἔν
854 5502 962 5536 τινι
1015 5482 1082 5536 τὰ
1121 5486 1227 5536 τῶν
1285 5479 1576 5557 μαρτύρων
1611 5477 1844 5554 λείψανα
1872 5482 1907 5550 ἡ
1946 5501 2048 5553 μα-

387 5577 550 5644 καρία
621 5569 876 5627 Κατούλα
929 5569 1234 5646 ⁴δομήματι
1305 5569 1647 5644 κατατίθησι,
1703 5569 1890 5646 τρίτην
1949 5566 2048 5625 τοῦ

472 5786 550 5860 (k)
582 5785 728 5844 Psal.
760 5801 920 5856 cxm,
949 5787 1004 5844 5.
1035 5785 1101 5841 6.‘

2156 4771 2318 4825 vium
2351 4770 2584 4824 inibant
2615 4768 2771 4840 apud
2814 4766 3146 4834 mulierem,
3171 4764 3414 4835 quidam
3447 4779 3516 4818 ex
3549 4761 3826 4816 ﬁdelibus

2157 4859 2458 4930 accipiunt
2504 4862 2828 4928 martyrum
2876 4854 3175 4926 reliquias,
3209 4857 3266 4908 et
3296 4869 3397 4907 eas
3430 4849 3821 4906 abscondunt.

2157 4948 2400 5014 Deinde,
2424 4947 2587 5002 [inito
2610 4944 2897 5013 convivio,
2921 4960 3054 4998 cum
3079 4959 3205 4998 eam
3243 4957 3361 4996 rem
3399 4937 3822 5010 deprehendis-

2160 5043 2290 5092 sent
2320 5036 2578 5104 lictores,
2611 5033 2699 5088 ira
2731 5033 2895 5088 valde
2933 5037 3100 5087 erant
3138 5030 3375 5103 perciti;
3403 5028 3503 5083 sed
3535 5027 3819 5081 fervorem

2161 5126 2256 5181 irae
2289 5126 2574 5180 sedarunt
2603 5139 2867 5190 munera,
2893 5127 2951 5177 et
2978 5121 3380 5176 vehementem
3415 5117 3668 5172 furorem
3700 5114 3822 5169 dis-

2161 5214 2336 5271 solvit
2358 5214 2571 5268 mulier
2602 5211 2871 5284 pecunia.
2897 5213 3040 5265 Cum
3074 5208 3157 5263 illi
3185 5212 3379 5263 autem
3415 5205 3825 5273 recessissent,

2157 5305 2216 5360 in
2241 5304 2499 5376 quadam
2519 5303 2693 5357 domo
2712 5299 3173 5373 deponitCatula
3195 5303 3520 5368 martyrum
3546 5294 3824 5365 reliquias

2158 5394 2330 5448 tertio
2391 5391 2614 5446 mensis
2673 5389 2962 5455 Octobris,
3004 5387 3158 5444 353
3215 5384 3519 5440 miraculis
3575 5383 3822 5448 affatim,

2159 5482 2608 5554 proﬂuentibus,
2641 5479 2883 5552 perinde
2924 5494 2990 5533 ac
3039 5477 3236 5549 aliquo
3287 5475 3445 5531 fonte
3495 5471 3737 5545 pulchre
3766 5475 3824 5525 et

2159 5572 2418 5628 suaviter
2449 5575 2744 5626 manante.
2779 5567 2904 5624 Non
2939 5567 3192 5624 multum
3222 5563 3507 5638 temporis
3538 5563 3818 5618 interces-
