4106 6406
401 421 508 476 607

1631 425 1691 478 Β.
1732 421 2048 478 DIONYSII
2085 421 2590 478 AREOPAGITE.

3732 419 3833 474 608

402 546 500 616 sit,
532 550 589 602 et
618 545 1032 602 convenientes
1083 545 1391 602 christiani
1439 544 1729 618 templum
1784 544 2061 618 gloriosis

2181 538 2482 619 ὗκτωϐρίου
2552 544 2724 617 μηνὸς
2770 539 2995 617 ἄγοντος
3031 582 3043 595 .
3099 544 3220 597 Τῶν
3284 539 3340 598 8t
3393 541 3692 616 θαυμάτων
3751 542 3836 596 οἶά

402 635 657 692 excitant
685 636 1029 704 victoribus,
1063 641 1120 691 et
1149 635 1208 690 in
1240 635 1370 708 ipso
1402 650 1604 691 eorum
1639 634 1927 706 pretiosas
1959 637 2064 691 de-

402 728 634 796 ponunt
657 724 940 796 reliquias
966 741 978 779 :
1007 726 1076 780 ad
1111 725 1358 797 gloriam
1395 724 1487 779 Dei
1523 724 1806 787 Patris,et
1832 725 2064 779 Domini

405 814 588 869 nostri
620 817 762 870 Jesu
796 814 1050 869 Christi:
1078 832 1252 886 quem
1277 815 1442 868 decet
1483 813 1669 868 honor
1693 818 1748 867 et
1780 814 2063 883 adoratio,

403 920 560 958 nunc
591 909 649 958 et
676 920 930 976 semper,
965 908 1022 958 et
1049 904 1108 958 in
1140 903 1350 958 saecula
1383 903 1755 958 seculorum.
1792 910 2000 958 Amen.

2172 653 2318 694 τινος
2372 639 2555 707 πηγῆς
2613 634 2754 706 ὁμοῦ
2812 629 3046 700 ναούσης
3104 631 3193 686 καὶ
3247 629 3474 698 ἥδιστον
3511 673 3525 699 ,

2173 722 2610 798 προχεομένων,
2689 721 2749 776 ού
2824 718 2970 774 πολὺ
3043 720 3106 774 τὸ
3164 720 3214 773 ἐν
3277 722 3426 794 μέσῳ
3487 717 3835 781 συνελθόντες

2176 813 2499 885 Χριστιανοὶ
2559 813 2684 866 ναὸν
2742 816 2860 871 τοῖς
2907 807 3252 872 καλλινίκοις
3298 810 3641 886 ἀνεγείρουσι
3680 855 3694 876 ,
3753 809 3838 864 καὶ

2174 903 2242 956 τὰ
2278 902 2437 974 τίμια
2488 902 2696 956 τούτων
2762 901 2813 955 ἐν
2875 899 3022 971 αὐτῷ
3078 899 3391 954 ἀποτιθὲασι
3454 899 3708 973 λείψανευ
3770 897 3842 960 εἷς

3591 630 3834 707 ἀφθόνως

407 989 562 1061 δόξαι
625 996 762 1046 Θεοῦ
822 993 1056 1066 Πατρὸς,
1115 991 1204 1046 καὶ
1252 990 1453 1068 Κυρίου
1498 993 1660 1064 ἡμῶν
1708 992 1889 1062 Ἰησοῦ
1941 994 2197 1066 Χριστοῦ,
2249 991 2294 1062 ᾦ
2342 991 2536 1067 πρέπει
2579 993 2716 1064 τιμή
2749 989 2841 1046 καὶ
2871 990 3240 1065 προσκύνησις
3306 989 3380 1052 εἷς
3441 988 3575 1053 τοὺς
3630 987 3840 1051 αἰῶνας-

411 1081 611 1155 Ἀμήν.

731 1387 1033 1481 ΠΕΡΙ
1127 1386 1378 1483 ΤΟΥ
1458 1387 2150 1484 ΔΙΟΝΥΣΙΟΥ
2229 1386 2480 1484 ΤΟΥ
2561 1383 3528 1557 ΑΡΕἙΟΠΑΓΙΤΟΥ

1772 1586 1865 1636 ΕΚ
1901 1585 2031 1634 ΤΩΝ
2071 1583 2199 1635 ΤΟΥ
2241 1583 2487 1634 ΣΟΥΙΔΑ

1276 1831 1440 1924 DE
1516 1830 2115 1926 DIONYSIO
2187 1829 2987 1926 ABEOPAGITA

1927 2013 2031 2072 EX
2089 2013 2329 2074 SUIDA

569 2171 879 2233 Editionis
921 2171 1303 2234 Morellianm
1335 2173 1484 2233 anni
1517 2175 1693 2235 1662.
1728 2208 1806 2218 -
1838 2174 2070 2252 Interpi

1937 2273 2070 2314 ores

2181 2174 2406 2314 lPetro
2451 2173 2794 2250 Lansselio,
2832 2173 3320 2252 Gravelingano,
3359 2174 3508 2234 Soc.
3541 2172 3686 2232 Jesu

2199 2272 2326 2314 ero.

1937 2272 2326 2334 presbytero.

486 2537 798 2612 Dionysius
829 2541 1202 2613 Areopagita,
1227 2541 1540 2614 episcopus
1561 2541 1960 2607 Atheniensis,
1993 2539 2070 2596 vix

2261 2539 2542 2602 Διονύσιος
2600 2542 2627 2596 6
2688 2540 3102 2617 Ἀρειοπαγίτης
3136 2584 3149 2610 ,
3227 2538 3532 2601 ἐπίσκοπος
3590 2539 3833 2607 Ἀθηνῶν,

413 2627 961 2700 eloquentissimus,
983 2635 1158 2702 atque
1184 2632 1252 2685 ad
1287 2632 1541 2703 profana:
1564 2631 1886 2702 disciplinae
1911 2630 2074 2686 fasti-

409 2717 570 2788 gium
614 2724 943 2788 provectus,
979 2719 1212 2774 auditor
1244 2719 1405 2775 Pauli
1456 2721 1512 2774 in
1566 2721 1889 2776 christiana
1935 2720 2071 2776 reli-

405 2805 598 2878 gione,
624 2824 691 2862 ac
741 2808 814 2862 ab
864 2807 992 2879 ipso
1024 2809 1337 2880 episcopus
1369 2811 1732 2866 Athenarum
1785 2810 2074 2865 constitu-

405 2897 526 2961 tus,
547 2895 606 2950 in
629 2895 817 2968 patrio
836 2901 1033 2951 autem
1055 2897 1384 2954 Graecarum
1404 2898 1851 2970 disciplinarum
1875 2898 2070 2953 studio

407 2985 685 3040 omnibus
717 2985 1117 3058 praecellebat;
1145 3005 1278 3042 nam
1301 2987 1719 3059 cuiuslibet,ut
1746 2988 1827 3043 ita
1854 2988 2068 3055 dicam,

410 3088 538 3144 quae
585 3074 657 3128 ab
704 3074 852 3146 ipsis
895 3075 1245 3144 celebratur,
1271 3084 1439 3132 sectae
1484 3078 1897 3148 peretissimus
1927 3081 2066 3132 erat.

411 3162 513 3216 Hic
546 3162 788 3218 Paulum
821 3164 1065 3220 Athenis
1091 3167 1534 3222 concionantem
1562 3167 1805 3233 audivit,
1829 3172 1885 3222 et
1903 3167 2071 3223 Chri-

407 3255 569 3307 stum
603 3268 667 3307 ac
702 3255 1191 3310 resurrectionem
1239 3272 1372 3310 cum
1418 3256 1689 3312 libertate
1719 3256 1934 3313 Graecis
1965 3275 2072 3313 an-

408 3341 806 3412 nuntiantem,
832 3347 1006 3414 atque
1052 3343 1219 3400 Pauli
1251 3345 1516 3400 concioni
1550 3346 1725 3400 fidem
1758 3346 2072 3418 adhibens,

407 3431 480 3485 ab
513 3445 580 3485 eo
611 3430 928 3503 episcopus
971 3432 1349 3489 Atheniensis
1380 3433 1705 3489 ordinatur.
1742 3435 1943 3507 Itaque
1973 3435 2069 3491 Ti-

409 3518 570 3574 berio
602 3522 824 3575 Caesare
865 3521 1216 3591 imperante,
1246 3524 1484 3593 quando
1516 3528 1684 3578 aetate
1714 3523 1976 3592 ﬂorebat,
2009 3525 2070 3580 in

408 3609 720 3680 Egyptum
753 3609 916 3676 abiit,
951 3627 1083 3666 cum
1119 3612 1489 3683 sapientibus
1520 3612 1680 3667 illius
1711 3614 1820 3667 loci
1851 3613 2071 3668 versari

410 3697 686 3767 cupiens;
735 3697 931 3753 socius
981 3705 1176 3756 autem
1231 3701 1282 3756 ei
1333 3705 1458 3755 erat
1507 3699 1945 3771 Apollophanes
1973 3700 2072 3756 ille

411 3785 709 3857 SOphista,
728 3802 902 3857 quem
929 3787 1204 3843 Polemon
1233 3787 1609 3843 Laodicensis
1632 3788 1916 3860 Smyrnie,
1944 3787 2072 3841 Ari-

407 3873 580 3930 stidis
630 3881 972 3947 praeceptor,
999 3877 1236 3932 assidue
1285 3875 1528 3931 audivit.
1563 3881 1742 3931 Porro
1790 3875 2070 3930 salutaris

409 3963 710 4035 passionis
735 3964 952 4020 Christi
978 3965 1211 4020 Domini
1245 3970 1529 4037 tempore,
1557 3964 1732 4022 ambo
1753 3968 1921 4019 erant
1955 3963 2068 4020 He-

411 4051 611 4124 liopoli
645 4051 702 4107 in
731 4054 1007 4126 Egypto;
1055 4069 1311 4124 cumque
1341 4054 1605 4109 defectus
1653 4052 1797 4108 solis
1829 4069 1944 4108 non
1978 4069 2070 4109 se-

412 4143 674 4198 cundum
711 4149 985 4197 naturam
1020 4143 1184 4199 ﬁeret
1206 4147 1420 4215 (neque
1446 4144 1604 4198 enim
1637 4144 2075 4213 conjunctionis

411 4235 650 4306 tempus
684 4234 853 4304 erat),
876 4233 1338 4305 Apollophauem
1363 4233 1689 4306 sophistam
1723 4233 1845 4289 hac
1872 4239 2076 4291 sancto

413 4320 691 4393 Dionysio
742 4322 963 4376 dixisse
1015 4322 1246 4380 fertur:
1295 4323 1330 4378 0
1373 4324 1510 4379 bone
1556 4324 1804 4395 Dionysi,
1855 4323 2079 4379 divina-

413 4426 542 4465 rum
571 4426 760 4465 rerum
793 4411 1228 4469 vicissitudines.
1261 4413 1580 4486 Dionysius
1612 4413 1738 4486 ipse
1769 4413 1892 4469 haec
1920 4413 1971 4468 ei
2005 4414 2076 4468 ad

416 4500 764 4555 memoriam
799 4506 1032 4557 revocat
1082 4502 1140 4558 in
1189 4503 1439 4575 epistola
1471 4503 1540 4557 ad
1577 4519 1860 4574 magnum
1909 4502 2078 4576 Poly-

411 4605 653 4661 carpum
711 4591 974 4663 Smyrnae
1025 4592 1392 4666 episcopum.
1439 4593 1595 4649 854
1642 4591 2077 4663 Apollophanes

409 4678 567 4733 enim
599 4679 947 4752 Dionysium
998 4688 1237 4753 propter
1278 4680 1791 4737 Christianismum
1843 4681 2077 4751 injuriis

406 4765 756 4826 lacessebat.
782 4770 849 4825 Et
889 4771 970 4827 ait
995 4788 1009 4827 :
1039 4773 1114 4828 Tu
1144 4781 1330 4828 autem
1359 4774 1449 4827 ais
1487 4787 1573 4826 me
1601 4769 1669 4826 ab
1699 4771 2077 4842 Apollophane

408 4857 657 4929 sophista
689 4859 883 4915 invadi
909 4864 958 4916 et
985 4861 1329 4932 parricidam
1349 4860 1645 4932 appellari,
1668 4858 1813 4931 quod
1841 4858 1903 4914 in
1935 4858 2079 4914 Grae-

409 4962 497 5002 cos
533 4949 706 5019 impie
737 4947 1046 5005 Grecorum
1081 4957 1213 5004 utar
1261 4950 1586 5004 sententiis?
1614 4951 1771 5020 atqui
1802 4952 1985 5004 verius
2014 4965 2078 5004 ac

411 5036 620 5102 iustius
650 5038 704 5093 ei
726 5039 963 5108 objicere
989 5044 1330 5110 poteramus,
1355 5037 1569 5095 (ἔγχευε
1601 5037 1796 5093 divina
1825 5040 2074 5094 testimo-

410 5125 512 5179 nia
552 5143 662 5182 non
722 5126 983 5198 religiose
1028 5138 1224 5183 contra
1273 5127 1463 5182 divina
1510 5144 1800 5197 usurpare,
1834 5129 1930 5199 qui
1979 5129 2078 5184 Dei

411 5212 664 5269 divinum
694 5215 914 5271 cultum
957 5221 1120 5288 atque
1168 5217 1500 5289 religionem
1550 5216 1747 5273 tollere
1772 5226 2075 5280 conentur;

2181 2629 2323 2705 ἀνὴρ
2357 2627 2824 2705 ἐλλογιμώτατος,
2874 2629 2964 2684 καὶ
3017 2636 3117 2700 τῆς
3152 2628 3464 2700 ὲλΙ.ηνικῆς
3499 2625 3739 2688 παιδείας
3766 2623 3829 2687 εἲς

2183 2715 2344 2795 ἄκρον
2407 2717 2720 2790 ἐληλακὼς,
2781 2721 3052 2787 ἀκουστὴς
3128 2717 3353 2776 Παύλου
3415 2719 3552 2794 πρὸς
3603 2717 3699 2784 τήν
3742 2717 3827 2770 τοῦ

2182 2812 2602 2883 χριστιανισμοῦ
2663 2811 2975 2884 θρησκείαν,
3043 2809 3134 2863 καὶ
3184 2809 3271 2863 ὑπ’
3340 2808 3516 2862 αὐτοῦ
3581 2825 3826 2860 καταστα-

2183 2897 2294 2961 θεὶς
2349 2897 2426 2960 είς
2470 2897 2632 2960 αὐτὰς
2666 2899 2763 2959 τὰς
2807 2898 3041 2968 Ἀθήνας
3073 2896 3399 2960 ἐπίσκοπος·
3448 2897 3582 2970 πρὸς
3638 2891 3692 2949 δὲ
3736 2893 3822 2961 τὴν

2181 2986 2405 3060 πάτριον
2485 2991 2592 3041 τῶν
2643 2986 2951 3058 ἐλληνικῶν
3017 2987 3358 3060 μαθημάτων
3431 2982 3651 3055 ἄσκησιν
3707 2983 3824 3037 πάν-

2179 3096 2289 3130 των
2344 3074 2725 3151 προύκέκριτο·
2788 3075 3015 3145 ἑκάστης
3043 3075 3171 3150 γὰρ,
3201 3076 3274 3137 ὡς
3330 3075 3534 3142 εἰπεῖν,
3596 3072 3823 3146 αἱρέσεως

2181 3167 2278 3233 τῆς
2340 3164 2430 3218 ὑπ’
2487 3163 2661 3218 αὐτῶν
2717 3159 3161 3240 πρεσϐεύομεν-ης
3194 3163 3244 3219 ἐν
3274 3162 3472 3238 πολλῇ
3505 3161 3816 3230 καθειστήκει

2180 3257 2248 3326 τῇ
2306 3253 2486 3329 πείρᾳ.
2546 3251 2720 3316 Οὗτος
2775 3251 2978 3322 ἤκουσε
3025 3253 3246 3308 Παύλου
3308 3251 3745 3327 δημηγοροῦντος
3772 3247 3816 3302 ἐν

2181 3343 2458 3414 Ἀθήναις,
2510 3342 2725 3397 καὶτὸν
2777 3343 3007 3417 Χριστὸν
3059 3341 3150 3397 καὶ
3207 3343 3308 3411 τὴν
3361 3342 3642 3397 ἀνάστασιν
3701 3334 3817 3411 μετὰ

2181 3430 2493 3508 παῤῥησίας
2539 3437 2656 3493 τοῖς
2722 3429 2992 3502 Ἕλλησιν
3039 3430 3555 3507 εὐαγγελιζομένου·
3608 3426 3690 3483 καὶ
3737 3447 3818 3480 πι-

2184 3522 2405 3583 στεύσας
2435 3525 2516 3593 τῷ
2549 3520 2770 3577 Παύλου
2827 3521 3167 3596 κηρύγματι,
3229 3521 3317 3575 ὑπ’
3376 3522 3542 3576 αὐτοῦ
3596 3516 3680 3573 καὶ
3729 3516 3814 3582 τῆς

2181 3609 2400 3672 πόλεως
2441 3609 2754 3665 ἐπισκοπεῖν
2813 3609 3080 3666 τάττεται.
3140 3610 3285 3664 Κατὰ
3346 3613 3476 3685 γοῦν
3532 3609 3628 3676 τήν
3656 3603 3812 3679 ἀρχὴν

2179 3693 2438 3772 Τιϐερίου
2470 3699 2753 3772 Καίσαρος,
2785 3698 2875 3754 ὅτε
2906 3695 2971 3768 δὴ
3019 3699 3110 3754 καὶ
3153 3698 3252 3767 τὴν
3298 3697 3524 3768 ἡλικίαν
3573 3693 3810 3766 ἤκμαζεν,

2182 3787 2386 3860 ἀπῆρεν
2439 3786 2516 3848 εἷς
2561 3785 2858 3864 Αἴγυπτον,
2918 3793 3035 3850 τοῖς
3091 3786 3263 3843 ἐκεῖσε
3322 3792 3517 3865 σοφοῖς
3570 3783 3810 3857 ὁμιλῆσαι

2180 3873 2537 3952 γλιχόμενος·
2594 3883 2753 3945 συνῆν
2799 3875 2856 3932 δὲ
2911 3877 3058 3949 αύτῷ
3117 3875 3547 3956 ’Λπολλοφάνης
3575 3867 3809 3930 ἐκεῖνοςδ

2182 3966 2463 4040 σοφιστὴς,
2509 3964 2571 4018 οὗ
2621 3964 2894 4039 ΙῙολὲμων
2935 3967 2964 4021 6
3016 3963 3316 4028 Λαοδικεὺς
3365 3967 3416 4022 ἐν
3473 3965 3683 4039 Σμύρνῃ
3707 3956 3810 4025 διή·

2181 4073 2402 4124 κουσεν,
2462 4053 2489 4106 6
2547 4050 2876 4116 διδάσκαλος
2933 4052 3301 4130 Ἀριστείδου.
3366 4053 3514 4112 Κατὰ
3562 4054 3680 4128 γοῦν
3731 4045 3808 4100 τὸν

2182 4141 2368 4216 καιρὸν
2428 4145 2524 4196 τοῦ
2582 4141 2860 4216 σωτηρίου
2911 4145 3118 4206 πάθους
3163 4148 3262 4198 τοῦ
3309 4143 3578 4198 Δεσπότου
3607 4134 3812 4212 Χριστοῦ

2184 4228 2350 4305 ἄμφω
2399 4227 2539 4301 ἤτην
2573 4229 2622 4285 ἐν
2655 4229 3014 4287 Ἡλιουπόλει
3066 4235 3136 4306 τῇ
3188 4231 3239 4288 ἰν
3291 4231 3573 4306 Αἴγύπτῳ.
3635 4224 3724 4280 Καὶ
3752 4218 3808 4285 δὴ

2181 4323 2280 4388 τῆς
2327 4319 2565 4389 ἡλιακῆς
2598 4319 2898 4394 ἐκλείψεως
2949 4319 3012 4375 ού
3056 4321 3192 4376 κατά
3239 4319 3400 4398 φύσιν
3451 4312 3811 4394 γεγενημένης»

2187 4407 2272 4483 (ού
2322 4408 2425 4483 γὰρ
2475 4409 2541 4478 ἦν
2571 4407 2796 4464 συνόδου
2824 4405 3063 4486 καιρός)
3103 4409 3270 4465 εἰπεῖν
3323 4410 3533 4484 λέγεται
3563 4405 3690 4481 πρὸς
3731 4398 3806 4452 τὸν

2189 4496 2451 4573 μακάριον
2529 4499 2805 4554 Διονύσιον
2881 4499 2974 4553 τὸν
3052 4499 3313 4577 σοφιστὴν
3389 4488 3803 4577 Ἀπολλοφάνην·

2182 4591 2396 4656 Ταῦτα,
2457 4588 2501 4640 ὧ
2559 4585 2694 4641 καλέ
2753 4586 3019 4656 Διονύσιε,
3071 4574 3300 4662 ἀμοιϐαὶ
3360 4587 3519 4642 θείων
3575 4574 3804 4662 πραγμᾷ-

2181 4681 2312 4732 τῶν.
2377 4675 2724 4748 Μνημονεύει
2776 4673 2834 4730 δί
2887 4677 3096 4731 τούτων
3156 4677 3183 4731 6
3242 4675 3403 4739 αὐτὸς
3462 4671 3723 4730 Διονύσιος
3762 4661 3804 4715 ἒν

2183 4769 2250 4840 τῇ
2282 4767 2418 4842 πρὸς
2469 4764 2830 4841 Πολύκαρπον
2862 4767 2956 4820 τὸν
2991 4767 3154 4842 μὲγαν
3204 4764 3492 4838 ἐπιστολῇ,
3533 4762 3620 4817 τὸν
3649 4751 3802 4842 Σμύ-ρ·

2181 4839 2280 4926 νης
2327 4839 2644 4911 ἐπίσκοπονο
2678 4839 2743 4924 ἦν
2795 4857 2900 4932 γὰρ
2932 4857 2959 4910 ὁ
3009 4839 3430 4934 Ἀπολλοφάνης
3457 4856 3534 4924 τῷ
3570 4839 3799 4909 Διονυσίῳ

2179 4950 2278 5000 τοῦ
2309 4949 2731 5022 χριστιανισμοῦ
2787 4942 2941 5000 ἕνεκα
2972 4943 3511 5022 διαλοιδορούμενος.
3542 4936 3642 4996 Καί
3667 4943 3798 5022 φησιο

2184 5034 2260 5090 Σὺ
2416 5033 2524 5114 φῂς
2584 5015 2959 5108 λοιδορεῖσθαί
3021 5056 3114 5108 μοι
3161 5015 3254 5090 τὸν
3313 5015 3798 5119 σοφιστὴνᾉἊπολ-

2182 5121 2451 5201 λοφάνην,
2537 5123 2629 5178 καὶ
2713 5121 3055 5200 πατραλοίαν
3148 5123 3478 5188 ἀποκαλεῖν,
3558 5117 3626 5176 ὡς
3700 5117 3797 5163 τοῖς

2179 5212 2462 5285 Ἑλλήνων
2541 5212 2629 5268 ἐπὶ
2716 5213 2842 5276 τοὺς
2916 5210 3196 5284 Ἕλληνας
3272 5212 3377 5288 ούχ
3455 5206 3608 5264 ὁσίως
3668 5212 3796 5272 χρω·

411 5307 468 5358 et
497 5301 675 5374 paulo
708 5309 844 5376 post
876 5321 888 5360 :
921 5306 1026 5361 Sed
1069 5305 1495 5377 Apollo/phanem
1539 5308 1713 5362 etiam
1744 5308 1924 5377 ipsum
1953 5307 2070 5362 dico

2189 5304 2355 5376 μένῳ,
2428 5303 2606 5358 καίτοι
2675 5303 2810 5378 πρὸς
2886 5302 3048 5357 αὐτὸν
3123 5303 3272 5375 ἡμᾶς
3346 5302 3411 5370 ἦν
3477 5291 3796 5378 ἀληθέστερογ

411 5391 620 5447 divinis
671 5392 834 5448 rebus
884 5394 1100 5464 nefarie
1147 5397 1204 5450 in
1253 5398 1444 5451 divina
1491 5397 1624 5452 uti:
1689 5411 1881 5450 rerum
1926 5397 2074 5452 enim

412 5482 672 5552 scientia,
708 5497 836 5554 quae
883 5483 950 5538 ab
997 5501 1058 5540 eo
1103 5487 1248 5540 recte
1289 5484 1653 5557 philosophia
1698 5483 1926 5555 dicitur,
1959 5493 2011 5540 et
2038 5502 2074 5540 α

411 5569 600 5627 divino
647 5572 822 5627 Paulo
873 5574 976 5628 Dei
1016 5576 1298 5645 sapientia
1326 5575 1612 5646 appellata
1640 5577 1737 5641 est,
1769 5573 1840 5629 ad
1883 5582 2071 5629 aucto-

413 5675 531 5715 rem
561 5665 614 5716 et
645 5677 830 5718 rerum
859 5661 1109 5734 ipsarum
1135 5667 1186 5720 et
1213 5666 1463 5722 scientiae
1498 5665 1770 5736 ipsarum,
1805 5663 1921 5720 veri
1946 5663 2071 5736 phi-

2184 5364 2396 5460 simi’v,
2477 5393 2552 5454 ὡς
2625 5364 2899 5460 Ἕλληνες
2963 5395 3080 5454 τοῖς
3139 5364 3303 5454 θείοις
3367 5389 3471 5462 οὐχ
3521 5377 3670 5437 ὁσίως
3721 5364 3792 5462 ἐπιῖ

2179 5481 2246 5538 τὰ
2301 5453 2419 5537 θεῖα
2489 5485 2753 5557 χρῶνται,
2796 5453 2923 5535 ,διὰ
2989 5486 3090 5550 τῆς
3173 5480 3359 5560 σοφίας
3427 5453 3518 5570 τοῦ
3579 5465 3698 5570 Θερῦ
3741 5453 3792 5510 τὸ

2181 5573 2325 5626 θεῖον
2390 5566 2678 5627 ἐκϐάλλειν
2743 5571 3076 5645 πειρώμενοι
3137 5565 3332 5633 σέϐας·
3398 5563 3483 5621 καὶ
3539 5563 3661 5645 μετα
3708 5564 3786 5645 ξιι·

2179 5659 2344 5733 κρόν·
2404 5658 2584 5716 Ἀλλὰ
2640 5660 2728 5716 καὶ
2796 5633 2957 5721 αύτὸς
3015 5657 3437 5738 Ἀπολλοφάνης
3491 5647 3591 5720 οὐχ
3637 5633 3783 5738 ⁸εἷκτίως

415 5747 637 5822 losophi
683 5721 947 5817 excitare,
994 5751 1340 5826 perducique
1384 5721 1715 5809 debuerunt.
1748 5721 2070 5825 Daucia-que

2181 5721 2298 5814 τοῖς
2355 5745 2521 5815 θείοις
2549 5747 2636 5805 ἰπὶ
2675 5747 2742 5806 τὰ
2790 5751 2905 5814 θεῖα
2946 5752 3166 5824 γρῆται’
3224 5721 3294 5825 τῆξ
3349 5721 3445 5823 γὰρ
3487 5737 3586 5795 τῶν
3633 5721 3774 5783 ὄντων
