4106 6388
326 345 440 401 609

1739 337 1935 403 VITA,
1974 335 2079 390 EX
2116 337 2358 391 SUIDA.

3661 343 3769 397 610

327 470 534 546 γνώσει
603 463 790 528 καλῶς
860 462 1133 539 λεγομένῃ
1215 462 1351 538 πρὸς
1435 460 1603 517 αὐτοῦ
1679 455 1998 536 φιλοσοφίᾳ,

2115 458 2434 531 interjectis
2481 477 2494 516 :
2537 461 2850 534 Intelligere
2905 463 3147 520 debebat
3202 465 3622 539 Apollophanes,
3677 470 3775 539 qui

329 559 426 614 καὶ
502 557 641 633 πρὸς
711 558 808 610 τοῦ
885 553 1028 608 θείου
1105 550 1324 608 Παύλου
1391 551 1554 628 σοφίᾳ
1610 553 1744 605 Θεοῦ
1797 546 1996 619 κεκλη·

339 647 503 722 μένῃ,
565 645 702 718 πρὸς
752 644 846 698 τὸν
902 638 1076 697 αἶ’τιον
1137 642 1228 697 καὶ
1286 640 1462 696 αὐτῶν
1517 643 1626 695 τῶν
1678 636 1847 694 ὅντων
1903 638 1992 693 καὶ

334 745 438 808 τῆς
506 741 762 812 γνώσεως
830 731 1004 787 αὐτῶν
1079 730 1250 806 ἐχρῆν
1328 730 1610 804 ἀνάγεσθαι
1666 726 1794 790 τοὺς
1853 725 1994 797 ἀλη-

335 832 452 892 θεῖς
516 823 876 900 φιλοσόφους.
927 822 1033 877 Καὶ
1104 821 1239 894 μετὰ
1314 818 1566 896 βραχέα·
1621 815 1772 874 Ἔδει
1845 838 1996 871 συνι-

335 913 448 972 δεῖν
536 910 944 990 Απολλοφάνην
1035 910 1196 986 σοφὸν
1287 905 1436 978 ὄντα,
1508 909 1585 980 μὴ
1666 905 1726 961 ἂν
1811 905 1999 970 ἄλλως

334 1005 474 1061 ποτε
560 1001 858 1072 δυνηθῆναι
940 1006 1041 1069 τῆς
1115 997 1366 1074 οὐρανίας
1445 1018 1499 1050 τι
1584 1002 1997 1072 παρατραπῆναι

329 1095 539 1167 τάξεως
603 1091 696 1147 καὶ
765 1092 1056 1161 κινήσεως,
1105 1087 1156 1142 εἴ
1213 1088 1288 1161 μὴ
1346 1088 1436 1141 τὸν
1491 1091 1587 1140 τοῦ
1640 1087 1772 1141 εἶναι
1830 1083 1995 1153 αὐτὴν

333 1185 426 1240 καὶ
485 1182 747 1257 σύνοχὲα,
805 1181 896 1234 καὶ
954 1177 1126 1233 αῗίτιον
1177 1176 1324 1252 ἔχειν
1382 1175 1457 1238 εἷς
1515 1180 1677 1230 τοῦτο
1727 1179 1998 1242 κινοῦντα,

333 1273 426 1328 τὸν
517 1275 785 1327 ποιοῦντα
861 1270 1033 1323 πάντα
1113 1266 1203 1321 καὶ
1282 1265 1780 1339 μετασκευάζοντα,
1863 1263 2002 1319 κατά

333 1364 428 1418 τὸν
490 1362 637 1435 ἱερὸν
688 1359 874 1433 λόγον.
911 1357 1010 1412 Καὶ
1059 1355 1210 1418 αὖθις
1273 1356 1407 1428 μετὰ
1463 1355 1696 1430 μικρόν·
1759 1353 1892 1411 Elui
1944 1351 2003 1408 δὲ

337 1452 491 1523 αὐτῷ
527 1467 540 1482 ⁸
576 1449 645 1508 Τί
706 1446 883 1524 λέγεις
942 1447 1066 1522 περὶ
1122 1452 1224 1514 τῆς
1284 1444 1338 1499 ἂν
1394 1448 1472 1515 τῷ
1500 1443 1757 1518 σωτηρίῳ
1788 1447 2003 1517 σταυρῷ

336 1541 623 1615 γεγονυίας
706 1536 1043 1609 ἐκλείψεως;
1093 1533 1421 1612 Ἀμφοτὲρω
1493 1535 1596 1609 γὰρ
1665 1533 1809 1602 τότε,
1867 1532 2004 1588 κατὰ

338 1628 708 1687 Ἡλιούπολιν
787 1629 901 1699 ἅμα
971 1623 1206 1700 παρόντε
1265 1623 1356 1678 καὶ
1424 1626 1736 1690 συνεστῶτι,
1824 1642 2002 1697 παρα-

340 1717 516 1790 δόξως
587 1721 670 1789 τῷ
739 1715 887 1788 ἡλίῳ
950 1715 1048 1783 τήν
1107 1710 1344 1783 σελήνην
1388 1712 1760 1785 ἐμπίπτουσαν
1818 1711 2002 1786 ἕωρῶ-

345 1828 481 1882 μεν⁸
544 1805 607 1863 οὐ
652 1806 756 1881 γὰρ
815 1805 881 1874 ἧν
939 1801 1168 1858 συνόδου
1227 1803 1416 1878 καιρός
1450 1819 1465 1834 ⁸
1506 1799 1658 1865 αὖθίς
1708 1821 1766 1855 τε
1830 1801 2000 1868 αὐτὴν
2034 1846 2080 1912 Β

353 1898 367 1912 ς
425 1898 438 1912 ι
568 1903 594 1912 ..
719 1894 732 1912 τ
821 1896 831 1912 ι
1034 1891 1060 1912 ει
1261 1889 1353 1912 νη.
1460 1897 1522 1912 ί..
1631 1890 1853 1912 Laius,
1930 1888 1999 1912 Α,

339 1898 448 1954 ἀπὸ
527 1903 628 1966 τῆς
715 1894 939 1964 ἐννάτης
1022 1891 1168 1968 ὥρας
1255 1889 1386 1966 ἄχρι
1453 1897 1554 1960 τῆς
1629 1890 1854 1966 ἑσπέρας
1923 1888 2000 1952 εἷς

334 1987 438 2056 τὴν
527 1989 626 2041 τοῦ
701 1982 867 2054 ἡλίου
949 1979 1239 2056 διάμετρον
1341 1981 1626 2056 ὑπερφυῶς
1712 1979 2000 2034 ἀντικατα-

338 2082 559 2133 στᾶσαν.
614 2072 948 2146 Ἀνάμνησον
1004 2069 1060 2126 δὲ
1110 2092 1162 2124 τι
1232 2069 1324 2125 καὶ
1393 2066 1574 2144 ἕτερον
1633 2068 1794 2124 αὐτόν
1832 2085 1846 2098 ’
1895 2065 2006 2122 οἶδε

335 2166 443 2242 γὰρ
528 2164 612 2219 ὅτι
689 2163 778 2218 καὶ
855 2163 953 2230 τὴν
1017 2157 1296 2233 ἔμπτωσιν
1372 2156 1540 2228 αὐτὴν
1603 2157 1654 2228 ἐξ
1723 2156 2000 2212 ἀνατολῶν

337 2255 657 2330 ἑωράκαμεν
745 2250 1077 2326 ἀρξαμένην,
1157 2248 1248 2304 καὶ
1327 2249 1494 2323 μέχρι
1586 2250 1683 2301 τοῦ
1769 2244 2005 2316 ἡλιακοῦ

337 2344 574 2418 πέρατος
632 2339 920 2408 ἐλθοῦσαν,
992 2339 1105 2394 εἶτα
1180 2334 1576 2392 ἀναποδίσασαν
1613 2353 1626 2368 ·
1685 2335 1774 2390 καὶ
1851 2333 2004 2400 αὖθις

339 2432 444 2488 οὐκ
495 2431 555 2486 ἐκ
609 2435 708 2486 τοῦ
756 2429 920 2484 αὐτοῦ
965 2428 1054 2482 καὶ
1097 2429 1198 2497 τὴν
1249 2421 1526 2500 ἔμπτωσιν
1575 2426 1664 2480 καὶ
1725 2426 1824 2494 τὴν
1877 2425 2004 2480 ἀνα-

337 2523 623 2596 κάθαρσιν,
693 2517 821 2575 ἀλλ’
894 2518 953 2572 ἐκ
1027 2521 1124 2571 τοῦ
1197 2515 1333 2571 κατά
1400 2512 1691 2588 διάμετρον
1765 2512 2003 2569 ἐναντίου

340 2611 734 2686 γεγενημένην.
780 2611 1023 2662 Τοσαῦτα
1095 2609 1192 2661 τοῦ
1266 2605 1388 2660 τότε
1461 2609 1655 2680 καιροῦ
1710 2605 1777 2658 τὰ
1838 2605 2002 2680 ὑπερ-

340 2707 454 2776 φυῆ
527 2700 619 2755 καὶ
685 2698 837 2771 μόνῳ
903 2700 1121 2769 Χριστῷ
1181 2699 1261 2766 τῷ
1327 2693 1594 2764 παναιτίῳ
1654 2690 1870 2758 δυνατὰ,
1927 2697 2006 2764 τῷ

337 2785 593 2844 ποιοῦντι
678 2785 892 2862 μεγάλα
955 2786 1046 2840 καὶ
1123 2782 1348 2856 ἐξαίσια,
1406 2783 1480 2838 ὧν
1540 2781 1638 2837 οὐκ
1685 2779 1825 2836 ἔστιν
1886 2780 2004 2854 ἀρι-

343 2879 505 2951 θμὸς.
541 2879 746 2948 Ταῦτα,
773 2874 826 2930 εἷ’
877 2895 961 2929 σοι
1011 2873 1256 2946 θεμιτὸν,
1313 2872 1452 2943 εἰπὲ,
1500 2873 1587 2927 καὶ
1652 2871 1702 2926 εί
1755 2869 2004 2944 δυνατὸν,

340 2961 784 3044 Ἀπολλόφανες,
845 2961 1120 3037 ἐξέλεγχε,
1177 2955 1288 3016 καῖ
1345 2962 1480 3035 πρὸς
1553 2959 1652 3034 ἐμὲ
1725 2961 1814 3015 τὸν
1885 2959 2007 3016 τότε

338 3051 700 3128 συμπαρόντα
775 3073 860 3107 σοι
943 3052 1034 3106 καὶ
1123 3048 1518 3123 συνεωρακότα,
1602 3049 1693 3104 καὶ
1778 3070 2006 3104 συνανα-

2106 550 2327 620 sapiens
2359 558 2518 621 esset,
2546 551 2694 607 nihil
2732 569 2979 623 unquam
3009 555 3068 608 in
3098 553 3291 611 ordine
3318 561 3575 628 motuque
3602 558 3771 612 cccle-

2106 638 2278 694 stium
2309 641 2482 696 aliter
2509 651 2677 713 atque
2707 646 2786 696 est
2811 644 3022 697 mutari
3060 643 3322 713 potuisse,
3353 648 3468 700 nisi
3516 663 3642 702 eum
3673 649 3774 720 qui

2107 729 2292 799 ipsum
2328 738 2382 785 et
2433 739 2719 787 conservat
2768 741 2822 786 et
2872 734 3209 803 procreavit,
3261 733 3559 804 habuisset,
3610 737 3772 804 cuius

2105 822 2258 874 motu
2306 836 2378 873 ac
2426 829 2568 875 natu
2610 837 2668 876 eo
2710 820 2968 876 deductus
2997 824 3153 893 esset,
3185 822 3304 894 qui,
3338 827 3397 877 ut
3443 829 3524 878 est
3569 827 3630 879 in.
3678 825 3768 881 di-

2110 909 2253 963 vinis
2286 909 2442 964 libris
2486 911 2751 982 scriptum
2790 910 2952 980 facit,
2984 915 3038 966 et
3065 916 3244 966 mutat
3275 899 3770 969 omnim-Iterum-

2109 1013 2223 1069 que
2254 1004 2384 1069 post
2415 1016 2603 1071 pauca
2638 1016 2650 1053 :
2687 1000 2760 1053 Ab
2809 1016 2874 1054 eo
2923 1009 3116 1055 autem
3161 1018 3350 1072 quare,
3385 1003 3520 1072 quid
3570 1005 3774 1058 sentiat

2107 1087 2176 1142 de
2202 1087 2502 1157 defectione
2521 1090 2670 1155 solis,
2695 1104 2821 1159 quae
2841 1105 2967 1144 cum
2989 1088 3256 1145 Servator
3288 1093 3349 1146 in
3371 1107 3592 1147 crucem
3621 1101 3774 1148 actus

2108 1181 2209 1244 est,
2232 1176 2470 1232 exstitit.
2507 1181 2740 1232 Erasmus
2772 1179 2922 1232 enim
2950 1195 3061 1233 una
3093 1179 3275 1242 ambo.
3306 1190 3358 1235 et
3389 1181 3670 1236 stabamus
3701 1182 3777 1237 ad

2108 1266 2460 1338 Heliopolim,
2489 1268 2682 1321 lunam
2730 1265 3015 1338 inopinato
3041 1283 3097 1321 se
3125 1266 3240 1322 soli
3269 1268 3625 1338 obiicientem
3652 1287 3776 1326 cer-

2109 1357 2414 1415 nebamus;
2462 1372 2641 1427 neque
2684 1357 2834 1410 enim
2879 1357 3290 1420 coniunctionis
3339 1363 3554 1429 tempus
3601 1364 3771 1415 erat:

2110 1459 2413 1513 rursusque
2440 1461 2564 1499 cum
2601 1445 2794 1499 eadem
2823 1445 2890 1499 ab
2919 1445 3060 1499 hora
3090 1459 3238 1500 nona
3286 1445 3359 1500 ad
3409 1463 3689 1519 vesper-um
3719 1465 3776 1504 se

2109 1532 2304 1589 media:
2335 1533 2468 1587 solis
2515 1533 2682 1590 lineae
2727 1542 2936 1604 praeter
2964 1538 3189 1589 natura:
3234 1533 3486 1590 ordinem
3532 1551 3774 1608 oppone-

2114 1623 2225 1678 bat.
2259 1623 2462 1693 Redige
2491 1627 2675 1678 autem
2707 1623 2877 1676 etiam
2916 1621 3135 1692 aliquid
3187 1623 3345 1677 aliud
3375 1625 3428 1678 ei
3458 1625 3516 1678 in
3566 1641 3772 1681 memo-

2111 1712 2278 1767 riam.
2305 1712 2419 1767 Scit
2449 1713 2599 1768 enim
2631 1712 2800 1768 etiam
2831 1711 3100 1779 obiectum
3136 1713 3319 1783 ipsum
3349 1729 3383 1768 a
3410 1713 3565 1768 nobis
3595 1716 3774 1769 visum

2111 1817 2230 1856 esse
2259 1800 2402 1856 oriri
2431 1803 2499 1856 ab
2530 1806 2656 1856 ortu
2702 1801 2856 1869 solis,
2888 1804 2938 1856 et
2971 1801 3042 1856 ad
3069 1801 3200 1856 solis
3241 1811 3549 1857 extremum
3577 1819 3776 1875 perve-

2110 1891 2269 1952 nire;
2297 1893 2486 1961 postea
2516 1889 2802 1961 repedare,
2824 1905 3125 1960 rursusque
3153 1905 3264 1944 non
3294 1891 3361 1945 ab
3391 1892 3578 1946 eadem
3609 1899 3778 1963 parte

2111 1977 2250 2034 solis
2278 1987 2330 2033 et
2355 1979 2630 2050 objectum
2675 1987 2727 2034 et
2772 1994 3041 2034 recessum
3073 1981 3291 2035 evenire
3320 1997 3339 2035 :
3367 1979 3458 2035 sed
3505 1997 3778 2036 recessum

2115 2068 2182 2122 ab
2213 2084 2276 2123 ea
2305 2082 2431 2138 quae
2457 2068 2714 2122 naturali
2755 2084 2825 2122 ea:
2856 2069 3132 2123 diametro
3161 2078 3282 2124 erat
3313 2072 3620 2125 contraria.
3652 2073 3778 2128 Huc

2114 2162 2239 2212 sunt
2269 2157 2563 2212 mirabilia
2611 2157 2770 2212 illius
2820 2159 3102 2228 temporis,
3138 2174 3257 2230 qua
3291 2158 3541 2215 Christus
3586 2165 3779 2216 auctor

2113 2262 2306 2302 rerum
2336 2248 2584 2301 omnium
2615 2246 2840 2320 efﬁcere
2885 2249 3037 2302 solus
3079 2249 3384 2319 potest,qu:'
3407 2250 3547 2318 facit
3573 2266 3780 2322 magna

2114 2343 2165 2396 et
2231 2339 2584 2409 admiranda,
2645 2357 2880 2412 quorum
2939 2358 3052 2396 non
3117 2345 3197 2397 est
3261 2357 3554 2398 numerus.
3624 2345 3773 2412 Hac,

2114 2431 2436 2502 Polycarpe,
2487 2431 2539 2485 si
2585 2433 2675 2502 fas
2741 2429 2845 2485 tibi
2900 2434 2980 2486 est
3034 2429 3088 2486 ei
3151 2430 3338 2498 dicito,
3399 2435 3450 2487 et
3503 2431 3554 2486 si
3602 2437 3810 2504 potes,‘

2113 2519 2538 2592 Apollophanes,
2571 2536 2639 2575 ea
2688 2519 2898 2591 refelle,
2931 2521 3101 2576 etiam
3151 2528 3344 2576 contra
3389 2537 3497 2592 me,
3531 2523 3631 2592 qui
3658 2525 3774 2578 tum

2113 2610 2326 2664 scilicet
2353 2611 2530 2664 tecum
2577 2618 2633 2664 et
2677 2607 2839 2680 ad/ui
2884 2616 2937 2664 et
2981 2610 3202 2681 aspexi,
3250 2613 3303 2665 et
3348 2612 3628 2683 exquisivi
3655 2628 3776 2667 om-

2114 2698 2236 2764 nia,
2294 2714 2420 2754 cum
2465 2714 2682 2753 summa
2736 2699 3132 2754 admiratione.
3184 2699 3336 2754 Certe
3389 2703 3508 2754 tum
3555 2700 3778 2771 quidem

2114 2789 2282 2844 etiam
2338 2788 2592 2842 divinare
2640 2787 2789 2842 haud
2835 2787 2969 2857 seio,
3020 2786 3167 2842 unde
3213 2788 3622 2858 Apotlophanes
3671 2807 3774 2846 cce-

2109 2878 2218 2949 pit,
2250 2879 2302 2930 et
2328 2878 2474 2932 mihi
2511 2884 2774 2947 tanquam
2821 2892 2942 2947 qua
2990 2877 3187 2947 ﬁerent
3229 2876 3551 2948 conjiciens,
3581 2878 3776 2935 dixit:

2116 2967 2257 3023 Sunt
2286 2967 2412 3034 ista,
2445 2982 2474 3022 ο
2507 2966 2636 3022 bene
2680 2964 2932 3037 Dionysi,
2965 2964 3290 3021 divinarum
3335 2981 3525 3022 rerum
3553 2968 3774 3025 vicissi-

2119 3053 2360 3110 tudines.

335 3145 594 3219 κρίνοντα
650 3143 825 3198 πάντα
879 3139 971 3196 καὶ
1022 3143 1410 3215 συναγάμενον.
1438 3137 1656 3212 Ἀμέλει
1706 3138 1794 3192 καὶ
1852 3137 2105 3210 μαντείας
2157 3141 2304 3214 τότε,
2357 3140 2457 3196 οὐκ
2505 3138 2606 3195 οἶδ’
2661 3139 2805 3213 ὅθεν,
2839 3140 2867 3194 ὁ
2915 3137 3344 3217 Ἀπολλοφάνης
3401 3140 3708 3220 ἀπάρχεται
3752 3187 3767 3203 .

337 3234 432 3290 καὶ
513 3233 651 3308 πρὸς
739 3230 837 3305 ἐμὲ
917 3229 1097 3304 ὥσπερ
1180 3229 1249 3284 τὰ
1317 3227 1580 3305 γινόμενα
1661 3221 2020 3300 συμϐάλλων,
2107 3226 2209 3308 ἔφη
2246 3249 2258 3263 ⁸
2319 3227 2542 3299 Ταῦτα,
2600 3230 2645 3284 ὧ
2721 3227 2857 3284 καλὲ
2930 3227 3175 3284 Διονύσιε
3209 3273 3224 3300 ,
3285 3230 3443 3286 θείων
3531 3227 3764 3305 ἀμοιϐαὶ

339 3323 702 3398 πραγμάτων.

413 3427 658 3478 Τοσαῦτα
699 3422 774 3484 ὡς
818 3420 936 3476 κατ’
975 3417 1269 3488 ἐπιστολὴν
1312 3416 1528 3494 εἴρηκεν
1573 3419 1601 3472 ὁ
1654 3416 1822 3493 μὲγας
1869 3426 1995 3472 Διο-

2180 3421 2312 3477 Haec
2343 3438 2376 3476 a
2405 3424 2607 3477 sancto
2657 3419 2934 3494 Dionysio
2982 3425 3273 3494 quantum
3307 3422 3568 3494 epistolis
3621 3425 3774 3481 ratio

341 3512 530 3573 νόσιος
587 3511 724 3580 πρὸς
777 3511 868 3565 τὸν
927 3509 1188 3586 θεοφόρον
1251 3506 1773 3581 Πολύκαρπον.Τῆς
1831 3505 1889 3561 δέ
1947 3527 2011 3582 γε

345 3601 542 3679 σοφίας
595 3599 757 3655 αὐτοῦ
804 3598 892 3653 καὶ
942 3604 1044 3666 τῆς
1103 3594 1436 3672 εὐγλωττίας
1491 3591 1715 3665 ἔνδειξις
1775 3590 2008 3668 ἀκριϐὴς

345 3694 381 3760 ἡ
426 3695 534 3746 τῶν
582 3690 708 3763 παρ’
756 3687 921 3742 αὐτοῦ
964 3691 1270 3764 γραφεισῶν
1326 3680 1532 3760 βίϐλων
1595 3680 2010 3757 ἀνυπέρϐλητος

345 3781 542 3859 φράσις
577 3798 592 3813 ·
621 3781 692 3853 τῇ
721 3778 822 3853 γὰρ
856 3775 1002 3852 ποιρά
1029 3779 1138 3830 τῶν
1169 3769 1360 3845 ἔξωθεν
1393 3773 1711 3848 καλουμένῃ
1767 3770 2006 3844 παιδείᾳ,

340 3875 413 3944 τῇ
445 3889 504 3924 τε
534 3869 652 3939 θείᾳ
681 3867 772 3922 καὶ
820 3864 1082 3940 ἡμετέρᾳ,
1114 3863 1333 3932 πολλὴν
1388 3864 1505 3938 εἶχε
1545 3864 1644 3931 τὴν
1695 3862 2007 3936 ἐπιστήμην

346 3959 398 4016 ἐν
431 3958 658 4033 ἑκατέρᾳ
690 3975 703 3988 ⁸
741 3955 787 4010 εί
836 3957 940 4030 γάρ
989 3975 1072 4016 τις
1134 3950 1320 4008 ἀπίδοι
1372 3953 1511 4025 πρὸς
1553 3952 1622 4007 τὰ
1656 3950 1838 4023 κάλλη
1899 3957 2007 4006 τῶν

343 4049 512 4104 αὐτοῦ
543 4044 720 4121 λόγων
755 4045 843 4099 καὶ
875 4045 942 4097 τὰ
977 4043 1114 4117 βάθη
1145 4046 1252 4097 τῶν
1303 4041 1623 4113 νοημάτων,
1656 4042 1756 4096 οὐκ
1799 4042 2009 4116 ἀνθρω-

343 4140 507 4207 πίνης
561 4136 772 4214 φύσεως
829 4137 996 4187 ταῦτα
1041 4133 1254 4203 νομίσει
1304 4133 1636 4205 γεννήματα,
1669 4129 1816 4186 ἀλλά
1863 4131 2012 4192 τινὸς

347 4225 624 4302 ἀκηράτου
670 4222 759 4278 καὶ
812 4223 960 4286 θείας
1009 4218 1310 4293 δυνάμεως.
1347 4220 1446 4274 Καὶ
1496 4219 1670 4274 τοίνυν
1731 4219 1877 4291 αὐτῷ
1924 4221 2010 4294 γέ-

345 4336 587 4394 γραπται
634 4311 763 4368 τάδε
797 4333 808 4346 ·
875 4311 1013 4385 Πρὸς
1071 4308 1343 4381 Τιμόθεον
1402 4306 1698 4363 ἐπίσκοπον
1759 4308 2008 4386 Ἐφέσου,

345 4404 438 4462 xxi
485 4403 645 4460 αὐτὸν
697 4401 950 4474 μαθητὴν
1002 4397 1228 4454 Παύλου
1257 4395 1614 4472 ττγχάνοντα,
1668 4399 1794 4472 Περὶ
1853 4397 2008 4462 θείων

348 4493 636 4568 ὀνομάτων
694 4486 884 4566 βιϐλία
938 4489 1027 4563 ιβ’.
1079 4486 1213 4561 Περὶ
1296 4485 1591 4559 ἡνωμένης
1675 4495 1764 4541 καί
1832 4485 2012 4542 διακε-

347 4585 610 4660 κριμένης
672 4577 1002 4654 θεολογίας·
1063 4576 1188 4651 περὶ
1257 4579 1375 4644 τοῦ,
1436 4576 1537 4638 Τίς
1584 4577 1618 4645 ἡ
1678 4582 1778 4645 τῆς
1841 4576 2012 4652 εὐχῆς

349 4673 602 4745 δύναμις
637 4670 728 4725 καὶ
777 4667 902 4742 περὶ
958 4670 1054 4721 τοῦ
1102 4665 1371 4739 μακαρίου
1402 4665 1690 4737 Ἱεροθὲου,
1739 4666 1829 4719 καὶ
1887 4665 2010 4741 περὶ

348 4758 655 4828 εὐλαϐείας,
698 4758 789 4813 καὶ
827 4761 1146 4834 συγγραφῆς
1198 4753 1522 4830 θεολογικῆς
1552 4775 1564 4789 ο
1616 4755 1741 4829 περὶ
1786 4755 2009 4830 ἀγαθοῦ,

347 4852 553 4932 φωτὸς,
614 4847 812 4915 καλοῦ,
871 4841 1098 4920 ἔρωτος,
1157 4842 1483 4932 ἐκστάσεως,
1544 4841 1736 4915 ζήλου.
1779 4843 1896 4932 Καὶ,
1928 4843 2011 4899 ὅτι

343 4928 409 4998 τὸ
437 4941 601 4997 κακὸν
636 4935 761 4994 οὔτε
791 4937 874 5007 ὃν,
908 4933 1032 4990 οὔτε
1073 4932 1126 5004 ἐξ
1175 4928 1355 5002 ὄντος,
1388 4929 1511 4988 οὕτε
1561 4932 1612 4987 ἐν
1658 4937 1776 4995 τοῖς
1838 4931 1957 4987 οῦσι
1992 4951 2005 4966 ·

346 5031 476 5108 περὶ
506 5033 603 5085 τοῦ
634 5024 815 5095 ὄντος,
847 5026 899 5080 ἐν
932 5024 977 5096 ᾧ
1007 5021 1098 5078 καί
1154 5019 1574 5098 παραδείγματα
1608 5041 1620 5054 ’
1656 5022 1779 5098 περὶ
1845 5027 2012 5092 ζῶῆςν

345 5120 475 5196 περὶ
529 5117 743 5195 σοφίας,
799 5119 917 5184 νοῦ,
977 5112 1172 5188 λόγου,
1234 5110 1518 5183 ἀληθείας,
1571 5111 1804 5173 πίστεως
1839 5131 1852 5145 ·
1887 5112 2012 5188 περὶ

348 5207 663 5282 δυνάμεως,
736 5201 1101 5272 δικαιοσύνης,
1167 5200 1467 5274 σωτηρίας,
1525 5197 2008 5273 ἀπολυτρώσεως·

344 5299 473 5374 περὶ
532 5294 776 5370 μεγάλου
823 5291 913 5347 καὶ
971 5293 1193 5364 μικροῦ,
1252 5288 1474 5357 ταύτοῦ,
1527 5288 1732 5366 ἑτέρου,
1790 5289 2012 5362 ὁμοίου,

346 5387 641 5461 ἀνομοίου,
697 5384 954 5452 στάσεως,
1013 5381 1300 5450 κινήσεως,
1364 5378 1617 5448 ἰσότητος
1657 5397 1671 5411 ο
1704 5379 1826 5452 περὶ
1872 5385 2010 5434 Παν-

344 5475 700 5552 τοκράτορος.
735 5469 979 5530 Παλαιοῦ
1009 5468 1255 5544 ἡμερῶν,
1289 5465 1340 5522 ἐν
1377 5467 1423 5541 ᾧ
1480 5465 1569 5522 καί
1604 5466 1729 5544 περὶ
1787 5467 2010 5537 αἰῶνος,

2120 3510 2363 3580 ferebat,
2395 3510 2615 3565 deil'ero
2651 3509 2964 3583 Polycarpo
2998 3511 3155 3566 diota
3187 3511 3365 3567 fuere.
3418 3512 3594 3568 Porro
3644 3515 3774 3586 ejus

2120 3600 2424 3671 sapientiai
2455 3604 2514 3655 et.
2543 3599 2890 3672 eloquentiaa
2924 3604 3200 3655 accurata
3231 3601 3656 3658 demonstratio
3687 3607 3778 3660 est

2119 3688 2331 3744 eximia
2380 3705 2446 3744 ac
2498 3688 2818 3760 singularis
2867 3688 3223 3760 scriptorum
3271 3691 3342 3746 ab
3375 3706 3440 3745 eo
3490 3690 3775 3748 librorum

2119 3777 2407 3849 elocutio;
2439 3794 2568 3833 eam
2599 3777 2754 3834 enim
2789 3794 2921 3850 quse
2964 3779 3036 3833 ab
3078 3779 3335 3835 externis
3368 3796 3581 3836 nomen
3614 3798 3777 3838 acce-

2120 3868 2207 3938 pit
2237 3866 2634 3938 disciplinam,
2668 3872 2725 3922 et
2764 3867 3024 3922 divinam
3077 3872 3255 3940 atque
3302 3873 3589 3939 nostram,
3624 3871 3776 3926 mul-

2118 3959 2238 4011 tam
2273 3957 2332 4011 in
2365 3961 2614 4028 utraque
2644 3957 2793 4014 855
2831 3961 3186 4012 consecutus
3214 3961 3304 4013 est
3347 3958 3693 4028 scientiam;
3729 3959 3778 4014 si

2119 4045 2277 4102 enim
2327 4045 2542 4117 aliquis
2578 4046 2649 4100 ad
2682 4062 3023 4102 sermonum
3072 4046 3200 4116 ejus
3230 4047 3442 4102 decora
3470 4052 3527 4103 et
3557 4049 3778 4120 cogita-

2120 4134 2347 4190 tionum
2401 4134 2866 4204 profunditatem
2920 4135 3234 4206 aspexerit,
3267 4152 3335 4190 ea
3366 4136 3638 4191 humanae
3671 4154 3774 4193 na-

2119 4227 2263 4279 turae
2297 4224 2470 4279 foetus
2522 4223 2767 4279 minime
2808 4224 3064 4296 putabit,
3096 4225 3195 4280 sed
3246 4225 3555 4296 cujusdam
3585 4225 3779 4281 incor-

2122 4312 2420 4383 ruptibilis
2470 4329 2536 4368 ac
2587 4312 2798 4367 divinas
2849 4314 3106 4368 virtutis.
3159 4317 3290 4368 Haac
3337 4313 3538 4386 itaque
3587 4316 3658 4370 ab
3710 4331 3778 4370 eo

2122 4403 2342 4472 scripta
2395 4407 2554 4459 sunt.
2588 4403 2669 4456 Ad
2712 4402 3090 4458 Timotheum
3137 4402 3350 4474 Ephesi
3409 4403 3773 4476 episcopum,

2123 4491 2220 4562 qui
2254 4496 2312 4545 et
2340 4491 2466 4563 ipse
2507 4491 2667 4546 Pauli
2702 4491 3033 4562 discipulus
3065 4496 3210 4558 erat,
3247 4497 3323 4548 De
3359 4491 3566 4548 divinis
3594 4493 3778 4548 nomi-

2120 4582 2302 4649 nibus,
2375 4581 2507 4636 libri
2568 4598 2645 4636 xn
2700 4581 2836 4652 (50).
2908 4582 2981 4636 De
3045 4583 3356 4650 coniuncta,
3415 4583 3781 4654 distinctaque

2124 4671 2436 4743 Theologia.
2473 4675 2601 4739 Quae
2630 4669 2703 4725 sit
2731 4671 2814 4724 ris
2857 4671 3146 4736 orationis,
3180 4674 3238 4724 et
3269 4671 3340 4726 de
3375 4671 3540 4727 beato
3573 4671 3778 4728 Hiero-

2121 4759 2278 4827 theo,
2311 4764 2368 4814 et
2397 4760 2468 4815 de
2499 4758 2782 4831 religione
2826 4775 2893 4814 ac
2941 4759 3370 4830 conscriptione
3401 4760 3776 4833 Theologica.

2121 4849 2200 4904 De
2240 4849 2416 4914 bono,
2465 4848 2616 4916 luce,
2671 4847 2938 4920 pulchro,
2989 4864 3212 4920 amore,
3242 4850 3460 4905 mentis
3509 4866 3774 4919 excessu,

2119 4937 2243 4993 zelo
2274 4942 2332 4993 et
2363 4937 2587 4994 malum
2639 4954 2744 4993 nec
2790 4954 2920 4993 esse
2973 4937 3296 5008 quidquam
3331 4939 3485 5011 quod
3529 4944 3639 5009 est,
3673 4955 3780 4995 nec

2121 5043 2251 5083 esse
2293 5043 2362 5083 ex
2409 5043 2476 5082 eo
2527 5027 2680 5098 quod
2714 5030 2826 5093 est,
2860 5043 2964 5082 nec
3015 5026 3076 5081 in
3124 5026 3198 5082 iis
3247 5043 3375 5099 qua:
3407 5032 3567 5084 sunt.
3602 5033 3680 5084 De
3711 5045 3779 5085 eo

2123 5117 2278 5188 quod
2311 5122 2423 5183 est,
2457 5117 2513 5171 in
2549 5133 2664 5188 quo
2697 5116 2875 5171 etiam
2927 5116 2998 5170 de
3042 5116 3498 5189 exemplaribus.
3530 5117 3611 5173 De
3639 5118 3780 5188 vita,

2121 5207 2194 5260 de
2227 5205 2539 5278 sapientia,
2592 5211 2806 5276 mente,
2839 5206 3084 5276 ratione,
3116 5207 3380 5275 veritate,
3414 5207 3549 5264 ﬁde.
3581 5207 3664 5265 De
3701 5208 3780 5278 vi,

2115 5293 2369 5364 justitia,
2404 5295 2614 5363 salute,
2651 5295 3075 5384 redemptione.
3108 5294 3189 5351 De
3239 5312 3450 5368 magno
3479 5302 3538 5353 et
3582 5314 3780 5384 parvo,

2122 5384 2352 5452 eodem,
2386 5384 2521 5450 alio,
2555 5384 2754 5454 simili,
2785 5383 3082 5452 dissimili,
3116 5392 3297 5454 statu,
3329 5392 3516 5455 motu,
3541 5383 3784 5460 aequali-

2122 5474 2274 5542 tate;
2293 5473 2365 5529 de
2382 5472 2819 5546 Omnipotente,
2835 5473 3092 5546 Antiquo
3112 5473 3365 5545 dierum,
3382 5475 3443 5532 in
3465 5491 3582 5548 quo
3603 5477 3782 5534 etiam

425 5683 539 5762 (50)
569 5682 635 5741 Id
664 5684 756 5742 est
783 5678 1009 5753 capita;
1043 5679 1242 5736 censet
1269 5677 1468 5733 autem
1498 5678 1730 5734 tantum
1765 5678 1851 5748 12,
1884 5675 2026 5752 quia
2057 5677 2321 5751 primum
2351 5683 2442 5738 est
2470 5679 2661 5737 instar
2691 5677 2937 5751 prologi.
