  <div class='ocr_page' id='page_1' title='image "/cluster/home/n/w/nwhite01/storage/ocr_20150623/4:no.2/coo.31924054872837/313.png"; bbox 0 0 4106 6382; ppageno 0'>
   <div class='ocr_carea' id='block_1_1' title="bbox 438 335 540 390">
    <p class='ocr_par' dir='ltr' id='par_1_1' title="bbox 438 335 540 390">
     <span class='ocr_line' id='line_1_1' title="bbox 438 335 540 390; baseline 0.01 -1"><span class='ocrx_word' id='word_1_1' title='bbox 438 335 540 390; x_wconf 88' lang='grc'><strong>611</strong></span> 
     </span>
    </p>
   </div>
   <div class='ocr_carea' id='block_1_2' title="bbox 1667 323 2630 381">
    <p class='ocr_par' dir='ltr' id='par_1_2' title="bbox 1667 323 2630 381">
     <span class='ocr_line' id='line_1_2' title="bbox 1667 323 2630 381; baseline -0.003 -1"><span class='ocrx_word' id='word_1_2' title='bbox 1667 329 1726 381; x_wconf 83' lang='lat'><strong>8.</strong></span> <span class='ocrx_word' id='word_1_3' title='bbox 1767 325 2086 380; x_wconf 81' lang='lat' dir='ltr'><strong>DIONYSII</strong></span> <span class='ocrx_word' id='word_1_4' title='bbox 2123 323 2364 379; x_wconf 77' lang='lat' dir='ltr'><strong>AREOP</strong></span> <span class='ocrx_word' id='word_1_5' title='bbox 2372 324 2630 379; x_wconf 78' lang='lat' dir='ltr'><strong>AGITE.</strong></span> 
     </span>
    </p>
   </div>
   <div class='ocr_carea' id='block_1_3' title="bbox 3745 334 3842 390">
    <p class='ocr_par' dir='ltr' id='par_1_3' title="bbox 3745 334 3842 390">
     <span class='ocr_line' id='line_1_3' title="bbox 3745 334 3842 390; baseline 0.021 -2"><span class='ocrx_word' id='word_1_6' title='bbox 3745 334 3842 390; x_wconf 83' lang='lat'><strong>612</strong></span> 
     </span>
    </p>
   </div>
   <div class='ocr_carea' id='block_1_4' title="bbox 440 444 2079 530">
    <p class='ocr_par' dir='ltr' id='par_1_4' title="bbox 440 445 2079 530">
     <span class='ocr_line' id='line_1_4' title="bbox 440 445 2079 530; baseline -0.012 -11"><span class='ocrx_word' id='word_1_7' title='bbox 440 465 512 519; x_wconf 90' lang='lat' dir='ltr'><strong>de</strong></span> <span class='ocrx_word' id='word_1_8' title='bbox 567 459 890 517; x_wconf 73' lang='lat' dir='ltr'><strong>aeternitate</strong></span> <span class='ocrx_word' id='word_1_9' title='bbox 931 461 990 514; x_wconf 89' lang='lat' dir='ltr'><strong>et</strong></span> <span class='ocrx_word' id='word_1_10' title='bbox 1033 455 1423 530; x_wconf 83' lang='lat' dir='ltr'><strong>temporibus.</strong></span> <span class='ocrx_word' id='word_1_11' title='bbox 1466 453 1530 508; x_wconf 86' lang='lat' dir='ltr'><strong>Et</strong></span> <span class='ocrx_word' id='word_1_12' title='bbox 1583 449 1724 523; x_wconf 92' lang='lat' dir='ltr'><strong>quid</strong></span> <span class='ocrx_word' id='word_1_13' title='bbox 1783 446 1898 504; x_wconf 91' lang='lat' dir='ltr'><strong>sibi</strong></span> <span class='ocrx_word' id='word_1_14' title='bbox 1953 445 2079 501; x_wconf 68' lang='lat' dir='ltr'><strong>velit</strong></span> 
     </span>
    </p>
   </div>
   <div class='ocr_carea' id='block_1_5' title="bbox 2190 444 3844 530">
    <p class='ocr_par' dir='ltr' id='par_1_5' title="bbox 2207 444 3844 530">
     <span class='ocr_line' id='line_1_5' title="bbox 2207 444 3844 530; baseline 0.007 -31"><span class='ocrx_word' id='word_1_15' title='bbox 2207 445 2298 499; x_wconf 83' lang='grc' dir='ltr'><strong>καὶ</strong></span> <span class='ocrx_word' id='word_1_16' title='bbox 2329 447 2570 522; x_wconf 84' lang='grc' dir='ltr'>χρόνων’</span> <span class='ocrx_word' id='word_1_17' title='bbox 2604 446 2694 500; x_wconf 81' lang='grc' dir='ltr'><strong>καὶ</strong></span> <span class='ocrx_word' id='word_1_18' title='bbox 2725 444 2779 501; x_wconf 90' lang='grc' dir='ltr'><strong>τί</strong></span> <span class='ocrx_word' id='word_1_19' title='bbox 2813 444 3068 521; x_wconf 84' lang='grc' dir='ltr'>βούλεται</span> <span class='ocrx_word' id='word_1_20' title='bbox 3093 448 3156 502; x_wconf 84' lang='grc' dir='ltr'>τὸ</span> <span class='ocrx_word' id='word_1_21' title='bbox 3185 447 3316 504; x_wconf 75' lang='grc' dir='ltr'>αὐτὸ</span> <span class='ocrx_word' id='word_1_22' title='bbox 3345 450 3498 504; x_wconf 78' lang='grc' dir='ltr'>εἶναι·</span> <span class='ocrx_word' id='word_1_23' title='bbox 3524 453 3648 527; x_wconf 82' lang='grc' dir='ltr'>περὶ</span> <span class='ocrx_word' id='word_1_24' title='bbox 3675 455 3844 530; x_wconf 78' lang='grc' dir='ltr'>’Δγίου</span> 
     </span>
    </p>
   </div>
   <div class='ocr_carea' id='block_1_6' title="bbox 442 539 2103 625">
    <p class='ocr_par' dir='ltr' id='par_1_6' title="bbox 442 539 2103 625">
     <span class='ocr_line' id='line_1_6' title="bbox 442 539 2103 625; baseline -0.011 -18"><span class='ocrx_word' id='word_1_25' title='bbox 442 553 640 625; x_wconf 88' lang='lat' dir='ltr'><strong>ipsum</strong></span> <span class='ocrx_word' id='word_1_26' title='bbox 688 564 838 604; x_wconf 89' lang='lat' dir='ltr'><strong>esse.</strong></span> <span class='ocrx_word' id='word_1_27' title='bbox 872 547 951 604; x_wconf 90' lang='lat' dir='ltr'><strong>De</strong></span> <span class='ocrx_word' id='word_1_28' title='bbox 1001 551 1206 603; x_wconf 90' lang='lat' dir='ltr'><strong>sancto</strong></span> <span class='ocrx_word' id='word_1_29' title='bbox 1255 547 1618 611; x_wconf 86' lang='lat' dir='ltr'><strong>sanctorum,</strong></span> <span class='ocrx_word' id='word_1_30' title='bbox 1668 539 1818 609; x_wconf 80' lang='lat' dir='ltr'><strong>Rege</strong></span> <span class='ocrx_word' id='word_1_31' title='bbox 1871 551 2103 616; x_wconf 52' lang='lat' dir='ltr'><strong>regum,</strong></span> 
     </span>
    </p>
   </div>
   <div class='ocr_carea' id='block_1_7' title="bbox 441 625 2102 704">
    <p class='ocr_par' dir='ltr' id='par_1_7' title="bbox 441 625 2102 704">
     <span class='ocr_line' id='line_1_7' title="bbox 441 625 2102 704; baseline -0.013 -6"><span class='ocrx_word' id='word_1_32' title='bbox 441 647 498 698; x_wconf 93' lang='lat' dir='ltr'><strong>et</strong></span> <span class='ocrx_word' id='word_1_33' title='bbox 542 641 790 694; x_wconf 90' lang='lat' dir='ltr'><strong>Domino</strong></span> <span class='ocrx_word' id='word_1_34' title='bbox 839 636 1242 700; x_wconf 82' lang='lat' dir='ltr'><strong>dominorum,</strong></span> <span class='ocrx_word' id='word_1_35' title='bbox 1291 638 1467 704; x_wconf 90' lang='lat' dir='ltr'><strong>atque</strong></span> <span class='ocrx_word' id='word_1_36' title='bbox 1517 630 1632 685; x_wconf 91' lang='lat' dir='ltr'><strong>Deo</strong></span> <span class='ocrx_word' id='word_1_37' title='bbox 1687 627 1931 682; x_wconf 89' lang='lat' dir='ltr'><strong>deorum</strong></span> <span class='ocrx_word' id='word_1_38' title='bbox 1967 625 2102 695; x_wconf 89' lang='grc'>(51).</span> 
     </span>
    </p>
   </div>
   <div class='ocr_carea' id='block_1_8' title="bbox 2215 532 3848 620">
    <p class='ocr_par' dir='ltr' id='par_1_8' title="bbox 2215 532 3848 620">
     <span class='ocr_line' id='line_1_8' title="bbox 2215 532 3848 620; baseline 0.006 -32"><span class='ocrx_word' id='word_1_39' title='bbox 2215 533 2402 608; x_wconf 82' lang='grc' dir='ltr'><strong>ἁγίων,</strong></span> <span class='ocrx_word' id='word_1_40' title='bbox 2464 532 2747 598; x_wconf 71' lang='grc' dir='ltr'>Βασιλέως</span> <span class='ocrx_word' id='word_1_41' title='bbox 2833 534 3126 612; x_wconf 68' lang='grc' dir='ltr'>βασιλόων,</span> <span class='ocrx_word' id='word_1_42' title='bbox 3185 537 3274 592; x_wconf 83' lang='grc' dir='ltr'><strong>καὶ</strong></span> <span class='ocrx_word' id='word_1_43' title='bbox 3361 538 3560 615; x_wconf 79' lang='grc' dir='ltr'>Κυρίου</span> <span class='ocrx_word' id='word_1_44' title='bbox 3637 544 3848 620; x_wconf 87' lang='grc' dir='ltr'>κυρίων,</span> 
     </span>
    </p>
   </div>
   <div class='ocr_carea' id='block_1_9' title="bbox 2211 620 3844 705">
    <p class='ocr_par' dir='ltr' id='par_1_9' title="bbox 2211 620 3844 705">
     <span class='ocr_line' id='line_1_9' title="bbox 2211 620 3844 705; baseline 0.001 -28"><span class='ocrx_word' id='word_1_45' title='bbox 2211 624 2298 677; x_wconf 87' lang='grc' dir='ltr'><strong>καὶ</strong></span> <span class='ocrx_word' id='word_1_46' title='bbox 2333 628 2485 690; x_wconf 61' lang='grc' dir='ltr'><strong>⁴Θεοῦ</strong></span> <span class='ocrx_word' id='word_1_47' title='bbox 2546 628 2704 688; x_wconf 79' lang='grc' dir='ltr'>θεῶν.</span> <span class='ocrx_word' id='word_1_48' title='bbox 2736 623 2928 700; x_wconf 73' lang='grc' dir='ltr'>Ἑτέρα</span> <span class='ocrx_word' id='word_1_49' title='bbox 2969 620 3164 700; x_wconf 77' lang='grc' dir='ltr'>βίϐλος</span> <span class='ocrx_word' id='word_1_50' title='bbox 3190 627 3324 700; x_wconf 88' lang='grc' dir='ltr'>πρὸς</span> <span class='ocrx_word' id='word_1_51' title='bbox 3353 627 3443 682; x_wconf 86' lang='grc' dir='ltr'><strong>τὸν</strong></span> <span class='ocrx_word' id='word_1_52' title='bbox 3479 627 3635 685; x_wconf 85' lang='grc' dir='ltr'>αὐτὸν</span> <span class='ocrx_word' id='word_1_53' title='bbox 3684 633 3844 705; x_wconf 84' lang='grc' dir='ltr'>Τιμό-</span> 
     </span>
    </p>
   </div>
   <div class='ocr_carea' id='block_1_10' title="bbox 439 711 2079 796">
    <p class='ocr_par' dir='ltr' id='par_1_10' title="bbox 439 714 2079 787">
     <span class='ocr_line' id='line_1_10' title="bbox 439 714 2079 787; baseline -0.011 -1"><span class='ocrx_word' id='word_1_54' title='bbox 439 731 606 787; x_wconf 80' lang='lat' dir='ltr'><strong>Alius</strong></span> <span class='ocrx_word' id='word_1_55' title='bbox 635 728 786 784; x_wconf 88' lang='lat' dir='ltr'><strong>liber</strong></span> <span class='ocrx_word' id='word_1_56' title='bbox 806 727 878 782; x_wconf 89' lang='lat' dir='ltr'><strong>ad</strong></span> <span class='ocrx_word' id='word_1_57' title='bbox 905 726 1179 782; x_wconf 89' lang='lat' dir='ltr'><strong>eumdem</strong></span> <span class='ocrx_word' id='word_1_58' title='bbox 1213 721 1589 779; x_wconf 87' lang='lat' dir='ltr'><strong>Timotheum</strong></span> <span class='ocrx_word' id='word_1_59' title='bbox 1627 719 1698 772; x_wconf 81' lang='lat' dir='ltr'><strong>De</strong></span> <span class='ocrx_word' id='word_1_60' title='bbox 1727 714 2079 772; x_wconf 51' lang='lat' dir='ltr'><strong>ecclesiastica</strong></span> 
     </span>
    </p>
   </div>
   <div class='ocr_carea' id='block_1_11' title="bbox 2190 711 3847 796">
    <p class='ocr_par' dir='ltr' id='par_1_11' title="bbox 2209 711 3847 796">
     <span class='ocr_line' id='line_1_11' title="bbox 2209 711 3847 796; baseline 0.007 -30"><span class='ocrx_word' id='word_1_61' title='bbox 2209 713 2352 783; x_wconf 91' lang='grc' dir='ltr'>θεον,</span> <span class='ocrx_word' id='word_1_62' title='bbox 2415 713 2546 788; x_wconf 85' lang='grc' dir='ltr'>Περὶ</span> <span class='ocrx_word' id='word_1_63' title='bbox 2627 711 3084 784; x_wconf 80' lang='grc' dir='ltr'>ἐκκλησιαστικῆς</span> <span class='ocrx_word' id='word_1_64' title='bbox 3157 714 3460 791; x_wconf 80' lang='grc' dir='ltr'>ἱεραρχίας,</span> <span class='ocrx_word' id='word_1_65' title='bbox 3531 719 3847 796; x_wconf 73' lang='grc' dir='ltr'>περιέχουσα</span> 
     </span>
    </p>
   </div>
   <div class='ocr_carea' id='block_1_12' title="bbox 443 803 2098 883">
    <p class='ocr_par' dir='ltr' id='par_1_12' title="bbox 443 803 2098 883">
     <span class='ocr_line' id='line_1_12' title="bbox 443 803 2098 883; baseline -0.011 -7"><span class='ocrx_word' id='word_1_66' title='bbox 443 817 796 882; x_wconf 73' lang='lat' dir='ltr'><strong>hicrarchia,</strong></span> <span class='ocrx_word' id='word_1_67' title='bbox 849 815 1156 872; x_wconf 82' lang='lat' dir='ltr'><strong>continens</strong></span> <span class='ocrx_word' id='word_1_68' title='bbox 1213 812 1407 883; x_wconf 88' lang='lat' dir='ltr'><strong>capita</strong></span> <span class='ocrx_word' id='word_1_69' title='bbox 1459 810 1546 864; x_wconf 86' lang='lat'><strong>15.</strong></span> <span class='ocrx_word' id='word_1_70' title='bbox 1598 806 1766 862; x_wconf 82' lang='lat' dir='ltr'><strong>Alius</strong></span> <span class='ocrx_word' id='word_1_71' title='bbox 1821 804 1971 860; x_wconf 89' lang='lat' dir='ltr'><strong>liber</strong></span> <span class='ocrx_word' id='word_1_72' title='bbox 2025 803 2098 858; x_wconf 88' lang='lat' dir='ltr'><strong>ad</strong></span> 
     </span>
    </p>
   </div>
   <div class='ocr_carea' id='block_1_13' title="bbox 441 894 2099 966">
    <p class='ocr_par' dir='ltr' id='par_1_13' title="bbox 441 894 2099 966">
     <span class='ocr_line' id='line_1_13' title="bbox 441 894 2099 966; baseline -0.01 0"><span class='ocrx_word' id='word_1_73' title='bbox 441 909 718 966; x_wconf 90' lang='lat' dir='ltr'><strong>eumdem</strong></span> <span class='ocrx_word' id='word_1_74' title='bbox 771 904 1145 963; x_wconf 85' lang='lat' dir='ltr'><strong>Timotheum</strong></span> <span class='ocrx_word' id='word_1_75' title='bbox 1204 903 1278 956; x_wconf 81' lang='lat' dir='ltr'><strong>De</strong></span> <span class='ocrx_word' id='word_1_76' title='bbox 1333 898 1548 955; x_wconf 70' lang='lat' dir='ltr'><strong>caelesti</strong></span> <span class='ocrx_word' id='word_1_77' title='bbox 1604 894 1943 962; x_wconf 79' lang='lat' dir='ltr'><strong>hicrarchia,</strong></span> <span class='ocrx_word' id='word_1_78' title='bbox 1995 895 2099 965; x_wconf 88' lang='lat' dir='ltr'><strong>qui</strong></span> 
     </span>
    </p>
   </div>
   <div class='ocr_carea' id='block_1_14' title="bbox 441 983 2096 1068">
    <p class='ocr_par' dir='ltr' id='par_1_14' title="bbox 441 983 2096 1068">
     <span class='ocr_line' id='line_1_14' title="bbox 441 983 2096 1068; baseline -0.011 -13"><span class='ocrx_word' id='word_1_79' title='bbox 441 1000 617 1056; x_wconf 88' lang='lat' dir='ltr'><strong>etiam</strong></span> <span class='ocrx_word' id='word_1_80' title='bbox 663 995 856 1068; x_wconf 80' lang='lat' dir='ltr'><strong>capita</strong></span> <span class='ocrx_word' id='word_1_81' title='bbox 888 995 954 1048; x_wconf 85' lang='lat'><strong>15</strong></span> <span class='ocrx_word' id='word_1_82' title='bbox 984 989 1414 1062; x_wconf 80' lang='lat' dir='ltr'><strong>complectitur.</strong></span> <span class='ocrx_word' id='word_1_83' title='bbox 1449 987 1616 1042; x_wconf 79' lang='lat' dir='ltr'><strong>Alius</strong></span> <span class='ocrx_word' id='word_1_84' title='bbox 1645 985 1793 1040; x_wconf 91' lang='lat' dir='ltr'><strong>liber</strong></span> <span class='ocrx_word' id='word_1_85' title='bbox 1823 983 1894 1039; x_wconf 90' lang='lat' dir='ltr'><strong>ad</strong></span> <span class='ocrx_word' id='word_1_86' title='bbox 1927 999 2096 1038; x_wconf 90' lang='lat' dir='ltr'><strong>eum-</strong></span> 
     </span>
    </p>
   </div>
   <div class='ocr_carea' id='block_1_15' title="bbox 438 1073 2096 1150">
    <p class='ocr_par' dir='ltr' id='par_1_15' title="bbox 438 1073 2096 1150">
     <span class='ocr_line' id='line_1_15' title="bbox 438 1073 2096 1150; baseline -0.01 -8"><span class='ocrx_word' id='word_1_87' title='bbox 438 1089 572 1144; x_wconf 87' lang='lat' dir='ltr'><strong>dem</strong></span> <span class='ocrx_word' id='word_1_88' title='bbox 621 1083 995 1142; x_wconf 86' lang='lat' dir='ltr'><strong>Timotheum</strong></span> <span class='ocrx_word' id='word_1_89' title='bbox 1051 1082 1119 1136; x_wconf 81' lang='lat' dir='ltr'><strong>De</strong></span> <span class='ocrx_word' id='word_1_90' title='bbox 1159 1081 1396 1150; x_wconf 78' lang='lat' dir='ltr'><strong>mystica</strong></span> <span class='ocrx_word' id='word_1_91' title='bbox 1446 1077 1746 1144; x_wconf 74' lang='lat' dir='ltr'><strong>theologia,</strong></span> <span class='ocrx_word' id='word_1_92' title='bbox 1787 1073 2096 1129; x_wconf 90' lang='lat' dir='ltr'><strong>continens</strong></span> 
     </span>
    </p>
   </div>
   <div class='ocr_carea' id='block_1_16' title="bbox 438 1163 2099 1249">
    <p class='ocr_par' dir='ltr' id='par_1_16' title="bbox 438 1163 2099 1249">
     <span class='ocr_line' id='line_1_16' title="bbox 438 1163 2099 1249; baseline -0.011 -15"><span class='ocrx_word' id='word_1_93' title='bbox 438 1177 633 1249; x_wconf 77' lang='lat' dir='ltr'><strong>capita</strong></span> <span class='ocrx_word' id='word_1_94' title='bbox 660 1176 714 1230; x_wconf 89' lang='lat'><strong>5.</strong></span> <span class='ocrx_word' id='word_1_95' title='bbox 744 1174 1036 1229; x_wconf 89' lang='lat' dir='ltr'><strong>Feruntur</strong></span> <span class='ocrx_word' id='word_1_96' title='bbox 1067 1175 1123 1226; x_wconf 90' lang='lat' dir='ltr'><strong>et</strong></span> <span class='ocrx_word' id='word_1_97' title='bbox 1153 1170 1282 1240; x_wconf 85' lang='lat' dir='ltr'><strong>ejus</strong></span> <span class='ocrx_word' id='word_1_98' title='bbox 1313 1166 1595 1241; x_wconf 67' lang='lat' dir='ltr'><strong>epistolae,</strong></span> <span class='ocrx_word' id='word_1_99' title='bbox 1626 1165 1695 1222; x_wconf 91' lang='lat' dir='ltr'><strong>ad</strong></span> <span class='ocrx_word' id='word_1_100' title='bbox 1729 1163 1938 1221; x_wconf 83' lang='lat' dir='ltr'><strong>Gaium</strong></span> <span class='ocrx_word' id='word_1_101' title='bbox 1976 1163 2099 1217; x_wconf 89' lang='lat' dir='ltr'><strong>the-</strong></span> 
     </span>
    </p>
   </div>
   <div class='ocr_carea' id='block_1_17' title="bbox 437 1251 2094 1337">
    <p class='ocr_par' dir='ltr' id='par_1_17' title="bbox 437 1251 2094 1337">
     <span class='ocr_line' id='line_1_17' title="bbox 437 1251 2094 1337; baseline -0.01 -14"><span class='ocrx_word' id='word_1_102' title='bbox 437 1270 741 1337; x_wconf 89' lang='lat' dir='ltr'><strong>rapeutam</strong></span> <span class='ocrx_word' id='word_1_103' title='bbox 787 1263 840 1330; x_wconf 75' lang='grc'>4,</span> <span class='ocrx_word' id='word_1_104' title='bbox 884 1262 950 1316; x_wconf 89' lang='lat' dir='ltr'><strong>ad</strong></span> <span class='ocrx_word' id='word_1_105' title='bbox 1009 1258 1370 1315; x_wconf 75' lang='lat' dir='ltr'><strong>Dorotheum</strong></span> <span class='ocrx_word' id='word_1_106' title='bbox 1421 1256 1736 1311; x_wconf 78' lang='lat' dir='ltr'><strong>diaconum</strong></span> <span class='ocrx_word' id='word_1_107' title='bbox 1788 1254 1838 1323; x_wconf 91' lang='lat'><strong>1,</strong></span> <span class='ocrx_word' id='word_1_108' title='bbox 1871 1251 1943 1307; x_wconf 91' lang='lat' dir='ltr'><strong>ad</strong></span> <span class='ocrx_word' id='word_1_109' title='bbox 1993 1251 2094 1307; x_wconf 89' lang='lat' dir='ltr'><strong>So-</strong></span> 
     </span>
    </p>
   </div>
   <div class='ocr_carea' id='block_1_18' title="bbox 435 1342 2090 1426">
    <p class='ocr_par' dir='ltr' id='par_1_18' title="bbox 435 1342 2090 1426">
     <span class='ocr_line' id='line_1_18' title="bbox 435 1342 2090 1426; baseline -0.01 -16"><span class='ocrx_word' id='word_1_110' title='bbox 435 1359 668 1426; x_wconf 81' lang='lat' dir='ltr'><strong>patrum</strong></span> <span class='ocrx_word' id='word_1_111' title='bbox 725 1350 1093 1408; x_wconf 78' lang='lat' dir='ltr'><strong>sacerdotem</strong></span> <span class='ocrx_word' id='word_1_112' title='bbox 1155 1349 1208 1416; x_wconf 88' lang='lat'><strong>1,</strong></span> <span class='ocrx_word' id='word_1_113' title='bbox 1263 1348 1333 1403; x_wconf 86' lang='lat' dir='ltr'><strong>ad</strong></span> <span class='ocrx_word' id='word_1_114' title='bbox 1395 1345 1780 1417; x_wconf 90' lang='lat' dir='ltr'><strong>Polyearpum</strong></span> <span class='ocrx_word' id='word_1_115' title='bbox 1833 1342 2090 1412; x_wconf 75' lang='lat' dir='ltr'><strong>Smyrnae</strong></span> 
     </span>
    </p>
   </div>
   <div class='ocr_carea' id='block_1_19' title="bbox 433 1429 2088 1516">
    <p class='ocr_par' dir='ltr' id='par_1_19' title="bbox 433 1429 2088 1516">
     <span class='ocr_line' id='line_1_19' title="bbox 433 1429 2088 1516; baseline -0.01 -16"><span class='ocrx_word' id='word_1_116' title='bbox 433 1443 776 1516; x_wconf 79' lang='lat' dir='ltr'><strong>episcopum</strong></span> <span class='ocrx_word' id='word_1_117' title='bbox 837 1441 902 1504; x_wconf 84' lang='grc'><strong>1⁹</strong></span> <span class='ocrx_word' id='word_1_118' title='bbox 962 1440 1032 1494; x_wconf 90' lang='lat' dir='ltr'><strong>ad</strong></span> <span class='ocrx_word' id='word_1_119' title='bbox 1095 1435 1505 1509; x_wconf 87' lang='lat' dir='ltr'><strong>Demophilum</strong></span> <span class='ocrx_word' id='word_1_120' title='bbox 1564 1433 1974 1503; x_wconf 87' lang='lat' dir='ltr'><strong>therapeutam</strong></span> <span class='ocrx_word' id='word_1_121' title='bbox 2036 1429 2088 1500; x_wconf 87' lang='lat'><strong>1,</strong></span> 
     </span>
    </p>
   </div>
   <div class='ocr_carea' id='block_1_20' title="bbox 432 1518 2088 1600">
    <p class='ocr_par' dir='ltr' id='par_1_20' title="bbox 432 1518 2088 1600">
     <span class='ocr_line' id='line_1_20' title="bbox 432 1518 2088 1600; baseline -0.009 -11"><span class='ocrx_word' id='word_1_122' title='bbox 432 1534 502 1589; x_wconf 90' lang='lat' dir='ltr'><strong>ad</strong></span> <span class='ocrx_word' id='word_1_123' title='bbox 534 1533 822 1589; x_wconf 81' lang='lat' dir='ltr'><strong>Joannem</strong></span> <span class='ocrx_word' id='word_1_124' title='bbox 869 1528 1236 1600; x_wconf 83' lang='lat' dir='ltr'><strong>theologum,</strong></span> <span class='ocrx_word' id='word_1_125' title='bbox 1267 1523 1601 1598; x_wconf 84' lang='lat' dir='ltr'><strong>apostolum</strong></span> <span class='ocrx_word' id='word_1_126' title='bbox 1648 1538 1715 1579; x_wconf 88' lang='lat' dir='ltr'><strong>ac</strong></span> <span class='ocrx_word' id='word_1_127' title='bbox 1758 1518 2088 1592; x_wconf 88' lang='lat' dir='ltr'><strong>evangelis-</strong></span> 
     </span>
    </p>
   </div>
   <div class='ocr_carea' id='block_1_21' title="bbox 427 1622 634 1677">
    <p class='ocr_par' dir='ltr' id='par_1_21' title="bbox 427 1622 634 1677">
     <span class='ocr_line' id='line_1_21' title="bbox 427 1622 634 1677; baseline -0.01 0"><span class='ocrx_word' id='word_1_128' title='bbox 427 1627 549 1677; x_wconf 88' lang='lat' dir='ltr'><strong>tam</strong></span> <span class='ocrx_word' id='word_1_129' title='bbox 586 1622 634 1675; x_wconf 89' lang='lat'><strong>1.</strong></span> 
     </span>
    </p>
   </div>
   <div class='ocr_carea' id='block_1_22' title="bbox 499 1699 2086 1777">
    <p class='ocr_par' dir='ltr' id='par_1_22' title="bbox 499 1699 2086 1777">
     <span class='ocr_line' id='line_1_22' title="bbox 499 1699 2086 1777; baseline -0.008 -11"><span class='ocrx_word' id='word_1_130' title='bbox 499 1709 812 1766; x_wconf 87' lang='lat' dir='ltr'><strong>Sciendum</strong></span> <span class='ocrx_word' id='word_1_131' title='bbox 841 1711 1034 1763; x_wconf 88' lang='lat' dir='ltr'><strong>autem</strong></span> <span class='ocrx_word' id='word_1_132' title='bbox 1057 1709 1166 1773; x_wconf 89' lang='lat' dir='ltr'><strong>est,</strong></span> <span class='ocrx_word' id='word_1_133' title='bbox 1185 1705 1470 1777; x_wconf 89' lang='lat' dir='ltr'><strong>quosdam</strong></span> <span class='ocrx_word' id='word_1_134' title='bbox 1495 1703 1769 1774; x_wconf 81' lang='lat' dir='ltr'><strong>profanos</strong></span> <span class='ocrx_word' id='word_1_135' title='bbox 1787 1699 2086 1771; x_wconf 85' lang='lat' dir='ltr'><strong>sapientes</strong></span> 
     </span>
    </p>
   </div>
   <div class='ocr_carea' id='block_1_23' title="bbox 422 1788 2162 1898">
    <p class='ocr_par' dir='ltr' id='par_1_23' title="bbox 422 1788 2162 1898">
     <span class='ocr_line' id='line_1_23' title="bbox 422 1788 2162 1898; baseline -0.008 -42"><span class='ocrx_word' id='word_1_136' title='bbox 422 1817 487 1857; x_wconf 91' lang='lat' dir='ltr'><strong>ac</strong></span> <span class='ocrx_word' id='word_1_137' title='bbox 517 1799 769 1854; x_wconf 84' lang='lat' dir='ltr'><strong>maxime</strong></span> <span class='ocrx_word' id='word_1_138' title='bbox 794 1798 1086 1866; x_wconf 90' lang='lat' dir='ltr'><strong>Proclum,</strong></span> <span class='ocrx_word' id='word_1_139' title='bbox 1112 1793 1422 1851; x_wconf 87' lang='lat' dir='ltr'><strong>sententiis</strong></span> <span class='ocrx_word' id='word_1_140' title='bbox 1445 1798 1620 1863; x_wconf 90' lang='lat' dir='ltr'><strong>atque</strong></span> <span class='ocrx_word' id='word_1_141' title='bbox 1649 1788 1904 1845; x_wconf 87' lang='lat' dir='ltr'><strong>inventis</strong></span> <span class='ocrx_word' id='word_1_142' title='bbox 1926 1788 2083 1843; x_wconf 86' lang='lat' dir='ltr'><strong>beati</strong></span> <span class='ocrx_word' id='word_1_143' title='bbox 2116 1834 2162 1898; x_wconf 83' lang='lat' dir='ltr'><strong>B</strong></span> 
     </span>
    </p>
   </div>
   <div class='ocr_carea' id='block_1_24' title="bbox 419 1877 2082 1960">
    <p class='ocr_par' dir='ltr' id='par_1_24' title="bbox 419 1877 2082 1960">
     <span class='ocr_line' id='line_1_24' title="bbox 419 1877 2082 1960; baseline -0.008 -16"><span class='ocrx_word' id='word_1_144' title='bbox 419 1888 683 1960; x_wconf 83' lang='lat' dir='ltr'><strong>Dionysii</strong></span> <span class='ocrx_word' id='word_1_145' title='bbox 720 1887 1060 1957; x_wconf 86' lang='lat' dir='ltr'><strong>frequenter</strong></span> <span class='ocrx_word' id='word_1_146' title='bbox 1106 1899 1237 1938; x_wconf 88' lang='lat' dir='ltr'><strong>esse</strong></span> <span class='ocrx_word' id='word_1_147' title='bbox 1287 1897 1449 1948; x_wconf 90' lang='lat' dir='ltr'><strong>usos,</strong></span> <span class='ocrx_word' id='word_1_148' title='bbox 1477 1880 1620 1952; x_wconf 92' lang='lat' dir='ltr'><strong>quin</strong></span> <span class='ocrx_word' id='word_1_149' title='bbox 1671 1878 1848 1934; x_wconf 86' lang='lat' dir='ltr'><strong>etiam</strong></span> <span class='ocrx_word' id='word_1_150' title='bbox 1906 1877 2082 1932; x_wconf 90' lang='lat' dir='ltr'><strong>nudis</strong></span> 
     </span>
    </p>
   </div>
   <div class='ocr_carea' id='block_1_25' title="bbox 418 1966 2083 2044">
    <p class='ocr_par' dir='ltr' id='par_1_25' title="bbox 418 1966 2083 2044">
     <span class='ocr_line' id='line_1_25' title="bbox 418 1966 2083 2044; baseline -0.007 -11"><span class='ocrx_word' id='word_1_151' title='bbox 418 1979 643 2043; x_wconf 88' lang='lat' dir='ltr'><strong>verbis;</strong></span> <span class='ocrx_word' id='word_1_152' title='bbox 698 1977 853 2030; x_wconf 89' lang='lat' dir='ltr'><strong>unde</strong></span> <span class='ocrx_word' id='word_1_153' title='bbox 904 1971 1191 2044; x_wconf 88' lang='lat' dir='ltr'><strong>suspicari</strong></span> <span class='ocrx_word' id='word_1_154' title='bbox 1246 1971 1402 2036; x_wconf 89' lang='lat' dir='ltr'><strong>licet,</strong></span> <span class='ocrx_word' id='word_1_155' title='bbox 1444 1967 1792 2024; x_wconf 83' lang='lat' dir='ltr'><strong>vetustiores</strong></span> <span class='ocrx_word' id='word_1_156' title='bbox 1839 1966 2083 2022; x_wconf 81' lang='lat' dir='ltr'><strong>Athenis</strong></span> 
     </span>
    </p>
   </div>
   <div class='ocr_carea' id='block_1_26' title="bbox 427 2062 2082 2139">
    <p class='ocr_par' dir='ltr' id='par_1_26' title="bbox 427 2062 2082 2139">
     <span class='ocr_line' id='line_1_26' title="bbox 427 2062 2082 2139; baseline -0.006 -19"><span class='ocrx_word' id='word_1_157' title='bbox 427 2065 836 2139; x_wconf 87' lang='lat' dir='ltr'><strong>philosophos,</strong></span> <span class='ocrx_word' id='word_1_158' title='bbox 871 2063 984 2117; x_wconf 86' lang='lat' dir='ltr'><strong>sibi</strong></span> <span class='ocrx_word' id='word_1_159' title='bbox 1028 2062 1159 2133; x_wconf 88' lang='lat' dir='ltr'><strong>ejus</strong></span> <span class='ocrx_word' id='word_1_160' title='bbox 1209 2076 1384 2131; x_wconf 84' lang='lat' dir='ltr'><strong>opera</strong></span> <span class='ocrx_word' id='word_1_161' title='bbox 1418 2063 1792 2129; x_wconf 88' lang='lat' dir='ltr'><strong>usurpantes,</strong></span> <span class='ocrx_word' id='word_1_162' title='bbox 1827 2072 2082 2127; x_wconf 89' lang='lat' dir='ltr'><strong>quorum</strong></span> 
     </span>
    </p>
   </div>
   <div class='ocr_carea' id='block_1_27' title="bbox 427 2143 2082 2226">
    <p class='ocr_par' dir='ltr' id='par_1_27' title="bbox 427 2143 2082 2226">
     <span class='ocr_line' id='line_1_27' title="bbox 427 2143 2082 2226; baseline -0.007 -15"><span class='ocrx_word' id='word_1_163' title='bbox 427 2155 553 2226; x_wconf 88' lang='lat' dir='ltr'><strong>ipse</strong></span> <span class='ocrx_word' id='word_1_164' title='bbox 585 2154 654 2209; x_wconf 90' lang='lat' dir='ltr'><strong>ad</strong></span> <span class='ocrx_word' id='word_1_165' title='bbox 687 2152 1061 2207; x_wconf 87' lang='lat' dir='ltr'><strong>Timotheum</strong></span> <span class='ocrx_word' id='word_1_166' title='bbox 1112 2149 1377 2204; x_wconf 90' lang='lat' dir='ltr'><strong>scribens</strong></span> <span class='ocrx_word' id='word_1_167' title='bbox 1411 2147 1700 2212; x_wconf 89' lang='lat' dir='ltr'><strong>meminit,</strong></span> <span class='ocrx_word' id='word_1_168' title='bbox 1733 2143 2082 2213; x_wconf 89' lang='lat' dir='ltr'><strong>occultasse,</strong></span> 
     </span>
    </p>
   </div>
   <div class='ocr_carea' id='block_1_28' title="bbox 426 2235 2082 2316">
    <p class='ocr_par' dir='ltr' id='par_1_28' title="bbox 426 2235 2082 2316">
     <span class='ocr_line' id='line_1_28' title="bbox 426 2235 2082 2316; baseline -0.004 -17"><span class='ocrx_word' id='word_1_169' title='bbox 426 2249 491 2299; x_wconf 87' lang='lat' dir='ltr'><strong>ut</strong></span> <span class='ocrx_word' id='word_1_170' title='bbox 521 2243 633 2316; x_wconf 89' lang='lat' dir='ltr'><strong>ipsi</strong></span> <span class='ocrx_word' id='word_1_171' title='bbox 666 2243 1000 2297; x_wconf 88' lang='lat' dir='ltr'><strong>divinorum</strong></span> <span class='ocrx_word' id='word_1_172' title='bbox 1024 2240 1154 2309; x_wconf 89' lang='lat' dir='ltr'><strong>ejus</strong></span> <span class='ocrx_word' id='word_1_173' title='bbox 1187 2239 1470 2293; x_wconf 88' lang='lat' dir='ltr'><strong>librorum</strong></span> <span class='ocrx_word' id='word_1_174' title='bbox 1505 2241 1702 2308; x_wconf 87' lang='lat' dir='ltr'><strong>patres</strong></span> <span class='ocrx_word' id='word_1_175' title='bbox 1722 2235 2082 2292; x_wconf 86' lang='lat' dir='ltr'><strong>viderentur.</strong></span> 
     </span>
    </p>
   </div>
   <div class='ocr_carea' id='block_1_29' title="bbox 425 2327 2081 2405">
    <p class='ocr_par' dir='ltr' id='par_1_29' title="bbox 425 2327 2081 2405">
     <span class='ocr_line' id='line_1_29' title="bbox 425 2327 2081 2405; baseline -0.005 -17"><span class='ocrx_word' id='word_1_176' title='bbox 425 2337 574 2405; x_wconf 88' lang='lat' dir='ltr'><strong>Ergo</strong></span> <span class='ocrx_word' id='word_1_177' title='bbox 604 2332 706 2387; x_wconf 88' lang='lat' dir='ltr'><strong>Dei</strong></span> <span class='ocrx_word' id='word_1_178' title='bbox 737 2331 1032 2402; x_wconf 88' lang='lat' dir='ltr'><strong>interpres</strong></span> <span class='ocrx_word' id='word_1_179' title='bbox 1065 2328 1398 2397; x_wconf 79' lang='lat' dir='ltr'><strong>Dionysius,</strong></span> <span class='ocrx_word' id='word_1_180' title='bbox 1426 2331 1695 2398; x_wconf 85' lang='lat' dir='ltr'><strong>provecta</strong></span> <span class='ocrx_word' id='word_1_181' title='bbox 1732 2327 1859 2394; x_wconf 87' lang='lat' dir='ltr'><strong>jam</strong></span> <span class='ocrx_word' id='word_1_182' title='bbox 1893 2329 2081 2391; x_wconf 65' lang='lat' dir='ltr'><strong>astate,</strong></span> 
     </span>
    </p>
   </div>
   <div class='ocr_carea' id='block_1_30' title="bbox 425 2413 2082 2492">
    <p class='ocr_par' dir='ltr' id='par_1_30' title="bbox 425 2413 2082 2492">
     <span class='ocr_line' id='line_1_30' title="bbox 425 2413 2082 2492; baseline -0.005 -14"><span class='ocrx_word' id='word_1_183' title='bbox 425 2423 772 2492; x_wconf 88' lang='lat' dir='ltr'><strong>dierumque</strong></span> <span class='ocrx_word' id='word_1_184' title='bbox 815 2419 1059 2490; x_wconf 87' lang='lat' dir='ltr'><strong>spiritus</strong></span> <span class='ocrx_word' id='word_1_185' title='bbox 1111 2416 1343 2490; x_wconf 86' lang='lat' dir='ltr'><strong>plenus,</strong></span> <span class='ocrx_word' id='word_1_186' title='bbox 1378 2415 1658 2488; x_wconf 79' lang='lat' dir='ltr'><strong>martyrio</strong></span> <span class='ocrx_word' id='word_1_187' title='bbox 1705 2431 1809 2485; x_wconf 91' lang='lat' dir='ltr'><strong>pro</strong></span> <span class='ocrx_word' id='word_1_188' title='bbox 1851 2413 2082 2469; x_wconf 87' lang='lat' dir='ltr'><strong>Christo</strong></span> 
     </span>
    </p>
   </div>
   <div class='ocr_carea' id='block_1_31' title="bbox 426 2501 2086 2577">
    <p class='ocr_par' dir='ltr' id='par_1_31' title="bbox 426 2501 2086 2577">
     <span class='ocr_line' id='line_1_31' title="bbox 426 2501 2086 2577; baseline -0.007 -10"><span class='ocrx_word' id='word_1_189' title='bbox 426 2514 876 2567; x_wconf 88' lang='lat' dir='ltr'><strong>consummatur</strong></span> <span class='ocrx_word' id='word_1_190' title='bbox 897 2508 1007 2562; x_wconf 90' lang='lat' dir='ltr'><strong>sub</strong></span> <span class='ocrx_word' id='word_1_191' title='bbox 1024 2507 1277 2577; x_wconf 85' lang='lat' dir='ltr'><strong>Trajano</strong></span> <span class='ocrx_word' id='word_1_192' title='bbox 1298 2507 1543 2573; x_wconf 65' lang='lat' dir='ltr'><strong>Caesare,</strong></span> <span class='ocrx_word' id='word_1_193' title='bbox 1560 2503 1796 2574; x_wconf 88' lang='lat' dir='ltr'><strong>quando</strong></span> <span class='ocrx_word' id='word_1_194' title='bbox 1820 2508 1879 2557; x_wconf 90' lang='lat' dir='ltr'><strong>et</strong></span> <span class='ocrx_word' id='word_1_195' title='bbox 1904 2501 2086 2557; x_wconf 83' lang='lat' dir='ltr'><strong>deifer</strong></span> 
     </span>
    </p>
   </div>
   <div class='ocr_carea' id='block_1_32' title="bbox 425 2590 2084 2672">
    <p class='ocr_par' dir='ltr' id='par_1_32' title="bbox 425 2590 2084 2672">
     <span class='ocr_line' id='line_1_32' title="bbox 425 2590 2084 2672; baseline -0.006 -17"><span class='ocrx_word' id='word_1_196' title='bbox 425 2599 690 2672; x_wconf 88' lang='lat' dir='ltr'><strong>lgnatius</strong></span> <span class='ocrx_word' id='word_1_197' title='bbox 734 2603 1028 2652; x_wconf 88' lang='lat' dir='ltr'><strong>certamen</strong></span> <span class='ocrx_word' id='word_1_198' title='bbox 1073 2593 1536 2650; x_wconf 88' lang='lat' dir='ltr'><strong>immortalitatis</strong></span> <span class='ocrx_word' id='word_1_199' title='bbox 1567 2590 1904 2646; x_wconf 86' lang='lat' dir='ltr'><strong>decertavit.</strong></span> <span class='ocrx_word' id='word_1_200' title='bbox 1938 2590 2084 2646; x_wconf 88' lang='lat' dir='ltr'><strong>Nota</strong></span> 
     </span>
    </p>
   </div>
   <div class='ocr_carea' id='block_1_33' title="bbox 426 2679 2082 2757">
    <p class='ocr_par' dir='ltr' id='par_1_33' title="bbox 426 2679 2082 2757">
     <span class='ocr_line' id='line_1_33' title="bbox 426 2679 2082 2757; baseline -0.008 -12"><span class='ocrx_word' id='word_1_201' title='bbox 426 2687 769 2745; x_wconf 88' lang='lat' dir='ltr'><strong>Michaelem</strong></span> <span class='ocrx_word' id='word_1_202' title='bbox 805 2683 1121 2757; x_wconf 89' lang='lat' dir='ltr'><strong>Syngelum</strong></span> <span class='ocrx_word' id='word_1_203' title='bbox 1157 2681 1751 2753; x_wconf 79' lang='lat' dir='ltr'><strong>Hierosolymitanum</strong></span> <span class='ocrx_word' id='word_1_204' title='bbox 1787 2679 2082 2734; x_wconf 85' lang='lat' dir='ltr'><strong>laudatio-</strong></span> 
     </span>
    </p>
   </div>
   <div class='ocr_carea' id='block_1_34' title="bbox 425 2768 2083 2848">
    <p class='ocr_par' dir='ltr' id='par_1_34' title="bbox 425 2768 2083 2848">
     <span class='ocr_line' id='line_1_34' title="bbox 425 2768 2083 2848; baseline -0.008 -13"><span class='ocrx_word' id='word_1_205' title='bbox 425 2795 558 2835; x_wconf 87' lang='lat' dir='ltr'><strong>nem</strong></span> <span class='ocrx_word' id='word_1_206' title='bbox 589 2776 784 2848; x_wconf 87' lang='lat' dir='ltr'><strong>magni</strong></span> <span class='ocrx_word' id='word_1_207' title='bbox 823 2775 1076 2846; x_wconf 84' lang='lat' dir='ltr'><strong>Dionysii</strong></span> <span class='ocrx_word' id='word_1_208' title='bbox 1115 2773 1451 2843; x_wconf 86' lang='lat' dir='ltr'><strong>scripsisse,</strong></span> <span class='ocrx_word' id='word_1_209' title='bbox 1487 2773 1544 2825; x_wconf 91' lang='lat' dir='ltr'><strong>in</strong></span> <span class='ocrx_word' id='word_1_210' title='bbox 1581 2787 1698 2841; x_wconf 90' lang='lat' dir='ltr'><strong>qua</strong></span> <span class='ocrx_word' id='word_1_211' title='bbox 1729 2770 1872 2823; x_wconf 91' lang='lat' dir='ltr'><strong>dicit</strong></span> <span class='ocrx_word' id='word_1_212' title='bbox 1905 2787 1952 2822; x_wconf 74' lang='lat' dir='ltr'><strong>:a</strong></span> <span class='ocrx_word' id='word_1_213' title='bbox 1977 2768 2083 2822; x_wconf 89' lang='lat' dir='ltr'><strong>Ve-</strong></span> 
     </span>
    </p>
   </div>
   <div class='ocr_carea' id='block_1_35' title="bbox 429 2857 2082 2934">
    <p class='ocr_par' dir='ltr' id='par_1_35' title="bbox 429 2857 2082 2934">
     <span class='ocr_line' id='line_1_35' title="bbox 429 2857 2082 2934; baseline -0.007 -11"><span class='ocrx_word' id='word_1_214' title='bbox 429 2867 626 2923; x_wconf 88' lang='lat' dir='ltr'><strong>nimus</strong></span> <span class='ocrx_word' id='word_1_215' title='bbox 657 2866 821 2921; x_wconf 89' lang='lat' dir='ltr'><strong>vobis</strong></span> <span class='ocrx_word' id='word_1_216' title='bbox 853 2863 1131 2918; x_wconf 88' lang='lat' dir='ltr'><strong>audiendi</strong></span> <span class='ocrx_word' id='word_1_217' title='bbox 1164 2861 1395 2934; x_wconf 92' lang='lat' dir='ltr'><strong>cupidis</strong></span> <span class='ocrx_word' id='word_1_218' title='bbox 1430 2858 1806 2931; x_wconf 89' lang='lat' dir='ltr'><strong>proposituri,</strong></span> <span class='ocrx_word' id='word_1_219' title='bbox 1831 2875 1962 2927; x_wconf 68' lang='lat' dir='ltr'><strong>quae</strong></span> <span class='ocrx_word' id='word_1_220' title='bbox 1994 2857 2082 2912; x_wconf 90' lang='lat' dir='ltr'><strong>vel</strong></span> 
     </span>
    </p>
   </div>
   <div class='ocr_carea' id='block_1_36' title="bbox 421 2947 2083 3023">
    <p class='ocr_par' dir='ltr' id='par_1_36' title="bbox 421 2947 2083 3023">
     <span class='ocr_line' id='line_1_36' title="bbox 421 2947 2083 3023; baseline -0.006 -11"><span class='ocrx_word' id='word_1_221' title='bbox 421 2956 739 3012; x_wconf 87' lang='lat' dir='ltr'><strong>traditione</strong></span> <span class='ocrx_word' id='word_1_222' title='bbox 772 2971 885 3009; x_wconf 90' lang='lat' dir='ltr'><strong>non</strong></span> <span class='ocrx_word' id='word_1_223' title='bbox 919 2952 1158 3023; x_wconf 85' lang='lat' dir='ltr'><strong>scripta.</strong></span> <span class='ocrx_word' id='word_1_224' title='bbox 1179 2956 1280 3006; x_wconf 90' lang='lat' dir='ltr'><strong>aut</strong></span> <span class='ocrx_word' id='word_1_225' title='bbox 1301 2949 1521 3020; x_wconf 84' lang='lat' dir='ltr'><strong>scripta</strong></span> <span class='ocrx_word' id='word_1_226' title='bbox 1544 2949 1900 3018; x_wconf 89' lang='lat' dir='ltr'><strong>accepimus.</strong></span> <span class='ocrx_word' id='word_1_227' title='bbox 1925 2947 2083 3003; x_wconf 79' lang='lat' dir='ltr'><strong>Talis</strong></span> 
     </span>
    </p>
   </div>
   <div class='ocr_carea' id='block_1_37' title="bbox 421 3036 2078 3118">
    <p class='ocr_par' dir='ltr' id='par_1_37' title="bbox 421 3036 2078 3118">
     <span class='ocr_line' id='line_1_37' title="bbox 421 3036 2078 3118; baseline -0.007 -17"><span class='ocrx_word' id='word_1_228' title='bbox 421 3045 604 3118; x_wconf 85' lang='lat' dir='ltr'><strong>igitur</strong></span> <span class='ocrx_word' id='word_1_229' title='bbox 634 3060 823 3100; x_wconf 90' lang='lat' dir='ltr'><strong>sermo</strong></span> <span class='ocrx_word' id='word_1_230' title='bbox 847 3043 920 3097; x_wconf 89' lang='lat' dir='ltr'><strong>ad</strong></span> <span class='ocrx_word' id='word_1_231' title='bbox 945 3058 1052 3096; x_wconf 89' lang='lat' dir='ltr'><strong>nos</strong></span> <span class='ocrx_word' id='word_1_232' title='bbox 1088 3040 1371 3111; x_wconf 89' lang='lat' dir='ltr'><strong>pervenit,</strong></span> <span class='ocrx_word' id='word_1_233' title='bbox 1401 3038 1519 3092; x_wconf 87' lang='lat' dir='ltr'><strong>filio</strong></span> <span class='ocrx_word' id='word_1_234' title='bbox 1550 3054 1582 3091; x_wconf 87' lang='lat' dir='ltr'><strong>a</strong></span> <span class='ocrx_word' id='word_1_235' title='bbox 1615 3043 1775 3103; x_wconf 89' lang='lat' dir='ltr'><strong>patre</strong></span> <span class='ocrx_word' id='word_1_236' title='bbox 1803 3036 2078 3102; x_wconf 88' lang='lat' dir='ltr'><strong>traditus,</strong></span> 
     </span>
    </p>
   </div>
   <div class='ocr_carea' id='block_1_38' title="bbox 2207 797 3846 881">
    <p class='ocr_par' dir='ltr' id='par_1_38' title="bbox 2207 797 3846 881">
     <span class='ocr_line' id='line_1_38' title="bbox 2207 797 3846 881; baseline 0.006 -26"><span class='ocrx_word' id='word_1_237' title='bbox 2207 799 2402 878; x_wconf 74' lang='grc' dir='ltr'>κεφάλο</span> <span class='ocrx_word' id='word_1_238' title='bbox 2437 803 2515 859; x_wconf 87' lang='grc' dir='ltr'>ιε’.</span> <span class='ocrx_word' id='word_1_239' title='bbox 2538 801 2728 876; x_wconf 74' lang='grc' dir='ltr'>Ἑτέρα</span> <span class='ocrx_word' id='word_1_240' title='bbox 2755 797 2956 880; x_wconf 76' lang='grc' dir='ltr'>βίϐλος</span> <span class='ocrx_word' id='word_1_241' title='bbox 3014 804 3152 877; x_wconf 87' lang='grc' dir='ltr'>πρὸς</span> <span class='ocrx_word' id='word_1_242' title='bbox 3210 803 3303 858; x_wconf 89' lang='grc' dir='ltr'><strong>τὸν</strong></span> <span class='ocrx_word' id='word_1_243' title='bbox 3361 803 3519 860; x_wconf 76' lang='grc' dir='ltr'>αὐτόν</span> <span class='ocrx_word' id='word_1_244' title='bbox 3573 808 3846 881; x_wconf 90' lang='grc' dir='ltr'>Τιμόθεον,</span> 
     </span>
    </p>
   </div>
   <div class='ocr_carea' id='block_1_39' title="bbox 2207 891 3843 969">
    <p class='ocr_par' dir='ltr' id='par_1_39' title="bbox 2207 891 3843 969">
     <span class='ocr_line' id='line_1_39' title="bbox 2207 891 3843 969; baseline 0.006 -25"><span class='ocrx_word' id='word_1_245' title='bbox 2207 891 2336 964; x_wconf 86' lang='grc' dir='ltr'>Περὶ</span> <span class='ocrx_word' id='word_1_246' title='bbox 2387 898 2488 956; x_wconf 62' lang='grc' dir='ltr'>τῖς</span> <span class='ocrx_word' id='word_1_247' title='bbox 2531 891 2790 968; x_wconf 80' lang='grc' dir='ltr'><strong>οὐρανίου</strong></span> <span class='ocrx_word' id='word_1_248' title='bbox 2839 892 3146 968; x_wconf 75' lang='grc' dir='ltr'>ἱεραρχίας,</span> <span class='ocrx_word' id='word_1_249' title='bbox 3196 894 3528 969; x_wconf 71' lang='grc' dir='ltr'>περιέχουσα</span> <span class='ocrx_word' id='word_1_250' title='bbox 3584 898 3674 951; x_wconf 84' lang='grc' dir='ltr'>καὶ</span> <span class='ocrx_word' id='word_1_251' title='bbox 3719 898 3843 969; x_wconf 84' lang='grc' dir='ltr'>αὐτὴ</span> 
     </span>
    </p>
   </div>
   <div class='ocr_carea' id='block_1_40' title="bbox 2205 978 3846 1062">
    <p class='ocr_par' dir='ltr' id='par_1_40' title="bbox 2205 978 3846 1062">
     <span class='ocr_line' id='line_1_40' title="bbox 2205 978 3846 1062; baseline 0.005 -27"><span class='ocrx_word' id='word_1_252' title='bbox 2205 978 2400 1058; x_wconf 84' lang='grc' dir='ltr'>κεφάλ’</span> <span class='ocrx_word' id='word_1_253' title='bbox 2441 982 2514 1038; x_wconf 83' lang='grc' dir='ltr'>ιε’.</span> <span class='ocrx_word' id='word_1_254' title='bbox 2548 980 2729 1053; x_wconf 79' lang='grc' dir='ltr'>Ἄλλη</span> <span class='ocrx_word' id='word_1_255' title='bbox 2791 983 2927 1058; x_wconf 89' lang='grc' dir='ltr'>πρὸς</span> <span class='ocrx_word' id='word_1_256' title='bbox 2976 983 3067 1038; x_wconf 88' lang='grc' dir='ltr'>τὸν</span> <span class='ocrx_word' id='word_1_257' title='bbox 3119 983 3281 1039; x_wconf 82' lang='grc' dir='ltr'>αὐτὸν</span> <span class='ocrx_word' id='word_1_258' title='bbox 3321 983 3584 1057; x_wconf 80' lang='grc' dir='ltr'>Τιμόθεον</span> <span class='ocrx_word' id='word_1_259' title='bbox 3648 982 3846 1062; x_wconf 78' lang='grc' dir='ltr'>βίϐλος,</span> 
     </span>
    </p>
   </div>
   <div class='ocr_carea' id='block_1_41' title="bbox 2204 1070 3846 1152">
    <p class='ocr_par' dir='ltr' id='par_1_41' title="bbox 2204 1070 3846 1152">
     <span class='ocr_line' id='line_1_41' title="bbox 2204 1070 3846 1152; baseline 0.004 -26"><span class='ocrx_word' id='word_1_260' title='bbox 2204 1071 2339 1145; x_wconf 86' lang='grc' dir='ltr'>Περὶ</span> <span class='ocrx_word' id='word_1_261' title='bbox 2430 1078 2696 1144; x_wconf 77' lang='grc' dir='ltr'><strong>μυστικῆς</strong></span> <span class='ocrx_word' id='word_1_262' title='bbox 2780 1070 3109 1147; x_wconf 82' lang='grc' dir='ltr'><strong>θεολογίας,</strong></span> <span class='ocrx_word' id='word_1_263' title='bbox 3187 1073 3520 1150; x_wconf 73' lang='grc' dir='ltr'>περιέχουσα</span> <span class='ocrx_word' id='word_1_264' title='bbox 3592 1076 3846 1152; x_wconf 88' lang='grc' dir='ltr'>κεφάλαια</span> 
     </span>
    </p>
   </div>
   <div class='ocr_carea' id='block_1_42' title="bbox 2204 1157 3849 1239">
    <p class='ocr_par' dir='ltr' id='par_1_42' title="bbox 2204 1157 3849 1239">
     <span class='ocr_line' id='line_1_42' title="bbox 2204 1157 3849 1239; baseline 0.004 -24"><span class='ocrx_word' id='word_1_265' title='bbox 2204 1158 2382 1217; x_wconf 74' lang='grc' dir='ltr'>πέντε.</span> <span class='ocrx_word' id='word_1_266' title='bbox 2412 1160 2678 1237; x_wconf 77' lang='grc' dir='ltr'>Φέρονται</span> <span class='ocrx_word' id='word_1_267' title='bbox 2727 1157 2784 1216; x_wconf 74' lang='grc' dir='ltr'>δὲ</span> <span class='ocrx_word' id='word_1_268' title='bbox 2824 1159 2990 1217; x_wconf 80' lang='grc' dir='ltr'><strong>αὐτοῦ</strong></span> <span class='ocrx_word' id='word_1_269' title='bbox 3033 1162 3122 1216; x_wconf 86' lang='grc' dir='ltr'><strong>καὶ</strong></span> <span class='ocrx_word' id='word_1_270' title='bbox 3183 1161 3468 1218; x_wconf 70' lang='grc' dir='ltr'>ἐπιστολαὶ</span> <span class='ocrx_word' id='word_1_271' title='bbox 3521 1163 3656 1239; x_wconf 87' lang='grc' dir='ltr'>πρὸς</span> <span class='ocrx_word' id='word_1_272' title='bbox 3704 1166 3849 1223; x_wconf 84' lang='grc' dir='ltr'>Γάϊον</span> 
     </span>
    </p>
   </div>
   <div class='ocr_carea' id='block_1_43' title="bbox 2202 1248 3849 1331">
    <p class='ocr_par' dir='ltr' id='par_1_43' title="bbox 2202 1248 3849 1331">
     <span class='ocr_line' id='line_1_43' title="bbox 2202 1248 3849 1331; baseline 0.005 -27"><span class='ocrx_word' id='word_1_273' title='bbox 2202 1252 2533 1326; x_wconf 79' lang='grc' dir='ltr'>θεραπευτὴν</span> <span class='ocrx_word' id='word_1_274' title='bbox 2589 1248 2631 1306; x_wconf 85' lang='grc' dir='ltr'>δ’</span> <span class='ocrx_word' id='word_1_275' title='bbox 2666 1270 2679 1284; x_wconf 83' lang='grc'><em>’</em></span> <span class='ocrx_word' id='word_1_276' title='bbox 2712 1251 2849 1326; x_wconf 88' lang='grc' dir='ltr'>πρὸς</span> <span class='ocrx_word' id='word_1_277' title='bbox 2897 1251 3176 1327; x_wconf 79' lang='grc' dir='ltr'>Δωρόθεον</span> <span class='ocrx_word' id='word_1_278' title='bbox 3228 1249 3549 1328; x_wconf 86' lang='grc' dir='ltr'>λειτουργὸν</span> <span class='ocrx_word' id='word_1_279' title='bbox 3593 1260 3638 1308; x_wconf 90' lang='grc' dir='ltr'>α’</span> <span class='ocrx_word' id='word_1_280' title='bbox 3670 1273 3683 1286; x_wconf 75' lang='grc' dir='ltr'>ο</span> <span class='ocrx_word' id='word_1_281' title='bbox 3724 1258 3849 1331; x_wconf 83' lang='grc' dir='ltr'>πρὸς</span> 
     </span>
    </p>
   </div>
   <div class='ocr_carea' id='block_1_44' title="bbox 2203 1339 3846 1421">
    <p class='ocr_par' dir='ltr' id='par_1_44' title="bbox 2203 1339 3846 1421">
     <span class='ocr_line' id='line_1_44' title="bbox 2203 1339 3846 1421; baseline 0.005 -27"><span class='ocrx_word' id='word_1_282' title='bbox 2203 1341 2503 1416; x_wconf 87' lang='grc' dir='ltr'>Σώπατρον</span> <span class='ocrx_word' id='word_1_283' title='bbox 2557 1339 2702 1416; x_wconf 70' lang='grc' dir='ltr'>ἱερέα</span> <span class='ocrx_word' id='word_1_284' title='bbox 2778 1342 2824 1396; x_wconf 91' lang='grc' dir='ltr'>α’</span> <span class='ocrx_word' id='word_1_285' title='bbox 2862 1361 2873 1375; x_wconf 71' lang='grc' dir='ltr'><strong>ο</strong></span> <span class='ocrx_word' id='word_1_286' title='bbox 2937 1342 3072 1416; x_wconf 89' lang='grc' dir='ltr'>πρὸς</span> <span class='ocrx_word' id='word_1_287' title='bbox 3159 1339 3518 1416; x_wconf 82' lang='grc' dir='ltr'>Πολύκαρπον</span> <span class='ocrx_word' id='word_1_288' title='bbox 3595 1343 3846 1421; x_wconf 79' lang='grc' dir='ltr'>ἱεράρχην</span> 
     </span>
    </p>
   </div>
   <div class='ocr_carea' id='block_1_45' title="bbox 2202 1429 3846 1509">
    <p class='ocr_par' dir='ltr' id='par_1_45' title="bbox 2202 1429 3846 1509">
     <span class='ocr_line' id='line_1_45' title="bbox 2202 1429 3846 1509; baseline 0.004 -25"><span class='ocrx_word' id='word_1_289' title='bbox 2202 1429 2462 1503; x_wconf 84' lang='grc' dir='ltr'><strong>Σμύρνης</strong></span> <span class='ocrx_word' id='word_1_290' title='bbox 2501 1430 2547 1483; x_wconf 86' lang='grc' dir='ltr'>α’</span> <span class='ocrx_word' id='word_1_291' title='bbox 2580 1449 2591 1461; x_wconf 93' lang='grc'><strong>·</strong></span> <span class='ocrx_word' id='word_1_292' title='bbox 2625 1431 2764 1505; x_wconf 89' lang='grc' dir='ltr'>πρὸς</span> <span class='ocrx_word' id='word_1_293' title='bbox 2813 1429 3136 1509; x_wconf 77' lang='grc' dir='ltr'><strong>Δημόφιλον</strong></span> <span class='ocrx_word' id='word_1_294' title='bbox 3185 1433 3521 1507; x_wconf 82' lang='grc' dir='ltr'>θεραπευτὴν</span> <span class='ocrx_word' id='word_1_295' title='bbox 3574 1433 3619 1488; x_wconf 90' lang='grc' dir='ltr'>α’</span> <span class='ocrx_word' id='word_1_296' title='bbox 3655 1452 3669 1465; x_wconf 77' lang='grc'><strong><em>⁸</em></strong></span> <span class='ocrx_word' id='word_1_297' title='bbox 3720 1436 3846 1508; x_wconf 86' lang='grc' dir='ltr'>πρὸς</span> 
     </span>
    </p>
   </div>
   <div class='ocr_carea' id='block_1_46' title="bbox 2199 1519 3844 1600">
    <p class='ocr_par' dir='ltr' id='par_1_46' title="bbox 2199 1519 3844 1600">
     <span class='ocr_line' id='line_1_46' title="bbox 2199 1519 3844 1600; baseline 0.001 -24"><span class='ocrx_word' id='word_1_298' title='bbox 2199 1519 2458 1589; x_wconf 84' lang='grc' dir='ltr'>Ἰωάννην</span> <span class='ocrx_word' id='word_1_299' title='bbox 2489 1520 2579 1574; x_wconf 89' lang='grc' dir='ltr'>τὸν</span> <span class='ocrx_word' id='word_1_300' title='bbox 2629 1519 2890 1595; x_wconf 77' lang='grc' dir='ltr'><strong>θεολόγον</strong></span> <span class='ocrx_word' id='word_1_301' title='bbox 2938 1520 3029 1576; x_wconf 89' lang='grc' dir='ltr'><strong>τὸν</strong></span> <span class='ocrx_word' id='word_1_302' title='bbox 3077 1519 3386 1577; x_wconf 85' lang='grc' dir='ltr'>ἀπόστολον</span> <span class='ocrx_word' id='word_1_303' title='bbox 3438 1521 3530 1577; x_wconf 84' lang='grc' dir='ltr'><strong>καὶ</strong></span> <span class='ocrx_word' id='word_1_304' title='bbox 3582 1521 3844 1600; x_wconf 82' lang='grc' dir='ltr'>εὐαγγελι-</span> 
     </span>
    </p>
   </div>
   <div class='ocr_carea' id='block_1_47' title="bbox 2197 1609 2428 1678">
    <p class='ocr_par' dir='ltr' id='par_1_47' title="bbox 2197 1609 2428 1678">
     <span class='ocr_line' id='line_1_47' title="bbox 2197 1609 2428 1678; baseline 0.009 -16"><span class='ocrx_word' id='word_1_305' title='bbox 2197 1609 2327 1678; x_wconf 74' lang='grc' dir='ltr'><strong>στήν</strong></span> <span class='ocrx_word' id='word_1_306' title='bbox 2363 1615 2428 1664; x_wconf 90' lang='grc' dir='ltr'><strong>α’.</strong></span> 
     </span>
    </p>
   </div>
   <div class='ocr_carea' id='block_1_48' title="bbox 2267 1695 3843 1778">
    <p class='ocr_par' dir='ltr' id='par_1_48' title="bbox 2267 1695 3843 1778">
     <span class='ocr_line' id='line_1_48' title="bbox 2267 1695 3843 1778; baseline 0.003 -25"><span class='ocrx_word' id='word_1_307' title='bbox 2267 1697 2462 1754; x_wconf 81' lang='grc' dir='ltr'>Ἰστέον</span> <span class='ocrx_word' id='word_1_308' title='bbox 2525 1695 2583 1753; x_wconf 74' lang='grc' dir='ltr'><strong>δὲ</strong></span> <span class='ocrx_word' id='word_1_309' title='bbox 2639 1698 2714 1761; x_wconf 82' lang='grc' dir='ltr'>ὥς</span> <span class='ocrx_word' id='word_1_310' title='bbox 2771 1720 2915 1762; x_wconf 92' lang='grc' dir='ltr'>τινες</span> <span class='ocrx_word' id='word_1_311' title='bbox 2953 1704 3062 1754; x_wconf 85' lang='grc' dir='ltr'><strong>τῶν</strong></span> <span class='ocrx_word' id='word_1_312' title='bbox 3095 1695 3197 1773; x_wconf 78' lang='grc' dir='ltr'><strong>ἔξω</strong></span> <span class='ocrx_word' id='word_1_313' title='bbox 3229 1705 3437 1778; x_wconf 81' lang='grc' dir='ltr'>σοφῶν,</span> <span class='ocrx_word' id='word_1_314' title='bbox 3471 1701 3563 1756; x_wconf 84' lang='grc' dir='ltr'><strong>καὶ</strong></span> <span class='ocrx_word' id='word_1_315' title='bbox 3623 1700 3843 1776; x_wconf 85' lang='grc' dir='ltr'>μάλιστα</span> 
     </span>
    </p>
   </div>
   <div class='ocr_carea' id='block_1_49' title="bbox 2194 1786 3842 1866">
    <p class='ocr_par' dir='ltr' id='par_1_49' title="bbox 2194 1786 3842 1866">
     <span class='ocr_line' id='line_1_49' title="bbox 2194 1786 3842 1866; baseline 0.004 -25"><span class='ocrx_word' id='word_1_316' title='bbox 2194 1786 2468 1861; x_wconf 83' lang='grc' dir='ltr'>Πρόκλος,</span> <span class='ocrx_word' id='word_1_317' title='bbox 2503 1789 2820 1864; x_wconf 79' lang='grc' dir='ltr'>θεωρήμασι</span> <span class='ocrx_word' id='word_1_318' title='bbox 2867 1787 3143 1851; x_wconf 79' lang='grc' dir='ltr'>πολλάκις</span> <span class='ocrx_word' id='word_1_319' title='bbox 3193 1793 3290 1844; x_wconf 78' lang='grc' dir='ltr'><strong>τοῦ</strong></span> <span class='ocrx_word' id='word_1_320' title='bbox 3344 1793 3618 1866; x_wconf 76' lang='grc' dir='ltr'>μακαρίου</span> <span class='ocrx_word' id='word_1_321' title='bbox 3671 1800 3842 1847; x_wconf 84' lang='grc' dir='ltr'>Διονυ-</span> 
     </span>
    </p>
   </div>
   <div class='ocr_carea' id='block_1_50' title="bbox 2194 1875 3840 1955">
    <p class='ocr_par' dir='ltr' id='par_1_50' title="bbox 2194 1875 3840 1955">
     <span class='ocr_line' id='line_1_50' title="bbox 2194 1875 3840 1955; baseline 0.004 -25"><span class='ocrx_word' id='word_1_322' title='bbox 2194 1877 2316 1931; x_wconf 87' lang='grc' dir='ltr'>σίου</span> <span class='ocrx_word' id='word_1_323' title='bbox 2344 1875 2637 1952; x_wconf 79' lang='grc' dir='ltr'>κὲχρηται,</span> <span class='ocrx_word' id='word_1_324' title='bbox 2668 1878 2758 1932; x_wconf 83' lang='grc' dir='ltr'><strong>καὶ</strong></span> <span class='ocrx_word' id='word_1_325' title='bbox 2785 1879 2974 1940; x_wconf 83' lang='grc' dir='ltr'>αὐταῖς</span> <span class='ocrx_word' id='word_1_326' title='bbox 3009 1875 3066 1933; x_wconf 72' lang='grc' dir='ltr'>δὲ</span> <span class='ocrx_word' id='word_1_327' title='bbox 3111 1879 3303 1955; x_wconf 78' lang='grc' dir='ltr'>ξηραῖς</span> <span class='ocrx_word' id='word_1_328' title='bbox 3356 1885 3481 1942; x_wconf 86' lang='grc' dir='ltr'>ταῖς</span> <span class='ocrx_word' id='word_1_329' title='bbox 3530 1878 3720 1952; x_wconf 71' lang='grc' dir='ltr'>λέξεσι.</span> <span class='ocrx_word' id='word_1_330' title='bbox 3751 1883 3840 1937; x_wconf 78' lang='grc' dir='ltr'><strong>Καὶ</strong></span> 
     </span>
    </p>
   </div>
   <div class='ocr_carea' id='block_1_51' title="bbox 2193 1961 3841 2042">
    <p class='ocr_par' dir='ltr' id='par_1_51' title="bbox 2193 1961 3841 2042">
     <span class='ocr_line' id='line_1_51' title="bbox 2193 1961 3841 2042; baseline 0.004 -22"><span class='ocrx_word' id='word_1_331' title='bbox 2193 1961 2333 2021; x_wconf 76' lang='grc' dir='ltr'>ἔστιν</span> <span class='ocrx_word' id='word_1_332' title='bbox 2392 1967 2647 2021; x_wconf 83' lang='grc' dir='ltr'>ὑπόνοιαν</span> <span class='ocrx_word' id='word_1_333' title='bbox 2697 1966 2756 2022; x_wconf 76' lang='grc' dir='ltr'>ἆκ</span> <span class='ocrx_word' id='word_1_334' title='bbox 2793 1967 2990 2022; x_wconf 88' lang='grc' dir='ltr'>τούτου</span> <span class='ocrx_word' id='word_1_335' title='bbox 3051 1964 3260 2038; x_wconf 72' lang='grc' dir='ltr'>λαϐεῖν,</span> <span class='ocrx_word' id='word_1_336' title='bbox 3295 1968 3370 2032; x_wconf 87' lang='grc' dir='ltr'>ὡς</span> <span class='ocrx_word' id='word_1_337' title='bbox 3428 1970 3482 2024; x_wconf 74' lang='grc' dir='ltr'><strong>οἱ</strong></span> <span class='ocrx_word' id='word_1_338' title='bbox 3514 1968 3565 2024; x_wconf 68' lang='grc' dir='ltr'><strong>ἰν</strong></span> <span class='ocrx_word' id='word_1_339' title='bbox 3599 1971 3841 2042; x_wconf 76' lang='grc' dir='ltr'><strong>Ἀθήναις</strong></span> 
     </span>
    </p>
   </div>
   <div class='ocr_carea' id='block_1_52' title="bbox 2193 2052 3840 2134">
    <p class='ocr_par' dir='ltr' id='par_1_52' title="bbox 2193 2052 3840 2134">
     <span class='ocr_line' id='line_1_52' title="bbox 2193 2052 3840 2134; baseline 0.003 -25"><span class='ocrx_word' id='word_1_340' title='bbox 2193 2052 2551 2129; x_wconf 77' lang='grc' dir='ltr'>παλαιότεροι</span> <span class='ocrx_word' id='word_1_341' title='bbox 2583 2060 2690 2109; x_wconf 81' lang='grc' dir='ltr'>τῶν</span> <span class='ocrx_word' id='word_1_342' title='bbox 2747 2055 3090 2134; x_wconf 87' lang='grc' dir='ltr'>φιλοσόφων,</span> <span class='ocrx_word' id='word_1_343' title='bbox 3125 2056 3576 2134; x_wconf 76' lang='grc' dir='ltr'>σφετερισάμενοι</span> <span class='ocrx_word' id='word_1_344' title='bbox 3622 2059 3714 2122; x_wconf 73' lang='grc' dir='ltr'><strong>τὰς</strong></span> <span class='ocrx_word' id='word_1_345' title='bbox 3757 2059 3840 2114; x_wconf 79' lang='grc' dir='ltr'><strong>αύ-</strong></span> 
     </span>
    </p>
   </div>
   <div class='ocr_carea' id='block_1_53' title="bbox 2192 2143 3842 2224">
    <p class='ocr_par' dir='ltr' id='par_1_53' title="bbox 2192 2143 3842 2224">
     <span class='ocr_line' id='line_1_53' title="bbox 2192 2143 3842 2224; baseline 0.004 -26"><span class='ocrx_word' id='word_1_346' title='bbox 2192 2149 2289 2199; x_wconf 78' lang='grc' dir='ltr'>τοῦ</span> <span class='ocrx_word' id='word_1_347' title='bbox 2345 2145 2738 2221; x_wconf 84' lang='grc' dir='ltr'>πραγματείας,</span> <span class='ocrx_word' id='word_1_348' title='bbox 2773 2143 2846 2200; x_wconf 86' lang='grc' dir='ltr'>ὧν</span> <span class='ocrx_word' id='word_1_349' title='bbox 2905 2145 3065 2209; x_wconf 82' lang='grc' dir='ltr'>αὐτὸς</span> <span class='ocrx_word' id='word_1_350' title='bbox 3129 2147 3469 2220; x_wconf 85' lang='grc' dir='ltr'>μνημονεύει</span> <span class='ocrx_word' id='word_1_351' title='bbox 3500 2150 3633 2220; x_wconf 85' lang='grc' dir='ltr'>πρὸς</span> <span class='ocrx_word' id='word_1_352' title='bbox 3685 2149 3842 2224; x_wconf 86' lang='grc' dir='ltr'>Τιμό-</span> 
     </span>
    </p>
   </div>
   <div class='ocr_carea' id='block_1_54' title="bbox 2195 2235 3840 2317">
    <p class='ocr_par' dir='ltr' id='par_1_54' title="bbox 2195 2235 3840 2317">
     <span class='ocr_line' id='line_1_54' title="bbox 2195 2235 3840 2317; baseline 0.003 -28"><span class='ocrx_word' id='word_1_353' title='bbox 2195 2246 2315 2299; x_wconf 84' lang='grc' dir='ltr'>θεον</span> <span class='ocrx_word' id='word_1_354' title='bbox 2365 2239 2612 2313; x_wconf 87' lang='grc' dir='ltr'>γράφων,</span> <span class='ocrx_word' id='word_1_355' title='bbox 2645 2237 2977 2312; x_wconf 66' lang='grc' dir='ltr'>ἀπέκρυψαν,</span> <span class='ocrx_word' id='word_1_356' title='bbox 3016 2235 3108 2292; x_wconf 71' lang='grc' dir='ltr'>’ίνα</span> <span class='ocrx_word' id='word_1_357' title='bbox 3157 2238 3387 2314; x_wconf 66' lang='grc' dir='ltr'>πατέρες</span> <span class='ocrx_word' id='word_1_358' title='bbox 3443 2239 3600 2294; x_wconf 83' lang='grc' dir='ltr'>αὐτοὶ</span> <span class='ocrx_word' id='word_1_359' title='bbox 3649 2239 3840 2317; x_wconf 83' lang='grc' dir='ltr'>ὀφθῶσι</span> 
     </span>
    </p>
   </div>
   <div class='ocr_carea' id='block_1_55' title="bbox 2191 2323 3835 2407">
    <p class='ocr_par' dir='ltr' id='par_1_55' title="bbox 2191 2323 3835 2407">
     <span class='ocr_line' id='line_1_55' title="bbox 2191 2323 3835 2407; baseline 0.002 -27"><span class='ocrx_word' id='word_1_360' title='bbox 2191 2330 2299 2380; x_wconf 80' lang='grc' dir='ltr'>τῶν</span> <span class='ocrx_word' id='word_1_361' title='bbox 2349 2323 2506 2380; x_wconf 88' lang='grc' dir='ltr'>θείων</span> <span class='ocrx_word' id='word_1_362' title='bbox 2549 2326 2712 2380; x_wconf 81' lang='grc' dir='ltr'>αὐτοῦ</span> <span class='ocrx_word' id='word_1_363' title='bbox 2759 2325 2967 2402; x_wconf 89' lang='grc' dir='ltr'>λόγων.</span> <span class='ocrx_word' id='word_1_364' title='bbox 3032 2328 3094 2384; x_wconf 91' lang='grc' dir='ltr'>Ὁ</span> <span class='ocrx_word' id='word_1_365' title='bbox 3142 2327 3324 2382; x_wconf 87' lang='grc' dir='ltr'>τοίνυν</span> <span class='ocrx_word' id='word_1_366' title='bbox 3390 2328 3697 2407; x_wconf 85' lang='grc' dir='ltr'>θεοφάντωρ</span> <span class='ocrx_word' id='word_1_367' title='bbox 3726 2336 3835 2384; x_wconf 91' lang='grc' dir='ltr'><strong>Διο-</strong></span> 
     </span>
    </p>
   </div>
   <div class='ocr_carea' id='block_1_56' title="bbox 2192 2412 3842 2494">
    <p class='ocr_par' dir='ltr' id='par_1_56' title="bbox 2192 2412 3842 2494">
     <span class='ocr_line' id='line_1_56' title="bbox 2192 2412 3842 2494; baseline 0.003 -26"><span class='ocrx_word' id='word_1_368' title='bbox 2192 2415 2394 2484; x_wconf 83' lang='grc' dir='ltr'>νύσιος,</span> <span class='ocrx_word' id='word_1_369' title='bbox 2425 2412 2532 2486; x_wconf 77' lang='grc' dir='ltr'><strong>ἤδη</strong></span> <span class='ocrx_word' id='word_1_370' title='bbox 2565 2435 2671 2470; x_wconf 89' lang='grc' dir='ltr'><strong>που</strong></span> <span class='ocrx_word' id='word_1_371' title='bbox 2707 2416 2912 2491; x_wconf 85' lang='grc' dir='ltr'>μακρὸν</span> <span class='ocrx_word' id='word_1_372' title='bbox 2964 2413 3162 2480; x_wconf 83' lang='grc' dir='ltr'>ἐλάσας</span> <span class='ocrx_word' id='word_1_373' title='bbox 3220 2416 3452 2492; x_wconf 86' lang='grc' dir='ltr'>χρόνον,</span> <span class='ocrx_word' id='word_1_374' title='bbox 3483 2418 3570 2473; x_wconf 85' lang='grc' dir='ltr'><strong>καὶ</strong></span> <span class='ocrx_word' id='word_1_375' title='bbox 3633 2416 3842 2494; x_wconf 77' lang='grc' dir='ltr'>πλήρης</span> 
     </span>
    </p>
   </div>
   <div class='ocr_carea' id='block_1_57' title="bbox 2192 2505 3839 2583">
    <p class='ocr_par' dir='ltr' id='par_1_57' title="bbox 2192 2505 3839 2583">
     <span class='ocr_line' id='line_1_57' title="bbox 2192 2505 3839 2583; baseline 0.001 -24"><span class='ocrx_word' id='word_1_376' title='bbox 2192 2506 2415 2578; x_wconf 81' lang='grc' dir='ltr'>ἡμερῶν</span> <span class='ocrx_word' id='word_1_377' title='bbox 2463 2506 2702 2580; x_wconf 85' lang='grc' dir='ltr'>γεγονὼς</span> <span class='ocrx_word' id='word_1_378' title='bbox 2748 2509 2854 2560; x_wconf 83' lang='grc' dir='ltr'>τῶν</span> <span class='ocrx_word' id='word_1_379' title='bbox 2903 2510 3000 2560; x_wconf 83' lang='grc' dir='ltr'><strong>τοῦ</strong></span> <span class='ocrx_word' id='word_1_380' title='bbox 3049 2505 3387 2578; x_wconf 86' lang='grc' dir='ltr'>πνεύματος,</span> <span class='ocrx_word' id='word_1_381' title='bbox 3445 2507 3718 2583; x_wconf 87' lang='grc' dir='ltr'>μαρτυρίῳ</span> <span class='ocrx_word' id='word_1_382' title='bbox 3768 2513 3839 2579; x_wconf 81' lang='grc' dir='ltr'>τῷ</span> 
     </span>
    </p>
   </div>
   <div class='ocr_carea' id='block_1_58' title="bbox 2198 2593 3839 2671">
    <p class='ocr_par' dir='ltr' id='par_1_58' title="bbox 2198 2593 3839 2671">
     <span class='ocr_line' id='line_1_58' title="bbox 2198 2593 3839 2671; baseline 0.001 -23"><span class='ocrx_word' id='word_1_383' title='bbox 2198 2593 2330 2667; x_wconf 74' lang='grc' dir='ltr'>ὑπὲρ</span> <span class='ocrx_word' id='word_1_384' title='bbox 2364 2599 2602 2668; x_wconf 79' lang='grc' dir='ltr'>Χριστοῦ</span> <span class='ocrx_word' id='word_1_385' title='bbox 2631 2593 2962 2664; x_wconf 77' lang='grc' dir='ltr'>τελειοῦται,</span> <span class='ocrx_word' id='word_1_386' title='bbox 2995 2594 3082 2650; x_wconf 70' lang='grc' dir='ltr'>ἰπὶ</span> <span class='ocrx_word' id='word_1_387' title='bbox 3113 2598 3396 2671; x_wconf 83' lang='grc' dir='ltr'>Τραϊανοῦ</span> <span class='ocrx_word' id='word_1_388' title='bbox 3452 2596 3732 2671; x_wconf 87' lang='grc' dir='ltr'>Καίσαρος,</span> <span class='ocrx_word' id='word_1_389' title='bbox 3761 2594 3839 2650; x_wconf 77' lang='grc' dir='ltr'>ὅτε</span> 
     </span>
    </p>
   </div>
   <div class='ocr_carea' id='block_1_59' title="bbox 2191 2681 3838 2760">
    <p class='ocr_par' dir='ltr' id='par_1_59' title="bbox 2191 2681 3838 2760">
     <span class='ocr_line' id='line_1_59' title="bbox 2191 2681 3838 2760; baseline 0.002 -24"><span class='ocrx_word' id='word_1_390' title='bbox 2191 2681 2282 2736; x_wconf 87' lang='grc' dir='ltr'><strong>καὶ</strong></span> <span class='ocrx_word' id='word_1_391' title='bbox 2314 2682 2342 2736; x_wconf 83' lang='grc' dir='ltr'>ὁ</span> <span class='ocrx_word' id='word_1_392' title='bbox 2373 2683 2634 2760; x_wconf 86' lang='grc' dir='ltr'>θεοφόρος</span> <span class='ocrx_word' id='word_1_393' title='bbox 2668 2685 2933 2758; x_wconf 81' lang='grc' dir='ltr'>Ἰγνάτιος</span> <span class='ocrx_word' id='word_1_394' title='bbox 2964 2685 3055 2739; x_wconf 91' lang='grc' dir='ltr'><strong>τὸν</strong></span> <span class='ocrx_word' id='word_1_395' title='bbox 3088 2691 3188 2753; x_wconf 85' lang='grc' dir='ltr'><strong>τῆς</strong></span> <span class='ocrx_word' id='word_1_396' title='bbox 3215 2684 3506 2747; x_wconf 79' lang='grc' dir='ltr'>ἀθανασίας</span> <span class='ocrx_word' id='word_1_397' title='bbox 3563 2683 3838 2756; x_wconf 86' lang='grc' dir='ltr'>διήθλησεν</span> 
     </span>
    </p>
   </div>
   <div class='ocr_carea' id='block_1_60' title="bbox 2193 2772 3836 2851">
    <p class='ocr_par' dir='ltr' id='par_1_60' title="bbox 2193 2772 3836 2851">
     <span class='ocr_line' id='line_1_60' title="bbox 2193 2772 3836 2851; baseline 0.001 -25"><span class='ocrx_word' id='word_1_398' title='bbox 2193 2773 2394 2844; x_wconf 82' lang='grc' dir='ltr'>ἀγῶνα.</span> <span class='ocrx_word' id='word_1_399' title='bbox 2427 2775 2553 2828; x_wconf 79' lang='grc' dir='ltr'>’Ὁτι</span> <span class='ocrx_word' id='word_1_400' title='bbox 2601 2773 2679 2834; x_wconf 82' lang='grc' dir='ltr'><strong>εἰς</strong></span> <span class='ocrx_word' id='word_1_401' title='bbox 2726 2775 2815 2828; x_wconf 87' lang='grc' dir='ltr'>τὸν</span> <span class='ocrx_word' id='word_1_402' title='bbox 2863 2772 3026 2850; x_wconf 76' lang='grc' dir='ltr'>μεγαν</span> <span class='ocrx_word' id='word_1_403' title='bbox 3070 2774 3354 2828; x_wconf 77' lang='grc' dir='ltr'>Διονύσιον</span> <span class='ocrx_word' id='word_1_404' title='bbox 3412 2772 3637 2850; x_wconf 76' lang='grc' dir='ltr'>ἔγραψεν</span> <span class='ocrx_word' id='word_1_405' title='bbox 3685 2774 3836 2851; x_wconf 68' lang='grc' dir='ltr'>ἐγκώ-</span> 
     </span>
    </p>
   </div>
   <div class='ocr_carea' id='block_1_61' title="bbox 2197 2859 3839 2943">
    <p class='ocr_par' dir='ltr' id='par_1_61' title="bbox 2197 2859 3839 2943">
     <span class='ocr_line' id='line_1_61' title="bbox 2197 2859 3839 2943; baseline 0.001 -27"><span class='ocrx_word' id='word_1_406' title='bbox 2197 2882 2319 2934; x_wconf 88' lang='grc' dir='ltr'>μιον</span> <span class='ocrx_word' id='word_1_407' title='bbox 2369 2859 2605 2935; x_wconf 62' lang='grc' dir='ltr'>Μιχαὴλ</span> <span class='ocrx_word' id='word_1_408' title='bbox 2659 2860 2932 2938; x_wconf 86' lang='grc' dir='ltr'>Σύγγελος</span> <span class='ocrx_word' id='word_1_409' title='bbox 2983 2862 3416 2938; x_wconf 69' lang='grc' dir='ltr'>Ἱεροσολύμων,</span> <span class='ocrx_word' id='word_1_410' title='bbox 3450 2862 3500 2919; x_wconf 83' lang='grc' dir='ltr'>ἐν</span> <span class='ocrx_word' id='word_1_411' title='bbox 3547 2863 3594 2938; x_wconf 84' lang='grc' dir='ltr'>ᾧ</span> <span class='ocrx_word' id='word_1_412' title='bbox 3650 2883 3797 2943; x_wconf 82' lang='grc' dir='ltr'>φησιν</span> <span class='ocrx_word' id='word_1_413' title='bbox 3826 2881 3839 2894; x_wconf 75' lang='grc'><strong>⁸</strong></span> 
     </span>
    </p>
   </div>
   <div class='ocr_carea' id='block_1_62' title="bbox 2194 2943 3842 3032">
    <p class='ocr_par' dir='ltr' id='par_1_62' title="bbox 2194 2943 3842 3032">
     <span class='ocr_line' id='line_1_62' title="bbox 2194 2943 3842 3032; baseline 0.003 -29"><span class='ocrx_word' id='word_1_414' title='bbox 2194 2954 2388 3008; x_wconf 83' lang='grc' dir='ltr'><strong>‹‹”Οσα</strong></span> <span class='ocrx_word' id='word_1_415' title='bbox 2448 2947 2518 3005; x_wconf 83' lang='grc' dir='ltr'>δι’</span> <span class='ocrx_word' id='word_1_416' title='bbox 2564 2952 2807 3029; x_wconf 76' lang='grc' dir='ltr'>ἀγράφου</span> <span class='ocrx_word' id='word_1_417' title='bbox 2853 2943 3204 3025; x_wconf 82' lang='grc' dir='ltr'>παραδόσεως</span> <span class='ocrx_word' id='word_1_418' title='bbox 3256 2953 3290 3022; x_wconf 75' lang='grc' dir='ltr'><strong>ἢ</strong></span> <span class='ocrx_word' id='word_1_419' title='bbox 3337 2952 3624 3032; x_wconf 74' lang='grc' dir='ltr'>ἐγγράφως</span> <span class='ocrx_word' id='word_1_420' title='bbox 3674 2973 3842 3029; x_wconf 81' lang='grc' dir='ltr'>παρει-</span> 
     </span>
    </p>
   </div>
   <div class='ocr_carea' id='block_1_63' title="bbox 2195 3038 3838 3120">
    <p class='ocr_par' dir='ltr' id='par_1_63' title="bbox 2195 3038 3838 3120">
     <span class='ocr_line' id='line_1_63' title="bbox 2195 3038 3838 3120; baseline 0.002 -26"><span class='ocrx_word' id='word_1_421' title='bbox 2195 3038 2469 3118; x_wconf 86' lang='grc' dir='ltr'>λήφαμεν,</span> <span class='ocrx_word' id='word_1_422' title='bbox 2529 3039 2735 3113; x_wconf 78' lang='grc' dir='ltr'>ἥκομεν</span> <span class='ocrx_word' id='word_1_423' title='bbox 2799 3041 2926 3113; x_wconf 85' lang='grc' dir='ltr'>ὑμῖν</span> <span class='ocrx_word' id='word_1_424' title='bbox 2984 3039 3409 3120; x_wconf 86' lang='grc' dir='ltr'>φιλακροάμοσι</span> <span class='ocrx_word' id='word_1_425' title='bbox 3480 3043 3838 3120; x_wconf 83' lang='grc' dir='ltr'>παραθησόμε-</span> 
     </span>
    </p>
   </div>
   <div class='ocr_carea' id='block_1_64' title="bbox 421 3125 2079 3209">
    <p class='ocr_par' dir='ltr' id='par_1_64' title="bbox 421 3125 2079 3205">
     <span class='ocr_line' id='line_1_64' title="bbox 421 3125 2079 3205; baseline -0.006 -15"><span class='ocrx_word' id='word_1_426' title='bbox 421 3148 705 3205; x_wconf 90' lang='lat' dir='ltr'><strong>magnum</strong></span> <span class='ocrx_word' id='word_1_427' title='bbox 736 3132 893 3186; x_wconf 90' lang='lat' dir='ltr'><strong>hunc</strong></span> <span class='ocrx_word' id='word_1_428' title='bbox 927 3131 1296 3202; x_wconf 87' lang='lat' dir='ltr'><strong>Dionysium,</strong></span> <span class='ocrx_word' id='word_1_429' title='bbox 1319 3134 1578 3197; x_wconf 89' lang='lat' dir='ltr'><strong>tempore</strong></span> <span class='ocrx_word' id='word_1_430' title='bbox 1613 3127 1767 3184; x_wconf 76' lang='lat'><strong>356</strong></span> <span class='ocrx_word' id='word_1_431' title='bbox 1801 3125 2079 3180; x_wconf 90' lang='lat' dir='ltr'><strong>salutaris</strong></span> 
     </span>
    </p>
   </div>
   <div class='ocr_carea' id='block_1_65' title="bbox 2190 3125 3836 3209">
    <p class='ocr_par' dir='ltr' id='par_1_65' title="bbox 2190 3130 3836 3209">
     <span class='ocr_line' id='line_1_65' title="bbox 2190 3130 3836 3209; baseline 0.002 -27"><span class='ocrx_word' id='word_1_432' title='bbox 2190 3150 2296 3183; x_wconf 93' lang='grc' dir='ltr'>νοι.</span> <span class='ocrx_word' id='word_1_433' title='bbox 2329 3133 2584 3192; x_wconf 75' lang='grc' dir='ltr'>Τοιοῦτος</span> <span class='ocrx_word' id='word_1_434' title='bbox 2641 3131 2732 3184; x_wconf 80' lang='grc' dir='ltr'>οὗν</span> <span class='ocrx_word' id='word_1_435' title='bbox 2791 3130 2867 3192; x_wconf 76' lang='grc' dir='ltr'>εἰς</span> <span class='ocrx_word' id='word_1_436' title='bbox 2926 3133 3076 3202; x_wconf 76' lang='grc' dir='ltr'>ἡμᾶς</span> <span class='ocrx_word' id='word_1_437' title='bbox 3134 3133 3456 3203; x_wconf 77' lang='grc' dir='ltr'>κατήντηκε</span> <span class='ocrx_word' id='word_1_438' title='bbox 3506 3132 3685 3209; x_wconf 86' lang='grc' dir='ltr'>λόγος,</span> <span class='ocrx_word' id='word_1_439' title='bbox 3729 3131 3836 3187; x_wconf 75' lang='grc' dir='ltr'>ἀνέι</span> 
     </span>
    </p>
   </div>
   <div class='ocr_carea' id='block_1_66' title="bbox 423 3203 2079 3296">
    <p class='ocr_par' dir='ltr' id='par_1_66' title="bbox 423 3213 2070 3289">
     <span class='ocr_line' id='line_1_66' title="bbox 423 3213 2070 3289; baseline -0.006 -12"><span class='ocrx_word' id='word_1_440' title='bbox 423 3220 886 3289; x_wconf 88' lang='lat' dir='ltr'><strong>Passionis,cum</strong></span> <span class='ocrx_word' id='word_1_441' title='bbox 926 3217 1013 3274; x_wconf 91' lang='lat' dir='ltr'><strong>sol</strong></span> <span class='ocrx_word' id='word_1_442' title='bbox 1045 3219 1104 3272; x_wconf 92' lang='lat' dir='ltr'><strong>in</strong></span> <span class='ocrx_word' id='word_1_443' title='bbox 1137 3217 1383 3272; x_wconf 87' lang='lat' dir='ltr'><strong>meridie</strong></span> <span class='ocrx_word' id='word_1_444' title='bbox 1413 3214 1825 3278; x_wconf 86' lang='lat' dir='ltr'><strong>occultaretur,</strong></span> <span class='ocrx_word' id='word_1_445' title='bbox 1859 3230 1924 3268; x_wconf 84' lang='lat' dir='ltr'><strong>eo</strong></span> <span class='ocrx_word' id='word_1_446' title='bbox 1959 3213 2070 3268; x_wconf 87' lang='lat' dir='ltr'><strong>mi-</strong></span> 
     </span>
    </p>
   </div>
   <div class='ocr_carea' id='block_1_67' title="bbox 2190 3203 3832 3296">
    <p class='ocr_par' dir='ltr' id='par_1_67' title="bbox 2190 3203 3832 3296">
     <span class='ocr_line' id='line_1_67' title="bbox 2190 3203 3832 3296; baseline 0.001 -22"><span class='ocrx_word' id='word_1_447' title='bbox 2190 3219 2341 3274; x_wconf 81' lang='grc' dir='ltr'>καθεν</span> <span class='ocrx_word' id='word_1_448' title='bbox 2376 3218 2511 3294; x_wconf 87' lang='grc' dir='ltr'>πρὸς</span> <span class='ocrx_word' id='word_1_449' title='bbox 2540 3221 2741 3292; x_wconf 85' lang='grc' dir='ltr'>πατρὸς</span> <span class='ocrx_word' id='word_1_450' title='bbox 2772 3217 2927 3274; x_wconf 82' lang='grc' dir='ltr'>παιδὶ</span> <span class='ocrx_word' id='word_1_451' title='bbox 2956 3217 3444 3296; x_wconf 73' lang='grc' dir='ltr'>παραδεδομένως,</span> <span class='ocrx_word' id='word_1_452' title='bbox 3478 3223 3553 3287; x_wconf 88' lang='grc' dir='ltr'>ὡς</span> <span class='ocrx_word' id='word_1_453' title='bbox 3587 3203 3635 3277; x_wconf 44' lang='grc' dir='ltr'><strong>’ὁ</strong></span> <span class='ocrx_word' id='word_1_454' title='bbox 3671 3203 3832 3296; x_wconf 13' lang='grc' dir='ltr'>γμὲγας</span> 
     </span>
    </p>
   </div>
   <div class='ocr_carea' id='block_1_68' title="bbox 419 3303 2072 3372">
    <p class='ocr_par' dir='ltr' id='par_1_68' title="bbox 419 3303 2072 3372">
     <span class='ocr_line' id='line_1_68' title="bbox 419 3303 2072 3372; baseline -0.005 -6"><span class='ocrx_word' id='word_1_455' title='bbox 419 3310 620 3366; x_wconf 88' lang='lat' dir='ltr'><strong>raculo</strong></span> <span class='ocrx_word' id='word_1_456' title='bbox 651 3309 1026 3364; x_wconf 86' lang='lat' dir='ltr'><strong>vehementer</strong></span> <span class='ocrx_word' id='word_1_457' title='bbox 1073 3305 1411 3372; x_wconf 87' lang='lat' dir='ltr'><strong>attonitum,</strong></span> <span class='ocrx_word' id='word_1_458' title='bbox 1443 3321 1509 3360; x_wconf 88' lang='lat' dir='ltr'><strong>ac</strong></span> <span class='ocrx_word' id='word_1_459' title='bbox 1551 3305 1703 3358; x_wconf 91' lang='lat' dir='ltr'><strong>ultra</strong></span> <span class='ocrx_word' id='word_1_460' title='bbox 1751 3303 2072 3358; x_wconf 88' lang='lat' dir='ltr'><strong>humanam</strong></span> 
     </span>
    </p>
   </div>
   <div class='ocr_carea' id='block_1_69' title="bbox 420 3392 2072 3472">
    <p class='ocr_par' dir='ltr' id='par_1_69' title="bbox 420 3392 2072 3472">
     <span class='ocr_line' id='line_1_69' title="bbox 420 3392 2072 3472; baseline -0.005 -17"><span class='ocrx_word' id='word_1_461' title='bbox 420 3399 814 3472; x_wconf 82' lang='lat' dir='ltr'><strong>cognitionem</strong></span> <span class='ocrx_word' id='word_1_462' title='bbox 856 3401 1146 3464; x_wconf 85' lang='lat' dir='ltr'><strong>evectum,</strong></span> <span class='ocrx_word' id='word_1_463' title='bbox 1182 3395 1280 3449; x_wconf 88' lang='lat' dir='ltr'><strong>ubi</strong></span> <span class='ocrx_word' id='word_1_464' title='bbox 1327 3400 1522 3450; x_wconf 90' lang='lat' dir='ltr'><strong>mente</strong></span> <span class='ocrx_word' id='word_1_465' title='bbox 1553 3393 1704 3464; x_wconf 89' lang='lat' dir='ltr'><strong>quod</strong></span> <span class='ocrx_word' id='word_1_466' title='bbox 1742 3392 1914 3448; x_wconf 78' lang='lat' dir='ltr'><strong>{iebat</strong></span> <span class='ocrx_word' id='word_1_467' title='bbox 1945 3409 2072 3464; x_wconf 89' lang='lat' dir='ltr'><strong>per-</strong></span> 
     </span>
    </p>
   </div>
   <div class='ocr_carea' id='block_1_70' title="bbox 419 3481 2070 3562">
    <p class='ocr_par' dir='ltr' id='par_1_70' title="bbox 419 3481 2070 3562">
     <span class='ocr_line' id='line_1_70' title="bbox 419 3481 2070 3562; baseline -0.006 -17"><span class='ocrx_word' id='word_1_468' title='bbox 419 3489 744 3562; x_wconf 89' lang='lat' dir='ltr'><strong>pendisset,</strong></span> <span class='ocrx_word' id='word_1_469' title='bbox 783 3486 1000 3541; x_wconf 85' lang='lat' dir='ltr'><strong>dixisse</strong></span> <span class='ocrx_word' id='word_1_470' title='bbox 1032 3502 1044 3540; x_wconf 93' lang='lat'>:</span> <span class='ocrx_word' id='word_1_471' title='bbox 1079 3487 1297 3554; x_wconf 82' lang='lat' dir='ltr'><strong>Ignotus</strong></span> <span class='ocrx_word' id='word_1_472' title='bbox 1346 3485 1482 3539; x_wconf 73' lang='lat' dir='ltr'><strong>Deus</strong></span> <span class='ocrx_word' id='word_1_473' title='bbox 1526 3485 1766 3555; x_wconf 74' lang='lat' dir='ltr'><strong>patitur,</strong></span> <span class='ocrx_word' id='word_1_474' title='bbox 1799 3481 1862 3537; x_wconf 89' lang='lat' dir='ltr'><strong>ob</strong></span> <span class='ocrx_word' id='word_1_475' title='bbox 1908 3497 2070 3553; x_wconf 85' lang='lat' dir='ltr'><strong>quem</strong></span> 
     </span>
    </p>
   </div>
   <div class='ocr_carea' id='block_1_71' title="bbox 418 3572 2072 3641">
    <p class='ocr_par' dir='ltr' id='par_1_71' title="bbox 418 3572 2072 3641">
     <span class='ocr_line' id='line_1_71' title="bbox 418 3572 2072 3641; baseline -0.006 -7"><span class='ocrx_word' id='word_1_476' title='bbox 418 3579 519 3634; x_wconf 83' lang='lat' dir='ltr'><strong>hoc</strong></span> <span class='ocrx_word' id='word_1_477' title='bbox 575 3579 897 3632; x_wconf 70' lang='lat' dir='ltr'><strong>universum</strong></span> <span class='ocrx_word' id='word_1_478' title='bbox 942 3575 1187 3641; x_wconf 78' lang='lat' dir='ltr'><strong>caligine</strong></span> <span class='ocrx_word' id='word_1_479' title='bbox 1240 3572 1532 3627; x_wconf 80' lang='lat' dir='ltr'><strong>obductum</strong></span> <span class='ocrx_word' id='word_1_480' title='bbox 1590 3581 1669 3627; x_wconf 76' lang='lat' dir='ltr'><strong>est</strong></span> <span class='ocrx_word' id='word_1_481' title='bbox 1725 3587 1790 3626; x_wconf 86' lang='lat' dir='ltr'><strong>ac</strong></span> <span class='ocrx_word' id='word_1_482' title='bbox 1843 3587 2072 3625; x_wconf 72' lang='lat' dir='ltr'><strong>concus-</strong></span> 
     </span>
    </p>
   </div>
   <div class='ocr_carea' id='block_1_72' title="bbox 416 3661 2069 3736">
    <p class='ocr_par' dir='ltr' id='par_1_72' title="bbox 416 3661 2069 3736">
     <span class='ocr_line' id='line_1_72' title="bbox 416 3661 2069 3736; baseline -0.006 -13"><span class='ocrx_word' id='word_1_483' title='bbox 416 3684 540 3723; x_wconf 78' lang='lat' dir='ltr'><strong>sum</strong></span> <span class='ocrx_word' id='word_1_484' title='bbox 560 3684 578 3721; x_wconf 90' lang='lat'><em>:</em></span> <span class='ocrx_word' id='word_1_485' title='bbox 601 3681 852 3736; x_wconf 85' lang='lat' dir='ltr'><strong>moxque</strong></span> <span class='ocrx_word' id='word_1_486' title='bbox 882 3669 1113 3734; x_wconf 89' lang='lat' dir='ltr'><strong>tempus</strong></span> <span class='ocrx_word' id='word_1_487' title='bbox 1145 3679 1262 3734; x_wconf 92' lang='lat' dir='ltr'><strong>quo</strong></span> <span class='ocrx_word' id='word_1_488' title='bbox 1285 3679 1386 3734; x_wconf 90' lang='lat' dir='ltr'><strong>per</strong></span> <span class='ocrx_word' id='word_1_489' title='bbox 1411 3662 1748 3716; x_wconf 87' lang='lat' dir='ltr'><strong>universum</strong></span> <span class='ocrx_word' id='word_1_490' title='bbox 1779 3661 2069 3714; x_wconf 88' lang='lat' dir='ltr'><strong>mundum</strong></span> 
     </span>
    </p>
   </div>
   <div class='ocr_carea' id='block_1_73' title="bbox 416 3749 2069 3830">
    <p class='ocr_par' dir='ltr' id='par_1_73' title="bbox 416 3749 2069 3830">
     <span class='ocr_line' id='line_1_73' title="bbox 416 3749 2069 3830; baseline -0.007 -18"><span class='ocrx_word' id='word_1_491' title='bbox 416 3763 711 3830; x_wconf 88' lang='lat' dir='ltr'><strong>patratum</strong></span> <span class='ocrx_word' id='word_1_492' title='bbox 771 3760 862 3809; x_wconf 86' lang='lat' dir='ltr'><strong>est</strong></span> <span class='ocrx_word' id='word_1_493' title='bbox 919 3753 1294 3815; x_wconf 89' lang='lat' dir='ltr'><strong>miraculum,</strong></span> <span class='ocrx_word' id='word_1_494' title='bbox 1345 3751 1670 3806; x_wconf 89' lang='lat' dir='ltr'><strong>certissime</strong></span> <span class='ocrx_word' id='word_1_495' title='bbox 1728 3749 2069 3820; x_wconf 84' lang='lat' dir='ltr'><strong>designans,</strong></span> 
     </span>
    </p>
   </div>
   <div class='ocr_carea' id='block_1_74' title="bbox 417 3838 2070 3917">
    <p class='ocr_par' dir='ltr' id='par_1_74' title="bbox 417 3838 2070 3917">
     <span class='ocr_line' id='line_1_74' title="bbox 417 3838 2070 3917; baseline -0.008 -15"><span class='ocrx_word' id='word_1_496' title='bbox 417 3847 572 3917; x_wconf 87' lang='lat' dir='ltr'><strong>apud</strong></span> <span class='ocrx_word' id='word_1_497' title='bbox 622 3861 684 3900; x_wconf 93' lang='lat' dir='ltr'><strong>se</strong></span> <span class='ocrx_word' id='word_1_498' title='bbox 733 3843 1137 3909; x_wconf 84' lang='lat' dir='ltr'><strong>conservabat,</strong></span> <span class='ocrx_word' id='word_1_499' title='bbox 1173 3841 1314 3912; x_wconf 91' lang='lat' dir='ltr'><strong>quid</strong></span> <span class='ocrx_word' id='word_1_500' title='bbox 1366 3856 1432 3894; x_wconf 93' lang='lat' dir='ltr'><strong>eo</strong></span> <span class='ocrx_word' id='word_1_501' title='bbox 1481 3838 1932 3893; x_wconf 88' lang='lat' dir='ltr'><strong>denuntiaretur</strong></span> <span class='ocrx_word' id='word_1_502' title='bbox 1975 3853 2070 3891; x_wconf 84' lang='lat' dir='ltr'><strong>ex-</strong></span> 
     </span>
    </p>
   </div>
   <div class='ocr_carea' id='block_1_75' title="bbox 415 3925 2071 4008">
    <p class='ocr_par' dir='ltr' id='par_1_75' title="bbox 415 3925 2071 4008">
     <span class='ocr_line' id='line_1_75' title="bbox 415 3925 2071 4008; baseline -0.008 -17"><span class='ocrx_word' id='word_1_503' title='bbox 415 3940 711 4008; x_wconf 87' lang='lat' dir='ltr'><strong>spectans.</strong></span> <span class='ocrx_word' id='word_1_504' title='bbox 746 3932 1010 3988; x_wconf 84' lang='lat' dir='ltr'><strong>Meminit</strong></span> <span class='ocrx_word' id='word_1_505' title='bbox 1042 3931 1218 3986; x_wconf 88' lang='lat' dir='ltr'><strong>etiam</strong></span> <span class='ocrx_word' id='word_1_506' title='bbox 1251 3931 1378 4001; x_wconf 89' lang='lat' dir='ltr'><strong>ipse</strong></span> <span class='ocrx_word' id='word_1_507' title='bbox 1421 3929 1479 3984; x_wconf 89' lang='lat' dir='ltr'><strong>in</strong></span> <span class='ocrx_word' id='word_1_508' title='bbox 1523 3926 1770 3998; x_wconf 88' lang='lat' dir='ltr'><strong>epistola</strong></span> <span class='ocrx_word' id='word_1_509' title='bbox 1801 3926 1873 3980; x_wconf 88' lang='lat' dir='ltr'><strong>ad</strong></span> <span class='ocrx_word' id='word_1_510' title='bbox 1905 3925 2071 3997; x_wconf 82' lang='lat' dir='ltr'><strong>Poly-</strong></span> 
     </span>
    </p>
   </div>
   <div class='ocr_carea' id='block_1_76' title="bbox 417 4015 2068 4098">
    <p class='ocr_par' dir='ltr' id='par_1_76' title="bbox 417 4015 2068 4098">
     <span class='ocr_line' id='line_1_76' title="bbox 417 4015 2068 4098; baseline -0.006 -18"><span class='ocrx_word' id='word_1_511' title='bbox 417 4041 680 4098; x_wconf 86' lang='lat' dir='ltr'><strong>carpum,</strong></span> <span class='ocrx_word' id='word_1_512' title='bbox 714 4023 964 4078; x_wconf 80' lang='lat' dir='ltr'><strong>maxime</strong></span> <span class='ocrx_word' id='word_1_513' title='bbox 1012 4019 1292 4076; x_wconf 89' lang='lat' dir='ltr'><strong>horrendi</strong></span> <span class='ocrx_word' id='word_1_514' title='bbox 1328 4019 1487 4073; x_wconf 89' lang='lat' dir='ltr'><strong>illius</strong></span> <span class='ocrx_word' id='word_1_515' title='bbox 1532 4015 1742 4071; x_wconf 90' lang='lat' dir='ltr'><strong>solaris</strong></span> <span class='ocrx_word' id='word_1_516' title='bbox 1771 4015 2068 4083; x_wconf 85' lang='lat' dir='ltr'><strong>defectus;</strong></span> 
     </span>
    </p>
   </div>
   <div class='ocr_carea' id='block_1_77' title="bbox 417 4104 2070 4182">
    <p class='ocr_par' dir='ltr' id='par_1_77' title="bbox 417 4104 2070 4182">
     <span class='ocr_line' id='line_1_77' title="bbox 417 4104 2070 4182; baseline -0.006 -12"><span class='ocrx_word' id='word_1_517' title='bbox 417 4131 554 4169; x_wconf 86' lang='lat' dir='ltr'><strong>nam</strong></span> <span class='ocrx_word' id='word_1_518' title='bbox 597 4129 732 4168; x_wconf 89' lang='lat' dir='ltr'><strong>cum</strong></span> <span class='ocrx_word' id='word_1_519' title='bbox 777 4109 1214 4182; x_wconf 88' lang='lat' dir='ltr'><strong>Apoll0phanes</strong></span> <span class='ocrx_word' id='word_1_520' title='bbox 1264 4107 1441 4162; x_wconf 90' lang='lat' dir='ltr'><strong>homo</strong></span> <span class='ocrx_word' id='word_1_521' title='bbox 1492 4104 1902 4178; x_wconf 87' lang='lat' dir='ltr'><strong>philosophus,</strong></span> <span class='ocrx_word' id='word_1_522' title='bbox 1937 4105 2070 4160; x_wconf 81' lang='lat' dir='ltr'><strong>reli-</strong></span> 
     </span>
    </p>
   </div>
   <div class='ocr_carea' id='block_1_78' title="bbox 413 4195 2068 4275">
    <p class='ocr_par' dir='ltr' id='par_1_78' title="bbox 413 4195 2068 4275">
     <span class='ocr_line' id='line_1_78' title="bbox 413 4195 2068 4275; baseline -0.005 -16"><span class='ocrx_word' id='word_1_523' title='bbox 413 4204 586 4275; x_wconf 90' lang='lat' dir='ltr'><strong>gione</strong></span> <span class='ocrx_word' id='word_1_524' title='bbox 634 4203 888 4270; x_wconf 65' lang='lat' dir='ltr'><strong>Graecus,</strong></span> <span class='ocrx_word' id='word_1_525' title='bbox 949 4199 1376 4269; x_wconf 88' lang='lat' dir='ltr'><strong>indignaretur,</strong></span> <span class='ocrx_word' id='word_1_526' title='bbox 1444 4197 1697 4265; x_wconf 87' lang='lat' dir='ltr'><strong>huicque</strong></span> <span class='ocrx_word' id='word_1_527' title='bbox 1756 4201 1842 4249; x_wconf 87' lang='lat' dir='ltr'><strong>ter</strong></span> <span class='ocrx_word' id='word_1_528' title='bbox 1901 4195 2068 4250; x_wconf 89' lang='lat' dir='ltr'><strong>beato</strong></span> 
     </span>
    </p>
   </div>
   <div class='ocr_carea' id='block_1_79' title="bbox 414 4284 2068 4360">
    <p class='ocr_par' dir='ltr' id='par_1_79' title="bbox 414 4284 2068 4360">
     <span class='ocr_line' id='line_1_79' title="bbox 414 4284 2068 4360; baseline -0.005 -12"><span class='ocrx_word' id='word_1_529' title='bbox 414 4291 858 4354; x_wconf 89' lang='lat' dir='ltr'><strong>conviciaretur,</strong></span> <span class='ocrx_word' id='word_1_530' title='bbox 889 4288 1044 4360; x_wconf 89' lang='lat' dir='ltr'><strong>quod</strong></span> <span class='ocrx_word' id='word_1_531' title='bbox 1094 4303 1228 4342; x_wconf 89' lang='lat' dir='ltr'><strong>cum</strong></span> <span class='ocrx_word' id='word_1_532' title='bbox 1287 4285 1690 4341; x_wconf 88' lang='lat' dir='ltr'><strong>amicissimus</strong></span> <span class='ocrx_word' id='word_1_533' title='bbox 1742 4284 1951 4339; x_wconf 82' lang='lat' dir='ltr'><strong>fuisset</strong></span> <span class='ocrx_word' id='word_1_534' title='bbox 2001 4302 2068 4340; x_wconf 90' lang='lat' dir='ltr'><strong>ac</strong></span> 
     </span>
    </p>
   </div>
   <div class='ocr_carea' id='block_1_80' title="bbox 415 4373 2067 4453">
    <p class='ocr_par' dir='ltr' id='par_1_80' title="bbox 415 4373 2067 4453">
     <span class='ocr_line' id='line_1_80' title="bbox 415 4373 2067 4453; baseline -0.005 -15"><span class='ocrx_word' id='word_1_535' title='bbox 415 4379 738 4453; x_wconf 81' lang='lat' dir='ltr'><strong>pepularis,</strong></span> <span class='ocrx_word' id='word_1_536' title='bbox 773 4377 991 4450; x_wconf 89' lang='lat' dir='ltr'><strong>patrios</strong></span> <span class='ocrx_word' id='word_1_537' title='bbox 1041 4378 1236 4431; x_wconf 89' lang='lat' dir='ltr'><strong>cultus</strong></span> <span class='ocrx_word' id='word_1_538' title='bbox 1286 4380 1675 4437; x_wconf 87' lang='lat' dir='ltr'><strong>aversaretur.</strong></span> <span class='ocrx_word' id='word_1_539' title='bbox 1695 4379 1751 4428; x_wconf 90' lang='lat' dir='ltr'><strong>et</strong></span> <span class='ocrx_word' id='word_1_540' title='bbox 1781 4373 2067 4430; x_wconf 84' lang='lat' dir='ltr'><strong>Christia-</strong></span> 
     </span>
    </p>
   </div>
   <div class='ocr_carea' id='block_1_81' title="bbox 415 4461 2068 4539">
    <p class='ocr_par' dir='ltr' id='par_1_81' title="bbox 415 4461 2068 4539">
     <span class='ocr_line' id='line_1_81' title="bbox 415 4461 2068 4539; baseline -0.006 -13"><span class='ocrx_word' id='word_1_541' title='bbox 415 4487 549 4526; x_wconf 90' lang='lat' dir='ltr'><strong>nam</strong></span> <span class='ocrx_word' id='word_1_542' title='bbox 583 4469 757 4524; x_wconf 84' lang='lat' dir='ltr'><strong>{idem</strong></span> <span class='ocrx_word' id='word_1_543' title='bbox 802 4469 1098 4539; x_wconf 70' lang='lat' dir='ltr'><strong>praeferret</strong></span> <span class='ocrx_word' id='word_1_544' title='bbox 1129 4469 1304 4536; x_wconf 88' lang='lat' dir='ltr'><strong>atque</strong></span> <span class='ocrx_word' id='word_1_545' title='bbox 1353 4461 1811 4534; x_wconf 88' lang='lat' dir='ltr'><strong>amplecteretur</strong></span> <span class='ocrx_word' id='word_1_546' title='bbox 1857 4463 2068 4517; x_wconf 88' lang='lat' dir='ltr'><strong>acerri-</strong></span> 
     </span>
    </p>
   </div>
   <div class='ocr_carea' id='block_1_82' title="bbox 416 4550 2146 4640">
    <p class='ocr_par' dir='ltr' id='par_1_82' title="bbox 416 4550 2146 4640">
     <span class='ocr_line' id='line_1_82' title="bbox 416 4550 2146 4640; baseline -0.004 -26"><span class='ocrx_word' id='word_1_547' title='bbox 416 4575 628 4630; x_wconf 90' lang='lat' dir='ltr'><strong>meque</strong></span> <span class='ocrx_word' id='word_1_548' title='bbox 671 4560 955 4622; x_wconf 89' lang='lat' dir='ltr'><strong>tueretur,</strong></span> <span class='ocrx_word' id='word_1_549' title='bbox 1002 4572 1068 4611; x_wconf 92' lang='lat' dir='ltr'><strong>ac</strong></span> <span class='ocrx_word' id='word_1_550' title='bbox 1101 4554 1435 4610; x_wconf 60' lang='lat' dir='ltr'><strong>Gracorum</strong></span> <span class='ocrx_word' id='word_1_551' title='bbox 1485 4550 1816 4606; x_wconf 89' lang='lat' dir='ltr'><strong>rationibus</strong></span> <span class='ocrx_word' id='word_1_552' title='bbox 1865 4558 2070 4608; x_wconf 89' lang='lat' dir='ltr'><strong>contra</strong></span> <span class='ocrx_word' id='word_1_553' title='bbox 2101 4575 2146 4640; x_wconf 84' lang='lat' dir='ltr'><strong>D</strong></span> 
     </span>
    </p>
   </div>
   <div class='ocr_carea' id='block_1_83' title="bbox 411 4640 2062 4713">
    <p class='ocr_par' dir='ltr' id='par_1_83' title="bbox 411 4640 2062 4713">
     <span class='ocr_line' id='line_1_83' title="bbox 411 4640 2062 4713; baseline -0.004 -11"><span class='ocrx_word' id='word_1_554' title='bbox 411 4653 642 4704; x_wconf 63' lang='lat' dir='ltr'><strong>Graecos</strong></span> <span class='ocrx_word' id='word_1_555' title='bbox 675 4651 966 4713; x_wconf 89' lang='lat' dir='ltr'><strong>uteretur;</strong></span> <span class='ocrx_word' id='word_1_556' title='bbox 993 4644 1318 4700; x_wconf 88' lang='lat' dir='ltr'><strong>convicium</strong></span> <span class='ocrx_word' id='word_1_557' title='bbox 1343 4648 1400 4697; x_wconf 93' lang='lat' dir='ltr'><strong>et</strong></span> <span class='ocrx_word' id='word_1_558' title='bbox 1420 4640 1883 4711; x_wconf 85' lang='lat' dir='ltr'><strong>indignationem</strong></span> <span class='ocrx_word' id='word_1_559' title='bbox 1909 4642 2062 4696; x_wconf 85' lang='lat' dir='ltr'><strong>refu-</strong></span> 
     </span>
    </p>
   </div>
   <div class='ocr_carea' id='block_1_84' title="bbox 402 4729 2060 4805">
    <p class='ocr_par' dir='ltr' id='par_1_84' title="bbox 402 4729 2060 4805">
     <span class='ocr_line' id='line_1_84' title="bbox 402 4729 2060 4805; baseline -0.005 -12"><span class='ocrx_word' id='word_1_560' title='bbox 402 4743 527 4793; x_wconf 85' lang='lat' dir='ltr'><strong>tare</strong></span> <span class='ocrx_word' id='word_1_561' title='bbox 577 4740 814 4792; x_wconf 87' lang='lat' dir='ltr'><strong>tentans</strong></span> <span class='ocrx_word' id='word_1_562' title='bbox 873 4749 940 4789; x_wconf 89' lang='lat' dir='ltr'><strong>ac</strong></span> <span class='ocrx_word' id='word_1_563' title='bbox 1001 4733 1196 4805; x_wconf 90' lang='lat' dir='ltr'><strong>potius</strong></span> <span class='ocrx_word' id='word_1_564' title='bbox 1256 4731 1571 4802; x_wconf 90' lang='lat' dir='ltr'><strong>Polycarpo</strong></span> <span class='ocrx_word' id='word_1_565' title='bbox 1602 4729 2060 4800; x_wconf 82' lang='lat' dir='ltr'><strong>(refutationem)</strong></span> 
     </span>
    </p>
   </div>
   <div class='ocr_carea' id='block_1_85' title="bbox 403 4817 2058 4898">
    <p class='ocr_par' dir='ltr' id='par_1_85' title="bbox 403 4817 2058 4898">
     <span class='ocr_line' id='line_1_85' title="bbox 403 4817 2058 4898; baseline -0.007 -14"><span class='ocrx_word' id='word_1_566' title='bbox 403 4841 754 4898; x_wconf 88' lang='lat' dir='ltr'><strong>suggerens,</strong></span> <span class='ocrx_word' id='word_1_567' title='bbox 777 4823 837 4878; x_wconf 92' lang='lat' dir='ltr'><strong>in</strong></span> <span class='ocrx_word' id='word_1_568' title='bbox 870 4838 1045 4894; x_wconf 88' lang='lat' dir='ltr'><strong>quem</strong></span> <span class='ocrx_word' id='word_1_569' title='bbox 1081 4819 1178 4874; x_wconf 92' lang='lat' dir='ltr'><strong>ille</strong></span> <span class='ocrx_word' id='word_1_570' title='bbox 1201 4817 1522 4874; x_wconf 86' lang='lat' dir='ltr'><strong>commilito</strong></span> <span class='ocrx_word' id='word_1_571' title='bbox 1545 4817 1789 4872; x_wconf 89' lang='lat' dir='ltr'><strong>dicteria</strong></span> <span class='ocrx_word' id='word_1_572' title='bbox 1818 4818 1920 4873; x_wconf 90' lang='lat' dir='ltr'><strong>illa</strong></span> <span class='ocrx_word' id='word_1_573' title='bbox 1951 4819 2058 4874; x_wconf 77' lang='lat' dir='ltr'><strong>hn-</strong></span> 
     </span>
    </p>
   </div>
   <div class='ocr_carea' id='block_1_86' title="bbox 2183 3307 3830 3386">
    <p class='ocr_par' dir='ltr' id='par_1_86' title="bbox 2183 3307 3830 3386">
     <span class='ocr_line' id='line_1_86' title="bbox 2183 3307 3830 3386; baseline 0.002 -24"><span class='ocrx_word' id='word_1_574' title='bbox 2183 3307 2458 3370; x_wconf 89' lang='grc' dir='ltr'>Διονύσιος</span> <span class='ocrx_word' id='word_1_575' title='bbox 2514 3307 2672 3372; x_wconf 68' lang='grc' dir='ltr'>οῧτος</span> <span class='ocrx_word' id='word_1_576' title='bbox 2720 3311 2856 3364; x_wconf 83' lang='grc' dir='ltr'><strong>κατά</strong></span> <span class='ocrx_word' id='word_1_577' title='bbox 2904 3309 2994 3364; x_wconf 86' lang='grc' dir='ltr'><strong>τὸν</strong></span> <span class='ocrx_word' id='word_1_578' title='bbox 3028 3314 3124 3364; x_wconf 81' lang='grc' dir='ltr'><strong>τοῦ</strong></span> <span class='ocrx_word' id='word_1_579' title='bbox 3156 3311 3438 3386; x_wconf 88' lang='grc' dir='ltr'>σωτηρίου</span> <span class='ocrx_word' id='word_1_580' title='bbox 3472 3313 3678 3377; x_wconf 84' lang='grc' dir='ltr'>Πάθους</span> <span class='ocrx_word' id='word_1_581' title='bbox 3723 3332 3830 3366; x_wconf 86' lang='grc' dir='ltr'>και-</span> 
     </span>
    </p>
   </div>
   <div class='ocr_carea' id='block_1_87' title="bbox 2181 3398 3822 3478">
    <p class='ocr_par' dir='ltr' id='par_1_87' title="bbox 2181 3398 3822 3478">
     <span class='ocr_line' id='line_1_87' title="bbox 2181 3398 3822 3478; baseline 0.001 -28"><span class='ocrx_word' id='word_1_582' title='bbox 2181 3398 2298 3472; x_wconf 86' lang='grc' dir='ltr'>ρὸν,</span> <span class='ocrx_word' id='word_1_583' title='bbox 2328 3398 2491 3468; x_wconf 71' lang='grc' dir='ltr'>ἡνίκα</span> <span class='ocrx_word' id='word_1_584' title='bbox 2541 3399 2815 3470; x_wconf 88' lang='grc' dir='ltr'>μεσούσης</span> <span class='ocrx_word' id='word_1_585' title='bbox 2860 3401 3071 3475; x_wconf 71' lang='grc' dir='ltr'>ἡμέρας</span> <span class='ocrx_word' id='word_1_586' title='bbox 3117 3400 3145 3454; x_wconf 82' lang='grc' dir='ltr'>ὁ</span> <span class='ocrx_word' id='word_1_587' title='bbox 3193 3398 3361 3469; x_wconf 75' lang='grc' dir='ltr'>ἥλιος</span> <span class='ocrx_word' id='word_1_588' title='bbox 3415 3401 3718 3478; x_wconf 67' lang='grc' dir='ltr'>ἐκρύπτετο,</span> <span class='ocrx_word' id='word_1_589' title='bbox 3748 3399 3822 3454; x_wconf 76' lang='grc' dir='ltr'>ἐπὶ</span> 
     </span>
    </p>
   </div>
   <div class='ocr_carea' id='block_1_88' title="bbox 2177 3485 3817 3564">
    <p class='ocr_par' dir='ltr' id='par_1_88' title="bbox 2177 3485 3817 3564">
     <span class='ocr_line' id='line_1_88' title="bbox 2177 3485 3817 3564; baseline 0.002 -24"><span class='ocrx_word' id='word_1_590' title='bbox 2177 3491 2258 3558; x_wconf 76' lang='grc' dir='ltr'>τῷ</span> <span class='ocrx_word' id='word_1_591' title='bbox 2311 3485 2603 3561; x_wconf 82' lang='grc' dir='ltr'>παραδόξῳ</span> <span class='ocrx_word' id='word_1_592' title='bbox 2652 3485 2861 3564; x_wconf 64' lang='grc' dir='ltr'>σφόδΓα</span> <span class='ocrx_word' id='word_1_593' title='bbox 2891 3487 3166 3558; x_wconf 85' lang='grc' dir='ltr'>τεθηπὼς,</span> <span class='ocrx_word' id='word_1_594' title='bbox 3198 3487 3286 3544; x_wconf 84' lang='grc' dir='ltr'><strong>καὶ</strong></span> <span class='ocrx_word' id='word_1_595' title='bbox 3348 3491 3450 3560; x_wconf 70' lang='grc' dir='ltr'>τὴν</span> <span class='ocrx_word' id='word_1_596' title='bbox 3512 3487 3817 3564; x_wconf 83' lang='grc' dir='ltr'>ἀνθρωπείαν</span> 
     </span>
    </p>
   </div>
   <div class='ocr_carea' id='block_1_89' title="bbox 2184 3571 3814 3654">
    <p class='ocr_par' dir='ltr' id='par_1_89' title="bbox 2184 3571 3814 3654">
     <span class='ocr_line' id='line_1_89' title="bbox 2184 3571 3814 3654; baseline 0.001 -25"><span class='ocrx_word' id='word_1_597' title='bbox 2184 3571 2574 3650; x_wconf 74' lang='grc' dir='ltr'>ὑπερϐεϐηκὼς</span> <span class='ocrx_word' id='word_1_598' title='bbox 2604 3580 2827 3652; x_wconf 85' lang='grc' dir='ltr'>γνῶσιν,</span> <span class='ocrx_word' id='word_1_599' title='bbox 2860 3580 3203 3647; x_wconf 75' lang='grc' dir='ltr'>κατανοήσας</span> <span class='ocrx_word' id='word_1_600' title='bbox 3250 3579 3314 3632; x_wconf 90' lang='grc' dir='ltr'>τὸ</span> <span class='ocrx_word' id='word_1_601' title='bbox 3346 3580 3597 3654; x_wconf 86' lang='grc' dir='ltr'>γεγονὸς,</span> <span class='ocrx_word' id='word_1_602' title='bbox 3629 3579 3814 3651; x_wconf 82' lang='grc' dir='ltr'>Ἀγνω-</span> 
     </span>
    </p>
   </div>
   <div class='ocr_carea' id='block_1_90' title="bbox 2179 3662 3812 3746">
    <p class='ocr_par' dir='ltr' id='par_1_90' title="bbox 2179 3662 3812 3746">
     <span class='ocr_line' id='line_1_90' title="bbox 2179 3662 3812 3746; baseline 0.001 -28"><span class='ocrx_word' id='word_1_603' title='bbox 2179 3683 2324 3734; x_wconf 88' lang='grc' dir='ltr'>στος,</span> <span class='ocrx_word' id='word_1_604' title='bbox 2352 3662 2476 3741; x_wconf 77' lang='grc' dir='ltr'>ἔφη,</span> <span class='ocrx_word' id='word_1_605' title='bbox 2510 3665 2707 3738; x_wconf 86' lang='grc' dir='ltr'>πάσχει</span> <span class='ocrx_word' id='word_1_606' title='bbox 2739 3666 2890 3731; x_wconf 84' lang='grc' dir='ltr'>Θεὸς,</span> <span class='ocrx_word' id='word_1_607' title='bbox 2919 3663 2990 3720; x_wconf 87' lang='grc' dir='ltr'>δι’</span> <span class='ocrx_word' id='word_1_608' title='bbox 3021 3667 3077 3720; x_wconf 78' lang='grc' dir='ltr'><strong>ὃν</strong></span> <span class='ocrx_word' id='word_1_609' title='bbox 3103 3664 3228 3722; x_wconf 86' lang='grc' dir='ltr'>τόδε</span> <span class='ocrx_word' id='word_1_610' title='bbox 3283 3668 3349 3722; x_wconf 87' lang='grc' dir='ltr'>τὸ</span> <span class='ocrx_word' id='word_1_611' title='bbox 3409 3676 3512 3724; x_wconf 79' lang='grc' dir='ltr'>πᾶν</span> <span class='ocrx_word' id='word_1_612' title='bbox 3568 3665 3812 3746; x_wconf 75' lang='grc' dir='ltr'>ἇζόφωταί</span> 
     </span>
    </p>
   </div>
   <div class='ocr_carea' id='block_1_91' title="bbox 2177 3752 3827 3833">
    <p class='ocr_par' dir='ltr' id='par_1_91' title="bbox 2177 3752 3827 3833">
     <span class='ocr_line' id='line_1_91' title="bbox 2177 3752 3827 3833; baseline 0.003 -28"><span class='ocrx_word' id='word_1_613' title='bbox 2177 3773 2237 3806; x_wconf 87' lang='grc' dir='ltr'><strong>τε</strong></span> <span class='ocrx_word' id='word_1_614' title='bbox 2288 3753 2378 3806; x_wconf 87' lang='grc' dir='ltr'><strong>καὶ</strong></span> <span class='ocrx_word' id='word_1_615' title='bbox 2410 3752 2728 3808; x_wconf 86' lang='grc' dir='ltr'>σεσάλευται</span> <span class='ocrx_word' id='word_1_616' title='bbox 2765 3773 2776 3785; x_wconf 92' lang='grc'><strong>·</strong></span> <span class='ocrx_word' id='word_1_617' title='bbox 2811 3755 2901 3809; x_wconf 87' lang='grc' dir='ltr'><strong>καὶ</strong></span> <span class='ocrx_word' id='word_1_618' title='bbox 2929 3763 3277 3832; x_wconf 85' lang='grc' dir='ltr'>παραχρῆμα</span> <span class='ocrx_word' id='word_1_619' title='bbox 3335 3759 3430 3813; x_wconf 87' lang='grc' dir='ltr'><strong>τὸν</strong></span> <span class='ocrx_word' id='word_1_620' title='bbox 3489 3758 3701 3833; x_wconf 87' lang='grc' dir='ltr'>χρόνον,</span> <span class='ocrx_word' id='word_1_621' title='bbox 3727 3763 3827 3819; x_wconf 78' lang='grc' dir='ltr'>καθ’</span> 
     </span>
    </p>
   </div>
   <div class='ocr_carea' id='block_1_92' title="bbox 2180 3841 3824 3922">
    <p class='ocr_par' dir='ltr' id='par_1_92' title="bbox 2180 3841 3824 3922">
     <span class='ocr_line' id='line_1_92' title="bbox 2180 3841 3824 3922; baseline 0.002 -28"><span class='ocrx_word' id='word_1_622' title='bbox 2180 3841 2236 3895; x_wconf 79' lang='grc' dir='ltr'><strong>ὃν</strong></span> <span class='ocrx_word' id='word_1_623' title='bbox 2294 3842 2446 3895; x_wconf 90' lang='grc' dir='ltr'>τουτὶ</span> <span class='ocrx_word' id='word_1_624' title='bbox 2500 3843 2563 3897; x_wconf 85' lang='grc' dir='ltr'>τὸ</span> <span class='ocrx_word' id='word_1_625' title='bbox 2615 3843 2958 3918; x_wconf 90' lang='grc' dir='ltr'>παγκόσμιον</span> <span class='ocrx_word' id='word_1_626' title='bbox 3039 3845 3348 3902; x_wconf 72' lang='grc' dir='ltr'>ἐτετέλεστο</span> <span class='ocrx_word' id='word_1_627' title='bbox 3410 3846 3824 3922; x_wconf 83' lang='grc' dir='ltr'>τερατούργημα,</span> 
     </span>
    </p>
   </div>
   <div class='ocr_carea' id='block_1_93' title="bbox 2177 3932 3824 4009">
    <p class='ocr_par' dir='ltr' id='par_1_93' title="bbox 2177 3932 3824 4009">
     <span class='ocr_line' id='line_1_93' title="bbox 2177 3932 3824 4009; baseline 0.002 -26"><span class='ocrx_word' id='word_1_628' title='bbox 2177 3932 2701 4004; x_wconf 88' lang='grc' dir='ltr'>τεκμηριωσάμενος</span> <span class='ocrx_word' id='word_1_629' title='bbox 2786 3932 2969 4009; x_wconf 78' lang='grc' dir='ltr'>ἐτήρει</span> <span class='ocrx_word' id='word_1_630' title='bbox 3051 3937 3179 4006; x_wconf 88' lang='grc' dir='ltr'>παρ’</span> <span class='ocrx_word' id='word_1_631' title='bbox 3266 3935 3470 4008; x_wconf 73' lang='grc' dir='ltr'>ἑαυτῷ,</span> <span class='ocrx_word' id='word_1_632' title='bbox 3535 3935 3824 4009; x_wconf 77' lang='grc' dir='ltr'>τούντεῦθεν</span> 
     </span>
    </p>
   </div>
   <div class='ocr_carea' id='block_1_94' title="bbox 2180 4003 3826 4098">
    <p class='ocr_par' dir='ltr' id='par_1_94' title="bbox 2180 4003 3826 4098">
     <span class='ocr_line' id='line_1_94' title="bbox 2180 4003 3826 4098; baseline 0.001 -25"><span class='ocrx_word' id='word_1_633' title='bbox 2180 4016 2645 4094; x_wconf 86' lang='grc' dir='ltr'>διαγγελούμενον</span> <span class='ocrx_word' id='word_1_634' title='bbox 2722 4020 3060 4095; x_wconf 82' lang='grc' dir='ltr'>καραδοκῶν.</span> <span class='ocrx_word' id='word_1_635' title='bbox 3120 4025 3413 4098; x_wconf 76' lang='grc' dir='ltr'>Μέμνηται</span> <span class='ocrx_word' id='word_1_636' title='bbox 3504 4025 3682 4098; x_wconf 70' lang='grc' dir='ltr'>μέντοι</span> <span class='ocrx_word' id='word_1_637' title='bbox 3748 4003 3826 4076; x_wconf 68' lang='grc' dir='ltr'><strong>ιιαἱ</strong></span> 
     </span>
    </p>
   </div>
   <div class='ocr_carea' id='block_1_95' title="bbox 2177 4105 3818 4187">
    <p class='ocr_par' dir='ltr' id='par_1_95' title="bbox 2177 4105 3818 4187">
     <span class='ocr_line' id='line_1_95' title="bbox 2177 4105 3818 4187; baseline 0.005 -26"><span class='ocrx_word' id='word_1_638' title='bbox 2177 4107 2337 4168; x_wconf 82' lang='grc' dir='ltr'>αὐτὸς</span> <span class='ocrx_word' id='word_1_639' title='bbox 2369 4105 2419 4162; x_wconf 81' lang='grc' dir='ltr'>ἐν</span> <span class='ocrx_word' id='word_1_640' title='bbox 2449 4112 2518 4174; x_wconf 77' lang='grc' dir='ltr'>τῇ</span> <span class='ocrx_word' id='word_1_641' title='bbox 2549 4109 2686 4185; x_wconf 80' lang='grc' dir='ltr'>πρὸς</span> <span class='ocrx_word' id='word_1_642' title='bbox 2721 4108 3082 4187; x_wconf 79' lang='grc' dir='ltr'>Πολύκαρπον</span> <span class='ocrx_word' id='word_1_643' title='bbox 3137 4111 3408 4186; x_wconf 79' lang='grc' dir='ltr'>ἐπιστολῇ</span> <span class='ocrx_word' id='word_1_644' title='bbox 3467 4121 3566 4184; x_wconf 84' lang='grc' dir='ltr'><strong>τῆς</strong></span> <span class='ocrx_word' id='word_1_645' title='bbox 3605 4112 3818 4183; x_wconf 76' lang='grc' dir='ltr'>ἡλιακῆς</span> 
     </span>
    </p>
   </div>
   <div class='ocr_carea' id='block_1_96' title="bbox 2178 4194 3817 4276">
    <p class='ocr_par' dir='ltr' id='par_1_96' title="bbox 2178 4194 3817 4276">
     <span class='ocr_line' id='line_1_96' title="bbox 2178 4194 3817 4276; baseline 0.001 -25"><span class='ocrx_word' id='word_1_646' title='bbox 2178 4194 2473 4270; x_wconf 64' lang='grc' dir='ltr'>ἐκλείψεως</span> <span class='ocrx_word' id='word_1_647' title='bbox 2526 4198 2737 4267; x_wconf 66' lang='grc' dir='ltr'>ἐκείνης</span> <span class='ocrx_word' id='word_1_648' title='bbox 2799 4207 2902 4270; x_wconf 82' lang='grc' dir='ltr'>τῆς</span> <span class='ocrx_word' id='word_1_649' title='bbox 2969 4199 3439 4276; x_wconf 85' lang='grc' dir='ltr'>φρικωδεστάτης.</span> <span class='ocrx_word' id='word_1_650' title='bbox 3492 4198 3817 4276; x_wconf 78' lang='grc' dir='ltr'>Ἀπολλοφάο</span> 
     </span>
    </p>
   </div>
   <div class='ocr_carea' id='block_1_97' title="bbox 2175 4283 3815 4368">
    <p class='ocr_par' dir='ltr' id='par_1_97' title="bbox 2175 4283 3815 4368">
     <span class='ocr_line' id='line_1_97' title="bbox 2175 4283 3815 4368; baseline 0.006 -29"><span class='ocrx_word' id='word_1_651' title='bbox 2175 4306 2302 4350; x_wconf 92' lang='grc' dir='ltr'>νους</span> <span class='ocrx_word' id='word_1_652' title='bbox 2349 4286 2448 4360; x_wconf 79' lang='grc' dir='ltr'>γὰρ</span> <span class='ocrx_word' id='word_1_653' title='bbox 2479 4283 2674 4363; x_wconf 87' lang='grc' dir='ltr'>ἀνδρὸς</span> <span class='ocrx_word' id='word_1_654' title='bbox 2729 4287 3060 4368; x_wconf 75' lang='grc' dir='ltr'>φιλοσόφου,</span> <span class='ocrx_word' id='word_1_655' title='bbox 3090 4292 3188 4359; x_wconf 78' lang='grc' dir='ltr'>τὴν</span> <span class='ocrx_word' id='word_1_656' title='bbox 3245 4293 3534 4367; x_wconf 83' lang='grc' dir='ltr'>θρησκείαν</span> <span class='ocrx_word' id='word_1_657' title='bbox 3567 4289 3815 4358; x_wconf 77' lang='grc' dir='ltr'>Ἕλληνος</span> 
     </span>
    </p>
   </div>
   <div class='ocr_carea' id='block_1_98' title="bbox 2175 4373 3815 4456">
    <p class='ocr_par' dir='ltr' id='par_1_98' title="bbox 2175 4373 3815 4456">
     <span class='ocr_line' id='line_1_98' title="bbox 2175 4373 3815 4456; baseline 0.001 -27"><span class='ocrx_word' id='word_1_658' title='bbox 2175 4373 2568 4450; x_wconf 86' lang='grc' dir='ltr'>τυγχάνοντος,</span> <span class='ocrx_word' id='word_1_659' title='bbox 2632 4379 2973 4450; x_wconf 83' lang='grc' dir='ltr'>νεμεσῶντός</span> <span class='ocrx_word' id='word_1_660' title='bbox 3024 4399 3081 4434; x_wconf 92' lang='grc' dir='ltr'><strong>τε</strong></span> <span class='ocrx_word' id='word_1_661' title='bbox 3139 4380 3231 4434; x_wconf 80' lang='grc' dir='ltr'>καὶ</span> <span class='ocrx_word' id='word_1_662' title='bbox 3271 4378 3696 4456; x_wconf 73' lang='grc' dir='ltr'>λοιδορουμένου</span> <span class='ocrx_word' id='word_1_663' title='bbox 3747 4378 3815 4446; x_wconf 77' lang='grc' dir='ltr'>τῷ</span> 
     </span>
    </p>
   </div>
   <div class='ocr_carea' id='block_1_99' title="bbox 2175 4458 3812 4548">
    <p class='ocr_par' dir='ltr' id='par_1_99' title="bbox 2175 4458 3812 4548">
     <span class='ocr_line' id='line_1_99' title="bbox 2175 4458 3812 4548; baseline 0.001 -31"><span class='ocrx_word' id='word_1_664' title='bbox 2175 4458 2480 4539; x_wconf 76' lang='grc' dir='ltr'>τρισολόίῳ</span> <span class='ocrx_word' id='word_1_665' title='bbox 2510 4466 2710 4538; x_wconf 80' lang='grc' dir='ltr'>τούτῳ,</span> <span class='ocrx_word' id='word_1_666' title='bbox 2741 4466 2815 4528; x_wconf 87' lang='grc' dir='ltr'>ὡς</span> <span class='ocrx_word' id='word_1_667' title='bbox 2850 4465 3050 4542; x_wconf 71' lang='grc' dir='ltr'>ἑταίρῳ</span> <span class='ocrx_word' id='word_1_668' title='bbox 3083 4466 3242 4538; x_wconf 77' lang='grc' dir='ltr'>δῆθεν</span> <span class='ocrx_word' id='word_1_669' title='bbox 3289 4468 3402 4524; x_wconf 72' lang='grc' dir='ltr'>ὄντι</span> <span class='ocrx_word' id='word_1_670' title='bbox 3462 4467 3700 4548; x_wconf 76' lang='grc' dir='ltr'>φιλτάτῳ</span> <span class='ocrx_word' id='word_1_671' title='bbox 3737 4464 3812 4519; x_wconf 85' lang='grc' dir='ltr'><strong>καὶ</strong></span> 
     </span>
    </p>
   </div>
   <div class='ocr_carea' id='block_1_100' title="bbox 2178 4553 3809 4632">
    <p class='ocr_par' dir='ltr' id='par_1_100' title="bbox 2178 4553 3809 4632">
     <span class='ocr_line' id='line_1_100' title="bbox 2178 4553 3809 4632; baseline -0.001 -24"><span class='ocrx_word' id='word_1_672' title='bbox 2178 4554 2454 4628; x_wconf 87' lang='grc' dir='ltr'>ὁμογενεῖ,</span> <span class='ocrx_word' id='word_1_673' title='bbox 2492 4555 2560 4608; x_wconf 79' lang='grc' dir='ltr'>τὰ</span> <span class='ocrx_word' id='word_1_674' title='bbox 2617 4560 2844 4631; x_wconf 80' lang='grc' dir='ltr'>πατρῷα</span> <span class='ocrx_word' id='word_1_675' title='bbox 2896 4557 2992 4630; x_wconf 74' lang='grc' dir='ltr'><strong>μεν</strong></span> <span class='ocrx_word' id='word_1_676' title='bbox 3054 4558 3449 4632; x_wconf 78' lang='grc' dir='ltr'>μυσαττομένῳ</span> <span class='ocrx_word' id='word_1_677' title='bbox 3508 4553 3809 4629; x_wconf 74' lang='grc' dir='ltr'>σεϐάσματα,</span> 
     </span>
    </p>
   </div>
   <div class='ocr_carea' id='block_1_101' title="bbox 2174 4640 3809 4720">
    <p class='ocr_par' dir='ltr' id='par_1_101' title="bbox 2174 4640 3809 4720">
     <span class='ocr_line' id='line_1_101' title="bbox 2174 4640 3809 4720; baseline 0.001 -24"><span class='ocrx_word' id='word_1_678' title='bbox 2174 4644 2274 4711; x_wconf 69' lang='grc' dir='ltr'>τήν</span> <span class='ocrx_word' id='word_1_679' title='bbox 2310 4640 2367 4696; x_wconf 73' lang='grc' dir='ltr'>δὲ</span> <span class='ocrx_word' id='word_1_680' title='bbox 2395 4647 2502 4697; x_wconf 82' lang='grc' dir='ltr'><strong>τῶν</strong></span> <span class='ocrx_word' id='word_1_681' title='bbox 2537 4647 2882 4716; x_wconf 82' lang='grc' dir='ltr'>Χριστιανῶν</span> <span class='ocrx_word' id='word_1_682' title='bbox 2935 4651 3275 4720; x_wconf 81' lang='grc' dir='ltr'>προτιμῶντι</span> <span class='ocrx_word' id='word_1_683' title='bbox 3329 4647 3421 4702; x_wconf 85' lang='grc' dir='ltr'><strong>καὶ</strong></span> <span class='ocrx_word' id='word_1_684' title='bbox 3478 4644 3809 4716; x_wconf 75' lang='grc' dir='ltr'>ἀσπαζομὲνῳ</span> 
     </span>
    </p>
   </div>
   <div class='ocr_carea' id='block_1_102' title="bbox 2175 4734 3805 4814">
    <p class='ocr_par' dir='ltr' id='par_1_102' title="bbox 2175 4734 3805 4814">
     <span class='ocr_line' id='line_1_102' title="bbox 2175 4734 3805 4814; baseline -0.002 -26"><span class='ocrx_word' id='word_1_685' title='bbox 2175 4734 2376 4803; x_wconf 86' lang='grc' dir='ltr'>πίστιν,</span> <span class='ocrx_word' id='word_1_686' title='bbox 2431 4734 2518 4788; x_wconf 84' lang='grc' dir='ltr'><strong>καὶ</strong></span> <span class='ocrx_word' id='word_1_687' title='bbox 2597 4735 2801 4805; x_wconf 89' lang='grc' dir='ltr'>ταύτης</span> <span class='ocrx_word' id='word_1_688' title='bbox 2878 4737 3356 4810; x_wconf 84' lang='grc' dir='ltr'>ἀγωνιστικώτατα</span> <span class='ocrx_word' id='word_1_689' title='bbox 3420 4735 3805 4814; x_wconf 78' lang='grc' dir='ltr'>προασπίζοντι,</span> 
     </span>
    </p>
   </div>
   <div class='ocr_carea' id='block_1_103' title="bbox 2178 4822 3805 4901">
    <p class='ocr_par' dir='ltr' id='par_1_103' title="bbox 2178 4822 3805 4901">
     <span class='ocr_line' id='line_1_103' title="bbox 2178 4822 3805 4901; baseline 0.006 -23"><span class='ocrx_word' id='word_1_690' title='bbox 2178 4823 2269 4878; x_wconf 85' lang='grc' dir='ltr'><strong>καὶ</strong></span> <span class='ocrx_word' id='word_1_691' title='bbox 2318 4828 2435 4885; x_wconf 82' lang='grc' dir='ltr'>τοῖς</span> <span class='ocrx_word' id='word_1_692' title='bbox 2491 4822 2782 4895; x_wconf 75' lang='grc' dir='ltr'>Ἑλλήνων</span> <span class='ocrx_word' id='word_1_693' title='bbox 2841 4825 2976 4880; x_wconf 82' lang='grc' dir='ltr'>κατὰ</span> <span class='ocrx_word' id='word_1_694' title='bbox 3031 4831 3139 4882; x_wconf 78' lang='grc' dir='ltr'><strong>τῶν</strong></span> <span class='ocrx_word' id='word_1_695' title='bbox 3191 4825 3476 4896; x_wconf 86' lang='grc' dir='ltr'>Ἑλλήνων</span> <span class='ocrx_word' id='word_1_696' title='bbox 3535 4823 3805 4901; x_wconf 68' lang='grc' dir='ltr'>χρωμένῳ,</span> 
     </span>
    </p>
   </div>
   <div class='ocr_carea' id='block_1_104' title="bbox 395 4906 2079 4989">
    <p class='ocr_par' dir='ltr' id='par_1_104' title="bbox 395 4906 2057 4989">
     <span class='ocr_line' id='line_1_104' title="bbox 395 4906 2057 4989; baseline -0.005 -17"><span class='ocrx_word' id='word_1_697' title='bbox 395 4918 591 4989; x_wconf 86' lang='lat' dir='ltr'><strong>gebat,</strong></span> <span class='ocrx_word' id='word_1_698' title='bbox 623 4914 746 4969; x_wconf 56' lang='lat' dir='ltr'><strong>haec</strong></span> <span class='ocrx_word' id='word_1_699' title='bbox 777 4912 920 4967; x_wconf 91' lang='lat' dir='ltr'><strong>dicit</strong></span> <span class='ocrx_word' id='word_1_700' title='bbox 954 4927 966 4966; x_wconf 94' lang='lat'>:</span> <span class='ocrx_word' id='word_1_701' title='bbox 1004 4911 1090 4964; x_wconf 91' lang='lat' dir='ltr'><strong>Tu</strong></span> <span class='ocrx_word' id='word_1_702' title='bbox 1121 4914 1316 4963; x_wconf 88' lang='lat' dir='ltr'><strong>autem</strong></span> <span class='ocrx_word' id='word_1_703' title='bbox 1352 4907 1500 4962; x_wconf 88' lang='lat' dir='ltr'><strong>dicis</strong></span> <span class='ocrx_word' id='word_1_704' title='bbox 1533 4906 1879 4964; x_wconf 89' lang='lat' dir='ltr'><strong>maledicere</strong></span> <span class='ocrx_word' id='word_1_705' title='bbox 1911 4908 2057 4964; x_wconf 89' lang='lat' dir='ltr'><strong>mihi</strong></span> 
     </span>
    </p>
   </div>
   <div class='ocr_carea' id='block_1_105' title="bbox 2190 4906 3803 4989">
    <p class='ocr_par' dir='ltr' id='par_1_105' title="bbox 2190 4909 3803 4988">
     <span class='ocr_line' id='line_1_105' title="bbox 2190 4909 3803 4988; baseline 0 -22"><span class='ocrx_word' id='word_1_706' title='bbox 2190 4913 2264 4982; x_wconf 72' lang='grc' dir='ltr'>τήν</span> <span class='ocrx_word' id='word_1_707' title='bbox 2327 4909 2613 4988; x_wconf 89' lang='grc' dir='ltr'>λοιδορίαν</span> <span class='ocrx_word' id='word_1_708' title='bbox 2679 4913 2768 4968; x_wconf 87' lang='grc' dir='ltr'><strong>καὶ</strong></span> <span class='ocrx_word' id='word_1_709' title='bbox 2846 4915 3063 4983; x_wconf 73' lang='grc' dir='ltr'>νέμεσιν</span> <span class='ocrx_word' id='word_1_710' title='bbox 3113 4913 3493 4984; x_wconf 86' lang='grc' dir='ltr'>ἀνασκευάζειν</span> <span class='ocrx_word' id='word_1_711' title='bbox 3551 4913 3803 4988; x_wconf 81' lang='grc' dir='ltr'>πειρώμε-</span> 
     </span>
    </p>
   </div>
   <div class='ocr_carea' id='block_1_106' title="bbox 392 4995 2056 5076">
    <p class='ocr_par' dir='ltr' id='par_1_106' title="bbox 392 4995 2056 5076">
     <span class='ocr_line' id='line_1_106' title="bbox 392 4995 2056 5076; baseline -0.005 -15"><span class='ocrx_word' id='word_1_712' title='bbox 392 5005 722 5076; x_wconf 83' lang='lat' dir='ltr'><strong>sOphistam</strong></span> <span class='ocrx_word' id='word_1_713' title='bbox 774 4998 1266 5070; x_wconf 84' lang='lat' dir='ltr'><strong>Apollophanem,</strong></span> <span class='ocrx_word' id='word_1_714' title='bbox 1318 5013 1383 5051; x_wconf 86' lang='lat' dir='ltr'><strong>ac</strong></span> <span class='ocrx_word' id='word_1_715' title='bbox 1432 4995 1786 5067; x_wconf 90' lang='lat' dir='ltr'><strong>parricidam</strong></span> <span class='ocrx_word' id='word_1_716' title='bbox 1864 4998 2056 5054; x_wconf 87' lang='lat' dir='ltr'><strong>nomi-</strong></span> 
     </span>
    </p>
   </div>
   <div class='ocr_carea' id='block_1_107' title="bbox 396 5093 908 5164">
    <p class='ocr_par' dir='ltr' id='par_1_107' title="bbox 396 5093 908 5164">
     <span class='ocr_line' id='line_1_107' title="bbox 396 5093 908 5164; baseline -0.016 -15"><span class='ocrx_word' id='word_1_717' title='bbox 396 5111 557 5164; x_wconf 89' lang='lat' dir='ltr'><strong>nare,</strong></span> <span class='ocrx_word' id='word_1_718' title='bbox 593 5098 650 5148; x_wconf 91' lang='lat' dir='ltr'><strong>et</strong></span> <span class='ocrx_word' id='word_1_719' title='bbox 679 5093 908 5146; x_wconf 63' lang='lat' dir='ltr'><strong>cratera.</strong></span> 
     </span>
    </p>
   </div>
   <div class='ocr_carea' id='block_1_108' title="bbox 2165 4998 3804 5080">
    <p class='ocr_par' dir='ltr' id='par_1_108' title="bbox 2165 4998 3804 5080">
     <span class='ocr_line' id='line_1_108' title="bbox 2165 4998 3804 5080; baseline 0.001 -23"><span class='ocrx_word' id='word_1_720' title='bbox 2165 5022 2274 5069; x_wconf 89' lang='grc' dir='ltr'>νος,</span> <span class='ocrx_word' id='word_1_721' title='bbox 2327 4999 2542 5074; x_wconf 81' lang='grc' dir='ltr'>μᾶλλον</span> <span class='ocrx_word' id='word_1_722' title='bbox 2593 4999 2650 5057; x_wconf 75' lang='grc' dir='ltr'>δὶ</span> <span class='ocrx_word' id='word_1_723' title='bbox 2698 5003 3090 5075; x_wconf 72' lang='grc' dir='ltr'>ὑποτιθέμενος</span> <span class='ocrx_word' id='word_1_724' title='bbox 3139 5008 3218 5076; x_wconf 81' lang='grc' dir='ltr'>τῷ</span> <span class='ocrx_word' id='word_1_725' title='bbox 3275 5004 3638 5080; x_wconf 83' lang='grc' dir='ltr'>ΙΙολυκάρπῳ,</span> <span class='ocrx_word' id='word_1_726' title='bbox 3685 4998 3804 5074; x_wconf 77' lang='grc' dir='ltr'>πρὸς</span> 
     </span>
    </p>
   </div>
   <div class='ocr_carea' id='block_1_109' title="bbox 2165 5090 3798 5169">
    <p class='ocr_par' dir='ltr' id='par_1_109' title="bbox 2165 5090 3798 5169">
     <span class='ocr_line' id='line_1_109' title="bbox 2165 5090 3798 5169; baseline 0.004 -25"><span class='ocrx_word' id='word_1_727' title='bbox 2165 5091 2222 5145; x_wconf 82' lang='grc' dir='ltr'><strong>’ὸν</strong></span> <span class='ocrx_word' id='word_1_728' title='bbox 2274 5090 2364 5145; x_wconf 84' lang='grc' dir='ltr'><strong>καὶ</strong></span> <span class='ocrx_word' id='word_1_729' title='bbox 2439 5093 2466 5145; x_wconf 87' lang='grc' dir='ltr'>ὁ</span> <span class='ocrx_word' id='word_1_730' title='bbox 2546 5092 2950 5169; x_wconf 82' lang='grc' dir='ltr'>συστρατιώτης</span> <span class='ocrx_word' id='word_1_731' title='bbox 3027 5090 3264 5147; x_wconf 82' lang='grc' dir='ltr'>ἐποιεῖτο</span> <span class='ocrx_word' id='word_1_732' title='bbox 3347 5093 3416 5146; x_wconf 80' lang='grc' dir='ltr'>τὰ</span> <span class='ocrx_word' id='word_1_733' title='bbox 3499 5092 3798 5163; x_wconf 64' lang='grc' dir='ltr'>σκώμματα,</span> 
     </span>
    </p>
   </div>
   <div class='ocr_carea' id='block_1_110' title="bbox 392 5168 3791 5257">
    <p class='ocr_par' dir='ltr' id='par_1_110' title="bbox 392 5168 3791 5257">
     <span class='ocr_line' id='line_1_110' title="bbox 392 5168 3791 5257; baseline -0.008 1"><span class='ocrx_word' id='word_1_734' title='bbox 392 5177 520 5235; x_wconf 71' lang='grc' dir='ltr'>τάδε</span> <span class='ocrx_word' id='word_1_735' title='bbox 585 5176 719 5256; x_wconf 70' lang='grc' dir='ltr'>φησί</span> <span class='ocrx_word' id='word_1_736' title='bbox 755 5194 767 5208; x_wconf 88' lang='grc'><em>’</em></span> <span class='ocrx_word' id='word_1_737' title='bbox 822 5174 898 5230; x_wconf 67' lang='grc' dir='ltr'>Σὺ</span> <span class='ocrx_word' id='word_1_738' title='bbox 949 5170 1008 5228; x_wconf 64' lang='grc' dir='ltr'><strong>δὲ</strong></span> <span class='ocrx_word' id='word_1_739' title='bbox 1055 5174 1161 5250; x_wconf 64' lang='grc' dir='ltr'><strong>φὴς</strong></span> <span class='ocrx_word' id='word_1_740' title='bbox 1214 5168 1582 5248; x_wconf 72' lang='grc' dir='ltr'><strong>λοιδορεῖσθαί</strong></span> <span class='ocrx_word' id='word_1_741' title='bbox 1631 5193 1723 5247; x_wconf 86' lang='grc' dir='ltr'>μοι</span> <span class='ocrx_word' id='word_1_742' title='bbox 1770 5173 1862 5229; x_wconf 76' lang='grc' dir='ltr'><strong>τὸν</strong></span> <span class='ocrx_word' id='word_1_743' title='bbox 1909 5179 2173 5253; x_wconf 68' lang='grc' dir='ltr'>σοφιστὴν</span> <span class='ocrx_word' id='word_1_744' title='bbox 2224 5177 2675 5255; x_wconf 82' lang='grc' dir='ltr'>Ἀπολλοφάνην,</span> <span class='ocrx_word' id='word_1_745' title='bbox 2725 5181 2816 5236; x_wconf 88' lang='grc' dir='ltr'><strong>καὶ</strong></span> <span class='ocrx_word' id='word_1_746' title='bbox 2855 5179 3192 5257; x_wconf 87' lang='grc' dir='ltr'>πατραλοίαν</span> <span class='ocrx_word' id='word_1_747' title='bbox 3242 5180 3557 5253; x_wconf 79' lang='grc' dir='ltr'>ἀποκαλεῖν,</span> <span class='ocrx_word' id='word_1_748' title='bbox 3605 5176 3689 5234; x_wconf 84' lang='grc' dir='ltr'><strong>καὶ</strong></span> <span class='ocrx_word' id='word_1_749' title='bbox 3733 5173 3791 5227; x_wconf 78' lang='grc' dir='ltr'>τὰ</span> 
     </span>
    </p>
   </div>
   <div class='ocr_carea' id='block_1_111' title="bbox 401 5267 544 5338">
    <p class='ocr_par' dir='ltr' id='par_1_111' title="bbox 401 5267 544 5338">
     <span class='ocr_line' id='line_1_111' title="bbox 401 5267 544 5338; baseline 0 0"><span class='ocrx_word' id='word_1_750' title='bbox 401 5267 544 5338; x_wconf 66' lang='grc' dir='ltr'><strong>ἑξῆς-</strong></span> 
     </span>
    </p>
   </div>
   <div class='ocr_carea' id='block_1_112' title="bbox 468 5441 1492 5517">
    <p class='ocr_par' dir='ltr' id='par_1_112' title="bbox 468 5441 1492 5517">
     <span class='ocr_line' id='line_1_112' title="bbox 468 5441 1492 5517; baseline 0.002 -17"><span class='ocrx_word' id='word_1_751' title='bbox 468 5444 582 5517; x_wconf 82' lang='grc'><strong>(51)</strong></span> <span class='ocrx_word' id='word_1_752' title='bbox 612 5441 827 5502; x_wconf 91' lang='lat' dir='ltr'><strong>Omisit</strong></span> <span class='ocrx_word' id='word_1_753' title='bbox 858 5459 872 5498; x_wconf 88' lang='lat'><strong>:</strong></span> <span class='ocrx_word' id='word_1_754' title='bbox 904 5442 982 5499; x_wconf 80' lang='lat' dir='ltr'><strong>De</strong></span> <span class='ocrx_word' id='word_1_755' title='bbox 1001 5443 1252 5513; x_wconf 79' lang='lat' dir='ltr'><strong>perfecto</strong></span> <span class='ocrx_word' id='word_1_756' title='bbox 1280 5449 1332 5499; x_wconf 73' lang='lat' dir='ltr'><strong>et</strong></span> <span class='ocrx_word' id='word_1_757' title='bbox 1359 5458 1492 5502; x_wconf 85' lang='lat' dir='ltr'><strong>uno.</strong></span> 
     </span>
    </p>
   </div>
  </div>
