4106 6378
350 347 468 402 613

1679 347 1874 416 VITA,
1910 347 2014 402 sx
2049 345 2486 402 NICEPHORO.

3687 351 3796 407 614

1095 635 1386 729 VITA
1455 637 1547 730 S.
1620 634 2184 731 DIONYSII
2252 634 3070 730 AREOPAGITIE

1670 820 1763 882 Ex
1811 819 1975 881 libro
2023 835 2068 879 Π
2116 819 2477 898 Nicephori.

991 974 1170 1031 Graece
1198 982 1249 1031 et
1279 973 1474 1030 Latine
1500 973 1718 1044 primu:
1747 971 1917 1028 edidit
1945 972 2146 1027 Petrus
2174 971 2518 1044 Lanssetz'us,
2549 971 2671 1029 Sac.
2702 973 2829 1029 Iesu
2855 975 3165 1046 presbyter.

433 1292 534 1351 Καὶ
567 1295 787 1358 ΠαυΛος
813 1295 974 1369 ἄχρις
1004 1293 1247 1364 Ἀθηνῶν
1300 1291 1611 1354 ἐπορεύετο.
1645 1290 1920 1358 Είδώλοις
1971 1291 2028 1348 δὲ

2211 1296 2281 1351 Et
2311 1294 2526 1351 Paulus
2568 1297 2827 1353 Athenas
2877 1314 3064 1370 usque
3095 1299 3274 1354 venit.
3309 1299 3448 1354 Eam
3483 1299 3689 1354 urbem
3723 1298 3804 1354 si-

359 1383 576 1463 σφόδρα
616 1385 717 1454 τήν
766 1383 932 1439 πόλιν
993 1383 1132 1460 ὁρῶν
1184 1383 1651 1459 προσανέχουσαν,
1699 1387 1818 1444 τοῖς
1865 1403 1926 1437 τε
1975 1382 2036 1438 ἐκ

357 1482 463 1546 τῆς
519 1479 842 1550 συναγωγῆς
899 1469 1229 1545 διωμιλεῖτο
1289 1472 1376 1526 καὶ
1433 1476 1550 1533 τοῖς
1586 1470 1755 1526 ἐκεῖσε
1812 1471 2036 1550 φιλοσό-

361 1585 513 1640 φοις,
563 1567 682 1624 τοῖς
739 1562 844 1616 ὰπὸ
903 1564 999 1615 τοῦ
1051 1559 1380 1635 Ἐπικούρου
1429 1559 1518 1614 καὶ
1548 1566 1648 1629 τῆς
1689 1564 1882 1623 Στοᾶς.
1935 1563 2033 1623 Οἷς

370 1653 440 1722 δὴ
499 1652 593 1708 καὶ
639 1651 714 1714 ὡς
763 1647 1147 1726 σπερμολόγος
1197 1650 1286 1705 καὶ
1337 1650 1497 1720 ξένων
1557 1647 1854 1723 δαιμονίων
1905 1671 2033 1705 κατ-

364 1740 631 1820 αγγελεὺς
693 1735 1048 1816 περιύϐριστο
1079 1759 1091 1772 ’
1144 1740 1234 1794 καὶ
1314 1737 1450 1809 δῆτα
1516 1737 1646 1794 ε’ίσω
1699 1743 1900 1816 χειρῶν
1951 1741 2035 1794 θέ-

369 1852 547 1906 μενοι,
600 1829 686 1884 ἐπὶ
763 1829 826 1883 τὸ
900 1829 1027 1900 παρ’
1082 1827 1267 1892 αὐτοῖς
1340 1830 1595 1904 μέγιστον
1685 1826 2033 1903 δικαστήριον

365 1919 613 1998 ἄγουσιν,
665 1917 711 1991 ᾧ
759 1919 976 1994 ’Ἄρειος
1033 1915 1206 1992 πάγος
1265 1912 1461 1990 ὄνομα,
1505 1917 1595 1972 καὶ
1651 1922 1731 1989 τῷ
1777 1914 2038 1990 συνεδρίῳ

365 2014 478 2064 τῶν
529 2005 797 2063 δικαστῶν
847 2008 1310 2082 παραστήσαντες,
1346 2004 1514 2081 (ἐννέα
1564 2003 1620 2061 δὲ
1667 2006 1802 2075 ἦσαν
1864 2006 2037 2075 οὗτοι,

373 2095 540 2176 σοφίᾳ
591 2096 681 2151 καὶ
752 2094 893 2171 γένει
949 2095 1039 2149 καὶ
1099 2093 1326 2167 πλούτῳ
1398 2099 1507 2150 τῶν
1578 2093 1764 2151 ἄλλων
1822 2096 2036 2149 πάντων

373 2184 693 2263 ὑπερφέρειν
751 2183 1082 2254 δοκοῦντες’)
1141 2183 1374 2238 ἐπὶτῶν
1455 2181 1780 2239 δικαστικῶν
1835 2183 2042 2258 θρόνων

373 2272 686 2350 ἀριστίνδην
739 2272 1102 2348 ἐξειλεγμένοι
1162 2272 1570 2348 προύκάθηντο.
1624 2277 1716 2326 Ὠν
1769 2271 1822 2327 ἐν
1893 2273 2040 2346 μέσῳ

369 2364 690 2441 γενόμενος,
739 2363 839 2430 τὴν
887 2359 1318 2435 δεισιδαιμονίαν
1375 2360 1593 2416 ἐκείνων
1649 2360 1907 2438 ἤγγελλε,
1951 2361 2041 2416 καὶ

371 2458 472 2509 τοῦ
529 2457 659 2526 παρ’
704 2450 930 2513 ἐκείνοις
981 2451 1108 2518 νεὼ,
1151 2451 1211 2512 ’ὸς
1269 2451 1560 2526 Ἀγνώστῳ
1609 2455 1724 2522 Θεῷ
1777 2451 2038 2522 ἀνέκειτο,

373 2543 577 2598 τούτου
607 2543 740 2596 εἶναι
775 2538 1080 2595 ἀπόστολον
1116 2537 1323 2593 ἔπειθεν
1360 2558 1373 2570 ·
1408 2540 1466 2594 ’ὃν
1514 2539 1605 2593 καὶ
1657 2537 1852 2614 Κύριον
1891 2536 2042 2615 ἔλεγε

369 2632 463 2687 καὶ
508 2630 733 2701 κτίστην
781 2633 884 2705 γῆς
931 2629 1021 2684 καὶ
1080 2627 1334 2704 ούρανοῦ,
1388 2625 1458 2682 δι’
1507 2628 1569 2682 οὗ
1615 2629 1678 2682 τὸ
1741 2632 1845 2682 πᾶν
1883 2645 1895 2661 ·
1950 2629 2040 2682 καὶ

370 2719 597 2786 ἀνενδεῆ
656 2723 853 2774 τοῦτον
911 2717 1001 2773 καὶ
1065 2716 1325 2790 ἀνόμοιον
1397 2717 1540 2790 πάσῃ
1587 2714 1690 2791 ὕλῃ
1734 2716 2035 2792 προύτίθει.

370 2808 531 2867 Ἀλλ’
565 2805 692 2863 οὐδέ
721 2828 827 2861 τινι
861 2805 1018 2879 ἄλλῳ
1048 2805 1396 2881 θεραπεύεται
1429 2806 1462 2877 ἢ
1495 2810 1612 2868 τοῖς
1661 2809 1769 2860 τῶν
1821 2805 2034 2880 ἀγαθῶν

372 2897 557 2976 ἔργοις
585 2897 676 2953 καὶ
705 2901 774 2971 τῇ
807 2896 1093 2972 ἐπιγνώσει
1132 2901 1232 2965 τῆς
1277 2892 1541 2965 ἀληθείας
1573 2915 1585 2927 ’
1619 2896 1706 2949 καὶ
1756 2895 1823 2950 τὰ
1871 2896 2037 2971 μέχρι

367 2986 531 3044 τοῦδε
565 2987 893 3061 ἀγνοήματα
925 2983 994 3039 δι’
1025 2987 1187 3058 ἡμῶν
1221 2989 1463 3059 παρορᾷν
1498 2982 1672 3058 λέγει,
1704 2989 1799 3038 τοῦ
1841 2983 2040 3040 λοιποῦ

371 3075 433 3134 δὲ
488 3080 793 3150 μετανοεῖν,
827 3075 918 3129 καὶ
976 3073 1164 3149 λόγοις
1220 3071 1380 3128 ε”ίκειν
1413 3072 1666 3134 πίστεως.
1704 3073 1795 3136 Ὠς
1840 3075 1930 3128 καὶ
1976 3075 2038 3129 τὸ

370 3165 580 3242 κρίνειν
643 3164 845 3228 ἐκεῖθεν
897 3162 1142 3241 εἰληφώς
1197 3161 1357 3218 ἐστιν.
1407 3163 1581 3226 Οὗτός
1639 3163 1780 3218 ἐστιν
1830 3165 2043 3235 Ἰησοῦς

376 3257 408 3311 ὁ
440 3255 697 3330 Χριστὸς,
730 3253 814 3325 ὃς,
847 3250 922 3307 δι’
941 3251 1114 3328 ἔργων
1141 3256 1457 3328 θεοπρεπῶν
1517 3252 1646 3314 Θεὸς
1694 3250 1905 3317 τέλειος
1951 3253 2040 3308 καὶ

371 3343 589 3406 τέλειος
637 3340 949 3413 ἅνθρωπος,
1011 3341 1154 3410 πλὴν
1212 3340 1500 3417 ἁμαρτίας,
1561 3341 1872 3420 ἀναφανεὶς,
1909 3343 2040 3418 ὑπὶρ

369 3433 628 3490 ἁπάντων
719 3431 1074 3507 ἐσταύρωται,
1131 3431 1217 3485 καὶ
1279 3430 1339 3485 ἐκ
1395 3435 1598 3506 νεκρῶν
1678 3431 1895 3502 ἀνέστη,
1951 3430 2040 3486 καὶ

371 3522 590 3579 πάντων
647 3521 926 3598 ὁρώντων,
978 3521 1114 3594 πρὸς
1158 3519 1250 3574 τὸν
1309 3520 1508 3574 οἰκεῖον
1573 3519 1782 3595 Πατέρα
1841 3519 2042 3592 ἀνελη-

371 3626 483 3692 φθη
541 3613 634 3668 τὸν
689 3615 796 3666 τῶν
852 3609 999 3665 ὅλων
1065 3608 1214 3664 Θεόν.
1268 3609 1371 3664 Καὶ
1420 3608 1529 3664 τισὶ
1597 3609 1691 3682 μὲν
1755 3609 2039 3666 ἀνάστασιν

373 3702 644 3773 ἆκηκοόσι
706 3699 884 3776 χλεύη
946 3699 1009 3753 τὸ
1067 3704 1296 3774 πρᾶγμα
1345 3695 1518 3754 ἐδόκει
1553 3716 1565 3729 ⁸
1598 3699 1740 3761 τινὲς
1789 3697 1846 3754 δὲ
1897 3699 2043 3774 αὐτῷ

373 3792 658 3852 πείσαντες
691 3787 934 3858 εἵποντο,
969 3789 1087 3860 μεθ’
1121 3789 1196 3842 ὧν
1241 3789 1332 3843 καὶ
1383 3789 1410 3842 ὁ
1440 3787 1861 3864 Ἀρειοπαγίτης
1920 3797 2043 3845 Διο-

372 3881 562 3943 νύσιος
611 3879 700 3949 ἦν,
735 3879 810 3941 εἷς
861 3875 937 3933 ὢν
982 3881 1090 3934 τῶν
1138 3881 1318 3957 σοφῶν
1371 3876 1590 3934 ἐκείνων
1638 3879 1726 3933 καὶ
1780 3877 2041 3955 ἐκκρίτων

374 3967 610 4043 ἀνδρῶν.

2070 2680 2118 2744 Β

2146 1385 2544 1440 mulacrorum
2578 1385 2762 1440 cultui
2807 1387 3065 1441 deditam
3106 1403 3372 1455 cernens,
3408 1404 3712 1444 sermones
3747 1389 3806 1443 et

2145 1489 2278 1528 cum
2325 1473 2410 1528 eis
2459 1474 2560 1545 qui
2607 1489 2676 1528 ex
2725 1490 3024 1547 synagoga
3070 1479 3239 1531 erant
3286 1475 3533 1547 Judaeis,
3561 1481 3618 1531 et
3666 1492 3802 1532 cum

2145 1563 2519 1635 philosophis
2549 1561 2855 1634 epicurzeis
2894 1564 3069 1619 simul
3121 1569 3175 1620 st
3227 1565 3427 1620 stoicis
3474 1566 3722 1622 confert.
3756 1567 3803 1621 A

2145 1651 2362 1722 quibus
2393 1658 2674 1723 tanquam
2709 1653 3142 1708 seminiverbz‘us
3165 1669 3265 1709 seu
3299 1653 3567 1709 inanium
3601 1654 3805 1709 verbo-

2145 1756 2276 1796 rum
2329 1746 2508 1809 sator,
2541 1746 2598 1798 et
2630 1743 3072 1816 peregrinorum
3107 1745 3350 1800 deorum
3401 1744 3807 1817 annuntiator,

2146 1831 2423 1886 conviciis
2454 1833 2713 1903 graviter
2741 1833 3072 1904 exagitetur
3105 1851 3118 1888 :
3152 1838 3208 1890 et
3243 1835 3709 1906 comprehensus
3741 1835 3802 1889 in

2146 1936 2492 1992 supremum
2541 1921 2622 1976 ibi
2665 1922 2986 1991 judicium,
3016 1925 3408 1995 Areopagum,
3449 1940 3549 1978 seu
3604 1924 3806 1979 Martis

2146 2011 2340 2066 vicum
2395 2013 2722 2078 nominant,
2775 2013 3142 2084 producitur,
3193 2018 3371 2085 atque
3420 2014 3488 2068 ad
3531 2013 3807 2084 judicum

2149 2102 2433 2158 subsellia
2481 2103 2734 2158 sistitur.
2784 2104 2997 2158 Novem
3035 2104 3075 2159 ii
3106 2110 3293 2174 erant,
3343 2104 3660 2176 sapientia,
3693 2104 3809 2158 vir-

2149 2196 2295 2256 tute,
2320 2207 2530 2262 genere
2563 2196 2621 2247 et
2651 2193 2864 2264 opibus
2904 2193 3179 2248 omnibus
3211 2192 3343 2248 aliis
3374 2192 3811 2265 praestantiores

2149 2279 2357 2348 habiti,
2401 2286 2458 2337 et
2504 2282 2576 2336 ad
2619 2283 2892 2352 judicum
2950 2298 3165 2338 munus
3221 2283 3586 2351 obeundum,
3637 2286 3815 2354 prout

2151 2370 2403 2442 quisque
2433 2387 2636 2426 eorum
2670 2371 2831 2428 visus
2854 2377 2942 2427 est
2973 2372 3234 2443 optimus
3257 2372 3329 2427 ad
3363 2371 3621 2427 tribunal
3652 2370 3808 2426 lecti.

2152 2460 2216 2515 In
2251 2461 2445 2516 medio
2473 2460 2684 2516 horum
2717 2460 3069 2531 consistens,
3095 2461 3572 2532 superstitionem
3607 2476 3811 2516 eorum

2153 2565 2383 2620 arasque
2410 2550 2538 2620 ejus
2570 2565 2698 2620 quae
2746 2552 2899 2620 apud
2951 2566 3050 2606 eos
3100 2551 3293 2619 Ignoto
3333 2551 3438 2606 Deo
3470 2555 3815 2606 consecrata

2153 2642 2296 2705 erat,
2331 2638 2646 2693 annuntiat
2680 2654 2693 2693 :
2725 2654 2904 2709 seque
2934 2639 3064 2709 ejus
3099 2637 3433 2710 apostolum
3465 2643 3521 2695 et
3551 2638 3815 2710 legatum

2148 2742 2276 2782 esse
2306 2728 2540 2796 asserit,
2575 2743 2750 2799 quem
2796 2733 2854 2782 et
2898 2729 3208 2783 Dominum
3240 2733 3298 2783 et
3327 2734 3648 2784 creatorem
3681 2727 3814 2782 coeli

2148 2820 2204 2871 et
2242 2816 2613 2887 terrae,quod
2663 2815 2890 2872 scilicet
2940 2833 3044 2888 per
3092 2832 3226 2872 eum
3280 2818 3431 2873 857
3485 2815 3813 2872 consistant

2149 2904 2369 2972 omnia,
2393 2903 2640 2976 ipseque
2668 2903 2894 2960 nullius
2928 2904 3010 2959 rei
3042 2903 3338 2976 indigens,
3361 2904 3512 2960 nulli
3543 2902 3812 2959 omnium

2151 2992 2404 3047 materias
2462 2992 2678 3048 similis
2735 2992 2836 3060 sit,
2877 2992 3100 3049 laudat.
3153 2992 3241 3048 Illi
3291 2992 3536 3065 insuper
3587 2993 3812 3048 addens

2150 3081 2314 3136 nulla
2345 3099 2481 3136 eum
2514 3081 2630 3136 alia
2661 3098 2721 3136 re
2749 3098 2926 3153 quam
2964 3082 3075 3153 piis
3107 3079 3399 3137 bonorum
3431 3082 3734 3154 operibus,
3756 3085 3817 3138 et

2149 3171 2412 3224 veritatis
2464 3170 2799 3242 cognitione
2845 3170 2956 3226 coli
2991 3187 3004 3225 :
3037 3175 3094 3225 et
3125 3176 3364 3240 peccata
3412 3171 3673 3242 quidem,
3710 3187 3815 3243 per

2150 3258 2542 3330 ignorantiam
2575 3259 2884 3330 hucusque
2908 3277 2940 3316 a
2963 3260 3135 3316 nobis
3167 3259 3489 3315 commissa
3518 3277 3653 3316 eum
3690 3259 3815 3315 dis-

2151 3348 2457 3415 simulare,
2492 3354 2670 3419 atque
2719 3350 3040 3415 remittere,
3076 3350 3148 3403 de
3177 3355 3384 3405 caetero
3433 3354 3633 3405 autem
3665 3349 3813 3404 resi-

2152 3437 2600 3509 piscendum,et
2623 3438 2814 3492 verbis
2839 3437 2969 3494 ﬁdei
3008 3439 3335 3494 cedendum
3361 3455 3510 3494 esse.
3550 3442 3623 3493 Ac
3649 3437 3813 3508 judi-

2153 3526 2325 3580 candi
2359 3542 2594 3596 quoque
2625 3542 2758 3582 eum
2806 3531 3155 3596 potestatem
3187 3540 3494 3598 prepterea
3522 3526 3816 3597 recepisse

2152 3613 2315 3684 dicit,
2348 3615 2549 3686 ipsum
2599 3614 2822 3670 scilicet
2867 3614 3070 3670 Jesum
3105 3615 3430 3684 Christum,
3462 3615 3563 3686 qui
3600 3614 3817 3670 divinis

2153 3721 2398 3776 prorsus
2448 3703 2621 3760 factis
2660 3709 2718 3760 et
2766 3704 3045 3775 operibus
3104 3705 3260 3760 Deus
3317 3705 3612 3777 perfectus
3649 3704 3819 3776 (citra

2152 3796 2350 3849 tamen
2403 3793 2733 3866 peccatum)
2766 3793 2943 3848 homo
2996 3794 3334 3850 dectaratus
3385 3811 3489 3864 pro
3541 3793 3818 3850 omnibus

2153 3883 2470 3940 cruciﬁxus
2501 3883 2599 3949 sit,
2632 3888 2688 3937 et
2718 3901 2752 3938 a
2780 3883 3031 3939 mortuis
3072 3883 3392 3938 resurrexit
3422 3883 3820 3954 omnibusque

2153 3972 2565 4044 spectantibus
2605 3973 2677 4026 ad
2727 3989 2903 4027 suum
2936 3973 2995 4026 in
3029 3971 3239 4028 coelum
3290 3971 3530 4028 redierit
3562 3971 3821 4056 Patrem,

369 4077 575 4121 rerum
607 4059 1016 4116 universarum
1048 4059 1253 4114 Deum.
1290 4058 1656 4125 Quibusdam
1688 4059 1912 4132 itaque,
1945 4062 2100 4132 quod
2149 4061 2638 4118 resurrectionem
2672 4062 2745 4116 ab
2773 4078 2840 4117 eo
2873 4062 3173 4131 audirent,
3208 4078 3300 4117 res
3333 4065 3454 4118 tota
3483 4061 3812 4116 ludibrium

372 4155 433 4209 et
461 4149 666 4206 fabula
691 4149 939 4205 videtur.
975 4148 1225 4212 Quidam
1252 4154 1472 4215 autem,
1506 4149 1700 4205 verbis
1729 4151 1857 4218 ejus
1887 4152 2216 4221 credentes,
2252 4167 2385 4206 eum
2416 4155 2738 4206 sectantur.
2773 4151 2837 4205 In
2870 4152 3088 4223 quibus
3120 4155 3177 4206 et
3206 4149 3522 4220 Dionysius
3555 4155 3810 4221 Areopa-

374 4241 502 4316 gita
529 4239 627 4294 ille
659 4238 788 4307 fuit,
823 4255 978 4292 unus
1010 4254 1079 4292 ex
1109 4237 1473 4307 sapientibus
1507 4239 1628 4293 illis
1659 4243 1717 4294 et
1748 4238 1992 4296 delectis
2022 4241 2184 4297 viris.

448 4325 576 4386 Ἐπὲ
601 4327 758 4383 τόσον
793 4323 850 4381 δὲ
880 4325 1030 4397 αύτῷ
1056 4325 1122 4379 τὰ
1175 4331 1276 4394 τῆς
1325 4324 1581 4393 πίστεως,
1615 4326 1690 4390 ὡς
1735 4328 1812 4399 μή
1874 4328 2040 4399 μόνον

2227 4331 2415 4386 Tanta
2446 4335 2644 4386 autem
2680 4330 2790 4386 fuit
2821 4330 2880 4386 in
2903 4329 3204 4387 Christum
3236 4329 3371 4400 ﬁde,
3397 4333 3464 4385 ut
3495 4345 3610 4385 non
3644 4328 3818 4384 modo

375 4421 476 4473 τοῦ
529 4416 674 4472 θείου
726 4416 1130 4486 καταξιωθῆναι
1173 4413 1431 4490 λουτροῦ,
1465 4412 1612 4469 ἀλλὰ
1648 4416 1738 4469 καὶ
1785 4413 1873 4471 διὰ
1917 4437 2042 4492 χει-

379 4512 492 4585 ρῶν
580 4507 800 4563 Παύλου
859 4507 1103 4576 Ἀθηνῶν
1188 4511 1648 4582 προχειρισθῆναι
1717 4506 2043 4577 ἐπίσκοπον,

379 4597 472 4653 καὶ
524 4597 810 4674 ὑπερφυῶν
861 4596 1219 4672 χαρισμάτων
1269 4595 1598 4666 ἀξιωθῆναι,
1645 4595 1735 4650 καὶ
1780 4600 1858 4668 τῷ
1917 4597 2046 4670 θείῳ

385 4685 727 4763 συγγενέσθαι
758 4685 1026 4760 Ἱεροθέῳ,
1061 4687 1144 4746 οἷς
1178 4685 1206 4738 ὁ
1237 4682 1458 4747 Παῦλος
1493 4686 1592 4739 ὅσα
1638 4685 1729 4739 καὶ
1771 4685 2046 4741 συνείσατο

386 4775 468 4841 εἷς
493 4775 585 4830 τὸν
609 4773 792 4850 τρίτον
825 4773 1007 4846 ἀρθεὶς
1039 4772 1262 4847 οὐρανὸν
1295 4773 1386 4828 καὶ
1445 4773 1523 4835 εἷς
1569 4772 1661 4828 τὸν
1695 4772 2046 4850 παράδεισον,

382 4863 788 4933 κατεπίστευσε,
824 4862 948 4938 περί
977 4883 1036 4917 τε
1065 4869 1166 4932 τῆς
1199 4860 1481 4936 θεολογίας
1530 4863 1621 4918 καὶ
1652 4863 1776 4940 περὶ
1805 4871 1907 4933 τῆς
1957 4863 2048 4919 ού-

385 4953 576 5030 ρανίου
625 4951 911 5030 ἱεραρχίας
959 4972 1017 5006 τε
1065 4953 1156 5006 καὶ
1206 4949 1648 5025 διακοσμήσεως,
1676 4952 1710 5006 ἓι
1741 4952 1794 5016 ἐς
1826 4953 2046 5030 ὕστερον

381 5042 477 5098 καὶ
501 5046 681 5120 γραφῇ
714 5039 1015 5118 παρεδόθη.
1051 5041 1329 5104 Διονύσιος
1382 5039 1462 5112 δὲ,
1491 5043 1580 5096 τὸν
1617 5039 1783 5118 λόγον
1825 5047 1926 5113 τῆς
1964 5043 2048 5099 εύ-

382 5125 598 5193 σεὸείας
679 5130 952 5206 λαμπρῶς
1028 5129 1578 5207 παρῥησιασάμενος,
1641 5130 1729 5186 ἐπὶ
1811 5137 2049 5194 πολλοῖς

382 5218 527 5277 ἔτεσι
576 5221 715 5276 κατᾶ
760 5223 860 5291 τήν
919 5221 1146 5291 ἑσπέραν
1203 5217 1428 5291 δοξάσας
1475 5221 1730 5296 Χριστὸν,
1776 5221 1852 5284 εἷς
1916 5221 2051 5298 βαθὺ

389 5314 565 5387 γῆρας
624 5309 799 5380 ἥκων,
855 5311 943 5366 καὶ
999 5314 1078 5380 τῷ
1139 5309 1272 5384 ὑπὲρ
1333 5309 1502 5364 αὐτοῦ
1547 5311 1830 5387 μαρτυρίῳ
1891 5331 2052 5366 κατε-

387 5402 676 5472 κοσμήθη.
712 5401 853 5455 Φασὶ
902 5397 959 5454 δὲ
1009 5399 1194 5469 αὐτὸν,
1224 5401 1322 5470 τήν
1379 5399 1544 5474 κάραν
1580 5399 1716 5478 ξίφει
1779 5397 2058 5455 διακοπεῖ-

388 5509 488 5544 σαν
546 5488 646 5544 ἀνᾶ
703 5495 893 5566 χεῖρας
950 5484 1213 5558 λαϐόντα,
1257 5487 1346 5544 ἐπὶ
1411 5488 1568 5563 μίλια
1623 5487 1719 5544 δύο
1780 5486 2048 5545 ὁδεῦσαι·

393 5576 567 5634 ἐκεῖσε
616 5575 674 5634 δὶ
724 5577 938 5656 γυναικῖ
991 5577 1308 5654 ἐντυχόντα,
1338 5579 1668 5656 παραθέσθαι
1697 5578 1899 5649 ταύτην
1958 5578 2052 5664 αὖ·

389 5669 488 5742 τῇ.
537 5670 676 5728 Ὅσα
717 5690 779 5744 γε
831 5669 940 5744 μὴν
987 5667 1357 5746 συνεγράψατο
1409 5669 1626 5743 θεωρίᾳ,
1673 5668 1763 5724 καὶ
1810 5671 2050 5743 νοήμασι

2156 4420 2372 4489 dignus
2405 4419 2600 4474 divino
2631 4419 2860 4474 lavacro
2887 4425 3061 4486 esset,
3089 4419 3191 4475 sed
3224 4419 3403 4474 etiam
3435 4417 3626 4489 ipsius
3661 4416 3822 4472 Pauli

2158 4509 2434 4564 manibus
2477 4508 2926 4564 Atheniensium
2978 4507 3434 4564 constitueretur
3483 4506 3822 4578 episcopus,

2159 4597 2426 4654 mirificis
2449 4615 2690 4670 prorsus
2714 4603 2889 4668 atque
2911 4596 3128 4652 divinis
3151 4595 3615 4652 charismatibus
3638 4600 3694 4650 et
3715 4596 3822 4650 do-

2159 4688 2248 4743 nis
2281 4687 2546 4760 polleret,
2578 4689 2798 4741 viveret
2840 4685 3015 4741 etiam
3068 4685 3420 4740 familiarius
3454 4701 3588 4740 cum
3622 4683 3820 4740 divino

2158 4778 2280 4833 viro
2313 4776 2660 4832 Hierotheo:
2696 4792 2946 4847 quorum
2982 4775 3216 4845 utrique
3247 4791 3339 4830 res
3372 4789 3643 4829 summas
3676 4771 3821 4826 Pau-

2159 4865 2275 4932 lus,
2309 4870 2374 4920 ut
2403 4881 2502 4920 eas
2532 4866 2592 4919 in
2626 4866 2865 4920 tertium
2910 4881 3097 4935 usque
3141 4863 3349 4919 coelum
3384 4870 3441 4918 et
3473 4861 3818 4934 paradisum

2160 4955 2356 5026 ipsum
2399 4960 2601 5023 raptus
2641 4954 2952 5020 didicerat,
2987 4953 3370 5015 concredidit,
3403 4958 3461 5006 et
3491 4952 3563 5005 de
3592 4950 3819 5006 theolo-

2160 5044 2276 5118 gia,
2315 5045 2533 5114 Deique
2563 5043 2718 5098 verbi
2757 5044 2980 5099 ratione
3013 5041 3259 5107 scilicet,
3293 5057 3399 5096 nec
3433 5057 3548 5096 non
3598 5039 3820 5095 scelesti

2161 5133 2489 5189 hierarchia
2525 5149 2839 5203 rerumque
2870 5131 3195 5186 caelestium
3229 5128 3678 5186 absolutissima
3707 5129 3824 5184 dis-

2162 5223 2452 5296 positione
2483 5229 2659 5293 atque
2691 5222 3080 5289 ordinatione,
3109 5237 3259 5292 quas
3292 5235 3383 5274 res
3415 5225 3614 5290 postea
3645 5218 3822 5273 etiam

2161 5313 2221 5368 in
2255 5312 2479 5384 scripta
2501 5311 2719 5367 retulit.
2747 5310 3060 5382 Dionysius
3088 5326 3282 5382 porro,
3310 5309 3552 5365 verbum
3587 5307 3822 5380 pietatis

2160 5402 2401 5472 verique
2432 5401 2628 5455 cultus
2659 5399 2971 5472 magnifice
3005 5399 3402 5471 praedicando,
3427 5413 3644 5469 magna
3676 5412 3824 5452 usus

2163 5496 2254 5546 est
2285 5489 2574 5555 libertate,
2597 5489 2933 5560 multosque
2956 5504 3143 5544 annos
3174 5487 3234 5542 in
3263 5487 3531 5560 partibus
3557 5484 3826 5542 occiden-

2163 5578 2384 5636 talibus
2413 5577 2714 5635 Christum
2759 5577 3120 5651 gloriﬂcans,
3153 5577 3220 5633 sd
3257 5577 3506 5632 multam
3558 5572 3826 5647 pervenit

2165 5672 2549 5736 senectutem,
2582 5673 2640 5724 et
2669 5683 2774 5739 pro
2820 5667 2950 5740 ipso
2982 5667 3247 5740 martyrii
3279 5681 3496 5724 corona
3525 5667 3616 5721 est
3645 5661 3822 5720 coho-
