4106 6380
307 387 414 443 619

1546 383 1606 437 Β.
1647 379 1967 435 DIONYBII
2006 379 2488 437 ΑΒΕΟΡΑΟῙΤΛΕ

3625 381 3732 436 620

305 509 539 580 tamini,
572 509 709 576 Deo,
744 508 868 564 viro
909 509 1136 576 sancto,
1169 507 1426 579 itemque
1458 505 1621 560 vobis
1666 501 1958 576 quidquid

2084 503 2455 576 προτερήμασι
2512 501 2600 558 xui
2656 502 3034 576 ἆριστιύμασι,
3086 501 3266 578 χαίρω
3311 500 3436 557 λίαν
3476 523 3706 576 ηττωμι

307 605 530 673 potero,
565 599 774 654 lubens
807 599 1118 670 praestabo.
1151 597 1295 652 Nam
1329 597 1378 651 si
1417 611 1510 650 me
1545 593 1762 649 laudati
1792 592 1965 647 istius

304 690 414 744 viri
447 689 715 756 laudum,
747 704 877 758 quae
917 687 1004 742 iili
1035 689 1362 758 congruent
1414 684 1703 749 ubertate,
1739 680 1965 752 magni-

304 778 512 832 tudine
542 782 718 848 atque
769 776 1104 848 praestantia
1135 773 1399 846 superari
1443 771 1776 842 contigerit,
1812 768 1965 824 vinci

2075 610 2168 652 νος
2202 609 2215 622 ·
2252 592 2315 644 οὐ
2346 592 2450 666 γὰρ
2483 590 2777 665 ἐλάττωμα
2818 597 2897 664 τῷ
2938 591 3314 666 ἐπαινουμένῳ
3343 593 3404 646 τὸ
3435 595 3532 646 τοῦ
3566 593 3722 646 ἔπαι-

2076 682 2295 740 νοῦντος
2329 679 2381 734 ἐν
2412 686 2530 744 ταῖς
2556 688 2655 750 τῆς
2687 680 3132 756 ἐγκωμιαστικῆς
3161 682 3410 759 φράσεως
3439 680 3730 756 ἁρμονίαις

2080 789 2218 839 ηττη
2231 791 2328 841 μα.

306 882 402 922 me
432 866 680 921 libenter
712 866 918 938 patiar.
950 865 1147 936 Neque
1195 863 1352 918 enim
1401 861 1586 918 ullum
1619 860 1670 916 ei
1702 859 1803 930 qui
1856 858 2131 914 laudatur
2172 861 2457 916 damnum
2502 862 2774 931 infertur,
2809 863 2858 918 si
2891 862 2990 935 qui
3042 862 3198 918 hunc
3247 862 3446 935 ipsum
3499 861 3732 928 laudat,

307 956 670 1012 ornamentis
699 960 756 1012 et
785 959 1068 1027 apparatu
1103 953 1380 1009 laudandi
1419 951 1650 1024 generis
1685 953 2017 1021 superetur.

382 1065 543 1120 Unde
571 1064 752 1136 igitur
790 1064 982 1119 laudis
1031 1062 1390 1134 principium
1440 1058 1717 1116 sumam?
1749 1059 1961 1114 Rheto-

309 1170 520 1210 rumne
550 1153 610 1208 in
643 1152 968 1207 scribendis
1001 1151 1280 1207 laudibus
1313 1149 1617 1222 preceptis
1650 1153 1783 1202 utar
1813 1152 1962 1218 (quae

309 1242 496 1308 abiis,
522 1257 648 1314 quae
671 1240 836 1296 humi
863 1249 1094 1312 repunt,
1116 1238 1422 1306 labuntur,
1441 1254 1504 1293 ac
1527 1237 1774 1293 subinde
1797 1235 1966 1290 aliter

306 1331 700 1386 immutantur
730 1335 786 1385 et
816 1329 1135 1396 intereunt,
1161 1333 1226 1383 ut
1247 1332 1389 1383 sum
1408 1343 1618 1399 genus,
1646 1325 1858 1397 patria,
1883 1324 1963 1378 di-

301 1419 460 1475 vitias
490 1419 696 1474 mundi
747 1418 948 1487 hujus,
976 1417 1161 1490 gloria
1193 1422 1251 1472 et
1282 1417 1548 1483 ambitio,
1575 1415 1688 1486 peti
1732 1412 1964 1478 solent),

306 1509 448 1564 dum
482 1506 642 1563 illius
665 1507 766 1580 qui
797 1507 892 1561 his
917 1506 1196 1561 omnibus
1227 1505 1542 1560 sublimior
1561 1508 1668 1572 est,
1695 1508 1751 1557 et
1773 1501 1966 1573 quali-

304 1597 403 1652 bet
426 1597 675 1651 nimium
701 1595 971 1650 mutabili
999 1595 1156 1650 fama
1171 1610 1236 1649 ac
1262 1593 1524 1648 humana
1545 1592 1732 1664 gloria
1755 1592 1963 1662 major,

306 1685 512 1741 laudes
542 1684 830 1756 oorrogo?
874 1686 953 1739 An
991 1684 1062 1738 ab
1094 1684 1450 1754 incorruptis
1485 1683 1677 1752 potius
1719 1697 1785 1736 ac
1835 1695 1968 1734 vere

308 1775 516 1842 beatis,
541 1791 607 1829 ac
639 1791 741 1845 per
770 1773 985 1828 saecula
1007 1772 1309 1827 duraturis
1339 1771 1615 1827 laudibus
1642 1769 1966 1833 ordiemur,

312 1880 460 1936 quas
492 1862 590 1918 ille
621 1879 690 1918 ex
719 1879 836 1934 quo
869 1880 904 1918 a
934 1861 1386 1917 simulacrorum
1432 1860 1590 1915 cultu
1633 1859 1860 1928 desivit,
1893 1859 1965 1913 ob

2147 1056 2312 1113 Πόθεν
2343 1063 2636 1134 τοιγαροῦν
2678 1066 2777 1128 τῆς
2828 1059 3106 1136 εὐφημίας
3157 1057 3390 1134 ἄρξομαι
3425 1078 3438 1127 ;
3470 1060 3606 1119 Τοῖς
3641 1068 3728 1120 θε-

2075 1151 2237 1218 σμοῖς
2279 1151 2385 1201 τῶν
2445 1147 2751 1224 ῥητορικῶν
2798 1147 3085 1223 ἐγκωμίων
3143 1150 3450 1224 χρήσομαι,
3510 1146 3570 1201 έκ
3617 1151 3729 1202 τῶν

2074 1234 2254 1309 χαμαὶ
2285 1235 2628 1310 ἐρχομένων,
2659 1238 2746 1292 xui
2774 1234 3174 1309 διαλυομένων,
3198 1236 3286 1291 καὶ
3321 1233 3554 1299 ἄλλοθεν
3585 1232 3734 1300 ἄλλη

2079 1324 2550 1395 μετοπιπτόντων,
2599 1327 2690 1380 xui
2741 1325 3117 1402 φθείρομένων
3159 1344 3172 1358 ⁸
3218 1330 3411 1399 γένους
3463 1325 3607 1403 φημὶ
3641 1324 3733 1379 καὶ

2073 1411 2358 1486 πατρίδος,
2419 1414 2508 1468 καὶ
2568 1415 2837 1487 πλούτου,
2909 1415 2998 1470 καὶ
3065 1422 3341 1488 κοσμικῆς
3397 1411 3584 1486 δόξης,
3643 1413 3734 1468 xui

2075 1503 2388 1578 φαντασίας,
2420 1508 2500 1576 τῷ
2527 1505 2733 1558 τούτων
2768 1503 3016 1561 ἁπάντων
3061 1503 3387 1579 ὑψηλοτέρῳ
3419 1502 3511 1558 καὶ
3550 1502 3736 1576 κρείτ-

2073 1611 2189 1646 τονι
2221 1588 2414 1654 κλέους
2447 1591 2828 1668 εὐπαροίστου,
2879 1593 2968 1648 καὶ
3011 1595 3337 1667 καυχήσεως
3383 1592 3732 1668 ἀνθρωπίνης

2079 1679 2357 1742 ὑποθέσεις
2387 1679 2808 1756 έρανιζόμενοςς
2854 1679 2891 1751 ἤ
2943 1679 3156 1754 μᾶλλον
3192 1681 3298 1736 ἀπὸ
3326 1685 3434 1736 τῶν
3469 1681 3731 1758 ἀφθίτων,

2073 1769 2162 1822 καὶ
2185 1769 2260 1832 ὡς
2289 1769 2511 1839 ἀληθῶς
2549 1770 2854 1847 μακαρίων,
2886 1771 2976 1825 καὶ
3009 1769 3434 1839 διαιωνιζόντων
3466 1768 3729 1844 αὐχημά-

2075 1878 2207 1926 των,
2241 1855 2271 1911 at
2304 1855 2393 1912 διὰ
2419 1865 2518 1928 τῆς
2553 1857 2629 1921 εἷς
2672 1860 2901 1935 Χριστὸν
2943 1861 3033 1914 τὸν
3082 1855 3254 1920 ὄντως
3305 1854 3430 1913 ὄντα
3460 1859 3587 1914 Θεὸν
3623 1858 3731 1913 ἀπὸ

314 1952 611 2025 insignem
635 1969 773 2022 erga
794 1951 1091 2008 Christum
1117 1967 1320 2005 verum
1357 1948 1554 2021 procul
1581 1950 1758 2004 dubio
1786 1952 1967 2004 Deum

2193 1917 2205 1926 ,
2475 1917 2515 1928 .-
2616 1917 2625 1921 -
2723 1917 2732 1935 ,
3241 1917 3251 1920 -

2084 1953 2175 2015 τῆς
2208 1945 2503 2018 εἰδωλικῆς
2553 1947 2840 2023 θρησκείας
2892 1947 3116 2022 ἀρίστης
3163 1946 3450 2022 εὐτροπίας
3508 1948 3599 2001 xui
3643 1949 3734 2002 εὐο

316 2042 501 2098 animi
557 2040 1031 2113 propensionem,
1093 2056 1442 2110 morumque
1495 2039 1869 2110 probitatem,
1902 2053 1970 2092 ac

314 2129 720 2202 Evangelicam
768 2129 1218 2198 institutionem,
1251 2145 1356 2184 nec
1389 2145 1502 2183 non
1537 2126 1705 2182 luctas
1741 2128 1969 2181 labores

315 2218 536 2286 retulit,
555 2235 730 2290 quam
754 2219 910 2272 enim
934 2224 1298 2273 terrenorum
1331 2216 1770 2289 parentum,qui
1795 2215 1969 2271 luteis

315 2308 491 2363 rebus
508 2323 644 2362 cum
668 2306 994 2379 primisque
1013 2306 1535 2378 superstitionibus
1557 2307 1676 2362 sint
1699 2306 1965 2372 involuti,

313 2396 540 2452 natales
571 2398 642 2452 ad
677 2413 869 2451 veram
912 2396 1155 2467 gloriam
1187 2395 1579 2452 accessionem
1613 2395 1698 2449 illi
1733 2395 1965 2465 facient,

313 2486 414 2556 qui
448 2486 518 2540 ab
551 2487 814 2540 omnium
849 2486 996 2557 Rege
1026 2485 1141 2541 Deo
1168 2485 1478 2555 adoptione
1509 2485 1586 2540 sit
1616 2485 1831 2556 dignus
1867 2485 1967 2540 ha-

313 2574 493 2644 bitus,
523 2579 580 2628 et
608 2573 667 2628 in
692 2573 956 2630 caelestes
980 2573 1333 2645 Angelorum
1361 2574 1597 2629 ordines
1620 2574 1968 2644 cooptatus?

311 2668 370 2718 et
400 2679 516 2719 una
544 2679 678 2718 cum
719 2663 820 2718 Dei
870 2663 1234 2733 praeconibus
1282 2668 1452 2718 Petro
1483 2669 1540 2718 et
1571 2663 1748 2718 Paulo
1798 2680 1966 2718 sacro

311 2751 560 2822 imperio
582 2756 640 2806 et
670 2750 993 2823 apostolica
1024 2751 1465 2821 pulchritudine
1487 2752 1562 2807 sit
1583 2752 1965 2822 convestitus,

311 2839 612 2911 simulque
653 2839 997 2896 beatissima
1025 2840 1128 2895 illa
1158 2840 1459 2895 nativitate
1514 2841 1874 2912 progenitus,
1900 2857 1965 2896 ac

315 2930 580 3002 martyrii
611 2930 797 3002 gloria
827 2930 1231 2986 circumdatus
1251 2931 1279 2985 ‘?
1309 2936 1396 2984 An
1426 2929 1614 3001 patria
1642 2931 1812 3000 equis
1843 2931 1964 2985 ovi-

312 3019 546 3089 busque
589 3019 820 3086 referta,
853 3018 1100 3089 campis,
1134 3019 1456 3087 montibus,
1489 3017 1761 3086 saltibus,
1796 3019 1963 3075 valli-

313 3107 544 3178 busque
573 3107 1034 3164 circummunita
1067 3127 1080 3163 :
1117 3108 1297 3179 pratis
1328 3109 1489 3174 item,
1525 3109 1866 3163 nemoribus
1899 3125 1966 3163 ac

311 3196 575 3268 quolibet
595 3197 873 3252 arborum
893 3203 1068 3269 atque
1091 3197 1426 3268 plantarum
1446 3213 1656 3270 genere
1677 3197 1966 3270 constipa-

2079 2033 2380 2110 αγγελικῆς
2433 2037 2670 2112 ἀγωγῆς,
2722 2037 2812 2091 xui
2864 2035 3171 2107 ἀθλητικῆς
3220 2037 3459 2110 ἀγωνίας
3502 2035 3731 2110 ἤρατος

2076 2125 2136 2178 Τί
2164 2125 2264 2200 γὰρ
2298 2126 2372 2186 είς
2404 2123 2649 2180 εὔκλειαν
2699 2125 2881 2197 ἀληθῆ
2933 2126 3248 2181 συνεισοίσει
3289 2124 3612 2202 γενεαλογία
3636 2147 3735 2202 γο-

2076 2215 2208 2268 νέων
2241 2219 2568 2289 χαμερπῶν,
2600 2216 2687 2269 καὶ
2735 2214 2858 2291 περί
2905 2216 3004 2284 τὴν
3035 2214 3155 2270 ἰλὺν
3187 2213 3611 2287 ἱλυσπωμένων,
3643 2214 3737 2269 καὶ

2081 2301 2318 2376 μάλιστα
2349 2301 2788 2376 δεισιδαιμόνων,
2815 2308 2892 2375 τῷ
2923 2311 3020 2372 τῆς
3042 2303 3312 2368 υἱοθεσίας
3336 2307 3432 2357 τοῦ
3455 2299 3736 2377 παμϐασι-

2078 2390 2217 2454 λέως
2245 2397 2378 2446 Θεοῦ
2426 2392 2844 2466 κατηξιωμένῳ,
2896 2392 2984 2447 καὶ
3029 2398 3147 2453 τοῖς
3209 2391 3486 2467 οὐρανίοις
3516 2392 3740 2468 ἀγγελι-

2074 2485 2193 2542 κοῖς
2240 2482 2702 2555 συνηριθμημένῳ
2755 2482 3013 2556 τάγμασι,
3071 2481 3160 2535 xui
3203 2486 3322 2543 τοῖς
3361 2479 3484 2558 περί
3533 2483 3739 2558 Πέτρον

2074 2570 2163 2624 καὶ
2223 2571 2434 2626 Ηαῦλον
2493 2572 2830 2643 θεοκήρυξιν,
2912 2572 3024 2643 ἅμα
3097 2572 3197 2639 τήν
3255 2571 3582 2647 ἱεραρχικὴν
3641 2573 3733 2626 καὶ

2075 2658 2449 2728 ἀποπολικῆν
2491 2659 2856 2734 περικειμένῳ
2893 2657 3252 2738 φαιδρότητα,
3303 2659 3391 2714 καὶ
3421 2667 3522 2729 τῆς
3555 2681 3735 2734 μακα-

2076 2749 2348 2821 ριωτάτης
2403 2752 2586 2822 γενεᾶς
2655 2747 2864 2818 ἐκείνης
2918 2747 3290 2823 γεγενημένω,
3351 2748 3442 2802 καὶ
3498 2753 3578 2820 τῷ
3634 2753 3735 2804 τοῦ

2078 2836 2374 2911 μαρτυρίου
2402 2837 2818 2909 συνεστεμμένῳ
2862 2833 3159 2909 διαδήματι
3197 2856 3212 2906 ;
3243 2837 3314 2891 ’Ἡ
3346 2835 3463 2892 τίνα
3491 2839 3732 2912 περιφά-

2073 2946 2216 2980 νειαν
2249 2925 2444 3000 πατρὶς
2479 2924 2794 2995 ἱππήλατος
2828 2927 2918 2980 καὶ
2953 2921 3330 3004 μηλοτρόφος,
3369 2925 3458 2980 καὶ
3489 2923 3729 2997 πεδίοις,

2073 3016 2159 3068 καὶ
2195 3011 2365 3090 ὄρεσι,
2396 3014 2482 3068 καὶ
2510 3015 2731 3086 νάπαις,
2778 3015 2868 3068 καὶ
2918 3014 3149 3093 φάραγξι
3182 3014 3727 3091 περιεστοιχισμένη,

2074 3105 2163 3158 καὶ
2207 3104 2463 3176 λειμῶσι,
2507 3103 2596 3158 καὶ
2647 3100 2853 3175 ἄλσεσι,
2895 3104 2982 3158 καὶ
3039 3102 3403 3168 παντοδαποῖς
3454 3102 3726 3180 δένδροις,

2073 3193 2162 3248 καὶ
2203 3197 2390 3269 φυτοῖς
2432 3194 2856 3264 πεπυκνωμένη,
2908 3193 3002 3246 καὶ
3051 3195 3365 3257 θαλαττίοις
3423 3193 3612 3267 λιμέσι
3639 3214 3740 3248 πε·

308 3289 398 3353 ta;
419 3291 475 3341 et
497 3285 811 3342 maritimis
833 3287 1122 3358 portubus
1139 3286 1577 3356 circumcincta,
1597 3286 1964 3356 ﬂuminibus,

2084 3279 2513 3358 ρικυκλουμένη,
2547 3281 2634 3335 καὶ
2677 3287 2976 3354 ποταμοῖς,
3017 3282 3105 3336 καὶ
3139 3288 3369 3358 πηγαῖς,
3391 3283 3481 3338 καὶ
3515 3280 3743 3355 λίμναις

314 3381 594 3446 preterea
618 3375 899 3442 fontibus,
917 3376 1145 3446 stagnis
1170 3376 1602 3443 circumﬂuens,
1624 3376 1978 3448 magnitudi-

316 3481 390 3520 ne
419 3465 658 3519 demum
703 3464 1193 3531 aedificiorum,ac
1228 3464 1667 3537 pulchritudine
1700 3466 1974 3537 praedita;

314 3569 561 3624 quasque
591 3552 863 3624 sepulcra
896 3569 1120 3620 eorum,
1153 3554 1253 3624 qui
1279 3553 1430 3609 hanc
1455 3555 1868 3619 construxerit,
1891 3555 1977 3610 uti

320 3640 700 3708 miraculum,
745 3643 1236 3712 praetereuntibus
1281 3644 1570 3713 obtendit,
1605 3643 1977 3715 splendorem

321 3729 407 3784 illi
441 3729 692 3800 aliquem
732 3731 951 3800 aﬂ‘eret,
984 3731 1085 3802 qui
1129 3732 1254 3802 jam
1288 3732 1367 3787 sit
1411 3732 1707 3787 cmlestem
1741 3733 1979 3787 Jerusa-

320 3817 435 3874 lem
483 3823 824 3887 assecutus;
879 3819 1050 3889 cuius
1101 3820 1256 3875 muri
1317 3836 1494 3875 manu
1547 3819 1777 3874 Domini
1825 3821 1975 3875 301

320 3907 458 3978 picti
494 3911 656 3975 sunt,
678 3907 775 3962 ubi
811 3909 1078 3964 omnium
1112 3908 1436 3964 laetantium
1463 3914 1554 3963 est
1586 3908 1978 3976 domicilium,

318 3994 577 4052 celebres
607 4002 928 4052 conventus
951 3998 1256 4070 agentium
1289 4014 1492 4064 sonus,
1517 4001 1575 4052 et
1606 4014 1726 4051 una
1754 4013 1860 4052 vox
1893 4002 1984 4053 est

299 4086 751 4150 ,exsultationis.
775 4087 951 4158 Atqui
981 4087 1117 4142 licet
1141 4087 1260 4142 haec
1283 4087 1454 4142 nobis
1479 4087 1536 4140 in
1559 4085 1794 4141 exordio
1825 4086 1983 4142 dicta

316 4176 457 4245 sint,
482 4175 767 4231 nimirum
799 4175 1213 4232 beatissimum
1243 4177 1431 4230 virum
1458 4192 1643 4230 unum
1670 4176 1927 4247 aliquem
1952 4192 1982 4232 θ

315 4264 613 4321 caelitibus
637 4266 735 4336 qui
761 4282 829 4320 ex
851 4265 958 4320 hac
981 4265 1100 4320 vita
1131 4265 1486 4334 migrarent,
1508 4281 1635 4320 esse
1667 4265 1981 4320 statuenti-

314 4354 447 4423 bus,
466 4370 580 4409 non
604 4354 820 4409 idcirco
838 4358 1036 4409 tamen
1062 4359 1370 4425 parentum
1393 4355 1522 4423 ejus
1541 4355 1757 4425 aliquis
1777 4355 1984 4410 obscu-

317 4461 418 4499 rus
442 4443 574 4509 fuit,
594 4460 782 4514 neque
806 4442 1055 4514 patriam
1079 4459 1194 4497 non
1218 4443 1511 4498 illustrem
1539 4442 1766 4509 habuit,
1785 4444 1885 4498 sed
1912 4459 1982 4499 ne

317 4532 562 4604 ignobili
587 4533 828 4603 quidem
851 4531 1086 4587 civitate
1107 4531 1396 4586 oriundus
1418 4531 1562 4586 civis
1585 4531 1828 4588 exstitit.
1846 4535 1980 4598 Qum

2085 3369 2506 3446 περιῤῥεομένη,
2545 3371 2634 3424 xui
2685 3371 2896 3444 μεγέθει
2948 3369 3469 3444 κεκαλλωπισμένη,
3511 3371 3602 3425 καὶ
3634 3376 3746 3425 τῶν

2088 3457 2432 3533 δειμαμένων
2465 3458 2594 3520 τοὺς
2641 3454 2886 3532 τύμϐους
2939 3461 3121 3532 θαῦμα
3166 3465 3284 3524 τοῖς
3323 3465 3580 3536 παριοῦσι
3611 3480 3754 3534 προ-

2089 3544 2432 3620 ϐαλλομένη,
2467 3549 2748 3624 παρέξεται
2797 3546 2877 3621 τῷ
2915 3549 3014 3617 τὴν
3051 3547 3161 3603 ἄνω
3191 3546 3560 3625 Ἰερουσαλήμ
3582 3547 3749 3603 πόλιν

2089 3638 2429 3710 κεκτημένῳ,
2461 3639 2528 3705 ἧς
2570 3637 2621 3692 ἐν
2671 3638 2818 3713 χειρὶ
2868 3638 3072 3713 Κυρίου
3122 3640 3191 3694 τὰ
3237 3640 3400 3715 τείχη
3435 3637 3748 3714 έξωγράφηο

2089 3747 2201 3803 ται,
2229 3726 2318 3780 καὶ
2350 3724 2476 3790 ἔνθα
2506 3728 2720 3781 πάντων
2769 3727 3207 3804 εὐφραινομένων
3261 3731 3295 3798 ἡ
3327 3727 3578 3783 κατοικία
3599 3725 3744 3802 ἦχός

2090 3835 2147 3868 τε
2177 3815 2563 3889 ἑορταζόντων,
2597 3815 2687 3870 καὶ
2719 3820 2869 3891 φωνή
2908 3815 3332 3892 ἀγαλλιάσεωςς
3367 3816 3545 3884 Πλὴν,
3578 3815 3624 3870 εἷ
3655 3815 3748 3870 xui

2093 3905 2230 3976 ἡμῖν
2258 3904 2309 3958 ἐν
2360 3904 2680 3979 προοιμίοις
2723 3906 2877 3961 ταύτὶ
2927 3905 3202 3978 λέλεκται,
3251 3907 3342 3962 τὸν
3389 3905 3750 3980 παμμακάρι-

2093 4013 2218 4046 στον
2267 3994 2512 4068 κρίνουσι
2569 3999 2677 4048 τῶν
2725 3996 3111 4068 ὑπερκοσμίων
3161 3995 3291 4050 εἶναί
3343 4017 3488 4060 τινα,
3519 3993 3608 4049 xui
3638 3998 3754 4048 τῶν

2089 4082 2292 4160 γηίνων
2329 4085 2750 4158 ἀπῳκισμένων,
2800 4085 2928 4141 ἀλλ’
2975 4085 3098 4143 οὕτε
3140 4088 3483 4163 γεννητόρων
3517 4087 3756 4158 ἀσήμων

2089 4194 2171 4234 τις
2203 4174 2293 4242 ἦν,
2321 4171 2445 4228 οὕτέ
2482 4175 2580 4242 τήν
2642 4174 3001 4249 ένεγγαμένην
3056 4178 3202 4250 εἶχεν
3248 4177 3445 4254 ἅφανῆ,
3493 4170 3616 4229 οὕτε
3643 4174 3756 4246 μὴν

2091 4260 2277 4324 ἄστεος
2308 4261 2560 4325 εὐτελοῦς
2610 4265 2826 4340 ὑπῆρχε
2866 4263 3124 4336 πολίτης.
3176 4271 3342 4320 Ποῖον
3391 4266 3494 4342 γὰρ
3537 4266 3635 4332 τῆς
3669 4265 3761 4317 oi-

2089 4353 2360 4424 κουμένης
2399 4352 2561 4426 μέρος
2614 4353 2713 4408 οὐκ
2763 4353 2985 4423 ἀκηκόει
3036 4355 3097 4409 τὸ
3145 4361 3245 4425 τῆς
3295 4352 3565 4414 Ἑλλάδος
3597 4373 3758 4428 περι-

2092 4441 2252 4520 φανές
2284 4439 2356 4510 ςῆ
2389 4441 2468 4504 τίς
2495 4441 2590 4504 τὰς
2629 4442 2866 4512 Ἀθήνας
2907 4443 3093 4519 ἀγνοεῖ
3138 4444 3199 4498 τὸ
3231 4449 3329 4514 τῆς
3359 4439 3634 4502 Ἐλλάδος
3670 4439 3761 4494 εῦ-

2093 4549 2217 4605 χος,
2245 4531 2306 4584 τὸ
2337 4531 2665 4605 περίπυστον
2717 4531 2804 4585 xui
2848 4529 3208 4605 παναοίδιμον
3243 4531 3393 4605 ana,
3426 4533 3487 4586 τὸ
3515 4536 3626 4586 τῶν
3663 4551 3758 4606 φι-

316 4627 409 4678 est
438 4622 593 4676 enim
629 4621 790 4677 orbis
821 4625 988 4676 terra
1022 4637 1157 4692 pars
1180 4637 1310 4692 quae
1343 4637 1455 4675 non
1489 4620 1720 4675 Graeciaa
1753 4621 1971 4676 clarita-

2094 4620 2350 4696 λοσόφων
2387 4618 2788 4695 διαιτητήριον,
2844 4623 2932 4675 καὶ
2986 4625 3094 4676 τῶν
3129 4621 3216 4677 hri
3249 4621 3402 4696 λόγῳ
3432 4625 3573 4696 μέγα
3608 4620 3757 4694 βοω-

317 4717 436 4766 tem
469 4710 763 4766 audierit?
795 4714 860 4764 ut
889 4709 1151 4766 Athenas
1174 4709 1405 4765 Graecia:
1438 4709 1684 4781 gloriam
1719 4710 1977 4766 celebra-

318 4804 462 4866 tam,
495 4815 562 4854 ac
593 4799 812 4870 ubique
841 4799 1213 4854 decantatam
1247 4798 1562 4866 civitatem,
1599 4799 1977 4872 philosopho-

319 4904 451 4944 rum
478 4888 700 4956 sedem,
725 4893 901 4957 atque
924 4886 1118 4942 locum
1152 4885 1252 4940 ubi
1273 4886 1528 4942 celebres
1553 4895 1811 4944 oratores
1835 4905 1976 4945 suos

319 4981 590 5032 exercent
620 4980 677 5031 et
707 4975 936 5040 docent,
967 4974 1102 5046 quis
1134 4975 1401 5046 ignorat?
1431 4975 1592 5032 Unde
1623 4977 1732 5033 iste
1764 4977 1976 5048 Diony-

319 5065 448 5120 sius
478 5069 670 5120 ortum
705 5063 951 5134 accepit,
975 5067 1033 5118 et
1072 5062 1172 5117 ubi
1214 5079 1428 5133 praises
1455 5065 1884 5135 nobilissimus,
1909 5084 1976 5123 ac

317 5153 469 5209 inter
481 5149 1012 5222 AreOpagijudices
1032 5151 1240 5221 primas
1255 5151 1974 5226 obtinens,magistratum

319 5240 670 5297 honorarius
686 5239 867 5308 judex
887 5240 1117 5310 agebat,
1133 5257 1384 5312 quorum
1411 5245 1720 5313 praesentia
1741 5245 1974 5315 generis

318 5335 376 5386 et
397 5328 650 5400 insignis
669 5326 857 5398 gloria
877 5327 950 5381 ab
971 5329 1327 5386 Androtione
1348 5348 1414 5387 ac
1441 5331 1783 5389 Philochoro
1803 5334 1976 5390 Athe-

319 5416 631 5472 niensibus
654 5415 1044 5486 scriptoribus
1062 5420 1296 5489 copiose
1317 5419 1528 5476 litteris
1554 5423 1830 5478 mandata
1859 5428 1970 5479 est.

393 5521 541 5576 Hinc
569 5521 748 5577 etiam
780 5525 869 5575 est
899 5521 1065 5578 facile
1093 5525 1382 5594 conjicere
1414 5536 1677 5597 parentes
1707 5529 1836 5598 ejus
1866 5545 1970 5601 op-

320 5609 549 5667 timates
581 5609 967 5684 praestabiles,
987 5628 1051 5667 ac
1081 5615 1292 5670 virtute
1322 5616 1513 5672 claros
1546 5617 1748 5673 fuisse.
1774 5617 1972 5691 Neque

323 5699 476 5756 enim
535 5702 690 5773 apud
741 5699 1120 5760 Athenienses
1166 5705 1352 5763 elatos
1401 5705 1691 5777 homines,
1738 5708 1798 5763 in
1848 5713 1969 5767 tam

2095 4711 2270 4782 μένων
2303 4711 2711 4784 γυμναστήριον
2741 4731 2800 4765 τε
2827 4711 2918 4765 xui
2941 4709 3330 4788 παιδευτήριον
3365 4733 3378 4783 ;
3405 4714 3524 4777 ὅθεν
3556 4709 3754 4767 Διονύ-

2087 4821 2202 4861 σιος
2237 4799 2395 4863 οὗτος
2426 4799 2676 4874 ὡρμᾶτο,
2721 4800 2810 4854 xui
2863 4798 2924 4855 οὗ
2969 4787 3377 4874 διασημότατος
3407 4787 3747 4878 προηγέτης,

2085 4889 2175 4942 καὶ
2203 4893 2310 4943 τῶν
2340 4887 2390 4942 ἐν
2422 4887 2619 4962 Ἀρείῳ
2665 4890 2822 4964 πάγῳ
2872 4887 3140 4945 δικαστῶν
3193 4889 3538 4966 ἐχρημάτιζε
3571 4891 3751 4968 προῦ-

2088 4982 2202 5052 χῶν
2235 4977 2323 5032 xui
2353 4977 2668 5053 πρόκριτος,
2719 4980 2791 5032 ὧν
2845 4979 2907 5034 τὸ
2953 4984 3051 5034 τοῦ
3089 4981 3282 5055 γένους
3317 4980 3613 5053 περίοπτον
3649 4997 3751 5050 καὶ

2090 5064 2458 5142 μεγαλόδοξον
2539 5072 2656 5128 τοῖς
2765 5073 2873 5122 τῶν
2971 5067 3232 5134 Ἀτθίδων
3323 5075 3752 5148 συγγραφεῦσιν,

2083 5154 2432 5230 Ἀνδροτίωνι
2488 5155 2576 5211 καὶ
2648 5155 2977 5234 Φιλοχόρῳ,
3052 5161 3188 5214 κατᾶ
3247 5157 3456 5221 πλάτος
3515 5156 3756 5238 ἱστόρη-

2081 5267 2197 5304 ται.

2765 5073 2873 5122 τῶν

2153 5534 2268 5611 Ἀφ’
2327 5530 2399 5586 ὧν
2449 5527 2563 5588 ἔστι
2614 5553 2671 5587 τε
2726 5533 2815 5587 καὶ
2881 5535 3254 5606 τεκμήρασθαι
3305 5533 3392 5587 xui
3445 5537 3553 5587 τῶν
3602 5554 3747 5609 προ-

2079 5616 2250 5697 γόνων
2285 5622 2448 5678 αὐτοῦ
2502 5627 2796 5698 πρωτεῖον,
2851 5621 2941 5677 καὶ
2990 5617 3209 5697 ἔντιμον
3261 5622 3350 5677 xui
3383 5616 3685 5693 διαϐόητον
3728 5643 3742 5656 ο

2081 5711 2143 5767 οὐ
2173 5713 2277 5788 γὰρ
2309 5711 2366 5767 ἃν
2401 5713 2526 5788 παρ’
2575 5709 2888 5784 Ἀθηναίοις
2934 5717 3050 5794 τοῖς
3099 5711 3408 5790 ἀγερώχοις
3441 5711 3521 5769 εἷς
3549 5713 3737 5791 ἀρχὴν
