4106 6384
417 379 522 435 621

1440 383 1635 449 VITA,
1679 381 2014 436 AUCTORE
2054 383 2428 436 MICHAELE
2464 383 2818 439 SYNGELO.

3739 388 3847 442 622
3860 387 3870 398 ’

422 509 672 580 προῆκτο
697 500 988 574 τοσαύτην,
1039 502 1083 558 εἰ
1134 503 1209 576 μὴ
1254 503 1390 580 πρὸς
1418 505 1487 577 τῇ
1521 503 1682 582 σοφίᾳ
1733 502 1821 558 καὶ
1852 506 1920 576 τῇ
1972 508 2076 557 τῶν

2215 505 2506 562 sublimem
2541 508 2938 580 principatum
2973 513 3204 566 evectus
3235 515 3408 577 esset,
3453 511 3565 566 nisi
3615 513 3851 584 sapien-

421 597 630 669 φρενῶν
674 590 958 665 εὐκοσμίᾳ,
1009 593 1330 671 σωφροσύνῃ
1375 614 1434 648 τε
1479 595 1567 648 καὶ
1603 591 1941 667 δικαιοσύνῃ,
1994 593 2082 647 καὶ

420 680 634 757 ἀνδρίᾳ,
685 683 776 736 καὶ
825 685 894 755 τῇ
952 677 1303 758 περιϐλέπτῳ
1332 687 1428 737 τοῦ
1457 683 1645 759 γένους
1675 683 1923 758 ὑπεροχῇ
1956 703 2083 736 κατ-

416 771 726 847 ηγλάϊστο·
805 775 886 843 τῷ
959 773 1061 847 γάρ
1145 778 1353 826 Λουκᾶν
1439 772 1530 826 τὸν
1613 770 2080 850 φιλαληθέστατον

417 861 509 916 καὶ
569 859 884 937 σοφώτατον
946 859 998 915 ἐν
1055 864 1124 935 τῇ
1200 865 1308 916 τῶν
1381 860 1760 916 ἀποστολικῶν
1835 861 2080 935 Πράξεων

425 949 552 1026 ἁγίᾳ
635 951 726 1003 καὶ
811 949 1071 1028 πανσόφῳ
1151 955 1452 1027 συγγραφῇ,
1537 950 1659 1026 περὶ
1727 954 1835 1004 τῶν
1919 952 2084 1021 Ἀθή-

423 1060 544 1112 νησι
595 1037 1036 1093 πεπιστευκότων
1091 1035 1179 1092 διά
1231 1046 1332 1107 τῆς
1387 1038 1522 1094 κατά
1571 1040 1660 1093 τὸν
1723 1040 1938 1113 Ἀρειον
1980 1039 2084 1093 πά-

421 1149 515 1204 γον
577 1126 939 1192 θεοπνεύστου
999 1131 1094 1182 τοῦ
1156 1127 1425 1203 μακαρίου
1473 1126 1695 1182 Παύλου
1728 1125 1956 1196 διδαχῆς
1995 1128 2085 1181 καὶ

427 1214 778 1292 δημηγορίας
823 1214 1210 1293 διηγούμενον,
1238 1219 1397 1294 φάναι
1446 1218 1564 1272 κατ’
1611 1216 1809 1293 ἐξοχῆς
1859 1217 2084 1292 τρόπον,

420 1313 508 1362 Ἐν
571 1310 656 1369 οἷς
714 1309 778 1376 ἦν
849 1307 938 1361 καὶ
999 1306 1281 1368 Διονύσιος
1340 1308 1367 1361 6
1442 1307 1858 1383 Ἀρεοπαγίτης·
1933 1307 2087 1383 ἐναρ-

422 1401 533 1472 γῶς
563 1397 623 1451 τὸ
670 1401 767 1451 τοῦ
811 1400 1000 1470 νοεροῦ
1039 1393 1200 1450 τοῦδε
1227 1395 1554 1471 λαμπτῆρος
1601 1396 1737 1451 κατά
1784 1418 1842 1451 τε
1901 1398 2088 1472 γένους

424 1484 829 1559 ἐπισημότητα,
890 1486 980 1540 καὶ
1038 1487 1153 1540 κατ’
1213 1487 1444 1560 ἀρετῆς,
1496 1486 1584 1540 καὶ
1645 1487 1936 1560 γνώσεως,
1999 1487 2089 1540 καὶ

423 1575 613 1650 σοφίας
645 1575 735 1630 καὶ
777 1570 1170 1650 ἐλλογιότητος
1220 1575 1557 1650 περιουσίαν,
1615 1577 1908 1654 ὑπερφερὲς
1955 1577 2089 1629 ἀπο-

426 1663 723 1720 δείκνυται.
782 1665 862 1722 Οὐ
921 1665 1023 1740 γὰρ
1084 1663 1323 1739 εἶ’ρηκεν,
1384 1666 1471 1722 Ἐν
1525 1668 1607 1727 οἷς
1656 1666 1722 1734 ἦν
1786 1667 1922 1740 ἀνὴρ
1964 1664 2090 1720 όνό-

430 1775 562 1828 ματι
593 1753 896 1821 Διονύσιος,
929 1755 1005 1816 ὡς
1038 1753 1090 1808 εἷ’
1131 1775 1276 1816 τινος
1308 1752 1506 1810 ε’ίνεκεν
1536 1753 1770 1826 ἀδήλου,
1799 1754 1946 1821 ἀλλ’,
2005 1757 2092 1810 Ἐν

2194 595 2335 650 tiam
2371 600 2425 650 et
2457 597 2640 651 animi
2677 603 3048 668 ornamenta,
3093 600 3486 669 prudentiam,
3528 600 3850 671 justitiam,

2195 684 2626 750 fortitudinem,
2679 687 2898 742 illustri
2950 687 3120 743 etiam
3177 689 3374 759 generi
3425 691 3848 762 conjunxisset.

2192 777 2338 830 Cum
2373 775 2528 829 enim
2560 778 2743 831 Lucas
2768 777 3029 832 veritatis
3055 777 3502 834 amantissimus
3553 779 3852 850 simulque

2195 863 2673 934 sapientissimus
2710 865 2767 919 in
2802 872 3006 921 sancta
3028 867 3308 938 omnique
3339 867 3510 939 plena
3540 868 3851 939 sapientia,

2196 957 2473 1007 Actorum
2511 954 2913 1024 apostolorum
2961 955 3210 1011 historia
3240 957 3310 1012 de
3355 956 3448 1012 his
3479 957 3578 1028 qui
3606 957 3852 1012 Athenis

2200 1043 2257 1096 Β.
2298 1041 2460 1096 Pauli
2499 1043 2695 1098 divino
2732 1045 2917 1099 afﬂati
2967 1047 3231 1112 numine,
3261 1047 3528 1101 doctrina
3558 1050 3615 1101 et
3644 1045 3854 1118 praedi-

2197 1132 2428 1186 catione
2462 1134 2840 1188 crediderant
2872 1133 3232 1206 loqueretur,
3288 1136 3461 1207 alque
3510 1135 3856 1206 bujusmodi

2199 1222 2375 1276 verba
2408 1239 2512 1292 per
2543 1222 2957 1278 excellentiam
3002 1230 3363 1296 usurpasset,
3415 1227 3476 1280 In
3508 1225 3704 1296 quibus
3733 1233 3858 1281 erat

2198 1316 2252 1366 ef
2287 1310 2584 1383 Dionysius
2619 1313 2948 1384 Areopagita
2980 1313 3042 1385 (ἰ)
3093 1315 3400 1384 perspicue
3447 1314 3630 1368 divini
3684 1314 3854 1370 istius

2200 1399 2446 1455 luminis
2477 1418 2610 1455 cum
2645 1401 2878 1472 generis
2910 1401 3255 1458 excellentia
3307 1407 3430 1458 tum
3466 1403 3725 1474 virtutis,
3757 1420 3853 1458 co-

2201 1490 2483 1561 gnitionis
2517 1507 2582 1546 ac
2614 1490 2961 1562 eloquentiae
2994 1493 3259 1547 ubertate
3308 1493 3732 1564 praestantiam,
3766 1493 3857 1547 in-

2201 1579 2437 1635 dicavit.
2474 1585 2669 1652 Neque
2702 1580 2859 1635 enim
2895 1581 3042 1634 dixit
3077 1599 3090 1636 :
3126 1583 3187 1636 In
3216 1582 3434 1652 quibus
3483 1587 3609 1636 erat
3638 1583 3725 1637 vir
3757 1598 3853 1636 no-

2203 1668 2360 1723 mine
2386 1669 2714 1741 Dionysius,
2750 1670 2995 1741 perinde
3027 1686 3090 1724 ac
3115 1671 3163 1724 si
3209 1671 3281 1726 de
3313 1672 3508 1739 ignoto
3539 1671 3736 1743 aliquo
3768 1669 3855 1725 lo-

2203 1763 2501 1829 queretur,
2527 1760 2623 1812 sed
2661 1761 2721 1813 In
2752 1760 2952 1829 quibus
3009 1768 3130 1814 erat
3158 1764 3209 1814 et
3267 1761 3567 1831 Dionysius
3613 1762 3857 1831 Areopa-

425 1846 512 1905 οἷς
571 1843 636 1912 ἧν
696 1843 788 1898 καὶ
848 1843 1129 1907 Διονύσιος
1187 1845 1213 1898 6
1275 1844 1705 1920 Ἀρεοπαγίτης,
1776 1843 2088 1919 ὑποφαίνων

429 1931 445 1948 ς
548 1937 603 1948 --
757 1931 770 1948 .
945 1933 956 1948 .
1197 1932 1210 1948 ς
1281 1933 1290 1948 .
1496 1930 1550 1948 νκ
1620 1935 1642 1948 ,ι
1793 1934 1804 1947 .
1907 1932 1929 1946 υ
1973 1931 1996 1948 λ

2215 1849 2336 1914 vim.
2371 1847 2515 1901 Hinc
2541 1847 2926 1902 subindicans
2963 1848 3151 1902 virum
3186 1848 3580 1904 clarissimum
3607 1866 3706 1920 per
3727 1865 3859 1904 om-

425 1931 696 2002 ἐντεῦθεν,⁹
754 1931 804 1987 ἐν
865 1933 1125 2004 στόμασιν
1186 1932 1434 1987 ἀπάντων
1487 1930 1703 2004 ᾅδεσθαι
1754 1934 1844 1987 τὸν
1902 1931 2089 2008 ἄνδρα,

428 2022 522 2077 καὶ
567 2021 1000 2094 ὀνομαστότατον
1034 2023 1190 2078 εἶναι.
1253 2023 1356 2078 Καὶ
1400 2024 1475 2094 μή
1525 2044 1610 2083 τις
1663 2023 1737 2095 μὴ
1790 2018 1922 2097 μέγα
1970 2044 2092 2076 συν-

423 2111 606 2167 τελεῖν
642 2111 840 2174 οἰέσθω
894 2110 970 2172 εἷς
997 2112 1088 2165 τὸν
1122 2115 1219 2166 1:06
1265 2111 1436 2187 λόγου
1484 2112 1684 2165 σκοπὸν
1718 2111 1943 2181 ταυτηνὶ
1991 2113 2090 2179 τήν

423 2201 580 2273 iapix
635 2197 1038 2275 βραχυλογίαν·
1070 2200 1114 2254 εἰ
1146 2200 1247 2274 γάρ
1279 2199 1369 2254 καὶ
1421 2199 1631 2275 βραχὺς
1669 2201 1696 2253 6
1730 2199 1919 2273 λόγος,
1950 2199 2096 2254 ἀλλά

429 2287 606 2351 πολὺς
654 2291 682 2344 6
727 2291 854 2365 παρ’
884 2289 1050 2344 αὐτοῦ
1106 2289 1284 2364 βρύων
1341 2289 1418 2351 εἰς
1451 2289 1720 2367 εὐφημίαν
1771 2289 1966 2344 το·3του
1997 2294 2094 2343 τοῦ

431 2379 851 2452 θαυμαζομένου
903 2377 1164 2440 πλοῦτος.
1229 2379 1390 2435 Οὕτω
1436 2379 1538 2454 γὰρ
1601 2381 1843 2446 Μωϋσῆς
1900 2380 1927 2433 6
1977 2378 2094 2442 θεό-

428 2490 572 2539 πτης
615 2467 667 2523 ἔν
708 2489 815 2523 τινι
862 2475 962 2538 τῆς
1013 2469 1401 2542 κοσμογενείας
1459 2468 1610 2543 ῥητῷ
1668 2467 2093 2540 συντομωτάτῳ,

435 2555 790 2633 Μελχισεδὲκ
861 2556 1377 2630 ἀπομνημονεύσας,
1446 2562 1542 2612 τοῦ
1614 2560 1713 2627 τὴν
1773 2558 1892 2620 καθ’
1947 2559 2098 2628 ἡμᾶς

431 2648 809 2720 πνευματικὴν
855 2647 1155 2722 ἱερωσύνην
1208 2646 1691 2721 προτυπώσαντος,
1756 2648 1895 2718 μήτε
1934 2646 2095 2700 τίνων

434 2737 638 2813 γονέων
687 2737 803 2798 υἱὸς
854 2735 1108 2810 ἐγεγόνει,
1163 2733 1294 2808 μηδ’
1353 2737 1548 2798 ὁπόθεν
1598 2735 1850 2809 ὥρμητο,
1907 2732 2099 2804 διαση-

441 2825 778 2899 μηνάμενος,
837 2825 912 2886 ὡς
957 2823 1009 2879 ἐν
1059 2825 1306 2888 ἀθανάτω
1357 2823 1534 2898 στήλῃ
1560 2826 1660 2893 τήν
1704 2824 1911 2879 ἐκείνου
1956 2825 2099 2897 μνή-

443 2937 552 2988 μην
575 2920 694 2975 ταῖς
745 2911 1034 2986 μετέπειτα
1085 2918 1295 2987 γενεαῖς
1341 2910 1763 2982 διαιωνιζόντως
1818 2912 2102 2989 εὐφημου-

443 3006 613 3077 μένην
662 3000 1049 3060 καταλέλοιπε.
1085 3007 1250 3078 Δεῦρο
1283 3000 1350 3071 δὴ
1383 3003 1473 3058 οὗν
1527 3002 1708 3066 αὐτὸς,
1739 3004 1784 3057 ὧ
1822 3011 1922 3072 τῆς
1972 3024 2103 3076 παγ·

437 3091 675 3166 κοσμίου
722 3092 996 3166 σωτηρίας
1041 3091 1131 3146 καὶ
1185 3096 1359 3167 χαρᾶς
1410 3089 1796 3166 εὐαγγελιστά,
1857 3093 1948 3146 καὶ
2003 3098 2101 3161 τῆς

439 3183 719 3259 ἀφράστου
761 3185 858 3236 τοῦ
909 3185 1042 3236 Θεοῦ
1093 3179 1270 3257 Λόγου
1321 3182 1647 3257 σαρκώσεως
1701 3180 2104 3256 μεγαλοκήρυξ,

2205 1935 2366 1990 nium
2400 1953 2499 1990 ora
2531 1935 2836 1992 celebrari.
2885 1941 3083 2008 Neque
3134 1937 3285 1993 hanc
3338 1938 3516 1992 divini
3570 1937 3860 1993 sermonis

2202 2023 2542 2079 brevitatem
2593 2026 2662 2078 ad
2719 2025 3106 2080 intentionem
3161 2026 3445 2080 orationis
3495 2027 3861 2098 propositam

2204 2129 2318 2167 non
2354 2114 2550 2183 magni
2587 2114 2800 2168 referre
2832 2113 3124 2186 quispiam
3159 2115 3648 2170 arbitretur.Nam
3683 2115 3861 2169 etiam

2204 2203 2251 2257 si
2287 2205 2477 2258 brevis
2509 2203 2588 2257 sit
2619 2203 2827 2270 oratio,
2862 2203 3074 2257 divitiae
3107 2208 3302 2259 tamen
3336 2220 3463 2276 qua:
3493 2204 3630 2259 inde
3661 2205 3721 2259 in
3749 2203 3862 2258 bu-

2195 2292 2298 2362 jus
2330 2292 2428 2363 qui
2479 2292 2812 2348 celebratur
2859 2293 2968 2348 viri
3018 2292 3252 2348 laudem
3287 2294 3500 2362 ﬂuunt,
3552 2297 3694 2349 sunt
3723 2309 3856 2365 per-

2207 2381 2428 2436 multa}.
2467 2381 2665 2452 Neque
2693 2397 2864 2437 secus
2894 2381 3049 2436 enim
3083 2381 3383 2454 inspector
3414 2382 3510 2436 Dei
3545 2381 3771 2454 Moyses
3793 2382 3854 2436 in

2205 2470 2421 2540 scripto
2481 2471 2736 2540 quodam
2796 2470 3110 2525 creationis
3188 2471 3394 2526 mundi
3480 2470 3851 2538 brevissimo,

2207 2575 2340 2613 cum
2383 2558 2809 2613 Melchisedech
2862 2558 2964 2629 qui
3014 2559 3279 2614 divinum
3322 2561 3494 2629 juxta
3543 2558 3720 2613 ritum
3753 2574 3863 2613 no-

2208 2653 2397 2702 strum
2453 2648 2851 2702 sacerdotium
2898 2665 3016 2719 prae
3068 2664 3129 2702 se
3200 2649 3443 2712 ferebat,
3495 2648 3858 2703 mentionem

2210 2737 2466 2803 fecisset,
2503 2752 2608 2791 nec
2650 2736 2868 2807 quibus
2920 2737 3262 2808 parentibus
3310 2742 3476 2792 ortus
3525 2740 3700 2805 esset,
3751 2751 3860 2790 nec

2210 2827 2368 2881 unde
2399 2827 2552 2882 862
2583 2826 2871 2898 originem
2907 2826 3166 2880 traheret
3187 2826 3617 2896 aperiens,ejus
3640 2840 3867 2879 memo-

2211 2916 2378 2984 riam,
2410 2932 2536 2986 quze
2569 2931 2671 2985 per
2690 2914 2905 2969 secula
2945 2914 3191 2970 celebris
3224 2915 3388 2979 foret,
3442 2920 3728 2985 tanquam
3755 2913 3869 2967 im-

2213 3003 2445 3058 mortali
2479 3003 2840 3059 monimento
2861 3010 3286 3066 consecratam,
3316 3003 3567 3075 posteris
3600 3002 3862 3074 reliquit.

2215 3100 2333 3165 Age
2367 3092 2645 3163 (obsecro)
2679 3093 2859 3164 igitur
2890 3093 3034 3163 ipse,
3078 3109 3110 3147 o
3156 3093 3355 3164 gaudii
3404 3098 3460 3148 et
3509 3094 3699 3146 fauete
3733 3107 3863 3163 pre-

2212 3184 2375 3238 tiosas
2407 3180 2617 3237 salutis
2652 3183 2876 3247 nuntia,
2910 3200 2942 3236 ο
2974 3181 3184 3252 ingens
3206 3181 3522 3237 ineffabilia
3547 3183 3869 3237 descensus

437 3257 532 3326 καί
562 3276 670 3326 τῶν
726 3268 884 3325 Θείων
916 3271 1084 3325 αὐτοῦ
1132 3271 1376 3343 σημείων
1426 3270 1516 3325 καὶ
1567 3268 1871 3345 μεγαλείων
1935 3269 2102 3346 ῥῆτορ

2217 3271 2346 3326 Filii
2379 3272 2478 3326 Dei
2513 3287 2722 3342 praeco,
2754 3276 2811 3325 et
2853 3271 3184 3326 divinorum
3237 3272 3365 3341 ejus
3418 3269 3866 3334 miraculorum,

440 3358 833 3434 ἀψευδέστατε,
892 3360 982 3414 καὶ
1040 3364 1147 3414 τῶν
1205 3357 1607 3435 εὐαγγελιστῶν
1668 3357 2104 3430 διεξοδικώτατε,

443 3455 637 3506 Λουκᾶ
666 3449 1112 3524 παμμακάριστε,
1141 3445 1298 3522 δεῦρο
1330 3447 1552 3523 φράσειν
1582 3450 1742 3520 ἡμῖν,
1772 3447 1853 3509 τίς
1886 3446 2043 3510 οὗτος
2077 3450 2104 3502 ὁ

437 3538 740 3609 Διονύσιος,
772 3539 862 3594 καὶ
894 3543 1081 3607 ποῖος,
1113 3537 1206 3592 καὶ
1236 3539 1337 3606 τῆν
1386 3536 1616 3592 πλεῖστα
1663 3538 2104 3611 συντετμημένην

441 3651 542 3685 σου
575 3629 912 3706 ἱερολογίαν,
940 3630 1058 3692 καθ’
1088 3630 1148 3698 ἣν
1181 3628 1402 3684 τουτονὶ
1433 3630 1524 3683 τὸν
1558 3627 1882 3702 ἱεροφάντην
1931 3630 2108 3702 προή-

441 3741 634 3796 γαγες,
668 3719 718 3791 ἐξ
729 3719 1006 3775 άπλωσον.

523 3899 697 3960 Οὗτός
727 3897 864 3964 ἐστι,
896 3896 1082 3975 φησὶν,
1117 3898 1144 3952 ὁ
1175 3901 1284 3953 τῶν
1311 3897 1427 3950 καθ’
1451 3892 1691 3951 Ἑλλάδα
1721 3893 1968 3970 λογάδων
2019 3895 2111 3950 καὶ

445 3985 790 4064 εὐπατριδῶν
849 3986 1280 4055 εὐκλεέστατος,
1351 3985 1439 4040 καὶ
1497 3992 1596 4054 τῆς
1655 3983 2110 4061 Ἀρεοπαγίτιδος

449 4077 665 4156 βουλῆς
723 4075 1086 4151 ἐξοχώτατοςο
1141 4075 1202 4129 οὐ
1265 4076 1360 4147 μὲν
1401 4079 1660 4129 τοσοῦτον
1719 4073 1779 4129 ἐκ
1808 4081 1906 4144 τῆς
1966 4074 2114 4146 ἀξίας

443 4165 781 4242 περικλυτὸς
835 4164 1184 4242 ἀποφανθεὶς,
1243 4163 1366 4218 ὅσον
1415 4163 1574 4226 αὐτὸς
1630 4163 1836 4234 ἐκείνην
1891 4184 2116 4241 περιφα-

446 4257 700 4330 νεστέραν
758 4253 1050 4332 ἀπέφηνεν.
1114 4252 1282 4315 Οὗτός
1337 4251 1477 4307 ἐστιν
1539 4254 1566 4307 6
1630 4254 1706 4326 μὴ
1763 4254 1927 4326 μόνον
1978 4255 2114 4308 κατά

450 4352 624 4401 πᾶσαν
678 4343 990 4416 ἐπιστήμης
1043 4341 1272 4419 λογικῆς
1322 4338 1466 4395 ἰδέαν
1514 4339 1874 4412 τελεώτατος,
1937 4348 2111 4396 Στωϊ-

450 4441 560 4491 κῶν
609 4455 670 4490 τι
725 4433 816 4489 καὶ
866 4430 1273 4508 Ἐπικουρείων,
1306 4431 1396 4485 καὶ
1425 4434 1532 4484 τῶν
1579 4428 1766 4484 ἄλλων
1796 4429 2110 4508 φιλοσόφων

449 4521 928 4602 φιλοσοφώτατος,
983 4520 1072 4573 καὶ
1130 4523 1238 4573 τῶν
1295 4516 1704 4585 Ἀττικιζόντων
1734 4518 1823 4571 καὶ
1855 4539 2112 4592 γραμμα-

2217 3366 2393 3431 atque
2426 3376 2622 3414 rerum
2657 3359 3106 3431 magnificarum
3149 3360 3524 3415 veracissime
3555 3359 3868 3414 concinna-

2216 3454 2367 3517 tor,o
2398 3447 2893 3519 evangelistarum
2929 3448 3317 3520 amplissime,
3339 3448 3678 3504 beatissime
3699 3448 3871 3514 Luca,

2219 3545 2332 3610 Age
2364 3541 2482 3593 t'are
2516 3538 2708 3608 nobis,
2737 3538 2977 3609 quinam
3032 3544 3087 3592 et
3131 3538 3325 3609 qualis
3366 3539 3445 3593 sit
3493 3539 3604 3592 iste
3651 3537 3869 3606 Diony-

2218 3628 2362 3690 sius,
2394 3633 2451 3682 et
2481 3643 2708 3682 sacram
2744 3633 2906 3682 tuam
2943 3644 3222 3698 perquam
3268 3627 3680 3682 brevissimam
3724 3624 3876 3681 scri-

2220 3716 2626 3788 ptionem,qua
2649 3714 2804 3770 hunc
2822 3716 3088 3770 omnium
3104 3717 3404 3771 doctorem
3428 3715 3486 3770 in
3519 3715 3713 3770 lucem
3742 3730 3879 3785 pro-

2219 3805 2449 3873 vexisti,
2485 3805 2654 3860 nobis
2688 3806 2967 3860 edissere.

2298 3896 2396 3948 Hic
2441 3900 2550 3960 est,
2605 3894 2821 3964 inquit,
2873 3893 3027 3948 inter
3073 3893 3428 3949 lectissimos
3473 3892 3539 3949 'ac
3594 3894 3878 3966 dignitate

2222 3987 2570 4055 praestantes
2599 3982 2830 4038 Graecia:
2861 3982 3036 4046 viros,
3074 3982 3311 4053 pietatis
3369 3982 3562 4038 cultor
3601 3983 3875 4050 eximius,

2221 4078 2277 4128 et
2304 4071 2792 4143 Areopagitarum
2822 4070 3053 4126 concilii
3078 4076 3312 4127 senator
3338 4071 3875 4143 amplissimus,qui

2221 4179 2337 4216 non
2388 4166 2506 4216 tam
2560 4161 2814 4232 inclytus
2861 4161 2935 4216 ob
2985 4160 3331 4232 dignitatem
3380 4161 3621 4216 effectus
3668 4160 3873 4228 fuisse,

2221 4256 2508 4322 quantum
2530 4251 2879 4321 dignitatem
2906 4251 3031 4320 ipse
3060 4250 3366 4306 clariorem
3395 4251 3659 4306 effecisse
3682 4255 3770 4306 est
3793 4249 3878 4323 ju-

2221 4341 2530 4396 dicandus.
2565 4341 2664 4394 Hic
2695 4345 2784 4395 est
2815 4339 2914 4411 qui
2952 4357 3064 4394 non
3098 4339 3290 4395 solum
3314 4339 3512 4396 omnia
3545 4340 3880 4395 disserendi

2223 4429 2480 4485 scientia;
2513 4434 2862 4484 ornamenta
2918 4429 3258 4498 complexus
3308 4435 3398 4484 est
3449 4429 3775 4485 Stoicorum
3825 4434 3883 4483 et

2225 4519 2639 4592 Epicureorum
2673 4522 3132 4588 caiterorumque
3167 4517 3887 4589 philosophorumdoctis-

450 4610 822 4685 τικευομένων
878 4608 1245 4669 ἀττικώτατός
1302 4628 1362 4660 τε
1407 4604 1495 4662 καί
1541 4607 1968 4680 τεχνικώτατος,
2024 4607 2102 4660 καῖ

2225 4610 2437 4672 simus,
2469 4613 2525 4662 et
2559 4606 2740 4660 Attice
2759 4610 2815 4661 et
2846 4605 3100 4660 litterate
3125 4605 3494 4676 loquentium
3527 4607 3885 4662 facundissi-

457 4701 710 4778 ῥητόρων
746 4699 1210 4776 ῥητορικώτατος,
1264 4696 1354 4750 καί
1403 4701 1512 4750 τῶν
1562 4696 1685 4769 περὶ
1714 4696 1814 4764 τὴν
1865 4696 2120 4771 ἀστρονο-

459 4790 590 4865 μίαν
641 4788 1079 4864 καταγινομὲνων
1125 4787 1632 4858 θιωρητικώτατος,
1681 4783 1776 4838 κάν
1832 4791 1947 4846 ταῖς
2008 4785 2126 4840 λοι-

455 4886 590 4941 παῖς
633 4877 946 4954 έγκυκλίοις
997 4873 1337 4930 παιδεύσεσιν
1384 4870 1793 4945 ἀκριϐέστατος,
1843 4871 1988 4928 ἀλλὰ
2033 4875 2124 4928 καὶ

455 4974 531 5044 τῇ
562 4966 850 5040 τετρακτύϊ
879 4971 986 5020 τῶν
1037 4965 1240 5040 ἀρετῶν
1292 4963 1647 5039 ἀρτιώτατος.
1697 4962 1868 5023 Οὗτός
1901 4961 2038 5017 ἐστιν
2097 4964 2124 5017 ὁ

459 5057 620 5128 δίκης
653 5056 1023 5134 ἀρῥεπεστάτῃ
1066 5055 1300 5126 τρυτάνῃ
1352 5051 1720 5127 κεχρημένος,
1769 5051 1858 5104 καὶ
1903 5056 2008 5104 τῶν
2071 5052 2123 5105 έν

455 5149 718 5216 Ἀθήναις
777 5143 1204 5218 θεμιστευόντων
1263 5140 1589 5205 εὐθύτατος·
1640 5140 1729 5194 καὶ
1788 5143 1956 5193 ταῦτα
2011 5145 2130 5200 τοῖς

457 5234 820 5306 Ἑλληνικοῖς
851 5230 928 5288 ἔτι
959 5229 1397 5305 προσηλωμένος
1430 5229 1825 5304 θρησκεύμασι,
1867 5229 1956 5282 καὶ
2015 5234 2130 5290 τοῖς

464 5326 589 5387 Διὸς
622 5324 1040 5398 ἐμπεφυρμένος
1079 5318 1444 5396 βδελύγμασι,
1497 5320 1581 5373 καὶ
1619 5325 1734 5378 τοῖς
1780 5324 1878 5386 τῆς
1913 5315 2135 5377 Παλλά,

466 5415 562 5478 δος
625 5416 858 5485 ’Δθηνᾶς
915 5409 1228 5471 εἰδωλικοῖς
1290 5407 1757 5484 ἐπαγλαϊζόμενος
1810 5403 2135 5479 σεϐάσμασι,

463 5506 559 5562 καὶ
606 5505 700 5567 τὰς
751 5503 867 5557 κατ’
922 5498 1122 5578 Ὀρφέα
1166 5499 1258 5553 τὸν
1322 5497 1496 5552 πάντα
1551 5501 1665 5558 τοῖς
1729 5500 2014 5570 μουσικοῖς
2044 5493 2135 5551 ἔλ-

544 5722 606 5795 (ι)
635 5723 764 5778 Act.
794 5735 934 5789 xvn,
966 5719 1055 5776 34.

2232 4697 2668 4766 mus,idcmque
2694 4694 3161 4762 eruditissimus,
3202 4696 3506 4750 rhetorum
3539 4695 3890 4766 eloquentis-

2233 4788 2446 4848 simus,
2474 4784 2848 4840 astronomiae
2879 4785 3014 4838 item
3051 4784 3520 4839 incumbentium
3554 4787 3892 4856 speculator

2235 4875 2577 4944 acerrimus,
2613 4890 2678 4928 ac
2707 4875 2762 4928 in
2795 4874 3016 4928 caeteris
3050 4872 3395 4928 liberalibus
3425 4873 3756 4944 disciplinis
3790 4889 3891 4943 pe-

2238 4964 2583 5027 ritissimus,
2622 4963 2766 5033 quin
2831 4967 2886 5016 et
2935 4966 3187 5032 quatuor
3237 4966 3518 5032 praeterea
3572 4962 3889 5017 virtutibus

2239 5070 2474 5110 summe
2506 5058 2750 5108 ornatus
2785 5052 2910 5105 fuit.
2935 5051 3036 5105 Hic
3068 5056 3156 5105 est
3181 5051 3279 5122 qui
3305 5052 3635 5106 rectissima
3666 5050 3893 5121 injudi-

2239 5143 2427 5199 cando
2459 5142 2684 5196 trutina
2704 5157 3081 5208 usus,eorum
3116 5141 3214 5211 qui
3238 5141 3597 5209 Athenisjus
3620 5139 3896 5196 dicebant

2234 5230 2610 5302 justissimus
2647 5229 2775 5297 fuit,
2813 5231 2991 5298 idque
3023 5246 3156 5284 cum
3191 5229 3385 5284 adhuc
3415 5229 3726 5300 gentilium
3764 5230 3896 5285 reli-

2243 5322 2414 5391 gione
2446 5320 2792 5384 obstrictus,
2825 5317 3100 5386 Jovisque
3133 5319 3670 5374 abominationibus
3701 5319 3900 5390 inqui-

2247 5415 2446 5478 natus,
2478 5413 2535 5463 et
2581 5409 2937 5463 cxsecrando
2996 5407 3250 5462 Palladis
3299 5408 3678 5464 Atheniensis
3716 5409 3902 5463 cultui

2250 5498 2471 5554 nefarie
2502 5502 2658 5552 esset
2689 5495 2985 5564 addictus,
3019 5495 3318 5552 fabulosos
3352 5496 3492 5553 item
3531 5497 3768 5569 Orphei,
3801 5497 3904 5569 qui
