4106 6376
309 362 418 418 623

1553 357 1613 411 8.
1652 355 1973 410 DIONYBII
2008 354 2494 413 ARBOPAGITE

3632 358 3740 414 624

309 487 509 544 omnia
539 487 610 542 ad
641 501 704 540 se
757 483 1002 540 musicis
1049 479 1430 538 concentibus
1480 478 1812 536 attrahebat
1858 494 1957 533 su-

2074 497 2239 532 κοντα
2296 479 2598 552 κρούμασι,
2662 477 2931 552 μυθώδεις
2989 479 3276 556 θεολογίας
3339 482 3742 555 ἀσπαζόμενος,

309 576 519 632 blimes
549 577 620 629 de
650 574 765 629 diis
797 589 1101 628 sermones
1132 570 1517 642 amplectens,
1569 574 1626 624 et
1669 568 1812 623 anili
1859 566 1967 623 He-

309 665 458 721 siodi
491 663 832 734 Theogonia
862 662 1111 716 libenter
1132 659 1494 715 detineretur
1514 657 1849 712 illectus.At
1868 655 1966 711 ubi

309 755 499 828 gratia
529 752 810 809 salutaris
846 751 1077 805 cunctis
1127 748 1469 803 hominibus
1521 745 1734 811 illuxit,
1768 744 1965 814 genti-

306 844 452 898 lium
503 843 806 898 ebrietatis
853 847 909 895 et
957 839 1230 895 amentiae
1290 837 1564 892 tenebras
1616 835 1964 902 eliminavit,

312 934 843 1002 universorumque
891 928 1347 984 simulacrorum
1394 942 1657 981 errorem
1707 926 1778 980 de
1810 930 1967 980 terra

307 1021 576 1085 sustulit,
608 1037 673 1074 ac
709 1019 923 1090 ubique
948 1024 1238 1072 terrarum
1281 1016 1382 1070 Dei
1419 1020 1476 1070 et
1507 1013 1824 1070 servatoris
1857 1030 1964 1067 no-

308 1111 417 1168 stri
449 1110 664 1166 Christi
693 1107 1276 1178 discipuli,tanquam
1302 1104 1514 1176 aquilae
1536 1103 1806 1174 quisdam
1832 1119 1965 1174 pas-

307 1200 393 1258 sis
427 1199 535 1254 alis
566 1197 861 1254 evolantes
893 1212 958 1251 ao
988 1199 1419 1266 percurrentes,
1441 1193 1652 1248 divinis
1683 1192 1964 1263 cognitio-

308 1289 401 1345 nis
434 1287 658 1343 lumine
690 1285 980 1340 mundum
1009 1283 1478 1339 illustraverunt.
1511 1281 1754 1346 Quando
1786 1280 1963 1335 etiam

307 1376 528 1434 Paulus
578 1375 987 1446 theologorum
1051 1389 1365 1443 supremus
1410 1376 1467 1426 et
1529 1369 1961 1437 divinissimus,

307 1465 574 1540 gentium
607 1462 934 1535 apostolus,
957 1463 1101 1518 tuba
1130 1461 1342 1516 ccelum
1378 1476 1566 1530 usque
1597 1459 1961 1530 pertingens,

305 1581 411 1623 vas
442 1562 769 1625 electionis,
801 1561 1060 1616 Athenas
1104 1559 1416 1624 concessit,
1451 1556 1551 1612 ubi
1604 1555 1962 1625 praconium

307 1670 342 1710 ι
370 1669 483 1723 quo
511 1652 766 1707 salutem
797 1655 855 1704 et
885 1649 1065 1704 vitam
1100 1648 1361 1702 mundus
1387 1645 1697 1716 acciperet,
1724 1661 1961 1700 annun-

305 1740 754 1811 tians,divinum
786 1737 1020 1794 Domini
1046 1753 1258 1792 nomen
1291 1734 1744 1790 circumferebat
1769 1749 1782 1787 :
1803 1749 1964 1788 cum-

2077 566 2165 620 xui
2219 569 2317 635 τὴν
2377 576 2699 644 γραοπρεπῆ
2735 571 2864 642 παρ’
2919 567 3158 643 Ἡσιόδῳ
3189 571 3478 646 Θεογονίαν
3515 571 3742 644 ἀσμενι-

2081 654 2327 727 ζόμενος.
2375 654 2596 726 Ἐπειδὴ
2647 655 2703 712 δὲ
2747 659 2846 726 τὴν
2883 665 2984 728 τῆς
3013 657 3352 730 Ἑλληνικῆς
3402 659 3588 720 ἀνοίας
3646 659 3739 714 καὶ

2081 745 2252 817 μὲθης
2298 743 2475 820 ἀχλὺν
2508 749 2542 815 ἡ
2598 752 2757 801 πᾶσιν
2812 749 3120 822 ἀνθρώποις
3181 748 3507 824 ἀπιφανεῖσα
3554 751 3738 818 σωτή-

2077 852 2192 907 ριος
2241 834 2401 908 χάρις
2450 833 2797 905 ἀπεσκέδασε,
2844 836 2932 890 καὶ
2981 842 3152 892 πᾶσαν
3197 838 3303 892 ἀπὸ
3350 844 3458 912 γῆς
3512 833 3741 892 εἶδωλι-

2073 923 2174 990 κήν
2226 923 2442 979 καθεῖλε
2471 924 2704 994 πλάνην,
2758 927 2847 980 καὶ
2877 927 3190 1002 πανταχόσε
3243 933 3346 996 τῆς
3380 925 3739 1000 οἰκουμένης,

2075 1010 2162 1065 οἷά
2191 1033 2332 1073 τινες
2362 1013 2507 1068 ἀετοὶ
2536 1014 2936 1091 τανυσίπτεροι,
2997 1013 3344 1088 διιπτάμενοι
3403 1015 3495 1070 καὶ
3554 1013 3736 1070 διαθέῑ⁹

2077 1120 2224 1163 οντες
2259 1101 2308 1155 οἰ
2339 1106 2435 1156 τοῦ
2486 1108 2619 1157 Θεοῦ
2666 1103 2758 1158 καὶ
2787 1111 3049 1176 Σωτῆρος
3099 1107 3261 1178 ἡμῶν
3289 1107 3528 1180 Χριστοῦ
3563 1106 3742 1178 μαθη-

2075 1189 2162 1243 ταὶ
2213 1195 2293 1262 τῷ
2347 1197 2450 1260 τῆς
2495 1193 2818 1268 θεογνωσίας
2867 1192 3007 1268 φωτί
3051 1194 3144 1249 τὸν
3192 1195 3401 1267 κόσμον
3455 1194 3741 1268 κατηύγα-

2075 1298 2192 1332 σαν·
2238 1279 2326 1333 καὶ
2360 1278 2576 1343 Ηαῦλος
2605 1285 2714 1336 τῶν
2746 1279 3022 1358 θεολόγων
3054 1283 3082 1337 ὁ
3129 1283 3438 1358 κράτιστος,
3483 1283 3572 1337 καὶ
3625 1287 3736 1337 τῶν

2074 1364 2240 1430 ἐθνῶν
2302 1370 2329 1422 ὁ
2388 1369 2662 1432 θειότατος
2720 1369 3049 1438 ἀπόστολος,
3107 1373 3142 1441 ἡ
3190 1373 3585 1447 οὐρανομήκης
3609 1371 3742 1427 σάλ-

2073 1457 2224 1531 πιγξ,
2277 1459 2338 1512 τὸ
2395 1462 2581 1520 σκεῦος
2635 1463 2736 1525 τῆς
2794 1460 3052 1535 ἐκλογῆς,
3083 1465 3204 1523 ταῖς
3245 1463 3509 1531 Ἀθήναις
3536 1459 3739 1532 ἐπεδή-

2079 1567 2240 1619 μησε,
2301 1545 2581 1616 σαλπίζων
2640 1549 2701 1604 τὸ
2749 1549 3090 1624 σωσίκοσμον
3134 1538 3234 1604 ’καὶ
3287 1545 3571 1627 φερέσϐιον
3631 1554 3740 1622 κή-

2075 1654 2279 1710 ρυγμα,
2331 1637 2422 1692 καὶ
2465 1637 2529 1691 τὸ
2562 1643 2704 1701 θεῖον
2733 1641 2825 1693 xui
2859 1635 3177 1694 δεσποτικὸν
3222 1639 3503 1714 βαστάζων
3537 1637 3743 1713 ὄνομα,

2073 1732 2164 1786 καὶ
2222 1734 2340 1788 κατ’
2386 1730 2619 1789 εἷ’δωλον
2665 1736 2763 1804 τὴν
2826 1734 2878 1790 ἐν
2912 1741 3034 1798 ταῖς
3063 1733 3351 1806 Ἑλληνίσι
3380 1734 3736 1812 προῦχουσαν

311 1847 425 1904 que
475 1833 738 1886 cerneret
779 1827 1099 1894 civitatem,
1148 1843 1273 1896 qum
1339 1824 1563 1880 caeteris
1629 1827 1957 1877 Graecorum

2076 1819 2272 1924 ⁸πόλεσι
2303 1823 2646 1924 τεθεαμένος,
2679 1824 2770 1878 καὶ
2801 1830 2881 1896 τῷ
2911 1827 3076 1897 θεϊκῷ
3124 1825 3502 1900 πυρποληθεὶς
3556 1826 3739 1900 ζήλῳ,

313 1923 593 1979 omnibus
623 1924 966 1985 antestaret,
1001 1918 1450 1974 simulacrorum
1477 1915 1632 1970 863
1665 1913 1850 1968 cultui
1874 1914 1966 1968 de-

314 2013 518 2080 ditam,
552 2026 751 2065 amore
784 2008 980 2063 divino
1013 2005 1573 2073 succensus,ardore
1606 2004 1860 2075 quodam
1883 2002 1964 2057 ci-

311 2102 549 2158 vitatem
579 2099 884 2170 ingressus
915 2101 1026 2164 est,
1061 2101 1118 2151 et
1146 2111 1280 2150 cum
1303 2094 1688 2158 Judaeos,tum
1715 2093 1965 2160 Graecos,

308 2189 609 2259 sapientes
638 2191 696 2242 et
735 2187 1024 2252 indoctos,
1070 2197 1456 2254 quoscunque
1498 2181 1698 2236 obvios
1734 2179 1964 2243 habuit,

310 2275 678 2348 argumentis
709 2274 992 2345 impetere
1021 2272 1216 2343 coepit,
1241 2271 1567 2342 Jesumque
1619 2270 1718 2340 qui
1754 2285 1860 2324 nos
1891 2268 1965 2323 ab

303 2365 668 2438 impostoris,
693 2360 1421 2432 homicidm,draconisque
1443 2359 1965 2432 tyrannide,morte

305 2471 372 2510 ac
387 2454 629 2510 interitu
645 2453 1058 2517 vindicaret,et
1078 2454 1444 2505 mortuorum
1466 2447 1960 2504 resurrectionem

299 2541 452 2598 laetis
477 2541 758 2612 auspiciis
790 2539 1190 2595 nuntiavit.Ac
1214 2538 1618 2608 Epicureos,et
1650 2536 1807 2607 quia
1831 2552 1963 2607 por-

311 2631 427 2688 ticu
461 2630 709 2702 picturis
738 2629 1034 2699 variegata
1067 2643 1280 2682 nomen
1325 2631 1700 2696 acceperunt,
1733 2641 1879 2680 nova
1906 2631 1964 2678 et

304 2719 575 2776 inaudita
595 2736 660 2774 ac
687 2716 906 2773 ccelesti
928 2715 1222 2788 sapientia
1260 2716 1320 2771 in
1364 2715 1662 2786 ingentem
1709 2713 1962 2769 admira-

300 2810 521 2865 tionem
547 2807 886 2862 attraxit.Et
904 2807 972 2860 ad
997 2802 1781 2876 Areopagitarumjudicium
1808 2801 1962 2857 dela-

299 2896 943 2969 tus,ipsosquejudices
958 2895 1224 2949 omnium
1243 2893 1723 2962 maxime,omnes
1743 2892 1956 2946 cmlesti

297 2988 437 3044 huic
451 2985 834 3059 philosophias
847 2983 1424 3040 animumintendere
1437 2980 1692 3036 suaviter
1707 2980 1957 3035 induxit.

307 3086 456 3141 Tum
489 3083 801 3156 Dionysius
831 3081 1142 3137 confestim
1175 3097 1209 3135 a
1245 3079 1426 3145 luteo,
1459 3084 1516 3134 et
1549 3079 1757 3133 insano
1789 3079 1958 3149 quasi

299 3172 756 3230 simulacrorum
791 3177 1000 3243 stagno
1057 3169 1424 3236 desciscens,
1456 3167 1636 3223 Paulo
1687 3167 1953 3222 divinum

2079 1911 2293 1984 θερμῶς
2321 1913 2420 1980 τὴν
2454 1910 2617 1967 πόλιν
2654 1912 3050 1986 είσεληλακὼς,
3099 1917 3236 1988 πρὸς
3281 1915 3410 1980 τοὺς
3457 1937 3742 1993 παρατυγ-

2078 1997 2342 2073 χάνοντας
2386 1999 2684 2064 Ἰουδαίους
2732 2023 2790 2058 τε
2837 2004 2928 2058 xui
2954 2003 3258 2075 Ἕλληνας,
3310 2006 3513 2082 σοφούς
3542 2025 3600 2061 τε
3649 2007 3743 2062 καὶ

2077 2085 2299 2151 ἰδιώτας
2361 2087 2675 2158 διείλεκται,
2716 2092 2806 2146 καὶ
2853 2092 2946 2147 τὸν
2994 2097 3093 2159 τῆς
3143 2098 3240 2148 τοῦ
3290 2091 3586 2150 δελεαστοῦ
3643 2098 3735 2151 xui

2081 2174 2443 2252 βροτοκτόνου
2465 2180 2554 2235 καὶ
2587 2178 2879 2256 δράκοντος
2905 2180 3238 2257 τυραννίδος,
3271 2187 3368 2239 τοῦ
3397 2204 3456 2238 τε
3503 2187 3740 2248 θανάτου

2073 2268 2164 2320 καὶ
2215 2275 2316 2336 τῆς
2374 2275 2577 2346 φθορᾶς
2638 2268 3008 2345 λυτρούμενον
3045 2273 3277 2342 Ἰησοῦν,
3338 2273 3428 2328 καὶ
3483 2276 3585 2342 τήν
3625 2279 3740 2328 τῶν

2072 2360 2280 2430 νεκρῶν
2327 2357 2610 2412 ἀνάστασιν
2670 2357 3080 2436 εὐηγγελίσατο,
3148 2365 3240 2416 xui
3295 2361 3424 2424 τοῦς
3473 2361 3523 2435 ἐξ
3584 2363 3746 2418 Ἐπι-

2073 2446 2274 2521 κούρου
2333 2447 2420 2502 καὶ
2477 2448 2602 2509 τοὺς
2652 2455 2753 2518 τῆς
2805 2447 3073 2520 Ποικίλης
3106 2456 3272 2514 στοᾶς
3301 2451 3640 2531 φιλοσόφους
3669 2457 3744 2528 τῇ

2075 2535 2194 2610 ξένῃ
2269 2535 2362 2590 καὶ
2428 2536 2728 2613 ἀπορρήτῳ
2794 2537 2883 2593 xui
2949 2540 3304 2614 ὑπερκοσμίῳ
3363 2540 3526 2619 σοφίᾳ
3581 2541 3750 2598 κατί-

2071 2621 2269 2694 πληξε,
2301 2624 2430 2679 κάπὶ
2461 2630 2557 2680 τοῦ
2590 2625 2805 2701 Ἀρείου
2836 2628 3010 2704 πάγου
3040 2631 3329 2704 κριτήριον
3358 2629 3750 2701 ἀπενήνεκται,

2071 2721 2324 2776 καὶτοὺς
2376 2723 2625 2777 ἀπάντων
2674 2725 3110 2798 ὑπερακοντίζειν
3157 2725 3460 2806 φιλοσοφίᾳ
3507 2732 3750 2800 κατεκή-

2073 2807 2259 2880 λησεν·
2291 2810 2484 2866 αὐτίκα
2514 2811 2795 2875 Διονύσιος
2826 2815 3030 2884 ἀπέστη
3061 2821 3160 2884 τῆς
3217 2811 3609 2893 βορϐορώδους
3640 2825 3748 2888 τῆς

2073 2897 2474 2972 εἰδωλομανίας
2521 2900 2750 2974 λίμνης,
2803 2903 2891 2956 καὶ
2936 2901 3142 2976 Παύλῳ
3191 2909 3270 2976 τῷ
3319 2907 3532 2961 πνέοντι
3593 2907 3744 2971 θείαν

2072 2986 2300 3042 εὐωδίαν
2327 2987 2633 3060 ἐκολλήθη·
2681 2991 3000 3063 ἀπεσπάσθη
3057 2998 3166 3048 τῶν
3197 3001 3325 3064 -τῆς
3358 2995 3572 3067 ἀπάτης
3633 2997 3748 3051 εἷσ-

2071 3083 2320 3151 ηγητῶν,
2378 3078 2467 3133 καὶ
2524 3084 2605 3151 τῷ
2667 3087 2770 3149 τῆς
2829 3079 3088 3152 ἀληθείας
3153 3085 3352 3158 κήρυκι
3406 3083 3741 3162 προσεδὲθη·

2072 3166 2291 3242 ἀνήχθη
2343 3173 2442 3222 τοῦ
2499 3175 2599 3238 τῆς
2655 3167 2931 3232 ἀπωλείας
2985 3171 3174 3246 βυθοῦ,
3219 3173 3310 3228 καὶ
3342 3175 3481 3248 πρὸς
3525 3176 3588 3230 τὸ
3639 3184 3744 3246 τῆς

295 3229 537 3320 odorem
570 3261 827 3318 exerenti
858 3229 1179 3330 adjunctus
1211 3262 1322 3313 est.
1355 3229 1442 3312 Ah
1473 3257 1860 3328 interpretum
1900 3259 1956 3310 et

2070 3229 2338 3329 σωτηρίας
2398 3229 2812 3330 ὕψοξάνὲπτη·
2859 3229 3195 3334 ἀπεφοίτησε
3251 3266 3349 3317 τοῦ
3385 3229 3504 3333 .τής
3551 3229 3743 3329 ἀθεΐάς

292 3353 649 3424 scriptorum
675 3349 916 3404 avulsus
941 3345 1427 3418 errore,praaconi
1458 3344 1723 3400 veritatis
1757 3346 1950 3400 adhae-

296 3441 394 3497 sit.
428 3446 474 3494 A
509 3439 796 3511 profundo
828 3435 1248 3492 internecionis
1279 3434 1610 3502 emersit,et
1641 3434 1712 3488 ad
1746 3433 1957 3489 salutis

298 3529 711 3587 celsitudinem
743 3525 1060 3582 evolavit.A
1084 3525 1343 3580 tenebris
1377 3523 1700 3595 impietatis
1729 3524 1960 3578 absces-

307 3619 404 3689 sit,
437 3623 495 3674 et
526 3619 596 3672 ad
647 3613 1002 3688 cognitionis
1050 3615 1261 3670 divinae
1308 3613 1508 3669 lumen
1556 3612 1865 3669 concessit.
1915 3614 1961 3666 A

305 3724 444 3763 vera
476 3705 731 3763 stultitia
763 3707 835 3760 ad
885 3720 1078 3761 veram
1128 3703 1557 3759 beatitudinem
1606 3699 1959 3773 properavit.

301 3804 483 3862 Belial
519 3803 726 3859 mortis
751 3803 1047 3875 pararium
1074 3801 1261 3858 valere
1283 3800 1554 3872 jussit,et
1583 3799 1714 3854 vita)
1736 3796 1961 3852 auctori

299 3899 358 3950 et
386 3893 635 3966 principi
659 3892 891 3948 Christo
922 3907 986 3947 se
1015 3890 1341 3962 conjunxit.
1391 3888 1802 3960 lmpuritatem
1838 3887 1956 3939 daa-

298 4000 543 4040 mouum
575 3982 974 4052 abominatus,
1006 3980 1352 4052 angelorum
1385 3977 1760 4034 sanctitatem
1791 3991 1955 4030 com-

295 4073 502 4146 plexus
521 4073 883 4129 est.Luteam
909 4070 1114 4126 mundi
1144 4067 1450 4123 materiam
1475 4064 1816 4129 excussit,et
1837 4080 1953 4118 cm-

293 4161 442 4218 leste
473 4160 702 4216 vivendi
749 4159 1089 4214 institutum
1136 4155 1402 4228 appetiit.
1441 4156 1588 4211 Cum
1633 4153 1787 4207 enim
1821 4169 1952 4222 spe-

295 4251 594 4306 ctaculum
625 4249 814 4304 factus
845 4257 1001 4304 esset
1029 4247 1156 4318 (per
1187 4244 1432 4300 Paulum
1473 4241 1786 4315 splendore
1817 4258 1951 4296 cum

292 4340 598 4395 cherubim
630 4342 976 4407 certantem,
1004 4339 1205 4407 utpote
1225 4334 1522 4388 Christum
1555 4332 1651 4401 qui
1677 4332 1841 4386 sedet
1859 4349 1952 4386 su-

292 4445 397 4501 per
428 4427 734 4484 cherubim
767 4427 1142 4481 insonantem
1177 4422 1423 4478 auribus
1454 4421 1948 4491 habentem),spe-

292 4518 490 4574 culum
514 4534 698 4590 capax
719 4515 997 4588 fulgentis
1033 4513 1306 4586 principii
1334 4509 1578 4565 luminis
1604 4513 1659 4564 et
1678 4509 1950 4564 divinita-

2070 3343 2258 3421 ζόφου,
2318 3345 2408 3400 καὶ
2456 3349 2534 3416 τῷ
2579 3353 2679 3415 τῆς
2722 3347 3052 3423 θεογνωσίας
3106 3351 3244 3426 φωτὶ
3275 3353 3738 3430 προσεφοίτησεν·

2068 3437 2390 3510 ἀνεχώρησε
2420 3443 2520 3506 τῆς
2553 3437 2629 3499 ὡς
2679 3435 2903 3509 ἀληθῶς
2949 3439 3339 3511 ματαιότητος,
3389 3444 3479 3497 καὶ
3529 3445 3601 3515 τῇ
3653 3441 3745 3499 ὄν-

2067 3545 2173 3586 τως
2230 3525 2592 3601 μακαριότητι
2643 3529 3090 3602 προσεχώρησεν·
3145 3531 3442 3602 ἀπετάξατο
3499 3537 3579 3604 ·ιῷ
3636 3540 3740 3590 τοῦ

2073 3615 2302 3676 θανάτου
2346 3616 2594 3689 προξὲνῳ
2627 3615 2849 3691 Βελίαρ,
2893 3616 2982 3672 καὶ
3012 3622 3093 3690 τῷ
3138 3626 3239 3688 τῆς
3275 3623 3419 3689 ζωῆς
3452 3620 3614 3695 αἲτίῳ
3646 3626 3735 3678 xui

2072 3708 2307 3778 χορηγῷ
2370 3708 2596 3777 Χριστῷ
2653 3705 3002 3776 συνετάξατο·
3084 3703 3408 3780 ἰϐδελύξατο
3465 3713 3567 3781 τήν
3627 3718 3736 3768 τῶν

2077 3788 2353 3862 δαιμόνων
2397 3791 2744 3868 ἀκαθαρσίαν,
2791 3795 2882 3849 καὶ
2908 3797 3008 3864 τήν
3053 3801 3164 3852 τῶν
3216 3798 3464 3875 ἀγγέλων
3524 3799 3738 3875 ἀγνείαν

2074 3880 2376 3949 ἠσπάσατο·
2424 3880 2776 3953 ἀπετινάξατο
2823 3885 2923 3952 τὴν
2973 3883 3188 3956 ἰλυώδη
3238 3889 3512 3960 κοσμικὴν
3571 3888 3738 3960 ὕλην,

2069 3980 2160 4034 καὶ
2207 3979 2306 4048 τήν
2357 3979 2522 4035 ἀϋλον
2577 3983 2768 4056 βιοτὴν
2821 3982 3234 4059 ἔνηγκαλίσατο.
3293 3988 3600 4064 Ἐσοπτρον
3625 3989 3734 4065 γὰρ

2062 4069 2298 4145 γεγονὼς
2359 4067 2600 4126 δεκτικὸν
2647 4079 2749 4141 τῆς
2781 4070 2873 4128 διά
2901 4072 3119 4129 Παύλου
3163 4079 3264 4129 τοῦ
3300 4081 3380 4149 τῷ
3419 4073 3742 4153 χερουϐικῷ

2071 4158 2246 4233 θρόνῳ
2311 4157 2707 4233 ἁμιλλωμένου
2776 4165 2846 4236 τῇ
2912 4161 3287 4238 λαμπρότητι,
3358 4168 3449 4220 ἅτε
3495 4167 3739 4241 Χριστὸδ

2065 4251 2172 4301 τῶν
2224 4244 2503 4323 χερουϐὶμ
2554 4249 2932 4324 ἑποχούμενον
2983 4248 3208 4308 ἔναυλον
3269 4249 3497 4330 ἔχοντος
3529 4300 3542 4326 ,
3601 4256 3745 4312 ἀπαο

2069 4334 2448 4411 στραπτούσης
2495 4338 2756 4408 ἀκτῖνος,
2815 4341 2906 4395 καὶ
2962 4348 3063 4412 τῆς
3119 4339 3471 4416 ἐνδιδομένης
3531 4343 3739 4420 αἷῇλης

2067 4425 2594 4502 ἀποπληρούμενον,
2643 4429 3035 4505 κατηύγασται,
3093 4433 3182 4486 καὶ
3231 4432 3364 4497 ὅλος
3403 4433 3504 4509 ὅλῃ
3534 4439 3602 4509 τῇ
3630 4439 3739 4509 qm-

2059 4518 2161 4590 χῇ,
2201 4516 2292 4570 xui
2324 4513 2555 4588 διανοίᾳ,
2587 4517 2676 4572 καὶ
2697 4515 2892 4594 καρδίᾳ
2915 4524 2996 4592 τῷ
3022 4517 3338 4594 διδασκάλῳ
3400 4523 3749 4598 προσ-κεκόλ-

296 4610 375 4662 tis
406 4608 664 4662 auctoris
709 4605 859 4660 radii
899 4602 1335 4672 crescentisque
1388 4599 1540 4653 lucis
1574 4598 1783 4668 plenus
1815 4597 1950 4652 illu-

2070 4603 2249 4676 ληται.
2303 4602 2470 4661 Βαϐαὶ
2513 4614 2615 4676 τῆς
2663 4612 2760 4662 τοῦ
2807 4609 3069 4684 ἀριστέως
3098 4610 3300 4667 τούτου
3331 4613 3472 4686 πρὸς
3500 4613 3601 4682 τὴν
3634 4621 3746 4684 τῆς

293 4701 518 4754 stratus
546 4693 764 4751 est.Cui
795 4693 975 4749 etiam
1009 4693 1134 4763 ipse
1165 4695 1327 4746 totus
1357 4687 1556 4743 animo
1590 4685 1956 4757 toto,cogita-

295 4786 456 4842 tione
487 4802 554 4840 ac
585 4783 759 4840 corde
809 4778 1151 4853 praeceptori
1191 4776 1603 4850 agglutinatus
1651 4781 1760 4830 est.
1824 4774 1953 4842 Cui,

301 4900 482 4956 qnam
505 4883 714 4954 ingens
739 4878 1000 4951 praeclari
1027 4877 1275 4946 hujusce
1305 4875 1414 4930 viri
1438 4873 1618 4930 animi
1641 4873 1954 4946 propensio

293 4973 407 5028 fuit
435 4970 771 5045 apostolicae
797 4967 877 5022 illi
902 4984 968 5022 ac
995 4965 1263 5022 divinum
1290 4965 1488 5020 lumen
1515 4965 1781 5036 largienti
1809 4981 1952 5034 pras-

288 5060 570 5117 dicationi
605 5055 993 5128 suscipiendae
1019 5056 1042 5108 Ρ
1069 5051 1449 5108 Obedientem
1482 5056 1539 5105 et
1567 5049 1949 5106 illuminatis-

286 5153 505 5207 simum
549 5148 817 5203 animum
850 5143 1046 5211 illum,
1087 5140 1189 5213 qui
1237 5140 1513 5196 facillime
1545 5141 1845 5207 doctrinae]
1882 5155 1950 5195 ac

282 5236 697 5314 praeceptionis
727 5231 1077 5304 evangelicae
1109 5235 1274 5286 notas
1307 5247 1371 5285 ac
1401 5231 1571 5302 signa
1595 5232 1786 5302 prima
1810 5229 1952 5284 reti-

286 5328 436 5384 nuit.
471 5325 515 5381 O
547 5341 648 5380 cor
680 5321 869 5390 facile,
903 5321 1056 5375 etab
1090 5319 1250 5375 omni
1296 5320 1492 5375 carnis
1525 5319 1732 5374 ali‘ectu
1767 5317 1941 5372 undi-

286 5433 400 5489 que
431 5413 726 5476 avulsum,
749 5409 904 5481 quod
933 5425 1212 5481 corporea
1245 5409 1408 5464 omni
1445 5407 1949 5463 demonstratione

288 5508 526 5576 rejecta,
561 5500 771 5556 salutis
804 5499 1092 5571 praeconio
1125 5499 1394 5554 celeriter
1415 5498 1743 5566 credidit,et
1768 5497 1947 5551 Paulo

290 5594 490 5650 divina
523 5587 884 5662 praedicanti,
918 5587 1163 5661 coelique
1196 5586 1422 5643 cursori
1455 5587 1525 5642 ad
1559 5585 1822 5641 ccelestes
1855 5602 1944 5641 se-

291 5684 393 5740 des
426 5679 768 5755 provehenti
799 5695 860 5736 se
891 5677 1272 5750 conjunxiLO
1297 5676 1551 5733 fertilem
1583 5681 1636 5732 et
1660 5675 1942 5748 pinguem

2065 4693 2436 4765 ἀποπολικῆς
2491 4693 2826 4774 φωτοδώρου
2875 4698 3240 4774 παραινέσεως
3274 4699 3562 4777 ὑποδοχὴν
3613 4700 3737 4758 ἐπι-

2061 4780 2456 4853 τηδειότηοοςῐ
2506 4779 2679 4841 Βαϐαἰ
2725 4792 2827 4855 τῆς
2880 4785 3122 4842 εὒείκτου
3181 4789 3272 4844 καὶ
3335 4787 3738 4866 διαυγεστάτης

2062 4875 2248 4947 ψυχῆς
2299 4871 2529 4942 ἐκείνης,
2561 4880 2662 4942 τῆς
2693 4873 2858 4948 ῥᾷστα
2885 4873 2983 4937 τὰς
3011 4880 3120 4931 τῶν
3172 4876 3498 4954 ἀρχετύπων
3561 4900 3734 4957 σφρα-

2060 4957 2226 5038 γίδων
2277 4966 2386 5017 τῶν
2437 4963 2810 5037 εὐαγγελικῶν
2859 4961 3208 5040 διδαγμάτων
3240 4964 3574 5031 ἐκτυπώσεις
3604 4969 3734 5024 ἀνα-

2065 5050 2420 5123 μαξαμὲνηςί
2500 5046 2668 5106 Βαϐαὶ
2732 5055 2834 5118 τῆς
2890 5051 3113 5128 καρδίας
3180 5061 3280 5124 τῆς
3333 5055 3570 5119 εὐπετῶς
3633 5058 3728 5112 καὶ

2059 5147 2467 5226 ἀνεπιστρόφως
2543 5146 2723 5219 πάσης
2791 5157 3055 5224 σαρκικῆς
3123 5151 3494 5224 προσπαθείας
3558 5153 3730 5231 ἀπορο

2061 5236 2340 5313 ῥαγείσης,
2383 5237 2474 5292 καὶ
2522 5237 2780 5292 παντοίαν
2837 5237 3031 5308 ὐλικήν
3082 5235 3315 5315 ἔμφασιν
3354 5243 3728 5316 ἀποσεισαμέ-

2057 5347 2176 5395 νης,
2208 5326 2297 5380 καὶ
2347 5330 2425 5398 τῷ
2465 5324 2808 5401 σωτηριώδει
2849 5333 3040 5391 θᾶττον
3093 5329 3459 5400 πιστευσάσης
3509 5332 3720 5408 κηρύγ-

2063 5435 2213 5487 ματι,
2265 5414 2354 5469 xui
2387 5419 2464 5487 τῷ
2497 5414 2744 5490 θεηγόρῳ
2775 5420 2854 5488 τῷ
2906 5416 3041 5491 πρὸς
3091 5418 3186 5480 τὰς
3219 5419 3504 5495 οὐρανίους
3537 5441 3700 5495 χειρα

2057 5507 2329 5587 γωγοῦντι
2386 5505 2577 5577 μονὰς,
2631 5503 3033 5580 οὐρανοδρόμῳ
3066 5507 3267 5582 Παύλῳ
3295 5506 3672 5580 κολληθείσ-ης
3701 5512 3713 5567 ί

2054 5587 2225 5648 Βαϐαῖ
2260 5593 2359 5662 τῆς
2421 5592 2629 5668 εὐγείου
2675 5593 2765 5648 xui
2809 5593 2998 5659 πίονος
3041 5600 3247 5668 νοητῆς
3302 5597 3556 5676 ἀρούρας,
3616 5606 3717 5670 τῆς

2052 5682 2143 5737 τὸν
2182 5683 2407 5753 ζωτικὸν
2458 5681 2957 5760 ὲγκολπωσαμὲνης
3004 5687 3232 5765 σπόρον,
3285 5689 3375 5746 καὶ
3428 5688 3713 5767 πολύχουν
