4106 6376
391 398 500 453 625

1425 404 1616 470 VITA,
1657 403 1997 460 AUCTOBB
2034 401 2412 460 MICHAELE
2448 407 2801 464 BYNGELO.

3714 413 3824 466 626

388 519 786 584 ἀναδεδωκυίας
842 523 931 577 καὶ
991 521 1364 598 ιῦγινῖστατον
1425 524 1705 600 ἄσταχυνί
1768 524 1878 580 Οὐκ
1931 523 2023 579 ἆνε

2167 529 2657 597 terram,rationis
2687 547 2987 603 capacem,
3009 547 3137 605 quae
3170 539 3496 590 sementem
3529 534 3663 590 vitm
3685 536 3820 591 sinu

391 614 633 690 χαίτισεν
668 612 828 667 αὐτὸν
861 613 1101 689 ἀρχικῆς
1129 634 1188 668 τε
1208 613 1298 668 καὶ
1328 610 1645 682 δικαστικῆς
1677 611 1836 684 δόξης
1871 610 2049 688 ὄγκοςα

388 703 491 759 οὐκ
544 701 880 778 ἀντσείρασεν
939 701 1098 756 αὐτὸν
1160 699 1391 780 φιλίας,
1465 703 1554 758 καὶ
1615 701 1913 776 ὁμηλικίας
1962 702 2052 757 καὶ

387 791 675 863 συνηθείας
731 791 927 854 πόθοςο
963 791 1061 846 οὐκ
1113 789 1338 867 ἐπέσχεν
1379 793 1540 846 αὐτὸν
1598 794 1801 866 γονὲων
1833 792 1922 846 καὶ
1954 793 2049 866 ἀγ-

385 882 648 958 χιστέων,
707 881 796 934 καὶ
859 881 1127 954 ὁμεστίων
1173 882 1500 956 τυραννικὸς
1534 879 1693 957 ἔρως·
1738 882 1837 936 οὐκ
1864 876 2050 951 ἔδησεν

383 971 545 1026 αὐτὸν
579 965 956 1026 πολυπλόκων
987 969 1292 1047 χρημάτων
1343 972 1432 1025 καὶ
1479 971 1772 1044 κτημάτων
1821 973 2048 1044 μανικὸς

383 1062 618 1136 οἶστρος·
655 1061 758 1114 οὐκ
802 1060 1113 1136 ἐχαῦνωσεν
1161 1059 1320 1114 αὐτὸν
1377 1061 1646 1133 σωμάτων
1692 1058 1888 1131 ἡδονή·
1951 1060 2050 1115 οὐκ

376 1149 636 1220 ὲθήλυνεν
713 1148 876 1205 αὐτὸν
958 1144 1316 1224 ἀϐροδιαίτου
1404 1150 1596 1225 βιοτῆς
1673 1151 1760 1205 καὶ
1839 1156 2049 1224 τρυφῆς

675 1236 822 1294 ἄλλᾶ
897 1242 1000 1303 τῆς
1055 1242 1154 1292 τοῦ
1210 1237 1452 1314 κήρυκος
1505 1238 1869 1317 θεοφθὲγκτου
1929 1261 2046 1316 φω-

372 1335 475 1398 νῆς
553 1327 832 1399 ἀκηκοὼς,
908 1328 996 1384 καὶ
1073 1327 1209 1402 πρὸς
1281 1325 1436 1382 οὐδὲν
1493 1332 1604 1383 τῶν
1659 1327 1757 1383 ὅσα
1819 1327 2048 1404 βροτοὺς

371 1417 588 1492 τέρπειν
651 1415 838 1473 εἴωθεν
898 1417 1320 1494 προσεσχηκὼς,
1378 1417 1575 1491 ἀθρόον
1635 1416 1785 1489 αὐτῷ
1831 1415 2042 1487 κολλη-

371 1511 559 1574 θῆναι,
618 1507 858 1582 καθάπερ
927 1508 1175 1583 μαγνήτῃ
1234 1504 1484 1582 σίδηρος,
1534 1503 1859 1565 ἐσπούδακε.
1900 1513 2043 1561 Θαυ-

373 1232 554 1316 ἔφεσις
576 1257 589 1269 °

375 1599 621 1670 μάζομεν
684 1595 742 1651 δὲ
795 1595 892 1651 τὸν
915 1598 1266 1672 πατριάρχην
1324 1592 1579 1670 ’Λόραᾶν,
1609 1601 1688 1668 τῷ
1714 1597 1832 1668 Θεῴ
1863 1615 2037 1669 προσ-

371 1685 633 1761 τεταχότι
686 1692 788 1755 τῆς
838 1691 1069 1761 πατριᾶς
1119 1684 1210 1740 καὶ
1262 1682 1524 1760 πατρίδος
1573 1684 1895 1754 ἀποικῆσαι,
1947 1685 2038 1738 καὶ

373 1775 453 1838 εἷς
482 1771 808 1843 ἀλλοδαπήν
857 1773 1130 1850 ἄγνωστον
1175 1772 1509 1840 στείλασθαι,
1568 1775 2036 1848 πειθαρχήσαντα·

370 1864 462 1920 καὶ
520 1863 670 1936 μάλα
716 1860 959 1924 δικαίως.
1019 1863 1398 1935 Ἐκθειάζομεν
1461 1860 1517 1916 δὲ
1566 1863 1655 1916 καὶ
1702 1863 1794 1917 τὸν
1847 1862 2112 1964 ἘλισοΒ

369 1958 549 2021 σαῖον,
606 1953 673 2007 τὰ
719 1951 883 2027 ζεύγη
914 1956 1022 2006 τῶν
1070 1952 1210 2027 βοῶν
1271 1950 1736 2019 καταλελοιπότα,
1793 1951 1882 2006 καὶ
1932 1952 2030 2019 τήν

366 2042 626 2117 πατρῴαν
678 2042 892 2116 χαίρειν
936 2040 1110 2095 ἑστίαν
1145 2039 1392 2111 ἐάσαντα,
1423 2040 1513 2094 καὶ
1547 2037 1715 2110 Ἠλίᾳ
1750 2045 1828 2111 τῷ
1874 2061 2032 2094 πνευ-

373 2130 674 2209 ματοφόρῳ
733 2129 961 2204 ζηλωτῇ
1010 2127 1306 2200 κεκληκότι
1350 2125 1528 2198 πᾶσης
1578 2126 1703 2204 ἄτερ
1752 2124 2030 2198 ἀναϐολῆς

367 2218 812 2290 ἠκολουθηκότα“
863 2219 951 2274 καὶ
1007 2219 1128 2274 λίαν
1177 2216 1422 2281 ἐνδίκως.
1470 2216 1749 2272 Φίλιππον
1783 2219 1847 2272 αὗ
1879 2217 2030 2273 ἐπαί-

365 2330 485 2372 νοις
543 2307 867 2383 ἐξαίρομεν,
941 2309 1124 2379 Ἰησοῦ
1179 2312 1259 2380 τῷ
1309 2315 1410 2377 τῆς
1467 2308 1739 2382 σωτηρίας
1797 2307 2032 2384 ἀρχηγῷ

363 2397 814 2474 προκεκλημὲνῳ
877 2397 1073 2474 τάχιον
1132 2395 1542 2472 ἆναντιρῥήτως
1614 2393 2034 2473 προσδεδραμη-

365 2489 504 2543 κότα
548 2487 639 2542 καὶ
687 2487 1017 2562 προφρόνως
1077 2484 1375 2560 ἑπόμενον,
1430 2486 1521 2540 καὶ
1577 2483 2027 2560 πρεπωδέστατον

369 2572 566 2640 ὅντως.

435 2846 634 2909 Πόσσις
662 2850 949 2922 τοιγαροῦν
979 2846 1069 2901 καὶ
1101 2844 1284 2908 ποίοις
1313 2849 1525 2917 τοῦτον,
1557 2845 1616 2906 ὃς
1650 2843 1712 2899 οὗ
1745 2846 2026 2919 Μωοαϊκῷ

362 2934 874 3014 πφοκατηχημένος
921 2937 987 3006 ἦν
1037 2936 1212 3009 νόμῳ,
1246 2933 1306 2990 οὐ
1338 2935 1682 3013 προφητικὰς
1731 2932 2024 2990 πεπαιδευ-

365 3023 527 3100 μῖνος
558 3025 767 3102 ῥήσεις,
802 3025 912 3102 οὐχ
941 3026 1243 3099 ἱστορικοῖς
1270 3025 1426 3079 θείων
1485 3023 1773 3100 τερατείων
1824 3045 2025 3101 προγε-

361 3116 742 3192 γυμνασμένος
815 3115 912 3177 τὰς
993 3115 1158 3175 ἀκοὰς
1232 3111 1591 3188 διηγήμασιν,
1679 3114 1744 3168 οὐ
1822 3119 2026 3186 σημεῖα

359 3208 730 3283 προιωρακὼς
806 3205 1331 3282 τερατουργοόμενα,
1403 3205 1814 3281 καταγεραίρειν
1892 3207 2022 3282 κρό-

356 3269 503 3367 τοις,
552 3269 828 3370 ἐὐφήμοις
869 3269 1214 3372 ’ἀναρρήσεσι
1274 3269 1624 3374 καταστέφειν
1684 3269 2020 3372 όφιίλομενς
2055 3269 2098 3338 C

364 3385 517 3447 ἆπως
542 3387 870 3458 ὲτοιμότατα
934 3383 1152 3441 Παύλου
1203 3385 1296 3439 τὸν
1353 3381 1561 3439 ἅπλοῦν
1594 3386 1901 3458 αροσήκατο
1930 3384 2025 3440 λό-

356 3495 481 3550 γον,
535 3472 732 3549 ἀνδρὸς
779 3471 1027 3542 ἰδιώτου,
1059 3473 1146 3528 καὶ
1179 3474 1431 3544 πένητος,
1457 3473 1546 3527 καὶ
1580 3472 1730 3544 ξένου
1759 3474 1906 3535 τινὸς
1937 3469 2026 3527 ὅν-

353 3583 475 3629 τος,
538 3563 598 3618 οὐ
661 3561 979 3639 ῥητορικαῖς
1038 3563 1482 3636 κεκομψευμὲνου
1523 3559 1854 3632 δεινώσεσιν,
1899 3561 2026 3618 οὖδὶ

360 3657 704 3731 σοφιστικαῖς
752 3654 1160 3728 τετεχνημένου
1191 3653 1536 3728 προτάσεσιν,
1582 3650 1708 3707 ἀλλ’
1740 3652 1853 3707 οἷόν
1907 3674 2026 3709 τινα

363 3743 572 3818 σπορὰν
628 3742 704 3804 είς
751 3743 855 3817 γὴν
901 3737 1280 3817 πρωτοϐόλως
1321 3736 1811 3813 καταϐεϐλημένην
1845 3739 2024 3818 δεδεγ-

364 3833 550 3904 μένος,
601 3831 692 3886 καὶ
733 3831 852 3886 κατ’
882 3827 1035 3885 οὐδὲν
1070 3828 1349 3892 ἐνδοιάσας
1379 3834 1457 3902 τῷ
1492 3831 1640 3904 βάθει
1672 3835 1781 3885 τῶν
1813 3836 2021 3908 φρενῶν

356 3915 641 3993 ἐμϐαλὼν,
679 3915 994 3982 εὐθυϐόλως
1025 3921 1151 3981 τοὺς
1195 3918 1518 3995 ζωηφόρους
1546 3927 1646 3988 τῆς
1680 3919 1901 3996 εὐαγοῦς
1931 3921 2020 3976 πί-

350 4030 525 4072 στεως
603 4008 844 4085 καρποὺς
917 4007 1367 4086 ἐτελεσφόρησεν,
1441 4010 1516 4072 ὡς
1570 4007 1766 4080 Ἠσαίᾳ
1819 4031 2021 4086 συγχο-

349 4100 528 4176 ρεύειν
590 4097 789 4170 ᾅδοντα
851 4098 1149 4174 μονονουχὶ
1201 4103 1278 4171 τῷ
1311 4093 1850 4175 προϐλεπτικωτάτῳ
1880 4119 2019 4172 προ-

350 4191 500 4266 φήτῃ
537 4189 762 4264 βοῶντι·
825 4190 924 4243 Διά
977 4189 1072 4243 τὸν
1131 4182 1298 4266 φόϐον
1347 4208 1465 4258 σου,
1525 4187 1706 4264 Κύριε,
1741 4187 1793 4243 ἐν
1826 4189 2018 4264 γαστρὶ

353 4273 626 4350 ἰλάϐομεν
655 4321 670 4344 ,
729 4277 818 4333 καὶ
879 4275 1244 4350 ὠδινήσαμεν,
1298 4276 1388 4332 καὶ
1449 4275 1701 4350 ἐτέκομεν
1731 4324 1744 4345 ,
1803 4282 2018 4351 πνεῦμα

358 4368 630 4444 σωτηρίας
682 4388 778 4422 σου
829 4366 1162 4440 ἆπιιήσαμεν
1215 4365 1303 4422 ἐπὶ
1353 4369 1453 4430 τῆς
1503 4369 1624 4442 γῆς.
1683 4369 1874 4423 Ταῦτα·
1897 4366 2019 4440 μὲν-

352 4471 444 4511 τοι
476 4461 689 4519 Λουκᾶς
719 4461 861 4530 ἡμῖν
901 4457 929 4511 ὁ
968 4453 1369 4531 μεγαλοκήρυξ,
1403 4456 1704 4529 συμπαρὼν
1733 4455 1814 4527 τῷ
1846 4455 2014 4511 Πνεό-

353 4565 509 4618 ματι,
567 4546 658 4601 καὶ
687 4547 790 4616 τήν
843 4546 992 4622 ἱερὰν
1053 4543 1253 4614 ταύτην
1314 4548 1411 4598 τοῦ
1449 4542 1844 4618 ἱερομάρτυρος
1876 4549 2012 4617 μνήο

2163 619 2424 690 suscepit
2447 635 2554 675 suo
2570 621 3020 693 fcecundamque
3036 639 3103 677 ac
3119 622 3554 680 nobilissimam
3575 625 3817 681 aristam

2165 707 2457 776 produxit.
2493 708 2616 764 Non
2677 709 2842 764 illum
2896 726 3028 765 cum
3056 709 3420 782 principatus
3446 713 3654 784 gloria,
3689 719 3816 769 tum

2163 796 2318 850 364
2341 798 3040 868 amplitudojudiciorum
3063 799 3242 854 veluti
3265 801 3415 870 juba
3445 807 3680 873 arrepta
3722 819 3817 858 re-

2161 887 2527 952 vocavit,non
2552 888 2879 943 amicorum
2911 893 2969 943 et
3000 906 3329 944 coaevorum
3365 891 3816 948 consuetudinis

2163 975 2519 1030 desiderium
2553 976 2721 1031 illum
2756 977 3144 1033 retraxit.Non
3162 979 3458 1036 violentus
3482 985 3814 1052 parentum,

2161 1066 3122 1138 agnatorum,domesticorumque
3143 1083 3312 1123 amor
3333 1069 3682 1136 retardavit;
3699 1085 3816 1127 non

2159 1151 2408 1208 insanus
2457 1154 2791 1210 divitiarum
2837 1173 2903 1211 ac
2928 1155 3372 1228 possessionum
3397 1157 3576 1213 variis
3620 1159 3813 1216 modis

2159 1239 2594 1312 implicantium
2628 1243 2790 1299 furor
2812 1244 3169 1316 ligavit.Non
3197 1245 3363 1301 illum
3382 1263 3696 1318 corporum
3717 1263 3816 1305 vo-

2155 1329 2353 1402 luptas
2383 1331 2653 1389 emolliit.
2687 1332 2812 1388 Non
2846 1333 3107 1389 delicata
3139 1335 3293 1401 vitae,
3344 1335 3811 1408 deliciarumque

2155 1421 2511 1478 desiderium
2537 1422 2704 1478 illum
2725 1424 3214 1490 eﬁ‘eminavit,sed
3241 1443 3370 1482 cum
3398 1429 3685 1499 praeconis
3705 1444 3808 1484 vo-

2153 1527 2278 1566 cem
2311 1512 2510 1567 divina
2533 1511 2830 1584 loquentis
2851 1514 3349 1582 audisset,omnia
3370 1532 3502 1588 quae
3517 1516 3809 1573 oblectare

2153 1599 2427 1656 mortales
2450 1608 2900 1672 consueverunt,
2925 1603 3092 1658 nihili
3126 1604 3370 1672 ducens,
3397 1623 3510 1661 non
3535 1623 3706 1662 secus
3738 1624 3805 1663 ac

2153 1689 2406 1759 magneti
2444 1690 2776 1757 ferrum,illi
2798 1691 3102 1748 confestim
3125 1692 3525 1750 adhaerescere
3547 1695 3800 1751 studuit.

2149 1779 2441 1834 Abraham
2490 1780 2726 1852 quidem
2763 1782 3156 1853 patriarcham
3193 1784 3472 1838 admirari
3515 1783 3800 1853 solemus,

2149 1883 2280 1922 cum
2308 1867 2447 1934 Deo,
2483 1873 2547 1922 ut
2583 1885 2612 1924 e
2645 1871 2992 1942 cognatione
3016 1888 3081 1927 ac
3115 1872 3303 1943 patria
3331 1873 3514 1928 exiret
3539 1890 3668 1939 sua,
3700 1888 3796 1928 ex-

2143 1959 2529 2029 traneamque
2560 1975 2625 2012 ac
2655 1958 2918 2030 ignotam
2945 1961 3554 2032 peteret,praecipienti
3578 1963 3799 2018 obtem-

2143 2052 2446 2120 perantem
2480 2049 2840 2116 audivimus,
2872 2054 2929 2105 et
2955 2050 3319 2122 valdejuste.
3351 2051 3793 2107 Eliseumdivi-

2143 2136 2236 2192 nis
2267 2137 2571 2204 praeconiis
2603 2138 3064 2204 eﬁ‘erimus,cum
3095 2141 3435 2212 boumjuga
3455 2140 3793 2213 dereliquit,

2142 2242 2208 2280 ac
2239 2226 2597 2283 domesticos
2648 2227 2804 2283 lares
2852 2227 3020 2284 laetus
3055 2229 3303 2295 dimisit,
3334 2237 3390 2284 et
3418 2228 3597 2284 Eliam
3630 2230 3795 2285 afﬂa-

2141 2318 2266 2370 tum
2299 2315 2545 2370 numine
2575 2315 2997 2389 fervidum,qui
3032 2333 3094 2373 se
3123 2321 3376 2384 vocaret,
3411 2317 3612 2390 procul
3633 2319 3794 2374 omni

2143 2421 2307 2460 mora
2339 2409 2578 2461 secutus
2609 2410 2783 2473 est,et
2813 2423 2956 2462 sane
3006 2408 3162 2478 jure.
3203 2407 3542 2480 Philippum
3587 2425 3796 2464 rursus

2138 2493 2340 2549 Jesum
2373 2494 2583 2550 salutis
2615 2499 2915 2551 auctorem
2948 2500 3280 2568 vocantem,
3336 2496 3598 2553 celeriter
3645 2496 3797 2552 nihil

2141 2587 2514 2640 cunctantem
2541 2584 2888 2651 accurrisse,
2916 2601 3174 2656 eumque
3222 2591 3494 2658 prompte
3525 2590 3798 2643 secutum

2139 2673 2419 2729 laudibus
2450 2672 2814 2742 extollimus,
2846 2678 2904 2730 et
2939 2675 3179 2746 quidem
3214 2675 3649 2733 decentissime.

2208 2852 2330 2916 Quo
2361 2851 2545 2924 igitur
2575 2851 2810 2924 plausu,
2831 2868 3019 2924 quove
3045 2867 3259 2925 genere
3280 2851 3522 2908 laudum
3556 2852 3650 2908 hic
3679 2852 3790 2909 ho-

2137 2941 2488 3006 nestandus,
2544 2958 2608 2997 ac
2640 2941 2914 3011 praeconii
2947 2959 2981 2998 a
3009 2942 3180 2998 nobis
3224 2943 3597 2999 coronandus
3627 2941 3790 2999 vide-

2134 3035 2252 3099 tur,
2277 3030 2379 3102 qui
2415 3047 2530 3086 non
2572 3029 2686 3102 legi
2741 3029 3007 3086 Mosaica
3040 3030 3338 3097 subditus,
3400 3047 3505 3086 nec
3552 3031 3792 3087 oracula

2137 3119 2552 3193 prophetarum
2595 3120 2859 3191 edoctus,
2911 3136 3030 3175 non
3091 3119 3394 3176 historicis
3453 3119 3792 3176 divinorum

2136 3210 2536 3281 prodigiorum
2561 3208 3003 3264 narrationibus
3015 3209 3538 3276 exercitatus,necd
3551 3227 3648 3265 um
3669 3209 3794 3266 ulla

2135 3299 2388 3354 intuitus
2412 3301 2622 3367 praeter
2652 3302 2927 3352 naturam
2949 3298 3107 3353 edita
3138 3298 3669 3371 signa,simplicem
3704 3303 3792 3355 ta-

2137 3404 2268 3442 men
2297 3387 2458 3442 Pauli
2484 3386 2955 3458 prtedicationem
2981 3387 3262 3458 suscepit,
3295 3386 3556 3459 imperiti
3587 3389 3795 3458 cujus-

2135 3478 2271 3532 dam
2291 3475 2571 3543 hominis,
2599 3474 2873 3547 pauperis
2897 3492 2963 3530 ac
2990 3476 3422 3548 peregrini,qui
3457 3492 3562 3532 nec
3595 3481 3792 3532 orato-

2136 3564 2234 3619 riae
2267 3563 2410 3618 artis
2442 3564 2806 3619 ornamentis
2828 3562 3158 3632 excelleret,
3186 3580 3289 3618 nec
3321 3561 3460 3619 ullis
3504 3562 3791 3634 scphisti-

2134 3654 2220 3708 cis
2242 3652 2743 3723 propositionibus
2774 3652 3058 3708 niteretur
3077 3651 3330 3707 ?Vernm
3357 3651 3442 3707 uti
3466 3655 3792 3708 sementem

2133 3743 2450 3814 quamdam
2485 3741 2543 3796 in
2575 3742 3028 3811 terramjactam
3053 3758 3184 3796 cum
3219 3740 3475 3813 primum
3499 3741 3787 3812 suscepit,

2133 3831 2398 3903 nihilque
2421 3830 2705 3886 dubitans
2722 3829 2952 3885 intimis
2967 3829 3241 3886 sensibus
3272 3830 3618 3900 reposuit,et
3636 3829 3791 3885 vita-

2130 3921 2217 3976 les
2241 3920 2373 3975 ﬁdei
2403 3921 2628 3974 fructus
2657 3936 2790 3974 mox
2820 3937 2853 3974 a
2871 3918 3290 3990 seminisjactu
3311 3919 3606 3974 uberrime
3626 3919 3786 3985 tulit,

2132 4014 2198 4064 ut
2229 4026 2362 4064 cum
2397 4009 2548 4063 Isaia
2604 4007 2890 4080 propheta
2941 4007 3457 4078 providentissime
3489 4006 3786 4062 clamante

2131 4099 2248 4154 fere
2279 4097 2544 4153 hilariter
2565 4103 2757 4152 canat.
2801 4096 2885 4153 Ob
2933 4095 3204 4152 timorem
3268 4101 3460 4164 tuum,
3520 4095 3788 4161 Domine,

2129 4187 2508 4260 concepimus
2522 4191 2580 4241 et
2611 4185 3128 4256 parturivimus,ac
3151 4184 3485 4257 peperimus
3509 4184 3788 4256 spiritum

2127 4276 2337 4332 salutis
2370 4280 2501 4343 tuae,
2538 4292 2712 4348 quem
2747 4290 2925 4346 super
2955 4280 3172 4331 terram
3221 4274 3468 4330 fecimus
3498 4274 3620 4345 (m).
3655 4273 3787 4329 llaec

2126 4382 2268 4421 sane
2291 4367 2472 4420 Lucas
2495 4365 2746 4419 eximius
2771 4380 2982 4436 praeco,
3015 4365 3155 4419 dum
3200 4363 3414 4435 spiritu
3448 4362 3617 4418 nobis
3641 4362 3788 4418 assi-

2126 4459 2322 4522 steret,
2343 4454 2639 4526 simulque
2661 4454 2812 4508 hanc
2831 4469 3057 4508 sacram
3085 4454 3235 4508 sacri
3263 4452 3543 4524 martyris
3561 4468 3785 4507 memo-

2125 4545 2270 4600 riam
2294 4543 2528 4612 coleret,
2546 4541 2906 4615 percensuit,
2927 4557 3130 4596 eorum
3165 4540 3556 4607 multitudini,
3593 4540 3691 4611 qui
3718 4539 3785 4594 il-

355 4656 466 4707 μην
519 4635 913 4710 συνεορτάζων,
970 4634 1061 4690 καὶ
1109 4635 1206 4702 τῆς
1254 4637 1362 4688 τῶν
1422 4632 1787 4708 ἑορταζόντων
1846 4632 2012 4703 αὐτὴν

2148 4651 2241 4689 am
2268 4633 2564 4688 celebrant
2586 4648 2652 4687 ac
2683 4630 3015 4700 dilaudant,
3044 4646 3260 4702 praeses
3293 4646 3358 4685 ac
3398 4629 3641 4685 laudum
3661 4629 3780 4684 dux

342 4723 435 4777 καὶ
481 4723 798 4797 ὑμνούντων
850 4723 1174 4800 ὁμηγόρεως
1215 4723 1564 4792 καθεστηκὼς
1612 4717 1860 4798 ἔξαρχος,
1912 4723 2003 4800 καὶ

341 4816 453 4867 τῶν
486 4812 722 4869 ἐπαίνων
753 4797 1196 4890 προηγοόμενος,
1229 4809 1633 4882 διεξελήλυθεν.
1684 4797 1826 4868 ’Όσα
1857 4809 1912 4867 δὲ
1941 4797 2010 4866 δι⁹

344 4901 590 4980 ἀγράφου
674 4901 1029 4976 παραδόσεως
1104 4901 1140 4970 ἢ
1218 4900 1486 4979 ἰγγράφου
1567 4900 2011 4979 παρειλήφαμεν,

341 4995 515 5046 ταῦτα
565 4997 645 5065 τῷ
700 4996 807 5048 τῶν
870 4992 1161 5070 ἐγκωμίων
1224 4990 1520 5069 ὑφάσματι,
1579 4989 1818 5066 καθάπερ
1880 4992 2012 5045 ἅττα

345 5079 737 5156 δαιδαλμάτων
774 5081 1062 5157 ἐγείροντες
1115 5079 1271 5152 ἄνθη,
1323 5081 1413 5135 καί
1456 5102 1596 5134 τισιν
1644 5081 1825 5157 ὥσπερ
1883 5079 2011 5151 ἡδό-

343 5192 514 5244 σμασι
544 5173 644 5241 τὴν
671 5173 1048 5245 πνευματικὴν
1092 5169 1612 5245 καταγλυκαίνοντες
1644 5169 1839 5242 ἑστίαν,
1873 5169 2009 5239 ἥκο-

345 5282 446 5333 μεν
481 5259 610 5334 ὑμῖν
642 5266 757 5324 τοῖς
792 5258 1199 5336 φιλακροάμοσί
1230 5280 1288 5314 τε
1330 5260 1420 5314 καί
1469 5265 1858 5331 πνευματικοῖς
1891 5256 2010 5313 δαι-

336 5350 544 5420 τυμόσι
575 5349 1043 5424 παραθησόμενοι.
1092 5351 1356 5410 Τοιοῦτος
1387 5345 1476 5402 οὗν
1506 5346 1583 5408 εἷς
1631 5349 1780 5420 ἡμᾶς
1807 5349 2010 5418 κατήν-

335 5458 478 5508 τηκε
503 5438 691 5514 Λόγος,
724 5439 980 5503 ἀνέκαθεν
1011 5437 1147 5511 πρὸς
1179 5439 1384 5514 πατρὸς
1440 5433 1595 5491 παιδί
1645 5433 2011 5512 παραδιδομεο

333 5547 459 5590 νος.
509 5528 598 5590 Ὠς
631 5529 660 5584 ὁ
689 5527 858 5605 μέγας
889 5526 1174 5590 Διονύσιος
1207 5524 1385 5597 οὗτος,
1416 5526 1555 5582 κατὰ
1578 5525 1670 5580 τὸν
1702 5529 1798 5580 τοῦ
1831 5546 2011 5597 σωτη-

407 5709 524 5816 ’(m)
549 5743 660 5803 Isa.
693 5760 848 5814 κινι,
881 5742 969 5801 18.

2123 4723 2827 4791 adhibitus.0uaacunque
2847 4736 2980 4775 vero
2999 4736 3067 4775 ex
3105 4718 3340 4790 scriptis
3369 4724 3473 4774 aut
3489 4735 3602 4772 non
3627 4718 3779 4773 scri-

2123 4813 2242 4884 ptis
2265 4811 2665 4867 monumentis
2689 4810 3059 4880 collegimus,
3095 4809 3214 4863 harc
3256 4809 3459 4863 eadem
3487 4807 3776 4863 contextis

2123 4899 2513 4964 laudibus,uti
2547 4899 2812 4970 quaedam
2849 4897 3419 4954 ornamentaﬂorum
3445 4903 3774 4962 assuentes,

2121 5009 2190 5047 ac
2219 4989 2550 5046 convivium
2576 4989 2726 5045 865
2755 4988 3117 5060 quibusdam
3151 4986 3322 5058 quasi
3357 4985 3574 5041 divinis
3603 5001 3778 5057 sapo-

2123 5081 2287 5136 ribus
2309 5078 2672 5146 condientes,
2700 5078 2986 5133 adsumus
3051 5094 3246 5132 coram
3296 5075 3463 5132 vobis
3497 5074 3778 5143 convivis,

2123 5169 2224 5241 qui
2254 5168 2454 5223 divina
2484 5167 2736 5222 libenter
2765 5167 2984 5222 auditis
3026 5167 3377 5238 apposituri.
3411 5165 3574 5222 Talis
3600 5163 3784 5237 igitur

2125 5259 2369 5314 historia
2398 5257 2575 5329 longa
2619 5262 2949 5327 temporum
2985 5255 3335 5328 serie,quasi
3370 5273 3404 5310 a
3445 5259 3609 5328 patre
3643 5253 3782 5310 ﬁliis

2122 5347 2357 5416 tradita,
2388 5348 2455 5401 ad
2492 5363 2596 5401 nos
2631 5362 2819 5416 usque
2851 5345 3136 5417 pervenit.
3201 5347 3344 5400 Cum
3385 5361 3640 5417 magnus
3669 5343 3782 5400 iste

2121 5436 2434 5510 Dionysius
2463 5441 2726 5507 tempore
2758 5451 2874 5506 quo
2908 5439 3181 5490 Servator
3203 5433 3498 5505 supplicio
3520 5439 3611 5489 est
3643 5433 3776 5488 alle-

2122 5533 2273 5594 ctus,
2308 5525 2541 5595 quando
2574 5529 2729 5579 terra
2759 5539 3048 5580 concussa
3078 5528 3189 5590 est,
3222 5529 3398 5594 atque
3427 5523 3513 5580 sol
3554 5539 3668 5578 non
3693 5523 3776 5578 fe-
