4106 6380
270 387 454 454 ’627

1586 407 1644 460 8.
1692 403 2014 459 DIONYSII
2051 404 2534 459 ARBOPAGITE

3673 405 3781 460 628

350 547 486 589 rens
508 530 776 602 opificem
808 530 1500 604 universorum,eumque
1526 533 1624 604 qui
1655 532 1991 590 obdivinam

2118 530 2236 607 ρίου
2290 533 2500 594 πάθους
2544 532 2756 608 καιρὸν,
2806 528 2969 600 ἡνίκα
3021 525 3355 584 διεκλονεῖτο
3385 535 3486 604 γῆ,
3527 530 3621 584 καὶ
3678 532 3777 594 τὰς

349 619 747 677 substantiam
778 620 1100 693 cujuslibet
1125 622 1606 694 perturbationis,
1638 640 1705 679 ac
1726 623 2000 680 interitus

349 724 555 780 expers
577 713 721 777 erat,
743 708 904 781 ligno
936 725 1109 767 carne
1139 710 1358 783 suffigi,
1394 728 1534 767 suos
1583 711 1773 783 ipsius
1804 713 2000 768 radios

347 796 407 853 in
440 798 682 854 meridie
702 799 1074 866 occultasset,
1125 818 1241 872 pra:
1290 805 1408 855 tam
1467 802 1803 857 admirabili
1848 804 2000 858 facto

348 886 1586 961 vehementerstupefactus,humanamque
1607 890 2000 962 cognitionem

348 992 795 1049 supergressus,
824 979 1038 1033 factum
1067 976 1211 1033 illud
1238 981 1622 1052 perpendens.
1656 1003 1683 1030 ‹‹
1715 981 1891 1049 Deus,
1918 981 2001 1035 in-

350 1065 502 1137 quit,
524 1066 764 1138 ignotus
785 1083 961 1123 carne
993 1067 1233 1139 patitur,
1261 1069 1431 1139 cujus
1479 1086 1661 1127 causa
1689 1071 1848 1126 orbis
1871 1069 1998 1125 uni-

350 1169 556 1210 versus
569 1155 828 1211 tenebris
845 1155 1155 1219 oﬂ'usus,et
1170 1157 1502 1214 turbatione
1516 1164 2001 1215 concussusest.»

352 1242 751 1316 Protinusque
796 1262 865 1301 eo
890 1245 1016 1317 ipso
1039 1250 1303 1319 tempore
1327 1264 1442 1319 quo
1467 1253 1585 1304 tam
1612 1249 1843 1321 insigne
1866 1266 2001 1305 con-

346 1331 580 1403 jectans
603 1333 975 1401 observabat,
1001 1334 1141 1405 quid
1194 1335 1330 1390 hinc
1374 1337 1697 1409 signiﬁcari
1741 1339 2001 1394 daretur.

348 1421 529 1492 Atqui
553 1421 1004 1479 horrendissimi
1038 1423 1200 1479 illius
1231 1424 1375 1480 solis
1404 1428 1665 1483 defectus
1705 1427 1828 1498 ipse
1859 1444 2005 1499 quo-

350 1525 465 1582 que
496 1510 553 1565 in
586 1509 848 1582 Epistola
878 1512 949 1568 ad
985 1512 1372 1587 Polycarpum
1397 1516 1757 1573 mentionem
1778 1516 1931 1573 fecit.

423 1814 710 1871 Ceterum
745 1820 981 1888 praestat
1020 1816 1345 1874 orationem
1395 1819 1858 1893 elegantissimis
1878 1823 2007 1893 ejus

2111 621 2301 675 ἑαυτοῦ
2373 622 2735 695 μαρμαρυγὰς
2809 616 3076 692 μεσούσης
3130 616 3340 690 ἡμέρας
3408 618 3779 694 κατέκρυπτεν

2109 709 2293 778 ἥλιος,
2349 713 2425 783 μὴ
2459 709 2634 787 φέρων
2684 710 2776 764 τὸν
2826 712 2924 763 τοῦ
2955 707 3160 770 παντὸς
3214 703 3559 783 δημιουργὸν
3614 707 3774 781 ῒκρίῳ

2110 800 2343 872 καθορᾷν
2401 799 2557 875 σαρκὶ
2613 796 3127 872 προσπηγνῦμενον,
3178 794 3271 849 καὶ
3330 797 3562 851 θανάτου
3612 796 3777 873 γευό-

2116 910 2297 963 μενον,
2332 889 2427 943 τὸν
2470 889 2653 954 ἀπαθῆ
2701 909 2760 942 τε
2800 888 2919 941 κατ’
2971 884 3151 940 οὐσίαν
3193 886 3380 955 θεϊκήν
3432 885 3524 940 καὶ
3579 883 3775 941 άνὸλε-

2113 991 2262 1052 θρον,
2297 978 2383 1033 ἐπὶ
2431 982 2510 1050 τῷ
2543 975 2831 1051 παραδόξῳ
2864 972 3073 1054 σφόδρα
3101 974 3376 1059 τεθηπὼς,
3430 975 3520 1029 καὶ
3549 975 3651 1044 τὴν
3679 976 3777 1030 ἀν-

2111 1066 2381 1143 θρωπείαν
2448 1060 2837 1140 ὑπερϐεϐηκὼς
2898 1068 3119 1140 γνῶσιν,
3168 1065 3509 1134 κατανοήσας
3564 1064 3631 1119 τὸ
3685 1085 3775 1141 γε·

2110 1153 2293 1232 γονάς’
2327 1182 2353 1207 ‹‹
2388 1162 2447 1212 Ὀ
2491 1157 2790 1230 ἄγνωστος,
2842 1152 2967 1232 ἔφη,
3003 1152 3160 1230 σαρκῖ
3192 1153 3396 1229 πάσχει
3427 1153 3580 1224 Θεὸς,
3615 1151 3687 1209 δι’
3717 1154 3776 1210 ὃν

2110 1247 2174 1301 τὸ
2204 1250 2308 1300 πᾶν
2341 1244 2609 1320 ἐζόφωταί
2640 1266 2700 1299 τε
2735 1243 2824 1298 καὶ
2856 1241 3194 1299 σεσάλευται.
3227 1263 3254 1294 ι
3297 1243 3393 1299 Καὶ
3435 1245 3781 1319 παραχρῆμα

2110 1336 2202 1391 τὸν
2233 1335 2582 1411 χρόνον,καθ’
2608 1335 2668 1388 ’ὸν
2697 1334 2851 1389 τουτὶ
2878 1333 2941 1387 τὸ
2973 1333 3312 1408 παγκόσμιον
3347 1331 3655 1388 ἐτετέΛεατο
3685 1353 3774 1388 τε·

2116 1424 2492 1501 ρατούργημα,
2566 1421 3089 1497 τεκμηριωσάμενος
3152 1419 3337 1493 ἐτήρει
3386 1425 3517 1497 παρ’
3573 1421 3772 1494 ἐαυτῷ,

2111 1512 2424 1577 τούντεῦθεν
2458 1510 2918 1588 διαγγελούμενον
2946 1507 3284 1586 καραδοκῶν.
3320 1509 3609 1582 Μέμνηται
3642 1512 3770 1584 μέν·

2112 1623 2199 1657 τοι
2230 1602 2429 1666 καύτὸς
2456 1600 2508 1656 ἐν
2538 1605 2607 1676 τῇ
2639 1601 2776 1674 πρὸς
2797 1599 3156 1676 Ιῐολύκαρπον
3190 1598 3456 1674 ἐπιστολῇ
3486 1602 3583 1670 τῆς
3612 1599 3776 1671 ἡλια-

2114 1693 2216 1760 κῆς
2251 1690 2544 1765 ἐκλείψεως
2577 1688 2787 1760 ἐκείνης
2812 1696 2913 1759 τῆς
2943 1685 3409 1766 φρικωδεστάτης.

2186 1818 2448 1890 ’Δμεινον
2476 1813 2532 1872 δὲ
2556 1817 2648 1872 τὸν
2695 1814 2862 1891 λόγον
2893 1819 3013 1877 τοῖς
3052 1814 3257 1869 ἐκείνου
3282 1817 3380 1869 τοῦ
3436 1817 3505 1888 τῇ
3534 1813 3774 1891 θεοῤῥη-

353 1905 568 1967 verbis.
601 1905 702 1977 qui
761 1904 1098 1976 eloquentia
1155 1920 1223 1963 ac
1252 1908 1451 1964 divina
1481 1911 1735 1980 quadam
1772 1912 1991 1966 dicendi

2118 1906 2324 1981 μοσύνῃ
2369 1908 2455 1961 καὶ
2508 1904 2810 1982 εὐγλωττίᾳ
2866 1903 3078 1959 πάντων
3142 1904 3607 1982 ὑπερφερεστάτου
3637 1901 3777 1959 καλ-

354 1992 633 2049 iacultate
654 2008 860 2049 omnes
882 1993 1463 2067 excelluit,tanquam
1486 2000 1705 2071 regiam
1726 2016 2000 2056 coronam

345 2081 623 2153 pretiosis
637 2081 1418 2155 aclucidissimislapidibus
1440 2088 2000 2145 condecorare.Cum

346 2171 506 2227 enim
523 2170 960 2243 Apollophanes
982 2172 1069 2228 vir
1090 2172 1788 2249 philosophus,religione
1810 2180 1998 2251 genti-

343 2257 421 2314 lis
447 2264 621 2326 esset,
664 2264 842 2330 atque
874 2260 1030 2316 hunc
1083 2262 1521 2331 beatissimum,
1553 2268 1996 2337 magnanimum

343 2353 403 2403 et
425 2348 841 2404 admirandum
881 2351 1097 2421 virum,
1131 2367 1387 2423 quocum
1425 2356 1776 2412 necessitate
1807 2372 1873 2412 ac
1896 2373 1996 2429 ge-

348 2454 488 2493 nere
517 2439 875 2509 conjunctus
908 2445 1054 2508 erat,
1089 2442 1222 2496 odio
1255 2451 1726 2515 prosequeretur,
1762 2463 1828 2501 ac
1859 2463 1995 2503 con-

346 2526 513 2582 viciis
535 2528 812 2599 jactaret,
848 2535 910 2584 ut
941 2529 1039 2601 qui
1062 2531 1214 2586 ritus
1245 2533 1469 2604 patrios
1501 2534 1908 2604 detestaretur,
1940 2542 1997 2593 et

344 2615 820 2673 Christianorum
857 2619 1030 2674 fidem
1086 2619 1204 2675 illis
1238 2621 1552 2692 praeferret,
1590 2624 1826 2695 coloret,
1871 2644 1994 2682 am-

343 2706 716 2777 plecteretur,
749 2724 816 2763 ac
848 2725 952 2779 pro
1002 2709 1131 2780 ipsa
1158 2715 1443 2782 tanquam
1486 2716 1992 2787 propugnaculum

341 2795 713 2851 validissime
745 2802 946 2864 staret,
980 2799 1269 2869 rebusque
1285 2800 1595 2871 gentilium
1620 2810 1820 2860 contra
1854 2822 1995 2878 gen-

337 2883 475 2940 tiles
500 2889 798 2940 uteretur:
825 2885 933 2941 hoc
963 2888 1287 2943 convicium
1317 2895 1375 2943 et
1404 2892 1837 2949 accusationem
1861 2910 1994 2950 cum

340 2972 661 3044 Dionysius
684 2981 940 3031 evertere
961 2977 1333 3044 decrevisset,
1362 2978 1692 3051 Polycarpo,
1724 2982 1822 3052 qui
1848 2983 1995 3038 mul-

343 3061 418 3118 tis
441 3079 572 3119 cum
600 3062 832 3134 pietatis
855 3069 982 3120 tum
1003 3065 1235 3122 virtutis
1256 3069 1541 3125 fructibus
1570 3070 1994 3145 ﬂorebat,apud

342 3164 517 3219 quem
543 3156 599 3204 et
629 3151 896 3222 sephista
918 3152 1014 3209 ille
1046 3155 1306 3210 convicia
1346 3156 1691 3230 jactaverat,
1723 3158 1843 3215 hazc
1861 3162 1998 3215 scri-

2113 1992 2488 2058 λιεπεστάτοις
2528 1990 2863 2068 καθωραΐσαι
2898 1991 3105 2068 λόγοις,
3162 1993 3252 2046 οἷα
3308 1996 3415 2046 τῶν
3447 1989 3776 2047 πολυτελῶν

2112 2081 2284 2138 λίθων
2312 2089 2431 2145 τοῖς
2460 2081 2871 2157 διαυγεστάτοις
2921 2080 3195 2155 βασίλειον
3259 2077 3522 2154 διάδημα.
3562 2080 3778 2139 Ἀπολ-

2111 2170 2379 2252 λοφάνους
2426 2172 2529 2249 γὰρ
2589 2169 2783 2248 ἀνδρὸς
2817 2168 3144 2249 φιλοσόφου,
3174 2171 3273 2240 τήν
3308 2171 3596 2245 θρησκείαν
3634 2170 3775 2229 ’Ἐλ-

2109 2260 2277 2333 ληνος
2304 2261 2689 2338 τυγχάνοντος,
2738 2259 3076 2334 νεμεσῶντος
3124 2281 3183 2315 τε
3209 2259 3301 2315 καὶ
3333 2257 3772 2334 λοιδορουμένου

2106 2355 2184 2423 τῷ
2212 2346 2518 2427 τρισολϐίῳ
2547 2352 2726 2424 τούτῳ
2765 2350 2855 2405 καὶ
2908 2346 3337 2425 μεγαλεμπόρῳ,
3389 2350 3478 2405 καὶ
3541 2350 3770 2425 ἀξιαγά-

2107 2462 2236 2514 στῳ,
2270 2441 2344 2503 ὡς
2378 2440 2573 2517 ἑταίρῳ
2604 2437 2763 2510 δῆθεν
2796 2433 2910 2494 ὄντι
2943 2435 3194 2517 φιλτάτῳ
3238 2437 3328 2492 καὶ
3383 2438 3663 2513 ὁμογενεῖ,
3695 2440 3766 2494 τὰ

2104 2534 2330 2604 πατρῷα
2391 2530 2485 2602 μὲν
2549 2527 2942 2601 μυσαττομένῳ
2997 2521 3328 2599 σεϐάσματα,
3384 2528 3483 2597 τήν
3544 2524 3604 2582 δὲ
3648 2532 3758 2583 τῶν

2104 2622 2440 2694 Χριστιανῶν
2497 2622 2864 2694 προτιμῶντι,
2907 2616 2997 2671 καὶ
3056 2615 3319 2689 μετιόντι,
3376 2616 3467 2670 καὶ
3524 2616 3768 2685 ἀσπαζο-

2111 2707 2253 2782 μένῳ
2309 2707 2488 2762 πίστιν
2519 2754 2534 2780 ,
2592 2708 2683 2762 καὶ
2735 2706 2903 2776 αὐτῆς
2957 2705 3431 2780 ἆγωνιστικώτατα
3496 2705 3770 2781 προασπί-

2108 2802 2281 2867 ζοντι,
2312 2796 2402 2851 καὶ
2431 2801 2545 2859 τοῖς
2577 2793 2865 2866 Ἑλλήνων
2917 2793 3052 2849 κατὰ
3079 2798 3186 2848 τῶν
3215 2792 3503 2864 Ἐλλήνων
3536 2795 3771 2871 χρωμέ-

2105 2904 2203 2959 νῳ’
2244 2887 2344 2955 τὴν
2385 2884 2666 2960 λοιδορίαν
2720 2884 2809 2939 καὶ
2865 2896 3079 2957 νέμεσιν
3136 2882 3514 2953 άνασκευάζειν
3579 2883 3776 2939 ὑποτι-

2109 2975 2333 3048 θέμενος
2361 2980 2438 3048 τῷ
2493 2974 2730 3038 πολλοῖς
2787 2969 3090 3035 θεοσεϐείας
3138 2971 3228 3027 καί
3277 2972 3475 3049 ἀρετῆς
3502 2972 3767 3043 τεθηλότι

2106 3070 2338 3140 καρποῖς
2367 3066 2734 3140 Πολυκάρπῳ,
2765 3064 2901 3138 πρὸς
2958 3063 3011 3118 έν
3044 3062 3134 3117 καὶ
3167 3063 3195 3117 ὁ
3227 3062 3490 3139 σοφιστῆς
3522 3061 3768 3117 ἐποιεῖτο

2104 3156 2173 3210 τά
2202 3155 2530 3227 σκώμματα,
2577 3151 2706 3208 τάδε
2766 3152 2921 3231 φησί’
2972 3177 3001 3205 ‹‹
3034 3150 3110 3207 Σὺ
3168 3148 3226 3206 δὲ
3256 3149 3361 3230 φῂς
3395 3148 3771 3227 λοιδορεῖσθαί

341 3239 463 3294 bit:
504 3260 531 3294 α
561 3241 647 3297 Τυ
674 3259 809 3297 vero
830 3243 1296 3316 Apollophanem
1321 3247 1651 3317 sophistam
1686 3250 1991 3307 maledicta

2111 3265 2204 3317 μοι
2235 3245 2328 3299 τὸν
2354 3246 2613 3320 σοφιστὴν
2647 3241 3097 3320 Ἀπολλοφάνην,
3128 3238 3218 3296 καὶ
3257 3240 3595 3311 πατραλοίαν
3624 3239 3769 3295 ἀπο-

2176 3331 2195 3346 \
2243 3338 2265 3346 ..
2391 3333 2404 3346 ο
2573 3338 2596 3346 ..
2680 3324 2761 3346 .u-‘c\
2780 3329 2799 3346 κ
2839 3333 2851 3346 ι
3024 3328 3039 3346 ο
3093 3329 3104 3344 ι
3233 3328 3246 3346 \
3335 3328 3428 3346 nn‘
3448 3327 3468 3346 Ν
3696 3330 3710 3346 ν

341 3327 401 3383 in
428 3345 521 3385 me
542 3345 1096 3404 congerere,meque
1121 3336 1464 3405 patricidam
1501 3339 1796 3409 appellare
1818 3340 1987 3409 dicis,

338 3420 406 3471 ut
422 3419 841 3490 quigentilium
868 3421 1040 3476 dictis
1065 3421 1219 3477 haud
1239 3424 1328 3494 pie
1352 3430 1554 3481 contra
1567 3428 1991 3501 gentilesipsos

336 3507 492 3561 utar.
528 3508 704 3578 Atqui
731 3525 837 3564 nos
871 3508 975 3565 hoc
1007 3510 1203 3582 ipsum
1241 3513 1429 3569 verius
1461 3514 1801 3587 intorquere
1831 3517 1888 3571 in
1925 3518 1990 3571 il-

328 3592 450 3649 lum
479 3611 807 3666 possemus,
834 3600 988 3670 quod
1024 3600 1277 3671 gentiles
1304 3602 1583 3658 adversus
1616 3605 1812 3661 divina
1840 3606 1989 3660 divi-

335 3681 429 3738 nis
453 3699 566 3738 non
601 3684 694 3756 pie
725 3691 991 3753 utuntur,
1024 3694 1305 3744 conantes
1347 3707 1448 3761 per
1480 3693 1833 3763 sapientiam
1865 3694 1991 3749 cul-

331 3775 461 3827 tum
488 3771 587 3828 Dei
613 3774 874 3830 divinum
901 3778 1525 3851 exterminare.Neque
1544 3797 1650 3853 ego
1672 3799 1813 3837 sane
1836 3800 1992 3838 nunc

336 3860 409 3917 de
439 3861 838 3921 multitudinis
862 3866 1137 3938 opinione
1163 3867 1389 3939 loquor,
1423 3886 1549 3941 qua:
1583 3871 1640 3925 in
1684 3877 1989 3943 poetarum

332 3949 553 4006 fabulis
572 3968 812 4025 corpore
837 3959 895 4010 et
924 3957 1226 4027 voluptate
1249 3959 1589 4029 acquiescit.
1609 3960 1755 4023 Quin
1782 3964 1837 4015 et
1868 3961 1991 4032 ipse

331 4039 767 4112 Apollophanes
790 4045 1073 4100 adversus
1095 4046 1296 4102 divina
1318 4047 1534 4103 nefarie
1556 4048 1770 4104 divinis
1786 4050 1987 4107 utitur.

333 4128 471 4184 Erat
487 4130 643 4186 enim
661 4137 1057 4190 consentanea
1071 4152 1121 4190 m
1141 4150 1239 4191 eos
1253 4137 1635 4208 qui366veri
1652 4138 1988 4212 philosOphi

330 4223 604 4289 sunt,per
626 4218 778 4276 hanc
801 4239 998 4278 rerum
1024 4224 1441 4297 cognitionem,
1459 4244 1587 4299 quae
1621 4229 1729 4284 rite
1754 4229 1829 4284 ab
1861 4229 1990 4301 ipso

331 4304 709 4380 philosophia
746 4310 982 4381 dicitur,
1039 4329 1281 4385 quaeque
1316 4333 1349 4371 a
1380 4314 1444 4371 D.
1492 4316 1671 4372 Paulo
1703 4318 1992 4389 sapientia

332 4397 433 4453 Dei
464 4398 757 4471 appellata
778 4407 884 4470 est,
903 4404 974 4459 ad
991 4410 1291 4462 auctorem
1328 4423 1458 4461 curn
1486 4408 1747 4479 ipsarum
1774 4426 1988 4478 rerum,

330 4488 459 4541 tum
483 4488 834 4560 cognitionis
857 4491 1117 4565 illorum,
1147 4494 1469 4551 adduci.Ae
1504 4513 1573 4551 ne
1608 4496 1859 4553 aliorum
1889 4503 1990 4554 aut

330 4575 522 4648 ipsius
547 4580 885 4652 Opinionem
920 4589 1125 4641 contra
1157 4586 1494 4641 institutum
1551 4603 1744 4642 meum
1781 4591 1987 4643 cont‘u-

2104 3331 2317 3402 καλεῖν,
2375 3333 2449 3395 ὡς
2507 3338 2623 3395 τοῖς
2680 3324 2962 3402 Ἑλλήνων
3021 3328 3109 3385 ἐπὶ
3165 3328 3291 3392 τοὺς
3335 3327 3624 3399 Ἓλληνας
3655 3330 3769 3405 οὐχ

2100 3423 2266 3485 ὁσίως
2314 3421 2610 3498 ’χρωμένῳ-
2655 3421 2830 3477 καίτοι
2880 3420 3017 3494 πρὸς
3067 3419 3224 3474 αὐτὸν
3275 3420 3426 3492 ἡμᾶς
3455 3419 3523 3487 ἦν
3557 3417 3768 3489 ἀληθέ-

2100 3532 2285 3585 στερον
2342 3511 2531 3579 εἰπεῖν,
2567 3511 2642 3573 ὡς
2690 3507 2964 3580 ’Έλληνες
2992 3514 3108 3563 τοῖς
3140 3508 3306 3569 θείοις
3336 3506 3441 3584 οὐχ
3472 3506 3638 3570 ὁσίως
3665 3507 3773 3563 ἐπὶ

2097 3601 2163 3655 τὰ
2193 3606 2310 3664 θεῖα
2346 3605 2613 3676 χρῶνται,
2673 3597 2763 3654 διὰ
2813 3605 2915 3667 τῆς
2974 3595 3164 3675 σοφίας
3192 3600 3289 3652 τοῦ
3321 3599 3455 3651 Θεοῦ
3505 3596 3565 3651 τὸ
3613 3598 3765 3652 θεῖον

2099 3684 2388 3745 ἐκϐάλλειν
2433 3689 2765 3763 πειρώμενοι
2820 3681 3000 3749 σέϐας.
3033 3685 3138 3744 Καὶ
3170 3683 3232 3740 οὐ
3260 3685 3359 3754 τήν
3391 3688 3499 3740 τῶν
3528 3682 3767 3741 πολλῶν

2101 3775 2271 3852 ἔγωγέ
2304 3799 2447 3855 φημι
2480 3775 2658 3847 δόξαν,
2715 3781 2834 3839 τοῖς
2885 3780 2993 3831 τῶν
3047 3777 3292 3845 ποιητῶν
3342 3771 3641 3849 προσῦλως
3666 3775 3760 3828 καί

2100 3866 2357 3939 ἐμπαθῶς
2403 3864 2871 3940 ἐναπομενόντων,
2921 3863 3067 3920 ἀλλὰ
3111 3863 3201 3919 καὶ
3261 3861 3421 3924 αὐτὸς
3479 3860 3765 3920 Ἀπολλο-

2102 3957 2275 4031 φάνης
2330 3956 2440 4032 οὐχ
2497 3954 2660 4020 ὁσίως
2687 3960 2805 4019 τοῖς
2850 3955 3016 4016 θείοις
3063 3952 3151 4008 ἐπὶ
3182 3952 3248 4008 τὰ
3279 3953 3397 4007 θεῖα
3429 3959 3655 4027 χρῆται·
3684 3956 3760 4027 τῇ

2099 4048 2198 4121 γάρ
2257 4050 2361 4101 τῶν
2417 4043 2585 4100 ὄντων
2641 4046 2835 4120 γνώσει
2883 4043 3067 4105 καλῶς
3098 4041 3369 4117 λεγομένῃ
3421 4043 3558 4115 πρὸς
3589 4040 3765 4096 αὐτοῦ

2100 4134 2417 4216 φιλοσοφίᾳ,
2469 4136 2559 4190 καὶ
2618 4135 2756 4208 πρὸς
2808 4138 2906 4189 τοῦ
2965 4132 3110 4197 θείου
3166 4129 3385 4187 Παύλου
3418 4131 3579 4209 σοφίᾳ
3622 4136 3768 4186 Θεοῦ

2098 4223 2434 4299 κεκλημένῃ,
2484 4224 2622 4300 πρὸς
2647 4225 2736 4279 τὸν
2771 4222 2943 4277 αἶ’τιον
2992 4220 3083 4276 καὶ
3117 4220 3291 4276 αὐτῶν
3316 4224 3427 4275 τῶν
3466 4218 3635 4274 ὄντων
3668 4220 3768 4275 καὶ

2097 4320 2200 4383 τῆς
2253 4312 2502 4388 γνώσεως
2549 4311 2723 4367 αὐτῶν
2767 4310 2937 4387 ἐχρῆν
2996 4308 3282 4385 ἀνάγεσθαι
3339 4307 3470 4370 τοὺς
3527 4304 3765 4378 ἀληθεῖς

2100 4400 2479 4479 φιλοσόφους.’
2516 4401 2617 4458 Καὶ
2661 4399 2750 4455 ἵνα
2797 4400 2874 4474 μή
2905 4400 3006 4469 τὴν
3038 4397 3225 4454 ἄλλων
3254 4398 3289 4468 ἢ
3322 4398 3420 4467 τὴν
3452 4395 3619 4452 αὐτοῦ
3649 4418 3763 4452 πα-

2101 4491 2169 4567 ρὰ
2193 4492 2254 4546 τὸ
2286 4488 2478 4546 δοκοῦν
2521 4488 2872 4565 ἐξελέγχοιμι
2909 4485 3087 4562 δόξαν,
3139 4486 3247 4543 ἔδει
3280 4483 3513 4542 συνιδεῖν
3556 4486 3767 4543 Ἀπολ-

2100 4580 2556 4659 λοφάνηνέσοφὸν
2608 4575 2755 4650 ὄντα,
2803 4580 2879 4651 μή
2929 4577 2987 4633 ἃν
3040 4576 3226 4640 ἄλλως
3276 4577 3410 4632 ποτὶ
3450 4573 3759 4647 δυνηθῆναι

330 4666 475 4732 tem,
506 4669 815 4738 oportebat
844 4673 1308 4745 Apollophanem
1339 4691 1473 4729 cum
1507 4675 1585 4729 sit
1614 4676 1875 4747 sapiens,
1897 4678 1989 4732 in-

2105 4652 2194 4740 τῆς
2227 4652 2561 4747 οὐρανίαςζτι
2592 4674 3008 4745 παρατραπῆναι
3066 4668 3268 4740 τάξεως
3321 4665 3413 4721 καὶ
3461 4667 3756 4737 κινήσεως,

329 4751 597 4827 telligere
626 4757 772 4813 nihil
805 4777 1069 4833 unquam
1115 4760 1370 4816 cmlestis
1427 4763 1651 4819 ordinis
1711 4771 1767 4820 et
1797 4772 1987 4821 motus

331 4840 635 4900 immutari
665 4846 837 4903 aliter
866 4848 1271 4920 potuisse,nisi
1297 4850 1371 4903 ab
1392 4866 1458 4906 eo
1486 4850 1605 4907 haec
1636 4869 1827 4909 rerum
1856 4872 1988 4910 mu-

327 4932 475 4988 tatio
507 4934 690 5003 ﬁeret,
723 4936 824 5009 qui
883 4943 1107 4993 natura:
1140 4938 1329 5009 ipsius
1372 4950 1746 4999 conservator
1788 4950 1896 5012 est,
1931 4950 1987 5001 et

331 5026 559 5107 auctor,
592 5025 811 5097 quique
842 5026 1043 5082 omnia
1071 5031 1155 5094 (ut
1186 5042 1377 5083 sermo
1412 5030 1645 5088 disinus
1679 5033 1875 5107 habet)
1900 5035 1986 5090 fa-

328 5106 408 5163 cit
435 5116 613 5184 atque
642 5118 1024 5172 transmutat.
1048 5119 1163 5172 Cur
1192 5134 1324 5185 ergo
1385 5137 1545 5189 eum,
1578 5139 1754 5195 quem
1788 5106 1983 5181 rerum

2097 4760 2144 4817 εἰ
2179 4763 2254 4835 μὴ
2285 4764 2376 4816 τὸν
2406 4764 2502 4816 τοῦ
2534 4758 2853 4834 εἷναηαύτὴν
2885 4757 2976 4813 καὶ
3007 4756 3240 4832 σονοχέα
3267 4756 3358 4810 καὶ
3390 4751 3562 4810 αἴτιον
3594 4751 3756 4830 ἔσχεν

2097 4850 2172 4912 είς
2214 4855 2374 4905 τοῦτο
2422 4852 2705 4918 κινοῦντα,
2760 4848 2852 4902 τὸν
2897 4849 3155 4902 ποιοῦντα
3211 4846 3385 4900 πάντα
3439 4845 3526 4900 καὶ
3584 4865 3755 4917 μετα-

2098 4938 2444 5011 σκευάζοντα,
2476 4940 2614 4996 κατὰ
2658 4938 2752 4994 τὸν
2785 4937 2926 5014 ἱερὸν
2974 4935 3158 5012 λόγον.
3212 4939 3337 4998 Πῶς
3388 4930 3481 4989 οῦν
3515 4932 3576 4988 οὗ
3610 4930 3758 4988 σέϐει

2095 5031 2184 5085 τὸν
2218 5029 2558 5107 ἐγνωσμένον
2607 5032 2743 5103 ἡμῖν
2793 5027 2898 5083 κάκ
2938 5029 3034 5083 τοῦ
3085 5022 3240 5089 ὄντος
3287 5020 3417 5079 ὄντα
3460 5027 3570 5078 τῶν
3606 5022 3756 5078 ὅλων

2096 5121 2252 5192 Θεὸν,
2303 5120 2572 5197 ἀγάμενος
2626 5117 2783 5173 αὐτὸν
2814 5125 2915 5187 τῆς
2962 5114 3249 5172 παναιτίου
3292 5114 3381 5169 καὶ
3439 5111 3756 5189 ὑπεραῤῥή-

332 5202 601 5259 omnium
629 5205 811 5263 Deum
846 5224 977 5263 esse
1009 5210 1535 5279 cognovimus,non
1569 5223 1899 5284 veneratur,
1930 5222 1989 5272 et

2105 5234 2190 5267 του
2222 5209 2525 5285 δυνάμεως,
2559 5210 2682 5264 ὅταν
2724 5206 2887 5279 ἥλιος
2910 5206 2997 5262 ὑπ’
3027 5205 3198 5261 αὐτοῦ
3227 5204 3316 5260 καὶ
3348 5201 3580 5275 σελήνη,
3616 5202 3761 5257 κατὰ

333 5288 407 5344 ob
441 5289 799 5352 ineffabilem
860 5298 987 5370 ejus
1045 5300 1385 5373 potentiam,
1422 5320 1537 5374 qua
1564 5312 1771 5361 cuncta
1791 5311 1986 5362 creata

331 5382 494 5448 sunt,
528 5398 642 5436 non
693 5385 1058 5441 admiratur?
1105 5388 1591 5462 Quandoquidem
1625 5394 1711 5450 sol
1758 5400 1814 5449 et
1844 5395 1984 5451 luna

333 5483 452 5522 una
480 5484 616 5525 cum
651 5475 809 5528 omni
838 5473 966 5530 οσαιί
996 5477 1377 5534 conversione
1423 5497 1527 5552 per
1580 5482 1698 5537 vim
1749 5484 1822 5539 ab
1855 5484 1981 5557 ipso

329 5552 623 5613 immobili
654 5566 810 5619 statu
845 5564 1268 5622 incredibiliter
1288 5567 1613 5626 consistere
1635 5552 1980 5643 jussasunt,

2095 5300 2320 5376 δύναμιν
2378 5300 2469 5355 καὶ
2526 5299 2705 5354 στάσιν
2769 5296 3250 5375 ὑπερφυεστάτην,
3295 5296 3408 5369 ἅμα
3454 5296 3533 5365 τῷ
3588 5292 3755 5347 παντὶ

2092 5390 2227 5467 πρὸς
2272 5390 2334 5446 τὸ
2383 5391 2559 5461 πάντη
2610 5389 2868 5459 ἀκίνητον
2926 5384 3237 5461 ὁρίζωνται,
3291 5382 3379 5439 καὶ
3430 5382 3505 5445 ε’ς
3552 5381 3754 5457 μέτρον

2091 5481 2301 5558 ἡμέρας
2350 5480 2487 5551 ὅλης
2533 5478 2617 5533 ἐπὶ
2669 5483 2776 5533 τῶν
2828 5475 3003 5531 αὐτῶν
3050 5474 3245 5529 ἐστῶσι
3301 5473 3370 5528 τὰ
3412 5476 3583 5558 πάντα
3642 5490 3750 5542 ση-

2095 5556 2297 5645 μείων;
2330 5594 2357 5623 ››
2392 5567 2491 5623 Καὶ
2525 5567 2659 5643 μετᾶ
2692 5565 2923 5643 βραχέαι
2964 5586 2986 5615 ι
3020 5561 3156 5623 Είπὲ
3186 5560 3244 5618 δὲ
3273 5559 3438 5634 αὐτῷ’
3466 5558 3537 5617 Τί
3567 5556 3752 5635 λέγεις

332 5647 511 5718 atque
531 5649 603 5705 ad
639 5668 977 5710 mensuram
1009 5655 1193 5712 totius
1250 5656 1366 5713 diei
1414 5658 1473 5713 in
1535 5661 1746 5718 iisdem
1797 5662 1983 5735 signis

2105 5660 2214 5736 περὶ
2243 5666 2345 5731 τῆς
2376 5658 2428 5714 ἐν
2453 5662 2533 5730 τῷ
2561 5655 2820 5732 σωτηρίῳ
2855 5657 3068 5730 σταυρῷ
3096 5651 3377 5731 γεγονυίας
3408 5648 3707 5723 ἐκλείψεως
3734 5668 3749 5720 ;

329 5734 534 5792 omnia
564 5741 952 5800 consistunt.»
969 5744 1225 5817 Etpaulo
1246 5748 1413 5816 post:
1442 5749 1759 5807 «Ceterum
1781 5734 1976 5809 dicei:

2090 5750 2417 5827 Ἀμφοτέρω
2463 5748 2566 5825 γὰρ
2596 5746 2739 5816 τότε,
2789 5744 2926 5800 κατὰ
2970 5740 3333 5803 Ἡλιούπολιν
3387 5740 3501 5815 ἅμα
3542 5737 3746 5815 παρόν-
