4106 6374
439 359 550 415 629

1468 371 1664 436 VITA,
1705 369 2042 424 AUCTORB
2077 369 2450 422 MICHAELE
2489 369 2845 424 SYNGELO.

3763 363 3874 420 630

437 504 526 545 τες
556 505 615 540 τε
650 484 740 540 καὶ
773 491 1122 558 συνεστῶτες,
1170 484 1490 565 παραδόξως
1531 495 1610 563 τῷ
1652 489 1801 562 ἡλίῳ
1858 490 1956 558 τήν
2014 509 2091 543 σε·

2214 490 2361 556 Quid
2396 491 2466 546 de
2497 490 2598 546 illo
2629 490 2769 548 solis
2804 490 3053 561 defectu,
3081 492 3177 562 qui
3213 508 3328 564 quo
3357 495 3621 563 tempore
3667 487 3870 544 Domi-

441 569 619 644 λήνην
654 571 1027 646 ἐμπίπτουσαν
1060 578 1341 654 ἑωρῶμεν·
1376 579 1462 648 (οὐ
1493 579 1594 655 γὰρ
1624 581 1692 649 ἦν
1728 577 1958 634 συνόδου
1988 601 2106 633 και-

443 660 536 735 ρός
567 665 581 733 )
611 661 762 727 αὖθίς
790 685 850 719 τε
879 665 1046 734 αὖτῆν
1072 667 1176 721 ἀπὸ
1206 674 1308 736 τῆς
1350 666 1574 736 ἐννάτης
1629 668 1774 743 ὥρας
1827 669 1958 742 ἄχρι
2006 675 2104 736 τῆς

443 751 673 827 ἑσπέρας
705 751 781 814 εἷς
811 753 876 808 τὸ
914 758 1012 808 τοῦ
1059 753 1224 823 ἡλίου
1274 753 1562 830 διάμετρον
1625 757 1906 834 ὑπερφυῶς
1958 756 2104 810 ἀντι-

441 846 802 896 καταστᾶσαν.
838 843 1180 915 Ἀνάμνησον
1205 841 1251 898 δ’
1283 841 1359 899 ἔτι
1390 843 1478 900 καί
1514 845 1695 921 ἓτερον
1752 845 1913 900 αὐτόν
1949 865 1960 879 ⁸
1997 843 2107 900 οἶδε

439 929 566 1005 γάρ,
597 928 680 985 ὅτι
710 931 800 986 καὶ
831 933 930 1002 τήν
965 928 1246 1006 ἔμπτωσιν
1291 935 1457 1004 αὐτὴν
1501 935 1551 1005 ἐξ
1600 934 1884 990 ἀνατολῶν
1935 935 2104 1010 ἕωρά-

439 1040 612 1092 καμεν
637 1020 967 1096 ἀρξαμένην,
998 1023 1088 1078 καὶ
1143 1025 1310 1100 μέχρι
1340 1028 1435 1078 τοῦ
1465 1023 1702 1094 ἡλιακοῦ
1737 1024 1967 1100 πέρατος
2013 1023 2106 1080 ἐλ-

438 1109 655 1178 θοῦσαν,
709 1110 823 1165 εἶτα
882 1109 1282 1167 ἀναποδίσασαν
1317 1132 1330 1146 ⁸
1384 1111 1472 1168 καὶ
1529 1111 1683 1177 αὖθις
1742 1114 1844 1168 οὐκ
1895 1113 1952 1168 ἐκ
2007 1117 2104 1169 τοῦ

441 1195 607 1252 αὐτοῦ
663 1197 753 1252 καὶ
814 1200 914 1268 τήν
976 1195 1254 1273 ἔμπτωσιν
1307 1201 1394 1256 καὶ
1432 1203 1532 1271 τὴν
1566 1201 1944 1276 ἀνακάθαρσιν,
1977 1201 2104 1258 ἀλλ’

438 1283 502 1341 ἐκ
524 1290 621 1341 τοῦ
651 1288 792 1342 κατά
821 1286 1114 1363 διάμετρον
1149 1288 1392 1344 ἐναντίου
1439 1293 1826 1367 γεγενημένην.
1862 1292 2106 1349 Τοιαῦτά

438 1372 552 1430 ἐστι
601 1380 697 1430 τοῦ
751 1375 875 1432 τότε
905 1381 1097 1452 καιροῦ
1126 1379 1193 1433 τά
1223 1378 1493 1457 ὑπερφυῆ,
1525 1383 1611 1435 καί
1667 1379 1820 1453 μόνῳ
1880 1383 2103 1454 Χριστῷ

433 1468 518 1535 τῷ
552 1464 822 1538 παναιτίῳ
873 1463 1095 1536 δυνατὰ,
1126 1472 1208 1539 τῷ
1249 1473 1500 1523 ποιοῦντι
1551 1471 1769 1544 μεγάλα
1813 1469 1901 1524 καὶ
1959 1469 2102 1540 ἐξαί-

437 1552 547 1621 σία,
581 1555 652 1607 ῶν
708 1554 807 1609 οὐκ
850 1550 990 1609 ἔστιν
1045 1556 1296 1630 ἀριθμός.
1329 1562 1525 1626 Ταῦτα,
1561 1558 1606 1612 εἰ
1638 1559 1719 1613 σοὶ
1746 1559 1986 1632 θεμιτὸν,
2020 1557 2101 1612 εἷ-

433 1642 526 1711 πὶ,
557 1643 670 1711 καὶ,
702 1642 750 1698 εί
782 1641 1031 1714 δυνατὸν,
1067 1645 1504 1724 ’Δπολλόφανες,
1533 1645 1787 1723 ἐξέλεγχε
1829 1649 1916 1702 καὶ
1963 1648 2101 1722 πρὸς

435 1731 534 1804 ἰμὲ
583 1732 676 1786 τὸν
726 1733 851 1788 τότε
907 1733 997 1788 καὶ
1055 1737 1411 1810 συμπαρόντα
1441 1757 1548 1809 σοι,
1581 1739 1672 1791 καὶ
1701 1732 2097 1814 συνεωρακότα,

431 1821 522 1876 καὶ
554 1823 1005 1895 συνανακρίνοντα
1030 1825 1226 1892 πάντα,
1260 1825 1348 1879 καὶ
1383 1827 1773 1902 συναγάμενον.
1807 1850 1836 1877 ››

2217 596 2332 634 nus
2356 579 2412 635 in
2446 597 2678 636 crucem
2714 585 2884 636 actus
2901 586 3010 650 est,
3045 579 3450 652 contigit,ais?
3481 579 3669 636 Ambo
3709 577 3869 634 enim

2215 685 2349 723 cum
2385 672 2536 740 apud
2554 669 2901 742 Heliopolim
2920 673 3238 741 praesentes
3261 667 3438 724 simul
3461 671 3868 724 essemustum

2215 757 2414 813 lunam
2440 759 2548 814 soli
2582 760 2812 815 obviam
2848 759 3202 814 mirabiliter
3234 759 3443 813 iactam
3475 759 3689 828 (neque
3714 755 3870 811 enim

2216 864 2540 904 concursus
2572 853 2805 920 tempus
2837 853 3001 917 erat),
3027 853 3084 904 et
3114 849 3382 904 eamdem
3414 863 3619 901 rursus
3638 845 3868 900 abhora

2213 954 2367 993 nona
2398 955 2581 1010 usque
2613 939 2684 993 ad
2723 955 3024 1010 vesperam
3049 955 3078 994 e
3111 939 3346 1010 regione
3368 935 3510 992 solis
3535 933 3862 1007 perdiame-

2211 1031 2370 1082 trum
2413 1027 2841 1082 incredibiliter
2871 1028 3201 1100 appositam
3233 1025 3546 1098 persistere
3585 1023 3864 1079 cerneba-

2213 1133 2369 1172 mus.
2402 1117 2685 1172 Caeterum
2711 1122 2770 1172 et
2799 1117 2956 1173 aliud
2991 1117 3276 1188 quiddam
3316 1115 3497 1186 hujus
3546 1111 3778 1187 generis
3804 1112 3864 1167 in

2214 1207 2561 1261 memoriam
2594 1205 2753 1262 illius
2785 1206 3132 1262 revoca.Nos
3163 1206 3322 1262 enim
3343 1205 3521 1276 (quod
3547 1204 3740 1274 ipsum
3766 1201 3863 1257 ille

2215 1312 2447 1367 quoque
2479 1296 2660 1366 novit)
2691 1300 2748 1351 et
2794 1312 3106 1351 occursum
3157 1295 3355 1367 ipsum
3387 1295 3460 1350 ab
3492 1293 3725 1348 Oriente
3754 1307 3866 1347 cce-

2213 1384 2393 1456 pisse,
2425 1389 2484 1441 et
2508 1387 2580 1440 ad
2613 1385 2824 1441 solaris
2852 1384 3112 1456 corporis
3171 1384 3346 1438 tinem
3408 1381 3762 1455 pervenisse,
3795 1395 3861 1434 ac

2213 1475 2451 1530 demum
2486 1476 2797 1546 repedasse
2829 1475 3104 1530 vidimus.
3139 1477 3487 1544 Rursusque
3517 1489 3632 1528 non
3655 1471 3861 1526 eadem

2210 1580 2276 1618 ex
2310 1570 2495 1636 parte,
2519 1565 2621 1620 sed
2647 1581 2677 1619 e
2716 1564 2956 1636 regione
2988 1581 3091 1636 per
3111 1563 3467 1618 diametrum
3490 1566 3548 1617 et
3580 1577 3864 1617 occursus

2210 1657 2268 1707 et
2298 1652 2476 1708 abluti
2511 1653 2760 1708 luminis
2793 1653 3085 1708 restitutio
3116 1653 3270 1708 facta
3299 1656 3410 1707 est.
3445 1651 3574 1706 Haec
3620 1656 3741 1705 tam
3781 1650 3867 1704 in-

2211 1742 2408 1812 gentia
2433 1747 2491 1796 et
2520 1741 2894 1797 incredibilia
2924 1747 3047 1796 tum
3081 1739 3864 1813 temporisacciderunt,quaa

2215 1829 2486 1885 Christus
2518 1831 2786 1885 omnium
2821 1835 3046 1896 auctor,
3071 1831 3172 1902 qui
3207 1845 3417 1901 magna
3438 1833 3496 1884 et
3515 1827 3866 1883 admiranda

429 1912 595 1980 facit,
623 1929 755 1984 quas
785 1914 1145 1972 dinumerari
1181 1923 1784 1988 nequeunt,praastare
1818 1917 1982 1973 solus
2033 1919 2428 1988 p0test:hasc,
2455 1919 2698 1990 inquam
2761 1920 2868 1987 (id,
2930 1919 2979 1974 si
3034 1919 3162 1989 tibi,
3223 1917 3559 1990 Polycarpe,
3610 1916 3862 1982 licuerit,

428 1999 516 2055 illi
549 2001 749 2074 dicito)
781 2007 838 2058 et
867 2003 917 2058 si
948 2004 1071 2058 ﬁeri
1105 2009 1314 2076 potest,
1351 2007 1806 2079 Apollophanes,
1834 2008 1956 2062 hac
1990 2007 2261 2063 falsitatis
2293 2025 2495 2081 arguo,
2542 2016 2600 2064 et
2647 2007 2891 2080 quidem
2951 2013 3155 2064 contra
3206 2023 3298 2062 me
3350 2005 3452 2079 qui
3510 2012 3636 2061 tum
3668 2010 3862 2060 tecum

429 2090 693 2159 aderam,
728 2092 1024 2164 simulque
1053 2094 1251 2150 omnia
1276 2100 1469 2151 tecum
1505 2095 1806 2167 perpendi,
1839 2101 1896 2151 et
1925 2112 2056 2151 cum
2091 2095 2481 2153 admiratione
2512 2097 2788 2170 spectavi.
2815 2118 2842 2147 »

514 2192 736 2249 Παύλου
765 2195 945 2251 τοίνυν
978 2196 1200 2260 στάντος
1234 2197 1286 2252 ἐν
1335 2197 1484 2272 μέσῳ
1525 2203 1622 2254 τοῦ
1654 2200 1872 2276 Ἀρείου
1924 2200 2091 2273 πάγου

2276 2206 2423 2259 Cum
2453 2203 2638 2275 igitur
2669 2203 2885 2259 Paulus
2918 2203 2976 2259 in
3012 2203 3275 2258 medium
3298 2200 3583 2273 Areopagi
3609 2197 3864 2272 prodiis-

429 2283 524 2337 καὶ
579 2283 1168 2360 παρῥησιαστικώτατα
1225 2285 1724 2363 διαγορεύσαντοςο
1789 2313 1817 2341 ι(
1874 2286 2098 2362 Ἀνδρες

429 2376 909 2442 Ἀθηναῖοι,κατά
963 2378 1137 2430 πάντα
1181 2375 1256 2438 ὡς
1308 2373 1904 2452 δεισιδαιμονεστέρους
1957 2377 2099 2450 ὑμᾶς

432 2467 624 2537 θεωρῶ
659 2482 672 2494 ’
725 2460 1080 2540 διερχόμενος
1136 2465 1238 2542 γὰρ
1289 2466 1380 2520 καὶ
1440 2467 1761 2543 ἀναθεωρῶν
1815 2466 1883 2521 τά
1939 2462 2096 2522 σεϐα-

432 2572 611 2624 σματα
661 2552 837 2626 ὑμῶν,
873 2554 1032 2630 εὗρον
1075 2555 1165 2610 καὶ
1216 2555 1404 2631 βωμὸν
1464 2555 1518 2610 ἐν
1576 2554 1623 2628 ᾧ
1680 2555 2043 2632 ἐπεγέγραπτο
2078 2576 2091 2589 ·

428 2641 728 2717 ’Λγνώστῳ
783 2647 920 2715 Θεῷ.
966 2645 1062 2701 Ὃν
1111 2643 1204 2699 οῦν
1257 2645 1576 2719 ἀγνοοῦντες
1625 2641 1914 2717 εὐσεϐεῖτε,
1968 2649 2093 2700 τοῦ·

427 2750 524 2784 τον
557 2729 668 2804 ἐγὼ
693 2731 1056 2807 καταγγέλλω
1088 2733 1215 2806 ὑμῖν
1252 2755 1265 2768 ·
1303 2758 1330 2784 ››
1366 2735 1462 2788 Καὶ
1492 2737 1592 2804 τὴν
1650 2735 1774 2807 ἑξῆς
1803 2733 2089 2810 θεηγορίαν

429 2816 719 2890 διεξιόντος
775 2823 980 2876 ἅπασαν
1016 2841 1030 2856 ⁶
1095 2821 1290 2884 εὐθέως
1345 2824 1502 2886 οὗτος
1559 2825 1587 2878 ὁ
1644 2825 2092 2897 θαυμασιώτατος

426 2909 586 2983 ἀνὴρ,
619 2910 694 2971 ὡς
727 2909 1016 2986 οὐρανόθεν
1079 2909 1502 2987 διηγορευμένον
1533 2913 1624 2968 τὸν
1662 2911 1828 2988 λόγον
1863 2911 2090 2985 δεξάμε-

425 3020 544 3067 νος,
598 2996 962 3064 ἀδιάσπαστος
1017 3000 1182 3056 αὐτοῦ
1227 3001 1448 3076 γέγονεν
1508 3001 1730 3066 ὀπαδός.
1800 3003 1903 3059 Καὶ
1956 3007 2085 3056 πᾶσι

430 3089 528 3161 μὲν
589 3086 758 3163 ἄρδην
813 3095 930 3152 τοῖς
988 3088 1340 3160 Ἑλληνικοῖς
1399 3091 1610 3168 ὀργίοις
1655 3113 1715 3147 τε
1743 3092 1833 3147 καὶ
1867 3097 2091 3166 θεσμοῖς

426 3175 813 3249 ἀποτάσσεται,
861 3178 950 3234 καὶ
1007 3179 1262 3235 παντοίαν
1315 3178 1655 3254 δαιμονιώδη
1716 3179 1929 3252 πλάνην
1990 3199 2090 3255 μο-

425 3269 676 3322 σάττεται
709 3286 724 3299 ⁸
785 3269 886 3337 τὴν
973 3268 1224 3344 οὐράνιον
1287 3267 1345 3325 δὲ
1398 3270 1689 3343 μαθητείαν
1747 3271 2089 3346 μετέρχεται,

425 3356 518 3410 καὶ
550 3361 920 3432 στοιχειοῦται
965 3363 1086 3420 ταῖς
1129 3364 1235 3414 τῶν
1290 3358 1466 3434 ὀρθῶν
1519 3357 1805 3434 δογμάτων
1855 3360 1946 3414 καὶ
1989 3367 2090 3429 τῆς

425 3443 784 3522 εὐαγγελικῆς
815 3444 1169 3510 διδασκαλίας
1199 3451 1600 3524 στοιχειώσεσι,
1630 3450 1721 3504 καὶ
1777 3451 1876 3518 τήν
1929 3450 2090 3521 ἀμώ-

429 3554 607 3608 μητον
649 3533 830 3590 πίστιν
861 3533 1255 3610 ἐκδιδάσκεται,
1288 3539 1376 3592 καὶ
1435 3541 1503 3611 τῇ
1552 3542 1650 3593 τοῦ
1675 3542 1950 3607 ζωοποιοῦ
1989 3539 2057 3613 βα
2120 3575 2166 3640 C

510 3623 521 3640 .
799 3625 812 3640 .
1155 3630 1180 3640 -
1339 3626 1358 3640 ς
1459 3622 1488 3640 ο
1514 3629 1557 3640 ,η
1853 3625 1864 3640 .

422 3623 729 3697 πτίσματος
788 3625 1184 3701 ἀναγεννητικῇ
1268 3622 1634 3702 κολυμϐήθρᾳ
1702 3625 2088 3703 προσέρχεται,

422 3712 518 3768 καὶ
548 3713 638 3768 τὸν
674 3711 1000 3791 διεφθαρότα
1029 3716 1262 3770 παλαιὸν
1313 3712 1597 3791 ἄνθρωπον
1652 3715 1967 3785 ἀποδύεται,
1999 3717 2089 3771 καὶ

424 3807 658 3877 Χριστὸν
714 3803 898 3871 αὐτὸν,
931 3805 1023 3858 τὸν
1081 3812 1183 3874 τῆς
1217 3809 1363 3875 ζωῆς
1394 3805 1666 3882 ἀρχηγὸν,
1701 3804 1964 3878 ἐνδύεται,
1998 3806 2088 3860 καὶ

423 3890 852 3961 ἀναπΛάττεται,
883 3893 972 3946 καὶ
1005 3893 1122 3948 ἀντὶ
1177 3891 1381 3948 δοόλου
1422 3899 1661 3972 φθαρτοῦ
1704 3894 1793 3949 καὶ
1849 3901 2091 3970 φθαρτῆς

423 3980 626 4056 σαρκὸς
657 3982 798 4050 υἱοῦ,
830 3989 930 4051 τῆς
981 3981 1233 4037 ἀκτίστου
1292 3982 1383 4038 καὶ
1439 3984 1737 4059 ἀφθάρτου,
1770 3983 2088 4038 πανταιτίου

419 4091 481 4126 τε
511 4071 602 4124 καὶ
651 4069 1070 4146 παντεργέτιδος
1118 4073 1418 4145 ὁμοουσίου
1477 4071 1804 4143 δεσποτικῆς
1849 4071 2088 4149 Τριάδος

421 4161 542 4220 υἱὸς
585 4158 812 4232 γίνεται,
844 4159 936 4215 καὶ
989 4161 1391 4238 ἀφθαρτίζεται,
1425 4163 1514 4217 καί
1560 4163 1624 4217 τὸ
1666 4167 1774 4216 τῶν
1829 4160 2088 4240 ὀφλημά·

423 4268 532 4302 των
560 4250 811 4324 χάρισμα
839 4251 1145 4322 κομίζεται,
1175 4251 1262 4305 καὶ
1293 4251 1361 4305 τὰ
1397 4258 1496 4321 τῆς
1547 4249 1854 4327 ἐλευθερίας
1910 4252 2088 4315 υἱοθε-

427 4337 541 4399 σίας
594 4359 654 4393 τε
710 4337 802 4394 καὶ
857 4335 1172 4401 δεσποτείας
1228 4339 1596 4418 φωτεινότατα
1653 4336 1907 4413 σύμϐολα
1960 4362 2087 4414 μετ-

427 4428 778 4506 αμφιέννυται
811 4471 826 4498 ,
883 4427 972 4483 καὶ
1055 4432 1153 4482 τοῦ
1235 4428 1448 4484 τελείου
1531 4429 1872 4500 καταξιοῦται
1907 4475 1921 4501 ,
1993 4431 2082 4484 καὶ

420 4521 542 4580 τοῖς
576 4519 675 4572 τοῦ
706 4517 889 4596 φωτὸς
920 4515 1116 4580 ὅπλοις
1149 4518 1526 4593 θωρακίζεται,
1557 4518 1650 4573 καὶ
1678 4519 1745 4574 τὰ
1775 4517 2088 4574 τελεώτατα

419 4612 524 4676 τῆς
555 4606 818 4661 ἀνωτάτω
852 4606 1042 4684 σοφίας
1077 4613 1507 4683 μυσταγωγεῖται
1561 4609 1853 4684 μυστήρια.
1887 4609 2084 4663 Ἀπεν-

419 4699 604 4758 τεῦθεν
641 4691 751 4766 ἤδη
784 4694 1030 4772 πρόεισιν
1089 4693 1178 4750 ἐπὶ
1203 4696 1305 4764 τὴν
1334 4700 1430 4751 τοῦ
1458 4694 1791 4770 ἀμπελῶνος
1818 4694 2082 4772 καλλιερ-

419 4784 564 4859 γίαν,
606 4785 696 4839 καὶ
725 4791 827 4853 τῆς
854 4789 962 4839 τῶν
1014 4783 1381 4860 εὐαγγελικῶν
1425 4784 1775 4859 ἐντα).μάτων
1835 4785 2083 4862 ἐργασίας

423 4873 671 4943 ἅπτεται,
701 4874 792 4929 καὶ
849 4875 948 4943 τήν
1009 4874 1460 4952 ἀγγελομίμητον
1517 4877 1719 4948 μέτεισι
1779 4875 2080 4950 πολιτείαν,

419 4962 511 5018 καὶ
567 4970 693 5038 παρ’
744 4963 992 5040 Ἱεροθέῳ
1187 4944 1480 5038 θεοληνπτῳ
1518 4944 1696 5040 ⁷ιροιτᾷ
1742 4944 2079 5041 καθηγεμόνι
2113 4944 2159 5009 D

418 5052 508 5126 (οὗ
558 5053 648 5108 καὶ
695 5049 766 5108 δι’
790 5052 1077 5129 ἐγκωμίων
1120 5052 1279 5118 αὐτὸς
1314 5053 1365 5109 ἐν
1396 5061 1512 5117 τοῖς
1543 5054 1884 5130 θεολογικοῖς
1916 5055 2080 5111 αὐτοῦ

425 5140 702 5215 μέμνηται
753 5142 1187 5218 συγγράμμασιθ)
1223 5146 1312 5198 καὶ
1357 5149 1474 5206 τοῖς
1523 5145 1659 5199 κατά
1708 5146 1834 5200 Θεὸν
1889 5141 2080 5216 διαϐή-

425 5253 556 5304 μασι
585 5231 985 5307 καταροίζεται.

495 5339 639 5412 Πρὸς
683 5335 740 5394 δὲ
783 5337 912 5402 τοὺς
957 5345 1056 5408 τῆς
1104 5336 1412 5414 ἐγκρατείας
1465 5341 1551 5394 καὶ
1613 5341 1891 5410 ἀσκήσεως
1937 5343 2077 5416 ἀγῶ-

418 5449 515 5490 νας
539 5433 736 5504 χωρεῖ,
770 5427 860 5483 καὶ
907 5431 1077 5482 πᾶσαν
1124 5434 1360 5484 ποιεῖται
1407 5425 1646 5502 κομιδὴν
1695 5436 1794 5498 τῆς
1824 5435 1920 5484 τοῦ
1971 5428 2077 5484 δώ-

424 5537 523 5592 ρου
551 5517 862 5592 τηρήσεως,
892 5513 983 5570 καὶ
1012 5520 1093 5587 τῷ
1123 5513 1492 5592 δεδωρημένῳ
1547 5515 1740 5594 δοτῆρι
1787 5523 1896 5573 τῶν
1943 5518 2080 5574 ἐάων

425 5605 674 5683 καρποὺς
721 5604 986 5681 ἐπείγεται
1034 5606 1350 5682 προσοίσειν
1395 5614 1496 5677 τῆς
1526 5607 1902 5683 ἀγαθαρχικῆς
1948 5609 2080 5664 ἐπα-

423 5697 570 5771 ξίους
599 5693 954 5773 ἀγαθότητος,
984 5694 1074 5750 καὶ
1105 5696 1240 5772 πρὸς
1260 5695 1352 5752 τὸν
1380 5694 1678 5753 ἀντίπαλον
1731 5703 1834 5768 τῆς
1881 5699 2078 5772 ἡμετέ-

2210 2297 2319 2360 set,
2351 2309 2419 2348 ac
2449 2293 2608 2347 omni
2652 2308 2786 2347 cum
2834 2291 3048 2347 ﬁducia
3105 2291 3355 2362 loquens
3386 2291 3642 2346 diceret:
3681 2311 3709 2339 «
3740 2287 3866 2345 Viri

2207 2380 2686 2449 Athenienses,in
2710 2381 2988 2438 omnibus
3011 2386 3296 2452 tanquam
3330 2377 3865 2452 superstitiosiores

2208 2487 2310 2526 vos
2337 2470 2503 2526 video
2527 2487 2541 2526 :
2577 2470 2916 2543 praeteriens
2940 2470 3122 2540 enim,
3145 2474 3204 2525 et
3232 2469 3428 2525 cultus
3468 2473 3694 2524 vestros
3723 2483 3861 2522 con-

2205 2559 2522 2630 templans,
2557 2576 2720 2615 aram
2773 2576 3008 2630 quoque
3039 2559 3224 2630 reperi
3256 2557 3317 2613 in
3367 2574 3481 2627 qua
3511 2556 3861 2627 inscriptum

2203 2653 2365 2703 erat:
2400 2650 2591 2718 Ignoto
2620 2650 2747 2704 Deo.
2807 2648 2988 2711 Quem
3025 2647 3205 2720 igitur
3260 2647 3602 2718 ignorantes
3641 2645 3858 2712 colitis,

2205 2737 2360 2792 hunc
2392 2754 2498 2810 ego
2529 2738 2694 2794 vobis
2735 2737 3049 2793 annuntio.
3085 2757 3114 2786 »
3139 2737 3406 2806 Cumque
3443 2734 3664 2790 Paulus
3705 2734 3856 2789 ³67

2193 2843 2430 2881 omnem
2455 2827 2712 2882 divinam
2737 2827 3081 2882 concionem
3124 2823 3858 2897 percurrisset,conlestim

2199 2916 2290 2971 vir
2321 2917 2416 2972 hic
2449 2918 2704 2972 maxime
2735 2915 3176 2987 suspiciendus,
3202 2915 3361 2970 hunc
3383 2928 3712 2969 sermonem
3735 2917 3863 2967 tan-

2206 3022 2383 3078 quam
2418 3005 2649 3061 coelitus
2663 3005 3083 3060 annuntiatum
3110 3003 3370 3076 suscepit
3396 3002 3860 3073 individuusque

2205 3095 2333 3164 ejus
2367 3099 2693 3149 assectator
2721 3095 2964 3149 ell‘ectus
2995 3097 3105 3148 est.
3156 3095 3237 3148 Ac
3281 3091 3561 3147 omnibus
3617 3090 3859 3160 quidem

2205 3183 2504 3257 mysteriis
2518 3183 2817 3255 simulque
2849 3183 3060 3238 ritibus
3091 3181 3350 3254 profanis
3372 3180 3648 3235 nuntium
3668 3179 3862 3234 remit-

2201 3271 2755 3344 tens,multiplicem
2798 3273 3130 3327 daemonum
3153 3287 3410 3327 errorem
3441 3270 3853 3337 detestatur,et

2203 3363 2494 3418 coalestem
2522 3361 2899 3433 disciplinam
2927 3359 3370 3432 capessit.Veraa
3396 3361 3534 3415 item
3550 3357 3856 3430 religionis

2201 3451 2513 3522 institutis,
2547 3450 3023 3523 Evangelicaeque
3045 3449 3328 3505 doctrinas
3357 3448 3527 3519 quasi
3548 3446 3854 3503 elementis

2203 3541 2490 3596 imbuitur
2511 3539 3326 3610 etintormatur,inculpatam
3354 3538 3529 3593 ﬁdem
3553 3537 3852 3606 edocetur,

2203 3635 2260 3686 et
2289 3631 2359 3685 ad
2393 3629 2690 3685 lavacrum
2725 3628 3124 3699 baptismatis,
3159 3643 3275 3698 quo
3301 3641 3736 3698 regeneramur,
3759 3624 3849 3681 vi-

2199 3724 2441 3791 tamque
2473 3718 2817 3789 recipimus,
2851 3715 3095 3784 accedit,
3131 3721 3189 3771 et
3209 3721 3462 3771 veterem
3507 3718 3851 3785 corruptum

2200 3808 2496 3864 hominem
2529 3807 2708 3878 exuit,
2725 3807 3043 3879 ipsumque
3063 3805 3363 3861 Christum
3384 3805 3512 3860 vitae
3534 3820 3736 3860 amore
3758 3803 3852 3858 in-

2201 3899 2386 3954 duens
2411 3899 2782 3966 reformatur,
2815 3901 2873 3952 et
2896 3912 2996 3968 pro
3033 3911 3197 3950 servo
3229 3897 3524 3964 corrupto,
3556 3898 3613 3948 et
3646 3909 3846 3949 corru-

2201 3993 2309 4059 ptis
2341 3987 2534 4042 carnis
2569 3986 2709 4052 tilio,
2743 3985 3011 4039 increatsa
3050 3987 3108 4038 et
3138 3984 3490 4053 incorruptae
3519 3980 3848 4051 Trinitatis,

2198 4077 2586 4147 ejusdemque
2607 4073 3154 4143 substantias,cujus
3177 4071 3441 4143 potentia
3464 4076 3675 4126 cuncta
3692 4071 3850 4125 edita

2199 4170 2358 4232 sunt,
2393 4170 2450 4220 et
2480 4162 2863 4230 creata,iilius
2893 4161 3172 4230 efﬁcitur,
3196 4165 3373 4231 atque
3405 4159 3475 4214 ad
3503 4157 3849 4214 immortali-

2197 4260 2406 4321 tatem,
2464 4256 2738 4325 percepta
2792 4251 3124 4306 debitorum
3184 4265 3425 4305 suorum
3479 4247 3846 4313 remissione,

2194 4343 2583 4408 transcendit,
2614 4341 2924 4408 libertatis,
2956 4339 3313 4412 adoptionis,
3346 4336 3665 4409 herilisque
3695 4341 3849 4408 pote-

2197 4432 2366 4489 statis
2394 4430 2678 4505 symbolis
2725 4429 3077 4485 clarissimis
3117 4426 3498 4494 convestitur,
3529 4431 3588 4481 et
3632 4425 3848 4496 dignus

2195 4523 2293 4592 qui
2318 4521 2472 4578 inter
2500 4519 2790 4592 perfectos
2821 4516 3350 4584 censeatur,armis
3382 4516 3531 4570 lucis
3562 4515 3844 4580 munitur,

2196 4617 2253 4668 et
2280 4609 2727 4684 perfectissimis
2758 4604 3100 4662 celsissimae
3149 4603 3454 4676 sapientis
3486 4602 3718 4658 arcanis
3739 4603 3847 4657 ini-

2194 4703 2393 4757 tiatur.
2428 4699 2576 4754 Hinc
2601 4699 2671 4753 ad
2705 4695 3162 4767 pulcherrimam
3191 4692 3373 4748 vineis
3395 4691 3687 4747 culturam
3707 4707 3845 4762 pro-

2193 4792 2366 4860 cedit,
2391 4787 2765 4858 disciplinam
2807 4783 3199 4855 evangelicam
3251 4781 3421 4836 factis
3479 4779 3842 4850 exsequitur,

2191 4878 2422 4935 vivendi
2449 4876 2790 4932 institutum
2815 4891 2917 4946 par
2938 4871 3159 4942 angelis
3182 4869 3606 4941 aggreditur,et
3624 4868 3684 4922 in
3706 4867 3840 4924 Hie-

2193 4967 2379 5026 rothci
2415 4966 2612 5022 divino
2637 4964 2879 5020 numine
2900 4960 3082 5017 afﬂati
3107 4957 3482 5032 praeceptoris
3503 4957 3702 5024 sui(de
3724 4973 3840 5028 quo

2191 5060 2318 5132 ipse
2350 5073 2585 5129 quoque
2615 5054 2673 5109 in
2726 5050 3072 5123 theologicis
3127 5048 3364 5118 scriptis
3420 5062 3658 5101 summa
3704 5061 3839 5100 cum

2191 5149 2366 5204 laude
2401 5145 2758 5200 mentionem
2809 5140 2965 5210 facit)
3025 5136 3396 5209 disciplinam
3446 5151 3507 5190 se
3549 5134 3753 5207 tradit,
3783 5139 3841 5191 et

2193 5237 2456 5308 ejusdem
2490 5232 2703 5290 diiiinis
2737 5227 3209 5286 institutionibus
3241 5223 3529 5281 eruditur.

2263 5345 2440 5399 Porro
2471 5341 2528 5395 in
2557 5337 2880 5395 exercenda
2928 5332 3292 5391 continentia
3315 5330 3640 5403 plurimum
3663 5333 3839 5389 desu-

2191 5434 2677 5500 dat,omnemque
2708 5443 2908 5482 curam
2935 5425 2992 5479 in
3017 5441 3084 5480 eo
3118 5423 3244 5495 ipso
3266 5422 3418 5477 dono
3435 5424 3838 5480 conservando

2191 5520 2504 5591 impendit,
2538 5522 2595 5572 et
2625 5517 2851 5570 fructus
2878 5513 3142 5568 bonitate
3187 5512 3481 5582 praecipua
3509 5510 3721 5582 dignos
3753 5512 3838 5567 al-

2195 5613 2346 5667 ferre
2370 5607 2630 5681 gratioso
2675 5605 2960 5659 donorum
2999 5598 3264 5673 largitori
3312 5602 3576 5654 conatur.
3625 5601 3840 5657 Contra

2190 5699 2319 5756 vita
2351 5715 2415 5754 ac
2445 5695 2657 5752 salutis
2698 5698 2913 5749 nostrae
2943 5688 3346 5750 adversarium
3377 5687 3654 5743 decertat.
3690 5687 3834 5744 Edo-
