4106 6380
302 379 400 435 631

1552 380 1609 433 Β.
1651 376 1964 432 ΒΙΟΝῩΒΠ
2005 372 2490 428 ABEOPAGITE

3624 367 3740 422 632

309 508 441 559 ctus
465 506 555 558 est
583 502 738 558 enim
773 502 1071 573 quomodo
1130 518 1234 574 per
1289 501 1729 557 immersionem
1753 499 1812 554 in
1833 499 1959 555 Jor-

2071 515 2167 568 ρας
2205 499 2349 564 ζωῆς
2401 493 2492 548 καὶ
2537 489 2809 568 σωτηρίας
2866 489 3287 565 ἀνταγωνίζεται
3320 507 3335 522 ⁶
3373 491 3738 566 μεμυσταγώ-

308 594 463 648 dane
495 592 741 647 ﬂumine
772 591 992 664 peccati
1024 593 1178 663 quod
1203 592 1275 646 ab
1293 592 1516 646 Adamo
1533 590 1956 658 contraximus,

308 686 364 736 et
391 686 616 736 natura;
647 680 912 736 mortalis
945 681 1478 753 purgatione,quod
1511 679 1799 744 muneris,
1834 677 1959 748 ipse

308 771 406 842 qui
440 769 686 826 lavacris
720 788 836 825 non
868 770 1190 842 indigebat,
1224 770 1502 825 innocens
1547 775 1602 824 et
1647 772 1956 841 purgatus,

307 859 479 916 nobis
524 859 849 932 impertivit
888 877 1083 914 rerum
1117 859 1375 913 omnium
1435 864 1660 922 auctor,
1696 856 1960 928 provisor

308 948 651 1020 unigenitus
667 948 768 1004 Dei
789 948 991 1015 Filius,
1014 948 1271 1002 Verbum
1297 946 1421 1012 Dei,
1445 947 1600 1017 quod
1633 962 1766 1000 cum
1791 948 1961 998 Patre

306 1038 598 1109 principio
619 1037 1253 1108 caret,sempiternum,
1279 1037 1662 1106 ejusdemque
1683 1034 1961 1089 substan-

308 1126 712 1198 tim,3plendor
730 1125 1011 1198 gloriaa,et
1033 1125 1218 1180 forma
1241 1141 1368 1196 quae
1384 1123 1529 1178 nihil
1563 1141 1594 1178 a
1624 1121 1803 1178 Patris
1827 1121 1964 1176 sub-

313 1217 534 1272 stantia
563 1215 775 1270 diﬂ‘ert.
809 1216 916 1280 Qui
949 1231 1083 1269 cum
1119 1214 1420 1269 hominem
1463 1216 1634 1284 juxta
1666 1210 1962 1284 propriam

312 1305 632 1376 imaginem
662 1303 1182 1360 etsimilitudinem
1205 1303 1758 1374 condidisset,isque
1781 1299 1964 1354 invidi

313 1394 500 1450 hostis
532 1392 786 1459 insidiis,
821 1393 922 1464 qui
949 1399 1250 1465 peccatum
1286 1394 1345 1448 in
1378 1393 1577 1449 orbem
1618 1392 1844 1464 primus
1875 1389 1966 1443 in-

313 1483 488 1553 vexit,
521 1499 586 1536 ac
608 1482 872 1537 mulieris
915 1483 1151 1537 hortatu
1183 1482 1418 1538 Domini
1449 1486 1803 1553 praeceptum
1827 1495 1970 1533 con-

317 1571 679 1643 tempsisset,
703 1572 856 1627 868
887 1578 945 1628 et
976 1576 1216 1644 peccato
1251 1571 1517 1643 pollutus
1558 1573 1626 1625 ad
1659 1569 1966 1623 interitum

317 1662 629 1734 prolapsus
662 1667 837 1729 esset,
872 1678 987 1716 non
1019 1661 1190 1716 illum
1220 1661 1510 1731 despexit,
1543 1660 1642 1714 sed
1677 1673 1970 1731 propensa

314 1751 504 1806 Patris
534 1750 861 1818 affectione,
904 1750 1203 1821 simulque
1253 1750 1314 1804 in
1354 1750 1463 1805 hoc
1510 1747 1730 1820 Spiritu
1765 1750 1967 1801 sancto

310 1839 936 1907 adnitente,ineﬂ‘abili
969 1839 1362 1895 humanitatis
1395 1839 1661 1893 ubertate
1693 1853 1761 1892 ex
1783 1844 1969 1907 paler-

311 1929 406 1985 nis
438 1929 670 1985 sinibus
700 1929 1004 1984 descendit
1028 1945 1040 1982 :
1063 1930 1219 1983 unde
1240 1934 1434 1984 tamen
1454 1928 1504 1983 is
1531 1945 1647 1982 non
1671 1925 1965 1991 discessit,

318 2018 420 2090 qui
442 2018 642 2073 omnia
663 2017 890 2089 implet,
930 2035 962 2072 a
988 2017 1151 2072 nulla
1183 2033 1243 2072 re
1301 2016 1810 2087 circumscriptus,
1833 2031 1968 2068 cum

311 2108 635 2163 descensus
658 2107 896 2162 divinus
931 2123 1046 2162 non
1075 2124 1144 2162 ex
1175 2106 1286 2162 loci
1320 2107 1646 2162 mutatione
1676 2104 1968 2175 intelliga-

312 2197 822 2270 tur.ApagelQua
867 2197 1025 2252 enim
1059 2197 1287 2252 ratione
1333 2197 1690 2252 descendere
1740 2195 1791 2250 is
1835 2209 1971 2264 pos-

319 2291 430 2352 set,
465 2287 564 2358 qui
597 2291 656 2341 et
687 2302 928 2357 corpore
951 2291 1130 2354 caret,
1146 2290 1205 2341 et
1237 2284 1399 2340 nullo
1448 2284 1682 2340 deﬁniri
1731 2288 1831 2338 aut
1887 2281 1976 2336 in-

321 2375 509 2447 telligi
543 2379 711 2447 pacto
743 2375 985 2447 potest?
1015 2375 1122 2430 Sed
1155 2391 1222 2430 ea
1244 2375 1488 2439 ratione,
1520 2391 1647 2445 quae
1671 2370 1977 2427 conveniat

324 2464 464 2520 Deo.
497 2464 844 2520 Exinanitur
863 2464 1021 2519 enim
1051 2465 1124 2519 ad
1156 2465 1329 2519 breve
1360 2468 1595 2535 tempus
1616 2461 1815 2517 divina
1848 2460 1976 2532 glo-

326 2557 414 2610 ria
442 2571 510 2610 ex
537 2553 1073 2626 dispensatione,ut
1096 2572 1184 2610 me
1215 2571 1323 2610 sua
1354 2552 1974 2626 impleretdivinitate,

318 2661 386 2700 ac
416 2645 570 2699 dono
633 2643 796 2699 illius
845 2643 998 2700 Deus
1034 2644 1319 2699 efﬁcerer.
1372 2644 1657 2698 Caeterum
1689 2640 1971 2696 Davidicaa

315 2732 525 2804 puellas
553 2733 798 2804 virginis
827 2738 1095 2789 ventrem
1130 2750 1257 2805 quis
1291 2734 1632 2804 nuptiarum
1667 2747 1872 2802 expers
1905 2747 1971 2785 ac

311 2822 552 2877 omnino
585 2821 869 2878 innocens
900 2822 1065 2893 virgo
1099 2838 1333 2893 semper
1379 2823 1726 2892 permansit,
1763 2820 1847 2875 uti
1878 2836 1969 2875 se-

308 2912 546 2981 mentis,
570 2912 774 2977 subiit,
806 2916 981 2982 atque
1014 2911 1112 2966 ubi
1141 2928 1366 2966 carnem
1396 2927 1464 2966 ex
1495 2910 1653 2966 illius
1679 2908 1966 2980 sanguine

299 3001 675 3072 produxit,ao
705 3017 832 3055 eam
866 3000 1068 3056 anima
1083 3001 1328 3055 rationis
1360 3000 1817 3069 intellectusque
1840 3015 1966 3068 par-

304 3089 482 3160 ticipe
514 3089 796 3144 animavit
821 3089 1055 3160 sibique
1087 3089 1404 3160 copulavit,
1428 3094 1486 3143 et
1515 3089 1586 3143 ab
1621 3089 1752 3160 ipsa
1773 3087 1964 3142 editus

295 3178 455 3234 Deus
487 3195 662 3234 carne
690 3195 818 3234 com
829 3185 1034 3250 pactus
1049 3179 1387 3250 apparuit,d
1400 3177 1574 3250 uplex
1590 3177 1692 3248 qui
1707 3176 1961 3247 simplex

1999 1884 2047 1948 B

2066 604 2226 658 γηται
2259 584 2364 657 γὰρ
2396 583 2472 646 ὡς
2523 583 2657 654 μετὰ
2683 583 2782 650 τὴν
2838 579 2890 634 ἐν
2946 585 3064 642 τοῖς
3120 577 3466 656 Ἰορδανείοις
3498 579 3735 655 ῥείθροις

2065 680 2164 740 τῆς
2196 669 2520 743 Ἀδαμιαίας
2552 671 2818 744 ἁμαρτίας
2866 667 3182 739 κατάδυσιν,
3213 671 3300 723 καὶ
3338 676 3437 738 τῆς
3485 669 3740 744 βροτείας

2069 761 2276 839 φύσεως
2336 763 2614 835 κάθαρσιν,
2656 762 2717 830 ἢν
2766 763 2901 833 ἡμῖν
2962 759 3374 835 ἐπρυτάνευσεν,
3429 759 3596 820 αὐτὸς
3645 779 3744 814 κα-

2070 850 2304 926 θαρθεὶς,
2337 853 2366 905 6
2396 850 2704 926 καθαρσίων
2765 851 2841 924 μή
2878 849 3164 924 δεόμενος,
3198 849 3225 902 ὁ
3248 853 3354 903 τῶν
3417 843 3590 904 ὄντων
3649 848 3736 903 αἶ’-

2067 961 2182 1001 τιος
2239 941 2327 994 καὶ
2378 939 2715 1014 προμηθεὺς,
2769 945 2868 994 τοῦ
2925 943 3058 994 Θεοῦ
3118 939 3420 1013 μονογενὴς
3477 939 3604 1000 Υἱὸς
3645 939 3738 993 καὶ

2071 1029 2248 1104 Λόγος
2277 1035 2372 1085 τοῦ
2395 1035 2548 1098 Θεοῦ,
2575 1031 2602 1084 ὁ
2632 1035 2711 1102 τῷ
2741 1029 3093 1104 γεγεννηκότι
3129 1029 3471 1103 συνάναρχος
3493 1028 3585 1082 καὶ
3619 1049 3742 1082 συν-

2072 1117 2271 1185 αίδιος,
2302 1119 2392 1172 καὶ
2425 1120 2743 1191 ὁμοοόσιος,
2777 1119 2868 1173 καὶ
2903 1118 3190 1193 χαρακτὴρ
3243 1117 3506 1193 ὑπάρχων
3559 1119 3741 1192 ἀπαρ-

2072 1205 2346 1269 άλλακτος
2394 1214 2496 1276 τῆς
2545 1213 2816 1282 πατρικῆς
2867 1207 3239 1275 ὑποστάσεως,
3272 1206 3362 1261 καὶ
3415 1208 3516 1270 τῆς
3577 1203 3740 1278 δόξης

2079 1297 2406 1372 ἀπαύγασμα
2438 1314 2451 1328 ⁸
2487 1298 2515 1351 6
2546 1297 2662 1350 κατ’
2687 1295 2885 1350 οἰκείαν
2921 1295 3016 1368 μὶν
3045 1293 3356 1362 εῗκόνα,καὶ
3386 1296 3505 1358 καθ’
3537 1294 3743 1368 ὁμοίως

2079 1406 2159 1440 σιν
2192 1387 2404 1446 πλάσας
2448 1387 2540 1440 τὸν
2576 1387 2861 1460 ἄνθρωπον
2894 1404 2906 1418 ⁸
2938 1390 3131 1440 τοῦτον
3192 1383 3251 1439 δὲ
3299 1389 3380 1457 τῷ
3408 1389 3506 1439 τοῦ
3539 1382 3740 1458 δυσμε-

2077 1479 2198 1536 νοῦς
2227 1475 2536 1550 ἀρχεκάκου
2568 1473 2861 1549 δράκοντος
2891 1472 3240 1548 δελεάσματι,
3269 1476 3359 1530 καὶ
3409 1478 3478 1547 τῇ
3510 1481 3610 1544 τῆς
3635 1497 3737 1550 γυ-

2077 1565 2262 1626 ναικὸς
2295 1565 2539 1637 ἐπηρείᾳ,
2572 1566 2670 1633 τήν
2714 1562 3044 1632 δεσποτικὴν
3104 1563 3330 1632 ἐντολὴν
3382 1564 3738 1632 ἀθετήσαντα,

2077 1654 2164 1707 καὶ
2220 1657 2287 1726 τῇ
2351 1654 2586 1728 ἁμαρτίᾳ
2647 1652 3106 1728 καταχρανθέντα,
3167 1652 3258 1706 καὶ
3334 1653 3471 1727 πρὸς
3537 1652 3740 1728 φθορὰν

2076 1743 2547 1812 κατολισθήσαντα
2581 1744 2657 1816 μή
2687 1740 3102 1817 παριδὼν,ἀλλ⁹
3135 1739 3356 1812 εὐδοκία
3381 1745 3479 1796 τοῦ
3503 1740 3740 1816 Πατρὸς,

2076 1833 2166 1887 καὶ
2201 1832 2452 1908 συνεργίᾳ
2471 1837 2568 1887 τοῦ
2600 1832 2756 1907 ἁγίου
2811 1833 3126 1904 Πνεύματος
3176 1829 3266 1886 διὰ
3325 1828 3744 1907 φιλανθρωπίας

2081 1923 2282 1998 ἄφατον
2338 1923 2600 1997 πέλαγος,
2659 1920 2720 1976 ἐκ
2787 1925 2896 1975 τῶν
2973 1921 3242 1997 πατρῴων
3323 1913 3743 1988 καταϐεϐηκὼς,

2081 2011 2200 2066 ὅθεν
2247 2013 2350 2066 οὐκ
2378 2011 2606 2081 ἀπέστη,
2638 2008 2861 2065 κόλπων
2898 2029 2911 2043 ·
2947 2011 2975 2064 6
3004 2011 3181 2064 πάντα
3209 2007 3465 2083 πληρῶν,
3495 2009 3582 2062 καὶ
3631 2029 3746 2080 μη-

2084 2099 2193 2155 δενὶ
2227 2100 2720 2177 περιγραφόμενος,
2753 2099 2814 2153 οὐ
2845 2093 3218 2172 μεταϐατικῶς
3265 2105 3364 2167 τῆς
3415 2097 3560 2161 θείας
3607 2107 3746 2159 καθ-

2086 2187 2214 2245 όδου
2263 2191 2589 2262 νοουμένης,
2642 2188 2845 2264 ἄπαγεί
2892 2191 3030 2262 (πῶς
3083 2188 3185 2264 γὰρ
3235 2185 3295 2242 ἂν
3349 2180 3616 2260 μεταϐαίη
3674 2185 3746 2240 τὸ

2087 2280 2405 2353 ἀσώματον,
2434 2279 2523 2333 καὶ
2564 2279 2968 2353 ἀπεριόριστον,
3001 2278 3090 2333 καὶ
3137 2277 3496 2352 ἀπερινόητον
3525 2277 3564 2349 ;)
3595 2273 3754 2330 ἀλλὰ.

2085 2371 2442 2444 θεοπρεπῶς·
2501 2372 2745 2422 κενοῦται
2819 2367 2922 2443 γὰρ
2975 2367 3112 2442 πρὸς
3166 2365 3346 2442 βραχὺ
3402 2372 3501 2435 τῆς
3558 2366 3756 2434 Θεϊκῆς

2089 2456 2250 2529 δόξης
2280 2458 2667 2529 οἷ’κονομικῶς,
2690 2455 2778 2512 *ίνα
2827 2478 2895 2529 με
2925 2455 3202 2533 πληρώσῃ
3231 2460 3332 2521 τῆς
3364 2457 3530 2512 αὐτοῦ
3559 2456 3755 2524 θεότη-

2084 2569 2198 2615 τος,
2229 2547 2320 2602 καί
2353 2547 2473 2608 θεὸς
2504 2548 2692 2622 χάριτι
2723 2545 2966 2621 γένωμαι
3003 2567 3014 2578 ·
3048 2546 3149 2614 τήν
3176 2546 3505 2620 παρθενικὴν
3556 2542 3615 2600 δὲ
3644 2565 3755 2614 νη-

2086 2635 2178 2692 δὺν
2209 2644 2309 2707 τῆς
2357 2637 2736 2712 ἀπειρογάμου
2779 2638 3057 2710 πανάγνου
3105 2637 3194 2690 καὶ
3247 2635 3597 2711 ἀειπαρθένου
3640 2641 3751 2688 Δα-

2083 2723 2292 2790 ϐίτιδος
2333 2727 2526 2800 κόρης,
2559 2726 2724 2780 οἱονεὶ
2784 2725 3008 2801 σπόρος,
3049 2721 3254 2793 sio-86c,
3288 2725 3379 2779 καὶ
3434 2723 3619 2786 κτίσας
3681 2721 3752 2778 ἐκ

2077 2821 2186 2871 τῶν
2211 2815 2375 2883 αὐτῆς
2402 2813 2648 2887 αἱμάτων
2679 2815 2868 2889 σάρκα,
2889 2813 2979 2868 καὶ
3009 2813 3275 2889 ψυχώσας
3325 2817 3480 2888 ψυχῇ
3529 2811 3742 2887 λογικῇ

2075 2926 2135 2959 τε
2163 2905 2252 2960 καὶ
2283 2909 2462 2980 νοερᾷ,
2497 2904 2588 2958 καὶ
2637 2904 2840 2966 ένώσας
2890 2905 3084 2976 ἑαυτῷ,
3117 2904 3205 2958 καὶ
3253 2902 3470 2979 τεχθεὶς
3526 2901 3575 2974 ἐξ
3638 2901 3738 2956 αὖ·

2075 3001 2174 3063 τῆς
2221 2995 2349 3056 Θεὸς
2401 2991 2834 3068 σεσαρκωμένος,
2887 2991 3118 3054 διπλοῦς
3168 2994 3196 3047 6
3245 2991 3476 3060 ἁπλοῦς,
3508 2989 3560 3046 ἒν
3613 2987 3737 3045 δυσὶ

2071 3081 2309 3145 τελείαις
2354 3083 2603 3161 φυσικαὶς
2651 3079 2904 3152 θελήσεσι
2949 3083 3039 3138 καὶ
3097 3082 3405 3158 ένεργείαις,
3458 3081 3549 3136 καὶ
3595 3080 3737 3136 κατὰ

2070 3173 2243 3226 πάντα
2291 3172 2722 3246 κεχρηματικὼς
2769 3173 2890 3235 καθ’
2937 3174 3106 3244 ἡμᾶς,
3139 3172 3287 3240 πλὴν
3313 3177 3413 3241 τῆς
3441 3170 3735 3244 ἁμαρτίας,

296 3273 442 3336 erat,
466 3269 524 3323 in
558 3268 792 3322 duabus
817 3267 1090 3339 perfectis
1124 3267 1497 3323 naturalibus
1529 3265 1948 3333 voluntatibus,

2072 3263 2288 3336 βροτὸς,
2324 3264 2502 3332 πάσης
2534 3258 2659 3337 ἄτερ
2707 3268 2918 3337 τροπῆς
2969 3262 3058 3316 καὶ
3117 3262 3432 3338 συγχύσεως
3490 3281 3734 3334 μεμενη-

298 3373 366 3413 ac
397 3357 859 3429 Operationibus,
895 3357 952 3411 in
985 3357 1287 3425 omnibus,
1322 3362 1483 3412 extra
1519 3362 1846 3428 peccatum,
1879 3357 1952 3410 si-

303 3445 520 3503 militer
550 3463 617 3503 ac
645 3463 753 3503 nos
785 3445 1073 3514 mortalis,
1110 3447 1309 3518 procul
1337 3447 1496 3502 omni
1531 3446 1858 3502 mutatione
1890 3463 1954 3501 ac

305 3536 649 3593 confusione
681 3535 1033 3608 appellatus,
1066 3545 1121 3591 et
1151 3542 1285 3608 post
1331 3542 1668 3608 susceptam
1719 3553 1954 3592 carnem

308 3630 535 3681 unuset
563 3625 688 3697 ipse
722 3625 902 3680 Filius
932 3631 990 3680 et
1021 3643 1139 3680 una
1170 3626 1500 3682 substantia
1529 3643 1659 3682 esse
1682 3625 1951 3697 perrexit.

308 3716 430 3771 Sub
461 3719 722 3786 tempore
755 3716 941 3770 factus
972 3721 1080 3781 est,
1108 3717 1210 3785 qui
1241 3732 1476 3771 omnem
1519 3715 1803 3786 temporis
1826 3729 1954 3768 mo-

305 3809 434 3858 tum
466 3804 852 3871 transcendit,
874 3809 930 3859 et
960 3809 1174 3859 natura
1204 3803 1550 3859 saeculorum
1577 3801 1840 3858 omnium
1866 3805 1956 3855 est

305 3892 842 3963 ell‘ector.Gorporis
873 3893 1006 3948 item
1027 3893 1458 3949 incrementum
1484 3889 1764 3960 suscepit,
1797 3893 1854 3943 et
1883 3889 1953 3943 ad

301 3981 529 4036 virilem
559 3986 813 4052 atatem,
833 3982 934 4053 qui
967 3981 1436 4053 perfectissimus
1465 3979 1745 4050 omnique
1776 3994 1951 4048 supe-

304 4071 423 4126 rior
457 4071 809 4142 perfectione
831 4074 955 4124 erat
977 4071 1259 4141 pervenit.
1294 4070 1362 4123 Et
1392 4067 1571 4122 simul
1598 4083 1662 4120 ac
1692 4083 1760 4121 ex
1790 4065 1951 4122 lava-

302 4176 402 4216 cro
433 4161 762 4232 baptizatus
794 4159 1054 4226 emersit,
1087 4162 1294 4214 contra
1326 4155 1684 4211 homicidam
1716 4161 1950 4228 aposta-

301 4253 423 4304 tam
455 4248 677 4304 variam
709 4249 819 4303 init
847 4247 1099 4315 viam,ac
1128 4245 1447 4318 tricipitem
1477 4245 1606 4314 ejus
1636 4244 1951 4317 impugna«

304 4339 533 4393 tionum
568 4337 903 4393 machinam
927 4334 1631 4404 evertit,insolescentem,
1649 4338 1704 4388 et
1725 4335 1953 4405 magni-

305 4428 412 4482 ﬁce
433 4442 495 4483 se
518 4428 840 4497 jactantem
880 4430 1197 4498 tyrannum
1229 4424 1566 4496 prosternit.
1601 4423 1840 4478 Varium
1887 4441 1952 4478 ac

305 4515 613 4588 multiplex
643 4515 1035 4572 certaminum
1088 4514 1248 4569 illius
1289 4529 1475 4585 genus
1530 4511 1762 4567 irritum
1792 4513 1951 4582 facit,

303 4604 502 4676 ipsum
535 4609 705 4677 captu
730 4605 1051 4661 admodum
1086 4603 1314 4659 facilem
1329 4601 1830 4664 reddit,rationem
1856 4618 1954 4656 no-

2063 3355 2194 3422 κὼς,
2227 3354 2317 3408 καὶ
2353 3353 2486 3425 μετὰ
2523 3353 2623 3421 τὴν
2685 3354 2957 3428 σάρκωσιν
3017 3355 3093 3414 εἷς
3142 3352 3231 3408 καὶ
3282 3353 3311 3407 6
3373 3352 3533 3413 αὐτὸς
3593 3352 3735 3420 υἱὸς,

2063 3443 2154 3498 καί
2187 3445 2284 3515 μία
2315 3440 2606 3503 ὑπόστασις
2642 3458 2657 3476 ⁸
2693 3442 2796 3496 ὑπὸ
2827 3441 3025 3516 χρόνον
3057 3463 3116 3497 τε
3162 3441 3425 3516 γεγονὼς,
3458 3442 3488 3496 6
3545 3441 3734 3510 πάσης

2066 3533 2380 3606 ὑπερέκεινα
2437 3537 2705 3606 χρονικῆς
2765 3533 3053 3601 κινήσεως,
3086 3530 3176 3585 καὶ
3227 3531 3443 3585 πάντων
3486 3531 3734 3600 ποιητὴς

2062 3624 2169 3673 τῶν
2217 3619 2429 3673 αἰώνων
2478 3618 2733 3696 πεφυκώς
2763 3638 2775 3650 ·
2823 3619 2913 3674 καὶ
2980 3616 3448 3694 καταδεδεγμένος
3501 3615 3732 3689 αὔξησιν

2066 3708 2408 3780 σωματικὴν,
2466 3707 2556 3762 καὶ
2618 3707 2696 3771 εἷς
2751 3706 2974 3777 ἡλικίαν
3028 3707 3316 3779 ἐληλυθὼς
3376 3705 3663 3784 ἀνδρικὴν,
3700 3708 3730 3762 ὁ

2064 3795 2404 3867 παντέλειος,
2461 3796 2550 3850 καὶ
2608 3795 2910 3872 ὑπερτελής
2943 3817 2954 3830 ·
3010 3798 3099 3853 καὶ
3178 3797 3512 3872 βαπτισθεὶς,
3565 3795 3725 3859 εὐθὺς

2065 3885 2170 3939 ἀπὸ
2198 3888 2295 3938 τοῦ
2330 3885 2702 3958 βαπτίσματος
2736 3883 2987 3955 έξαναδὺς
3019 3885 3105 3940 ἐπὶ
3145 3887 3244 3955 τήν
3304 3887 3443 3962 πρὸς
3486 3886 3580 3940 τὸν
3627 3885 3728 3939 ἀν-

2067 3973 2444 4047 θρωποκτόνὸν
2476 3973 2784 4045 ἀποστάτην
2813 3973 2948 4030 ἷ¹εται
2984 3975 3222 4046 πλάνην,
3255 3977 3347 4031 καὶ
3397 3977 3497 4043 τὴν
3530 3974 3729 4050 τρικά-

2067 4083 2226 4138 ρανον
2276 4067 2384 4117 τῶν
2433 4060 2621 4117 δεινῶν
2667 4062 2831 4118 αὐτοῦ
2874 4063 3274 4137 παλαισμάτων
3305 4062 3565 4120 καταλύει
3625 4085 3735 4136 μη.

2063 4155 2238 4226 χανην
2273 4173 2286 4186 ·
2320 4154 2406 4207 καὶ
2440 4153 2533 4208 τὸν
2562 4151 2800 4222 ἀλαζόνα
2842 4155 2930 4209 καὶ
2969 4152 3316 4230 μεγάλαυχον
3362 4152 3732 4210 καταπαλαίει

2061 4241 2344 4317 τύραννον,
2373 4240 2461 4296 καί
2508 4242 2600 4297 τὸν
2628 4240 3032 4298 πολυποίκιλον
3082 4248 3190 4298 τῶν
3242 4245 3412 4299 αὐτοῦ
3457 4243 3730 4316 πολέμων

2064 4331 2228 4404 έσμὸν
2282 4337 2559 4408 καταργεῖ,
2591 4332 2681 4387 καὶ
2736 4332 3067 4407 εὐχείρωτον
3123 4333 3284 4389 αὐτὸν
3312 4334 3550 4404 τίθησιν,
3586 4333 3729 4387 ὑπο-

2060 4421 2316 4496 γραμμὸν
2376 4423 2513 4493 ἡμῖν
2567 4419 2889 4486 ὑποδεικνὺς
2939 4425 3040 4492 τῆς
3070 4423 3204 4498 πρὸς
3230 4423 3392 4479 αὐτὸν
3455 4429 3729 4498 καρτερᾶς

2068 4512 2272 4584 μάχης,
2333 4509 2422 4565 καὶ
2492 4513 2590 4579 τῆς
2637 4513 2754 4566 κατ’
2812 4511 2978 4568 αὐτοῦ
3035 4510 3219 4576 διδοὺς
3297 4513 3570 4590 ἀριστείας
3629 4513 3732 4576 τὰς

2065 4599 2340 4672 ἀφορμάςο

302 4693 395 4749 bis
426 4693 760 4762 ostendens,
795 4709 912 4765 qua
939 4691 1026 4748 illi
1068 4692 1185 4747 acri
1237 4706 1438 4763 pugna
1464 4689 1891 4757 resisteremus,
1927 4693 1984 4745 et
2020 4688 2388 4744 fortitudinis
2437 4687 2794 4760 occasiones,
2817 4690 3036 4762 quibus
3066 4697 3271 4748 contra
3307 4691 3476 4749 illum
3527 4697 3723 4748 utere-

305 4799 460 4852 mur,
489 4783 770 4855 impertit.

377 4909 462 4963 Ad
492 4905 824 4979 exemplum
853 4923 990 4978 ergo
1022 4905 1150 4960 vitae
1174 4904 1394 4976 Optime
1424 4905 1752 4960 constitutis
1777 4923 1946 4976 gene-

2133 4901 2272 4977 Ηρὸς
2299 4899 2389 4955 οὖν
2422 4901 2482 4956 τὸ
2504 4908 2602 4971 τῆς
2635 4900 3026 4978 σωτηριώδους
3074 4903 3354 4971 πολιτείας
3411 4906 3722 4982 ὑπόδεῖγμα

301 5014 472 5053 rosus
501 4995 597 5050 hic
629 4994 849 5050 athleta
877 4993 1192 5066 Dionysius
1224 4994 1594 5066 suamipsius
1619 4997 1952 5068 composuit

299 5092 476 5160 atque
526 5084 833 5151 formavit;
891 5099 961 5138 ex
1013 5086 1170 5139 fonte
1229 5085 1472 5141 luminis
1521 5085 1646 5141 vita
1691 5086 1948 5142 auctoris

299 5180 559 5242 exortus,
591 5177 647 5228 et
676 5171 886 5244 gratia,
921 5189 1048 5243 quae
1094 5173 1228 5229 inde
1262 5176 1500 5246 petitur,
1554 5182 1837 5240 armatus,
1895 5182 1951 5231 et

300 5265 579 5321 unctione
610 5261 808 5315 divina
840 5263 1307 5334 perunctus(non
1341 5263 1509 5319 aliter
1536 5281 1601 5319 ac
1635 5263 1951 5320 luctatores

301 5358 505 5408 contra
530 5348 802 5404 hostilem
836 5350 1018 5404 aciem
1068 5350 1126 5404 in
1160 5351 1444 5422 palaestris
1488 5353 1825 5424 insurgunt)
1849 5355 1951 5407 ad-

299 5456 506 5497 versus
535 5437 1007 5493 infensissimum
1032 5439 1569 5514 latronem,viasque
1599 5459 1716 5514 qua
1735 5442 1858 5497 itur
1878 5443 1950 5496 ad

304 5528 483 5584 ccslos
506 5529 874 5583 obsessorem
897 5532 953 5584 et
971 5529 1323 5587 insidiosum
1357 5531 1722 5601 bellatorem,
1755 5531 1948 5586 confe-

308 5617 445 5673 stim
486 5617 638 5672 369
666 5617 1002 5690 apponitur,
1034 5635 1100 5674 ac
1150 5637 1386 5676 omnem
1418 5621 1544 5676 vitae
1605 5619 1952 5676 sollicitudi-

307 5719 444 5761 nem
477 5705 696 5777 abjicit,
729 5710 786 5763 et
815 5712 973 5764 totus
1005 5707 1210 5765 divinae
1268 5711 1330 5764 in
1387 5709 1572 5766 Deum
1606 5708 1951 5767 intentionis

2059 4993 2148 5047 τὸν
2184 4992 2376 5046 ἑαυτοῦ
2404 4991 2683 5068 ῥυθμίζων
2714 4991 2803 5048 καὶ
2865 4994 3176 5059 ἀπευθύνων
3223 4996 3339 5072 βίον
3391 4999 3419 5052 ὁ
3463 4995 3722 5072 γεννάδας

2063 5083 2238 5155 οὗτος,
2291 5089 2392 5151 τῆς
2445 5086 2541 5136 τοῦ
2603 5088 2914 5158 ζωαρχικοῢ
2973 5083 3321 5160 φωτίσματος
3381 5085 3723 5158 έξανατείλας

2061 5178 2264 5246 πηγῆς,
2297 5171 2388 5226 καὶ
2445 5172 2544 5240 τὴν
2591 5169 2788 5226 ἐκεῖθεν
2851 5173 3222 5248 ὁπλισάμενος
3270 5179 3455 5254 χάριν,
3505 5178 3596 5232 καὶ
3643 5183 3727 5250 τῷ

2061 5261 2191 5333 Θείῳ
2221 5259 2464 5336 χρισθεὶς
2499 5259 2798 5334 ἀλείμματι
2830 5262 3091 5338 (καθάπερ
3137 5267 3189 5319 οἱ
3239 5266 3289 5321 έν
3340 5274 3460 5330 ταῖς
3519 5267 3724 5324 παλαί-

2063 5373 2245 5425 στραις
2276 5352 2580 5426 γυμνασταί
2629 5353 2762 5428 πρὸς
2811 5353 3080 5428 πολεμίαν
3131 5357 3722 5435 ἀντιπαραταττόμενον.

2063 5441 2362 5519 φάλαγγα·)
2416 5449 2760 5518 παραχρῆμα
2821 5445 2957 5516 πρὸς
3011 5445 3103 5500 τὸν
3151 5455 3255 5518 τῆς
3317 5449 3394 5511 εἷς
3451 5450 3720 5526 οὐρανοὺς

2062 5530 2366 5605 ἀναγοόσης
2425 5531 2648 5607 πορείας
2704 5530 3072 5589 ἀντιτάσσεται
3135 5533 3558 5611 δυσμενέστατον
3591 5539 3720 5596 ὁδο-

2064 5624 2285 5691 στάτην,
2316 5619 2756 5696 πανουργότατον
2806 5621 3186 5703 πολεμήτορα,
3219 5628 3309 5682 καὶ
3360 5629 3455 5694 τὰς
3523 5631 3714 5706 βιωτι-

2062 5710 2161 5772 κὰς
2197 5709 2510 5765 ἀποτίθεται
2540 5708 2849 5787 φροντίδας,
2871 5711 2960 5768 καὶ
2991 5715 3088 5784 τῆς
3146 5717 3282 5793 πρὸς
3333 5719 3461 5774 Θεὸν
3512 5719 3714 5776 ἀνατά.
