4106 6408
380 426 492 481 633

1411 427 1604 495 νΙΤΑ,
1646 425 1984 482 AUCTORE
2021 427 2396 481 MICHAELE
2433 427 2788 484 SYNGELO.

3708 429 3814 484 634

383 570 522 611 σεως
551 547 682 610 ὅλος
709 545 937 623 ἐραστὴς
983 547 1074 603 καὶ
1125 547 1430 624 ἀγωνιστὴς
1476 547 1811 615 καθίσταται,
1870 567 2026 622 προσι

2156 552 2384 606 amator
2415 554 2470 607 et
2494 552 2652 624 pugil
2686 553 2964 608 etiicitur.
2997 551 3271 608 Assiduis
3295 551 3571 624 precibus
3593 551 3687 609 die
3709 568 3822 608 no-

383 643 573 714 ευχαῖς
633 637 912 698 συντόνοις
967 634 1312 711 διημερεύων
1341 657 1399 691 τε
1448 636 1538 690 καὶ
1593 633 2042 710 διανυκτερεύων,

386 727 480 781 καὶ
512 724 835 800 παννυχίσιν
894 723 1117 787 ἀΰπνοις
1169 725 1525 800 ἐγκαρτερῶν,
1557 725 1642 780 καὶ
1679 723 1930 795 νηστείας
1982 725 2045 779 τὸ

384 815 604 892 σαρκίον
640 813 923 888 δαμάζων,
971 813 1059 869 xui
1085 816 1184 883 τήν
1217 814 1441 889 χείρονα
1473 819 1668 888 μοῖραν
1696 813 2043 877 καθυποτάσ-

385 927 498 960 σων
554 909 624 979 τῇ
683 926 976 980 κρειττονι,
1005 906 1096 960 τὸν
1157 908 1291 979 χοῦν
1323 908 1402 976 τῷ
1461 903 1568 971 νοῒ,
1612 903 1700 957 καὶ
1732 905 1832 972 την
1860 901 2040 978 γεώδη

381 994 802 1051 καταλεπτύνων
863 995 1177 1070 παχύτητα,
1211 993 1246 1063 ἢ
1303 999 1422 1055 ταῖς
1479 991 1757 1061 διανοίαις,
1819 994 1908 1046 οἷά
1960 1014 2042 1054 τις

379 1083 598 1160 ὁμίχλη
660 1081 928 1158 ζωφώδης
977 1089 1096 1146 ταῖς
1141 1081 1400 1152 ἡλιακαῖς
1433 1083 1664 1148 ἀκτῖσιν,
1698 1079 2041 1156 ἐπιπροσθεῖν

380 1171 592 1229 εἶ’ωθεν.
625 1175 810 1230 Ἑνθεν
854 1171 943 1227 ἐπὶ
1000 1173 1062 1226 τὸ
1119 1178 1222 1241 τῆς
1281 1171 1511 1246 θεωρίας
1568 1171 1705 1244 ὕψος
1765 1171 2041 1246 ἀνάγεται,

377 1266 470 1318 καί
529 1268 645 1327 ταῖς
711 1263 835 1336 περὶ
893 1263 1020 1318 Θεὸν
1082 1261 1316 1324 ἐννοίαις
1373 1259 1796 1339 ἐμφιλοχωρεῖ,
1861 1258 2040 1330 πάσης

377 1351 630 1415 ὑλώδους
659 1353 722 1407 τὸ
749 1359 848 1422 τῆς
897 1355 1082 1427 ψυχῆς
1115 1348 1346 1416 θεοειδές
1378 1350 1616 1428 ἀφιστῶν
1666 1349 2038 1422 ἐνθυμήσεως,

371 1441 467 1496 καί
495 1443 557 1497 τὸ
604 1443 790 1518 νοερὸν
825 1443 993 1507 αὐτῆς
1023 1440 1181 1514 ὄμμα
1229 1441 1367 1516 πρὸς
1395 1443 1496 1510 τήν
1532 1441 1729 1495 ἰκεῖθεν
1759 1440 2035 1516 ἀπαστρά-

371 1551 614 1585 πτουσαν
696 1528 928 1604 ἀγλαΐαν
1008 1528 1138 1592 ὅλος
1216 1531 1534 1603 ἀναπτεροῖ,
1619 1534 1737 1591 ταῖς
1800 1529 2034 1584 ἀποστο-

372 1619 558 1682 λικαῖς
609 1619 954 1683 αύτοπτικῶς
1032 1619 1306 1697 ἐντρυφῶν
1377 1617 1655 1693 διδαχαῖς,
1713 1619 1804 1673 καὶ
1860 1624 2031 1673 πᾶσαν

373 1711 560 1780 κεινήν
614 1731 673 1764 τε
718 1710 810 1764 καὶ
858 1708 1094 1764 παλαιὰν
1154 1707 1468 1784 ἱερολόγίαν
1528 1709 1805 1777 ἀναπνοὴν
1863 1709 2038 1779 ἑαυτῷ

370 1796 464 1850 καὶ
523 1799 731 1874 τροφὴν
759 1797 1248 1872 κατεργαζόμενος,
1308 1802 1425 1858 τοῖς
1482 1803 1581 1866 τῆς
1612 1799 1914 1871 πρακτικῆς
1946 1786 2036 1850 καῖ

374 1893 718 1960 θεωρητικῆς
780 1889 975 1961 ἀρετῆς
1031 1886 1497 1958 πλεονεκτήμασι,
1537 1892 1654 1948 τοῖς
1688 1885 1907 1941 Παύλου
1936 1890 2033 1940 τοῦ

2161 644 2378 710 ctuque
2427 639 2690 696 intentus
2749 646 2930 696 totam
2986 647 3219 697 noctem
3257 642 3419 696 ducit
3457 642 3816 698 insomnem.

2161 732 2404 784 Carnem
2430 730 2676 800 jejuniis
2701 731 2923 800 domat,
2960 734 3017 786 et
3045 730 3396 786 deteriorem
3419 738 3644 802 partem
3679 749 3820 804 pra:-

2161 817 2428 872 stantiori
2457 819 2718 889 subjicit,
2744 835 2955 890 nempe
2988 820 3283 890 pulverem
3312 821 3514 889 menti,
3547 825 3605 876 et
3635 826 3816 875 terre-

2159 923 2292 961 nam
2310 907 2789 974 crassitudinem,
2810 909 2938 962 duas
2964 909 3242 963 sensibus
3256 909 3497 980 perinde
3514 926 3578 965 ac
3603 909 3816 966 nebula

2159 995 2426 1065 quaedam
2458 997 2772 1052 tenebrosa
2802 997 3099 1052 solarihus
3130 1013 3258 1052 sese
3293 997 3475 1053 radiis
3521 1014 3816 1070 opponere

2158 1086 2480 1154 consuevit,
2514 1086 2884 1141 comminuit.
2921 1087 3067 1141 Hinc
3098 1088 3168 1141 ad
3205 1085 3594 1158 spculationis
3638 1087 3816 1142 celsi-

2159 1175 2426 1230 tudinem
2446 1174 2692 1243 tollitur,
2725 1176 3095 1246 libenterque
3145 1175 3204 1230 in
3255 1175 3713 1248 cogitationibus
3744 1177 3816 1231 de

2161 1264 2270 1318 Deo
2291 1270 2584 1334 versatur,
2608 1266 2864 1321 divinam
2891 1268 3098 1320 animae
3122 1265 3378 1336 efﬁgiem
3402 1266 3474 1320 ab
3488 1265 3649 1320 omni
3673 1282 3813 1321 con-

2156 1353 2511 1408 sideratione
2538 1359 2770 1409 terrena
2795 1370 3120 1421 removens,
3154 1361 3211 1410 et
3242 1353 3566 1425 spiritualis
3623 1353 3814 1427 ipsius

2154 1447 2359 1501 oculus
2383 1447 2451 1502 ad
2480 1446 2804 1502 claritatem
2840 1445 2996 1500 illam
3031 1463 3158 1516 quae
3191 1445 3354 1500 illinc
3385 1445 3623 1516 etiulget
3653 1452 3816 1502 totus

2154 1535 2358 1603 evolat,
2392 1542 2448 1591 et
2481 1537 2536 1590 in
2572 1534 2914 1607 apostolicis
2960 1534 3246 1589 doctrinis
3295 1535 3566 1607 praesenti
3612 1535 3812 1591 animo

2155 1625 2481 1680 deiiciatur.
2515 1624 2736 1681 Novam
2768 1624 2907 1679 item
2931 1641 3167 1678 omnem
3192 1628 3368 1694 atque
3397 1628 3650 1680 veterem
3674 1624 3817 1680 divi-

2153 1729 2238 1766 nis
2269 1714 2416 1785 legis
2447 1714 2850 1784 scriptionem,
2884 1713 3064 1784 idque
3085 1713 3317 1767 virtutis
3346 1712 3484 1768 illus
3502 1714 3813 1769 abundan-

2153 1801 2254 1866 tia,
2287 1820 2412 1873 qua:
2445 1803 2502 1858 in
2535 1804 2762 1858 actione
2793 1809 2850 1857 et
2890 1800 3384 1873 contemplatione
3436 1807 3723 1868 versatur,
3750 1807 3815 1858 ut

2150 1889 2596 1959 respirationem
2634 1889 2744 1944 sibi
2796 1905 2862 1943 ac
2910 1888 3106 1943 cibum
3148 1888 3476 1944 constituit.
3523 1888 3627 1944 Hic
3675 1907 3810 1946 cum

377 1938 718 1960 c—.-,~—,-—.-—.-
784 1938 973 1961 -τ-ρμ
1553 1938 1652 1948 κ-κτ
1690 1938 1765 1940 κη
1952 1938 1991 1940 η

372 1975 644 2051 μακαρίου
676 1972 1129 2037 διοπτικωτάτοις
1178 1974 1501 2052 καταφανεὶς
1553 1973 1886 2052 ὀφθαλμοῖς,
1939 1976 2026 2029 καὶ

2150 1938 2596 1959 ---Γηνη-η-
2634 1938 2744 1944 η---
2797 1938 2857 1943 ___
2916 1938 3106 1943 -_____
3152 1938 3476 1944 --___-_-__--
3523 1938 3624 1944 __._
3679 1938 3810 1946 η---

2148 1978 2301 2033 beati
2337 1978 2495 2033 Pauli
2531 1977 2880 2033 clarissimis
2911 1977 3100 2032 oculis
3134 1981 3410 2033 ostensus
3433 1983 3608 2046 esset,
3643 1984 3701 2034 et
3722 1980 3810 2034 di-

371 2063 586 2138 βαθμοῦ
641 2069 740 2119 τοῦ
795 2071 896 2134 τῆς
955 2063 1240 2140 ἱεραρχίας
1295 2061 1442 2134 ἄξιος
1499 2065 1750 2136 κριθεὶς,
1813 2068 2035 2138 πρῶτος

366 2153 618 2222 Ἀθηνῶν
642 2152 942 2216 ἐπίσκοπος
977 2155 1063 2209 ὑπ’
1113 2153 1277 2208 αύτοῦ
1307 2154 1742 2228 προχειρίζεται,
1789 2153 1880 2207 καὶ
1933 2160 2031 2222 τῆς

366 2241 571 2303 οἶκείας
627 2240 889 2318 πατρίδος
920 2245 1099 2316 πατὴρ
1144 2242 1551 2317 ἀναγορεύεται,
1605 2243 1692 2296 καὶ
1746 2242 1812 2295 τὰ
1866 2241 2023 2318 ἀκρο-

368 2330 512 2385 θίνια
539 2336 649 2386 τῶν
679 2331 920 2407 λογικῶν
967 2332 1307 2406 πραγμάτων
1358 2329 1738 2407 ἐγχειρίζεται,
1797 2330 1889 2385 καὶ
1936 2331 2028 2385 τὸν

364 2418 554 2484 αὐτόθι
609 2421 1005 2475 πεπιστευκότα
1061 2419 1190 2475 λαὸν
1253 2419 1674 2490 ἇμπιστεύεται’
1758 2415 1865 2473 ἔδει
1927 2420 2028 2493 γὰρ

360 2511 464 2579 τήν
537 2507 895 2585 ἐνεγκοῦσαν,
963 2507 1054 2564 xui
1141 2508 1526 2583 θρεψαμένην,
1593 2508 1684 2563 καὶ
1749 2506 2034 2563 παιδεύσα-

369 2619 467 2652 σαν
523 2593 710 2667 πόλιν,
767 2603 847 2671 τῷ
902 2595 1029 2670 ἰδίῳ
1084 2596 1458 2673 βλαστήματι,
1487 2597 1577 2650 καὶ
1610 2597 1904 2670 θρέμματι,
1937 2597 2027 2652 καὶ

368 2683 698 2760 παιδεύματι
757 2687 982 2764 πρώτην
1061 2684 1478 2760 ἐπαγλαίζεσθαι
1543 2687 1748 2758 πρώτῳ
1804 2689 1911 2740 τῶν
1973 2685 2074 2762 ἐξ,

373 2776 540 2847 αὐτῆς
614 2781 998 2851 πνευματικῶς
1053 2778 1273 2850 Χριστῷ
1327 2776 1406 2846 τῴ
1461 2777 1559 2843 τῆς
1618 2773 1890 2848 σωτηρίας
1940 2773 2024 2827 αἰ-

369 2865 475 2938 τίῳ
529 2867 949 2942 γεγενημένων,
1028 2865 1118 2920 καὶ
1195 2871 1324 2919 πᾶσι
1383 2869 1499 2926 τοῖς
1556 2864 1696 2919 κατά
1757 2864 1875 2939 βίον
1930 2861 2022 2916 καὶ

367 2953 533 3030 λόγον
561 2955 855 3030 πρωτείοις
893 2952 1185 3031 τηλαυγῶς
1233 2953 1588 3028 πρωτεύοντι·
1622 2953 1711 3007 καὶ
1749 2956 1868 3012 ταῖς
1897 2971 2021 3006 ποι-

369 3049 655 3116 μαντικαῖς
712 3049 810 3099 τοῦ
869 3045 1199 3119 παναρίστου
1230 3044 1389 3104 υἱὲως
1445 3043 1694 3116 ἡγεσίαις
1727 3041 2017 3109 ἰθύνεσθαι,

365 3133 694 3210 φωτίζοντος
749 3132 917 3203 αὐτῆς
970 3133 1037 3188 τά
1065 3133 1204 3188 κατὰ
1232 3133 1359 3187 Θεὸν
1415 3127 1748 3204 διαδήματα,
1781 3131 1870 3185 xui
1929 3129 2017 3184 ἐπὶ

367 3222 674 3299 σωτηρίους
697 3222 872 3295 νομὰς
925 3220 1174 3295 ἄγοντος,
1223 3222 1315 3276 xui
1365 3219 1418 3284 ἐς
1474 3221 1641 3276 τόπον
1675 3219 1858 3296 χλόης
1913 3225 2014 3289 τῆς

2145 2065 2264 2120 vini
2298 2067 2613 2122 sacerdotii
2635 2067 2822 2138 gradu
2845 2065 3058 2136 dignus
3080 2066 3406 2137 judicatus,
3439 2067 3810 2123 Athenarum

2145 2156 2462 2227 episcopus
2494 2156 2565 2210 ab
2599 2157 2726 2227 ipso
2753 2156 2981 2227 primus
3030 2155 3293 2226 eligitur,
3345 2161 3402 2210 et
3451 2171 3574 2210 suae
3619 2155 3810 2228 ipsius

2145 2248 2312 2316 pater
2355 2245 2558 2316 patriae
2607 2243 2962 2311 declaratur,
3003 2249 3060 2299 et
3113 2244 3386 2316 primitiae
3431 2244 3806 2316 negotiorum

2145 2333 2526 2390 rationalium
2562 2334 2621 2388 in
2677 2350 2890 2389 manus
2938 2334 3274 2400 traduntur,
3323 2338 3500 2406 atque
3552 2334 3808 2407 populus

2146 2423 2319 2479 isthic
2345 2423 2517 2479 ﬁdem
2543 2422 2980 2495 amplexusipsi
3005 2424 3284 2478 creditur.
3311 2422 3628 2495 Oportebat
3649 2425 3807 2480 enim

2142 2517 2208 2568 ut
2238 2512 2468 2579 civitas,
2499 2530 2627 2584 quas
2660 2513 2818 2567 hunc
2849 2511 3133 2580 ediderat,
3167 2511 3413 2582 aluerat,
3438 2517 3495 2567 et
3527 2513 3806 2568 erudive-

2140 2607 2252 2665 rat,
2277 2603 2562 2673 aproprio
2594 2602 2858 2673 germine
2888 2607 2946 2656 et
2975 2600 3238 2667 alumno,
3272 2605 3448 2672 atque
3469 2601 3803 2657 eruditione

2136 2691 2329 2761 prima
2350 2692 2617 2745 omnium
2651 2690 3070 2756 illustraretur,
3095 2691 3287 2760 primo
3320 2706 3526 2746 eorum
3557 2707 3625 2745 ex
3667 2691 3805 2762 ipsa

2134 2779 2518 2834 oriundorum
2553 2779 3060 2852 quispiritualiter
3079 2778 3309 2834 Christo
3331 2778 3542 2834 salutis
3566 2781 3797 2834 auctori

2135 2867 2256 2922 nati
2290 2868 2548 2933 fuerunt,
2582 2868 2804 2939 quique
2831 2867 3131 2933 omnibus,
3168 2867 3269 2938 qui
3302 2868 3420 2922 vita
3458 2872 3516 2923 et
3564 2867 3790 2923 ratione

2132 2957 2356 3028 primas
2380 2957 2666 3024 obtinent,
2701 2957 3014 3028 magniﬁce
3055 2960 3284 3028 praeest.
3337 2956 3452 3012 Nec
3501 2972 3673 3012 secus
3723 2973 3791 3012 ac

2126 3046 2386 3117 optimus
2452 3046 2611 3101 ﬁlius
2642 3045 2797 3101 viam
2828 3045 3020 3102 instar
3041 3046 3295 3117 pastoris
3344 3051 3792 3117 commonstrat,

2129 3135 2420 3206 docetque
2450 3135 2954 3206 quemadmodum
2987 3152 3056 3190 ex
3103 3135 3206 3190 Dei
3255 3135 3598 3207 praescripto
3648 3151 3791 3190 suos

2125 3223 2257 3296 ipsa
2297 3240 2534 3294 gressus
2584 3223 2820 3296 dirigat,
2868 3224 3008 3279 dum
3047 3223 3212 3279 illam
3273 3224 3331 3278 in
3378 3223 3506 3279 loca
3535 3240 3792 3297 pascuae,

364 3310 512 3374 λείας
569 3313 659 3367 καὶ
728 3308 1034 3384 ἀκιϐδήλου
1098 3309 1446 3373 διδασκαλίας
1499 3315 1967 3381 κατασκηνοῦντος
2002 3357 2017 3384 ,

2140 3313 2321 3383 planae
2353 3329 2566 3383 nempe
2595 3329 2659 3367 ac
2691 3313 2934 3367 sincerae
2958 3313 3265 3379 doctrinae,
3300 3312 3566 3383 collocat,
3598 3318 3656 3368 et
3691 3330 3795 3368 su-

359 3402 450 3455 xui
481 3400 568 3456 ὲπὶ
602 3400 803 3464 ὕδατος
835 3400 1210 3474 ἀναπαύσεως,
1267 3407 1370 3471 τῆς
1421 3402 1689 3476 μακαρίας
1723 3396 1889 3463 ὅντως
1920 3400 2022 3473 λή-

359 3490 492 3561 ξεως
526 3489 903 3571 ἐκτρέφοντος.

432 3617 498 3671 Ὤ
551 3623 651 3685 τῆς
683 3615 1053 3694 θεοψηφίστου
1108 3617 1207 3684 τῆς
1236 3619 1343 3670 τῶν
1399 3615 1704 3685 Ἀθηναίων
1740 3614 2022 3691 μητροπό-

362 3703 505 3768 λεως
535 3704 842 3780 εὐμοιρίας,
875 3705 949 3767 ὡς
992 3704 1386 3780 τρισμακάριος
1421 3704 1653 3780 ὑπάρχει
1683 3706 1694 3760 ί
1755 3705 1830 3767 ὡς
1880 3702 2022 3776 ἀλη-

361 3795 470 3856 θῶς
520 3797 610 3849 καὶ
639 3788 958 3862 τρισόλϐιος
991 3791 1157 3857 πόλις
1202 3797 1456 3848 τοιοῦτον
1513 3796 1746 3847 τεκοῦσα
1801 3793 1889 3847 καὶ
1925 3791 2022 3848 λα-

359 3886 538 3958 χοῦσα
566 3883 824 3954 ποιμὲνα,
874 3879 964 3936 καὶ
1013 3881 1352 3956 προηγέτην,
1411 3879 1501 3935 καὶ
1551 3877 1900 3951 διδάσκαλον,
1947 3881 2023 3943 ὡς

359 3973 390 4026 ὁ
418 3970 767 4047 Ἰσραηλίτης
797 3968 932 4033 λαὸς
963 3969 1135 4026 πάλαι
1161 3972 1252 4025 τὸν
1282 3971 1514 4026 Μωϋσὲα
1541 3972 1552 4026 ί
1591 3969 1681 4024 καὶ
1721 3970 1821 4044 γὰρ
1852 3967 2026 4034 ἄλλος

357 4082 443 4123 τις
498 4058 867 4116 ἀναδὲδεικται
946 4067 1208 4131 Μωϋσῆς,
1275 4059 1576 4134 Αἴγυπτον,
1631 4061 1731 4129 τὴν
1794 4060 2021 4135 ζοφερὰν

363 4151 516 4226 λέγω
560 4152 647 4206 καὶ
681 4149 949 4205 πολύθεον
985 4147 1284 4218 εἷδωλικὴν
1331 4148 1568 4219 πλάνην,
1627 4148 1688 4203 ού
1721 4145 1846 4203 δέκα
1876 4149 2021 4216 πλη-

363 4247 490 4317 γαῖς
542 4237 688 4296 ἀλλᾶ
720 4239 938 4313 μυρίαις
993 4240 1376 4312 καιριωτάταις
1434 4239 1521 4293 καὶ
1583 4235 2020 4314 πυρωδεστᾶταις

362 4335 472 4386 τῶν
524 4331 686 4406 ἰερῶν
747 4329 915 4384 αὐτοῦ
973 4325 1258 4404 δογμάτων
1310 4328 1397 4382 καὶ
1460 4323 1806 4403 διδαγμάίτων
1853 4349 2022 4383 κατα-

365 4418 618 4490 τοξεύσας
671 4417 886 4494 βολαῖς·
940 4416 1031 4472 καὶ
1060 4417 1150 4471 τὸν
1188 4415 1283 4489 μὶν
1315 4415 1511 4486 νοητὸν
1547 4417 1750 4490 Φαραὼ
1782 4415 1874 4470 σὺν
1902 4422 2022 4478 ταῖς

365 4508 642 4584 ὀλεθρίαις
692 4507 856 4562 αὐτοῦ
890 4503 1173 4580 δυνάμεσι,
1231 4510 1351 4568 ταῖς
1408 4506 1546 4580 πρὸς
1574 4512 1675 4575 τῆς
1731 4505 1895 4561 αὐτοῦ
1924 4527 2020 4561 κα-

359 4596 696 4672 κοδαίμονος
751 4596 960 4666 ἀπάτης
1019 4594 1413 4673 ἐπιφυομὲναις
1449 4592 1818 4664 ζιζανιώδεσιν
1880 4596 2020 4670 αἱρε-

2133 3417 2235 3472 per
2269 3417 2483 3473 aquam
2518 3401 2872 3469 refectionis,
2907 3401 3191 3458 nimirum
3222 3418 3366 3457 veras
3412 3401 3793 3482 haereditatis,

2133 3491 2366 3546 educat.

2205 3615 2249 3670 Ο
2296 3615 2595 3688 ingentem
2649 3615 2994 3687 metropolis
3040 3614 3492 3672 Atheniensium
3533 3615 3792 3674 civitatis

2131 3704 2495 3775 felicitatem,
2529 3705 2692 3760 nullo
2723 3704 3140 3777 suffragiorum
3164 3704 3445 3761 beneﬁcio
3491 3704 3574 3759 illi
3627 3705 3798 3762 dela-

2132 3793 2288 3848 tam!
2323 3797 2507 3858 Quam
2543 3811 2675 3850 vere
2711 3793 2868 3861 felix,
2903 3794 3424 3866 multipliciierque
3466 3794 3636 3850 beata
3680 3801 3792 3863 est,

2133 3899 2263 3955 quas
2295 3888 2525 3938 tantum
2559 3884 2769 3939 ducem
2802 3887 2979 3954 atque
3012 3883 3363 3956 magistrum
3399 3883 3488 3954 (ut
3517 3884 3792 3954 Israeliti-

2133 3989 2239 4028 cus
2287 3973 2427 4028 olim
2478 3971 2734 4044 populus
2785 3971 3047 4044 Moysen)
3096 3972 3394 4044 talemque
3459 3971 3630 4028 enixa
3681 3979 3793 4041 est,

2133 4066 2310 4133 atque
2333 4061 2540 4116 sortita
2574 4067 2868 4132 pastorem
2901 4060 2913 4114 l
2948 4061 3163 4116 etenim
3197 4060 3344 4116 alter
3365 4061 3604 4133 quidam
3631 4061 3795 4135 Moy-

2132 4168 2226 4206 ses
2267 4151 2459 4205 denuo
2490 4149 2653 4204 visus
2701 4154 2810 4219 est,
2858 4149 2960 4220 qui
3009 4150 3345 4222 Egyptum,
3397 4148 3796 4219 caliginosum

2131 4240 2261 4294 dico
2292 4239 2351 4293 in
2395 4237 2655 4293 colendis
2705 4238 3044 4293 simulacris
3091 4254 3370 4307 errorem,
3418 4255 3533 4293 non
3586 4239 3789 4296 decem

2131 4327 2345 4400 plagis,
2379 4330 2479 4384 sed
2513 4328 2842 4383 innumeris
2893 4327 3189 4384 laetalibus
3233 4328 3791 4402 ardentissimisque

2131 4434 2310 4473 sacras
2333 4417 2494 4473 illius
2525 4418 2804 4473 doctrinae
2842 4434 2909 4472 ac
2931 4418 3122 4472 divum
3181 4417 3509 4490 disciplina:
3560 4418 3792 4491 sagittis

2127 4508 2446 4575 transfixit,
2477 4513 2533 4562 et
2557 4509 2871 4577 ﬁguratum
2900 4507 3269 4563 Pharaonem
3301 4524 3434 4563 cum
3467 4508 3628 4563 omni
3659 4508 3790 4578 ejus

2129 4596 2460 4670 perniciosa
2479 4601 2786 4668 potestate,
2812 4597 3420 4668 nugisquehaereticis
3452 4613 3518 4652 ac
3546 4597 3790 4652 zizaniis

356 4692 540 4750 τικαῖς
597 4685 1024 4760 εἷ’καιομυθίαις,
1071 4685 1464 4746 καταποντίσας
1491 4689 1609 4746 τοῖς
1656 4683 2013 4761 γλαφυρωτά-

2140 4685 2338 4758 plenis,
2399 4702 2526 4758 quae
2571 4702 2605 4740 a
2655 4685 3080 4741 cacodaemonis
3133 4686 3290 4740 370
3338 4684 3526 4755 ipsius
3577 4687 3785 4742 fraude

358 4799 479 4840 τοις
508 4783 608 4846 τῆς
640 4775 803 4832 αὐτοῦ
829 4775 1106 4852 πανσόφου
1137 4773 1279 4836 Θείας
1327 4775 1580 4848 γνώσεως
1637 4775 1728 4829 καὶ
1783 4772 2015 4847 εὐγλωτ-

358 4869 478 4930 τίας
530 4869 737 4942 βυθοῖςο
787 4866 880 4921 τὸν
935 4863 1188 4920 ἐκλεκτὸν
1244 4862 1301 4919 δὲ
1345 4869 1443 4919 τοῦ
1473 4861 1719 4937 Χριστοῦ
1746 4863 1876 4919 λαὸν
1911 4863 2016 4919 ἀπὸ

357 4962 460 5024 τῆς
528 4962 626 5012 τοῦ
682 4953 879 5029 Βελίαρ
927 4951 1261 5030 τυραννίδος,
1319 4955 1407 5009 καὶ
1459 4961 1562 5024 τῆς
1619 4950 2020 5026 δεισιδαίμονος

360 5046 651 5121 Ορησκείας
695 5042 1058 5124 φυγαδευτήν,
1100 5044 1199 5112 τὴν
1244 5048 1350 5098 τῶν
1385 5042 1823 5115 ἐπανισταμένων
1882 5063 2014 5097 παν-

357 5135 614 5192 τοδαπῶν
673 5133 956 5207 πολεμίων
1012 5134 1430 5209 ἀγριαινομένην
1508 5132 1774 5197 θάλατταν
1854 5153 2018 5187 κατα-

357 5231 657 5297 πατοῦγτα,
685 5226 756 5298 τῇ
785 5221 1118 5304 φωτοειδοῦς
1150 5221 1352 5278 στύλου
1385 5220 1542 5294 δίκην
1597 5222 1648 5278 ἐν
1697 5222 1846 5295 αύτῷ
1897 5219 2017 5277 δια⁹

360 5315 660 5390 λαμπούσῃ
717 5311 1196 5390 καθοδηγούμενον
1253 5311 1492 5388 χάριτι,
1547 5313 1638 5367 καὶ
1686 5311 1887 5390 νεφέλῃ
1945 5315 2015 5386 τῇ

355 5411 462 5462 τοῦ
517 5404 780 5480 παναγίου
849 5403 1163 5474 Ηνεύματος
1243 5402 1410 5476 σκέπῃ
1467 5400 1873 5480 φραυρούμενον
1929 5400 2018 5455 ἐπὶ

354 5497 450 5551 τὸν
509 5495 816 5568 ἀκύμαντον
879 5490 1146 5553 διασώσας
1199 5490 1370 5566 ὅρμον
1398 5497 1497 5560 τῆς
1557 5491 1867 5565 ἀμωμήτου
1924 5490 2016 5544 πί-

361 5605 550 5652 στεως,
607 5583 698 5639 καὶ
755 5586 863 5636 τῶν
922 5585 1229 5657 χαμερπῶν
1285 5582 1623 5636 παντάπασιν
1686 5574 2018 5656 ὑπεραναϐε-

362 5670 575 5744 δηκὼς,
603 5671 693 5727 καὶ
724 5678 827 5741 τῆς
856 5674 958 5726 τοῦ
989 5665 1154 5745 ὅρους
1198 5673 1306 5726 τῶν
1339 5670 1542 5746 ἀρετῶν
1580 5665 2018 5748 κορυφαιοτάτης

355 5767 649 5838 περιωπῆς
701 5759 830 5824 τοὺς
906 5758 1432 5835 εὖαγγελιζομὲνους
1506 5758 1728 5836 εῒρήνην
1780 5756 2014 5835 ὡραίους

2126 4775 2421 4842 oriuntur,
2461 4772 2861 4829 ornatissimis
2884 4773 3252 4829 admirabilis
3275 4775 3408 4844 ejus
3445 4790 3509 4830 ac
3527 4775 3687 4829 omni
3706 4775 3792 4830 di-

2125 4863 2275 4918 vinas
2307 4862 2658 4935 cognitionis
2695 4872 2748 4917 et
2777 4862 3128 4935 eloquentiae
3162 4863 3788 4935 profunditatibusde-

2129 4953 2354 5008 mersit.
2401 4957 2578 5007 Porro
2626 4951 2876 5006 electum
2929 4952 3149 5008 Christi
3192 4952 3478 5025 populum
3532 4969 3563 5008 a
3603 4951 3788 5008 Belial

2127 5042 2456 5114 tyrannide,
2489 5047 2548 5095 et
2578 5058 2606 5096 a
2643 5041 3056 5111 superstitiosa
3083 5040 3317 5098 cultura
3347 5042 3659 5113 profugum
3677 5040 3787 5097 ho-

2128 5132 2322 5187 stibus
2345 5129 2606 5201 undique
2636 5135 2842 5185 contra
2872 5129 3040 5186 illum
3074 5129 3542 5200 insurgentibus,
3575 5130 3790 5185 solitu-

2127 5221 2286 5278 dinis
2317 5220 2462 5276 mari
2508 5221 2779 5289 trajecto,
2821 5223 2881 5274 et
2928 5220 3212 5276 charitate
3267 5220 3457 5276 instar
3496 5220 3786 5276 columna!

2128 5311 2283 5384 ignis
2309 5309 2698 5365 illucescente
2725 5308 3049 5378 deduxit,et
3080 5309 3319 5376 nebula,
3345 5309 3627 5364 nimirum
3653 5325 3789 5364 san-

2128 5400 2374 5457 ctissimi
2407 5399 2658 5470 Spiritus
2686 5398 3071 5470 proiectione,
3105 5399 3498 5454 custodivitac
3530 5399 3604 5454 ad
3633 5403 3794 5454 tran-

2129 5489 2379 5562 quillum
2405 5504 2593 5560 usque
2619 5487 2938 5559 inculpata
2977 5488 3110 5544 ﬁdei
3155 5493 3389 5561 portum
3422 5488 3794 5544 conservavit

2127 5580 2398 5636 Humana
2431 5594 2670 5650 prorsus
2695 5577 2896 5632 omnia
2945 5594 3368 5650 supergressus
3399 5578 3459 5634 in
3508 5592 3793 5649 suprema

2127 5668 2352 5726 montis
2379 5667 2664 5723 virtutum
2696 5666 2936 5739 specula
2965 5668 3264 5739 speeiosos
3294 5683 3498 5741 pacem
3540 5683 3782 5722 annun-

2124 5760 2340 5817 tiantes
2370 5757 2544 5830 pedes
2569 5755 2716 5826 ﬁxit,
2740 5755 3122 5830 divinamque
3147 5756 3462 5830 caliginem
3479 5757 3784 5828 ingressus
3823 5801 3830 5806 .
