4106 6406
281 381 388 436 635

1529 383 1587 434 8.
1627 380 1942 434 DIONYSII
1985 380 2467 438 AREOPAGITE

3593 377 3702 432 636

281 521 418 561 cum
454 509 566 560 Deo
597 503 969 560 familiariter
997 507 1086 559 est
1113 503 1366 573 locutus,
1400 519 1466 558 ac
1483 503 1692 557 divinas
1742 503 1921 559 mani-

2044 498 2218 564 πόδας
2275 501 2576 577 ἐπερείσας,
2634 501 2724 557 καὶ
2755 503 2848 557 τὸν
2901 506 3047 565 θεῖον
3099 496 3426 560 είσδεδυκὼς
3479 498 3708 572 γνόφον,

278 594 612 651 festationis
634 598 691 648 et
723 593 1110 665 legislationis
1133 593 1364 648 tabulas
1385 591 1627 662 accepit.
1659 592 1929 648 Manibus

278 683 336 738 in
368 683 563 739 crucis
595 683 847 754 speciem
877 683 1150 748 sublatis,
1184 682 1414 737 Amalec
1466 682 1580 738 Deo
1624 683 1926 736 infensum

274 773 332 826 in
366 773 739 845 triumphum
772 773 957 827 duxit.
989 773 1264 843 Vipereos
1285 789 1539 837 morsus,
1583 789 1650 826 ac
1697 772 1928 827 insrdiis

274 863 612 918 daemonum
646 862 1080 934 supplantatos,
1107 861 1452 931 sagittisque
1483 861 1702 916 nefarie
1725 866 1926 932 captos

273 957 463 1020 curat,
498 953 675 1023 idque
707 968 882 1007 carne
912 951 1094 1015 verbi,
1129 952 1282 1022 quod
1319 950 1376 1004 in
1427 949 1586 1022 ligno
1630 949 1926 1022 pependit,

276 1047 650 1112 mortemque
670 1040 873 1106 subiit,
894 1044 952 1094 et
971 1040 1272 1110 oppositas
1291 1039 1440 1094 vires
1456 1040 1720 1107 peremit,
1748 1040 1928 1110 quod-

273 1145 385 1200 que
416 1129 630 1200 abipso
655 1130 830 1200 probe
848 1133 1186 1183 veneratum
1212 1133 1268 1183 et
1288 1129 1496 1199 spiritu
1523 1128 1925 1200 praedicatum,

272 1223 330 1273 et
352 1220 660 1273 adoratum
695 1218 822 1272 fuit.
861 1219 928 1272 Et
961 1223 1023 1271 ut
1054 1217 1200 1273 alter
1244 1219 1420 1272 Josue
1467 1218 1785 1272 Jordanem
1835 1233 1926 1272 se-

272 1312 385 1374 cat,
417 1324 482 1362 ac
515 1306 873 1378 peculiarem
910 1307 1192 1379 populum
1225 1307 1477 1379 peditem
1533 1307 1708 1362 siccis
1755 1307 1927 1361 vesti-

272 1397 386 1468 giis
435 1397 867 1464 ambulantem,
926 1400 1380 1468 portantemque
1420 1394 1809 1451 venerabilem
1859 1413 1925 1450 ac

271 1491 708 1540 sacrosanctam
737 1501 960 1551 arcam,
978 1503 1105 1556 quae
1126 1485 1310 1539 instar
1331 1484 1491 1540 illius
1506 1485 1715 1540 veteris
1740 1485 1920 1539 Deum

269 1575 551 1641 continet,
599 1574 834 1645 trajicit.
880 1575 1368 1630 Detestandorum
1420 1573 1922 1629 Jerichuntiorum

270 1669 638 1735 argumenta,
672 1666 772 1734 qui
826 1663 999 1719 alieni
1054 1664 1486 1737 intelliguntur,
1537 1680 1604 1719 ac
1655 1663 1925 1733 praesidia

271 1754 740 1826 conspirantium
761 1753 1166 1810 hereticorum
1194 1753 1350 1809 vario
1375 1760 1551 1825 atque
1592 1752 1924 1824 multiplici,

269 1857 373 1913 pro
405 1841 971 1913 pietate,certamine
1002 1843 1339 1913 prosternit,
1375 1849 1432 1896 et
1453 1859 1558 1914 pro
1591 1841 1922 1896 divinarum

267 1932 545 1987 tubarum
578 1933 798 1998 sonitu,
835 1933 906 1987 iis
937 1949 1062 2003 quas
1093 1949 1161 1988 ex
1190 1934 1432 1988 adverso
1465 1948 1744 2004 percussa
1764 1949 1924 1987 ever-

265 2023 446 2077 tenda
469 2029 656 2093 erant,
684 2022 1161 2094 praedicationem
1194 2023 1379 2077 instar
1410 2021 1552 2077 solis
1584 2021 1925 2077 illuminan-

266 2114 384 2166 tem
410 2112 677 2166 obtendit
710 2128 915 2167 suam:
945 2113 1414 2183 prudentemque
1440 2112 1920 2178 gubernationem

268 2216 396 2270 quae
429 2199 622 2256 lucem
654 2202 902 2268 afferret,
939 2206 997 2255 et
1027 2218 1153 2272 quis
1177 2201 1404 2256 coalitus
1435 2199 1924 2256 illiexhibebatur

267 2293 472 2344 contra
505 2289 811 2345 incursum
842 2289 1116 2362 luporum
1142 2290 1469 2362 rapacium,
1502 2289 1613 2345 hoc
1643 2295 1734 2344 est
1754 2289 1924 2344 falso-

267 2394 400 2432 rum
439 2378 741 2433 doctorum
773 2395 980 2450 greges
1005 2379 1248 2434 rationis
1267 2379 1584 2451 participes
1599 2378 1923 2450 degluben-

263 2466 413 2521 tium
449 2467 713 2539 opponit.
748 2467 1668 2535 Etimmortalemhaareditatem,
1694 2471 1924 2539 quaeest

265 2554 326 2609 in
360 2555 582 2611 ccelesti
616 2556 1009 2626 Hierusalem,
1034 2557 1108 2612 iis
1141 2558 1240 2629 qui
1273 2557 1542 2612 servandi
1569 2560 1710 2611 sunt
1739 2556 1924 2611 admi-

268 2645 505 2699 nistrat.
539 2647 618 2700 Ac
649 2645 804 2701 sicut
831 2645 931 2700 ille
963 2645 1145 2700 solem
1180 2655 1233 2700 et
1281 2646 1477 2702 lunam
1539 2646 1595 2701 in
1635 2645 1919 2701 auxilium

266 2734 476 2789 servati
530 2735 712 2789 divini
763 2735 964 2806 populi
1012 2735 1418 2807 aggredientes
1485 2741 1726 2790 terrenae
1783 2752 1921 2807 pro-

265 2823 566 2879 missionis
607 2823 805 2879 hostes
836 2823 1125 2895 expellere
1168 2825 1348 2892 sistit,
1381 2825 1738 2896 festinatque
1793 2841 1926 2896 pos-

266 2913 592 2968 sessionem
625 2911 735 2966 sibi
772 2912 1124 2984 promissam
1157 2914 1453 2982 dividere;
1487 2921 1544 2968 et
1569 2913 1716 2968 alter
1744 2914 1918 2967 David

267 3001 500 3057 hostem
535 3001 790 3057 inaniter
819 3003 1217 3072 sejactantem
1243 3008 1447 3058 contra
1465 3003 1729 3058 divinum
1755 3019 1918 3057 exer-

269 3091 475 3155 citum,
521 3095 579 3146 et
625 3092 754 3161 ejus
814 3092 1236 3163 propugnatori
1302 3092 1563 3147 convicia
1611 3093 1918 3148 facientem

262 3178 448 3234 funda
469 3195 601 3234 cum
636 3181 1108 3250 percussisset,et
1130 3182 1524 3237 lacinorosum
1557 3181 1724 3236 illum
1751 3188 1915 3238 terrae

2039 593 2129 646 καὶ
2191 597 2307 664 Θεῷ
2364 590 2809 667 προσομιλήσας,
2870 591 2959 646 καὶ
3017 590 3111 653 τὰς
3170 597 3270 660 τῆς
3316 587 3706 666 θεοφαντορίας

2039 683 2127 735 καὶ
2199 683 2522 754 νομοθεσίας
2579 681 2795 744 πλάκας
2843 679 3155 753 δεξάμενος,
3211 680 3301 733 καὶ
3359 683 3480 741 ταῖς
3539 699 3703 732 σταυ-

2040 769 2265 845 ροειδῶς
2288 772 2646 845 ζὺψουμέναις
2699 771 2983 843 παλάμαις
3032 771 3122 824 τὸν
3178 768 3418 822 ἀντίθεον
3477 787 3699 838 τροπω-

2039 862 2274 932 σάμενος
2336 860 2636 934 Ἀμαλὴκ,
2707 861 2795 915 καὶ
2854 864 2961 914 τῶν
3023 855 3314 934 ἐχιδναίων
3372 854 3698 930 δηγμάτων,

2036 953 2144 1002 τῶν
2179 947 2513 1022 δαιμονικῶν
2576 950 2764 1025 λόχων
2816 951 2905 1004 καὶ
2944 949 3292 1020 τοξευμάτων
3353 945 3482 1008 τοὺς
3537 967 3694 1021 πτερ-

2036 1039 2314 1101 νισθέντας
2362 1039 2451 1094 καὶ
2500 1045 2683 1101 κακῶς
2713 1037 2945 1100 ἁλόντας
2979 1036 3272 1110 ἐξιώμενος
3322 1040 3402 1108 τῷ
3427 1039 3526 1089 τοῦ
3574 1056 3696 1110 κρε-

2041 1128 2338 1199 μασθέντος
2404 1127 2492 1183 ἐπὶ
2559 1127 2724 1199 ξύλου
2781 1127 2868 1183 καὶ
2940 1127 3304 1203 νεκρωθέντος
3363 1126 3542 1201 σαρκὶ,
3572 1126 3691 1179 καὶ-

2033 1217 2129 1278 τὰς
2183 1216 2425 1280 ἐναντίας
2457 1220 2828 1293 νεκρώσαντος
2861 1214 3136 1290 δυνάμεις,
3187 1214 3372 1277 καλῶς
3413 1214 3501 1269 ὑπ’
3532 1214 3696 1270 αὐτοῦ

2036 1302 2377 1381 σεϐομένου,
2435 1311 2525 1364 καὶ
2581 1308 3080 1384 προσκυνουμένου,
3139 1307 3232 1361 καὶ
3286 1307 3694 1380 κηρυττομένου

2036 1394 2203 1471 λόγου
2252 1397 2541 1472 πνεύματι.
2596 1397 2702 1454 Καὶ
2759 1402 2970 1469 Ἰησοῦς
3024 1393 3197 1460 ἄλλος
3243 1397 3453 1468 τέμνων
3490 1392 3692 1469 Ἰορδάο

2035 1507 2153 1557 νην,
2203 1486 2292 1541 καὶ
2348 1488 2440 1542 τὸν
2503 1489 2815 1564 περιούσιον
2873 1485 3203 1561 διαπεραιῶν
3261 1483 3390 1540 λαὸν
3423 1480 3694 1560 ἀϐρόχοις

2037 1572 2212 1648 ἴχνεσι
2273 1581 2707 1652 πεζοποροῦντα,
2739 1577 2827 1631 καὶ
2857 1577 2956 1644 τήν
2983 1574 3032 1644 ἐξ
3066 1573 3230 1629 αὐτοῦ
3285 1575 3691 1650 βλαστήσουσαν

2036 1659 2442 1736 πανσεὸάσμιόν
2499 1687 2556 1720 τε
2615 1667 2704 1720 καὶ
2771 1664 3019 1740 πανίερον
3081 1661 3304 1739 α’ίροντα
3363 1659 3696 1736 θεοδέγμονα

2034 1752 2225 1827 νοερὰ-ι
2285 1748 2545 1824 κιϐωτὸν,
2604 1753 2694 1808 καὶ
2724 1753 2792 1808 τὰ
2846 1757 2954 1807 τῶν
2986 1751 3410 1827 Ἱεριχουντείων
3441 1756 3550 1806 τῶν
3578 1749 3699 1805 δυσ-

2038 1842 2296 1914 ωνύμων,
2353 1848 2562 1912 νοητῶν
2623 1841 2981 1918 ἀλλοφύλων,
3040 1842 3128 1897 καί
3182 1845 3282 1904 τῆς
3336 1846 3445 1896 τῶν
3495 1842 3698 1916 αἱρετι-

2041 1931 2241 1999 ζόντων
2276 1933 2585 2008 συμμορίας
2637 1933 2980 2008 ὀχυρώματα
3019 1925 3384 1986 καταϐάλλων
3409 1936 3526 1993 τοῖς
3563 1931 3695 2007 ὑπὲρ

2036 2027 2136 2089 τῆς
2198 2016 2468 2085 εὐσεϐείας
2496 2018 2872 2085 πολυκύκλοις
2915 2020 3005 2076 καὶ
3046 2019 3420 2096 πολυτρόποις
3479 2018 3692 2089 ἄθλοις,

2035 2109 2124 2163 καὶ
2181 2115 2300 2172 ταῖς
2360 2111 2834 2188 ἱεροφαντορικαῖς
2893 2109 3152 2185 σάλπιγξι
3210 2107 3698 2182 κατακτυπούμενά

2032 2219 2090 2252 τε
2147 2197 2237 2253 καὶ
2295 2201 2797 2274 καταστρεφόμενα,
2853 2200 2944 2254 τὸν
2995 2195 3249 2268 ἡλιοειδῆ
3282 2219 3340 2252 τε
3397 2197 3487 2252 καὶ
3528 2218 3696 2272 φωτι-

2034 2288 2216 2342 στικὸν
2273 2287 2463 2362 λόγον,
2513 2290 2600 2343 καὶ
2660 2290 2759 2358 τὴν
2820 2287 3259 2366 σελασφοροῦσαν
3285 2288 3460 2364 σοφήν
3507 2281 3698 2360 κυϐέρ-

2031 2397 2188 2446 νησιν
2251 2375 2538 2453 οὐρανόθεν
2595 2377 2742 2449 αὐτῷ
2783 2376 3205 2453 χορηγουμένην
3261 2376 3696 2451 προϊσχόμενος,

2034 2464 2112 2527 εἷς
2165 2468 2265 2536 τήν
2323 2471 2431 2522 τῶν
2483 2468 2744 2543 ἀρπάγων
2780 2465 2986 2538 λύκων,
3043 2471 3150 2521 τῶν
3207 2465 3302 2528 τὰς
3336 2463 3566 2540 λογικὰς
3594 2462 3695 2518 λυ-

2037 2557 2382 2629 μαινομένων
2433 2555 2630 2632 ἀγέλας
2687 2553 3172 2611 κακοδιδασκάλων
3250 2552 3527 2626 ἐξέλασιν,
3601 2552 3695 2608 καὶ

2031 2650 2147 2706 τοῖς
2204 2647 2536 2718 σωζομένοις
2593 2647 2693 2714 τήν
2755 2643 3165 2714 διαιωνίζουσαν
3225 2643 3605 2718 κληρονομίαν
3639 2642 3693 2696 ἐν

2033 2733 2402 2808 Ἰερουσαλὴμ
2470 2739 2539 2808 τῇ
2628 2734 2934 2808 ἐπουρανίῳ
3013 2734 3482 2806 πρυτανευόμενος
3519 2776 3532 2800 ,
3621 2733 3696 2794 ὡς

2032 2821 2234 2885 ἐκεῖνος
2283 2822 2445 2892 ἥλιόν
2505 2844 2564 2878 τε
2608 2824 2699 2878 καὶ
2741 2822 2978 2892 σελήνην
3030 2823 3192 2884 ἱστῶς
3245 2822 3321 2884 εἷς
3379 2820 3693 2896 ἐπικουρίαν

2029 2915 2126 2966 τοῦ
2165 2911 2561 2986 περισωθέντος
2611 2912 2758 2976 θείου
2812 2909 2970 2981 λαοῦ,
3000 2914 3097 2980 τῆς
3150 2918 3256 2986 γῆς
3301 2918 3402 2980 τῆς
3463 2909 3693 2986 ἐπαγγε-

2032 2999 2154 3061 λίας
2211 3000 2454 3071 ἐξελάσαι
2487 3002 2612 3064 τοὺς
2664 3001 2995 3074 πολεμίους,
3051 3001 3512 3076 ἐπεισερχομένην
3544 2998 3688 3072 αὐτῷ

2032 3087 2276 3144 σπεύδων
2309 3088 2740 3165 κληροόοτήσειν
2799 3092 3147 3165 κατάσοχεσιν·
3180 3091 3270 3145 καὶ
3303 3086 3467 3145 Δαυῖδ
3517 3087 3691 3152 ἄλλος

2029 3179 2122 3233 τὸν
2200 3180 2341 3234 κατὰ
2386 3187 2486 3250 τῆς
2547 3179 2694 3244 θείας
2757 3180 3102 3256 παρατάξεως
3173 3177 3684 3255 μεγαλαυχήσαντα,

263 3267 557 3333 illisisset,
620 3268 1062 3324 celeberrimam
1125 3270 1428 3326 victoriam
1497 3288 1566 3327 ex
1643 3271 1915 3328 hostibus

2034 3268 2118 3323 καὶ
2174 3268 2266 3324 τὸν
2327 3269 2495 3340 αὐτῆς
2557 3271 2961 3346 ὑπερασπιστὴν
3018 3266 3357 3324 ὀνειδίσαντα
3397 3264 3686 3342 σφενδονή-

266 3359 603 3429 reportavit,
661 3357 993 3414 innumeris
1059 3359 1367 3432 plausibus
1425 3361 1498 3416 ob
1560 3366 1786 3431 partam
1835 3364 1922 3418 vi-

265 3449 505 3503 ctoriam
553 3453 831 3520 exceptus
877 3467 943 3505 ac
996 3449 1362 3506 decantatus.
1409 3450 1512 3506 Hic
1568 3453 1714 3506 87I
1762 3453 1922 3507 enim

264 3553 396 3593 cum
479 3538 708 3594 fortiter
755 3556 818 3594 se
886 3545 1134 3609 gereret,
1213 3539 1346 3605 ﬁde,
1405 3556 1531 3611 spe,
1603 3545 1662 3596 et
1708 3542 1924 3598 fiducia

269 3642 410 3698 erga
466 3628 763 3685 Christum
825 3628 1090 3692 innixus,
1149 3633 1442 3698 potentem
1510 3629 1677 3684 illum
1731 3635 1921 3704 perdi-

194 3713 196 3716 ’
267 3719 456 3770 torem
508 3735 688 3773 saevos
732 3717 885 3772 inter
932 3722 1215 3789 tyrannos
1266 3717 1645 3788 praevalidum
1699 3721 1924 3776 fortitu-

267 3804 404 3860 dine
436 3805 632 3877 lapide
665 3806 900 3862 duriore
948 3806 1298 3877 prostravit;
1347 3822 1622 3861 coronam
1669 3809 1921 3866 victoriae

272 3895 555 3965 referens,
588 3895 842 3949 infinitis
866 3911 1051 3966 prope
1085 3895 1360 3950 laudibus
1407 3900 1463 3950 et
1497 3897 1768 3952 cantibus
1821 3916 1922 3969 pro

270 3980 472 4037 labore
507 3983 745 4038 assidue
776 3982 1132 4038 cumulatur.
1169 3987 1232 4038 Et
1275 3983 1422 4039 alter
1462 3984 1721 4040 Ezechiel
1773 3987 1920 4042 divi-

270 4085 482 4125 narum
507 4089 572 4127 ac
604 4073 986 4144 mysticarum
1013 4073 1302 4128 visionum
1337 4081 1632 4144 spectator
1662 4080 1718 4130 et
1748 4074 1923 4131 inter-

267 4176 423 4231 pres,
476 4161 787 4216 varietates
854 4161 1185 4216 divinarum
1249 4163 1816 4233 manifestationum,
1865 4169 1924 4220 et

268 4248 593 4318 ﬁgurarum
618 4249 1110 4322 signiﬁcationem
1139 4252 1566 4306 continentium
1585 4252 1921 4310 describens

273 4343 531 4392 mentem
566 4343 827 4393 nostram
862 4355 963 4410 per
993 4356 1060 4394 ea
1091 4356 1215 4410 qua:
1266 4357 1440 4396 sensu
1496 4343 1918 4414 percipiuntur,

263 4427 638 4482 tenuissimis
652 4427 863 4483 divinis
878 4429 1350 4486 institutionibus
1363 4432 1434 4486 ad
1457 4433 1918 4504 speculationem

267 4531 472 4571 eorum
500 4533 627 4588 quae
668 4516 864 4574 animo
907 4523 965 4574 et
1021 4521 1355 4592 cognitione
1403 4526 1748 4591 cernuntur,
1793 4539 1919 4578 eve-

266 4603 375 4660 hit.

339 4735 414 4786 At
443 4747 576 4790 vero
608 4734 749 4805 quid
784 4752 936 4808 opus
961 4739 1050 4792 est
1075 4736 1232 4793 hunc
1265 4753 1499 4793 sacrum
1534 4739 1592 4792 et
1619 4737 1917 4792 admiran-

266 4820 406 4876 dum
443 4839 766 4894 praeconem
801 4826 871 4881 iis
905 4825 1003 4897 qui
1036 4826 1225 4881 lucem
1277 4827 1636 4881 adumbrant
1683 4843 1919 4898 compa-

263 4915 435 4967 rare?
462 4914 886 4970 Praastathunc
916 4916 1110 4986 ipsum
1149 4915 1242 4972 his
1291 4917 1574 4984 conferre,
1632 4933 1782 4987 quos
1821 4917 1920 4972 lux

264 4997 389 5071 ipsa
415 5003 690 5058 Christus
724 5021 825 5075 per
855 5020 917 5058 se
949 5002 1279 5074 splendere,
1315 5020 1635 5074 secumque
1676 5007 1916 5072 versari,

264 5093 323 5142 et
353 5093 765 5146 commercium
803 5093 1014 5148 habere
1040 5093 1316 5163 dignatus
1339 5097 1446 5147 est.
1473 5093 1765 5149 Nimirum
1801 5113 1917 5149 ma-

265 5192 380 5248 gno
404 5177 488 5233 illi
520 5185 578 5234 et
609 5182 874 5235 omnium
900 5196 1136 5236 summo
1170 5179 1335 5235 Petro
1367 5180 1460 5236 hic
1482 5187 1918 5254 comparandus

263 5270 371 5334 est,
405 5267 498 5321 cui
532 5274 809 5324 aeternam
841 5286 907 5324 ac
938 5269 1356 5341 sempiternam
1415 5271 1540 5326 Filii
1590 5276 1916 5344 generatio-

263 5371 420 5422 nem,
455 5373 583 5427 quaa
609 5362 733 5413 tota
757 5363 951 5412 mente
993 5375 1060 5413 ac
1109 5358 1333 5414 ratione
1381 5362 1798 5432 comprehendi
1850 5381 1916 5419 ac

262 5445 496 5500 deﬁniri
533 5447 1066 5518 nequit(siquidem
1100 5448 1149 5503 is
1172 5465 1304 5504 cum
1331 5449 1499 5506 Patre
1517 5452 1916 5523 sempiternus

262 5539 375 5604 est,
410 5552 475 5590 ac
507 5535 636 5592 sine
666 5537 1001 5608 principio),
1038 5539 1202 5593 Pater
1228 5537 1524 5611 ingenitus
1544 5546 1603 5596 et
1623 5542 1915 5615 principio

261 5639 474 5681 carens
507 5625 802 5682 revelavit.
834 5626 1022 5698 Super
1053 5643 1228 5699 quem
1259 5631 1540 5701 tanquam
1588 5634 1837 5702 petram,
1861 5638 1918 5690 et

261 5726 684 5782 inconcussum
735 5715 870 5772 fidei
931 5716 1405 5798 fundamentum,
1470 5720 1738 5777 Christus
1786 5739 1917 5780 vere

1949 4629 1998 4694 D

2035 3380 2172 3430 σας,
2233 3358 2323 3413 καὶ
2379 3357 2519 3431 λίθῳ
2571 3361 2807 3432 πατάξας
2865 3359 2957 3413 τὸν
3015 3357 3291 3434 ἀλάστορα
3324 3403 3339 3428 ,
3397 3357 3489 3412 καὶ
3540 3360 3691 3417 νῖκος

2031 3445 2543 3521 παναοιδιμώτατον
2574 3448 2712 3503 κατά
2758 3453 2868 3502 τῶν
2903 3447 3230 3503 ὑπεναντίων
3283 3448 3573 3522 ἀράμενος,
3604 3443 3696 3499 καὶ

2035 3537 2288 3613 μυριάσιν
2339 3537 2618 3593 ἐπινικίων
2652 3538 2863 3614 κρότων
2897 3537 3186 3611 ᾀδόμενος⁶
3241 3538 3328 3591 καὶ
3361 3537 3465 3611 γὰρ
3510 3532 3690 3603 οὗτος,

2030 3631 2292 3689 νεανικῶς
2330 3624 2723 3700 ἀνδρισάμενος
2755 3627 2930 3681 πίστει
2964 3626 3052 3681 καὶ
3085 3623 3268 3680 ἐλπίδι
3303 3624 3393 3680 καὶ
3423 3625 3693 3693 πεποιθή-

2033 3736 2111 3770 σει
2142 3719 2210 3786 τῇ
2265 3716 2342 3779 εἷς
2391 3717 2620 3791 Χριστὸν
2650 3718 3038 3792 νευρούμενος,
3067 3716 3160 3770 τὸν
3194 3714 3244 3770 ἐν
3275 3719 3393 3778 τοῖς
3433 3711 3690 3774 διώκταις

2033 3803 2349 3881 ἐνεργοῦντα
2394 3807 2680 3881 τυράννοις
2732 3803 2905 3860 δεινὸν
2944 3803 3184 3880 ὀλετῆρα
3213 3803 3280 3878 τῇ
3308 3803 3506 3879 πέτρας
3540 3801 3694 3879 στερ-

2035 3892 2228 3968 ῥοτέρᾳ
2281 3895 2625 3968 γενναιότητι
2671 3889 3074 3963 καταϐέϐληκευ
3137 3893 3225 3948 καὶ
3285 3893 3481 3970 στέφος
3537 3890 3695 3962 νίκης

2034 3981 2486 4058 ἀπενεγκάμενος,
2553 3983 2953 4059 μυριοπλόκοις
3011 3983 3202 4055 ὕμνοις
3248 3981 3337 4037 καὶ
3393 3981 3698 4056 ἐγκωμίοις

2034 4069 2300 4141 διηνεκῶς
2348 4073 2822 4148 καταγεραίρεται.
2891 4072 2997 4129 Καὶ
3058 4070 3232 4134 ἄλλος
3261 4069 3524 4142 Ἰεζεκιήλ
3587 4092 3694 4144 μυ-

2033 4163 2377 4216 στικωτάτων
2414 4163 2568 4225 θείων
2626 4163 2909 4236 θεαμάτων
2961 4161 3205 4232 ἐπόπτης
3248 4161 3338 4216 καὶ
3384 4161 3697 4238 ὑφηγητής,

2030 4249 2310 4313 ποικιλίας
2367 4253 2692 4326 θεοφανειῶν
2752 4253 2839 4308 καὶ
2887 4248 3242 4325 συμϐολικῶν
3302 4251 3693 4325 μορφωμάτων

2033 4337 2370 4418 διαγράφων,
2421 4341 2508 4396 καὶ
2558 4339 2646 4396 διὰ
2698 4347 2805 4396 τῶν
2864 4340 3137 4412 αἶ’σθητῶν
3197 4340 3423 4395 εἰκόνων
3481 4339 3569 4394 ἐπὶ
3594 4340 3697 4409 τὴν

2030 4430 2137 4483 τῶν
2167 4428 2348 4484 ἀΰλων
2377 4431 2467 4484 καὶ
2497 4435 2700 4505 νοερῶν
2741 4429 2968 4506 θεωρίαν
3027 4430 3127 4499 τὴν
3169 4430 3442 4506 ἡμετέραν
3502 4429 3694 4503 ἰσχνο-

2029 4517 2220 4582 τάταις
2252 4518 2683 4598 ἱεροφαντορίαις
2715 4519 2931 4595 ἀνάγων
2961 4516 3224 4576 διάνοιαν.

2102 4734 2278 4791 ’Λλλά
2331 4735 2384 4790 τί
2436 4757 2532 4810 μοι
2582 4733 2663 4791 δεῖ
2691 4737 2784 4791 τὸν
2811 4741 3063 4792 τοιοῦτον
3093 4734 3411 4811 ἀξιάγαστον
3444 4735 3692 4814 ἱεροφάν-

2026 4847 2162 4902 τορα
2213 4817 2331 4891 τοῖς
2384 4828 2446 4883 τὸ
2522 4833 2636 4906 φῶς
2691 4832 3111 4904 σκιαγραφοῢσιν
3179 4827 3512 4896 ἀπεικάσαι,
3569 4825 3690 4882 δέον

2030 4916 2191 4971 αὐτὸν
2247 4915 2462 4990 μᾶλλον
2513 4914 2894 4994 παραϐάλλειν
2925 4922 3044 4980 τοῖς
3090 4915 3238 4989 αὐτῷ
3266 4921 3348 4990 τῷ
3379 4915 3518 4996 φωτὶ
3563 4939 3692 4972 κατ-

2029 5007 2356 5079 ηξιωμένοις
2409 5006 2728 5081 αὖτοφανῶς
2760 5005 3163 5062 συνδιαιτᾶσθαι
3219 5028 3278 5061 τε
3333 5009 3423 5062 καὶ
3464 5028 3689 5080 συνομι-

2027 5093 2163 5152 λεῖν.
2200 5096 2421 5168 Ἐκείνῳ
2455 5094 2520 5166 δὴ
2552 5102 2633 5169 τῷ
2668 5095 2897 5172 μεγάλῳ
2925 5096 3016 5151 καὶ
3054 5096 3470 5172 κορυφαιοτάτφ
3502 5095 3690 5171 Πέτρῳ

2025 5188 2413 5261 παρεικαστέον
2446 5185 2628 5256 αὐτὸν,
2663 5185 2708 5258 ᾧ
2745 5187 2846 5256 τὴν
2896 5185 3231 5261 προαιώνιόν
3265 5207 3323 5241 τε
3369 5187 3459 5240 καὶ
3514 5187 3688 5261 ἄχρο-

2025 5295 2140 5346 νον,
2189 5274 2280 5329 καί
2327 5280 2405 5347 νῷ
2455 5274 2735 5330 παντὶκαὶ
2784 5275 2935 5351 λόγῳ
2974 5273 3257 5337 παντελῶς
3298 5273 3688 5345 ἀκατάληπτόν

2024 5385 2084 5419 τε
2138 5366 2224 5419 καὶ
2290 5365 2668 5440 ἀπεριόριστον
2717 5369 2816 5420 τοῦ
2865 5363 3208 5440 συνανάρχου
3265 5365 3355 5419 καὶ
3411 5361 3692 5419 συναϊδίου

2025 5456 2154 5510 Υἱοῢ
2218 5457 2464 5531 γέννησιν
2513 5458 2540 5511 ὁ
2597 5455 2834 5532 ἅναρχός
2889 5477 2948 5511 τε
2995 5454 3084 5510 καὶ
3147 5455 3443 5531 ἀγέννητος
3499 5455 3690 5530 υατήρ

2025 5541 2391 5618 ἀπεκαλυψεΨ
2427 5545 2505 5624 ἐφ’
2539 5547 2607 5618 ᾧ,
2638 5544 2827 5621 πέτρᾳ,
2861 5542 3100 5618 θεμελίῳ
3129 5551 3228 5613 τῆς
3275 5545 3508 5606 πίστεως
3553 5541 3685 5598 ἄσα-

2025 5630 2204 5706 λεύτῳ
2254 5636 2689 5709 χρηματίσαντι,
2746 5633 2996 5710 Χριστὸς,
3056 5637 3093 5704 ἡ
3155 5629 3326 5697 ὄντως
3386 5627 3558 5707 πὲτρα
3586 5635 3686 5698 τῆς

2030 5728 2201 5797 ζωῆς,
2239 5724 2330 5780 καὶ
2383 5730 2493 5781 τῶν
2551 5720 2722 5782 ὄντων
2779 5726 3042 5797 ποιητική
3104 5744 3164 5780 τε
3220 5725 3310 5781 καὶ
3371 5723 3681 5795 συνεκτικὴ,
