4106 6380
357 421 462 476 637

1389 410 1583 476 VITA,
1623 403 1962 460 AUCTORE
2001 394 2374 453 MICHAELE
2412 386 2762 444 SYNGELO.

3679 360 3788 416 638

357 547 458 614 τήν
491 541 691 598 οἰκείαν
728 537 1054 609 Ἐκκλησίαν
1091 533 1366 608 ἐδείματο,
1397 531 1454 587 ὅν
1485 553 1544 586 τε
1590 537 1688 599 τῆς
1732 526 1784 582 ἐν
1846 524 2003 600 οὐραο
2035 565 2047 592 ,

2159 520 2246 576 itae
2278 522 2464 590 petra,
2496 513 2596 586 qui
2628 507 2828 567 omnia
2868 505 3056 560 facere
3125 503 3182 555 et
3238 492 3539 552 continere
3595 491 3790 561 potest

2308 606 2320 614 ·
2457 604 2494 614 τ’
2573 600 2586 614 ε
2663 599 2674 611 ο
2756 613 2762 614 γ
2811 591 3146 614 ι’κικξ--.-ε.ι.
3195 597 3487 614 ,ηυηνιηηα
3536 577 3790 614 ominati:

363 639 473 696 νοῖς
525 629 802 692 κατοικίας
842 628 931 683 καὶ
978 623 1323 702 κληρουχίας
1361 618 1688 694 κλειδοῦχον
1735 616 1824 670 καὶ
1880 610 2017 682 κλη-

365 721 596 799 ροδὸτην
628 718 918 797 ἀπέφηνεν,
953 714 1195 786 ἐξουσίαν
1243 711 1388 783 αὐτῷ
1441 710 1586 763 Θείαν
1635 705 1784 761 λύειν
1826 724 1885 757 τε
1926 701 2016 755 καὶ

365 810 581 885 δεσμεῖν
627 805 1037 882 ἁμαρτημάτων
1099 802 1277 876 σειρὰς
1335 797 1774 874 παρασχόμενος.
1815 791 1915 849 Καὶ
1961 791 2018 850 ὃς

361 903 460 971 τήν
528 895 782 976 βασιλίδα
811 897 1029 968 Ῥώμην
1081 899 1200 954 ταῖς
1244 891 1378 966 πρὸς
1421 889 1654 962 Χριστοῦ
1686 875 2020 952 ἀπανολϐίως

363 984 764 1062 ἀποὸρυούσαις
823 985 957 1059 [καὶ]
1008 978 1469 1055 θαυματουργίαις
1516 975 1880 1048 κατήστραψε,
1930 967 2021 1023 καὶ

303 1149 315 1153 _
364 1080 462 1148 τὴν
520 1075 744 1144 δυτικήν
802 1073 1154 1147 ἀμαυρότητα
1206 1068 1560 1143 μετεποίησεν
1603 1063 1680 1127 εἷς
1712 1059 2019 1134 διαυγεστά-

362 1190 462 1238 την
496 1165 865 1240 λαμπρότητα
891 1182 903 1194 ·
939 1161 973 1230 ἢ
1007 1165 1083 1232 τῷ
1111 1164 1210 1224 τῆς
1248 1158 1476 1232 βροντῆς
1509 1155 1633 1225 υἱῲ,
1663 1156 1741 1223 τῷ
1788 1149 1854 1204 τὰ
1883 1153 2020 1212 θεῖα,

362 1257 454 1312 καὶ
506 1257 775 1330 ὑπερφυῆ,
835 1253 922 1307 καὶ
981 1252 1180 1311 πάσαις
1248 1243 1607 1322 ἀνθρωπείαις
1687 1243 1876 1300 ἀκοαῖς
1935 1234 2024 1290 καὶ

368 1345 552 1424 φρεσὶν
613 1338 806 1410 ἄϐατα,
837 1339 928 1396 καὶ
977 1338 1163 1398 αὐταῖς
1209 1342 1328 1396 ταῖς
1377 1331 1766 1408 ὑπερκοσμίοις
1819 1326 2025 1385 οὐσίαις

370 1434 610 1508 ἀκίχητα
655 1435 734 1504 τῷ
783 1429 976 1500 κόσμῳ
1037 1419 1557 1500 καταϐροντήσαντι,
1607 1420 1698 1473 ἅτε
1752 1421 1868 1476 τοῖς
1927 1420 2028 1481 τῆς

368 1522 666 1593 ἀληθινῆς,
695 1519 783 1575 καὶ
843 1516 1208 1572 ἐνυποστάτου
1269 1512 1458 1588 σοφίας
1505 1508 1840 1571 ἐπικλιθέντι
1875 1504 2026 1577 στερ-

367 1633 502 1680 νοις,
547 1610 652 1666 κάκ
707 1613 814 1664 τῶν
876 1600 1192 1661 πανολϐίων
1251 1603 1340 1657 καὶ
1381 1600 1586 1655 ἀενάων
1645 1601 1746 1662 τῆς
1800 1613 2026 1669 κρυφιο-

375 1701 579 1774 μύστου
639 1701 826 1766 θεϊκῆς
881 1696 1047 1764 αὐτῆς
1103 1693 1353 1769 γνώσεως
1409 1692 1693 1764 θησαυρῶν
1751 1681 2027 1751 ἀπαντλή-

369 1811 518 1845 σαντι
580 1785 914 1844 διειδεστατα
964 1782 1250 1856 θεολογίας
1291 1782 1506 1853 νάματα
1541 1800 1552 1812 ο
1597 1776 1632 1845 ἢ
1695 1773 1897 1846 Παύλῳ
1950 1776 2030 1842 τῷ

372 1879 561 1952 οἰκείῳ
608 1879 934 1955 φωταγωγῷ
988 1872 1078 1927 καὶ
1155 1869 1500 1944 ἱεροτελεστῇ
1569 1863 1898 1938 οἰκειότερον
1969 1858 2026 1914 ἃν
2063 1901 2112 1964 Β

1219 1959 1232 1964 -
1356 1957 1364 1964 ι
1483 1955 1494 1964 ι
1524 1959 1534 1964 -
1563 1951 1605 1964 ιλ
1723 1953 1736 1964 ι
1859 1945 1888 1964 ο
1910 1951 1919 1964 1

373 1966 456 2038 ε’ίη
490 1970 900 2043 παρομοιῶσαι,
929 1967 1008 2033 τῷ
1035 1966 1144 2017 τῶν
1179 1957 1442 2033 οὐρανίων
1478 1951 1686 2029 ἀψίδων
1718 1945 2032 2025 ὑπερϐάντι,

370 2057 460 2113 καὶ
516 2059 584 2111 τά
646 2057 866 2130 βροτοῖς
945 2052 1143 2114 ἀθέατα
1218 2046 1669 2111 κατοπτεύσαντι,
1726 2041 1815 2096 καὶ
1864 2039 1898 2092 a
1955 2039 2032 2110 μὴ

375 2145 573 2219 ἔξεστιν
608 2143 822 2198 ἀκούειν
869 2139 1231 2206 ἒνωτισθεντι,
1263 2138 1352 2190 καὶ
1406 2132 1889 2208 μυσταγωγηθέντι
1941 2149 2038 2201 μυ-

380 2236 682 2291 στικώτατα
715 2233 954 2309 ῥήματα,
985 2229 1076 2284 καὶ
1120 2231 1216 2283 τοῦ
1272 2221 1600 2300 παραδείσου
1647 2227 1746 2291 τῆς
1808 2216 2038 2294 ἀρχαίας

378 2328 536 2399 ἡμῶν
589 2319 852 2399 πατρίδος
897 2314 1328 2386 ὲπιϐατεύσαντι,
1359 2313 1451 2369 καὶ
1508 2314 1610 2381 τὴν
1643 2312 1812 2366 ἐκεῖσε
1866 2329 2038 2381 μακα-

383 2414 612 2488 ριότητα
639 2413 741 2479 τήν
775 2407 1048 2484 διαγωγὴν
1077 2406 1428 2478 ἱστορήσαντι
1463 2422 1475 2434 ·
1509 2403 1574 2469 ἧς
1624 2398 1771 2474 παρά
1817 2398 1916 2465 τήν
1959 2395 2039 2450 ol-

383 2499 530 2556 κείαν
563 2499 912 2574 προπέτειαν,
943 2495 1032 2550 καὶ
1070 2502 1171 2563 τῆς
1220 2491 1546 2559 δεσποτικῆς
1595 2487 1824 2556 ἐντολῆς
1868 2487 2042 2559 παρά-

387 2584 544 2642 ϐασιν
578 2585 799 2640 ἄποικοι
829 2583 1110 2660 γεγόνασιν
1145 2583 1196 2635 οἱ
1230 2581 1572 2656 προπάτορες
1608 2597 1622 2610 ·
1655 2579 1715 2640 ὃς
1764 2575 1854 2630 καὶ
1904 2594 2044 2642 πτη-

385 2675 482 2731 νοῦ
534 2673 689 2745 δίκην
732 2675 938 2728 ἅπασαν
985 2673 1085 2741 τήν
1131 2668 1462 2741 οῖκουμένην
1502 2663 1816 2735 διελήλυθε,
1849 2661 1939 2716 καὶ
1993 2659 2046 2730 ἐξ

387 2763 640 2827 ἀπιστίας
674 2763 752 2825 εἷς
786 2762 961 2817 πίστιν
992 2762 1091 2830 τὴν
1136 2758 1352 2827 ἐθνικῆν
1400 2754 1692 2827 αὐστηρίαν
1749 2751 2044 2826 ἐζώγρησε.

382 2853 598 2908 Τούτων
631 2854 730 2928 γὰρ
760 2853 822 2908 τὸ
852 2856 949 2906 τοῦ
1005 2849 1149 2914 θείου
1202 2846 1374 2917 ζήλου
1426 2843 1663 2912 διακαὲς,
1695 2842 1784 2895 καὶ
1837 2839 1900 2892 τὸ
1947 2844 2046 2906 τῆς

386 2943 604 3018 ἀγάπης
638 2941 950 3017 είλικρινὶς,
980 2940 1069 2994 κάὶ
1099 2941 1162 2992 τὸ
1200 2943 1300 3006 τῆς
1328 2934 1552 3011 γνώμης
1583 2930 1834 2997 ἐπιεικὲς,
1868 2927 1958 2982 καὶ
1987 2927 2049 2980 τὸ

388 3033 515 3107 περὶ
571 3029 930 3109 τοὺςηπὲλας
988 3028 1286 3101 συμπαθὲς,
1313 3023 1405 3079 καὶ
1464 3025 1524 3077 τὸ
1571 3029 1670 3091 τῆς
1731 3037 2050 3095 μετριοφρο-

390 3122 554 3193 σύνης
611 3120 851 3187 εὐκλεὲς,
883 3118 974 3173 καὶ
1031 3118 1092 3171 τὸ
1135 3122 1236 3184 τῆς
1299 3109 1546 3188 ἀνδρείας
1602 3109 1692 3164 καὶ
1749 3105 2051 3183 παρῥησίας

387 3210 678 3288 περιφανὲς
733 3208 1139 3282 μιμησάμενος,
1171 3205 1261 3258 καὶ
1315 3202 1451 3277 πρὸς
1489 3200 1551 3255 τὸ
1608 3205 1708 3268 τῆς
1767 3194 2047 3256 πολιτείας

387 3301 616 3356 ἑκάστου
676 3294 907 3359 θεοειδὶς
959 3297 1057 3365 τήν
1115 3295 1308 3350 ἑαυτοῦ
1354 3292 1544 3368 βιοτὴν
1578 3287 1713 3359 ὅλην
1779 3297 2050 3362 μεθαρμο-

390 3391 642 3462 σάμενος,
675 3389 772 3457 τήν
809 3383 1182 3453 ἀποστολικην
1214 3381 1446 3452 ἐπαξίως
1501 3379 1647 3454 παρά
1699 3376 1899 3452 Κυρίου
1947 3373 2049 3449 χά-

393 3500 475 3556 ριν
511 3477 823 3549 ἐκομίσατο,
854 3475 943 3530 καὶ
979 3473 1226 3546 σημείων
1279 3469 1533 3542 δύναμιν,
1565 3467 1655 3522 καὶ
1703 3463 2049 3544 προφητικὴν

392 3562 695 3641 ἕλλάμψιν,
729 3565 817 3621 καὶ
851 3562 1137 3638 θεολογίας
1169 3560 1430 3635 πέλαγος.

467 3782 582 3850 Τὴν
641 3781 743 3856 γὰρ
796 3778 854 3833 ἐκ
890 3785 989 3847 τῆς
1019 3775 1353 3846 Ἑλληνικῆς
1382 3771 1528 3844 αὐτῷ
1585 3769 2054 3844 συναγηγερμὲνην

399 3871 590 3949 σοφίαν
651 3865 986 3929 παιδεύσεως
1036 3861 1388 3941 θεραπαινίδα
1441 3868 1542 3931 τῆς
1598 3857 1710 3914 ἅνω
1761 3856 2055 3927 καταταξά-

399 3980 580 4034 μενος,
640 3957 729 4012 καὶ
786 3956 1024 4031 καθάπερ
1084 3955 1224 4032 σοφή
1302 3949 1550 4025 μέλιττα,
1601 3948 1668 4003 τὰ
1744 3954 1843 4016 τῆς
1908 3947 2055 4000 κάτω

395 4047 845 4119 καλλιστεύματα
900 4048 968 4118 τῇ
1027 4043 1142 4115 θείᾳ
1196 4042 1286 4096 καὶ
1347 4038 1586 4116 οὐρανίῳ
1661 4035 2056 4109 καλλιερήσας,

394 4137 486 4193 καὶ
514 4137 649 4212 πρὸς
709 4141 808 4204 τῆς
849 4133 1295 4208 θεαρχικωτάτης
1327 4122 1710 4204 φωτοϐλυσίας
1742 4124 2059 4198 πληρωθεὶς

398 4224 765 4300 ἰμπνεύσεως,
795 4221 1073 4292 λελάληκὲ
1119 4241 1176 4274 τε
1217 4219 1308 4273 καὶ
1351 4215 1736 4290 τεθεολόγηκε,
1784 4214 1874 4268 καὶ
1933 4234 2059 4266 συν-

395 4314 595 4391 τὲταχε
649 4313 717 4369 τὰ
772 4315 896 4368 νοῦν
958 4311 1167 4366 ἅπαντα
1223 4306 1677 4377 καταπλήττοντα
1711 4323 1724 4334 ’
1782 4303 1888 4358 ἀπὸ
1958 4301 2059 4378 γὰρ

396 4412 498 4474 τῆς
524 4408 632 4460 τῶν
668 4404 963 4479 ὁρωμένων
998 4397 1333 4472 διασκέψεως
1392 4395 1479 4450 ἐπὶ
1517 4396 1618 4462 τὴν
1665 4398 1774 4449 τῶν
1812 4392 2060 4466 ἀοράτων

399 4493 738 4564 ἀναπόλησιν
797 4490 1036 4551 ἀναπτάς
1091 4493 1170 4560 τῷ
1215 4487 1486 4563 λογισμῷ,
1545 4483 1636 4538 καὶ
1691 4483 1787 4546 τὰς
1845 4481 2061 4557 τριττάς

399 4588 506 4639 τῶν
563 4579 944 4658 ὑπερκοσμίων
1019 4575 1422 4654 λαμπροτάτων
1477 4574 1768 4649 ταγμάτων
1831 4567 2063 4640 Ἐκκληο

2126 577 2773 682 ριιορίυίεωἘοοιοεὶεῐη
2809 591 3150 653 fabricavit;
3194 597 3488 658 quemque
3536 577 3791 634 caelestis

2129 667 2511 753 habitationis
2542 707 2607 745 ac
2629 683 2990 744 bzereditatis
3011 677 3391 748 clavigerum,
3417 676 3474 726 et
3499 667 3787 724 bazredem

2129 785 2464 847 declaravit,
2499 797 2565 836 ac
2598 778 2942 849 potestatem
2974 768 3060 823 illi
3084 764 3342 820 divinam
3370 756 3588 831 ligandi
3614 761 3792 826 atque

2131 873 2396 932 solvendi
2431 845 2994 939 funes—peccatorum
3031 855 3298 928 praebuit.
3329 849 3435 913 Qui
3468 852 3526 902 et
3565 845 3787 916 regiam

2133 966 2376 1020 Romam
2413 961 2486 1015 iis
2519 953 2820 1013 miraculis
2850 949 3050 1014 editis,
3085 961 3213 1016 quae
3261 959 3294 996 a
3338 937 3566 994 Christo
3617 935 3793 988 uber-

2132 1054 2280 1110 rime
2337 1051 2512 1106 etiam
2575 1043 2976 1101 manaverunt,
3035 1030 3373 1096 illustravit,
3405 1032 3459 1082 et
3486 1023 3792 1080 occiduam

2133 1140 2517 1199 obsuritatem
2555 1137 2609 1190 in
2646 1131 3018 1204 splendorem
3071 1118 3472 1178 clarissimum
3524 1127 3792 1169 commu-

2140 1233 2306 1287 tavit.
2337 1231 2453 1284 Aut
2483 1226 2660 1282 etiam
2681 1197 2698 1204 ’
2720 1213 3154 1290 comparandus
3214 1207 3433 1264 tonitru
3496 1200 3665 1270 Filio,
3692 1197 3793 1268 qui

2138 1321 2334 1376 divina
2365 1323 2424 1373 et
2454 1312 2757 1375 sublimia,
2790 1314 2846 1364 et
2867 1303 3141 1363 omnibus
3167 1294 3440 1353 humanis
3462 1290 3705 1347 auribus
3727 1302 3794 1342 ac

2137 1410 2437 1466 mentibus
2472 1405 2795 1464 inaccessa,
2826 1412 2955 1467 quae
2979 1408 3084 1448 nec
3111 1386 3445 1461 ipsisetiam
3463 1378 3796 1436 caelestibus

2139 1495 2491 1556 substantiis
2521 1486 3123 1560 comprehendantur,
3152 1475 3374 1531 mundo
3421 1468 3702 1531 intonuit,
3734 1469 3800 1520 ut

2141 1590 2245 1662 qui
2281 1602 2459 1656 super
2491 1555 2721 1654 pectore
2767 1591 2913 1630 verte
2963 1575 3021 1626 et
3069 1562 3454 1624 subsistentia
3497 1555 3797 1630 sapientiae

2151 1677 2522 1740 recubuerat,
2556 1683 2613 1725 et
2636 1685 2704 1723 ex
2731 1664 2919 1720 beatis
2951 1669 3296 1729 semperque
3328 1647 3652 1706 ﬂuentibus
3674 1661 3797 1716 my-

2143 1768 2301 1823 sticae
2335 1781 2402 1820 ac
2435 1761 2644 1817 divinae
2676 1755 2867 1828 ipsius
2896 1746 3250 1821 cognitionis
3282 1737 3582 1797 thesauris
3613 1734 3801 1789 ﬂuam

2143 1822 2227 1912 tia
2245 1851 2569 1926 purissima
2590 1822 2889 1902 hauserat.
2912 1838 3015 1893 Vel
3040 1833 3217 1891 Paulo
3241 1834 3369 1901 ejus
3390 1822 3799 1884 illuminatori.

2145 1951 2202 2001 et
2232 1941 2656 2000 sacriﬁciorum
2694 1930 2925 2006 praesidi
2956 1920 3400 1983 convenientius
3438 1919 3594 1972 esset
3629 1912 3801 1967 illum

2145 2046 2510 2104 comparare,
2565 2025 2668 2097 qui
2721 2036 2977 2078 convexa
3032 2012 3312 2070 cmlorum
3382 2017 3804 2078 supergressus

2148 2129 2258 2190 est,
2291 2127 2348 2176 et
2377 2137 2446 2175 ea
2471 2133 2597 2189 quas
2631 2131 2664 2168 a
2714 2107 3064 2166 mortalibus
3121 2113 3427 2170 nunquam
3486 2094 3612 2148 visa
3639 2093 3804 2153 sunt,

2147 2210 2424 2284 inspexit,
2459 2212 2515 2262 et
2546 2221 2674 2276 quae
2709 2218 2820 2256 non
2856 2197 2991 2252 licet
3018 2192 3244 2255 audire,
3278 2185 3500 2244 audivit
3530 2179 3807 2237 secretis-

2151 2303 2303 2358 sima
2333 2298 2527 2353 verba.
2562 2292 2668 2359 Qui
2698 2291 2758 2345 in
2789 2284 3063 2361 paradiso
3122 2282 3325 2336 nostra
3380 2271 3557 2328 veteri
3617 2266 3808 2340 patria

2152 2386 2497 2451 ambulavit,
2531 2388 2588 2438 et
2617 2359 3069 2441 beatitudinem,
3099 2385 3227 2442 quas
3261 2365 3383 2421 illic
3413 2365 3523 2428 est,
3558 2359 3806 2428 vitisque

2153 2446 2494 2535 institutum
2525 2466 2910 2542 perscripsit:
2937 2481 2969 2518 a
2992 2479 3108 2533 qua
3129 2460 3200 2514 ob
3225 2452 3518 2529 propriam
3547 2446 3809 2521 petulan-

2154 2568 2323 2636 tiam,
2355 2571 2412 2619 et
2444 2563 2597 2617 372
2632 2556 2898 2630 praecepti
2931 2548 3114 2607 divini
3145 2539 3674 2616 transgressionem
3708 2551 3807 2590 ex-

2155 2661 2343 2711 torres
2376 2651 2510 2707 l'acti
2544 2652 2686 2704 sunt
2719 2643 2890 2717 primi
2924 2643 3196 2712 parentes
3227 2630 3433 2689 nostri.
3467 2627 3576 2694 Qui
3624 2627 3812 2680 instar

2160 2746 2284 2801 avis
2344 2740 2685 2798 universum
2747 2735 2944 2789 orbem
3005 2733 3170 2782 terrae
3230 2718 3584 2794 peragravit,
3630 2719 3685 2770 et
3739 2729 3809 2767 ex

2159 2831 2509 2889 inﬁdelitate
2542 2829 2614 2881 ad
2668 2825 2840 2878 ﬁdem
2894 2821 3154 2890 agrestes
3209 2809 3458 2884 gentiles
3504 2801 3811 2861 convertit.

2159 2928 2380 2979 Horum
2414 2918 2567 2974 enim
2631 2914 2896 2970 ardorem
2948 2905 3126 2961 divini
3185 2900 3313 2969 zeli,
3357 2913 3424 2952 ac
3483 2890 3816 2950 dilectionis

2163 3012 2558 3075 severitatem,
2591 3001 2770 3059 animi
2806 2992 3344 3055 mansuetudinem,
3369 2988 3428 3041 in
3453 2982 3818 3057 propinquos

2163 3096 2762 3161 commiserationem,
2797 3088 3100 3144 modestiae
3131 3078 3553 3141 celebritatem,
3589 3071 3818 3125 fortitu-

2163 3190 2321 3247 dinis
2344 3194 2399 3245 et
2417 3182 2708 3242 libertatis
2731 3160 3010 3251 loquendi
3030 3170 3402 3245 splendorem
3455 3162 3746 3226 imitatus,
3765 3160 3822 3213 et

2083 3268 2126 3333 C
2164 3282 2234 3337 ad
2250 3278 2389 3334 divi.
2422 3292 2520 3331 um
2541 3270 2860 3342 cujuslibet
2884 3265 3120 3321 illorum
3139 3260 3269 3314 vitae
3292 3254 3632 3311 institutum
3653 3262 3821 3304 suam

2161 3371 2353 3442 ipsius
2413 3366 2698 3433 efﬁngens
2755 3354 3134 3430 apostolicam
3193 3345 3460 3418 gratiam,
3507 3337 3819 3395 miraculo-

2160 3429 2414 3530 rhmque
2499 3429 2847 3525 potestatem
2939 3439 3348 3516 propheticum
3421 3429 3820 3503 splendorem,

2163 3554 2220 3605 et
2250 3516 2541 3602 ab'ditiora
2577 3537 2888 3610 theologia
2937 3529 3218 3605 mysteria
3268 3525 3446 3597 digne
3496 3536 3530 3575 a
3575 3516 3823 3574 Domino

2163 3636 2385 3694 retulit.

2235 3757 2597 3833 Sapientiam
2630 3753 2814 3819 enim,
2845 3766 2971 3821 quae
3018 3745 3090 3801 ab
3122 3741 3220 3798 illo
3245 3756 3312 3796 ex
3331 3741 3666 3793 Graecorum
3691 3746 3824 3786 eru-

2164 3819 2384 3907 ditione
2416 3845 2657 3902 collecta
2688 3847 2800 3908 est,
2845 3819 3175 3907 disciplinae
3233 3825 3488 3883 ccelestis
3549 3819 3826 3878 ancillam

2166 3937 2504 4001 constituit,
2537 3939 2594 3989 et
2622 3936 2688 3986 ut
2720 3929 2978 4001 prudens
3019 3923 3147 3993 apis
3197 3917 3451 3990 profanae
3497 3908 3822 3981 disciplima

2166 4030 2514 4086 ornamenta
2544 4000 2753 4076 divinae
2785 4023 2841 4072 et
2863 4013 3083 4070 caelesti
3113 4006 3416 4077 theologia:
3439 4000 3827 4062 consecravit,

2168 4136 2235 4174 ac
2267 4134 2300 4172 a
2331 4127 2610 4186 supremo
2643 4107 2852 4162 divinae
2884 4101 3034 4158 lucis
3068 4100 3225 4154 fonte
3255 4092 3476 4164 Spiritu
3506 4087 3718 4161 plenus
3742 4084 3824 4139 lo-

2169 4212 2341 4263 cutus
2391 4207 2498 4271 est,
2547 4204 2604 4255 et
2651 4198 2723 4251 de
2772 4194 2949 4248 rebus
3003 4186 3214 4243 divinis
3282 4177 3586 4242 disseruit,
3638 4189 3826 4246 eaque

2170 4292 2528 4366 composuit,
2579 4304 2705 4359 quae
2763 4298 3001 4339 omnem
3055 4281 3305 4332 mentem
3369 4272 3426 4325 in
3485 4263 3827 4324 admiratio-

2171 4403 2305 4441 nem
2341 4378 2765 4454 pertraherent.
2797 4374 2841 4428 A
2882 4363 3352 4425 consideratione
3407 4357 3565 4414 enim
3624 4367 3828 4408 eorum

2174 4491 2302 4547 quae
2333 4472 2627 4534 videntur,
2658 4464 2730 4519 ad
2765 4476 2965 4518 eorum
2999 4472 3125 4528 quae
3187 4468 3302 4507 non
3351 4448 3624 4504 videntur
3692 4457 3831 4496 con-

2172 4561 2615 4634 templationem
2651 4549 3100 4608 ratiocinatione
3130 4555 3370 4598 sursum
3409 4534 3637 4599 volans,
3679 4535 3829 4585 tres-

411 4625 504 4639 ’ψ’
563 4625 940 4658 ""'l"‘"‘t'"'"
1021 4625 1413 4654 ""t""t'""""
1491 4625 1684 4649 "'||""'
1723 4625 1756 4626 "
2021 4625 2030 4640 I

405 4673 525 4735 σίας
610 4671 1008 4746 ἐπιθεωρήσας,
1080 4667 1171 4722 καὶ
1238 4664 1367 4726 τοὺς
1443 4665 1562 4718 καθ’
1631 4662 1859 4731 ἑκάστην
1920 4664 2047 4732 τρεῖι

2180 4670 2292 4726 que
2349 4645 2811 4704 clarissimorum
2882 4633 3206 4692 caelestium
3283 4625 3557 4684 ordinum
3625 4625 3832 4688 cretus,

2575 4735 2607 4746 ι·
2686 4732 2696 4743 ·
2888 4723 3176 4746 ηῃιι-..η
3212 4719 3527 4746 “Mm...
3581 4711 3638 4746 ςη
3709 4708 3832 4746 αξη,

404 4759 738 4837 ἁγιωτάτους
799 4756 1119 4834 ἀγγελικοὺς
1180 4751 1536 4826 διακόσμούς,
1596 4749 1685 4805 οἷά
1751 4769 1834 4810 τις
1904 4749 2065 4822 ὑπερ-

404 4806 736 4837 "l""'"""
800 4806 1119 4834 "II""""‘
1187 4806 1438 4826 """“r”
1500 4806 1535 4821 -ι
1821 4806 1832 4810 -
2009 4806 2018 4822 .

402 4851 633 4924 κόσμιος
693 4847 980 4923 τυγχάνων
1030 4846 1122 4900 καί
1194 4843 1445 4917 οὐράνιος
1500 4837 1751 4916 ἅγγελος,
1803 4837 1893 4892 καὶ
1949 4840 2065 4898 τοῖς

406 4939 721 5013 ἀσωμάτοις
781 4937 1064 5010 ὁμοταγης
1135 4931 1406 4988 κάλλιστα
1463 4928 1927 5006 διαγραψάμενος,
1977 4925 2067 4980 καὶ

403 5031 502 5097 τὴν
547 5029 598 5083 ἐν
650 5027 836 5087 αὐτοῖς
889 5022 1129 5094 εὐταξίαν
1168 5023 1258 5077 καὶ
1290 5019 1543 5098 οὐρανίαν
1578 5016 1860 5093 ἱεραρχίαν
1906 5035 2069 5069 κατα-

407 5119 584 5189 λέξας,
615 5117 678 5172 τὸ
707 5122 808 5184 τῆς
837 5117 1022 5188 ψυχῆς
1054 5107 1349 5191 φωτοειδὲς
1393 5103 1646 5181 εὐλαϐῶς
1695 5105 1784 5160 ἐπὶ
1821 5103 1916 5160 τὸν
1969 5109 2069 5172 τῆς

413 5206 671 5284 ὓπερθὲου
724 5202 1006 5274 θειότητος
1065 5205 1240 5256 θῶκον
1301 5197 1562 5256 ἀνατείνει
1599 5219 1612 5232 ο
1669 5194 1759 5251 καὶ
1815 5199 1933 5255 τοῖς
1993 5197 2072 5265 τῷ

411 5283 541 5372 θείῳ
597 5296 687 5352 καὶ
743 5293 1199 5369 καθαρτικωτάτῳ
1252 5291 1594 5366 καθαρθεῖσιν
1670 5287 1891 5360 ἄνθρακι
1950 5283 2067 5358 χεί-

409 5386 530 5443 λεσι
591 5383 842 5458 θεολογεῖ
895 5384 994 5451 τὴν
1047 5381 1097 5436 ἐν
1158 5377 1353 5456 Τριάδι
1419 5377 1544 5452 μίαν
1577 5373 1905 5450 ἀδιαίρετον,
1937 5370 2077 5427 ἄκτιυ

413 5497 538 5533 στον
572 5475 835 5544 Θεότητα,
874 5493 998 5545 μιαν
1032 5471 1338 5545 Κυριότητα
1369 5474 1476 5524 τῶν
1509 5466 1656 5522 ὅλων
1703 5463 2039 5538 δημιουργὸν
2060 5506 2073 5531 ,

413 5565 783 5643 προνοητικήν
836 5581 896 5616 τε
950 5560 1040 5614 καὶ
1101 5561 1444 5629 συνεκτικὴν,
1488 5558 1615 5631 μίαν
1675 5553 1880 5622 οὐσίαν,
1945 5552 2076 5626 μίαν

413 5655 678 5726 εξουσίαν,
728 5651 819 5707 καὶ
869 5647 1170 5725 βασιλείαν,
1234 5647 1325 5702 καὶ
1376 5645 1631 5719 δύναμιν,
1679 5644 1768 5698 καὶ
1830 5640 1952 5716 μίαν
1990 5640 2076 5694 θὲ-

414 5742 576 5816 λησίν
635 5763 693 5798 τε
739 5739 828 5798 καὶ
879 5735 1172 5814 ὶνίργειαν,
1229 5734 1320 5791 καὶ
1377 5734 1474 5798 τὰς
1547 5733 1600 5789 ἐν
1667 5727 1858 5806 μονάδι
1929 5733 2078 5804 τρεῖς

2177 4761 2244 4800 ac
2273 4747 2393 4796 tres
2423 4732 2836 4793 sanctissimos
2882 4723 3178 4796 angelicos
3211 4719 3528 4791 apparatus
3581 4711 3641 4765 in
3708 4708 3834 4764 sin-

2178 4797 2335 4905 gulis
2367 4823 2727 4899 speculatus,
2765 4835 2878 4873 non
2913 4814 3080 4870 aliter
3111 4828 3175 4866 ac
3209 4809 3257 4864 si
3300 4804 3540 4861 divinus
3589 4797 3832 4871 quidam

2180 4926 2352 4991 atque
2383 4913 2639 4972 ccelestis
2665 4914 2820 4966 esset
2851 4903 3118 4976 angelus,
3150 4907 3206 4956 et
3237 4899 3292 4953 in
3327 4910 3530 4952 eorum
3566 4889 3668 4962 qui
3705 4902 3832 4941 cor-

2179 5025 2318 5084 pore
2367 5009 2590 5073 carent,
2625 5000 2872 5056 classem
2919 4996 3224 5064 coopatus,
3257 4985 3644 5051 ordinemque
3681 4977 3838 5031 inter

2178 5102 2337 5172 ipsos
2368 5102 2424 5153 et
2453 5107 2680 5150 sacram
2719 5087 3122 5160 praefecturam
3157 5078 3402 5136 sortitus
3456 5069 3831 5144 splendorem

2182 5187 2366 5247 animi
2393 5185 2463 5242 ad
2497 5183 2697 5238 sedem
2729 5173 3151 5233 ccelestissimaa
3197 5161 3523 5222 divinitatis
3565 5156 3836 5229 religiose

2185 5277 2417 5346 attollit,
2434 5271 2728 5341 labiisque
2753 5264 2949 5320 divino
2991 5265 3048 5317 et
3082 5256 3398 5332 purissimo
3421 5250 3672 5307 carbone
3696 5261 3839 5318 pur-

2189 5368 2364 5443 gatis,
2398 5378 2576 5420 unam
2612 5354 2972 5414 individuam
3006 5350 3064 5404 in
3098 5347 3405 5410 Trinitate,
3437 5339 3839 5396 etincreatam

2188 5455 2578 5519 divinitatem,
2599 5461 2775 5502 unam
2803 5431 3287 5501 dominationem,
3313 5448 3441 5505 qua;
3464 5427 3664 5486 omnia
3685 5438 3843 5478 crea-

2185 5549 2289 5614 vit,
2319 5539 2604 5618 praavidit,
2630 5540 2687 5593 et
2717 5529 3184 5596 continet,unam
3211 5519 3634 5587 substantiam,
3659 5527 3838 5569 unam

2187 5602 2564 5712 potestatem,
2589 5602 2648 5683 et
2675 5637 2945 5695 regnum,
2977 5622 3034 5674 et
3059 5615 3408 5691 potentiam,
3441 5622 3621 5666 unam
3639 5602 3843 5660 volun-

2189 5698 2370 5786 tatem
2402 5726 2459 5781 et
2483 5713 2904 5791 operationem,
2935 5714 2993 5764 et
3025 5712 3144 5764 tres
3173 5705 3232 5761 in
3252 5704 3478 5761 unitate
3498 5698 3844 5769 bypoetascs
