4106 6408
271 410 379 466 639

1512 414 1570 466 Β.
1613 408 1929 465 DIONYSII
1967 405 2452 462 AREOPAGITE

3597 409 3714 465 640

272 535 536 604 ejusdem
595 531 1329 599 subslantia,coaaternas,
1387 549 1453 588 ac
1521 549 1729 588 omnes
1800 531 1920 585 sine

2045 525 2376 598 ὁμοουσίους
2409 547 2468 580 τε
2515 524 2606 579 καὶ
2657 522 2966 586 συναϊδίους
3009 525 3098 580 καὶ
3147 525 3516 604 συνανάρχους
3569 531 3707 586 ὑπο-

270 623 578 694 principio,
614 637 852 676 numero
884 623 1148 692 quidem,
1182 627 1238 677 et
1297 622 1755 694 proprietatibus
1812 619 1924 674 im-

259 711 645 767 mutabilibus
676 715 733 766 et
781 711 1186 765 immobilibus
1229 712 1468 773 divisas,
1520 727 1654 766 cum
1705 709 1923 780 alioqui

261 802 379 856 sint
407 801 656 855 invicem
686 800 814 854 sine
840 801 1184 855 confusione
1200 800 1771 873 unitac,singula3que
1788 814 1921 853 cum

264 891 624 962 pr0prietate
658 907 765 945 sua
795 891 1264 954 considerentur,
1295 907 1409 944 non
1446 891 1590 958 loco,
1624 906 1737 944 non
1781 905 1926 943 con-

263 980 424 1049 finio,
460 996 650 1051 neque
680 979 943 1050 qualibet
969 979 1518 1050 circumscriptione
1549 980 1925 1050 (incorporeas

263 1071 420 1125 enim
455 1076 597 1125 sunt
624 1087 728 1124 nec
777 1069 1184 1125 circumscribi
1239 1070 1513 1140 possunt)
1571 1073 1916 1140 separatas;

266 1175 471 1230 apage,
507 1160 606 1214 sed
640 1158 783 1214 solis
834 1157 1220 1214 relationibus
1275 1159 1586 1214 distinctas
1636 1157 1924 1212 divinitus

269 1247 584 1319 eloquitur,
613 1253 906 1318 quatenus
933 1246 1224 1318 triplicem
1258 1247 1495 1303 illorum
1528 1248 1926 1303 enumeratio-

264 1353 397 1392 nem
430 1337 652 1408 absque
675 1337 1081 1408 inquinatione
1103 1353 1168 1392 ac
1189 1336 1490 1392 collisione
1513 1337 1770 1408 cogitare
1791 1336 1929 1391 licet

263 1442 379 1482 uno
410 1426 575 1481 cultu
609 1430 665 1480 et
696 1426 1036 1482 adoratione
1084 1431 1418 1482 veneratur.
1473 1427 1664 1482 Unum
1714 1431 1923 1493 Deum,

265 1531 449 1570 unum
486 1514 798 1570 Dominum
836 1514 948 1570 sibi
1001 1513 1312 1570 colendum
1373 1517 1666 1588 proponit,
1703 1514 1801 1586 qui
1862 1514 1923 1568 in

263 1604 456 1659 tribus
490 1604 905 1676 hypostasibus
936 1606 1090 1660 873
1120 1606 1402 1660 adoratur
1429 1610 1486 1660 et
1514 1603 1748 1670 colitur,
1779 1604 1922 1658 dum

264 1695 336 1748 ad
369 1711 553 1748 unum
589 1693 942 1765 principium
977 1700 1036 1748 et
1066 1711 1306 1749 causam
1338 1694 1521 1750 Filius
1564 1699 1623 1749 et
1667 1693 1924 1764 Spiritus

263 1787 503 1838 sanctus
537 1783 888 1838 referuntur.
923 1783 992 1838 Et
1014 1788 1077 1837 ut
1095 1783 1278 1839 Filius
1303 1785 1541 1856 quidem
1565 1787 1700 1838 ante
1725 1783 1927 1838 omnia

262 1871 476 1927 secula
506 1889 540 1925 a
589 1871 710 1926 solo
766 1873 964 1938 Patre,
997 1872 1116 1927 sive
1145 1874 1217 1928 ab
1250 1873 1416 1927 illius
1479 1871 1833 1940 substantia,
1867 1875 1925 1926 et
1953 1904 2002 1969 Β

260 1960 385 2017 solo
415 1965 474 2016 et
505 1961 699 2026 unice,
732 1960 858 2016 sine
890 1977 1153 2032 corpore,
1187 1963 1313 2018 sine
1344 1962 1576 2027 alfectu,
1609 1961 1737 2016 sine
1766 1970 1920 2015 tem-

259 2067 400 2122 pore
431 2055 606 2105 natus
636 2049 736 2104 sit.
769 2055 999 2106 Rursus
1031 2067 1163 2106 vero
1198 2056 1261 2106 ut
1289 2051 1544 2123 Spiritus
1575 2055 1815 2107 sanctus
1847 2050 1920 2105 ab

259 2140 388 2211 ipso
421 2138 546 2194 solo
579 2139 748 2194 Patre
781 2140 1171 2205 descenderit,
1204 2146 1262 2195 et
1294 2157 1396 2212 per
1443 2140 1655 2196 Filium
1681 2156 1920 2211 proces-

259 2228 425 2295 serit,
452 2232 510 2283 et
543 2227 886 2284 hominibus
917 2245 980 2284 se
1010 2230 1358 2298 ostenderit,
1393 2229 1573 2285 unius
1620 2228 1919 2300 principa-

257 2321 387 2371 tum
419 2317 700 2386 edocens,
736 2334 850 2373 non
875 2335 1050 2390 quem
1075 2336 1192 2374 una
1215 2335 1467 2391 persona
1488 2317 1921 2374 circumscribit

259 2407 541 2477 (statuere
573 2405 729 2462 enim
774 2423 958 2461 unum
993 2423 1193 2462 secum
1251 2407 1548 2463 dissidens
1595 2411 1686 2462 est
1734 2406 1922 2462 multa

259 2497 562 2562 statuere),
595 2495 696 2550 sed
729 2510 905 2566 quem
942 2500 1164 2550 naturae
1196 2514 1302 2568 par
1348 2497 1589 2552 honoris
1638 2495 1918 2561 conditio,

260 2587 319 2638 et
346 2584 544 2639 eadem
578 2584 807 2640 consilii
841 2585 1175 2656 concordia,
1208 2591 1267 2641 et
1297 2587 1449 2641 idem
1486 2590 1702 2648 motus.
1736 2589 1794 2640 et
1845 2585 1917 2640 ad

261 2689 448 2728 unum
479 2689 548 2729 ex
577 2673 774 2746 seipso
805 2675 1166 2746 conspiratio
1195 2675 1524 2732 constituit.

333 2799 442 2854 Sed
465 2815 568 2868 ego
597 2799 739 2853 dum
771 2798 970 2872 magni
994 2799 1243 2871 hujusce
1260 2798 1515 2870 theologi
1537 2797 1920 2855 excelsissisi-

263 2903 422 2942 mam
454 2887 805 2958 sapientiam
835 2888 1167 2944 humilibus
1191 2888 1493 2944 tenuitatis
1518 2893 1728 2944 nostrae
1761 2886 1918 2942 locu-

260 2975 520 3031 tionibus
551 2978 854 3032 ostendere
887 2983 1173 3049 pertento,
1207 2977 1420 3033 similis
1453 2978 1503 3033 ei
1537 2977 1719 3032 videri
1783 2993 1915 3049 pos-

257 3063 372 3118 sim
393 3065 491 3136 qui
525 3065 719 3120 cotula
739 3065 876 3120 velit
899 3066 1180 3134 abyssum
1193 3065 1735 3122 exhaurire.Exstat
1757 3066 1915 3121 enim

261 3151 409 3207 liber
441 3153 634 3209 divino
666 3153 981 3223 splendore
1011 3155 1242 3225 plenus,
1265 3155 1362 3226 qui
1386 3155 1582 3210 radios
1605 3155 1915 3210 verborum

2036 615 2267 683 στάσεις,
2327 616 2550 688 ἀριθμῷ
2622 615 2714 687 μὶν
2779 615 2867 669 καὶ
2942 611 3210 685 ἰδιότησιν
3279 617 3704 690 ἀμεταπτώτως

2033 705 2122 757 καὶ
2177 705 2457 775 ἀκινήτοις
2538 701 2942 778 διαιρουμένας,
2990 703 3280 778 ἐνουμὲνας
3341 704 3399 760 δὲ
3459 709 3701 781 θεότητι,

2035 795 2100 848 οὐ
2134 793 2618 871 συναλειφομένας,
2653 793 2779 848 ἀλλ’
2813 793 2864 847 ἐν
2898 790 3175 863 ἀλλήλαις
3226 795 3550 871 ἀσυγχύτως
3609 797 3702 853 οὔ·

2034 905 2151 952 σας,
2209 883 2439 952 εκάστην
2495 884 2630 956 μετά
2685 890 2785 952 τῆς
2838 880 3114 953 ἰδιότητος
3175 887 3578 960 θεωρουμένας,
3637 889 3700 944 ού

2032 972 2209 1045 τόπῳ,
2245 972 2307 1026 οὐ
2339 977 2706 1047 περιορισμῷ,
2742 969 2853 1026 οὐδ’
2888 973 3146 1044 ὁποιᾳοῦν
3193 980 3505 1053 περιγραφῇ
3535 977 3701 1049 (ἀσώ-

2039 1081 2200 1133 ματοι
2252 1061 2356 1136 γὰρ
2405 1061 2495 1114 καὶ
2556 1061 2951 1135 ἀπερίγραπτοι
3069 1058 3438 1135 διισταμένας,
3486 1061 3697 1140 ἅπαγεί

2035 1147 2184 1204 ἀλλὰ
2238 1146 2430 1223 μόναις
2475 1155 2596 1212 ταῖς
2647 1149 2908 1211 ἐπινοίαις
2955 1147 3440 1223 διαστελλομένας,
3473 1154 3598 1208 ὅσον
3643 1174 3703 1228 γε

2033 1244 2315 1294 κατανοεῖν
2368 1236 2643 1314 ἐνδέχεται
2691 1240 2792 1308 τὴν
2838 1235 3125 1312 τριαδικὴν
3179 1238 3356 1294 αὐτῶν
3400 1237 3532 1317 δίχα
3561 1263 3702 1321 φυρ-

2040 1331 2144 1399 μοῦ
2201 1326 2292 1382 καὶ
2338 1325 2674 1405 συναλοιφῆς
2736 1327 3131 1402 ἀπαρίθμησιν,
3176 1333 3277 1402 μιᾷ
3332 1327 3553 1406 λατρεία
3609 1332 3698 1386 καὶ

2034 1418 2402 1490 προσκυνήσει
2454 1414 2858 1492 λατρευομένας
2907 1416 2996 1470 καὶ
3064 1419 3559 1491 προσκυνουμένας,
3607 1417 3697 1475 ἵνα

2035 1506 2187 1574 Θεὸν,
2249 1503 2342 1561 ἕνα
2422 1505 2616 1582 Κύριον
2690 1501 2863 1560 σέϐειν
2928 1507 3333 1580 ὑποτιθέμενος,
3390 1507 3440 1563 ἰν
3512 1509 3688 1585 τρισὶν

2036 1595 2360 1650 ὑποστάσεσι
2412 1594 2810 1669 λατρευόμενόν
2854 1616 2912 1650 τε
2959 1595 3048 1649 καὶ
3087 1598 3575 1672 προσκυνούμενον,
3610 1598 3688 1660 εἷς

2039 1685 2162 1758 μίαν
2195 1685 2376 1760 ἀρχὴν
2419 1685 2509 1739 καὶ
2543 1684 2715 1739 αἰτίαν
2762 1689 2860 1739 τοῦ
2918 1686 3040 1739 ("toﬁ
3087 1685 3177 1740 καὶ
3234 1691 3332 1740 τοῦ
3381 1686 3694 1759 Πνεύματος

2034 1773 2452 1850 ἀναφερομένων
2488 1792 2501 1805 ·
2537 1772 2627 1828 καὶ
2656 1777 2754 1828 τοῦ
2797 1774 2891 1844 μὲν
2928 1775 3057 1828 Υἱοῦ
3087 1775 3193 1845 πρὸ
3223 1775 3438 1830 πάντων
3475 1775 3693 1830 αἲώνων

2033 1860 2094 1916 ἐκ
2151 1863 2320 1935 μόνου
2377 1867 2474 1917 τοῦ
2535 1860 2968 1938 Πατρὸς,ἤγουν
3002 1862 3062 1918 ἐκ
3100 1871 3198 1933 τῆς
3255 1863 3446 1926 οὐσίας
3504 1864 3692 1934 αὐτοῦ,

2031 1951 2430 2027 γεγεννημένου
2477 1953 2566 2008 καὶ
2621 1953 2808 2026 μόνου,
2855 1954 2945 2007 καὶ
3000 1955 3204 2026 μόνως,
3247 1953 3573 2028 ἀσωμάτως,
3603 1956 3696 2010 καὶ

2030 2043 2277 2110 ἀπαθῶς,
2305 2041 2396 2097 καὶ
2445 2041 2698 2118 ἀχρόνως
2735 2063 2746 2074 ·
2800 2046 2895 2097 τοῦ
2949 2040 2995 2097 δ’
3039 2041 3105 2097 αῦ
3155 2043 3472 2116 ΙΙνεύματος
3510 2044 3562 2114 ἒξ
3595 2045 3696 2100 αύ-

2026 2137 2124 2187 τοῦ
2175 2132 2342 2205 μόνου
2395 2136 2492 2186 τοῦ
2551 2133 2758 2209 ίιατρὸς
2806 2132 3262 2207 ἰκπορευομὲνου,
3320 2133 3408 2187 καὶ
3461 2130 3550 2188 διὰ
3594 2138 3698 2188 τοῦ

2030 2222 2158 2276 Υίοῦ
2205 2220 2518 2297 προϊόντος,
2549 2221 2640 2276 καὶ
2694 2227 2809 2284 τοῖς
2863 2222 3172 2294 ἀνθρώποις
3221 2221 3553 2301 πεφηνότος,
3599 2244 3697 2296 μο-

2027 2311 2254 2385 ναρχίαν
2289 2307 2584 2383 διδάσκων,
2609 2311 2721 2385 οὐχ
2761 2313 2828 2380 ἢν
2873 2309 2930 2365 ἓν
2978 2313 3298 2386 περιγράφει
3357 2312 3654 2385 πρόσωπον
3678 2330 3692 2344 ο

2028 2397 2164 2473 (ἐστι
2213 2399 2316 2475 γὰρ
2362 2400 2424 2454 τὸ
2474 2398 2529 2454 ἓν
2581 2401 2865 2469 στασιάζον
2918 2401 3056 2474 πρὸς
3096 2401 3254 2456 ἑαυτὸ
3309 2399 3496 2456 πολλά
3538 2402 3696 2465 καθί-

2029 2491 2298 2561 στασθαι·)
2343 2487 2469 2544 ἀλλ’
2517 2489 2578 2557 ἣν
2645 2487 2916 2560 ὁμοτιμία
2982 2489 3260 2559 συνίστησι
3319 2489 3552 2564 φύσεως,
3600 2489 3692 2544 καὶ

2028 2577 2304 2651 σύμπνοια
2351 2578 2600 2652 γνώμης,
2655 2578 2745 2632 καὶ
2789 2577 3056 2650 ταύτότης
3097 2581 3390 2650 κινήσεως,
3421 2579 3511 2634 καὶ
3555 2580 3694 2651 πρὸς

2025 2668 2089 2722 τὸ
2117 2666 2173 2722 ἓν
2206 2666 2257 2738 ἐξ
2287 2665 2453 2722 αὐτοῦ
2483 2665 2777 2731 σύννευσις.

2098 2791 2258 2849 Ἀλλ’
2307 2789 2459 2848 ἔοικα
2531 2797 2610 2864 τῷ
2679 2792 2886 2867 κοτύλῃ
2937 2799 3149 2866 μετρεῖν
3205 2792 3531 2869 βουλομένῳ
3587 2795 3690 2864 τήν

2026 2874 2286 2949 ἄϐυσσον,
2313 2881 2411 2947 τήν
2438 2884 2536 2934 τοῦ
2588 2882 2832 2955 μεγάλου
2883 2880 3148 2956 θεολόγου
3178 2883 3376 2937 τούτου
3412 2903 3692 2957 πανυπερ-

2023 2970 2190 3040 τάτην
2249 2968 2534 3044 θεολογίαν
2589 2975 2706 3031 τοῖς
2787 2972 2888 3040 τὴς
2950 2973 3221 3046 ἡμετέρας
3300 2971 3690 3041 ταπεινότητος

2025 3056 2342 3134 χθαμαλοῖς
2387 3057 2669 3133 λογαρίοις
2719 3057 2979 3134 διαφῆναι
3027 3062 3370 3134 πειρώμενος
3403 3078 3419 3095 ⁸
3468 3061 3687 3135 πρόκει-

2023 3169 2109 3204 ται
2154 3149 2256 3223 γάρ
2303 3150 2338 3217 ἡ
2390 3149 2686 3226 θεοφεγγὴς
2730 3145 2924 3224 βίϐλος
2990 3149 3166 3222 ἐκείνη
3230 3151 3410 3228 φωτὸς
3455 3149 3685 3220 ἡλιακοῦ

258 3241 582 3297 caelestium
620 3241 750 3298 luce
776 3243 950 3298 solari
981 3243 1258 3299 clariores
1289 3245 1524 3311 emittit,
1551 3243 1767 3314 quibus
1785 3247 1911 3298 tum

2032 3237 2408 3313 λαμπρότερον
2469 3237 2663 3315 ἀφεῖσα
2716 3237 2900 3313 λόγων
2969 3239 3237 3316 οὐρανίων
3297 3239 3680 3314 ἀμαρύγματα,

256 3329 390 3386 falsi
424 3331 684 3386 nominis
714 3331 992 3399 scientiae,
1027 3349 1145 3404 qua
1178 3337 1418 3388 necatur
1456 3334 1675 3400 anima,
1708 3330 1911 3403 caligi-

256 3435 389 3475 nem
421 3419 680 3492 expellit,
714 3424 838 3476 tum
872 3427 1030 3476 recta
1079 3427 1135 3476 et
1194 3421 1392 3477 divina
1451 3421 1728 3493 dogmata
1785 3425 1911 3476 tuto

253 3507 629 3564 manisl‘estat
649 3513 705 3563 et
727 3509 1163 3581 explanat.Non'
1177 3509 1364 3565 solum
1380 3509 1536 3564 enim
1553 3514 1914 3581 nugamenta

254 3601 314 3652 et
346 3597 684 3668 prodigiosa
708 3599 1039 3662 mendacia,
1066 3614 1193 3668 quae
1212 3616 1246 3654 a
1269 3604 1533 3654 semente
1559 3597 1912 3653 zizaniorum

257 3685 661 3755 apostolorum
718 3687 1088 3758 temporibus
1143 3692 1452 3758 supersata
1515 3693 1676 3753 sunt,
1709 3687 1917 3742 haeresi

255 3775 431 3845 plena
450 3773 733 3829 radicitus
757 3774 996 3840 avulsit,
1011 3791 1212 3829 verum
1227 3775 1402 3830 etiam
1422 3775 1498 3829 im
1511 3775 1636 3846 pias
1651 3773 1920 3846 blasphe-

257 3862 409 3917 miae
440 3866 617 3932 atque
647 3861 857 3916 deliria
887 3862 1090 3918 omnia
1117 3879 1246 3934 quae
1280 3863 1336 3917 in
1384 3867 1684 3934 posterum
1717 3867 1922 3917 contra

256 3957 522 4006 sanctam
556 3951 834 4022 pariaque
866 3952 1140 4022 potentiae
1189 3951 1562 4019 Trinitatem,
1601 3957 1922 4021 contraque

256 4039 512 4094 Verbum
579 4039 680 4095 Dei
731 4041 1030 4096 hominem
1088 4043 1328 4107 factum,
1362 4057 1573 4112 nempe
1617 4040 1922 4096 Christum

258 4133 616 4185 servatorem
648 4134 940 4199 nostrum,
975 4136 1032 4186 et
1061 4147 1188 4200 quae
1222 4136 1424 4185 contra
1462 4130 1781 4186 Christiani
1822 4147 1925 4185 no-

264 4218 444 4274 minis
469 4217 922 4290 plenitudinem,
945 4225 1001 4274 et
1021 4225 1228 4274 contra
1249 4219 1682 4275 dedicationem
1706 4225 1763 4274 et
1793 4221 1929 4275 ado‘

267 4307 555 4362 rationem
589 4311 926 4362 sanctarum
959 4313 1016 4362 et
1047 4307 1466 4363 venerabilium
1502 4307 1832 4380 imaginum
1864 4308 1924 4362 in

265 4395 451 4452 sacris
486 4395 757 4451 Ecclesiis
788 4402 846 4451 et
867 4396 1107 4451 sedibus
1137 4395 1536 4468 apostolorum
1574 4412 1676 4466 per
1696 4397 1927 4451 univer-

266 4501 398 4540 sum
433 4490 722 4540 terrarum
757 4485 955 4540 orbem
1004 4487 1359 4557 irrepseranl
1414 4484 1679 4540 funditus
1724 4485 1928 4540 abstu-

264 4574 350 4630 lit.
386 4575 694 4646 Siquidem
733 4575 883 4630 Deus
920 4575 1112 4646 palam
1148 4576 1329 4645 hujus
1363 4574 1556 4646 ipsius
1589 4573 1793 4644 lingua
1820 4590 1927 4628 an-

263 4664 425 4735 cipiti
457 4664 665 4735 quovis
696 4679 834 4720 ense
867 4666 1128 4720 acutiore
1157 4664 1390 4719 eminus
1421 4661 1636 4718 evulsit
1665 4668 1724 4718 et
1774 4663 1923 4718 inci-

264 4753 349 4808 dit
378 4751 682 4823 quodlibet
713 4768 1397 4826 venenum,germenque
1419 4750 1716 4807 seminum
1742 4751 1920 4807 haere-

264 4842 516 4898 ticorum
545 4842 826 4914 corrupit.
863 4845 1149 4898 Ceterum
1181 4839 1648 4911 evangelicarum
1680 4844 1738 4897 et
1777 4857 1919 4912 apo-

265 4932 605 4988 stolicarum
640 4931 1125 5002 praedicationum
1155 4934 1213 4984 et
1266 4929 1650 4984 traditionum
1711 4930 1918 4985 verita-

267 5026 386 5075 tem
421 5020 796 5075 conlirmavit
821 5035 886 5074 ac
909 5018 1214 5074 stabilivit.
1238 5018 1492 5073 Proinde
1524 5024 1586 5073 ut
1619 5019 1922 5091 fulgentis-

266 5111 428 5165 sima;
443 5110 649 5165 divina:
671 5109 1102 5182 praedicationis
1151 5108 1400 5164 illustris
1415 5125 1480 5164 ac
1503 5109 1918 5182 insuperabilis

266 5198 393 5267 ejus
413 5198 664 5253 elocutio
687 5199 1213 5263 demonstraretur,
1241 5197 1400 5252 illius
1421 5199 1596 5254 verba
1619 5200 1921 5256 recitanda

266 5291 426 5347 sunt,
459 5287 674 5358 quibus
705 5287 845 5340 dum
877 5287 948 5341 de
981 5285 1288 5341 divinitate
1319 5303 1448 5358 quas
1480 5288 1670 5345 tribus
1720 5306 1918 5361 perso-

267 5375 382 5440 nis,
417 5391 627 5447 nempe
659 5391 775 5430 una
801 5373 1088 5429 Trinitate
1118 5375 1472 5442 continetur,
1506 5378 1695 5448 deque
1723 5379 1921 5451 unige-

269 5465 390 5520 nito
441 5463 582 5519 Filio
635 5463 731 5518 Dei
776 5462 1115 5533 loqueretur
1172 5481 1273 5536 per
1321 5465 1917 5539 manisfestationem,

267 5569 393 5624 quas
424 5551 768 5609 hominibus
787 5556 859 5606 ob
888 5551 1250 5609 nativitatem
1277 5555 1406 5624 ejus
1427 5571 1496 5610 ex
1520 5554 1762 5628 Virgine
1779 5573 1919 5612 con-

268 5641 424 5715 tigit,
473 5657 621 5698 usus
668 5645 776 5697 est.
829 5641 894 5696 In
945 5640 1328 5714 explicatione
1375 5644 1533 5700 enim
1586 5644 1919 5703 divinorum

268 5732 428 5789 ³⁸14
443 5728 760 5789 Nominum
786 5729 905 5787 hac
927 5730 1102 5787 dicit:
1139 5754 1168 5782 ‹‹
1186 5732 1252 5788 In
1271 5732 1433 5789 omni
1455 5734 1573 5790 fere
1593 5732 1773 5790 divini
1797 5751 1920 5792 ser-

2021 3329 2121 3395 τῆς
2154 3327 2250 3399 μὲν
2295 3323 2654 3400 ψευδωνύμου
2701 3326 2952 3404 γνώσεως
2997 3329 3098 3397 τήν
3147 3329 3500 3406 ψυχοφθόρον
3552 3329 3683 3382 ἀπε-

2023 3413 2292 3470 λαύνοντα
2352 3414 2609 3493 ζόφωσιν,
2638 3417 2814 3491 ὀρθῶν
2869 3414 2926 3471 δὶ
2973 3418 3061 3472 καὶ
3115 3417 3274 3481 θείων
3321 3415 3686 3496 διασαφοῦντά

2021 3524 2081 3558 τε
2125 3509 2215 3558 καί
2261 3501 2653 3578 διατρανοῦντα
2700 3503 2988 3580 δογμάτων
3022 3505 3319 3584 ἀσφάλειαν
3352 3525 3365 3539 ⁸
3400 3505 3461 3561 οὗ
3509 3505 3682 3579 μόνον

2023 3593 2124 3668 γὰρ
2175 3593 2270 3655 τὰς
2325 3595 2428 3649 ὑπὸ
2485 3599 2583 3648 τοῦ
2640 3598 2749 3650 τῶν
2829 3596 3077 3664 ζιζανίων
3145 3595 3481 3670 ἑπισπορὲως
3546 3596 3684 3650 κατὰ

2025 3681 2152 3744 τοὺς
2234 3682 2634 3745 άποστολικοὺς
2712 3683 2948 3758 χρόνους
3031 3683 3413 3759 ἐπισπαρείσας
3487 3685 3692 3760 αἱρετι-

2031 3770 2223 3840 ζούσας
2323 3770 2640 3848 ἐρεσχελίας
2737 3773 2824 3827 καὶ
2927 3772 3318 3848 τερατολογίας
3435 3772 3702 3828 ἀνέσπασε

2029 3861 2347 3938 πρόρριζον,
2379 3861 2528 3918 ἀλλὰ
2575 3862 2669 3918 καὶ
2725 3863 2820 3926 τὰς
2877 3865 3164 3936 μετιπειτα
3218 3865 3356 3920 κατὰ
3401 3867 3503 3934 τῆς
3539 3862 3698 3938 ἁγίας

2035 3953 2313 4027 ὁμοφυοῦς
2365 3950 2690 4022 δεσποτικῆς
2742 3951 3001 4027 Τριάδος,
3030 3955 3128 4018 τάς
3173 3975 3231 4009 τε
3278 3953 3416 4009 κατᾶ
3460 3960 3562 4023 τῆς
3611 3952 3703 4007 ἄν·

2035 4041 2235 4116 σάρκου
2263 4045 2360 4096 τοῦ
2391 4046 2525 4097 Θεοῦ
2553 4041 2732 4116 Λόγου
2775 4046 3009 4117 Χριστοῦ
3053 4047 3152 4098 τοῦ
3202 4049 3464 4117 Σωτῆρος
3513 4045 3703 4114 ἡμῶν,

2034 4129 2126 4185 καὶ
2173 4131 2267 4191 τὰς
2312 4130 2533 4204 ὕστερον
2582 4131 2722 4185 κατὰ
2771 4135 2869 4185 τοῦ
2935 4130 3328 4206 χριστωνύμου
3385 4124 3733 4206 πληρώμα-ί

2034 4239 2148 4286 τος,
2197 4218 2287 4273 καὶ
2333 4218 2469 4272 κατά
2530 4225 2632 4288 τῆς
2681 4223 2790 4274 τῶν
2848 4219 3011 4295 ἁγίων
3062 4220 3152 4275 καὶ
3209 4224 3418 4274 σεπτῶν
3473 4218 3700 4274 εἰκόνων

2038 4307 2092 4361 ἐν
2145 4313 2264 4369 ταῖς
2315 4309 2433 4362 καθ’
2465 4306 2602 4378 ὅλην
2654 4308 2754 4376 τὴν
2807 4307 3138 4381 οΐκουμένην
3186 4309 3538 4382 πανευαγὲσιν
3584 4309 3704 4362 Ἐκ-

2037 4393 2296 4464 κλησίαις
2367 4396 2456 4451 καὶ
2515 4395 2918 4459 ἀποστολικαῖς
2992 4395 3300 4472 καθὲδραις,
3377 4394 3701 4467 ἀναστηλώ-

2040 4485 2176 4548 σεώς
2253 4505 2313 4539 τε
2389 4485 2479 4540 καὶ
2537 4487 2986 4562 προσκυνήσεως,
3026 4485 3378 4551 ἀναδοθείσας
3429 4486 3702 4547 ἀντιθέους

2045 4573 2422 4651 βλασφημίας,
2453 4575 2544 4629 καὶ
2575 4573 2966 4650 γλωσσαλγίας
3023 4575 3245 4640 καθεῖλε
3295 4573 3698 4652 προθέλυμνον.

1956 4647 2002 4712 D
2031 4647 2128 4715 τοῦ
2189 4647 2324 4716 Θεοῦ
2385 4647 2602 4733 δηλαδῆ
2657 4647 3081 4738 προϐλεπτικῶς
3124 4647 3406 4740 πόρρωθεν
3455 4647 3554 4718 διά
3597 4670 3699 4741 τῆς

2033 4750 2238 4806 ἐκείνου
2297 4751 2576 4828 γλώττης,
2633 4760 2734 4821 τῆς
2812 4754 2990 4824 πάσης
3076 4750 3342 4826 διστόμου
3426 4754 3702 4829 μαχαίρας

2031 4843 2468 4918 τμητικωτὲρας,
2519 4839 2983 4916 προεκτίλλοντός
3031 4863 3091 4898 τε
3151 4843 3242 4897 καὶ
3295 4842 3700 4917 προεκτίμνον-

2029 4951 2122 4992 τος
2178 4933 2441 4986 παντοίαν
2504 4929 2848 5007 δηλητήριον
2891 4930 2983 4987 καῖ
3027 4933 3360 5010 φθοροποιὸν
3410 4933 3698 5008 αἱρετικῶν

2033 5023 2356 5094 σπερμάτων
2412 5021 2709 5095 βλάστησιν
2746 5042 2759 5057 ο
2808 5023 2907 5092 τὴν
2960 5019 3017 5077 δὲ
3053 5025 3164 5077 τῶν
3196 5020 3558 5098 εὐαηελικῶν
3603 5011 3695 5076 καὶ

2033 5107 2417 5164 ἀποστολικῶν
2493 5110 2860 5183 κηρυγμάτων
2945 5111 3035 5165 καὶ
3112 5107 3465 5186 παραδόσεων
3546 5132 3696 5165 συνι-

2033 5203 2269 5260 στῶντος
2314 5198 2403 5253 καὶ
2453 5193 2897 5264 ἰπιϐεϐαιοῦντος
2943 5199 3227 5270 ἀλήθειαν.
3261 5199 3472 5256 Ούκοῦν
3522 5220 3698 5276 προα-

2029 5289 2183 5342 κτὲον
2246 5287 2526 5358 αὐτολεξεί
2573 5290 2671 5357 τήν
2746 5289 3216 5364 χρυσαυγεστάτην
3307 5289 3692 5366 θεοφαντορίαν

2029 5384 2128 5447 τῆς
2177 5377 2345 5432 αὐτοῦ
2399 5377 2748 5450 θεολαμποῦς
2804 5380 2895 5434 καὶ
2955 5380 3275 5449 θεοκινήτου
3354 5376 3693 5456 διφαράσεως

2029 5466 2282 5540 περὶτῆς
2321 5466 2753 5542 τρισυποστάτου
2811 5466 3204 5538 θεότητος,καὶ
3261 5472 3362 5536 τῆς
3417 5470 3517 5521 τοῦ
3573 5466 3693 5528 ἑνὸς

2025 5562 2127 5625 τῆς
2158 5553 2392 5630 Τριάδος
2427 5560 2755 5632 μονογενοῦς
2806 5557 2936 5612 Υἱοῦ
2979 5561 3079 5612 τοῦ
3137 5560 3272 5612 Θεοῦ
3329 5553 3420 5611 διὰ
3469 5561 3571 5626 τῆς
3630 5554 3692 5610 εκ

2029 5645 2303 5719 Παρθὲνου
2357 5646 2658 5720 γεννήσεως
2729 5645 2867 5720 πρὸς
2941 5645 3261 5722 ἀνθρώπους
3319 5643 3636 5721 ἰπιφανείας
3669 5661 3687 5676 °

2031 5731 2082 5789 δν
2116 5732 2220 5810 γὰρ
2250 5735 2320 5809 τῇ
2350 5731 2456 5791 τῶν
2499 5733 2657 5798 θείων
2691 5733 3009 5810 Ὀνομάτων
3055 5731 3339 5806 ἀναπτύξαι
3384 5730 3514 5790 τάδε
3570 5753 3686 5809 φη-
3711 5739 3731 5776 ἰ
