4106 6392
357 377 462 435 641

1384 374 1578 442 VITA,
1614 371 1956 426 AUCTOR}!
1993 372 2367 427 MICHABLE
2409 372 2761 428 BYNGELO.

3677 378 3786 433 642

352 499 433 557 σίν
471 517 484 534 ο
521 523 550 552 ‹‹
580 500 738 556 Ὅθεν
770 497 823 552 ἂν
853 495 1000 570 πάσῃ
1033 492 1228 571 σχεδὸν
1271 496 1342 568 τῇ
1391 492 1690 568 θεολογικῇ
1749 513 2002 568 πραγμα-

2132 496 2312 552 monis
2340 496 2689 553 tractatione
2732 513 3028 554 summam
3062 498 3428 556 divinitatem
3457 504 3662 558 sancte
3691 518 3790 558 ce-

351 589 469 661 τείᾳ
512 589 614 656 τὴν
666 585 924 662 θεαρχίαν
966 586 1179 661 ὁρῶμεν
1216 585 1374 660 ἱερῶς
1407 583 1753 656 ὑμνουμένην
1776 582 1851 644 ὡς
1901 601 2007 654 μο-

353 676 490 734 νάδα
531 677 652 750 μὶν,
680 675 771 731 καὶ
824 672 1006 742 ἐνάδα,
1039 671 1130 729 διὰ
1173 673 1273 741 τὴν
1320 671 1608 741 ἁπλότητα
1655 671 1745 726 καὶ
1777 669 2009 740 ἑνότητα

351 775 455 838 τῆς
503 767 806 843 ὑπερφυοῦς
852 762 1129 836 ἀμερείας.
1179 761 1229 832 ἐξ
1269 764 1336 830 ἧς
1388 761 1464 823 ὡς
1526 761 1785 814 ὲνοποιοῦ
1853 756 2015 813 δυνά-

359 877 503 932 μεως
551 853 858 926 ὲνιζόμεθα,
899 853 988 908 καὶ
1051 855 1160 906 τῶν
1230 854 1496 927 μεριστῶν
1545 852 1706 922 ἡμῶν
1759 849 2014 922 61:90:13-

352 969 460 1002 των
517 942 900 1020 ὑπερκοσμίως
953 940 1476 1014 συμπτυσᾳομένων,
1518 936 1594 1000 εἷς
1644 935 1854 1007 θεοειδῆ
1914 958 2016 1009 μο-

352 1033 487 1091 νάδα
517 1033 858 1110 συναγόμεθοι
888 1031 979 1086 καὶ
1027 1029 1368 1102 θεομίμητον
1413 1025 1604 1083 ἕνωσιν
1642 1047 1654 1060 ⁸
1690 1028 1765 1089 ὡς
1813 1024 2018 1102 Τριάδα

353 1122 431 1193 δὲ,
482 1122 572 1178 διὰ
615 1123 714 1192 τὴν
773 1121 1202 1198 τρισυπόστατον
1263 1124 1362 1187 τῆς
1409 1116 1737 1193 ὑπερουσίου
1789 1116 2016 1193 γονιμόο

348 1233 517 1282 τητος
547 1209 821 1287 ἕκφανσιν,
865 1209 916 1279 ἐξ
964 1211 1032 1277 ἧς
1083 1211 1228 1262 πᾶσα
1283 1206 1487 1279 πατριὰ
1544 1204 1596 1259 ἐν
1657 1205 1876 1280 οὐρανῷ
1926 1217 2020 1270 καὶ

353 1301 440 1358 ἐπὶ
484 1307 586 1376 γῆς
618 1300 754 1367 ἐστι,
780 1298 871 1353 καὶ
926 1297 1252 1370 ὀνομάζεται
1283 1314 1296 1328 ⁸
1330 1296 1404 1357 ὡς
1436 1293 1609 1350 αἰτίαν
1671 1292 1728 1350 δὲ
1770 1298 1880 1350 τῶν
1924 1291 2015 1347 ὅν-

359 1410 493 1461 των,
519 1385 711 1456 ἐπειδή
763 1385 938 1441 πάντα
985 1385 1120 1458 πρὸς
1170 1384 1234 1439 τὸ
1275 1383 1410 1438 εἶναι
1458 1383 1723 1459 παρήχθη
1775 1378 1864 1436 διὰ
1918 1381 2016 1450 τήν

360 1478 529 1548 αὐτῆς
574 1476 889 1532 οὗσιοποιὸν
937 1473 1267 1550 άγαθότητα”
1323 1473 1495 1548 σοφὴν
1555 1469 1614 1526 δὲ
1670 1473 1760 1526 καὶ
1818 1469 2018 1541 καλὴν,

360 1570 445 1624 ὅτι
487 1567 556 1622 τὰ
612 1560 742 1621 ὄντα
795 1567 990 1632 πάντα,
1041 1563 1109 1618 τὰ
1162 1569 1264 1631 τῆς
1322 1560 1524 1625 οίκείας
1598 1559 1808 1639 φύσεως
1881 1561 2022 1615 ἀπα-

359 1658 639 1735 ράςρθαρτα
698 1652 1054 1721 διασώζοντα,
1113 1652 1295 1720 πάσης
1370 1648 1633 1724 ἁρμονίας
1689 1647 1874 1712 ἐνθίου
1930 1648 2021 1704 καὶ

361 1747 509 1819 ἱερᾶς
542 1742 860 1821 εὐπρεπείας
891 1741 1033 1796 ἐστὶν
1066 1737 1330 1796 ἀνάπλεα.

2119 583 2333 641 lebrari
2365 585 2656 654 videmus,
2682 591 2747 642 ut
2779 589 3090 643 monadem
3123 589 3358 659 quidem
3391 595 3448 646 et
3478 591 3785 660 unitatem,

2121 676 2194 730 ob
2227 674 2670 747 simplicitatem
2706 679 3114 747 unitatemque
3144 677 3370 733 eximia
3405 680 3534 750 ejus
3565 686 3788 736 natura:

2127 764 2440 834 partitione
2471 766 2750 832 carentis,
2784 781 2854 820 ex
2883 781 3000 836 qua
3030 771 3313 836 tanquam
3357 768 3596 824 uniente
3624 775 3791 841 pote-

2128 857 2280 908 state
2323 854 2383 909 in
2436 872 2622 909 unum
2669 855 3016 928 redigimur,
3053 855 3378 928 nostrique,
3411 873 3538 928 quea
3587 863 3788 914 muta-

2127 942 2272 998 tioni
2323 943 2744 1016 partitionique
2789 948 2929 1000 sunt
2971 945 3269 1014 subjectae,
3319 945 3546 1002 naturis
3603 947 3786 1019 (quod

2128 1029 2452 1087 humanum
2482 1036 2710 1088 excedit
2739 1034 2937 1104 usum)
2969 1033 3340 1105 complicatis
3371 1035 3432 1090 in
3467 1038 3783 1092 monadem

2129 1119 2390 1176 divinam
2444 1122 2699 1194 efﬁgiem
2752 1123 3126 1190 referentem,
3155 1124 3561 1195 unitatemque
3602 1125 3787 1182 Deum

2129 1209 2463 1266 imitantem
2495 1211 2862 1282 colligimur;
2917 1217 2983 1266 ut
3013 1211 3359 1268 Trinitatem
3390 1230 3548 1282 vero,
3582 1214 3655 1270 ob
3685 1216 3790 1271 de-

2131 1300 2620 1356 monstrationem
2657 1301 2715 1354 in
2747 1300 2936 1356 tribus
2964 1302 3232 1372 personis
3263 1301 3644 1358 fecunditatis
3660 1305 3790 1375 ejus

2132 1404 2260 1459 quae
2290 1391 2380 1443 est
2409 1405 2585 1460 supra
2616 1389 2943 1444 humanum
2979 1390 3244 1457 modum,
3275 1407 3344 1446 ex
3384 1408 3501 1462 qua
3530 1393 3727 1448 omnis
3757 1410 3792 1449 a

2130 1479 2302 1532 Patre
2329 1478 2597 1549 cognatio
2630 1477 2687 1532 in
2722 1479 2866 1533 ecelo
2898 1483 2957 1532 et
2984 1477 3041 1532 in
3075 1483 3235 1533 terra
3274 1483 3383 1548 est,
3417 1485 3476 1535 et
3520 1481 3790 1537 nomina-

2131 1569 2262 1633 tur;
2298 1573 2360 1621 ut
2391 1583 2633 1623 causam
2667 1574 2944 1638 praeterea
2966 1584 3160 1623 rerum
3185 1569 3790 1641 omnium,siquidem

2134 1655 2334 1710 omnia
2383 1673 2486 1728 per
2533 1657 2857 1712 bonitatem
2909 1658 3059 1726 ejus,
3093 1674 3223 1728 qua
3254 1663 3320 1712 ut
3348 1657 3471 1713 sint
3512 1659 3791 1716 omnibus

2135 1743 2440 1816 elargitur,
2475 1745 2532 1800 in
2567 1744 2757 1801 lucem
2791 1750 2932 1800 sunt
2962 1745 3139 1802 edita.
3165 1746 3505 1818 Sapientem
3538 1747 3678 1804 item
3710 1754 3794 1804 at-

359 1852 472 1908 que
497 1836 806 1908 pulchram
839 1849 971 1888 esse
1003 1831 1416 1903 perspicimus,
1446 1829 1728 1901 quoniam
1759 1845 1830 1885 ex
1860 1828 1955 1885 his
1987 1845 2116 1900 quae
2148 1838 2289 1889 sunt
2317 1839 2376 1889 et
2407 1838 2637 1890 natura
2684 1851 2804 1890 sua;
2855 1834 3093 1906 propria
3140 1842 3377 1891 servant
3426 1835 3790 1910 incorrupta,

363 1925 580 1985 divina:
607 1923 803 1980 omnis
833 1921 1179 1990 harmoniai,
1211 1920 1481 1990 sacrique
1511 1918 1739 1974 decoris
1771 1923 1912 1974 sunt
1943 1918 2138 1990 plena.

437 2054 466 2084 «
502 2029 907 2104 Φιλάνθρωπον
942 2024 1001 2082 δὲ
1031 2024 1420 2103 διαφερόντως,
1453 2022 1535 2078 ὅτι
1566 2028 1681 2085 τοῖς
1710 2024 1829 2086 καθ’
1879 2025 2018 2094 ἡμᾶς

2207 2049 2235 2078 α
2258 2027 2542 2083 Caeterum
2568 2029 2787 2083 mirum
2804 2029 2863 2082 in
2884 2030 3122 2084 modum
3147 2029 3218 2084 ab
3241 2029 3608 2085 humanitate
3629 2046 3792 2085 com-

363 2120 501 2196 πρὸς
557 2116 821 2189 ἀλήθειαν
877 2115 1081 2177 ὁλικῶς
1140 2113 1191 2168 ἐν
1244 2117 1342 2186 μιᾷ
1396 2116 1501 2166 τῶν
1563 2111 1734 2177 αὐτῆς
1789 2110 2018 2166 ὑποστά-

370 2227 506 2263 σεων
561 2207 941 2277 ἐκοινώνησεν,
1003 2202 1418 2276 ἀνακαλουμένη
1464 2202 1600 2276 πρὸς
1661 2201 1876 2271 ἑαυτὴν,
1932 2198 2024 2254 καὶ

370 2297 680 2352 ἀνατιθεῖσα
735 2297 836 2366 τὴν
894 2292 1237 2368 ἀνθρωπίνην
1296 2289 1578 2367 ἐσχατιὰν,
1620 2288 1672 2360 ἐξ
1727 2291 1795 2359 ἧς
1852 2287 2025 2365 ἀρῥή-

365 2407 476 2449 τως
531 2387 560 2441 6
610 2384 820 2448 ἁπλοῦς
870 2387 1078 2454 Ἰησοῦς
1125 2379 1404 2451 συνετέθη,
1455 2381 1546 2434 καὶ
1595 2379 1892 2454 παράτασιν
1943 2375 2025 2432 εἷ’-

370 2476 514 2553 ληφε
544 2476 811 2551 χρονικήν
845 2474 873 2527 ὁ
905 2469 1104 2536 ἀΐδιος,
1136 2470 1226 2525 καὶ
1258 2467 1386 2524 εἷ’σω
1416 2475 1516 2538 τῆς
1566 2469 1683 2522 καθ’
1733 2471 1882 2540 ἡμᾶς
1910 2465 2024 2541 ἐγε-

364 2564 514 2641 γόνει
575 2562 807 2640 φύσεως,
868 2561 896 2614 6
955 2561 1132 2629 πάσης
1191 2561 1290 2622 τῆς
1336 2559 1473 2612 κατὰ
1517 2561 1690 2611 πᾶσαν
1723 2556 1881 2641 φύσιν
1935 2557 2028 2610 τά·

366 2639 497 2726 ξεως
559 2639 897 2726 ὑπερουσίως
939 2642 1276 2717 ἇκϐεϐηκὼς,
1327 2645 1461 2718 μετὰ
1514 2651 1616 2714 τῆς
1673 2639 2024 2716 ἀμεταϐόλου

360 2742 455 2796 καὶ
516 2738 830 2815 ἀσυγχύτου
878 2742 985 2792 τῶν
1032 2735 1248 2791 οῗκείων
1282 2731 1560 2810 ἱδρύσεως.
1597 2757 1625 2783 ››
1657 2731 1754 2787 Καὶ
1813 2729 2029 2804 συνῳδὰ

366 2829 671 2895 τούτοις,ἂ
725 2827 802 2883 ἔτι
860 2826 985 2902 περὶ
1023 2832 1124 2894 τῆς
1151 2828 1248 2879 τοῦ
1306 2822 1505 2900 Κυρίου
1564 2823 2024 2896 ἱνανθρωπήσεως

368 2915 680 2975 ἐπιστέλλει
713 2916 851 2992 πρὸς
881 2916 1038 2970 Γάϊον
1069 2935 1082 2948 ·
1117 2938 1144 2966 ‹‹
1179 2916 1326 2980 Πῶς,
1357 2911 1484 2990 φῂς,
1512 2913 1721 2982 Ἰησοῦς
1753 2912 1780 2965 6
1812 2911 2026 2965 πάντων

374 3007 622 3064 ἐπέκεινα
674 3004 833 3061 πᾶσίν
908 3004 1048 3059 ἐστιν
1106 3003 1417 3076 ἀνθρώποις
1499 2997 1782 3062 οὖσιωδῶς
1846 3019 2027 3054 συντε-

361 3095 666 3173 ταγμένοςς
700 3094 761 3148 o6
791 3093 892 3169 γὰρ
925 3093 1000 3155 ὡς
1061 3088 1233 3155 αἴτιος
1284 3091 1584 3166 ἀνθρώπων
1643 3087 1829 3145 ἐνθάδε
1875 3087 2026 3165 λέγει·

371 3208 458 3241 ται
489 3186 797 3260 ἅνθρωπος,
822 3179 948 3237 ἀλλ’
983 3182 1058 3244 ὡς
1091 3180 1256 3241 αὐτὸς
1303 3181 1420 3235 κατ’
1452 3180 1640 3235 οὐσίαν
1704 3177 1842 3248 ὅλην
1895 3177 2028 3247 ἀλη-

365 3280 472 3340 θῶς
534 3273 820 3347 ἄνθρωπος
880 3266 973 3327 ὤν.
1034 3271 1224 3343 Ἡμεῖς
1269 3265 1326 3324 δὲ
1362 3269 1455 3324 τὸν
1506 3271 1717 3339 Ἰησοῦν
1776 3267 1877 3322 οὐκ
1931 3266 2026 3321 ἀν-

367 3367 658 3440 θρωπικῶς
711 3360 1042 3440 ἀφορίζομεν
1078 3379 1091 3392 ·
1154 3356 1280 3413 οὐδέ
1323 3359 1428 3433 γὰρ
1487 3355 1774 3431 ἅνθρωπος
1835 3355 2024 3429 μόνον,

2135 2118 2506 2184 mendamus,
2542 2118 2818 2188 quoniam
2852 2118 2910 2171 in
2946 2135 3063 2172 una
3090 2133 3161 2173 ex
3189 2118 3319 2188 ejus
3367 2120 3632 2188 personis
3682 2137 3792 2175 na-

2135 2210 2330 2262 turam
2361 2213 2626 2262 nostram
2673 2223 2806 2262 vere
2855 2207 3215 2279 penitusque
3263 2207 3588 2278 conjunxit,
3621 2225 3790 2264 revo-

2135 2311 2277 2350 cans
2309 2296 2380 2350 ad
2410 2312 2471 2351 se
2503 2295 2734 2367 sibique
2764 2296 3097 2368 adjungens
3127 2295 3450 2352 humanam
3479 2296 3791 2354 imbecilli-

2132 2387 2338 2451 tatem,
2363 2401 2432 2439 ex
2463 2401 2580 2456 qua
2609 2384 2861 2456 simplex
2888 2385 3064 2440 Jesus
3103 2384 3478 2441 ineﬂahiliter
3506 2390 3598 2441 est
3627 2403 3791 2442 com-

2135 2473 2388 2545 positus,
2419 2479 2480 2528 et
2507 2473 2607 2544 qui
2639 2473 3037 2545 sempiternus
3080 2479 3191 2542 est,
3225 2476 3508 2546 temporis
3557 2491 3791 2532 assum-

2135 2562 2257 2633 psit
2303 2562 2756 2632 incrementum,
2789 2569 2965 2635 atque
3013 2562 3171 2619 intra
3221 2569 3494 2620 naturam
3528 2570 3790 2621 nostram

2135 2650 2326 2706 factus
2355 2655 2464 2717 est,
2501 2650 2602 2722 qui
2635 2666 2870 2706 omnem
2902 2651 3222 2720 cujuslibet
3253 2653 3481 2709 ordinis
3513 2659 3788 2710 naturam

2136 2739 2318 2810 (quod
2352 2739 2677 2795 humanum
2707 2755 2930 2795 morem
2963 2741 3430 2813 supergreditur)
3472 2742 3788 2813 antecellit,

2137 2826 2301 2882 nulla
2345 2831 2541 2882 tamen
2590 2829 2834 2900 propria)
2883 2835 3107 2885 natura:
3146 2831 3473 2885 mutatione
3507 2831 3658 2886 facta
3689 2834 3793 2887 aut

2137 2914 2501 2972 confusione.
2527 2937 2556 2964 »
2587 2917 2801 2972 Afﬁnis
2831 2927 3108 2988 praeterea
3155 2922 3292 2973 sunt
3342 2919 3524 2989 hisce,
3558 2935 3690 2990 quze
3720 2921 3792 2975 de

2138 3004 2368 3060 Domini
2396 3006 2466 3059 ad
2498 3004 2768 3061 homines
2816 3006 3102 3061 descensu
3152 3007 3224 3062 ad
3268 3006 3478 3062 Gaium
3529 3006 3737 3063 scribit
3773 3024 3787 3064 :

2142 3114 2170 3144 ‹‹
2190 3095 2316 3158 Qua
2338 3093 2560 3149 ratione
2581 3093 2826 3165 (inquis)
2846 3096 3036 3164 Jesus,
3057 3095 3155 3167 qui
3181 3097 3380 3152 omnia
3399 3097 3786 3166 transcendit,

2138 3182 2418 3238 omnibus
2450 3182 2792 3239 hominibus
2837 3188 3058 3239 natura
3106 3184 3523 3241 communione
3553 3185 3793 3258 copula-

2139 3272 2286 3326 tur?
2318 3272 2441 3327 Non
2492 3271 2651 3326 enim
2686 3277 2752 3327 ut
2780 3277 2982 3328 auctor
3031 3273 3342 3329 hominum
3395 3275 3500 3330 hoc
3551 3275 3611 3329 in
3662 3274 3789 3331 loco

2137 3360 2314 3417 homo
2345 3361 2581 3429 dicitur,
2617 3362 2716 3417 sed
2753 3363 2905 3432 quod
2936 3366 3057 3418 tota
3088 3363 3216 3434 ipse
3245 3363 3580 3418 substantia
3610 3364 3786 3420 homo

367 3429 490 3509 οῦδὲ
568 3429 890 3525 ὑπεροόσιός
951 3429 1249 3520 ’ἄνθρωπος
1322 3429 1508 3519 μόνον,
1569 3445 1694 3502 ἀλλ’
1737 3445 2018 3520 ἄνθρωπος

2137 3465 2266 3505 vere
2297 3450 2558 3506 exsistat.
2595 3451 2710 3507 Nos
2740 3467 2874 3506 vero
2905 3451 3103 3507 Jesum
3155 3468 3271 3507 non
3323 3451 3582 3507 humano
3633 3469 3793 3509 more

356 3541 580 3613 άληθῶς
631 3541 659 3596 ό
727 3538 1094 3617 διαφερόντως
1145 3535 1553 3615 φιλάνθρωπος,
1612 3536 1742 3610 ὑπὲρ
1810 3536 2017 3610 ἀνθρώ-

358 3651 515 3702 πους,
568 3629 660 3684 καὶ
715 3628 852 3684 κατὰ
908 3627 1225 3702 ἀνθρώπους
1282 3623 1341 3679 lx
1389 3631 1491 3692 τῆς
1546 3625 1845 3699 ἀνθρώπων
1922 3623 2016 3678 οὐ·

359 3721 502 3790 σίας,
536 3721 564 3774 ὁ
627 3716 950 3793 ὑπερούσιος
1005 3713 1364 3788 οὐσιωμὲνος.
1396 3715 1548 3770 ’Ἐστι
1611 3711 1668 3768 δὲ
1725 3710 1876 3768 οὐδὲν
1926 3716 2019 3783 ἧτ-

353 3831 447 3866 τον
499 3806 956 3884 ὑπερουσιότητος
1018 3803 1400 3879 ὑπερπλήρης,
1433 3804 1462 3858 ὁ
1527 3803 1609 3858 ἀεί
1670 3803 2016 3878 ὑπεροῦσιος,

357 3899 554 3971 ἀμέλει
612 3900 680 3972 τῇ
737 3895 941 3965 ταύτης
990 3892 1294 3968 περιουσίᾳ,
1327 3893 1418 3946 καὶ
1471 3891 1546 3955 εἷς
1579 3891 1758 3946 οὐσίαν
1791 3890 2018 3960 ἀληθῶς

362 3986 537 4042 ἐλθὼν
597 3985 728 4060 ὑπὲρ
787 3983 971 4039 οὐσίαν
1027 3981 1294 4052 οὐσιώθη,
1347 3982 1434 4036 καὶ
1516 3982 1651 4056 ὑπὲρ
1729 3979 2014 4056 ἄνθρωπον

361 4078 577 4151 ἐνήργει
630 4074 696 4128 τὰ
750 4073 1040 4148 ἀνθρώπου
1073 4091 1086 4103 θ
1150 4070 1236 4125 καὶ
1295 4067 1463 4140 δηλοῖ
1510 4067 1795 4144 παρθένος,
1859 4071 2018 4145 ὑπερ-

358 4169 508 4243 φυῶς
535 4162 758 4229 κύουσα,
785 4161 876 4216 καὶ
926 4156 1072 4233 ὕδωρ
1120 4155 1343 4213 ἄστατον
1399 4155 1602 4212 ὑλικῶν
1649 4158 1738 4212 καὶ
1799 4161 2015 4234 γεηρῶν

357 4254 542 4312 ποδῶν
597 4253 794 4329 ἆνὲχον
850 4252 1036 4328 βάρος,
1067 4249 1158 4304 καὶ
1195 4251 1269 4323 μὴ
1303 4249 1546 4320 ὑπεῖκον,
1575 4248 1702 4305 ἀλλ’
1756 4249 2017 4327 ὑπερφυεῖ

359 4343 585 4418 δυνάμει
615 4344 752 4420 πρὸς
798 4343 860 4396 τὸ
921 4338 1218 4414 ἀδιάχυτον
1247 4345 1659 4411 συνιστάμενον.
1687 4337 1757 4396 Τί
1817 4337 1878 4394 ἄν
1930 4360 2016 4402 τις

352 4435 424 4488 τὰ
475 4432 647 4489 λοιπὰ
700 4429 1009 4503 πάμπολλα
1065 4423 1195 4482 ὄντα
1242 4424 1474 4494 διέλθοι,
1521 4426 1590 4482 δι’
1648 4429 1720 4482 ὧν
1771 4429 1799 4483 6
1855 4428 2017 4492 θείως

359 4525 502 4599 ὁρῶν
544 4521 675 4593 ὑπὲρ
720 4525 843 4575 νοῦν
895 4517 1294 4593 γνώσεται,καὶ
1354 4518 1423 4572 τὰ
1473 4517 1560 4572 ἐπὶ
1603 4522 1673 4591 τῇ
1705 4517 2015 4595 φιλανθρω-

355 4611 457 4684 πίᾳ
499 4609 596 4667 τοῦ
645 4611 826 4680 Ἰησοῦ
886 4605 1338 4682 καταφασκόμενα
1397 4604 1624 4680 δύναμιν
1673 4608 2016 4683 ὑπεροχικῆς

358 4699 680 4769 ἀποφάσεως
732 4693 972 4772 ἔχοντας
1028 4696 1130 4752 Καὶ
1202 4692 1294 4750 ’ίνα
1369 4695 1681 4758 συνελόντες
1752 4695 2015 4770 εἷ’πωμεν,

2129 3540 2483 3595 deﬁnimus:
2517 3556 2706 3610 neque
2727 3540 2883 3595 enim
2919 3541 3091 3596 homo
3122 3545 3354 3596 tantum
3387 3541 3790 3597 substantiam

2129 3628 2432 3685 excedens.
2468 3630 2578 3684 Sed
2620 3645 2754 3684 vere
2803 3629 2980 3685 homo
3027 3635 3120 3686 est
3168 3630 3286 3700 (ille
3333 3631 3433 3702 qui
3483 3647 3682 3687 amore
3731 3632 3788 3686 in

2129 3716 2398 3772 homines
2428 3715 2678 3788 excellit)
2707 3732 2889 3788 supra
2920 3715 3214 3784 homines,
3237 3733 3303 3772 ac
3324 3719 3495 3788 juxta
3518 3717 3791 3773 homines

2131 3822 2199 3861 ex
2228 3805 2539 3861 hominum
2572 3805 2930 3873 substantia,
2965 3805 3068 3877 qui
3121 3805 3520 3862 substantiam
3555 3822 3792 3862 omnem

2129 3894 2446 3966 egreditur,
2481 3894 2802 3949 humanam
2834 3909 3068 3949 carnem
3101 3895 3447 3966 assumpsit.
3483 3894 3658 3950 Porro
3700 3894 3793 3950 ni-

2129 3983 2249 4039 hilo
2282 3988 2556 4056 proptera
2588 3983 2788 4038 minus
2819 3986 2908 4038 est
2938 3983 3045 4038 hac
3080 3983 3231 4055 ipsa,
3267 4001 3394 4056 quas
3443 3984 3790 4040 substantia;

2126 4073 2246 4129 vim
2279 4088 2512 4128 omnem
2546 4075 2808 4143 superat,
2831 4075 3065 4141 natura,
3089 4088 3192 4143 per
3212 4088 3390 4143 quam
3425 4073 3636 4144 plenus
3667 4077 3780 4139 est,

2128 4163 2269 4234 quia
2297 4161 2582 4215 nimirum
2611 4160 3008 4215 substantiam
3041 4176 3278 4216 omnem
3310 4160 3654 4232 hujusmodi
3689 4178 3788 4217 na-

2126 4255 2273 4306 turae
2321 4249 2672 4305 celsitudine
2702 4265 2938 4321 semper
2968 4249 3220 4306 excellit.
3255 4249 3520 4320 Cumque
3549 4265 3686 4306 vere
3716 4251 3790 4306 ad

2128 4337 2525 4395 substantiam
2557 4339 2979 4409 descendisset,
3017 4338 3119 4409 qui
3150 4339 3415 4409 qualibet
3453 4339 3792 4395 substantia

2130 4431 2316 4501 major
2353 4430 2503 4486 875
2558 4435 2664 4496 est,
2693 4429 3087 4485 substantiam
3142 4434 3406 4485 nostram
3454 4430 3700 4502 accepit,
3734 4435 3793 4486 et

2129 4537 2312 4591 supra
2345 4519 2666 4588 hominem,
2700 4535 2828 4589 qua:
2868 4518 3130 4572 hominis
3179 4518 3415 4590 pr0pria
3467 4526 3625 4586 sunt,
3659 4535 3788 4574 eve-

2127 4608 2608 4680 xit.Id,Virgo,ad
2620 4606 2870 4662 mirabili
2887 4607 3142 4662 novitate
3155 4607 3411 4679 pariens,
3431 4607 3792 4679 manifestat,

2128 4703 2184 4754 et
2206 4696 2862 4770 aquainstahilis,dum
2895 4695 3293 4752 materialium
3325 4713 3391 4752 ac
3427 4702 3794 4754 terrenarum

359 4786 486 4845 οὐδὲ
516 4785 799 4864 ἅνθρωπος
831 4786 897 4855 ἦν
929 4805 942 4818 ·
977 4785 1086 4860 οὐχ
1115 4784 1189 4846 ὡς
1235 4785 1310 4859 μή
1359 4783 1664 4860 ἅνθρωπος,
1698 4787 1772 4850 ὡς
1829 4785 1880 4857 ἐξ
1932 4785 2018 4842 ἀν.

2132 4788 2345 4860 pedum
2379 4786 2632 4842 sustinet
2669 4787 2926 4858 pondus,
2956 4801 3063 4840 nec
3093 4784 3266 4857 cedit,
3297 4787 3398 4841 sed
3443 4786 3799 4843 admiranda

365 4878 598 4952 θρὼπων
656 4876 922 4944 ἰπέκεινα,
949 4875 1037 4930 καὶ
1098 4876 1230 4951 ὑπὲρ
1284 4872 1569 4950 ἄνθρωπον
1615 4873 1900 4947 ἄνθρωπος
1929 4899 2017 4954 γε-

355 4967 553 5044 γονὼς,
585 4966 675 5022 καὶ
704 4965 767 5020 τὸ
799 4964 992 5020 λοιπὸν
1029 4963 1090 5019 o6
1122 4965 1259 5018 κατᾶ
1311 4965 1440 5020 Θεὸν
1495 4965 1562 5019 τὰ
1617 4967 1734 5020 θεῖα
1788 4963 2014 5040 δράσας,

359 5058 420 5113 o6
450 5057 516 5112 τὰ
574 5053 883 5131 ἀνθρώπεια
937 5054 1074 5109 κατὰ
1129 5055 1434 5129 ἄνθρωπον,
1465 5053 1592 5110 ἀλλ’
1644 5053 2013 5130 ἀνδρωθέντος

356 5149 490 5200 Θεοῦ
545 5145 738 5214 καινήν
793 5163 913 5198 τινα
981 5143 1071 5197 καὶ
1148 5139 1468 5218 θεανδρικὴν
1548 5141 1812 5218 ἐνέργειαν
1874 5145 2011 5216 ἡμῖν

358 5232 841 5306 πεπολιτευμένος.
875 5255 904 5285 »

2135 4877 2398 4950 potentia
2429 4875 2618 4931 instar
2666 4875 2866 4932 solidae
2919 4874 3173 4930 materiae
3224 4874 3518 4930 subsistit.
3553 4877 3626 4930 At
3654 4874 3793 4931 reli-

2131 4984 2267 5040 qua,
2317 4983 2446 5038 quae
2495 4982 2638 5021 sane
2690 4963 2978 5034 permulta
3028 4967 3187 5033 sunt,
3238 4963 3374 5035 quis
3432 4965 3792 5020 recensendo

2128 5057 2472 5130 percurrat?
2501 5055 2720 5126 quibus
2752 5054 2852 5126 qui
2884 5057 3153 5108 accurate
3182 5058 3240 5108 et
3269 5054 3428 5109 ultra
3457 5053 3787 5109 humanum

2128 5147 2368 5202 modum
2401 5143 2737 5216 Speculatus
2764 5143 2955 5211 fuerit,
2979 5160 3047 5198 ea
3072 5159 3306 5214 quoque
3335 5160 3461 5214 qua;
3493 5143 3549 5199 in
3583 5144 3788 5202 huma.

2127 5233 2308 5290 nitate
2338 5233 2474 5288 Jesu
2509 5233 2830 5297 afﬁrmant,
2863 5229 3133 5303 protinus
3180 5236 3460 5303 agnoscet
3493 5232 3606 5288 vim
3643 5249 3792 5304 pra-

351 5325 733 5380 stantissimaa
767 5319 1095 5393 negationis
1125 5320 1365 5390 habere,
1394 5326 1452 5377 et
1504 5325 1570 5376 ut
1617 5321 1871 5397 breviter
1921 5323 2215 5386 dicamus,
2250 5337 2440 5394 neque
2485 5321 2660 5374 homo
2711 5325 2856 5387 erat,
2891 5337 3005 5375 non
3058 5326 3342 5390 tanquam
3398 5321 3794 5376 humanitatis

348 5430 578 5486 expers,
611 5412 713 5468 sed
747 5417 1026 5482 tanquam
1058 5425 1126 5464 ex
1157 5409 1500 5466 hominibus
1531 5417 1719 5476 ortus,
1755 5411 2023 5468 homines
2057 5410 2395 5480 excellebat,
2431 5410 2601 5465 homo
2629 5425 2808 5480 super
2838 5408 3109 5464 homines
3143 5410 3354 5464 factus.
3389 5415 3470 5465 Ac
3512 5410 3792 5482 deinceps

348 5519 541 5574 neque
571 5500 772 5556 divina
804 5503 868 5554 ut
900 5497 1076 5564 Deus,
1105 5514 1296 5569 neque
1327 5499 1590 5556 humana
1621 5517 1828 5556 rursus
1880 5506 1942 5556 ut
1991 5502 2167 5558 homo
2199 5500 2443 5566 faciens,
2477 5499 2577 5554 sed
2629 5498 2783 5554 Deus
2834 5498 3008 5554 homo
3061 5498 3275 5567 factus,
3308 5515 3519 5554 novam
3575 5515 3793 5571 quam-

353 5592 493 5648 dam
526 5603 944 5660 summamque
973 5586 1184 5659 agendi
1216 5592 1562 5658 poteslatem
1595 5589 1766 5645 nobis
1792 5589 2144 5662 impertivit.
2178 5612 2207 5640 »

427 5695 534 5751 Κάν
565 5695 634 5770 τῇ
665 5700 766 5765 τῆς
819 5687 1314 5762 Ἐκκλησιαοτικῆς
1360 5691 1644 5769 ἱεραρχίας
1694 5690 1948 5750 διδασκα-

2208 5698 2268 5752 In
2305 5697 2554 5752 tractatu
2597 5709 2728 5750 vero
2778 5693 2858 5750 De
2907 5709 3074 5750 sacro
3127 5692 3402 5750 Ecclesia:
3455 5691 3790 5766 principatu
