4106 6398
319 374 431 430 643

1558 373 1620 425 S.
1660 369 1975 424 DIONYSII
2014 365 2515 424 AREOPAGITE.

3649 369 3760 425 644

319 497 784 572 speculationem
833 496 906 550 de
954 494 1151 549 divina
1202 495 1485 565 unguenti
1538 492 1982 550 consecratione

2095 487 2190 561 λίᾳ
2233 489 2331 558 τὴν
2378 489 2504 562 περὶ
2561 493 2662 557 τῆς
2709 485 2854 550 θείας
2888 490 2983 542 τοῦ
3033 485 3207 561 μύρου
3229 486 3458 558 τελετῆς
3489 489 3762 546 ἀναπτύσ-

319 589 639 660 explicans,
660 586 768 639 ait:
795 607 822 634 ‹‹
847 584 972 639 Non
991 584 1173 655 igitur
1191 583 1630 638 sacratissimus
1649 582 1980 639 divinarum

318 675 797 734 substantiarnm
832 673 974 727 ordo
1007 672 1318 744 ignoravit,
1351 672 1555 727 Jesum
1592 678 1768 727 Deum
1804 670 1984 725 maxi-

327 783 491 822 mum
517 781 546 820 e
576 763 738 819 ccelis
773 767 836 818 ut
861 763 1329 818 sanctiﬁcaretur
1361 760 1757 827 descendisse,
1783 775 1981 814 verum

320 856 391 910 ad
425 855 747 908 humanam
785 857 1055 906 naturam
1091 866 1220 904 sese
1241 850 1313 902 ob
1338 849 1596 903 divinam
1624 865 1689 903 ac
1712 847 1983 902 ineffabi-

318 944 434 999 lem
468 945 598 1014 ejus
631 941 1054 1012 benignitatem
1089 942 1291 993 sancte
1322 938 1626 1008 dejecisse,
1663 937 1860 1005 ipsum
1894 936 1982 990 in-

319 1033 552 1105 telligit,
588 1037 645 1086 et
692 1048 724 1086 a
774 1031 960 1094 Patre,
997 1043 1176 1098 seque
1225 1027 1373 1096 ipso,
1410 1043 1443 1081 a
1475 1032 1678 1081 sancto
1733 1025 1979 1097 Spiritu,

319 1125 580 1178 humano
614 1135 773 1174 more
807 1116 1240 1172 sanctificatum
1274 1115 1854 1188 cernens,proprium
1883 1131 1980 1168 no-

321 1213 404 1266 vit
433 1209 786 1282 principium
811 1206 869 1260 in
895 1205 986 1260 his
1007 1223 1131 1276 quae
1155 1221 1392 1259 summa
1416 1210 1702 1277 potestate
1726 1219 1827 1276 per
1850 1202 1982 1257 sub-

325 1299 628 1364 stantiam,
655 1314 779 1368 quae
813 1295 972 1350 nullo
1006 1299 1174 1365 pacto
1206 1295 1512 1350 immutari
1546 1298 1757 1365 potesn,
1780 1292 1978 1347 efficit.

323 1394 512 1457 Quare
544 1402 843 1442 sacrorum
879 1384 1182 1456 signorum
1215 1385 1452 1439 traditio
1475 1389 1675 1439 sancto
1699 1400 1763 1438 ac
1784 1382 1980 1437 divino

321 1477 670 1548 seraphinos
701 1477 1047 1530 circumstat
1069 1485 1394 1544 unguento,
1421 1475 1561 1529 dum
1588 1473 1885 1529 Christum
1920 1473 1979 1527 in

318 1574 521 1623 nostra
580 1565 947 1622 humanitate
975 1580 1107 1618 vere
1141 1564 1497 1635 penitusque
1547 1561 1979 1617 immutabilem

317 1657 603 1729 agnoscit,
625 1660 800 1726 atque
825 1653 1126 1709 describit.
1148 1676 1174 1702 »
1196 1656 1241 1708 Ο
1269 1652 1642 1708 sanctissima
1664 1651 1820 1708 labia
1843 1651 1982 1706 talia

317 1745 657 1817 prolocuta!
697 1749 882 1810 Quam
933 1758 1067 1797 vere
1113 1744 1171 1798 in
1223 1742 1372 1814 ipsis
1421 1741 1609 1796 elfusa
1655 1747 1745 1797 est
1791 1740 1980 1812 gratia

318 1837 607 1890 donorum
637 1833 890 1904 Spiritus
922 1832 1133 1900 sancti,
1167 1848 1196 1887 a
1243 1848 1358 1902 quo
1413 1832 1566 1885 dona
1616 1831 1673 1884 in
1722 1847 1843 1899 eos,
1878 1829 1976 1900 qui

319 1941 453 1980 cum
487 1924 705 1991 animo,
738 1928 865 1976 tum
901 1937 1141 1993 corpore
1193 1921 1386 1975 divine
1434 1920 1769 1991 perpurgati
1819 1925 1979 1990 sunt,

317 2012 792 2086 proficiscuntur,
827 2027 954 2081 quae
990 2010 1251 2080 pontifex
1299 2009 1395 2064 hic
1445 2009 1860 2064 sanctissimus
1892 2013 1982 2063 est

315 2106 686 2157 consecutus.
723 2099 766 2154 Ο
797 2097 1066 2170 linguam
1101 2099 1276 2152 rebus
1328 2097 1546 2153 divinis
1595 2097 1980 2168 explicandis,

317 2190 619 2260 sacrisque
652 2188 982 2260 pandendis
1016 2187 1268 2242 maxime
1302 2188 1719 2255 necessariam,
1743 2203 1871 2258 quae
1895 2203 1982 2241 re-

317 2279 558 2334 condita
591 2280 710 2333 haec
743 2283 797 2332 et
827 2293 1044 2332 arcana
1091 2277 1366 2348 mysteria
1418 2275 1762 2346 planissima
1814 2275 1983 2332 nobis

328 2367 544 2423 effecit!
572 2367 716 2420 Vere
748 2367 838 2438 (ut
866 2367 1133 2420 divinum
1168 2366 1341 2420 habet
1373 2364 1696 2436 eloquium)
1721 2365 1986 2419 calamus

332 2457 537 2514 scribae
569 2456 842 2511 velociter
873 2454 1184 2510 scribentis
1225 2453 1517 2526 appellata
1566 2459 1672 2508 est.
1707 2452 1751 2507 Ο
1783 2452 1984 2508 claris-

331 2547 546 2602 simam
577 2548 830 2600 mentem
863 2560 991 2614 quaa
1027 2543 1364 2614 hujusmodi
1415 2542 1822 2614 cogitationes,
1858 2558 1986 2613 quas

330 2635 595 2691 omnium
630 2649 869 2688 sensum
905 2641 1080 2704 atque
1110 2649 1439 2687 sermonem
1463 2631 1985 2698 antecellunt,edo-

330 2729 422 2779 cta
470 2729 558 2778 est
605 2727 662 2777 et
707 2721 992 2777 divinitus
1041 2721 1367 2777 illustratal
1421 2723 1560 2786 Quae
1610 2721 1766 2776 enim
1819 2737 1988 2776 mens

329 2811 669 2869 acutissime
699 2819 754 2865 et
785 2811 983 2866 divine
1017 2811 1402 2882 perspiciens,
1441 2827 1555 2865 non
1602 2827 1836 2865 omnem
1873 2809 1988 2863 hae-

327 2902 643 2958 reticorum
676 2900 1134 2955 infensissimam
1168 2905 1505 2956 contemnet
1534 2899 1742 2964 aciem,
1772 2900 1829 2952 in
1858 2899 1990 2953 bre-

327 2991 590 3047 vissimis
621 2991 958 3046 divinorum
986 2995 1194 3044 horum
1216 2989 1528 3044 verborum
1552 2989 1841 3059 praesidiis
1865 3004 1992 3047 Dro-

331 3087 574 3136 stralam
608 3089 781 3150 atque
800 3085 1214 3150 consumptam
1235 3084 1516 3149 tanquam
1550 3077 1990 3132 multitudinem

329 3169 482 3225 inter
512 3168 965 3224 molestissimas
1015 3170 1302 3238 quasdam
1349 3167 1785 3222 vulneratorum
1821 3182 1991 3222 voces

2092 600 2198 633 σων
2232 580 2485 654 θεωρίαν,
2520 576 2650 654 ἐρεῖ·
2689 600 2718 629 ‹‹
2749 576 2960 634 Ούκοῦν
2994 579 3029 646 ἡ
3062 577 3312 649 θειοτάτη
3362 582 3472 632 τῶν
3527 579 3760 655 ὑπερου-

2093 669 2292 744 ρανίων
2353 667 2549 722 οὐσιῶν
2605 667 2754 737 τάξις
2808 666 2906 721 οὐκ
2937 665 3184 741 ἠγνόηκε
3233 667 3325 722 τόν
3388 670 3764 744 θεαρχικώτα-

2087 779 2178 813 τον
2239 759 2455 828 ’[ησοῦν
2517 757 2591 818 είς
2647 757 2710 812 τὸ
2762 759 3070 831 ἀγιάζεσθαι
3135 755 3575 827 κατεληλυθότα.
3633 765 3764 816 Νοεῖ

2092 845 2148 902 δὲ
2182 848 2342 902 αὐτὸν
2371 848 2533 919 ἱερῶς
2568 848 2620 901 ἐν
2653 851 2769 908 τοῖς
2829 847 2949 910 καθ’
2980 849 3129 919 ἡμΞς
3177 847 3366 902 ἑαυτὸν
3415 848 3620 925 ὑφέντα
3674 847 3765 905 δια

2092 935 2236 990 θείαν
2287 937 2376 991 καὶ
2421 934 2658 1011 ἄῤῥητον
2697 934 3028 1011 ἀγαθότητα,
3062 935 3151 990 καὶ
3210 936 3348 1011 πρὸς
3392 942 3491 991 τοῦ
3551 939 3766 1015 Πατρὸς

2093 1026 2285 1080 ἑαυτοῦ
2335 1045 2393 1079 τε
2437 1026 2522 1079 καὶ
2573 1029 2676 1078 τοῦ
2724 1024 3038 1096 Πνεύματος
3095 1025 3583 1100 ἀνθρωποπρεπῶς
3612 1029 3761 1102 ἁγια-

2095 1113 2319 1187 ζόμενον
2376 1116 2581 1187 ὁρῶσα,
2615 1115 2714 1183 την
2764 1113 2966 1167 οἷκείαν
3020 1111 3158 1168 οἶδεν
3211 1115 3415 1189 ἀρχὴν,
3448 1113 3501 1170 ἐν
3561 1119 3644 1179 οἷς
3702 1118 3760 1172 ἃν

2093 1207 2400 1278 θεαρχικῶς
2465 1201 2566 1277 δρᾷ
2615 1203 2674 1257 τὸ
2724 1204 2840 1256 κατ’
2888 1201 3067 1256 οὐσίαν
3112 1200 3488 1258 ἀναλλοίωτον
3535 1199 3756 1281 ἔχουσα.

2089 1294 2242 1346 Ὅθεν
2276 1295 2309 1361 ἡ
2343 1297 2452 1346 τῶν
2485 1293 2646 1365 ἱερῶν
2698 1287 2993 1364 συμϐόλων
3056 1289 3356 1366 παράδοσις
3415 1296 3757 1370 ἁγιαζομὲνῳ

2089 1383 2168 1453 τῷ
2227 1383 2359 1453 θείῳ
2412 1379 2569 1454 μύρῳ
2616 1379 2745 1442 τοὺς
2801 1381 3038 1458 σεραφὶμ
3094 1379 3462 1454 περιίστησιδ,
3510 1383 3758 1458 ἀπαράλ-

2093 1469 2290 1526 λακτον
2347 1467 2520 1524 εἰδυῖα
2567 1470 2654 1523 καὶ
2709 1467 3078 1545 διαγράφουσα
3130 1470 3224 1524 τὸν
3284 1473 3512 1544 Χριστὸν
3571 1473 3622 1526 ὲν
3682 1477 3751 1546 τῇ

2090 1561 2206 1614 καθ’
2238 1562 2386 1632 ἡμᾶς
2451 1557 2616 1632 ὑλικῇ
2679 1559 2814 1634 πρὸς
2865 1557 3124 1629 ἀλήθειαν
3176 1558 3595 1634 ἑνανθρωπήσει.
3630 1585 3656 1610 n
3688 1567 3752 1614 Ὠ

2089 1653 2198 1703 τῶν
2283 1649 2714 1722 μακαριωτάτων
2789 1645 3024 1722 χειλέων
3087 1652 3196 1702 τῶν
3255 1653 3418 1702 ταῦτα
3458 1649 3760 1727 φθεγξαμέ-

2092 1738 2236 1792 νωνί
2273 1738 2347 1800 ὡς
2378 1736 2602 1805 ἀληθῶς
2635 1736 2685 1790 ἐν
2720 1737 2906 1798 αὐτοῖς
2937 1757 3033 1790 του
3087 1734 3450 1812 Ιίαρακλῆτου
3496 1741 3603 1790 τῶν
3649 1756 3760 1811 χα-

2096 1828 2396 1903 ρισμάτων,
2430 1825 2547 1880 ὅθεν
2582 1827 2635 1880 αἱ
2688 1823 2889 1898 δωρεαὶ
2942 1830 3061 1887 τοῖς
3114 1823 3359 1888 θειωδῶς
3416 1828 3603 1900 ψυχὴν
3667 1825 3759 1880 καὶ

2091 1921 2252 1988 σῶμα
2282 1915 2734 1987 κεκαθαρμένοις,
2786 1917 2868 1976 οἷς
2913 1913 3198 1990 ἐτύγχανεν
3235 1913 3309 1968 ὢν
3361 1915 3518 1976 οὗτνς
3569 1916 3597 1970 ὁ
3632 1935 3765 1969 παν-

2093 2008 2310 2080 αγιστος
2393 2005 2756 2082 ἱεροφάντωρ,
2809 2006 2842 2072 ἡ
2905 2005 3070 2078 χάρις
3146 2003 3464 2079 ἐκκέχυταιί
3517 2011 3582 2058 ’Ὠ
3657 2011 3760 2072 τῆς

2093 2091 2537 2163 ἐπιτηδειοτάτης
2625 2094 2761 2168 πρὸς
2857 2090 3155 2166 ὑπηρεσίαν
3238 2095 3336 2161 τῆς
3417 2094 3763 2170 θεοφθεγξίας

2092 2181 2466 2261 ἱεροφάντιδος
2495 2181 2773 2257 γλώττης,
2805 2187 2903 2251 τῆς
2943 2179 3127 2236 τοιάδε
3181 2186 3287 2235 τῶν
3338 2181 3765 2259 κρυφιομύστων

2099 2273 2403 2345 μυημάτων
2461 2269 2970 2348 ἐκφαντορικώτατα
3025 2267 3505 2346 διατρανώσάσηςί
3552 2273 3764 2333 ’Όντως

2097 2361 2427 2439 ὀξυγράφου,
2485 2360 2622 2414 κατὰ
2679 2360 2739 2414 τὸ
2793 2359 3007 2434 λόγιον,
3063 2361 3434 2436 γραμματέως
3511 2359 3765 2434 ἐχρημά-

2094 2471 2208 2504 τισε
2237 2447 2512 2522 κάλαμος,
2548 2451 2612 2503 Ὢ
2642 2455 2741 2518 τῆς
2772 2449 3078 2526 φανοτάτης
3129 2449 3323 2526 φρενὸς
3374 2455 3475 2518 τῆς
3532 2453 3756 2503 τοιαῦτα

2093 2539 2184 2593 τὸν
2241 2539 2370 2612 ὑπὲρ
2422 2538 2590 2592 πάντα
2629 2542 2750 2592 νοῦν
2805 2537 2892 2591 xui
2940 2535 3103 2611 λόγον
3164 2535 3577 2614 ἐλλαμφθείσης
3626 2539 3757 2606 νοη-

2100 2629 2270 2701 ματαῙ
2303 2626 2402 2689 Τίς
2452 2627 2555 2702 γάρ
2601 2624 2746 2694 νοῦς,
2785 2623 3215 2701 ὁξυδερκέστατα
3261 2627 3349 2680 καὶ
3399 2625 3555 2687 θείως
3598 2628 3766 2701 ὁρῶν,

2098 2719 2206 2794 ούχ
2257 2716 2435 2789 ὥσπερ
2495 2715 2546 2772 ἔν
2600 2739 2738 2772 τισιν
2818 2715 3257 2793 ἀργαλεωτάταις
3329 2723 3535 2794 φωναῖς
3606 2737 3765 2792 τραυ-

2104 2811 2310 2879 ματιῶν
2378 2804 2594 2874 πλῆθος
2667 2803 2854 2876 α’ίματι
2939 2805 3028 2858 καὶ
3104 2804 3318 2878 κονίῃσι
3393 2804 3766 2881 πεφυρμένον,

2103 2899 2238 2952 ἅπαν
2288 2897 2349 2950 τὸ
2405 2901 2514 2950 τῶν
2574 2897 2907 2971 αἱρεσιωτῶν
2974 2891 3397 2967 δυσμενέστατον
3458 2899 3646 2973 στῖφος
3709 2893 3765 2950 ἐν

2099 2990 2216 3046 ταῖς
2271 2985 2638 3060 βραχυτάταις
2686 2989 2796 3038 τῶν
2848 2983 3192 3061 θεοφράστων
3237 2983 3496 3059 ῥημάτων
3550 2982 3759 3039 τούτων

2099 3080 2390 3149 περιοχαῖς
2439 3073 2805 3150 κατερηριπός
2841 3094 2898 3126 τε
2945 3073 3034 3127 καὶ
3094 3071 3369 3135 διολωλὸς
3417 3072 3760 3148 κατόψεταις

2100 3168 2275 3218 Ταῦτα
2327 3163 2422 3236 μὲν
2478 3160 2544 3232 δὴ
2603 3163 2690 3216 καὶ
2721 3160 2845 3216 λίαν
2880 3162 3044 3237 ὀλίγα
3091 3166 3196 3216 τῶν
3257 3162 3608 3236 ὡραιοτάτων
3665 3161 3759 3216 αύ-

328 3258 616 3330 sanguine
663 3257 1016 3328 pulvereque
1049 3257 1366 3312 fmdatam‘?
1405 3258 1561 3312 870
1603 3261 1728 3310 Haec
1759 3271 1899 3310 sane
1929 3260 1984 3310 et

2094 3257 2190 3306 τοῦ
2245 3249 2595 3326 δογματικῶν
2651 3253 2786 3322 ἡμῖν
2861 3252 3186 3321 ἀπήνθισται
3261 3249 3570 3324 λειμώνων,
3626 3251 3751 3307 ὅσον

326 3347 564 3416 quidem
599 3346 911 3400 admodum
943 3345 1152 3416 exigua
1181 3343 1239 3398 in
1273 3344 1436 3398 illius
1460 3343 1878 3415 pulcherrimis
1902 3343 1987 3397 di-

324 3435 470 3489 vina:
520 3433 798 3490 doctrinae
849 3433 1058 3498 hortis,
1083 3432 1253 3504 quasi
1288 3433 1482 3501 ﬂores,
1509 3449 1543 3487 a
1574 3433 1741 3488 nobis
1787 3449 1985 3487 excer-

325 3529 427 3596 pta
447 3527 607 3590 sunt,
633 3526 699 3577 ut
720 3522 1126 3577 excellentiam
1151 3521 1573 3576 cualestissimaa
1598 3521 1785 3592 ipsius
1817 3521 1984 3575 theo-

324 3611 516 3682 logiae,
549 3618 601 3666 et
632 3609 1127 3681 incomparabilis,
1161 3625 1226 3664 ac
1255 3609 1598 3664 clarissima
1649 3610 1860 3664 divinas
1910 3608 1985 3662 il-

325 3699 443 3753 lius
491 3698 838 3753 assertionis
869 3699 940 3752 de
966 3715 1100 3753 vera
1147 3705 1205 3752 et
1249 3697 1828 3768 incomprehensibili
1873 3698 1987 3753 fide

326 3787 653 3841 laudarem.
692 3788 872 3842 Porro
903 3785 1255 3857 sapientiam
1287 3791 1464 3856 atque
1505 3785 1834 3852 scientiam,
1871 3802 1986 3855 qua

327 3893 459 3931 cum
491 3875 547 3928 in
581 3875 990 3946 gubernando,
1023 3879 1145 3927 tum
1195 3873 1252 3927 in
1307 3875 1600 3944 pascendo
1652 3889 1823 3944 grege
1871 3874 1984 3928 sibi

325 3963 661 4019 concredito
693 3980 838 4018 usus
871 3967 978 4029 est,
1024 3963 1240 4034 quibus
1288 3979 1388 4033 pro
1439 3961 1726 4034 dignitate
1776 3980 1986 4017 ornare

326 4052 600 4108 laudibus
635 4052 908 4122 possem?
939 4069 1008 4107 ex
1039 4069 1154 4122 quo
1186 4052 1340 4106 enim
1397 4052 1576 4123 puppi
1627 4053 1986 4124 gubernator

325 4142 560 4210 insedit,
596 4142 965 4212 apprehenso
997 4147 1234 4196 temone
1266 4141 1528 4211 undique
1553 4150 1859 4196 ventorum
1892 4143 1983 4196 in-

326 4247 537 4285 cursus
595 4231 905 4301 vigilanter
963 4230 1256 4300 explorat,
1317 4228 1721 4301 procellasque
1781 4231 1981 4301 procul

325 4320 564 4392 quidem
596 4336 661 4373 ac
693 4337 846 4390 saepe
869 4320 1047 4374 etiam
1074 4319 1336 4389 proxime
1360 4319 1652 4373 irruentes
1679 4326 1982 4390 praecavet.

326 4413 708 4478 vectoresque
741 4414 898 4462 tutos
932 4409 1142 4475 reddit,
1172 4408 1430 4463 turbinis
1482 4408 1848 4464 incursiones
1880 4427 1983 4464 an-

325 4498 579 4563 tevertit,
615 4497 964 4553 rudentibus
1009 4497 1135 4553 vela
1180 4497 1477 4564 subducit,
1507 4501 1681 4567 atque
1715 4499 1981 4554 remittit.

2093 3339 2445 3396 καλλωπίσαι
2502 3341 2604 3409 τὴν
2659 3338 2929 3418 εὐφημίαν
2989 3343 3087 3405 τῆς
3147 3339 3502 3414 ὑψηλοτάτης
3584 3341 3756 3395 αὐτοῦ

2095 3429 2400 3504 θεολογίας,
2460 3428 2552 3483 xui
2609 3435 2708 3497 τῆς
2763 3423 3159 3504 ἀπαραϐλήτου
3211 3428 3301 3482 xui
3373 3425 3764 3502 διαυγεστάτης

2096 3517 2412 3592 ὀρθοδοξίας
2460 3524 2558 3587 τῆς
2620 3517 2864 3585 ἀληθοῦς
2909 3516 2999 3572 καὶ
3059 3516 3312 3588 ἀλήπτου
3368 3517 3620 3580 πίστεως.
3680 3521 3759 3591 Τῇ

2097 3606 2154 3662 δέ
2195 3629 2254 3683 γε
2296 3602 2664 3682 κυϐερνητικῇ
2713 3607 2874 3683 σοφίᾳ
2921 3605 3012 3660 καὶ
3070 3611 3406 3680 ποιμαντικῇ
3453 3605 3758 3680 ἐπιστήμῃ,

2099 3698 2216 3769 μεθ’
2248 3697 2316 3765 ἧς
2360 3698 2423 3750 τὸ
2479 3695 2830 3768 ἐμπιστευθὶν
2883 3693 3058 3750 διεῖπε
3115 3695 3398 3769 ποίμνιον,
3447 3695 3635 3757 ποίους
3694 3693 3760 3750 ἂν

2097 3786 2346 3856 ἐπαξίοιυς
2429 3785 2732 3862 ἐφαρμόσαι
2808 3785 3038 3859 κρότους
3128 3784 3469 3860 ἷ’σχύσαιμι;
3517 3786 3592 3848 ὡς
3649 3785 3756 3860 γὰρ

2094 3872 2432 3952 κυϐερνήτης
2507 3876 2610 3944 τῆς
2695 3874 2952 3949 πρύμνης
3014 3874 3438 3947 ἐπικαθήμενος,
3497 3877 3585 3930 xui
3641 3880 3756 3930 τῶν

2095 3964 2294 4020 οῗάκων
2343 3963 2757 4037 ἐπειλημμένος
2808 3963 3126 4040 ἐγρηγόρως
3181 3963 3439 4020 πάντοθεν
3498 3985 3761 4040 περισκο-

2094 4061 2185 4110 πεῖ
2217 4055 2312 4116 τὰς
2363 4059 2470 4109 τῶν
2519 4053 2734 4125 ἀνεμων
2783 4050 3012 4130 ἐφόδους
3048 4072 3060 4085 °
3095 4052 3185 4107 xui
3243 4053 3372 4114 τοὺς
3426 4054 3518 4124 μὲν
3571 4074 3764 4108 καται-

2093 4141 2346 4220 γιδώδεις
2402 4141 2840 4220 προφυλάττεται
2899 4140 3178 4217 πόρῥωθεν
3235 4143 3270 4212 ἢ
3328 4138 3588 4216 σχεδόθεν
3645 4141 3760 4196 idv-

2092 4255 2188 4295 τας
2246 4230 2541 4297 πολλάκις,
2587 4231 2677 4286 xui
2732 4229 2860 4293 τοὺς
2919 4229 3222 4306 πλωτῆρας
3270 4230 3764 4306 προασφαλίζεται,

2093 4326 2183 4376 xui
2232 4323 2331 4390 τήν
2385 4324 2484 4390 τῆς
2556 4319 2765 4390 ἀέλλης
2847 4315 3392 4396 προκαταλαμϐάνων
3454 4318 3765 4392 ἔμπτωσιν,

2094 4411 2355 4486 προχαλᾷ
2439 4415 2556 4472 τοῖς
2631 4410 2921 4482 προτόνοις
3011 4409 3070 4463 τὸ
3150 4409 3320 4464 ἱστίον
3391 4409 3483 4464 καὶ
3545 4407 3761 4487 ὑφίησι.

396 4621 680 4677 Caaterum
715 4622 785 4677 ad
821 4624 1108 4677 secundos
1140 4627 1342 4678 ventos
1391 4619 1627 4689 attollit,
1663 4639 1984 4695 rursusque

2167 4624 2307 4700 Πρὸς
2357 4623 2413 4679 δὲ
2459 4622 2586 4685 τοὺς
2638 4623 2855 4695 ούρίους
2909 4620 3263 4692 διανίσταται,
3317 4622 3406 4678 xui
3465 4625 3526 4678 τὸ
3587 4621 3762 4700 ἄρμε-

326 4710 486 4765 velut
515 4717 843 4782 opportune
872 4712 1164 4782 aperiens,
1191 4711 1382 4764 navim
1419 4709 1580 4765 clavo
1615 4711 1855 4782 subigit,
1889 4730 1987 4767 nu-

322 4799 801 4871 vigationemque
834 4799 1036 4855 carina
1088 4800 1246 4854 unda
1291 4803 1660 4868 personante,
1695 4803 1985 4857 secundo-

327 4905 442 4961 que
494 4888 555 4944 in
608 4888 849 4960 puppim
895 4892 1071 4942 vento
1121 4887 1490 4952 exsufflante,
1520 4888 1688 4944 laetus
1737 4891 1984 4962 perﬁcit.

324 4978 486 5043 Quod
519 4977 567 5032 si
596 4975 810 5031 alicubi
853 4974 1177 5046 procellosa
1217 4981 1539 5046 tempestas
1586 4977 1844 5049 ingruat,
1890 4997 1989 5034 na-

325 5067 446 5121 vim
468 5070 593 5120 arte
615 5064 872 5136 quadam
897 5062 1183 5134 singulari
1208 5065 1565 5134 superiorem
1584 5067 1756 5122 undis
1770 5070 1989 5124 consti-

323 5155 438 5209 tuit
467 5159 523 5209 et
554 5153 909 5208 incolumem
947 5158 1156 5208 servat.
1176 5155 1247 5207 At
1269 5153 1315 5208 si
1341 5156 1575 5224 quando
1598 5157 1749 5211 venti
1783 5158 1987 5212 rcﬂare

325 5243 630 5311 desierint,
666 5241 900 5312 altaque
931 5242 1336 5313 tranquillitas
1371 5244 1705 5300 universam
1745 5248 1986 5302 sedave-

326 5331 400 5385 rit
431 5335 868 5401 tempestatem,
903 5346 1090 5402 neque
1123 5332 1203 5386 ita
1233 5332 1410 5402 quieti
1443 5349 1505 5389 se
1536 5341 1635 5388 aut
1667 5336 1863 5407 sopori
1899 5338 1986 5391 de-

327 5420 437 5486 dit,
461 5419 562 5474 sed
596 5418 923 5490 remigibus
957 5419 1149 5475 navim
1177 5422 1357 5476 remis
1389 5422 1662 5494 subigere
1711 5426 1984 5497 imperat,

327 5509 716 5578 hortaturque
746 5509 985 5565 omnino
1017 5509 1277 5581 vigilare,
1313 5514 1379 5566 ut
1410 5527 1544 5567 cum
1591 5512 1851 5583 pericula
1883 5531 1986 5570 na-

324 5596 586 5669 vigantes
618 5596 948 5668 effugerint,
986 5603 1221 5670 peracta
1251 5597 1624 5670 navigatione
1655 5617 1790 5657 cum
1839 5619 1988 5659 mer-

326 5689 494 5746 cibus
527 5690 760 5758 portum
791 5687 1011 5746 intrare
1059 5688 1307 5745 feliciter
1352 5689 1604 5760 possint.
1638 5691 1763 5748 Non
1814 5709 1985 5750 secus

2095 4735 2182 4769 vov
2246 4713 2398 4777 αὖθις
2451 4712 2766 4781 ἐκπετάσας,
2825 4713 3057 4776 εὐθέτως
3108 4709 3484 4787 πηδαλιουχεῖ
3519 4714 3619 4781 τήν
3664 4713 3766 4768 ὁλ-

2095 4802 2252 4871 κάδα,
2283 4802 2373 4856 καὶ
2431 4802 2521 4856 τὸν
2575 4798 2748 4855 πλοῦν
2809 4799 3186 4875 ἀγαλλόμενος
3236 4798 3462 4868 διανύει,
3517 4806 3614 4856 τοῦ
3671 4802 3766 4857 κύ-

2101 4913 2270 4966 ματος
2299 4894 2703 4967 περιηχοῦντος
2734 4893 2803 4963 τῇ
2829 4887 3074 4965 τρόπιδι,
3107 4889 3196 4944 καὶ
3254 4895 3352 4945 τοῦ
3404 4895 3579 4968 φοροῦ
3627 4893 3769 4946 κατὰ

2095 4981 2349 5058 πρύμνης
2411 4984 2689 5058 φυσῶντος
2741 4978 3069 5052 πνεύματος.
3133 4979 3199 5035 Ei
3259 4977 3316 5034 δὲ
3373 5001 3477 5034 που
3535 4981 3624 5034 xui
3675 5002 3771 5035 xu-

2101 5069 2361 5146 ματώδης
2411 5068 2756 5123 ἐπανίσταται
2810 5065 2974 5139 ζάλη,
3007 5066 3147 5122 ἔστιν
3209 5067 3298 5122 ὅτε
3353 5072 3420 5134 τῇ
3479 5073 3622 5142 σοφῇ
3673 5071 3764 5123 τὲ-

2097 5181 2203 5237 χνῃ
2255 5159 2319 5214 τὸ
2381 5159 2585 5234 σκάφος
2639 5155 2822 5226 τίθησι
2874 5161 2986 5211 τῶν
3038 5156 3296 5228 κυμάτων
3347 5156 3639 5233 ἀνώτερον,
3671 5159 3766 5212 xui

2095 5251 2435 5322 ἀναυάγητον
2469 5245 2722 5315 διασώζει
2758 5265 2769 5276 ·
2804 5247 2896 5300 καὶ
2946 5243 3001 5300 εἷ’
3050 5267 3183 5300 ποτε
3239 5247 3470 5320 νηνεμία
3515 5248 3604 5301 καὶ
3659 5268 3766 5321 γα-

2096 5338 2238 5409 λήνη
2303 5339 2490 5413 βαθεῖα
2548 5335 2806 5390 παντοίαν
2892 5335 3207 5389 κττευνάσοι
3283 5335 3595 5410 τρικυμίαν,
3647 5333 3768 5390 οὐδ’

2096 5429 2268 5489 οὕτως
2352 5427 2551 5500 ἠρεμεῖ
2634 5424 2724 5479 καὶ
2810 5423 3085 5494 καθεύδει,
3147 5421 3296 5479 ἀλλά
3363 5430 3480 5485 τοῖς
3555 5423 3770 5498 ἐρέταις

2097 5515 2438 5592 ἐγκελεύεται
2517 5515 2616 5584 τὴν
2676 5511 2802 5567 ναῦν
2863 5511 3109 5567 ἐλαύνειν
3163 5519 3280 5576 τοῖς
3337 5513 3609 5588 ἐρετμοῖς,
3670 5514 3767 5568 καὶ

2095 5611 2346 5684 παραινεῖ
2402 5606 2590 5682 νήφειν
2668 5600 2757 5658 διὰ
2823 5603 3047 5675 παντὸς,
3105 5601 3199 5657 ἵνα
3273 5602 3404 5664 τοὺς
3477 5600 3762 5667 κινδύνους

2095 5695 2418 5772 διαδράντας
2463 5693 2593 5755 τοὺς
2619 5690 3090 5766 ναυτιλλομένους
3141 5691 3234 5748 σὺν
3293 5697 3409 5754 τοῖς
3451 5693 3766 5771 ἀγωγίμοις
