4106 6376
333 380 442 434 645

1356 388 1552 456 VITA,
1592 384 1932 442 AUCTORE
1970 381 2342 440 MICHAELE
2379 379 2736 440 SYNGELO.

3659 385 3766 440 646

331 498 698 564 εὐπλοοῦντας
747 508 825 576 τῷ
881 503 1065 578 λιμένι
1125 507 1592 581 προσορμίσειεν’
1655 504 1802 562 ἀλλᾶ
1881 505 1989 578 μὴν

2112 503 2282 560 etiam
2341 519 2408 560 ac
2465 503 2770 576 caprarius
2827 503 3042 576 aliquis
3093 505 3247 563 feras
3295 507 3662 580 perniciosas
3711 513 3770 568 et

333 589 572 665 καθάπερ
630 612 713 655 τις
769 592 1004 659 αῗπόΛος
1057 596 1186 658 τοὺς
1243 596 1338 669 μὶν
1401 594 1773 669 λυμαντικοὺς
1825 600 1996 668 θῆρας

333 678 695 756 ἐφορμῶντας
744 681 976 757 αἰχμαῖς
1029 684 1244 758 ἀμύνεις
1280 685 1372 740 καὶ
1426 682 1715 760 σφενδόνῃ,
1749 682 1837 738 καὶ
1895 703 1996 736 κα-

337 767 600 844 λαύροπι,
651 771 740 824 καὶ
805 772 984 845 μέσων
1045 778 1254 829 νυκτῶν
1313 774 1362 828 εἰ
1415 775 1718 848 πειραθεῖεν
1774 769 1996 845 ἐπιδρα-

341 863 484 932 μεῖν,
523 858 773 932 λαμπάσι
828 861 917 916 καὶ
961 863 1133 938 πυρὸς
1185 860 1459 926 ἀκοντίοις
1507 859 1801 917 δεδίττεται
1835 880 1846 892 ⁸
1899 880 1993 914 πε-

338 954 626 1024 ριφρουρεῖ
684 947 741 1004 δὲ
791 951 858 1005 τὰ
912 947 1164 1027 πρόϐατα
1234 951 1410 1021 πάντη
1489 948 1828 1026 περιπολῶν,
1885 953 1993 1004 τῶν

343 1038 438 1110 μὲν
487 1038 838 1114 φθοροποιῶν
886 1042 973 1096 καὶ
1021 1045 1257 1116 νοσερῶν
1308 1040 1531 1115 ἀπάγων
1563 1043 1773 1112 νομῶν,
1805 1038 1893 1093 ἐπὶ
1939 1036 1996 1093 δὶ

337 1127 431 1188 τὰς
477 1127 841 1205 ὀνησιφόρους
883 1132 972 1185 καὶ
1028 1129 1328 1194 καλλίστας
1385 1127 1526 1207 ἄγων
1563 1149 1576 1163 ·
1633 1129 1723 1184 καὶ
1781 1130 1843 1185 τὸ
1900 1129 1994 1202 μὶν

339 1217 508 1279 ἑστὼς
538 1219 627 1271 καὶ
667 1219 832 1296 ὑγιῶς
866 1215 992 1296 ἔχον
1026 1218 1313 1298 φυλάττων
1349 1221 1551 1288 ἀσινὲς,
1579 1220 1642 1274 τὸ
1685 1217 1743 1274 δὲ
1772 1240 1995 1273 πεπτω-

337 1308 457 1373 κὸς,
489 1309 524 1377 ἢ
557 1310 870 1380 νενοσηκὸς,
905 1312 940 1382 ἣ
973 1310 1362 1384 τεθλασμένον,
1395 1311 1431 1380 ἢ
1463 1311 1992 1388 τετραυματισμένον

339 1397 725 1470 ἀνορθῶν,καὶ
778 1400 1172 1477 περισφίγγων,
1206 1399 1443 1477 ἀλείφων
1491 1421 1550 1454 τε
1600 1400 1690 1454 καὶ
1740 1399 1994 1472 ἰώμενος·

339 1483 615 1548 πολλάκις
664 1485 722 1542 δὶ
769 1488 859 1542 καὶ
908 1494 1016 1543 τῶν
1055 1488 1273 1564 ὀνύχων
1304 1489 1394 1544 καὶ
1425 1487 1714 1562 στομάτων
1743 1492 1854 1542 τῶν
1909 1489 2000 1563 ἀρ-

335 1581 614 1632 πακτικῶν
672 1577 878 1653 θηρίων
939 1581 1001 1634 τὸ
1061 1581 1298 1656 άρπαγὲν
1355 1578 1588 1653 ἐμπνέον
1635 1576 1712 1634 ἔτι
1760 1579 1852 1634 καὶ
1900 1600 1996 1634 πε-

338 1673 624 1743 ρισπαῖρον
673 1668 1096 1742 ἀποσπώμενος,
1145 1671 1236 1725 καὶ
1281 1672 1673 1745 ἀναζωπυρῶν,
1721 1671 1809 1724 καὶ
1880 1673 1994 1724 οἷον

338 1754 398 1810 ἐκ
446 1757 676 1811 θανάτου
725 1759 864 1829 πρὸς
917 1760 1062 1828 ζωὴν
1113 1759 1460 1833 ἀνακομίζων
1496 1777 1508 1790 ·
1559 1759 1650 1813 τὸν
1723 1758 1880 1813 αὐτὸν
1929 1755 1994 1827 δὴ

339 1844 541 1921 τρόπον
575 1847 602 1900 ὁ
633 1849 946 1926 σοφώτατος
993 1844 1330 1924 κυϐερνήτης
1377 1847 1556 1916 οὗτος,
1590 1848 1758 1903 οἱονεὶ
1795 1845 1994 1902 πλοῖον

347 1933 446 2001 τὴν
494 1933 791 2005 νεόπηκτον
874 1935 1132 2005 οἰακίζειν
1182 1935 1508 2008 Ἐκκλησίαν
1582 1937 1903 2011 προαχθεὶς,
1950 1935 2003 1995 ἒν

349 2024 497 2098 μέσῳ
551 2022 822 2099 πελάγους
883 2023 1168 2088 κλύδωνος
1249 2025 1589 2100 πανταχόθεν
1654 2024 2006 2101 ἐπεγειρομὲ-

336 2134 454 2180 νου,
525 2113 613 2166 καὶ
699 2111 939 2185 ποίμνης
1015 2112 1248 2188 λογικῆς
1325 2117 1610 2189 νεογενοῦς
1694 2111 2002 2169 ἐπιστασίαν

340 2198 734 2274 ἐμπιπευθεῖς,
803 2207 903 2270 τῆς
981 2200 1386 2275 εἰδωλομανίας
1462 2203 1707 2278 ἰσχυρῶς
1780 2201 2004 2278 ἐπικρα-

335 2287 559 2357 τούσης,
590 2292 690 2343 τοῦ
746 2310 805 2344 τε
859 2289 1124 2364 τυράννου
1172 2292 1263 2346 καὶ
1319 2295 1426 2346 τῶν
1476 2296 1575 2346 τοῦ
1628 2291 1838 2365 κόσμου
1897 2313 2002 2365 μα-

333 2377 500 2432 ταίων
563 2381 769 2454 σοφῶν,
823 2377 915 2432 καὶ
992 2378 1264 2454 ῥητόρων,
1336 2385 1518 2456 θηρῶν
1605 2380 1999 2457 ἐμμανὲστερον

337 2466 475 2521 κατᾶ
521 2471 629 2520 τῶν
686 2464 737 2534 ἐξ
799 2465 1105 2536 Ἰουδαϊκῆς
1165 2467 1434 2532 σκιώδους
1486 2469 1906 2543 νομολατρείας,
1965 2473 2001 2542 ἢ

339 2562 442 2623 τῆς
492 2553 831 2622 Ἑλληνικῆς
885 2554 1070 2616 ἀθεΐας
1131 2554 1219 2610 ἐπὶ
1277 2557 1374 2626 τὴν
1424 2557 1500 2619 ελς
1530 2559 1769 2633 Χρ-στὸν
1829 2560 1998 2634 εὐαγῆ

337 2641 517 2696 πίστιν
598 2642 1084 2716 μεταφοιτώντων,
1145 2645 1513 2718 μαινομένων,
1561 2643 2001 2719 εὐδοκιμώτατος

335 2731 673 2803 προστάτης,
731 2731 822 2785 καὶ
881 2733 1255 2808 γνησιώτατος
1314 2738 1411 2788 τοῦ
1474 2739 1718 2809 Χριστοῦ
1765 2738 2000 2808 ποιμὴν,

337 2819 426 2872 καὶ
488 2825 587 2888 τῆς
645 2819 1020 2890 ἀπόπολικῆς
1078 2821 1400 2896 προεδρείας
1447 2823 1519 2884 ὡς
1571 2821 1796 2892 ἀληθῶς
1851 2823 1997 2895 ἄξιος

339 2904 653 2982 ἀνεδείχθη,
703 2909 794 2963 τὸν
855 2908 1137 2972 θεόλεκτον
1195 2910 1325 2966 λαὸν
1388 2909 1738 2986 κηδεμονικῷ
1793 2934 1852 2968 τε
1908 2915 1997 2970 καὶ

339 2995 704 3074 φιλαγρύπνῳ
751 2999 839 3052 καὶ
891 2999 1177 3074 θαρσαλὲῳ
1225 3001 1497 3075 περιέπων
1541 3006 1875 3081 φρονήματι,
1908 3006 1995 3060 καὶ

338 3088 438 3155 τὴν
491 3087 586 3160 μὲν
630 3092 736 3142 τῶν
773 3094 1066 3166 προφανῶν
1109 3097 1210 3159 τῆς
1261 3091 1496 3154 πίστεως
1543 3092 1600 3146 ἀ)
1619 3093 1874 3169 λοτρίων,
1907 3107 1996 3161 καὶ

334 3180 432 3232 τοῦ
493 3177 642 3230 θείου
693 3176 1046 3254 κηρύγματος
1123 3177 1374 3235 ἐναντίων
1437 3180 1763 3254 λυσσωδίαν,
1821 3187 1890 3258 τῇ
1937 3205 1996 3239 τε

2104 597 2468 666 grassantes,
2501 594 2764 664 cuspide,
2799 594 2999 664 funda,
3031 595 3313 668 virgaque
3364 599 3646 670 pastorali
3681 618 3770 656 ar-

2105 699 2265 748 cens,
2291 683 2341 738 si
2368 683 2578 738 mediis
2605 683 2874 738 noctibus
2901 684 3270 740 incursiones
3301 685 3487 743 facere
3519 693 3766 759 tentent,

2105 772 2332 827 facibus
2366 771 2618 844 telisque
2647 771 2835 844 igneis
2860 774 3112 841 territat,
3133 776 3389 830 custodit
3411 781 3608 832 autem
3631 796 3765 835 oves

2108 860 2328 932 ubique
2352 860 2839 932 oberrando,illas
2859 879 2891 916 a
2911 863 3097 918 noxiis
3122 864 3360 934 pascuis
3383 866 3764 939 submovens,

2106 955 2164 1006 et
2192 952 2446 1007 utilibus
2478 956 2654 1024 atque
2687 953 3109 1008 amcenissimis
3137 954 3453 1011 inducens:
3480 959 3635 1028 quod
3671 959 3766 1013 fir-

2109 1056 2272 1094 mum
2321 1045 2409 1095 est
2448 1045 2623 1112 atque
2671 1058 2907 1111 sanum,
2939 1048 3245 1098 conservat
3296 1043 3611 1111 incolume,
3643 1047 3765 1101 col-

2105 1128 2340 1200 lapsum
2364 1147 2520 1198 vero,
2539 1135 2594 1185 et
2615 1136 2926 1203 aegrotans,
2951 1136 3055 1186 aut
3074 1132 3329 1187 fractum
3360 1140 3458 1188 aut
3488 1134 3762 1190 vulnera-

2104 1222 2230 1273 tum
2265 1218 2490 1291 dirigit,
2517 1219 2887 1289 constringit,
2926 1219 3096 1292 ungit
3123 1224 3182 1275 et
3213 1226 3464 1292 reparat.
3502 1222 3766 1280 Plerum-

2107 1324 2219 1379 que
2250 1307 2405 1363 enim
2441 1308 2512 1363 ab
2545 1308 2845 1380 unguibus
2901 1315 2959 1364 et
3011 1325 3110 1364 ore
3156 1309 3409 1365 ferarum
3437 1312 3764 1383 rapacium,

2107 1397 2261 1467 quod
2294 1401 2523 1467 raptum
2557 1402 2667 1463 est,
2704 1413 2894 1468 neque
2953 1397 3190 1469 penitus
3238 1403 3329 1454 est
3373 1411 3766 1472 peremptum,

2106 1480 2211 1541 sed
2269 1486 2461 1541 adhuc
2519 1486 2704 1558 spirat
2751 1491 2809 1542 et
2857 1485 3125 1558 palpitat,
3166 1487 3382 1553 avellit,
3424 1495 3668 1559 recreat,
3711 1496 3769 1546 et

2106 1579 2390 1647 tanquam
2437 1577 2506 1630 de
2557 1581 2744 1632 morte
2794 1581 2866 1631 ad
2917 1576 3096 1631 vitam
3146 1582 3397 1633 revocat.
3430 1578 3547 1634 Hoc
3591 1581 3766 1635 modo

2107 1665 2586 1733 sapientissimus
2619 1665 2731 1720 iste
2761 1666 3126 1737 gubernator
3165 1667 3483 1723 Ecclesium
3519 1673 3582 1723 ut
3612 1670 3769 1724 navi-

2107 1751 2270 1824 gium
2305 1769 2489 1825 nuper
2508 1761 2876 1826 compactum
2896 1755 2954 1808 in
2979 1754 3168 1810 medio
3192 1757 3340 1811 mari
3362 1757 3640 1812 ﬂuctibus
3664 1775 3769 1813 un-

2111 1842 2288 1913 dique
2318 1843 2733 1913 ingruentibus
2763 1859 2961 1912 regere
2987 1860 3304 1916 aggressus
3335 1851 3442 1910 est,
3475 1851 3532 1901 et
3574 1851 3767 1918 gregis

2118 1947 2306 2003 nuper
2344 1932 2467 1987 nati
2517 1932 2616 2002 qui
2668 1948 2910 2004 compos
2941 1939 3030 1988 est
3061 1933 3326 2001 rationis,
3360 1935 3764 2006 praefecturam

2114 2021 2323 2092 gessit.
2385 2020 2845 2075 Simulacrorum
2898 2021 3036 2076 item
3096 2021 3330 2077 insania
3394 2023 3770 2079 vehementer

2115 2108 2575 2180 ingravescente,
2599 2126 2734 2164 cum
2769 2111 3027 2184 tyranni,
3049 2115 3174 2165 tum
3207 2114 3524 2166 stultorum
3559 2112 3768 2168 mundi

2113 2198 2472 2270 sapientum,
2507 2215 2572 2254 ac
2616 2199 2944 2268 rhetorum,
2978 2200 3078 2270 qui
3129 2205 3332 2255 contra
3379 2216 3480 2255 eos
3529 2200 3654 2272 (qui
3699 2218 3770 2257 ex

2110 2287 2360 2342 Judaica
2385 2294 2441 2343 et
2470 2288 2774 2343 umbratili
2807 2289 2953 2360 legis
2984 2289 3410 2358 observatione,
3444 2290 3768 2361 gentilique

2112 2375 2438 2447 impietate,
2471 2377 2540 2432 ad
2593 2382 2855 2432 sanctam
2902 2377 3119 2433 Christi
3169 2378 3342 2433 ﬁdem
3391 2377 3768 2449 trasplantati

2110 2467 2272 2536 sunt)
2329 2466 2629 2521 crudelius
2677 2483 2857 2537 quam
2905 2468 3035 2521 feras
3083 2467 3426 2537 desaeviunt,
3463 2468 3768 2539 prafectus

2110 2555 2260 2609 877
2322 2554 2798 2620 laudatissimus,
2868 2560 2925 2610 et
2990 2556 3490 2626 generosissimus
3548 2557 3766 2613 Christi

2110 2648 2331 2715 pastor,
2378 2649 2436 2699 et
2489 2643 2813 2715 apostolica
2870 2645 3217 2716 praefectura
3266 2662 3410 2701 sane
3455 2662 3634 2717 quam
3678 2647 3768 2701 di-

2109 2747 2261 2802 gnus
2328 2733 2662 2787 declaratus
2724 2738 2834 2800 est,
2887 2737 2944 2788 et
2988 2732 3235 2789 electum
3305 2734 3404 2789 Dei
3482 2734 3768 2806 populum

2109 2820 2453 2893 perspicaci,
2482 2820 2641 2892 vigili
2691 2838 2756 2876 ac
2806 2821 3098 2893 intrepido
3147 2821 3344 2878 animo
3393 2823 3562 2885 rexit,
3595 2830 3654 2878 et
3685 2825 3768 2878 fe-

2109 2913 2342 2966 ritatem
2394 2927 2597 2967 eorum
2647 2913 2746 2981 qui
2794 2911 3024 2984 profani
3071 2916 3129 2968 et
3176 2912 3352 2968 alieni
3390 2932 3421 2968 a
3461 2913 3576 2969 fide
3625 2930 3770 2984 prai—

2110 3001 2388 3056 dicalioni
2436 3001 2840 3070 adversantur,
2898 3001 3356 3073 purissimarum
3399 3017 3639 3074 precum
3673 3017 3772 3058 ce-

2108 3089 2395 3156 lebritate,
2420 3107 2485 3146 ac
2517 3090 2796 3162 loquendi
2829 3090 3117 3152 libertate.
3151 3096 3612 3166 sanctarumque
3643 3107 3772 3146 ma-

2110 3197 2293 3234 nuum
2341 3180 2702 3246 extensione,
2737 3197 2841 3235 nec
2895 3196 3012 3235 non
3063 3180 3322 3235 assiduis
3372 3197 3511 3252 erga
3559 3180 3769 3250 Deum,

334 3269 440 3319 τῶν
498 3267 894 3339 καθαρωτάτων
949 3267 1036 3322 καὶ
1112 3268 1596 3346 εὐπαρῥησιάστων
1670 3277 1992 3349 προσευχῶν

2112 3269 2203 3340 qui
2252 3270 2441 3340 ipsam
2501 3270 2767 3339 frangere
2817 3269 3107 3324 feritatem
3153 3272 3364 3340 potest,
3392 3250 3770 3340 supplicatio-

336 3353 570 3425 εὐτονίᾳ,
605 3355 694 3409 καὶ
739 3360 858 3418 ταῖς
907 3361 1016 3411 τῶν
1068 3357 1229 3412 ὁσίων
1277 3363 1482 3435 χειρῶν
1531 3362 1669 3434 πρὸς
1696 3362 1790 3416 τὸν
1840 3360 1999 3417 δυνά-

345 3463 505 3516 μενον
564 3442 778 3518 θραύειν
836 3445 1008 3515 αὐτὴν
1075 3447 1206 3502 Θεὸν
1288 3447 1530 3504 ἑκτάσεσι
1603 3450 1693 3504 καὶ
1766 3451 1997 3507 ἐκτενὲσι

341 3529 586 3603 δεήσεσιν
619 3533 1084 3608 ἀποτρεπόμενος.

404 3661 516 3728 Τήν
572 3658 630 3714 δὲ
679 3665 786 3716 τῶν
833 3664 1196 3737 προσχήματι
1261 3664 1356 3737 μὲν
1411 3663 1651 3736 οῗκείων,
1707 3669 1886 3743 ἐχθῶν
1939 3667 1997 3724 δὲ

330 3751 598 3806 κακίστων
657 3749 810 3807 οὐδὲν
867 3752 1088 3826 ἄμεινον
1138 3752 1519 3830 διακειμένων,
1568 3759 1657 3813 καὶ
1715 3755 1994 3836 προϐάτου

334 3839 429 3913 μὶν
490 3837 656 3916 δορὰν
715 3837 926 3896 ἔκτοθεν
986 3837 1498 3918 περιϐεϐλημὲνων,
1531 3842 1637 3919 ἕξιν
1689 3844 1744 3902 δὶ
1795 3846 1990 3922 λύκου,

321 3928 413 3984 καὶ
485 3930 716 4004 γνώμην
793 3923 1001 3986 ἔνδοθεν
1084 3930 1617 4009 βυσσοδομούντων,
1677 3935 1990 4015 εὐφώρατον

327 4024 458 4073 πᾶσι
492 4020 660 4081 τιθεῖς
691 4019 1058 4096 κακοῤῥαφίαν
1109 4042 1167 4076 τε
1213 4024 1301 4078 καὶ
1355 4021 1674 4095 δολιότητα.
1714 4027 1819 4088 Τὰς
1870 4027 1991 4100 μὲν-

323 4129 409 4162 τοι
443 4112 551 4162 τῶν
584 4113 852 4187 σοφιστῶν
881 4109 970 4164 καὶ
1019 4109 1267 4186 ῥητόρων
1310 4116 1416 4166 τῶν
1468 4114 1604 4168 κατὰ
1650 4119 1751 4169 τοῦ
1811 4137 1990 4187 σωτη-

327 4196 448 4271 ρίου
503 4194 782 4272 δόγματος
838 4198 1233 4277 σοφιζομένων,
1261 4203 1351 4256 καὶ
1399 4199 1768 4267 διαλεκτικαῖς
1825 4201 1990 4278 μεθό-

327 4282 470 4355 δοις,
502 4293 842 4365 σοφιστικαῖς
885 4309 945 4343 τε
1001 4290 1090 4344 καὶ
1142 4289 1462 4365 ῥητορικαῖς
1506 4290 1779 4364 δεινότησι
1839 4316 1991 4371 χρω-

333 4376 533 4448 μένων,
566 4376 876 4451 προτάσεις,
914 4377 1185 4441 ἐνστάσεις
1242 4400 1301 4434 τε
1358 4381 1448 4435 καὶ
1508 4382 1800 4446 ἀντιθέσεις
1858 4386 1991 4460 ἀρά-

329 4484 471 4541 χνης
562 4466 709 4520 ἱστὸν
801 4463 1120 4523 εὐδιάλυτον
1186 4470 1374 4545 ἡγεῖτο
1431 4471 1520 4524 καὶ
1580 4470 1990 4548 εὐδιάθρυπτον,

333 4553 503 4632 ῥᾷστα
564 4551 978 4630 διασπαράττων
1036 4557 1123 4612 καί
1185 4555 1427 4614 διαλύων
1482 4556 1680 4616 ἕκαστα
1735 4564 1801 4617 τὰ
1857 4566 1991 4639 πρὸς

2114 3357 2290 3414 nibus
2320 3358 2727 3413 commutavit.

2183 3668 2360 3720 Porro
2391 3679 2593 3719 eorum
2628 3661 2728 3734 qui
2759 3661 3082 3718 amicitiam
3132 3665 3477 3734 praetexunt,
3510 3679 3647 3718 cum
3681 3664 3771 3718 ni-

2110 3753 2230 3809 hilo
2289 3769 2417 3809 sese
2466 3751 2743 3824 pessimis
2803 3751 3072 3807 hostibus
3133 3751 3348 3806 melius
3407 3749 3684 3820 habeant,
3716 3757 3776 3808 et

2109 3842 2305 3898 ovium
2346 3840 2581 3914 quidem
2615 3840 2828 3912 pellem
2861 3841 3140 3910 exterius,
3175 3839 3300 3912 lupi
3331 3855 3464 3895 vero
3497 3839 3768 3895 habitum

2109 3931 2359 3986 interius
2389 3929 2790 3986 circumcincti
2823 3929 3072 3984 insidias
3105 3929 3303 3983 animo
3344 3934 3606 3999 struunt,
3639 3946 3771 4000 per-

2107 4021 2376 4094 Spicuum
2402 4020 2680 4076 omnibus
2713 4017 2912 4074 dolum
2944 4023 3001 4073 et
3032 4019 3298 4073 fraudem
3319 4017 3475 4073 fecit.
3497 4018 3770 4090 Proposi-

2105 4112 2295 4166 tiones
2325 4127 2474 4174 vero,
2509 4108 2865 4164 intentiones
2914 4124 2981 4162 ac
3032 4107 3436 4179 oppositiones
3467 4106 3768 4178 sopbista-

2107 4217 2237 4255 rum
2266 4199 2686 4270 rhetorumque
2709 4203 2914 4252 contra
2935 4196 3258 4251 Servatoris
3290 4195 3616 4250 doctrinam
3647 4194 3768 4251 dis-

2107 4290 2452 4354 serentium,
2478 4304 2544 4344 ac
2576 4287 2899 4342 dialecticis
2929 4285 3162 4341 dicendi
3204 4285 3535 4341 rationibus
3568 4284 3768 4356 sophi-

2105 4379 2389 4450 sticisque
2421 4395 2486 4432 ac
2517 4375 2823 4432 rhetoricis
2869 4375 3235 4447 argumentis
3287 4374 3603 4445 utentium,
3637 4391 3770 4429 ara-

2107 4486 2229 4524 neae
2281 4468 2479 4533 telam,
2513 4484 2643 4539 quae
2691 4464 2932 4521 dissolvi
2984 4481 3048 4520 ac
3101 4464 3292 4536 frangi
3343 4463 3510 4519 facile
3559 4463 3770 4536 possit,

2105 4557 2490 4627 existimabat,
2522 4560 2580 4610 et
2619 4571 2820 4610 eorum
2873 4553 3099 4622 noxias,
3132 4551 3538 4608 cavillationes
3588 4557 3766 4624 atque

332 4642 510 4698 αὐτῶν
545 4643 810 4718 κλεψίνοα
853 4647 1257 4723 σοφιστεύματά
1311 4669 1371 4702 τε
1430 4650 1521 4703 καὶ
1579 4646 1951 4724 προϐλήματα
1986 4674 1996 4684 ·

2112 4625 2484 4720 ρνοωεωιιιε
2518 4644 2754 4717 singula
2800 4643 3181 4711 dilacerabat,
3220 4647 3277 4697 et
3323 4640 3602 4697 facillime
3649 4641 3770 4696 dis-

335 4729 486 4786 ἀλλὰ
521 4733 628 4806 μὴν
664 4733 799 4810 πρὸς
828 4733 956 4796 τοὺς
986 4735 1288 4808 πολεμίους
1320 4740 1421 4803 τῆς
1447 4737 1689 4814 ἀτραποῦ
1736 4748 1836 4810 τῆς
1892 4764 1998 4796 σω-

334 4821 526 4892 τηρίας
606 4821 925 4900 ἐγρηγορὼς
1002 4822 1253 4896 διετέλει,
1314 4829 1379 4900 τῇ
1442 4825 1846 4902 παντοδυνάμῳ
1903 4835 2000 4886 τοῦ

339 4915 473 4965 Θεοῦ
529 4912 616 4965 καὶ
676 4911 946 4987 βασιλίως
993 4915 1154 4986 ἡμῶν
1205 4916 1438 4992 Χριστοῦ
1488 4914 1786 4990 δυναστείᾳ,
1839 4941 2001 4975 κατα-

341 4998 585 5056 στέλλων
643 5000 820 5056 αὐτῶν
879 5002 939 5056 τὸ
999 5003 1282 5081 φρύαγμα,
1329 5004 1417 5060 καὶ
1485 5008 1583 5076 τήν
1645 5005 2003 5082 ψευδώνυμον

338 5093 536 5165 γνῶσιν
571 5087 899 5166 διελέγχων.
936 5091 1037 5149 Καὶ
1071 5094 1194 5168 περὶ
1231 5092 1449 5149 πολλοῦ
1502 5097 1596 5169 μὲν
1624 5095 1864 5153 ἐποιεῖτο
1895 5104 2003 5154 τῶν

349 5179 801 5252 μαθητευομένων
843 5182 1036 5256 ψυχῶν
1093 5179 1392 5257 ἐξαλείφειν
1446 5184 1512 5239 τὰ
1578 5186 1770 5260 πρῴην
1829 5192 2008 5250 κακῶς

344 5265 743 5341 ἐνσημανθέντα
799 5273 898 5333 τῆς
953 5270 1247 5342 ἀθεότητος
1289 5274 1376 5328 καὶ
1415 5271 1752 5350 βδελυγμίας
1800 5277 2009 5353 χαράγο

347 5378 488 5429 ματα
523 5377 534 5390 ·
597 5357 982 5434 μετεγγράφειν
1044 5358 1103 5415 δὲ
1157 5363 1224 5416 τά
1253 5369 1355 5432 τῆς
1411 5358 1714 5427 θεοσεϐείας
1765 5365 1855 5420 καὶ
1911 5373 2012 5436 τῆς

346 5447 716 5521 ὐπερκοσμίου
747 5447 935 5516 σοφίας
987 5445 1318 5525 διδάγματα.
1351 5454 1441 5522 Mi;
1492 5452 1622 5518 τοὺς
1661 5457 1903 5531 καρποὺς
1955 5455 2014 5513 δὲ

347 5539 456 5589 τῶν
518 5535 551 5590 ἃ
606 5533 900 5612 παρεδίδου
957 5539 1043 5593 καὶ
1103 5537 1433 5610 ἐξεδίδασκεν
1488 5541 1754 5613 ἀπαιτεῖν,
1818 5546 1892 5608 ὡς
1953 5547 2012 5601 ἃν

356 5623 573 5695 οἰηθείη
605 5646 711 5695 τις,
744 5623 941 5699 ἠμέλει
981 5644 992 5658 '
1027 5625 1088 5681 οὐ
1136 5627 1230 5701 μὶν
1261 5630 1376 5702 οὗν,
1406 5630 1550 5687 ἀλλά
1591 5629 1722 5708 δίχα
1769 5636 2013 5710 πράξεων

353 5713 447 5778 τὰς
505 5719 614 5771 τῶν
680 5713 836 5781 θείων
869 5713 1051 5792 λόγων
1085 5719 1312 5790 μυήσεις
1347 5719 1698 5796 ὑπαρχούσας
1747 5720 2013 5800 δένδροις,

2111 4738 2392 4794 solvebat.
2427 4737 2574 4801 Quin
2621 4735 2797 4789 etiam
2829 4734 3112 4788 adversus
3145 4732 3272 4786 vitae
3305 4730 3514 4786 salutis
3546 4729 3769 4798 hostes,

2116 4827 2212 4883 Dei
2236 4832 2290 4882 et
2314 4825 2468 4897 regis
2498 4825 2679 4879 nostri
2713 4822 2930 4878 Christi
2967 4822 3247 4894 potentia,
3276 4838 3403 4891 quae
3435 4818 3635 4875 omnia
3669 4835 3771 4890 po-

2112 4916 2512 4988 test,vigi|ans
2548 4913 2925 4983 perdurabat,
2946 4910 3216 4965 fremitus
3250 4910 3484 4964 illorum
3517 4907 3773 4978 compri-

2117 5022 2305 5073 mens,
2338 5009 2394 5060 et
2426 5003 2554 5058 falsi
2592 5000 2849 5056 nominis
2894 4999 3202 5054 scientiam
3253 4997 3548 5052 refellens.
3581 5001 3775 5067 Atque

2118 5094 2354 5154 maximi
2394 5092 2632 5164 quidem
2679 5090 2892 5144 referre
2938 5087 3337 5151 existimabat,
3371 5085 3420 5140 si
3470 5085 3775 5141 cicatrices

2117 5183 2440 5255 impietatis
2473 5187 2530 5234 et
2559 5177 3041 5247 abominationis,
3075 5193 3202 5248 qua;
3253 5190 3560 5246 perperam
3605 5179 3778 5229 antea

2120 5274 2333 5329 inustas
2369 5273 2621 5338 fuerant,
2655 5286 2689 5323 a
2720 5266 3146 5337 discipulorum
3183 5263 3400 5319 animis
3432 5263 3779 5331 aboleret,et

2122 5365 2332 5419 divina:
2366 5361 2619 5432 pietatis,
2653 5357 3026 5426 caelestiaque
3054 5354 3354 5427 sapientiae
3387 5359 3676 5425 praecepta
3705 5350 3780 5405 il-

2124 5453 2315 5508 larum
2339 5450 2463 5506 loco
2484 5448 2865 5520 imprimeret.
2895 5446 3088 5516 Neque
3113 5462 3245 5499 vero
3277 5460 3480 5499 eorum
3505 5459 3633 5514 quin
3657 5447 3781 5496 tra-

2125 5543 2352 5598 diderat
2382 5545 2558 5609 atque
2588 5537 2888 5600 docuerat,
2921 5535 3148 5589 fructus
3178 5538 3270 5603 (ut
3323 5532 3535 5604 aliquis
3577 5529 3782 5586 existi-

2127 5647 2287 5688 mare
2328 5627 2548 5702 posset)
2597 5630 2856 5698 repetere
2907 5623 3281 5697 negligebat;
3335 5621 3580 5677 minime
3624 5635 3778 5687 vero,

2130 5721 2266 5794 quin
2295 5719 2627 5774 divinorum
2661 5730 3001 5771 sermonum
3044 5713 3346 5786 mysteria,
3380 5727 3510 5783 quae
3539 5725 3657 5764 non
3689 5723 3778 5763 re-
