4106 6396
389 364 496 420 647
1619 372 1680 424 Β.
1719 366 2007 424 DIONYBI

2195 363 2581 419 IOPAGITE.
3709 370 3816 426 648

383 495 472 545 cte
521 489 695 545 factis
741 489 1086 556 niterentur,
1122 492 1432 549 arboribus
1477 493 1747 549 foliorum
1797 490 2004 562 quiden

2194 483 2374 540 ύλλων
2412 486 2506 558 μὲν
2541 483 2790 555 εὐθαλείᾳ
2817 489 3093 558 κομῶσιν,
3117 484 3383 560 ἀκαρπίαν
3433 484 3492 543 δὲ
3542 495 3815 567 νοσοῦσιν,

383 580 650 633 ubertate
679 577 921 648 ornatis,
955 583 1228 635 caeterum
1280 582 1584 637 sterilitate
1631 580 2000 636 laborantibu

2195 573 2378 629 nxévut
2429 571 2799 650 διισχυρίζετο
2832 595 2845 608 ο
2893 573 2984 628 καὶ
3039 575 3141 642 τήν
3195 574 3374 630 πίστιν
3406 576 3586 653 χωρὶς
3641 576 3816 657 ἔργων

380 667 600 722 similia
639 682 767 722 esse
827 669 1216 733 asseverabat,
1251 674 1307 723 et
1358 670 1532 724 {idem
1585 669 1712 724 sine
1760 669 2001 740 operibu

2198 685 2281 718 ναι
2333 663 2522 740 νεκρὰν
2566 661 2924 735 ἐξεπαίδευεν,
2981 664 3368 737 ὑποτιθέμενος
3427 673 3634 742 χρῆναι
3690 671 3818 735 τοὺς

380 761 674 812 mortuam
709 772 838 812 esse
870 757 1144 824 ducebat,
1169 758 1448 830 istudque
1479 759 1536 814 in
1572 759 1780 830 primis
1818 757 2001 813 doetri

2194 751 2369 814 ιστοὺς
2403 758 2628 826 κοσμεῖν
2660 751 2884 815 ἑαυτοὺς
2921 756 3038 814 ταῖς
3069 757 3179 807 τῶν
3230 751 3470 810 ἐντολῶν
3527 759 3815 835 τηρήσεσι,

379 843 631 901 naillius
654 847 979 917 spectabat,
1000 847 1085 900 uti
1117 846 1319 902 ﬁdeles
1348 848 1760 903 mandatorum
1784 863 1912 903 sese
1931 848 2000 902 ob

2192 843 2234 896 1i
2299 841 2466 915 μηδὲν
2531 842 2912 918 ἐναργέστερον
2972 840 3114 897 ἄλλο
3146 841 3181 911 ἢ
3216 847 3379 898 τοῦτο
3425 849 3813 918 καθεστηκέναι

374 935 808 990 servationibus
865 936 1244 1005 decorarent;
1277 953 1466 1009 neque
1499 936 1681 993 ullum
1716 937 1873 992 aliud
1906 953 1995 991 cer

2191 938 2244 1000 ῆς
2273 931 2602 1010 ἀκραιφνοῦς
2634 931 2724 987 καὶ
2781 926 3002 1007 βεϐαίας
3033 931 3108 994 εἷς
3145 933 3379 1008 Χριστὸν
3435 933 3672 1002 πίστεως
3722 940 3812 995 καὶ

375 1028 494 1080 tius
543 1031 959 1096 argumentum
1006 1025 1244 1082 sincera:
1286 1032 1345 1082 et
1374 1027 1607 1083 stabilis
1641 1028 1697 1082 in
1731 1027 1996 1083 Christur

2192 1020 2358 1096 γάπης
2391 1022 2701 1096 γνώρισμα,
2733 1023 2823 1076 καὶ
2859 1017 3089 1076 δεδιέναι
3121 1027 3390 1086 νουθετῶν
3425 1024 3507 1078 ἀεὶ
3557 1026 3620 1080 τὸ
3674 1026 3813 1100 μέλ.

379 1114 515 1169 fidei
545 1119 602 1170 et
631 1114 962 1170 dilectionis
1009 1115 1260 1172 existere
1313 1117 1567 1183 dicebat,
1599 1119 1924 1173 admonens
1972 1135 2000 1172 u

2186 1129 2241 1162 ον
2272 1107 2541 1187 φρικῶδες
2591 1107 3008 1186 δικαιωτήριον,
3039 1111 3157 1174 καθ’
3189 1111 3218 1166 ὃ
3277 1115 3386 1166 τῶν
3452 1109 3807 1188 βεϐιωμένων

373 1203 731 1259 horrendum
780 1203 1045 1260 futurum
1089 1205 1388 1276 judicium
1443 1206 1989 1279 pertimescerent,i

2184 1219 2201 1253 ε
2249 1199 2340 1253 xui
2400 1202 2800 1276 πεπραγμένων
2833 1199 3266 1270 ἀπαιτηθήσεται
3319 1199 3482 1278 λόγον
3531 1201 3757 1269 ἕκαστος
3792 1225 3805 1238 ⁶

371 1310 489 1364 quo
520 1293 773 1366 quisque
799 1299 975 1366 prout
1010 1294 1219 1351 vixerit
1249 1301 1352 1351 aut
1381 1297 1582 1368 egerit,
1619 1295 1905 1352 rationem
1945 1311 1992 1351 ei

2180 1286 2232 1341 ui
2291 1287 2350 1351 ὃς
2410 1288 2504 1361 μὶν
2569 1287 2736 1363 ὀρθὴν
2796 1288 2973 1344 πίστιν
3031 1287 3290 1366 φυλάξας,
3336 1303 3801 1371 χριστιανοπρεπῆ

371 1381 745 1437 redditurus:
779 1387 836 1437 et
866 1399 998 1437 eum
1033 1384 1277 1455 quidem
1324 1386 1427 1456 qui
1475 1391 1694 1440 rectam
1727 1385 1904 1441 ﬁdem
1936 1402 1992 1441 et

2181 1373 2487 1447 ,ετελήλυθε
2522 1377 2661 1452 βίον,
2685 1378 2883 1450 καὶτῷ
2915 1375 3193 1452 ἀδεκάστῳ
3250 1383 3412 1455 κριτῇ
3459 1388 3576 1444 τοῖς
3625 1381 3802 1459 ἔργοις

365 1469 654 1538 stodierit,
686 1476 744 1526 et
779 1471 963 1527 vitam
1014 1473 1349 1528 Christiano
1403 1475 1526 1530 viro
1576 1481 1986 1531 consentanea:

2180 1466 2488 1541 Βηρέστησε,
2518 1467 2616 1535 τὴν
2647 1472 2754 1522 τῶν
2791 1463 2962 1530 ὅντως
2995 1469 3283 1544 μακαρίων
3338 1469 3553 1544 ἀγαθῶν
3604 1469 3801 1528 διαιω⁹

368 1560 770 1631 egerit,atque
795 1561 1136 1634 incorrupto
1159 1563 1351 1633 judici
1386 1569 1538 1619 recte
1591 1563 1760 1620 factis
1793 1564 1989 1635 placue

2177 1554 2390 1623 ίζουσαν
2424 1553 2629 1630 χλιδήν
2678 1554 3024 1630 ἀπολήψεται
3057 1574 3070 1589 °
3105 1557 3166 1620 ὃς
3199 1555 3258 1611 δὲ
3291 1557 3366 1630 μή
3393 1562 3460 1632 τῇ
3491 1559 3669 1614 πίστει
3697 1563 3796 1630 τήν

367 1649 462 1714 rit,
493 1653 832 1720 perpetuam
861 1651 1149 1706 bonorum
1175 1669 1302 1707 vere
1333 1653 1635 1708 beatorum
1669 1653 1988 1726 voluptate!

2169 1641 2365 1718 ,ρίστην
2398 1644 2678 1701 πολιτείαν
2710 1645 2800 1700 καὶ
2836 1646 3026 1720 πρᾶξιν
3087 1645 3444 1722 προσέθηκεν,
3467 1646 3611 1703 ἀλλὰ
3659 1650 3790 1704 ταύ-

365 1743 807 1808 pereepturum.
850 1739 958 1802 Qui
1009 1757 1146 1796 vero
1199 1742 1426 1813 optima
1470 1742 1600 1797 vitae
1651 1743 1986 1811 instituta,4

2173 1753 2237 1802 ην
2264 1736 2332 1807 τῇ
2364 1733 2526 1805 κακίᾳ
2579 1735 2903 1811 κατέχρανε,
2935 1735 3035 1803 τήν
3077 1734 3231 1806 ἀξίαν
3279 1743 3379 1807 τῆς
3433 1733 3573 1801 ίδίας
3628 1733 3789 1795 ἀϐελ-

363 1842 542 1898 opera
566 1827 699 1882 ﬁdei
725 1845 834 1883 non
857 1830 1210 1900 adjunxerit,
1231 1831 1328 1886 sed
1369 1831 1522 1886 hanc
1553 1833 1678 1887 vita:
1711 1832 1865 1888 378
1898 1839 1984 1887 tui

2172 1820 2330 1895 ηρίας
2361 1822 2824 1900 εἶσπραχθήσεται
2877 1821 3060 1894 δίκην,
3091 1821 3348 1880 ἀνένδοτά
3401 1845 3459 1880 τε
3515 1826 3604 1880 καὶ
3662 1829 3791 1884 ἀπέ-

568 1879 699 1882 ην--
726 1879 1327 1900 --,---η,τ----,---,---
1371 1879 1520 1886 ηπ-
1564 1879 1677 1887 -.-_
1712 1879 1861 1888 --ν
1903 1879 1984 1887 -...

365 1916 634 1987 pitudine
664 1919 1316 1990 contaminarit,justas
1345 1920 1503 1976 hunc
1536 1922 1776 1993 propriae
1817 1938 1986 1978 amen

2174 1932 2299 1966 αντα
2359 1879 2786 1983 κολάσθθήσεται.
2856 1914 3066 1975 Πάντας
3114 1914 3219 1989 γὰρ
3279 1912 3645 1990 ἐπαιδαγώγει
3706 1919 3795 1972 καὶ

362 2005 456 2060 tie
516 2022 718 2077 pinnas
775 2007 1079 2076 daturum,
1108 2014 1165 2064 et
1205 2010 1577 2066 severissime
1625 2027 1690 2066 ac
1739 2015 1979 2083 perpetu

2174 1998 2421 2076 ἱρύθμιζε
2449 2003 2589 2058 κατὰ
2617 2003 2717 2070 τήν
2769 2001 3134 2076 εὐαγγελικὴν
3181 2000 3420 2079 βαδίζειν
3467 1999 3682 2080 τρίϐον,
3707 2006 3795 2060 xui

363 2095 627 2150 cruciatu
673 2098 1068 2167 torquendum
1103 2098 1316 2154 aiebat.
1350 2099 1567 2155 Omnes
1601 2101 1817 2156 docens
1849 2101 1984 2157 insti

2174 2090 2263 2144 κτὰ
2291 2091 2390 2160 τήν
2425 2091 2802 2162 ἆποστολικὴν
2837 2087 3083 2147 διαϐιοῦν
3133 2089 3457 2166 παράδοσιν,
3490 2096 3626 2149 κατὰ
3668 2115 3795 2148 και-

359 2187 651 2255 tuensque
673 2186 845 2255 juxta
875 2187 1273 2258 evangelicam
1314 2190 1492 2244 vitam
1525 2194 1582 2245 et
1611 2189 1980 2262 apostolorun

2172 2179 2220 2232 ὃν
2281 2179 2591 2254 οἰκονομῶν
2647 2180 2700 2236 ἐν
2751 2181 2926 2257 κρίσει
2983 2186 3080 2237 τοῦ
3123 2178 3296 2257 λόγου
3325 2183 3387 2237 τὸ
3420 2183 3793 2257 σιτομέτριον·

356 2273 738 2329 traditionem
770 2275 1078 2331 ambulare
1107 2281 1284 2348 atque
1314 2278 1497 2334 vivere
1525 2283 1852 2351 opportune
1874 2297 1977 2352 pra

2171 2268 2248 2330 ›ὺς
2311 2270 2404 2342 μὶν
2466 2271 2567 2347 γὰρ
2619 2265 2698 2326 ἔτι
2753 2273 2854 2340 τήν
2901 2268 3008 2344 ἕξιν
3058 2271 3290 2341 νηπίους
3343 2272 3433 2326 καὶ
3475 2273 3792 2349 ἀρτιπαγεῖς

354 2360 668 2418 dicationis
703 2379 1042 2420 mensuram
1071 2366 1128 2420 in
1149 2367 1374 2436 judicio
1399 2369 1736 2439 disponens.
1759 2369 1901 2423 Nam
1928 2369 1975 2424 in

2161 2378 2310 2434 τρεφε
2355 2357 2610 2432 γάλακτι,
2661 2364 2777 2422 τοῖς
2824 2357 3219 2435 ἁπλουστέροις
3268 2360 3412 2438 φημὶ
3476 2360 3568 2416 xui
3629 2383 3782 2417 στοι-

355 2449 546 2503 fantes
579 2449 780 2505 habitu
818 2467 1135 2524 recensque
1170 2459 1340 2509 natos
1373 2455 1542 2524 lacte,
1574 2457 1680 2512 hoc
1729 2462 1818 2511 est
1864 2457 1974 2512 sim

2156 2443 2538 2523 ,ειωδεστέροις
2567 2445 2867 2522 διδάγμασι
2897 2467 2910 2480 ·
2939 2448 3066 2511 τοὺς
3101 2445 3157 2504 δὶ
3200 2447 3442 2511 τελείους
3491 2450 3592 2518 τήν
3644 2447 3777 2519 ἡλι-

350 2537 696 2608 plicioribus
744 2547 800 2596 et
846 2542 1053 2612 primis
1111 2543 1543 2601 elementorum
1602 2548 1957 2604 rudimentis

2150 2536 2261 2605 ίαν,
2296 2537 2386 2591 καὶ
2419 2538 2518 2606 τήν
2555 2535 2772 2611 ἀνδρίαν
2815 2538 3036 2600 ἱκανοὺς
3091 2537 3484 2616 προσφέρεσθαι
3543 2541 3771 2618 τροφὴν,

349 2632 518 2682 aetate
547 2645 683 2684 vero
712 2632 1016 2701 perfectos,
1039 2633 1135 2703 qui
1161 2633 1344 2689 virilis
1363 2635 1477 2689 cibi
1510 2652 1754 2708 capaces
1786 2642 1970 2693 essent

2154 2646 2209 2679 τε
2267 2623 2333 2694 δὴ
2394 2625 2579 2688 καλῶς
2633 2629 2793 2700 σῶμά
2849 2648 2905 2682 τε
2944 2629 3030 2682 καὶ
3089 2629 3274 2702 ψυχὴν
3329 2626 3775 2704 προκεκαθαρμέ-

351 2720 555 2786 utpote
587 2718 686 2788 qui
719 2735 957 2790 corpore
989 2721 1168 2776 simul
1201 2727 1257 2778 et
1289 2723 1487 2780 animo
1544 2726 1724 2797 probe
1753 2731 1889 2781 ante
1914 2744 1972 2782 es

2149 2734 2262 2784 ους,
2296 2719 2362 2788 τῇ
2395 2715 2577 2788 τελείᾳ
2606 2716 2705 2772 xui
2741 2719 2976 2791 μυστικῇ
3025 2717 3208 2794 σοφίᾳ,
3238 2721 3316 2786 τῷ
3367 2717 3555 2793 τρόπῳ
3605 2717 3769 2772 πλέον

351 2812 483 2860 sent
516 2807 766 2876 purgati,
793 2810 1045 2879 perfecta
1067 2816 1122 2865 et
1143 2828 1353 2866 arcana
1388 2814 1676 2884 sapientia
1709 2817 1972 2871 nutrieba

2151 2826 2211 2873 ιν,
2242 2803 2294 2858 ἐν
2340 2805 2515 2876 έαυτῷ
2564 2803 2907 2879 προεδείκνυ,
2941 2807 3230 2882 χαρακτὴρ
3291 2807 3507 2880 ἄριστος
3575 2807 3772 2880 ἀρετῆς

349 2894 484 2965 plus
516 2896 777 2952 moribus
809 2914 957 2968 quos
979 2898 1034 2952 in
1059 2901 1256 2971 seipso
1289 2905 1800 2974 prmmonstrahat,
1823 2921 1970 2976 quan

2145 2898 2226 2954 οἷς
2260 2896 2713 2967 ποιμαινομένοις
2740 2894 3090 2969 γιγνόμενος,
3123 2894 3157 2963 ἢ
3189 2899 3266 2966 τῷ
3289 2893 3444 2969 λόγῳ
3476 2892 3766 2950 διδάσκων·

347 2998 620 3038 sermone
651 2985 889 3054 docens,
923 2989 1148 3058 optima
1180 2989 1412 3047 virtutis
1469 2993 1658 3048 forma
1707 2994 1866 3066 gregi
1919 2995 1968 3048 fa

2148 2986 2206 3036 οὗ
2237 2982 2336 3058 γὰρ
2377 2987 2567 3038 κοινοῦ
2613 2991 2712 3054 τῆς
2742 2983 3074 3054 Ἐκκλησῖας
3121 2985 3375 3056 σώματος
3425 2981 3485 3038 ἐκ
3540 2982 3769 3039 πολλῶν

345 3076 499 3128 etus.
533 3073 855 3130 Commune
885 3077 1038 3132 enim
1073 3078 1342 3136 Ecclesiae
1388 3097 1623 3153 corpus,
1653 3084 1808 3154 quod
1844 3083 1963 3138 mul

2147 3073 2198 3128 ui
2254 3071 2525 3152 διαφόρων
2575 3075 2760 3142 ἐθνῶν,
2792 3076 2880 3129 καί
2931 3076 3102 3142 ἠθῶν,
3135 3074 3224 3128 καὶ
3273 3073 3490 3149 τρόπων
3541 3074 3633 3128 xui
3681 3071 3768 3128 λό-

345 3163 423 3218 tis
452 3163 747 3236 variisque
777 3183 910 3221 cum
945 3170 1220 3239 gentibus
1251 3177 1307 3225 et
1339 3171 1624 3240 moribus,
1659 3179 1782 3229 tum
1825 3174 1966 3230 insti

2146 3185 2218 3216 ων
2270 3163 2648 3238 συγκειμένου,
2680 3161 2937 3237 κηδεμὼν
2990 3161 3199 3226 ἁπλοῦς
3252 3163 3316 3232 ἦν
3376 3163 3404 3218 ὁ
3462 3161 3767 3230 αὐτὸς,καὶ

346 3250 493 3308 tutis
541 3257 599 3308 et
647 3253 876 3324 legibus
923 3264 1172 3325 constat,
1206 3259 1332 3330 ipse
1364 3262 1636 3334 simplex,
1668 3264 1967 3336 multiplex

2140 3250 2479 3320 παντοδαπὸς,
2511 3254 2599 3307 xui
2659 3251 2914 3314 ποικίλος
2949 3271 2963 3284 °
2997 3252 3206 3313 ἀπλοῦς
3256 3252 3349 3325 μὲν
3379 3255 3449 3325 τῇ
3483 3252 3761 3327 ὀρθότητι,

346 3344 405 3396 et
432 3342 629 3398 varius
659 3345 1028 3415 gubernabat
1079 3348 1337 3420 Simplex
1368 3351 1605 3421 quidem
1646 3353 1958 3410 rectitudin

2145 3342 2194 3396 ui
2228 3340 2459 3414 ἀληθείᾳ
2497 3344 2677 3412 πάσης
2726 3341 3102 3412 ὑπουλότητος
3151 3342 3240 3396 καὶ
3288 3338 3526 3411 διπλόης
3583 3340 3766 3411 ἀπηλ-

338 3435 398 3484 et
455 3431 719 3498 veritate,
773 3434 844 3488 ab
891 3437 1049 3489 omni
1109 3440 1367 3494 versutia
1413 3445 1469 3494 et
1521 3441 1722 3496 fraude
1770 3442 1957 3498 alienu

2145 3433 2379 3507 αγμιένος
2415 3454 2428 3466 ·
2462 3430 2716 3488 ποικίλος
2750 3429 2807 3487 δὶ
2835 3436 2903 3506 τῇ
2951 3439 3054 3501 τῆς
3113 3431 3380 3506 εὐστόχου
3441 3428 3765 3501 διοικήσεως

339 3518 649 3574 exsistens.
687 3521 899 3578 Varius
940 3528 1132 3580 autem
1191 3527 1349 3582 omni
1397 3536 1564 3584 rectas
1615 3531 1960 3588 administro

2141 3522 2191 3574 ui
2223 3521 2554 3595 προστασίας
2605 3520 2922 3596 εὐμηχανίᾳ
2977 3522 3075 3589 τὴν
3134 3517 3490 3590 κατάλληλον
3553 3521 3762 3593 ἑκάστῳ

338 3606 517 3662 tionis
550 3613 607 3663 et
641 3611 993 3680 praefecturae
1026 3614 1273 3670 artiﬁcio
1305 3624 1500 3687 aptam
1536 3621 1787 3691 singulis
1818 3638 1959 3676 cura

2140 3612 2425 3688 ’ροσφέρων
2488 3611 2798 3686 θεραπείαν,
2855 3610 2946 3664 καὶ
3009 3607 3238 3680 δίαιταν,
3285 3609 3373 3664 καὶ
3429 3613 3534 3662 τῶν
3591 3611 3761 3683 ψυχι-

332 3695 550 3750 tionem
581 3702 638 3752 et
659 3699 885 3754 vivendi
922 3703 1207 3759 rationem
1243 3706 1520 3775 efferens;
1548 3714 1604 3762 et
1626 3710 1723 3762 uni
1750 3710 1953 3780 quider

2140 3704 2210 3760 ῶς
2267 3699 2656 3771 ἀσθενούντων,
2688 3701 2767 3772 τῷ
2830 3702 2923 3773 μὲν
2976 3699 3159 3767 τοῦτο,
3201 3702 3280 3770 τῷ
3339 3695 3396 3752 δὲ
3443 3697 3635 3764 ἐκεῖνο,
3670 3719 3761 3751 σο-

331 3786 740 3854 azgrotantium
779 3805 981 3856 unam,
1014 3791 1179 3847 alteri
1224 3811 1358 3849 vero
1408 3795 1655 3850 alteram
1690 3795 1952 3850 salubrer

2140 3792 2215 3849 ῶς
2263 3789 2351 3842 xui
2404 3787 2729 3859 ἐπιτηδείως
2775 3787 3098 3863 προσνέμων
3149 3784 3488 3842 ἀκεσώδυνον
3535 3788 3759 3863 φάρμαο

333 3873 686 3930 medicinam
747 3879 1041 3948 sapienter
1115 3883 1561 3954 necessarioque
1619 3885 1954 3939 admovebat

2138 3897 2188 3930 ον
2225 3895 2238 3908 ·
2272 3877 2397 3939 τούς
2427 3899 2483 3932 τε
2520 3879 2623 3952 γὰρ
2675 3875 3078 3952 εὐδρομοῦντας
3126 3872 3437 3944 ἐπέσπευδε,
3465 3879 3571 3929 τῶν
3631 3871 3759 3929 ὄπι-

334 3964 478 4019 Nam
513 3971 569 4019 et
600 3975 901 4023 currentes
946 3969 1312 4040 hortabatur,
1343 3979 1408 4026 ut
1438 3989 1638 4028 eorum
1674 3990 1798 4042 quae
1833 3981 1955 4030 retri

2135 3977 2213 4029 θεν
2287 3965 2818 4040 ἐπιλανθανομένους
2895 3970 3015 4028 τοῖς
3087 3963 3388 4039 ἔμπροσθεν
3449 3963 3756 4018 ἐπεκτείνε-

323 4055 464 4106 sunt
493 4052 680 4122 obliti,
703 4056 771 4109 ad
803 4058 1097 4113 anteriora
1120 4061 1607 4126 extenderentur;
1644 4079 1850 4118 rursus
1873 4068 1944 4118 t01

2133 4057 2214 4108 But
2249 4075 2260 4086 ·
2295 4055 2424 4118 τοὺς
2457 4054 2503 4110 δ’
2537 4055 2601 4110 αὖ
2628 4057 2818 4117 νωθεῖς
2845 4076 2902 4110 τε
2932 4053 3021 4108 xui
3053 4053 3319 4129 νωχελεῖς
3346 4055 3484 4128 πρὸς
3517 4053 3754 4126 μίμησιν

321 4145 527 4211 pentes
577 4142 938 4217 ignavosque
967 4147 1036 4200 ad
1073 4147 1462 4202 imitationem
1518 4150 1697 4220 probe
1748 4168 1942 4206 eurrer

2130 4149 2200 4199 ῶν
2258 4145 2444 4207 καλῶς
2496 4146 2805 4221 τρεχόντων
2861 4146 3230 4219 παρώτρυνεν.
3290 4141 3360 4198 Ei’
3417 4164 3469 4197 τι
3529 4140 3586 4197 δὲ
3639 4148 3751 4197 τῶν

325 4227 473 4283 tium
525 4229 883 4302 impellebat.
937 4236 1097 4298 Quod
1133 4235 1181 4290 si
1215 4237 1336 4291 ovis
1369 4239 1440 4291 ab
1474 4237 1609 4292 ovili
1643 4237 1840 4310 aliqua
1869 4243 1946 4295 ex?

2134 4229 2381 4305 ροϐάτων
2446 4241 2545 4299 τῆς
2629 4232 2865 4310 μάνδρας
2943 4233 3319 4307 ἀποσκιρτῴη,
3378 4233 3466 4287 xui
3543 4232 3754 4308 μακρὰν

322 4314 504 4382 lisset,
559 4317 848 4391 longeque
896 4323 1243 4391 aberrasset,
1281 4325 1336 4378 in
1390 4326 1814 4381 solitudinibus
1867 4332 1943 4383 cir

2132 4324 2477 4396 ποπλανῷτο,
2515 4324 2602 4379 ἐπὶ
2651 4327 2744 4387 τὰς
2799 4323 3046 4400 ἐρήμους
3097 4324 3371 4398 ἀνίχνευεν
3421 4323 3510 4378 xui
3563 4343 3753 4397 περιε-

329 4407 658 4461 cumeundn
710 4409 1119 4482 investigabat,
1151 4421 1203 4468 et
1229 4413 1424 4467 ﬁstula
1473 4431 1538 4469 ac
1588 4416 1942 4484 pastoralibu

2131 4410 2284 4467 ςστει.
2459 4434 2516 4467 τε
2575 4412 2813 4487 σύριγγι,
2871 4413 2961 4467 xui
3050 4412 3169 4474 τοίς
3237 4413 3468 4484 νομίους
3529 4410 3752 4485 μέλεσιν

320 4495 695 4552 cantionibus
739 4501 1066 4570 revocabat,
1100 4501 1415 4573 omniaque
1450 4504 1763 4574 peragebat
1791 4516 1842 4559 et
1878 4523 1941 4576 pa

2132 4501 2426 4572 νεκαλεῖτο,
2457 4501 2548 4556 καὶ
2600 4499 2730 4577 ἕδρα
2777 4501 2969 4572 πάντα,
3002 4502 3091 4556 καὶ
3141 4498 3374 4576 ἔπασχεν
3420 4498 3524 4564 ἓως
3570 4499 3631 4554 ἃν
3687 4501 3753 4554 τὸ

319 4582 596 4656 tiebatur,
661 4591 724 4641 ut
781 4606 906 4660 quae
964 4597 1276 4657 erraverat,
1327 4597 1678 4649 servaretur.
1735 4595 1940 4651 Manur

2131 4589 2446 4666 λανώμενον
2474 4591 2842 4662 ἀνασώσηται.
2878 4594 3042 4668 Χεῖρα
3075 4589 3133 4646 δὶ
3187 4596 3304 4652 τοῖς
3356 4597 3455 4660 τῆς
3515 4589 3749 4658 εὐθείας,

316 4685 453 4726 vero
486 4672 558 4728 iis
588 4675 685 4746 qui
722 4693 754 4730 a
789 4682 948 4732 recta
978 4680 1070 4733 via
1111 4681 1506 4746 deﬂexissent,
1538 4683 1890 4755 porrigebat,
1923 4702 1937 4739 ι

2130 4679 2564 4737 πολισθαίνουσιν
2629 4679 2826 4758 ὤρεγε,
2882 4682 2970 4736 καὶ
3023 4679 3154 4743 τοὺς
3215 4679 3394 4755 χαμαὶ
3461 4679 3751 4752 κειμένους

315 4756 484 4815 humi
509 4762 780 4833 jacentes
812 4766 1087 4837 erigebat.

731 4781 780 4821 38
812 4766 1087 4837 erigebat.
2087 4769 2352 4845 ἀνώρθου.

390 4885 676 4943 Caeterum
710 4891 1069 4960 quamjuste
1095 4889 1977 4970 delinquentes,insolentesque

2157 4895 2289 4954 O'iuv
2364 4895 2421 4953 δὲ
2495 4899 2633 4974 πρὸς
2710 4897 2838 4960 τοὺς
2898 4894 3215 4959 ἀδικοῦντας
3266 4895 3356 4950 καὶ
3415 4897 3750 4970 θρασυνομέ-

313 4977 372 5027 et
403 4990 639 5032 aversos
671 4993 704 5031 a
735 4978 1051 5048 disciplina
1074 4979 1544 5051 reprehenderet,
1565 4987 1934 5057 quomodoqu

2124 5008 2236 5056 ους,
2289 4988 2380 5042 xui
2452 4995 2553 5058 τῆς
2607 4988 2848 5060 εὐταξίας
2906 4985 3235 5050 ἀποθέοντας
3283 4987 3470 5054 ἐνιπὴν
3531 4983 3745 5040 ἔνδικον

311 5076 415 5116 eos
465 5065 634 5133 quia
665 5064 950 5137 proximis
999 5067 1218 5138 injuria
1267 5069 1640 5127 afficerentur
1683 5075 1932 5146 Opprime

2125 5081 2344 5145 ποιεῖτο,
2403 5077 2492 5132 xui
2567 5077 2719 5139 ὅπως
2772 5077 2899 5139 τοὺς
2965 5078 3067 5134 ὑπὸ
3125 5083 3232 5132 τῶν
3291 5076 3460 5142 πέλας
3517 5075 3746 5132 ἀδικου-

318 5155 642 5223 renturque
693 5152 1038 5220 vindicaret,
1070 5161 1406 5229 quantaque
1455 5160 1511 5214 in
1565 5162 1939 5234 delinquente

2126 5167 2283 5228 γένους
2363 5188 2420 5222 τε
2501 5168 2591 5222 xui
2671 5165 3211 5240 πλεονεκτουμένους
3311 5165 3571 5239 ἐξεδίκει,
3652 5168 3747 5221 καὶ

315 5235 633 5296 clementia
663 5247 953 5309 uteretur,
977 5246 1200 5300 cunctis
1235 5250 1588 5318 pcenitentiaa
1609 5257 1806 5322 portas
1828 5270 1936 5324 pan

2122 5257 2143 5310 ὸ
2193 5256 2578 5333 φιλάνθρωπον
2630 5256 2756 5312 ὅσον
2809 5258 2932 5332 περὶ
2978 5256 3104 5320 τοὺς
3150 5257 3540 5332 ἡμαρτηκότας
3572 5257 3743 5333 εἶχεν,

312 5326 526 5397 dendo,
567 5331 709 5384 dum
743 5347 844 5388 eos
875 5334 974 5404 qui
1005 5338 1755 5395 converterenturlibenter
1773 5341 1933 5398 hilari

2124 5366 2277 5400 πασιν
2341 5345 2662 5408 ἐκπεταννὺς
2732 5347 2826 5408 τὰς
2892 5353 2994 5415 τῆς
3054 5347 3338 5418 μετανοίας
3392 5345 3591 5414 πύλας,
3650 5346 3745 5400 xui

311 5419 520 5487 terque
553 5423 834 5490 tanquam
862 5422 1070 5478 Christi
1108 5425 1371 5480 imitator
1400 5427 1761 5494 admitteret,
1781 5436 1838 5486 et
1858 5431 1932 5487 Nc

2124 5433 2207 5496 οὺς
2297 5434 2716 5513 ἐπιστρέφοντας
2800 5435 3078 5498 ἀσπασίως
3158 5436 3248 5490 καὶ
3331 5433 3595 5512 φαιδρῶς,
3665 5434 3745 5498 ὡς

292 5505 424 5560 vati
461 5507 734 5564 duritiem
768 5526 833 5564 ac
862 5515 1177 5584 superbam
1208 5515 1547 5583 elationem,
1578 5517 1676 5572 ubi
1712 5520 1902 5588 primu

2122 5526 2318 5598 ξριστοῦ
2379 5505 2652 5598 μιμητής,
2713 5527 3062 5601 προϊέμενος,
3112 5526 3356 5580 Νουάτου
3403 5525 3501 5592 τήν
3565 5524 3743 5578 ἀπαν-

307 5595 550 5651 verbum
581 5597 684 5653 Dei
714 5600 1028 5671 praedicare
1057 5620 1374 5676 aggressus
1401 5609 1510 5670 est,
1541 5623 1576 5661 a
1625 5608 1808 5664 sacris
1837 5626 1928 5667 ma

2121 5595 2324 5686 ρωπίαν
2381 5595 2502 5670 *καὶ
2579 5595 2899 5684 ἀλαζονείαν
2985 5615 3075 5668 ἀπ’
3131 5613 3316 5689 ἀρχῆς
3401 5617 3498 5668 τοῦ
3589 5613 3742 5678 θείου

305 5684 486 5742 nibus
515 5687 846 5762 ablegaret;
881 5694 1066 5750 oratio
1097 5695 1496 5751 narrationem
1529 5711 1734 5754 eorum
1769 5715 1898 5771 quae

2119 5684 2436 5780 ηρύγματος
2506 5708 2612 5759 τῶν
2682 5705 2842 5778 ἱερῶν
2917 5684 3247 5774 περιϐόλῶν
3298 5703 3686 5780 ἐξοστρακίζων
3724 5750 3740 5778 ,
