4106 6406
339 377 450 431 649

1365 375 1562 440 νιΤΑ,
1601 370 1940 427 AUCTORE
1979 369 2354 423 MICHAELE
2388 370 2741 424 BYNGELO.

3659 372 3770 426 650

343 499 586 573 δηλώσει
615 504 732 561 τοῖς
766 499 1056 571 ἀκροαταῖς
1107 500 1135 554 6
1191 497 1382 574 λόγος,
1409 505 1508 568 τῆς
1542 501 1650 553 τῶν
1702 503 1774 566 Δη
1788 490 2009 570 μοφίλῳ

2132 492 2476 566 Demophilo
2509 495 2790 550 audacter
2848 495 3006 551 dicta
3049 500 3206 566 sunt,
3241 495 3445 552 leviter
3472 497 3770 570 attingens

339 586 776 662 τετολμημένων
807 585 1114 664 διηγήσεως
1166 588 1474 662 ἀκροθιγῶς
1518 586 1818 660 ἁψάμενος,
1851 580 2003 657 ἀφεὶς

345 677 714 752 ἐντελέστερον
795 680 1058 750 μαθήσειν
1137 675 1547 749 ἐντευξομένους
1619 678 1735 734 τοῖς
1792 670 1826 725 δι
1872 671 2009 744 πρὸς

344 766 549 822 ἐκεῖνον
585 767 613 821 ὁ
647 767 1097 840 θαυμασιώτατος
1128 767 1339 838 ποιμὴν
1385 764 1745 841 γεγράφηκεν.
1776 761 1946 820 Οὗτος
1979 759 2006 812 6

345 855 667 932 Δημόφιλος
733 856 955 930 ὑπῆρχε
1011 860 1119 911 τῶν
1155 857 1258 910 ὑπὸ
1289 859 1368 926 τῷ
1428 854 1653 928 μεγάλῳ
1703 848 2004 905 τελούντων

345 943 590 1020 ἱεροθέτη
653 950 918 1016 Διονυσίῳ
977 947 1341 1020 θεραπευτῶν,
1377 944 1438 998 ἐκ
1475 945 1574 1007 τῆς
1638 941 1726 996 ὑπ’
1755 940 2010 1008 Ἀθήναις

347 1032 616 1108 ἐπαρχίας
667 1033 1014 1106 ὁρμώμενος,
1049 1030 1139 1087 διὰ
1193 1039 1294 1101 τῆς
1346 1029 1786 1105 ἱεροτελεστικῆς
1845 1026 2008 1080 αὐτοῦ

348 1121 607 1178 πανοσίου
641 1121 984 1197 χειροθεσίας
1013 1123 1345 1196 θεραπευτής
1372 1119 1704 1194 τεταγμένος
1725 1137 1737 1151 ·
1772 1114 2009 1190 μοναχοὶ

349 1210 406 1267 δὲ
433 1210 586 1266 τουτὶ
616 1211 680 1266 τὸ
709 1212 892 1286 τάγμα
922 1210 1352 1286 χρηματίζουσι,
1371 1213 1440 1284 τῇ
1472 1206 1812 1285 προσηγορίᾳ
1839 1205 2007 1278 ταύτῃ

347 1303 461 1356 κατ’
494 1299 667 1355 ἐκεῖνο
698 1303 890 1376 καιροῦ
926 1297 1165 1373 μάλιστα
1189 1298 1549 1372 καλούμενοι,
1580 1303 1698 1358 ταῖς
1727 1299 1823 1350 τοῦ
1863 1296 2010 1368 ἱερα-

343 1389 492 1446 τείου
517 1386 718 1452 πύλαις
741 1389 1022 1468 ἐφεστάναι
1051 1387 1398 1462 ταττόμενοι.
1418 1389 1526 1444 Τὸν
1551 1386 1749 1441 οἰκεῖον
1775 1382 1865 1438 οὖν
1885 1404 2012 1459 πρεο

345 1476 604 1550 σϐὐτερον
636 1477 821 1534 οὐτοσί
853 1479 1280 1554 τετυραννηκὼς,
1323 1474 1746 1547 εἰσπεπηδηκὼς
1788 1473 1840 1528 ἐν
1893 1478 2008 1535 τοῖς

346 1567 590 1641 ἀδύτοις,
625 1568 687 1622 οὗ
739 1573 944 1643 χωρεῖν
996 1568 1099 1623 οὐκ
1146 1569 1213 1636 ἦν
1275 1567 1422 1639 αὐτῷ
1473 1566 1714 1638 θεμιτὸν,
1749 1563 1854 1618 ἀπὸ
1914 1567 2009 1616 τοῦ

352 1655 739 1732 θυσιαστηρίου
789 1677 848 1711 τε
893 1654 1224 1725 συνέστειλε,
1268 1655 1359 1710 καὶ
1411 1659 1508 1710 τοῦ
1559 1653 1748 1730 χώρου
1777 1657 1885 1706 τῶν
1931 1652 2006 1704 ἱε-

352 1745 614 1819 ρωμένων
671 1743 762 1797 σὺν
815 1742 1056 1817 ἀτιμίαις
1106 1743 1194 1798 καὶ
1260 1741 1750 1817 προπηλακισμοῖς
1799 1738 2008 1809 ἐξέωσε,

351 1832 605 1904 ζηλώσας
665 1829 848 1900 δῆθεν,
908 1831 999 1886 καὶ
1085 1829 1435 1906 χαλεπήνας,
1489 1832 1563 1893 ὡς
1621 1832 1648 1884 ὁ
1708 1826 2006 1904 χριστομί-

355 1942 525 1996 μητος
588 1920 760 1992 ἱερεὺς
819 1920 926 1975 ἀπὸ
985 1922 1398 1996 ἁμαρτημάτων
1473 1919 1595 1974 τινὰ
1681 1921 2002 1992 μετανοοῦν·

349 2033 413 2068 τα
464 2012 806 2085 προσήκατο,
856 2010 913 2064 ’ὸν
1001 2009 1129 2064 ὡσεί
1210 2031 1333 2065 τινα
1407 2005 1636 2078 δυσσεϐῆ
1717 2007 1806 2062 καὶ
1878 2005 2004 2061 ἀλι-

345 2101 536 2175 τήριον
588 2097 936 2175 ἡγησάμενος
989 2100 1016 2153 6
1066 2097 1388 2176 Δημόφιλος
1447 2095 1821 2166 ἀπελάκτισεν,
1863 2097 2000 2168 ὁμο-

349 2187 614 2264 λογοῦντα
671 2188 786 2260 μετ’
842 2184 1034 2250 αἰδοῦς
1085 2188 1222 2262 πρὸς
1294 2185 1527 2260 ἰατρείαν
1585 2190 1766 2241 κακῶν
1823 2185 1998 2256 ἥκειν,

346 2277 436 2333 καὶ
478 2282 666 2352 τυχεῖν
706 2275 892 2338 ἐλέους
958 2273 1232 2349 δεόμενον.
1285 2277 1384 2330 Καὶ
1434 2277 1660 2349 πάμπαν
1709 2273 2001 2347 ἀπωσάμε-

345 2388 457 2438 νος,
503 2363 650 2436 ἔδοξέ
695 2387 749 2420 τι
807 2365 941 2439 μέγα
990 2365 1407 2441 κατωρθωκέναι
1444 2385 1456 2398 ·
1508 2363 1578 2418 δι’
1616 2365 1645 2419 ’ὁ
1687 2363 1776 2420 καὶ
1833 2384 2000 2438 μεγα-

347 2455 571 2531 λαυχῶν
629 2454 910 2524 ἀνατίθησι
967 2458 1048 2526 τῷ
1109 2453 1352 2529 μεγίστῳ
1405 2454 1717 2526 ποιμένιτά
1762 2473 2007 2530 πεπραγ-

351 2545 505 2617 μένα,
537 2543 674 2618 πρὸς
734 2543 792 2596 ὃν
853 2542 953 2610 τὴν
997 2541 1296 2618 πανωφελῆ
1338 2562 1396 2596 τε
1443 2544 1533 2597 καὶ
1564 2541 1838 2620 πάνσοφον
1893 2540 2008 2596 ἐπι-

347 2631 549 2700 στολήν
611 2631 821 2700 ἐκείνην
881 2629 1212 2703 ἀντέγραψεν
1265 2631 1293 2684 ὁ
1345 2630 1638 2698 θειότατος,
1669 2632 1771 2699 τὴν
1827 2627 2005 2698 πάσης

348 2722 546 2796 ἀρετῆς
573 2721 665 2774 καὶ
699 2718 939 2791 εὐταξίας
997 2715 1337 2786 διδακτικήν,
1373 2715 1442 2772 δι’
1473 2721 1540 2786 ἧς
1595 2719 1693 2787 τήν
1754 2714 2008 2786 ἀνεκδιή-

345 2808 514 2883 γητόν
578 2828 638 2862 τε
700 2811 798 2862 τοῦ
859 2803 1254 2883 φιλανθρώπου
1326 2805 1528 2882 Κυρίου
1601 2809 1763 2879 ἡμῶν
1824 2807 2009 2876 Ἰησοῦ

351 2900 587 2972 Χριστοῦ
643 2895 767 2971 περὶ
827 2897 999 2966 ἡμᾶς,
1045 2895 1134 2949 καὶ
1184 2895 1422 2967 μάλιστα
1475 2899 1891 2969 μετανοοῦντας,
1925 2892 2010 2948 εὐ-

353 2983 716 3061 σπλαγχνίαν,
748 2983 837 3038 καὶ
869 2985 969 3054 τὴν
1020 2985 1212 3038 ἑαυτοῦ
1267 2983 1611 3058 θεομίμητον
1673 2985 2009 3057 συμπάθειαν

356 3074 700 3148 διεσήμανεν,
759 3072 1046 3148 ἐπαγαγὼν
1105 3071 1343 3148 ἱστορίαν
1423 3074 1674 3150 φρικτήν,
1733 3075 1799 3142 ἣν
1860 3073 2012 3144 ὑμῖν,

357 3167 401 3219 ὦ
478 3162 802 3239 θερμότατοι
876 3169 978 3231 τῆς
1054 3167 1162 3216 τῶν
1234 3161 1498 3237 μεγίστων
1552 3167 1650 3217 τοῦ
1703 3161 2012 3235 ἀξιεπαίνου

2117 581 2490 638 auditoribus
2525 583 2869 648 declarabit,
2904 585 3252 656 permittens
3303 591 3368 642 ut
3417 604 3484 641 ex
3521 587 3772 642 lectione

2117 687 2318 726 eorum
2352 688 2480 742 qua:
2510 680 2711 744 pastor
2759 663 3147 728 admirandus
3206 677 3276 728 ad
3312 675 3476 730 illum
3511 676 3769 747 scripsit,

2119 759 2352 831 plenius
2387 762 2776 818 instruantur.
2813 763 3352 835 Demophilusiste,
3396 783 3550 821 unus
3572 783 3641 821 ex
3674 765 3776 820 mi-

2120 849 2323 905 nistris
2355 849 2603 922 illis,qui
2630 869 2660 906 a
2693 852 2966 924 Dionysio
2995 853 3193 908 divino
3229 854 3566 910 institutore
3589 855 3773 911 sacris

2119 937 2334 992 initiati
2367 945 2554 1009 erant,
2583 957 2650 995 ex
2683 941 2982 1011 provincia
3009 942 3254 997 Athenis
3275 943 3541 1012 subjecta
3570 945 3776 999 oriun-

2121 1027 2231 1081 dus
2269 1045 2369 1099 pcr
2400 1046 2626 1083 sacram
2661 1031 2790 1100 ejus
2852 1035 3242 1103 sanctamque
3293 1033 3444 1086 379
3490 1049 3774 1088 manuum

2120 1116 2565 1186 impositionem
2607 1119 2886 1174 minister
2908 1121 3217 1175 ordinatus
3241 1121 3659 1176 fuiLCaetcrum
3677 1123 3776 1193 qui

2122 1209 2438 1259 censentur
2469 1206 2578 1260 hoc
2610 1208 2834 1277 ordine,
2895 1209 3169 1264 monachi
3224 1210 3616 1281 appellantur,
3667 1211 3777 1267 hoc

2123 1296 2490 1365 cognomine,
2540 1295 2640 1351 illo
2702 1298 2953 1352 maxime
2985 1306 3250 1370 tempore
3291 1300 3639 1372 nuncupati,
3673 1301 3776 1371 qui

2121 1383 2193 1437 ad
2219 1387 2418 1454 portas
2443 1385 2647 1457 templi
2673 1386 3040 1455 jubebantur
3069 1388 3369 1444 assistere.
3418 1389 3602 1458 Igitur
3639 1406 3775 1445 cum

2121 1473 2424 1544 preprium
2459 1474 2553 1530 hic
2602 1477 3003 1548 presbyterum
3031 1479 3332 1549 tyrannice
3361 1477 3775 1550 oppressisset,

2119 1562 2178 1615 in
2213 1563 2505 1635 adytaque
2537 1581 2652 1635 quo
2683 1565 2995 1636 procedere
3022 1565 3238 1622 illinon
3270 1566 3776 1634 licebat,insiluis-

2121 1655 2231 1721 set,
2266 1652 2337 1707 ab
2368 1652 2539 1708 altari
2571 1670 2806 1726 quoque
2840 1671 2905 1710 ac
2940 1653 3250 1710 hominum
3295 1661 3775 1712 consecratorum

2118 1739 2244 1795 loco
2271 1739 2441 1796 illum
2475 1743 2804 1810 submovit;
2832 1760 2940 1799 nec
2993 1745 3120 1799 sine
3151 1744 3433 1800 conviciis
3465 1763 3530 1800 ac
3561 1750 3774 1801 contu-

2119 1828 2312 1884 meliis
2339 1830 2586 1902 expulit,
2618 1832 2786 1902 quasi
2810 1849 2960 1904 aegre
2982 1850 3048 1888 ac
3081 1833 3326 1889 moleste
3359 1834 3550 1889 ferens
3572 1851 3771 1890 sacer-

2113 1918 2310 1973 dotem
2353 1919 2708 1975 imitatorem
2741 1921 2980 1990 Christi,
3015 1927 3147 1992 post
3176 1928 3414 1994 peccata
3444 1925 3764 1994 quemdam

2111 2006 2517 2077 pcenitentiam
2552 2015 2822 2080 agentem
2853 2010 3368 2082 admisisse,quem
3401 2013 3487 2067 uti
3511 2012 3760 2084 impium

2110 2093 2367 2167 aliquem
2383 2113 2447 2152 ac
2462 2096 2819 2153 scelerosum
2849 2099 3228 2170 Demophilus
3252 2099 3760 2167 arbitratus,calce

2108 2184 2433 2257 expulerat,
2467 2191 2767 2258 utcunque
2797 2187 2894 2242 ille
2924 2189 3138 2244 rubore
3168 2190 3443 2260 perfusus
3472 2191 3758 2246 fateretur

2110 2274 2180 2328 ad
2199 2275 2550 2331 medicinam
2567 2293 2629 2332 se
2643 2275 2931 2333 malorum
2954 2277 3534 2350 accessisse,sibique
3554 2279 3757 2351 ignos-

2112 2363 2163 2418 ci
2189 2369 2458 2436 rogaret;
2493 2383 2744 2436 cumque
2776 2383 3019 2437 prorsus
3048 2366 3216 2422 illum
3266 2368 3604 2439 repulisset,
3629 2386 3758 2424 ma-

2113 2469 2298 2526 gnum
2325 2454 2608 2525 quiddam
2637 2455 2750 2511 sibi
2781 2456 2946 2511 visus
3005 2461 3096 2511 est
3154 2458 3519 2527 praestitisse.
3559 2461 3764 2531 Itaque

2116 2543 2429 2614 magniﬁce
2459 2543 2719 2615 glorians
2761 2544 3018 2600 maximo
3065 2546 3287 2616 pastori
3347 2563 3476 2618 quae
3534 2553 3769 2619 peracta

2117 2640 2318 2688 essent
2373 2633 2796 2702 communicat,
2863 2635 2935 2688 ad
2996 2650 3170 2704 quem
3233 2635 3545 2706 epistolam
3603 2635 3770 2691 illam

2120 2722 2375 2776 maxime
2407 2720 2708 2787 utilem,ac
2739 2721 3437 2792 sapientissimam.omni
3458 2725 3675 2780 virtute
3706 2741 3771 2779 ac

2121 2808 2436 2881 disciplina
2465 2810 2741 2865 refertam
2773 2811 2862 2864 vir
2918 2809 3328 2867 divinissimus
3360 2813 3623 2883 scripsit,
3658 2831 3775 2884 qua

2123 2897 2580 2953 inenarrabilem
2612 2898 3027 2970 benignissimi
3086 2899 3324 2955 Domini
3391 2900 3576 2956 nostri
3633 2901 3774 2956 Jesu

2123 2985 2338 3041 Christi
2365 2986 2520 3042 circa
2551 3003 2676 3058 nos,
2704 2987 3025 3057 praesertim
3061 2988 3465 3059 pmniteatiam
3511 2995 3772 3061 agentes,

2127 3074 2614 3146 misericordiam,
2647 3082 2704 3131 et
2736 3093 2908 3132 suam
2957 3076 3146 3147 ipsius
3178 3077 3294 3132 Deo
3326 3077 3581 3134 similem
3614 3095 3774 3134 com-

2127 3163 2565 3220 miserationem
2598 3164 2939 3231 declaravit,
2963 3166 3256 3222 horrenda
3286 3167 3530 3224 historia
3568 3169 3627 3224 in
3649 3185 3776 3224 me-

359 3253 562 3327 πατρὸς
643 3251 983 3327 αὐχημάτων
1066 3251 1374 3326 ἀκροάσεως
1447 3249 1686 3326 ἐρασταὶ,
1744 3251 2014 3327 προθήσο-

2132 3252 2291 3306 dium
2325 3251 2521 3319 allata,
2550 3270 2728 3324 quam
2760 3254 2946 3318 vobis,
2979 3255 3079 3326 qui
3111 3256 3336 3328 ingenti
3370 3257 3780 3322 animiardore

372 3364 490 3416 μαι.

433 3555 500 3614 Εἰ
564 3555 775 3633 βούλει,
809 3553 964 3634 φησὶ,
1006 3553 1096 3609 καὶ
1157 3552 1303 3618 θείας
1360 3555 1598 3628 ὁράσεως
1658 3553 1816 3629 ἁγίου
1870 3554 2018 3616 τινὸς

363 3643 558 3721 ἀνδρὸς
617 3645 1126 3718 ἐπιμνησθήσομαι,
1180 3642 1269 3697 καὶ
1348 3644 1424 3716 μὴ
1496 3642 1778 3717 γελάσῃςο
1841 3642 2023 3712 ἀληθῆ

362 3736 464 3810 γὰρ
524 3739 652 3809 ἐρῶ.
687 3733 982 3807 Γενόμενόν
1045 3733 1111 3804 μέ
1167 3753 1302 3786 ποτε
1330 3731 1468 3786 κατὰ
1499 3733 1598 3801 τήν
1627 3734 1851 3808 Κρήτην
1886 3733 1913 3786 6
1943 3732 2021 3786 ie-

368 3824 463 3898 ρὸς
520 3822 896 3898 ἐξεναγώγησε
955 3821 1192 3893 Κάρπος,
1235 3819 1397 3896 ἀνὴρ,
1456 3819 1546 3875 καὶ
1607 3819 1662 3875 εἷ’
1683 3843 1768 3884 τις
1826 3818 2022 3891 ἄλλος,

373 3911 464 3966 διὰ
517 3910 737 3980 πολλὴν
796 3910 1143 3986 καθαρότητα
1197 3913 1292 3964 νοῦ
1339 3911 1478 3985 πρὸς
1528 3910 1778 3965 θεοπτίαν
1833 3909 2025 3981 ἐπιτη-

369 3999 670 4062 δειότατος·
726 3999 816 4054 καὶ
868 4004 999 4075 γοῦν
1078 3996 1204 4053 οὐδὲ
1257 3999 1375 4060 ταῖς
1436 4000 1619 4074 ἁγίαις
1661 4003 1768 4054 τῶν
1820 4021 2024 4072 μυστη-

371 4090 500 4165 ρίων
559 4087 806 4150 τελεταῖς
855 4087 1140 4163 ἐνεχείρει,
1205 4088 1281 4159 μὴ
1335 4087 1597 4163 πρότερον
1678 4087 1826 4160 αὐτῷ
1894 4087 2030 4143 κατά

366 4180 462 4243 τὰς
519 4178 876 4252 προτελείους
909 4177 1078 4251 εὐχὰς
1132 4179 1280 4249 ἱερᾶς
1334 4177 1425 4231 καὶ
1483 4177 1744 4249 εὐμενοῦς
1792 4176 2029 4252 ὁράσεως

371 4268 823 4346 ἐπιφαινομένης.
879 4264 1112 4339 Ἔλεγεν
1158 4264 1273 4334 οὖν,
1307 4264 1390 4320 ὅτι
1437 4264 1816 4337 λελυπηκότος
1871 4266 2028 4321 αὐτόν

369 4379 502 4413 ποτε
529 4362 634 4410 τῶν
668 4355 908 4410 ἀπίστων
941 4354 1087 4416 τινός
1121 4373 1133 4386 °
1168 4357 1226 4424 (ἡ
1270 4352 1419 4424 λύπη
1459 4351 1517 4408 δὲ
1545 4355 1636 4424 ἧν,
1670 4353 1752 4410 ὅτι
1783 4359 1884 4420 τῆς
1913 4356 2034 4410 Ἐκ-

373 4448 606 4519 κλησίας
650 4445 855 4508 ἐκεῖνός
910 4467 1032 4501 τινα
1087 4447 1222 4521 πρὸς
1281 4445 1344 4499 τὸ
1403 4445 1558 4508 ἄθεον
1609 4444 2008 4516 ἀπεπλάνησεν·

377 4532 453 4592 ἔτι
485 4542 592 4591 τῶν
633 4535 864 4611 ἰλαρίων
897 4537 1122 4611 ἡμερῶν
1169 4533 1319 4606 αὐτῷ
1360 4535 1728 4607 τελουμένων,
1763 4531 1878 4589 δέον
1930 4535 2038 4607 ἀμ-

2128 3346 2295 3412 gesta
2325 3341 2723 3398 laudatissimi
2755 3344 2945 3400 Patris
2975 3344 3233 3416 gloriosa
3280 3344 3530 3402 libenter
3574 3346 3778 3402 audire

2129 3431 2538 3499 consuevistis,
2573 3448 2919 3503 proponam.

2204 3555 2261 3610 Si
2293 3554 2436 3610 libet
2481 3555 2717 3627 (inquit)
2760 3556 3022 3612 divinam
3071 3559 3259 3615 sancti
3313 3561 3623 3632 cujusdam
3673 3561 3782 3616 viri

2130 3644 2413 3700 visionem
2451 3645 2810 3714 memorabo,
2845 3647 3399 3718 nequeirriseritis:
3457 3666 3594 3705 vera
3623 3650 3784 3705 enim

2133 3734 2346 3789 dicam.
2372 3733 2515 3788 Cum
2549 3733 2861 3805 aliquando
2893 3735 3124 3791 Cretam
3156 3736 3541 3808 appulissem,
3566 3738 3624 3794 S.
3645 3739 3784 3794 Car-

2139 3839 2249 3893 pus
2272 3822 2528 3895 hospitio
2548 3839 2642 3878 me
2665 3823 3060 3896 suscepit,vir,
3077 3825 3126 3880 si
3160 3825 3478 3898 quisquam
3503 3826 3676 3895 alius,
3709 3829 3784 3883 ob

2140 3913 2439 3984 ingentem
2466 3912 2647 3968 animi
2679 3913 2999 3984 puritatem
3033 3915 3248 3969 divinis
3280 3915 3786 3986 speculationibus

2141 4001 2524 4072 aptissimus:
2560 4001 2662 4072 qui
2693 4019 2796 4057 nec
2827 4019 2970 4057 sane
3032 4003 3192 4072 prius
3225 4009 3429 4058 sancta
3479 4005 3785 4077 mysterio-

2141 4109 2270 4146 rum
2306 4091 2594 4146 sacrificia
2624 4092 3097 4163 aggrediebatur,
3130 4109 3308 4162 quam
3349 4095 3504 4147 inter
3562 4095 3786 4165 primas

2142 4197 2366 4252 preces,
2403 4197 2529 4252 qum
2553 4185 2687 4235 ante
2712 4181 3066 4236 sacriﬁcium
3094 4187 3476 4253 peraguntur,
3510 4199 3677 4237 sacra
3705 4181 3791 4237 illi

2144 4287 2209 4324 ac
2233 4269 2484 4341 propitia
2515 4269 2661 4323 visio
2685 4269 3079 4340 apparuisset.
3099 4269 3296 4340 Ipsum
3320 4269 3500 4341 igitur
3531 4273 3616 4341 (ut
3636 4271 3790 4327 idem

2145 4359 2360 4429 aiebat)
2381 4358 2636 4412 inﬁdelis
2656 4358 2896 4429 quidam
2931 4358 3176 4413 tristitia
3197 4359 3508 4415 affecerat:
3550 4359 3795 4416 tristitia

2146 4454 2343 4504 autem
2371 4447 2492 4502 haec
2515 4453 2660 4517 erat,
2694 4448 2848 4518 quod
2872 4447 2969 4503 ille
2996 4449 3312 4518 quemdam
3338 4449 3410 4504 ab
3432 4449 3694 4504 Ecclesia
3720 4450 3793 4505 ad

2147 4536 2510 4608 impietatem
2545 4536 2885 4590 abduxerat.
2915 4535 3066 4590 Dum
3127 4535 3319 4590 adhuc
3375 4537 3448 4590 ab
3504 4539 3633 4608 ipso
3666 4537 3798 4594 festi

373 4628 615 4702 φοτέρων
666 4625 1064 4700 ἀγαθοπρεπῶς
1113 4623 1520 4698 ὑπερεύξασθαι,
1581 4624 1671 4678 καὶ
1723 4624 1850 4678 Θεὸν
1917 4630 2018 4677 Σω·

2149 4627 2274 4681 dies
2298 4625 2652 4680 Hilariorum
2687 4629 3023 4695 agerentur,
3057 4629 3115 4680 et
3143 4641 3246 4696 pro
3280 4625 3690 4698 utriusque(ut
3716 4626 3794 4682 vi-

372 4724 514 4792 τῆρα
572 4714 937 4790 συλλήπτορα
998 4709 1261 4784 λαϐόντα,
1291 4713 1384 4769 τὸν
1440 4715 1532 4788 μὶν
1575 4713 1912 4790 ἐπιστρέψαι,
1941 4715 2032 4769 τὸν

375 4803 434 4859 δὲ
463 4804 761 4878 ἀγαθότητι
812 4810 1054 4874 νικῆσαι,
1089 4804 1177 4858 καὶ
1237 4803 1313 4875 μὴ
1363 4800 1635 4858 διαλιπεῖν
1685 4806 2038 4867 νουθετοῦντα

377 4892 467 4949 διὰ
532 4892 655 4968 βίου
709 4893 930 4960 παντὸς,
963 4893 1125 4968 ἄχρις
1180 4892 1242 4946 οὗ
1297 4893 1361 4947 τὸ
1410 4894 1669 4967 σήμερον,
1715 4893 1804 4947 καὶ
1863 4891 2038 4955 οὕτως

379 4982 471 5038 ἐπὶ
499 4984 600 5052 τὴν
635 4982 782 5046 θείαν
812 4980 1008 5045 αὐτοὺς
1037 4981 1252 5056 ἀγαγεῖν
1303 4986 1524 5057 γνῶσιν,
1558 4983 1632 5044 ὡς
1683 4981 1741 5037 ἂν
1791 4979 1900 5052 ἤδη
1949 4982 2040 5036 καὶ

377 5076 484 5127 τῶν
543 5065 1051 5149 ἀμφισϐητησίμων
1111 5071 1298 5132 αὐτοῖς
1367 5072 1727 5145 κρινομένων,
1783 5071 1874 5126 καὶ
1929 5074 2038 5125 τῶν

381 5160 594 5235 ἀλόγως
643 5161 1056 5234 θρασυνομένων
1103 5158 1320 5233 ἐννόμῳ
1373 5157 1498 5234 δίκῃ
1557 5166 1854 5238 σωφρονεῖν
1886 5161 2042 5234 ἀναγ-

381 5249 694 5323 καζομένων
728 5270 741 5283 ·
775 5247 901 5304 ἀλλ’
957 5248 1009 5303 ἐν
1061 5248 1237 5321 ἑαυτῷ
1291 5250 1367 5322 μὴ
1420 5249 1684 5325 πρότερον
1727 5253 1888 5304 τοῦτο
1938 5269 2043 5304 πα-

382 5338 512 5408 θὼν,
541 5337 640 5393 οὐκ
670 5335 770 5392 οἶδ’
805 5339 957 5400 ὅπως
987 5336 1111 5392 τότε
1140 5336 1364 5408 πολλήν
1415 5359 1537 5394 τινα
1577 5341 1676 5408 τὴν
1730 5337 2041 5412 δυσμένειαν

378 5428 470 5482 καὶ
498 5429 599 5497 τὴν
632 5427 853 5501 πικρίαν
879 5425 1123 5497 ἐκτήξας,
1166 5425 1468 5502 κατεδάρθη
1521 5428 1616 5500 μὲν
1662 5426 1805 5482 οὕτω
1862 5430 2045 5488 κακῶς

383 5515 528 5592 ἔχων
560 5536 571 5550 ·
629 5516 854 5592 (ἐσπέρα
883 5517 986 5592 γάρ
1169 5516 1294 5592 περὶ
1346 5514 1403 5571 δὲ
1449 5518 1615 5590 μέσας
1663 5517 1858 5580 νύκτας
1907 5515 2050 5591 (εἰώ-

386 5617 464 5670 θει
510 5607 614 5682 γάρ
644 5606 722 5670 εἰς
749 5603 906 5661 τόνδε
960 5607 1052 5660 τὸν
1103 5606 1292 5682 καιρὸν
1341 5604 1500 5668 αὐτὸς
1550 5606 1629 5684 ἐφ’
1661 5606 1853 5661 ἑαυτοῦ
1909 5606 2046 5681 πρὸς

385 5696 510 5760 τοὺς
569 5696 745 5762 θείους
805 5697 1008 5769 ὕμνους
1069 5694 1476 5774 ἐγρηγορέναι·)
1536 5695 1866 5752 διανίσταται
1929 5697 2049 5770 μὲν,

715 5831 974 5888 ιἰιτιιοι.
1027 5829 1133 5886 Ca.
1184 5828 1282 5886 IV.

2147 4731 2277 4770 rum
2310 4715 2530 4770 bonum
2563 4715 2827 4784 decebat)
2884 4729 3086 4784 preces
3135 4714 3456 4779 effundere,
3495 4719 3799 4788 Deumque

2145 4809 2509 4859 Servatorem
2560 4803 2617 4856 in
2651 4802 2933 4856 auxilium
2967 4803 3230 4874 accipere
3275 4803 3600 4872 debuisset,
3633 4807 3699 4858 ut
3721 4803 3799 4858 al-

2147 4901 2342 4951 terum
2369 4894 2608 4965 quidem
2635 4894 2704 4948 ab
2731 4908 2926 4948 errore
2957 4897 3336 4962 converteret,
3372 4892 3620 4949 alterum
3664 4910 3797 4950 vero

2152 4983 2512 5056 benignitate
2543 4987 2867 5054 superaret,
2903 4998 3006 5037 nec
3037 4982 3198 5037 omni
3236 4983 3368 5037 vitm
3411 4987 3673 5054 tempore
3725 4983 3798 5038 ab

2152 5073 2523 5129 admonendo
2545 5071 2848 5138 desistere,
2875 5075 2939 5125 ut
2969 5087 3067 5126 eos
3099 5071 3208 5127 hac
3237 5071 3459 5127 ratione
3482 5073 3553 5127 ad
3577 5072 3681 5128 Dei
3711 5087 3802 5128 co-

2153 5163 2471 5234 gnitionem
2505 5161 2842 5229 adduceret,
2877 5163 2934 5215 et
2965 5176 3092 5229 quae
3125 5159 3184 5213 in
3231 5159 3686 5216 controversiam
3705 5177 3802 5216 vc-

2155 5254 2385 5318 nerant,
2418 5249 2658 5305 tandem
2689 5248 3006 5318 aliquando
3027 5248 3460 5318 judicarentur,
3495 5253 3553 5304 et
3585 5253 3808 5320 quaete-

2155 5355 2315 5395 mere
2349 5355 2450 5410 per
2479 5337 2787 5393 audaciam
2822 5340 3049 5404 patrata
3107 5341 3327 5405 essent,
3379 5337 3515 5407 jure
3543 5336 3808 5409 legitimo

2156 5429 2470 5485 emendare
2520 5429 2904 5497 cogerentur;
2939 5426 3094 5482 380
3127 5425 3175 5481 is
3236 5426 3392 5497 (cum
3445 5425 3558 5482 sibi
3590 5427 3646 5480 id
3692 5443 3809 5481 non

2157 5517 2323 5591 prius
2353 5516 2718 5587 contigisset)
2781 5516 2979 5570 nescio
3040 5532 3154 5586 quo
3211 5519 3380 5586 pacto
3435 5519 3558 5570 tum
3595 5531 3810 5586 magno

2160 5608 2418 5679 quodam
2449 5605 2581 5661 odio
2613 5621 2679 5659 ac
2702 5603 3122 5672 amaritudine,
3155 5604 3355 5660 animo
3385 5603 3662 5668 intabuit,
3695 5602 3810 5657 ita-

2161 5712 2275 5768 que
2307 5693 2460 5753 male
2490 5693 2736 5750 aﬂ‘ectus
2764 5695 2910 5764 (erat
2966 5692 3124 5749 enim
3177 5695 3441 5765 vespera)
3473 5690 3808 5746 obdormiit.

3411 5821 3480 5875 21
