4106 6384
322 347 426 402 651

1573 340 1633 391 Β.
1672 332 1990 390 DIONYSII
2023 332 2503 397 AREOPAGITE

3642 343 3752 398 652

323 471 612 528 Caeterum
644 467 836 524 media
867 468 1034 521 nocte
1087 464 1234 536 (ipse
1294 476 1546 533 namque
1593 458 1979 515 consueverat

2108 452 2215 512 ιῦδὲ
2272 463 2379 514 τῶν
2438 459 2618 517 ὕπνων
2660 461 2840 519 αὐτῶν
2885 461 3116 520 πολλῶν
3162 484 3221 540 γε
3270 459 3464 534 ὄντων,
3516 462 3610 519 καὶ
3667 463 3753 520 ἀεὶ

325 560 434 617 hoc
465 565 729 631 tempore
759 556 829 611 ad
863 556 1093 611 divinas
1139 552 1346 609 laudes
1404 549 1560 621 apud
1620 563 1682 604 se
1714 544 1975 618 vigilare)

328 649 602 717 surrexit,
631 662 767 703 cum
799 662 988 716 neque
1021 659 1261 699 somnos
1293 642 1473 711 ipsos,
1504 654 1642 694 nam
1689 641 1748 693 et
1784 635 1977 705 multi,

328 744 385 796 et
415 738 618 794 crebro
643 735 959 807 interrupti
1019 735 1273 802 fuerant,
1313 730 1538 800 absque
1569 725 1980 800 pertubatione

329 828 604 901 cepisset,
629 825 814 882 nihilo
845 824 1037 880 secius
1094 823 1167 878 ad
1227 820 1486 875 divinam
1531 816 1981 873 collocutionem

331 923 520 984 stans,
543 915 785 989 indigne
817 912 1183 979 tristabatur,
1216 913 1273 965 et
1321 907 1561 964 moleste
1592 906 1832 973 ferebat,
1865 921 1981 960 non

333 1024 463 1065 esse
486 1007 719 1078 justum
752 1000 1107 1069 asserens,si
1139 1000 1245 1056 viri
1276 997 1465 1071 impii,
1500 997 1721 1068 quique
1751 1010 1982 1066 perver-

333 1099 530 1153 terent
558 1094 680 1150 vias
709 1090 946 1150 Domini
998 1094 1208 1157 rectas,
1242 1088 1519 1145 viverent.
1550 1090 1619 1141 Et
1674 1101 1809 1141 cum
1865 1083 1986 1139 haec

337 1183 769 1242 diceret.Deum
803 1179 1245 1247 obsecrabat,ut
1272 1176 1520 1234 fulmine
1549 1174 1745 1247 aliquo
1778 1174 1984 1231 ambo-

338 1290 466 1331 rum
500 1272 650 1328 vitas
682 1270 809 1326 sine
831 1268 954 1325 ulla
976 1267 1384 1325 misericordia
1409 1282 1653 1338 prorsus
1673 1265 1988 1336 abrumpe-

338 1368 445 1419 ret.
470 1363 605 1427 Qua:
658 1376 793 1415 cum
844 1357 1109 1428 dixisset,
1151 1356 1462 1413 confestim
1494 1354 1606 1412 sibi
1636 1354 1830 1410 visum
1862 1369 1988 1409 esse

337 1453 537 1509 videre
595 1450 907 1517 referebat,
940 1448 1206 1513 domum,
1235 1446 1295 1501 in
1355 1463 1473 1518 qua
1529 1449 1674 1512 erat,
1730 1443 1989 1516 primum

340 1542 579 1613 quidem
609 1558 640 1596 a
669 1555 904 1596 summo
937 1537 1197 1594 culmine
1219 1534 1642 1609 permotam,in
1674 1534 1824 1590 duas
1856 1548 1989 1604 par-

342 1637 432 1687 tes
463 1629 719 1686 mediam
748 1626 950 1695 dividi,
983 1643 1049 1681 ac
1082 1642 1291 1698 rogum
1317 1630 1454 1680 ante
1484 1640 1546 1680 se
1577 1621 1779 1695 magni
1809 1620 1990 1679 lumi-

343 1720 526 1788 nis,et
555 1718 714 1773 hunc
763 1715 950 1785 (locus
999 1714 1154 1771 enim
1185 1715 1466 1786 deinceps
1485 1713 1597 1771 sub
1627 1712 1723 1767 dio
1744 1726 1872 1768 esse
1909 1708 1993 1765 vi-

2086 548 2524 624 ἐγκοπτομένων,
2585 548 2685 624 ἔξω
2740 556 2993 629 ταραχῆς
3045 551 3479 629 παραπολαύσας
3522 571 3536 586 '
3586 555 3755 617 ἑστὼς

2087 635 2147 693 δὲ
2176 638 2329 712 ὅμως
2358 640 2433 702 εἷς
2454 641 2556 710 τὴν
2590 640 2734 706 θείαν
2766 640 2991 715 ὁμιλίαν
3021 642 3119 697 οὐκ
3164 641 3379 718 εὐαγῶς
3418 644 3612 713 ἠνιᾶτο
3663 644 3756 698 καὶ

2086 725 2488 804 ἐδυσχέραινεν,
2539 732 2644 787 οὐκ
2693 733 2826 788 εἶναι
2884 729 3093 788 δίκαιον
3155 729 3427 807 λέγοι)κεί
3478 736 3612 804 ζῷεν
3658 733 3750 787 ἂν·

2091 814 2213 893 δρες
2260 818 2407 883 ἄθεοι
2449 820 2540 874 καὶ
2591 818 3002 900 διαστρέφοντες
3050 822 3145 884 τὰς
3196 819 3357 884 ὁδοὺς
3400 825 3499 877 τοῦ
3552 821 3758 897 Κυρίου

2089 906 2184 969 τὰς
2236 908 2467 972 εὐθείας,
2501 911 2599 965 Καὶ
2646 914 2816 965 ταῦτα
2866 908 3039 987 λὲγων
3086 908 3263 966 ἐδεῖτο
3291 908 3407 965 τοῦ-
3439 915 3574 966 Θεοῦ
3613 931 3757 985 πρη-

2092 996 2251 1071 στῆρί
2298 1019 2403 1055 τινι
2453 999 2548 1061 τὰς
2596 999 2920 1077 ἀμφοτέρων
2964 999 3188 1071 εἲσάπαξ
3223 999 3474 1071 ἀνηλεῶς
3507 1002 3757 1057 ἀποπαῦ-

2094 1107 2182 1141 σαι
2244 1088 2404 1156 ζωάς.
2447 1091 2630 1145 Ταῦτα
2679 1086 2738 1144 δὲ
2782 1089 2973 1161 εἰπὼν,
3030 1085 3189 1163 ἔλεγε
3237 1086 3385 1160 δόξαι
3438 1087 3572 1145 ἰδεῖν
3611 1089 3761 1169 ἄφνω

2091 1176 2185 1232 τὸν
2234 1176 2405 1247 οἷκον,
2434 1176 2488 1232 ἐν
2539 1177 2691 1253 ᾧπερ
2733 1178 2993 1252 εἱστήκει,
3028 1176 3440 1249 διαδονηθὲντα,
3490 1181 3756 1256 πρότερον

2095 1263 2157 1319 ἐκ
2208 1272 2309 1335 τῆς
2362 1266 2570 1345 ὀροφῆς
2623 1267 2698 1329 εἰς
2745 1264 2842 1322 δύο
2909 1268 3072 1341 μέσον
3105 1265 3461 1343 διαιρεθέντα,
3493 1269 3584 1323 καί
3636 1291 3759 1325 τινα

2097 1355 2270 1430 πυρὰν
2328 1353 2659 1431 πολύφωτον
2736 1356 3057 1431 ἐπίπροσθεν
3131 1359 3347 1427 ἑαυτοῦ,
3390 1359 3481 1412 καὶ
3553 1358 3757 1429 ταύτην

2099 1438 2299 1515 (ἐδόκει
2353 1444 2457 1519 γὰρ
2518 1442 2715 1500 λοιπὸν
2776 1444 3040 1522 ὕπαιθρος
3087 1447 3117 1501 ὁ
3146 1446 3339 1518 τόπος)
3367 1444 3427 1502 ἐκ
3451 1451 3548 1501 τοῦ
3596 1445 3755 1521 069a:-

2100 1534 2222 1588 νίου
2255 1535 2445 1610 χώρου
2480 1537 2681 1611 μέχρις
2711 1535 2876 1592 αὐτοῦ
2903 1538 3349 1614 καταφερομένην
3383 1557 3396 1571 ·
3426 1539 3517 1592 τὸν
3573 1536 3631 1593 δὲ
3661 1539 3754 1593 οὖ-

2104 1624 2261 1698 ρανὸν
2311 1624 2471 1680 αὐτὸν
2524 1625 2988 1701 ἀναπεπταμένον,
3019 1628 3107 1682 καὶ
3170 1627 3258 1682 ἐπὶ
3315 1632 3396 1700 τῷ
3446 1629 3607 1700 νώτῳ
3662 1630 3761 1683 τοῦ

2104 1712 2336 1789 οὐρανοῦ
2389 1714 2485 1770 τὸν
2545 1716 2778 1788 Ἰησοῦν,
2837 1715 3073 1791 ἀπείρων
3133 1713 3554 1791 ἀνθρωποειδῶν
3614 1718 3761 1788 αὐτῷ

344 1809 613 1880 debetur)
646 1824 677 1864 ο
707 1805 852 1863 ccslo
885 1808 959 1862 ad
988 1821 1052 1862 se
1084 1821 1271 1876 usque
1326 1802 1562 1869 deferri,
1592 1801 1807 1859 ccslum
1856 1816 1991 1901 vero

2108 1798 2523 1877 παρεστηκότων
2564 1804 2807 1881 ἀγγέλων
2843 1825 2856 1838 ·
2886 1805 2979 1860 καὶ
3026 1809 3194 1860 ταῦτα
3240 1806 3335 1880 μὲν
3380 1803 3582 1861 ἄνωθεν
3633 1809 3760 1884 sps:

344 1901 542 1971 ipsum
576 1900 867 1969 apertum,
902 1899 959 1952 et
987 1911 1163 1967 super
1209 1896 1384 1950 dorso
1435 1891 1567 1950 coali
1621 1892 1852 1961 Jesum,
1899 1891 1994 1946 cui

348 1986 801 2044 innumerabilis
822 1984 1167 2059 angelorum
1182 1983 1499 2040 multitudo
1529 1981 1855 2039 humanam
1877 1979 1999 2036 efﬁ-

348 2079 502 2147 giem
534 2094 650 2151 prae
692 2093 755 2132 se
782 2074 1095 2132 ferentium
1127 2073 1478 2130 assistebat:
1515 2075 1573 2129 et
1602 2071 1723 2127 haec
1758 2070 1999 2142 quidem

354 2182 611 2241 superne
625 2165 865 2236 vidisse,
897 2163 1185 2221 admirata
1196 2178 1372 2234 mque
1394 2177 1523 2218 esse
1547 2162 1770 2234 Carpus
1787 2160 1999 2216 aiebat.

355 2260 501 2314 Cum
522 2273 656 2312 vero
687 2256 746 2311 in
770 2259 988 2311 terram
1007 2253 1209 2310 oculos
1230 2251 1787 2320 deﬂexisset,solum
1804 2250 2002 2321 ipsum

356 2347 545 2403 instar
574 2344 849 2400 immensi
875 2360 942 2399 ac
991 2342 1269 2416 profundi
1300 2342 1611 2413 cujusdam
1645 2340 1844 2396 hiatus
1880 2338 2004 2394 dis-

358 2436 580 2493 cissum
613 2434 922 2493 sevidisse
952 2433 1120 2500 dixit,
1160 2437 1218 2488 et
1242 2432 1515 2488 homines
1563 2430 1801 2503 quidem
1846 2426 2003 2497 illos,

357 2527 578 2599 quibus
610 2524 762 2581 male
782 2524 1142 2596 imprecatus
1174 2522 1381 2590 fuerat,
1416 2526 1553 2579 ante
1610 2538 1673 2577 se
1715 2522 1886 2592 juxta
1941 2534 2008 2575 os

352 2616 553 2673 hiatus
583 2614 744 2671 illius
790 2615 1114 2670 consistere
1163 2616 1483 2669 trementes
1519 2628 1583 2667 ac
1616 2608 2006 2676 miserabiles,

353 2710 422 2763 ut
451 2720 662 2777 parum
694 2704 945 2774 abesset,
971 2702 1115 2775 quin
1147 2719 1262 2774 pres
1289 2702 1506 2774 pedum
1539 2716 1782 2757 suorum
1811 2698 2010 2755 incon-

349 2794 574 2852 stantia
596 2794 847 2866 jamjam
904 2791 1217 2863 dejiciendi
1259 2791 1617 2848 viderentur.
1649 2789 1863 2845 Verum
1894 2788 2007 2845 sub

350 2883 521 2941 hiatu
551 2888 859 2956 serpentes
890 2898 1130 2940 sursum
1161 2898 1383 2954 repere,
1403 2886 1460 2938 et
1488 2881 1645 2937 circa
1675 2879 1851 2952 pedes
1874 2878 2007 2935 illo-

351 2991 488 3031 rum
520 2988 650 3031 sese
702 2977 1005 3030 moventes
1060 2972 1358 3028 interdum
1392 2971 1632 3043 quidem
1689 2969 1752 3024 in
1782 2968 2008 3042 spiram

351 3069 710 3131 contractos,
744 3061 924 3119 simul
954 3062 1265 3135 ingravare
1303 3065 1482 3133 atque
1514 3058 1889 3133 pertrahere;
1916 3059 2005 3115 in-

350 3153 586 3211 terdum
614 3168 751 3210 vero
780 3150 1062 3209 dentibus
1110 3150 1198 3208 vel
1258 3149 1464 3207 caudis
1521 3150 1904 3206 incendentes
1950 3154 2008 3205 et

352 3242 850 3313 demulcentes,ut
881 3241 983 3313 qui
1016 3240 1075 3297 in
1108 3240 1448 3313 voraginem
1479 3239 1610 3296 illos
1644 3239 2006 3311 praecipitare

350 3333 595 3390 omnino
627 3331 999 3389 molirentur.
1037 3329 1238 3387 Fuisse
1277 3328 1455 3386 etiam
1502 3329 1657 3386 viros
1689 3330 2004 3401 quosdam,

353 3422 455 3495 qui
487 3422 546 3477 in
570 3421 762 3478 medio
794 3438 898 3493 pro
931 3420 1303 3492 serpentibus
1359 3425 1565 3476 contra
1617 3419 1775 3476 viros
1828 3418 2007 3476 simul

349 3512 663 3583 irruerent,
709 3512 1144 3584 perturbarent,
1205 3510 1493 3582 impetum
1537 3509 1717 3565 simul
1753 3510 2010 3566 facerent

353 3618 419 3657 ac
450 3600 709 3656 ferirent.
743 3604 920 3656 Porro
977 3599 1060 3654 illi
1108 3600 1361 3670 jamjam
1395 3600 1589 3655 casuri
1635 3599 2006 3668 videbantur,

351 3688 569 3761 partim
589 3688 829 3760 quidem
854 3688 1267 3759 inviti,partim
1287 3704 1420 3744 vero
1446 3687 1785 3754 voluntarii,
1809 3704 1939 3742 cum
1974 3703 2009 3743 a

351 3776 509 3834 malo
542 3776 763 3833 sensim
812 3782 1165 3849 cogerentur
1213 3775 1513 3845 simulque
1563 3776 2004 3832 inducerentur.

345 3865 458 3923 Hic
489 3866 716 3939 Carpus
748 3867 891 3921 dum
921 3864 1197 3922 inferiora
1254 3865 1561 3937 aspiceret,
1595 3863 1916 3936 plurimum
1948 3881 2007 3922 se

351 3955 639 4025 laetatum,
675 3973 741 4012 ac
774 3953 1081 4028 superiora
1114 3952 1439 4027 neglexisse
1471 3953 1725 4023 dicebat,
1759 3954 2006 4012 moleste

352 4061 487 4102 vero
508 4044 878 4119 graviterque
899 4043 1131 4112 tulisse,
1157 4044 1311 4117 quod
1346 4045 1599 4101 necdum
1633 4044 2003 4115 cecidissent,

353 4151 625 4209 saepeque
655 4150 791 4191 cum
823 4134 882 4189 in
916 4133 1024 4191 hoc
1082 4133 1382 4207 negotium
1434 4133 1822 4203 incumberet,
1858 4135 2004 4191 nihil

353 4223 694 4296 profecisse,
720 4240 785 4279 ac
818 4227 1127 4296 propterea
1158 4224 1564 4296 indignatione
1587 4226 1861 4281 affectum
1886 4225 2003 4282 illis

352 4314 745 4387 imprecatum
775 4314 1195 4385 esse.Cumque
1223 4313 1315 4368 vix
1345 4313 1583 4368 tandem
1607 4330 1844 4370 sursum
1861 4332 2002 4373 ocu-

351 4402 441 4459 los
492 4402 801 4470 elevasset,
859 4402 1080 4475 vidisse
1128 4420 1336 4460 rursus
1385 4403 1619 4459 dicebat
1665 4402 1875 4460 omium
1938 4410 2003 4462 ut

349 4492 518 4565 prius
546 4491 794 4561 viderat,
840 4492 1166 4565 Jesumque
1204 4492 1427 4550 factum
1479 4492 1621 4547 illud
1655 4493 1999 4552 miseratam

2034 3202 2083 3271 C

2103 1904 2222 1957 σθαι
2256 1892 2347 1948 καὶ
2396 1894 2707 1967 θαυμάςειν.
2742 1894 2902 1951 Κάτω
2946 1892 3004 1952 δὲ
3041 1893 3217 1970 κύψας
3263 1896 3293 1950 6
3342 1898 3589 1971 Κάρπος,
3627 1895 3758 1952 ἴδεῖν

2104 1976 2206 2059 ἔφη
2256 1983 2346 2037 καὶ
2397 1980 2669 2061 τοῦδαφος
2726 1983 2856 2039 αὐτό
2912 1985 3050 2060 πρὸς
3101 1984 3301 2061 ἀχανές
3345 2007 3398 2040 τι
3429 1987 3622 2062 χάσμα
3669 1986 3760 2042 καὶ

2107 2073 2375 2128 σκοτεινὸν
2423 2070 2815 2150 διερῥηγμὲνον
2847 2094 2861 2108 ’
2910 2076 3000 2130 καὶ
3056 2073 3182 2138 τοὺς
3236 2076 3330 2149 μὲν
3380 2072 3581 2151 ἄνδρας
3624 2076 3763 2132 ἐκεί-

2108 2183 2255 2232 νους,
2286 2165 2368 2225 οἷς
2397 2161 2661 2239 ἐπηρᾶτο,
2691 2165 2798 2241 πρὸ
2828 2164 2993 2219 αὐτοῦ
3018 2166 3155 2220 κατὰ
3207 2165 3271 2220 τὸ
3310 2166 3536 2239 στόμιον
3598 2165 3763 2236 ἑστη-

2109 2253 2261 2309 κέναι
2326 2256 2424 2308 τοῦ
2497 2255 2806 2329 χάσματος,
2866 2255 3233 2331 ὑποτρόμους,
3290 2254 3580 2324 ἐλεεινοὺς,
3638 2257 3765 2311 ὅσον

2113 2342 2267 2398 οὔπω
2322 2344 2794 2421 καταφερομένους
2853 2343 2958 2398 ὑπὸ
3000 2351 3102 2414 τῆς
3160 2349 3270 2400 τῶν
3315 2344 3521 2400 οἰκείων
3579 2342 3765 2399 ποδῶν

2114 2430 2368 2494 ἀστασίας
2400 2449 2416 2467 ·
2442 2431 2681 2497 κάτωθεν
2715 2430 2773 2487 δὶ
2816 2433 2923 2490 ἀπὸ
2964 2438 3063 2489 τοῦ
3095 2436 3380 2510 χάσματος
3418 2430 3564 2513 ὄφεις
3609 2433 3759 2510 ἀνέρ-

2113 2543 2257 2592 πειν,
2301 2522 2393 2577 καὶ
2449 2521 2574 2597 περὶ
2624 2521 2757 2585 τοὺς
2813 2520 2986 2585 πόδας
3045 2524 3220 2579 αὐτῶν
3282 2525 3765 2597 ὑποκινουμὲνους,

2115 2612 2249 2667 ποτὶ
2284 2611 2378 2685 μὶν
2406 2610 2697 2687 ἀποσύρειν
2742 2609 3234 2687 ἆπανειλουμὲνους
3281 2615 3394 2687 ἅμα
3436 2612 3529 2668 καὶ
3578 2608 3769 2668 ἐπιϐα-

2119 2704 2364 2777 ροῦντας,
2399 2700 2488 2755 καὶ
2520 2698 2804 2764 ἕλκοντας·
2830 2702 2964 2757 ποτὶ
2993 2700 3051 2757 δὲ
3078 2708 3196 2766 τοῖς
3231 2698 3439 2773 ὀδοῦσι,
3472 2702 3508 2772 ἢ
3537 2707 3654 2765 τοῖς
3685 2702 3773 2757 οὖν

2118 2789 2294 2864 ραίοις
2372 2789 2765 2869 ὑποτύφοντας,
2824 2792 2861 2863 ἢ
2920 2789 3478 2868 ὑπογαργαλίζοντας,
3517 2793 3607 2847 καὶ
3682 2789 3774 2847 διὰ

2115 2881 2317 2942 παντὸς
2362 2878 2441 2943 εἷς
2487 2880 2553 2935 τὸ
2597 2879 2797 2955 ἀχανὲς
2842 2876 3143 2954 ἐμϐάλλειν
3183 2883 3645 2959 μηχανωμένους.
3679 2882 3771 2939 Εἷ-

2115 2990 2199 3024 ναι
2249 2966 2306 3024 δὲ
2352 2968 2443 3025 καὶ
2501 2966 2699 3045 ἄνδρας
2746 2970 2894 3033 τινὰς
2942 2970 2996 3026 ἐν
3046 2976 3219 3045 μέσῳ,
3263 2975 3379 3035 τοῖς
3431 2966 3586 3050 ὄφεσι
3634 2971 3773 3027 κατὰ

2116 3063 2225 3115 τῶν
2272 3056 2481 3133 ἀνδρῶν
2540 3059 3061 3133 συνεπιτιθεμένους,
3096 3058 3476 3127 διαδονοῦντας
3526 3063 3641 3135 ἅμα
3677 3060 3769 3116 καὶ

2120 3150 2496 3222 ὖπωθοῦντας,
2554 3149 2646 3205 καὶ
2716 3150 3115 3213 καταπαίοντας
3145 3171 3160 3187 ο
3221 3149 3445 3207 ἐδόκουν
3514 3148 3572 3207 δὲ
3638 3151 3771 3207 εἶναι

2116 3240 2253 3314 πρὸς
2320 3240 2383 3294 τὸ
2452 3244 2632 3295 πεσεῖν
2711 3238 2907 3295 ἐκεῖνοι
2972 3239 3041 3295 τὰ
3116 3241 3211 3313 μὶν
3294 3240 3532 3315 ἄκοντες,
3584 3243 3651 3297 τὰ
3714 3238 3775 3297 δὲ

2116 3329 2207 3384 καὶ
2300 3329 2534 3398 ἑκόντες,
2598 3330 2700 3384 ὑπὸ
2781 3333 2877 3384 τοῦ
2953 3334 3121 3385 κακοῦ
3202 3330 3314 3404 ἅμα
3391 3332 3506 3386 κατ’
3584 3329 3773 3406 ὀλίγον

2121 3417 2437 3493 βιαζόμενοι
2514 3419 2607 3473 καὶ
2680 3417 3018 3491 πειθόμενοι.
3079 3417 3279 3494 Ἔλεγε
3342 3417 3399 3473 δὲ
3475 3421 3503 3474 ὁ
3559 3419 3777 3492 Κάρπος

2117 3508 2306 3563 ἑαυτὸν
2338 3505 2563 3577 ἥδεσθαι
2601 3507 2751 3564 κάτω
2798 3507 3093 3583 βλέποντα,
3126 3513 3234 3565 τῶν
3266 3506 3376 3565 ἄνω
3406 3505 3465 3564 δδ
3520 3507 3772 3582 ἀμελεῖν,

2117 3594 2487 3673 δυσχεραίνειν
2551 3596 2608 3653 δὲ
2657 3596 2747 3653 καὶ
2805 3597 3118 3673 ὀλιγωρεῖν,
3160 3597 3243 3654 ὅτι
3299 3600 3375 3673 μή
3421 3599 3770 3654 πεπτώκασιν

2114 3685 2224 3758 ἤδη
2265 3705 2281 3723 ·
2308 3686 2397 3743 καὶ
2426 3692 2505 3761 τῷ
2535 3687 2812 3764 πράγματι
2838 3686 3116 3751 πολλάκις
3166 3688 3469 3763 ἐνθᾷμενον,
3501 3687 3590 3743 καὶ
3641 3685 3772 3743 ἀδυ-

2114 3778 2438 3846 νατήσαντα,
2496 3775 2587 3831 καὶ
2641 3777 2997 3852 ἀχθεσθῆναι,
3055 3776 3145 3833 καὶ
3211 3775 3575 3854 ἐπαράσασθαι
3610 3795 3623 3808 ⁸
3678 3776 3771 3833 καὶ

2115 3864 2469 3921 ἀνανεύσαντα
2529 3864 2716 3939 μόλις,
2776 3864 2909 3921 ἰδεῖν
2972 3867 3066 3940 μὲν
3126 3864 3276 3930 αὖθις
3348 3868 3440 3922 τὸν
3515 3864 3769 3941 οὐρανὸν,

2116 3952 2297 4031 ὥσπερ
2352 3956 2415 4012 τὸ
2466 3956 2728 4032 πρότερον
2789 3955 3039 4030 ἑωράκει,
3072 3955 3163 4010 τὸν
3223 3952 3281 4010 δὲ
3330 3957 3559 4026 Ἰησοῦν,
3609 3955 3771 4026 ἒλεή-

2115 4065 2275 4100 σαντα
2328 4046 2391 4100 τὸ
2445 4046 2753 4120 γινόμενον,
2814 4043 3162 4118 ἐξαναστῆναι
3215 4049 3311 4101 τοῦ
3372 4045 3769 4121 ὗπερουρανίου

2115 4134 2332 4212 θρόνου,
2390 4135 2481 4191 καὶ
2546 4130 2652 4198 ita;
2727 4132 2902 4189 αὐτῶν
2960 4129 3291 4208 καταϐάντα,
3335 4139 3499 4210 χεῖρα
3557 4133 3771 4209 ἀγαθὴν

2114 4223 2341 4299 ὀρέγειν,
2371 4222 2462 4279 καὶ
2517 4222 2646 4286 τοὺς
2695 4221 2965 4299 ἀγγέλους
3018 4222 3165 4296 αὐτῷ
3217 4218 3772 4298 συνεπιλαμϐανομὲ-

2110 4333 2258 4382 νους,
2292 4311 2463 4368 ἄλλον
2498 4310 2732 4377 ἄλλοθεν
2763 4311 3079 4387 ἀντέχεσθαι
3109 4317 3226 4367 τοῖν
3278 4309 3519 4388 ἀνδροῖν,
3551 4313 3639 4368 καὶ
3695 4311 3772 4368 εἲ-

2111 4406 2229 4457 πεῖν
2260 4406 2342 4475 τῷ
2393 4403 2600 4478 Κάρπῳ
2642 4403 2734 4458 τὸν
2767 4405 3007 4472 Ἰησοῦν,
3037 4404 3138 4471 τῆς
3178 4401 3369 4476 χειρὸς
3415 4399 3524 4470 ἤδη
3576 4422 3776 4476 προτε-

2108 4492 2350 4566 ταμὲνης
2381 4511 2394 4525 ·
2430 4516 2458 4545 (ί
2492 4497 2626 4549 [latis
2652 4492 2769 4547 κατ’
2800 4489 2936 4567 ἐμοῦ
2981 4490 3177 4548 λοιπόν
3214 4508 3229 4523 ’
3262 4487 3485 4566 ἕτοιμος
3515 4492 3621 4567 γάρ
3654 4491 3773 4564 εἰμι

349 4582 421 4638 de
451 4581 679 4665 excelsa
719 4582 868 4655 88]
931 4583 1034 4640 illa
1090 4584 1230 4641 sede
1282 4581 1633 4653 surrexisse,
1693 4599 1758 4637 ac
1789 4583 1860 4639 ad
1901 4601 1997 4641 eos

2108 4581 2197 4639 καὶ
2246 4579 2399 4647 αὖθις
2425 4581 2558 4657 ὑπὲρ
2602 4580 2902 4657 ἀνθρώπων
2953 4581 3387 4655 ἀνασωζομένων
3432 4586 3646 4651 παθεῖν,
3678 4581 3775 4637 καὶ

348 4687 539 4743 usque
569 4672 884 4745 benignam
917 4673 1036 4729 illis
1068 4689 1313 4730 manum
1336 4671 1733 4744 porrigentem
1756 4673 1998 4730 descen-

346 4760 529 4818 disse.
562 4761 820 4835 Angelos
850 4761 988 4818 item
1020 4760 1292 4833 cumipso
1314 4760 1518 4828 simul,
1551 4758 1736 4818 alium
1762 4761 2001 4819 aliunde

347 4854 745 4921 assumentes,
804 4868 910 4922 pro
968 4850 1114 4907 viris
1170 4848 1291 4905 illis
1324 4848 1634 4917 restitisse,
1682 4849 2002 4925 Jesumque

345 4936 533 5014 Carpo
566 4956 749 4997 manu
783 4939 976 4995 adhuc
1007 4941 1240 4995 extenta
1270 4937 1488 4995 dixisse
1514 4955 1526 4993 :
1549 4960 1575 4994 ιι
1597 4939 1883 5014 Deinceps
1908 4957 2003 4999 me

344 5024 639 5085 hostiliter
671 5032 932 5103 percute,
965 5039 1207 5100 paratus
1237 5027 1395 5084 enim
1431 5045 1563 5085 sum
1599 5046 1705 5098 pro
1738 5029 2001 5088 homini-

344 5116 461 5173 bus
491 5118 705 5175 iterum
739 5116 1044 5175 servandis
1077 5120 1323 5173 mortem
1375 5124 1670 5192 oppetere.
1704 5120 1823 5178 Hoc
1853 5123 2003 5180 mihi

2109 4669 2411 4749 προσφιλές
2460 4691 2556 4744 μοι
2594 4673 2780 4739 τοῦτο,
2840 4670 2918 4743 μὴ
2967 4666 3155 4726 ἄλλων
3200 4669 3618 4746 ἁμαρτανόντων
3679 4668 3774 4724 ἀν-

2111 4761 2367 4837 θρώπων.
2401 4759 2555 4829 Πλὴν
2587 4760 2709 4835 δρα,
2741 4757 2792 4815 εἲ
2818 4756 3005 4823 καλῶς
3035 4753 3155 4834 ἔχει
3189 4779 3275 4816 σοι
3303 4760 3406 4830 τὴν
3434 4759 3486 4817 ἐν
3535 4764 3617 4832 τῷ
3663 4758 3773 4836 χά-

2113 4871 2275 4925 σματι
2322 4849 2413 4906 καὶ
2464 4850 2599 4925 μετά
2653 4853 2761 4906 τῶν
2833 4844 3007 4924 ὄφεων
3082 4851 3257 4923 μονὴν
3334 4847 3773 4923 ἀνταλλάξασθαι

2107 4948 2210 5013 τῆς
2261 4940 2398 5015 μετὰ
2445 4944 2579 4996 Θεοῦ
2625 4939 2715 4995 καὶ
2768 4943 2877 4996 τῶν
2929 4939 3147 5016 ἀγαθῶν
3202 4939 3291 4995 καὶ
3361 4937 3768 5018 φιλανθρώπων

2114 5028 2382 5107 ἀγγέλων.
2416 5054 2444 5081 ››
2476 5028 2656 5087 Ταῦτά
2687 5027 2828 5084 ἐστιν
2862 5027 2896 5083 ἃ
2925 5027 3036 5103 ἐγὼ
3066 5029 3343 5100 ἀκηκοὼς,
3365 5027 3606 5085 πιστεύω
3634 5026 3776 5099 ἀλη-

2116 5124 2184 5195 θῆ
2215 5118 2372 5177 εἶναι.

345 5209 685 5276 pergratum
728 5203 923 5272 fuerit,
956 5206 1095 5261 dum
1141 5222 1213 5261 ne
1243 5206 1432 5262 caeteri
1466 5207 1737 5266 homines
1782 5219 2045 5285 peccent.
2091 5218 2332 5272 Intuere
2363 5214 2644 5284 praeterea
2675 5225 2817 5267 num
2850 5209 2985 5266 usui
3019 5207 3120 5265 tibi
3161 5209 3430 5265 futurum
3452 5208 3553 5277 sit,
3570 5207 3678 5265 hoc
3712 5207 3775 5265 in

343 5293 455 5349 hac
484 5294 759 5367 voragine
798 5297 856 5349 et
898 5310 1029 5350 cum
1081 5296 1453 5368 serpentibus
1501 5299 1888 5373 domicilium,
1926 5320 2056 5361 cum
2099 5304 2201 5362 Dei
2233 5320 2301 5361 ac
2332 5302 2729 5371 bonorum,et
2766 5297 3009 5355 humani
3052 5296 3289 5370 generis
3327 5297 3771 5370 persmantium

343 5381 695 5459 angelorum
723 5384 1018 5442 consortio
1040 5391 1398 5460 permutare.
1423 5410 1453 5439 »
1505 5388 1639 5447 Haec
1676 5396 1818 5449 sunt
1860 5410 1989 5465 quae
2030 5410 2135 5467 ego
2164 5393 2387 5465 audivi,
2418 5406 2676 5463 veraque
2706 5406 2836 5448 esse
2865 5390 3063 5448 credo.

407 5597 663 5657 Omnino
692 5617 835 5659 sane
852 5601 914 5659 in
945 5604 1296 5663 admiranda
1338 5606 1440 5663 illa
1482 5607 1709 5664 visione
1766 5607 1985 5677 divina,

335 5689 693 5763 amplissimi
722 5696 1044 5755 sacerdotis
1062 5697 1444 5756 clementiam
1474 5698 1631 5755 circa
1657 5712 1846 5770 genus
1875 5698 1987 5757 hu-

2168 5609 2474 5685 Ἦγάσθητε
2523 5605 2591 5678 δὴ
2636 5608 2854 5669 πάντως
2905 5609 3004 5663 τοῦ
3055 5605 3300 5678 ἀξιοθέου
3330 5605 3644 5682 ἀρχιερέως
3701 5607 3768 5662 τὸ

2095 5696 2220 5773 περὶ
2248 5698 2312 5754 τὸ
2342 5695 2627 5776 δμόφυλον
2664 5696 2943 5770 συμπαθὲς
2972 5693 3078 5772 οὐχ
3107 5698 3271 5764 ἧττον
3300 5697 3337 5767 ἢ
3368 5695 3466 5763 τήν
3519 5699 3618 5750 τοῦ
3669 5691 3732 5750 ὅν
3753 5729 3766 5740 -
