4106 6428
314 405 424 460 653

1346 406 1538 470 VITA,
1579 403 1918 459 AUCTORE
1957 404 2326 458 MICHAELE
2364 404 2716 458 SYNGELO.

3627 403 3733 457 654

315 551 426 592 τως
480 527 684 601 ἀγαθοῦ
739 525 830 582 καὶ
887 526 1330 602 θεαρχικωτάτου
1401 527 1664 603 ἱεραρχου
1724 528 1968 601 Χριστοῦ

2115 545 2332 582 nanum
2366 545 2478 582 non
2514 529 2712 584 minus
2747 529 3021 584 admirati
3057 529 3218 595 estis,
3271 543 3446 597 quam
3508 527 3760 583 clemen-

317 616 443 694 περὶ
476 619 622 690 ἡμᾶς
670 614 1002 692 ἀγαθότητα,
1061 623 1160 686 τῆς
1217 616 1650 688 ἀξιοθαυμάστου
1721 616 1976 679 θεοπτίας

318 705 524 777 ταύτης
585 705 936 778 πυθόμενοι·
998 707 1085 761 καὶ
1135 704 1210 761 ἔτι
1266 705 1530 778 μειζόνως
1585 707 1974 780 ἀγασθήσεσθε,

320 796 366 852 εί
409 800 518 851 τῶν
565 792 946 850 ἀποπολικῶν
1008 795 1262 870 ἀγώνων,
1316 795 1405 850 καὶ
1466 793 1688 870 δρόμων
1740 794 1830 848 καὶ
1873 814 1977 870 χα-

318 885 598 959 ρισμάτων
650 883 969 953 ἀκούσεσθε,
1045 885 1124 948 οἷς
1183 886 1606 958 καταγΛαϊσΟεὶς
1662 884 1777 938 καθ’
1839 883 1977 953 ὅλην

319 976 420 1045 τήν
482 971 812 1046 οἲκουμένην
868 971 1188 1048 διέλαμψεν.
1256 973 1332 1030 Ού
1391 973 1490 1048 γὰρ
1552 971 1856 1042 Ἀθηναίων
1914 975 1978 1040 ἦν

316 1064 530 1136 ποιμὴν
575 1062 666 1118 καὶ
718 1059 1044 1125 διδάσκαλος
1097 1064 1286 1136 μόνον,
1329 1060 1477 1118 ἀλλά
1524 1062 1615 1116 καὶ
1659 1059 1986 1125 διδάσκαλος

325 1151 696 1221 διδασκάλων,
729 1151 820 1207 καὶ
868 1152 1080 1224 ποιμὴν
1126 1152 1426 1225 ποιμένων,
1460 1151 1549 1207 καὶ
1578 1149 1864 1222 διαιτητὴς
1894 1149 1984 1206 καὶ

324 1242 658 1314 θεσμοθέτης
694 1261 706 1274 ·
751 1237 878 1296 οὐδὲ
940 1239 1140 1316 μέχρις
1190 1238 1461 1304 Ἑλλάδος
1511 1242 1539 1295 ὁ
1590 1238 1797 1315 δρόμος
1840 1238 1986 1311 αὕτῷ

322 1331 677 1406 περιώριστο,
711 1327 857 1385 ἀλλά
896 1329 986 1384 καὶ
1035 1331 1200 1406 μέχρι
1249 1334 1346 1385 τοῦ
1373 1327 1705 1404 Ἰλλυρικοῦ,
1733 1333 1830 1385 τοῦ
1857 1331 1985 1384 καθ-

327 1420 599 1496 ηγεμόνος
659 1418 825 1474 αὐτοῦ
881 1417 972 1474 καὶ
1046 1419 1322 1496 ἱεροθέτου
1413 1417 1632 1476 Παύλου
1697 1418 1990 1494 παραπλή-

324 1530 462 1572 σιος.
493 1506 900 1577 Ἀποστολικήν
952 1509 1058 1584 γὰρ
1124 1508 1282 1583 χάριν
1333 1507 1420 1562 καὶ
1473 1507 1716 1582 σημείων
1757 1505 1984 1579 δύναμιν

328 1597 602 1676 εἰληφὼς,
635 1596 1042 1670 ἀποστολικῶς,
1087 1597 1178 1652 οἷά
1223 1619 1307 1660 τις
1356 1597 1582 1667 πτηνὸς,
1613 1598 1844 1652 πάντοσε
1876 1593 1985 1651 διέ-

325 1687 492 1762 τρεχὲ
520 1708 601 1756 τεο
635 1686 725 1742 καὶ
774 1687 836 1742 τὸ
893 1693 994 1757 τῆς
1055 1682 1228 1750 ὅντως
1291 1692 1438 1756 ζωῆς
1499 1684 1829 1762 Εὐαγγὲλιον
1859 1686 1986 1757 ἐκή-

332 1797 540 1853 ρυττεν,
576 1774 968 1838 ἀποστολικαῖς
1019 1777 1280 1852 σαγήναις
1332 1775 1422 1830 καὶ
1467 1777 1766 1851 πανάγροις
1810 1773 1986 1838 λίνοις

334 1869 556 1942 ζωγρῶν
585 1864 676 1920 καὶ
737 1863 1172 1940 αἱχμαλωτίζων
1226 1865 1286 1921 ἐκ
1331 1870 1428 1921 τοῦ
1485 1873 1586 1935 τῆς
1641 1863 1856 1941 ἀγνοίας
1891 1865 1986 1940 βυσ-

333 1960 426 2020 θοῦ
449 1956 585 2030 πρὸς
632 1954 696 2010 τὸ
751 1958 850 2021 τῆς
903 1951 1163 2025 ἀληθείας
1224 1959 1341 2020 φῶς
1391 1954 1519 2017 τοὺς
1565 1954 1743 2027 σκότῳ
1772 1951 1988 2024 πλάνης

331 2044 788 2121 κεκρατημένους.
849 2045 967 2098 Ὅτι
1021 2044 1118 2117 μὲν
1173 2043 1274 2120 γὰρ
1329 2049 1444 2108 τοῖς
1498 2045 1636 2099 κατά
1695 2040 1993 2120 διαφόρους

328 2134 550 2208 χώρους
607 2133 697 2187 καὶ
755 2134 955 2203 νήσους
1023 2131 1328 2203 ἐκκλησιῶν
1395 2133 1696 2208 ἡγεμονίαν
1762 2131 1852 2188 καὶ
1911 2129 1993 2187 δι-

337 2220 631 2278 δασκαλίαν
682 2222 1156 2296 πεπιστευμένοις,
1207 2223 1283 2287 ὡς
1329 2219 1654 2286 διδάσκαλος
1702 2224 1791 2277 καὶ
1837 2240 1996 2296 κορυ-

328 2313 489 2390 φαῖός
516 2333 600 2374 τις
652 2309 828 2376 ἄλλος
879 2310 1213 2381 ἀπόστολος,
1265 2313 1548 2384 ὑποθήκας
1606 2309 1994 2374 διδασκαλικὰς

330 2402 418 2457 καὶ
454 2402 714 2474 μυστικὰς
766 2398 998 2476 διδαχάς
1047 2401 1351 2472 ὑπετίθετο,
1391 2407 1574 2480 σαφῶς
1613 2398 1994 2478 διαγγέλλουσι

330 2489 399 2545 τὰ
428 2490 566 2566 πρὸς
622 2488 753 2552 τοὺς
808 2490 1094 2566 Ἐφεσίων,
1153 2490 1242 2545 καὶ
1291 2492 1638 2566 Σμυρναίων,
1697 2491 1785 2545 καὶ
1839 2492 1993 2564 Κρη-

335 2582 444 2634 τῶν
478 2578 914 2652 πανιερωτάτους
967 2577 1057 2633 καὶ
1107 2579 1242 2654 πρὸς
1290 2580 1464 2635 αὐτῶν
1524 2585 1630 2634 τῶν
1687 2585 1785 2649 τῆς
1829 2581 1993 2652 ἁγιω-

341 2668 513 2737 τάτης
568 2665 891 2737 Ἐκκλησίας
952 2666 1246 2741 θεμελίων,
1302 2673 1408 2723 τῶν
1469 2667 1791 2723 ἀποστόλων
1827 2667 1990 2743 λέγω,

341 2754 1017 2831 προκεχειροτονημένους
1103 2754 1431 2832 προέδρους,
1519 2757 1814 2830 Τιμόθεον,
1900 2757 1989 2811 καὶ

337 2843 730 2920 Πολιύκαρπον,
789 2845 878 2900 καὶ
931 2843 1116 2914 Τίτον,
1173 2845 1320 2919 αύτῷ
1405 2848 1804 2922 διηγορευμάνα
1858 2843 1993 2920 δόγ-

339 2955 502 3009 ματα,
535 2933 626 2989 καὶ
678 2936 1184 3010 μυσταγωγήματα,
1243 2937 1330 2991 καὶ
1381 2933 1757 3010 διατάγματαο
1819 2934 1900 2990 ὅτι
1936 2932 1993 2990 δὲ

332 3024 423 3079 καὶ
484 3021 690 3098 δρόμον
749 3023 1118 3079 ἀποστολικὸν
1194 3023 1461 3098 τετέλεκε,
1520 3026 1610 3080 καὶ
1666 3023 1991 3102 παραδόξοις

335 3112 794 3189 θαυματουργίαις
847 3111 1030 3177 θεόθεν
1109 3110 1445 3184 δεδόξασται,
1517 3113 1704 3171 πολλά
1749 3117 1844 3187 μὲν
1901 3114 1992 3169 καὶ

336 3199 484 3260 ἆλλά
511 3203 862 3272 πιστώσεται,
892 3204 1012 3260 καθ’
1056 3201 1090 3259 ἂ
1135 3203 1344 3278 προϊὼν
1405 3205 1434 3258 ὁ
1485 3201 1672 3279 λόγος,
1700 3203 1825 3267 τοὺς
1854 3225 1993 3278 μαρ-

2089 617 2303 672 tissimi
2365 633 2504 688 erga
2561 635 2668 674 nos
2727 617 2949 674 summi
3008 635 3073 673 ac
3134 616 3373 672 maximi
3430 617 3756 672 sacerdotis

2089 705 2304 761 Christi
2337 705 2918 778 benignitatem.Hac
2934 705 3134 762 audita
3162 705 3569 762 vehementius
3583 705 3758 762 etiam

2090 795 2554 864 admirabimini,
2589 797 2637 852 si
2667 796 2993 870 apostolica
3037 796 3366 852 certamina
3422 811 3757 867 cursusque

2091 890 2268 957 atque
2300 886 2454 940 dona
2483 885 2742 941 coelestia
2771 885 3104 957 audieritis,
3137 886 3356 956 quibus
3388 883 3652 940 illustris
3673 885 3754 939 fa-

2092 978 2220 1030 ctus
2247 991 2349 1046 per
2378 979 2568 1030 totum
2600 975 2798 1032 orbem
2833 981 3120 1031 terrarum
3149 973 3415 1031 emicuit.
3448 973 3574 1028 Non
3597 972 3756 1029 enim

2093 1063 2541 1120 Atheniensium
2573 1065 2764 1121 solum
2798 1069 3000 1137 pastor
3031 1069 3088 1121 et
3147 1063 3429 1134 magister
3483 1060 3614 1126 fuit,
3658 1063 3756 1118 sed

2096 1152 2376 1226 magister
2399 1154 2840 1225 magistrorum,
2866 1159 3064 1226 pastor
3087 1157 3419 1226 pastorum,
3439 1166 3757 1208 causarum

2095 1244 2381 1316 cognitor,
2413 1249 2469 1299 et
2500 1243 2698 1316 legum
2729 1242 2880 1300 lator
2908 1245 3038 1300 fuit.
3081 1243 3284 1316 Neque
3314 1243 3374 1297 in
3427 1242 3660 1297 Graeciae
3689 1241 3758 1296 fi-

2098 1333 2272 1388 nibus
2302 1349 2515 1388 cursus
2543 1332 2628 1388 illi
2663 1334 3016 1389 terminatus
3046 1337 3154 1399 est,
3189 1333 3293 1388 sed
3345 1347 3536 1403 usque
3569 1329 3754 1402 Illyri-

2096 1438 2227 1477 cum
2252 1421 2502 1477 Paulum
2525 1423 2731 1478 ducem
2751 1440 2924 1478 suum
2946 1427 3004 1479 et
3023 1438 3329 1479 sacrorum
3353 1421 3756 1476 institutorem

2096 1511 2360 1582 proxime
2408 1514 2648 1566 secutus
2679 1516 2789 1566 est.
2823 1511 2969 1566 Cum
3001 1511 3160 1566 enim
3191 1509 3576 1582 apostolicam
3619 1524 3756 1580 gra-

2096 1599 2242 1654 tiam
2283 1603 2340 1655 et
2385 1600 2689 1672 signorum
2755 1605 3106 1672 potestatem
3164 1599 3509 1671 accepisset,
3568 1597 3760 1652 instar

2097 1688 2355 1758 Apostoli
2388 1689 2602 1760 ubique
2631 1694 2916 1761 tanquam
2952 1689 3076 1745 avis
3116 1689 3514 1760 percurrebat,
3575 1685 3759 1740 Evan-

2098 1777 2316 1850 gelium
2345 1795 2489 1834 versa
2520 1778 2647 1834 vite
2696 1779 3076 1850 praedicabat,
3130 1778 3368 1850 sagenis
3415 1774 3757 1848 apostolicis

2099 1868 2459 1939 retibusque,
2490 1867 2708 1938 quibus
2765 1868 2878 1923 vivi
2936 1868 3207 1924 homines
3266 1870 3637 1938 caperentur,
3690 1880 3758 1919 ex

2103 1955 2493 2028 ignorationis
2527 1958 2837 2029 profundo,
2872 1957 3086 2013 erroris
3144 1956 3398 2027 caligine
3443 1969 3757 2027 oppressos

2104 2047 2177 2101 ad
2208 2047 2469 2102 veritatis
2498 2045 2689 2102 lucem
2722 2046 3097 2118 provehebat.
3130 2045 3276 2101 Nam
3308 2045 3461 2116 quod
3520 2044 3594 2098 iis
3627 2041 3757 2114 qui-

2106 2135 2214 2191 bus
2245 2152 2347 2207 per
2373 2136 2567 2192 varias
2599 2135 2867 2208 regiones
2899 2139 3074 2206 atque
3103 2134 3330 2190 insulas
3359 2132 3754 2189 Ecclesiarum

2103 2226 2450 2298 prefectura
2477 2225 2858 2296 ofﬁciumque
2879 2225 3281 2281 concreditum
3303 2228 3449 2290 erat,
3471 2226 3757 2294 tanquam

2101 2315 2307 2371 doctor
2333 2321 2392 2371 et
2421 2315 2574 2371 alius
2606 2315 2849 2388 quidam
2881 2331 3155 2371 summus
3203 2312 3528 2386 apostolus,
3571 2328 3763 2367 exem-

2103 2405 2290 2477 plaria
2316 2406 2615 2472 doctrinae,
2655 2410 2714 2462 et
2762 2405 2988 2462 monita
3038 2403 3338 2460 recondita
3387 2405 3760 2475 proponeret,

2102 2500 2304 2567 aperte
2334 2493 2638 2550 declarant
2667 2494 2769 2549 illa
2825 2493 3026 2550 divina
3055 2497 3114 2549 et
3168 2492 3416 2565 mystica
3476 2495 3765 2563 praecepta

2103 2599 2232 2654 quae
2264 2584 2336 2638 ab
2366 2583 2496 2654 ipso
2528 2582 2746 2638 tradita
2769 2582 3045 2654 leguntur
3066 2580 3459 2638 sanctissimis
3479 2579 3763 2651 Ephesio-

2103 2689 2256 2740 rum,
2289 2672 2734 2744 Smyrnensium
2769 2676 2942 2743 atque
2972 2672 3344 2727 Cretensium
3375 2667 3764 2742 praesulibus,

2103 2761 2430 2826 Timotheo,
2462 2760 2778 2832 Polycarpo
2835 2765 2894 2816 et
2945 2761 3094 2828 Tito,
3159 2777 3305 2832 quos
3363 2761 3494 2831 ipsa
3562 2775 3767 2815 sacro-

2102 2855 2316 2907 sanctae
2348 2849 2616 2905 Ecclesia;
2647 2851 3056 2921 fundamenta,
3087 2849 3384 2921 apostolos
3428 2848 3660 2920 loquor,
3699 2849 3759 2902 in

2103 2940 2412 3012 episcopos
2443 2939 2845 3011 designarent.
2880 2941 3043 3004 Quod
3099 2956 3234 2995 vero
3281 2953 3521 2994 cursum
3581 2937 3762 2994 etiam

2102 3028 2490 3099 apostolicum
2522 3029 2847 3099 perfecerit,
2879 3036 2938 3085 et
2969 3027 3336 3084 admirandis
3367 3027 3544 3083 editis
3587 3027 3765 3082 mira-

2102 3118 2254 3174 culis
2281 3117 2566 3174 divinitus
2595 3117 2888 3190 gloriosus
2921 3118 3278 3191 apparuerit,
3300 3117 3488 3173 multa
3517 3115 3763 3187 quidem

2113 3206 2315 3279 etzalia
2344 3207 2518 3262 fidem
2550 3207 2782 3273 facient,
2817 3208 3034 3279 quibus
3064 3223 3321 3280 sequens
3353 3206 3563 3275 oratio,
3597 3205 3769 3278 quasi

338 3290 618 3367 τυρικοὺς,
678 3290 768 3354 οὓς
819 3293 1262 3368 καρτερικώτατα
1310 3290 1582 3364 διηνυκεν,
1629 3293 1828 3358 ἄθλους
1878 3295 2002 3349 ὑπα-

2120 3299 2177 3352 in
2210 3301 2576 3367 transcursu,
2609 3297 3041 3353 manifestando
3073 3299 3373 3368 percurret
3411 3295 3613 3368 gravia
3644 3311 3770 3351 cer-

345 3381 587 3457 γορεύων
621 3379 1012 3453 διεξελεύσεται
1045 3401 1059 3415 θ
1115 3381 1354 3455 μάλιστα
1399 3381 1456 3438 δὲ
1503 3386 1538 3453 ἡ
1591 3382 1877 3460 μετάρσιον
1903 3384 1998 3438 αύ-

349 3471 443 3528 τὸν
485 3475 586 3538 τῆς
641 3471 896 3548 ἑσπερίου
974 3469 1185 3543 λήξεως
1261 3473 1624 3550 ἀφαρπάσασα
1669 3473 1868 3552 νεφέλη
1914 3475 2006 3529 καὶ

354 3561 748 3638 μετεωρίσασα,
801 3561 892 3616 καὶ
945 3561 1275 3637 ἀεροπόρον,
1327 3563 1404 3625 ὡς
1453 3563 1543 3618 καὶ
1587 3562 1712 3626 τοὺς
1771 3565 2006 3639 ἀκροτά-

359 3671 486 3716 τους
517 3649 746 3716 θεόπτας
777 3650 866 3706 καὶ
914 3649 1207 3725 θεολόγους
1234 3651 1599 3721 ἀποστόλους,
1633 3650 1802 3708 ἄλλον
1837 3650 2008 3709 ἄλλο·

360 3741 444 3796 θεν
477 3744 584 3795 τῶν
610 3746 714 3809 τῆς
770 3746 873 3815 γῆς
922 3740 1170 3816 περάτων
1229 3740 1545 3814 ἐξαπιναίως
1602 3742 1690 3796 ἐπὶ
1745 3743 1844 3812 τήν
1875 3763 2010 3798 παν-

361 3824 657 3903 σεϐάσμιον
740 3827 1105 3904 Ἱεροτσαλήμ
1185 3830 1540 3907 ἀπαγαγοῦσα
1621 3833 1720 3900 τὴν
1796 3833 2014 3887 πάντων

361 3922 705 3995 Χριστιανῶν
739 3920 1135 3994 κοινομήτορα,
1181 3921 1276 3976 κάν
1317 3925 1386 3995 τῇ
1436 3926 1543 3976 τῶν
1596 3922 1753 3976 θείων
1807 3943 2012 3994 μυστη-

362 4007 495 4083 ρίων
534 4005 834 4084 ἀκροπόλει
875 4008 1021 4063 Σιὼν
1067 4011 1136 4082 τῇ
1191 4009 1358 4085 μητρὶ
1405 4015 1513 4066 τῶν
1566 4009 1871 4082 ἐκκλησιῶν
1899 4015 2016 4072 τοῖς

361 4099 598 4168 Χριστοῦ
650 4101 940 4172 φοιτηταῖς
998 4096 1295 4171 συνάψασα,
1354 4097 1444 4154 ὅτε
1487 4101 1550 4154 τὸ
1591 4107 1694 4169 τῆς
1735 4101 2015 4175 πανάγνου

367 4188 719 4261 Θεομήτορος
760 4183 1047 4255 ἐκηδεύετο
1098 4185 1372 4260 λείψανον,
1405 4191 1472 4262 τῇ
1522 4185 1618 4243 τοῦ
1650 4188 1816 4257 αὐτῆς
1848 4188 2018 4266 ἀφρά-

370 4297 507 4338 στως
539 4276 956 4351 σεσαρκωμὲνου
1001 4295 1062 4330 τε
1109 4275 1201 4330 καὶ
1247 4279 1638 4353 γεγεννημένου
1671 4282 1803 4333 Θεοῦ
1844 4277 2021 4352 Λόγου

369 4365 758 4443 καταφοιτήσει
816 4364 905 4420 καὶ
991 4363 1354 4441 περιπολήσει
1438 4367 1857 4444 γεραιρόμενον,
1931 4367 2020 4420 καὶ

369 4459 488 4517 ταῖς
540 4447 980 4528 οὐρανοϐάμοσιν
1061 4454 1381 4530 ἀγγελικαῖς
1457 4457 1635 4526 τάξεσι
1695 4454 2026 4534 δορυφορού-

374 4564 560 4616 μενον,
592 4543 697 4599 κάκ
725 4549 824 4612 τῆς
870 4543 1013 4597 Σιὼν
1048 4542 1135 4597 ἐπὶ
1183 4551 1503 4617 Γεθσημανῆ
1552 4546 1614 4599 τὸ
1655 4545 2027 4621 ούρανομίμη-

2113 3385 2334 3442 lamina
2364 3401 2494 3457 quae
2525 3385 2621 3442 ille
2639 3385 2962 3442 fortissime
2985 3385 3306 3442 dimicavit.
3330 3386 3441 3441 Sed
3477 3385 3536 3441 in
3561 3384 3772 3456 primis

2115 3476 2304 3532 nubes
2333 3475 2435 3530 illa
2466 3491 2592 3547 quae
2625 3475 2698 3530 ab
2729 3477 3054 3532 occidentis
3092 3477 3364 3549 partibus
3421 3475 3770 3546 subreptum

2117 3563 2435 3620 sublimem
2459 3565 2613 3621 εδει
2636 3565 2831 3636 ipsum
2863 3563 3134 3632 abstulit,
3166 3581 3387 3637 perque
3422 3579 3614 3620 aerem
3645 3580 3773 3619 am-

2117 3653 2423 3710 bulantem
2456 3657 2514 3709 et
2542 3653 2762 3710 elatum
2786 3655 3050 3722 abduxit,
3076 3653 3162 3709 uti
3188 3653 3365 3710 etiam
3391 3670 3652 3710 sommos
3673 3653 3774 3708 Dei

2119 3743 2480 3815 inspectores
2505 3746 2563 3798 et
2592 3742 2899 3815 theologos
2928 3742 3248 3815 apostolos,
3300 3742 3484 3799 alium
3542 3741 3779 3798 aliunde

2121 3837 2359 3904 repente
2388 3848 2420 3887 θ
2443 3831 2660 3888 ﬁnibus
2681 3837 2847 3888 terrae
2875 3833 2935 3888 in
2957 3832 3402 3889 celeberrimam
3423 3838 3482 3889 et
3515 3847 3777 3888 commu-

2127 3937 2262 3977 nem
2291 3921 2556 3977 omnium
2587 3922 3052 3979 Christianorum
3103 3928 3351 3978 matrem
3411 3921 3776 3978 Hierusalem

2124 4011 2467 4083 asportavit,
2495 4015 2552 4066 et
2581 4011 2640 4066 in
2683 4011 2912 4067 excelsa
2968 4013 3299 4067 divinorum
3362 4011 3778 4083 mysteriorum

2105 4116 2260 4156 .arce
2289 4100 2426 4156 Sion
2460 4100 2853 4156 Ecclesiarum
2883 4107 3068 4156 matre
3098 4101 3324 4156 caeteris
3351 4099 3570 4156 Christi
3595 4099 3777 4154 disci-

2131 4188 2287 4261 pulis
2317 4188 2630 4261 copulavit,
2683 4189 2963 4257 cumiDei
3023 4189 3227 4245 Matris
3284 4189 3780 4260 innocentissimus

2130 4277 2356 4349 corpori
2379 4279 2545 4349 justa
2576 4279 3070 4350 persolverentur,
3103 4278 3258 4350 quod
3291 4279 3363 4334 ob
3393 4278 3619 4334 editum
3655 4277 3782 4332 Filii

2133 4367 2235 4422 Dei
2266 4371 2521 4438 partum,
2553 4367 2654 4440 qui
2689 4383 2756 4424 ex
2784 4368 2917 4440 ipsa
2948 4371 3120 4423 natus
3154 4372 3245 4423 est
3273 4371 3331 4422 et
3360 4371 3556 4422 ortum
3588 4366 3784 4422 carnis

2134 4455 2509 4512 ineli‘abiliter
2537 4457 2779 4528 accepit,
2812 4473 2947 4512 cum
2979 4473 3161 4528 eaque
3215 4457 3592 4512 familiariter
3619 4455 3784 4523 vixit,

2139 4544 2327 4617 magis
2366 4545 2691 4601 honoribus
2723 4550 2960 4601 auctum
2987 4562 3021 4600 a
3074 4544 3412 4600 caelestibus
3444 4545 3786 4615 angelorum

367 4653 461 4687 τον
491 4630 658 4702 αὐτῆς
707 4633 936 4707 τέμενος
993 4637 1112 4694 ταῖς
1160 4635 1417 4710 παναγέσι
1462 4634 1550 4688 καὶ
1600 4634 1766 4698 θείαις
1791 4634 1995 4690 ἀποστο

2136 4634 2444 4690 ordinibus
2472 4633 2728 4706 plurima
2753 4651 2886 4690 cum
2910 4633 3355 4706 pompaelatum
3381 4640 3487 4690 est.
3508 4634 3577 4689 Et
3601 4633 3789 4705 ipsius

371 4719 553 4783 λικαῖς
583 4721 776 4796 κάραις
819 4742 878 4777 τε
923 4722 1014 4776 καὶ
1061 4720 1287 4786 ὠλὲναις
1332 4719 1746 4801 μεταιρόμενον,
1790 4725 1880 4779 καὶ
1908 4728 2026 4787 ταῖς

375 4811 903 4885 πνευματοκινήτοις
955 4808 1284 4888 πυροειδὲσι,
1369 4814 1457 4868 καὶ
1539 4811 2028 4888 θεολογικωτάταις

377 4896 654 4976 γλώτταις
699 4898 1038 4975 ὑμνούμενόν
1087 4921 1146 4955 τε
1199 4901 1290 4956 καὶ
1347 4898 1810 4977 δοξολογούμενον
1845 4921 1856 4934 ο
1910 4903 2026 4957 ὅθεν

381 4985 697 5066 ὁλόκληρος
739 4987 879 5062 ’μετά
920 4990 1020 5059 τήν
1067 4988 1120 5044 ἐν
1175 4991 1420 5064 μνήματι
1466 4990 1742 5046 κατάθεσιν
1801 4991 1876 5053 εἰς
1928 4992 2027 5060 την

382 5077 769 5156 ὑπερουράνιον
829 5075 1110 5157 ἀνελήφθη
1165 5077 1323 5151 λῆξιν
1371 5081 1406 5152 ἠ
1459 5083 1673 5137 πάντων
1717 5085 1826 5135 τῶν
1877 5079 2032 5155 ούρα-

380 5167 506 5224 νίων
571 5166 832 5247 ὖπερτὲρα
906 5164 1211 5244 δυνάμεων,
1297 5169 1388 5224 καὶ
1465 5176 1644 5240 πᾶσης
1697 5168 2033 5238 δεσπόζουσα

383 5255 626 5324 κτίσεως.

460 5562 678 5620 Καύτοῢ
706 5562 804 5620 τοῦ
853 5563 1213 5643 θεοφάντορος
1259 5563 1546 5620 ἀκουστέον
1578 5561 1983 5640 διαγορεύοντος
2021 5581 2034 5596 ⁸

384 5647 574 5728 ἕτερος
601 5655 706 5730 γὰρ
763 5653 865 5709 οὐκ
921 5651 982 5710 ἂν
1041 5652 1125 5725 εἴη
1191 5655 1394 5728 μάρτυς
1444 5653 1883 5728 ἀξιοπιστότερος
1915 5655 2040 5727 περὶ

391 5748 494 5812 τῆς
551 5743 1003 5820 ἀγγελοπρεποῦς
1055 5750 1156 5814 τῆς
1215 5743 1508 5820 ἰσαγγελου
1562 5742 1784 5819 χορείας
1834 5741 2041 5814 ἐκείνης

2137 4723 2450 4780 delubrum
2483 4724 2819 4780 mirandum
2852 4724 2913 4779 in
2957 4724 3198 4779 modum
3229 4726 3597 4779 exstructum
3656 4739 3788 4777 san-

2139 4813 2423 4870 ctissimis
2454 4813 2787 4888 divinisque
2818 4813 3218 4886 apostolorum
3251 4811 3545 4883 capitibus
3585 4815 3643 4867 et
3665 4827 3788 4866 ma-

2140 4903 2315 4958 nibus
2346 4917 2416 4958 ex
2436 4902 2574 4958 Sion
2593 4901 3044 4959 inGethsemani
3064 4899 3440 4971 translatum,
3465 4898 3682 4972 linguis
3709 4898 3793 4953 di-

2139 4991 2272 5048 vino
2301 4989 2523 5064 Spiritu
2557 4991 2816 5064 percitis,
2839 4990 3033 5064 igneis
3078 5006 3144 5046 ac
3177 4988 3556 5045 divinissimis
3585 4987 3790 5044 lauda-

2139 5084 2266 5136 tum
2298 5083 2355 5136 et
2385 5078 2572 5152 gloria
2595 5079 2960 5137 cumulatum
2994 5082 3103 5136 est.
3137 5077 3284 5134 Hinc
3314 5076 3489 5149 Virgo
3533 5077 3793 5149 integer-

2141 5169 2310 5240 rima,
2347 5185 2472 5242 qua:
2503 5170 2783 5227 omnibus
2813 5167 3150 5226 coelestibus
3189 5165 3582 5239 potestatibus
3613 5163 3796 5222 subli-

2144 5259 2294 5315 mior
2321 5263 2432 5327 est,
2463 5262 2524 5315 et
2549 5259 2710 5316 omni
2741 5256 3023 5314 creationi
3071 5255 3434 5326 dominatur,
3489 5259 3622 5328 post
3651 5254 3799 5311 cele-

2143 5349 2373 5404 bratam
2405 5349 2536 5421 ejus
2569 5349 2917 5406 memoriam
2950 5346 3024 5404 ad
3054 5345 3463 5404 sublimiorem
3523 5343 3653 5402 coeli
3713 5360 3802 5400 re-

2146 5437 2349 5510 quiem
2373 5442 2462 5495 est
2492 5443 2823 5511 assumpta.

2220 5566 2291 5618 At
2320 5562 2501 5619 divini
2533 5563 2721 5636 ipsius
2751 5561 3036 5636 praeconis
3078 5560 3255 5617 verba
3301 5560 3598 5618 audienda
3625 5561 3803 5624 sunt;

2150 5669 2341 5724 neque
2371 5653 2530 5708 enim
2561 5653 2632 5708 de
2664 5651 2928 5724 angelico
2961 5668 3027 5707 ac
3053 5650 3474 5706 decentissima
3495 5649 3720 5705 chorea:
3743 5645 3808 5700 il-

2148 5743 2266 5798 lius
2299 5758 2403 5815 per
2431 5759 2626 5801 aerem
2659 5742 2946 5801 evolantis
2978 5741 3232 5800 adventu
3281 5740 3451 5796 testis
3510 5739 3663 5795 alius
3691 5734 3805 5791 ﬁde
