4106 6380
331 396 441 459 655

1588 383 1647 435 S.
1687 375 2002 433 DIONYSII
2038 369 2522 427 ΔΒΕΟΡΑϐΙΤΛΕ

3660 370 3770 426 656

335 526 564 598 dignior
594 519 844 578 inveniri
874 521 1090 590 posset.
1125 512 1192 568 Et
1209 524 1351 567 sane
1380 507 1490 562 hoe
1520 503 1719 576 ipsum
1763 511 2002 572 quoque

2123 486 2519 569 νεφελοδρόμου
2568 485 2950 550 συνελεύοεως.
3019 488 3217 545 Καίτοι
3263 488 3352 544 καί
3403 492 3569 546 τοῦτο
3626 492 3766 563 ἡμῖν

2310 581 2322 598 1
2552 574 2609 598 \I
2737 576 2751 598 ἳ
2879 576 2950 598 ‘U
3104 576 3161 598 0',,
3362 583 3386 594 υ
3518 579 3532 598 ν
3585 583 3613 595 ο
3730 584 3759 595 .-

338 592 628 688 perquam
661 610 934 667 accurate
958 622 992 661 a
1024 601 1195 659 nobis
1223 597 1600 654 observatum
1634 592 1744 657 est,
1779 596 1840 642 ut
1870 601 1998 657 quas

339 706 658 777 praeceptor
687 698 817 771 ipse
847 692 1086 751 divinus
1137 687 1450 745 manifesta
1495 675 2000 737 demonstratione

336 769 606 859 tradidit,
639 769 747 845 nos
778 802 897 842 non
929 783 1314 852 attingamus,
1338 791 1409 831 ne
1438 771 1699 843 idipsum
1720 769 1998 822 tractare-

341 898 497 948 mus,
529 858 767 950 eloquia
799 890 928 947 qua:
959 873 1030 927 ab
1062 872 1188 941 ipso
1222 863 1518 939 proposita
1543 862 1701 924 sunt,
1736 858 1997 926 repeten-

336 976 446 1029 tes.
479 942 785 1041 'Siqui-dem
815 942 972 1036 apud
1007 957 1287 1031 prmsides
1309 957 1543 1009 nostros
1566 946 1811 1004 numine
1832 942 2000 1000 silla-

339 1062 452 1128 tos,
476 1063 536 1114 et
559 1031 675 1113 hos
725 1054 817 1126 (ut
856 1031 997 1122 ipse
1030 1045 1207 1116 nosti)
1239 1048 1298 1100 et
1335 1040 1602 1114 plerique
1660 1052 1731 1091 ex
1777 1031 2001 1089 sanctis

341 1121 624 1205 fratribus
658 1121 981 1199 nostrised
1010 1134 1319 1192 visendum
1374 1144 1588 1202 corpus
1645 1123 1813 1194 illud,
1844 1121 2001 1194 quod

340 1238 470 1293 vitae
501 1232 674 1290 nobis
704 1226 1063 1303 principium
1094 1222 1299 1280 attulit
1355 1220 1663 1288 Deumque
1718 1208 2002 1282 suscepit,

341 1299 745 1383 convenimus.
773 1299 1033 1374 Aderant
1060 1318 1341 1386 praeterea
1368 1306 1647 1373 Jacobus,
1682 1303 1863 1358 frater
1892 1299 2004 1355 Do-

343 1414 514 1481 mini,
545 1416 603 1468 et
658 1410 863 1466 Petrus
923 1405 1185 1477 (summa
1241 1405 1299 1455 et
1362 1397 1619 1453 maxime
1672 1389 2007 1447 veneranda

340 1502 757 1573 theologorum
831 1492 1174 1567 majestas).
1232 1487 1452 1546 Deinde
1507 1483 1698 1539 visum
1755 1482 1885 1546 est,
1943 1480 2008 1532 ut

349 1607 555 1649 omnes
586 1587 737 1647 sacri
772 1582 1050 1657 praesules
1081 1582 1215 1653 post
1243 1576 1531 1633 visionem
1561 1570 1750 1636 illam,
1782 1582 2008 1641 praepo-

353 1686 574 1738 tentem
606 1652 816 1733 divinis
848 1652 1266 1728 imbecillitatis
1298 1661 1723 1735 benignitatem
1746 1674 1850 1729 pro
1871 1652 2007 1710 viri-

351 1773 466 1827 bus
497 1766 750 1840 quisque
781 1761 908 1819 suis
940 1758 1283 1816 celebraret.
1318 1753 1494 1808 Porro
1529 1753 1661 1822 post
1714 1744 2006 1815 thologos,

352 1835 562 1917 omnes
591 1835 681 1929 (ut
701 1853 882 1943 nosti)
915 1864 1115 1907 sacros
1172 1847 1442 1902 doctores
1501 1835 1800 1910 superavit
1846 1838 2008 1932 totus
2036 1877 2085 1943 B

350 1920 743 2008 admiratione
773 1920 983 2015 ple-nus
1015 1942 1071 1994 et
1099 1952 1219 2008 prae
1242 1938 1483 2004 stupore
1510 1932 1675 1984 extra
1732 1940 1797 1980 se
1848 1920 2007 1995 posi-

350 2046 473 2107 tus,
506 2051 710 2095 eorum
743 2013 871 2103 qua:
914 2026 1216 2096 laudabat,
1275 2016 1694 2079 communione
1741 2013 2006 2071 affectus.

352 2128 578 2184 Idcirco
609 2124 682 2180 ob
713 2139 783 2178 ea
812 2119 1033 2188 omnia,
1065 2131 1191 2186 quis
1249 2109 1453 2168 audita
1504 2110 1663 2176 sunt,
1721 2107 1780 2159 et
1824 2097 2011 2158 oculis

359 2217 686 2290 perspecta,
719 2209 842 2266 sive
869 2205 1187 2273 intellecta,
1219 2217 1323 2258 seu
1378 2214 1493 2255 non
1523 2193 1843 2259 intellecta,
1899 2207 2013 2245 nu-

361 2281 520 2362 mine
539 2302 774 2358 afflatus
800 2313 951 2363 esse,
973 2301 1032 2351 et
1052 2292 1286 2350 divinus
1307 2285 1589 2345 laudandi
1613 2282 1896 2355 magister
1924 2281 2016 2334 est

351 2394 680 2467 judicatus.
713 2387 861 2451 Quid
893 2385 943 2441 si
976 2400 1044 2440 ea
1070 2381 1176 2437 tibi
1208 2396 1335 2452 quae
1367 2376 1484 2432 illic
1533 2372 1733 2430 divina
1787 2369 2014 2425 ratione

355 2458 606 2540 tractata
637 2482 797 2547 sunt,
829 2471 1114 2546 eloquar?
1139 2469 1369 2526 Etenim
1428 2464 1544 2521 nisi
1602 2461 1718 2518 mei
1780 2458 2014 2530 penitus

358 2573 471 2629 sim
501 2569 744 2638 oblitus,
774 2566 897 2623 seio
943 2579 1039 2619 me
1092 2567 1284 2634 partes
1334 2556 1621 2628 quasdam
1682 2549 2014 2606 divinarum

360 2662 516 2721 388
547 2637 782 2715 illarum
814 2650 1225 2710 laudationum
1257 2647 1369 2703 abs
1387 2650 1444 2701 te
1473 2641 1690 2715 saepius
1730 2637 2013 2696 audiisse.

359 2749 755 2817 Quamobrem
787 2742 1015 2812 nullus,
1032 2734 1427 2803 dilectissimi,
1447 2729 1694 2789 orationi
1712 2728 1888 2784 ﬁdem
1912 2724 2015 2780 ha-

358 2842 500 2899 bere
529 2837 830 2902 detrectet,
863 2847 999 2887 cum
1022 2845 1123 2884 eos
1153 2824 1426 2899 quicirea
1455 2820 1791 2877 Cornelium
1832 2817 2013 2884 fuere,

361 2930 561 2988 animo
605 2920 1000 2996 reputaverit;
1036 2934 1172 2973 nam
1221 2919 1278 2972 et
1307 2913 1392 2968 illi
1449 2927 1564 2968 non
1597 2909 1767 2965 aliter
1816 2922 1883 2960 ac
1915 2902 2019 2975 qui

370 3034 506 3076 cum
525 2992 719 3081 Petro,
746 3013 973 3069 Joanne
1001 3012 1060 3064 et
1078 3005 1298 3063 Jacobo
1327 3004 1585 3069 fuerunt,
1618 2995 1806 3070 gratia
1825 2992 2018 3051 sancti

360 3107 616 3181 Spiritus
644 3080 754 3161 sub
809 3101 988 3157 torma
1040 3095 1196 3168 ignis
1252 3088 1502 3163 impleti,
1561 3085 1780 3159 linguis
1834 3080 2017 3138 locuti

361 3180 526 3266 sunt,
557 3198 617 3251 et
646 3191 1007 3248 edendorum
1027 3182 1450 3241 miraculorum
1474 3180 1824 3250 potestatem
1853 3186 2015 3227 acce-

2106 580 2491 653 ἐπιτετήρηται
2552 574 2677 632 λίαν
2733 576 3013 650 ἐμμελῶς,
3090 576 3231 633 ὥστε
3294 583 3415 641 τοῖς
3471 579 3624 651 αὐτῷ
3689 584 3772 653 τῷ

2108 671 2241 743 θείῳ
2296 666 2634 743 καθηγεμόνι
2683 667 2822 722 κατὰ
2865 665 3117 744 ἔκιρανσιν
3168 673 3313 742 σαφῆ
3366 663 3770 742 διηυκρινημὲ-

2108 780 2225 820 νοις
2260 756 2389 832 μηδ’
2420 754 2568 819 ὁλως
2612 754 3063 832 ἐγκεχειρηκέναι
3121 756 3261 810 ποτὶ
3310 756 3450 832 πρὸς
3498 754 3770 814 ταυτολο-

2108 849 2253 924 γίαν,
2314 847 2389 910 εἰς
2434 849 2535 918 τήν
2594 847 2764 916 αὐτὴν
2814 849 2913 901 τοῦ
2970 846 3328 920 προτεθέντος
3386 847 3542 920 αὐτῷ
3573 845 3772 925 λογίου

2110 935 2431 1014 διασάφηςιν
2460 956 2471 969 ·
2529 934 2647 991 ἐπεὶ
2694 934 2785 990 καὶ
2835 935 2964 1011 παρ’
3013 935 3203 997 αὐτοῖς
3260 939 3377 998 τοῖς
3435 936 3772 1010 θεολήπτοις

2109 1029 2272 1100 ἡμῶν
2307 1026 2592 1103 ἰεράρχαις
2621 1025 2808 1096 (ἡνίκα
2848 1025 2940 1081 καὶ
2989 1026 3180 1098 ἡμεῖς,
3232 1025 3306 1086 ὡς
3351 1024 3507 1081 οἶσθα
3552 1027 3645 1082 καὶ
3676 1027 3772 1083 αύ-

2108 1117 2222 1183 τὸς,
2268 1117 2359 1171 καὶ
2414 1114 2624 1171 πολλοὶ
2652 1119 2762 1170 τῶν
2813 1115 2974 1190 ἱερῶν
3022 1115 3184 1187 ἡμῶν
3225 1110 3480 1189 ἀδελφῶν
3533 1115 3623 1171 ἐπὶ
3670 1119 3772 1188 τήν

2113 1211 2233 1271 θὲαν
2270 1210 2367 1260 τοῦ
2416 1207 2734 1281 ζωαρχικοῦ
2784 1184 2878 1258 δαὶ.
2926 1184 3195 1279 θεοδόχου
3241 1184 3501 1278 σώματος
3547 1184 3773 1278 συνελη-

2113 1293 2354 1367 λύθαμεν
2387 1311 2400 1325 '
2436 1300 2615 1370 παρῆν
2652 1290 2710 1347 δὲ
2765 1293 2855 1347 καὶ
2909 1294 2938 1347 ὁ
2995 1289 3330 1367 ἀδελφόθεος
3390 1290 3653 1358 Ἰάκωϐος
3683 1294 3773 1351 καὶ

2113 1383 2336 1460 Πέτρος,
2374 1385 2410 1452 ἡ
2466 1382 2735 1461 κορυφαία
2792 1381 2883 1437 καὶ
2932 1375 3277 1455 πρεσϐυτάτη
3333 1387 3443 1438 τῶν
3502 1383 3775 1460 θεολόγων

2116 1472 2351 1547 ἀκρότης
2384 1492 2396 1505 ’
2433 1473 2547 1527 εἶτα
2598 1469 2775 1526 ἐδόκει
2828 1471 2963 1545 μετά
3009 1472 3109 1540 τήν
3170 1471 3319 1542 θέαν,
3375 1473 3609 1546 ὑμνῆσαι
3638 1473 3768 1537 τοὺς

2114 1562 2374 1637 ἰεράρχας
2409 1563 2675 1629 ἅπαντας,
2711 1561 2785 1623 ὡς
2839 1557 3065 1625 ἕκαστος
3110 1560 3177 1630 ἧν
3224 1557 3429 1630 ἴκανὸς,
3476 1562 3575 1631 τήν
3609 1562 3764 1617 ἄπει-

2118 1649 2427 1728 ροδύναμον
2462 1651 2772 1726 ἀγαθότητα
2801 1657 2903 1721 τῆς
2954 1657 3257 1726 θεαρχικῆς
3289 1651 3593 1725 ἀσθενείας),
3625 1653 3760 1707 πάν-

2114 1763 2224 1798 των
2282 1739 2493 1816 ἐκράτει
2554 1740 2689 1813 μετά
2743 1738 2874 1801 τοὺς
2924 1740 3241 1815 θεολόγους,
3301 1740 3378 1802 ὡς
3435 1741 3604 1810 οἶσθα,
3651 1746 3758 1796 τῶν

2118 1829 2305 1886 ἄλλων
2353 1830 2715 1906 ἱερομυστῶν,
2763 1826 2895 1891 ὅλος
2943 1825 3222 1902 ἐκδημῶν,
3263 1826 3398 1891 ὅλος
3430 1827 3765 1902 ἐξιστάμένος

2116 1922 2330 1991 ἑαυτοῦ,
2361 1919 2452 1975 καὶ
2502 1920 2603 1989 τήν
2660 1918 2799 1994 πρὸς
2847 1921 2915 1973 τά
2966 1918 3281 1992 ὑμνούμενα
3328 1919 3620 1974 κοινωνίαν
3668 1919 3771 1973 πά-

2117 2029 2293 2086 σχων,
2323 2008 2577 2085 καὶπρὸς
2626 2009 2843 2063 πάντων
2892 2009 2968 2062 ὧν
3003 2005 3259 2080 ἠκούετο,
3307 2008 3399 2062 καὶ
3438 2007 3647 2084 ἑωρᾶτο
3678 2005 3770 2062 καί

2119 2099 2462 2175 ἐγινώσκετο,
2493 2098 2584 2153 καὶ
2630 2094 2730 2151 οὔκ
2773 2096 3120 2172 ἐγινώσκετο,
3169 2096 3478 2168 θεόληπτος
3522 2097 3651 2152 εἶναι
3682 2095 3774 2151 καί

2120 2193 2263 2252 θεῖος
2297 2185 2610 2263 ύμνολόγος
2645 2185 2991 2260 κρινόμενος.
3049 2185 3153 2242 Καὶ
3197 2184 3251 2241 τί
3305 2186 3365 2241 ἅν
3395 2206 3483 2240 σοι
3511 2186 3639 2260 περὶ
3666 2189 3773 2240 τῶν

2122 2277 2234 2333 ἐκεῖ
2289 2275 2736 2351 θεολογηθέντων
2793 2273 3068 2350 λέγοιμι;
3130 2274 3226 2329 Καὶ
3284 2275 3387 2350 γὰρ
3447 2275 3493 2330 εἱ
3548 2275 3626 2347 μὴ
3684 2272 3777 2328 καὶ

2122 2364 2360 2441 ἐμαυτοῦ
2417 2363 2811 2439 ἐπιλέλησμαι,
2869 2361 3146 2427 πολλάκις
3188 2360 3310 2418 οἴδα
3356 2362 3505 2439 παρᾶ
3546 2367 3645 2417 σοῦ
3685 2360 3777 2417 καὶ

2128 2454 2264 2531 μέρη
2350 2455 2472 2509 τινὰ
2551 2454 2660 2508 τῶν
2742 2453 3098 2508 ἐνθεαστικῶν
3179 2450 3401 2508 ἐκείνων
3479 2448 3777 2526 ὗμνῳδιῶν

2123 2543 2441 2604 ἐπακούσας.
2505 2539 2719 2613 Μηδεὶς
2769 2541 2887 2612 οὖν,
2944 2539 3245 2617 ἀγαπητοὶ,
3299 2544 3380 2614 τῷ
3437 2539 3586 2614 λόγῳ
3652 2536 3777 2595 δια-

2122 2631 2402 2704 πιστείτω,
2452 2629 2580 2693 τοὺς
2626 2629 2767 2709 ἀμφὶ
2814 2627 3124 2705 Κορνήλιον
3176 2627 3662 2704 ἀναλογισάμενος,
3690 2629 3777 2684 ὅτι

2123 2722 2363 2776 κάκεῖνοι
2392 2724 2511 2782 τοῖς
2542 2719 2682 2796 ἀμφὶ
2734 2720 2958 2794 Πέτρον,
3007 2719 3098 2773 καὶ
3145 2718 3428 2791 Ἰωάννην,
3462 2718 3553 2773 καὶ
3581 2719 3775 2776 Ἰάκω-

2125 2807 2219 2865 εον
2253 2809 2464 2883 ὁμοίως
2509 2808 2861 2880 ἐπλήσθησαν
2910 2815 3011 2878 τῆς
3056 2807 3412 2883 πυριμόρφου
3455 2812 3554 2862 τοῦ
3601 2828 3772 2863 πανα-

2122 2899 2243 2976 γίου
2300 2898 2614 2972 Πνεύματος
2671 2896 2926 2974 χάριτος,
2986 2897 3079 2952 καὶ
3138 2895 3415 2972 γλώσσαις
3472 2894 3771 2968 ἐλάλησαν,

2123 2988 2214 3044 καὶ
2258 2994 2683 3064 τερατουργικῆς
2736 2985 2929 3062 ἰσχύος
2973 2986 3397 3063 μετειλήχεισαν
3432 3005 3446 3020 ο
3498 2990 3615 3049 πῶς
3666 2987 3772 3062 γὰρ

2125 3079 2177 3133 οἱ
2207 3078 2382 3146 πάντη
2434 3074 2839 3150 διεσπαρμένοι,
2890 3075 2979 3130 καὶ
3041 3073 3214 3139 ἄλλος
3263 3073 3546 3152 ἀλλαχόσε
3572 3096 3776 3153 παροι-

2123 3167 2241 3223 κίαν
2276 3166 2497 3239 ἰθύνειν,
2529 3166 2619 3222 καὶ
2668 3163 2986 3235 ἀποστολήν
3030 3163 3267 3220 ἐκτελεῖν
3308 3164 3776 3241 προκεχειρισμέ-

361 3242 526 3266 ¹”’“¹¹¹’⁶Ἶ
560 3242 615 3251 ⁷⁷
650 3242 941 3248 ""‘—"”
1474 3242 1492 3250 -

356 3291 590 3359 perunt.
624 3279 927 3347 Quomodo
956 3274 1116 3332 enim
1156 3272 1256 3344 qui
1307 3280 1784 3342 quoquoversum
1842 3263 2010 3317 erant

2123 3278 2226 3327 νοι,
2289 3254 2460 3317 οὕτως
2520 3255 2716 3329 ἀθρόον
2764 3254 2817 3309 ἐν
2856 3254 3125 3331 άκαριαίῳ
3166 3258 3341 3331 καιρῷ
3390 3253 3780 3326 συνεληλύθει-

2304 3344 2319 3359 .
2428 3346 2441 3359 .
2502 3346 2526 3359 λ
2569 3343 2582 3359 ι
2886 3340 2909 3359 λ
2948 3347 2975 3358 ..
3054 3340 3079 3359 ο.
3336 3344 3392 3359 ..
3442 3344 3490 3359 ._
3687 3342 3713 3359 ν

356 3352 633 3448 dispersi,
667 3375 843 3442 atque
874 3365 1027 3423 alius
1084 3362 1199 3419 alio
1256 3357 1582 3431 hospitium
1638 3352 1909 3424 dirigere,
1960 3352 2018 3404 et

360 3479 582 3523 munus
604 3440 996 3532 apostolicum
1027 3450 1268 3522 exsequi
1294 3446 1637 3505 mandatum
1667 3440 2017 3505 habuerant,

360 3556 444 3611 sic
474 3547 825 3609 brevissimo
870 3549 1135 3614 tempore
1183 3536 1364 3595 simul
1421 3531 1852 3598 convenissent,
1902 3524 2019 3582 nisi

360 3639 634 3702 vehiculo
659 3635 858 3692 divino
890 3631 1032 3687 nubi
1064 3626 1247 3685 simili
1270 3626 1523 3697 quisque
1544 3622 1757 3691 dignus
1777 3617 2019 3674 habitus

359 3734 523 3791 esset
543 3728 571 3784 Ἰ
599 3727 671 3783 Et
701 3722 945 3797 quidem
972 3717 1252 3775 omnibus
1272 3714 1371 3784 qui
1411 3714 1470 3767 in
1529 3709 1695 3765 initio
1744 3705 2020 3763 salutaris

362 3793 801 3896 praedicationis
826 3810 886 3865 in
909 3825 1048 3865 vera
1065 3806 1178 3862 [ide
1194 3802 1569 3860 ambulantes
1586 3799 1658 3855 ab
1681 3797 1811 3869 ipsa
1825 3793 2023 3851 divina

362 3884 496 3968 iuee
523 3898 847 3962 illuminati
878 3901 1037 3966 sunt,
1071 3890 1665 3967 generalinguarum,
1696 3884 2019 3941 sanitatum

365 4001 543 4066 dona,
576 3993 944 4050 diversarum
976 3985 1263 4040 virtutum
1309 3978 1676 4052 operationes
1723 3973 1959 4031 abunde
1988 3988 2022 4028 a

320 4158 324 4162 Α
364 4062 589 4161 Spiritu
618 4078 940 4139 caelestium
968 4075 1257 4162 donorum
1278 4069 1573 4141 largitore,
1596 4069 1654 4122 et
1680 4062 1818 4121 boni
1841 4062 2021 4119 totius

364 4154 547 4243 fonte,
581 4171 798 4229 nedum
831 4179 1051 4236 magno
1077 4160 1165 4216 illi
1193 4157 1469 4231 Dionysio
1497 4154 1898 4228 apostolorum
1929 4167 2022 4207 co-

366 4282 487 4323 aavo
518 4239 660 4320 sunt
689 4253 1012 4328 impertita.
1045 4253 1119 4307 At
1139 4245 1523 4307 saerainvicti
1542 4244 1730 4316 ipsius
1757 4239 2022 4314 martyrii

2126 3367 2242 3418 σαν,
2276 3344 2321 3400 εί
2375 3346 2450 3418 μή
2501 3343 2647 3399 θείου
2696 3340 3008 3422 νεφοειδοῦς
3054 3340 3281 3406 ’ἕκαστος
3326 3344 3639 3417 ἠξιώθησαν
3677 3342 3779 3421 ἄρα·

2130 3455 2298 3508 ματος
2332 3452 2347 3503 ;
2382 3432 2481 3488 Καὶ
2515 3435 2626 3506 μὴν
2669 3439 2799 3487 πᾶσι
2845 3438 2963 3495 τοῖς
3012 3432 3148 3488 κατᾶ
3192 3434 3293 3503 τήν
3330 3434 3511 3510 ἀρχὴν
3540 3437 3639 3489 τοῦ
3670 3453 3780 3488 σω-

2124 3522 2320 3598 τηρίου
2342 3521 2697 3599 κηρύγματος
2741 3526 2811 3596 τῇ
2861 3519 3099 3596 ἀληθινῇ
3157 3527 3533 3600 προσφοιτῶσι
3573 3521 3779 3595 πίστει,

2126 3612 2217 3668 καὶ
2273 3611 2669 3689 φωτιζομένοις
2702 3611 2795 3666 ἀπ’
2843 3609 3007 3666 αὐτοῦ
3052 3615 3159 3665 τοῦ
3198 3611 3345 3667 θείου
3399 3612 3778 3691 φωτίσματος,

2127 3702 2255 3777 γένη
2286 3721 2345 3756 τε
2390 3699 2678 3775 γλωσσῶν,
2728 3698 2817 3754 καὶ
2859 3699 3105 3773 ἰαμάτων
3161 3700 3496 3776 χαρίσματα,
3526 3700 3616 3757 καὶ
3649 3722 3781 3756 ποιο

2127 3789 2298 3845 κίλων
2328 3787 2610 3862 δυνάμεων
2656 3788 2993 3865 ἐνεργήματα
3038 3787 3317 3852 πλονσίως
3366 3790 3506 3867 πρὸς
3543 3793 3641 3845 τοῦ
3668 3794 3779 3845 τῶν

2131 3879 2414 3957 ὓπερφυῶν
2476 3876 2821 3952 δωρημάτων
2869 3883 3199 3954 παρεκτικοῦ
3247 3879 3339 3934 καὶ
3395 3878 3783 3956 ἀγαθαρχικοῦ

2132 3968 2443 4041 ῐΙνεύματος
2475 3964 2761 4036 διεδίδοτο,
2808 3967 2943 4039 μήτι
2992 3987 3057 4042 γε
3110 3972 3229 4029 τοῖς
3276 3968 3414 4023 κατᾶ
3467 3968 3558 4023 τὸν
3612 3966 3781 4044 μέγαν

2131 4056 2498 4112 ἀποστολικὸν
2540 4056 2841 4111 Διονύσιον.
2889 4053 3045 4113 Ἀλλ’
3092 4057 3127 4126 ἡ
3159 4061 3261 4127 τῆς
3287 4055 3594 4127 ἀθλητικῆς
3614 4057 3786 4113 αὐτοῦ

2135 4144 2430 4221 μαρτυρίας
2486 4144 2607 4218 ἱερὰ
2641 4142 2989 4221 σάλπιγξ,ἐπὶ
3038 4149 3234 4220 καιροῦ
3284 4142 3613 4219 σαλπίσασα,
3653 4144 3789 4211 τοὺς

2131 4237 2295 4291 ἁύτοῦ
2343 4234 2517 4298 θείους
2562 4234 2773 4310 ἀγῶνας
2832 4231 3070 4289 εἰσδῦναι
3115 4234 3205 4289 καὶ
3248 4239 3609 4291 κατοπτεῦσαι
3650 4255 3792 4312 προ-

365 4354 533 4423 tuba,
566 4350 895 4423 opportune
923 4356 1167 4409 sonans,
1210 4337 1412 4393 divina
1463 4334 1653 4406 ipsius
1700 4330 2014 4387 certamina

2128 4324 2401 4423 τρέπεται,
2460 4323 2550 4381 καὶ
2595 4324 2688 4379 τὸν
2744 4321 2911 4399 λόγον
2956 4320 3045 4378 ἐπὶ
3097 4325 3198 4394 τὴν
3256 4328 3367 4380 τῶν
3419 4321 3789 4398 ἐνδοξοτάτων

364 4411 697 4516 ἱηετόᾶίέο
722 4432 940 4491 intueri
970 4430 1262 4499 hortatur,
1295 4425 1740 4494 orationemque
1777 4420 1850 4476 ad
1903 4419 2014 4492 glo-

2132 4414 2296 4516 αύτρῦ
2406 4414 2715 4487 μεθίστησιν
2825 4413 3233 4487 ἀριστευμάτων
3343 4411 3787 4489 ἐγκωμιαπικήν

364 4533 524 4590 riosa
542 4527 733 4602 ipsius
762 4523 1024 4581 facinora
1053 4515 1403 4577 celebranda
1432 4511 1772 4570 transferre.
2137 4505 2432 4582 ὑφήγησιν.

438 4655 859 4712 Verumtamen
893 4650 1214 4717 antequam
1246 4642 1318 4697 de
1366 4634 1633 4708 martyrii
1673 4633 1862 4707 ipsius
1892 4647 2014 4705 pro-

2207 4626 2361 4717 Πλήν
2410 4648 2471 4703 γε
2548 4627 2676 4717 πρὶν
2762 4620 3049 4717 ἐπιϐῆναι,
3098 4629 3197 4682 τοῦ
3270 4630 3378 4681 τῶν
3440 4633 3793 4705 μαρτυρικῶν

370 4742 674 4819 gressibus
704 4711 1295 4806 dicereineipiamus,
1321 4726 1468 4783 illud
1495 4723 1781 4796 benignos
1800 4720 2014 4777 audito-

2135 4716 2471 4819 σκαμμάτων
2529 4713 2715 4819 ούδοῦ,
2763 4711 2888 4819 ..δεῖν
2948 4712 3143 4819 εἶδ’ἐναι
3192 4714 3346 4771 τουτὶ
3400 4717 3463 4771 τὸ
3512 4715 3788 4795 φιλήκοον

372 4802 466 4892 res
496 4833 646 4890 scire
670 4828 920 4901 oportet,
953 4802 1110 4894 quod
1169 4816 1390 4888 scripta
1447 4814 1562 4870 Deo
1614 4811 1788 4885 plena
1844 4810 2014 4866 divini

2135 4806 2521 4882 ἀκροάτήριον,
2554 4806 2649 4875 ὡς,
2696 4808 2817 4866 τοῖς
2851 4808 2948 4859 τοῦ
2991 4802 3416 4878 εὖφημουμὲνου
3449 4802 3790 4881 θεοκήρυκός

369 4920 658 4997 praeconis
705 4913 978 4983 sacrique
1029 4905 1325 4978 martyris,
1383 4904 1556 4976 cuius
1603 4901 1807 4958 laudes
1864 4898 2014 4956 nobis

2132 4896 2355 4997 trs-ml
2432 4893 2831 4997 ἰερομάρτυρος
2911 4891 3291 4959 θεοπνεύστοις
3357 4898 3792 4971 συγγράμμασιν

372 4987 815 5085 proposuimus,
849 5000 1189 5071 sequentes,
1220 4994 1459 5049 beatum
1490 4991 1619 5064 ejus
1673 5004 1919 5062 agonem
1967 4987 2027 5043 in

374 5077 693 5173 postremis
722 5087 962 5161 Trajani
993 5084 1154 5173 regni
1178 5081 1386 5173 diebus
1434 5081 1617 5137 fuisse
1672 5077 2027 5151 accepimus.

373 5189 522 5245 Nam
552 5187 614 5241 in
640 5184 852 5255 quarto
912 5170 1269 5231 narrationis
1313 5171 1388 5227 De
1442 5170 1651 5226 divinis
1702 5166 2032 5225 nominibus

374 5277 584 5348 capite,
616 5271 718 5329 ubi
749 5264 968 5325 amoris
990 5259 1441 5334 appellationem
1464 5258 1869 5326 laudat,dicit:
1895 5256 2027 5312 Jam

374 5381 510 5422 vero
541 5356 903 5435 quibusdam
929 5369 999 5410 ex
1021 5349 1241 5406 nostris
1273 5365 1574 5405 sacrorum
1606 5344 2029 5403 tractatoribus

370 5455 569 5511 visum
601 5453 713 5517 est,
746 5444 968 5503 amoris
990 5456 1203 5498 nomen
1225 5454 1405 5511 quam
1445 5435 1779 5493 dilectionis
1799 5450 1930 5491 esse
1947 5432 2031 5489 di-

369 5543 591 5600 vinius.
639 5535 858 5595 Scribit
903 5531 1062 5589 enim
1120 5533 1179 5586 et
1214 5528 1453 5585 divinus
1518 5526 1818 5598 Ignatius:
1863 5525 2033 5579 Amor

371 5647 529 5688 meus
551 5627 708 5687 cruci
735 5625 974 5696 sufﬁxus
1002 5624 1102 5677 est.
1134 5618 1256 5675 Hoc
1291 5617 1450 5674 enim
1498 5615 1746 5673 verbum
1792 5612 2031 5669 divinus

374 5719 646 5794 Ignatius
665 5719 925 5774 extremo
956 5707 1249 5783 supplicio
1274 5707 1461 5763 Romae
1507 5703 1919 5772 dimicaturus,
1962 5717 2030 5758 ac

2136 4986 2419 5059 ἑπόμενοι,
2445 4985 2544 5052 τὴν
2577 4982 2742 5038 αὐτοῦ
2795 4983 3062 5056 μακαρίαν
3123 4984 3352 5053 ἄθλησιν
3404 4983 3456 5039 ἐν
3486 4990 3604 5046 τοῖς
3632 4984 3799 5040 ὑστά-

2135 5094 2250 5137 τοις
2277 5081 2377 5145 τῆς
2424 5077 2521 5128 τοῦ
2567 5075 2832 5149 Τριϊανοῦ
2884 5070 3163 5147 βασιλείας
3211 5074 3487 5149 γεγονέναι
3528 5074 3797 5145 κατειλή-

2137 5183 2309 5242 φαμεν
2342 5183 2357 5198 ο
2418 5162 2471 5219 ἐν
2533 5162 2630 5236 μὲν
2670 5165 2751 5234 τῷ
2806 5159 3048 5236 τετάρτῳ
3102 5166 3202 5216 τοῦ
3260 5161 3391 5237 Περὶ
3453 5164 3612 5227 θείων
3667 5162 3797 5218 ὀνο-

2140 5252 2322 5326 μάτων
2374 5250 2542 5327 λόγου
2605 5247 2889 5327 κεφαλαίῳ
2967 5250 3289 5325 φάσκοντος,
3366 5245 3492 5316 ἔνθα
3540 5253 3641 5321 τήν
3695 5255 3800 5307 τοῦ

2136 5340 2336 5419 ἔρωτος
2397 5339 2706 5413 ἐπωνυμίαν
2761 5339 3023 5412 ἐξυμνεῖο
3086 5338 3276 5396 Καίτοι
3337 5336 3487 5412 ἔδοξὲ
3537 5361 3650 5396 τισι
3679 5346 3795 5397 τῶν

2135 5434 2252 5495 καθ’
2286 5433 2434 5505 ἡμᾶς
2463 5427 2790 5505 ἱερολόγων,
2831 5432 2925 5482 καῖ
2975 5426 3247 5505 θειότερον
3273 5428 3408 5485 εἶναι
3434 5430 3496 5485 τὸ
3523 5434 3620 5484 τοῦ
3652 5428 3800 5503 ἔρω-

2133 5540 2229 5582 τος
2260 5516 2436 5593 ὄνομα
2463 5522 2562 5574 τοῦ
2615 5520 2716 5588 τῆς
2770 5516 3011 5593 ἀγάπης.
3067 5516 3266 5595 Γράφει
3326 5516 3384 5573 δὲ
3437 5518 3531 5574 καὶ
3584 5519 3612 5574 ὁ
3645 5524 3802 5583 θεῖος

2137 5610 2421 5685 Ἰγνάτιος.
2475 5609 2537 5665 Ὁ
2583 5606 2715 5681 ἐμὸς
2761 5602 2902 5680 ἔρως
2947 5604 3330 5683 ἐσταύρωται*
3375 5611 3539 5664 τοῦτο
3583 5607 3689 5685 γὰρ
3729 5609 3801 5665 τὸ

2140 5697 2304 5775 ῥητὸν
2339 5699 2367 5754 ὁ
2398 5693 2661 5774 θεοφόρος
2710 5696 3000 5770 Ἱγνάτιος,
3052 5693 3277 5767 μίλλων
3321 5695 3375 5753 ἐν
3420 5697 3609 5773 Ῥώμῃ
3646 5718 3802 5776 μαρα-
