4106 6380
374 398 486 454 657

1405 401 1598 467 νιΤΑ,
1641 397 1979 454 AUCTORE
2020 398 2396 452 MICHAELE
2432 397 2785 455 SYNGELO.

3705 407 3815 462 658

368 522 608 595 τυρικῶς
636 518 931 591 ἀθλήσειν,
989 522 1077 576 καὶ
1130 524 1249 584 τοῖς
1305 520 1489 577 λὲουσι
1555 521 1692 596 βορά
1744 518 1880 574 κατᾶ
1933 519 2020 586 rip

2153 518 2422 575 leonibus
2453 520 2700 592 imperio
2727 523 2962 594 Trajani
3004 526 3158 596 regis
3192 525 3359 582 cibus
3390 529 3810 600 projiciendus,

371 615 469 665 τοῦ
500 609 763 684 τυράννου
810 610 1081 685 Τραϊανοῦ
1138 611 1434 686 πρόσταειυ
1489 606 2038 684 παραϐληθήσεσθαι,

369 699 495 776 περὶ
525 701 587 754 τὸ
638 703 739 763 τῆς
769 700 935 755 αὐτοῦ
966 701 1248 775 τυραννίας
1299 700 1518 765 ἔννατος
1558 699 1695 766 ἔτος,
1754 699 1888 752 κατά
1943 697 2034 751 τὸν

370 783 762 844 εὐσεϐεστάτων
824 795 1164 863 Χριστιανῶν
1224 787 1468 866 διωγμὸν
1521 788 1841 863 ἐγείραντος,
1901 787 2034 840 Ῥω-

368 877 555 951 μαίοις
587 876 925 934 ἐπιστέλλων
979 881 1266 958 γέγραφενο
1319 881 1394 942 ὡς
1427 878 1488 934 ἐκ
1530 878 1726 934 τούτου
1785 873 2034 949 παραδη-

369 966 640 1036 λοῦσθαι,
698 968 834 1033 πρὸς
881 973 962 1040 τῷ
1009 972 1106 1023 τοῦ
1157 966 1394 1023 διώκτου
1443 965 1762 1040 τυραννίδος
1819 964 2035 1040 πέρατι,

363 1057 548 1118 καθὼς
607 1051 851 1132 ἔφθημεν
913 1056 1193 1132 εἰρηκότες
1227 1101 1242 1127 ,
1291 1057 1382 1112 τὸν
1441 1053 1768 1133 ἱεροφάντην
1815 1073 2032 1129 μεμαρ-

364 1145 656 1219 τυρηκέναι
705 1145 1003 1202 Διονύσιον.
1043 1146 1184 1216 Πρὸς
1231 1143 1289 1200 δὲ
1336 1145 1427 1200 τὸν
1477 1153 1578 1214 τῆς
1634 1145 1868 1221 βροντῆς
1915 1143 2030 1197 υἱὸν

364 1233 460 1289 τὸν
520 1233 840 1307 ὑψηλότατα
890 1233 981 1288 καὶ
1040 1235 1173 1310 ὑπὲρ
1231 1236 1407 1290 πάντα
1457 1238 1579 1289 νοῦν
1621 1229 1914 1308 ἐγκόσμιόν
1972 1252 2032 1286 τε

363 1323 453 1378 καὶ
503 1323 872 1398 ὑπερκόσμιον
921 1323 1302 1400 βροντήσαντά
1349 1345 1407 1380 τε
1452 1323 1543 1379 καὶ
1603 1323 2027 1398 Θεολογήσαντα,

362 1411 822 1488 τρισμακάριστον
882 1414 1106 1492 γράφων
1155 1412 1436 1486 Ἰωάννην,
1494 1412 1546 1468 ἐν
1610 1412 1814 1486 Πάτμῳ
1871 1432 2030 1486 περισ-

365 1499 668 1574 ωρισμὲνον
702 1501 968 1580 ἀποφάσει
1022 1507 1374 1576 Δομετιανοῦ,
1407 1507 1503 1558 τοῦ
1550 1503 1686 1576 μετά
1725 1501 1884 1557 Τίτον
1935 1502 2024 1556 τὸν

363 1588 600 1668 ἀδελφὸν
633 1590 798 1646 αὐτοῦ
855 1587 1334 1668 βεϐασιλευκότος,
1391 1593 1578 1671 (ἄμφω
1619 1593 1719 1666 γὰρ
1775 1591 2027 1649 Οὐασπα-

364 1683 552 1734 σιανοῦ
583 1677 774 1743 παῖδες
802 1678 1024 1756 ἤστην)
1082 1680 1209 1757 περί
1265 1683 1358 1737 τὸν
1413 1688 1512 1750 τῆς
1553 1681 1717 1736 αὐτοῦ
1750 1678 2028 1750 βασιλείας

363 1765 592 1844 ἔσχατον
667 1768 908 1826 ἐνιαυτὸν
987 1772 1125 1826 κατὰ
1197 1775 1308 1826 τῶν
1366 1775 1573 1826 πιστῶν
1632 1768 2024 1840 λυττήσαντος,

367 1857 496 1934 φησὶ
531 1864 894 1936 προφητικῶς
923 1859 1308 1936 προαγορεύων
1341 1861 1450 1932 (καὶ
1499 1865 1848 1936 προφητικῆς
1897 1878 2022 1930 μετ-

367 1947 565 2022 έσχηκε
592 1949 870 2024 χάριτος)·
909 1973 937 2000 ‹‹
972 1950 1146 2022 Ἢμᾶς
1203 1946 1260 2004 δὲ
1318 1949 1474 2012 οὐθὲν
1531 1947 1843 2003 τούναντίον
1895 1947 2030 2006 ἀπο,

363 2037 608 2110 στερήσει
655 2043 758 2106 τῆς
829 2035 1086 2092 Ἰωάννου
1139 2041 1434 2110 παμφαοῦς
1480 2035 1735 2107 ἀκτῖνος,
1788 2039 1877 2091 νῦν
1933 2037 2027 2109 μὲν

359 2121 770 2197 ἐντευξομένους
801 2129 870 2200 τῇ
923 2127 1117 2200 μνήμη
1146 2125 1237 2181 καὶ
1283 2125 1566 2181 ἀνανεώσει
1596 2131 1696 2194 τῆς
1744 2127 1841 2194 σῆς
1888 2124 2027 2200 ἀληῖ

365 2216 494 2276 θοῦς
543 2198 854 2290 Θεολογίαςέ
910 2198 1104 2290 μικρὸν
1153 2212 1210 2270 δὲ
1260 2213 1482 2290 ὕστερον
1515 2212 1646 2290 (ἐρῶ
1673 2215 1796 2290 γὰρ,
1848 2213 1898 2268 εἴ
1937 2198 2027 2270 καἰ

361 2299 676 2378 τολμηρόν)
731 2304 859 2376 ὑμῖν
905 2305 1095 2368 αὐτοῖς
1147 2303 1629 2378 ἒνωθησομένους.
1690 2304 2030 2377 Ἀξιόπιστος

356 2385 416 2444 δὲ
480 2393 696 2454 πάντως
759 2392 900 2466 εΐμῖ,
969 2394 1037 2448 τὰ
1093 2395 1520 2468 προεγνωσμένα
1569 2394 1753 2466 μαθὼν
1795 2393 1854 2448 ἐκ
1895 2399 2028 2449 Θεοῦ

351 2478 443 2533 καὶ
494 2477 695 2555 λέγων,
747 2482 830 2534 ὅτι
884 2480 975 2536 καὶ
1004 2489 1104 2550 τῆς
1137 2481 1190 2537 ἐν
1240 2484 1448 2554 Πάτμῳ
1479 2481 1728 2560 φυλακῆς
1754 2484 2022 2560 ἀφεθήσῃ,

355 2566 450 2622 καὶ
502 2567 577 2630 εἷς
621 2569 720 2637 τήν
795 2567 1079 2626 Ἀσιάτιδα
1129 2577 1230 2646 γῆν
1290 2569 1606 2641 ἐπανήξεις,
1664 2571 1752 2626 καὶ
1812 2569 2026 2647 δράσεις

356 2654 468 2710 ἰκεῖ
512 2661 610 2710 τοῦ
668 2657 869 2732 ἀγαθοῦ
934 2661 1250 2732 μιμήματα,
1302 2660 1392 2714 καὶ
1423 2666 1539 2722 τοῖς
1575 2661 1708 2732 μετά
1740 2661 1795 2714 σὶ
1853 2682 2024 2736 παρα·

357 2741 572 2813 δώσεις,
611 2770 632 2797 ε
667 2750 774 2801 Τοῦ
807 2752 1140 2820 Δομετιανοῦ
1170 2753 1456 2824 τοιγαροῦν
1503 2755 1615 2823 μετ’
1645 2749 1708 2804 οὐ
1739 2748 1883 2804 πολὺ
1937 2771 2023 2805 τε·

355 2831 752 2904 τελευτηκότος
781 2837 916 2890 κατᾶ
945 2837 1044 2906 τὴν
1102 2841 1200 2891 τοῦ
1249 2837 1584 2912 χαρίσμασιν
1629 2838 2019 2905 ἀποστολικοῖς

361 2941 421 2975 τε
463 2921 552 2977 καὶ
606 2929 970 3002 προφητικοῖς
1031 2922 1424 3001 διαπρέψαντος
1474 2927 1758 2981 θεσπεσίου
1811 2930 2020 3004 Πατρὸς

357 3009 702 3087 πρόρῥησιν,
760 3013 1050 3088 Νερούας,
1104 3016 1203 3083 τήν
1254 3013 1533 3088 βασιλείαν
1595 3014 2016 3089 διαδεξάμενος,

355 3099 484 3162 τοὺς
541 3100 590 3154 ἐν
646 3102 960 3178 ὑπερορίαις
1023 3101 1402 3162 ἀνεκαλέσατο.
1462 3110 1767 3176 Τηνικαῦτα
1825 3105 1882 3161 δὶ
1926 3109 2016 3163 καὶ

359 3189 387 3243 ὃ
439 3190 689 3265 μέγιστος
747 3190 1139 3267 εὖαγγελιστής
1202 3194 1278 3256 εἰς
1308 3195 1406 3262 τήν
1441 3195 1703 3272 Ἐφεσίων
1745 3195 2016 3266 ἐπανῆλθε

2154 608 2309 664 circa
2359 625 2580 664 nonum
2638 611 2802 683 regni
2861 611 3050 683 ipsius
3100 630 3344 682 annum,
3391 617 3462 672 de
3512 618 3808 676 saevientis

2149 703 2352 752 contra
2372 698 2738 755 Christianos
2769 701 3009 771 pietatis
3042 704 3503 777 amantissimos,
3529 707 3812 766 Romanis

2149 802 2252 858 per
2283 786 2596 857 epistolam
2629 789 2887 860 scripsit.
2927 789 2998 845 Ut
3040 790 3178 845 hinc
3208 790 3452 862 liqueat,
3487 796 3599 850 sub
3630 797 3808 853 finem

2148 876 2466 946 tyrannicae
2498 877 2734 932 saevitiae
2765 878 2854 949 (ut
2891 879 3118 951 pridem
3151 880 3435 953 diximus)
3467 885 3806 957 Dionysium

2146 979 2449 1020 sacrorum
2482 966 2858 1038 interpretem
2909 974 3156 1024 mortem
3184 971 3555 1027 occubuisse.
3588 974 3810 1032 Verum

2146 1069 2280 1107 cum
2328 1055 2400 1108 ad
2454 1053 2864 1110 beatissimum
2897 1056 3185 1111 Joannem
3232 1057 3516 1113 scriberet
3563 1061 3810 1116 tonitrui

2145 1141 2358 1210 ﬁlium,
2399 1159 2463 1197 ac
2504 1144 2783 1199 omnibus
2823 1160 2956 1199 cum
3003 1145 3274 1215 terrenis,
3306 1152 3432 1202 tum
3469 1147 3807 1206 coelestibus

2142 1229 2574 1302 sublimiorem,
2609 1231 2710 1304 qui
2742 1233 2811 1288 de
2844 1233 3022 1289 rebus
3053 1234 3272 1289 divinis
3323 1235 3514 1292 instar
3559 1239 3802 1294 tonitrui

2139 1318 2374 1376 locutus
2430 1326 2540 1391 est,
2587 1322 2809 1394 quique
2859 1321 2918 1377 in
2971 1323 3198 1394 Patmo,
3240 1324 3430 1380 edicto
3479 1325 3803 1384 Domitiani

2140 1414 2273 1481 post
2307 1409 2502 1466 Titum
2564 1411 2804 1466 fratrem
2865 1412 2994 1482 ejus
3054 1428 3301 1483 regnum
3363 1414 3558 1486 adepti
3605 1416 3802 1486 (ambo

2139 1500 2297 1554 enim
2328 1499 2674 1570 Vespasiani
2727 1499 2830 1554 filii
2881 1500 3085 1572 fuere),
3137 1501 3447 1571 exsulavit,
3481 1520 3613 1559 cum
3648 1505 3804 1562 circa

2141 1587 2416 1644 ultimum
2451 1590 2614 1661 regni
2656 1591 2784 1660 ejus
2817 1606 3036 1646 annum
3070 1596 3276 1646 contra
3325 1591 3530 1648 ﬁdeles
3563 1595 3802 1650 desaevi-

2138 1681 2244 1746 ret,
2275 1678 2614 1750 prophetica
2654 1678 2765 1734 hoc
2798 1680 2954 1751 (cum
3007 1679 3344 1736 futurorum
3400 1683 3801 1752 praedicendo-

2135 1782 2268 1821 rum
2304 1767 2494 1838 gratia
2535 1767 2858 1840 insignitus
2906 1773 3082 1837 esset)
3116 1770 3571 1840 prmnuntiando
3604 1772 3751 1828 dixit
3783 1790 3796 1830 :

2139 1855 2295 1910 384
2336 1878 2363 1905 «
2419 1855 2536 1911 Nos
2592 1861 2750 1912 certe
2805 1857 3037 1913 nullum
3097 1858 3486 1915 infortunium
3546 1862 3801 1933 privabit

2140 1943 2386 1998 Joannis
2435 1944 2598 2000 radio
2647 1945 2847 2001 omnia
2897 1945 3299 2018 collustrante,
3345 1965 3504 2004 nunc
3554 1951 3797 2021 quidem

2141 2032 2482 2090 memoriam
2528 2038 2587 2090 et
2640 2033 3079 2092 innovationem
3126 2039 3240 2092 tuae
3289 2053 3433 2093 verae
3489 2038 3796 2112 theologia;

2139 2126 2559 2179 consecuturos
2592 2141 2604 2180 :
2638 2124 2812 2196 paulo
2861 2141 2994 2181 vero
3043 2130 3179 2197 post
3207 2127 3423 2194 (dicam
3471 2128 3653 2198 enim,
3684 2130 3796 2185 etsi

2138 2210 2248 2266 hoc
2288 2212 2670 2268 temerarium
2700 2213 2988 2285 videatur)
3020 2214 3187 2272 vobis
3235 2214 3382 2287 ipsis
3428 2217 3798 2289 coniungen-

2137 2300 2264 2356 dos.
2299 2301 2439 2356 Sum
2472 2305 2668 2357 autem
2711 2301 2952 2359 omnino
2992 2304 3106 2360 fide
3136 2304 3392 2377 dignior,
3424 2305 3476 2361 si
3505 2322 3573 2362 ea
3603 2323 3731 2378 quae
3763 2324 3798 2363 α

2137 2393 2251 2444 Deo
2310 2389 2510 2458 didici,
2553 2407 2796 2462 quisque
2845 2391 2954 2447 tibi
3003 2394 3359 2464 praecognita
3405 2399 3566 2465 sunt,
3617 2395 3797 2452 etiam

2137 2478 2357 2546 dixero,
2392 2480 2548 2550 quod
2581 2496 2650 2535 ex
2679 2480 2871 2536 Patmi
2917 2497 3146 2537 carcere
3191 2482 3342 2538 liber
3370 2483 3704 2555 dimitteris,
3738 2490 3798 2541 et

2136 2567 2192 2622 in
2225 2567 2376 2623 Asia:
2409 2569 2707 2640 regionem
2757 2570 3091 2639 reverteris,
3124 2571 3206 2626 ibi
3238 2573 3527 2628 imitanda
3557 2575 3794 2630 rectitu-

2133 2655 2290 2712 dinis
2333 2658 2600 2729 exempla
2649 2663 3018 2730 peracturus,
3049 2665 3104 2716 et
3135 2675 3204 2716 ea
3234 2663 3485 2733 posteris
3534 2663 3794 2719 traditu-

2132 2761 2309 2801 rus.»
2345 2745 2679 2802 Domitiano
2722 2747 2904 2819 igitur
2933 2765 3052 2804 non
3087 2749 3272 2804 multo
3322 2755 3458 2822 post
3498 2751 3620 2807 vita
3649 2753 3787 2807 fun-

2132 2837 2244 2904 cto,
2274 2835 2447 2905 juxta
2494 2835 2798 2891 oraculum
2845 2837 3066 2893 summi
3117 2838 3306 2894 Patris
3354 2839 3695 2910 apostolicis
3727 2844 3788 2896 et

2130 2923 2489 2996 propheticis
2536 2925 2706 2982 donis
2747 2925 3046 2999 insigniti;
3081 2927 3287 2998 Nerva,
3321 2943 3569 3001 regnum
3605 2930 3788 3002 adep-

2128 3017 2248 3082 tus,
2280 3028 2379 3069 eos
2412 3014 2512 3086 qui
2546 3017 2607 3069 in
2656 3014 2863 3070 exsilio
2913 3019 3084 3070 erant
3130 3017 3437 3072 revocavit.
3471 3019 3620 3073 Tum
3652 3035 3788 3075 vero

2129 3101 2500 3174 Evangelista
2529 3120 2764 3176 quoque
2813 3104 3102 3160 maximus
3135 3105 3191 3159 in
3243 3105 3630 3177 Ephesiorum
3664 3124 3788 3164 me-

2124 3191 2401 3263 tropolim
2453 3191 2744 3250 civitatem
2796 3211 3066 3252 reversus
3113 3199 3225 3265 est,
3259 3199 3317 3252 et
3363 3195 3671 3253 oraculum
3709 3197 3789 3254 rei

362 3256 750 3352 μητρόπολιν,
822 3256 912 3335 καί
987 3283 1054 3337 τὰ
1124 3289 1226 3353 τῆς
1299 3256 1748 3359 προαγορεύσεως
1819 3283 2017 3363 εἴληφε

2133 3285 2376 3337 eventus
2406 3283 2831 3355 comprobavit.

356 3367 542 3443 πὲρας.

429 3494 544 3549 Τοῦ
585 3493 794 3566 Νεροόα
822 3495 913 3550 τὸν
952 3495 1070 3570 βίον
1105 3495 1552 3574 μετηλλαχότος,
1579 3500 1666 3554 ἐπὶ
1700 3499 1897 3576 χρόνον
1923 3498 2018 3557 ἕνα

354 3580 450 3644 τὰς
481 3589 580 3651 τῆς
623 3583 942 3656 Ῥωμαϊκῆς
1002 3585 1184 3662 ἀρχίς
1233 3589 1393 3657 ἡνίας
1451 3589 1878 3663 κεκρατηκότος,
1938 3591 2014 3653 είς

356 3671 619 3743 Τραϊανὸν
680 3673 770 3727 τὸν
837 3674 1094 3750 τύραννον
1170 3676 1233 3730 τὸ
1301 3675 1496 3751 κράτος
1577 3678 2013 3751 μεταπέπτωκεν,

359 3758 418 3820 ’ὸς
453 3757 578 3814 λίαν
633 3765 702 3834 τῇ
759 3762 894 3817 κατά
952 3769 1176 3828 Σκυθῶν
1221 3787 1278 3820 τε
1332 3765 1421 3820 καὶ
1481 3771 1726 3842 Θρᾳκῶν,
1774 3769 1861 3822 καὶ
1898 3765 2016 3823 δια-

359 3848 542 3923 φόρων
572 3849 656 3904 ὅτι
689 3848 960 3907 πλείστων
995 3852 1160 3917 ἐθνῶν
1195 3853 1446 3929 ἰπαροεῖς
1505 3858 1652 3930 νίκῃ,
1711 3856 1801 3911 καὶ
1858 3854 2013 3926 δόξας

361 3933 598 4009 μηδενὸς
655 3937 866 4014 ἄρχειν,
928 3941 977 3996 εἴ
1025 3944 1101 4014 μή
1153 3945 1243 3998 καὶ
1302 3944 1366 3998 τὸ
1395 3939 1716 4009 πανευσεϐὲς
1744 3949 1851 3999 τῶν
1885 3952 2014 4016 Χρι-

357 4031 582 4080 στιανῶν
639 4028 890 4102 σύστημα
945 4035 1014 4104 τῇ
1067 4036 1174 4086 τῶν
1229 4028 1504 4105 δαιμόνων
1555 4035 1645 4088 καὶ
1701 4031 2012 4109 βδελυκτῶν

357 4112 555 4184 ξοάνων
645 4113 870 4192 λατρεία
948 4120 1036 4174 καὶ
1123 4123 1488 4197 προσκυνήσει
1567 4123 2014 4194 καθυποτάξειεν,

358 4203 643 4274 ὠμότατον
704 4203 1015 4282 ἀνεῤῥίπισε
1072 4205 1338 4285 διωγμὸν,
1394 4211 1483 4265 καὶ
1541 4215 1712 4266 πᾶσαν
1768 4212 1867 4280 τὴν
1925 4212 2013 4266 ὑπ’

359 4289 504 4364 αὖτῷ
552 4289 816 4348 τελοῦσαν
881 4299 988 4350 τῶν
1047 4303 1390 4372 μαρτυρικῶν
1460 4300 1706 4371 αἰμᾶτων
1767 4299 2013 4374 ὲμὲθυσε,

359 4377 589 4434 πάντοσε
655 4377 1105 4458 διαπεμψάμενος
1172 4385 1574 4454 ἁπηνεστάτους
1631 4384 1864 4452 διώκτας
1919 4388 2014 4444 αὖ·

309 4463 484 4530 -τοῦς
570 4467 784 4544 ἰταμῶς
870 4472 1074 4537 πάντας
1155 4473 1507 4551 Χριστιανοὺς
1589 4477 2010 4552 καταναγκάζειν

357 4553 502 4618 θόειν
558 4561 675 4621 τοῖς
730 4556 1006 4634 εἰδώλοις,
1058 4561 1093 4632 ἢ
1148 4562 1224 4635 μὴ
1258 4566 1619 4637 πειθομένους
1644 4562 2014 4631 πανταδαποῖς

2198 3497 2376 3553 Porro
2407 3514 2541 3554 cum
2575 3499 2698 3568 jam
2749 3498 2936 3555 Nerva
2985 3500 3112 3571 ipse
3143 3515 3378 3571 quoque
3409 3498 3786 3571 decessisset,

2127 3586 2227 3658 qui
2261 3604 2376 3643 uno
2407 3605 2561 3643 anno
2593 3588 2855 3643 habenas
2902 3589 3146 3644 Romani
3179 3589 3549 3661 principatus
3579 3589 3787 3643 mode-

2127 3680 2290 3731 ratus
2311 3679 2420 3743 est,
2443 3675 2757 3746 imperium
2783 3678 2854 3732 ad
2876 3677 3196 3747 Trajanum
3221 3694 3417 3750 regem
3441 3675 3784 3734 devolutum

2125 3770 2236 3830 est,
2271 3765 2371 3836 qui
2403 3769 2607 3819 contra
2656 3763 2902 3835 Scythas
2952 3764 3321 3836 Thracesque
3353 3781 3420 3820 ac
3469 3763 3786 3836 quamplu-

2125 3852 2308 3908 rimas
2339 3852 2486 3908 alias
2515 3857 2716 3924 gentes
2749 3858 2914 3925 parta
2943 3853 3190 3908 victoria
3235 3853 3442 3921 elatus,
3489 3852 3785 3909 existima-

2122 3943 2206 3998 vit
2237 3943 2459 3998 nemini
2492 3943 2782 4014 imperare
2803 3959 2998 4013 posse,
3033 3943 3145 3997 nisi
3177 3943 3351 3998 etiam
3383 3943 3780 3998 venerandam

2123 4049 2191 4088 ac
2239 4031 2396 4103 piam
2427 4030 2893 4086 Christianorum
2943 4033 3454 4104 congregationem
3505 4031 3691 4086 cultui
3724 4036 3782 4087 et

2125 4119 2452 4175 adorationi
2485 4119 2842 4187 dmmonum,
2865 4120 2962 4191 qui
2991 4125 3130 4175 sunt
3161 4119 3507 4175 detestanda
3539 4120 3783 4176 simula-

2125 4226 2244 4277 cra,
2277 4209 2579 4264 subderet.
2614 4208 2863 4264 Proinde
2913 4214 3076 4264 atrox
3125 4208 3242 4264 illis
3274 4207 3494 4264 bellum
3543 4208 3778 4276 indixit,

2124 4301 2181 4353 et
2239 4295 2571 4352 universam
2632 4297 2762 4369 ejus
2818 4297 3100 4354 ditionem
3159 4313 3366 4354 cruore
3433 4301 3781 4371 martyrum,

2124 4401 2599 4459 quoquoversum
2661 4385 3003 4442 sevissimis
3055 4386 3470 4457 quaesitoribus
3517 4385 3782 4442 dimissis

2122 4473 2455 4546 lnebriavit,
2489 4474 2803 4539 mandans,
2837 4477 2902 4530 ut
2931 4474 3046 4548 ipsi
3078 4490 3284 4531 omnes
3307 4473 3676 4531 Christianos
3707 4475 3784 4530 st-

2124 4561 2406 4620 mulacris
2439 4562 2730 4620 sacrificia
2779 4561 2968 4619 facere
3016 4562 3283 4635 improbe
3333 4565 3628 4635 cogerent,
3666 4576 3780 4618 non

356 4643 690 4701 ἀποκτείνειν
763 4646 1006 4723 βασάνων
1065 4646 1294 4712 εἴδεσιν.
1366 4652 1428 4710 Ὀ
1492 4653 1757 4729 μακάριος
1812 4653 2012 4725 τοίνυν,

2133 4652 2598 4724 obtemperantes
2630 4653 2826 4706 autem
2874 4650 3036 4708 omni
3084 4625 3513 4723 suppliciorum
3568 4665 3780 4723 genere

357 4732 446 4788 καὶ
501 4733 620 4810 τρὶς
675 4739 837 4790 τοῦτο
894 4737 985 4793 καὶ
1032 4736 1305 4803 πολλάκις
1339 4740 1619 4806 Διονύσιος
1647 4740 1734 4799 ἐπὶ
1769 4738 2012 4817 ἕϐδομη-

355 4825 618 4888 κονταετῆ
667 4823 868 4900 χρόνον
915 4822 1004 4881 διὰ
1056 4828 1267 4902 μυρίων
1316 4828 1661 4902 ὀνειδισμῶν,
1712 4833 1798 4886 καὶ
1840 4831 2012 4888 πολέ-

365 4930 506 4981 μων,
551 4911 642 4966 καὶ
701 4911 961 4970 κινδύνων
1022 4915 1124 4970 ὑπό
1183 4938 1242 4972 τε
1281 4923 1390 4972 τῶν
1421 4919 1726 4993 ὁμογενῶν,
1760 4922 1848 4975 καί
1881 4943 2013 4977 ποτε

357 4999 722 5076 ὁμοθρήσκων
754 5005 840 5060 καὶ
891 5009 1000 5060 τῶν
1051 5007 1387 5086 συντρόφων,
1442 5007 1656 5082 μᾶλλον
1707 5007 1764 5064 δὲ
1795 5011 2013 5087 ἀσόφων

359 5085 725 5159 διεληλυθὼς,
780 5094 872 5148 καὶ
929 5095 1066 5167 πρὸς
1117 5085 1352 5151 τοσαῦτα
1408 5097 1596 5168 πλήθη
1635 5085 1919 5174 βαρϐάρων
1953 5121 2012 5155 τε

358 5177 444 5230 καὶ
474 5177 755 5249 Ἑλλήνων
810 5178 1227 5256 εἰδωλομανῶν,
1287 5186 1374 5239 καὶ
1435 5187 1572 5260 πρὸς
1602 5189 1700 5256 τήν
1747 5193 1854 5242 τῶν
1886 5188 2011 5243 ἀνό-

363 5287 475 5334 μων
509 5267 600 5321 καὶ
661 5265 938 5341 δυσμενῶν
993 5266 1258 5347 Ἐϐραίων
1325 5273 1666 5350 ἀγριωτάτην
1718 5274 2014 5351 διασπορὰν

360 5355 946 5430 ἀντιπαραταξάμενος,
993 5361 1082 5415 καὶ
1141 5358 1365 5437 δραμὼν
1426 5360 1631 5436 δρόμον
1688 5361 2012 5420 διπλασίονα

359 5445 455 5495 τοῦ
482 5443 536 5496 ὃν
603 5443 820 5508 Παῦλος
855 5448 882 5502 ὁ
908 5445 1220 5512 πολύαθλος
1271 5452 1359 5505 καὶ
1393 5451 1798 5527 οὐρανοδρόμος
1829 5453 2014 5530 δεδρα-

367 5551 556 5602 μηκεν,
617 5533 744 5588 ὅσον
797 5556 859 5609 γε
890 5537 1024 5592 κατᾶ
1068 5539 1167 5608 τήν
1219 5543 1485 5615 χρονικὴν
1546 5544 1867 5617 παράτασιν,
1923 5543 2013 5598 καὶ

363 5618 530 5682 λαοὺς
560 5620 840 5697 ἀπείρους,
879 5621 967 5679 διὰ
994 5630 1102 5681 τῶν
1140 5628 1230 5682 ὑπ’
1277 5627 1442 5684 αὐτοῦ
1471 5635 1538 5704 τῇ
1595 5635 1693 5686 τοῦ
1750 5631 2014 5708 πανοιγίου

367 5707 682 5783 Πνεύματος
759 5710 1004 5789 ἐνεργείᾳ
1074 5713 1421 5790 τελουμένων
1479 5719 1722 5793 σημείων
1777 5722 1867 5776 καὶ
1908 5707 2014 5776 ντε-

2122 4740 2550 4797 interimerent.
2585 4744 2797 4797 Beatus
2829 4741 3009 4813 igitur
3038 4743 3243 4812 terque
3273 4739 3610 4812 saepiusque
3640 4740 3777 4795 bea-

2120 4833 2220 4885 tus
2254 4829 2584 4902 Dionysius,
2611 4829 2681 4884 ad
2706 4828 3212 4900 septuagesimum
3234 4844 3457 4884 annum
3485 4844 3589 4900 per
3617 4825 3777 4882 mille

2121 4920 2459 4992 opprobria,
2483 4923 2799 4986 tormenta,
2825 4917 2978 4973 bella
3008 4921 3066 4973 et
3096 4916 3356 4989 pericula
3388 4916 3617 4985 mortis,
3640 4930 3773 4970 cum

2124 5026 2158 5065 a
2189 5025 2306 5063 suae
2354 5008 2548 5081 gentis
2598 5007 2965 5073 hominibus,
2995 5009 3121 5061 tum
3172 5006 3468 5060 interdum
3503 5021 3538 5060 a
3568 5004 3680 5059 fide
3724 5009 3781 5059 et

2123 5097 2402 5168 religione
2455 5097 2811 5167 conjunctis,
2867 5095 3328 5166 domesticisque
3388 5093 3778 5166 philosophis,

2124 5187 2449 5259 pra-scrtim
2483 5186 2904 5257 insipientibus
2928 5199 3298 5256 progressus,
3323 5189 3379 5238 et
3405 5188 3524 5239 tam
3557 5182 3782 5254 ingenti

2124 5279 2532 5344 barbarorum,
2569 5292 2635 5330 ac
2665 5275 2976 5344 gentilium
3027 5274 3085 5328 in
3134 5272 3397 5327 colendis
3448 5271 3783 5327 simulacris

2124 5365 2548 5420 insanientium
2576 5363 2966 5424 multitudini,
2990 5378 3094 5416 nec
3119 5378 3232 5416 non
3260 5361 3638 5417 ferocissimae
3670 5359 3780 5414 im-

2125 5457 2352 5527 piorum
2389 5470 2453 5508 ac
2486 5453 2811 5508 crudelium
2838 5453 3200 5506 Hebraeorum
3236 5451 3587 5522 dispersioni
3613 5465 3783 5520 expo-

2125 5545 2296 5609 situs,
2323 5559 2563 5597 cui-sum
2614 5541 2864 5612 duplum
2921 5539 3162 5612 peregit,
3190 5541 3321 5609 ejus
3353 5556 3527 5612 quem
3560 5537 3780 5592 Paulus

2125 5635 2224 5706 qui
2259 5633 2508 5687 multum
2535 5629 3111 5701 deccrtavit,quique
3131 5629 3292 5684 ccelis
3318 5630 3518 5684 illatus
3548 5632 3657 5690 est,
3690 5627 3779 5681 fe-

2125 5727 2300 5791 cerat,
2335 5727 2628 5794 quatenus
2661 5719 2978 5792 praesertim
3029 5719 3100 5773 ad
3150 5719 3426 5790 temporis
3456 5712 3777 5788 longitudi-
