4106 6380
314 397 420 452 659

1559 401 1615 453 Β.
1655 397 1970 453 DIONYSII
2009 397 2494 459 AREOPAGIT/E

3642 423 3760 482 660

317 540 450 579 nem
483 528 728 598 spectat,
751 529 808 582 et
838 526 1027 582 varios
1059 525 1496 599 populos,quos
1528 522 1715 595 signis
1747 526 1804 578 et
1835 539 1970 594 pro-

2085 520 2341 614 ραστείων
2386 526 2714 602 σαγηνεύσας
2770 531 2908 605 πρὸς
2961 535 3063 604 τὴν
3115 535 3194 598 εἷς
3248 541 3486 614 Χριστὸν
3545 542 3756 602 πίστιν⁹

319 614 493 683 digiis
525 615 595 668 ab
648 614 774 686 ipso
806 615 1019 671 virtute
1062 616 1249 671 sancti
1289 613 1545 686 Spiritus
1588 612 1782 682 editis,
1818 612 1975 684 ﬁdei,

319 718 445 773 quae
478 703 536 757 in
569 704 868 760 Christum
901 709 1008 773 est,
1039 703 1398 768 conciliavit;
1435 702 1576 757 dum
1611 698 1809 772 primae
1844 715 1976 773 per-

318 793 641 849 secutionis
674 793 1055 865 longissimos
1083 811 1147 849 ac
1172 791 1624 849 molestissimos
1647 805 1857 846 cursus
1883 807 1978 863 pe-

318 887 569 952 rageret,
609 899 758 954 quos
809 887 1250 954 persecutorum
1312 879 1563 953 primus,
1597 884 1652 936 et
1709 881 1976 936 omnium

319 975 608 1042 quotquot
639 971 790 1026 385
826 987 1088 1042 unquam
1119 971 1527 1042 regnaverunt,
1557 968 1855 1040 pessimus
1885 973 1975 1025 at-

316 1077 429 1132 que
463 1059 905 1133 impurissimus
938 1061 1085 1114 Nero
1114 1062 1316 1114 contra
1347 1057 1750 1114 Christianum
1783 1073 1976 1131 popu-

313 1149 437 1205 lum
467 1148 756 1215 excitavit,
779 1150 879 1221 qui
911 1153 969 1204 et
1000 1164 1268 1204 summos
1297 1147 1517 1205 Christi
1552 1146 1873 1220 discipulos
1904 1147 1975 1204 de

314 1239 507 1294 medio
531 1237 792 1295 sustulit.
824 1236 1099 1310 Reliquas
1121 1254 1254 1294 vero
1279 1241 1664 1308 tempestates
1688 1251 1818 1308 qua:
1840 1236 1977 1292 sub-

315 1333 526 1384 secuta:
559 1333 721 1394 sunt,
747 1344 895 1400 quas
926 1328 1162 1383 insania
1191 1327 1510 1383 Domitiani
1541 1329 1743 1383 contra
1774 1325 1975 1382 ﬁdeles

314 1420 576 1486 adduxit,
613 1434 745 1472 cum
803 1419 1029 1473 fortiter
1073 1417 1432 1490 pertulisset,
1469 1416 1526 1472 in
1577 1417 1975 1490 omnibusque

314 1509 596 1580 probatus
638 1508 1033 1579 apparuisset,
1066 1508 1506 1564 celeberrimam
1537 1507 1780 1579 gloriam
1813 1511 1973 1563 retu-

311 1598 400 1652 lit.
436 1599 623 1661 Quare
657 1598 814 1652 fama
844 1596 1007 1654 velox
1039 1613 1390 1669 quocunque
1430 1613 1738 1669 permeans
1769 1596 1972 1653 claris-

313 1690 532 1744 simum
568 1687 698 1758 ejus
727 1703 941 1742 nomen
976 1686 1318 1759 asperrimis
1347 1686 1584 1757 Trajani
1608 1686 1851 1743 auribus
1881 1688 1970 1742 in-

313 1777 535 1844 sonuit,
557 1776 948 1848 apostolicum
973 1777 1102 1848 ejus
1125 1791 1363 1833 cursum
1382 1791 1557 1848 quem
1587 1775 1806 1848 ubique
1827 1776 1977 1833 velo-

315 1883 440 1922 cem
477 1867 786 1936 ambierat,
810 1866 1001 1921 instar
1039 1864 1285 1920 tonitrui
1317 1865 1675 1921 annuntians
1717 1863 1972 1921 multum

309 1954 446 2011 item
474 1957 783 2022 sudorem,
807 1954 1092 2022 laborem,
1118 1956 1490 2026 potestatem,
1515 1971 1647 2010 cum
1670 1954 1730 2010 in
1757 1953 1972 2027 verbis,

307 2050 432 2100 tum
469 2043 528 2099 in
577 2042 746 2100 factis
779 2043 997 2116 quibus
1027 2043 1399 2100 divinissima
1432 2047 1488 2100 et
1517 2043 1795 2100 salutaris
1828 2045 1973 2102 ﬁdes

313 2133 633 2207 praedicata
680 2131 868 2206 signis
901 2140 1076 2204 atque
1115 2132 1417 2190 miraculis
1449 2135 1520 2189 ab
1550 2134 1676 2206 ipso
1715 2133 1972 2190 admira-

295 2223 506 2279 biliter
533 2223 703 2278 editis
727 2223 1200 2292 conﬁrmaretur,
1226 2227 1402 2294 atque
1424 2221 1802 2292 dilataretur;
1831 2240 1972 2296 gen-

305 2313 498 2368 tilium
530 2329 664 2368 vero
699 2311 1043 2384 superstitio
1071 2315 1129 2368 et
1159 2312 1357 2369 cultus
1389 2311 1842 2369 simulacrorum
1877 2330 1968 2369 ve-

306 2404 614 2458 hementer
661 2401 1068 2458 inﬁrmaretur
1115 2419 1181 2458 ac
1234 2401 1676 2458 dissolveretur.
1711 2405 1866 2469 Quas
1899 2403 1971 2459 ob

307 2509 402 2548 res
452 2497 742 2564 tyrannus
795 2491 1069 2547 turbatus
1102 2507 1168 2546 ac
1199 2491 1402 2547 {urens
1434 2492 1719 2564 quosdam
1772 2493 1970 2548 animo

306 2581 481 2652 plane
524 2581 732 2649 ferino,
766 2580 865 2653 qui
920 2579 1218 2636 Phalarim
1265 2580 1669 2652 Echetumque
1726 2581 1967 2651 saevitia,

307 2671 683 2726 immanitate
717 2687 781 2726 ac
814 2669 1159 2726 crudelitate
1195 2687 1476 2742 superare
1507 2669 1863 2742 dicerentur,
1897 2671 1966 2727 ad

308 2763 502 2830 partes
552 2758 887 2816 Occidentis
936 2758 1271 2827 destinavit,
1313 2759 1578 2830 injuncto
1627 2758 1744 2815 illis
1796 2777 1970 2816 onere

308 2848 708 2921 investigandi
761 2865 827 2904 ac
876 2849 1266 2921 persequendi
1321 2849 1498 2902 divini
1550 2848 1870 2920 praeconis;
1912 2854 1970 2906 et

309 2937 499 2994 sicubi
532 2938 701 2993 illum
735 2938 986 2993 decretis
1019 2936 1194 3009 regiis
1227 2937 1447 3007 cedere,
1480 2937 1848 2994 daemonibus
1879 2938 1967 2994 in-

308 3027 526 3083 servire
559 3041 624 3082 ae
657 3026 990 3082 sacriﬁcare
1033 3027 1410 3098 reperissent,
1443 3026 1765 3082 honoribus
1798 3027 1966 3083 deco-

310 3121 528 3182 rarent,
572 3116 890 3188 ipsumque
939 3115 1246 3171 hominum
1298 3132 1512 3171 corona
1562 3115 1844 3188 stipatum
1893 3117 1965 3173 ad

311 3222 375 3262 se
403 3204 786 3273 deducerent;
839 3205 931 3260 sin
979 3203 1177 3260 minus
1226 3208 1476 3276 pareret,
1507 3205 1724 3261 ibidem
1757 3205 1966 3279 capitis

306 3294 753 3352 obtruncatione
785 3296 1118 3366 puniretur.

380 3423 564 3494 Igitur
597 3421 877 3488 ministri,
910 3421 1126 3477 diaboli
1176 3421 1501 3478 saevissima
1547 3423 1779 3495 tyranni
1814 3441 1964 3496 prae-

311 3517 480 3582 cepta
530 3509 868 3582 implentes,
901 3515 1184 3582 tanquam
1235 3513 1367 3584 equi
1420 3511 1658 3584 quidam
1710 3512 1970 3568 stimulis

311 3599 535 3672 agitati,
560 3598 648 3656 vel
693 3598 975 3656 famelica:
1008 3598 1141 3656 ferae
1179 3601 1249 3656 ad
1284 3601 1651 3657 venationem
1683 3601 1966 3671 excitatae,

311 3690 368 3744 in
419 3688 701 3745 Gallicam
736 3689 1034 3762 regionem
1069 3693 1480 3759 cucurrerunt,
1509 3690 1708 3761 ibique
1764 3706 1970 3764 grega-

314 3779 432 3834 rios
466 3779 755 3850 quosdam
806 3777 1106 3850 simulque
1154 3777 1414 3850 plebeios
1458 3777 1874 3846 sollicitabant,
1911 3780 1972 3836 ut

313 3867 760 3924 celeberrimum
794 3867 1059 3922 divinum
1096 3883 1420 3939 praeconem
1457 3867 1839 3938 inquirerent.
1865 3867 1973 3934 Qui

313 3976 454 4014 sane
487 3975 619 4014 cum
653 3958 900 4014 Parisiis
935 3974 1112 4030 parvo
1144 3957 1447 4030 oppidulo,
1474 3959 1629 4029 quod
1663 3959 1745 4014 sic
1775 3959 1976 4032 appel-

310 4047 490 4118 latur,
517 4064 646 4103 cum
679 4045 1120 4119 inquirentibus
1152 4049 1309 4102 esset
1349 4049 1640 4117 ostensus,
1675 4063 1740 4102 eo
1773 4047 1975 4104 celeri-

309 4143 399 4193 ter
428 4141 854 4210 properarunt;
889 4137 1205 4208 ipsumque
1248 4134 1559 4208 caliginem
1594 4153 1657 4192 ac
1690 4137 1747 4192 in
1782 4137 1974 4194 colen-

313 4224 405 4280 dis
439 4224 776 4279 simulacris
820 4240 1074 4279 errorem
1107 4227 1163 4279 et
1201 4224 1516 4292 insaniam,
1553 4229 1679 4279 tum
1713 4227 1974 4283 veritatis

313 4313 771 4386 praeconio,tum
798 4313 1005 4367 divinas
1031 4313 1306 4370 doctrinm
1339 4312 1671 4386 splendore,
1699 4333 1764 4370 ac
1794 4317 1972 4372 mira-

314 4403 582 4458 culorum
607 4401 887 4474 prodigiis
912 4402 1333 4474 propellentem
1360 4403 1754 4460 offenderunt.
1777 4404 1973 4462 Oculis

316 4494 472 4548 enim
506 4509 789 4548 cazeorum
837 4492 933 4548 lux
967 4493 1411 4558 restituebatur,
1444 4494 1756 4549 surdorum
1804 4511 1972 4551 aures

315 4582 752 4654 aperiebantur,
780 4583 995 4655 linguas
1026 4586 1325 4640 mutorum
1359 4582 1756 4654 solvebantur,
1781 4599 1970 4640 inces-

2085 610 2212 674 τούς
2241 631 2301 667 τε
2349 617 2724 690 μακροτάτους
2769 621 2857 675 καὶ
2901 610 3333 696 χαλεπωτάτους
3361 633 3460 684 τοῦ
3491 651 3548 686 τε
3597 637 3752 710 πρώ-

2085 719 2181 754 του
2211 699 2463 776 διωγμοῦ
2495 701 2757 770 διαύλους
2788 705 3138 787 διαπεράσας,
3173 714 3266 778 οὕς
3299 717 3326 771 ὁ
3368 723 3588 793 πρῶτος
3642 699 3754 779 τῶν

2089 786 2359 864 διωγτῶν,
2409 792 2498 847 καὶ
2533 795 2746 851 πάντων
2773 786 3029 863 κάκιστος
3084 804 3192 857 τῶν
3242 786 3468 863 πώποτε
3526 810 3753 887 βελασι-

2088 877 2385 976 λευκότων,
2418 882 2511 976 καί
2545 880 2917 976 βεϐήλότατος
2947 889 3133 966 Νέρων
3179 895 3316 950 κατὰ
3363 900 3461 952 τοῦ
3494 877 3751 976 ὶξριστω-

2085 967 2274 1068 νόμου
2319 970 2701 1068 πληρώματος
2761 973 3047 1068 διήγειρε,
3096 981 3188 1037 καὶ
3234 983 3364 1048 τοὺς
3413 967 3753 1068 κορυφαίους

2083 1059 2192 1112 τῶν
2233 1062 2470 1132 Χριστοῦ
2523 1069 2782 1135 μαθητῶν
2823 1065 3022 1123 ἀνεῖλε.
3066 1069 3210 1133 Τοὺς
3254 1069 3301 1128 δ’
3349 1075 3413 1130 αὖ
3461 1059 3751 1150 μετέπειτα

2085 1150 2389 1221 χειμῶνας,
2438 1149 2529 1213 οὕς
2580 1154 2614 1221 ἡ
2667 1161 3002 1228 Δομετιανοῦ
3039 1160 3202 1232 μανία
3232 1165 3370 1219 κατὰ
3399 1149 3510 1222 τῶν
3541 1175 3748 1227 πιστῶν

2084 1233 2373 1327 ἐπήγαγεν,
2423 1237 2680 1327 ἀνδρείως
2729 1243 3049 1322 ὑπομείνας,
3107 1249 3196 1305 καὶ
3258 1249 3490 1327 δόκιμος
3523 1256 3574 1313 ἐν
3617 1265 3749 1317 πᾶσι

2085 1323 2290 1400 φανεὶς,
2351 1323 2643 1400 διαϐόητον
2705 1333 3047 1412 ἀπηνέγκατο
3096 1338 3278 1406 κλέος·
3343 1323 3462 1408 ὅθεν
3524 1348 3559 1418 ἡ
3615 1349 3748 1405 ὑπό-

2083 1433 2279 1515 πτερος
2345 1419 2538 1494 φήμη,
2597 1423 2909 1515 πανταχόσε
2959 1427 3177 1498 θέουσα,
3238 1433 3338 1500 τὴν
3385 1435 3741 1515 πανεύφημον

2082 1503 2247 1600 αὐτοῦ
2304 1509 2678 1600 προσηγορίαν
2745 1519 2866 1576 ταῖς
2913 1519 3013 1570 τοῦ
3059 1519 3342 1592 Τραϊανοῦ
3378 1503 3740 1600 τραχυτάταις

2082 1591 2294 1663 ἀκοαῖς,
2356 1594 2615 1672 ὶνῆχησε,
2652 1601 2952 1677 βροντηδὸν
3010 1591 3417 1684 ἀναίγγὲλλουσα
3591 1591 3729 1672 ἆποέ

2085 1684 2336 1780 στολικὸν
2365 1688 2425 1742 ’ὀν
2475 1688 2765 1770 ἅπανταχῆ
2829 1695 3016 1771 μετῄει
3067 1701 3358 1776 πτερόεντα
3389 1700 3613 1780 δρόμον,
3641 1708 3731 1764 καὶ

2080 1773 2175 1871 τὸν
2205 1774 2378 1871 πολὺν
2408 1774 2634 1871 ἱδρῶτα,
2685 1783 2772 1871 καὶ
2822 1784 3053 1861 μόχθον,
3103 1773 3193 1844 καὶ
3246 1793 3347 1860 τήν
3376 1773 3434 1848 ἓν
3482 1773 3625 1871 ἔργω
3679 1819 3736 1854 τε

2006 1864 2173 1978 Βκαὲ
2229 1863 2383 1978 λόγιμ
2438 1865 2690 1978 δύναμιν,
2744 1869 2814 1928 δι’
3073 1879 3456 1978 κιηρυττομὲνη
3483 1863 3738 1960 θειοτάτη

2085 1954 2174 2008 καὶ
2205 1959 2479 2047 σωτήριος
2527 1957 2710 2016 πίστις
2744 1963 2998 2037 σημείοις
3027 1967 3116 2022 καὶ
3152 1954 3389 2047 γτὲρασιν
3444 1954 3544 2030 ’ὑπ’
3574 1954 3740 2033 αὐτοῦ

2082 2041 2401 2119 παραδόξως
2486 2047 2902 2126 ἔνεργουμένοις
2977 2041 3293 2116 ὲϐεόαιοῦτο
3356 2063 3448 2118 καὶ
3514 2061 3746 2122 ἐπλατύ-

2082 2154 2222 2226 νετο,
2273 2134 2362 2189 καί
2406 2135 2480 2199 ὡς
2532 2141 2566 2209 ἠ
2616 2143 2724 2195 τῶν
2769 2141 3056 2216 Ἑλλήνων
3091 2143 3511 2226 δεισιδαιμονία,
3543 2156 3633 2210 καὶ
3665 2155 3747 2212 εἵ-

2083 2219 2293 2294 δωλική
2368 2226 2628 2302 θρησκεία
2701 2232 2838 2286 κατά
2915 2233 3112 2310 κράτος
3194 2219 3574 2311 ἐστηλιτεύετο
3653 2244 3744 2301 καὶ

2080 2311 2390 2373 κατελύετο.
2455 2317 2569 2396 Ἐφ’
2629 2321 2712 2382 οἷς
2767 2317 2899 2396 δίγαν
2949 2327 3242 2403 ταραχθεὶς
3272 2330 3298 2384 ὁ
3331 2330 3624 2404 λυσσώδης
3655 2334 3746 2390 τύ-

2081 2421 2293 2498 ραννος,
2353 2405 2646 2498 θηριώδεις
2675 2410 2827 2498 τινὰς
2858 2413 2956 2482 τὴν
2987 2415 3235 2491 γνώμην,
3270 2418 3512 2498 Φάλαρίν
3559 2445 3618 2479 τε
3645 2425 3740 2480 καὶ

2079 2493 2309 2588 Ἒχετοᾼν
2341 2495 2466 2588 τοὺς
2500 2495 2586 2552 ἐπὶ
2621 2497 2890 2575 θηριωδίᾳ
2912 2504 3001 2558 καὶ
3035 2505 3388 2585 ἀσπλαγχνίᾳ
3433 2493 3522 2567 καθ
3579 2510 3740 2588 ὠμό-

2077 2601 2200 2673 τητι
2266 2583 2582 2673 βοωμένους
2644 2587 3028 2668 ὑπεραίροντας
3063 2637 3076 2664 ,
3157 2583 3449 2673 ἐξέπεμψεν
3512 2599 3566 2656 ἐν
3622 2583 3743 2666 τοῖς

2078 2671 2216 2745 πρὸς
2264 2673 2423 2742 ἥλιον
2459 2672 2685 2732 δύνοντα
2718 2680 2931 2756 μέρεσιν
2968 2681 3290 2759 ίχνηλατεῖν
3349 2671 3438 2743 καὶ
3472 2688 3745 2746 καταδιώ-

2077 2781 2188 2816 κειν
2221 2762 2311 2816 τὸν
2350 2766 2676 2840 θεοκήρυκα,
2734 2769 2824 2824 καὶ
2886 2768 2938 2826 εἷ’
2964 2792 3068 2828 που
3121 2777 3313 2832 τοῦτον
3371 2776 3599 2855 εὕροιεν,
3662 2780 3734 2836 εἷ’-

2077 2870 2248 2946 κοντα
2301 2851 2394 2924 μὲν
2448 2859 2566 2918 τοῖς
2627 2855 2936 2930 βασιλικοῖς
2993 2858 3251 2939 δόγμασι,
3311 2851 3743 2946 καὶ-λατρεύειν

2074 2945 2192 3001 τοῖς
2225 2937 2470 3014 δαίμοσι,
2521 2945 2608 2998 καὶ
2669 2945 2811 3002 θύειν
2846 2948 3204 3026 ἀνεχόμενον,
3232 2937 3444 3031 ῖτιμαῖς
3502 2937 3736 3035 καταγε-

2079 3028 2302 3122 ραίρειν,
2359 3031 2449 3122 καὶ
2509 3033 2582 3095 ὠς
2639 3035 2801 3092 αύθὸν
2859 3028 3330 3119 δορυφορούμενον
3391 3028 3662 3122 ἀνάγειν(

2080 3120 2156 3192 μὴ
2193 3119 2541 3225 ⁴πειθόμενον
2593 3124 2779 3192 αὐτόθι
2837 3131 2904 3203 τῇ
2979 3134 3075 3186 τοῦ
3133 3133 3319 3213 ξίφους
3375 3119 3729 3212 τιμωρεῖσθαι

2075 3225 2247 3281 τομη.

2149 3426 2282 3518 Τοῖς
2340 3425 2432 3480 οὗν
2463 3435 2807 3504 τυραννικοῖς
2856 3434 2909 3488 οἱ
2960 3440 3058 3490 τοῦ
3109 3433 3374 3496 διαϐόλου
3407 3442 3733 3518 θεράποντες

2078 3512 2405 3578 ἄθιωτάτοις
2434 3516 2890 3594 παροτρυνθέντες
2920 3527 3358 3602 προστάγμασιν,
3399 3512 3510 3586 οἷον
3565 3530 3727 3588 ’ίπποι

2075 3602 2820 3695 τινὶςῃοίστρηλατούμενοι,
2881 3611 3224 3682 ἢπειναλὲοι
3286 3625 3446 3695 θῆρες
3501 3619 3586 3676 ἐπὶ
3633 3624 3732 3693 θή-

2082 3701 2176 3766 ραν
2233 3691 2593 3787 ἐπειγόμενοι,
2648 3698 2783 3754 κατὰ
2838 3702 2939 3771 τὴν
2977 3701 3259 3777 Γαλλικὴν
3319 3691 3465 3772 ἔθεον
3526 3691 3743 3787 χώραν,

2080 3787 2324 3873 κακεῖθεν
2387 3782 2886 3862 ὀχλαγωγῆσαντες
2933 3790 3226 3868 ἀγελαίους
3284 3798 3436 3860 τινας
3497 3782 3586 3854 καὶ
3621 3782 3747 3873 '31):-

2087 3867 2245 3942 μίους
2277 3871 2409 3943 ἅμα,
2464 3875 2792 3946 κατεζήτουν
2824 3879 2913 3934 τὸν
2972 3880 3485 3958 παναοιδιμώτατον
3520 3889 3750 3968 θεοφάν-

2083 3977 2242 4031 τορα.
2296 3959 2394 4014 Καὶ
2446 3959 2512 4032 δὴ
2556 3967 3030 4040 καταμηνυθέντος
3090 3971 3254 4028 αὐτοῦ
3309 3996 3428 4041 τοις
3485 3959 3748 4042 διώκταις

2089 4047 2351 4143 ὑπάρχειν
2369 4047 2437 4143 ’ἐν
2452 4052 2754 4143 ΔΠαρισίοις
2776 4056 3042 4135 (πολίχνῃ
3063 4059 3207 4117 οὕτω
3224 4061 3590 4142 καλουμένῃ),
3617 4065 3749 4143 δρο-

2088 4135 2264 4210 μαίως
2341 4139 2735 4216 εἰσελάσαντες,
2807 4145 2978 4202 ἐκεῖσε
3043 4146 3344 4208 κατέλαϐον
3407 4135 3586 4212 ὰύτὸᾷ
3621 4135 3754 4214 ἀίιε-

2085 4223 2352 4324 λαύνοντα
2371 4231 2464 4285 τόν
2489 4249 2548 4286 τε
2567 4230 2665 4300 τῆς
2686 4231 3085 4311 εἷδωλομανίας
3108 4239 3314 4297 πλάνον
3346 4245 3438 4300 καὶ
3467 4245 3631 4324 ζόφον
3661 4251 3748 4321 τῷ

2081 4335 2139 4404 τε
2166 4323 2265 4404 τῆς
2296 4317 2555 4390 ἀληθείας
2585 4323 2920 4401 κηρύγματι,
2951 4327 3040 4384 καί
3070 4334 3148 4404 τῷ
3172 4339 3273 4403 τῆς
3303 4333 3449 4400 θείας
3479 4317 3748 4396 διδςιι-καξ

2084 4402 2205 4467 λίας
2227 4403 2608 4483 διαυγάσματι,
2643 4413 2731 4468 καὶ
2761 4420 2876 4478 τοῖς
2905 4421 3011 4472 τῶν
3045 4402 3334 4495 θαυμάτων
3375 4429 3752 4505 τερατοιργή-

2087 4515 2268 4568 μασιν.
2289 4497 2597 4576 Ὀφθαλμοῖ
2630 4501 2732 4577 γὰρ
2758 4505 2984 4582 τυφλῶν
3018 4503 3339 4583 ἀνὲϐλεπον,
3372 4497 3462 4569 καὶ
3495 4497 3620 4570 ὦτα.

2084 4605 2196 4677 φων
2221 4586 2536 4660 ἠνοίγοντο,
2558 4589 2905 4667 καὶγλῶσσαι
2935 4595 3261 4672 μογιλάλων
3286 4601 3632 4677 ἐτρανοῦντο,
3657 4607 3750 4662 καὶ

316 4688 419 4725 sus
453 4671 796 4726 claudorum
831 4673 1409 4744 constringebantur,
1431 4670 1850 4743 variisimorbis
1881 4675 1970 4730 ob-

2097 4660 2105 4663 _
2671 4660 2682 4667 τ
2935 4660 2946 4670 1
3023 4660 3033 4672 ι
3345 4660 3353 4677 Ι
3619 4660 3632 4674 ⁷
3682 4660 3709 4662 7—

2090 4673 2268 4750 βάσεις
2293 4675 2498 4752 χωλῶν
2522 4683 2960 4761 συνεσφίγγοντο,
2990 4687 3082 4742 καὶ
3113 4688 3387 4746 ποικίλων
3418 4695 3745 4768 νοσημάτων

315 4759 530 4830 stricti,
566 4760 878 4833 implorato
924 4762 1248 4817 Servatoris
1286 4760 1706 4832 omnipotentis
1739 4763 1979 4832 auxilio,

312 4865 419 4921 per
467 4849 826 4906 admiranda:
875 4850 1206 4906 sanctitatis
1255 4850 1384 4920 ejus
1439 4850 1776 4908 ministrum
1827 4853 1978 4910 mira

315 4939 648 5011 facientem,
694 4957 759 4996 ac
820 4941 880 4996 in
932 4937 1193 4994 tenebris
1241 4938 1584 5010 ignorantiae
1630 4941 1852 5013 positos
1902 4943 1973 5000 ad

316 5029 670 5100 cognitionis
703 5034 759 5084 et
809 5027 1020 5084 salutis
1071 5027 1263 5083 lucem
1315 5029 1722 5098 adducentem,
1757 5031 1974 5090 libera-

313 5118 551 5172 bantur.
590 5119 830 5174 Interim
875 5118 1029 5173 enim
1067 5117 1326 5174 ﬁdelium
1375 5118 1685 5177 multitudo
1717 5123 1971 5195 augeba-

313 5210 430 5272 tur,
465 5206 699 5278 Deoque
749 5224 850 5278 per
897 5205 1172 5275 Galliam,
1206 5225 1273 5263 ac
1317 5209 1689 5266 Germaniam
1740 5213 1970 5284 provin-

315 5295 464 5351 ciam
493 5296 804 5350 maximam
831 5293 1050 5366 templa
1073 5297 1504 5366 excitabantur;
1532 5317 1812 5356 numerus
1834 5320 1967 5360 vero

315 5384 863 5457 superstitiosorum
935 5386 1336 5454 decrescebat,
1391 5394 1447 5444 et
1512 5389 1964 5450 simulacrorum

315 5475 468 5530 386
510 5474 728 5546 templa
777 5475 1178 5543 diruebantur,
1213 5478 1508 5550 Belialque
1561 5479 1749 5536 hostis
1801 5487 1962 5553 pote-

313 5571 436 5621 stas
469 5567 526 5618 et
560 5564 718 5619 fraus
750 5563 1266 5637 conculcabantur,
1302 5567 1469 5638 isque
1499 5569 1556 5622 in
1591 5569 1961 5642 triumphum

315 5654 658 5710 ducebatur.
693 5655 1080 5720 Quamobrem
1127 5656 1306 5711 miser
1337 5675 1450 5712 non
1503 5658 1693 5714 ferens
1726 5677 1961 5718 cernere

313 5760 481 5799 suam
516 5742 704 5812 ipsius
745 5745 1060 5814 potentiam
1096 5744 1361 5814 dissolvi,
1394 5746 1726 5804 obcdienles
1759 5755 1816 5806 et
1849 5753 1956 5806 mi‘

2087 4763 2430 4856 ἀσθενοῦντες
2461 4765 2960 4850 ἠλευθεροῦντο,τῇ
2987 4780 3084 4831 τοῦ
3113 4763 3749 4856 παντοδυνάμουῗλῖωτῆ-

2088 4873 2182 4928 ρος
2213 4854 2521 4946 ἐπικλήσει,
2556 4856 2646 4915 διὰ
2672 4865 2768 4917 τοῦ
2801 4864 3253 4939 θαυμασιωτάτου
3297 4854 3620 4946 θεράποντες
3651 4854 3751 4930 αύ-

2083 4949 2180 4999 τοῦ
2207 4945 2804 5024 παραδοξοποιοῦντος,
2830 4955 2920 5010 καὶ
2950 4954 3078 5021 τοὺς
3111 4957 3164 5015 ἐν
3184 4945 3368 5016 σκότει
3394 4968 3493 5034 τῆς
3523 4964 3748 5039 ἀγνοίας

2082 5035 2425 5129 καθημένους
2453 5041 2942 5118 προσκαλούμενου
2991 5047 3128 5122 πρὸς
3173 5049 3234 5104 τὸ
3294 5046 3408 5126 φῶς
3464 5035 3749 5129 τῆς-γνώ-

2084 5145 2218 5188 σεως
2281 5128 2370 5182 καὶ
2434 5130 2728 5206 σωτηρίας·
2796 5132 2884 5189 ἐπὶ
2939 5135 3156 5202 τούτοις
3204 5138 3308 5217 γὰρ
3365 5145 3476 5197 τῶν
3529 5128 3744 5199 πιστῶν

2080 5214 2114 5284 ἡ
2152 5213 2377 5304 ,πληθὺς
2407 5216 2690 5290 ηὐξάνετο,
2729 5223 2819 5279 καὶ
2872 5227 2987 5281 ναοὶ
3016 5231 3098 5300 τῷ
3138 5213 3254 5303 Θεῷ
3281 5213 3435 5286 κατὰ
3483 5228 3747 5304 Γαλλίαν,

2077 5303 2694 5397 καί-1“ερμανίαν,-τήν
2763 5313 3025 5388 μεγίστην
3093 5316 3382 5395 ἐπαρχίαν,
3433 5303 3747 5397 ἠγείροντοέ

2078 5393 2105 5447 ὁ
2145 5390 2209 5480 δὲ
2264 5400 2371 5450 τῶν
2407 5393 2825 5474 δεισιδαιμόνων
2869 5403 3107 5480 ἀριθμὸς
3154 5390 3608 5477 ἠλαττοῦτοξκαὶ
3639 5417 3748 5468 τῶν

2083 5479 2331 5539 εἰδώλων
2362 5487 2412 5541 οἱ
2444 5488 2602 5558 σηκοὶ
2625 5490 3212 5568 κατερῥιπτοῦντο,καὶ
3244 5497 3278 5566 ἡ
3304 5501 3400 5552 τοῦ
3423 5497 3622 5577 Βελίαρ
3653 5507 3754 5558 τοῦ

2074 5569 2375 5647 δυσμενοῦς
2457 5574 2743 5636 δυναστεία
2818 5583 2908 5637 καὶ
2980 5583 3156 5657 ἀπάτη
3229 5593 3580 5644 κατεπατεῖτο
3654 5595 3747 5648 καὶ

2069 5659 2478 5752 ἐθριαμῦεύετο.
2509 5669 2588 5722 Δι’
2619 5669 2646 5722 ὃ
2681 5670 2757 5742 μὴ
2811 5673 2989 5747 φέρων
3021 5673 3442 5750 καταλυομένην
3477 5679 3605 5752 ὀρᾷν
3637 5683 3709 5751 τὴ

2069 5751 2260 5809 tauros
2284 5749 2508 5830 δύναμιν
2534 5755 2561 5810 ὁ
2594 5753 2990 5835 δείλαιος,τοὺς
3016 5758 3292 5835 ὑπηκόους
3313 5763 3402 5821 καὶ
3426 5749 3748 5844 ὑπουργοῦς
